4262 6446
720 279 822 341 443

1947 278 2358 337 NICEPIIORI
2402 279 2615 336 GALLI
2630 277 2747 335 S'i'l

3856 276 3965 342 ιιι

721 393 868 461 quod
919 407 1138 448 crucem
1191 401 1401 447 tantum
1456 390 1687 445 adorare
1715 398 1771 445 et
1798 391 1980 447 colere
2013 393 2288 445 dicantur.
2322 394 2363 449 Δ

2324 394 2365 449 Α
2396 389 2490 457 ρδν
2524 389 2705 457 μόνον,
2744 388 2818 449 ὦς
2848 406 3004 456 φασι,
3037 388 3129 440 καὶ
3149 387 3516 453 προσκυνοῦσι
3558 387 3653 440 καὶ
3688 389 3957 445 σέϐονται.

721 484 822 549 Qui
865 500 995 538 sane
1054 499 1151 551 per
1205 482 1389 538 omnia
1453 483 1560 536 illis
1609 483 2038 547 consentientes,
2074 498 2132 537 re
2168 483 2286 551 eju-

722 575 962 629 secmodi
1009 575 1243 629 maxime
1308 590 1336 627 a
1391 574 1556 629 sectis
1601 573 1820 636 talibus,
1848 585 1901 628 et
1937 573 2202 629 Jacobitis
2234 574 2287 627 in

723 669 935 737 primis,
973 668 1265 722 dissentire
1298 667 1573 721 videntur.
1615 667 1756 733 Quin
1785 675 1841 721 et
1869 667 1957 720 isti
1986 682 2090 720 non
2124 683 2287 721 unam

725 761 954 815 confuse
1013 769 1284 821 naturam,
1335 762 1479 815 sicut
1534 760 1634 823 illi,
1678 761 1731 812 in
1761 758 1985 814 Christo
2017 774 2138 814 esse
2170 759 2289 827 opi-

725 858 947 912 nantur,
998 848 1093 903 sed
1146 848 1281 902 duas
1312 864 1326 906 :
1361 848 1820 916 quemadmodum
1879 858 1935 902 et
1965 864 2084 902 nos.
2117 848 2289 903 Caete-

723 954 845 991 rum
874 938 1036 991 aliam
1062 938 1401 1007 pcregrinam
1435 936 1772 1005 impietatem
1814 951 2096 1004 perperam
2126 936 2289 989 indu-

722 1044 877 1086 cunt.
939 1032 1066 1099 quia
1132 1029 1269 1083 duas
1335 1044 1597 1098 personas
1645 1031 1698 1083 in
1760 1044 1868 1083 uno
1910 1018 2135 1083 Christo
2166 1045 2289 1084 esse

720 1115 886 1187 835
943 1117 1299 1170 fabulanlium
1385 1134 1537 1173 more
1616 1120 2121 1190 nugantur:juxta
2180 1119 2291 1172 An-

730 1207 1147 1274 thropolatram,
1200 1207 1248 1259 ἰίΙ
1309 1218 1413 1273 est,
1448 1209 1722 1263 hominem
1744 1210 2060 1264 adorantem
2094 1211 2291 1265 Nesto-

722 1298 899 1361 rium;
941 1298 1012 1351 ita
1047 1310 1104 1352 ut
1131 1301 1404 1368 passionis
1450 1312 1694 1370 tempore
1744 1304 1971 1377 alteram
1997 1319 2285 1372 personam

724 1387 778 1439 in
806 1402 967 1440 cruce
1004 1403 1245 1456 passam,
1283 1390 1505 1443 alteram
1550 1402 1730 1444 autem
1753 1392 1821 1445 ab
1850 1406 1911 1443 ea
1947 1402 2287 1460 Segregatam

724 1478 953 1531 seorsim
988 1478 1229 1541 stetisse,
1265 1481 1644 1548 paSsionisque
1704 1482 2081 1549 spectatricem
2119 1482 2287 1535 fuisse

725 1565 932 1620 dicant.
983 1568 1211 1636 Insuper
1272 1570 1376 1622 alia
1457 1585 1674 1637 quoque
1743 1572 1961 1638 generis
2015 1572 2284 1641 ejusdem,

726 1660 1007 1728 impietate
1066 1661 1214 1714 omni
1274 1663 1471 1715 referta
1546 1663 1912 1718 deblaterant.
1978 1666 2156 1732 Atque
2210 1664 2284 1718 illi

724 1752 943 1819 quidem
1006 1768 1154 1806 nunc
1210 1769 1272 1806 ex
1327 1753 1643 1817 traditione,
1716 1771 1837 1824 qua:
1891 1756 2101 1808 rationm
2136 1754 2284 1807 nulla
2322 1726 2363 1783 Β

724 1841 942 1908 nititur,
974 1843 1087 1897 hac
1144 1845 1374 1897 faciunt.
1433 1844 1655 1898 Veteres
1683 1855 1865 1897 autem
1895 1860 2086 1897 eorum
2120 1846 2286 1912 legis-

724 1932 930 1986 latores
976 1942 1033 1984 et
1074 1934 1349 1997 doctores,
1385 1950 1592 2003 magna:
1624 1936 1895 1990 Armenize
1958 1934 2285 2005 Gregorium

729 2025 880 2077 illum
928 2027 1252 2090 antistitem,
1305 2029 1444 2081 ritus
1495 2030 1827 2094 ejnscemodi
1861 2030 1943 2084 eis
1971 2046 2068 2098 per
2096 2045 2289 2082 manus

728 2117 1038 2177 tradidisse,
1070 2120 1405 2173 calumniose
1455 2120 1659 2189 jactant
1684 2138 1694 2171 :
1719 2121 1951 2172 maxime
1981 2136 2110 2173 vero
2140 2122 2292 2175 obla-

730 2209 934 2259 tionem
995 2224 1264 2278 azymam,
1322 2219 1378 2263 et
1401 2210 1605 2279 absque
1636 2227 1773 2280 aqua
1804 2213 2080 2281 poculum,
2121 2229 2287 2280 ιιι-ομ-

725 2308 876 2353 terea
939 2302 1084 2367 quod
1142 2302 1195 2354 in
1265 2304 1491 2372 mystica
1538 2303 1630 2356 illa
1659 2318 1815 2358 cmna
1846 2321 2092 2373 azymum
2126 2306 2288 2356 etiam

729 2391 1135 2447 sacriﬁciumet
1171 2393 1355 2446 vinum
1388 2394 1562 2447 solum
1609 2395 1793 2448 fuerit.
1832 2394 2075 2460 Quarum
2107 2412 2289 2448 rerum

726 2481 929 2535 nullam
980 2485 1279 2550 apostolica
1344 2484 1584 2539 Ecclesia
1617 2486 1878 2547 admittit,
1908 2499 2148 2541 veterem
2178 2498 2291 2541 tra-

727 2574 990 2627 ditionem
1028 2576 1270 2644 legitime
1298 2592 1560 2631 servaus.
1599 2577 1769 2631 Porro
1801 2578 1867 2631 de
1892 2579 2105 2648 jejunio
2141 2579 2291 2630 Arzi-

728 2665 846 2718 huri
912 2667 1255 2737 interrogati,
1312 2671 1646 2739 quandoque
1696 2679 1919 2739 propter
1946 2670 2294 2737 Adamipro-

729 2757 1080 2825 scriptionem
1136 2774 1255 2814 eam
1313 2775 1371 2815 se
1431 2776 1679 2825 servare,
1715 2761 2045 2831 quandoque
2075 2770 2297 2830 propter

730 2848 1022 2912 Ninivitas,
1087 2849 1299 2905 dicunt.
1353 2852 1759 2923 Nonnunquam
1821 2869 1952 2908 vero
2001 2868 2124 2907 eam
2173 2868 2297 2907 esse

732 2940 994 3003 referunt,
1026 2959 1132 3012 qua
1156 2944 1286 2999 olim
1311 2960 1369 3000 se
1384 2944 1628 3000 Armenii
1658 2962 1686 2999 a
1717 2946 1856 3001 cibis
1880 2947 2293 3011 abstinuerunt,

730 3046 856 3084 cum
905 3032 1167 3101 baptizari
1222 3050 1251 3087 a
1301 3044 1488 3089 sancto
1526 3036 1791 3105 Gregorio
1816 3036 2144 3091 debuerunt.
2178 3035 2294 3089 Ali-

732 3123 953 3191 quando
1011 3126 1177 3178 etiam
1225 3111 1496 3181 celebrari
1532 3127 1585 3179 id
1613 3135 1890 3191 asserunt,
1927 3134 2153 3196 propter
2178 3127 2304 3180 Ser-

732 3216 880 3281 gium
934 3215 1246 3284 quemdam,
1310 3217 1405 3286 qui
1460 3218 1587 3270 olim
1646 3220 1791 3283 apud
1822 3234 1918 3273 eos
1940 3220 2203 3288 martyrio
2232 3219 2304 3274 sit

734 3307 1064 3361 defunctus:
1097 3323 1277 3363 veram
1328 3310 1448 3381 ejus
1500 3310 1765 3381 originem
1814 3318 1868 3365 et
1894 3325 2113 3365 causam
2150 3326 2304 3365 com-

736 3414 1040 3454 memorare
1081 3402 1468 3467 detrectantes,
1529 3417 1651 3472 qua:
1706 3403 1980 3473 ejusmodi
2036 3412 2141 3458 est.
2174 3402 2306 3457 Ser-

736 3493 858 3558 gius
907 3494 1129 3562 quidam
1186 3495 1330 3563 apud
1393 3510 1491 3550 eos
1523 3496 1712 3551 doctor
1736 3511 1923 3550 canem
1954 3496 2167 3559 habuit,
2192 3509 2300 3563 quo

739 3585 829 3637 iile
858 3602 884 3636 ιι
923 3585 1167 3640 ἀωιηοιιε
1197 3588 1421 3657 agitato,
1449 3588 1747 3659 plurimum
1769 3589 2043 3643 adventus
2083 3590 2168 3643 sui
2207 3589 2302 3642 de-

737 3676 1012 3745 signatore
1068 3687 1234 3749 atque
1292 3679 1473 3735 indice
1524 3696 1658 3736 usus
1708 3692 1816 3736 est.
1876 3682 2015 3736 Huic
2049 3680 2304 3735 Arzibnri

740 3783 939 3821 nomen
990 3769 1210 3836 indidit,
1262 3772 1406 3842 quod
1438 3770 1827 3826 Armeniorum
1858 3773 2042 3843 lingua
2079 3774 2306 3825 manda—

743 3871 916 3916 torem
946 3864 1235 3933 signiﬁcat.
1254 3864 1406 3919 .Cum
1431 3879 1562 3933 ergo
1603 3865 1659 3919 in
1712 3865 1933 3934 oppidis
1962 3877 2019 3919 et
2048 3866 2185 3919 vicis
2212 3868 2307 3919 ha-

741 3956 980 4023 bitantes
1001 3956 1256 4024 discipuli
1287 3964 1343 4010 et
1372 3965 1670 4010 sectatores
1717 3957 1838 4026 ejus
1873 3972 2063 4010 canem
2102 3972 2306 4026 pmice-

742 4050 963 4103 dentem
1028 4048 1302 4113 viderent,
1355 4048 1571 4103 obviam
1602 4049 1681 4103 illi
1717 4051 1976 4119 magistro
2002 4064 2103 4104 suo
2132 4051 2304 4110 ibant.

744 4140 1107 4209 euindemque
1150 4149 1458 4209 praeeuntes
1513 4139 1908 4209 producebant.
1970 4140 2170 4194 Evenit
2199 4156 2301 4193 au-

747 4242 875 4297 tem,
924 4244 984 4285 ut
1047 4247 1237 4287 canem
1285 4231 1450 4300 lupus
1511 4233 1813 4286 devorarit.
1846 4232 1913 4285 Et
1940 4230 2165 4301 Sergius
2191 4241 2313 4301 post

742 4339 870 4377 cum
928 4324 1095 4385 diem,
1147 4338 1257 4392 quo
1311 4338 1501 4377 canem
1556 4324 1915 4393 praemiserat,
1967 4324 2033 4379 ad
2083 4340 2178 4379 eos
2203 4340 2312 4394 quo

2392 480 2455 531 Οἳ
2480 480 2542 550 δὴ
2578 480 2832 533 καθάπαν
2867 483 3047 541 αὐτοῖς
3081 480 3507 548 συμφερόμενοι,
3576 481 3793 542 τούτοις
3852 482 3957 550 μά-

2391 569 2545 621 λιστα
2568 571 2850 637 διαφέρειν
2892 570 3129 632 δοκοῦσι,
3192 571 3286 622 καὶ
3346 569 3548 637 μᾶλλον
3597 571 3961 632 Ἰακωδίταις.

2391 657 2464 710 Ού
2505 661 2615 729 γὰρ
2646 662 2773 730 μίαν
2806 661 2901 712 καὶ
2939 656 3086 714 οὗτοι
3127 661 3290 729 φύσιν
3313 663 3656 729 συγχυτικῶς
3711 663 3787 724 ὡς
3819 664 3964 714 ἐκεῖ·

2391 766 2469 799 νοι
2502 751 2596 802 ἐπὶ
2629 752 2866 819 Χριστοῦ
2896 752 3340 819 δογματίζουσιν,
3388 751 3523 803 ἀλλὰ
3567 751 3679 808 δύο.
3711 752 3965 820 καθάπερ

2392 843 2575 911 ἡμεῖς.
2606 843 2807 911 ’Ἄλλην
2836 842 2892 894 δὲ
2924 843 3080 910 ξένην
3114 824 3367 894 ἀσέϐειαν
3418 844 3835 910 παρεισάγουσι,
3871 843 3965 894 δύο

2392 934 2659 1002 πρόσωπα
2691 934 3117 1002 μυθολογοῦντες
3150 935 3240 986 ἐπὶ
3267 933 3361 986 τοῦ
3384 936 3498 995 ὲνδς
3521 932 3789 1002 Χριστοῦ,
3821 933 3964 985 κατά

2390 1027 2483 1078 τὸν
2515 1026 2961 1095 ἀνθρωπολάτριν
3024 1028 3338 1095 Νεστόριον·
3395 1027 3471 1089 ὠς
3517 1028 3611 1078 καὶ
3666 1028 3817 1094 παρὰ
3869 1029 3963 1078 τὸν

2392 1119 2582 1188 καιρὸν
2610 1118 2701 1171 τοῦ
2734 1121 2941 1181 πάθους
2990 1119 3177 1186 ἕτερον
3234 1119 3521 1186 πρόσωπον
3581 1119 3680 1186 μὲν
3709 1116 3846 1170 εἶναι
3906 1118 3964 1169 τὸ

2391 1211 2600 1278 πάσχον
2626 1211 2717 1262 ἐπὶ
2758 1208 3013 1276 σταυροῦ,
3041 1210 3231 1279 ἕτερον
3283 1210 3340 1263 δὲ
3379 1210 3439 1261 τὸ
3488 1208 3688 1273 ἔξωθεν
3732 1227 3967 1277 κεχωρι-

2393 1302 2611 1368 σμένως
2649 1300 2935 1367 ἱστάμενον
2980 1301 3074 1352 καὶ
3123 1298 3185 1350 τὸ
3239 1298 3409 1358 πάθος
3459 1299 3621 1365 ὀρῶν.
3657 1300 3765 1349 Καὶ
3826 1298 3963 1351 ἄλλα

2390 1390 2619 1443 τοιαῦτα
2648 1389 2875 1458 ληροῦσι
2910 1391 3090 1458 πάσης
3114 1388 3433 1451 δυσσεϐείας
3483 1389 3790 1454 ἀνάμεστα.
3851 1390 3963 1441 Καὶ

2392 1484 2441 1535 οί
2482 1484 2583 1551 μὲν
2617 1481 2712 1533 νῦν
2742 1481 2802 1545 ἐξ
2825 1482 3018 1548 ἀλόγου
3048 1482 3395 1551 παραδόσεως
3428 1483 3493 1533 τά
3520 1479 3744 1532 τοιαῦτα
3780 1480 3962 1532 ποιοῦ-

2394 1589 2501 1626 σιν·
2538 1574 2588 1625 οἱ
2617 1568 2919 1642 δὲ’άρχαίοι
2966 1571 3148 1625 αὐτῶν
3176 1571 3464 1641 νομοθέται
3494 1573 3590 1623 καὶ
3638 1571 3952 1640 καθηγηταὶ

2391 1665 2483 1719 τὸν
2515 1665 2615 1732 τῆς
2646 1666 2887 1734 μεγάλης
2917 1664 3205 1732 Ἀρμενίας
3234 1661 3630 1729 συκοφαντοῦσι
3657 1662 3962 1731 ι’ρηγὸριον

2389 1756 2459 1808 τά
2482 1756 2708 1809 τοιαῦτα
2751 1754 3187 1821 παραδεδωκέναι
3223 1754 3433 1816 αὐτοῖς·
3466 1752 3563 1805 καὶ
3597 1752 3836 1821 μάλιστα
3858 1750 3961 1818 τὴν

2390 1854 2599 1921 ἄζυμον
2629 1850 2945 1921 προσφορὰν
2991 1849 3087 1901 καὶ
3132 1850 3191 1901 τὸ
3242 1850 3410 1918 χωρὶς
3462 1848 3607 1900 οἴνου
3662 1849 3957 1915 ποτήριον·

2389 1942 2476 1995 διὰ
2516 1942 2578 1995 τὸ
2610 1945 2701 1997 καὶ
2728 1943 2784 1994 ὲν
2826 1940 2902 2011 τῷ
2958 1940 3207 2010 μυστικῷ
3236 1940 3441 2008 δείπνῳ
3468 1938 3674 2008 ἄζυμον
3717 1940 3815 2009 τὴν
3869 1938 3964 1991 θυι

2395 2038 2516 2089 σίαν
2542 2032 2708 2099 εἶναι,
2751 2035 2841 2088 καὶ
2888 2031 3031 2087 οἶνον
3066 2035 3473 2103 μεμονωμένον·
3498 2027 3569 2085 ὧν
3597 2034 3802 2102 ούδὲνή
3831 2035 3966 2085 ἀπο·

2394 2129 2612 2196 στολικὴ
2658 2126 2957 2196 Ἐκκλησία
2998 2126 3304 2196 προσίεται,
3359 2127 3458 2193 τὴν
3513 2125 3745 2193 ἀρχαίαν
3787 2126 3965 2192 παρά-

2391 2219 2537 2272 δοσιν
2563 2219 2846 2288 ὲνθέσμως
2896 2219 3262 2287 φυλάττουσα.
3317 2217 3699 2287 Ἐρωτὼμενοι
3757 2215 3815 2267 δὲ
3869 2215 3965 2267 καὶ

2395 2312 2521 2376 περὶ
2553 2312 2650 2379 τῆς
2681 2310 2774 2362 τοῦ
2819 2308 3209 2379 Ἀρτζιϐούρου
3240 2310 3519 2377 νηστείας,
3555 2308 3777 2373 λέγουσι
3831 2306 3964 2357 ποτὲ

2397 2398 2494 2467 μὲν
2522 2398 2608 2450 διὰ
2637 2399 2736 2466 τὴν
2777 2398 2948 2465 Ἀδὰμ
2985 2398 3199 2466 ἐξορῖαν
3239 2397 3442 2462 ταύτην
3485 2395 3797 2463 νηστεύειν·
3834 2394 3964 2444 ποτὲ

2398 2489 2496 2557 μὲν
2532 2490 2617 2542 διά
2651 2492 2777 2550 τοὺς
2802 2488 3090 2549 Νινευῖτας
3132 2489 3281 2554 φασί·
3337 2488 3466 2538 ποτὲ
3512 2487 3568 2538 δὲ
3620 2487 3826 2553 ταύτην
3889 2479 3969 2537 εἴ-

2396 2598 2503 2645 ναι,
2558 2582 2626 2652 ἢν
2658 2582 2823 2635 πάλαι
2852 2585 2973 2635 ποτ’
3012 2583 3346 2649 ὲνήστευσαν
3399 2580 3449 2630 οἱ
3477 2578 3781 2648 Ἀρμένιοι,
3839 2576 3969 2644 μέλ-

2394 2678 2577 2740 λοντες
2603 2677 2709 2729 ύπδ
2738 2676 2833 2729 τοῦ
2868 2676 3025 2744 ἁγίου
3075 2676 3381 2744 Γρηγορίου
3439 2672 3821 2743 βαπτίζεσθαι·
3874 2669 3969 2723 ἂλ-

2397 2766 2517 2819 λοτε
2541 2768 2597 2819 δὲ
2629 2768 2718 2821 διά
2743 2784 2863 2819 τινα
2893 2767 3122 2836 Σέργιον
3156 2768 3324 2819 πάλαι
3354 2763 3486 2817 ποτὲ
3512 2765 3569 2817 ἐν
3605 2764 3789 2823 αὐτοῖς
3822 2777 3968 2829 μαρ-

2397 2861 2709 2926 τυρήσαντα
2764 2859 2865 2927 τὴν
2935 2858 3108 2925 ἀληθῆ
3173 2857 3355 2908 αἰτίαν
3409 2855 3777 2914 ἐκκλίνοντες,
3849 2854 3972 2921 ἣτις

2398 2948 2547 3001 ἐστὶν
2604 2948 2763 3016 αῦτη.
2802 2948 3028 3017 Σέργιός
3063 2964 3147 3007 τις
3211 2945 3531 3015 καθηγητὴς
3619 2943 3751 3013 παρ’
3783 2944 3967 3004 αὐτοῖς

2324 3061 2371 3124 C
2403 3038 2539 3092 κύνα
2568 3038 2692 3090 τινὰ
2719 3038 3041 3107 ἐπεφέρετο·
3079 3029 3124 3103 ᾦ
3152 3035 3257 3089 ὑπὸ
3284 3036 3537 3105 δαίμονος
3593 3034 3972 3102 ὲνεργουμέυῳ

2407 3129 2473 3180 τά
2503 3126 2674 3178 πολλὰ
2703 3128 2730 3178 ὁ
2762 3127 2986 3196 Σέργιος
3028 3124 3126 3193 τῆς
3166 3125 3327 3177 αὐτοῦ
3393 3125 3698 3194 παρουσίας
3753 3126 3969 3191 μηνυτῇ

2405 3218 2627 3287 ἐχρῆτο·
2673 3216 2732 3269 ὃν
2782 3214 3247 3285 Ἀρτζιϐούρτζην
3283 3216 3490 3267 ἐκάλει·
3528 3216 3616 3267 τὸν
3666 3215 3974 3284 μανδάτορα

2404 3309 2462 3361 δὲ
2495 3309 2646 3376 παρά
2687 3309 3051 3379 Ἀρμενίοιςή
3100 3306 3243 3370 λέξις
3272 3306 3444 3376 δηλοῖ.
3485 3308 3757 3374 ὐπηνίκα
3794 3305 3976 3355 τοίνυν

2406 3402 2455 3453 οἱ
2487 3404 2544 3453 ἐν
2572 3400 2871 3469 πολιχνίοις
2900 3402 2993 3452 καὶ
3024 3398 3240 3468 κώμαις
3263 3398 3543 3461 οίκοῦντες
3575 3397 3741 3450 αὑτοῦ
3795 3396 3976 3465 μαθηο

2406 3497 2499 3545 ταὶ
2530 3496 2619 3545 τὸν
2652 3494 2793 3546 κύνα
2849 3492 3113 3561 προϊόντα
3165 3490 3375 3561 ἑώρων,
3409 3492 3488 3553 εἱς
3536 3491 3839 3560 ἀπάντησιν
3878 3490 3976 3542 τοῦ

2410 3586 2559 3653 σφῶν
2585 3584 2907 3637 διδασκάλου
2956 3583 3203 3654 ἐξῄεσαν,
3257 3583 3718 3653 προῦπαντῶντες
3770 3582 3974 3634 αὐτόν·

2410 3676 2622 3740 συμϐὰν
2650 3676 2706 3728 δὲ
2735 3675 2823 3728 τὸν
2859 3675 2997 3727 κύνα
3029 3674 3177 3742 λύκῳ
3205 3673 3505 3743 βρωθῆναι,
3552 3676 3580 3726 ὁ
3612 3673 3843 3743 Σέργιος
3876 3670 3977 3741 βα-

2409 3768 2561 3831 δίσας
2597 3768 2715 3837 μετ’
2753 3769 2968 3836 ἐκείνην
3010 3768 3110 3835 τὴν
3145 3767 3361 3837 ἡμέραν
3405 3765 3533 3817 καθ’
3569 3764 3634 3836 ἢν
3689 3752 3781 3816 τὸν
3838 3764 3978 3813 κύνα

2411 3859 2738 3931 προύπεμψε
2802 3860 2939 3929 πρὸς
3014 3863 3107 3922 οὓς
3173 3858 3480 3925 ἀπεστάλη,
3544 3856 3745 3925 καὶμὴ
3797 3856 3980 3923 εὑρὼν

2411 3954 2851 4020 ύπαντήσαντας,
2888 3952 3098 4021 βαρέως
3127 3950 3187 4003 τὸ
3259 3951 3473 4018 συμϐὰν
3512 3951 3764 4020 ἧνεγκεν.
3826 3949 3981 4001 Ἐπεὶ

2410 4046 2455 4098 δ’
2481 4047 2538 4107 ις
2568 4044 2795 4115 ὕστερον
2828 4043 2989 4112 μάθοι
3024 4043 3098 4103 ὡς
3119 4042 3464 4111 λυκόϐρωτος
3501 4044 3528 4094 ὁ
3552 4042 3700 4092 κύων
3733 4042 3979 4106 ἐγένετο,

2412 4134 2691 4199 διετάξατο
2726 4134 3031 4203 Ἀρμενίοις
3054 4131 3174 4184 καθ’
3202 4131 3433 4183 ἕκαστον
3496 4132 3739 4182 ὲνιαυτεον
3763 4134 3820 4181 ἐν
3849 4130 3983 4199 ὡρι-

2416 4224 2643 4293 σμέναις
2671 4225 2906 4293 ἡμέραις
2941 4222 3221 4290 νηστεύειν
3255 4222 3393 4291 ὑπὲρ
3417 4220 3517 4291 τῆς
3548 4220 3640 4273 τοῦ
3674 4222 3835 4283 κυνὸς
3884 4222 3983 4272 αὑ-

2416 4316 2510 4368 τοῦ
2540 4317 2812 4381 τελευτῆς·
2843 4316 2936 4366 καὶ
2971 4314 3265 4383 κατηφιᾷν,
3298 4313 3391 4364 καὶ
3423 4312 3867 4380 σκυθρωπάζειν,
3899 4313 3982 4364 ὅτι

750 4416 838 4467 ille
875 4415 1093 4472 missus
1143 4414 1340 4475 fuerat,
1393 4414 1671 4482 profectus
1718 4424 1823 4480 est,
1879 4425 1936 4470 et
1966 4430 2115 4479 cum,
2141 4417 2231 4484 qui
2259 4413 2310 4469 ei
2345 4403 2363 4456 Ι

2345 4403 2388 4456 D
2416 4408 2474 4459 τὸ
2502 4408 2754 4459 τοσοῦτον
2778 4405 2979 4472 ἀγαθὸν
3008 4407 3072 4457 ὲκ
3134 4406 3300 4474 μέσου
3338 4404 3576 4471 ἐγένετο.
3635 4404 3744 4456 Καὶ
3774 4404 3835 4454 τὸ
3887 4403 3982 4454 τοῦ

750 4510 843 4560 oln
858 4506 962 4559 iam
998 4506 1267 4574 prodiret,
1310 4505 1581 4559 inveniret
1609 4509 1906 4570 neminem,
1939 4508 2181 4577 graviter
2196 4523 2314 4562 eam

753 4614 868 4653 rem
930 4599 1076 4653 tulit.
1103 4598 1172 4652 At
1232 4607 1520 4669 postquam
1555 4602 1759 4653 certior
1792 4597 1968 4653 factus
1984 4608 2086 4661 est,
2114 4614 2143 4653 a
2186 4600 2317 4669 lupo

751 4707 940 4747 canem
994 4691 1315 4746 deVuratum
1370 4705 1513 4755 esse,
1581 4690 1858 4746 Armeniis
1924 4691 2228 4757 mandavit,
2255 4700 2318 4746 ut

752 4785 1067 4850 quotannis,
1136 4783 1336 4838 diebus
1405 4784 1583 4847 statis,
1636 4783 1709 4837 ob
1764 4783 1917 4839 canis
1947 4785 2070 4854 ejus
2101 4785 2316 4839 obitum

750 4878 1081 4946 jejunarent,
1122 4875 1395 4943 lugerent,
1458 4883 1622 4943 atque
1675 4885 1977 4929 maererent
2010 4892 2025 4928 :
2056 4876 2201 4945 quod
2231 4876 2319 4931 vi-

756 4970 956 5024 delicet
1008 4976 1218 5022 tantum
1284 4967 1488 5020 bonum
1532 4982 1565 5021 e
1624 4966 1808 5020 medio
1850 4968 2124 5023 sublatum
2148 4977 2316 5023 esset.

756 5064 1075 5130 Nomenque
1132 5060 1290 5114 canis
1331 5058 1543 5130 jejunio
1589 5059 1666 5124 ei,
1727 5059 2058 5115 Arziburum
2119 5075 2321 5131 cogno-

760 5157 1053 5220 minantes,
1106 5153 1507 5220 imposuerunt.
1571 5150 1680 5207 Sed
1732 5152 2002 5206 hactenus
2027 5152 2096 5206 de
2137 5152 2324 5207 Mono-

760 5246 1015 5318 physitis,
1069 5254 1128 5301 et
1182 5244 1493 5307 Tritheitis,
1535 5253 1590 5298 et
1650 5244 1932 5313 Agnoetis,
1985 5253 2040 5298 et
2075 5243 2323 5315 Theopa-

763 5338 977 5401 schitis,
1003 5345 1169 5406 atque
1188 5334 1734 5405 Aphthartodocetis,
1756 5335 1823 5389 de
1845 5335 2045 5404 quibus
2073 5340 2325 5404 proximo

764 5433 906 5486 libro
955 5430 1129 5484 fusius
1178 5428 1522 5497 scripsimus,
1562 5435 1727 5495 atque
1759 5427 1889 5480 item
1923 5428 1991 5480 de
2022 5427 2323 5493 Jacobitis,

766 5522 1062 5584 Armeniis,
1124 5530 1178 5573 et
1232 5517 1591 5579 Chazizariis,
1619 5526 1674 5569 et
1704 5517 1850 5580 aliis,
1891 5517 2059 5586 886
2086 5533 2324 5586 quorum

770 5616 924 5668 multi
970 5612 1349 5681 superioribus
1387 5608 1730 5672 temporibus
1755 5609 1923 5662 duces
1949 5609 2100 5662 l'ucre
2138 5619 2195 5664 et
2225 5612 2325 5663 do-

772 5716 968 5767 cturus,
1024 5701 1263 5757 Ncslurii
1336 5700 1581 5769 quidam,
1628 5697 1980 5768 Eutychetes,
2050 5699 2321 5765 Dioscuri,

2415 4499 2574 4561 κυνὸς
2597 4498 2767 4566 ὄνομα
2799 4500 2865 4567 τῇ
2902 4495 3129 4566 νηστείᾳ
3175 4498 3363 4566 ἐκείνῃ
3418 4495 3700 4558 ἐπέθεντο,
3761 4495 3982 4562 ’Δρτζι-

2417 4588 2686 4657 σούρτςην
2733 4588 3230 4655 κατονομάσαντες.
3278 4585 3416 4638 Ἀλλ’
3448 4590 3507 4636 ὲν
3549 4584 3759 4645 τούτοις
3789 4586 3888 4651 μὲν
3914 4586 3983 4637 τά

2418 4682 2523 4735 τῶν
2554 4672 2941 4748 Μονοφυσιτῶν
2973 4680 3063 4732 καὶ
3089 4678 3387 4748 Τριθεῖτῶν
3422 4679 3519 4730 καὶ
3563 4676 3868 4744 Ἀγνοητῶν
3888 4678 3984 4728 καὶ

2418 4774 2820 4843 Θεοπασχιτῶν,
2846 4772 2942 4825 καὶ
2975 4770 3520 4839 ’Δφθαρτοδοκητῶν,
3554 4770 3685 4838 περὶ
3736 4763 3812 4820 ὧν
3846 4768 3984 4819 πλα-

2419 4866 2641 4934 τύτερον
2667 4867 2726 4917 ὲν
2750 4867 2817 4934 τῇ
2840 4863 2948 4931 πρὸ
3004 4861 3209 4930 ταύτης
3241 4860 3567 4928 διελάϐομεν
3614 4858 3853 4929 ἱστορίᾳ·
3903 4858 3987 4911 ἔτι

2418 4960 2476 5012 δὲ
2499 4959 2625 5026 περί
2655 4974 2713 5010 τε
2749 4953 3097 5018 ’1ακω6ιτῶν,
3129 4951 3433 5022 ’Δρμενίων
3453 4950 3546 5003 καὶ
3570 4948 3988 5017 Χατζιτζαρίων

2421 5050 2517 5102 καὶ
2546 5048 2772 5117 ἑτέρων·
2807 5040 2879 5098 ὦν
2903 5043 3093 5097 πολλοὶ
3125 5045 3224 5112 μὲν
3249 5043 3490 5113 ἀρχηγοὶ
3536 5044 3631 5095 καὶ
3667 5038 3989 5109 καθηγηταὶ

2420 5140 2799 5207 διαγεγόνασιν
2823 5136 3052 5191 ἄνωθεν·
3079 5134 3366 5204 Νεστὸριοί
3390 5150 3533 5195 τινες
3578 5132 3673 5185 καὶ
3726 5131 3990 5199 Εὑτυχείς

2425 5231 2520 5285 καὶ
2548 5232 2848 5299 Διόσκοροι,
2885 5230 3122 5295 Κναφείς
3146 5244 3207 5279 τε
3244 5227 3338 5279 καὶ
3365 5225 3616 5293 Σευῆροι,
3660 5225 3751 5276 καὶ
3797 5222 3991 5276 Θεοδό-

2427 5346 2554 5391 σιοι,
2590 5324 2868 5380 Ἰουλιανοί
2898 5341 2956 5375 τε
3000 5322 3454 5392 Ἀλικαρνασσεῖς
3507 5321 3601 5373 καὶ
3629 5318 3836 5382 Γαῖνοὶ,
3890 5318 3993 5370 καὶ

2428 5421 2585 5479 ἄλλος
2613 5417 2851 5477 τοιοῦτος
2877 5415 3034 5484 χορὸς
3054 5412 3353 5481 δυστυχῶν·
3379 5405 3455 5463 ὧν
3478 5408 3759 5463 δυσσεϐὦν
3784 5408 3995 5476 δογμὰο

2426 5529 2533 5564 των
2561 5510 2652 5563 καὶ
2686 5505 3021 5573 σπουδαστὴς
3068 5508 3163 5557 καὶ
3213 5503 3510 5572 ὲφευρετὴς
3562 5501 3589 5552 ὁ
3649 5498 3997 5569 προῤῥηθεὶς

2439 5600 2692 5661 Ἰάκωϐος
2724 5600 2966 5665 γέγονεν.
2994 5595 3086 5659 Ἐξ
3114 5586 3174 5646 οὗ
3204 5598 3296 5648 καὶ
3318 5593 3631 5647 ἰακωόἶται
3658 5592 3718 5643 τὸ
3740 5593 3995 5643 πλεῖστον

2431 5695 2618 5763 Σύρων
2641 5690 2790 5751 ἔθνος
2829 5688 2954 5757 ἄχρι
2996 5684 3090 5740 καὶ
3140 5689 3196 5749 ἐς
3248 5686 3410 5756 δεῦρο
3461 5682 3993 5753 κατωνομάσθησαν.
