4262 6446
237 385 349 448 445
1194 393 1794 461 ECCLESIAS’I‘ICA!
1840 401 2224 462 HIS'I'ORIE
2266 401 2411 461 LIB.
2452 401 2678 462 XVIII.
3430 394 3536 460 ΜΒ

257 500 339 556 uia
370 507 469 572 τῆς
513 515 674 560 νόσου
703 507 1010 577 imp.in
1051 508 1282 579 μετέσχε
1309 513 1404 563 καὶ
1428 512 1651 582 Σέργιος
1683 515 1710 565 ὁ
1739 514 1846 581 πρὸ
1881 520 1925 576 Α

1881 520 1925 576 Α
1952 513 2219 584 Cuapliei,
2254 514 2466 579 Severi,
2494 511 2817 576 Theodosii,
2859 507 3075 567 Iuliani
3113 507 3537 570 Halicarnassei,

255 597 498 664 βροχέος
529 601 664 662 τοὺς
691 601 791 668 τῆς
815 601 1236 654 Κωνσταντίνου
1281 604 1706 672 ἀρχιερατικοὺς
1756 605 1849 670 ὲγ-

1955 606 2138 668 Gaini,
2192 617 2248 662 et
2303 606 2447 660 alius
2507 604 2786 677 ejusmodi
2839 603 3146 658 infelicium
3226 600 3539 662 mortalium

256 690 564 757 χειρωθεὶς
588 692 806 756 οίακαςο
831 691 930 761 ἀφ’
949 686 1125 762 οὗπερ
1155 695 1189 764 ὴ
1210 693 1318 747 τῶν
1337 694 1727 763 Μονοθελητῶν
1764 695 1850 748 αις

1955 699 2182 754 chorus.
2233 701 2480 767 Quorum
2533 699 2836 769 lmpiorum
2902 697 3221 765 dogmatutn
3303 701 3544 752 sectator

257 797 410 850 ρεσις
443 785 523 841 είς
567 785 766 848 πλάτος
810 787 1320 857 πεπαρῤησίασται.
1367 789 1492 846 εΚαὶ
1532 787 1704 840 ταῦτα
1753 787 1852 854 μὲν

1957 799 2126 860 atque
2191 801 2552 855 restaurator,
2603 807 2766 860 quem
2815 788 3083 852 diximus,
3118 784 3360 839 Iacobus
3395 783 3542 836 fuit:

253 871 457 936 οὕτως·
501 877 616 944 ἐγὼ
660 877 706 932 δ’
736 879 829 933 ἰπὶ
871 881 934 932 τὸ
999 880 1221 950 συνεχὲς
1282 881 1382 950 τῆς
1443 880 1688 951 ἱστορίας
1748 880 1851 951 ήδη

1959 898 1989 937 a
2045 898 2161 952 quo
2183 883 2421 938 maxima
2477 900 2544 938 ex
2582 894 2736 952 parte
2765 882 3034 952 Syrorum
3063 891 3200 948 gens
3222 875 3288 929 ad
3327 874 3545 929 hodier-

255 967 590 1037 πορεύομαι.
629 971 782 1034 τέλος
811 975 906 1026 καὶ
949 976 1014 1046 τῇ
1053 975 1308 1045 παρούσῃ
1336 991 1428 1044 μοι
1463 980 1533 1043 ιη’
1567 974 1676 1028 τῶν
1702 975 1850 1028 ἱστο-

1959 991 2092 1030 nutn
2159 991 2336 1044 usque
2392 976 2540 1030 diem
2597 973 2859 1030 Jacobitte
2883 985 3014 1026 sunt
3047 962 3543 1023 denominati.Sed

257 1058 398 1128 ριῶν
428 1062 737 1131 ὲπιοήσων.

1958 1065 2106 1121 enim
2159 1068 2283 1136 ejus
2339 1066 2518 1120 morbi
2571 1065 2901 1135 contagione
2961 1061 3189 1131 Sergius
3232 1057 3423 1118 etiam,
3449 1053 3542 1122 qui

256 1168 372 1205 non
435 1159 510 1208 ita
574 1155 791 1225 pridem
858 1157 1374 1229 archiepiscopatus
1443 1158 2049 1230 Constantinopolitani
2117 1161 2490 1231 gubernacula
2569 1168 2913 1230 susceperat.
2994 1157 3234 1209 maxime
3312 1148 3549 1204 infectus

254 1260 364 1310 est.
429 1268 527 1319 per
566 1268 733 1321 quem
770 1254 1260 1310 Monothelitarum
1294 1257 1524 1312 heresis
1554 1257 1850 1311 admodum
1892 1268 1978 1310 est
2034 1269 2355 1328 propagata.
2411 1259 2493 1320 De
2546 1257 2635 1311 bis
2683 1257 2818 1310 satis
2869 1275 2884 1310 :

2932 1270 3054 1308 nam
3127 1251 3193 1304 ad
3259 1246 3551 1304 historiam

255 1345 702 1401 continuandam
763 1357 1046 1413 revertor,
1109 1351 1274 1404 ﬁnem
1351 1366 1571 1420 quoque
1643 1350 1860 1405 decimo
1899 1363 2098 1406 octavo
2122 1353 2212 1408 liic
2244 1353 2602 1406 historiarum
2632 1351 2775 1403 libro
2807 1348 3190 1417 impositurus.

838 1459 1100 1513 KE¢AA.
1141 1459 1268 1514 NE’.

337 1553 482 1620 Περὶ
505 1551 618 1619 τῆς
637 1550 918 1622 μυσαρᾶς
948 1551 1068 1605 τῶν
1113 1551 1427 1620 Ἀρμενίων
1459 1554 1559 1620 αίρ
1573 1549 1782 1618 ἐσεως.

335 1667 494 1720 Ἐπεὶ
541 1667 651 1736 γὰρ
680 1667 932 1740 στερρῶς
959 1667 1123 1737 δῆθεν
1153 1669 1181 1718 ὁ
1211 1669 1406 1730 Φωκᾶς
1434 1671 1500 1739 τῇ
1548 1669 1691 1738 ἀρχῇ
1727 1669 1862 1737 ἐπη-

2562 1467 2789 1523 (ΣΛΡΗΤ
2835 1464 2942 1518 LV.

2203 1556 2282 1610 De
2305 1557 2663 1612 abominanda
2691 1557 3066 1613 Armeniorum
3102 1554 3312 1609 literni.

2033 1671 2170 1726 Cum
2201 1672 2411 1728 Phocas
2445 1673 2733 1743 imperium
2774 1687 2962 1735 suum,
2996 1670 3210 1725 sicutei
3233 1667 3554 1732 videbatur,

263 1765 490 1834 ρείσοη,
527 1764 626 1834 τὴν
658 1764 759 1834 μὶν
792 1764 1077 1834 θυγατέρα
1109 1765 1444 1833 Δομνεντίαν
1486 1764 1563 1833 τῷ
1625 1782 1860 1834 στρατηο
1893 1777 1935 1836 Β

1893 1777 1935 1836 Β
1965 1765 2365 1829 confirmasset,
2399 1766 2566 1820 filiam
2600 1767 2985 1820 Domnentiam
3025 1763 3213 1818 Prisco
3249 1761 3374 1815 duci
3425 1775 3546 1812 ma.

258 1856 406 1926 λάτῃ
449 1857 676 1926 Πρίσκῳ
697 1857 780 1918 είς
814 1858 1108 1909 κοινωνίαν
1145 1857 1327 1925 γάμου
1386 1855 1766 1924 συζεύγνυοιψ
1800 1855 1861 1908 ἐκ

258 1965 414 2008 τινος
457 1948 503 1999 δ’
531 1947 920 2018 ιπισυμϐἁσης
981 1948 1160 2008 αίτίις
1227 1950 1284 2001 ὲν
1347 1948 1552 2016 ὑποψίᾳ
1609 1948 1753 2016 σχὼν
1807 1950 1862 1999 ἑν

259 2040 506 2107 κινδύνῳ
537 2037 852 2110 εἷναιαὺτῴ
891 2042 950 2094 τὸ
1000 2040 1294 2111 βιώσιμον,
1359 2043 1537 2109 μισῶν
1613 2059 1671 2092 τε
1722 2042 1861 2109 ὁμοῦ

261 2135 363 2186 τὸν
409 2133 682 2202 τύραννον
729 2135 829 2204 τῆς
871 2135 1182 2204 ὠμότητος,
1230 2133 1409 2186 πάντα
1463 2133 1644 2188 κάλων
1692 2135 1863 2185 ἐκίνει

265 2225 587 2295 παραλῦσαι
623 2227 791 2280 αὑτὸν
820 2227 917 2296 τῆς
951 2227 1152 2297 ἀρχῆς.
1207 2225 1494 2291 Ἐκτόπως
1547 2226 1602 2277 δὲ
1635 2227 1730 2278 καὶ
1786 2224 1865 2294 τῷ

265 2319 471 2387 πλήθει
511 2320 604 2372 διὰ
643 2319 838 2388 μίσους
863 2320 1166 2390 ἐτύγχανεν
1191 2321 1218 2373 ὁ
1254 2319 1493 2387 κρατῶν·
1540 2319 1636 2371 ἆτε
1661 2319 1724 2388 δὴ
1766 2319 1864 2389 μὲ-

263 2415 330 2486 θῃ
368 2415 517 2475 ἀνεὶς
549 2412 743 2465 ἑαυτὸν
761 2414 853 2466 καὶ
883 2414 1149 2484 ὠμότητι,
1185 2416 1278 2466 καὶ
1319 2412 1634 2483 ἀνθρώπων
1662 2412 1865 2480 αἵμασι

262 2502 479 2570 χαίρων
510 2501 895 2570 διηνεκῶςοὼς
929 2504 991 2554 ὲκ
1040 2503 1211 2568 μέσου
1249 2501 1425 2554 θεῖναι
1476 2502 1578 2554 καὶ
1629 2500 1860 2570 σύμπαν

261 2592 684 2661 διανοούμενος,
735 2585 780 2660 ᾧ
834 2593 1118 2658 εὐγενείας
1175 2592 1208 2664 ἢ
1268 2593 1427 2661 δόξης
1473 2592 1504 2663 ἢ
1552 2595 1867 2662 φρονήσεως

261 2685 575 2754 τεκμήριόν
609 2701 659 2736 τι
713 2685 864 2752 ἐνῆν.
893 2684 1122 2752 Ναρσῆν
1144 2684 1200 2736 δὲ
1239 2685 1332 2736 τὸν
1365 2685 1587 2752 ἄριστον
1632 2701 1870 2754 στρατη-

262 2781 365 2846 γὸν
400 2781 498 2831 καὶ
528 2779 870 2847 ὑπέκκαυμα
908 2779 1084 2832 ἐποίει
1117 2778 1315 2845 πυρός.
1369 2776 1472 2831 Καὶ
1525 2777 1704 2828 τοίνυν
1739 2775 1872 2845 Πρί-

266 2876 452 2936 σκοςὸ
496 2873 765 2941 κηδεστὴς
825 2859 921 2924 καὶ
956 2872 1070 2922 ὅσοι
1139 2871 1238 2940 τῆς
1303 2869 1614 2940 συγκλήτου
1671 2868 1870 2938 βουλῆς

267 2967 611 3033 ἐνομίζοντο,
657 2967 713 3028 ἐς
743 2966 910 3017 ταυτὸ
940 2963 1220 3025 συνιόντες
1263 2965 1323 3015 ὲν
1358 2962 1663 3033 ἀπορρήτῳ
1704 2958 1870 3028 Ἡριο

268 3060 443 3129 κλείῳ
470 3059 548 3129 τῷ
584 3059 756 3128 πατρὶ
801 3058 1132 3126 Ἡρακλείου
1166 3056 1260 3109 τοῦ
1303 3059 1442 3126 μετὰ
1476 3055 1675 3107 Φωκᾶν
1714 3070 1872 3123 περι-

270 3125 592 3223 ϐαλομένου
657 3125 755 3223 rip
807 3151 1132 3222 ἁλουργίδα,
1183 3154 1240 3205 ὲν
1296 3125 1362 3220 τῇ
1422 3150 1562 3221 πρὸς
1628 3125 1944 3218 ιὲσλιιτέρςιινΟ

281 3249 527 3316 Ἀφρικῇ
560 3247 652 3298 καὶ
685 3245 861 3315 Λιϐύῃ
897 3249 996 3298 σὺν
1054 3245 1284 3310 δυνάμει
1332 3243 1501 3312 πολλῇ
1560 3244 1628 3294 τὰ
1687 3243 1872 3295 ὶκεϊσε

265 3341 538 3403 διέποντι,
571 3337 880 3406 γράφουσιν
914 3336 1046 3387 ὥστ’
1067 3337 1376 3404 ἐπιχειρεῖν
1432 3334 1614 3391 πάντα
1662 3333 1869 3402 τρόπον

268 3435 374 3502 τῆς
411 3433 634 3486 ἀνοσίου
669 3430 990 3499 τυραννίδος
1035 3430 1098 3481 τὸ
1134 3429 1448 3496 Ῥωμαῖκδν
1507 3426 1878 3479 ἀπαλλάττειν

269 3526 468 3592 φῦλον,
512 3526 605 3576 καὶ
643 3523 716 3596 μὴ
743 3521 924 3585 οὕτως
965 3520 1264 3590 ὀλλύμενον
1297 3521 1508 3591 διορᾷν.
1544 3515 1652 3572 Ἦν
1713 3519 1768 3572 δὲ
1799 3518 1878 3594 τῷ

269 3619 559 3688 είρημένῳ
598 3614 895 3685 στρατηγῷ
947 3612 1262 3683 Ἡρακλείῳ
1286 3613 1704 3682 ὑποστράτηγος
1730 3614 1876 3684 Γρη-

275 3710 468 3778 γορᾶς.
526 3708 734 3772 ’Ἄμφω
796 3704 982 3756 τοίνυν
1054 3703 1508 3771 συμπνεύσαντες
1562 3706 1690 3767 τοὺς
1739 3707 1878 3766 υἱεῖς

272 3805 545 3869 ἑκάτερος
571 3801 666 3850 καὶ
701 3798 840 3868 πεζῇ
869 3797 1098 3866 στρατιᾷ
1125 3801 1216 3848 καὶ
1256 3797 1414 3867 νηΐτῃ
1476 3797 1711 3867 στρατῷ,
1781 3799 1880 3851 σὺν

273 3895 351 3963 τῷ
413 3893 522 3946 ὑπὸ
557 3893 710 3960 σφίσι
745 3891 982 3959 γενναίῳ
1019 3889 1420 3959 στρατεύματι,
1457 3891 1600 3942 κατὰ
1650 3889 1744 3941 τοῦ
1787 3907 1880 3944 τυ-

275 3987 481 4056 ράννου
517 3983 840 4036 ἀνίσταντο.
885 3979 898 3995 ”
918 3979 962 4034 0
990 3980 1092 4048 μὲν
1121 3974 1216 4032 οὖν
1244 3978 1338 4034 τοῦ
1385 3979 1712 4049 Ἡρακλείου
1749 3982 1879 4044 παῖς

289 4076 622 4147 Ἡράκλειος
653 4071 748 4125 τοῦ
781 4072 923 4124 κατὰ
955 4071 1240 4125 θάλατταν
1274 4072 1461 4137 ἠγεῖτο
1488 4071 1747 4140 στρατοῦ·
1782 4073 1882 4125 Νι-

273 4173 453 4241 κήτας
489 4167 539 4221 δ’
575 4171 600 4221 ὁ
629 4166 725 4220 τοῦ
760 4166 1045 4236 Γρηγορᾶ,
1078 4166 1176 4233 τῆς
1208 4165 1458 4233 πεζικῆς
1485 4165 1687 4236 ἐξῆρχε
1717 4165 1882 4220 δυνά-

275 4282 452 4331 μεως.
502 4261 566 4314 Ὀ
623 4261 722 4328 μὲν
779 4257 872 4312 οὖν
918 4256 1245 4326 Ἡράκλειος
1297 4258 1579 4324 ὲπιφὸρων
1626 4259 1879 4327 πνευμά-

271 4376 386 4410 των
433 4354 620 4424 τυχὼν
647 4393 661 4417 ,
723 4351 1069 4421 διαπλὼῖμος
1111 4351 1351 4419 φθάσας,
1391 4350 1469 4420 τῷ
1504 4355 1613 4404 τῶν
1670 4352 1883 4420 Σοφιῶν

1969 1857 2229 1924 trimonio
2282 1859 2485 1929 junxit.
2553 1858 2602 1913 Is
2663 1859 2828 1912 certis
2887 1857 2954 1912 de
3013 1855 3202 1912 causis
3228 1851 3544 1922 suspicione

1967 1958 2234 2018 concepta
2295 1950 2362 2002 de
2413 1950 2522 2003 vita
2575 1965 2634 2004 se
2668 1948 2994 2019 periclitari,
3049 1959 3285 2018 tyranno
3314 1945 3385 1997 ob
3421 1958 3554 1997 cru-

1965 2040 2248 2106 delitatem
2299 2040 2585 2106 infensus,
2643 2057 2863 2096 onmem
2921 2041 3132 2100 funem.
3189 2035 3555 2091 utillumim-

1968 2136 2126 2204 perio
2166 2135 2454 2205 dejiceret,
2517 2136 2710 2190 movit.
2763 2136 2956 2190 Mirum
2989 2148 3119 2188 vero
3145 2140 3353 2202 quanto
3385 2129 3551 2184 etiam

1968 2227 2021 2279 in
2056 2227 2206 2280 illum
2268 2229 2398 2282 odio
2433 2230 2730 2282 multitudo
2790 2228 3038 2299 fiagrarit
3074 2244 3086 2279 :
3128 2228 3267 2280 adeo
3291 2222 3551 2279 ebrietati

1966 2330 2022 2375 et
2077 2321 2300 2376 saevitiae
2347 2321 2625 2391 deditum,
2663 2331 2721 2375 ut
2749 2321 2924 2376 effuso
2958 2319 3249 2374 hominum
3284 2315 3554 2384 sanguine

1969 2414 2228 2469 continue
2289 2414 2577 2482 gauderet,
2622 2424 2678 2468 et
2727 2414 2920 2469 tollere
2983 2429 3014 2467 e
3049 2411 3232 2465 medio
3259 2424 3455 2462 omnes
3495 2407 3554 2461 in

1970 2509 2156 2560 animo
2203 2507 2467 2570 haberet,
2525 2507 2579 2560 in
2637 2509 2840 2576 quibus
2891 2504 3196 2562 nobilitatis
3248 2501 3556 2570 autglorize

1970 2610 2066 2655 aut
2129 2600 2440 2670 prudentia:
2488 2599 2754 2655 indicium
2825 2598 3049 2669 aliquod
3090 2600 3313 2651 inesset.
3343 2595 3554 2649 Narsen

1969 2693 2251 2763 equidem,
2313 2694 2512 2747 ducem
2548 2694 2842 2762 optimum,
2886 2691 2996 2761 igni
3023 2689 3352 2745 combussit.
3384 2688 3557 2758 Igitur

1972 2785 2202 2846 Priscus
2225 2801 2396 2855 gener
2432 2785 2575 2854 ejus,
2612 2795 2668 2839 et
2723 2785 3039 2854 quicunque
3062 2779 3558 2835 senatoriiordinis

1974 2882 2156 2939 erant,
2213 2875 2448 2932 consilio
2505 2875 2664 2938 inito,
2709 2885 2925 2929 secreto
2960 2872 3216 2927 Heraclio
3252 2873 3352 2940 (l),
3389 2870 3560 2925 Hera-

1973 2966 2064 3020 clii
2101 2967 2193 3036 qui
2240 2978 2362 3034 post
2389 2967 2621 3021 Pbocam
2648 2966 2964 3034 imperavit,
2999 2965 3165 3031 βου-ἱ,
3203 2966 3255 3017 in
3286 2963 3560 3019 Occiden-

1980 3059 2069 3113 tali
2109 3058 2293 3112 Africa
2334 3068 2390 3112 et
2418 3059 2586 3130 Libya
2620 3074 2744 3112 cum
2793 3058 3136 3125 militaribus
3163 3057 3339 3126 copiis
3369 3055 3561 3108 multis

1978 3151 2378 3221 rempublicam
2431 3151 2841 3207 administranti
2914 3153 3187 3214 scribunt,
3255 3157 3314 3202 ut
3385 3146 3562 3201 modis-

1978 3244 2242 3299 omnibus
2301 3245 2565 3313 pOpulum
2620 3243 2928 3297 llomanum
2968 3243 3142 3312 impia
3175 3241 3465 3313 tyrannide
3497 3240 3562 3294 li-

1979 3337 2175 3391 berare
2221 3339 2601 3403 contenderet,
2667 3354 2845 3406 neque
2907 3338 3059 3392 illum
3115 3337 3190 3392 ita
3232 3346 3558 3406 pereuntem

1982 3430 2036 3483 in
2096 3442 2395 3500 conspectu
2461 3445 2562 3484 suo
2622 3430 2943 3500 negligeret.
2971 3428 3272 3484 Eratdicto
3303 3428 3428 3482 duci
3460 3427 3566 3482 He-

1981 3522 2154 3586 raclio
2197 3523 2411 3593 legatus
2461 3521 2754 3592 Gregoras.
2792 3523 2855 3577 Hi
2884 3523 3118 3579 consilio
3155 3522 3304 3576 inter
3331 3539 3388 3575 se
3413 3537 3563 3576 com-

1982 3615 2284 3676 municato,
2344 3615 2516 3668 ﬁlium
2583 3625 2820 3684 uterque
2860 3630 3022 3668 suum
3075 3630 3203 3667 cum
3246 3613 3566 3668 fortissimis

1980 3707 2154 3776 copiis
2200 3707 2442 3777 pedestri
2500 3709 2796 3776 navalique
2859 3717 3128 3777 apparatu
3168 3708 3438 3761 adversus
3480 3715 3562 3778 ty-

1983 3817 2216 3854 rannum
2250 3801 2421 3856 misit.
2452 3801 2742 3855 lieraclius
2789 3799 3030 3855 lleractii
3056 3800 3203 3854 filius
3230 3801 3396 3854 classi
3427 3816 3569 3869 pra:-

1983 3891 2086 3946 fuit
2124 3911 2137 3946 :
2176 3891 2678 3962 NicetasGregoraa
2725 3891 2868 3946 filius
2901 3892 3070 3962 887
3104 3891 3389 3961 pedestres
3417 3892 3573 3945 ordi-

1983 3998 2082 4038 nes
2135 3982 2314 4036 duxit.
2355 3982 2656 4038 Enimvero
2716 3979 3030 4042 Heraclius,
3068 3978 3335 4033 secundis
3387 3978 3570 4032 ventis

1983 4089 2148 4129 cursu
2201 4072 2475 4135 confecto,
2546 4073 2602 4126 in
2650 4081 2868 4142 portum
2905 4071 3244 4140 Sophiarurn
3275 4071 3352 4142 (2)
3379 4070 3572 4124 illatus

1983 4176 2087 4232 est,
2136 4166 2327 4221 Niceta
2383 4166 2586 4220 deinde
2631 4166 2883 4220 terrestri
2938 4166 3138 4221 itinere
3189 4166 3397 4219 lentius
3440 4165 3573 4218 sub-

1983 4269 2192 4315 secuto.
2231 4259 2409 4332 Atque
2443 4259 2731 4314 Heraclius
2772 4274 2898 4312 cum
2947 4260 3143 4313 Phocaa
3169 4259 3344 4327 c0piis
3380 4258 3571 4327 praelia

1982 4353 2306 4419 commisso,
2361 4351 2584 4410 fortiter
2639 4351 2925 4405 victoriam
2959 4366 3027 4405 ex
3058 4366 3125 4404 eo
3147 4350 3343 4420 proelio
3380 4364 3574 4418 repor-

271 4449 460 4518 λιμένι
492 4448 790 4514 κατήγετο,
827 4444 1217 4514 σχολαιότερον
1240 4443 1336 4496 τοῦ
1401 4444 1664 4514 Γρηγορᾶ
1717 4447 1878 4498 ὑστε-
1913 4463 1953 4517 ι)

1913 4463 1953 4517 ι)
1987 4447 2143 4508 tavit,
2183 4446 2424 4508 maximo
2455 4446 2640 4506 animo
2663 4456 2945 4499 certamen
2983 4444 3035 4497 id
3069 4445 3372 4512 ingressus,
3423 4442 3571 4512 quod

277 4545 579 4609 ρήσαντος.
615 4537 724 4590 Καὶ
745 4536 810 4605 δὴ
850 4537 1036 4605 μάχης
1081 4537 1224 4604 μετὰ
1255 4536 1366 4588 τῶν
1397 4535 1476 4605 τῷ
1506 4538 1673 4607 Φωκᾷ
1733 4555 1874 4607 συμ-

279 4633 614 4701 μαχούντων
649 4629 1151 4698 συγκροτηθείσης,
1189 4631 1540 4700 κατακράτος
1582 4631 1684 4700 τὴν
1717 4631 1875 4700 νίκην

288 4725 624 4792 Ἡράκλειος
677 4721 1089 4791 περιϐάλλεται.
1113 4722 1463 4789 Θυμομαχῶν
1496 4723 1604 4792 γὰρ
1633 4717 1722 4792 ἦν,
1765 4723 1878 4774 δια-

280 4821 487 4880 κούσας
515 4817 594 4878 ὡς
624 4817 659 4885 ὴ
695 4816 914 4883 γαμετὴ
949 4814 1116 4867 αὑτοῦ
1169 4815 1229 4880 ἑξ
1268 4815 1496 4882 Ἀφρων
1549 4818 1876 4884 κατάγουσι

1981 4540 2304 4604 audivisset,
2371 4554 2600 4592 uxorem
2660 4554 2815 4592 suam
2869 4552 3128 4606 genusex
3157 4537 3338 4588 Africa
3367 4534 3573 4588 ducen-

1984 4646 2093 4688 tem
2148 4633 2622 4700 circumscriptam
2678 4646 2822 4685 esse.
2880 4630 3003 4683 Non
3067 4642 3264 4697 parum
3326 4633 3479 4679 certe
3513 4633 3571 4677 et

1983 4724 2217 4792 Crispus
2269 4723 2417 4776 hunc
2458 4722 2690 4792 adjuvit,
2749 4719 2995 4791 praefecti
3055 4719 3381 4789 dignitatem
3423 4717 3571 4771 obti-

1988 4833 2148 4870 nens.

283 4918 378 4985 τὴν
417 4911 634 4980 σειρὰν,
693 4907 1046 4978 περιώριστο.
1085 4909 1198 4960 Οὐκ
1231 4909 1488 4980 ἐλάχιστα
1541 4910 1728 4978 μέντοι
1806 4912 1900 4963 καὶ⁴
1976 4912 2224 4982 Κρίσπος
2253 4912 2430 4983 τούτῳ
2466 4911 2654 4983 κρύφα
2694 4910 2992 4979 συνήρατο,
3048 4907 3147 4977 τὴν
3182 4903 3278 4959 τοῦ
3322 4907 3565 4974 ἐπάρχου

280 5003 638 5076 διαχειρίζων
685 5002 882 5072 τιμήν.

875 5119 1124 5173 ΚΕΦΑΔ.
1167 5117 1314 5185 Νεῖν.

282 5216 427 5285 Περὶ
463 5214 573 5269 τοῦ
607 5212 746 5282 παρ’
778 5211 995 5278 αὐτοῖς
1035 5212 1381 5296 σχίσματος
1424 5207 1545 5262 τῶν
1578 5205 1881 5270 Χατᾷτζα-

999 5298 1169 5350 ptiar.

353 5397 588 5454 Τούτων
609 5395 756 5448 οὓτω
787 5397 1118 5462 γινομένων,
1151 5393 1247 5446 καὶ
1276 5392 1471 5444 πολλοῦ
1503 5393 1748 5461 ταράχου
1781 5392 1882 5462 τὴν

285 5496 452 5549 πόλιν
485 5489 860 5559 διειληφότος,
888 5485 998 5538 τῶν
1030 5503 1113 5548 τις
1143 5484 1428 5552 ἐπιφανῶν
1456 5488 1552 5539 καὶ
1590 5486 1740 5552 γένει
1763 5484 1882 5536 διά-

285 5602 490 5656 σημος,
520 5581 790 5643 Φωτεινὸς
817 5578 1012 5648 ὄνομα,
1039 5578 1204 5648 Φωκᾷ
1257 5578 1324 5631 τὰ
1351 5579 1589 5645 μάλιστα
1616 5577 1884 5646 χαλεπαίο

2571 5115 2802 5172 CAPUT
2846 5115 2983 5170 LVI.

2095 5212 2168 5265 De
2201 5212 2483 5265 schismate
2526 5208 3008 5264 Chatzitzariorum
3059 5206 3204 5276 apud
3232 5204 3461 5258 eosdem.

2060 5395 2248 5448 Rebus
2316 5391 2468 5446 hisce
2518 5392 2590 5445 ita
2656 5388 2818 5452 actis,
2860 5387 3344 5455 tumultusingens
3375 5386 3572 5440 urbem

1990 5486 2226 5549 invasit,
2289 5495 2344 5539 et
2405 5501 2468 5538 ex
2505 5481 2814 5536 illustribus
2836 5490 2887 5534 et
2919 5479 3202 5550 przeclaris
3259 5478 3393 5532 viris
3427 5478 3568 5534 Pho-

1993 5581 2141 5634 tinus
2195 5578 2390 5631 Phocaa
2423 5591 2588 5644 quam
2628 5575 2862 5628 maxime
2897 5572 3130 5627 infestus
3166 5573 3313 5640 (nam
3342 5587 3567 5625 uxorem

288 5701 420 5744 νων,
453 5671 517 5730 οὗ
552 5677 656 5745 τὴν
695 5673 947 5743 γαμετὴν
977 5671 1256 5728 ὲὸιάσατο.
1305 5673 1402 5723 σὺν
1445 5669 1642 5739 πλήθει
1703 5669 1887 5738 πολλῷ

1879 5689 1887 5718 ι
1990 5673 2113 5740 ejus
2177 5670 2270 5722 ille
2322 5668 2730 5735 constuprarat)
2789 5680 2916 5719 cum
2973 5663 3334 5717 multitudine
3368 5677 3562 5730 magna

284 5776 353 5828 τά
387 5771 647 5842 βασίλεια
699 5764 1038 5835 είσ“ραμὼν,
1083 5763 1178 5816 τοῦ
1219 5764 1413 5834 Θρὸνου
1467 5765 1559 5816 τὸν
1627 5761 1887 5834 τύραννον

1992 5762 2334 5832 imperialcm
2396 5761 2600 5830 regiam
2658 5759 2961 5826 ingressus,
3027 5767 3319 5829 tyrannum
3367 5755 3571 5809 throno

360 5890 440 5960 tl)
478 5887 566 5940 Al.
608 5881 991 5938 Heracleonem
1024 5888 1242 5935 vocant.
2065 5878 2138 5948 (2)
2171 5877 2248 5932 Ad
2274 5887 2490 5947 portum
2515 5874 2731 5946 SOpliim
2767 5874 2964 5940 (Diae)
