4262 6446
336 434 444 496 453

1269 429 1722 494 ENARRATIO
1764 430 2302 493 DE.EPIS€0PIS
2355 432 2649 494 CPOLlT.

3500 428 3605 496 454

336 551 614 622 Βηρυτοῦ,
668 545 789 603 εἶτα
854 547 1181 619 μετατεθεὶς
1243 550 1323 612 εἰς
1368 548 1770 618 Νικομήδειαν,
1832 547 1928 599 καὶ
1956 552 2003 609 Α

1921 565 1928 599 '.
1956 552 2003 609 Α
2033 561 2167 601 vero
2200 546 2578 602 Nicomediam
2612 546 2933 609 translatus,
2969 546 3190 602 demum
3218 548 3604 609 Constantino“

336 646 619 715 μετελθὼν
650 644 732 709 είς
772 641 1377 705 Κωνσταντινούπολιν,
1410 641 1504 694 καὶ
1531 639 1924 706 ἐπεσκόπησεν

331 742 432 809 ἐτη
459 740 552 809 ιβ’.

407 825 541 880 Εἶτα
576 826 715 896 μετὰ
774 822 866 876 τὸν
901 823 1134 876 θάνατον
1187 823 1383 875 τούτου
1438 821 1605 873 πάλιν
1652 822 1680 875 6
1710 822 1924 884 Παῦλος

330 919 778 980 ἀποκαθίσταται
804 918 898 969 καὶ
921 929 938 984 t
961 915 1349 984 παραχρῆμα)
1381 914 1705 967 ἐκϐάλλεται
1741 915 1835 968 καὶ
1866 918 1923 968 ἐν

332 1012 640 1081 Κουκουσῷ
672 1009 1008 1079 ἐξορίζεται,
1032 1010 1213 1061 ἐκεῖσε
1236 1025 1294 1060 τε
1316 1008 1421 1060 ὑπὸ
1441 1007 1550 1060 τῶν
1577 1007 1920 1078 (Ἀρειανῶν)

332 1104 662 1169 ἀναιρεῖται,
700 1101 794 1151 καὶ
818 1100 1213 1166 χειροτονεῖται
1246 1095 1362 1149 ἀντ’
1384 1095 1551 1150 αὐτοῦ
1586 1096 1921 1158 Μακεδόνιος

332 1210 435 1257 πρε
448 1192 607 1242 σϐύτε
619 1208 707 1258 ρος
785 1189 1114 1257 Ἐκκλησίας

334 1284 801 1351 [Ινευματομάχος
841 1282 934 1349 ἔτη
962 1281 1024 1333 ε’.

404 1376 613 1428 Τούτου
646 1374 701 1425 δὲ
733 1373 1268 1441 άναθεματισθέντος
1300 1377 1395 1426 καὶ
1429 1370 1788 1440 ἐκϐληθέντος
1814 1373 1919 1425 ὑπὸ

332 1468 720 1519 Κωνσταντίου
762 1466 1011 1529 Εὑδόξιος
1045 1469 1073 1517 6
1121 1467 1174 1517 Ἀ
1191 1466 1399 1536 ρειανὸς
1447 1469 1473 1517 ὁ
1508 1465 1777 1535 πρότερον
1810 1466 1918 1517 ἀπὸ

330 1559 733 1626 Ιέρμανικείας
760 1562 838 1621 είς
872 1560 1236 1629 Ἀντιόχειαν,
1269 1555 1426 1621 αὖθις
1452 1560 1531 1622 είς
1565 1559 1915 1612 Κωνσταντι-

327 1652 589 1703 νούπολιν
614 1652 1007 1720 ὲπεσκόπησεν
1040 1652 1133 1719 ἔτη
1168 1652 1234 1715 ζ’.

395 1743 714 1811 Δημόφιλος
763 1744 1050 1811 Ἀηρειανὺς
1085 1743 1314 1813 Βεροίας
1346 1744 1448 1813 τῆς
1498 1744 1554 1796 ἐν
1586 1745 1776 1815 θρᾴκῃ
1808 1744 1911 1797 πό-

324 1834 465 1897 λεως
498 1835 799 1897 ἐπίσκοπος
830 1837 924 1887 κάὶ
971 1836 1209 1888 ἐνταῦθα
1253 1837 1271 1905 (
1298 1837 1647 1905 μετατεθεὶς)
1678 1837 1912 1891 ἐπεσκό-

328 1943 503 1995 πησεν
536 1927 633 1996 ἔτη
669 1926 758 1996 ιβ’,
789 1930 969 1995 μῆνας
1004 1925 1068 1983 ε’.

398 2017 673 2085 Εὐάγριος
734 2017 1015 2085 ὀρθόδοξος
1069 2018 1172 2071 ὑπὸ
1223 2019 1528 2074 Εὐσταθίου
1578 2020 1914 2091 Ἀντιοχείας

322 2110 729 2179 χειροτονηθεὶς
767 2109 859 2180 ἔτη
892 2109 970 2178 ςί,
1009 2114 1105 2166 καὶ
1128 2114 1385 2184 ἐπέμφθη
1414 2115 1494 2176 εἰς
1521 2114 1744 2185 ἐξορίαν
1766 2117 1915 2187 παρὰ

322 2202 657 2263 Οὐάλεντος.

396 2295 710 2365 Γρηγόριος
742 2297 769 2347 6
820 2294 1135 2359 Ναζιανζοῦ
1166 2292 1493 2365 δ’Θεολόγος
1542 2298 1660 2372 (ὃς)
1681 2302 1913 2355 ἐπεσκό-

325 2404 506 2454 πησεν
539 2387 636 2457 ἐτη
670 2387 759 2455 ιβ’.

400 2481 512 2533 Καὶ
549 2481 946 2543 ἐπανελθόντος
979 2482 1059 2544 είς
1093 2482 1195 2551 τὴν
1232 2483 1369 2536 ἰδίαν
1407 2487 1664 2555 πατρίδα,
1701 2488 1916 2541 Νεκτά-

325 2588 445 2641 ριος
476 2571 853 2641 άξιωματικὸς
876 2572 1142 2642 ὑπάρχων
1195 2574 1546 2643 Χριστιανῶν
1573 2579 1916 2647 κατηχούμε-

322 2682 438 2727 νος,
473 2666 700 2734 μηδέπω
730 2666 789 2717 δὲ
823 2665 994 2733 θιγὼν
1048 2663 1147 2717 τοῦ
1208 2666 1605 2737 βαπτίσματος,
1663 2670 1779 2739 ἅμα
1822 2672 1914 2723 καὶ

321 2758 729 2826 χειροτονεῖται
759 2756 855 2809 καὶ
876 2756 1204 2823 βαπτίζεται
1238 2758 1342 2809 ὑπὸ
1374 2759 1473 2826 τῆς
1503 2760 1665 2827 ἁγίας
1695 2762 1912 2813 συνόδου

321 2851 436 2903 τῶν
472 2856 570 2920 ρν¹,
630 2850 727 2903 καὶ
775 2852 1181 2921 χειροτονηθεὶς
1232 2853 1613 2921 ἐπεσκόπησεν
1664 2854 1758 2923 ἐτη
1816 2854 1910 2919 ις’,

324 2950 510 3018 μῆνας
544 2948 614 3015 γ’·

409 3041 675 3109 Ἰωάννης
712 3041 1087 3111 πρεσϐύτερος
1114 3040 1446 3109 Ἀντιοχείας
1467 3042 1493 3092 6
1532 3041 1915 3109 Χρυσόστομος

319 3134 424 3201 ἔτη
462 3140 526 3193 ε’,
562 3137 740 3203 μῆνας
772 3138 831 3196 ς’
862 3172 880 3189 .
912 3173 926 3188 .
962 3173 977 3187 .
1011 3173 1026 3187 .
1062 3134 1366 3203 ἐξορισθεὶς
1418 3136 1475 3186 ἐν
1514 3135 1793 3203 Κουμάνῳ
1814 3134 1913 3201 τῆς

316 3224 589 3293 δευτέρας
624 3223 898 3293 ἐπαρχίας
929 3225 1041 3277 τῶν
1095 3224 1421 3295 Ἀρμενίων,
1461 3224 1787 3294 ἐτελεύτησε
1822 3228 1914 3276 καὶ

319 3317 489 3387 ἐτέθη
521 3319 662 3385 μετὰ
697 3316 794 3369 τοῦ
824 3317 1084 3386 λειψάνου
1114 3317 1209 3370 τοῦ
1246 3317 1404 3385 ἁγίου
1436 3318 1716 3389 μάρτυρος
1754 3318 1916 3369 Βάσις-

318 3413 541 3467 λίσκου.

1198 1188 1830 1251 Κωνσταντινουπόλεως
1893 1190 1921 1240 6

425 3505 710 3575 Αρσάκιος
736 3507 1110 3575 πρεσϐύτερος
1131 3506 1231 3575 τῆς
1261 3508 1589 3577 Ἐκκλησίας
1622 3507 1915 3559 Κωνσταν-

320 3600 714 3662 τινουπόλεως,
762 3598 995 3666 ἁδελφὸς
1043 3600 1358 3669 Νεκταρίου
1397 3600 1492 3653 τοῦ
1518 3600 1915 3670 προλεχθέντος

322 3693 471 3761 μετὰ
496 3693 598 3763 τὴν
619 3693 1018 3761 Χρυσοστόμου
1042 3693 1299 3762 ἐκϐολὴν,
1320 3694 1703 3760 ἐπεσκόπησεν
1727 3692 1822 3760 ἐτη
1845 3691 1912 3760 β’.

408 3784 663 3847 Ἀττικὸς
712 3784 1090 3855 πρεσϐύτερος
1142 3786 1242 3856 τῆς
1291 3785 1913 3847 Κωνσταντινουπόλεως

320 3879 419 3948 ἐτη
454 3883 529 3933 κ’.

397 3972 673 4033 Σισίννιος
705 3969 1081 4039 πρεσϐύτερος
1123 3969 1759 4035 Κωνσταντινουπόλεως
1796 3970 1915 4035 ἔτος

318 4072 396 4124 α’,
428 4065 609 4133 μῆνας
650 4060 702 4115 ι’.

394 4156 701 4225 Νεστόριος
726 4155 1101 4225 πρεσϐύτερος
1122 4156 1219 4225 τῆς
1236 4154 1565 4227 Ἐκκλησίας
1582 4157 1913 4226 Ἀντιοχείας

320 4248 608 4320 αἱρετικὸς
642 4248 738 4317 ἐτη
791 4245 865 4313 γ’,
921 4249 1099 4317 μῆνας
1156 4248 1224 4317 β’.
1263 4243 1433 4311 Οὗτος
1481 4249 1785 4320 καθῃρέθη,
1820 4251 1913 4301 καὶ

322 4343 405 4403 εἰς
436 4340 658 4410 ἐξορίαν
686 4341 744 4391 ἐν
770 4340 957 4394 Ὀάσει
990 4339 1277 4409 ἐπέμφθη,
1306 4340 1392 4408 ἐφ’
1411 4343 1522 4411 ὅσῳ
1560 4342 1594 4411 ἠ
1618 4346 1666 4407 γ’
1696 4342 1914 4409 ἐγένετο

322 4436 573 4496 σύνοδος.

399 4527 752 4594 Μαξιμιανδς
788 4525 1162 4594 πρεσϐύτερος
1188 4527 1814 4590 Κωνσταντινουπόλεως
1837 4530 1913 4600 τῷ

324 4622 484 4690 γένει
519 4619 617 4684 ἐτη
675 4618 741 4685 β’,
776 4618 996 4686 ἡμέρας
1027 4622 1090 4671 ε’.

400 4710 652 4779 Πρόκλος
677 4712 705 4761 ὁ
740 4707 837 4760 τοῦ
868 4707 1277 4776 Χρυσοστόμου
1321 4709 1573 4780 μαθητὴς
1618 4710 1770 4780 παρὰ
1821 4710 1914 4764 τοῦ

330 4802 737 4875 προλεχθέντος
793 4800 1065 4853 Σισιννίου
1145 4802 1554 4871 χειροτονηθεὶς
1620 4803 1915 4865 ἐπίσκοπος

325 4896 607 4960 Κυζίκου,
646 4894 748 4945 καὶ
800 4892 876 4962 μὴ
910 4891 1124 4961 δεχθεὶς
1170 4891 1379 4964 [παρὰ]
1437 4893 1547 4947 τῶν
1586 4895 1787 4959 ἐκεῖσε,
1822 4896 1915 4948 καὶ

321 4991 419 5043 τὸν
458 4986 667 5059 μεταξὺ
702 4984 978 5054 σχολάσας
1034 4984 1251 5053 χρόνον,
1309 4987 1448 5054 μετὰ
1480 4986 1713 5041 θάνατον
1736 4985 1915 5051 Μαξι-

326 5078 554 5151 μιανοῦ,
579 5080 663 5131 ὅτι
688 5077 781 5129 τοῦ
812 5076 1071 5145 λειψάνου
1100 5076 1265 5128 αὐτοῦ
1305 5078 1561 5147 κειμένου
1593 5080 1649 5130 ἐν
1670 5082 1735 5149 τῇ
1769 5082 1915 5148 ἱερα-

322 5172 462 5237 τείῳ
486 5186 502 5200 ⁸
548 5208 564 5223 .
598 5207 613 5221 .
645 5207 659 5221 .
698 5205 714 5220 .
754 5207 768 5221 .
801 5207 816 5221 .
844 5208 860 5223 .
895 5168 1263 5238 ἐνθρονίζεται
1310 5172 1376 5239 τῇ
1427 5171 1565 5240 αὐτῇ
1637 5171 1914 5244 ἁγιωτάτῃ

328 5262 553 5334 μεγάλῃ
615 5260 919 5331 Ἐκκλησία
956 5299 971 5315 .
1005 5298 1021 5314 .
1063 5298 1078 5313 .
1113 5297 1128 5315 .
1171 5297 1189 5315 .
1225 5298 1241 5315 .
1271 5262 1655 5333 ἐπεσκόπησεν
1693 5263 1790 5334 ἔτη
1824 5263 1912 5334 ιβ’,

331 5357 519 5424 μῆνας
555 5350 626 5419 γ’.

397 5444 709 5507 Φλαϐιανὺς
732 5443 1107 5516 πρεσϐύτερος
1137 5448 1771 5513 Κωνσταντινουπόλεως
1791 5450 1915 5515 ἔτος

324 5540 399 5605 α’,
447 5538 635 5609 μῆνας
678 5543 732 5591 ι’.
952 5527 955 5529 ί

400 5631 612 5685 Τούτου
653 5630 1010 5699 φονευθέντος
1058 5634 1209 5701 παρὰ
1245 5634 1338 5687 τοῦ
1367 5634 1660 5699 δυσσεϐοῦς
1694 5639 1915 5691 Διοσκό-

328 5742 451 5794 ρου,
507 5722 821 5785 ’Δνατόλιος
890 5723 1267 5795 πρεσϐύτερος
1347 5730 1442 5781 καὶ
1501 5731 1915 5803 ἁπσκρισιάριος

324 5818 429 5883 τῆς
487 5812 791 5880 ἐκκλησίας
854 5813 1275 5884 Ἀλεξανδρείας
1336 5827 1750 5890 χειροτονεῖται,
1820 5825 1912 5877 καὶ

329 5910 496 5977 ἄρχει
529 5904 629 5973 ἔτη
658 5902 734 5972 η’,
768 5904 946 5973 μῆνας
978 5905 1047 5976 η’.

2028 638 2195 706 polim
2231 638 2470 703 transiit,
2501 638 2756 705 seditque
2794 638 2953 693 annis
2986 638 3072 693 12.

2101 819 2228 872 Post
2280 817 2401 886 ejus
2447 816 2661 872 obitum
2696 818 2897 872 Paulus
2933 821 3272 884 restituitur,
3307 824 3599 894 statimque

2025 912 2269 981 ejicitur,
2298 922 2355 963 et
2392 909 2670 965 Cucusum
2712 912 3010 981 relegatus,
3042 912 3116 968 ibi
3147 914 3215 967 ab
3244 914 3463 971 Arianis
3497 931 3598 971 oc-

2025 1004 2253 1067 ciditur,
2288 1004 2519 1073 ejusque
2569 1004 2691 1057 loco
2741 1006 3031 1058 ordinatur
3080 1006 3438 1063 Ma:edonius
3479 1026 3597 1081 pre-

2026 1090 2212 1164 sbyter
2260 1095 2523 1149 Ecclesiae
2555 1094 3187 1166 ConstantinOpolitatm
3223 1100 3397 1156 sancti
3426 1100 3600 1171 Sp’ri-

2028 1196 2114 1240 tus
2145 1199 2515 1257 oppugnator,
2550 1186 2647 1256 qui
2682 1187 2830 1243 sedit
2860 1192 3023 1245 annis
3062 1192 3115 1246 5.

2093 1371 2208 1425 Hoc
2239 1380 2423 1425 autem
2458 1372 2813 1426 anathemate
2842 1389 3109 1443 percusso
3130 1384 3187 1429 et
3217 1390 3248 1429 s
3271 1376 3599 1433 Constantio

2020 1463 2201 1534 ejecto
2237 1463 2519 1517 Eudoxius
2559 1465 2799 1518 Arianus
2830 1465 2922 1533 qui
2959 1467 3194 1534 primum
3236 1466 3598 1524 Germanicis:

2021 1556 2224 1611 deinde
2279 1556 2589 1610 Antiochia:
2620 1559 2917 1627 episcopus
2965 1557 3169 1624 fuerat,
3202 1559 3598 1617 Constantino—

2019 1647 2131 1718 poli
2172 1649 2318 1703 sedit
2348 1651 2511 1704 annis
2542 1648 2592 1702 7.

2091 1743 2455 1813 Demophilus
2486 1744 2729 1798 Arianus
2762 1743 2968 1798 Derceti:
3005 1744 3058 1796 in
3108 1744 3343 1800 Thracia
3372 1747 3592 1816 episco-

2009 1852 2120 1906 pus
2152 1846 2209 1892 et
2244 1838 2352 1891 huc
2382 1838 2701 1900 translatus,
2734 1838 2881 1891 sedit
2909 1837 3013 1891 sub
3038 1835 3269 1894 Valente
3303 1841 3468 1896 annis
3504 1839 3595 1903 12,

1949 1934 1988 1987 Β
2020 1927 2302 1981 mensibus
2336 1928 2389 1981 5.

2093 2022 2364 2091 Evagrius
2418 2020 2765 2075 orthodoxus
2807 2022 2875 2073 ab
2907 2018 3201 2076 Eustathio
3244 2024 3593 2080 Antiocheno

2017 2116 2307 2168 ordinatus
2338 2114 2500 2167 annis
2523 2114 2581 2176 6,
2615 2123 2672 2169 et
2706 2114 2759 2167 in
2792 2114 3048 2169 exsilium
3072 2130 3101 2169 a
3130 2116 3356 2172 Valente
3387 2118 3592 2172 missus

2017 2220 2120 2262 est.

2087 2298 2390 2369 Gregorius
2444 2301 2829 2359 Nazianzenus
2864 2303 3199 2375 Theologus,
3229 2303 3324 2373 qui
3373 2305 3590 2375 episco-

2017 2404 2202 2460 patum
2236 2395 2411 2449 tenuit
2440 2396 2602 2449 attnis
2636 2397 2719 2451 12.

2088 2487 2320 2557 Ipsoque
2357 2490 2411 2542 in
2450 2490 2683 2557 patriam
2713 2506 2942 2546 reverso
2980 2491 3273 2546 Nectarius
3298 2489 3380 2543 vir
3408 2489 3593 2559 digni-

2008 2589 2127 2634 tate
2179 2582 2551 2650 conspicuus,
2604 2588 3035 2639 catechumenus
3101 2584 3589 2647 Christianorum,

2017 2672 2260 2726 nondum
2295 2674 2625 2743 baptizatus,
2660 2678 2830 2730 simul
2872 2677 3165 2731 ordinatur
3192 2688 3245 2731 et
3276 2677 3591 2746 baptizatur

2015 2780 2044 2817 a
2074 2770 2265 2820 sancta
2291 2768 2500 2837 synodo
2540 2780 2762 2823 centum
2791 2783 2845 2824 et
2875 2771 3275 2840 quinquaginta
3298 2770 3588 2839 episcopo-

2016 2874 2163 2915 rum.
2199 2859 2356 2915 Sedit
2387 2864 2547 2917 annis
2578 2865 2664 2926 16,
2704 2865 2989 2919 mensibus
3017 2865 3070 2919 3.

2090 3040 2332 3095 Joannes
2386 3042 2677 3111 presbyter
2728 3042 3105 3097 Antiochenus
3162 3043 3590 3115 Chrysostomns

2016 3137 2176 3190 annis
2240 3135 2294 3199 5,
2358 3136 2641 3189 mensibus
2693 3136 2746 3188 6.
2800 3134 3097 3205 Relegatus
3151 3136 3207 3190 in
3260 3136 3591 3199 Comanum,

2017 3230 2164 3298 quod
2200 3240 2282 3283 est
2318 3230 2371 3282 in
2417 3226 2659 3282 secunda
2697 3229 2978 3296 provincia
3014 3231 3398 3292 Armenorum,
3428 3230 3586 3293 obiit,

2018 3332 2075 3376 ct
2134 3322 2418 3390 depositus
2469 3330 2554 3375 est
2606 3335 2729 3375 cum
2793 3320 3048 3390 reliquiis
3100 3323 3277 3377 sancti
3328 3323 3589 3394 martyris

2016 3414 2285 3468 Basilisci.

2088 3506 2352 3559 Arsacius
2383 3502 2678 3576 presbyter
2713 3507 2970 3561 Ecclesiae
3018 3508 3588 3579 Constantinopolita-

2018 3613 2122 3661 nae,
2156 3597 2326 3651 frater
2373 3599 2485 3667 jam
2532 3601 2819 3652 memorati
2869 3600 3138 3664 Nectarii,
3182 3611 3305 3670 post
3352 3602 3588 3672 ejectum

2017 3692 2472 3760 Chrysostomum
2507 3693 2885 3759 episcopatum
2918 3694 3097 3746 tenuit
3127 3694 3288 3747 annis
3322 3694 3378 3748 2.

2084 3783 2302 3835 Atticus
2396 3783 2680 3854 presbyter
2766 3782 3415 3854 Constantinopolitanus
3496 3803 3586 3840 an-

2020 3873 2105 3927 nis
2132 3873 2225 3926 20.

2092 3966 2375 4020 Sisinnius
2427 3966 2717 4037 presbyter
2745 3966 3413 4037 Constantinopohtanus,
3444 3982 3586 4021 anno

2018 4072 2150 4123 uno,
2190 4057 2473 4112 mensibus
2507 4059 2593 4112 10.

2088 4148 2383 4203 Νοειοι-ἰυλε
2419 4150 2709 4220 presbyter
2740 4149 3000 4205 Ecclesiae
3027 4151 3388 4207 Antiochente
3414 4151 3585 4206 bare

2020 4244 2163 4297 ticus
2194 4243 2355 4296 annis
2382 4246 2436 4306 ό,
2467 4244 2752 4297 mensibus
2786 4246 2841 4298 2.
2874 4242 2975 4299 Hic
3007 4244 3290 4313 depositus
3314 4244 3368 4297 in
3400 4243 3585 4299 Oasim

2014 4336 2219 4389 missus
2266 4343 2351 4388 est
2382 4335 2439 4389 in
2472 4336 2755 4399 exsilium,
2790 4334 2923 4390 dum
2959 4337 3125 4391 tertia
3156 4336 3399 4407 synodus
3439 4336 3584 4391 cele-

2017 4427 2296 4481 braretur.

2087 4521 2454 4576 Maximianus
2504 4523 2792 4592 presbyter
2838 4537 3038 4592 genere
3074 4521 3583 4593 Constantinopoli-

1945 4615 1990 4671 Β
2016 4626 2178 4669 Ianus
2206 4616 2365 4669 annis
2398 4616 2451 4679 2,
2475 4616 2668 4671 diebus
2693 4616 2745 4670 5.

2092 4705 2320 4761 Proclus
2355 4706 2736 4777 Chrysostomi
2770 4707 3095 4775 discipulus,
3133 4722 3162 4760 a
3205 4707 3469 4776 praedicto
3504 4708 3581 4763 Si-

2017 4799 2200 4853 sinnio
2264 4796 2550 4853 ordinatus
2594 4800 2891 4869 episcopus
2944 4800 3285 4869 Cyziccnus,
3339 4816 3442 4855 nec
3492 4800 3579 4853 atl-

2019 4890 2221 4945 missus
2254 4906 2283 4943 a
2315 4890 2559 4955 civibus,
2585 4906 2712 4945 cum
2744 4891 2953 4948 interea
2984 4902 3252 4956 vacasset,
3287 4902 3411 4963 post
3439 4910 3580 4949 mor-

2020 4989 2128 5037 tem
2163 4982 2504 5048 Maximiani,
2545 4999 2672 5037 cum
2709 4984 2890 5037 adhuc
2924 4986 3042 5054 ejus
3064 4987 3302 5040 cadaver
3326 4987 3379 5040 in
3415 4989 3581 5041 sacris

2020 5074 2203 5145 adytis
2247 5075 2484 5143 iaceret,
2523 5076 2581 5129 in
2613 5075 2805 5129 eadem
2842 5075 2960 5138 ipsa
3014 5076 3202 5146 Magna
3242 5078 3485 5135 Ecclesia
3518 5080 3581 5133 ad

2020 5165 2282 5225 thronum
2314 5166 2591 5222 evehitur.
2622 5208 2636 5221 .
2664 5206 2679 5222 .
2703 5205 2718 5221 .
2742 5206 2758 5223 .
2782 5208 2799 5225 .
2822 5206 2837 5221 .
2890 5170 3031 5223 sedit
3068 5169 3228 5223 annis
3258 5170 3346 5234 12,
3380 5171 3581 5225 mensi-

2016 5259 2121 5315 bus
2149 5260 2202 5313 5.

2090 5468 2385 5525 Flavianus
2433 5472 2723 5543 presbyter
2773 5472 3422 5542 Constantinopolitanus
3488 5489 3579 5529 an‘

2017 5575 2089 5613 no
2124 5562 2174 5622 1.
2207 5564 2491 5617 mensibus
2524 5565 2609 5619 10.

2089 5651 2226 5705 Cum
2275 5654 2321 5708 is
2371 5662 2441 5709 ab
2483 5656 2655 5727 impio
2707 5658 2965 5715 Dioscoro
3022 5660 3344 5717 interfectus
3395 5668 3578 5722 esset.

2016 5742 2304 5799 Anatolius
2334 5747 2626 5818 presbyter
2655 5760 2710 5805 et
2748 5754 3143 5821 apocrisiarius
3170 5755 3428 5810 Ecclesiae
3454 5756 3578 5809 Ale-

2018 5832 2304 5889 xandrina:
2351 5837 2663 5905 ordinatur,
2708 5855 3015 5913 prmestqtte
3065 5849 3225 5901 annis
3276 5845 3327 5912 8,
3376 5848 3576 5903 mensi-

2019 5924 2118 5978 bus
2155 5924 2206 5979 8.
