4262 6446
723 459 825 520 1.55

1961 439 2379 500 NICEPIIORI
2420 438 2766 499 CALLlSTI

3882 422 3985 486 656

796 572 1122 628 Gennadius
1171 570 1463 641 presbyter
1513 562 2165 633 Constantinopolitanus
2213 561 2384 620 σει-Α

2300 585 2308 595 -
2336 561 2384 620 Α
2482 557 2763 618 Γεννάδιος
2792 551 3166 623 πρεσϐύτερος
3215 543 3851 604 Κωνσταντινουπόλεως
3885 543 3983 612 ἒιη

728 668 834 719 nis.
858 703 871 717 .
895 707 907 719 .
953 665 1234 718 mensibus
1261 664 1314 716 5.

800 760 1035 813 Aeacius
1090 756 1382 827 presbyter
1411 751 2060 821 Coustantinopolitanus
2111 755 2166 799 et
2212 760 2302 798 or-

731 850 1038 916 plianorum
1084 858 1310 900 curator
1342 848 1521 900 annis.
1547 885 1559 897 .
1586 886 1600 900 .
1639 844 1940 898 mensibus.
1969 881 1982 895 .
2014 881 2026 894 .

805 943 1061 996 Phraitas
1118 941 1410 1009 presbyter
1469 947 1672 991 sancta:
1751 935 1969 990 Thecla:
2041 933 2305 1006 Syearum

734 1033 1020 1088 mensibus
1057 1033 1109 1094 '5,
1147 1031 1346 1083 diebus
1387 1031 1472 1082 l7.
1506 1029 1656 1082 Zeno
1686 1027 1837 1080 illum
1869 1025 2070 1080 evexit.

804 1127 1042 1178 Aeacius
1081 1124 1369 1193 presbyter
1407 1122 1699 1175 lucretieus
1738 1119 1841 1173 sub
1885 1117 2181 1172 Anastasio
2223 1114 2309 1167 Di-

734 1235 863 1272 coro
921 1218 1082 1270 annis
1117 1217 1198 1277 Π,
1228 1215 1512 1268 mensibus
1539 1213 1592 1266 9.
1625 1212 1722 1264 llic
1751 1218 1872 1264 erat
1900 1210 2068 1264 etiam
2110 1207 2312 1275 orpha-

736 1329 930 1364 :iurum
966 1319 1211 1362 curatur.

807 1403 1150 1470 Eupbemius
1205 1399 1497 1469 presbyter
1551 1393 2208 1462 Constantinopolitanus
2258 1401 2314 1446 et

737 1511 1044 1565 pauperum
1097 1501 1321 1546 curator
1374 1490 1681 1558 Neapoleos
1721 1487 1883 1540 annis
1916 1500 2011 1540 sex
2058 1500 2183 1540 cum
2233 1484 2315 1537 di-

738 1589 931 1641 midio.

811 1679 888 1733 Eo
914 1678 983 1732 ab
1014 1677 1304 1731 Anastasio
1348 1678 1684 1745 imperatore
1713 1675 1916 1744 ejeeto,
1950 1680 2174 1726 creatur
2209 1671 2318 1725 Ma-

739 1769 1010 1822 cedonius
1036 1771 1323 1835 presbyter
1352 1765 2006 1832 ConstantinopoliLanus
2035 1803 2048 1825 ,
2078 1771 2132 1815 et.
2161 1777 2320 1815 vaso-

743 1875 865 1913 rum
925 1871 1138 1922 custos,
1186 1859 1281 1927 qui
1335 1857 1480 1913 sedit
1531 1857 1694 1910 annis
1730 1856 1818 1920 16,
1864 1853 2148 1908 mensibus
2176 1853 2230 1914 7.
2263 1862 2321 1908 et

742 1950 1004 2018 expulsus
1033 1960 1119 2002 est
1154 1949 1221 2002 ab
1257 1949 1568 2002 Anastasio.

816 2038 1146 2091 Timotheus
1199 2038 1489 2106 presbyter
1544 2033 2225 2102 ConstaiitinOpolitanus,
2265 2042 2321 2086 et

744 2145 1005 2184 vasorum
1041 2131 1248 2193 custos,
1276 2127 1434 2180 annis
1465 2127 1518 2190 6,
1549 2139 1675 2180 cum
1724 2123 1982 2191 dimidio,
2007 2123 2114 2177 sub
2158 2121 2327 2177 Justi-

745 2223 915 2274 niauo
953 2219 1171 2288 Magno.

818 2314 1061 2367 Joannes
1093 2311 1389 2380 Cappadox
1427 2311 1716 2379 presbyter
1758 2319 1815 2363 ct
1861 2308 2141 2379 syncellus
2179 2307 2326 2360 Cou-

749 2406 1144 2474 staminopolis
1201 2405 1304 2457 sub
1365 2403 1683 2457 Justiniano
1739 2417 1885 2456 anno
1939 2416 2072 2464 uno,
2114 2399 2323 2452 mensi-

751 2499 855 2551 bus
887 2497 972 2550 lO.

826 2587 1171 2658 Epiphanius
1234 2587 1523 2656 presbyter
1577 2585 2226 2654 Constantinopolitanus
2270 2591 2328 2637 et

750 2682 1029 2752 syneellus
1060 2681 1219 2733 annis
1253 2679 1340 2743 lt},
1376 2677 1658 2732 mensibus
1688 2678 1743 2731 5.

825 2772 1125 2826 Anthimus
1183 2773 1360 2838 primo
1409 2769 1882 2837 'l'rapezuntinus.
1929 2769 2132 2823 deinde
2181 2769 2328 2823 Con-

755 2863 1291 2931 stantinopolitanus
1352 2876 1570 2929 praeses,
1619 2860 1906 2914 mensibus
1955 2860 2175 2914 decem:
2228 2860 2329 2915 llic

756 2955 1042 3024 depositus
1080 2964 1164 3007 est
1207 2968 1236 3006 a
1271 2955 1479 3022 synodo
1508 2964 1704 3007 contra
1746 2953 2013 3006 Severum
2050 2962 2105 3006 et
2136 2963 2329 3006 contra

757 3050 934 3117 ipsum
965 3047 1287 3100 Anthimum
1319 3055 1531 3097 coacta.

829 3140 1015 3192 Menas
1065 3137 1348 3205 presbyter
1377 3136 2051 3203 Constantinopolitanus,
2086 3145 2138 3187 et
2193 3149 2330 3203 pra:-

2414 690 2430 704 .
2468 692 2481 704 .
2514 689 2529 702 .
2566 689 2581 703 .
2619 651 2796 717 μῆνις
2825 645 2896 713 γ’.

2492 741 2748 800 Ἀκάκιος
2787 736 3162 807 πρεσϐύτερος
3225 731 3856 791 Κωνσταντινουπόλεως
3891 730 3989 780 καὶ

2410 831 2815 902 ὀρφανοτρόφος
2848 829 2941 898 ἐτη
2988 869 3001 881 .
3035 865 3049 880 .
3088 866 3100 878 .
3137 866 3152 880 .
3186 827 3364 895 μῆνας
3399 863 3412 876 .
3445 865 3458 877 .
3493 863 3505 876 .
3545 863 3557 875 .

2482 925 2719 992 Φραῖτας
2777 920 3154 990 πρεσϐύτερος
3182 918 3280 986 τῆς
3336 915 3499 982 ἁγίας
3551 913 3761 980 θὲκλης
3797 909 3988 962 Συκῶν

2418 1017 2593 1087 μῆνας
2619 1013 2688 1082 γ’,
2717 1014 2934 1085 ἡμέρας
2969 1014 3056 1077 ιζ’.
3108 1013 3166 1065 Ὀ
3189 1013 3376 1080 Ζήνων
3404 1009 3687 1074 ἐποίησεν.

2499 1109 2754 1170 ’Λκὰκιος
2808 1106 3180 1176 πρεσϐύτερος
3209 1102 3483 1171 αἱρετικὸς
3516 1101 3607 1152 ἐπὶ
3637 1095 3995 1149 Ἀναστασῖου

2416 1201 2510 1253 τοῦ
2575 1201 2808 1269 Δικόρου
2847 1198 2944 1267 ἔτη
2981 1195 3070 1263 ιζ’,
3106 1197 3281 1266 μῆνας
3309 1193 3374 1246 θ’.
3405 1186 3573 1250 Οὗτος
3597 1187 3666 1260 ἧν
3703 1190 3794 1240 καὶ
3819 1188 3996 1254 ὀρφα-

2418 1309 2510 1346 νοτ
2519 1293 2700 1361 ρόφος.

2490 1385 2779 1457 Ιεὲύφήμιος
2832 1382 3211 1453 πρεσϐύτερος
3239 1377 3869 1438 Κωνσταντινουπόλεως
3909 1375 3998 1427 καὶ

2419 1480 2808 1548 πτωχοτρόφος
2841 1476 3165 1537 Νεαπόλεως
3194 1474 3290 1541 ἐτη
3323 1473 3376 1536 ς’
3410 1473 3610 1542 ἥμισυ.

2493 1659 2698 1712 Τούτου
2755 1656 3117 1726 ἐκϐληθέντος
3175 1654 3281 1707 ὑπὸ
3342 1653 3722 1716 ’Λναστασίου,
3787 1651 4006 1717 γίνεται

2421 1751 2760 1813 Μακεδόνιος
2791 1750 3168 1818 πρεσϐύτερος
3201 1746 3850 1805 Κωνσταντινουπόλεως,
3909 1744 4006 1792 καὶ

2424 1843 2788 1910 σκευοφύλαξ,
2855 1841 2952 1910 ἔτη
3003 1838 3106 1907 ις’,
3170 1843 3345 1910 μῆνας
3371 1838 3450 1902 ζ’·
3503 1838 3562 1900 ὃς
3606 1837 3876 1903 ἐξεϐλῂυη
3902 1834 4009 1885 ὑπ’)

2436 1936 2820 1990 Ἀναστασίου.

2491 2030 2534 2080 Τ
2542 2029 2754 2098 ιμόθεος
2771 2027 3047 2097 πρεσϐύτε
3058 2043 3145 2096 ρος
3169 2022 3800 2084 Κωνσταντινουπόλεως
3817 2036 4010 2070 σκεύο-

2428 2121 2608 2189 φύλαξ
2628 2121 2724 2190 ἐτη
2763 2118 2815 2184 ς’
2837 2119 3033 2188 ἥμισυ,
3087 2119 3182 2170 ἐπὶ
3235 2115 3620 2170 Ὶουστινιανοῦ
3671 2113 3765 2165 τοῦ
3819 2112 4011 2177 Μεγά-

2421 2219 2537 2270 λου.

2516 2307 2770 2375 Ἰωάννης
2802 2309 2830 2359 ὁ
2880 2305 3258 2374 Καππαδόκης
3305 2301 3686 2372 πρεσϐύτερος
3735 2301 3829 2351 καὶ
3883 2300 4017 2364 σύγ·

2431 2397 2621 2457 κελλος
2667 2397 3305 2456 Κωνσταντινουπόλεως
3349 2397 3443 2447 ἐπὶ
3478 2388 3855 2446 Ἰουστινιανοῦ
3892 2391 4008 2451 ἔτος

2434 2487 2505 2552 α’,
2539 2491 2711 2558 μῆνας
2752 2488 2806 2542 ι’.

2518 2582 2836 2649 Ἐπιφάνιος
2865 2581 3237 2650 πρεσϐύτερος
3262 2581 3894 2640 Κωνσταντινουπὸλεως
3923 2581 4020 2630 καὶ

2435 2675 2732 2743 σύγκελλος
2761 2675 2854 2745 ἔτη
2893 2681 2992 2738 ις’,
3034 2675 3211 2744 μῆνας
3241 2675 3309 2741 γ’.

2511 2770 2774 2836 Ἀνθιμος
2827 2767 3298 2836 ὁΤραπεζοῦντος
3351 2767 3642 2836 πρότερον,
3692 2760 3812 2816 εἶτα
3867 2765 4023 2815 Κων-

2435 2860 2936 2922 σταντινουπόλεως
2997 2863 3173 2928 μῆνας
3234 2859 3284 2912 ι’.
3350 2858 3519 2919 Οὗτος
3575 2857 3853 2928 καθῃρέθη
3915 2858 4023 2907 ὑπὸ

2439 2955 2538 3021 τῆς
2575 2955 2716 3004 κατὰ
2751 2951 2844 3004 τοῦ
2883 2955 3125 3022 Σευὴρου
3163 2954 3258 3004 καὶ
3291 2951 3414 3004 κατ’
3450 2951 3618 3003 αὑτοῦ
3652 2950 4021 3019 συνελθούσης

2441 3048 2684 3099 συνόδου.

2511 3139 2702 3206 Μηνᾶς
2736 3137 3108 3206 πρεσϐύτερος
3148 3136 3779 3198 Κωνσταντινουπόλεως
3808 3135 4023 3198 Esi/06'3-

759 3231 940 3284 fcctus
994 3229 1220 3295 hospitii
1271 3227 1615 3294 Sampsouis.
1665 3225 1958 3278 ordinatus
1986 3227 2055 3279 ab
2088 3227 2332 3294 Agapeto
2363 3243 2402 3296 ο
2438 3249 2442 3296 τ

2363 3243 2402 3296 C
2438 3248 2530 3298 χος
2597 3229 2706 3281 τῶν
2750 3229 3019 3296 Σαμψὼν,
3077 3228 3483 3297 χειροτονηθεὶς
3531 3227 3638 3279 ὑπὸ
3711 3227 4022 3297 ’Λγαπητοῦ

764 3338 898 3391 papa
926 3321 1132 3379 Ιὶοιιιειε,
1164 3320 1321 3370 annis
1352 3319 1431 3379 lb',
1466 3317 1749 3369 mensibus
1783 3316 1836 3369 6.

838 3416 912 3466 lio
946 3424 1126 3464 autem
1157 3411 1418 3462 defuncto
1448 3418 1502 3460 et
1534 3409 1713 3461 adhuc
1749 3409 1800 3458 in
1839 3405 2122 3473 sandapila
2155 3406 2222 3458 ad
2253 3419 2336 3458 sa-

763 3507 1004 3559 crarium
1025 3506 1266 3573 jaceute,
1290 3502 1577 3553 ordinatus
1599 3509 1684 3551 est
1712 3498 2018 3568 Eutychius
2049 3497 2337 3565 presbyter

764 3610 820 3653 et
857 3598 1158 3651 monachus
1192 3595 1509 3648 monasterii
1545 3594 1904 3657 Amasiensis,
1935 3593 2027 3660 qui
2072 3592 2212 3645 sedit
2239 3607 2339 3643 an-

767 3693 851 3744 nis
884 3692 968 3752 19.,
1003 3690 1285 3742 mensibus
1320 3689 1372 3740 5.

841 3782 939 3835 Hic
983 3782 1194 3850 eiectus
1236 3789 1320 3834 est
1367 3796 1396 3832 a
1436 3780 1749 3834 Iustiniano
1797 3779 2153 3846 imperatore,
2197 3790 2341 3827 anno

772 3874 988 3942 imperii
1028 3873 1204 3941 ipsius
1238 3871 1326 3935 38,
1359 3881 1695 3939 creaturque
1732 3881 1857 3938 post
1891 3869 2136 3921 triduum
2173 3867 2343 3921 Joan-

773 3983 871 4020 nes
907 3967 1279 4019 Scholasticns
1316 3965 1604 4032 presbyter
1637 3963 2042 4021 Antiocheuus,
2075 3960 2170 4028 qui
2202 3959 2343 4013 sedit

773 4059 933 4111 anuis
962 4058 1046 4117 12,
1081 4057 1362 4110 mensibus
1390 4057 1443 4109 6.
1479 4056 1577 4108 llic
1609 4063 1730 4107 erat
1759 4053 1863 4106 sub
1892 4052 2109 4106 Justino
2135 4050 2345 4105 sororis

771 4150 1065 4206 Justiniaui
1103 4150 1214 4202 tilio
1241 4168 1254 4202 :
1290 4165 1353 4201 ac
1385 4149 1488 4200 sub
1519 4145 1742 4200 Tiberio
1773 4154 2024 4198 mortuus
2053 4151 2158 4206 est,
2202 4143 2348 4212 ejus-

774 4260 879 4311 que
912 4242 1034 4296 loco
1068 4257 1285 4294 rursum
1318 4249 1610 4308 cooptatur

843 4335 1151 4404 Eutychius
1197 4334 1288 4402 qui
1340 4332 1481 4386 sedit
1510 4334 1670 4385 annis
1697 4331 1751 4392 4.
1787 4331 2076 4384 mensibus
2099 4329 2156 4390 6,
2187 4341 2350 4380 omne

779 4436 995 4493 tempus
1023 4424 1540 4492 archiepiscopatus
1569 4425 1688 4492 ejus
1715 4432 1799 4475 est
1824 4436 2096 4474 annorum
2124 4419 2212 4484 Π,
2240 4433 2351 4471 uno

777 4517 1006 4571 deﬁcien
1016 4531 1063 4569 te
1091 4532 1297 4570 mense.

855 4609 1095 4662 Joannes
1120 4610 1388 4662 diaconus
1413 4609 1618 4676 Magna:
1654 4607 1914 4662 Ecclesia:
1934 4615 1989 4660 et
2011 4607 2351 4669 sacellarius,
2389 4586 2428 4636 θ

781 4702 1061 4770 ,ιι-ἱιιιιοιοι-
1081 4702 1283 4764 dictus,
1301 4702 1402 4755 sub
1422 4701 1683 4756 Mauricio
1701 4702 1860 4754 annis
1885 4699 1974 4764 15,
1999 4699 2282 4752 mensibus
2299 4698 2352 4752 5.

787 4793 1086 4847 Ordinatus
1123 4804 1206 4846 est
1234 4803 1354 4862 post
1386 4795 1523 4847 dies.
1553 4831 1567 4846 .
1593 4833 1608 4847 .
1635 4830 1650 4846 .
1677 4830 1691 4844 .
1712 4831 1728 4846 .
1770 4792 2080 4860 imperante
2109 4789 2354 4844 Tiberio.

781 4886 931 4940 Obiit
961 4894 1140 4938 autem
1191 4901 1332 4937 anno
1359 4885 1572 4939 decimo
1601 4893 1799 4954 quarto
1833 4882 2078 4937 Mauricii
2120 4882 2357 4952 impera-

787 4981 943 5030 toris.

853 5070 1119 5141 Cyriacus
1163 5069 1444 5140 presbyter
1481 5079 1534 5122 et
1564 5084 1885 5123 (economus
1937 5083 2147 5138 magna:
2176 5068 2358 5121 Eccle-

785 5163 902 5224 siae,
934 5162 1096 5215 annis
1130 5163 1217 5214 tl.
1247 5160 1346 5215 llic
1389 5172 1504 5214 erat
1537 5160 1639 5214 sub
1675 5159 1941 5214 Mauricio
1969 5167 2026 5214 et
2051 5159 2153 5221 sub
2179 5157 2357 5213 Phoca

789 5262 1042 5322 tyranno.

859 5343 1099 5396 Thomas
1122 5344 1387 5397 diaconus
1413 5353 1468 5397 et
1497 5343 1821 5399 sacellarius
1848 5341 2050 5412 Magna:
2074 5341 2356 5406 Ecclesize,

787 5435 947 5487 annis
974 5435 1026 5496 5,
1061 5436 1340 5489 mensibus
1368 5437 1422 5488 Ξ.

861 5525 1085 5594 Sergius
1121 5526 1388 5578 diaconus
1442 5525 1700 5580 Ecclesia:
1733 5526 2361 5596 Constantinopolitanae

787 5632 855 5671 ex
887 5618 954 5669 iis
986 5619 1101 5684 qui.
1136 5658 1148 5669 .
1179 5658 1190 5668 .
1223 5657 1235 5670 .
1266 5657 1278 5669 .
1306 5656 1320 5670 .
1372 5628 1426 5671 et
1460 5620 1510 5670 iu
1559 5620 1738 5687 phiala
1771 5630 2030 5687 portuum
2081 5619 2364 5688 hospitalis

791 5711 895 5762 sub
927 5708 1105 5762 Phoca
1132 5717 1186 5760 et
1225 5710 1478 5763 lleraclio
1509 5711 1668 5763 annis
1693 5710 1783 5775 ‘28,
1822 5709 2107 5764 mensibus
2133 5711 2184 5774 7,
2207 5725 2361 5763 crea-

796 5809 883 5853 tus
914 5815 1109 5867 m::gno
1144 5800 1404 5853 Sabbato.

865 5891 1107 5963 Pyrrhus
1142 5895 1430 5964 presbyter
1467 5895 1670 5963 Magn-.1:
1703 5896 1985 5960 Ecclesiae,
2020 5904 2076 5949 et
2102 5897 2360 5964 princeps

2440 3324 2640 3374 πάππα
2674 3320 2924 3390 Ῥώμης,
2957 3321 3055 3387 ἔτη
3087 3319 3183 3382 ις’,
3229 3320 3402 3386 μῆνας
3432 3325 3506 3382 ς’.

2508 3415 2774 3474 Θανὸντος
2802 3413 2858 3465 δὲ
2890 3411 3086 3463 τούτου
3117 3413 3208 3463 καὶ
3239 3413 3320 3462 ἔτι
3363 3411 3618 3478 κειμένου
3644 3413 3700 3461 ὲν
3723 3415 3790 3480 τῇ
3820 3411 4026 3481 λεκάνῃ

2442 3507 2610 3557 αὐτοῦ
2643 3507 2700 3556 ὲν
2733 3504 2810 3572 τῷ
2851 3503 3104 3573 ἱερατείῳ
3157 3503 3543 3572 ἐχειροτονήθη
3598 3503 3860 3572 Εὐτύχιος
3891 3521 4018 3572 πρε-

2445 3600 2708 3667 σϐύτερος
2765 3597 2858 3649 καὶ
2912 3597 3143 3664 μοναχὶλς
3194 3595 3288 3647 τοῦ
3346 3598 3406 3648 ὲν
3447 3597 3715 3667 ’Λμαςεία
3747 3613 4027 3665 μοναστη-

2446 3691 2562 3760 ρίου
2589 3691 2679 3759 ἐτη
2713 3690 2800 3758 ιβ’,
2831 3691 3006 3758 μῆνας
3038 3687 3100 3740 ε’.

2518 3778 2688 3845 Οὗτος
2739 3781 3004 3850 ἐξεϐλήθη
3042 3781 3147 3832 ὑπὸ
3192 3781 3286 3832 τοῦ
3344 3781 3608 3850 βασιλέως
3639 3783 4026 3834 Ἰούστινιανοῦ

2446 3875 2526 3945 τῷ
2566 3876 2646 3943 λη’
2687 3875 2800 3927 ἔτει
2847 3875 2942 3942 τῆς
2972 3873 3136 3925 αὑτοῦ
3165 3873 3466 3941 βασιλείας,
3498 3876 3824 3941 καὶγίνεται
3846 3876 4031 3929 Ἰωάνα

2446 3987 2541 4039 νης
2579 3968 2940 4037 Σχολαστικος
2968 3967 3346 4036 πρεσϐύτερος
3379 3969 3713 4036 Ἀντιοχείας
3738 3969 3857 4036 μεθ’
3895 3971 4030 4040 ἠμέ-

2453 4079 2549 4131 ρας
2577 4068 2626 4127 γ’
2662 4060 2754 4129 ἐτη
2802 4057 2890 4128 ιβ’,
2932 4062 3107 4128 μῆνας
3172 4058 3246 4122 ς’.
3281 4053 3452 4121 Οὗτος
3484 4056 3550 4129 ἦν
3602 4064 3696 4112 ἐπὶ
3733 4061 4030 4114 Ἰουστίνου

2447 4150 2671 4220 ἀνεψιοῦ
2699 4149 3104 4203 Ἰούστινιανοῡ.
3138 4148 3310 4212 Οὗτος
3346 4153 3440 4203 ἐπὶ
3496 4150 3757 4222 Τιϐερίου
3799 4153 4034 4224 τελευτᾷ

2449 4240 2564 4303 οὖν,
2601 4243 2694 4294 καὶ
2734 4240 2994 4308 ἀνάγεται
3029 4241 3187 4294 πάλιν

2523 4331 2785 4400 Εὑτύχιος
2839 4331 2933 4400 ἐτη
2983 4332 3046 4394 δ’,
3096 4331 3273 4399 μῆνας
3319 4330 3398 4396 ς’,
3447 4334 3586 4402 ὁμοῦ
3618 4335 3687 4386 τὰ
3720 4335 3900 4388 πάντα
3937 4339 4031 4406 ἔτη

2456 4427 2552 4489 τῆς
2583 4425 2997 4495 ἀρχιερωσύνης
3045 4425 3214 4478 αὑτοῦ
3269 4425 3481 4494 ἔτηιζ¹,
3535 4429 3703 4497 χωρὶς
3740 4428 3860 4491 ἑνὸς
3923 4448 4033 4500 μη-

2458 4537 2547 4580 vo;
2558 4555 2570 4568 .

2537 4610 2794 4680 Ἰωάννης
2823 4611 3072 4673 διάκονος
3121 4614 3220 4680 τῆς
3248 4611 3512 4680 Μεγάλης
3565 4612 3906 4682 Ἑκκλησίσς
3934 4613 4034 4666 καὶ

2459 4702 2814 4772 σακελλάριος
2860 4707 2888 4756 ὁ
2941 4704 3260 4773 Νηστευτὴς
3300 4705 3392 4756 ἐπὶ
3425 4705 3736 4772 Μαυρικίου
3791 4705 3887 4773 ἔτη
3944 4713 4032 4772 ιγ’,

2462 4801 2637 4866 μῆνας
2677 4804 2738 4849 ε’.
2779 4795 3193 4865 Ἐχειροτονήθη
3230 4795 3351 4864 μεθ’
3396 4799 3612 4866 ἡμέρας
3645 4837 3659 4850 .
3697 4835 3711 4850 .
3749 4835 3763 4848 .
3798 4798 3890 4848 ἐπὶ
3937 4799 4037 4865 τῆς

2462 4888 2738 4955 βασιλείας
2802 4885 3090 4954 Τιϐερίουο
3149 4885 3383 4957 τελευτᾷ
3435 4887 3493 4938 δὲ
3549 4887 3627 4956 τῷ
3679 4887 3738 4938 ιδ’
3769 4887 3882 4937 ἔτει
3933 4888 4036 4954 τῆς

2461 4978 2774 5047 Μαυρικίου
2801 4976 3102 5045 βασιλείας.

2534 5069 2815 5138 Κυριακδς
2853 5068 3223 5137 πρεσϐύτερος
3265 5073 3358 5118 καὶ
3389 5068 3679 5135 οἰκονόμος
3727 5070 3824 5136 τῆς
3849 5071 4038 5137 Μεγά-

2460 5162 2558 5230 λης
2597 5160 2924 5227 Ἐκκλησίας
2981 5161 3077 5228 ἔτη
3112 5157 3199 5214 ια’.
3242 5159 3412 5222 Οὗτος
3461 5155 3530 5230 ἦν
3575 5160 3669 5210 ἐπὶ
3718 5161 4039 5230 Μαυρικιου

2461 5254 2556 5305 καὶ
2585 5252 2678 5303 ἐπὶ
2702 5252 2868 5304 Φωκᾶ
2896 5251 2991 5303 τοῦ
3017 5251 3310 5318 τυράννου.

2531 5343 2732 5411 Θωμᾶς
2782 5342 3029 5405 διάκονος
3083 5345 3177 5395 καὶ
3233 5342 3594 5412 σακελλάριος
3643 5348 3744 5414 της
3775 5345 4040 5416 Μεγάλης

2475 5436 2802 5504 Ἐκκλησιας
2832 5435 2924 5504 ἐτη
2955 5433 3024 5502 γ’,
3059 5436 3236 5505 μῆνας
3272 5437 3336 5503 β’.

2537 5527 2761 5597 Σέργιος
2795 5527 3040 5589 διάκονος
3078 5529 3179 5596 τῆς
3241 5529 3567 5598 Ἐκκλησίας
3593 5529 4044 5583 Κωνσταντινου-

2465 5620 2674 5681 πύλεως
2703 5620 2812 5672 τῶν
2841 5621 2898 5671 ὲν
2931 5657 2946 5672 .
2980 5658 2993 5672 .
3027 5655 3040 5670 .
3083 5659 3096 5674 .
3144 5620 3239 5671 καὶ
3282 5621 3454 5688 φιάλῃ
3480 5621 3590 5672 τῶν
3625 5623 3858 5689 λιμένωι
3893 5639 4044 5673 πτω-

2465 5713 2627 5780 χείων
2658 5712 2752 5762 ἐπὶ
2774 5712 2935 5764 ψωκᾶ
2959 5710 3050 5762 καὶ
3091 5711 3419 5778 Ἡρακλείου
3460 5712 3554 5780 ἐτη
3609 5718 3718 5780 κη’,
3757 5715 3936 5781 μῆνας
3971 5712 4037 5777 ς’,

2466 5800 2708 5869 γεγονὼς
2739 5801 2816 5871 τῷ
2843 5802 3069 5871 μεγάλῳ
3101 5803 3390 5870 Σαϐϐάτῳ.

2540 5895 2753 5963 Πύρρος
2815 5893 3187 5962 πρεσϐύτερος
3243 5895 3342 5966 τῆς
3401 5895 3660 5966 Μεγάλης
3705 5896 4041 5966 Ἐκκλησιας
