4262 6446
310 364 404 430 541

1198 379 1456 444 SERMO
1495 384 1576 444 IN
1620 386 1676 448 S.
1722 386 2033 447 MARIAM
2077 389 2631 459 MAGDALENAM.

3458 406 3573 472 542

304 480 469 548 χάριν
503 480 769 548 οὐμενοῦν
815 487 875 538 οὐ
911 491 1111 558 μικρὰν
1145 495 1256 555 τοῖς
1287 511 1350 562 γε
1402 495 1480 563 τῷ
1517 498 1640 567 περὶ
1675 497 1878 566 ταύτης
1906 501 1952 557 Α
1983 517 1987 568 ι

305 570 323 588 η
348 572 362 588 ι
483 572 509 588 .
640 575 652 588 .
898 575 963 588 .-.
1008 583 1029 588 _
1265 587 1296 588 η

1906 501 1952 557 Α
1983 502 2223 568 proferre
2254 519 2608 574 prasument.
2635 510 2738 577 Qui
2768 511 2913 568 enim
2943 515 3115 570 labori
3140 517 3300 572 alicui
3326 517 3571 588 indulget

305 570 451 639 λόγῳ
483 572 826 644 θαρσήσασιν
866 575 963 633 οἶδ’
1003 583 1083 636 ὅτι
1134 587 1446 656 παρέξειεν.
1495 591 1642 660 Ὅτῳ
1677 592 1784 659 γὰρ
1820 593 1884 644 ἂν

305 662 538 725 ἕκαστος
566 665 712 737 ἔργῳ
753 669 833 723 ἔτι
880 673 957 742 τῷ
990 675 1090 746 ζῇν
1117 680 1346 748 περιὼν,
1383 683 1577 736 ἑαυτὸν
1615 687 1884 756 ἐπιδιὸσίη

302 758 400 809 καὶ
431 757 636 828 samo,
661 762 837 834 τούτῳ
867 766 931 838 δὴ
961 771 1055 822 καὶ
1085 771 1195 824 τῶν
1220 773 1428 828 ἐνθένδε
1465 781 1884 850 μεταχωρήσας,

303 852 360 902 ei
391 869 498 905 τινι
551 857 660 908 τῶν
708 859 972 916 ἁπάντων
1007 865 1180 934 όρῷτο
1235 870 1566 939 τιμώμενος,
1623 874 1886 940 γάννυται

303 946 402 1048 ἐπὶ
436 947 660 1014 μᾶλλον,
715 953 807 1004 καὶ
853 955 1210 1029 ἀνεκλαλήτῳ
1241 963 1425 1032 χαίρει
1458 967 1623 1035 χαρᾷ.
1677 969 1773 1019 Διά
1803 985 1887 1021 τοι

302 1043 475 1091 ταῦτα
513 1043 793 1112 προσῆκον
830 1049 920 1100 καὶ
956 1052 1161 1104 οἰκεῖον
1189 1057 1253 1124 τῇ
1287 1057 1378 1108 τοῦ
1403 1059 1581 1126 Λόγου
1611 1061 1888 1130 μαθητρίᾳ

302 1131 364 1181 τὸ
396 1134 457 1183 ἐκ
486 1134 659 1200 λόγων
690 1138 989 1208 ἐγκώμιον.
1017 1143 1235 1217 Οὐ.μὴν
1258 1148 1394 1200 ἀλλά
1426 1152 1519 1202 καὶ
1546 1152 1669 1204 καθ’
1699 1153 1888 1220 ἕτερόν

303 1242 366 1291 γε
425 1230 628 1296 τρόπον
687 1235 988 1303 ἀναγκαῖος
1028 1242 1160 1306 ἡμῖν
1215 1245 1242 1296 ὁ
1297 1247 1424 1314 περὶ
1474 1250 1675 1318 ταύτης
1729 1249 1888 1318 λόγος

303 1319 472 1420 ἐστίν·
510 1324 666 1420 ἀνδρὶ
835 1332 980 1395 ἐξέτι
1026 1335 1148 1388 νέου
1187 1337 1379 1406 λόγους
1427 1343 1752 1408 ἀσκήσαντι.
1793 1345 1888 1396 καὶ

302 1423 522 1501 τ’)ῗτοιῗ
551 1413 627 1476 ὡς
656 1417 896 1484 μάλιστα
925 1428 1312 1493 συντραφέντι,
1342 1431 1571 1501 δεύτερά
1595 1450 1652 1486 τε
1682 1435 1888 1488 τούτων

302 1499 580 1601 τεθεμέῃνῳ
604 1508 674 1561 τὰ
702 1511 899 1580 πάντα,
935 1517 1031 1568 καὶ
1059 1523 1236 1589 χρεών
1266 1539 1326 1590 γε
1357 1523 1416 1576 ὃν
1437 1499 1553 1594 Θεῷ
1579 1528 1888 1581 ἀνατιθέναι

298 1594 424 1687 τῶν
447 1594 626 1687 λόγων
652 1601 752 1664 τὰς
784 1605 1063 1677 ἀπαρχὰς,
1097 1611 1149 1663 τί
1191 1614 1312 1666 ποτ’
1359 1617 1424 1668 ἂν
1459 1619 1664 1686 μᾶλλον
1695 1621 1888 1687 ἐκείνῳ

397 1684 551 1754 ἣδιον
582 1692 665 1760 εἴη
713 1693 744 1762 ῆ
774 1694 933 1762 λόγος
971 1702 996 1752 ὁ
1032 1703 1159 1771 περὶ
1201 1705 1398 1772 Λόγου,
1433 1684 1527 1759 καὶ
1555 1710 1585 1778 ἠ
1618 1713 1743 1779 περὶ
1779 1684 1889 1764 τῶν

300 1775 448 1846 λόγῳ
478 1781 717 1846 πίστεως
748 1786 1166 1860 διαδραμόντων
1201 1798 1299 1866 τὴν
1332 1801 1663 1869 οἰκουμένην
1701 1806 1889 1873 διήγη-

300 1889 426 1934 σιςς
469 1875 578 1928 Καὶ
629 1879 819 1947 τρίτον
863 1884 1189 1956 ἀλογίστων,
1225 1893 1427 1958 μᾶλλον
1468 1895 1525 1947 δὲ
1573 1899 1886 1967 ἀχαρίστων

297 1967 517 2060 ἀνδρῶν
549 1970 727 2039 ἔγωγε
755 1975 950 2043 κρίνω,
975 1984 1267 2049 προγόνοις
1305 1987 1404 2054 μὲν
1427 1990 1537 2052 τοῖς
1569 1989 1626 2054 ἐξ
1656 1991 1886 2060 αἵματος

294 2059 481 2162 ζέων.
512 2065 750 2119 ἐκτίνειν
780 2070 988 2123 ἐθέλειν
1016 2076 1227 2147 ὅσηπερ
1262 2080 1377 2130 ἐστὶ
1407 2081 1744 2150 δυναμένοις,
1772 2090 1884 2148 τοῖς

291 2152 352 2204 δὲ
389 2154 482 2206 τοῦ
536 2159 849 2226 κρείττονος
907 2167 1040 2234 ἡμῖν
1095 2160 1361 2240 ἀρχηγοῖς
1412 2176 1505 2227 καὶ
1561 2179 1754 2242 αἰτίοις
1786 2180 1885 2249 τὴν

296 2253 692 2342 πνευματικὴν
721 2258 1089 2328 ἀναγέννησιν
1120 2266 1250 2333 μηδ’
1285 2268 1539 2322 ὁπωσοῦν
1585 2275 1887 2342 προθυμεῖ-

296 2335 422 2430 σθαι
459 2340 527 2390 τά
563 2344 748 2396 εἰκότα
787 2351 1134 2416 χαρίζεσθαι.
1197 2358 1310 2411 Οὐκ
1356 2360 1551 2430 ἄδηλον
1578 2335 1641 2414 δὲ.
1669 2335 1883 2428 πάν-τως

290 2427 371 2488 ὡς
401 2431 646 2502 ἀρχηγὸς
671 2437 767 2489 καὶ
791 2439 932 2511 αὕτη
968 2444 1078 2497 τῶν
1107 2427 1576 2520 ἀναγεννωμένων
1606 2455 1684 2524 τῷ
1715 2427 1880 2510 πνεύέ

295 2539 434 2588 ματι
479 2527 517 2618 ἡ,
561 2533 813 2598 μακαρία
858 2536 1197 2610 Μαγδαληνὴ
1237 2543 1626 2613 ἀναμφιϐόλως
1668 2548 1882 2618 λελόγιο

294 2629 446 2665 σται.
505 2617 565 2669 Et
599 2621 707 2690 γὰρ
743 2623 812 2676 τὰ
845 2625 954 2678 τῶν
995 2631 1206 2684 παίδων
1238 2634 1314 2702 τῷ
1358 2639 1526 2707 πατρὶ
1566 2617 1883 2707 λογίζεσθαι

289 2722 405 2757 των
439 2709 836 2780 ὲννομωτάτων
868 2735 928 2772 τε
972 2723 1066 2775 καὶ
1108 2725 1491 2792 δικαιοτάτων,
1545 2735 1727 2797 καθὼς
1776 2737 1885 2806 ἀρα

289 2798 436 2864 δῆτα
466 2806 559 2856 xvi
591 2805 706 2858 ἔστι
740 2811 831 2862 καὶ
865 2811 1106 2881 λέγεται,
1143 2821 1365 2883 παντως
1398 2824 1492 2875 καὶ
1526 2825 1594 2878 τὰ
1625 2826 1734 2878 τῶν
1775 2798 1884 2898 μα-

293 2892 485 2958 θητῶν
522 2897 598 2964 τῷ
629 2899 940 2976 διδασκάλῳ
970 2907 1086 2978 δοίη
1121 2928 1208 2974 τις
1243 2913 1329 2966 ἀν·
1366 2915 1688 2973 διδάσκαλον
1711 2922 1755 2975 δ’
1775 2892 1882 2977 ἀλ-

291 2984 529 3084 ).o:J_-..(Iiv
564 2991 882 3084 ἀποστόλων
912 3002 1053 3063 μετά
1100 3021 1162 3070 γε
1195 3005 1430 3076 Χριστὸν
1483 3011 1537 3063 εῐ
1567 3031 1650 3075 τις
1696 3016 1882 3084 ἕτερον

289 3077 509 3132 τιθέναι
555 3082 731 3136 ἐθέλοι
767 3087 861 3139 τοῦ
919 3091 1081 3159 λόγου
1117 3096 1216 3164 τὴν
1268 3101 1544 3169 μακαρίαν
1579 3077 1877 3172 ὐπεξελῶν,

1990 592 2174 646 la-titia
2201 595 2455 662 aﬂicitur,
2483 610 2539 653 et
2578 603 2622 656 si
2654 603 2916 659 honorem
2951 607 3076 662 inde
3103 611 3429 678 assequitur,
3459 629 3572 666 ma-

1991 685 2138 738 ximo
2165 689 2362 754 gaudio
2393 692 2764 760 perfunditur.
2799 699 2971 753 Nemo
3005 701 3173 770 igitur
3203 701 3406 755 infitias
3445 704 3565 765 ibit.

1993 778 2152 832 Verbi
2178 781 2690 850 discipulzelaudem
2719 792 3102 858 particularem
3125 793 3331 848 deberi.
3360 793 3468 848 Sed
3498 797 3569 848 ob

1989 872 2151 926 aliam
2172 889 2388 943 quoque
2407 892 2624 932 causam
2647 879 2712 933 de
2735 880 3021 946 illagsermo
3047 885 3205 940 nobis
3225 896 3570 955 opportunus

1997 965 2246 1020 videtur.
2271 965 2411 1032 Quid
2449 971 2653 1024 etenim
2683 972 2803 1025 viro
2835 974 3136 1039 rhetorico,
3175 978 3268 1044 qui
3295 977 3567 1047 ejusmodi

1992 1056 2173 1109 studia
2211 1059 2473 1112 omnibus
2517 1061 2639 1115 aliis
2686 1064 2979 1132 praeponit,
3037 1075 3094 1119 et
3125 1066 3221 1134 qui
3250 1082 3566 1120 sermonum

1991 1148 2266 1216 primitias
2321 1151 2388 1204 ad
2444 1151 2615 1206 Deum
2657 1156 2843 1218 refert,
2880 1155 3035 1225 quid,
3095 1157 3339 1224 inquam,
3397 1157 3569 1226 magis

1989 1238 2300 1307 jucundum
2341 1245 2451 1296 erit
2523 1260 2687 1314 quam
2720 1261 2905 1300 sermo
2956 1247 3023 1301 de
3071 1246 3249 1302 Verbo
3283 1264 3347 1303 ac
3405 1248 3472 1302 de
3501 1250 3568 1302 iis

1994 1336 2086 1400 qui
2124 1334 2355 1387 verbum
2417 1335 2540 1390 fidei
2572 1351 2669 1404 per
2709 1341 2898 1391 orbem
2931 1339 3249 1394 universum
3278 1339 3569 1394 circumfe-

1993 1425 2161 1478 runt?
2182 1427 2349 1479 Porro
2377 1430 2766 1497 imprudentiae
2800 1445 2865 1484 ac
2883 1432 3147 1487 socordia:
3210 1432 3425 1502 signum
3447 1447 3566 1486 esse

1985 1519 2194 1588 judico,
2262 1519 2564 1588 majoribus
2593 1537 2661 1575 ex
2711 1538 2900 1588 carne,
2937 1524 3192 1592 quamvis
3219 1525 3564 1593 potentibus,

1999 1612 2198 1679 gratias
2231 1613 2458 1679 ri-ferre,
2492 1614 2559 1667 iis
2585 1624 2766 1669 autem
2799 1617 2892 1685 qui
2921 1619 3359 1684 regenerationis
3397 1617 3564 1684 spiri-

1994 1705 2152 1758 tualis
2209 1708 2368 1760 nobis
2432 1716 2689 1762 auctores
2741 1711 3094 1776 exstiterunt,
3135 1719 3318 1779 grates
3351 1709 3566 1763 debitas

2000 1811 2106 1849 non
2142 1797 2365 1852 habere.
2411 1797 2543 1854 Sine
2573 1800 2743 1854 dubio
2794 1810 2976 1854 autem
3031 1803 3190 1856 beata
3250 1802 3564 1870 Magdaleua

1991 1903 2178 1941 eorum
2223 1891 2316 1958 qui
2360 1891 2723 1958 spiritualiter
2751 1896 3060 1963 regenerati
3093 1904 3239 1959 sunt,
3275 1894 3553 1962 praecipua

1990 1981 2302 2048 sospitatrix
2335 1981 2590 2035 habetur.
2620 1983 2676 2036 Si
2709 1985 2856 2038 enim
2886 1985 3122 2039 filiorum
3156 1985 3562 2053 legitimitatem

1988 2074 2338 2142 acjustitiain
2363 2076 2504 2142 patri
2539 2075 2846 2129 attribuere
2881 2077 2960 2130 fas
3004 2087 3106 2142 est,
3141 2087 3292 2132 certe
3324 2075 3566 2143 discipu-

1987 2161 2165 2215 lorum
2218 2179 2436 2232 quoque
2495 2165 2691 2220 merita
2755 2166 2826 2219 ad
2891 2176 3287 2236 przeceptorem
3352 2167 3563 2220 referre

1987 2264 2229 2321 Oportet.
2285 2255 2878 2325 Magdalenamfautem
2919 2259 3226 2312 secundum
3277 2257 3560 2312 Christum

1986 2348 2255 2414 apostolis
2286 2350 2520 2416 primam
2550 2349 2802 2401 nuntiam
2846 2350 3017 2404 fuisse
3050 2351 3239 2420 negari
3267 2349 3387 2405 sine
3418 2349 3563 2419 inju-

1987 2440 2066 2493 ria
2104 2455 2211 2493 non
2247 2456 2407 2509 posse
2440 2450 2652 2496 constat
2702 2442 2846 2496 inter
2867 2442 3214 2497 Christianos
3243 2458 3464 2512 ,quare
3495 2443 3563 2494 ab

1992 2534 2257 2600 apostolis
2279 2549 2399 2588 eam
2445 2550 2704 2604 separare
2726 2551 2834 2588 non
2859 2536 3011 2601 licet,
3043 2536 3376 2606 quibuscum
3400 2537 3559 2589 ﬁdem

1987 2637 2330 2677 communem
2361 2625 2633 2691 habebat;
2691 2626 2737 2679 si
2773 2626 2932 2680 beato
2962 2626 3126 2680 Paulo
3163 2626 3322 2681 fidem
3361 2626 3563 2678 l'abere

1986 2714 2144 2769 decet
2182 2715 2246 2768 ad
2271 2716 2585 2771 Corinthios
2615 2717 2878 2772 scribenti
2905 2736 2918 2771 :
2956 2737 2973 2769 ι
2995 2719 3127 2772 Nam
3154 2719 3197 2772 si
3217 2719 3414 2772 mortui
3455 2734 3560 2771 non

1987 2816 2298 2875 resurgunt,
2323 2824 2499 2877 neque
2523 2808 2774 2864 Christus
2792 2810 3108 2864 resurrexit.
3136 2809 3288 2874 Quod
3313 2811 3357 2865 si
3401 2809 3562 2863 Chri-

1985 2911 2102 2956 stus
2127 2915 2234 2955 non
2254 2902 2574 2965 resurrexit,
2597 2918 2737 2956 vana
2766 2911 2850 2958 est
2871 2902 3005 2956 ﬁdes
3022 2912 3201 2957 vestra
3230 2903 3268 2956 ¹.
3294 2923 3313 2954 ι
3344 2903 3562 2971 Magda-

1985 2995 2122 3050 lena:
2154 3007 2334 3049 autem
2367 2997 2557 3066 primae
2609 2997 2824 3064 obtigit,
2857 2995 3145 3050 Christum
3171 2997 3562 3050 resuscitatuiu

1987 3087 2196 3151 videre,
2216 3099 2266 3141 et
2284 3087 2745 3142 resurrectionem
2772 3088 2890 3156 ejus
2914 3086 3175 3156 apostolis
3199 3089 3557 3144 annuntiare.

288 3174 354 3232 ἐς
399 3173 771 3242 Χριστιανοὺς
807 3181 982 3235 δοκῶν
1030 3187 1204 3239 τελεῖν
1253 3207 1312 3242 τε
1357 3195 1450 3245 καὶ
1491 3195 1875 3264 ὀνομάζεσθαι,
1909 3195 1953 3252 C

1909 3195 1953 3252 ο
1990 3180 2238 3249 quamvis
2293 3181 2455 3234 verba
2484 3181 2629 3235 illius
2659 3196 2796 3234 vana
2859 3195 2980 3235 esse
3012 3180 3350 3234 viderentur.
3407 3179 3561 3243 Quod

287 3263 396 3357 οὐκ
434 3265 614 3332 ἔγωγε
647 3263 804 3339 οἴμαι
832 3275 896 3326 ὲκ
925 3275 1018 3327 τσῦ
1046 3279 1248 3347 ῥᾴστου
1282 3282 1473 3336 τοῦτον
1508 3288 1712 3357 εὑρεῖν,
1744 3263 1884 3344 ὥστε

288 3356 672 3448 acut-“181‘th
702 3365 1022 3421 ἀποστόλων
1067 3371 1127 3422 ἓν
1160 3390 1223 3438 γε
1277 3374 1351 3443 τῷ
1401 3381 1631 3448 παρόντι
1684 3383 1886 3448 ταύτης

402 3446 412 3456 ι
1170 3428 1180 3438 .
1321 3428 1333 3443 .
1695 3428 1836 3440 -ηη

287 3441 634 3509 λογίζεσθαι,
689 3450 749 3502 οὔ
787 3471 879 3521 μοι
927 3455 1036 3509 ἄπο
1082 3461 1290 3528 τρόπου
1337 3465 1643 3534 εἰρήσεται,
1688 3473 1782 3522 καὶ

285 3536 442 3604 λόγῳ
493 3540 593 3609 τὴν
626 3542 812 3596 πίστιν
854 3547 913 3610 ἐξ
946 3548 1127 3601 αὐτῶν
1172 3553 1307 3622 δῆτα
1343 3559 1736 3627 προσηκόντως
1784 3525 1888 3615 πα,-

289 3631 623 3701 ράσχοιμεν.
680 3638 743 3691 Ei
813 3641 920 3710 γὰρ
972 3645 1080 3714 χρὴ
1149 3644 1226 3713 τῷ
1281 3646 1555 3719 θεσπεσίῳ
1601 3656 1885 3709 πείθεσθαι

287 3726 498 3796 Παύλῳ
531 3733 644 3792 τοῖς
681 3733 739 3784 ὲν
789 3736 1040 3810 Κορίνθῳ
1094 3744 1362 3813 γράφοντι
1389 3762 1402 3776 ·
1458 3764 1476 3796 ι
1512 3747 1574 3798 Εἰ
1616 3748 1671 3799 δὲ
1703 3751 1885 3817 νεκροὶ

287 3821 394 3869 οὐκ
423 3822 759 3891 ἐγείρονται,
791 3829 911 3883 ούῖὲ
948 3833 1190 3902 Χριστὸς
1221 3839 1538 3908 ἐγήγερταιο
1574 3841 1623 3892 εί
1670 3841 1723 3892 δὲ
1751 3843 1885 3910 Χρι-

288 3914 422 4007 στὸς
450 3915 552 3966 οὐκ
584 3919 904 3988 ἐγήγερται.
939 3926 1142 3992 ματαία
1174 3930 1206 3997 ἡ
1238 3931 1422 3992 πίστις
1444 3932 1657 4000 ἡμῶν.»
1699 3932 1886 4007 Ταύτῃ

286 4003 336 4056 δ’
381 4005 598 4076 ὑπῆρξε
629 4011 825 4084 πρώτῃ
862 4017 1183 4072 ἀναστάντα
1215 4023 1457 4076 κατιδεῖν
1502 4025 1595 4077 τὸν
1623 4003 1880 4094 Χριστὸν,

287 4098 387 4147 καὶ
417 4100 518 4161 τὴν
551 4103 853 4158 ἀνάστασιν
884 4110 996 4169 τοῖς
1026 4110 1351 4176 ἀποστόλοις
1396 4116 1882 4184 εὐαγγελίσασθαι,

286 4190 400 4242 κᾶν
428 4191 596 4260 λῆρος
620 4197 686 4246 τὰ
715 4198 923 4269 ταύτης
955 4200 1217 4273 ὤφθησαν
1245 4208 1488 4275 ρήματα’
1513 4210 1682 4280 ταύτῃ
1705 4213 1884 4264 δοτέον

289 4284 521 4346 πάντως
548 4287 646 4339 καὶ
685 4290 897 4343 τά’τῶν
948 4294 1304 4359 ἀποστόλων,
1340 4299 1500 4368 εἴπερ
1531 4301 1606 4367 τῷ
1652 4303 1884 4371 πρώτως

284 4377 514 4445 εὑρόντι
569 4380 639 4433 τὰ
675 4382 775 4451 τῆς
820 4385 1094 4453 εὑρέσεως
1144 4390 1297 4458 παρά
1353 4394 1465 4452 τοῖς
1516 4389 1574 4446 εὖ
1626 4396 1884 4464 φρονοῦσι

281 4467 632 4535 λελόγισται.
670 4475 744 4526 Τὸ
791 4475 834 4528 δ’
877 4478 1131 4532 ἐντεῦθεν
1187 4481 1265 4550 τῷ
1314 4483 1458 4551 λόγῳ
1510 4487 1882 4542 ἀναϐαλέσθαι

281 4559 357 4608 τὰ
384 4557 482 4609 τοῦ
518 4560 732 4628 ἀγῶνος
761 4562 990 4630 ἄμεινον
1019 4567 1310 4636 ξυμϐαίνει
1346 4568 1508 4635 εἶναι,
1549 4573 1750 4642 ἥκιστα
1795 4578 1882 4629 λο-

282 4650 574 4721 γιζομένῳ
603 4652 722 4706 δέον
767 4657 1146 4731 ἀπαρασκεύῳ
1181 4661 1269 4731 νηῒ
1327 4665 1471 4732 μέγα
1504 4666 1738 4736 πέλαγος
1769 4669 1884 4722 δια-

287 4749 473 4809 πλεῖν,
509 4748 784 4821 ἐλαχίστῳ
837 4753 894 4819 δὲ
948 4754 1160 4826 ἀκατίῳ
1198 4757 1344 4826 μέγα
1400 4761 1550 4829 κῦμα
1596 4764 1880 4836 διαπερᾷν,

287 4842 461 4894 ταυτδ
490 4842 536 4894 δ’
587 4845 768 4896 εἰπεῖν
806 4845 1003 4916 βραχεῖ
1043 4867 1101 4900 τε
1148 4851 1244 4902 καὶ
1281 4852 1607 4924 φαυλοτάτῳ
1642 4857 1786 4927 λόγῳ
1814 4861 1882 4912 τά

283 4937 390 5002 τῆς
441 4937 723 5004 μακαρίας
759 4941 966 5009 ταύτης
1018 4942 1278 5007 διεξιέναι
1335 4947 1878 5020 μεγαλουργήματα,

283 5031 503 5100 ἑτέροις
543 5031 601 5083 δὲ
631 5032 728 5085 τοῦ
761 5033 925 5103 ἔργου
953 5036 1109 5089 τοῦδε
1137 5039 1230 5091 καὶ
1269 5043 1369 5109 τῆς
1406 5044 1658 5096 ἐντεῦθεν
1684 5046 1889 5112 φιλοτι-

287 5128 421 5192 μίας
455 5128 891 5196 παραχωρῆσαι,
922 5125 1004 5191 οἷς
1038 5130 1266 5201 δύναμίς
1311 5152 1370 5186 τε
1419 5135 1591 5203 λόγων
1640 5138 1886 5206 ἀρκοῦσα

283 5223 556 5293 τυγχάνει
583 5221 744 5289 οὖσα,
774 5228 868 5280 καὶ
901 5225 1106 5280 δυνατά
1147 5231 1296 5282 ἐστιν
1347 5232 1580 5294 ἐκείνοις
1631 5232 1888 5285 τοσοῦτον

285 5318 480 5386 ἀγῶνα
517 5317 981 5388 διαχειρίσασθαι.
1016 5321 1164 5389 Πλὴν
1193 5321 1312 5374 ἀλλ’
1344 5324 1579 5387 ἐπείπερ
1623 5325 1885 5376 ἀναδῦναι

286 5409 391 5464 οὐκ
422 5408 532 5472 ἔνι,
565 5409 677 5462 οὐδ’
710 5411 1024 5479 ἀποφυγεῖν
1054 5413 1114 5465 τὸ
1149 5414 1481 5483 ἐγχείρημα,
1513 5414 1713 5465 οὑτωσί
1764 5430 1879 5475 πως

287 5500 799 5569 κατατολμήσαντιο
833 5502 952 5565 πῶς
978 5505 1085 5573 γάρ
1119 5501 1186 5554 ἂν
1214 5505 1274 5555 ού
1309 5504 1399 5555 καὶ
1434 5503 1510 5572 τῷ
1550 5503 1727 5572 μὼμῳ
1757 5501 1881 5554 καθ’

283 5594 448 5660 ἡμῶν
473 5591 659 5644 αὐτῶν
684 5594 1065 5647 νεανιεύεσθαι
1101 5595 1349 5665 δοίημεν,
1381 5595 1757 5662 εὐαγγελικὼτ
1786 5595 1878 5647 οὓ-

287 5702 398 5746 τως
427 5683 519 5736 ἐπ’
555 5683 779 5752 ἀρότρῳ
802 5686 960 5752 χεῖρα
991 5683 1239 5751 βαλοῦσι,
1272 5684 1368 5736 καὶ
1404 5683 1536 5754 πρὸς
1567 5683 1878 5736 τούναντίον

292 5777 804 5847 μεταχωρήσασινς
853 5777 1000 5847 ἔργῳ
1049 5780 1205 5849 χεῖρα
1256 5776 1567 5831 ἐπιϐαλόντι
1619 5778 1858 5827 συνοίσει

369 5871 384 5902 ¹
418 5869 436 5924 l
471 5868 606 5926 Cor.
643 5885 732 5938 xv,
770 5869 856 5923 16.

1991 3271 2164 3342 igitur
2194 3271 2461 3340 apostolis
2521 3271 2770 3333 obvenit,
2828 3270 2896 3324 ad
2928 3270 3303 3338 Magdaleuam
3369 3269 3561 3322 referri.

1987 3365 2172 3430 debet,
2224 3366 2494 3434 siquidem
2555 3380 2718 3418 omne
2780 3363 3064 3418 inventum
3129 3363 3197 3416 ad
3268 3378 3394 3417 eum
3462 3363 3559 3432 qui

1987 3461 2195 3531 primus
2261 3459 2472 3514 invenit
2500 3458 2568 3512 ab
2590 3457 2849 3511 omnibus
2897 3456 2991 3526 qui
3019 3456 3219 3513 mentis
3251 3470 3397 3509 same
3431 3465 3566 3509 sunt

1987 3554 2246 3608 refertur.
2277 3551 2568 3620 Nunquam
2597 3553 2745 3606 enim
2781 3566 2972 3604 navem
3008 3549 3149 3603 male
3178 3558 3556 3603 εοιιειτιι‹·ιιιιιι

1987 3646 2124 3698 mari
2170 3646 2280 3700 alto
2319 3644 2792 3708 committendam,
2820 3652 2913 3696 aut
2946 3644 3144 3694 undam
3192 3643 3561 3694 decumanum

1987 3740 2183 3805 exiguo
2213 3739 2429 3807 navigio
2461 3738 2774 3791 teutandam
2809 3751 2932 3791 esse
2979 3735 3183 3804 aliquis
3233 3735 3559 3788 asseruerit.

1988 3831 2078 3887 Sic
2126 3831 2288 3901 hujus
2339 3831 2507 3884 beata:
2541 3829 2759 3881 femina:
2816 3827 3076 3896 pra-clare
3124 3826 3262 3880 facta
3296 3825 3451 3878 brevi
3507 3834 3561 3877 et

1987 3925 2183 3993 exiguo
2217 3922 2382 3976 verbo
2411 3937 2710 3975 memorare
2732 3921 2924 3974 aliisve
2943 3919 3272 3980 attribuere,
3305 3918 3558 3986 iniquum

1986 4017 2172 4079 fuerit,
2198 4017 2290 4086 qui
2321 4016 2652 4085 eloquentiae
2672 4015 2722 4066 vi
2752 4014 2959 4083 pollent
2983 4013 3047 4065 ad
3079 4012 3346 4078 ejusmodi
3382 4021 3561 4065 certa»

1987 4127 2112 4164 men
2151 4109 2603 4179 aggrediendum.
2631 4108 2750 4161 Non
2784 4105 2931 4159 enim
2967 4106 3098 4158 licet
3141 4118 3254 4156 rem
3292 4103 3558 4156 intactam

1988 4204 2318 4272 relinquere.
2347 4199 2637 4266 Quomodo
2675 4199 2819 4252 enim
2857 4196 3066 4250 homini
3125 4195 3390 4263 petulanti
3427 4210 3552 4246 resi-

1984 4303 2196 4346 stemus
2223 4292 2418 4361 puerili
2442 4306 2542 4343 nos
2559 4289 2820 4359 jactanlia
2846 4288 3185 4358 aggredienti
3209 4288 3231 4339 ?
3257 4286 3394 4356 Ergo
3418 4287 3561 4340 sicut

1985 4386 2336 4455 Evangelium
2391 4384 2571 4453 jubet,
2633 4396 2854 4434 manum
2926 4390 3113 4434 aratro
3175 4381 3557 4448 imponamus,

1988 4478 2330 4534 contrarium
2384 4475 2661 4530 faciendo.
2695 4474 2888 4527 Melius
2949 4473 3098 4527 enim
3128 4471 3318 4525 eritet
3347 4470 3560 4533 utilius,

1988 4587 2102 4626 rem
2131 4570 2442 4623 inchoatam
2477 4567 2543 4620 ad
2576 4565 2738 4619 ﬁnem
2771 4563 3096 4634 perducere,
3132 4578 3296 4632 quam
3360 4577 3419 4614 re
3472 4562 3558 4614 iu-

1985 4664 2127 4718 fecta
2179 4661 2502 4716 abscedere.
2555 4658 2786 4725 Quando
2846 4666 3026 4710 autem
3074 4665 3264 4710 votum
3319 4654 3561 4708 debitum

1985 4772 2239 4812 sermone
2260 4753 2631 4814 absolvemus,
2671 4752 2775 4804 nisi
2812 4751 3066 4804 Patribus
3096 4750 3246 4802 hisce
3277 4748 3563 4814 obtempe-

1985 4864 2192 4911 remus,
2220 4848 2310 4915 qui
2335 4846 2584 4914 quotidie
2612 4859 2710 4896 uos
2742 4842 3136 4904 adhortantur,
3177 4855 3276 4893 nec
3337 4840 3560 4908 patiun—

1986 4954 2077 4996 tur
2131 4950 2190 4993 ut
2232 4939 2581 5007 quiescamus
2651 4946 2947 5002 antequam
3003 4935 3177 4987 beata:
3230 4931 3562 4999 Magdaleuze

1989 5033 2246 5087 laudibus
2298 5029 2592 5084 efferenda:
2625 5027 2872 5105 ’oﬂicium
2929 5022 3405 5094 praestiterimus?
3449 5022 3562 5075 Hac

1988 5142 2112 5181 cum
2148 5126 2219 5178 ita
2255 5139 2311 5177 se
2348 5122 2605 5182 habeant,
2646 5119 2851 5173 auxilio
2882 5120 3002 5188 ejus
3027 5117 3284 5170 invocato
3311 5131 3428 5169 rem
3466 5131 3559 5184 ag-

1987 5221 2300 5292 grediamur
2333 5229 2387 5271 et
2417 5232 2633 5270 omnem
2664 5225 2872 5268 metum
2937 5229 2999 5266 ac
3029 5210 3337 5266 socordiam
3389 5225 3559 5263 excu-

1989 5315 2211 5370 tiamus.
2293 5309 2579 5364 Sermonis
2656 5308 2823 5377 igitur
2916 5303 3336 5357 fundamentum
3394 5312 3559 5368 atque

1990 5406 2209 5461 initium
2270 5403 2339 5457 sit
2377 5402 2560 5455 dicere
2618 5414 2738 5468 quas
2803 5398 2925 5466 ejus
2988 5397 3159 5450 fuerit
3208 5393 3386 5462 origo,
3437 5391 3562 5460 qui-

1991 5497 2096 5551 bus
2189 5493 2513 5564 parentibus
2596 5491 2668 5544 sit
2740 5497 3025 5559 prognata.
3123 5485 3255 5539 Dein
3311 5483 3559 5538 dicemus

1988 5587 2269 5658 quomodo
2369 5583 2590 5638 Christo
2679 5579 3176 5652 appropinquarit,
3280 5575 3558 5644 quomodo

1988 5674 2266 5748 Evangelii
2310 5676 2634 5746 participem
2688 5675 2806 5727 ﬁeri
2873 5674 2923 5727 ei
2955 5670 3269 5741 contigerit,
3324 5677 3380 5722 et
3446 5682 3556 5736 qua

1985 5771 2195 5824 ratione
2225 5769 2288 5824 ad
2323 5769 2442 5840 ejus
2474 5766 2962 5838 promulgationem
2992 5761 3374 5820 contribuerit.
