4262 6446
735 372 840 429 543

1955 366 2371 428 NlCEPilOiil
2420 364 2760 424 (IALHS'I‘I

3878 357 3981 418 544

738 486 941 551 μᾶλλον
969 483 1065 536 καὶ
1098 486 1177 546 είς
1197 484 1345 546 τέλος
1374 483 1625 555 ἀφῖχθαι,
1657 485 1688 555 ἦ
1721 483 1909 541 ἀτελὲς
1946 485 2307 536 καταλιπόντι
2345 483 2521 532 ὀπίσω
2591 481 2746 532 ἰέναι.
2819 477 2956 530 ιιότε
2994 476 3039 529 δ’
3066 477 3130 529 ἂν
3161 476 3254 529 καὶ
3293 476 3438 543 λόγῳ
3489 473 3584 526 καὶ
3614 473 3794 539 λόγοις
3830 473 3983 524 εὐλό-

737 592 845 642 γως
881 578 950 630 τὰ
1001 581 1343 648 προσήκοντα
1399 579 1857 646 ἁφοσιωσὼμεθι,
1912 579 1941 647 ἢ
1985 582 2099 641 τοῖς
2153 581 2305 646 ἐμοῖς
2343 579 2406 646 δὴ
2473 577 2719 644 ΙΙατράσι
2766 574 2975 634 τούτοις
3043 575 3103 625 τὸ
3137 573 3255 624 δέον
3298 570 3798 640 ἀποχαρισαίμεθα.
3849 568 3986 620 διέλ-

742 674 901 724 κουσί
931 691 988 724 τε
1024 676 1373 742 καθεκάσςην
1402 678 1573 744 ἡμᾶς,
1596 677 1668 738 ὡς
1705 678 1902 740 εἰπεῖν,
1953 676 2049 727 καὶ
2117 675 2515 742 σπαράττουσι,
2569 675 2665 724 καὶ
2727 673 2826 722 ούκ
2857 673 3080 740 ἀνήσειν
3109 667 3601 738 διισχυριζομένοις
3630 666 3696 716 τὰ
3723 666 3983 732 μάλιστα,

740 769 846 828 ἕως
873 769 936 821 ἂν
968 774 1080 831 τοῖς
1104 770 1200 837 τῆς
1236 773 1516 840 μακαρίας
1549 771 1725 838 λόγοις
1786 772 2025 840 ἐμαυτὸν
2095 771 2382 836 ἐπιδοίηνς

2436 769 2590 820 Ἐπεὶ
2615 767 2797 818 τοίνυν
2841 765 2996 818 ταῦθ’
3032 764 3195 826 οὓτω,
3243 764 3375 830 φέρε
3418 761 3484 831 δὴ
3527 760 3627 830 τὴν
3655 760 3750 826 τῆς
3782 756 3987 822 ταύτης

747 866 1004 935 βοήθειαν
1051 869 1538 936 ἐπικαλεσάμενοι,
1621 869 1714 921 τοῦ
1794 870 2199 938 ἐγχειρήματος
2254 866 2636 934 ἐφαψὼμεθα,
2681 864 2858 914 πάντα
2904 861 3067 929 φόϐον
3117 861 3207 912 καὶ
3263 857 3466 910 δειλίαν
3539 853 3988 918 ἀποσεισάμενοι.

743 958 844 1026 Eia
869 959 912 1010 δ’
950 963 1010 1012 iV
1053 961 1302 1032 τῷλόγῳ
1339 965 1566 1032 κρηπὶς,
1613 964 1758 1023 ὅπως
1807 980 1867 1014 τε
1911 963 2002 1014 καὶ
2031 961 2177 1022 ὅθεν,
2222 963 2315 1012 καὶ
2354 963 2473 1012 τίνα
2538 960 2662 1028 ἔσχε
2724 958 2817 1009 τοῦ
2850 958 3041 1022 γένους
3072 955 3264 1022 ἀρχήνο
3297 947 3395 1003 εἴτ’
3421 949 3617 1016 ἐφεξῆς
3645 945 3988 1014 προσθεῖναι,

743 1053 858 1113 πῶς
889 1070 948 1104 τε
1015 1055 1238 1126 Χριστῷ
1272 1057 1599 1127 προσέλθοι,
1672 1059 1765 1110 καὶ
1815 1057 1930 1119 πῶς
1977 1056 2114 1126 αὐτῇ
2167 1057 2383 1122 γένοιτο
2421 1055 2497 1123 τῷ
2550 1053 2866 1122 Εὐαγγελίῳ
2923 1051 3017 1103 καὶ
3074 1049 3170 1134 τὸν
3221 1046 3423 1115 ταύτης
3476 1044 3712 1112 φθόγγον
3773 1037 3992 1101 συνεξα-

743 1147 869 1199 κούε
880 1149 1028 1201 σθαι.

816 1266 882 1319 ll.
932 1267 1002 1320 At
1032 1281 1178 1320 nunc
1208 1267 1430 1335 quidem
1463 1267 1639 1322 beata:
1671 1267 1999 1337 Magdaleme
2060 1267 2291 1336 patriam
2329 1270 2374 1323 Α

2475 1260 2551 1317 B'.
2589 1262 2830 1330 Πατρίδα
2863 1261 2963 1329 μὲν
2986 1257 3078 1311 οὖν
3101 1257 3195 1310 καὶ
3220 1257 3376 1324 γένος
3400 1254 3503 1322 τῆς
3531 1251 3808 1321 μακαρίας
3829 1248 3990 1315 τῆσδε
4026 1215 4030 1220 ί

750 1372 814 1411 ac
841 1373 1016 1427 genus
1038 1373 1476 1413 commemorare
1509 1368 1662 1413 extra
1690 1359 2030 1427 prepositum
2064 1371 2314 1414 nostrum

750 1467 900 1505 nunc
947 1452 1169 1519 quidem
1199 1468 1321 1506 esse
1354 1468 1574 1506 censeo.
1608 1452 1839 1506 Constat
1871 1453 2014 1505 enim
2068 1453 2215 1520 quod
2253 1452 2319 1506 iis

752 1544 846 1612 qui
909 1547 1212 1597 secundum
1284 1545 1449 1597 Deum
1541 1544 1799 1597 vixerant
1833 1544 2005 1612 patria
2048 1553 2104 1598 et
2162 1545 2319 1598 beata

754 1639 952 1692 civitas
1012 1637 1064 1691 in
1107 1639 1356 1706 paradiso
1399 1647 1520 1701 est;
1579 1637 1724 1706 quod
1782 1638 2020 1706 majores
2082 1637 2320 1705 patriar-

755 1730 891 1784 chas
949 1740 1005 1784 et
1065 1732 1359 1799 pr0phetas
1442 1729 1683 1794 habent;
1753 1730 2074 1799 quodamici
2128 1745 2323 1782 eorum

753 1834 886 1876 sunt
915 1825 1146 1892 apostoli
1187 1823 1526 1891 etjustorum
1552 1822 1746 1875 concio
1776 1833 1833 1876 et
1861 1838 1923 1876 ea
1955 1838 2074 1890 quzr
2107 1825 2160 1874 in
2211 1836 2325 1876 ca:-

753 1917 880 1969 lcsti
908 1913 1211 1968 Jerusalem
1239 1913 1546 1968 verecunda
1573 1925 1626 1967 et
1658 1914 1959 1967 honoriﬁca
2026 1914 2324 1966 habentur.

747 2007 1011 2073 Quamvis
1034 2007 1181 2061 enim
1226 2007 1293 2060 de
1325 2007 1473 2060 hisce
1531 2006 1749 2078 gloriari
1779 2006 1962 2066 liceat,
2008 2017 2188 2059 tamen
2226 2006 2325 2058 mi-

752 2097 902 2150 nime
957 2106 1329 2165 opportunum
1368 2112 1488 2150 esse
1541 2111 1761 2158 censeo,
1799 2111 1829 2149 e
1892 2098 2054 2148 rebus
2111 2095 2330 2163 exiguis

752 2206 879 2258 quae
908 2189 1002 2243 illa
1033 2199 1322 2258 aspernata
1351 2197 1453 2249 est,
1480 2188 1700 2242 laudem
1724 2199 2072 2242 construere.
2107 2187 2328 2242 llomiui

757 2287 908 2340 enim
965 2302 1189 2354 prorsus
1245 2285 1510 2339 inateriali
1577 2293 1788 2338 tantum
1837 2293 1888 2337 et
1920 2283 2014 2352 qui
2069 2283 2124 2335 in
2166 2285 2330 2335 rebus

763 2393 913 2433 mere
944 2377 1296 2431 terrestribus
1354 2376 1674 2431 felicitatem
1705 2385 1945 2429 sectatur
2000 2374 2328 2442 perscrutari

759 2470 976 2534 licebit,
1025 2483 1205 2524 utrum
1241 2486 1368 2523 vera
1405 2469 1573 2537 patria
1623 2469 1676 2520 in
1716 2483 2043 2536 pascuorum
2082 2467 2329 2519 ubertrtr

759 2574 815 2616 et
839 2563 1177 2618 abundantia
1202 2573 1451 2627 constet;
1481 2571 1664 2614 utrum
1698 2563 1895 2614 civitas
1923 2560 2061 2612 bene
2079 2561 2181 2613 sita
2216 2576 2335 2611 mn-

755 2657 833 2709 ris
860 2655 1052 2708 ctaliis
1075 2654 1379 2707 commodis
1406 2653 1611 2722 poileal.
1639 2669 1653 2716 ;
1685 2663 1868 2705 utrum
1903 2652 2034 2704 mari
2058 2653 2328 2718 adjaceat;

763 2758 946 2802 utrum
983 2765 1049 2801 ex
1077 2747 1200 2800 aliis
1221 2746 1509 2801 commoda
1534 2746 1634 2799 sibi
1659 2758 1958 2815 comparet,
2010 2744 2079 2797 ab
2129 2743 2336 2796 incom-

762 2839 1122 2893 moditatibus
1139 2854 1260 2908 qua:
1281 2837 1414 2891 mari
1437 2836 1724 2900 inhaerent,
1754 2847 2025 2904 exempta.
2056 2835 2130 2887 llli
2156 2845 2336 2887 autem

759 2943 964 2985 sanctae
993 2932 1209 2985 l'emime
1261 2932 1480 3001 obtigit,
1516 2931 1676 2986 istius
1709 2930 1992 2984 felicitatis
2023 2929 2336 2993 competenti

763 3025 908 3088 ﬁeri,
931 3024 1243 3093 spretisque
1277 3024 1536 3077 omnibus
1566 3023 1845 3078 Christum
1869 3023 2232 3091 conquirere,
2287 3030 2343 3072 et

766 3116 1002 3186 patriam
1055 3115 1256 3169 habere
1311 3115 1591 3169 cealestem
1623 3113 1950 3175 Jerusalem,
2021 3121 2340 3164 terrestrem

772 3208 1056 3261 materiam
1103 3207 1337 3276 pedibus
1389 3207 1623 3267 calcare,
1679 3219 1802 3258 cum
1871 3205 1982 3256 Deo
2043 3217 2187 3266 esse,
2233 3200 2344 3254 imo

769 3299 1009 3353 misceri.
1041 3299 1186 3353 Nihil
1207 3301 1352 3352 enim
1381 3300 1430 3352 ei
1463 3298 1620 3351 laude
1647 3297 1871 3366 dignum
1896 3295 2182 3350 videbatur
2200 3294 2344 3374 quod

775 3410 806 3446 a
840 3395 1001 3447 rebus
1054 3393 1258 3447 divinis
1323 3392 1605 3445 abhorret.
1661 3391 1983 3459 Quanquam
2031 3403 2159 3441 vero
2212 3385 2347 3440 mihi

773 3487 994 3539 licuerit
1035 3483 1253 3538 femina:
1307 3494 1507 3538 sancta:
1571 3483 1806 3552 patriam
1853 3480 2174 3549 pra-dicare,
2238 3492 2346 3529 non

771 3592 969 3630 vereor
1024 3591 1091 3630 ne
1129 3576 1268 3629 alios
1319 3574 1594 3628 oﬂ'endam
1646 3572 1847 3642 quibus
1903 3569 2096 3622 civitas
2173 3567 2348 3634 patria

771 3667 983 3722 cmteris
1034 3667 1268 3720 urbibus
1300 3665 1641 3733 prarferenda
1675 3661 1938 3726 omnique
1988 3657 2152 3711 laude
2184 3656 2348 3724 digna

773 3761 1013 3814 videtur.
1065 3759 1140 3813 Ea
1171 3759 1315 3812 enim
1347 3768 1429 3811 est
1451 3756 1667 3810 urbium
1698 3752 1939 3807 conditio
1967 3760 2026 3803 ut
2052 3766 2150 3818 pro
2175 3749 2352 3816 digni-

773 3860 888 3905 tate
942 3851 1060 3904 alia:
1114 3850 1237 3904 aliis
1279 3848 1570 3919 proposita:
1624 3846 1915 3915 prolatatve
1975 3858 2074 3910 pro
2124 3839 2353 3893 arbitrio

775 3961 985 4016 magna:
1043 3956 1137 3998 aut
1161 3944 1371 4013 exigua:
1400 3941 1727 3994 habeantur.
1760 3938 2015 3991 Attamen
2079 3947 2146 3986 ne
2179 3929 2351 3999 iniqui

778 4039 1062 4091 videamur
1090 4039 1144 4092 in
1179 4035 1458 4091 laudando
1493 4042 1590 4087 aut
1617 4028 2002 4100 vituperando,
2041 4041 2164 4079 cum
2205 4024 2352 4092 justa

774 4131 1107 4184 auctoritate
1138 4143 1484 4197 esponamus
1529 4140 1650 4188 qua:
1681 4124 1800 4191 ejus
1831 4120 2010 4190 patria
2037 4117 2239 4178 fuerit;
2271 4113 2344 4166 si-

775 4219 1002 4288 quidem
1032 4235 1136 4273 non
1172 4220 1353 4271 minus
1385 4217 1562 4281 patria
1587 4229 1708 4269 eam
1737 4211 2026 4266 decoravit
2060 4221 2224 4278 quam
2283 4202 2352 4256 ab

776 4317 899 4385 ipsa
935 4317 1295 4370 condecorata
1331 4313 1453 4367 fuit.

2422 1359 2481 1409 τό
2513 1374 2574 1422 γε
2627 1354 2720 1407 νῦν
2776 1354 2899 1422 ἔχον
2938 1352 3197 1415 διεξιέναι
3250 1351 3600 1402 παντάπασιν
3650 1341 3879 1410 ἄκαιρόν
3935 1358 3995 1392 τε

2422 1449 2690 1518 ἠγοῦμαι,
2717 1447 2810 1497 καὶ
2836 1443 3041 1498 σκοποῦ
3069 1443 3165 1495 τοῦ
3201 1440 3571 1510 προκειμένου
3612 1435 3766 1496 ἐκτός
3789 1450 3805 1464 ο
3835 1433 3998 1500 δῆλον

2422 1542 2531 1608 γάρ
2561 1540 2643 1591 ὅτι
2671 1540 2780 1598 τοῖς
2815 1536 2955 1589 κατά
3007 1533 3141 1587 Θεὸν
3190 1533 3390 1599 ζήσασι
3422 1527 3620 1596 πατρὶς
3659 1523 3756 1594 μὲν
3788 1525 3820 1591 ἡ
3851 1522 3998 1574 ἀνώ-

2422 1632 2611 1698 λεθρος
2648 1630 2742 1681 καὶ
2773 1627 3018 1697 μακαρία
3045 1625 3227 1692 ἐκείνη
3271 1620 3538 1688 διαγωγὴ,
3569 1619 3598 1668 ὀ
3624 1615 3952 1684 παράδεισος
3978 1627 3998 1645 ⁸

2428 1727 2693 1794 πρόγονοι
2744 1722 2804 1773 δὲ
2852 1719 3191 1788 πατριάρχαι
3235 1716 3332 1767 καὶ
3381 1712 3701 1782 προφῆται·
3749 1707 3895 1774 φίλοι
3944 1704 4001 1756 δὲ

2426 1816 2739 1879 ἀπόστολοι,
2771 1816 2865 1866 καὶ
2911 1816 2943 1879 ὴ
2987 1812 3095 1863 τῶν
3126 1809 3353 1862 δικαίων
3383 1807 3678 1875 ὁμήγυρις.
3706 1800 3804 1854 καὶ
3833 1797 4003 1852 τᾶλλα

2425 1913 2526 1965 ὅσα
2557 1912 2623 1978 τῇ
2656 1909 2770 1962 ἀνω
2813 1904 3170 1975 Ἰερουσαλὴμ
3203 1900 3380 1970 σεμνά
3407 1916 3467 1951 τε
3499 1899 3594 1950 καὶ
3618 1896 3802 1964 τίμια.
3833 1886 3910 1962 ᾟ
3946 1887 4003 1956 γ’

2428 2006 2548 2071 ἐξὸν
2581 2005 2645 2055 ἐκ
2667 2001 2876 2055 τούτων
2901 1994 3292 2066 σεμνύνεσθαι,
3317 1990 3570 2060 περιττὸν
3597 1983 3750 2057 οἶμαι
3781 1985 4003 2044 πάντως

2431 2098 2526 2150 καὶ
2558 2096 2809 2154 ἐκτόπως
2858 2091 2935 2156 τῷ
2985 2089 3165 2157 καιρῷ
3205 2088 3278 2155 μὴ
3320 2082 3617 2150 προσῆκον,
3653 2077 3747 2130 καὶ
3797 2077 3860 2126 ἐκ
3891 2072 4008 2125 τῶν

2433 2188 2645 2257 μικρῶν
2679 2183 2909 2244 τούτων,
2937 2180 2973 2232 ἃ
3007 2177 3236 2245 κάκείνη
3268 2174 3343 2235 ὡς
3379 2171 3532 2224 οὐδὲν
3574 2169 3704 2220 δντα
3735 2165 3849 2224 τοῖς
3886 2161 4009 2226 βου-

2432 2281 2679 2347 λομένοις
2711 2272 3024 2340 κατέλειψε,
3054 2265 3474 2337 προσερανίζειν
3501 2262 3592 2313 τὸν
3618 2259 3859 2311 ἔπαινον.
3891 2253 4010 2306 ’Λν-

2436 2344 2638 2439 θρῶπῳ
2685 2368 2794 2436 γὰρ
2835 2365 3024 2425 δεινῶς
3069 2359 3381 2429 ἐξεχομένῳ
3410 2355 3511 2422 τῆς
3544 2353 3699 2420 ὕλης,
3745 2349 3840 2402 καὶ
3871 2344 4010 2439 πρὸς

2435 2464 2534 2530 τὴν
2565 2462 2628 2512 ἐκ
2672 2457 2877 2523 ταύτης
2932 2451 3282 2521 εὐδαιμονίαν
3325 2446 3647 2516 ἐσχολακότι
3689 2441 3905 2505 ἐξέσται
3942 2436 4012 2489 τὰ

2436 2553 2664 2606 τοιαῦτα
2697 2547 3076 2619 διερευνᾶσθαι
3102 2562 3115 2574 ο
3149 2546 3199 2596 εί
3231 2542 3432 2611 πατρὶς
3461 2536 3608 2602 αύτῷ
3658 2537 3776 2585 ἐστι
3809 2531 4012 2599 βοσκη-

2439 2649 2625 2715 μάτων
2657 2641 2886 2711 εύφορίᾳ
2935 2641 3033 2700 τὰς
3088 2637 3253 2697 ἄλλας
3289 2630 3668 2700 ὑπερνικῶσα,
3717 2626 3766 2675 εἰ
3805 2623 4010 2680 θέσεως

2437 2735 2496 2792 εὖ
2544 2738 2764 2806 ἔχουσα,
2802 2733 2896 2786 καὶ
2937 2730 3137 2798 τειχῶν
3170 2728 3262 2780 καὶ
3311 2725 3410 2792 τῆς
3458 2722 3623 2787 ἄλλης
3676 2714 4012 2784 εὐπρεπείας

2438 2831 2540 2882 ούκ
2571 2828 2818 2897 ἀμοιρεῖ,
2850 2826 2899 2877 εί
2931 2820 3248 2889 γειτονοῦσα
3278 2817 3545 2884 θαλάσσῃ,
3571 2811 3638 2862 τὰ
3670 2808 3798 2876 παρ’
3831 2806 4016 2865 ἄλλοις

2441 2919 2732 2984 ἑξιδιούται
2782 2915 2979 2984 σεμνὰ,
3013 2913 3109 2966 καὶ
3145 2909 3253 2961 τῶν
3301 2909 3403 2976 μὲν
3445 2907 3553 2959 ἀπὸ
3592 2904 3692 2969 τῆς
3739 2898 4018 2964 θαλάσσης

2441 3015 2502 3065 ού
2540 3011 2760 3080 μετέχει
2817 3006 3025 3069 κακῶν,
3083 3001 3282 3071 μικρὸν
3333 2997 3504 3064 αὐτῆς
3551 2988 4019 3056 ύποστελλομένη,

2444 3107 2541 3158 καὶ
2573 3104 2670 3156 τοῦ
2707 3103 2976 3167 σύνεγγυς
3009 3094 3149 3148 εἶναι
3184 3089 3568 3161 ἀναχωροῦσα.
3602 3079 3678 3155 ⁷1⁸1
3704 3084 3747 3134 δ’
3775 3079 4022 3148 ὑπῆρξεν

2445 3199 2569 3250 ἀντὶ
2628 3196 2849 3248 πάντων
2903 3192 2997 3258 τῆς
3059 3187 3342 3256 μακαρίας
3403 3182 3616 3248 ἐκείνης
3671 3173 4022 3240 εὐδαιμονίας

2446 3286 2720 3355 γενέσθαι,
2754 3286 2849 3336 καὶ
2881 3283 3104 3334 πάντων
3132 3277 3429 3344 ἀμελῆσαι,
3475 3271 3710 3341 Χριστὸν
3739 3267 4023 3334 κερδᾶναι,

2449 3377 2688 3446 πατρίδα
2715 3391 2774 3425 τε
2802 3373 2904 3442 τὴν
2925 3371 3040 3425 ἄνω
3064 3368 3369 3437 κτήσασθαι
3401 3361 3778 3434 Ἰερουσαλὴμ,
3807 3358 3899 3410 καὶ
3922 3358 4024 3423 τῆς

2449 3443 2692 3539 γεώδους
2721 3466 2924 3532 ταύτης
2963 3463 3096 3532 ὕλης
3128 3459 3528 3528 ὑπεραρθῆναι,
3561 3455 3654 3508 καὶ
3705 3451 3844 3521 μετά
3885 3443 4026 3502 Θεοῦ

2450 3560 2732 3630 γενέσθαι,
2764 3557 2968 3628 μᾶλλον
2999 3555 3057 3607 δὲ
3084 3551 3490 3622 συγκραθῆναι,
3543 3544 3671 3614 παρ’
3702 3544 3856 3594 οὐδὲν
3886 3540 4028 3607 αὐτῇ

2451 3654 2520 3707 τὰ
2564 3654 2738 3716 κάτω,
2790 3651 2891 3702 καὶ
2919 3649 3020 3700 ὅσα
3073 3645 3150 3714 μὴ
3200 3647 3264 3696 ἐκ
3311 3641 3419 3694 τῶν
3449 3639 3668 3692 οἰκείων
3723 3635 3882 3704 φέρει
3934 3631 4032 3684 τὸν

2454 3745 2702 3798 ἔπαινον.
2732 3741 2954 3810 Καίπερ
2985 3739 3035 3790 εί
3067 3735 3420 3805 βουλομένοις
3448 3733 3582 3800 ἡμῖν
3607 3727 3702 3780 καὶ
3732 3726 3830 3794 τὴν
3857 3723 4032 3790 αὐτῆς

2455 3836 2689 3906 πατρίδα
2737 3835 2914 3886 εἰπεῖν
2943 3831 3094 3899 ἐξῆν,
3132 3828 3266 3895 παρ’
3299 3825 3454 3877 οὐδὲν
3494 3820 3634 3874 δοκῶ
3682 3837 3774 3886 μοι
3817 3817 3884 3869 τὰ
3920 3816 4034 3866 τῶν

2381 3955 2423 4011 C
2458 3929 2636 3984 ἀλλων
2666 3925 2886 3994 ἐλέγξαι
2913 3921 3147 3992 τερπνὰ,
3175 3916 3257 3981 οἷς
3285 3920 3312 3970 ὅ
3340 3937 3391 3970 τι
3420 3916 3517 3968 καὶ
3552 3915 3652 3967 ὃσα
3676 3911 3742 3965 ἂν
3768 3913 3917 3962 εἴποι
3948 3925 4034 3969 τις

2458 4023 2576 4082 ταῖς
2613 4019 2801 4079 ἄλλαις
2833 4015 3057 4068 πόλεσιν
3093 4011 3306 4078 ἐξαίσια
3341 4004 3481 4060 εἶναι
3529 4006 3623 4058 καὶ
3656 4003 3834 4071 τίμια,
3871 4001 4036 4066 λόγου

2458 4127 2521 4163 τε
2569 4106 2767 4162 πολλοῦ
2816 4105 3136 4172 ἀξιούμενα.
3192 4102 3286 4152 καὶ
3342 4097 3593 4168 κρεῖττόν
3643 4110 3707 4160 γε
3758 4093 3791 4157 ἧ
3824 4093 4033 4143 ἐκεῖναι

2461 4199 2708 4271 αὐχοῦσα
2740 4199 2801 4250 ἐν
2828 4195 3007 4263 τούτῳ
3036 4193 3241 4245 τούτων
3273 4188 3612 4250 πλεονεκτεῖ,
3652 4185 3734 4237 ὅτι
3763 4183 3828 4250 δὴ
3862 4182 3938 4249 μὴ
3968 4181 4038 4233 τὰ

2461 4295 2668 4364 ταύτης
2700 4290 2899 4359 σεμνά,
2926 4286 3103 4340 πολλά
3140 4301 3202 4336 τε
3249 4283 3382 4336 ὄντα
3434 4282 3529 4335 καὶ
3581 4279 3744 4346 λόγου
3772 4276 4037 4343 δεόμενα,

777 4414 976 4482 ἐπίσης
1030 4412 1242 4473 ἐκείνας
1298 4411 1605 4480 κτήσασθαι
1638 4407 1939 4473 ἐξεγένετο.
1978 4402 2118 4457 Ἀλλ’
2145 4400 2235 4453 ἶνα
2272 4397 2348 4467 μὴ
2385 4394 2466 4465 τῷ
2527 4393 2706 4445 δοκεῖν
2768 4385 3124 4455 ύπερτιθέναι
3162 4379 3404 4447 δόξωμέν
3447 4394 3560 4429 τισι
3596 4372 4035 4443 περικαλύπτειν

777 4465 843 4558 τὸ
890 4465 1111 4569 diem,
1148 4465 1244 4558 xui
1273 4465 1434 4556 τοῦτο
1478 4504 1544 4574 δὴ
1578 4465 1774 4567 mer},
1812 4494 1893 4562 οἷς
1931 4498 2005 4568 μὴ
2043 4465 2355 4565 ἔχωμεν-τι
2391 4490 2501 4542 τῶν
2569 4483 2838 4537 εὐκταίων
2872 4477 3004 4546 περὶ
3064 4476 3232 4574 αὐτῆς
3262 4469 3652 4543 διηγήσασθαι,
3675 4465 4041 4574 ,φέρεδείξωῑ

781 4617 887 4667 μεν
923 4601 986 4650 ἐκ
1012 4559 1254 4667 πρῶτης,
1280 4599 1307 4650 ὃ
1335 4615 1486 4666 φασι,
1530 4559 1632 4666 τῆς
1662 4559 2412 4666 ἀφετηρίαςίοῖας-όρμᾶται
2480 4577 2762 4648 πατρίδος,
2797 4574 2895 4627 καὶ
2947 4574 3029 4625 ὅτι
3062 4570 3161 4640 οὐχ
3189 4564 3360 4640 ἧσσον
3425 4568 3461 4633 ἠ
3525 4564 3728 4633 πατρὶς
3773 4559 3969 4628 αὐτὴν,
4003 4559 4037 4625 ἢ

783 4691 926 4762 αὐτὴ
959 4693 1060 4762 τὴν
1097 4691 1330 4763 πατρίδα
1370 4693 1673 4761 ἐκόσμησε.

861 4809 954 4863 ιιι.
989 4808 1167 4863 Patria
1215 4808 1379 4876 igitur
1433 4807 1607 4860 beatae
1673 4804 1835 4859 Verbi
1893 4802 2126 4856 alumna:
2173 4795 2358 4849 Maria:

791 4891 1116 4970 Magdalenze
1151 4898 1275 4962 fuit,
1303 4914 1462 4968 quam
1523 4898 1667 4951 Deus
1697 4897 2005 4950 Abrahamo
2040 4891 2359 4962 patriarchae

788 4996 1018 5062 ejusque
1041 4993 1274 5060 posteris
1298 4990 1572 5060 promisit,
1607 4991 1659 5043 id
1693 5000 1780 5043 est
1807 4999 1951 5042 terra
1979 4984 2363 5055 promissionis

798 5095 853 5139 et
889 5084 1153 5137 lsraelitis
1179 5098 1466 5144 concessa,
1509 5093 1794 5150 postquam
1823 5096 1890 5134 ex
1921 5079 2187 5148 [Εεγριίειι
2207 5095 2236 5130 a
2260 5076 2364 5129 mi-

794 5177 934 5230 seria
967 5175 1306 5244 aufugerant.
1361 5175 1655 5243 Scriptura:
1705 5187 1836 5225 vero
1877 5186 2047 5225 sacra:
2080 5169 2365 5223 committo

802 5269 1030 5321 virtutes
1062 5267 1181 5336 ejus
1205 5280 1465 5320 enarrare
1500 5275 1556 5319 et
1605 5263 1822 5331 generis
1879 5273 1932 5315 et
1960 5262 2200 5314 nominis
2224 5261 2365 5312 anti-

804 5359 1064 5426 quitatem
1097 5358 1151 5409 in
1191 5357 1430 5409 medium
1464 5355 1730 5424 proferre.
1760 5353 1971 5417 Quibus
1997 5350 2144 5405 enim
2182 5349 2365 5402 verbis

800 5449 924 5516 quis
941 5449 1059 5515 ejus
1085 5447 1310 5516 gloriam
1331 5447 1826 5512 supereminentem
1857 5443 1990 5498 satis
2013 5441 2366 5512 pronuntiare

803 5538 1042 5607 poterit?
1073 5539 1244 5590 satius
1279 5537 1442 5604 igitur
1493 5546 1579 5590 est
1637 5535 1854 5588 silentio
1916 5549 2030 5587 rem
2086 5530 2364 5600 praeterire

801 5645 965 5698 quam
1000 5644 1162 5682 voces
1199 5631 1444 5695 proferre
1471 5643 1528 5680 re
1579 5626 1847 5680 laudanda
1883 5624 2133 5692 indignas
2163 5632 2218 5676 et
2256 5637 2361 5675 ca:-

808 5721 941 5773 teris
970 5720 1101 5772 risui
1133 5730 1187 5773 et
1217 5719 1452 5772 ludibrio
1486 5733 1623 5771 esse.
1658 5716 1786 5770 ΙΙωο
1815 5717 1980 5784 igitur
2021 5715 2192 5768 beata:
2223 5713 2370 5781 Mag-

807 5811 1018 5866 dalcnte
1053 5815 1245 5883 patria.
1281 5811 1480 5877 Quodsi
1519 5811 1688 5879 patria
1727 5810 1918 5862 illustri
1957 5818 2070 5861 orta
2125 5816 2229 5868 est,
2274 5823 2367 5875 pa-

2529 4783 2606 4836 Γ.
2641 4781 2845 4849 Πατρὶς
2898 4776 3080 4828 τοίνυν
3125 4775 3192 4842 τῇ
3231 4767 3485 4840 μακαρίᾳ
3529 4765 3704 4836 ταύτῃ
3765 4765 4048 4834 μαθητρέᾳ

2461 4878 2558 4934 τοῦ
2593 4877 2770 4943 Λόγου
2801 4871 3162 4938 Μαγδαληνῇ,
3198 4867 3266 4935 ἢν
3301 4867 3329 4918 ὁ
3354 4865 3488 4926 Θεὸς
3531 4860 3610 4931 τῷ
3662 4860 3886 4930 μεγάλῳ
3939 4878 4046 4911 πα-

2463 4974 2703 5042 τριάρχῃ
2737 4965 2995 5037 ’Δὸραὰμ
3039 4961 3140 5014 καὶ
3189 4961 3304 5022 τοῖς
3336 4957 3396 5022 ἐξ
3426 4954 3593 5009 αὑτοῦ
3644 4952 4043 5021 ἐπηγγείλατο,

2463 5066 2502 5130 ἡ
2533 5063 2608 5130 γῆ
2634 5061 2736 5131 τῆς
2767 5054 3104 5125 ἐπαγγελίας
3135 5055 3169 5121 ὴ
3195 5048 3654 5120 κληροδοτηθεῖσα
3681 5045 3758 5112 τῷ
3801 5045 4044 5112 Ἰσραὴλ,

2467 5158 2568 5226 τὴν
2602 5153 2911 5222 Αἰγυπτίαν
2938 5146 3263 5217 διαφυγοῦσι
3294 5141 3701 5213 πλημμέλειαν.
3732 5140 3840 5192 Καὶ
3867 5155 4048 5206 παρα-

2473 5251 2753 5318 χωρήσειν
2787 5263 2878 5314 μοι
2908 5243 3052 5295 δοκῶ
3082 5244 3148 5311 τῇ
3189 5241 3312 5309 ἱερᾷ
3340 5238 3528 5304 Γραφῇ
3559 5235 3627 5287 τὰ
3654 5232 3861 5300 ταύτης
3889 5232 4049 5284 ἐπαί-

2473 5358 2592 5410 ρειν
2618 5338 2781 5397 καλὰ,
2812 5339 2911 5405 ὅση
2940 5352 2999 5386 τε
3028 5332 3388 5402 ἀρχαιότητος
3416 5332 3622 5398 ἔχεται,
3661 5328 3754 5380 καὶ
3777 5319 3812 5398 ᾖ
3839 5325 3898 5376 τὸ
3930 5325 4050 5376 νέον

2469 5434 2536 5483 ἐκ
2566 5430 2665 5481 τοῦ
2698 5428 2969 5496 ὀνόματος
2995 5429 3278 5494 πρόσεστι·
3312 5422 3487 5482 ποίοις
3517 5420 3626 5487 γὰρ
3654 5417 3720 5470 ἀν
3755 5432 3838 5477 τις
3867 5415 4052 5482 λόγιοις

2471 5525 2847 5594 χρησάμενος,
2877 5522 2940 5573 τό
2968 5537 3034 5588 γε
3063 5518 3251 5588 περιὸν
3283 5517 3424 5584 αὐτῇ
3453 5515 3555 5580 τῆς
3588 5513 3747 5579 δόξης
3775 5509 3882 5563 κᾶν
3911 5509 4054 5577 πρὸς

2474 5616 2648 5688 βραχῦ
2684 5616 3133 5681 παραστήσειεν;
3175 5613 3433 5676 ’Ἄμεινον
3462 5605 3556 5657 οὖν
3592 5606 3722 5672 σιγῇ
3767 5603 4055 5672 χρησάμε-

2476 5730 2567 5764 νον
2598 5709 2906 5769 ἐπαινέσαι,
2941 5707 2976 5776 ἢ
3011 5707 3190 5772 λέγειν
3241 5703 3565 5772 ὁρμήσαντα
3621 5698 3697 5765 μὴ
3746 5696 4053 5764 δυνηθῆναι

2478 5805 2718 5875 ἰσχῦσαι,
2739 5803 2826 5855 καῖ
2859 5801 3070 5870 γέλωτα
3089 5799 3326 5869 (talin:
3351 5797 3590 5867 μάλιστα
3617 5794 3708 5845 καὶ
3729 5790 4047 5860 διατριϐήν
