4262 6446
313 414 422 477 545

1209 416 1473 475 SERMO
1524 413 1598 472 IN
1642 415 1701 473 S.
1748 414 2053 472 ΜΑΒΙΑΜ
2102 416 2653 478 ΜΑΟΟᾹΙΕΝΛΜ.

3465 433 3570 493 546

308 524 450 593 αῦτη
486 523 588 593 μὲν
613 518 710 577 οὖν
740 523 841 593 τῆς
876 525 1153 594 μακαρίας
1202 526 1569 594 Μαγδαληνῆς
1600 527 1630 593 ἠ
1665 527 1885 594 πατρίς.
1921 534 1957 584 Α

1881 565 1885 577 .
1921 534 1957 584 Α
1991 528 2235 579 rentibus
2258 544 2362 578 non
2382 530 2561 581 minus
2589 531 2751 583 claris
2772 549 2865 586 usa
2882 545 2986 597 est,
3005 537 3209 604 quibus
3241 554 3564 601 caelarat-om

321 615 467 669 Ἀλλ’
498 615 643 669 οὕτω
681 616 946 687 πατρίδος
979 615 1040 671 εὖ
1081 616 1303 687 ἔχουσα,
1356 620 1457 671 οὐκ
1505 619 1727 671 ἔλαττον
1756 618 1882 687 ἔσχε

304 706 377 761 τὰ
427 707 525 760 τοῦ
584 706 777 775 γένους
833 708 914 771 είς
969 710 1375 777 περιφάνειαν·
1406 710 1644 779 πατράσι
1676 709 1769 760 καὶ
1817 710 1885 762 τὰ

304 799 610 869 ἐχρήσατο,
645 799 746 870 οὐχ
771 796 877 854 οἷοι
908 800 1018 854 τῶν
1057 802 1234 857 ἄλλων
1259 802 1548 862 ἐνδεῖσθαι,
1585 804 1679 856 καὶ
1703 802 1884 865 ἄλλοις

300 889 417 944 τῶν
444 908 504 944 τε
540 893 641 962 τῆς
673 895 935 961 πατρίδος
968 895 1279 962 πρωτείων,
1317 898 1411 949 καὶ
1443 896 1550 948 τῶν
1577 896 1676 947 ὅσα
1721 895 1885 947 πλοῦ-

298 996 399 1044 ⁶τος
430 982 615 1044 αὐτοῖς
643 982 1058 1047 ὑπεξίστασθαι*
1093 984 1301 1038 ἀνωθεν
1335 985 1430 1037 καὶ
1459 986 1566 1053 γὰρ
1597 985 1778 1046 αὐτοῖς
1808 984 1880 1047 ὡς

297 1076 365 1129 lx
398 1078 592 1146 σειρᾶς
636 1077 699 1130 τὸ
726 1081 825 1147 τῆς
873 1078 1158 1145 εὐγενείας
1208 1078 1374 1131 καλόν
1397 1094 1411 1110 ·
1445 1080 1551 1131 τῶν
1589 1079 1683 1146 ἀφ’
1732 1077 1882 1146 ἡλίου

298 1170 583 1223 ἀνατολῶν
616 1171 711 1223 καὶ
745 1164 897 1223 οὗτοι
927 1170 1265 1239 ὁρμώμενοι,
1315 1171 1553 1237 εὐγενεῖς
1593 1172 1655 1221 τὸ
1688 1171 1879 1239 σῶμα,

297 1263 402 1330 τῆν
438 1262 619 1333 ψυχὴν
676 1265 1080 1332 εὐγενέστεροι.
1134 1264 1289 1334 Θύρα
1341 1265 1555 1326 τούτοις
1605 1265 1744 1317 κατά
1790 1265 1881 1316 τὸν

310 1355 435 1409 ’1ὼὸ
496 1358 662 1410 παντὶ
715 1358 999 1428 πενομένῳ
1036 1358 1314 1427 ἀνέῳκτο,
1367 1358 1467 1411 οὐκ
1505 1357 1877 1428 ἐπιζυγομένη

295 1455 443 1506 κατά
499 1453 832 1523 προσώπων,
873 1455 965 1506 καὶ
1009 1454 1199 1523 πόρῤω
1260 1453 1486 1514 τούτους
1540 1452 1875 1504 ἐλαύνουσαο

294 1543 459 1605 ¹ιτόδες
477 1540 619 1612 ἦσαν
651 1544 865 1611 χωλῶνο
904 1544 1004 1597 ὅσα
1029 1544 1123 1596 καὶ
1152 1543 1454 1611 ὀφθαλμοῖς
1478 1541 1720 1612 ἐχρῶντο
1755 1541 1879 1594 τού-

291 1655 434 1703 τοις,
454 1638 505 1689 οἳ
532 1638 911 1708 πεπηρωμένα
934 1638 1001 1691 τὰ
1029 1638 1253 1708 ὄμματα
1286 1637 1636 1707 περιέφερον.
1663 1636 1877 1707 Χηρείᾳ

291 1729 352 1783 δὲ
380 1730 453 1782 τὰ
486 1730 725 1796 μάλιστα
752 1730 1099 1800 βοηθοῦντες,
1130 1731 1194 1781 ἐκ
1227 1728 1424 1782 πολλοῦ
1473 1727 1563 1781 τὸν
1596 1728 1711 1798 βίον
1744 1730 1876 1780 ἀπο-

293 1816 572 1870 λιπόντων
619 1819 895 1887 πατέρων,
947 1818 1143 1877 παῖδας
1180 1816 1598 1885 ἐξοικιζόμενοι,
1639 1816 1739 1883 τῆς
1786 1817 1875 1882 ὀρ-

1996 632 2101 667 non
2126 632 2264 684 opus
2291 629 2409 670 erat
2437 622 2646 671 auxilio
2671 638 2685 685 ;
2712 624 2802 689 qui
2838 627 2984 678 inter
3017 630 3271 681 civitates
3302 634 3567 698 primores

1991 716 2169 769 erant,
2204 709 2362 773 ‹·ιιιιιί
2394 710 2599 761 divitiis
2622 715 2992 777 abundabant,
3017 728 3072 770 et
3102 720 3304 785 quibtts
3350 729 3566 789 generis

1991 796 2232 849 charilas
2283 800 2521 867 desuper
2560 813 2698 857 erat.
2743 804 2875 857 Nam
2911 810 2979 860 ab
3025 809 3266 865 Orientis
3314 818 3563 882 partibus

1991 891 2187 953 exorti,
2220 891 2263 941 si
2309 894 2483 956 quoad
2544 909 2749 962 corpus
2782 902 3059 963 generosi.
3096 911 3274 970 quoad
3323 908 3448 959 auio
3474 926 3562 962 am

1990 982 2365 1045 generosiores
2416 998 2590 1038 crant.
2629 988 2829 1042 Domus
2856 1006 3072 1050 eorum.
3105 1000 3407 1051 secundum
3436 1001 3557 1055 Jobi

1988 1076 2320 1141 exemplum,
2357 1079 2692 1145 pauperibus
2730 1084 2987 1139 omnibus
3051 1100 3239 1155 aperta
3284 1105 3401 1144 erat
3435 1096 3557 1147 sine

1990 1177 2343 1229 personarum
2374 1170 2707 1235 acceptione.
2736 1172 2906 1226 Pedes
2933 1177 3097 1229 iidem
3152 1189 3309 1231 erant
3339 1183 3559 1236 claudo-

1990 1269 2147 1316 rum;
2178 1259 2304 1309 (περὶ
2338 1260 2401 1311 iis
2431 1270 2487 1311 ut
2515 1262 2688 1315 oculis
2719 1265 3031 1321 utebantur.
3077 1270 3307 1325 Maxime
3373 1284 3555 1328 autem

1989 1346 2169 1399 viduis
2225 1354 2645 1417 succurrebant,
2704 1367 2861 1408 natos
2939 1361 3264 1427 adoptantes
3320 1383 3557 1434 quorum

1986 1438 2265 1505 genitores
2297 1458 2359 1493 ex
2399 1443 2661 1497 diuturno
2694 1456 2940 1515 tempore
2966 1466 2996 1503 e
3030 1454 3137 1504 vita
3179 1470 3553 1523 excesserant,

1986 1531 2175 1599 sicque
2195 1535 2447 1588 orbitatis
2476 1535 2735 1591 duritiem
2780 1541 3052 1597 lenientes
3080 1560 3210 1599 cura
3245 1564 3405 1615 quam
3435 1553 3554 1606 illo-

1986 1638 2106 1676 rum
2138 1630 2422 1694 gerebant.
2454 1630 2594 1694 Quid
2632 1632 2784 1683 tum?
2820 1649 2947 1686 num
2979 1646 3136 1704 putas
3173 1654 3269 1693 eos
3320 1645 3410 1709 qui
3445 1660 3555 1697 cae.

1986 1718 2119 1771 teris
2174 1718 2315 1772 bene
2363 1721 2656 1783 faciebant,
2719 1724 2866 1777 domi
2902 1728 3132 1782 luxuria:
3198 1749 3261 1785 ac
3292 1736 3547 1789 mollitiei

1986 1808 2323 1863 indulsisse?
2350 1812 2569 1867 Minime
2605 1831 2786 1869 rerum
2817 1835 2831 1881 ;
2867 1817 2973 1872 imo
3004 1821 3139 1888 legis
3171 1826 3426 1880 salutaris
3461 1846 3557 1881 ex-

291 1910 498 1979 φανίας
523 1908 830 1979 περιῄρουν
858 1910 918 1961 τὸ
945 1908 1226 1973 πλεῖστον,
1258 1909 1352 1963 an
1384 1911 1458 1979 μὴ
1489 1910 1597 1962 τῶν
1619 1909 1674 1973 ἐξ
1707 1908 1876 1975 αὐτῆς
1910 1900 1952 1958 Β

1873 1925 1876 1964 ;
1910 1900 1952 1958 Β
1982 1902 2238 1955 ercitium
2271 1917 2596 1973 perpetuum
2628 1910 2712 1962 eis
2742 1911 3018 1979 negotium
3048 1927 3188 1979 erat,
3212 1920 3368 1986 cujus
3397 1922 3556 1986 vigor

288 1999 487 2052 κακῶν
518 2003 575 2063 ἐς
625 2004 824 2072 πεῖραν
868 2003 932 2071 τῇ
982 2002 1207 2053 ἐκείνων
1244 2002 1538 2072 ἐπιμελείᾳ
1572 2000 1875 2068 γινόμενοι.

288 2094 361 2147 Τί
391 2094 523 2162 οῦν;
557 2091 667 2165 ἆρα
695 2096 770 2163 μὴ
800 2097 911 2152 τοῖς
955 2094 1060 2160 ἔξω
1094 2093 1272 2155 καλῶς
1305 2094 1542 2163 ἔχοντες,
1573 2097 1684 2157 τοῖς
1731 2095 1879 2146 ἔνδον

288 2186 353 2237 ἐν
384 2186 645 2257 ῥαστώνῃ
686 2187 974 2246 διέκειντο,
1014 2190 1247 2256 τρυφαῖς
1289 2188 1440 2240 αὐτοὶ
1475 2189 1569 2241 καὶ
1608 2190 1705 2260 ὅση
1750 2189 1878 2258 βλα-

288 2280 422 2349 κείᾳ
459 2280 856 2347 σχτιλάζοντεςς
913 2280 1213 2349 Οὑμενοῦν·
1248 2280 1367 2333 ἀλλ’
1396 2280 1559 2350 ἔργον
1597 2276 1665 2351 ἦν
1695 2284 1879 2339 αὐτοῖς

285 2376 579 2428 ἄπαυστον
610 2373 643 2441 ἡ
679 2372 772 2424 τοῦ
808 2373 1159 2441 παιδαγωγοῦ
1192 2374 1357 2441 νόμου
1393 2373 1591 2443 μελέτη
1615 2390 1628 2405 ·
1667 2374 1747 2426 ἐτι
1783 2377 1877 2427 καὶ

284 2466 401 2535 γὰρ
463 2464 654 2526 αὑτοῦ,
697 2466 802 2518 κᾶν
858 2467 951 2517 ἐπὶ
1011 2466 1175 2535 ξυροῦ
1236 2468 1419 2536 ἀκμῆς
1460 2468 1527 2520 τά
1572 2467 1671 2536 τῆς
1720 2471 1877 2530 σκιᾶς

287 2559 631 2628 ἐνειστήκει,
671 2560 761 2609 καὶ
793 2559 825 2624 ὴ
862 2558 1003 2626 πρὸς
1058 2560 1119 2610 τὸ
1179 2559 1320 2611 θεῖον
1367 2558 1434 2611 δι’
1484 2562 1732 2629 αίμάτων
1784 2562 1877 2612 καὶ

285 2654 524 2721 κνίσσης
577 2653 873 2713 οἰκείωσις.
932 2653 1168 2705 Γεννῶσι
1212 2655 1397 2725 τοίνυν
1447 2655 1545 2723 τὴν
1599 2656 1876 2723 μακαρίαν

284 2747 498 2813 ταύτην
531 2745 756 2814 Μαρίαν
814 2745 943 2811 περὶ
986 2745 1057 2796 τὰ
1096 2746 1237 2811 μέσα
1287 2762 1391 2797 που
1428 2747 1527 2812 τῆς
1575 2748 1877 2815 μοναρχίας

283 2840 386 2892 τοῦ
422 2840 709 2907 Καίσαρος
750 2836 1061 2901 Ὀκταϐίου,
1094 2830 1139 2904 ᾧ
1167 2839 1259 2889 καὶ
1286 2839 1559 2899 Σεϐαστὸς
1588 2841 1877 2906 ἐπίκλησίς

284 2934 442 2982 ἐστιν
475 2931 664 2998 ἕτερον
712 2928 910 2997 ὄνομα.
950 2930 1057 2979 Καὶ
1090 2929 1346 2995 ἀποχρῆν
1374 2930 1558 2986 αὐτοῖς
1594 2931 1673 2990 είς
1726 2930 1876 2997 φιλο-

282 3020 482 3088 τιμίαν
518 3019 766 3087 ῆγημαι,
816 3019 897 3069 ὅτι
933 3017 1175 3083 πατέρες
1202 3017 1459 3085 τοιαύτης
1508 3020 1747 3086 ηκουσαν
1783 3019 1877 3069 θυ-

282 3112 515 3179 γατρός.
562 3112 735 3179 Εἴπερ
766 3111 875 3178 γὰρ
910 3110 1019 3162 ἔδει
1060 3112 1161 3177 τὴν
1188 3111 1468 3174 τοιαύτην,
1517 3110 1611 3161 καὶ
1639 3112 1875 3162 τοσαῦτα

282 3206 351 3274 δὴ
380 3206 460 3273 τῷ
484 3205 584 3273 βίῳ
608 3205 1012 3273 χαρισαμένην,
1047 3204 1187 3272 ὑπὲρ
1211 3202 1338 3256 νοῦν
1369 3204 1463 3255 καὶ
1492 3204 1651 3270 λόγον
1675 3207 1874 3274 τυγχά-

281 3315 475 3359 νοντα,
516 3296 593 3365 τῴ
637 3296 737 3365 βίῳ
766 3296 1012 3365 δοθῆναι,
1041 3295 1231 3364 ὥσπερ
1261 3314 1310 3348 τι
1342 3295 1454 3348 τῶν
1493 3297 1662 3347 πάλαι
1715 3298 1872 3365 μέγι-

282 3408 417 3443 στον
446 3392 691 3457 ἀγαθῶν,
720 3391 794 3459 μὴ
824 3390 1008 3449 ἄλλοις
1030 3390 1224 3448 αίτίοις
1252 3391 1361 3451 τοῖς
1389 3390 1470 3451 είς
1499 3390 1614 3457 φῶς
1644 3390 1872 3459 προόδου

280 3484 533 3552 πατράσι
571 3482 906 3551 χρήσασθαι,
943 3482 976 3550 ἢ
1006 3478 1073 3533 δι’
1103 3475 1178 3533 ὧν
1205 3483 1421 3548 γέγονε,
1461 3482 1748 3542 κάκείνους
1798 3480 1873 3550 μὴ

281 3576 458 3643 ἄλλης
490 3576 521 3643 ἦ
556 3575 766 3643 ταύτης
792 3576 1039 3643 πατέρας
1070 3574 1326 3643 ὀφθῆναι.
1357 3574 1511 3626 Ἐπεὶ
1537 3575 1580 3625 δ’
1602 3576 1872 3641 ἀπέσχετο

279 3668 587 3735 γάλακτος,
641 3671 737 3718 καὶ
794 3669 985 3737 πόρρω
1034 3666 1239 3718 τιτθῶν
1267 3663 1358 3735 ἦν,
1404 3667 1500 3717 καὶ
1548 3668 1673 3736 ἄρτι
1712 3666 1871 3718 ποσὶν

278 3762 513 3823 οἰκείοις
548 3760 854 3812 ἐπιὸαίνειν
888 3763 985 3829 τῆς
1032 3758 1137 3828 γῆς
1178 3758 1420 3829 ἧρξατο,
1456 3761 1556 3812 ούκ
1590 3759 1677 3811 ἐπ’
1703 3759 1868 3826 ἀτρα-

280 3869 415 3903 κτον
449 3853 687 3920 ἐρείδειν
717 3855 909 3921 πήχεις
940 3852 1083 3904 κατὰ
1106 3852 1197 3903 τὸν
1219 3852 1542 3920 Σολομῶντα
1575 3852 1869 3920 μανθάνειν

282 3937 588 4002 ἐκδίδοται,
606 3940 716 3993 οὐδ’
748 3942 872 4008 ἔρια
892 3939 1103 4009 νήθειν,
1129 3939 1161 4009 ἢ
1184 3941 1295 4001 τοῖς
1325 3942 1386 3992 ἐκ
1420 3940 1603 4007 σηρῶν
1629 3942 1868 4009 νήμασιν

276 4034 625 4098 ἐπικεῖσθαι,
657 4033 754 4085 καὶ
799 4033 880 4094 είς
933 4033 1131 4092 κάλλος
1197 4032 1506 4097 ἐξυφαίνειν
1557 4033 1652 4083 καὶ
1701 4049 1866 4084 κατα-

1980 1994 2298 2061 sanguinem
2321 2008 2376 2051 et
2412 1997 2752 2052 victimarum
2783 2002 3004 2055 odorem
3034 2007 3305 2074 exigebat.
3336 2007 3558 2061 Genue-

1982 2096 2112 2139 runt
2165 2086 2332 2156 igitur
2384 2089 2597 2142 beatam
2660 2091 2880 2145 Mariam
2940 2096 3086 2148 circa
3136 2100 3376 2151 medium
3420 2100 3555 2168 imp.

1978 2176 2190 2229 Octavii
2216 2194 2441 2246 regnum
2488 2180 2581 2248 qui
2615 2182 2720 2235 alio
2744 2185 2966 2238 nomine
2992 2192 3264 2255 Augustus
3296 2197 3507 2259 appella
3528 2221 3540 2232 -

1980 2268 2161 2321 batur.
2200 2270 2260 2321 Et
2295 2285 2444 2323 certe
2498 2273 2693 2327 honori
2759 2276 2892 2344 ipsis
2921 2288 3041 2329 erat
3073 2280 3218 2345 quod
3271 2283 3543 2348 ejusmodi

1982 2356 2103 2410 lilia:
2137 2369 2388 2426 parentes
2423 2363 2696 2416 audirent.
2723 2364 2859 2417 Cum
2892 2368 3037 2419 enim
3072 2369 3233 2421 talem
3267 2372 3551 2435 feminam,

1980 2462 2101 2514 qua:
2129 2447 2290 2500 vitam
2323 2449 2463 2502 adeo
2494 2450 2827 2515 houestavit,
2859 2458 3012 2521 cujus
3051 2456 3279 2511 virtutes
3311 2470 3557 2515 mentem

1978 2548 2033 2591 et
2060 2554 2366 2591 sermonem
2394 2554 2747 2609 exsuperant,
2792 2545 2846 2596 in
2904 2546 3102 2607 lucem,
3132 2558 3188 2599 ut
3218 2553 3434 2615 generis
3460 2557 3558 2604 ho-

1979 2645 2097 2689 nos,
2135 2631 2222 2683 edi
2274 2646 2369 2696 par
2421 2647 2556 2691 erat.
2591 2650 2808 2701 :equum
2862 2653 2990 2689 sane
3031 2652 3148 2691 erat
3200 2658 3320 2693 eam
3358 2645 3556 2697 talibus

1981 2720 2323 2787 potissimum
2358 2724 2675 2789 parentibus
2704 2730 2872 2785 nasci,
2911 2730 3004 2795 qui
3053 2729 3242 2784 itideu'.
3267 2736 3368 2785 soli
3433 2738 3557 2789 talis

1981 2812 2101 2863 lilia:
2130 2827 2381 2879 parentes
2410 2830 2527 2867 esse
2560 2818 2930 2871 merebantur.
3004 2820 3296 2889 Postquam
3356 2828 3559 2881 deinde

1979 2919 2007 2955 a
2042 2904 2179 2957 laete
2230 2917 2286 2959 et
2324 2909 2577 2960 mammis
2637 2920 2816 2961 amota
2864 2924 3009 2964 esset
3062 2924 3115 2965 et
3165 2916 3273 2982 jam
3320 2922 3559 2984 propriis

1979 3009 2125 3051 stare
2152 3009 2207 3051 et
2233 3001 2516 3052 ambulare
2566 3003 2797 3069 pedibus
2829 3004 3107 3070 cmpisset,
3136 3024 3239 3059 non
3270 3011 3335 3060 ad
3390 3027 3557 3079 opera

1976 3090 2261 3155 feminina,
2290 3096 2589 3144 secundum
2621 3092 2987 3160 Salomonem,
3012 3114 3119 3151 non
3142 3100 3206 3151 ad
3236 3102 3414 3153 lanam
3443 3113 3555 3155 tra-

1976 3185 2229 3236 ctandam
2261 3195 2353 3236 aut
2384 3186 2449 3237 ad
2481 3186 2684 3237 textilia
2749 3188 2963 3250 serica;
2995 3207 3101 3242 non
3134 3196 3199 3244 ad
3230 3194 3556 3256 vestimenta

1986 3292 2123 3329 auro
2160 3278 2545 3344 distinguenda
2573 3281 2991 3341 admovebatur.
3019 3284 3128 3335 imo
3162 3285 3547 3352 magistrorum

1979 3370 2183 3421 scholis
2208 3371 2518 3423 concredita
2553 3381 2656 3424 est.
2686 3372 2837 3425 Sicut
2898 3390 3024 3426 vero
3074 3376 3156 3428 fax
3189 3376 3240 3428 in
3280 3378 3477 3445 ignem.
3500 3391 3555 3433 et

1976 3477 2152 3529 equus
2170 3463 2222 3515 in
2244 3477 2520 3531 campum,
2542 3474 2599 3515 ut
2622 3475 2704 3517 est
2731 3466 2780 3516 in
2804 3466 3117 3531 proverbio,
3145 3468 3224 3521 sic
3246 3468 3396 3522 brevi
3418 3480 3556 3521 tem-

1978 3568 2112 3623 pore
2144 3555 2297 3607 beata
2324 3564 2508 3608 nostra
2527 3556 2827 3609 docebatur
2854 3574 2975 3624 qua:
3005 3559 3163 3611 divus
3186 3559 3398 3629 Moyses
3418 3565 3557 3613 scri-

1978 3646 2109 3714 psit.
2143 3646 2289 3714 quod
2326 3648 2379 3699 in
2406 3647 2702 3715 Scripturis
2725 3650 2979 3702 obscuris
2997 3649 3217 3718 legitur,
3245 3651 3387 3719 quod
3420 3668 3552 3719 pro-

1976 3737 2153 3803 pheta:
2182 3750 2235 3790 et
2276 3738 2465 3806 psalmi
2516 3739 2781 3792 referunt.
2815 3739 3042 3792 Psalmis
3074 3751 3255 3793 tamen
3316 3746 3553 3797 maxime

1976 3827 2327 3882 incumbebat
2351 3829 2526 3898 iisque
2558 3829 2655 3882 diu
2691 3842 2968 3899 noctuque
3002 3832 3248 3896 vacabat,
3303 3843 3363 3886 ut
3399 3844 3455 3888 et
3477 3834 3556 3886 lo-

1974 3922 2052 3973 cis
2084 3912 2416 3990 propheticis
2438 3936 2660 3991 operam
2694 3923 2859 3977 dabat
2905 3939 3025 3990 qua:
3054 3923 3121 3976 de
3148 3924 3368 3979 Christo
3396 3936 3451 3980 et
3479 3926 3551 3981 de

1972 4015 2165 4068 Messia
2190 4013 2725 4102 ibidem’clarissime
2751 4017 3124 4084 proferuntur.

276 4126 615 4191 ποικίλλειν,
646 4126 725 4193 τῷ
757 4126 825 4177 τά
857 4126 1035 4176 πάντα
1070 4124 1380 4194 βιαζομένῳ
1424 4126 1637 4193 χρυσῷ,
1670 4125 1785 4177 ἀλλ’
1813 4127 1869 4188 ἐς
1908 4126 2332 4197 γραμματιστοῦ
2405 4132 2599 4199 φοιτᾷν
2672 4132 3041 4198 ἐγκελεύεται.
3087 4135 3241 4187 Ἐπεὶ
3272 4139 3327 4190 δὲ
3362 4141 3423 4192 τὸ
3452 4144 3550 4195 τοῦ

274 4228 445 4292 ὶόγου
499 4224 657 4284 δαλὸς
704 4219 773 4293 ἦν
820 4225 901 4283 είς
956 4221 1095 4290 πῦρ,
1138 4222 1233 4274 καὶ
1269 4222 1458 4285 ῐππος,
1505 4223 1532 4274 ὃ
1599 4238 1787 4290 φασιν,
1855 4224 1936 4285 είς
1978 4226 2183 4288 πεδίον,
2232 4226 2411 4293 ὀλίγος
2440 4230 2467 4279 ὁ
2509 4227 2715 4296 μεταξὺ
2749 4230 2956 4297 χρόνος,
3006 4234 3104 4286 καὶ
3155 4234 3403 4287 ἀσκεῖται
3448 4241 3551 4306 μὲν

273 4325 444 4389 αὐτῇ,
486 4322 592 4373 ὅσα
624 4320 701 4386 τῷ
753 4321 961 4389 θεόπτῃ
993 4322 1307 4390 γέγραπται
1354 4320 1600 4381 Μωῦσεῖ,
1657 4322 1751 4371 κα)⁵
1805 4324 1871 4390 τῇ
1912 4321 2071 4392 λοιπῇ
2113 4322 2331 4375 σκιώδει
2399 4324 2613 4393 Γραφῇ,
2657 4326 2759 4377 ὅσα
2808 4343 2866 4377 τε
2904 4328 3182 4395 προφῆται
3215 4332 3308 4383 καὶ
3349 4331 3555 4402 ψαλμοὶ

271 4416 658 4483 διεξέρχονται
678 4430 693 4445 ο
722 4414 836 4472 τοῖς
870 4415 1057 4481 μέντοι
1084 4414 1321 4480 ψαλμοῖς
1387 4414 1483 4465 καὶ
1550 4416 1948 4484 προσετετήκει
1986 4417 2055 4467 τὰ
2080 4416 2348 4485 μάλιστα,
2386 4417 2480 4468 καὶ
2512 4418 2720 4478 τούτοις
2752 4418 2943 4481 νυκτὸς
2977 4415 3044 4489 ἦν
3087 4424 3183 4473 καὶ
3210 4424 3423 4491 ἡμέρας
3452 4429 3555 4494 ἐμ-

277 4508 595 4580 μελετὼσα,
630 4508 726 4559 καὶ
754 4506 863 4556 τῶν
889 4504 1251 4575 προφητικῶν
1284 4505 1516 4566 ἐκείνοις
1569 4509 1860 4578 ἐγκειμένη
1900 4509 2169 4589 διηνεκὲς,
2237 4511 2338 4564 ὅσα
2363 4511 2493 4581 περὶ
2548 4511 2814 4582 Χριστοῦ,
2844 4511 2945 4564 εἰτ’
2969 4512 3061 4565 οῦν
3091 4519 3219 4584 περὶ
3240 4516 3333 4568 τοῦ
3354 4518 3552 4589 ὴλειμ-

277 4605 452 4675 μένου
488 4604 581 4652 καὶ
606 4600 846 4653 Μεσσίου
876 4599 1261 4669 ἐμφανέστατα
1286 4600 1720 4667 διαγγέλλουσιν.
1893 4585 1966 4668 (ἶ

349 4697 430 4753 Δ’.
467 4696 633 4765 ’Δρτι
656 4694 715 4745 δὲ
744 4693 856 4745 τῶν
886 4693 1099 4760 γονέων
1129 4692 1310 4764 ταύτῃ
1341 4693 1867 4764 διαμετρησαμένων
1899 4701 1945 4755 ι)

1861 4710 1867 4736 ν
1899 4701 1945 4755 ι)
2044 4691 2133 4746 ιν.
2172 4692 2465 4761 Postquam
2499 4700 2753 4760 parentes
2800 4708 2830 4747 e
2867 4694 2973 4745 vita
3003 4693 3395 4757 decessissent,
3430 4699 3544 4752 lilia

270 4793 336 4846 τὸ
370 4792 501 4859 ζῇν,
543 4787 685 4853 αὕτη
713 4785 811 4837 καὶ
840 4785 1127 4856 παρούσης
1176 4785 1427 4849 ἐξουσίας
1469 4786 1547 4847 είς
1590 4786 1648 4838 τὸ
1702 4785 1865 4855 ρᾳθυ-

278 4886 430 4955 μεῖν,
461 4882 565 4934 οὐκ
606 4879 822 4948 εμεινεν
852 4878 909 4928 ἐν
944 4876 1294 4944 ἀπαιδευσίᾳο
1331 4876 1393 4927 οὑ
1437 4876 1544 4946 γὰρ
1578 4875 1711 4945 πρὸς
1742 4892 1869 4944 τρυ-

275 4981 386 5044 φὰς
412 4972 630 5036 ἀπεῖδε,
662 4971 757 5021 καὶ
803 4968 1089 5037 βλακείαις
1136 4968 1305 5035 ἀνῆκε
1337 4968 1397 5019 τὸ
1435 4968 1614 5035 σῶμα,
1662 4969 1756 5019 καὶ
1800 4971 1865 5036 τῇ

274 5069 444 5134 λοιπῇ
480 5062 739 5134 ῥᾳστώνῃ
768 5061 1136 5131 ἐκδεδιῄτητο·
1175 5062 1269 5113 καὶ
1299 5061 1478 5113 ταῦτα
1528 5060 1868 5128 παρηὸῶσαν

276 5162 382 5230 ᾔδη
418 5161 522 5227 τὴν
556 5156 776 5227 ἡλικίαν
809 5156 1150 5222 ἐπαγομένη,
1197 5154 1413 5222 πλούτῳ
1441 5171 1498 5205 τε
1545 5153 1861 5223 βριθομένη,

278 5258 373 5305 καί
413 5254 545 5319 ἄρτι
577 5247 768 5300 παθῶν
812 5248 923 5299 τῶν
964 5250 1029 5298 ἐκ
1080 5246 1297 5313 φύσεως
1343 5246 1719 5298 ἐπιϐαίνουσα’
1752 5247 1864 5299 ἀλλ’

277 5334 524 5414 ἄσχολον
570 5342 735 5410 ἔργον
767 5339 945 5411 ταύτῃ
973 5339 1199 5408 νηστεία
1234 5341 1331 5392 καὶ⁵
1373 5340 1672 5407 προσευχὴ,
1713 5338 1865 5406 τῆξις

279 5441 513 5506 σαρκὸς,
550 5437 647 5488 καὶ
668 5435 704 5504 ἡ
729 5432 862 5499 πρὸς
888 5433 950 5484 τὸ
979 5431 1121 5483 θεῖον
1152 5430 1333 5492 νεῦσίς
1355 5447 1413 5481 τε
1447 5436 1539 5481 καὶ
1568 5431 1866 5494 οἰκείωσις,

274 5532 446 5599 νόμον
483 5528 711 5597 μελέτη,
743 5525 778 5576 Γ
786 5524 974 5593 ραφῶν
1012 5523 1320 5590 ἀνάγνωσις
1342 5561 1356 5583 ο

275 5624 405 5676 (οντα
437 5621 554 5679 τοῖς
589 5616 891 5687 χρῄζουσιν
923 5616 1129 5669 ἀνιέναι
1157 5613 1306 5674 ὅλαις
1342 5615 1494 5682 χερσὶ
1523 5615 1617 5665 καὶ
1646 5614 1862 5684 γνώμῃ.

276 5715 371 5767 καὶ
398 5710 823 5781 προθυμότερόν
852 5724 915 5774 γε
949 5707 982 5776 ἢ
1012 5709 1242 5769 ἐκείνοις
1290 5706 1592 5775 λαμϐάνειν
1624 5705 1771 5773 ἐξῆν,
1804 5706 1864 5757 τὸ

284 5808 504 5872 μέλλον,
534 5804 611 5865 ὡς
640 5804 779 5865 ἐνὸν,
816 5800 1213 5864 κατακτᾶσθαι,
1244 5800 1339 5852 καὶ⁸
1371 5802 1481 5861 τοῖς
1524 5800 1721 5851 ἑστῶσι
1769 5816 1863 5850 τα-

280 5899 480 5967 μιείοις
530 5896 624 5951 διὰ
677 5896 808 5964 τῶν,
844 5889 926 5958 οἷς
956 5894 1126 5948 ἐνδεῖν
1160 5894 1249 5947 τίον
1305 5891 1419 5962 βίον
1455 5892 1761 5957 συνέϐαινε,
1792 5890 1860 5960 τᾲ

1400 5524 1493 5574 καὶ
1525 5524 1612 5575 διὰ
1657 5522 1752 5574 τοῦ
1799 5526 1865 5575 τὰ

1975 4802 2097 4840 cum
2117 4787 2277 4840 otiari
2311 4798 2473 4854 atque
2504 4786 2964 4856 genioindulgcre
2997 4799 3205 4855 posset.
3234 4790 3544 4845 litterarum

1971 4879 2154 4931 studia
2191 4895 2300 4933 non
2347 4879 2613 4932 deseruit.
2670 4881 2787 4933 Non
2830 4882 2975 4934 enim
3032 4881 3266 4935 luxuriei
3299 4885 3542 4939 animum

1968 4969 2228 5037 applicuit
2280 4984 2382 5023 nec
2443 4970 2819 5038 voluptatibus
2888 4986 2946 5025 se
3000 4971 3256 5036 dedidit,
3310 4976 3549 5045 vita-quc:

1970 5062 2219 5115 mollitiei
2252 5077 2308 5116 se
2337 5062 2611 5116 dedicaiit
2634 5102 2647 5122 ,
2682 5061 2843 5130 idque
2896 5079 3021 5116 cum
3051 5074 3181 5118 a'tas
3207 5105 3221 5125 ,
3257 5077 3446 5119 natura
3490 5081 3545 5122 et

1968 5155 2298 5220 cupiditates
2357 5155 2673 5208 invitarent.
2722 5154 2867 5207 Nihil
2915 5156 3062 5208 enim
3120 5157 3401 5223 antiquius
3451 5160 3548 5209 ha-

1969 5242 2134 5299 bebat
2159 5259 2319 5311 quam
2350 5243 2619 5312 jejunium
2645 5282 2659 5300 .
2695 5258 2889 5311 preces
2910 5283 2923 5303 .
2960 5245 3211 5311 corporis
3243 5247 3545 5299 mortiﬁca-

1964 5336 2209 5399 tionem,
2253 5352 2375 5389 cum
2429 5342 2593 5389 rebus
2654 5337 2975 5389 coelestibus
3035 5342 3541 5403 conversationem,

1964 5428 2100 5495 legis
2153 5427 2589 5491 meditationem,
2623 5427 3029 5496 Scripturarum
3086 5431 3394 5481 lectionem.
3443 5430 3532 5482 Li-

1967 5520 2112 5571 beuti
2153 5519 2342 5572 eadem
2399 5520 2581 5571 animo
2631 5527 2685 5570 et
2735 5533 2858 5571 cum
2909 5519 3223 5587 profusione
3265 5518 3451 5586 egenis
3487 5529 3545 5572 ct

1969 5612 2159 5680 majori
2194 5612 2464 5663 hilaritate
2501 5611 2662 5663 dabat
2700 5628 2864 5679 quam
2900 5628 3002 5679 qua
3047 5612 3120 5663 illi
3166 5612 3533 5678 accipiebant.

1968 5704 2059 5757 Sic
2113 5704 2345 5755 aliorum
2375 5703 2500 5755 vitae
2529 5705 2922 5771 prospiciebat.
2962 5713 3016 5754 et
3047 5702 3249 5769 quibus
3305 5701 3539 5753 deerant

1969 5812 2089 5863 qua:
2150 5796 2216 5849 ad
2279 5797 2441 5849 vitam
2480 5804 2783 5849 necessaria
2816 5805 2963 5859 sunt,
2993 5796 3197 5847 divitiis
3240 5795 3356 5848 suis
3413 5808 3541 5845 cum

1970 5889 2163 5943 animae
2197 5891 2561 5959 generositate
2604 5890 2980 5945 succurrebat.
3016 5889 3117 5944 Sed
3163 5903 3260 5941 nec
3296 5886 3543 5957 propriis
