  <div class='ocr_page' id='page_1' title='image "/cluster/home/n/w/nwhite01/storage/ocr_20150623/147/nnc1.0046980555/282.png"; bbox 0 0 4262 6446; ppageno 0'>
   <div class='ocr_carea' id='block_1_1' title="bbox 313 442 420 502">
    <p class='ocr_par' dir='ltr' id='par_1_1' title="bbox 313 442 420 502">
     <span class='ocr_line' id='line_1_1' title="bbox 313 442 420 502; baseline -0.019 0"><span class='ocrx_word' id='word_1_1' title='bbox 313 442 420 502; x_wconf 73' lang='grc'><strong>553</strong></span> 
     </span>
    </p>
   </div>
   <div class='ocr_carea' id='block_1_2' title="bbox 1204 424 2642 497">
    <p class='ocr_par' dir='ltr' id='par_1_2' title="bbox 1204 424 2642 497">
     <span class='ocr_line' id='line_1_2' title="bbox 1204 424 2642 497; baseline -0.008 -2"><span class='ocrx_word' id='word_1_2' title='bbox 1204 439 1462 497; x_wconf 82' lang='lat' dir='ltr'><strong>SERMO</strong></span> <span class='ocrx_word' id='word_1_3' title='bbox 1507 438 1585 495; x_wconf 82' lang='lat' dir='ltr'><strong>IN</strong></span> <span class='ocrx_word' id='word_1_4' title='bbox 1627 438 1691 495; x_wconf 88' lang='lat' dir='ltr'><strong>S-</strong></span> <span class='ocrx_word' id='word_1_5' title='bbox 1736 433 2044 495; x_wconf 75' lang='lat' dir='ltr'><strong>MARIAM</strong></span> <span class='ocrx_word' id='word_1_6' title='bbox 2088 424 2642 489; x_wconf 61' lang='lat' dir='ltr'><strong>MAGDALEN&#39;AM.</strong></span> 
     </span>
    </p>
   </div>
   <div class='ocr_carea' id='block_1_3' title="bbox 3448 408 3551 476">
    <p class='ocr_par' dir='ltr' id='par_1_3' title="bbox 3448 408 3551 476">
     <span class='ocr_line' id='line_1_3' title="bbox 3448 408 3551 476; baseline 0.029 -3"><span class='ocrx_word' id='word_1_7' title='bbox 3448 408 3551 476; x_wconf 67' lang='grc'><strong>554</strong></span> 
     </span>
    </p>
   </div>
   <div class='ocr_carea' id='block_1_4' title="bbox 316 524 1999 617">
    <p class='ocr_par' dir='ltr' id='par_1_4' title="bbox 316 538 1999 617">
     <span class='ocr_line' id='line_1_4' title="bbox 316 538 1999 617; baseline -0.007 -16"><span class='ocrx_word' id='word_1_8' title='bbox 316 551 435 617; x_wconf 70' lang='grc' dir='ltr'>ρτδα</span> <span class='ocrx_word' id='word_1_9' title='bbox 463 545 768 610; x_wconf 68' lang='grc' dir='ltr'>ἀξελέξατο,</span> <span class='ocrx_word' id='word_1_10' title='bbox 796 545 830 615; x_wconf 76' lang='grc' dir='ltr'>ἦ</span> <span class='ocrx_word' id='word_1_11' title='bbox 864 563 944 607; x_wconf 88' lang='grc' dir='ltr'><strong>τις</strong></span> <span class='ocrx_word' id='word_1_12' title='bbox 974 546 1073 597; x_wconf 69' lang='grc' dir='ltr'><strong>οὐκ</strong></span> <span class='ocrx_word' id='word_1_13' title='bbox 1106 546 1536 616; x_wconf 65' lang='grc' dir='ltr'><strong>ἀφαιρεθήσεται</strong></span> <span class='ocrx_word' id='word_1_14' title='bbox 1560 545 1653 594; x_wconf 81' lang='grc' dir='ltr'>ἀπ’</span> <span class='ocrx_word' id='word_1_15' title='bbox 1688 542 1879 608; x_wconf 71' lang='grc' dir='ltr'>αὑτῆς,</span> <span class='ocrx_word' id='word_1_16' title='bbox 1911 542 1959 601; x_wconf 76' lang='grc' dir='ltr'><strong>Α</strong></span> <span class='ocrx_word' id='word_1_17' title='bbox 1984 538 1999 590; x_wconf 91' lang='grc'><strong>1</strong></span> 
     </span>
    </p>
   </div>
   <div class='ocr_carea' id='block_1_5' title="bbox 1866 524 3549 617">
    <p class='ocr_par' dir='ltr' id='par_1_5' title="bbox 1866 524 3549 605">
     <span class='ocr_line' id='line_1_5' title="bbox 1866 524 3549 605; baseline -0.011 -12"><span class='ocrx_word' id='word_1_18' title='bbox 1866 582 1879 605; x_wconf 86' lang='grc'><strong>,</strong></span> <span class='ocrx_word' id='word_1_19' title='bbox 1911 542 1959 601; x_wconf 77' lang='grc' dir='ltr'><strong>Α</strong></span> <span class='ocrx_word' id='word_1_20' title='bbox 1984 538 2195 591; x_wconf 80' lang='lat' dir='ltr'><strong>beatam</strong></span> <span class='ocrx_word' id='word_1_21' title='bbox 2225 534 2596 604; x_wconf 77' lang='lat' dir='ltr'><strong>Magdalenam</strong></span> <span class='ocrx_word' id='word_1_22' title='bbox 2626 528 2803 582; x_wconf 81' lang='lat' dir='ltr'><strong>fuisse</strong></span> <span class='ocrx_word' id='word_1_23' title='bbox 2826 527 3033 597; x_wconf 62' lang='lat' dir='ltr'><strong>pagina!</strong></span> <span class='ocrx_word' id='word_1_24' title='bbox 3062 539 3231 579; x_wconf 70' lang='lat' dir='ltr'><strong>sacrm</strong></span> <span class='ocrx_word' id='word_1_25' title='bbox 3248 524 3549 583; x_wconf 54' lang='lat' dir='ltr'><strong>clarissime</strong></span> 
     </span>
    </p>
   </div>
   <div class='ocr_carea' id='block_1_6' title="bbox 312 628 1880 705">
    <p class='ocr_par' dir='ltr' id='par_1_6' title="bbox 312 628 1880 705">
     <span class='ocr_line' id='line_1_6' title="bbox 312 628 1880 705; baseline -0.006 -16"><span class='ocrx_word' id='word_1_26' title='bbox 312 640 536 702; x_wconf 72' lang='grc' dir='ltr'>ἐπάγειο</span> <span class='ocrx_word' id='word_1_27' title='bbox 578 655 597 687; x_wconf 82' lang='grc' dir='ltr'><strong>ι</strong></span> <span class='ocrx_word' id='word_1_28' title='bbox 619 636 904 705; x_wconf 84' lang='grc' dir='ltr'>Ἐπάρασα</span> <span class='ocrx_word' id='word_1_29' title='bbox 927 631 987 686; x_wconf 70' lang='grc' dir='ltr'>’δέ</span> <span class='ocrx_word' id='word_1_30' title='bbox 1018 648 1101 697; x_wconf 83' lang='grc' dir='ltr'><strong>τις</strong></span> <span class='ocrx_word' id='word_1_31' title='bbox 1126 636 1267 704; x_wconf 79' lang='grc' dir='ltr'>γυνὴ</span> <span class='ocrx_word' id='word_1_32' title='bbox 1301 631 1482 702; x_wconf 80' lang='grc' dir='ltr'>φωνὴν</span> <span class='ocrx_word' id='word_1_33' title='bbox 1518 638 1575 684; x_wconf 74' lang='grc' dir='ltr'>ἐκ</span> <span class='ocrx_word' id='word_1_34' title='bbox 1604 628 1698 682; x_wconf 78' lang='grc' dir='ltr'>τοῦ</span> <span class='ocrx_word' id='word_1_35' title='bbox 1719 630 1880 700; x_wconf 75' lang='grc' dir='ltr'>ὖχλου</span> 
     </span>
    </p>
   </div>
   <div class='ocr_carea' id='block_1_7' title="bbox 310 721 1885 796">
    <p class='ocr_par' dir='ltr' id='par_1_7' title="bbox 310 721 1885 796">
     <span class='ocr_line' id='line_1_7' title="bbox 310 721 1885 796; baseline -0.005 -16"><span class='ocrx_word' id='word_1_36' title='bbox 310 723 468 780; x_wconf 71' lang='grc' dir='ltr'>εἶπεν</span> <span class='ocrx_word' id='word_1_37' title='bbox 494 726 644 796; x_wconf 80' lang='grc' dir='ltr'>αὐτῷ</span> <span class='ocrx_word' id='word_1_38' title='bbox 668 742 684 757; x_wconf 81' lang='grc'><strong>⁸</strong></span> <span class='ocrx_word' id='word_1_39' title='bbox 710 727 975 795; x_wconf 77' lang='grc' dir='ltr'>Μακαρία</span> <span class='ocrx_word' id='word_1_40' title='bbox 1008 728 1041 796; x_wconf 79' lang='grc' dir='ltr'>ἡ</span> <span class='ocrx_word' id='word_1_41' title='bbox 1068 726 1247 780; x_wconf 90' lang='grc' dir='ltr'>κοιλία</span> <span class='ocrx_word' id='word_1_42' title='bbox 1272 728 1306 794; x_wconf 76' lang='grc' dir='ltr'><strong>ἡ</strong></span> <span class='ocrx_word' id='word_1_43' title='bbox 1340 722 1659 793; x_wconf 83' lang='grc' dir='ltr'>βαστάσασά</span> <span class='ocrx_word' id='word_1_44' title='bbox 1683 739 1764 785; x_wconf 87' lang='grc' dir='ltr'><strong>σε,</strong></span> <span class='ocrx_word' id='word_1_45' title='bbox 1789 721 1885 773; x_wconf 80' lang='grc' dir='ltr'>καὶ</span> 
     </span>
    </p>
   </div>
   <div class='ocr_carea' id='block_1_8' title="bbox 314 814 1899 888">
    <p class='ocr_par' dir='ltr' id='par_1_8' title="bbox 314 814 1899 888">
     <span class='ocr_line' id='line_1_8' title="bbox 314 814 1899 888; baseline 0.004 -17"><span class='ocrx_word' id='word_1_46' title='bbox 314 820 541 888; x_wconf 77' lang='grc' dir='ltr'>μαστοὶ,</span> <span class='ocrx_word' id='word_1_47' title='bbox 594 818 689 882; x_wconf 82' lang='grc' dir='ltr'>οὓς</span> <span class='ocrx_word' id='word_1_48' title='bbox 747 819 1042 886; x_wconf 77' lang='grc' dir='ltr'>ἐθήλασας.</span> <span class='ocrx_word' id='word_1_49' title='bbox 1084 838 1103 870; x_wconf 77' lang='lat' dir='ltr'><strong>s</strong></span> <span class='ocrx_word' id='word_1_50' title='bbox 1141 816 1359 888; x_wconf 82' lang='grc' dir='ltr'><strong>Ταύτην</strong></span> <span class='ocrx_word' id='word_1_51' title='bbox 1415 815 1460 870; x_wconf 83' lang='grc' dir='ltr'>δ’</span> <span class='ocrx_word' id='word_1_52' title='bbox 1495 814 1899 886; x_wconf 79' lang='grc' dir='ltr'>ἀναμφιϐόλως.</span> 
     </span>
    </p>
   </div>
   <div class='ocr_carea' id='block_1_9' title="bbox 312 905 1884 980">
    <p class='ocr_par' dir='ltr' id='par_1_9' title="bbox 312 905 1884 980">
     <span class='ocr_line' id='line_1_9' title="bbox 312 905 1884 980; baseline -0.003 -19"><span class='ocrx_word' id='word_1_53' title='bbox 312 909 490 979; x_wconf 87' lang='grc' dir='ltr'>βίϐλοι</span> <span class='ocrx_word' id='word_1_54' title='bbox 542 909 676 979; x_wconf 74' lang='grc' dir='ltr'>ἡμῖν</span> <span class='ocrx_word' id='word_1_55' title='bbox 708 910 850 980; x_wconf 76' lang='grc' dir='ltr'>ἱεραὶ</span> <span class='ocrx_word' id='word_1_56' title='bbox 878 911 976 979; x_wconf 74' lang='grc' dir='ltr'>τὴν</span> <span class='ocrx_word' id='word_1_57' title='bbox 1010 910 1290 979; x_wconf 76' lang='grc' dir='ltr'><strong>μακαρίαν</strong></span> <span class='ocrx_word' id='word_1_58' title='bbox 1334 908 1473 960; x_wconf 87' lang='grc' dir='ltr'>εῐναι</span> <span class='ocrx_word' id='word_1_59' title='bbox 1510 905 1884 975; x_wconf 79' lang='grc' dir='ltr'>Μαγδαληνὴν</span> 
     </span>
    </p>
   </div>
   <div class='ocr_carea' id='block_1_10' title="bbox 309 996 1886 1070">
    <p class='ocr_par' dir='ltr' id='par_1_10' title="bbox 309 996 1886 1070">
     <span class='ocr_line' id='line_1_10' title="bbox 309 996 1886 1070; baseline -0.004 -18"><span class='ocrx_word' id='word_1_60' title='bbox 309 998 696 1063; x_wconf 78' lang='grc' dir='ltr'>ὲκδεδώκασιν,</span> <span class='ocrx_word' id='word_1_61' title='bbox 723 1000 797 1063; x_wconf 82' lang='grc' dir='ltr'>ὡς</span> <span class='ocrx_word' id='word_1_62' title='bbox 840 1001 1050 1053; x_wconf 78' lang='grc' dir='ltr'>ἐκεῖθεν</span> <span class='ocrx_word' id='word_1_63' title='bbox 1079 999 1305 1070; x_wconf 77' lang='grc' dir='ltr'>εὔδηλον</span> <span class='ocrx_word' id='word_1_64' title='bbox 1337 999 1604 1066; x_wconf 88' lang='grc' dir='ltr'>γίνεσθαι.</span> <span class='ocrx_word' id='word_1_65' title='bbox 1636 996 1743 1050; x_wconf 83' lang='grc' dir='ltr'><strong>Τοῦ</strong></span> <span class='ocrx_word' id='word_1_66' title='bbox 1775 997 1886 1066; x_wconf 84' lang='grc' dir='ltr'>γὰρ</span> 
     </span>
    </p>
   </div>
   <div class='ocr_carea' id='block_1_11' title="bbox 313 1087 1887 1161">
    <p class='ocr_par' dir='ltr' id='par_1_11' title="bbox 313 1087 1887 1161">
     <span class='ocr_line' id='line_1_11' title="bbox 313 1087 1887 1161; baseline -0.003 -18"><span class='ocrx_word' id='word_1_67' title='bbox 313 1093 622 1161; x_wconf 72' lang='grc' dir='ltr'><strong>θαυμασίου</strong></span> <span class='ocrx_word' id='word_1_68' title='bbox 650 1094 836 1147; x_wconf 77' lang='grc' dir='ltr'>Λουκᾶ</span> <span class='ocrx_word' id='word_1_69' title='bbox 870 1093 937 1145; x_wconf 84' lang='grc' dir='ltr'><strong>τά</strong></span> <span class='ocrx_word' id='word_1_70' title='bbox 967 1092 1109 1146; x_wconf 83' lang='grc' dir='ltr'>κατὰ</span> <span class='ocrx_word' id='word_1_71' title='bbox 1147 1092 1248 1161; x_wconf 80' lang='grc' dir='ltr'>τὴν</span> <span class='ocrx_word' id='word_1_72' title='bbox 1276 1091 1508 1159; x_wconf 56' lang='grc' dir='ltr'>Μάρθαν</span> <span class='ocrx_word' id='word_1_73' title='bbox 1539 1090 1631 1142; x_wconf 75' lang='grc' dir='ltr'>καὶ</span> <span class='ocrx_word' id='word_1_74' title='bbox 1662 1087 1887 1155; x_wconf 79' lang='grc' dir='ltr'>Μαρίαν</span> 
     </span>
    </p>
   </div>
   <div class='ocr_carea' id='block_1_12' title="bbox 312 1176 1888 1250">
    <p class='ocr_par' dir='ltr' id='par_1_12' title="bbox 312 1176 1888 1250">
     <span class='ocr_line' id='line_1_12' title="bbox 312 1176 1888 1250; baseline -0.001 -19"><span class='ocrx_word' id='word_1_75' title='bbox 312 1182 700 1247; x_wconf 76' lang='grc' dir='ltr'><strong>διεξελθόντος,</strong></span> <span class='ocrx_word' id='word_1_76' title='bbox 749 1178 872 1236; x_wconf 78' lang='grc' dir='ltr'>εἶτα</span> <span class='ocrx_word' id='word_1_77' title='bbox 923 1183 1018 1236; x_wconf 79' lang='grc' dir='ltr'>καὶ</span> <span class='ocrx_word' id='word_1_78' title='bbox 1065 1182 1137 1235; x_wconf 75' lang='grc' dir='ltr'><strong>τά</strong></span> <span class='ocrx_word' id='word_1_79' title='bbox 1172 1181 1301 1250; x_wconf 69' lang='grc' dir='ltr'>περὶ</span> <span class='ocrx_word' id='word_1_80' title='bbox 1332 1182 1431 1250; x_wconf 84' lang='grc' dir='ltr'>τῆς</span> <span class='ocrx_word' id='word_1_81' title='bbox 1468 1179 1756 1248; x_wconf 70' lang='grc' dir='ltr'>ἐπάρσεως</span> <span class='ocrx_word' id='word_1_82' title='bbox 1788 1176 1888 1243; x_wconf 79' lang='grc' dir='ltr'>τῆς</span> 
     </span>
    </p>
   </div>
   <div class='ocr_carea' id='block_1_13' title="bbox 316 1262 1885 1343">
    <p class='ocr_par' dir='ltr' id='par_1_13' title="bbox 316 1262 1885 1343">
     <span class='ocr_line' id='line_1_13' title="bbox 316 1262 1885 1343; baseline -0.011 -9"><span class='ocrx_word' id='word_1_83' title='bbox 316 1262 507 1342; x_wconf 66' lang='grc' dir='ltr'><strong>φώνῆς</strong></span> <span class='ocrx_word' id='word_1_84' title='bbox 538 1274 640 1342; x_wconf 83' lang='grc' dir='ltr'>τῆς</span> <span class='ocrx_word' id='word_1_85' title='bbox 666 1274 949 1341; x_wconf 80' lang='grc' dir='ltr'>γυναικὸς,</span> <span class='ocrx_word' id='word_1_86' title='bbox 986 1274 1284 1343; x_wconf 80' lang='grc' dir='ltr'>μετέπειτα</span> <span class='ocrx_word' id='word_1_87' title='bbox 1312 1271 1369 1325; x_wconf 75' lang='grc' dir='ltr'>δι</span> <span class='ocrx_word' id='word_1_88' title='bbox 1413 1271 1505 1323; x_wconf 78' lang='grc' dir='ltr'>καὶ</span> <span class='ocrx_word' id='word_1_89' title='bbox 1536 1272 1668 1339; x_wconf 77' lang='grc' dir='ltr'>περὶ</span> <span class='ocrx_word' id='word_1_90' title='bbox 1705 1268 1798 1320; x_wconf 85' lang='grc' dir='ltr'>τοῦ</span> <span class='ocrx_word' id='word_1_91' title='bbox 1828 1267 1885 1318; x_wconf 83' lang='grc' dir='ltr'>τὸ</span> 
     </span>
    </p>
   </div>
   <div class='ocr_carea' id='block_1_14' title="bbox 318 1357 1888 1433">
    <p class='ocr_par' dir='ltr' id='par_1_14' title="bbox 318 1357 1888 1433">
     <span class='ocr_line' id='line_1_14' title="bbox 318 1357 1888 1433; baseline -0.004 -20"><span class='ocrx_word' id='word_1_92' title='bbox 318 1364 505 1430; x_wconf 74' lang='grc' dir='ltr'>κωφὸν</span> <span class='ocrx_word' id='word_1_93' title='bbox 532 1363 810 1433; x_wconf 68' lang='grc' dir='ltr'>δαιμόνιον</span> <span class='ocrx_word' id='word_1_94' title='bbox 842 1362 1057 1432; x_wconf 72' lang='grc' dir='ltr'>ἔχοντος</span> <span class='ocrx_word' id='word_1_95' title='bbox 1084 1362 1518 1429; x_wconf 81' lang='grc' dir='ltr'>διαγγέλλοντος,</span> <span class='ocrx_word' id='word_1_96' title='bbox 1551 1360 1659 1411; x_wconf 71' lang='grc' dir='ltr'>τῶν</span> <span class='ocrx_word' id='word_1_97' title='bbox 1691 1373 1749 1409; x_wconf 79' lang='grc' dir='ltr'><strong>τε</strong></span> <span class='ocrx_word' id='word_1_98' title='bbox 1778 1357 1888 1408; x_wconf 78' lang='grc' dir='ltr'><strong>Φα-</strong></span> 
     </span>
    </p>
   </div>
   <div class='ocr_carea' id='block_1_15' title="bbox 323 1444 1889 1516">
    <p class='ocr_par' dir='ltr' id='par_1_15' title="bbox 323 1444 1889 1516">
     <span class='ocr_line' id='line_1_15' title="bbox 323 1444 1889 1516; baseline -0.004 -14"><span class='ocrx_word' id='word_1_99' title='bbox 323 1452 552 1516; x_wconf 88' lang='grc' dir='ltr'>ρισαίων</span> <span class='ocrx_word' id='word_1_100' title='bbox 588 1452 645 1503; x_wconf 77' lang='grc' dir='ltr'>ὲν</span> <span class='ocrx_word' id='word_1_101' title='bbox 674 1448 1007 1513; x_wconf 76' lang='grc' dir='ltr'>Βεελζεϐοὺλ</span> <span class='ocrx_word' id='word_1_102' title='bbox 1054 1450 1340 1503; x_wconf 59' lang='lat' dir='ltr'><strong>modum</strong></span> <span class='ocrx_word' id='word_1_103' title='bbox 1368 1446 1437 1500; x_wconf 68' lang='grc' dir='ltr'><strong>τά</strong></span> <span class='ocrx_word' id='word_1_104' title='bbox 1484 1447 1737 1513; x_wconf 87' lang='grc' dir='ltr'>δαιμόνια</span> <span class='ocrx_word' id='word_1_105' title='bbox 1771 1444 1889 1495; x_wconf 82' lang='grc' dir='ltr'>δια-</span> 
     </span>
    </p>
   </div>
   <div class='ocr_carea' id='block_1_16' title="bbox 321 1537 1893 1611">
    <p class='ocr_par' dir='ltr' id='par_1_16' title="bbox 321 1537 1893 1611">
     <span class='ocr_line' id='line_1_16' title="bbox 321 1537 1893 1611; baseline -0.004 -19"><span class='ocrx_word' id='word_1_106' title='bbox 321 1542 629 1595; x_wconf 76' lang='grc' dir='ltr'>ϐαλλόντων</span> <span class='ocrx_word' id='word_1_107' title='bbox 675 1542 933 1610; x_wconf 81' lang='grc' dir='ltr'>Χριστὸν,</span> <span class='ocrx_word' id='word_1_108' title='bbox 976 1542 1137 1603; x_wconf 76' lang='grc' dir='ltr'>αὐτὸς</span> <span class='ocrx_word' id='word_1_109' title='bbox 1182 1539 1281 1611; x_wconf 73' lang='grc' dir='ltr'>τὴν</span> <span class='ocrx_word' id='word_1_110' title='bbox 1333 1538 1515 1593; x_wconf 78' lang='grc' dir='ltr'>αὐτῶν</span> <span class='ocrx_word' id='word_1_111' title='bbox 1568 1537 1893 1606; x_wconf 76' lang='grc' dir='ltr'>ἀνατρέπων</span> 
     </span>
    </p>
   </div>
   <div class='ocr_carea' id='block_1_17' title="bbox 320 1628 1892 1699">
    <p class='ocr_par' dir='ltr' id='par_1_17' title="bbox 320 1628 1892 1699">
     <span class='ocr_line' id='line_1_17' title="bbox 320 1628 1892 1699; baseline -0.002 -18"><span class='ocrx_word' id='word_1_112' title='bbox 320 1630 505 1695; x_wconf 74' lang='grc' dir='ltr'>δόξαν,</span> <span class='ocrx_word' id='word_1_113' title='bbox 540 1631 701 1699; x_wconf 82' lang='grc' dir='ltr'>φησί.</span> <span class='ocrx_word' id='word_1_114' title='bbox 741 1649 759 1682; x_wconf 79' lang='grc' dir='ltr'><strong>ι</strong></span> <span class='ocrx_word' id='word_1_115' title='bbox 800 1633 956 1683; x_wconf 81' lang='grc' dir='ltr'>Πᾶσα</span> <span class='ocrx_word' id='word_1_116' title='bbox 993 1630 1244 1699; x_wconf 75' lang='grc' dir='ltr'>βασιλεία</span> <span class='ocrx_word' id='word_1_117' title='bbox 1272 1629 1360 1698; x_wconf 66' lang='grc' dir='ltr'><strong>ἐφ’</strong></span> <span class='ocrx_word' id='word_1_118' title='bbox 1415 1629 1615 1695; x_wconf 76' lang='grc' dir='ltr'>ἑαυτὴν</span> <span class='ocrx_word' id='word_1_119' title='bbox 1645 1628 1892 1695; x_wconf 74' lang='grc' dir='ltr'>διιμερι-</span> 
     </span>
    </p>
   </div>
   <div class='ocr_carea' id='block_1_18' title="bbox 322 1715 1893 1792">
    <p class='ocr_par' dir='ltr' id='par_1_18' title="bbox 322 1715 1893 1792">
     <span class='ocr_line' id='line_1_18' title="bbox 322 1715 1893 1792; baseline -0.002 -20"><span class='ocrx_word' id='word_1_120' title='bbox 322 1722 515 1773; x_wconf 71' lang='grc' dir='ltr'>σθεῖσα</span> <span class='ocrx_word' id='word_1_121' title='bbox 551 1723 1032 1792; x_wconf 75' lang='grc' dir='ltr'>ἑρημωθήσεται·ι</span> <span class='ocrx_word' id='word_1_122' title='bbox 1070 1723 1162 1775; x_wconf 80' lang='grc' dir='ltr'>καὶ</span> <span class='ocrx_word' id='word_1_123' title='bbox 1192 1722 1331 1790; x_wconf 66' lang='grc' dir='ltr'>μετὰ</span> <span class='ocrx_word' id='word_1_124' title='bbox 1356 1718 1581 1773; x_wconf 74' lang='grc' dir='ltr'>ταῦτα’(</span> <span class='ocrx_word' id='word_1_125' title='bbox 1613 1715 1674 1771; x_wconf 77' lang='lat' dir='ltr'><strong>Ei</strong></span> <span class='ocrx_word' id='word_1_126' title='bbox 1700 1718 1756 1770; x_wconf 84' lang='grc' dir='ltr'>δὲ</span> <span class='ocrx_word' id='word_1_127' title='bbox 1782 1716 1893 1784; x_wconf 65' lang='grc' dir='ltr'><strong>ἐγὼ</strong></span> 
     </span>
    </p>
   </div>
   <div class='ocr_carea' id='block_1_19' title="bbox 320 1810 1894 1880">
    <p class='ocr_par' dir='ltr' id='par_1_19' title="bbox 320 1810 1894 1880">
     <span class='ocr_line' id='line_1_19' title="bbox 320 1810 1894 1880; baseline -0.001 -17"><span class='ocrx_word' id='word_1_128' title='bbox 320 1814 381 1863; x_wconf 71' lang='grc' dir='ltr'><strong>έν</strong></span> <span class='ocrx_word' id='word_1_129' title='bbox 416 1814 744 1876; x_wconf 76' lang='grc' dir='ltr'>Βεελζεσοὺλ</span> <span class='ocrx_word' id='word_1_130' title='bbox 796 1814 1047 1867; x_wconf 73' lang='grc' dir='ltr'>ικϐάλλω</span> <span class='ocrx_word' id='word_1_131' title='bbox 1073 1814 1141 1865; x_wconf 74' lang='grc' dir='ltr'>τὰ</span> <span class='ocrx_word' id='word_1_132' title='bbox 1169 1813 1443 1880; x_wconf 85' lang='grc' dir='ltr'>δαιμόνια,</span> <span class='ocrx_word' id='word_1_133' title='bbox 1479 1813 1527 1864; x_wconf 86' lang='grc' dir='ltr'>οἱ</span> <span class='ocrx_word' id='word_1_134' title='bbox 1583 1812 1687 1863; x_wconf 74' lang='grc' dir='ltr'>υίοὶ</span> <span class='ocrx_word' id='word_1_135' title='bbox 1738 1810 1894 1878; x_wconf 78' lang='grc' dir='ltr'>ὑμῶν</span> 
     </span>
    </p>
   </div>
   <div class='ocr_carea' id='block_1_20' title="bbox 1984 614 3551 682">
    <p class='ocr_par' dir='ltr' id='par_1_20' title="bbox 1984 614 3551 682">
     <span class='ocr_line' id='line_1_20' title="bbox 1984 614 3551 682; baseline -0.011 0"><span class='ocrx_word' id='word_1_136' title='bbox 1984 626 2300 682; x_wconf 87' lang='lat' dir='ltr'><strong>ostendunt.</strong></span> <span class='ocrx_word' id='word_1_137' title='bbox 2328 624 2430 682; x_wconf 89' lang='lat' dir='ltr'><strong>Ubi</strong></span> <span class='ocrx_word' id='word_1_138' title='bbox 2454 631 2635 676; x_wconf 88' lang='lat' dir='ltr'><strong>autem</strong></span> <span class='ocrx_word' id='word_1_139' title='bbox 2660 618 2821 673; x_wconf 88' lang='lat' dir='ltr'><strong>divus</strong></span> <span class='ocrx_word' id='word_1_140' title='bbox 2848 618 3021 671; x_wconf 87' lang='lat' dir='ltr'><strong>Lucas</strong></span> <span class='ocrx_word' id='word_1_141' title='bbox 3048 614 3269 669; x_wconf 69' lang='lat' dir='ltr'><strong>Marthae</strong></span> <span class='ocrx_word' id='word_1_142' title='bbox 3288 622 3345 666; x_wconf 90' lang='lat' dir='ltr'><strong>et</strong></span> <span class='ocrx_word' id='word_1_143' title='bbox 3368 614 3551 667; x_wconf 61' lang='lat' dir='ltr'><strong>Manu:</strong></span> 
     </span>
    </p>
   </div>
   <div class='ocr_carea' id='block_1_21' title="bbox 1989 704 3551 786">
    <p class='ocr_par' dir='ltr' id='par_1_21' title="bbox 1989 704 3551 786">
     <span class='ocr_line' id='line_1_21' title="bbox 1989 704 3551 786; baseline -0.012 -13"><span class='ocrx_word' id='word_1_144' title='bbox 1989 718 2279 777; x_wconf 76' lang='lat' dir='ltr'><strong>historiam</strong></span> <span class='ocrx_word' id='word_1_145' title='bbox 2312 716 2521 786; x_wconf 75' lang='lat' dir='ltr'><strong>peregit</strong></span> <span class='ocrx_word' id='word_1_146' title='bbox 2542 724 2599 767; x_wconf 91' lang='lat' dir='ltr'><strong>et</strong></span> <span class='ocrx_word' id='word_1_147' title='bbox 2627 712 2694 765; x_wconf 93' lang='lat' dir='ltr'><strong>de</strong></span> <span class='ocrx_word' id='word_1_148' title='bbox 2716 708 2965 763; x_wconf 83' lang='lat' dir='ltr'><strong>mulieris</strong></span> <span class='ocrx_word' id='word_1_149' title='bbox 2994 722 3127 761; x_wconf 87' lang='lat' dir='ltr'><strong>voce</strong></span> <span class='ocrx_word' id='word_1_150' title='bbox 3159 706 3371 759; x_wconf 76' lang='lat' dir='ltr'><strong>sublata</strong></span> <span class='ocrx_word' id='word_1_151' title='bbox 3399 720 3460 757; x_wconf 83' lang='lat' dir='ltr'><strong>ac</strong></span> <span class='ocrx_word' id='word_1_152' title='bbox 3487 704 3551 754; x_wconf 68' lang='lat' dir='ltr'><strong>ulc</strong></span> 
     </span>
    </p>
   </div>
   <div class='ocr_carea' id='block_1_22' title="bbox 1985 798 3556 879">
    <p class='ocr_par' dir='ltr' id='par_1_22' title="bbox 1985 798 3556 879">
     <span class='ocr_line' id='line_1_22' title="bbox 1985 798 3556 879; baseline -0.01 -13"><span class='ocrx_word' id='word_1_153' title='bbox 1985 828 2053 866; x_wconf 85' lang='lat' dir='ltr'><strong>eo</strong></span> <span class='ocrx_word' id='word_1_154' title='bbox 2083 810 2178 879; x_wconf 87' lang='lat' dir='ltr'><strong>qui</strong></span> <span class='ocrx_word' id='word_1_155' title='bbox 2206 810 2511 864; x_wconf 68' lang='lat' dir='ltr'><strong>daemonem</strong></span> <span class='ocrx_word' id='word_1_156' title='bbox 2537 815 2747 860; x_wconf 88' lang='lat' dir='ltr'><strong>mutum</strong></span> <span class='ocrx_word' id='word_1_157' title='bbox 2774 802 3033 861; x_wconf 85' lang='lat' dir='ltr'><strong>habebat.</strong></span> <span class='ocrx_word' id='word_1_158' title='bbox 3056 801 3232 869; x_wconf 84' lang='lat' dir='ltr'><strong>doque</strong></span> <span class='ocrx_word' id='word_1_159' title='bbox 3262 798 3556 852; x_wconf 63' lang='lat' dir='ltr'><strong>Pltarismis</strong></span> 
     </span>
    </p>
   </div>
   <div class='ocr_carea' id='block_1_23' title="bbox 1987 890 3555 972">
    <p class='ocr_par' dir='ltr' id='par_1_23' title="bbox 1987 890 3555 972">
     <span class='ocr_line' id='line_1_23' title="bbox 1987 890 3555 972; baseline -0.01 -16"><span class='ocrx_word' id='word_1_160' title='bbox 1987 903 2081 972; x_wconf 82' lang='lat' dir='ltr'><strong>qui</strong></span> <span class='ocrx_word' id='word_1_161' title='bbox 2124 901 2408 955; x_wconf 79' lang='lat' dir='ltr'><strong>Christum</strong></span> <span class='ocrx_word' id='word_1_162' title='bbox 2442 899 2665 952; x_wconf 78' lang='lat' dir='ltr'><strong>nomine</strong></span> <span class='ocrx_word' id='word_1_163' title='bbox 2700 891 3008 949; x_wconf 80' lang='lat' dir='ltr'><strong>Beelzebub</strong></span> <span class='ocrx_word' id='word_1_164' title='bbox 3053 890 3327 944; x_wconf 72' lang='lat' dir='ltr'><strong>daemones</strong></span> <span class='ocrx_word' id='word_1_165' title='bbox 3354 891 3555 959; x_wconf 85' lang='lat' dir='ltr'><strong>cjiccrc</strong></span> 
     </span>
    </p>
   </div>
   <div class='ocr_carea' id='block_1_24' title="bbox 1988 982 3557 1054">
    <p class='ocr_par' dir='ltr' id='par_1_24' title="bbox 1988 982 3557 1054">
     <span class='ocr_line' id='line_1_24' title="bbox 1988 982 3557 1054; baseline -0.012 -4"><span class='ocrx_word' id='word_1_166' title='bbox 1988 992 2469 1052; x_wconf 72' lang='lat' dir='ltr'><strong>calumniabantur</strong></span> <span class='ocrx_word' id='word_1_167' title='bbox 2527 991 2746 1043; x_wconf 85' lang='lat' dir='ltr'><strong>locutus</strong></span> <span class='ocrx_word' id='word_1_168' title='bbox 2796 998 2898 1048; x_wconf 85' lang='lat' dir='ltr'><strong>est,</strong></span> <span class='ocrx_word' id='word_1_169' title='bbox 2948 986 3061 1054; x_wconf 86' lang='lat' dir='ltr'><strong>ipse</strong></span> <span class='ocrx_word' id='word_1_170' title='bbox 3095 982 3291 1038; x_wconf 73' lang='lat' dir='ltr'><strong>falsam</strong></span> <span class='ocrx_word' id='word_1_171' title='bbox 3340 982 3557 1034; x_wconf 88' lang='lat' dir='ltr'><strong>illorum</strong></span> 
     </span>
    </p>
   </div>
   <div class='ocr_carea' id='block_1_25' title="bbox 1988 1072 3562 1154">
    <p class='ocr_par' dir='ltr' id='par_1_25' title="bbox 1988 1072 3562 1154">
     <span class='ocr_line' id='line_1_25' title="bbox 1988 1072 3562 1154; baseline -0.011 -15"><span class='ocrx_word' id='word_1_172' title='bbox 1988 1086 2305 1154; x_wconf 84' lang='lat' dir='ltr'><strong>opinionem</strong></span> <span class='ocrx_word' id='word_1_173' title='bbox 2338 1081 2647 1151; x_wconf 84' lang='lat' dir='ltr'><strong>reprimens</strong></span> <span class='ocrx_word' id='word_1_174' title='bbox 2681 1080 2813 1133; x_wconf 90' lang='lat' dir='ltr'><strong>dicit</strong></span> <span class='ocrx_word' id='word_1_175' title='bbox 2841 1095 2855 1131; x_wconf 91' lang='lat'>:</span> <span class='ocrx_word' id='word_1_176' title='bbox 2889 1095 2906 1127; x_wconf 81' lang='grc' dir='ltr'><strong>ι</strong></span> <span class='ocrx_word' id='word_1_177' title='bbox 2943 1074 3116 1131; x_wconf 86' lang='lat' dir='ltr'><strong>Omne</strong></span> <span class='ocrx_word' id='word_1_178' title='bbox 3148 1087 3377 1143; x_wconf 74' lang='lat' dir='ltr'><strong>regnum</strong></span> <span class='ocrx_word' id='word_1_179' title='bbox 3415 1072 3469 1125; x_wconf 90' lang='lat' dir='ltr'><strong>in</strong></span> <span class='ocrx_word' id='word_1_180' title='bbox 3502 1085 3562 1122; x_wconf 81' lang='lat' dir='ltr'><strong>se</strong></span> 
     </span>
    </p>
   </div>
   <div class='ocr_carea' id='block_1_26' title="bbox 1990 1162 3562 1246">
    <p class='ocr_par' dir='ltr' id='par_1_26' title="bbox 1990 1162 3562 1246">
     <span class='ocr_line' id='line_1_26' title="bbox 1990 1162 3562 1246; baseline -0.011 -14"><span class='ocrx_word' id='word_1_181' title='bbox 1990 1178 2171 1246; x_wconf 86' lang='lat' dir='ltr'><strong>ipsum</strong></span> <span class='ocrx_word' id='word_1_182' title='bbox 2228 1177 2464 1230; x_wconf 86' lang='lat' dir='ltr'><strong>divisum</strong></span> <span class='ocrx_word' id='word_1_183' title='bbox 2510 1173 2882 1236; x_wconf 86' lang='lat' dir='ltr'><strong>dcsolabitur;</strong></span> <span class='ocrx_word' id='word_1_184' title='bbox 2923 1189 2943 1222; x_wconf 70' lang='grc' dir='ltr'><strong>ι</strong></span> <span class='ocrx_word' id='word_1_185' title='bbox 3009 1177 3066 1223; x_wconf 88' lang='lat' dir='ltr'><strong>et</strong></span> <span class='ocrx_word' id='word_1_186' title='bbox 3098 1176 3223 1236; x_wconf 89' lang='lat' dir='ltr'><strong>post</strong></span> <span class='ocrx_word' id='word_1_187' title='bbox 3252 1166 3413 1220; x_wconf 70' lang='lat' dir='ltr'><strong>haec:</strong></span> <span class='ocrx_word' id='word_1_188' title='bbox 3457 1181 3474 1214; x_wconf 85' lang='grc' dir='ltr'><strong>ι</strong></span> <span class='ocrx_word' id='word_1_189' title='bbox 3505 1162 3562 1216; x_wconf 88' lang='lat' dir='ltr'><strong>Si</strong></span> 
     </span>
    </p>
   </div>
   <div class='ocr_carea' id='block_1_27' title="bbox 1995 1256 3559 1336">
    <p class='ocr_par' dir='ltr' id='par_1_27' title="bbox 1995 1256 3559 1336">
     <span class='ocr_line' id='line_1_27' title="bbox 1995 1256 3559 1336; baseline -0.009 -13"><span class='ocrx_word' id='word_1_190' title='bbox 1995 1279 2175 1323; x_wconf 86' lang='lat' dir='ltr'><strong>autem</strong></span> <span class='ocrx_word' id='word_1_191' title='bbox 2200 1283 2300 1336; x_wconf 71' lang='lat' dir='ltr'><strong>ego</strong></span> <span class='ocrx_word' id='word_1_192' title='bbox 2330 1268 2383 1320; x_wconf 93' lang='lat' dir='ltr'><strong>in</strong></span> <span class='ocrx_word' id='word_1_193' title='bbox 2418 1264 2727 1323; x_wconf 78' lang='lat' dir='ltr'><strong>Beelzebub</strong></span> <span class='ocrx_word' id='word_1_194' title='bbox 2766 1266 2923 1334; x_wconf 85' lang='lat' dir='ltr'><strong>ejicio</strong></span> <span class='ocrx_word' id='word_1_195' title='bbox 2949 1259 3240 1326; x_wconf 65' lang='lat' dir='ltr'><strong>damonis,</strong></span> <span class='ocrx_word' id='word_1_196' title='bbox 3274 1258 3366 1310; x_wconf 82' lang='lat' dir='ltr'><strong>lilii</strong></span> <span class='ocrx_word' id='word_1_197' title='bbox 3393 1256 3559 1309; x_wconf 76' lang='lat' dir='ltr'><strong>vestri</strong></span> 
     </span>
    </p>
   </div>
   <div class='ocr_carea' id='block_1_28' title="bbox 1995 1350 3560 1431">
    <p class='ocr_par' dir='ltr' id='par_1_28' title="bbox 1995 1350 3560 1431">
     <span class='ocr_line' id='line_1_28' title="bbox 1995 1350 3560 1431; baseline -0.008 -16"><span class='ocrx_word' id='word_1_198' title='bbox 1995 1362 2049 1416; x_wconf 93' lang='lat' dir='ltr'><strong>in</strong></span> <span class='ocrx_word' id='word_1_199' title='bbox 2072 1379 2183 1430; x_wconf 88' lang='lat' dir='ltr'><strong>quo</strong></span> <span class='ocrx_word' id='word_1_200' title='bbox 2212 1361 2469 1431; x_wconf 83' lang='lat' dir='ltr'><strong>ejiciunt?</strong></span> <span class='ocrx_word' id='word_1_201' title='bbox 2497 1379 2515 1411; x_wconf 77' lang='grc' dir='ltr'><strong>ι</strong></span> <span class='ocrx_word' id='word_1_202' title='bbox 2553 1360 2618 1413; x_wconf 86' lang='grc' dir='ltr'><strong>Ει</strong></span> <span class='ocrx_word' id='word_1_203' title='bbox 2650 1367 2773 1428; x_wconf 88' lang='lat' dir='ltr'><strong>post</strong></span> <span class='ocrx_word' id='word_1_204' title='bbox 2806 1371 3013 1426; x_wconf 88' lang='lat' dir='ltr'><strong>pauca:</strong></span> <span class='ocrx_word' id='word_1_205' title='bbox 3040 1373 3058 1406; x_wconf 88' lang='grc' dir='ltr'><strong>ι</strong></span> <span class='ocrx_word' id='word_1_206' title='bbox 3080 1355 3216 1410; x_wconf 81' lang='lat' dir='ltr'><strong>Cum</strong></span> <span class='ocrx_word' id='word_1_207' title='bbox 3243 1350 3560 1406; x_wconf 73' lang='lat' dir='ltr'><strong>immundus</strong></span> 
     </span>
    </p>
   </div>
   <div class='ocr_carea' id='block_1_29' title="bbox 1996 1444 3559 1522">
    <p class='ocr_par' dir='ltr' id='par_1_29' title="bbox 1996 1444 3559 1522">
     <span class='ocr_line' id='line_1_29' title="bbox 1996 1444 3559 1522; baseline -0.008 -15"><span class='ocrx_word' id='word_1_208' title='bbox 1996 1454 2226 1522; x_wconf 84' lang='lat' dir='ltr'><strong>spiritus</strong></span> <span class='ocrx_word' id='word_1_209' title='bbox 2254 1452 2451 1506; x_wconf 81' lang='lat' dir='ltr'><strong>exierit</strong></span> <span class='ocrx_word' id='word_1_210' title='bbox 2475 1451 2542 1504; x_wconf 84' lang='lat' dir='ltr'><strong>de</strong></span> <span class='ocrx_word' id='word_1_211' title='bbox 2586 1452 2828 1511; x_wconf 84' lang='lat' dir='ltr'><strong>homine,</strong></span> <span class='ocrx_word' id='word_1_212' title='bbox 2873 1447 3116 1502; x_wconf 82' lang='lat' dir='ltr'><strong>ambulat</strong></span> <span class='ocrx_word' id='word_1_213' title='bbox 3140 1462 3240 1516; x_wconf 85' lang='lat' dir='ltr'><strong>per</strong></span> <span class='ocrx_word' id='word_1_214' title='bbox 3277 1445 3397 1498; x_wconf 87' lang='lat' dir='ltr'><strong>loca</strong></span> <span class='ocrx_word' id='word_1_215' title='bbox 3445 1444 3559 1495; x_wconf 85' lang='lat' dir='ltr'><strong>ina-</strong></span> 
     </span>
    </p>
   </div>
   <div class='ocr_carea' id='block_1_30' title="bbox 1995 1536 3561 1615">
    <p class='ocr_par' dir='ltr' id='par_1_30' title="bbox 1995 1536 3561 1615">
     <span class='ocr_line' id='line_1_30' title="bbox 1995 1536 3561 1615; baseline -0.01 -14"><span class='ocrx_word' id='word_1_216' title='bbox 1995 1561 2190 1615; x_wconf 88' lang='lat' dir='ltr'><strong>quosa,</strong></span> <span class='ocrx_word' id='word_1_217' title='bbox 2224 1560 2478 1614; x_wconf 69' lang='lat' dir='ltr'><strong>quaerens</strong></span> <span class='ocrx_word' id='word_1_218' title='bbox 2527 1544 2794 1613; x_wconf 87' lang='lat' dir='ltr'><strong>requiem,</strong></span> <span class='ocrx_word' id='word_1_219' title='bbox 2828 1552 2883 1596; x_wconf 90' lang='lat' dir='ltr'><strong>et</strong></span> <span class='ocrx_word' id='word_1_220' title='bbox 2916 1556 3025 1595; x_wconf 92' lang='lat' dir='ltr'><strong>non</strong></span> <span class='ocrx_word' id='word_1_221' title='bbox 3059 1538 3347 1593; x_wconf 88' lang='lat' dir='ltr'><strong>inveniens</strong></span> <span class='ocrx_word' id='word_1_222' title='bbox 3394 1536 3561 1590; x_wconf 86' lang='lat' dir='ltr'><strong>dicit:</strong></span> 
     </span>
    </p>
   </div>
   <div class='ocr_carea' id='block_1_31' title="bbox 1998 1631 3568 1691">
    <p class='ocr_par' dir='ltr' id='par_1_31' title="bbox 1998 1631 3568 1691">
     <span class='ocr_line' id='line_1_31' title="bbox 1998 1631 3568 1691; baseline -0.006 -1"><span class='ocrx_word' id='word_1_223' title='bbox 1998 1635 2263 1691; x_wconf 79' lang='lat' dir='ltr'><strong>Revertar</strong></span> <span class='ocrx_word' id='word_1_224' title='bbox 2297 1638 2349 1689; x_wconf 91' lang='lat' dir='ltr'><strong>in</strong></span> <span class='ocrx_word' id='word_1_225' title='bbox 2384 1636 2604 1689; x_wconf 82' lang='lat' dir='ltr'><strong>do-num</strong></span> <span class='ocrx_word' id='word_1_226' title='bbox 2631 1650 2805 1688; x_wconf 84' lang='lat' dir='ltr'><strong>meam</strong></span> <span class='ocrx_word' id='word_1_227' title='bbox 2832 1633 2978 1687; x_wconf 89' lang='lat' dir='ltr'><strong>unde</strong></span> <span class='ocrx_word' id='word_1_228' title='bbox 3013 1631 3180 1687; x_wconf 88' lang='lat' dir='ltr'><strong>exivi.</strong></span> <span class='ocrx_word' id='word_1_229' title='bbox 3217 1632 3282 1685; x_wconf 85' lang='lat' dir='ltr'><strong>Et</strong></span> <span class='ocrx_word' id='word_1_230' title='bbox 3316 1644 3439 1684; x_wconf 88' lang='lat' dir='ltr'><strong>cum</strong></span> <span class='ocrx_word' id='word_1_231' title='bbox 3475 1644 3568 1681; x_wconf 89' lang='lat' dir='ltr'><strong>ve-</strong></span> 
     </span>
    </p>
   </div>
   <div class='ocr_carea' id='block_1_32' title="bbox 1995 1724 3564 1794">
    <p class='ocr_par' dir='ltr' id='par_1_32' title="bbox 1995 1724 3564 1794">
     <span class='ocr_line' id='line_1_32' title="bbox 1995 1724 3564 1794; baseline -0.004 -16"><span class='ocrx_word' id='word_1_232' title='bbox 1995 1726 2160 1787; x_wconf 86' lang='lat' dir='ltr'><strong>nerit,</strong></span> <span class='ocrx_word' id='word_1_233' title='bbox 2211 1726 2419 1779; x_wconf 83' lang='lat' dir='ltr'><strong>invenit</strong></span> <span class='ocrx_word' id='word_1_234' title='bbox 2453 1741 2573 1779; x_wconf 90' lang='lat' dir='ltr'><strong>eam</strong></span> <span class='ocrx_word' id='word_1_235' title='bbox 2614 1724 2798 1794; x_wconf 83' lang='lat' dir='ltr'><strong>scopis</strong></span> <span class='ocrx_word' id='word_1_236' title='bbox 2843 1725 3158 1780; x_wconf 87' lang='lat' dir='ltr'><strong>mundatam</strong></span> <span class='ocrx_word' id='word_1_237' title='bbox 3212 1734 3263 1779; x_wconf 86' lang='lat' dir='ltr'><strong>et</strong></span> <span class='ocrx_word' id='word_1_238' title='bbox 3287 1730 3564 1776; x_wconf 87' lang='lat' dir='ltr'><strong>ornatam.</strong></span> 
     </span>
    </p>
   </div>
   <div class='ocr_carea' id='block_1_33' title="bbox 1997 1813 3565 1885">
    <p class='ocr_par' dir='ltr' id='par_1_33' title="bbox 1997 1813 3565 1885">
     <span class='ocr_line' id='line_1_33' title="bbox 1997 1813 3565 1885; baseline -0.003 -16"><span class='ocrx_word' id='word_1_239' title='bbox 1997 1813 2153 1869; x_wconf 85' lang='lat' dir='ltr'><strong>Tune</strong></span> <span class='ocrx_word' id='word_1_240' title='bbox 2186 1816 2335 1869; x_wconf 86' lang='lat' dir='ltr'><strong>vadit</strong></span> <span class='ocrx_word' id='word_1_241' title='bbox 2356 1826 2410 1869; x_wconf 84' lang='lat' dir='ltr'><strong>et</strong></span> <span class='ocrx_word' id='word_1_242' title='bbox 2439 1816 2669 1869; x_wconf 85' lang='lat' dir='ltr'><strong>assumit</strong></span> <span class='ocrx_word' id='word_1_243' title='bbox 2695 1826 2903 1884; x_wconf 84' lang='lat' dir='ltr'><strong>septem</strong></span> <span class='ocrx_word' id='word_1_244' title='bbox 2934 1816 3069 1870; x_wconf 89' lang='lat' dir='ltr'><strong>alios</strong></span> <span class='ocrx_word' id='word_1_245' title='bbox 3098 1817 3329 1885; x_wconf 82' lang='lat' dir='ltr'><strong>spiritus</strong></span> <span class='ocrx_word' id='word_1_246' title='bbox 3355 1830 3565 1875; x_wconf 82' lang='lat' dir='ltr'><strong>secum,</strong></span> 
     </span>
    </p>
   </div>
   <div class='ocr_carea' id='block_1_34' title="bbox 320 1897 2003 1977">
    <p class='ocr_par' dir='ltr' id='par_1_34' title="bbox 320 1897 1977 1973">
     <span class='ocr_line' id='line_1_34' title="bbox 320 1897 1977 1973; baseline 0 -20"><span class='ocrx_word' id='word_1_247' title='bbox 320 1908 381 1954; x_wconf 79' lang='grc' dir='ltr'>ὲν</span> <span class='ocrx_word' id='word_1_248' title='bbox 404 1906 508 1956; x_wconf 90' lang='grc' dir='ltr'>τίνι</span> <span class='ocrx_word' id='word_1_249' title='bbox 528 1906 852 1958; x_wconf 68' lang='grc' dir='ltr'>ἐκϐάλλουσι</span> <span class='ocrx_word' id='word_1_250' title='bbox 876 1922 891 1970; x_wconf 90' lang='lat'><strong>;</strong></span> <span class='ocrx_word' id='word_1_251' title='bbox 924 1923 944 1955; x_wconf 72' lang='grc' dir='ltr'><strong>ι</strong></span> <span class='ocrx_word' id='word_1_252' title='bbox 973 1906 1083 1959; x_wconf 72' lang='grc' dir='ltr'>Καὶ</span> <span class='ocrx_word' id='word_1_253' title='bbox 1105 1904 1220 1973; x_wconf 85' lang='grc' dir='ltr'>μετ’</span> <span class='ocrx_word' id='word_1_254' title='bbox 1247 1904 1421 1971; x_wconf 78' lang='grc' dir='ltr'>ὀλίγαο</span> <span class='ocrx_word' id='word_1_255' title='bbox 1454 1902 1652 1956; x_wconf 74' lang='grc' dir='ltr'>«Ὅταν</span> <span class='ocrx_word' id='word_1_256' title='bbox 1682 1902 1742 1953; x_wconf 86' lang='grc' dir='ltr'>τὸ</span> <span class='ocrx_word' id='word_1_257' title='bbox 1765 1900 1900 1953; x_wconf 73' lang='grc' dir='ltr'>άκά-</span> <span class='ocrx_word' id='word_1_258' title='bbox 1935 1897 1977 1953; x_wconf 87' lang='grc' dir='ltr'>Β</span> 
     </span>
    </p>
   </div>
   <div class='ocr_carea' id='block_1_35' title="bbox 1885 1897 3568 1977">
    <p class='ocr_par' dir='ltr' id='par_1_35' title="bbox 1885 1897 3568 1977">
     <span class='ocr_line' id='line_1_35' title="bbox 1885 1897 3568 1977; baseline -0.001 -15"><span class='ocrx_word' id='word_1_259' title='bbox 1885 1929 1900 1939; x_wconf 90' lang='grc'><strong><em>-</em></strong></span> <span class='ocrx_word' id='word_1_260' title='bbox 1935 1897 1977 1953; x_wconf 82' lang='grc' dir='ltr'>Β</span> <span class='ocrx_word' id='word_1_261' title='bbox 2004 1910 2299 1977; x_wconf 87' lang='lat' dir='ltr'><strong>nequiores</strong></span> <span class='ocrx_word' id='word_1_262' title='bbox 2327 1923 2408 1971; x_wconf 90' lang='lat' dir='ltr'><strong>se,</strong></span> <span class='ocrx_word' id='word_1_263' title='bbox 2439 1918 2492 1963; x_wconf 93' lang='lat' dir='ltr'><strong>et</strong></span> <span class='ocrx_word' id='word_1_264' title='bbox 2524 1908 2757 1977; x_wconf 78' lang='lat' dir='ltr'><strong>ingressi</strong></span> <span class='ocrx_word' id='word_1_265' title='bbox 2791 1908 3039 1963; x_wconf 87' lang='lat' dir='ltr'><strong>habitant</strong></span> <span class='ocrx_word' id='word_1_266' title='bbox 3078 1908 3176 1962; x_wconf 90' lang='lat' dir='ltr'><strong>ibi.</strong></span> <span class='ocrx_word' id='word_1_267' title='bbox 3213 1908 3275 1961; x_wconf 74' lang='lat' dir='ltr'><strong>Et</strong></span> <span class='ocrx_word' id='word_1_268' title='bbox 3305 1910 3438 1962; x_wconf 86' lang='lat' dir='ltr'><strong>ﬁunt</strong></span> <span class='ocrx_word' id='word_1_269' title='bbox 3470 1924 3568 1961; x_wconf 88' lang='lat' dir='ltr'><strong>no-</strong></span> 
     </span>
    </p>
   </div>
   <div class='ocr_carea' id='block_1_36' title="bbox 321 1992 1897 2065">
    <p class='ocr_par' dir='ltr' id='par_1_36' title="bbox 321 1992 1897 2065">
     <span class='ocr_line' id='line_1_36' title="bbox 321 1992 1897 2065; baseline -0.001 -18"><span class='ocrx_word' id='word_1_270' title='bbox 321 1997 527 2061; x_wconf 78' lang='grc' dir='ltr'>θαρτον</span> <span class='ocrx_word' id='word_1_271' title='bbox 572 1997 791 2065; x_wconf 83' lang='grc' dir='ltr'>πνεῦμα</span> <span class='ocrx_word' id='word_1_272' title='bbox 819 1996 1050 2060; x_wconf 65' lang='grc' dir='ltr'>ἐξέλθοι,</span> <span class='ocrx_word' id='word_1_273' title='bbox 1081 1996 1356 2065; x_wconf 77' lang='grc' dir='ltr'>διέρχεται</span> <span class='ocrx_word' id='word_1_274' title='bbox 1402 1994 1470 2047; x_wconf 86' lang='grc' dir='ltr'><strong>δι’</strong></span> <span class='ocrx_word' id='word_1_275' title='bbox 1506 1994 1754 2063; x_wconf 79' lang='grc' dir='ltr'>ἀνύδρων</span> <span class='ocrx_word' id='word_1_276' title='bbox 1810 1992 1897 2045; x_wconf 57' lang='lat' dir='ltr'><strong>i6-</strong></span> 
     </span>
    </p>
   </div>
   <div class='ocr_carea' id='block_1_37' title="bbox 322 2087 1893 2157">
    <p class='ocr_par' dir='ltr' id='par_1_37' title="bbox 322 2087 1893 2157">
     <span class='ocr_line' id='line_1_37' title="bbox 322 2087 1893 2157; baseline -0.001 -19"><span class='ocrx_word' id='word_1_277' title='bbox 322 2105 445 2139; x_wconf 87' lang='grc' dir='ltr'><strong>πων</strong></span> <span class='ocrx_word' id='word_1_278' title='bbox 497 2088 693 2157; x_wconf 75' lang='grc' dir='ltr'>ζητοῦν</span> <span class='ocrx_word' id='word_1_279' title='bbox 740 2090 1071 2151; x_wconf 81' lang='grc' dir='ltr'>ἀνάπαυσιν,</span> <span class='ocrx_word' id='word_1_280' title='bbox 1129 2089 1335 2157; x_wconf 80' lang='grc' dir='ltr'>καὶμὴ</span> <span class='ocrx_word' id='word_1_281' title='bbox 1396 2088 1652 2156; x_wconf 78' lang='grc' dir='ltr'>εὑρίσκον</span> <span class='ocrx_word' id='word_1_282' title='bbox 1704 2087 1893 2153; x_wconf 80' lang='grc' dir='ltr'>λέγει·</span> 
     </span>
    </p>
   </div>
   <div class='ocr_carea' id='block_1_38' title="bbox 335 2177 1897 2251">
    <p class='ocr_par' dir='ltr' id='par_1_38' title="bbox 335 2177 1897 2251">
     <span class='ocr_line' id='line_1_38' title="bbox 335 2177 1897 2251; baseline -0.002 -19"><span class='ocrx_word' id='word_1_283' title='bbox 335 2182 701 2251; x_wconf 69' lang='grc' dir='ltr'>Ὑποστρέψω</span> <span class='ocrx_word' id='word_1_284' title='bbox 731 2182 810 2245; x_wconf 83' lang='grc' dir='ltr'>εις</span> <span class='ocrx_word' id='word_1_285' title='bbox 841 2183 932 2233; x_wconf 78' lang='grc' dir='ltr'>τὸν</span> <span class='ocrx_word' id='word_1_286' title='bbox 968 2177 1118 2234; x_wconf 70' lang='grc' dir='ltr'>οἶκόν</span> <span class='ocrx_word' id='word_1_287' title='bbox 1172 2196 1297 2249; x_wconf 86' lang='grc' dir='ltr'>μου,</span> <span class='ocrx_word' id='word_1_288' title='bbox 1331 2179 1453 2233; x_wconf 79' lang='grc' dir='ltr'>δθεν</span> <span class='ocrx_word' id='word_1_289' title='bbox 1509 2180 1732 2249; x_wconf 63' lang='grc' dir='ltr'>ἐξῆλθον</span> <span class='ocrx_word' id='word_1_290' title='bbox 1754 2195 1767 2208; x_wconf 89' lang='grc'><strong>·</strong></span> <span class='ocrx_word' id='word_1_291' title='bbox 1804 2181 1897 2231; x_wconf 81' lang='grc' dir='ltr'>καὶ</span> 
     </span>
    </p>
   </div>
   <div class='ocr_carea' id='block_1_39' title="bbox 322 2272 1891 2344">
    <p class='ocr_par' dir='ltr' id='par_1_39' title="bbox 322 2272 1891 2344">
     <span class='ocr_line' id='line_1_39' title="bbox 322 2272 1891 2344; baseline -0.001 -20"><span class='ocrx_word' id='word_1_292' title='bbox 322 2274 480 2324; x_wconf 62' lang='grc' dir='ltr'>ὲλθδν</span> <span class='ocrx_word' id='word_1_293' title='bbox 532 2275 780 2342; x_wconf 83' lang='grc' dir='ltr'>εὑρίσκει</span> <span class='ocrx_word' id='word_1_294' title='bbox 848 2275 1237 2344; x_wconf 78' lang='grc' dir='ltr'>σεσαρωμένον</span> <span class='ocrx_word' id='word_1_295' title='bbox 1300 2274 1396 2326; x_wconf 84' lang='grc' dir='ltr'><strong>καὶ</strong></span> <span class='ocrx_word' id='word_1_296' title='bbox 1455 2272 1891 2340; x_wconf 74' lang='grc' dir='ltr'>κεκοσμημένον.</span> 
     </span>
    </p>
   </div>
   <div class='ocr_carea' id='block_1_40' title="bbox 323 2362 1897 2432">
    <p class='ocr_par' dir='ltr' id='par_1_40' title="bbox 323 2362 1897 2432">
     <span class='ocr_line' id='line_1_40' title="bbox 323 2362 1897 2432; baseline -0.001 -17"><span class='ocrx_word' id='word_1_297' title='bbox 323 2364 459 2415; x_wconf 78' lang='grc' dir='ltr'>Τότε</span> <span class='ocrx_word' id='word_1_298' title='bbox 491 2364 787 2432; x_wconf 82' lang='grc' dir='ltr'>πορεύεται</span> <span class='ocrx_word' id='word_1_299' title='bbox 814 2367 911 2417; x_wconf 78' lang='grc' dir='ltr'>καὶ</span> <span class='ocrx_word' id='word_1_300' title='bbox 939 2363 1210 2431; x_wconf 89' lang='grc' dir='ltr'>λαμϐάνει</span> <span class='ocrx_word' id='word_1_301' title='bbox 1243 2363 1382 2415; x_wconf 78' lang='grc' dir='ltr'>ἑπτά</span> <span class='ocrx_word' id='word_1_302' title='bbox 1408 2363 1578 2432; x_wconf 66' lang='grc' dir='ltr'>ἔτερα</span> <span class='ocrx_word' id='word_1_303' title='bbox 1606 2362 1897 2431; x_wconf 60' lang='grc' dir='ltr'>τοιεύματα</span> 
     </span>
    </p>
   </div>
   <div class='ocr_carea' id='block_1_41' title="bbox 325 2453 1898 2525">
    <p class='ocr_par' dir='ltr' id='par_1_41' title="bbox 325 2453 1898 2525">
     <span class='ocr_line' id='line_1_41' title="bbox 325 2453 1898 2525; baseline 0 -20"><span class='ocrx_word' id='word_1_304' title='bbox 325 2456 673 2525; x_wconf 76' lang='grc' dir='ltr'>πονηρότερα</span> <span class='ocrx_word' id='word_1_305' title='bbox 704 2455 894 2518; x_wconf 82' lang='grc' dir='ltr'>αὑτοῦ,</span> <span class='ocrx_word' id='word_1_306' title='bbox 950 2457 1044 2508; x_wconf 78' lang='grc' dir='ltr'>καὶ</span> <span class='ocrx_word' id='word_1_307' title='bbox 1072 2457 1225 2509; x_wconf 68' lang='grc' dir='ltr'>ἐλθὸν</span> <span class='ocrx_word' id='word_1_308' title='bbox 1263 2457 1529 2518; x_wconf 81' lang='grc' dir='ltr'>κατοικεῖ,</span> <span class='ocrx_word' id='word_1_309' title='bbox 1569 2453 1898 2521; x_wconf 73' lang='grc' dir='ltr'>καὶγίνεται</span> 
     </span>
    </p>
   </div>
   <div class='ocr_carea' id='block_1_42' title="bbox 322 2548 1892 2619">
    <p class='ocr_par' dir='ltr' id='par_1_42' title="bbox 322 2548 1892 2619">
     <span class='ocr_line' id='line_1_42' title="bbox 322 2548 1892 2619; baseline -0.001 -22"><span class='ocrx_word' id='word_1_310' title='bbox 322 2549 392 2598; x_wconf 72' lang='grc' dir='ltr'><strong>τὰ</strong></span> <span class='ocrx_word' id='word_1_311' title='bbox 421 2548 629 2615; x_wconf 70' lang='grc' dir='ltr'>ἔσχατα</span> <span class='ocrx_word' id='word_1_312' title='bbox 678 2548 771 2600; x_wconf 76' lang='grc' dir='ltr'>τοῦ</span> <span class='ocrx_word' id='word_1_313' title='bbox 817 2548 1111 2619; x_wconf 82' lang='grc' dir='ltr'>ἀνθρώπου</span> <span class='ocrx_word' id='word_1_314' title='bbox 1152 2549 1372 2618; x_wconf 80' lang='grc' dir='ltr'>χείρονα</span> <span class='ocrx_word' id='word_1_315' title='bbox 1416 2548 1526 2599; x_wconf 85' lang='grc' dir='ltr'><strong>τῶν</strong></span> <span class='ocrx_word' id='word_1_316' title='bbox 1574 2548 1829 2616; x_wconf 80' lang='grc' dir='ltr'>πρώτων.</span> <span class='ocrx_word' id='word_1_317' title='bbox 1873 2565 1892 2596; x_wconf 81' lang='lat' dir='ltr'><strong>s</strong></span> 
     </span>
    </p>
   </div>
   <div class='ocr_carea' id='block_1_43' title="bbox 296 2638 1901 2711">
    <p class='ocr_par' dir='ltr' id='par_1_43' title="bbox 296 2638 1901 2711">
     <span class='ocr_line' id='line_1_43' title="bbox 296 2638 1901 2711; baseline 0 -19"><span class='ocrx_word' id='word_1_318' title='bbox 296 2665 300 2668; x_wconf 49' lang='grc' dir='ltr'><strong>ι</strong></span> <span class='ocrx_word' id='word_1_319' title='bbox 337 2641 569 2707; x_wconf 81' lang='grc' dir='ltr'>Ἑπάγει</span> <span class='ocrx_word' id='word_1_320' title='bbox 632 2642 733 2711; x_wconf 80' lang='grc' dir='ltr'><strong>μέν</strong></span> <span class='ocrx_word' id='word_1_321' title='bbox 779 2654 862 2693; x_wconf 87' lang='grc' dir='ltr'><strong>τοι</strong></span> <span class='ocrx_word' id='word_1_322' title='bbox 912 2641 989 2710; x_wconf 85' lang='grc' dir='ltr'>τῷ</span> <span class='ocrx_word' id='word_1_323' title='bbox 1049 2642 1265 2710; x_wconf 84' lang='grc' dir='ltr'>συνεχεῖ</span> <span class='ocrx_word' id='word_1_324' title='bbox 1318 2640 1412 2692; x_wconf 83' lang='grc' dir='ltr'>τοῦ</span> <span class='ocrx_word' id='word_1_325' title='bbox 1458 2638 1619 2706; x_wconf 85' lang='grc' dir='ltr'>λόγου</span> <span class='ocrx_word' id='word_1_326' title='bbox 1648 2658 1662 2671; x_wconf 66' lang='grc' dir='ltr'><strong>ν</strong></span> <span class='ocrx_word' id='word_1_327' title='bbox 1696 2657 1714 2689; x_wconf 81' lang='grc' dir='ltr'><strong>ι</strong></span> <span class='ocrx_word' id='word_1_328' title='bbox 1745 2638 1901 2705; x_wconf 84' lang='grc' dir='ltr'>Ἐγέ-</span> 
     </span>
    </p>
   </div>
   <div class='ocr_carea' id='block_1_44' title="bbox 326 2729 1903 2801">
    <p class='ocr_par' dir='ltr' id='par_1_44' title="bbox 326 2729 1903 2801">
     <span class='ocr_line' id='line_1_44' title="bbox 326 2729 1903 2801; baseline -0.002 -17"><span class='ocrx_word' id='word_1_329' title='bbox 326 2750 452 2784; x_wconf 84' lang='grc' dir='ltr'>νετο</span> <span class='ocrx_word' id='word_1_330' title='bbox 482 2733 538 2783; x_wconf 63' lang='grc' dir='ltr'>δὲ</span> <span class='ocrx_word' id='word_1_331' title='bbox 565 2734 622 2783; x_wconf 71' lang='grc' dir='ltr'>ὲν</span> <span class='ocrx_word' id='word_1_332' title='bbox 649 2733 728 2801; x_wconf 81' lang='grc' dir='ltr'>τῷ</span> <span class='ocrx_word' id='word_1_333' title='bbox 756 2733 938 2800; x_wconf 82' lang='grc' dir='ltr'>λέγειν</span> <span class='ocrx_word' id='word_1_334' title='bbox 963 2734 1126 2786; x_wconf 81' lang='grc' dir='ltr'>αὑτὸν</span> <span class='ocrx_word' id='word_1_335' title='bbox 1158 2732 1355 2793; x_wconf 78' lang='grc' dir='ltr'>ταῦτα,</span> <span class='ocrx_word' id='word_1_336' title='bbox 1384 2732 1640 2800; x_wconf 74' lang='grc' dir='ltr'>ἐπάρασά</span> <span class='ocrx_word' id='word_1_337' title='bbox 1660 2749 1744 2793; x_wconf 90' lang='grc' dir='ltr'><strong>τις</strong></span> <span class='ocrx_word' id='word_1_338' title='bbox 1766 2729 1903 2801; x_wconf 72' lang='grc' dir='ltr'>γυνὴ</span> 
     </span>
    </p>
   </div>
   <div class='ocr_carea' id='block_1_45' title="bbox 2007 1993 3571 2064">
    <p class='ocr_par' dir='ltr' id='par_1_45' title="bbox 2007 1993 3571 2064">
     <span class='ocr_line' id='line_1_45' title="bbox 2007 1993 3571 2064; baseline -0.001 -16"><span class='ocrx_word' id='word_1_339' title='bbox 2007 1996 2227 2050; x_wconf 87' lang='lat' dir='ltr'><strong>vissima</strong></span> <span class='ocrx_word' id='word_1_340' title='bbox 2277 1996 2519 2050; x_wconf 83' lang='lat' dir='ltr'><strong>hominis</strong></span> <span class='ocrx_word' id='word_1_341' title='bbox 2574 1996 2723 2051; x_wconf 88' lang='lat' dir='ltr'><strong>illius</strong></span> <span class='ocrx_word' id='word_1_342' title='bbox 2783 1998 2971 2064; x_wconf 81' lang='lat' dir='ltr'><strong>pejora</strong></span> <span class='ocrx_word' id='word_1_343' title='bbox 3022 1995 3330 2064; x_wconf 83' lang='lat' dir='ltr'><strong>prioribus.</strong></span> <span class='ocrx_word' id='word_1_344' title='bbox 3368 2013 3386 2044; x_wconf 74' lang='grc' dir='ltr'><strong>ι</strong></span> <span class='ocrx_word' id='word_1_345' title='bbox 3440 1993 3571 2047; x_wconf 81' lang='lat' dir='ltr'><strong>Post</strong></span> 
     </span>
    </p>
   </div>
   <div class='ocr_carea' id='block_1_46' title="bbox 2007 2087 3571 2150">
    <p class='ocr_par' dir='ltr' id='par_1_46' title="bbox 2007 2087 3571 2150">
     <span class='ocr_line' id='line_1_46' title="bbox 2007 2087 3571 2150; baseline -0.002 -8"><span class='ocrx_word' id='word_1_346' title='bbox 2007 2090 2117 2143; x_wconf 73' lang='lat' dir='ltr'><strong>haec</strong></span> <span class='ocrx_word' id='word_1_347' title='bbox 2142 2088 2295 2142; x_wconf 83' lang='lat' dir='ltr'><strong>addit</strong></span> <span class='ocrx_word' id='word_1_348' title='bbox 2325 2107 2339 2143; x_wconf 91' lang='lat'><strong>:</strong></span> <span class='ocrx_word' id='word_1_349' title='bbox 2380 2107 2397 2140; x_wconf 77' lang='grc' dir='ltr'><strong>ι</strong></span> <span class='ocrx_word' id='word_1_350' title='bbox 2440 2088 2664 2142; x_wconf 81' lang='lat' dir='ltr'><strong>Factum</strong></span> <span class='ocrx_word' id='word_1_351' title='bbox 2696 2097 2780 2141; x_wconf 81' lang='lat' dir='ltr'><strong>est</strong></span> <span class='ocrx_word' id='word_1_352' title='bbox 2803 2098 3008 2149; x_wconf 89' lang='lat' dir='ltr'><strong>autem,</strong></span> <span class='ocrx_word' id='word_1_353' title='bbox 3035 2102 3159 2142; x_wconf 90' lang='lat' dir='ltr'><strong>cum</strong></span> <span class='ocrx_word' id='word_1_354' title='bbox 3191 2087 3306 2140; x_wconf 72' lang='lat' dir='ltr'><strong>haec</strong></span> <span class='ocrx_word' id='word_1_355' title='bbox 3341 2087 3571 2150; x_wconf 89' lang='lat' dir='ltr'><strong>diceret,</strong></span> 
     </span>
    </p>
   </div>
   <div class='ocr_carea' id='block_1_47' title="bbox 2004 2178 3577 2251">
    <p class='ocr_par' dir='ltr' id='par_1_47' title="bbox 2004 2178 3577 2251">
     <span class='ocr_line' id='line_1_47' title="bbox 2004 2178 3577 2251; baseline -0.003 -17"><span class='ocrx_word' id='word_1_356' title='bbox 2004 2181 2271 2235; x_wconf 76' lang='lat' dir='ltr'><strong>extollens</strong></span> <span class='ocrx_word' id='word_1_357' title='bbox 2317 2196 2507 2236; x_wconf 90' lang='lat' dir='ltr'><strong>vocem</strong></span> <span class='ocrx_word' id='word_1_358' title='bbox 2571 2179 2818 2251; x_wconf 71' lang='lat' dir='ltr'><strong>qutedam</strong></span> <span class='ocrx_word' id='word_1_359' title='bbox 2876 2180 3076 2235; x_wconf 89' lang='lat' dir='ltr'><strong>mulier</strong></span> <span class='ocrx_word' id='word_1_360' title='bbox 3121 2180 3190 2233; x_wconf 86' lang='lat' dir='ltr'><strong>de</strong></span> <span class='ocrx_word' id='word_1_361' title='bbox 3241 2180 3398 2233; x_wconf 88' lang='lat' dir='ltr'><strong>turba</strong></span> <span class='ocrx_word' id='word_1_362' title='bbox 3436 2178 3577 2232; x_wconf 89' lang='lat' dir='ltr'><strong>dixit</strong></span> 
     </span>
    </p>
   </div>
   <div class='ocr_carea' id='block_1_48' title="bbox 2006 2268 3576 2339">
    <p class='ocr_par' dir='ltr' id='par_1_48' title="bbox 2006 2268 3576 2339">
     <span class='ocr_line' id='line_1_48' title="bbox 2006 2268 3576 2339; baseline -0.001 -18"><span class='ocrx_word' id='word_1_363' title='bbox 2006 2269 2083 2322; x_wconf 90' lang='lat' dir='ltr'><strong>illi</strong></span> <span class='ocrx_word' id='word_1_364' title='bbox 2119 2285 2132 2321; x_wconf 92' lang='lat'><strong>:</strong></span> <span class='ocrx_word' id='word_1_365' title='bbox 2160 2268 2359 2323; x_wconf 82' lang='lat' dir='ltr'><strong>Beatus</strong></span> <span class='ocrx_word' id='word_1_366' title='bbox 2386 2277 2578 2323; x_wconf 82' lang='lat' dir='ltr'><strong>venter</strong></span> <span class='ocrx_word' id='word_1_367' title='bbox 2615 2270 2709 2338; x_wconf 91' lang='lat' dir='ltr'><strong>qui</strong></span> <span class='ocrx_word' id='word_1_368' title='bbox 2740 2281 2791 2324; x_wconf 90' lang='lat' dir='ltr'><strong>te</strong></span> <span class='ocrx_word' id='word_1_369' title='bbox 2836 2270 3092 2339; x_wconf 90' lang='lat' dir='ltr'><strong>portavit,</strong></span> <span class='ocrx_word' id='word_1_370' title='bbox 3126 2278 3183 2323; x_wconf 90' lang='lat' dir='ltr'><strong>et</strong></span> <span class='ocrx_word' id='word_1_371' title='bbox 3234 2269 3423 2334; x_wconf 85' lang='lat' dir='ltr'><strong>ubera,</strong></span> <span class='ocrx_word' id='word_1_372' title='bbox 3454 2283 3576 2336; x_wconf 76' lang='lat' dir='ltr'><strong>qua:</strong></span> 
     </span>
    </p>
   </div>
   <div class='ocr_carea' id='block_1_49' title="bbox 2006 2358 3575 2414">
    <p class='ocr_par' dir='ltr' id='par_1_49' title="bbox 2006 2358 3575 2414">
     <span class='ocr_line' id='line_1_49' title="bbox 2006 2358 3575 2414; baseline 0 -2"><span class='ocrx_word' id='word_1_373' title='bbox 2006 2358 2203 2413; x_wconf 85' lang='lat' dir='ltr'><strong>suxisti</strong></span> <span class='ocrx_word' id='word_1_374' title='bbox 2234 2360 2276 2410; x_wconf 83' lang='lat'><strong>&#39;.</strong></span> <span class='ocrx_word' id='word_1_375' title='bbox 2317 2378 2337 2411; x_wconf 68' lang='grc' dir='ltr'><strong>ι</strong></span> <span class='ocrx_word' id='word_1_376' title='bbox 2387 2358 2540 2413; x_wconf 83' lang='lat' dir='ltr'><strong>Hanc</strong></span> <span class='ocrx_word' id='word_1_377' title='bbox 2570 2369 2755 2412; x_wconf 87' lang='lat' dir='ltr'><strong>autem</strong></span> <span class='ocrx_word' id='word_1_378' title='bbox 2792 2360 3075 2413; x_wconf 87' lang='lat' dir='ltr'><strong>mulierem</strong></span> <span class='ocrx_word' id='word_1_379' title='bbox 3114 2375 3222 2414; x_wconf 91' lang='lat' dir='ltr'><strong>non</strong></span> <span class='ocrx_word' id='word_1_380' title='bbox 3254 2360 3416 2414; x_wconf 86' lang='lat' dir='ltr'><strong>aliam</strong></span> <span class='ocrx_word' id='word_1_381' title='bbox 3469 2360 3575 2412; x_wconf 83' lang='lat' dir='ltr'><strong>nisi</strong></span> 
     </span>
    </p>
   </div>
   <div class='ocr_carea' id='block_1_50' title="bbox 2004 2454 3579 2526">
    <p class='ocr_par' dir='ltr' id='par_1_50' title="bbox 2004 2454 3579 2526">
     <span class='ocr_line' id='line_1_50' title="bbox 2004 2454 3579 2526; baseline -0.001 -16"><span class='ocrx_word' id='word_1_382' title='bbox 2004 2454 2375 2526; x_wconf 75' lang='lat' dir='ltr'><strong>Magdalenam</strong></span> <span class='ocrx_word' id='word_1_383' title='bbox 2434 2455 2603 2511; x_wconf 80' lang='lat' dir='ltr'><strong>fuisse</strong></span> <span class='ocrx_word' id='word_1_384' title='bbox 2634 2465 2813 2526; x_wconf 79' lang='lat' dir='ltr'><strong>patet,</strong></span> <span class='ocrx_word' id='word_1_385' title='bbox 2866 2472 3007 2525; x_wconf 70' lang='lat' dir='ltr'><strong>qum,</strong></span> <span class='ocrx_word' id='word_1_386' title='bbox 3048 2468 3258 2526; x_wconf 83' lang='lat' dir='ltr'><strong>septem</strong></span> <span class='ocrx_word' id='word_1_387' title='bbox 3310 2456 3579 2511; x_wconf 67' lang='lat' dir='ltr'><strong>daemonio</strong></span> 
     </span>
    </p>
   </div>
   <div class='ocr_carea' id='block_1_51' title="bbox 2008 2549 3579 2618">
    <p class='ocr_par' dir='ltr' id='par_1_51' title="bbox 2008 2549 3579 2618">
     <span class='ocr_line' id='line_1_51' title="bbox 2008 2549 3579 2618; baseline 0.001 -17"><span class='ocrx_word' id='word_1_388' title='bbox 2008 2549 2111 2601; x_wconf 89' lang='lat' dir='ltr'><strong>bus</strong></span> <span class='ocrx_word' id='word_1_389' title='bbox 2148 2549 2394 2611; x_wconf 80' lang='lat' dir='ltr'><strong>obsessa.</strong></span> <span class='ocrx_word' id='word_1_390' title='bbox 2447 2550 2659 2602; x_wconf 69' lang='lat' dir='ltr'><strong>miserae</strong></span> <span class='ocrx_word' id='word_1_391' title='bbox 2701 2550 3039 2603; x_wconf 87' lang='lat' dir='ltr'><strong>conditionis</strong></span> <span class='ocrx_word' id='word_1_392' title='bbox 3069 2550 3342 2614; x_wconf 84' lang='lat' dir='ltr'><strong>meminit,</strong></span> <span class='ocrx_word' id='word_1_393' title='bbox 3385 2566 3416 2603; x_wconf 93' lang='lat' dir='ltr'><strong>a</strong></span> <span class='ocrx_word' id='word_1_394' title='bbox 3468 2565 3579 2618; x_wconf 87' lang='lat' dir='ltr'><strong>qua</strong></span> 
     </span>
    </p>
   </div>
   <div class='ocr_carea' id='block_1_52' title="bbox 2007 2637 3580 2708">
    <p class='ocr_par' dir='ltr' id='par_1_52' title="bbox 2007 2637 3580 2708">
     <span class='ocr_line' id='line_1_52' title="bbox 2007 2637 3580 2708; baseline -0.001 -15"><span class='ocrx_word' id='word_1_395' title='bbox 2007 2637 2280 2701; x_wconf 87' lang='lat' dir='ltr'><strong>Christus,</strong></span> <span class='ocrx_word' id='word_1_396' title='bbox 2315 2653 2442 2692; x_wconf 88' lang='lat' dir='ltr'><strong>cum</strong></span> <span class='ocrx_word' id='word_1_397' title='bbox 2473 2639 2527 2691; x_wconf 93' lang='lat' dir='ltr'><strong>in</strong></span> <span class='ocrx_word' id='word_1_398' title='bbox 2573 2639 2829 2708; x_wconf 71' lang='lat' dir='ltr'><strong>Magdalze</strong></span> <span class='ocrx_word' id='word_1_399' title='bbox 2859 2640 2977 2693; x_wconf 90' lang='lat' dir='ltr'><strong>vico</strong></span> <span class='ocrx_word' id='word_1_400' title='bbox 3023 2651 3193 2707; x_wconf 87' lang='lat' dir='ltr'><strong>esset,</strong></span> <span class='ocrx_word' id='word_1_401' title='bbox 3225 2656 3346 2694; x_wconf 87' lang='lat' dir='ltr'><strong>eam</strong></span> <span class='ocrx_word' id='word_1_402' title='bbox 3373 2640 3580 2693; x_wconf 81' lang='lat' dir='ltr'><strong>libera—</strong></span> 
     </span>
    </p>
   </div>
   <div class='ocr_carea' id='block_1_53' title="bbox 2007 2732 3190 2801">
    <p class='ocr_par' dir='ltr' id='par_1_53' title="bbox 2007 2732 3190 2801">
     <span class='ocr_line' id='line_1_53' title="bbox 2007 2732 3190 2801; baseline 0.003 -18"><span class='ocrx_word' id='word_1_403' title='bbox 2007 2738 2183 2795; x_wconf 85' lang='lat' dir='ltr'><strong>verat,</strong></span> <span class='ocrx_word' id='word_1_404' title='bbox 2215 2743 2273 2786; x_wconf 90' lang='lat' dir='ltr'><strong>ut</strong></span> <span class='ocrx_word' id='word_1_405' title='bbox 2325 2746 2543 2786; x_wconf 90' lang='lat' dir='ltr'><strong>sacrum</strong></span> <span class='ocrx_word' id='word_1_406' title='bbox 2593 2733 2760 2785; x_wconf 74' lang='lat' dir='ltr'><strong>refert</strong></span> <span class='ocrx_word' id='word_1_407' title='bbox 2809 2732 3190 2801; x_wconf 74' lang='lat' dir='ltr'><strong>Evangelium.</strong></span> 
     </span>
    </p>
   </div>
   <div class='ocr_carea' id='block_1_54' title="bbox 327 2822 3582 2898">
    <p class='ocr_par' dir='ltr' id='par_1_54' title="bbox 327 2822 3582 2898">
     <span class='ocr_line' id='line_1_54' title="bbox 327 2822 3582 2898; baseline 0.002 -20"><span class='ocrx_word' id='word_1_408' title='bbox 327 2827 519 2897; x_wconf 72' lang='grc' dir='ltr'>φωνὴν</span> <span class='ocrx_word' id='word_1_409' title='bbox 554 2830 618 2881; x_wconf 80' lang='grc' dir='ltr'>ἐκ</span> <span class='ocrx_word' id='word_1_410' title='bbox 647 2827 741 2879; x_wconf 83' lang='grc' dir='ltr'>τοῦ</span> <span class='ocrx_word' id='word_1_411' title='bbox 774 2828 957 2897; x_wconf 72' lang='grc' dir='ltr'>ὄχλου,</span> <span class='ocrx_word' id='word_1_412' title='bbox 995 2822 1150 2880; x_wconf 85' lang='grc' dir='ltr'>εῐπεν</span> <span class='ocrx_word' id='word_1_413' title='bbox 1174 2827 1347 2895; x_wconf 83' lang='grc' dir='ltr'>αὐτῷ·</span> <span class='ocrx_word' id='word_1_414' title='bbox 1401 2828 1665 2897; x_wconf 82' lang='grc' dir='ltr'>Μακαρία</span> <span class='ocrx_word' id='word_1_415' title='bbox 1716 2828 1750 2898; x_wconf 75' lang='grc' dir='ltr'>ἡ</span> <span class='ocrx_word' id='word_1_416' title='bbox 1804 2827 1984 2880; x_wconf 85' lang='grc' dir='ltr'>κοιλία</span> <span class='ocrx_word' id='word_1_417' title='bbox 2020 2827 2053 2897; x_wconf 81' lang='grc' dir='ltr'>ἠ</span> <span class='ocrx_word' id='word_1_418' title='bbox 2095 2827 2413 2896; x_wconf 81' lang='grc' dir='ltr'>βαστάσασά</span> <span class='ocrx_word' id='word_1_419' title='bbox 2457 2845 2540 2893; x_wconf 92' lang='grc' dir='ltr'><strong>σε,</strong></span> <span class='ocrx_word' id='word_1_420' title='bbox 2572 2829 2667 2880; x_wconf 73' lang='grc' dir='ltr'>καὶ</span> <span class='ocrx_word' id='word_1_421' title='bbox 2702 2829 2920 2896; x_wconf 78' lang='grc' dir='ltr'>μαστοὶ,</span> <span class='ocrx_word' id='word_1_422' title='bbox 2962 2828 3055 2891; x_wconf 81' lang='grc' dir='ltr'>οὓς</span> <span class='ocrx_word' id='word_1_423' title='bbox 3084 2828 3379 2898; x_wconf 68' lang='grc' dir='ltr'>ἐθήλασας.</span> <span class='ocrx_word' id='word_1_424' title='bbox 3423 2848 3447 2882; x_wconf 75' lang='lat' dir='ltr'><strong>s</strong></span> <span class='ocrx_word' id='word_1_425' title='bbox 3492 2830 3582 2894; x_wconf 79' lang='grc' dir='ltr'>Ὠς</span> 
     </span>
    </p>
   </div>
   <div class='ocr_carea' id='block_1_55' title="bbox 329 2920 3583 2993">
    <p class='ocr_par' dir='ltr' id='par_1_55' title="bbox 329 2920 3583 2993">
     <span class='ocr_line' id='line_1_55' title="bbox 329 2920 3583 2993; baseline 0 -17"><span class='ocrx_word' id='word_1_426' title='bbox 329 2924 670 2990; x_wconf 82' lang='grc' dir='ltr'>συνάγεσθαι</span> <span class='ocrx_word' id='word_1_427' title='bbox 742 2924 819 2993; x_wconf 80' lang='grc' dir='ltr'>μὴ</span> <span class='ocrx_word' id='word_1_428' title='bbox 852 2924 1041 2992; x_wconf 80' lang='grc' dir='ltr'>ἀλλην,</span> <span class='ocrx_word' id='word_1_429' title='bbox 1070 2925 1103 2993; x_wconf 82' lang='grc' dir='ltr'>ἢ</span> <span class='ocrx_word' id='word_1_430' title='bbox 1148 2923 1247 2993; x_wconf 81' lang='grc' dir='ltr'>τὴν</span> <span class='ocrx_word' id='word_1_431' title='bbox 1292 2924 1659 2992; x_wconf 82' lang='grc' dir='ltr'>Μαγδαληνὴν</span> <span class='ocrx_word' id='word_1_432' title='bbox 1724 2920 1866 2977; x_wconf 75' lang='grc' dir='ltr'>εἶναι</span> <span class='ocrx_word' id='word_1_433' title='bbox 1920 2923 2147 2993; x_wconf 85' lang='grc' dir='ltr'>ταύτην,</span> <span class='ocrx_word' id='word_1_434' title='bbox 2177 2922 2489 2979; x_wconf 78' lang='grc' dir='ltr'>ἀκούσασαν</span> <span class='ocrx_word' id='word_1_435' title='bbox 2524 2924 2652 2993; x_wconf 75' lang='grc' dir='ltr'>περὶ</span> <span class='ocrx_word' id='word_1_436' title='bbox 2702 2923 2810 2976; x_wconf 83' lang='grc' dir='ltr'>τῶν</span> <span class='ocrx_word' id='word_1_437' title='bbox 2839 2923 2979 2976; x_wconf 79' lang='grc' dir='ltr'>ἑπτά</span> <span class='ocrx_word' id='word_1_438' title='bbox 3021 2924 3335 2993; x_wconf 86' lang='grc' dir='ltr'>δαιμονίων,</span> <span class='ocrx_word' id='word_1_439' title='bbox 3372 2928 3471 2979; x_wconf 85' lang='grc' dir='ltr'>καὶ</span> <span class='ocrx_word' id='word_1_440' title='bbox 3501 2928 3583 2988; x_wconf 84' lang='grc' dir='ltr'><strong>είς</strong></span> 
     </span>
    </p>
   </div>
   <div class='ocr_carea' id='block_1_56' title="bbox 333 3015 3580 3092">
    <p class='ocr_par' dir='ltr' id='par_1_56' title="bbox 333 3015 3580 3092">
     <span class='ocr_line' id='line_1_56' title="bbox 333 3015 3580 3092; baseline 0.002 -21"><span class='ocrx_word' id='word_1_441' title='bbox 333 3020 527 3089; x_wconf 57' lang='grc' dir='ltr'>μνεία)</span> <span class='ocrx_word' id='word_1_442' title='bbox 568 3019 829 3072; x_wconf 75' lang='grc' dir='ltr'>ἐλθοῦσαν</span> <span class='ocrx_word' id='word_1_443' title='bbox 860 3021 953 3073; x_wconf 78' lang='grc' dir='ltr'>τοῦ</span> <span class='ocrx_word' id='word_1_444' title='bbox 988 3021 1217 3085; x_wconf 81' lang='grc' dir='ltr'>πάθους,</span> <span class='ocrx_word' id='word_1_445' title='bbox 1250 3015 1324 3073; x_wconf 82' lang='grc' dir='ltr'>ὧν</span> <span class='ocrx_word' id='word_1_446' title='bbox 1351 3019 1524 3089; x_wconf 74' lang='grc' dir='ltr'>αὐτὴν</span> <span class='ocrx_word' id='word_1_447' title='bbox 1561 3020 1838 3091; x_wconf 77' lang='grc' dir='ltr'>ἀπήλλαξε</span> <span class='ocrx_word' id='word_1_448' title='bbox 1867 3020 2103 3090; x_wconf 79' lang='grc' dir='ltr'>Χριστὸς</span> <span class='ocrx_word' id='word_1_449' title='bbox 2149 3022 2208 3072; x_wconf 73' lang='grc' dir='ltr'>ιν</span> <span class='ocrx_word' id='word_1_450' title='bbox 2237 3022 2551 3089; x_wconf 75' lang='grc' dir='ltr'>Μαγδάλοις</span> <span class='ocrx_word' id='word_1_451' title='bbox 2579 3021 2891 3090; x_wconf 75' lang='grc' dir='ltr'>γενόμενος,</span> <span class='ocrx_word' id='word_1_452' title='bbox 2923 3021 2999 3084; x_wconf 79' lang='grc' dir='ltr'><strong>ὡς</strong></span> <span class='ocrx_word' id='word_1_453' title='bbox 3029 3022 3089 3074; x_wconf 86' lang='grc' dir='ltr'>τὸ</span> <span class='ocrx_word' id='word_1_454' title='bbox 3142 3022 3287 3092; x_wconf 76' lang='grc' dir='ltr'>ἱερὸν</span> <span class='ocrx_word' id='word_1_455' title='bbox 3317 3025 3580 3087; x_wconf 72' lang='grc' dir='ltr'>διέξεισιν</span> 
     </span>
    </p>
   </div>
   <div class='ocr_carea' id='block_1_57' title="bbox 331 3112 693 3181">
    <p class='ocr_par' dir='ltr' id='par_1_57' title="bbox 331 3112 693 3181">
     <span class='ocr_line' id='line_1_57' title="bbox 331 3112 693 3181; baseline 0.003 -15"><span class='ocrx_word' id='word_1_456' title='bbox 331 3112 693 3181; x_wconf 81' lang='grc' dir='ltr'>Εὑαγγέλιον.</span> 
     </span>
    </p>
   </div>
   <div class='ocr_carea' id='block_1_58' title="bbox 402 3201 2085 3279">
    <p class='ocr_par' dir='ltr' id='par_1_58' title="bbox 402 3201 1986 3279">
     <span class='ocr_line' id='line_1_58' title="bbox 402 3201 1986 3279; baseline 0.003 -22"><span class='ocrx_word' id='word_1_457' title='bbox 402 3208 485 3260; x_wconf 73' lang='grc' dir='ltr'><strong>θ’.</strong></span> <span class='ocrx_word' id='word_1_458' title='bbox 516 3201 673 3257; x_wconf 74' lang='grc' dir='ltr'>Ἐπεὶ</span> <span class='ocrx_word' id='word_1_459' title='bbox 728 3202 782 3256; x_wconf 76' lang='grc' dir='ltr'>δὲ</span> <span class='ocrx_word' id='word_1_460' title='bbox 810 3203 916 3256; x_wconf 73' lang='grc' dir='ltr'>ἔδει</span> <span class='ocrx_word' id='word_1_461' title='bbox 950 3205 1045 3259; x_wconf 71' lang='grc' dir='ltr'>καὶ</span> <span class='ocrx_word' id='word_1_462' title='bbox 1077 3206 1138 3257; x_wconf 85' lang='grc' dir='ltr'>τὸ</span> <span class='ocrx_word' id='word_1_463' title='bbox 1166 3203 1259 3259; x_wconf 82' lang='grc' dir='ltr'>διὰ</span> <span class='ocrx_word' id='word_1_464' title='bbox 1291 3208 1528 3276; x_wconf 84' lang='grc' dir='ltr'>σταυροῦ</span> <span class='ocrx_word' id='word_1_465' title='bbox 1577 3207 1720 3274; x_wconf 83' lang='grc' dir='ltr'>ὑπὲρ</span> <span class='ocrx_word' id='word_1_466' title='bbox 1760 3209 1917 3279; x_wconf 76' lang='grc' dir='ltr'>ἡμῶν</span> <span class='ocrx_word' id='word_1_467' title='bbox 1942 3214 1986 3271; x_wconf 83' lang='lat' dir='ltr'>c</span> 
     </span>
    </p>
   </div>
   <div class='ocr_carea' id='block_1_59' title="bbox 1898 3201 3581 3279">
    <p class='ocr_par' dir='ltr' id='par_1_59' title="bbox 1898 3204 3581 3278">
     <span class='ocr_line' id='line_1_59' title="bbox 1898 3204 3581 3278; baseline 0.002 -17"><span class='ocrx_word' id='word_1_468' title='bbox 1898 3227 1917 3261; x_wconf 77' lang='grc' dir='ltr'><strong>ν</strong></span> <span class='ocrx_word' id='word_1_469' title='bbox 1942 3214 1986 3271; x_wconf 85' lang='lat' dir='ltr'><strong>c</strong></span> <span class='ocrx_word' id='word_1_470' title='bbox 2093 3204 2185 3261; x_wconf 75' lang='lat' dir='ltr'><strong>1X.</strong></span> <span class='ocrx_word' id='word_1_471' title='bbox 2229 3206 2333 3261; x_wconf 88' lang='lat' dir='ltr'><strong>Per</strong></span> <span class='ocrx_word' id='word_1_472' title='bbox 2367 3221 2587 3262; x_wconf 88' lang='lat' dir='ltr'><strong>crucem</strong></span> <span class='ocrx_word' id='word_1_473' title='bbox 2640 3221 2740 3275; x_wconf 91' lang='lat' dir='ltr'><strong>pro</strong></span> <span class='ocrx_word' id='word_1_474' title='bbox 2778 3206 2938 3260; x_wconf 87' lang='lat' dir='ltr'><strong>nobis</strong></span> <span class='ocrx_word' id='word_1_475' title='bbox 2968 3207 3286 3278; x_wconf 86' lang='lat' dir='ltr'><strong>mysterium</strong></span> <span class='ocrx_word' id='word_1_476' title='bbox 3336 3209 3581 3264; x_wconf 82' lang='lat' dir='ltr'><strong>eﬂlcien-</strong></span> 
     </span>
    </p>
   </div>
   <div class='ocr_carea' id='block_1_60' title="bbox 328 3297 1905 3370">
    <p class='ocr_par' dir='ltr' id='par_1_60' title="bbox 328 3297 1905 3370">
     <span class='ocr_line' id='line_1_60' title="bbox 328 3297 1905 3370; baseline 0 -18"><span class='ocrx_word' id='word_1_477' title='bbox 328 3299 660 3367; x_wconf 79' lang='grc' dir='ltr'>τελεσθῆναι</span> <span class='ocrx_word' id='word_1_478' title='bbox 696 3297 1018 3367; x_wconf 84' lang='grc' dir='ltr'>μυστήριον,</span> <span class='ocrx_word' id='word_1_479' title='bbox 1052 3297 1161 3351; x_wconf 72' lang='grc' dir='ltr'>ἔδει</span> <span class='ocrx_word' id='word_1_480' title='bbox 1197 3300 1241 3351; x_wconf 87' lang='grc' dir='ltr'>δ’</span> <span class='ocrx_word' id='word_1_481' title='bbox 1268 3300 1370 3353; x_wconf 86' lang='grc' dir='ltr'>οὐκ</span> <span class='ocrx_word' id='word_1_482' title='bbox 1400 3302 1599 3364; x_wconf 72' lang='grc' dir='ltr'>ἄλλως,</span> <span class='ocrx_word' id='word_1_483' title='bbox 1631 3302 1665 3370; x_wconf 69' lang='grc' dir='ltr'>ἢ</span> <span class='ocrx_word' id='word_1_484' title='bbox 1695 3301 1781 3354; x_wconf 82' lang='grc' dir='ltr'>διὰ</span> <span class='ocrx_word' id='word_1_485' title='bbox 1812 3300 1905 3353; x_wconf 81' lang='grc' dir='ltr'>τοῦ</span> 
     </span>
    </p>
   </div>
   <div class='ocr_carea' id='block_1_61' title="bbox 330 3389 1905 3461">
    <p class='ocr_par' dir='ltr' id='par_1_61' title="bbox 330 3389 1905 3461">
     <span class='ocr_line' id='line_1_61' title="bbox 330 3389 1905 3461; baseline 0 -16"><span class='ocrx_word' id='word_1_486' title='bbox 330 3392 479 3445; x_wconf 72' lang='grc' dir='ltr'>κατὰ</span> <span class='ocrx_word' id='word_1_487' title='bbox 514 3391 605 3442; x_wconf 78' lang='grc' dir='ltr'>τὸν</span> <span class='ocrx_word' id='word_1_488' title='bbox 639 3391 890 3458; x_wconf 76' lang='grc' dir='ltr'>Λάζαρον</span> <span class='ocrx_word' id='word_1_489' title='bbox 922 3389 1199 3459; x_wconf 85' lang='grc' dir='ltr'>θαύματος</span> <span class='ocrx_word' id='word_1_490' title='bbox 1226 3407 1240 3423; x_wconf 93' lang='grc'><strong>·</strong></span> <span class='ocrx_word' id='word_1_491' title='bbox 1277 3393 1530 3444; x_wconf 69' lang='grc' dir='ltr'>ἐντεῦθεν</span> <span class='ocrx_word' id='word_1_492' title='bbox 1559 3396 1665 3461; x_wconf 75' lang='grc' dir='ltr'><strong>γάρ</strong></span> <span class='ocrx_word' id='word_1_493' title='bbox 1695 3394 1905 3461; x_wconf 78' lang='grc' dir='ltr'>ὑπῆρξε</span> 
     </span>
    </p>
   </div>
   <div class='ocr_carea' id='block_1_62' title="bbox 330 3479 1909 3555">
    <p class='ocr_par' dir='ltr' id='par_1_62' title="bbox 330 3479 1909 3555">
     <span class='ocr_line' id='line_1_62' title="bbox 330 3479 1909 3555; baseline 0.001 -19"><span class='ocrx_word' id='word_1_494' title='bbox 330 3485 431 3536; x_wconf 77' lang='grc' dir='ltr'>καὶ</span> <span class='ocrx_word' id='word_1_495' title='bbox 474 3482 556 3551; x_wconf 79' lang='grc' dir='ltr'>τῷ</span> <span class='ocrx_word' id='word_1_496' title='bbox 609 3479 713 3553; x_wconf 62' lang='grc' dir='ltr'><strong>ᾄδῃ</strong></span> <span class='ocrx_word' id='word_1_497' title='bbox 739 3482 967 3549; x_wconf 82' lang='grc' dir='ltr'>γνῶναι,</span> <span class='ocrx_word' id='word_1_498' title='bbox 1004 3484 1131 3536; x_wconf 86' lang='grc' dir='ltr'>ὅσον</span> <span class='ocrx_word' id='word_1_499' title='bbox 1178 3482 1332 3536; x_wconf 67' lang='lat' dir='ltr'><strong>obuio</strong></span> <span class='ocrx_word' id='word_1_500' title='bbox 1374 3484 1471 3555; x_wconf 74' lang='grc' dir='ltr'>τὴν</span> <span class='ocrx_word' id='word_1_501' title='bbox 1519 3486 1714 3538; x_wconf 66' lang='grc' dir='ltr'>ἑαυτοῦ</span> <span class='ocrx_word' id='word_1_502' title='bbox 1745 3486 1909 3539; x_wconf 69' lang='grc' dir='ltr'>δυνα-</span> 
     </span>
    </p>
   </div>
   <div class='ocr_carea' id='block_1_63' title="bbox 332 3571 1906 3647">
    <p class='ocr_par' dir='ltr' id='par_1_63' title="bbox 332 3571 1906 3647">
     <span class='ocr_line' id='line_1_63' title="bbox 332 3571 1906 3647; baseline 0.003 -22"><span class='ocrx_word' id='word_1_503' title='bbox 332 3574 522 3625; x_wconf 88' lang='grc' dir='ltr'>στείαν</span> <span class='ocrx_word' id='word_1_504' title='bbox 545 3574 624 3633; x_wconf 87' lang='grc' dir='ltr'><strong>είς</strong></span> <span class='ocrx_word' id='word_1_505' title='bbox 654 3573 805 3625; x_wconf 76' lang='grc' dir='ltr'>οὐδὲν</span> <span class='ocrx_word' id='word_1_506' title='bbox 828 3571 1243 3642; x_wconf 83' lang='grc' dir='ltr'>ὠφελήσουσαν,</span> <span class='ocrx_word' id='word_1_507' title='bbox 1270 3577 1365 3627; x_wconf 76' lang='lat' dir='ltr'><strong>xai.</strong></span> <span class='ocrx_word' id='word_1_508' title='bbox 1393 3577 1472 3645; x_wconf 82' lang='grc' dir='ltr'>τῷ</span> <span class='ocrx_word' id='word_1_509' title='bbox 1501 3576 1607 3629; x_wconf 82' lang='grc' dir='ltr'><strong>τῶν</strong></span> <span class='ocrx_word' id='word_1_510' title='bbox 1635 3577 1906 3647; x_wconf 85' lang='grc' dir='ltr'>Ἐϐραίων</span> 
     </span>
    </p>
   </div>
   <div class='ocr_carea' id='block_1_64' title="bbox 331 3663 1910 3733">
    <p class='ocr_par' dir='ltr' id='par_1_64' title="bbox 331 3663 1910 3733">
     <span class='ocr_line' id='line_1_64' title="bbox 331 3663 1910 3733; baseline 0.004 -18"><span class='ocrx_word' id='word_1_511' title='bbox 331 3664 451 3732; x_wconf 82' lang='grc' dir='ltr'>λαῷ</span> <span class='ocrx_word' id='word_1_512' title='bbox 476 3665 556 3725; x_wconf 85' lang='grc' dir='ltr'><strong>είς</strong></span> <span class='ocrx_word' id='word_1_513' title='bbox 586 3663 777 3729; x_wconf 75' lang='grc' dir='ltr'>φθόνον</span> <span class='ocrx_word' id='word_1_514' title='bbox 800 3663 1179 3733; x_wconf 82' lang='grc' dir='ltr'>διαναστῆναι,</span> <span class='ocrx_word' id='word_1_515' title='bbox 1210 3666 1305 3717; x_wconf 75' lang='grc' dir='ltr'>καὶ</span> <span class='ocrx_word' id='word_1_516' title='bbox 1325 3666 1391 3717; x_wconf 83' lang='grc' dir='ltr'><strong>τά</strong></span> <span class='ocrx_word' id='word_1_517' title='bbox 1420 3669 1617 3726; x_wconf 78' lang='grc' dir='ltr'>παντὸς</span> <span class='ocrx_word' id='word_1_518' title='bbox 1648 3669 1910 3721; x_wconf 78' lang='grc' dir='ltr'>ἐπέκεινα</span> 
     </span>
    </p>
   </div>
   <div class='ocr_carea' id='block_1_65' title="bbox 332 3754 1909 3828">
    <p class='ocr_par' dir='ltr' id='par_1_65' title="bbox 332 3754 1909 3828">
     <span class='ocr_line' id='line_1_65' title="bbox 332 3754 1909 3828; baseline 0.003 -19"><span class='ocrx_word' id='word_1_519' title='bbox 332 3759 498 3825; x_wconf 82' lang='grc' dir='ltr'>λόγου</span> <span class='ocrx_word' id='word_1_520' title='bbox 532 3754 872 3826; x_wconf 71' lang='grc' dir='ltr'>ὲργὰσασθαι</span> <span class='ocrx_word' id='word_1_521' title='bbox 894 3772 908 3785; x_wconf 86' lang='grc'>·</span> <span class='ocrx_word' id='word_1_522' title='bbox 945 3758 1128 3824; x_wconf 85' lang='grc' dir='ltr'>παρῆν</span> <span class='ocrx_word' id='word_1_523' title='bbox 1181 3759 1277 3811; x_wconf 70' lang='grc' dir='ltr'>καὶ</span> <span class='ocrx_word' id='word_1_524' title='bbox 1310 3760 1343 3826; x_wconf 74' lang='grc' dir='ltr'><strong>ἡ</strong></span> <span class='ocrx_word' id='word_1_525' title='bbox 1375 3758 1656 3828; x_wconf 82' lang='grc' dir='ltr'>θαυμασία</span> <span class='ocrx_word' id='word_1_526' title='bbox 1685 3763 1909 3828; x_wconf 76' lang='grc' dir='ltr'>Μαγδαο</span> 
     </span>
    </p>
   </div>
   <div class='ocr_carea' id='block_1_66' title="bbox 333 3849 1911 3920">
    <p class='ocr_par' dir='ltr' id='par_1_66' title="bbox 333 3849 1911 3920">
     <span class='ocr_line' id='line_1_66' title="bbox 333 3849 1911 3920; baseline 0.003 -19"><span class='ocrx_word' id='word_1_527' title='bbox 333 3850 497 3919; x_wconf 74' lang='grc' dir='ltr'>ληνὴ,</span> <span class='ocrx_word' id='word_1_528' title='bbox 530 3850 591 3902; x_wconf 74' lang='grc' dir='ltr'><strong>τὸ</strong></span> <span class='ocrx_word' id='word_1_529' title='bbox 627 3851 725 3917; x_wconf 66' lang='grc' dir='ltr'>μιν</span> <span class='ocrx_word' id='word_1_530' title='bbox 760 3849 1007 3917; x_wconf 76' lang='grc' dir='ltr'>ἑπομένη</span> <span class='ocrx_word' id='word_1_531' title='bbox 1039 3850 1284 3920; x_wconf 80' lang='grc' dir='ltr'>Χριστῷ,</span> <span class='ocrx_word' id='word_1_532' title='bbox 1311 3852 1373 3902; x_wconf 79' lang='grc' dir='ltr'>τὸ</span> <span class='ocrx_word' id='word_1_533' title='bbox 1401 3851 1456 3903; x_wconf 82' lang='grc' dir='ltr'>δὲ</span> <span class='ocrx_word' id='word_1_534' title='bbox 1484 3854 1579 3903; x_wconf 74' lang='grc' dir='ltr'>καὶ</span> <span class='ocrx_word' id='word_1_535' title='bbox 1610 3856 1731 3915; x_wconf 86' lang='grc' dir='ltr'>ταῖς</span> <span class='ocrx_word' id='word_1_536' title='bbox 1759 3855 1911 3906; x_wconf 79' lang='grc' dir='ltr'>ἀδελ-</span> 
     </span>
    </p>
   </div>
   <div class='ocr_carea' id='block_1_67' title="bbox 334 3939 1908 4012">
    <p class='ocr_par' dir='ltr' id='par_1_67' title="bbox 334 3939 1908 4012">
     <span class='ocr_line' id='line_1_67' title="bbox 334 3939 1908 4012; baseline 0.003 -19"><span class='ocrx_word' id='word_1_537' title='bbox 334 3944 466 4010; x_wconf 84' lang='grc' dir='ltr'>φαῖς</span> <span class='ocrx_word' id='word_1_538' title='bbox 495 3939 748 4009; x_wconf 78' lang='grc' dir='ltr'>Λαζάρου</span> <span class='ocrx_word' id='word_1_539' title='bbox 775 3941 877 3994; x_wconf 79' lang='grc' dir='ltr'>ὅσα</span> <span class='ocrx_word' id='word_1_540' title='bbox 907 3957 972 4008; x_wconf 88' lang='grc' dir='ltr'><strong>γε</strong></span> <span class='ocrx_word' id='word_1_541' title='bbox 1018 3944 1181 4009; x_wconf 87' lang='grc' dir='ltr'>νόμος</span> <span class='ocrx_word' id='word_1_542' title='bbox 1212 3942 1295 4004; x_wconf 86' lang='grc' dir='ltr'><strong>είς</strong></span> <span class='ocrx_word' id='word_1_543' title='bbox 1340 3945 1701 4012; x_wconf 84' lang='grc' dir='ltr'>παραμυθίαν</span> <span class='ocrx_word' id='word_1_544' title='bbox 1731 3945 1908 3998; x_wconf 82' lang='grc' dir='ltr'>διατε-</span> 
     </span>
    </p>
   </div>
   <div class='ocr_carea' id='block_1_68' title="bbox 330 4032 1912 4109">
    <p class='ocr_par' dir='ltr' id='par_1_68' title="bbox 330 4032 1912 4109">
     <span class='ocr_line' id='line_1_68' title="bbox 330 4032 1912 4109; baseline 0.003 -24"><span class='ocrx_word' id='word_1_545' title='bbox 330 4036 591 4087; x_wconf 81' lang='grc' dir='ltr'>λέσουσα.</span> <span class='ocrx_word' id='word_1_546' title='bbox 630 4033 718 4095; x_wconf 81' lang='grc' dir='ltr'>Ὠς</span> <span class='ocrx_word' id='word_1_547' title='bbox 753 4033 812 4085; x_wconf 71' lang='grc' dir='ltr'>δὲ</span> <span class='ocrx_word' id='word_1_548' title='bbox 850 4035 946 4086; x_wconf 84' lang='grc' dir='ltr'>καὶ</span> <span class='ocrx_word' id='word_1_549' title='bbox 981 4034 1060 4098; x_wconf 84' lang='grc' dir='ltr'>τὸ,</span> <span class='ocrx_word' id='word_1_550' title='bbox 1094 4032 1204 4086; x_wconf 81' lang='grc' dir='ltr'><strong>Ποῦ</strong></span> <span class='ocrx_word' id='word_1_551' title='bbox 1238 4033 1523 4088; x_wconf 85' lang='grc' dir='ltr'>τεθείκατε</span> <span class='ocrx_word' id='word_1_552' title='bbox 1560 4037 1748 4101; x_wconf 68' lang='grc' dir='ltr'>αὑτὸν,</span> <span class='ocrx_word' id='word_1_553' title='bbox 1773 4040 1912 4109; x_wconf 71' lang='grc' dir='ltr'>ἠκη-</span> 
     </span>
    </p>
   </div>
   <div class='ocr_carea' id='block_1_69' title="bbox 331 4123 1911 4199">
    <p class='ocr_par' dir='ltr' id='par_1_69' title="bbox 331 4123 1911 4199">
     <span class='ocr_line' id='line_1_69' title="bbox 331 4123 1911 4199; baseline 0.003 -22"><span class='ocrx_word' id='word_1_554' title='bbox 331 4128 473 4187; x_wconf 85' lang='grc' dir='ltr'>κόει,</span> <span class='ocrx_word' id='word_1_555' title='bbox 503 4126 599 4176; x_wconf 80' lang='grc' dir='ltr'>καὶ</span> <span class='ocrx_word' id='word_1_556' title='bbox 619 4124 696 4182; x_wconf 82' lang='grc' dir='ltr'><strong>ὡς</strong></span> <span class='ocrx_word' id='word_1_557' title='bbox 725 4123 1028 4176; x_wconf 64' lang='grc' dir='ltr'>ἐπιστάντα</span> <span class='ocrx_word' id='word_1_558' title='bbox 1050 4126 1116 4194; x_wconf 79' lang='grc' dir='ltr'>τῇ</span> <span class='ocrx_word' id='word_1_559' title='bbox 1138 4125 1230 4176; x_wconf 80' lang='grc' dir='ltr'>τοῦ</span> <span class='ocrx_word' id='word_1_560' title='bbox 1252 4124 1405 4191; x_wconf 56' lang='grc' dir='ltr'>φίλον</span> <span class='ocrx_word' id='word_1_561' title='bbox 1430 4127 1575 4195; x_wconf 66' lang='grc' dir='ltr'>σορῷ</span> <span class='ocrx_word' id='word_1_562' title='bbox 1603 4129 1911 4199; x_wconf 80' lang='grc' dir='ltr'>δακρύοντα</span> 
     </span>
    </p>
   </div>
   <div class='ocr_carea' id='block_1_70' title="bbox 330 4215 1908 4289">
    <p class='ocr_par' dir='ltr' id='par_1_70' title="bbox 330 4215 1908 4289">
     <span class='ocr_line' id='line_1_70' title="bbox 330 4215 1908 4289; baseline 0.001 -19"><span class='ocrx_word' id='word_1_563' title='bbox 330 4215 462 4279; x_wconf 75' lang='grc' dir='ltr'>εἶδε,</span> <span class='ocrx_word' id='word_1_564' title='bbox 496 4217 592 4269; x_wconf 76' lang='grc' dir='ltr'>καὶ</span> <span class='ocrx_word' id='word_1_565' title='bbox 625 4215 812 4285; x_wconf 79' lang='grc' dir='ltr'>διᾶραι</span> <span class='ocrx_word' id='word_1_566' title='bbox 855 4216 950 4269; x_wconf 83' lang='grc' dir='ltr'>τὸν</span> <span class='ocrx_word' id='word_1_567' title='bbox 994 4215 1142 4269; x_wconf 88' lang='grc' dir='ltr'>λίθον</span> <span class='ocrx_word' id='word_1_568' title='bbox 1171 4216 1487 4284; x_wconf 82' lang='grc' dir='ltr'>κελεύοντα,</span> <span class='ocrx_word' id='word_1_569' title='bbox 1523 4218 1908 4289; x_wconf 76' lang='grc' dir='ltr'>ἐξεπλήττετο,</span> 
     </span>
    </p>
   </div>
   <div class='ocr_carea' id='block_1_71' title="bbox 332 4306 1914 4378">
    <p class='ocr_par' dir='ltr' id='par_1_71' title="bbox 332 4306 1914 4378">
     <span class='ocr_line' id='line_1_71' title="bbox 332 4306 1914 4378; baseline 0.001 -17"><span class='ocrx_word' id='word_1_570' title='bbox 332 4312 431 4361; x_wconf 78' lang='grc' dir='ltr'>καὶ</span> <span class='ocrx_word' id='word_1_571' title='bbox 467 4308 517 4359; x_wconf 86' lang='grc' dir='ltr'><strong>τί</strong></span> <span class='ocrx_word' id='word_1_572' title='bbox 544 4309 609 4358; x_wconf 77' lang='grc' dir='ltr'>ἂν</span> <span class='ocrx_word' id='word_1_573' title='bbox 641 4307 791 4376; x_wconf 83' lang='grc' dir='ltr'>αὐτῷ</span> <span class='ocrx_word' id='word_1_574' title='bbox 823 4306 1138 4376; x_wconf 81' lang='grc' dir='ltr'>βουλομένῳ</span> <span class='ocrx_word' id='word_1_575' title='bbox 1177 4306 1264 4376; x_wconf 75' lang='grc' dir='ltr'>εἴη</span> <span class='ocrx_word' id='word_1_576' title='bbox 1318 4308 1379 4360; x_wconf 80' lang='grc' dir='ltr'><strong>τὸ</strong></span> <span class='ocrx_word' id='word_1_577' title='bbox 1424 4310 1681 4377; x_wconf 86' lang='grc' dir='ltr'>ποιητέον</span> <span class='ocrx_word' id='word_1_578' title='bbox 1717 4310 1914 4378; x_wconf 84' lang='grc' dir='ltr'>μαθεῖν</span> 
     </span>
    </p>
   </div>
   <div class='ocr_carea' id='block_1_72' title="bbox 333 4397 1910 4471">
    <p class='ocr_par' dir='ltr' id='par_1_72' title="bbox 333 4397 1910 4471">
     <span class='ocr_line' id='line_1_72' title="bbox 333 4397 1910 4471; baseline 0.001 -16"><span class='ocrx_word' id='word_1_579' title='bbox 333 4397 723 4461; x_wconf 71' lang='grc' dir='ltr'>ὲϐούλετο.Ὦς</span> <span class='ocrx_word' id='word_1_580' title='bbox 748 4398 804 4449; x_wconf 73' lang='grc' dir='ltr'>δὲ</span> <span class='ocrx_word' id='word_1_581' title='bbox 836 4401 932 4451; x_wconf 74' lang='grc' dir='ltr'>καὶ</span> <span class='ocrx_word' id='word_1_582' title='bbox 958 4398 1040 4462; x_wconf 79' lang='grc' dir='ltr'>τὸ,</span> <span class='ocrx_word' id='word_1_583' title='bbox 1074 4399 1294 4468; x_wconf 74' lang='grc' dir='ltr'>Λάζαρε</span> <span class='ocrx_word' id='word_1_584' title='bbox 1317 4400 1477 4469; x_wconf 81' lang='grc' dir='ltr'>δεῦρο</span> <span class='ocrx_word' id='word_1_585' title='bbox 1506 4400 1630 4467; x_wconf 72' lang='grc' dir='ltr'>ἔξω,</span> <span class='ocrx_word' id='word_1_586' title='bbox 1658 4402 1910 4471; x_wconf 88' lang='grc' dir='ltr'>διάτορον</span> 
     </span>
    </p>
   </div>
   <div class='ocr_carea' id='block_1_73' title="bbox 332 4488 1911 4561">
    <p class='ocr_par' dir='ltr' id='par_1_73' title="bbox 332 4488 1911 4561">
     <span class='ocr_line' id='line_1_73' title="bbox 332 4488 1911 4561; baseline 0.003 -19"><span class='ocrx_word' id='word_1_587' title='bbox 332 4489 659 4561; x_wconf 70' lang='grc' dir='ltr'>ὴνωτίσατο,</span> <span class='ocrx_word' id='word_1_588' title='bbox 708 4491 803 4540; x_wconf 77' lang='grc' dir='ltr'>καὶ</span> <span class='ocrx_word' id='word_1_589' title='bbox 837 4488 931 4540; x_wconf 81' lang='grc' dir='ltr'>τὸν</span> <span class='ocrx_word' id='word_1_590' title='bbox 973 4491 1294 4559; x_wconf 86' lang='grc' dir='ltr'>τεταρταῖον</span> <span class='ocrx_word' id='word_1_591' title='bbox 1339 4488 1594 4561; x_wconf 76' lang='grc' dir='ltr'>θᾶττονῆ</span> <span class='ocrx_word' id='word_1_592' title='bbox 1651 4491 1804 4559; x_wconf 80' lang='grc' dir='ltr'>λόγος</span> <span class='ocrx_word' id='word_1_593' title='bbox 1833 4492 1911 4556; x_wconf 81' lang='grc' dir='ltr'><strong>ὡς</strong></span> 
     </span>
    </p>
   </div>
   <div class='ocr_carea' id='block_1_74' title="bbox 2018 3299 3576 3371">
    <p class='ocr_par' dir='ltr' id='par_1_74' title="bbox 2018 3299 3576 3371">
     <span class='ocr_line' id='line_1_74' title="bbox 2018 3299 3576 3371; baseline 0.003 -20"><span class='ocrx_word' id='word_1_594' title='bbox 2018 3301 2151 3352; x_wconf 82' lang='lat' dir='ltr'><strong>dum</strong></span> <span class='ocrx_word' id='word_1_595' title='bbox 2188 3314 2312 3353; x_wconf 90' lang='lat' dir='ltr'><strong>cum</strong></span> <span class='ocrx_word' id='word_1_596' title='bbox 2363 3308 2533 3361; x_wconf 80' lang='lat' dir='ltr'><strong>esset,</strong></span> <span class='ocrx_word' id='word_1_597' title='bbox 2567 3299 2837 3351; x_wconf 85' lang='lat' dir='ltr'><strong>miraculo</strong></span> <span class='ocrx_word' id='word_1_598' title='bbox 2880 3300 3025 3352; x_wconf 93' lang='lat' dir='ltr'><strong>circa</strong></span> <span class='ocrx_word' id='word_1_599' title='bbox 3078 3301 3345 3354; x_wconf 83' lang='lat' dir='ltr'><strong>Lazarum</strong></span> <span class='ocrx_word' id='word_1_600' title='bbox 3384 3318 3576 3371; x_wconf 87' lang='lat' dir='ltr'><strong>perpe-</strong></span> 
     </span>
    </p>
   </div>
   <div class='ocr_carea' id='block_1_75' title="bbox 2022 3387 3579 3458">
    <p class='ocr_par' dir='ltr' id='par_1_75' title="bbox 2022 3387 3579 3458">
     <span class='ocr_line' id='line_1_75' title="bbox 2022 3387 3579 3458; baseline 0.003 -18"><span class='ocrx_word' id='word_1_601' title='bbox 2022 3396 2167 3442; x_wconf 90' lang='lat' dir='ltr'><strong>trato</strong></span> <span class='ocrx_word' id='word_1_602' title='bbox 2200 3404 2340 3456; x_wconf 82' lang='lat' dir='ltr'><strong>Opus</strong></span> <span class='ocrx_word' id='word_1_603' title='bbox 2388 3397 2529 3442; x_wconf 92' lang='lat' dir='ltr'><strong>erat.</strong></span> <span class='ocrx_word' id='word_1_604' title='bbox 2564 3387 2705 3441; x_wconf 80' lang='lat' dir='ltr'><strong>Hinc</strong></span> <span class='ocrx_word' id='word_1_605' title='bbox 2741 3389 2887 3441; x_wconf 89' lang='lat' dir='ltr'><strong>enim</strong></span> <span class='ocrx_word' id='word_1_606' title='bbox 2924 3388 3088 3441; x_wconf 81' lang='lat' dir='ltr'><strong>inferi</strong></span> <span class='ocrx_word' id='word_1_607' title='bbox 3133 3390 3234 3454; x_wconf 83' lang='lat' dir='ltr'><strong>ipsi</strong></span> <span class='ocrx_word' id='word_1_608' title='bbox 3271 3391 3579 3458; x_wconf 76' lang='lat' dir='ltr'><strong>intelligere</strong></span> 
     </span>
    </p>
   </div>
   <div class='ocr_carea' id='block_1_76' title="bbox 2021 3479 3583 3551">
    <p class='ocr_par' dir='ltr' id='par_1_76' title="bbox 2021 3479 3583 3551">
     <span class='ocr_line' id='line_1_76' title="bbox 2021 3479 3583 3551; baseline 0.001 -17"><span class='ocrx_word' id='word_1_609' title='bbox 2021 3480 2297 3534; x_wconf 88' lang='lat' dir='ltr'><strong>debebant</strong></span> <span class='ocrx_word' id='word_1_610' title='bbox 2331 3479 2479 3548; x_wconf 91' lang='lat' dir='ltr'><strong>quod</strong></span> <span class='ocrx_word' id='word_1_611' title='bbox 2519 3481 2640 3534; x_wconf 84' lang='lat' dir='ltr'><strong>sine</strong></span> <span class='ocrx_word' id='word_1_612' title='bbox 2689 3488 2957 3548; x_wconf 82' lang='lat' dir='ltr'><strong>potestate</strong></span> <span class='ocrx_word' id='word_1_613' title='bbox 2989 3492 3176 3533; x_wconf 79' lang='lat' dir='ltr'><strong>essent</strong></span> <span class='ocrx_word' id='word_1_614' title='bbox 3207 3494 3255 3535; x_wconf 91' lang='lat' dir='ltr'><strong>et</strong></span> <span class='ocrx_word' id='word_1_615' title='bbox 3291 3485 3438 3551; x_wconf 84' lang='lat' dir='ltr'><strong>quod</strong></span> <span class='ocrx_word' id='word_1_616' title='bbox 3480 3486 3583 3537; x_wconf 83' lang='lat' dir='ltr'><strong>mi-</strong></span> 
     </span>
    </p>
   </div>
   <div class='ocr_carea' id='block_1_77' title="bbox 2021 3571 3583 3642">
    <p class='ocr_par' dir='ltr' id='par_1_77' title="bbox 2021 3571 3583 3642">
     <span class='ocr_line' id='line_1_77' title="bbox 2021 3571 3583 3642; baseline 0.001 -16"><span class='ocrx_word' id='word_1_617' title='bbox 2021 3571 2267 3626; x_wconf 89' lang='lat' dir='ltr'><strong>raculum</strong></span> <span class='ocrx_word' id='word_1_618' title='bbox 2320 3587 2351 3624; x_wconf 89' lang='lat' dir='ltr'><strong>a</strong></span> <span class='ocrx_word' id='word_1_619' title='bbox 2396 3571 2582 3624; x_wconf 87' lang='lat' dir='ltr'><strong>divina</strong></span> <span class='ocrx_word' id='word_1_620' title='bbox 2639 3580 2849 3624; x_wconf 88' lang='lat' dir='ltr'><strong>tantum</strong></span> <span class='ocrx_word' id='word_1_621' title='bbox 2905 3588 3071 3625; x_wconf 86' lang='lat' dir='ltr'><strong>manu</strong></span> <span class='ocrx_word' id='word_1_622' title='bbox 3120 3574 3321 3626; x_wconf 83' lang='lat' dir='ltr'><strong>eontici</strong></span> <span class='ocrx_word' id='word_1_623' title='bbox 3374 3586 3583 3642; x_wconf 83' lang='lat' dir='ltr'><strong>posset.</strong></span> 
     </span>
    </p>
   </div>
   <div class='ocr_carea' id='block_1_78' title="bbox 2023 3664 3580 3732">
    <p class='ocr_par' dir='ltr' id='par_1_78' title="bbox 2023 3664 3580 3732">
     <span class='ocr_line' id='line_1_78' title="bbox 2023 3664 3580 3732; baseline 0.001 -13"><span class='ocrx_word' id='word_1_624' title='bbox 2023 3667 2226 3719; x_wconf 82' lang='lat' dir='ltr'><strong>Aderat</strong></span> <span class='ocrx_word' id='word_1_625' title='bbox 2276 3674 2458 3717; x_wconf 90' lang='lat' dir='ltr'><strong>autem</strong></span> <span class='ocrx_word' id='word_1_626' title='bbox 2501 3664 2657 3716; x_wconf 85' lang='lat' dir='ltr'><strong>beata</strong></span> <span class='ocrx_word' id='word_1_627' title='bbox 2702 3664 3018 3732; x_wconf 80' lang='lat' dir='ltr'><strong>Magdalena</strong></span> <span class='ocrx_word' id='word_1_628' title='bbox 3064 3677 3253 3732; x_wconf 88' lang='lat' dir='ltr'><strong>utpote</strong></span> <span class='ocrx_word' id='word_1_629' title='bbox 3302 3667 3580 3721; x_wconf 67' lang='lat' dir='ltr'><strong>Chrisltltll</strong></span> 
     </span>
    </p>
   </div>
   <div class='ocr_carea' id='block_1_79' title="bbox 2023 3755 3585 3820">
    <p class='ocr_par' dir='ltr' id='par_1_79' title="bbox 2023 3755 3585 3820">
     <span class='ocr_line' id='line_1_79' title="bbox 2023 3755 3585 3820; baseline 0.002 -10"><span class='ocrx_word' id='word_1_630' title='bbox 2023 3768 2234 3819; x_wconf 88' lang='lat' dir='ltr'><strong>secuta,</strong></span> <span class='ocrx_word' id='word_1_631' title='bbox 2266 3766 2323 3809; x_wconf 93' lang='lat' dir='ltr'><strong>et</strong></span> <span class='ocrx_word' id='word_1_632' title='bbox 2354 3766 2414 3809; x_wconf 94' lang='lat' dir='ltr'><strong>ut</strong></span> <span class='ocrx_word' id='word_1_633' title='bbox 2442 3755 2629 3809; x_wconf 77' lang='lat' dir='ltr'><strong>Lazari</strong></span> <span class='ocrx_word' id='word_1_634' title='bbox 2653 3770 2896 3820; x_wconf 86' lang='lat' dir='ltr'><strong>sorores,</strong></span> <span class='ocrx_word' id='word_1_635' title='bbox 2932 3766 2992 3811; x_wconf 91' lang='lat' dir='ltr'><strong>ut</strong></span> <span class='ocrx_word' id='word_1_636' title='bbox 3022 3760 3189 3812; x_wconf 89' lang='lat' dir='ltr'><strong>moris</strong></span> <span class='ocrx_word' id='word_1_637' title='bbox 3220 3774 3359 3818; x_wconf 85' lang='lat' dir='ltr'><strong>erat.</strong></span> <span class='ocrx_word' id='word_1_638' title='bbox 3393 3777 3585 3814; x_wconf 63' lang='lat' dir='ltr'><strong>consoo</strong></span> 
     </span>
    </p>
   </div>
   <div class='ocr_carea' id='block_1_80' title="bbox 2021 3848 3585 3921">
    <p class='ocr_par' dir='ltr' id='par_1_80' title="bbox 2021 3848 3585 3921">
     <span class='ocr_line' id='line_1_80' title="bbox 2021 3848 3585 3921; baseline 0.003 -19"><span class='ocrx_word' id='word_1_639' title='bbox 2021 3849 2253 3902; x_wconf 83' lang='lat' dir='ltr'><strong>laretur.</strong></span> <span class='ocrx_word' id='word_1_640' title='bbox 2312 3848 2610 3916; x_wconf 84' lang='lat' dir='ltr'><strong>Postquam</strong></span> <span class='ocrx_word' id='word_1_641' title='bbox 2665 3859 2848 3901; x_wconf 85' lang='lat' dir='ltr'><strong>autem</strong></span> <span class='ocrx_word' id='word_1_642' title='bbox 2912 3849 3103 3902; x_wconf 88' lang='lat' dir='ltr'><strong>illud:</strong></span> <span class='ocrx_word' id='word_1_643' title='bbox 3159 3852 3261 3906; x_wconf 85' lang='lat' dir='ltr'><strong>Ubi</strong></span> <span class='ocrx_word' id='word_1_644' title='bbox 3319 3856 3585 3921; x_wconf 83' lang='lat' dir='ltr'><strong>posuistis</strong></span> 
     </span>
    </p>
   </div>
   <div class='ocr_carea' id='block_1_81' title="bbox 2022 3938 3585 4009">
    <p class='ocr_par' dir='ltr' id='par_1_81' title="bbox 2022 3938 3585 4009">
     <span class='ocr_line' id='line_1_81' title="bbox 2022 3938 3585 4009; baseline 0.003 -16"><span class='ocrx_word' id='word_1_645' title='bbox 2022 3941 2188 3993; x_wconf 82' lang='lat' dir='ltr'><strong>eum?</strong></span> <span class='ocrx_word' id='word_1_646' title='bbox 2212 3940 2538 4004; x_wconf 82' lang='lat' dir='ltr'><strong>audivisset,</strong></span> <span class='ocrx_word' id='word_1_647' title='bbox 2569 3950 2624 3992; x_wconf 91' lang='lat' dir='ltr'><strong>et</strong></span> <span class='ocrx_word' id='word_1_648' title='bbox 2653 3938 2936 3992; x_wconf 75' lang='lat' dir='ltr'><strong>Christum</strong></span> <span class='ocrx_word' id='word_1_649' title='bbox 2972 3940 3037 3993; x_wconf 90' lang='lat' dir='ltr'><strong>ad</strong></span> <span class='ocrx_word' id='word_1_650' title='bbox 3063 3943 3379 4009; x_wconf 82' lang='lat' dir='ltr'><strong>sepulcrum</strong></span> <span class='ocrx_word' id='word_1_651' title='bbox 3420 3947 3585 3998; x_wconf 86' lang='lat' dir='ltr'><strong>amici</strong></span> 
     </span>
    </p>
   </div>
   <div class='ocr_carea' id='block_1_82' title="bbox 2023 4029 3581 4105">
    <p class='ocr_par' dir='ltr' id='par_1_82' title="bbox 2023 4029 3581 4105">
     <span class='ocr_line' id='line_1_82' title="bbox 2023 4029 3581 4105; baseline 0.003 -20"><span class='ocrx_word' id='word_1_652' title='bbox 2023 4031 2271 4086; x_wconf 80' lang='lat' dir='ltr'><strong>defuncti</strong></span> <span class='ocrx_word' id='word_1_653' title='bbox 2319 4031 2588 4099; x_wconf 87' lang='lat' dir='ltr'><strong>lacrymas</strong></span> <span class='ocrx_word' id='word_1_654' title='bbox 2620 4029 2937 4083; x_wconf 77' lang='lat' dir='ltr'><strong>fundentem</strong></span> <span class='ocrx_word' id='word_1_655' title='bbox 2967 4033 3221 4096; x_wconf 78' lang='lat' dir='ltr'><strong>vidisset,</strong></span> <span class='ocrx_word' id='word_1_656' title='bbox 3250 4046 3308 4086; x_wconf 88' lang='lat' dir='ltr'><strong>et</strong></span> <span class='ocrx_word' id='word_1_657' title='bbox 3345 4037 3581 4105; x_wconf 87' lang='lat' dir='ltr'><strong>lapidem</strong></span> 
     </span>
    </p>
   </div>
   <div class='ocr_carea' id='block_1_83' title="bbox 2021 4123 3585 4196">
    <p class='ocr_par' dir='ltr' id='par_1_83' title="bbox 2021 4123 3585 4196">
     <span class='ocr_line' id='line_1_83' title="bbox 2021 4123 3585 4196; baseline 0.003 -19"><span class='ocrx_word' id='word_1_658' title='bbox 2021 4123 2267 4177; x_wconf 85' lang='lat' dir='ltr'><strong>amoveri</strong></span> <span class='ocrx_word' id='word_1_659' title='bbox 2310 4124 2596 4192; x_wconf 84' lang='lat' dir='ltr'><strong>jubentetn</strong></span> <span class='ocrx_word' id='word_1_660' title='bbox 2639 4123 2964 4186; x_wconf 87' lang='lat' dir='ltr'><strong>audivisset,</strong></span> <span class='ocrx_word' id='word_1_661' title='bbox 3005 4125 3314 4194; x_wconf 78' lang='lat' dir='ltr'><strong>obstupuit,</strong></span> <span class='ocrx_word' id='word_1_662' title='bbox 3360 4129 3585 4196; x_wconf 83' lang='lat' dir='ltr'><strong>etquid</strong></span> 
     </span>
    </p>
   </div>
   <div class='ocr_carea' id='block_1_84' title="bbox 2024 4214 3581 4287">
    <p class='ocr_par' dir='ltr' id='par_1_84' title="bbox 2024 4214 3581 4287">
     <span class='ocr_line' id='line_1_84' title="bbox 2024 4214 3581 4287; baseline 0.004 -19"><span class='ocrx_word' id='word_1_663' title='bbox 2024 4216 2129 4268; x_wconf 89' lang='lat' dir='ltr'><strong>sibi</strong></span> <span class='ocrx_word' id='word_1_664' title='bbox 2171 4230 2271 4283; x_wconf 89' lang='lat' dir='ltr'><strong>pro</strong></span> <span class='ocrx_word' id='word_1_665' title='bbox 2328 4224 2572 4280; x_wconf 88' lang='lat' dir='ltr'><strong>tempore</strong></span> <span class='ocrx_word' id='word_1_666' title='bbox 2614 4214 2928 4268; x_wconf 78' lang='lat' dir='ltr'><strong>faciendum</strong></span> <span class='ocrx_word' id='word_1_667' title='bbox 2974 4227 3121 4271; x_wconf 87' lang='lat' dir='ltr'><strong>esset</strong></span> <span class='ocrx_word' id='word_1_668' title='bbox 3168 4221 3439 4287; x_wconf 65' lang='lat' dir='ltr'><strong>QU£alViL</strong></span> <span class='ocrx_word' id='word_1_669' title='bbox 3477 4220 3581 4275; x_wconf 85' lang='lat' dir='ltr'><strong>Ubi</strong></span> 
     </span>
    </p>
   </div>
   <div class='ocr_carea' id='block_1_85' title="bbox 2022 4305 3583 4380">
    <p class='ocr_par' dir='ltr' id='par_1_85' title="bbox 2022 4305 3583 4380">
     <span class='ocr_line' id='line_1_85' title="bbox 2022 4305 3583 4380; baseline 0.006 -22"><span class='ocrx_word' id='word_1_670' title='bbox 2022 4320 2154 4359; x_wconf 78' lang='lat' dir='ltr'><strong>vero</strong></span> <span class='ocrx_word' id='word_1_671' title='bbox 2178 4315 2299 4373; x_wconf 87' lang='lat' dir='ltr'><strong>post</strong></span> <span class='ocrx_word' id='word_1_672' title='bbox 2326 4306 2495 4359; x_wconf 90' lang='lat' dir='ltr'><strong>illud:</strong></span> <span class='ocrx_word' id='word_1_673' title='bbox 2522 4305 2746 4370; x_wconf 82' lang='lat' dir='ltr'><strong>Lazare,</strong></span> <span class='ocrx_word' id='word_1_674' title='bbox 2770 4308 2855 4360; x_wconf 84' lang='lat' dir='ltr'><strong>exi</strong></span> <span class='ocrx_word' id='word_1_675' title='bbox 2879 4309 3044 4370; x_wconf 81' lang='lat' dir='ltr'><strong>foras,</strong></span> <span class='ocrx_word' id='word_1_676' title='bbox 3069 4325 3343 4363; x_wconf 67' lang='lat' dir='ltr'><strong>mortuum</strong></span> <span class='ocrx_word' id='word_1_677' title='bbox 3368 4316 3583 4380; x_wconf 66' lang='lat' dir='ltr'><strong>quatrio</strong></span> 
     </span>
    </p>
   </div>
   <div class='ocr_carea' id='block_1_86' title="bbox 2022 4398 3585 4468">
    <p class='ocr_par' dir='ltr' id='par_1_86' title="bbox 2022 4398 3585 4468">
     <span class='ocr_line' id='line_1_86' title="bbox 2022 4398 3585 4468; baseline 0.006 -17"><span class='ocrx_word' id='word_1_678' title='bbox 2022 4398 2262 4451; x_wconf 88' lang='lat' dir='ltr'><strong>duanum</strong></span> <span class='ocrx_word' id='word_1_679' title='bbox 2296 4412 2529 4452; x_wconf 86' lang='lat' dir='ltr'><strong>mortem</strong></span> <span class='ocrx_word' id='word_1_680' title='bbox 2558 4399 2702 4453; x_wconf 86' lang='lat' dir='ltr'><strong>sicut</strong></span> <span class='ocrx_word' id='word_1_681' title='bbox 2732 4413 2985 4453; x_wconf 85' lang='lat' dir='ltr'><strong>somnum</strong></span> <span class='ocrx_word' id='word_1_682' title='bbox 3012 4403 3389 4457; x_wconf 80' lang='lat' dir='ltr'><strong>excutientem</strong></span> <span class='ocrx_word' id='word_1_683' title='bbox 3424 4406 3585 4468; x_wconf 88' lang='lat' dir='ltr'><strong>vidit.</strong></span> 
     </span>
    </p>
   </div>
   <div class='ocr_carea' id='block_1_87' title="bbox 2026 4491 3590 4565">
    <p class='ocr_par' dir='ltr' id='par_1_87' title="bbox 2026 4491 3590 4565">
     <span class='ocr_line' id='line_1_87' title="bbox 2026 4491 3590 4565; baseline 0.004 -21"><span class='ocrx_word' id='word_1_684' title='bbox 2026 4491 2104 4544; x_wconf 89' lang='lat' dir='ltr'><strong>rei</strong></span> <span class='ocrx_word' id='word_1_685' title='bbox 2135 4491 2405 4544; x_wconf 83' lang='lat' dir='ltr'><strong>miraculo</strong></span> <span class='ocrx_word' id='word_1_686' title='bbox 2443 4491 2678 4544; x_wconf 83' lang='lat' dir='ltr'><strong>attonita</strong></span> <span class='ocrx_word' id='word_1_687' title='bbox 2717 4500 2778 4544; x_wconf 91' lang='lat' dir='ltr'><strong>ut</strong></span> <span class='ocrx_word' id='word_1_688' title='bbox 2825 4500 3005 4546; x_wconf 89' lang='lat' dir='ltr'><strong>statua</strong></span> <span class='ocrx_word' id='word_1_689' title='bbox 3032 4494 3157 4547; x_wconf 89' lang='lat' dir='ltr'><strong>sine</strong></span> <span class='ocrx_word' id='word_1_690' title='bbox 3186 4510 3318 4548; x_wconf 86' lang='lat' dir='ltr'><strong>voce</strong></span> <span class='ocrx_word' id='word_1_691' title='bbox 3354 4511 3449 4565; x_wconf 91' lang='lat' dir='ltr'><strong>per</strong></span> <span class='ocrx_word' id='word_1_692' title='bbox 3487 4498 3590 4550; x_wconf 84' lang='lat' dir='ltr'><strong>ali-</strong></span> 
     </span>
    </p>
   </div>
   <div class='ocr_carea' id='block_1_88' title="bbox 331 4580 2014 4653">
    <p class='ocr_par' dir='ltr' id='par_1_88' title="bbox 331 4580 1994 4653">
     <span class='ocr_line' id='line_1_88' title="bbox 331 4580 1994 4653; baseline 0.002 -20"><span class='ocrx_word' id='word_1_693' title='bbox 331 4582 505 4634; x_wconf 78' lang='grc' dir='ltr'>ῠπνον</span> <span class='ocrx_word' id='word_1_694' title='bbox 537 4581 632 4634; x_wconf 84' lang='grc' dir='ltr'><strong>τόν</strong></span> <span class='ocrx_word' id='word_1_695' title='bbox 692 4581 926 4636; x_wconf 89' lang='grc' dir='ltr'>θάνατον</span> <span class='ocrx_word' id='word_1_696' title='bbox 980 4582 1478 4653; x_wconf 83' lang='grc' dir='ltr'>άποτιναξάμενον,</span> <span class='ocrx_word' id='word_1_697' title='bbox 1541 4584 1634 4636; x_wconf 86' lang='grc' dir='ltr'>ῐσα</span> <span class='ocrx_word' id='word_1_698' title='bbox 1686 4586 1783 4638; x_wconf 79' lang='grc' dir='ltr'>καὶ</span> <span class='ocrx_word' id='word_1_699' title='bbox 1825 4587 1918 4637; x_wconf 78' lang='grc' dir='ltr'>άνο</span> <span class='ocrx_word' id='word_1_700' title='bbox 1950 4580 1994 4636; x_wconf 87' lang='lat' dir='ltr'><strong>D</strong></span> 
     </span>
    </p>
   </div>
   <div class='ocr_carea' id='block_1_89' title="bbox 1903 4580 3586 4653">
    <p class='ocr_par' dir='ltr' id='par_1_89' title="bbox 1903 4580 3586 4653">
     <span class='ocr_line' id='line_1_89' title="bbox 1903 4580 3586 4653; baseline 0.004 -17"><span class='ocrx_word' id='word_1_701' title='bbox 1903 4611 1918 4625; x_wconf 87' lang='lat'><strong>-</strong></span> <span class='ocrx_word' id='word_1_702' title='bbox 1950 4580 1994 4636; x_wconf 88' lang='lat' dir='ltr'><strong>D</strong></span> <span class='ocrx_word' id='word_1_703' title='bbox 2021 4583 2167 4653; x_wconf 86' lang='lat' dir='ltr'><strong>quod</strong></span> <span class='ocrx_word' id='word_1_704' title='bbox 2194 4591 2407 4651; x_wconf 90' lang='lat' dir='ltr'><strong>tempus</strong></span> <span class='ocrx_word' id='word_1_705' title='bbox 2428 4583 2638 4649; x_wconf 81' lang='lat' dir='ltr'><strong>astitit;</strong></span> <span class='ocrx_word' id='word_1_706' title='bbox 2668 4595 2953 4652; x_wconf 84' lang='lat' dir='ltr'><strong>postquam</strong></span> <span class='ocrx_word' id='word_1_707' title='bbox 2990 4595 3173 4638; x_wconf 90' lang='lat' dir='ltr'><strong>autem</strong></span> <span class='ocrx_word' id='word_1_708' title='bbox 3204 4585 3270 4639; x_wconf 90' lang='lat' dir='ltr'><strong>ad</strong></span> <span class='ocrx_word' id='word_1_709' title='bbox 3304 4600 3363 4641; x_wconf 90' lang='lat' dir='ltr'><strong>se</strong></span> <span class='ocrx_word' id='word_1_710' title='bbox 3390 4589 3586 4643; x_wconf 88' lang='lat' dir='ltr'><strong>rediis-</strong></span> 
     </span>
    </p>
   </div>
   <div class='ocr_carea' id='block_1_90' title="bbox 328 4672 1913 4746">
    <p class='ocr_par' dir='ltr' id='par_1_90' title="bbox 328 4672 1913 4746">
     <span class='ocr_line' id='line_1_90' title="bbox 328 4672 1913 4746; baseline -0.008 -16"><span class='ocrx_word' id='word_1_711' title='bbox 328 4676 548 4742; x_wconf 85' lang='grc' dir='ltr'>δριάντι</span> <span class='ocrx_word' id='word_1_712' title='bbox 575 4672 654 4742; x_wconf 84' lang='grc' dir='ltr'>τῷ</span> <span class='ocrx_word' id='word_1_713' title='bbox 695 4672 987 4742; x_wconf 74' lang='grc' dir='ltr'>παραδὸξῳ</span> <span class='ocrx_word' id='word_1_714' title='bbox 1018 4672 1115 4724; x_wconf 82' lang='grc' dir='ltr'>τοῦ</span> <span class='ocrx_word' id='word_1_715' title='bbox 1150 4672 1453 4742; x_wconf 80' lang='grc' dir='ltr'>θαύματος,</span> <span class='ocrx_word' id='word_1_716' title='bbox 1484 4673 1699 4743; x_wconf 78' lang='grc' dir='ltr'>ἄφωνος</span> <span class='ocrx_word' id='word_1_717' title='bbox 1724 4676 1913 4746; x_wconf 55' lang='lat' dir='ltr'><strong>elati)-</strong></span> 
     </span>
    </p>
   </div>
   <div class='ocr_carea' id='block_1_91' title="bbox 331 4760 1917 4833">
    <p class='ocr_par' dir='ltr' id='par_1_91' title="bbox 331 4760 1917 4833">
     <span class='ocr_line' id='line_1_91' title="bbox 331 4760 1917 4833; baseline 0.001 -16"><span class='ocrx_word' id='word_1_718' title='bbox 331 4782 420 4817; x_wconf 82' lang='grc' dir='ltr'><strong>κει</strong></span> <span class='ocrx_word' id='word_1_719' title='bbox 472 4765 560 4831; x_wconf 75' lang='grc' dir='ltr'><strong>ἐφ’</strong></span> <span class='ocrx_word' id='word_1_720' title='bbox 598 4760 785 4815; x_wconf 83' lang='grc' dir='ltr'>ίκανοῦ</span> <span class='ocrx_word' id='word_1_721' title='bbox 813 4777 826 4791; x_wconf 77' lang='grc' dir='ltr'><strong><em>ο</em></strong></span> <span class='ocrx_word' id='word_1_722' title='bbox 864 4761 1019 4830; x_wconf 81' lang='grc' dir='ltr'>μόλις</span> <span class='ocrx_word' id='word_1_723' title='bbox 1068 4760 1113 4813; x_wconf 87' lang='grc' dir='ltr'>δ’</span> <span class='ocrx_word' id='word_1_724' title='bbox 1150 4764 1232 4825; x_wconf 87' lang='grc' dir='ltr'><strong>είς</strong></span> <span class='ocrx_word' id='word_1_725' title='bbox 1276 4763 1479 4833; x_wconf 68' lang='grc' dir='ltr'>ἑαυτὴν</span> <span class='ocrx_word' id='word_1_726' title='bbox 1527 4764 1781 4831; x_wconf 74' lang='grc' dir='ltr'>ἐλθοῦσα,</span> <span class='ocrx_word' id='word_1_727' title='bbox 1821 4768 1917 4819; x_wconf 78' lang='grc' dir='ltr'>καὶ</span> 
     </span>
    </p>
   </div>
   <div class='ocr_carea' id='block_1_92' title="bbox 332 4853 1915 4926">
    <p class='ocr_par' dir='ltr' id='par_1_92' title="bbox 332 4853 1915 4926">
     <span class='ocr_line' id='line_1_92' title="bbox 332 4853 1915 4926; baseline 0.001 -18"><span class='ocrx_word' id='word_1_728' title='bbox 332 4856 461 4909; x_wconf 87' lang='grc' dir='ltr'>καθ’</span> <span class='ocrx_word' id='word_1_729' title='bbox 492 4855 696 4923; x_wconf 78' lang='grc' dir='ltr'>ἑαυτὴν</span> <span class='ocrx_word' id='word_1_730' title='bbox 726 4854 1118 4923; x_wconf 76' lang='grc' dir='ltr'>συμϐάλλουσα</span> <span class='ocrx_word' id='word_1_731' title='bbox 1148 4853 1209 4907; x_wconf 82' lang='grc' dir='ltr'>τὸ</span> <span class='ocrx_word' id='word_1_732' title='bbox 1244 4855 1513 4926; x_wconf 67' lang='grc' dir='ltr'>πραχθὲν,</span> <span class='ocrx_word' id='word_1_733' title='bbox 1545 4857 1613 4911; x_wconf 86' lang='grc' dir='ltr'><strong>τά</strong></span> <span class='ocrx_word' id='word_1_734' title='bbox 1650 4858 1745 4914; x_wconf 81' lang='grc' dir='ltr'>τοῦ</span> <span class='ocrx_word' id='word_1_735' title='bbox 1776 4857 1915 4911; x_wconf 82' lang='grc' dir='ltr'><strong>Θεοῦ</strong></span> 
     </span>
    </p>
   </div>
   <div class='ocr_carea' id='block_1_93' title="bbox 336 4944 1804 5018">
    <p class='ocr_par' dir='ltr' id='par_1_93' title="bbox 336 4944 1804 5018">
     <span class='ocr_line' id='line_1_93' title="bbox 336 4944 1804 5018; baseline 0.001 -20"><span class='ocrx_word' id='word_1_736' title='bbox 336 4947 610 5018; x_wconf 87' lang='grc' dir='ltr'>μεγαλεῖα</span> <span class='ocrx_word' id='word_1_737' title='bbox 646 4946 791 4998; x_wconf 88' lang='grc' dir='ltr'><strong>καθά</strong></span> <span class='ocrx_word' id='word_1_738' title='bbox 819 4944 914 4997; x_wconf 79' lang='grc' dir='ltr'>καὶ</span> <span class='ocrx_word' id='word_1_739' title='bbox 943 4944 1137 5014; x_wconf 85' lang='grc' dir='ltr'>πρῶτα</span> <span class='ocrx_word' id='word_1_740' title='bbox 1165 4945 1391 4999; x_wconf 76' lang='grc' dir='ltr'>διετέλει</span> <span class='ocrx_word' id='word_1_741' title='bbox 1425 4946 1804 5017; x_wconf 79' lang='grc' dir='ltr'>θαυμάζουσα.</span> 
     </span>
    </p>
   </div>
   <div class='ocr_carea' id='block_1_94' title="bbox 405 5034 1917 5108">
    <p class='ocr_par' dir='ltr' id='par_1_94' title="bbox 405 5034 1917 5108">
     <span class='ocr_line' id='line_1_94' title="bbox 405 5034 1917 5108; baseline -0.001 -16"><span class='ocrx_word' id='word_1_742' title='bbox 405 5039 463 5092; x_wconf 89' lang='lat' dir='ltr'><strong>l&#39;.</strong></span> <span class='ocrx_word' id='word_1_743' title='bbox 508 5036 733 5105; x_wconf 78' lang='grc' dir='ltr'>Ἀμέλει</span> <span class='ocrx_word' id='word_1_744' title='bbox 773 5035 979 5104; x_wconf 79' lang='grc' dir='ltr'>καὶτῷ</span> <span class='ocrx_word' id='word_1_745' title='bbox 1026 5036 1207 5106; x_wconf 84' lang='grc' dir='ltr'>φθόνῳ</span> <span class='ocrx_word' id='word_1_746' title='bbox 1241 5037 1492 5092; x_wconf 77' lang='grc' dir='ltr'>ιντεῦθεν</span> <span class='ocrx_word' id='word_1_747' title='bbox 1524 5038 1624 5093; x_wconf 84' lang='grc' dir='ltr'>οὐκ</span> <span class='ocrx_word' id='word_1_748' title='bbox 1673 5034 1742 5108; x_wconf 79' lang='grc' dir='ltr'>ἦν</span> <span class='ocrx_word' id='word_1_749' title='bbox 1788 5040 1917 5093; x_wconf 77' lang='grc' dir='ltr'>ἀνε-</span> 
     </span>
    </p>
   </div>
   <div class='ocr_carea' id='block_1_95' title="bbox 332 5125 1917 5200">
    <p class='ocr_par' dir='ltr' id='par_1_95' title="bbox 332 5125 1917 5200">
     <span class='ocr_line' id='line_1_95' title="bbox 332 5125 1917 5200; baseline -0.001 -17"><span class='ocrx_word' id='word_1_750' title='bbox 332 5132 443 5183; x_wconf 72' lang='grc' dir='ltr'><strong>κτά</strong></span> <span class='ocrx_word' id='word_1_751' title='bbox 469 5147 482 5160; x_wconf 87' lang='grc'><strong>·</strong></span> <span class='ocrx_word' id='word_1_752' title='bbox 518 5125 637 5181; x_wconf 80' lang='grc' dir='ltr'>ἀλλ’</span> <span class='ocrx_word' id='word_1_753' title='bbox 663 5130 739 5191; x_wconf 81' lang='grc' dir='ltr'><strong>είς</strong></span> <span class='ocrx_word' id='word_1_754' title='bbox 789 5128 1082 5197; x_wconf 83' lang='grc' dir='ltr'>μετάρσιον</span> <span class='ocrx_word' id='word_1_755' title='bbox 1118 5129 1399 5198; x_wconf 68' lang='grc' dir='ltr'>ἑξαφθεὶς,</span> <span class='ocrx_word' id='word_1_756' title='bbox 1433 5130 1786 5200; x_wconf 87' lang='grc' dir='ltr'>Γραμματεῖς</span> <span class='ocrx_word' id='word_1_757' title='bbox 1822 5132 1917 5185; x_wconf 77' lang='grc' dir='ltr'>καὶ</span> 
     </span>
    </p>
   </div>
   <div class='ocr_carea' id='block_1_96' title="bbox 332 5219 1918 5290">
    <p class='ocr_par' dir='ltr' id='par_1_96' title="bbox 332 5219 1918 5290">
     <span class='ocr_line' id='line_1_96' title="bbox 332 5219 1918 5290; baseline -0.001 -15"><span class='ocrx_word' id='word_1_758' title='bbox 332 5222 673 5289; x_wconf 62' lang='grc' dir='ltr'>Φαρισαίους</span> <span class='ocrx_word' id='word_1_759' title='bbox 703 5221 783 5281; x_wconf 86' lang='grc' dir='ltr'><strong>είς</strong></span> <span class='ocrx_word' id='word_1_760' title='bbox 832 5219 1033 5270; x_wconf 79' lang='grc' dir='ltr'>ταυτὸν</span> <span class='ocrx_word' id='word_1_761' title='bbox 1059 5219 1207 5286; x_wconf 76' lang='grc' dir='ltr'>ἄγει,</span> <span class='ocrx_word' id='word_1_762' title='bbox 1238 5220 1333 5271; x_wconf 84' lang='grc' dir='ltr'>καὶ</span> <span class='ocrx_word' id='word_1_763' title='bbox 1378 5219 1661 5290; x_wconf 83' lang='grc' dir='ltr'>συνέδριον</span> <span class='ocrx_word' id='word_1_764' title='bbox 1704 5220 1918 5284; x_wconf 82' lang='grc' dir='ltr'>καθίζει</span> 
     </span>
    </p>
   </div>
   <div class='ocr_carea' id='block_1_97' title="bbox 335 5308 1919 5382">
    <p class='ocr_par' dir='ltr' id='par_1_97' title="bbox 335 5308 1919 5382">
     <span class='ocr_line' id='line_1_97' title="bbox 335 5308 1919 5382; baseline -0.003 -14"><span class='ocrx_word' id='word_1_765' title='bbox 335 5315 481 5368; x_wconf 78' lang='grc' dir='ltr'>κατὰ</span> <span class='ocrx_word' id='word_1_766' title='bbox 516 5309 781 5381; x_wconf 82' lang='grc' dir='ltr'>Χριστοῦ,</span> <span class='ocrx_word' id='word_1_767' title='bbox 810 5312 907 5363; x_wconf 77' lang='grc' dir='ltr'>καὶ</span> <span class='ocrx_word' id='word_1_768' title='bbox 941 5310 1004 5362; x_wconf 86' lang='grc' dir='ltr'><strong>τδ</strong></span> <span class='ocrx_word' id='word_1_769' title='bbox 1052 5308 1147 5363; x_wconf 71' lang='grc' dir='ltr'>τοῦ</span> <span class='ocrx_word' id='word_1_770' title='bbox 1193 5311 1429 5364; x_wconf 89' lang='grc' dir='ltr'>θανάτου</span> <span class='ocrx_word' id='word_1_771' title='bbox 1462 5311 1789 5382; x_wconf 86' lang='grc' dir='ltr'>συμϐούλιον</span> <span class='ocrx_word' id='word_1_772' title='bbox 1819 5313 1919 5381; x_wconf 79' lang='grc' dir='ltr'><strong>ῥά·-</strong></span> 
     </span>
    </p>
   </div>
   <div class='ocr_carea' id='block_1_98' title="bbox 337 5401 1919 5473">
    <p class='ocr_par' dir='ltr' id='par_1_98' title="bbox 337 5401 1919 5473">
     <span class='ocr_line' id='line_1_98' title="bbox 337 5401 1919 5473; baseline -0.001 -18"><span class='ocrx_word' id='word_1_773' title='bbox 337 5421 540 5456; x_wconf 75' lang='grc' dir='ltr'><strong>⁶ιττετςιι</strong></span> <span class='ocrx_word' id='word_1_774' title='bbox 561 5419 576 5433; x_wconf 87' lang='grc'><strong>·</strong></span> <span class='ocrx_word' id='word_1_775' title='bbox 610 5402 788 5454; x_wconf 63' lang='grc' dir='ltr'>ἔπεισι</span> <span class='ocrx_word' id='word_1_776' title='bbox 818 5401 895 5471; x_wconf 85' lang='grc' dir='ltr'>τῷ</span> <span class='ocrx_word' id='word_1_777' title='bbox 924 5402 1188 5472; x_wconf 83' lang='grc' dir='ltr'>συνεδρίῳ</span> <span class='ocrx_word' id='word_1_778' title='bbox 1216 5402 1394 5471; x_wconf 83' lang='grc' dir='ltr'>τούτῳ</span> <span class='ocrx_word' id='word_1_779' title='bbox 1425 5405 1494 5473; x_wconf 76' lang='grc' dir='ltr'>τῇ</span> <span class='ocrx_word' id='word_1_780' title='bbox 1529 5402 1769 5473; x_wconf 78' lang='grc' dir='ltr'>καθέδρᾳ</span> <span class='ocrx_word' id='word_1_781' title='bbox 1809 5402 1919 5455; x_wconf 80' lang='grc' dir='ltr'>τῶν</span> 
     </span>
    </p>
   </div>
   <div class='ocr_carea' id='block_1_99' title="bbox 336 5490 1920 5565">
    <p class='ocr_par' dir='ltr' id='par_1_99' title="bbox 336 5490 1920 5565">
     <span class='ocr_line' id='line_1_99' title="bbox 336 5490 1920 5565; baseline 0.002 -19"><span class='ocrx_word' id='word_1_782' title='bbox 336 5495 549 5564; x_wconf 86' lang='grc' dir='ltr'>λοιμῶν</span> <span class='ocrx_word' id='word_1_783' title='bbox 576 5490 732 5546; x_wconf 79' lang='grc' dir='ltr'>εἶπεν</span> <span class='ocrx_word' id='word_1_784' title='bbox 760 5494 828 5546; x_wconf 82' lang='grc' dir='ltr'>ἂν</span> <span class='ocrx_word' id='word_1_785' title='bbox 860 5498 1191 5565; x_wconf 82' lang='grc' dir='ltr'>προσφόρως</span> <span class='ocrx_word' id='word_1_786' title='bbox 1230 5497 1259 5547; x_wconf 81' lang='grc' dir='ltr'>ὀ</span> <span class='ocrx_word' id='word_1_787' title='bbox 1287 5495 1429 5559; x_wconf 82' lang='grc' dir='ltr'>θεῖος</span> <span class='ocrx_word' id='word_1_788' title='bbox 1458 5496 1643 5558; x_wconf 78' lang='grc' dir='ltr'>Δαϐὶδ,</span> <span class='ocrx_word' id='word_1_789' title='bbox 1678 5496 1775 5549; x_wconf 80' lang='grc' dir='ltr'>καὶ</span> <span class='ocrx_word' id='word_1_790' title='bbox 1817 5513 1920 5565; x_wconf 82' lang='grc' dir='ltr'><strong>μα⁹</strong></span> 
     </span>
    </p>
   </div>
   <div class='ocr_carea' id='block_1_100' title="bbox 336 5584 1916 5657">
    <p class='ocr_par' dir='ltr' id='par_1_100' title="bbox 336 5584 1916 5657">
     <span class='ocr_line' id='line_1_100' title="bbox 336 5584 1916 5657; baseline -0.001 -18"><span class='ocrx_word' id='word_1_791' title='bbox 336 5587 513 5655; x_wconf 79' lang='grc' dir='ltr'>θητὴς</span> <span class='ocrx_word' id='word_1_792' title='bbox 570 5584 650 5655; x_wconf 81' lang='grc' dir='ltr'>τῷ</span> <span class='ocrx_word' id='word_1_793' title='bbox 700 5585 854 5654; x_wconf 87' lang='grc' dir='ltr'><strong>καλῷ</strong></span> <span class='ocrx_word' id='word_1_794' title='bbox 907 5584 1216 5656; x_wconf 81' lang='grc' dir='ltr'>διδασκάλῳ</span> <span class='ocrx_word' id='word_1_795' title='bbox 1277 5587 1453 5656; x_wconf 79' lang='grc' dir='ltr'>τούτῳ</span> <span class='ocrx_word' id='word_1_796' title='bbox 1518 5586 1916 5657; x_wconf 77' lang='grc' dir='ltr'>μαθητευθεὶς,</span> 
     </span>
    </p>
   </div>
   <div class='ocr_carea' id='block_1_101' title="bbox 338 5676 1918 5746">
    <p class='ocr_par' dir='ltr' id='par_1_101' title="bbox 338 5676 1918 5746">
     <span class='ocr_line' id='line_1_101' title="bbox 338 5676 1918 5746; baseline 0 -18"><span class='ocrx_word' id='word_1_797' title='bbox 338 5676 686 5746; x_wconf 71' lang='grc' dir='ltr'>φιλαργυρία</span> <span class='ocrx_word' id='word_1_798' title='bbox 717 5676 762 5727; x_wconf 89' lang='grc' dir='ltr'>δ’</span> <span class='ocrx_word' id='word_1_799' title='bbox 796 5678 860 5728; x_wconf 70' lang='grc' dir='ltr'>ὲκ</span> <span class='ocrx_word' id='word_1_800' title='bbox 890 5677 1267 5746; x_wconf 83' lang='grc' dir='ltr'>προαιρέσεως</span> <span class='ocrx_word' id='word_1_801' title='bbox 1299 5678 1474 5731; x_wconf 86' lang='grc' dir='ltr'>συνὼν</span> <span class='ocrx_word' id='word_1_802' title='bbox 1500 5678 1565 5730; x_wconf 78' lang='grc' dir='ltr'>τὰ</span> <span class='ocrx_word' id='word_1_803' title='bbox 1600 5676 1791 5744; x_wconf 67' lang='grc' dir='ltr'>πολλὰ,</span> <span class='ocrx_word' id='word_1_804' title='bbox 1826 5679 1918 5729; x_wconf 75' lang='grc' dir='ltr'>καὶ</span> 
     </span>
    </p>
   </div>
   <div class='ocr_carea' id='block_1_102' title="bbox 407 5860 1009 5921">
    <p class='ocr_par' dir='ltr' id='par_1_102' title="bbox 407 5860 1009 5921">
     <span class='ocr_line' id='line_1_102' title="bbox 407 5860 1009 5921; baseline -0.003 -8"><span class='ocrx_word' id='word_1_805' title='bbox 407 5865 433 5895; x_wconf 84' lang='lat'><strong><em>&quot;</em></strong></span> <span class='ocrx_word' id='word_1_806' title='bbox 476 5861 617 5913; x_wconf 79' lang='lat' dir='ltr'><strong>Luc.</strong></span> <span class='ocrx_word' id='word_1_807' title='bbox 685 5877 759 5921; x_wconf 73' lang='lat' dir='ltr'><strong>XI,</strong></span> <span class='ocrx_word' id='word_1_808' title='bbox 824 5860 1009 5911; x_wconf 58' lang='lat' dir='ltr'><strong>l7o27.</strong></span> 
     </span>
    </p>
   </div>
   <div class='ocr_carea' id='block_1_103' title="bbox 591 5956 1370 6015">
    <p class='ocr_par' dir='ltr' id='par_1_103' title="bbox 591 5956 1370 6015">
     <span class='ocr_line' id='line_1_103' title="bbox 591 5956 1370 6015; baseline 0 -2"><span class='ocrx_word' id='word_1_809' title='bbox 591 5957 863 6013; x_wconf 72' lang='lat' dir='ltr'><strong>l’nuoL.</strong></span> <span class='ocrx_word' id='word_1_810' title='bbox 916 5960 1003 6015; x_wconf 65' lang='lat' dir='ltr'><strong>tiu</strong></span> <span class='ocrx_word' id='word_1_811' title='bbox 1074 5956 1370 6015; x_wconf 67' lang='lat' dir='ltr'><strong>CXLVII.</strong></span> 
     </span>
    </p>
   </div>
   <div class='ocr_carea' id='block_1_104' title="bbox 2017 4674 3585 4748">
    <p class='ocr_par' dir='ltr' id='par_1_104' title="bbox 2017 4674 3585 4748">
     <span class='ocr_line' id='line_1_104' title="bbox 2017 4674 3585 4748; baseline 0.002 -18"><span class='ocrx_word' id='word_1_812' title='bbox 2017 4684 2122 4740; x_wconf 89' lang='lat' dir='ltr'><strong>set,</strong></span> <span class='ocrx_word' id='word_1_813' title='bbox 2156 4674 2445 4744; x_wconf 86' lang='lat' dir='ltr'><strong>perpensis</strong></span> <span class='ocrx_word' id='word_1_814' title='bbox 2478 4688 2663 4728; x_wconf 89' lang='lat' dir='ltr'><strong>secum</strong></span> <span class='ocrx_word' id='word_1_815' title='bbox 2687 4688 2809 4743; x_wconf 58' lang='lat' dir='ltr'><strong>quae</strong></span> <span class='ocrx_word' id='word_1_816' title='bbox 2834 4674 2975 4731; x_wconf 78' lang='lat' dir='ltr'><strong>facta</strong></span> <span class='ocrx_word' id='word_1_817' title='bbox 3001 4686 3210 4740; x_wconf 77' lang='lat' dir='ltr'><strong>essent,</strong></span> <span class='ocrx_word' id='word_1_818' title='bbox 3242 4678 3337 4731; x_wconf 85' lang='lat' dir='ltr'><strong>Dei</strong></span> <span class='ocrx_word' id='word_1_819' title='bbox 3362 4694 3585 4748; x_wconf 79' lang='lat' dir='ltr'><strong>magna-</strong></span> 
     </span>
    </p>
   </div>
   <div class='ocr_carea' id='block_1_105' title="bbox 2018 4767 2692 4837">
    <p class='ocr_par' dir='ltr' id='par_1_105' title="bbox 2018 4767 2692 4837">
     <span class='ocr_line' id='line_1_105' title="bbox 2018 4767 2692 4837; baseline -0.001 -17"><span class='ocrx_word' id='word_1_820' title='bbox 2018 4767 2089 4823; x_wconf 88' lang='lat' dir='ltr'><strong>lia</strong></span> <span class='ocrx_word' id='word_1_821' title='bbox 2122 4769 2235 4824; x_wconf 87' lang='lat' dir='ltr'><strong>alta</strong></span> <span class='ocrx_word' id='word_1_822' title='bbox 2271 4781 2404 4824; x_wconf 83' lang='lat' dir='ltr'><strong>voce</strong></span> <span class='ocrx_word' id='word_1_823' title='bbox 2438 4767 2692 4837; x_wconf 86' lang='lat' dir='ltr'><strong>protulit.</strong></span> 
     </span>
    </p>
   </div>
   <div class='ocr_carea' id='block_1_106' title="bbox 2094 5030 3585 5105">
    <p class='ocr_par' dir='ltr' id='par_1_106' title="bbox 2094 5030 3585 5105">
     <span class='ocr_line' id='line_1_106' title="bbox 2094 5030 3585 5105; baseline 0.005 -17"><span class='ocrx_word' id='word_1_824' title='bbox 2094 5032 2161 5088; x_wconf 74' lang='grc' dir='ltr'><strong>Χ.</strong></span> <span class='ocrx_word' id='word_1_825' title='bbox 2204 5030 2411 5086; x_wconf 76' lang='lat' dir='ltr'><strong>Invidia</strong></span> <span class='ocrx_word' id='word_1_826' title='bbox 2461 5033 2564 5087; x_wconf 89' lang='lat' dir='ltr'><strong>hoc</strong></span> <span class='ocrx_word' id='word_1_827' title='bbox 2606 5047 2749 5101; x_wconf 64' lang='lat' dir='ltr'><strong>aegre</strong></span> <span class='ocrx_word' id='word_1_828' title='bbox 2784 5031 2931 5098; x_wconf 90' lang='lat' dir='ltr'><strong>tulit,</strong></span> <span class='ocrx_word' id='word_1_829' title='bbox 2976 5032 3089 5089; x_wconf 90' lang='lat' dir='ltr'><strong>imo</strong></span> <span class='ocrx_word' id='word_1_830' title='bbox 3132 5049 3235 5105; x_wconf 88' lang='lat' dir='ltr'><strong>pro</strong></span> <span class='ocrx_word' id='word_1_831' title='bbox 3281 5038 3585 5096; x_wconf 88' lang='lat' dir='ltr'><strong>acrimonia</strong></span> 
     </span>
    </p>
   </div>
   <div class='ocr_carea' id='block_1_107' title="bbox 2025 5124 3586 5203">
    <p class='ocr_par' dir='ltr' id='par_1_107' title="bbox 2025 5124 3586 5203">
     <span class='ocr_line' id='line_1_107' title="bbox 2025 5124 3586 5203; baseline 0.004 -23"><span class='ocrx_word' id='word_1_832' title='bbox 2025 5141 2123 5180; x_wconf 90' lang='lat' dir='ltr'><strong>sua</strong></span> <span class='ocrx_word' id='word_1_833' title='bbox 2156 5126 2370 5181; x_wconf 84' lang='lat' dir='ltr'><strong>scribas</strong></span> <span class='ocrx_word' id='word_1_834' title='bbox 2396 5140 2461 5179; x_wconf 86' lang='lat' dir='ltr'><strong>ac</strong></span> <span class='ocrx_word' id='word_1_835' title='bbox 2490 5124 2794 5180; x_wconf 68' lang='lat' dir='ltr'><strong>Pharisaeos</strong></span> <span class='ocrx_word' id='word_1_836' title='bbox 2822 5125 2878 5179; x_wconf 92' lang='lat' dir='ltr'><strong>in</strong></span> <span class='ocrx_word' id='word_1_837' title='bbox 2920 5141 3090 5181; x_wconf 90' lang='lat' dir='ltr'><strong>unum</strong></span> <span class='ocrx_word' id='word_1_838' title='bbox 3136 5130 3316 5199; x_wconf 77' lang='lat' dir='ltr'><strong>coegit</strong></span> <span class='ocrx_word' id='word_1_839' title='bbox 3341 5142 3395 5185; x_wconf 88' lang='lat' dir='ltr'><strong>et</strong></span> <span class='ocrx_word' id='word_1_840' title='bbox 3424 5148 3586 5203; x_wconf 79' lang='lat' dir='ltr'><strong>syne-</strong></span> 
     </span>
    </p>
   </div>
   <div class='ocr_carea' id='block_1_108' title="bbox 2027 5217 3585 5281">
    <p class='ocr_par' dir='ltr' id='par_1_108' title="bbox 2027 5217 3585 5281">
     <span class='ocr_line' id='line_1_108' title="bbox 2027 5217 3585 5281; baseline 0.006 -10"><span class='ocrx_word' id='word_1_841' title='bbox 2027 5217 2211 5272; x_wconf 89' lang='lat' dir='ltr'><strong>drium</strong></span> <span class='ocrx_word' id='word_1_842' title='bbox 2240 5224 2433 5271; x_wconf 89' lang='lat' dir='ltr'><strong>contra</strong></span> <span class='ocrx_word' id='word_1_843' title='bbox 2465 5217 2748 5271; x_wconf 88' lang='lat' dir='ltr'><strong>Christum</strong></span> <span class='ocrx_word' id='word_1_844' title='bbox 2784 5227 3074 5281; x_wconf 85' lang='lat' dir='ltr'><strong>convocat.</strong></span> <span class='ocrx_word' id='word_1_845' title='bbox 3097 5219 3190 5273; x_wconf 92' lang='lat' dir='ltr'><strong>ubi</strong></span> <span class='ocrx_word' id='word_1_846' title='bbox 3222 5221 3292 5275; x_wconf 89' lang='lat' dir='ltr'><strong>de</strong></span> <span class='ocrx_word' id='word_1_847' title='bbox 3327 5235 3503 5279; x_wconf 91' lang='lat' dir='ltr'><strong>morte</strong></span> <span class='ocrx_word' id='word_1_848' title='bbox 3531 5228 3585 5281; x_wconf 92' lang='lat' dir='ltr'><strong>ei</strong></span> 
     </span>
    </p>
   </div>
   <div class='ocr_carea' id='block_1_109' title="bbox 2027 5307 3578 5382">
    <p class='ocr_par' dir='ltr' id='par_1_109' title="bbox 2027 5307 3578 5382">
     <span class='ocr_line' id='line_1_109' title="bbox 2027 5307 3578 5382; baseline 0.005 -20"><span class='ocrx_word' id='word_1_849' title='bbox 2027 5307 2312 5363; x_wconf 74' lang='lat' dir='ltr'><strong>inferenda</strong></span> <span class='ocrx_word' id='word_1_850' title='bbox 2333 5323 2519 5365; x_wconf 85' lang='lat' dir='ltr'><strong>sermo</strong></span> <span class='ocrx_word' id='word_1_851' title='bbox 2546 5308 2872 5364; x_wconf 84' lang='lat' dir='ltr'><strong>habebatur.</strong></span> <span class='ocrx_word' id='word_1_852' title='bbox 2896 5310 3150 5365; x_wconf 79' lang='lat' dir='ltr'><strong>interfuit</strong></span> <span class='ocrx_word' id='word_1_853' title='bbox 3168 5313 3299 5368; x_wconf 82' lang='lat' dir='ltr'><strong>huic</strong></span> <span class='ocrx_word' id='word_1_854' title='bbox 3322 5318 3578 5382; x_wconf 90' lang='lat' dir='ltr'><strong>concilio,</strong></span> 
     </span>
    </p>
   </div>
   <div class='ocr_carea' id='block_1_110' title="bbox 2024 5398 3583 5469">
    <p class='ocr_par' dir='ltr' id='par_1_110' title="bbox 2024 5398 3583 5469">
     <span class='ocr_line' id='line_1_110' title="bbox 2024 5398 3583 5469; baseline 0.003 -15"><span class='ocrx_word' id='word_1_855' title='bbox 2024 5402 2198 5469; x_wconf 87' lang='lat' dir='ltr'><strong>pestis</strong></span> <span class='ocrx_word' id='word_1_856' title='bbox 2242 5398 2540 5465; x_wconf 62' lang='lat' dir='ltr'><strong>cathedra,</strong></span> <span class='ocrx_word' id='word_1_857' title='bbox 2580 5406 2639 5452; x_wconf 92' lang='lat' dir='ltr'><strong>ut</strong></span> <span class='ocrx_word' id='word_1_858' title='bbox 2679 5399 2931 5467; x_wconf 79' lang='lat' dir='ltr'><strong>apposite</strong></span> <span class='ocrx_word' id='word_1_859' title='bbox 2961 5400 3163 5455; x_wconf 90' lang='lat' dir='ltr'><strong>dixerit</strong></span> <span class='ocrx_word' id='word_1_860' title='bbox 3191 5403 3353 5457; x_wconf 90' lang='lat' dir='ltr'><strong>divus</strong></span> <span class='ocrx_word' id='word_1_861' title='bbox 3393 5405 3583 5467; x_wconf 85' lang='lat' dir='ltr'><strong>David,</strong></span> 
     </span>
    </p>
   </div>
   <div class='ocr_carea' id='block_1_111' title="bbox 2025 5491 3582 5561">
    <p class='ocr_par' dir='ltr' id='par_1_111' title="bbox 2025 5491 3582 5561">
     <span class='ocr_line' id='line_1_111' title="bbox 2025 5491 3582 5561; baseline 0.004 -16"><span class='ocrx_word' id='word_1_862' title='bbox 2025 5492 2329 5561; x_wconf 89' lang='lat' dir='ltr'><strong>discipulus</strong></span> <span class='ocrx_word' id='word_1_863' title='bbox 2376 5494 2446 5546; x_wconf 89' lang='lat' dir='ltr'><strong>ab</strong></span> <span class='ocrx_word' id='word_1_864' title='bbox 2496 5491 2788 5546; x_wconf 86' lang='lat' dir='ltr'><strong>excellenti</strong></span> <span class='ocrx_word' id='word_1_865' title='bbox 2836 5494 3099 5561; x_wconf 73' lang='lat' dir='ltr'><strong>magistro</strong></span> <span class='ocrx_word' id='word_1_866' title='bbox 3145 5496 3452 5561; x_wconf 85' lang='lat' dir='ltr'><strong>institutus,</strong></span> <span class='ocrx_word' id='word_1_867' title='bbox 3484 5500 3582 5553; x_wconf 89' lang='lat' dir='ltr'><strong>sed</strong></span> 
     </span>
    </p>
   </div>
   <div class='ocr_carea' id='block_1_112' title="bbox 2025 5579 3576 5656">
    <p class='ocr_par' dir='ltr' id='par_1_112' title="bbox 2025 5579 3576 5656">
     <span class='ocr_line' id='line_1_112' title="bbox 2025 5579 3576 5656; baseline 0.003 -21"><span class='ocrx_word' id='word_1_868' title='bbox 2025 5582 2119 5650; x_wconf 86' lang='lat' dir='ltr'><strong>qui</strong></span> <span class='ocrx_word' id='word_1_869' title='bbox 2172 5583 2403 5635; x_wconf 87' lang='lat' dir='ltr'><strong>avaritia</strong></span> <span class='ocrx_word' id='word_1_870' title='bbox 2449 5579 2789 5649; x_wconf 73' lang='lat' dir='ltr'><strong>instigatrice</strong></span> <span class='ocrx_word' id='word_1_871' title='bbox 2831 5583 3019 5637; x_wconf 85' lang='lat' dir='ltr'><strong>omnia</strong></span> <span class='ocrx_word' id='word_1_872' title='bbox 3069 5586 3315 5652; x_wconf 63' lang='lat' dir='ltr'><strong>pecuniae</strong></span> <span class='ocrx_word' id='word_1_873' title='bbox 3351 5589 3576 5656; x_wconf 78' lang='lat' dir='ltr'><strong>postlla-</strong></span> 
     </span>
    </p>
   </div>
   <div class='ocr_carea' id='block_1_113' title="bbox 2027 5675 3584 5747">
    <p class='ocr_par' dir='ltr' id='par_1_113' title="bbox 2027 5675 3584 5747">
     <span class='ocr_line' id='line_1_113' title="bbox 2027 5675 3584 5747; baseline 0.002 -18"><span class='ocrx_word' id='word_1_874' title='bbox 2027 5676 2169 5741; x_wconf 86' lang='lat' dir='ltr'><strong>buit,</strong></span> <span class='ocrx_word' id='word_1_875' title='bbox 2216 5687 2273 5730; x_wconf 89' lang='lat' dir='ltr'><strong>et</strong></span> <span class='ocrx_word' id='word_1_876' title='bbox 2318 5691 2427 5730; x_wconf 90' lang='lat' dir='ltr'><strong>non</strong></span> <span class='ocrx_word' id='word_1_877' title='bbox 2480 5675 2645 5729; x_wconf 86' lang='lat' dir='ltr'><strong>alium</strong></span> <span class='ocrx_word' id='word_1_878' title='bbox 2709 5675 3071 5743; x_wconf 81' lang='lat' dir='ltr'><strong>discipuiatus</strong></span> <span class='ocrx_word' id='word_1_879' title='bbox 3123 5677 3363 5732; x_wconf 78' lang='lat' dir='ltr'><strong>fructum</strong></span> <span class='ocrx_word' id='word_1_880' title='bbox 3418 5691 3584 5747; x_wconf 86' lang='lat' dir='ltr'><strong>quam</strong></span> 
     </span>
    </p>
   </div>
   <div class='ocr_carea' id='block_1_114' title="bbox 3084 5952 3150 6013">
    <p class='ocr_par' dir='ltr' id='par_1_114' title="bbox 3084 5952 3150 6013">
     <span class='ocr_line' id='line_1_114' title="bbox 3084 5952 3150 6013; baseline 0 0"><span class='ocrx_word' id='word_1_881' title='bbox 3084 5952 3150 6013; x_wconf 79' lang='lat'><strong>18</strong></span> 
     </span>
    </p>
   </div>
  </div>
