4278 6442
707 446 808 507 559

1932 449 2346 508 NIflEl‘llORl
2395 450 2739 509 CALLlS'l‘f

3865 450 3969 514 560

707 571 896 609 «'OI'U'It
949 556 1157 608 ossium
1213 552 1691 622 confringeretur;
1755 565 1866 608 tum
1926 557 2109 610 clavos
2163 560 2277 627 ipsa
2310 574 2396 629 Α.

2310 574 2352 629 Α
2385 559 2736 610 Δεσποτικῶν
2764 558 2990 623 ὀστέων,
3021 560 3098 627 τῷ
3134 558 3433 626 Νικοδήμῳ
3471 561 3761 628 προσέχειν
3812 563 3967 626 ἄκρι-

701 650 945 701 osrulata
996 658 1100 707 est,
1153 663 1458 716 eorumque
1498 647 1801 715 fragmenta
1853 650 2030 701 oculis
2080 649 2273 704 admo-

703 743 822 806 vit,
890 742 1058 809 pedes
1104 742 1389 809 speciosos
1444 741 1537 808 qui
1604 758 1790 810 pacem
1854 743 2116 797 omnibus
2185 761 2280 797 an-

704 837 1068 893 nuntiarunt.
1130 847 1186 887 et
1255 849 1491 899 manus,
1539 849 1770 903 quarum
1840 849 1981 903 opus
2039 837 2282 890 mundus

702 939 785 981 est
839 940 984 983 totus
1036 937 1091 981 et
1155 928 1434 996 prazcipua
1492 938 1743 980 creatura
1799 927 2002 993 homo,
2061 940 2282 983 contre-

702 1023 898 1084 ctavit,
956 1031 1009 1074 et
1058 1029 1231 1072 totum
1298 1035 1498 1088 corpus
1560 1019 1808 1087 amplexa
1869 1031 1994 1084 est,
2050 1032 2280 1091 excepta

702 1113 816 1165 sola
851 1115 1004 1174 facie,
1035 1127 1199 1180 quam
1236 1112 1305 1164 ob
1337 1110 1725 1164 verecundiam
1773 1112 1933 1164 matri
1975 1115 2282 1178 concessit,

700 1206 766 1257 ad
804 1221 965 1272 quam
1016 1203 1068 1258 id
1098 1205 1239 1274 juris
1269 1215 1497 1273 propter
1529 1205 1940 1258 maternitatem
1970 1207 2277 1274 spectabat.

702 1298 839 1352 Tum
897 1298 1244 1367 gemebunda
1300 1297 1488 1350 crines
1541 1297 1728 1360 solvit,
1785 1311 1952 1366 genas
2002 1299 2281 1366 unguibus

703 1391 952 1450 fiedavit,
999 1390 1244 1444 extensis
1298 1390 1554 1442 manibus
1613 1398 1842 1442 matrem
1896 1389 2172 1442 elumbem
2225 1397 2281 1443 et

701 1485 880 1552 capite
909 1485 1169 1551 resupino
1194 1498 1456 1536 aerumna:
1490 1481 1735 1535 ferenda:
1765 1482 1909 1535 haud
1942 1497 2127 1550 parem
2155 1481 2282 1535 dul-

701 1577 857 1630 cibus
894 1575 1082 1628 verbis
1120 1575 1399 1628 consolata
1452 1583 1556 1627 est.
1611 1571 1692 1627 Ob
1739 1582 2158 1640 persecuturum
2201 1583 2280 1625 ta-

702 1686 826 1721 men
863 1678 1071 1721 metum
1117 1668 1365 1720 carmina
1417 1667 1672 1736 lugubria
1708 1676 1935 1720 cantare
1973 1682 2078 1719 non
2110 1665 2280 1720 audc-

702 1762 852 1815 bant.
906 1761 1187 1829 Quidquid
1251 1760 1302 1812 id
1358 1770 1462 1818 est.
1501 1759 1778 1828 Josephus
1833 1775 1896 1812 ac
1944 1759 2280 1812 Nicodemus

701 1871 906 1924 corpus
940 1855 1177 1907 sindone
1215 1853 1493 1905 involvere
1544 1869 1606 1906 ac
1657 1853 1876 1922 myrrha
1928 1851 2178 1915 condire,
2220 1862 2278 1907 et

2387 649 2496 712 ὅῶς
2531 649 2849 718 παρηγγύα,
2873 651 2998 708 τοὺς
3032 650 3195 718 ἥλους
3222 667 3277 700 τε
3307 650 3610 713 κατεξίλει,
3644 654 3735 704 καὶ
3768 652 3835 703 τὰ
3875 653 3969 704 λα-

2386 743 2632 809 κίσματα
2665 741 2974 812 προσετίθει
3003 745 3113 804 τοῖς
3154 743 3388 810 ὄμμασι,
3432 743 3610 794 ποδῶν
3653 761 3708 795 τε
3745 745 3971 797 ἐκείνοιν

2382 836 2594 905 ἥπτετο
2650 834 2758 886 τῶν
2813 835 2982 896 ὅντως
3043 835 3285 904 ὡραίων,
3345 836 3439 888 καὶ
3491 837 3714 906 εἰρήνην
3763 838 3972 889 ἅπασιν

2387 927 2924 996 εὐαγγελισαμένων,
2978 927 3074 978 καὶ
3125 926 3349 996 χειρῶν,
3416 920 3492 980 ὧν
3541 927 3704 998 ἔργον
3765 931 3971 996 κόσμος

2387 1022 2557 1084 ἄπας,
2591 1021 2686 1071 καὶ
2721 1019 2827 1088 πρὸ
2859 1020 3081 1072 πάντων
3110 1020 3338 1088 πλάσμα
3371 1021 3577 1089 κυρίως
3607 1025 3634 1074 6
3656 1022 3969 1090 ἄνθρωπος,

2384 1115 2695 1184 περιεχεῖτο
2727 1131 2784 1166 τε
2812 1113 2918 1183 ὅλῳ
2945 1115 3024 1184 τῷ
3058 1114 3292 1183 σώματι,
3333 1116 3426 1167 καὶ
3465 1116 3809 1184 προσεφύετο
3860 1119 3972 1179 τοῖς

2383 1208 2549 1258 ποσί·
2592 1206 2683 1258 τοῦ
2737 1209 3033 1275 προσώπου
3068 1225 3130 1275 γε
3171 1208 3278 1278 μὴν
3334 1208 3429 1259 καὶ
3490 1209 3682 1278 πόρρω
3739 1208 3970 1277 ἀπεῖχεν

2384 1297 2650 1365 ἅψασθαι,
2689 1297 2850 1350 τοῦτο
2890 1299 2988 1367 μὲν
3012 1299 3411 1370 εὐλαϐουμένη,
3446 1300 3507 1352 τὸ
3535 1299 3590 1352 δὲ
3622 1302 3716 1352 καὶ
3762 1304 3828 1370 τῇ
3867 1319 3969 1368 μη-

2382 1389 2474 1459 τρὶ
2511 1389 2943 1459 παραχωροῦσα,
2978 1391 3179 1461 ἐχούσῃ
3210 1393 3272 1443 ἐκ
3303 1391 3397 1443 τοῦ
3424 1393 3589 1445 τόκου
3629 1393 3690 1444 τὸ
3718 1393 3926 1444 δίκαιον
3957 1409 3970 1422 υ

2383 1480 2582 1550 ἐξῆρχε
2616 1481 2778 1546 γόων,
2803 1481 3083 1552 λυσαμένη
3111 1486 3210 1545 τὰς
3235 1483 3453 1552 τρίχας,
3484 1484 3579 1536 καὶ
3611 1484 3708 1545 τὰς
3731 1485 3971 1552 παρειὰς

2380 1577 2494 1635 τοῖς
2522 1573 2669 1637 ὄνυξι
2701 1574 3129 1638 καταξαίνουσα,
3167 1578 3233 1628 ἐκ
3275 1577 3477 1646 μέρους
3500 1577 3556 1630 δὲ
3589 1577 3687 1629 καὶ
3725 1578 3824 1646 τὴν
3860 1596 3966 1646 μη-

2379 1665 2518 1734 τέρα
2571 1667 2957 1737 ἀνακτωμένη,
3002 1668 3276 1737 ἐπέχουσα
3321 1672 3533 1738 χεῖρας,
3586 1668 3817 1720 καθόλου
3872 1668 3966 1719 τοῦ

2380 1757 2674 1824 προσώπου
2729 1758 3011 1825 ὁρμώσας,
3052 1759 3151 1828 τὴν
3182 1760 3424 1829 κεφαλήν
3449 1775 3508 1810 τε
3561 1759 3969 1827 παρεγκλίνον-

2382 1862 2502 1910 σαν,
2531 1849 2594 1915 τῇ
2622 1847 2936 1917 άνυποίστῳ
2957 1848 3100 1918 λύπῃ
3125 1848 3647 1918 καταϐαρυνομένην
3671 1849 3966 1916 ἀνέχουσα,

704 1959 762 2002 ιιι
814 1948 1137 2001 thesaurum
1196 1947 1249 1998 in
1293 1947 1549 2013 sepulcro
1619 1946 1899 2012 deponere
1965 1955 2274 2014 cmperunt.
2311 1918 2393 1990 Bt

2311 1918 2352 1973 Β
2381 1941 2472 1990 καὶ
2501 1941 2681 2005 λόγοις
2704 1941 2896 2008 ήπίοις
2927 1940 3258 1995 τὸπλεῖστον
3289 1941 3604 2012 ἀφαιροῦσα
3633 1941 3733 2009 τῆς
3756 1941 3965 2008 λύπης·

700 2037 1015 2107 Magdalena
1042 2037 1186 2090 enim
1213 2036 1452 2104 Josepho
1482 2035 1670 2088 instita
1697 2034 1984 2096 exhibens,
2006 2034 2152 2097 Tibi,
2177 2035 2273 2098 ait,

700 2133 847 2200 quod
881 2140 1055 2185 restat
1086 2145 1234 2183 cura:
1263 2130 1389 2192 erit,
1433 2139 1491 2182 ut
1522 2129 1816 2182 Dominum
1849 2127 2084 2181 sindone
2119 2127 2278 2178 inro-

700 2227 876 2279 lutum
912 2226 1214 2292 sepultum
1249 2222 1468 2283 tradas;
1516 2222 1602 2274 cui
1643 2220 1865 2289 quidem
1896 2219 2118 2287 negotio
2157 2217 2274 2286 ipsa

697 2335 899 2372 manus
934 2317 1204 2370 afferebat
1244 2327 1299 2367 ut
1333 2324 1388 2368 et
1427 2325 1601 2367 mater
1634 2313 1770 2383 ipsa,
1819 2313 1978 2382 cujus
2025 2310 2275 2364 dolorem

699 2426 764 2464 ac
789 2426 975 2464 curam
1005 2407 1385 2478 participabat.
1410 2406 1516 2460 (lbi
1548 2420 1679 2458 vero
1703 2419 1906 2472 corpus
1933 2403 2276 2454 Dominicum

699 2502 1022 2569 resupinum
1051 2500 1106 2553 in
1131 2515 1197 2553 eo
1229 2509 1372 2553 esset
1400 2507 1456 2551 ut
1484 2497 1549 2550 ad
1586 2497 1923 2565 sepulturam
1959 2495 2274 2557 efferretur,

699 2595 822 2662 quis
857 2605 1060 2646 sanctae
1093 2592 1312 2646 femina:
1353 2591 1603 2643 dolorem
1639 2599 1694 2642 et
1742 2589 1949 2641 luctum
1979 2603 2278 2640 enarrave-

701 2687 812 2741 rit?
843 2687 1036 2740 Melius
1065 2701 1198 2754 ergo
1249 2695 1383 2753 puto
1421 2684 1644 2737 silentio
1681 2681 1732 2734 id
1777 2680 2059 2749 praeterire
2107 2696 2273 2748 quam

699 2795 956 2833 sermone
989 2795 1096 2831 non
1135 2778 1268 2831 satis
1302 2778 1465 2844 digno
1492 2787 1837 2844 percurrere.
1870 2770 1960 2824 Sic
1985 2771 2151 2838 igitur
2174 2771 2269 2839 qui

701 2872 959 2923 munibus
995 2873 1158 2922 vitam
1197 2858 1449 2936 inspirat,
1492 2867 1546 2919 in
1594 2865 1850 2934 sepulcro
1895 2863 2061 2915 vitam
2127 2878 2266 2916 cou-

700 2974 923 3018 teuturo
956 2965 1274 3032 deponitur.

2382 2030 2518 2082 ἁλλά
2545 2031 2622 2100 τῷ
2650 2032 2800 2102 φόϐῳ
2827 2033 2937 2084 τῶν
2979 2024 3225 2084 διωκτῶν
3259 2035 3357 2086 οὐκ
3389 2029 3457 2104 ἦν
3491 2035 3682 2094 αὑταῖς
3733 2035 3807 2094 ὡς
3845 2033 3968 2101 βου-

2384 2122 2643 2193 λομέναις
2672 2124 2822 2194 ἐξῆν,
2847 2126 2960 2187 τοῖς
2995 2125 3218 2190 ἐξοδίοις
3263 2127 3357 2178 καὶ
3393 2109 3705 2194 ἐπιταφίοις
3759 2128 3969 2194 χρῆσα-

2388 2217 2514 2271 σθαι
2559 2220 2804 2286 μέλεσιν.
2841 2221 3060 2291 Ἀμέλει
3112 2225 3209 2275 καὶ
3241 2224 3306 2290 τῇ
3369 2223 3561 2292 μητρὶ,
3599 2221 3816 2274 Τούτων
3844 2223 3968 2284 οὐκ,

2387 2309 2646 2374 εἰποῦσα,
2675 2311 2891 2380 καιρὸς,
2919 2311 3119 2381 Ἰωσὴφ
3143 2313 3235 2365 καὶ
3266 2313 3566 2381 Νικοδήμῳ
3597 2313 3965 2372 ἐνεκελεύετο,

2385 2393 2438 2452 οἷ
2466 2401 2667 2468 τάχους
2704 2399 2848 2472 εἶχον
2881 2402 3160 2473 ἐνειλῆσαι
3192 2404 3393 2456 σινδόνι
3428 2405 3490 2457 τὸ
3523 2405 3704 2473 σῶμα,
3738 2405 3970 2470 θεοπρε-

2383 2493 2499 2554 πῶς
2526 2511 2585 2545 τε
2638 2497 2954 2564 σμυρνίσσι,
2998 2498 3092 2549 καὶ
3117 2497 3191 2560 ὼς
3223 2498 3500 2567 θησαυρόν
3543 2515 3665 2549 τινα
3691 2497 3767 2564 τῷ
3806 2499 3967 2564 τάφῳ

2382 2587 2763 2651 ἐναποθέσθαι,
2801 2591 2902 2658 τήν
2926 2607 2984 2642 τε
3031 2590 3246 2643 σινδόνα
3295 2591 3389 2642 καὶ
3444 2591 3542 2660 τὴν
3582 2591 3832 2658 σμύρναν
3888 2589 3967 2658 τῷ

2393 2680 2593 2748 Ἰωσὴφ
2625 2682 3007 2750 ἐγχειρίσασα,
3044 2684 3154 2747 Σοὶ,
3181 2684 3454 2753 (msh-:05
3479 2686 3670 2736 λοιποῦ
3710 2686 3963 2753 μελήσει,

2379 2773 2525 2834 ὅπως
2551 2774 2738 2826 τοῦτον
2767 2776 3094 2844 ἐνειλήσαις,
3114 2777 3210 2829 καὶ
3233 2780 3294 2846 τῇ
3328 2780 3474 2848 ταφῇ
3498 2777 3776 2847 παραδῷς,
3802 2781 3891 2829 καὶ
3917 2777 3967 2826 τ’

2378 2865 2514 2917 ἄλλα
2566 2866 2628 2935 δὴ
2679 2868 2778 2920 ὅσα
2812 2869 2942 2937 περὶ
2973 2869 3065 2920 τὸν
3091 2871 3259 2936 τάφον
3294 2871 3692 2938 ἀμφεπονεῖτο·
3726 2871 3794 2920 τα
3841 2869 3964 2920 δεύ-

2372 2974 2506 3024 τερα
2541 2961 2678 3025 μετὰ
2705 2959 2803 3028 τὴν
2832 2962 3042 3031 μητέρα
3073 2962 3212 3013 κατά
3241 2979 3298 3013 τε
3320 2961 3500 3029 λύπην
3537 2964 3633 3013 καὶ
3649 2962 3746 3030 τὴν
3770 2961 3964 3030 λοιπὴν

698 3061 1017 3130 διακειμένη
1052 3058 1310 3126 σπουδήν.
1356 3053 1510 3107 Ἐπεὶ
1538 3054 1593 3106 δὲ
1624 3053 1714 3105 καὶ
1759 3050 2155 3120 νεκροπρεπῶς
2185 3049 2522 3116 ἁνεκέκλιτο,
2566 3053 2708 3103 κατὰ
2743 3053 2911 3104 νώτου
2934 3069 2992 3104 τε
3014 3054 3210 3118 ἔκειτο,
3244 3053 3338 3106 καὶ
3363 3054 3461 3122 ἤδη
3498 3054 3633 3123 πρὸς
3664 3053 3762 3123 τὴν
3783 3055 3962 3122 ταφὴν

697 3155 1049 3226 ἐκφορεῖσθαι
1105 3151 1320 3221 ἔμελλε,
1350 3151 1430 3212 τίς
1463 3150 1527 3202 ἂν
1557 3147 1756 3208 ἱκανῶς
1825 3148 2166 3212 διηγήσαιτο,
2205 3142 2402 3195 ὁπόσον
2441 3149 2506 3213 τῇ
2544 3145 2791 3216 μακαρίᾳ
2815 3147 2986 3216 ταύτῃ
3039 3146 3101 3198 τὸ
3147 3145 3365 3210 πένθος,
3403 3149 3500 3200 καὶ
3547 3147 3607 3200 τδ
3651 3149 3748 3217 τῆς
3779 3148 3960 3214 λύπης

695 3254 903 3316 δεινόν;
943 3251 1051 3302 Καὶ
1121 3250 1369 3318 κρεῖττον
1441 3245 1617 3312 ἔγωγε
1661 3239 1812 3312 οἶμαι
1860 3245 1984 3312 σιγῇ
2057 3241 2190 3295 αὐτὸ
2233 3243 2527 3312 παριστᾷν,
2632 3242 2934 3310 διηγεῖσθαι
2977 3243 3216 3296 ἐθέλεινο
3255 3243 3358 3296 ποῦ
3399 3245 3506 3313 γὰρ
3538 3243 3604 3296 ἂν
3671 3245 3768 3297 καὶ
3798 3244 3958 3312 λόγος

694 3349 934 3415 τοσούτῳ
988 3345 1172 3397 πένθει
1223 3342 1509 3411 ἐξισωθείη
1536 3385 1548 3408 ,
1589 3335 1713 3411 Εἶχε
1748 3341 1847 3410 μὲν
1888 3339 2031 3391 οὕτω
2060 3337 2256 3403 ταῦτα,
2296 3338 2391 3391 καὶ
2458 3340 2486 3390 ὁ
2557 3340 2688 3392 πᾶσι
2725 3341 2784 3392 τὸ
2831 3341 2930 3410 ζῇν
2958 3340 3229 3410 ἐμπνέων,
3263 3339 3340 3410 τῷ
3410 3339 3680 3413 ζωηφόρῳ
3704 3342 3956 3394 ἐναποτί-

695 3441 846 3492 θεται
890 3441 1152 3508 μνήματι.

765 3530 903 3585 XIV.
943 3533 1087 3586 Deus
1120 3529 1365 3583 omnium
1394 3528 1624 3582 Creator
1664 3536 1950 3596 postquam
2007 3525 2261 3579 incarna-
2290 3531 2334 3589 ο

695 3626 860 3678 tionis
889 3640 1028 3693 opus
1061 3623 1399 3692 perfecisset,
1458 3621 1691 3688 septimo
1737 3620 1827 3672 die
1895 3618 1948 3671 in
2011 3618 2266 3686 sepulcro

695 3719 928 3784 quievit,
961 3716 1041 3770 sic
1077 3716 1368 3769 sabbatum
1406 3729 1502 3780 per
1541 3711 1908 3765 cessationem
1960 3725 1988 3762 a
2025 3711 2265 3763 creando

693 3810 924 3877 agendo.
959 3806 1117 3861 Nunc
1150 3817 1332 3858 autem
1373 3813 1575 3860 sanctae
1627 3804 1848 3857 femina:
1895 3803 2148 3855 ardorem
2203 3817 2265 3856 ac

694 3902 869 3954 zelum
903 3900 1036 3953 mihi
1073 3899 1385 3952 considera.
1437 3897 1573 3949 Dum
1603 3897 1749 3948 enim
1804 3895 1964 3947 amici
2004 3905 2057 3949 et
2091 3894 2258 3947 vicini

692 4007 908 4053 omnes,
946 4000 1006 4043 ut
1044 3990 1329 4059 prephette
1365 3987 1588 4055 quidem
1635 3986 1876 4046 videtur,
1909 3985 2262 4054 elonginquu

691 4084 926 4144 stabant,
971 4082 1063 4135 alii
1101 4091 1284 4135 autem
1318 4078 1501 4148 fugam
1552 4079 1939 4146 capessebant,
1973 4077 2088 4137 illa.
2112 4077 2261 4131 omni

691 4184 838 4226 metu
865 4173 1136 4241 deposito,
1198 4171 1470 4224 etomnia
1534 4168 1926 4238 impedimenta
1987 4167 2139 4221 flocci
2183 4167 2263 4219 fa-

690 4263 861 4327 ciens,
898 4263 1038 4313 virili
1106 4269 1325 4328 sumpto
1371 4258 1576 4320 animo,
1633 4257 1779 4326 quod
1834 4256 2110 4309 innumeri
2166 4256 2259 4309 alii

691 4355 872 4408 facere
904 4371 1011 4406 non
1043 4354 1340 4414 audebant,
1368 4351 1480 4404 sola
1515 4353 1698 4403 facere
1719 4359 1805 4402 est
1836 4364 1989 4402 ausa.
2019 4349 2141 4401 llaec
2165 4364 2261 4400 au-

693 4456 800 4498 tem
845 4445 1122 4498 memoriae
1154 4445 1418 4496 mandare
1459 4441 1666 4495 sanctis
1697 4441 2050 4510 cvangelistis
2085 4454 2256 4509 nego-

691 4541 827 4593 tium
857 4539 1046 4592 datum
1073 4539 1198 4591 fuit.

759 4717 874 4771 XV.
903 4719 1168 4782 Quantam
1195 4725 1375 4769 autem
1409 4714 1587 4769 eidem
1621 4714 1748 4768 inde
1788 4712 2007 4768 laudem
2058 4712 2257 4766 redun-

687 4814 846 4864 dasse
875 4811 1094 4864 credis?
1141 4809 1259 4863 Non
1280 4810 1423 4861 enim
1451 4808 1617 4861 semel
1646 4815 1740 4859 aut
1766 4805 2083 4875 singillatim
2107 4821 2258 4859 men-

690 4906 892 4956 tionem
925 4903 992 4955 de
1028 4918 1090 4954 ea
1127 4905 1398 4963 fecerunt,
1443 4901 1538 4954 sed
1568 4909 1808 4967 quatuor
1835 4913 2030 4952 omnes
2045 4898 2112 4951 de
2143 4899 2255 4966 ipsa
2285 4883 2336 4944 D

689 5000 857 5053 locuti
900 4997 1240 5064 sunt,idque
1277 4998 1608 5050 necessario.
1669 4995 1876 5059 Quater
1922 5009 2157 5062 namque
2186 4994 2254 5048 ad

687 5092 998 5159 sepulcrum
1035 5088 1331 5141 accessisse
1359 5101 1502 5149 eam,
1560 5096 1616 5140 et
1673 5087 1988 5140 cmlestibus
2028 5086 2258 5140 visioni-

686 5184 789 5236 bus
821 5183 1038 5250 dignam
1070 5179 1312 5232 habitam
1341 5193 1462 5231 esse
1510 5179 1762 5245 legimus.
1794 5177 1974 5231 Prima
2028 5177 2253 5246 quidem

684 5274 805 5325 vitae
845 5271 957 5325 sola
987 5269 1110 5332 fuit,
1142 5269 1383 5323 secunda
1438 5277 1620 5320 autem
1650 5282 1774 5318 cum
1830 5266 2003 5318 altera
2064 5266 2252 5329 Maria,

683 5378 848 5432 quam
897 5362 1109 5414 Marcus
1136 5370 1190 5413 et
1241 5360 1525 5413 Matthaeus
1555 5360 1680 5413 Jose
1711 5366 1764 5412 et
1801 5359 1986 5411 Jacobi
2026 5369 2252 5410 matrem

683 5456 1005 5516 nominant;
1041 5453 1220 5514 tertia,
1274 5467 1398 5503 cum
1439 5452 1602 5504 Petro
1628 5458 1683 5502 et
1736 5447 1947 5502 Joanne
1978 5463 2256 5501 convene-

685 5555 791 5608 rat,
833 5554 1057 5597 auctore
1090 5543 1299 5598 Joanne
1330 5544 1700 5610 evangelista;
1734 5553 1950 5611 quarta,
1976 5557 2102 5595 cum
2157 5541 2254 5595 Sa-

684 5635 828 5688 lome
858 5646 913 5688 et
943 5635 1114 5688 altera
1146 5633 1337 5697 Maria,
1376 5634 1493 5688 sole
1525 5635 1761 5697 oriente,
1792 5643 1849 5687 ut
1905 5634 2120 5687 Marcus
2172 5647 2254 5686 re-

685 5728 813 5780 fert.
853 5729 911 5780 lit
946 5735 1092 5780 certe
1119 5727 1300 5779 omnia
1329 5742 1447 5794 quae
1474 5726 1541 5778 ad
1578 5741 1698 5778 eam
1740 5735 2012 5794 Spectant,
2047 5739 2251 5778 memo-

685 5828 809 5872 ratu
846 5819 998 5871 valde
1039 5819 1201 5887 digna
1261 5828 1410 5871 sunt.
1469 5819 1761 5886 Postquam
1826 5834 1990 5886 porro
2048 5831 2251 5884 corpus

680 5913 956 5982 sepultum
979 5912 1178 5978 fuerat,
1206 5910 1510 5969 secundum
1544 5912 1687 5980 quod
1742 5911 1875 5965 dicit
1908 5913 2066 5964 divus
2114 5908 2249 5962 Mat-

2440 3525 2537 3576 lA'.
2577 3521 2646 3573 '0
2685 3538 2746 3589 γε
2781 3521 2886 3591 μὴν
2916 3522 3025 3575 τῶν
3056 3523 3191 3576 ὅλων
3221 3523 3353 3588 Θεὸς
3389 3525 3448 3578 τὸ
3496 3526 3594 3594 τῆς
3638 3529 3954 3596 οἰκονομίας

2375 3614 2536 3684 ἔργον
2564 3615 2966 3684 πεπληρωκὼς,
2995 3619 3059 3687 τῇ
3091 3618 3294 3687 ἑϐδόμῃ
3321 3620 3399 3688 τῷ
3423 3620 3578 3688 τάφῳ
3610 3622 3949 3689 κατέπαυσε,

2376 3710 2469 3759 καὶ
2504 3703 2568 3775 ἦν
2604 3706 2946 3770 σαὸὅατίζων
2996 3708 3168 3771 ὅντως
3203 3710 3302 3779 τὴν
3366 3711 3582 3762 τελείαν
3621 3712 3728 3763 τῶν
3773 3712 3954 3779 ἔργων

2376 3801 2744 3852 κατάπαυσιν.
2779 3799 2940 3850 Ἀλλ’
2987 3801 3219 3852 ἐνταῦθα
3263 3801 3364 3870 τῆς
3421 3803 3700 3871 μακαρίας
3748 3805 3955 3872 ταύτης

2372 3893 2630 3958 γυναικδς
2699 3893 2760 3946 τὸ
2818 3895 3373 3963 κατεσπουδασμένον
3431 3898 3526 3948 καὶ
3590 3898 3949 3968 φιλόστοργον

2371 3986 2472 4052 ὅρα
2504 4003 2616 4054 μοι.
2653 3986 2773 4039 Τῶν
2803 3988 2911 4055 γὰρ
2947 3986 3118 4054 φίλων
3166 3989 3260 4039 καὶ
3291 3989 3522 4058 πλησίον
3554 3991 3832 4054 ἁπάντων,
3871 3993 3949 4053 ὡς

2370 4076 2448 4143 τῷ
2485 4078 2738 4146 προφήτῃ
2793 4076 2960 4140 δοκεῖ,
2999 4076 3109 4127 τῶν
3147 4078 3245 4144 μὲν
3293 4077 3447 4148 φόϐῳ
3487 4080 3761 4149 μακρόθεν
3801 4081 3952 4134 ἱστα-

2373 4170 2572 4234 μένων,
2607 4166 2717 4218 τῶν
2752 4166 2807 4218 δὲ
2857 4167 2952 4220 καὶ
3003 4171 3150 4238 φυγῇ
3187 4169 3577 4236 χρησαμένων,
3613 4169 3722 4221 τῶν
3749 4171 3802 4224 δὲ
3845 4173 3943 4223 καὶ

2372 4261 2614 4311 στάντων
2647 4257 2978 4324 ἐξεναντίας,
3013 4259 3154 4328 αὕτη
3187 4261 3366 4314 πάντα
3411 4260 3598 4329 φόϐον,
3629 4262 3724 4314 καὶ
3774 4264 3946 4318 τᾶλλα

2369 4348 2499 4419 παρ’
2530 4349 2683 4401 οὐδὲν
2714 4350 2939 4421 θεμένη,
2969 4352 3338 4422 ἀνδρισαμένη
3369 4369 3429 4404 τε
3467 4355 3561 4405 καὶ
3588 4355 3648 4406 τὸ
3684 4355 3943 4424 φρόνημα

2367 4441 2744 4510 ἁρρενώσασα,
2783 4445 2876 4496 καὶ
2905 4443 2986 4496 ὅσ’
3022 4443 3088 4496 ἂν
3121 4445 3244 4497 οὐδὲ
3281 4444 3486 4512 πλῆθος
3511 4445 3766 4516 ἔδρασαν,
3798 4447 3940 4518 αῦτη

2370 4533 2506 4600 μόνη
2536 4535 2884 4604 κατατολμᾷ·
2931 4537 3028 4588 καί
3060 4535 3199 4588 δοκῶ
3234 4552 3323 4603 μοι
3356 4539 3784 4608 παραχωρήσειν
3828 4544 3942 4604 τοῖς

2371 4625 2532 4693 ίεροίς
2561 4626 2978 4692 εὐαγγελισταίς
3001 4626 3067 4678 τὰ
3084 4627 3285 4695 ταύτης
3305 4627 3380 4690 ὡς
3405 4623 3517 4680 οἷόν
3534 4645 3592 4681 τε
3622 4630 3937 4696 διεξελθεῖν.

2441 4718 2541 4771 tE'.
2581 4719 2748 4770 ίιόσον
2780 4718 2824 4770 δ’
2859 4718 3099 4782 εἰκάζεις
3146 4720 3210 4772 ἐκ
3246 4720 3454 4773 τούτων
3485 4721 3620 4791 αὐτῇ
3659 4721 3721 4774 τὸ
3763 4723 3943 4789 ἐγκώ-

2371 4827 2490 4880 μιον
2515 4828 2528 4875 ;
2562 4811 2636 4862 Οὐ
2666 4810 2774 4878 γὰρ
2796 4810 2942 4876 ἅπαξ
2973 4813 3223 4873 εἰπόντες
3247 4812 3315 4862 τὰ
3339 4813 3468 4881 περὶ
3498 4813 3667 4884 αὐτῆς
3697 4815 3944 4882 ἀπηλλά-

2364 4918 2564 4970 γησαν,
2615 4901 2725 4954 οὐδ’
2758 4903 2786 4954 ὁ
2841 4903 2954 4971 μὲν,
3001 4903 3029 4954 ὁ
3059 4901 3104 4954 δ’
3153 4902 3252 4954 οὔ·
3286 4902 3404 4957 ἀλλ’
3453 4906 3515 4956 ἐκ
3567 4905 3854 4974 τεσσάρων
3887 4910 3940 4959 οἱ

2362 4995 2628 5065 τέσσαρες
2674 4995 2843 5064 αὐτῆς
2894 4995 3349 5065 ἐμνημόνευσαν·
3388 4997 3447 5050 ἐν
3492 4997 3601 5066 γὰρ
3629 4991 3739 5059 τοῖς
3766 4999 3940 5066 ἀναγ-

2363 5087 2675 5149 καιοτάτοις
2712 5085 3094 5155 ξυναραμένην
3138 5087 3458 5154 ἀναγκαίως
3501 5090 3595 5142 καὶ
3628 5077 3941 5158 μνημονεῦ-

2363 5196 2454 5231 σαι
2483 5179 2686 5247 ταύτης
2742 5179 2974 5246 ἐπῆλθεν
3006 5179 3208 5241 αὐτοῖς.
3249 5181 3520 5250 Τετράκις
3553 5186 3646 5233 καὶ
3681 5199 3790 5249 γαρ
3844 5185 3939 5234 εῖ-

2364 5289 2522 5342 ρηται
2564 5276 2713 5343 παρά
2740 5273 2828 5324 τὸν
2856 5275 3026 5339 τάφον
3055 5273 3301 5335 ἐλθοῦσα,
3345 5275 3441 5328 καὶ
3482 5276 3642 5328 θείων
3687 5278 3940 5346 ἐμφορη-

2363 5367 2518 5415 θεῐσα
2565 5365 2842 5417 ὀπτασιῶν
2867 5381 2881 5396 ο
2916 5367 2974 5416 τὸ
3032 5367 3132 5433 μὲν
3167 5369 3408 5435 πρῶτον,
3465 5369 3598 5436 μόνη
3625 5383 3638 5397 °
3674 5368 3934 5431 δεύτερον

2361 5453 2439 5517 δὲ,
2469 5457 2607 5522 μετὰ
2636 5457 2733 5523 τῆς
2763 5456 2927 5523 ἄλλης
2955 5457 3200 5525 Μαρίας,
3226 5459 3291 5527 ἢν
3317 5458 3542 5526 Μάρκος
3564 5475 3623 5510 τε
3650 5463 3744 5509 καὶ
3775 5461 3933 5513 Ματ-

2364 5546 2512 5608 θαῖος
2560 5546 2718 5616 Ἰωσῆ
2749 5564 2804 5598 τε
2857 5551 2949 5599 καὶ
2983 5547 3239 5599 Ἰακώϐου
3272 5548 3497 5601 καλοῦσι
3550 5552 3792 5619 μητέραο
3844 5557 3937 5605 καὶ

2358 5639 2564 5706 τρίτον,
2597 5638 2816 5707 σύνάμα
2848 5641 3036 5710 Πέτρῳ
3069 5646 3164 5693 καὶ
3201 5641 3424 5712 Ἰωάννῃ
3457 5646 3597 5695 κατὰ
3628 5644 3727 5712 τὴν
3759 5645 3935 5714 αὐτὴν

2359 5728 2531 5795 ὤραν,
2578 5729 2652 5790 ὥς
2693 5747 2858 5797 φησιν
2897 5732 3150 5800 Ἰωάννης
3176 5749 3191 5766 ο
3227 5734 3511 5801 τέταρτον,
3540 5734 3655 5803 ἅμα
3693 5736 3937 5807 Σαλώμῃ

2359 5824 2452 5872 καὶ
2501 5824 2566 5889 τῇ
2612 5823 2775 5891 ἑτέρᾳ
2822 5825 3032 5892 Μαρία,
3093 5825 3470 5887 ἀνατείλαντος
3513 5827 3606 5878 τοῦ
3659 5829 3936 5896 ήλίου,ὥς

2358 5928 2492 5981 φησι
2523 5913 2771 5982 Μάρκος.
2800 5915 2908 5966 Καὶ
2943 5914 3006 5984 δὴ
3046 5916 3373 5990 προσεκτέον
3421 5918 3665 5986 άκρτδώς
3702 5926 3766 5970 τα
3799 5927 3928 5988 περὶ
