  <div class='ocr_page' id='page_1' title='image "/cluster/home/n/w/nwhite01/storage/ocr_20150623/147/nnc1.0046980555/287.png"; bbox 0 0 4278 6442; ppageno 0'>
   <div class='ocr_carea' id='block_1_1' title="bbox 711 392 818 458">
    <p class='ocr_par' dir='ltr' id='par_1_1' title="bbox 711 392 818 458">
     <span class='ocr_line' id='line_1_1' title="bbox 711 392 818 458; baseline 0.037 -4"><span class='ocrx_word' id='word_1_1' title='bbox 711 392 818 458; x_wconf 80' lang='lat'><strong>563</strong></span> 
     </span>
    </p>
   </div>
   <div class='ocr_carea' id='block_1_2' title="bbox 711 597 2289 671">
    <p class='ocr_par' dir='ltr' id='par_1_2' title="bbox 711 597 2289 671">
     <span class='ocr_line' id='line_1_2' title="bbox 711 597 2289 671; baseline 0.01 -24"><span class='ocrx_word' id='word_1_2' title='bbox 711 598 801 659; x_wconf 75' lang='lat' dir='ltr'><strong>sit,</strong></span> <span class='ocrx_word' id='word_1_3' title='bbox 835 607 891 649; x_wconf 92' lang='lat' dir='ltr'><strong>ut</strong></span> <span class='ocrx_word' id='word_1_4' title='bbox 920 597 1021 653; x_wconf 81' lang='lat' dir='ltr'><strong>ista</strong></span> <span class='ocrx_word' id='word_1_5' title='bbox 1057 600 1240 655; x_wconf 76' lang='lat' dir='ltr'><strong>omnia</strong></span> <span class='ocrx_word' id='word_1_6' title='bbox 1275 602 1599 671; x_wconf 84' lang='lat' dir='ltr'><strong>phantasma</strong></span> <span class='ocrx_word' id='word_1_7' title='bbox 1631 622 1751 659; x_wconf 72' lang='lat' dir='ltr'><strong>esse</strong></span> <span class='ocrx_word' id='word_1_8' title='bbox 1806 608 2076 671; x_wconf 83' lang='lat' dir='ltr'><strong>crederet,</strong></span> <span class='ocrx_word' id='word_1_9' title='bbox 2122 608 2193 662; x_wconf 88' lang='lat' dir='ltr'><strong>ita</strong></span> <span class='ocrx_word' id='word_1_10' title='bbox 2229 617 2289 663; x_wconf 85' lang='lat' dir='ltr'><strong>ut</strong></span> 
     </span>
    </p>
   </div>
   <div class='ocr_carea' id='block_1_3' title="bbox 712 689 2286 767">
    <p class='ocr_par' dir='ltr' id='par_1_3' title="bbox 712 689 2286 767">
     <span class='ocr_line' id='line_1_3' title="bbox 712 689 2286 767; baseline 0.01 -28"><span class='ocrx_word' id='word_1_11' title='bbox 712 689 1000 745; x_wconf 87' lang='lat' dir='ltr'><strong>hominum</strong></span> <span class='ocrx_word' id='word_1_12' title='bbox 1040 708 1215 758; x_wconf 86' lang='lat' dir='ltr'><strong>more,</strong></span> <span class='ocrx_word' id='word_1_13' title='bbox 1254 695 1355 749; x_wconf 83' lang='lat' dir='ltr'><strong>sibi</strong></span> <span class='ocrx_word' id='word_1_14' title='bbox 1379 696 1479 765; x_wconf 78' lang='lat' dir='ltr'><strong>ipsi</strong></span> <span class='ocrx_word' id='word_1_15' title='bbox 1513 696 1803 759; x_wconf 79' lang='lat' dir='ltr'><strong>diﬂideret.</strong></span> <span class='ocrx_word' id='word_1_16' title='bbox 1830 700 2131 767; x_wconf 76' lang='lat' dir='ltr'><strong>pnesertim</strong></span> <span class='ocrx_word' id='word_1_17' title='bbox 2162 716 2286 754; x_wconf 87' lang='lat' dir='ltr'><strong>cum</strong></span> 
     </span>
    </p>
   </div>
   <div class='ocr_carea' id='block_1_4' title="bbox 714 784 2287 859">
    <p class='ocr_par' dir='ltr' id='par_1_4' title="bbox 714 784 2287 859">
     <span class='ocr_line' id='line_1_4' title="bbox 714 784 2287 859; baseline 0.009 -28"><span class='ocrx_word' id='word_1_18' title='bbox 714 784 851 838; x_wconf 71' lang='lat' dir='ltr'><strong>farina</strong></span> <span class='ocrx_word' id='word_1_19' title='bbox 892 784 1127 839; x_wconf 81' lang='lat' dir='ltr'><strong>maxima</strong></span> <span class='ocrx_word' id='word_1_20' title='bbox 1200 802 1324 841; x_wconf 88' lang='lat' dir='ltr'><strong>cum</strong></span> <span class='ocrx_word' id='word_1_21' title='bbox 1382 789 1674 842; x_wconf 73' lang='lat' dir='ltr'><strong>velocitate</strong></span> <span class='ocrx_word' id='word_1_22' title='bbox 1727 790 2068 859; x_wconf 76' lang='lat' dir='ltr'><strong>promulgata</strong></span> <span class='ocrx_word' id='word_1_23' title='bbox 2106 800 2287 853; x_wconf 76' lang='lat' dir='ltr'><strong>esset.</strong></span> 
     </span>
    </p>
   </div>
   <div class='ocr_carea' id='block_1_5' title="bbox 712 874 2291 951">
    <p class='ocr_par' dir='ltr' id='par_1_5' title="bbox 712 874 2291 951">
     <span class='ocr_line' id='line_1_5' title="bbox 712 874 2291 951; baseline 0.009 -27"><span class='ocrx_word' id='word_1_24' title='bbox 712 874 1013 941; x_wconf 72' lang='lat' dir='ltr'><strong>discipulos</strong></span> <span class='ocrx_word' id='word_1_25' title='bbox 1054 887 1219 932; x_wconf 88' lang='lat' dir='ltr'><strong>noctu</strong></span> <span class='ocrx_word' id='word_1_26' title='bbox 1252 894 1453 949; x_wconf 91' lang='lat' dir='ltr'><strong>corpus</strong></span> <span class='ocrx_word' id='word_1_27' title='bbox 1486 883 1603 951; x_wconf 86' lang='lat' dir='ltr'><strong>ejus</strong></span> <span class='ocrx_word' id='word_1_28' title='bbox 1635 881 1847 935; x_wconf 82' lang='lat' dir='ltr'><strong>furatos</strong></span> <span class='ocrx_word' id='word_1_29' title='bbox 1872 897 2017 937; x_wconf 88' lang='lat' dir='ltr'><strong>esse.</strong></span> <span class='ocrx_word' id='word_1_30' title='bbox 2058 882 2164 937; x_wconf 88' lang='lat' dir='ltr'><strong>Sed</strong></span> <span class='ocrx_word' id='word_1_31' title='bbox 2190 898 2291 938; x_wconf 90' lang='lat' dir='ltr'><strong>nec</strong></span> 
     </span>
    </p>
   </div>
   <div class='ocr_carea' id='block_1_6' title="bbox 712 968 2289 1048">
    <p class='ocr_par' dir='ltr' id='par_1_6' title="bbox 712 968 2289 1048">
     <span class='ocr_line' id='line_1_6' title="bbox 712 968 2289 1048; baseline 0.01 -31"><span class='ocrx_word' id='word_1_32' title='bbox 712 968 792 1021; x_wconf 78' lang='lat' dir='ltr'><strong>sic</strong></span> <span class='ocrx_word' id='word_1_33' title='bbox 842 986 869 1021; x_wconf 87' lang='lat' dir='ltr'><strong>a</strong></span> <span class='ocrx_word' id='word_1_34' title='bbox 904 970 1161 1037; x_wconf 81' lang='lat' dir='ltr'><strong>sepulcro</strong></span> <span class='ocrx_word' id='word_1_35' title='bbox 1206 972 1495 1038; x_wconf 82' lang='lat' dir='ltr'><strong>abscessit,</strong></span> <span class='ocrx_word' id='word_1_36' title='bbox 1551 975 1646 1029; x_wconf 88' lang='lat' dir='ltr'><strong>sed</strong></span> <span class='ocrx_word' id='word_1_37' title='bbox 1698 986 1988 1046; x_wconf 88' lang='lat' dir='ltr'><strong>postquam</strong></span> <span class='ocrx_word' id='word_1_38' title='bbox 2031 978 2289 1048; x_wconf 86' lang='lat' dir='ltr'><strong>discipuli</strong></span> 
     </span>
    </p>
   </div>
   <div class='ocr_carea' id='block_1_7' title="bbox 712 1060 2290 1141">
    <p class='ocr_par' dir='ltr' id='par_1_7' title="bbox 712 1060 2290 1141">
     <span class='ocr_line' id='line_1_7' title="bbox 712 1060 2290 1141; baseline 0.01 -30"><span class='ocrx_word' id='word_1_39' title='bbox 712 1060 1003 1124; x_wconf 83' lang='lat' dir='ltr'><strong>abiissent,</strong></span> <span class='ocrx_word' id='word_1_40' title='bbox 1044 1081 1062 1114; x_wconf 83' lang='grc' dir='ltr'><strong>ι</strong></span> <span class='ocrx_word' id='word_1_41' title='bbox 1105 1063 1294 1127; x_wconf 80' lang='lat' dir='ltr'><strong>Maria.</strong></span> <span class='ocrx_word' id='word_1_42' title='bbox 1350 1075 1409 1121; x_wconf 90' lang='lat' dir='ltr'><strong>ut</strong></span> <span class='ocrx_word' id='word_1_43' title='bbox 1441 1066 1677 1136; x_wconf 77' lang='lat' dir='ltr'><strong>legimus</strong></span> <span class='ocrx_word' id='word_1_44' title='bbox 1707 1070 1760 1123; x_wconf 91' lang='lat' dir='ltr'><strong>in</strong></span> <span class='ocrx_word' id='word_1_45' title='bbox 1798 1070 2121 1141; x_wconf 85' lang='lat' dir='ltr'><strong>Scripturis,</strong></span> <span class='ocrx_word' id='word_1_46' title='bbox 2154 1073 2290 1126; x_wconf 85' lang='lat' dir='ltr'><strong>l’oris</strong></span> 
     </span>
    </p>
   </div>
   <div class='ocr_carea' id='block_1_8' title="bbox 712 1154 2287 1233">
    <p class='ocr_par' dir='ltr' id='par_1_8' title="bbox 712 1154 2287 1233">
     <span class='ocr_line' id='line_1_8' title="bbox 712 1154 2287 1233; baseline 0.006 -26"><span class='ocrx_word' id='word_1_47' title='bbox 712 1154 892 1209; x_wconf 78' lang='lat' dir='ltr'><strong>stabat</strong></span> <span class='ocrx_word' id='word_1_48' title='bbox 919 1158 1163 1225; x_wconf 79' lang='lat' dir='ltr'><strong>plorans,</strong></span> <span class='ocrx_word' id='word_1_49' title='bbox 1214 1176 1231 1209; x_wconf 78' lang='grc' dir='ltr'><strong>ι</strong></span> <span class='ocrx_word' id='word_1_50' title='bbox 1270 1174 1396 1213; x_wconf 90' lang='lat' dir='ltr'><strong>cum</strong></span> <span class='ocrx_word' id='word_1_51' title='bbox 1426 1162 1555 1231; x_wconf 87' lang='lat' dir='ltr'><strong>quia</strong></span> <span class='ocrx_word' id='word_1_52' title='bbox 1608 1163 1674 1217; x_wconf 87' lang='lat' dir='ltr'><strong>de</strong></span> <span class='ocrx_word' id='word_1_53' title='bbox 1704 1164 1871 1217; x_wconf 87' lang='lat' dir='ltr'><strong>rebus</strong></span> <span class='ocrx_word' id='word_1_54' title='bbox 1919 1163 2287 1233; x_wconf 86' lang='lat' dir='ltr'><strong>desperasset,</strong></span> 
     </span>
    </p>
   </div>
   <div class='ocr_carea' id='block_1_9' title="bbox 716 1251 2290 1323">
    <p class='ocr_par' dir='ltr' id='par_1_9' title="bbox 716 1251 2290 1323">
     <span class='ocr_line' id='line_1_9' title="bbox 716 1251 2290 1323; baseline 0.007 -23"><span class='ocrx_word' id='word_1_55' title='bbox 716 1258 829 1302; x_wconf 88' lang='lat' dir='ltr'><strong>tum</strong></span> <span class='ocrx_word' id='word_1_56' title='bbox 852 1251 977 1318; x_wconf 86' lang='lat' dir='ltr'><strong>quia</strong></span> <span class='ocrx_word' id='word_1_57' title='bbox 999 1267 1186 1306; x_wconf 78' lang='lat' dir='ltr'><strong>revera</strong></span> <span class='ocrx_word' id='word_1_58' title='bbox 1210 1254 1520 1322; x_wconf 80' lang='lat' dir='ltr'><strong>ignorabat,</strong></span> <span class='ocrx_word' id='word_1_59' title='bbox 1536 1267 1721 1310; x_wconf 92' lang='lat' dir='ltr'><strong>utrum</strong></span> <span class='ocrx_word' id='word_1_60' title='bbox 1750 1256 1911 1311; x_wconf 80' lang='lat' dir='ltr'><strong>furati</strong></span> <span class='ocrx_word' id='word_1_61' title='bbox 1933 1268 2121 1313; x_wconf 87' lang='lat' dir='ltr'><strong>essent</strong></span> <span class='ocrx_word' id='word_1_62' title='bbox 2138 1272 2290 1323; x_wconf 87' lang='lat' dir='ltr'><strong>eum,</strong></span> 
     </span>
    </p>
   </div>
   <div class='ocr_carea' id='block_1_10' title="bbox 716 1340 2290 1405">
    <p class='ocr_par' dir='ltr' id='par_1_10' title="bbox 716 1340 2290 1405">
     <span class='ocr_line' id='line_1_10' title="bbox 716 1340 2290 1405; baseline 0.007 -15"><span class='ocrx_word' id='word_1_63' title='bbox 716 1350 773 1392; x_wconf 89' lang='lat' dir='ltr'><strong>ut</strong></span> <span class='ocrx_word' id='word_1_64' title='bbox 807 1340 948 1395; x_wconf 80' lang='lat' dir='ltr'><strong>fama</strong></span> <span class='ocrx_word' id='word_1_65' title='bbox 983 1351 1122 1404; x_wconf 86' lang='lat' dir='ltr'><strong>erat,</strong></span> <span class='ocrx_word' id='word_1_66' title='bbox 1165 1359 1233 1397; x_wconf 88' lang='lat' dir='ltr'><strong>an</strong></span> <span class='ocrx_word' id='word_1_67' title='bbox 1262 1345 1540 1401; x_wconf 86' lang='lat' dir='ltr'><strong>sublatum</strong></span> <span class='ocrx_word' id='word_1_68' title='bbox 1566 1348 1731 1401; x_wconf 88' lang='lat' dir='ltr'><strong>luerit</strong></span> <span class='ocrx_word' id='word_1_69' title='bbox 1770 1348 1879 1402; x_wconf 90' lang='lat' dir='ltr'><strong>alio</strong></span> <span class='ocrx_word' id='word_1_70' title='bbox 1929 1350 2115 1405; x_wconf 91' lang='lat' dir='ltr'><strong>modo.</strong></span> <span class='ocrx_word' id='word_1_71' title='bbox 2154 1350 2290 1403; x_wconf 84' lang='lat' dir='ltr'><strong>Dum</strong></span> 
     </span>
    </p>
   </div>
   <div class='ocr_carea' id='block_1_11' title="bbox 714 1430 2288 1508">
    <p class='ocr_par' dir='ltr' id='par_1_11' title="bbox 714 1430 2288 1508">
     <span class='ocr_line' id='line_1_11' title="bbox 714 1430 2288 1508; baseline 0.007 -28"><span class='ocrx_word' id='word_1_72' title='bbox 714 1446 844 1497; x_wconf 76' lang='lat' dir='ltr'><strong>ergo</strong></span> <span class='ocrx_word' id='word_1_73' title='bbox 870 1430 1044 1497; x_wconf 85' lang='lat' dir='ltr'><strong>ﬂeret,</strong></span> <span class='ocrx_word' id='word_1_74' title='bbox 1083 1450 1101 1483; x_wconf 82' lang='grc' dir='ltr'><strong>ι</strong></span> <span class='ocrx_word' id='word_1_75' title='bbox 1134 1432 1420 1489; x_wconf 90' lang='lat' dir='ltr'><strong>inclinavit</strong></span> <span class='ocrx_word' id='word_1_76' title='bbox 1449 1452 1529 1498; x_wconf 86' lang='lat' dir='ltr'><strong>se,</strong></span> <span class='ocrx_word' id='word_1_77' title='bbox 1576 1446 1633 1490; x_wconf 91' lang='lat' dir='ltr'><strong>et</strong></span> <span class='ocrx_word' id='word_1_78' title='bbox 1658 1449 1940 1508; x_wconf 74' lang='lat' dir='ltr'><strong>prospexrt</strong></span> <span class='ocrx_word' id='word_1_79' title='bbox 1971 1439 2025 1493; x_wconf 90' lang='lat' dir='ltr'><strong>in</strong></span> <span class='ocrx_word' id='word_1_80' title='bbox 2091 1454 2288 1493; x_wconf 82' lang='lat' dir='ltr'><strong>monu-</strong></span> 
     </span>
    </p>
   </div>
   <div class='ocr_carea' id='block_1_12' title="bbox 714 1527 2289 1601">
    <p class='ocr_par' dir='ltr' id='par_1_12' title="bbox 714 1527 2289 1601">
     <span class='ocr_line' id='line_1_12' title="bbox 714 1527 2289 1601; baseline 0.005 -24"><span class='ocrx_word' id='word_1_81' title='bbox 714 1535 984 1590; x_wconf 77' lang='lat' dir='ltr'><strong>mentum,</strong></span> <span class='ocrx_word' id='word_1_82' title='bbox 1026 1527 1295 1597; x_wconf 68' lang='lat' dir='ltr'><strong>ambiguae</strong></span> <span class='ocrx_word' id='word_1_83' title='bbox 1339 1529 1563 1593; x_wconf 87' lang='lat' dir='ltr'><strong>mentis,</strong></span> <span class='ocrx_word' id='word_1_84' title='bbox 1596 1540 1650 1584; x_wconf 90' lang='lat' dir='ltr'><strong>et</strong></span> <span class='ocrx_word' id='word_1_85' title='bbox 1693 1530 1829 1584; x_wconf 88' lang='lat' dir='ltr'><strong>vidit</strong></span> <span class='ocrx_word' id='word_1_86' title='bbox 1885 1531 2030 1587; x_wconf 90' lang='lat' dir='ltr'><strong>duos</strong></span> <span class='ocrx_word' id='word_1_87' title='bbox 2066 1532 2289 1601; x_wconf 81' lang='lat' dir='ltr'><strong>angelos</strong></span> 
     </span>
    </p>
   </div>
   <div class='ocr_carea' id='block_1_13' title="bbox 717 1617 2292 1692">
    <p class='ocr_par' dir='ltr' id='par_1_13' title="bbox 717 1617 2292 1692">
     <span class='ocr_line' id='line_1_13' title="bbox 717 1617 2292 1692; baseline 0.006 -25"><span class='ocrx_word' id='word_1_88' title='bbox 717 1617 771 1668; x_wconf 89' lang='lat' dir='ltr'><strong>in</strong></span> <span class='ocrx_word' id='word_1_89' title='bbox 800 1617 939 1673; x_wconf 82' lang='lat' dir='ltr'><strong>albis</strong></span> <span class='ocrx_word' id='word_1_90' title='bbox 964 1618 1241 1681; x_wconf 84' lang='lat' dir='ltr'><strong>sedentes,</strong></span> <span class='ocrx_word' id='word_1_91' title='bbox 1298 1635 1468 1674; x_wconf 91' lang='lat' dir='ltr'><strong>unum</strong></span> <span class='ocrx_word' id='word_1_92' title='bbox 1496 1620 1561 1675; x_wconf 92' lang='lat' dir='ltr'><strong>ad</strong></span> <span class='ocrx_word' id='word_1_93' title='bbox 1586 1632 1770 1691; x_wconf 90' lang='lat' dir='ltr'><strong>caput,</strong></span> <span class='ocrx_word' id='word_1_94' title='bbox 1801 1634 1857 1678; x_wconf 90' lang='lat' dir='ltr'><strong>et</strong></span> <span class='ocrx_word' id='word_1_95' title='bbox 1892 1639 2059 1677; x_wconf 88' lang='lat' dir='ltr'><strong>unum</strong></span> <span class='ocrx_word' id='word_1_96' title='bbox 2092 1623 2159 1677; x_wconf 87' lang='lat' dir='ltr'><strong>ad</strong></span> <span class='ocrx_word' id='word_1_97' title='bbox 2196 1638 2292 1692; x_wconf 78' lang='lat' dir='ltr'><strong>pe-</strong></span> 
     </span>
    </p>
   </div>
   <div class='ocr_carea' id='block_1_14' title="bbox 716 1709 2290 1779">
    <p class='ocr_par' dir='ltr' id='par_1_14' title="bbox 716 1709 2290 1779">
     <span class='ocr_line' id='line_1_14' title="bbox 716 1709 2290 1779; baseline 0.003 -19"><span class='ocrx_word' id='word_1_98' title='bbox 716 1709 834 1771; x_wconf 75' lang='lat' dir='ltr'><strong>tlcs,</strong></span> <span class='ocrx_word' id='word_1_99' title='bbox 880 1711 969 1763; x_wconf 89' lang='lat' dir='ltr'><strong>ubi</strong></span> <span class='ocrx_word' id='word_1_100' title='bbox 1014 1710 1256 1779; x_wconf 76' lang='lat' dir='ltr'><strong>positum</strong></span> <span class='ocrx_word' id='word_1_101' title='bbox 1307 1711 1489 1767; x_wconf 80' lang='lat' dir='ltr'><strong>fuerat</strong></span> <span class='ocrx_word' id='word_1_102' title='bbox 1515 1728 1717 1777; x_wconf 88' lang='lat' dir='ltr'><strong>corpus</strong></span> <span class='ocrx_word' id='word_1_103' title='bbox 1770 1714 1921 1768; x_wconf 82' lang='lat' dir='ltr'><strong>Jesu.</strong></span> <span class='ocrx_word' id='word_1_104' title='bbox 1978 1713 2181 1767; x_wconf 89' lang='lat' dir='ltr'><strong>Dicunt</strong></span> <span class='ocrx_word' id='word_1_105' title='bbox 2238 1714 2290 1767; x_wconf 85' lang='lat' dir='ltr'><strong>ei</strong></span> 
     </span>
    </p>
   </div>
   <div class='ocr_carea' id='block_1_15' title="bbox 714 1804 2291 1877">
    <p class='ocr_par' dir='ltr' id='par_1_15' title="bbox 714 1804 2291 1877">
     <span class='ocr_line' id='line_1_15' title="bbox 714 1804 2291 1877; baseline 0.003 -22"><span class='ocrx_word' id='word_1_106' title='bbox 714 1804 791 1857; x_wconf 90' lang='lat' dir='ltr'><strong>illi</strong></span> <span class='ocrx_word' id='word_1_107' title='bbox 819 1825 831 1859; x_wconf 85' lang='lat'>;</span> <span class='ocrx_word' id='word_1_108' title='bbox 857 1805 1067 1869; x_wconf 83' lang='lat' dir='ltr'><strong>Mulier,</strong></span> <span class='ocrx_word' id='word_1_109' title='bbox 1110 1806 1240 1873; x_wconf 89' lang='lat' dir='ltr'><strong>quid</strong></span> <span class='ocrx_word' id='word_1_110' title='bbox 1270 1807 1451 1877; x_wconf 88' lang='lat' dir='ltr'><strong>ploras</strong></span> <span class='ocrx_word' id='word_1_111' title='bbox 1472 1808 1555 1859; x_wconf 67' lang='lat'><strong>“’1</strong></span> <span class='ocrx_word' id='word_1_112' title='bbox 1586 1826 1604 1858; x_wconf 84' lang='grc'>›</span> <span class='ocrx_word' id='word_1_113' title='bbox 1637 1823 1799 1877; x_wconf 87' lang='lat' dir='ltr'><strong>quem</strong></span> <span class='ocrx_word' id='word_1_114' title='bbox 1830 1808 2069 1877; x_wconf 69' lang='lat' dir='ltr'><strong>quaeris?</strong></span> <span class='ocrx_word' id='word_1_115' title='bbox 2109 1805 2291 1861; x_wconf 82' lang='lat' dir='ltr'><strong>Verba</strong></span> 
     </span>
    </p>
   </div>
   <div class='ocr_carea' id='block_1_16' title="bbox 1899 380 2703 465">
    <p class='ocr_par' dir='ltr' id='par_1_16' title="bbox 1899 380 2703 465">
     <span class='ocr_line' id='line_1_16' title="bbox 1899 380 2703 465; baseline 0.007 -7"><span class='ocrx_word' id='word_1_116' title='bbox 1899 399 2318 461; x_wconf 70' lang='lat' dir='ltr'><strong>NICEI‘HORI</strong></span> <span class='ocrx_word' id='word_1_117' title='bbox 2360 380 2703 465; x_wconf 56' lang='lat' dir='ltr'><strong>crtus“</strong></span> 
     </span>
    </p>
   </div>
   <div class='ocr_carea' id='block_1_17' title="bbox 783 505 2364 577">
    <p class='ocr_par' dir='ltr' id='par_1_17' title="bbox 783 505 2364 577">
     <span class='ocr_line' id='line_1_17' title="bbox 783 505 2364 577; baseline 0.008 -20"><span class='ocrx_word' id='word_1_118' title='bbox 783 505 941 557; x_wconf 75' lang='lat' dir='ltr'>XVII.</span> <span class='ocrx_word' id='word_1_119' title='bbox 984 505 1234 561; x_wconf 82' lang='lat' dir='ltr'><strong>Forsitan</strong></span> <span class='ocrx_word' id='word_1_120' title='bbox 1295 508 1525 564; x_wconf 87' lang='lat' dir='ltr'><strong>dubium</strong></span> <span class='ocrx_word' id='word_1_121' title='bbox 1577 512 1790 565; x_wconf 81' lang='lat' dir='ltr'><strong>beatam</strong></span> <span class='ocrx_word' id='word_1_122' title='bbox 1836 514 2094 568; x_wconf 80' lang='lat' dir='ltr'><strong>feminam</strong></span> <span class='ocrx_word' id='word_1_123' title='bbox 2139 520 2291 569; x_wconf 86' lang='lat' dir='ltr'><strong>inva-</strong></span> <span class='ocrx_word' id='word_1_124' title='bbox 2322 524 2364 577; x_wconf 83' lang='grc' dir='ltr'>Λ</span> 
     </span>
    </p>
   </div>
   <div class='ocr_carea' id='block_1_18' title="bbox 2468 517 3971 590">
    <p class='ocr_par' dir='ltr' id='par_1_18' title="bbox 2468 517 3971 590">
     <span class='ocr_line' id='line_1_18' title="bbox 2468 517 3971 590; baseline 0.004 -21"><span class='ocrx_word' id='word_1_125' title='bbox 2468 517 2566 571; x_wconf 88' lang='lat' dir='ltr'><strong>IZ&#39;.</strong></span> <span class='ocrx_word' id='word_1_126' title='bbox 2609 518 2827 588; x_wconf 78' lang='grc' dir='ltr'><strong>Ἀμέλει</strong></span> <span class='ocrx_word' id='word_1_127' title='bbox 2859 518 2954 572; x_wconf 81' lang='grc' dir='ltr'>καὶ</span> <span class='ocrx_word' id='word_1_128' title='bbox 3003 520 3102 589; x_wconf 79' lang='grc' dir='ltr'><strong>τὴν</strong></span> <span class='ocrx_word' id='word_1_129' title='bbox 3137 519 3454 590; x_wconf 74' lang='grc' dir='ltr'><strong>θαυμασίαν</strong></span> <span class='ocrx_word' id='word_1_130' title='bbox 3508 519 3710 589; x_wconf 87' lang='grc' dir='ltr'>ταύτην</span> <span class='ocrx_word' id='word_1_131' title='bbox 3742 526 3971 588; x_wconf 77' lang='grc' dir='ltr'>γυναῖκα</span> 
     </span>
    </p>
   </div>
   <div class='ocr_carea' id='block_1_19' title="bbox 2393 606 3972 682">
    <p class='ocr_par' dir='ltr' id='par_1_19' title="bbox 2393 606 3972 682">
     <span class='ocr_line' id='line_1_19' title="bbox 2393 606 3972 682; baseline 0.005 -25"><span class='ocrx_word' id='word_1_132' title='bbox 2393 606 2473 668; x_wconf 82' lang='grc' dir='ltr'><strong>είς</strong></span> <span class='ocrx_word' id='word_1_133' title='bbox 2502 606 2823 676; x_wconf 78' lang='grc' dir='ltr'>ένδοιασμὸν</span> <span class='ocrx_word' id='word_1_134' title='bbox 2854 607 3209 677; x_wconf 63' lang='grc' dir='ltr'>ἐμϐάλλουσι,</span> <span class='ocrx_word' id='word_1_135' title='bbox 3255 610 3562 677; x_wconf 85' lang='grc' dir='ltr'>φαντασίαν</span> <span class='ocrx_word' id='word_1_136' title='bbox 3605 611 3855 682; x_wconf 79' lang='grc' dir='ltr'><strong>οἰηθῆναι</strong></span> <span class='ocrx_word' id='word_1_137' title='bbox 3910 614 3972 665; x_wconf 84' lang='grc' dir='ltr'><strong>τὸ</strong></span> 
     </span>
    </p>
   </div>
   <div class='ocr_carea' id='block_1_20' title="bbox 2392 697 3973 773">
    <p class='ocr_par' dir='ltr' id='par_1_20' title="bbox 2392 697 3973 773">
     <span class='ocr_line' id='line_1_20' title="bbox 2392 697 3973 773; baseline 0.004 -22"><span class='ocrx_word' id='word_1_138' title='bbox 2392 700 2646 768; x_wconf 81' lang='grc' dir='ltr'>πρᾶγμα.</span> <span class='ocrx_word' id='word_1_139' title='bbox 2672 701 2779 753; x_wconf 76' lang='grc' dir='ltr'><strong>Καὶ</strong></span> <span class='ocrx_word' id='word_1_140' title='bbox 2801 697 2871 772; x_wconf 83' lang='grc' dir='ltr'>ἦν</span> <span class='ocrx_word' id='word_1_141' title='bbox 2894 700 3039 764; x_wconf 80' lang='grc' dir='ltr'>εἰκὸς</span> <span class='ocrx_word' id='word_1_142' title='bbox 3069 702 3163 755; x_wconf 83' lang='grc' dir='ltr'>καὶ</span> <span class='ocrx_word' id='word_1_143' title='bbox 3191 703 3396 772; x_wconf 89' lang='grc' dir='ltr'>ταύτην</span> <span class='ocrx_word' id='word_1_144' title='bbox 3416 702 3757 773; x_wconf 84' lang='grc' dir='ltr'>ἀνθρώπινόν</span> <span class='ocrx_word' id='word_1_145' title='bbox 3786 721 3839 757; x_wconf 92' lang='grc' dir='ltr'><strong>τι</strong></span> <span class='ocrx_word' id='word_1_146' title='bbox 3870 722 3973 758; x_wconf 89' lang='grc' dir='ltr'>πα-</span> 
     </span>
    </p>
   </div>
   <div class='ocr_carea' id='block_1_21' title="bbox 2392 790 3975 865">
    <p class='ocr_par' dir='ltr' id='par_1_21' title="bbox 2392 790 3975 865">
     <span class='ocr_line' id='line_1_21' title="bbox 2392 790 3975 865; baseline 0.003 -22"><span class='ocrx_word' id='word_1_147' title='bbox 2392 790 2526 856; x_wconf 88' lang='grc' dir='ltr'>θεῖν,</span> <span class='ocrx_word' id='word_1_148' title='bbox 2566 793 2661 845; x_wconf 78' lang='grc' dir='ltr'>καὶ</span> <span class='ocrx_word' id='word_1_149' title='bbox 2694 793 3000 846; x_wconf 83' lang='grc' dir='ltr'>διαπιστεῖν</span> <span class='ocrx_word' id='word_1_150' title='bbox 3032 794 3222 863; x_wconf 76' lang='grc' dir='ltr'>ἑαυτῇ,</span> <span class='ocrx_word' id='word_1_151' title='bbox 3264 796 3360 847; x_wconf 71' lang='grc' dir='ltr'><strong>καὶ</strong></span> <span class='ocrx_word' id='word_1_152' title='bbox 3409 793 3582 847; x_wconf 88' lang='grc' dir='ltr'>ταῦτα</span> <span class='ocrx_word' id='word_1_153' title='bbox 3634 795 3734 863; x_wconf 86' lang='grc' dir='ltr'><strong>τῆς</strong></span> <span class='ocrx_word' id='word_1_154' title='bbox 3782 797 3975 865; x_wconf 69' lang='grc' dir='ltr'>φήμης</span> 
     </span>
    </p>
   </div>
   <div class='ocr_carea' id='block_1_22' title="bbox 2390 883 3976 956">
    <p class='ocr_par' dir='ltr' id='par_1_22' title="bbox 2390 883 3976 956">
     <span class='ocr_line' id='line_1_22' title="bbox 2390 883 3976 956; baseline 0.003 -21"><span class='ocrx_word' id='word_1_155' title='bbox 2390 884 2547 952; x_wconf 82' lang='grc' dir='ltr'>ταχεῖ</span> <span class='ocrx_word' id='word_1_156' title='bbox 2578 883 2658 953; x_wconf 87' lang='grc' dir='ltr'>τῷ</span> <span class='ocrx_word' id='word_1_157' title='bbox 2690 884 2876 955; x_wconf 87' lang='grc' dir='ltr'>πτερῷ</span> <span class='ocrx_word' id='word_1_158' title='bbox 2908 886 3285 955; x_wconf 82' lang='grc' dir='ltr'>χρησαμένης,</span> <span class='ocrx_word' id='word_1_159' title='bbox 3320 887 3403 939; x_wconf 81' lang='grc' dir='ltr'><strong>ὅτι</strong></span> <span class='ocrx_word' id='word_1_160' title='bbox 3430 886 3624 949; x_wconf 74' lang='grc' dir='ltr'>νυκτὸς</span> <span class='ocrx_word' id='word_1_161' title='bbox 3654 890 3701 939; x_wconf 80' lang='grc' dir='ltr'>οἱ</span> <span class='ocrx_word' id='word_1_162' title='bbox 3733 888 3976 956; x_wconf 78' lang='grc' dir='ltr'>μαθηταὶ</span> 
     </span>
    </p>
   </div>
   <div class='ocr_carea' id='block_1_23' title="bbox 2392 977 3975 1049">
    <p class='ocr_par' dir='ltr' id='par_1_23' title="bbox 2392 977 3975 1049">
     <span class='ocr_line' id='line_1_23' title="bbox 2392 977 3975 1049; baseline 0.001 -20"><span class='ocrx_word' id='word_1_163' title='bbox 2392 977 2558 1030; x_wconf 84' lang='grc' dir='ltr'>αὑτοῦ</span> <span class='ocrx_word' id='word_1_164' title='bbox 2581 977 2826 1041; x_wconf 77' lang='grc' dir='ltr'><strong>ἐλθόντες</strong></span> <span class='ocrx_word' id='word_1_165' title='bbox 2856 978 3091 1048; x_wconf 70' lang='grc' dir='ltr'>ἔκλεψαν</span> <span class='ocrx_word' id='word_1_166' title='bbox 3125 979 3311 1033; x_wconf 83' lang='grc' dir='ltr'>αὐτόν.</span> <span class='ocrx_word' id='word_1_167' title='bbox 3356 978 3497 1032; x_wconf 81' lang='grc' dir='ltr'>Ἀλλ’</span> <span class='ocrx_word' id='word_1_168' title='bbox 3518 978 3693 1042; x_wconf 82' lang='grc' dir='ltr'>οὕτως</span> <span class='ocrx_word' id='word_1_169' title='bbox 3736 982 3975 1049; x_wconf 74' lang='grc' dir='ltr'>ἐμφισὸ-</span> 
     </span>
    </p>
   </div>
   <div class='ocr_carea' id='block_1_24' title="bbox 2392 1070 3973 1143">
    <p class='ocr_par' dir='ltr' id='par_1_24' title="bbox 2392 1070 3973 1143">
     <span class='ocr_line' id='line_1_24' title="bbox 2392 1070 3973 1143; baseline 0 -20"><span class='ocrx_word' id='word_1_170' title='bbox 2392 1071 2500 1134; x_wconf 89' lang='grc' dir='ltr'><strong>λως</strong></span> <span class='ocrx_word' id='word_1_171' title='bbox 2556 1070 2777 1142; x_wconf 76' lang='grc' dir='ltr'>ἔχουσα,</span> <span class='ocrx_word' id='word_1_172' title='bbox 2812 1072 2965 1141; x_wconf 80' lang='grc' dir='ltr'>ὅμως</span> <span class='ocrx_word' id='word_1_173' title='bbox 3020 1072 3121 1124; x_wconf 73' lang='grc' dir='ltr'><strong>οὐκ</strong></span> <span class='ocrx_word' id='word_1_174' title='bbox 3195 1072 3464 1141; x_wconf 78' lang='grc' dir='ltr'><strong>ἀφίστατο</strong></span> <span class='ocrx_word' id='word_1_175' title='bbox 3518 1072 3616 1126; x_wconf 88' lang='grc' dir='ltr'><strong>τοῦ</strong></span> <span class='ocrx_word' id='word_1_176' title='bbox 3674 1076 3973 1143; x_wconf 79' lang='grc' dir='ltr'><strong>μνημείου,</strong></span> 
     </span>
    </p>
   </div>
   <div class='ocr_carea' id='block_1_25' title="bbox 2391 1162 3975 1234">
    <p class='ocr_par' dir='ltr' id='par_1_25' title="bbox 2391 1162 3975 1234">
     <span class='ocr_line' id='line_1_25' title="bbox 2391 1162 3975 1234; baseline 0.001 -18"><span class='ocrx_word' id='word_1_177' title='bbox 2391 1162 2529 1216; x_wconf 83' lang='grc' dir='ltr'>ἀλλὰ</span> <span class='ocrx_word' id='word_1_178' title='bbox 2569 1164 2664 1215; x_wconf 77' lang='grc' dir='ltr'><strong>καὶ</strong></span> <span class='ocrx_word' id='word_1_179' title='bbox 2692 1162 2803 1215; x_wconf 88' lang='grc' dir='ltr'><strong>τῶν</strong></span> <span class='ocrx_word' id='word_1_180' title='bbox 2838 1162 3101 1234; x_wconf 76' lang='grc' dir='ltr'><strong>μαθητῶν</strong></span> <span class='ocrx_word' id='word_1_181' title='bbox 3136 1163 3380 1217; x_wconf 79' lang='grc' dir='ltr'>ἐκποδὼν</span> <span class='ocrx_word' id='word_1_182' title='bbox 3402 1166 3731 1233; x_wconf 85' lang='grc' dir='ltr'>γενομένων,</span> <span class='ocrx_word' id='word_1_183' title='bbox 3764 1165 3975 1233; x_wconf 86' lang='grc' dir='ltr'>Μαρία,</span> 
     </span>
    </p>
   </div>
   <div class='ocr_carea' id='block_1_26' title="bbox 2395 1255 3977 1326">
    <p class='ocr_par' dir='ltr' id='par_1_26' title="bbox 2395 1255 3977 1326">
     <span class='ocr_line' id='line_1_26' title="bbox 2395 1255 3977 1326; baseline 0.001 -20"><span class='ocrx_word' id='word_1_184' title='bbox 2395 1256 2580 1323; x_wconf 67' lang='grc' dir='ltr'>φησὶν,</span> <span class='ocrx_word' id='word_1_185' title='bbox 2615 1255 2861 1326; x_wconf 79' lang='grc' dir='ltr'><strong>εἱστήκει</strong></span> <span class='ocrx_word' id='word_1_186' title='bbox 2896 1255 3160 1309; x_wconf 77' lang='grc' dir='ltr'>κλαίουσα</span> <span class='ocrx_word' id='word_1_187' title='bbox 3189 1255 3317 1323; x_wconf 72' lang='grc' dir='ltr'>ἔξω,</span> <span class='ocrx_word' id='word_1_188' title='bbox 3370 1256 3430 1309; x_wconf 86' lang='grc' dir='ltr'><strong>τὸ</strong></span> <span class='ocrx_word' id='word_1_189' title='bbox 3467 1256 3568 1325; x_wconf 66' lang='grc' dir='ltr'>μὲν</span> <span class='ocrx_word' id='word_1_190' title='bbox 3594 1255 3669 1319; x_wconf 84' lang='grc' dir='ltr'>ὡς</span> <span class='ocrx_word' id='word_1_191' title='bbox 3702 1256 3800 1324; x_wconf 82' lang='grc' dir='ltr'><strong>τῆς</strong></span> <span class='ocrx_word' id='word_1_192' title='bbox 3824 1255 3977 1307; x_wconf 73' lang='grc' dir='ltr'>ἐλπί-</span> 
     </span>
    </p>
   </div>
   <div class='ocr_carea' id='block_1_27' title="bbox 2392 1348 3976 1420">
    <p class='ocr_par' dir='ltr' id='par_1_27' title="bbox 2392 1348 3976 1420">
     <span class='ocr_line' id='line_1_27' title="bbox 2392 1348 3976 1420; baseline -0.003 -17"><span class='ocrx_word' id='word_1_193' title='bbox 2392 1351 2480 1412; x_wconf 86' lang='grc' dir='ltr'><strong>δος</strong></span> <span class='ocrx_word' id='word_1_194' title='bbox 2509 1349 2865 1417; x_wconf 90' lang='grc' dir='ltr'>διαπεσοῦσα,</span> <span class='ocrx_word' id='word_1_195' title='bbox 2919 1349 2981 1402; x_wconf 84' lang='grc' dir='ltr'><strong>τδ</strong></span> <span class='ocrx_word' id='word_1_196' title='bbox 3025 1348 3071 1403; x_wconf 78' lang='grc' dir='ltr'>δ’</span> <span class='ocrx_word' id='word_1_197' title='bbox 3099 1349 3182 1403; x_wconf 83' lang='grc' dir='ltr'>ὅτι</span> <span class='ocrx_word' id='word_1_198' title='bbox 3239 1350 3335 1403; x_wconf 81' lang='grc' dir='ltr'>καὶ</span> <span class='ocrx_word' id='word_1_199' title='bbox 3382 1348 3459 1420; x_wconf 82' lang='grc' dir='ltr'>μὴ</span> <span class='ocrx_word' id='word_1_200' title='bbox 3514 1348 3714 1402; x_wconf 80' lang='grc' dir='ltr'>ειδέναι</span> <span class='ocrx_word' id='word_1_201' title='bbox 3753 1348 3976 1416; x_wconf 76' lang='grc' dir='ltr'>ἔχουσα,</span> 
     </span>
    </p>
   </div>
   <div class='ocr_carea' id='block_1_28' title="bbox 2394 1440 3975 1513">
    <p class='ocr_par' dir='ltr' id='par_1_28' title="bbox 2394 1440 3975 1513">
     <span class='ocr_line' id='line_1_28' title="bbox 2394 1440 3975 1513; baseline -0.001 -19"><span class='ocrx_word' id='word_1_202' title='bbox 2394 1441 2495 1495; x_wconf 72' lang='grc' dir='ltr'>εἶτ’</span> <span class='ocrx_word' id='word_1_203' title='bbox 2550 1442 2789 1511; x_wconf 84' lang='grc' dir='ltr'>έκλάπη,</span> <span class='ocrx_word' id='word_1_204' title='bbox 2840 1441 2917 1505; x_wconf 85' lang='grc' dir='ltr'><strong>ῶς</strong></span> <span class='ocrx_word' id='word_1_205' title='bbox 2975 1440 3157 1510; x_wconf 82' lang='grc' dir='ltr'>λόγος,</span> <span class='ocrx_word' id='word_1_206' title='bbox 3186 1441 3284 1494; x_wconf 83' lang='grc' dir='ltr'>εῑτ’</span> <span class='ocrx_word' id='word_1_207' title='bbox 3316 1442 3501 1513; x_wconf 81' lang='grc' dir='ltr'>ῆρθη’</span> <span class='ocrx_word' id='word_1_208' title='bbox 3562 1442 3661 1495; x_wconf 78' lang='grc' dir='ltr'>καὶ</span> <span class='ocrx_word' id='word_1_209' title='bbox 3708 1441 3975 1495; x_wconf 77' lang='grc' dir='ltr'>κλαίουσα</span> 
     </span>
    </p>
   </div>
   <div class='ocr_carea' id='block_1_29' title="bbox 2399 1534 3977 1606">
    <p class='ocr_par' dir='ltr' id='par_1_29' title="bbox 2399 1534 3977 1606">
     <span class='ocr_line' id='line_1_29' title="bbox 2399 1534 3977 1606; baseline -0.001 -19"><span class='ocrx_word' id='word_1_210' title='bbox 2399 1555 2416 1587; x_wconf 83' lang='grc' dir='ltr'><strong>ι</strong></span> <span class='ocrx_word' id='word_1_211' title='bbox 2453 1534 2805 1606; x_wconf 84' lang='grc' dir='ltr'>παρακύπτει</span> <span class='ocrx_word' id='word_1_212' title='bbox 2829 1534 2998 1589; x_wconf 83' lang='grc' dir='ltr'>πάλιν</span> <span class='ocrx_word' id='word_1_213' title='bbox 3034 1536 3114 1597; x_wconf 84' lang='grc' dir='ltr'><strong>είς</strong></span> <span class='ocrx_word' id='word_1_214' title='bbox 3142 1536 3203 1589; x_wconf 82' lang='grc' dir='ltr'>τὺ</span> <span class='ocrx_word' id='word_1_215' title='bbox 3222 1536 3490 1606; x_wconf 85' lang='grc' dir='ltr'>μνημεῖον</span> <span class='ocrx_word' id='word_1_216' title='bbox 3515 1534 3595 1588; x_wconf 77' lang='grc' dir='ltr'>ἐτι</span> <span class='ocrx_word' id='word_1_217' title='bbox 3616 1535 3977 1588; x_wconf 82' lang='grc' dir='ltr'>διαπιστοῦσα</span> 
     </span>
    </p>
   </div>
   <div class='ocr_carea' id='block_1_30' title="bbox 2418 1626 3975 1698">
    <p class='ocr_par' dir='ltr' id='par_1_30' title="bbox 2418 1626 3975 1698">
     <span class='ocr_line' id='line_1_30' title="bbox 2418 1626 3975 1698; baseline -0.002 -17"><span class='ocrx_word' id='word_1_218' title='bbox 2418 1630 2519 1681; x_wconf 79' lang='grc' dir='ltr'>καὶ</span> <span class='ocrx_word' id='word_1_219' title='bbox 2552 1629 2761 1698; x_wconf 87' lang='grc' dir='ltr'>θεωρεῖ</span> <span class='ocrx_word' id='word_1_220' title='bbox 2795 1626 2890 1681; x_wconf 89' lang='grc' dir='ltr'><strong>δύο</strong></span> <span class='ocrx_word' id='word_1_221' title='bbox 2917 1626 3186 1695; x_wconf 76' lang='grc' dir='ltr'><strong>ἀγγέλους</strong></span> <span class='ocrx_word' id='word_1_222' title='bbox 3219 1630 3277 1681; x_wconf 84' lang='grc' dir='ltr'>ὲν</span> <span class='ocrx_word' id='word_1_223' title='bbox 3306 1627 3524 1690; x_wconf 83' lang='grc' dir='ltr'>λευκοῖς</span> <span class='ocrx_word' id='word_1_224' title='bbox 3554 1626 3975 1697; x_wconf 76' lang='grc' dir='ltr'>καθεζομένους,</span> 
     </span>
    </p>
   </div>
   <div class='ocr_carea' id='block_1_31' title="bbox 2394 1719 3977 1793">
    <p class='ocr_par' dir='ltr' id='par_1_31' title="bbox 2394 1719 3977 1793">
     <span class='ocr_line' id='line_1_31' title="bbox 2394 1719 3977 1793; baseline -0.003 -20"><span class='ocrx_word' id='word_1_225' title='bbox 2394 1721 2489 1774; x_wconf 71' lang='grc' dir='ltr'>ἕνα</span> <span class='ocrx_word' id='word_1_226' title='bbox 2532 1720 2668 1791; x_wconf 76' lang='grc' dir='ltr'>πρὸς</span> <span class='ocrx_word' id='word_1_227' title='bbox 2700 1723 2766 1791; x_wconf 79' lang='grc' dir='ltr'>τῇ</span> <span class='ocrx_word' id='word_1_228' title='bbox 2798 1719 3035 1793; x_wconf 77' lang='grc' dir='ltr'>κεφαλῇ,</span> <span class='ocrx_word' id='word_1_229' title='bbox 3071 1719 3165 1773; x_wconf 78' lang='grc' dir='ltr'><strong>καὶ</strong></span> <span class='ocrx_word' id='word_1_230' title='bbox 3197 1719 3295 1772; x_wconf 72' lang='grc' dir='ltr'><strong>ἕνα</strong></span> <span class='ocrx_word' id='word_1_231' title='bbox 3316 1719 3455 1790; x_wconf 84' lang='grc' dir='ltr'>πρὸς</span> <span class='ocrx_word' id='word_1_232' title='bbox 3480 1721 3595 1784; x_wconf 76' lang='grc' dir='ltr'>τοῖς</span> <span class='ocrx_word' id='word_1_233' title='bbox 3632 1720 3811 1785; x_wconf 69' lang='grc' dir='ltr'>ποσὶν,</span> <span class='ocrx_word' id='word_1_234' title='bbox 3841 1720 3977 1770; x_wconf 79' lang='grc' dir='ltr'>ὅπου</span> 
     </span>
    </p>
   </div>
   <div class='ocr_carea' id='block_1_32' title="bbox 2396 1812 3978 1883">
    <p class='ocr_par' dir='ltr' id='par_1_32' title="bbox 2396 1812 3978 1883">
     <span class='ocr_line' id='line_1_32' title="bbox 2396 1812 3978 1883; baseline -0.002 -17"><span class='ocrx_word' id='word_1_235' title='bbox 2396 1813 2575 1866; x_wconf 76' lang='grc' dir='ltr'>ἔκειτο</span> <span class='ocrx_word' id='word_1_236' title='bbox 2604 1814 2665 1866; x_wconf 81' lang='grc' dir='ltr'>τὸ</span> <span class='ocrx_word' id='word_1_237' title='bbox 2705 1814 2865 1883; x_wconf 87' lang='grc' dir='ltr'>σῶμα</span> <span class='ocrx_word' id='word_1_238' title='bbox 2896 1812 2994 1867; x_wconf 89' lang='grc' dir='ltr'><strong>τοῦ</strong></span> <span class='ocrx_word' id='word_1_239' title='bbox 3025 1812 3200 1883; x_wconf 84' lang='grc' dir='ltr'>Ἰησοῦ</span> <span class='ocrx_word' id='word_1_240' title='bbox 3228 1829 3242 1844; x_wconf 88' lang='grc'><strong>·</strong></span> <span class='ocrx_word' id='word_1_241' title='bbox 3274 1814 3371 1867; x_wconf 76' lang='grc' dir='ltr'>καὶ</span> <span class='ocrx_word' id='word_1_242' title='bbox 3399 1814 3654 1880; x_wconf 85' lang='grc' dir='ltr'>λέγουσιν</span> <span class='ocrx_word' id='word_1_243' title='bbox 3679 1813 3815 1882; x_wconf 82' lang='grc' dir='ltr'><strong>αὑτῇ</strong></span> <span class='ocrx_word' id='word_1_244' title='bbox 3843 1814 3978 1865; x_wconf 79' lang='grc' dir='ltr'>ἐκεῖ·</span> 
     </span>
    </p>
   </div>
   <div class='ocr_carea' id='block_1_33' title="bbox 715 1884 2404 1973">
    <p class='ocr_par' dir='ltr' id='par_1_33' title="bbox 715 1884 2404 1969">
     <span class='ocr_line' id='line_1_33' title="bbox 715 1884 2404 1969; baseline 0.003 -21"><span class='ocrx_word' id='word_1_245' title='bbox 715 1914 846 1949; x_wconf 80' lang='lat' dir='ltr'><strong>saue</strong></span> <span class='ocrx_word' id='word_1_246' title='bbox 875 1897 1265 1966; x_wconf 78' lang='lat' dir='ltr'><strong>exprobrantia</strong></span> <span class='ocrx_word' id='word_1_247' title='bbox 1306 1899 1647 1953; x_wconf 84' lang='lat' dir='ltr'><strong>dicentium:</strong></span> <span class='ocrx_word' id='word_1_248' title='bbox 1680 1900 1895 1965; x_wconf 82' lang='lat' dir='ltr'><strong>Mulier,</strong></span> <span class='ocrx_word' id='word_1_249' title='bbox 1958 1908 2083 1969; x_wconf 92' lang='lat' dir='ltr'><strong>post</strong></span> <span class='ocrx_word' id='word_1_250' title='bbox 2122 1899 2285 1953; x_wconf 87' lang='lat' dir='ltr'><strong>talem</strong></span> <span class='ocrx_word' id='word_1_251' title='bbox 2324 1884 2404 1953; x_wconf 58' lang='lat' dir='ltr'><strong>Bi</strong></span> 
     </span>
    </p>
   </div>
   <div class='ocr_carea' id='block_1_34' title="bbox 2288 1884 3977 1973">
    <p class='ocr_par' dir='ltr' id='par_1_34' title="bbox 2324 1884 3977 1973">
     <span class='ocr_line' id='line_1_34' title="bbox 2324 1884 3977 1973; baseline -0.001 -18"><span class='ocrx_word' id='word_1_252' title='bbox 2324 1884 2365 1942; x_wconf 77' lang='grc' dir='ltr'><strong>Β</strong></span> <span class='ocrx_word' id='word_1_253' title='bbox 2392 1920 2493 1970; x_wconf 88' lang='grc' dir='ltr'>νοι,</span> <span class='ocrx_word' id='word_1_254' title='bbox 2526 1903 2709 1968; x_wconf 83' lang='grc' dir='ltr'>Γύναι,</span> <span class='ocrx_word' id='word_1_255' title='bbox 2744 1903 2797 1954; x_wconf 89' lang='grc' dir='ltr'><strong>τί</strong></span> <span class='ocrx_word' id='word_1_256' title='bbox 2826 1903 3075 1968; x_wconf 88' lang='grc' dir='ltr'>κλαίεις;</span> <span class='ocrx_word' id='word_1_257' title='bbox 3101 1902 3221 1956; x_wconf 90' lang='grc' dir='ltr'>τίνα</span> <span class='ocrx_word' id='word_1_258' title='bbox 3251 1903 3468 1973; x_wconf 64' lang='lat' dir='ltr'><strong>(quiq;</strong></span> <span class='ocrx_word' id='word_1_259' title='bbox 3506 1921 3524 1954; x_wconf 68' lang='grc' dir='ltr'><strong>ι</strong></span> <span class='ocrx_word' id='word_1_260' title='bbox 3568 1902 3770 1955; x_wconf 67' lang='grc' dir='ltr'>ὡσανεὶ</span> <span class='ocrx_word' id='word_1_261' title='bbox 3799 1906 3977 1954; x_wconf 72' lang='grc' dir='ltr'>ἐπιτι-</span> 
     </span>
    </p>
   </div>
   <div class='ocr_carea' id='block_1_35' title="bbox 714 1989 2293 2060">
    <p class='ocr_par' dir='ltr' id='par_1_35' title="bbox 714 1989 2293 2060">
     <span class='ocr_line' id='line_1_35' title="bbox 714 1989 2293 2060; baseline 0.001 -21"><span class='ocrx_word' id='word_1_262' title='bbox 714 1990 917 2050; x_wconf 80' lang='lat' dir='ltr'><strong>\isum,</strong></span> <span class='ocrx_word' id='word_1_263' title='bbox 967 1990 1099 2059; x_wconf 90' lang='lat' dir='ltr'><strong>quid</strong></span> <span class='ocrx_word' id='word_1_264' title='bbox 1141 1991 1357 2059; x_wconf 82' lang='lat' dir='ltr'><strong>ploras?</strong></span> <span class='ocrx_word' id='word_1_265' title='bbox 1389 1991 1734 2045; x_wconf 90' lang='lat' dir='ltr'><strong>muliebriter</strong></span> <span class='ocrx_word' id='word_1_266' title='bbox 1770 1992 2034 2060; x_wconf 87' lang='lat' dir='ltr'><strong>desperas</strong></span> <span class='ocrx_word' id='word_1_267' title='bbox 2073 1989 2144 2044; x_wconf 91' lang='lat' dir='ltr'><strong>de</strong></span> <span class='ocrx_word' id='word_1_268' title='bbox 2206 1990 2293 2041; x_wconf 85' lang='lat' dir='ltr'><strong>his</strong></span> 
     </span>
    </p>
   </div>
   <div class='ocr_carea' id='block_1_36' title="bbox 715 2084 2290 2154">
    <p class='ocr_par' dir='ltr' id='par_1_36' title="bbox 715 2084 2290 2154">
     <span class='ocr_line' id='line_1_36' title="bbox 715 2084 2290 2154; baseline 0.001 -19"><span class='ocrx_word' id='word_1_269' title='bbox 715 2086 992 2144; x_wconf 85' lang='lat' dir='ltr'><strong>omnibus.</strong></span> <span class='ocrx_word' id='word_1_270' title='bbox 1042 2092 1097 2137; x_wconf 86' lang='lat' dir='ltr'><strong>et</strong></span> <span class='ocrx_word' id='word_1_271' title='bbox 1143 2100 1398 2153; x_wconf 82' lang='lat' dir='ltr'><strong>magnum</strong></span> <span class='ocrx_word' id='word_1_272' title='bbox 1459 2085 1588 2152; x_wconf 88' lang='lat' dir='ltr'><strong>quid</strong></span> <span class='ocrx_word' id='word_1_273' title='bbox 1640 2085 1890 2154; x_wconf 73' lang='lat' dir='ltr'><strong>judicare</strong></span> <span class='ocrx_word' id='word_1_274' title='bbox 1946 2099 2055 2137; x_wconf 91' lang='lat' dir='ltr'><strong>non</strong></span> <span class='ocrx_word' id='word_1_275' title='bbox 2120 2084 2290 2136; x_wconf 83' lang='lat' dir='ltr'><strong>vales.</strong></span> 
     </span>
    </p>
   </div>
   <div class='ocr_carea' id='block_1_37' title="bbox 714 2176 2291 2247">
    <p class='ocr_par' dir='ltr' id='par_1_37' title="bbox 714 2176 2291 2247">
     <span class='ocr_line' id='line_1_37' title="bbox 714 2176 2291 2247; baseline -0.003 -18"><span class='ocrx_word' id='word_1_276' title='bbox 714 2182 885 2243; x_wconf 76' lang='lat' dir='ltr'><strong>Quem</strong></span> <span class='ocrx_word' id='word_1_277' title='bbox 924 2180 1162 2245; x_wconf 65' lang='lat' dir='ltr'><strong>quaeris?</strong></span> <span class='ocrx_word' id='word_1_278' title='bbox 1196 2195 1357 2247; x_wconf 90' lang='lat' dir='ltr'><strong>quem</strong></span> <span class='ocrx_word' id='word_1_279' title='bbox 1390 2178 1613 2231; x_wconf 83' lang='lat' dir='ltr'><strong>vidisti?</strong></span> <span class='ocrx_word' id='word_1_280' title='bbox 1643 2180 1931 2246; x_wconf 87' lang='lat' dir='ltr'><strong>cujusnam</strong></span> <span class='ocrx_word' id='word_1_281' title='bbox 1961 2176 2129 2245; x_wconf 84' lang='lat' dir='ltr'><strong>pedes</strong></span> <span class='ocrx_word' id='word_1_282' title='bbox 2164 2176 2291 2229; x_wconf 85' lang='lat' dir='ltr'><strong>teti—</strong></span> 
     </span>
    </p>
   </div>
   <div class='ocr_carea' id='block_1_38' title="bbox 718 2267 2294 2341">
    <p class='ocr_par' dir='ltr' id='par_1_38' title="bbox 718 2267 2294 2341">
     <span class='ocr_line' id='line_1_38' title="bbox 718 2267 2294 2341; baseline -0.003 -18"><span class='ocrx_word' id='word_1_283' title='bbox 718 2274 885 2337; x_wconf 65' lang='grc' dir='ltr'><strong>ιςὶδιίἳ</strong></span> <span class='ocrx_word' id='word_1_284' title='bbox 924 2275 1048 2341; x_wconf 81' lang='lat' dir='ltr'><strong>quis</strong></span> <span class='ocrx_word' id='word_1_285' title='bbox 1088 2284 1137 2325; x_wconf 92' lang='lat' dir='ltr'><strong>te</strong></span> <span class='ocrx_word' id='word_1_286' title='bbox 1171 2273 1443 2325; x_wconf 67' lang='lat' dir='ltr'><strong>allocutus</strong></span> <span class='ocrx_word' id='word_1_287' title='bbox 1482 2273 1609 2325; x_wconf 83' lang='lat' dir='ltr'><strong>est?</strong></span> <span class='ocrx_word' id='word_1_288' title='bbox 1660 2272 1805 2324; x_wconf 90' lang='lat' dir='ltr'><strong>hunc</strong></span> <span class='ocrx_word' id='word_1_289' title='bbox 1854 2270 2021 2339; x_wconf 67' lang='lat' dir='ltr'><strong>igitur</strong></span> <span class='ocrx_word' id='word_1_290' title='bbox 2055 2267 2294 2337; x_wconf 65' lang='lat' dir='ltr'><strong>quaeris?</strong></span> 
     </span>
    </p>
   </div>
   <div class='ocr_carea' id='block_1_39' title="bbox 716 2362 2292 2422">
    <p class='ocr_par' dir='ltr' id='par_1_39' title="bbox 716 2362 2292 2422">
     <span class='ocr_line' id='line_1_39' title="bbox 716 2362 2292 2422; baseline -0.005 -2"><span class='ocrx_word' id='word_1_291' title='bbox 716 2368 856 2422; x_wconf 72' lang='lat' dir='ltr'><strong>Dicit</strong></span> <span class='ocrx_word' id='word_1_292' title='bbox 892 2370 956 2417; x_wconf 76' lang='lat' dir='ltr'><strong>iis</strong></span> <span class='ocrx_word' id='word_1_293' title='bbox 992 2388 1002 2420; x_wconf 90' lang='lat'><strong>:</strong></span> <span class='ocrx_word' id='word_1_294' title='bbox 1051 2388 1067 2417; x_wconf 82' lang='grc' dir='ltr'><strong>ι</strong></span> <span class='ocrx_word' id='word_1_295' title='bbox 1113 2365 1383 2419; x_wconf 78' lang='lat' dir='ltr'><strong>Tulerunt</strong></span> <span class='ocrx_word' id='word_1_296' title='bbox 1410 2365 1700 2418; x_wconf 88' lang='lat' dir='ltr'><strong>Dominum</strong></span> <span class='ocrx_word' id='word_1_297' title='bbox 1752 2378 1933 2415; x_wconf 88' lang='lat' dir='ltr'><strong>metnn</strong></span> <span class='ocrx_word' id='word_1_298' title='bbox 1988 2362 2056 2414; x_wconf 88' lang='lat' dir='ltr'><strong>de</strong></span> <span class='ocrx_word' id='word_1_299' title='bbox 2094 2376 2292 2413; x_wconf 84' lang='lat' dir='ltr'><strong>monu-</strong></span> 
     </span>
    </p>
   </div>
   <div class='ocr_carea' id='block_1_40' title="bbox 718 2453 2294 2526">
    <p class='ocr_par' dir='ltr' id='par_1_40' title="bbox 718 2453 2294 2526">
     <span class='ocr_line' id='line_1_40' title="bbox 718 2453 2294 2526; baseline -0.006 -13"><span class='ocrx_word' id='word_1_300' title='bbox 718 2473 921 2526; x_wconf 86' lang='lat' dir='ltr'><strong>mento,</strong></span> <span class='ocrx_word' id='word_1_301' title='bbox 952 2473 1006 2515; x_wconf 91' lang='lat' dir='ltr'><strong>et</strong></span> <span class='ocrx_word' id='word_1_302' title='bbox 1034 2461 1218 2513; x_wconf 86' lang='lat' dir='ltr'><strong>nescio</strong></span> <span class='ocrx_word' id='word_1_303' title='bbox 1246 2459 1336 2512; x_wconf 92' lang='lat' dir='ltr'><strong>ubi</strong></span> <span class='ocrx_word' id='word_1_304' title='bbox 1380 2467 1681 2526; x_wconf 88' lang='lat' dir='ltr'><strong>posuerunt</strong></span> <span class='ocrx_word' id='word_1_305' title='bbox 1709 2472 1835 2509; x_wconf 90' lang='lat' dir='ltr'><strong>eum</strong></span> <span class='ocrx_word' id='word_1_306' title='bbox 1864 2457 1927 2508; x_wconf 80' lang='lat'><strong>&quot;.</strong></span> <span class='ocrx_word' id='word_1_307' title='bbox 1969 2473 1987 2505; x_wconf 70' lang='grc' dir='ltr'><strong>ι</strong></span> <span class='ocrx_word' id='word_1_308' title='bbox 2020 2453 2157 2508; x_wconf 89' lang='lat' dir='ltr'><strong>Tum</strong></span> <span class='ocrx_word' id='word_1_309' title='bbox 2198 2468 2294 2505; x_wconf 88' lang='lat' dir='ltr'><strong>an-</strong></span> 
     </span>
    </p>
   </div>
   <div class='ocr_carea' id='block_1_41' title="bbox 715 2548 2291 2623">
    <p class='ocr_par' dir='ltr' id='par_1_41' title="bbox 715 2548 2291 2623">
     <span class='ocr_line' id='line_1_41' title="bbox 715 2548 2291 2623; baseline -0.004 -19"><span class='ocrx_word' id='word_1_310' title='bbox 715 2557 819 2623; x_wconf 70' lang='lat' dir='ltr'><strong>geli</strong></span> <span class='ocrx_word' id='word_1_311' title='bbox 862 2556 1049 2609; x_wconf 87' lang='lat' dir='ltr'><strong>suhito</strong></span> <span class='ocrx_word' id='word_1_312' title='bbox 1086 2560 1465 2614; x_wconf 77' lang='lat' dir='ltr'><strong>surrexerunt,</strong></span> <span class='ocrx_word' id='word_1_313' title='bbox 1502 2560 1559 2603; x_wconf 89' lang='lat' dir='ltr'><strong>et</strong></span> <span class='ocrx_word' id='word_1_314' title='bbox 1617 2550 1757 2605; x_wconf 82' lang='lat' dir='ltr'><strong>forte</strong></span> <span class='ocrx_word' id='word_1_315' title='bbox 1796 2548 2047 2603; x_wconf 81' lang='lat' dir='ltr'><strong>Salvator</strong></span> <span class='ocrx_word' id='word_1_316' title='bbox 2081 2548 2291 2608; x_wconf 82' lang='lat' dir='ltr'><strong>aderat,</strong></span> 
     </span>
    </p>
   </div>
   <div class='ocr_carea' id='block_1_42' title="bbox 714 2642 2291 2709">
    <p class='ocr_par' dir='ltr' id='par_1_42' title="bbox 714 2642 2291 2709">
     <span class='ocr_line' id='line_1_42' title="bbox 714 2642 2291 2709; baseline -0.008 -6"><span class='ocrx_word' id='word_1_317' title='bbox 714 2659 771 2703; x_wconf 81' lang='lat' dir='ltr'><strong>et</strong></span> <span class='ocrx_word' id='word_1_318' title='bbox 793 2664 1058 2702; x_wconf 83' lang='lat' dir='ltr'><strong>conversa</strong></span> <span class='ocrx_word' id='word_1_319' title='bbox 1089 2657 1170 2701; x_wconf 65' lang='lat' dir='ltr'><strong>est</strong></span> <span class='ocrx_word' id='word_1_320' title='bbox 1194 2658 1525 2709; x_wconf 86' lang='lat' dir='ltr'><strong>retrorsum,</strong></span> <span class='ocrx_word' id='word_1_321' title='bbox 1557 2653 1613 2697; x_wconf 92' lang='lat' dir='ltr'><strong>et</strong></span> <span class='ocrx_word' id='word_1_322' title='bbox 1644 2643 1779 2696; x_wconf 83' lang='lat' dir='ltr'><strong>vidit</strong></span> <span class='ocrx_word' id='word_1_323' title='bbox 1808 2642 1998 2697; x_wconf 85' lang='lat' dir='ltr'><strong>Jesum</strong></span> <span class='ocrx_word' id='word_1_324' title='bbox 2028 2648 2291 2701; x_wconf 85' lang='lat' dir='ltr'><strong>stantem,</strong></span> 
     </span>
    </p>
   </div>
   <div class='ocr_carea' id='block_1_43' title="bbox 715 2738 2290 2809">
    <p class='ocr_par' dir='ltr' id='par_1_43' title="bbox 715 2738 2290 2809">
     <span class='ocr_line' id='line_1_43' title="bbox 715 2738 2290 2809; baseline -0.006 -16"><span class='ocrx_word' id='word_1_325' title='bbox 715 2755 770 2796; x_wconf 81' lang='lat' dir='ltr'><strong>ct</strong></span> <span class='ocrx_word' id='word_1_326' title='bbox 800 2759 908 2795; x_wconf 85' lang='lat' dir='ltr'><strong>non</strong></span> <span class='ocrx_word' id='word_1_327' title='bbox 949 2742 1159 2795; x_wconf 79' lang='lat' dir='ltr'><strong>sciebat</strong></span> <span class='ocrx_word' id='word_1_328' title='bbox 1194 2742 1321 2809; x_wconf 83' lang='lat' dir='ltr'><strong>quia</strong></span> <span class='ocrx_word' id='word_1_329' title='bbox 1373 2739 1534 2792; x_wconf 87' lang='lat' dir='ltr'><strong>Jesus</strong></span> <span class='ocrx_word' id='word_1_330' title='bbox 1562 2745 1669 2802; x_wconf 87' lang='lat' dir='ltr'><strong>est,</strong></span> <span class='ocrx_word' id='word_1_331' title='bbox 1696 2751 1821 2790; x_wconf 88' lang='lat' dir='ltr'><strong>cum</strong></span> <span class='ocrx_word' id='word_1_332' title='bbox 1851 2738 1979 2804; x_wconf 90' lang='lat' dir='ltr'><strong>quia</strong></span> <span class='ocrx_word' id='word_1_333' title='bbox 2022 2742 2147 2803; x_wconf 89' lang='lat' dir='ltr'><strong>post</strong></span> <span class='ocrx_word' id='word_1_334' title='bbox 2203 2747 2290 2785; x_wconf 83' lang='lat' dir='ltr'><strong>re-</strong></span> 
     </span>
    </p>
   </div>
   <div class='ocr_carea' id='block_1_44' title="bbox 716 2828 2293 2900">
    <p class='ocr_par' dir='ltr' id='par_1_44' title="bbox 716 2828 2293 2900">
     <span class='ocr_line' id='line_1_44' title="bbox 716 2828 2293 2900; baseline -0.006 -13"><span class='ocrx_word' id='word_1_335' title='bbox 716 2836 1119 2889; x_wconf 87' lang='lat' dir='ltr'><strong>surrectionem</strong></span> <span class='ocrx_word' id='word_1_336' title='bbox 1159 2834 1212 2886; x_wconf 92' lang='lat' dir='ltr'><strong>in</strong></span> <span class='ocrx_word' id='word_1_337' title='bbox 1243 2847 1475 2900; x_wconf 87' lang='lat' dir='ltr'><strong>corpore</strong></span> <span class='ocrx_word' id='word_1_338' title='bbox 1503 2828 1912 2897; x_wconf 72' lang='lat' dir='ltr'><strong>incorruptibili</strong></span> <span class='ocrx_word' id='word_1_339' title='bbox 1942 2841 2045 2880; x_wconf 89' lang='lat' dir='ltr'><strong>nec</strong></span> <span class='ocrx_word' id='word_1_340' title='bbox 2066 2839 2293 2894; x_wconf 83' lang='lat' dir='ltr'><strong>prorsus</strong></span> 
     </span>
    </p>
   </div>
   <div class='ocr_carea' id='block_1_45' title="bbox 715 2920 2291 2992">
    <p class='ocr_par' dir='ltr' id='par_1_45' title="bbox 715 2920 2291 2992">
     <span class='ocr_line' id='line_1_45' title="bbox 715 2920 2291 2992; baseline -0.009 -9"><span class='ocrx_word' id='word_1_341' title='bbox 715 2930 951 2983; x_wconf 75' lang='lat' dir='ltr'><strong>visibilis</strong></span> <span class='ocrx_word' id='word_1_342' title='bbox 982 2938 1102 2983; x_wconf 90' lang='lat' dir='ltr'><strong>erat</strong></span> <span class='ocrx_word' id='word_1_343' title='bbox 1139 2927 1241 2980; x_wconf 90' lang='lat' dir='ltr'><strong>nisi</strong></span> <span class='ocrx_word' id='word_1_344' title='bbox 1286 2926 1375 2980; x_wconf 88' lang='lat' dir='ltr'><strong>iis.</strong></span> <span class='ocrx_word' id='word_1_345' title='bbox 1404 2940 1432 2977; x_wconf 89' lang='lat' dir='ltr'><strong>a</strong></span> <span class='ocrx_word' id='word_1_346' title='bbox 1461 2925 1661 2992; x_wconf 79' lang='lat' dir='ltr'><strong>quibus</strong></span> <span class='ocrx_word' id='word_1_347' title='bbox 1686 2922 1839 2975; x_wconf 90' lang='lat' dir='ltr'><strong>cerni</strong></span> <span class='ocrx_word' id='word_1_348' title='bbox 1874 2920 2125 2982; x_wconf 87' lang='lat' dir='ltr'><strong>volebat;</strong></span> <span class='ocrx_word' id='word_1_349' title='bbox 2177 2926 2291 2971; x_wconf 91' lang='lat' dir='ltr'><strong>tum</strong></span> 
     </span>
    </p>
   </div>
   <div class='ocr_carea' id='block_1_46' title="bbox 718 3009 2291 3090">
    <p class='ocr_par' dir='ltr' id='par_1_46' title="bbox 718 3009 2291 3090">
     <span class='ocr_line' id='line_1_46' title="bbox 718 3009 2291 3090; baseline -0.009 -16"><span class='ocrx_word' id='word_1_350' title='bbox 718 3023 846 3090; x_wconf 85' lang='lat' dir='ltr'><strong>quia</strong></span> <span class='ocrx_word' id='word_1_351' title='bbox 879 3020 1020 3074; x_wconf 88' lang='lat' dir='ltr'><strong>oculi</strong></span> <span class='ocrx_word' id='word_1_352' title='bbox 1061 3020 1317 3088; x_wconf 79' lang='lat' dir='ltr'><strong>Iacrymis</strong></span> <span class='ocrx_word' id='word_1_353' title='bbox 1340 3013 1618 3069; x_wconf 86' lang='lat' dir='ltr'><strong>obscurati</strong></span> <span class='ocrx_word' id='word_1_354' title='bbox 1653 3028 1760 3067; x_wconf 91' lang='lat' dir='ltr'><strong>non</strong></span> <span class='ocrx_word' id='word_1_355' title='bbox 1804 3013 1949 3065; x_wconf 90' lang='lat' dir='ltr'><strong>clare</strong></span> <span class='ocrx_word' id='word_1_356' title='bbox 1980 3009 2167 3063; x_wconf 74' lang='lat' dir='ltr'><strong>videre</strong></span> <span class='ocrx_word' id='word_1_357' title='bbox 2189 3021 2291 3077; x_wconf 87' lang='lat' dir='ltr'><strong>po-</strong></span> 
     </span>
    </p>
   </div>
   <div class='ocr_carea' id='block_1_47' title="bbox 718 3100 2291 3179">
    <p class='ocr_par' dir='ltr' id='par_1_47' title="bbox 718 3100 2291 3179">
     <span class='ocr_line' id='line_1_47' title="bbox 718 3100 2291 3179; baseline -0.009 -12"><span class='ocrx_word' id='word_1_358' title='bbox 718 3123 936 3175; x_wconf 80' lang='lat' dir='ltr'><strong>terant;</strong></span> <span class='ocrx_word' id='word_1_359' title='bbox 967 3120 1083 3164; x_wconf 89' lang='lat' dir='ltr'><strong>tum</strong></span> <span class='ocrx_word' id='word_1_360' title='bbox 1111 3111 1238 3179; x_wconf 90' lang='lat' dir='ltr'><strong>quia</strong></span> <span class='ocrx_word' id='word_1_361' title='bbox 1274 3109 1533 3162; x_wconf 82' lang='lat' dir='ltr'><strong>Christus</strong></span> <span class='ocrx_word' id='word_1_362' title='bbox 1566 3107 1619 3160; x_wconf 90' lang='lat' dir='ltr'><strong>id</strong></span> <span class='ocrx_word' id='word_1_363' title='bbox 1656 3106 1727 3159; x_wconf 88' lang='lat' dir='ltr'><strong>ita</strong></span> <span class='ocrx_word' id='word_1_364' title='bbox 1764 3104 2101 3157; x_wconf 86' lang='lat' dir='ltr'><strong>instituerat.</strong></span> <span class='ocrx_word' id='word_1_365' title='bbox 2148 3119 2166 3151; x_wconf 81' lang='grc' dir='ltr'><strong>ι</strong></span> <span class='ocrx_word' id='word_1_366' title='bbox 2203 3100 2291 3153; x_wconf 92' lang='lat' dir='ltr'><strong>Di-</strong></span> 
     </span>
    </p>
   </div>
   <div class='ocr_carea' id='block_1_48' title="bbox 2397 1994 3975 2065">
    <p class='ocr_par' dir='ltr' id='par_1_48' title="bbox 2397 1994 3975 2065">
     <span class='ocr_line' id='line_1_48' title="bbox 2397 1994 3975 2065; baseline 0 -21"><span class='ocrx_word' id='word_1_367' title='bbox 2397 1994 2623 2062; x_wconf 82' lang='grc' dir='ltr'>μώντων</span> <span class='ocrx_word' id='word_1_368' title='bbox 2650 1994 2759 2048; x_wconf 73' lang='lat' dir='ltr'><strong>sict</strong></span> <span class='ocrx_word' id='word_1_369' title='bbox 2783 1996 2853 2047; x_wconf 85' lang='grc' dir='ltr'>τὰ</span> <span class='ocrx_word' id='word_1_370' title='bbox 2880 1996 3104 2065; x_wconf 80' lang='grc' dir='ltr'>ῥήματα</span> <span class='ocrx_word' id='word_1_371' title='bbox 3130 2010 3144 2025; x_wconf 86' lang='grc'><strong>·</strong></span> <span class='ocrx_word' id='word_1_372' title='bbox 3181 1996 3341 2049; x_wconf 84' lang='grc' dir='ltr'><strong>Μετὰ</strong></span> <span class='ocrx_word' id='word_1_373' title='bbox 3369 1996 3479 2065; x_wconf 80' lang='grc' dir='ltr'>γὰρ</span> <span class='ocrx_word' id='word_1_374' title='bbox 3505 1995 3774 2064; x_wconf 81' lang='grc' dir='ltr'>τοσαύτην</span> <span class='ocrx_word' id='word_1_375' title='bbox 3824 1994 3975 2057; x_wconf 85' lang='grc' dir='ltr'>θέαν,</span> 
     </span>
    </p>
   </div>
   <div class='ocr_carea' id='block_1_49' title="bbox 2393 2085 3979 2155">
    <p class='ocr_par' dir='ltr' id='par_1_49' title="bbox 2393 2085 3979 2155">
     <span class='ocr_line' id='line_1_49' title="bbox 2393 2085 3979 2155; baseline -0.001 -19"><span class='ocrx_word' id='word_1_376' title='bbox 2393 2086 2575 2149; x_wconf 82' lang='grc' dir='ltr'>γύναι,</span> <span class='ocrx_word' id='word_1_377' title='bbox 2609 2086 2663 2138; x_wconf 87' lang='grc' dir='ltr'><strong>τί</strong></span> <span class='ocrx_word' id='word_1_378' title='bbox 2690 2085 2936 2152; x_wconf 85' lang='grc' dir='ltr'>κλαίεις;</span> <span class='ocrx_word' id='word_1_379' title='bbox 2990 2085 3075 2139; x_wconf 73' lang='grc' dir='ltr'>ἔτι</span> <span class='ocrx_word' id='word_1_380' title='bbox 3108 2086 3386 2155; x_wconf 81' lang='grc' dir='ltr'>ἀνάνδρως</span> <span class='ocrx_word' id='word_1_381' title='bbox 3415 2086 3714 2149; x_wconf 80' lang='grc' dir='ltr'>διάκεισαι,</span> <span class='ocrx_word' id='word_1_382' title='bbox 3765 2088 3860 2138; x_wconf 72' lang='grc' dir='ltr'><strong>καὶ</strong></span> <span class='ocrx_word' id='word_1_383' title='bbox 3886 2086 3979 2136; x_wconf 74' lang='grc' dir='ltr'><strong>οὖ-</strong></span> 
     </span>
    </p>
   </div>
   <div class='ocr_carea' id='block_1_50' title="bbox 2392 2171 3976 2251">
    <p class='ocr_par' dir='ltr' id='par_1_50' title="bbox 2392 2171 3976 2251">
     <span class='ocr_line' id='line_1_50' title="bbox 2392 2171 3976 2251; baseline 0 -23"><span class='ocrx_word' id='word_1_384' title='bbox 2392 2179 2480 2229; x_wconf 75' lang='grc' dir='ltr'><strong>δὲν</strong></span> <span class='ocrx_word' id='word_1_385' title='bbox 2510 2178 2651 2246; x_wconf 90' lang='grc' dir='ltr'>μέγα</span> <span class='ocrx_word' id='word_1_386' title='bbox 2682 2178 2935 2247; x_wconf 77' lang='grc' dir='ltr'>ἐννοῆσαι</span> <span class='ocrx_word' id='word_1_387' title='bbox 2968 2178 3140 2251; x_wconf 84' lang='grc' dir='ltr'>δύνῃ;</span> <span class='ocrx_word' id='word_1_388' title='bbox 3187 2178 3309 2232; x_wconf 87' lang='grc' dir='ltr'>τίνα</span> <span class='ocrx_word' id='word_1_389' title='bbox 3351 2179 3573 2249; x_wconf 60' lang='lat' dir='ltr'><strong>Circe-lc;</strong></span> <span class='ocrx_word' id='word_1_390' title='bbox 3604 2179 3663 2231; x_wconf 85' lang='grc' dir='ltr'>ὃν</span> <span class='ocrx_word' id='word_1_391' title='bbox 3705 2175 3885 2243; x_wconf 78' lang='grc' dir='ltr'>εἷδες;</span> <span class='ocrx_word' id='word_1_392' title='bbox 3918 2171 3976 2229; x_wconf 76' lang='grc' dir='ltr'>οὗ</span> 
     </span>
    </p>
   </div>
   <div class='ocr_carea' id='block_1_51' title="bbox 2391 2269 3976 2340">
    <p class='ocr_par' dir='ltr' id='par_1_51' title="bbox 2391 2269 3976 2340">
     <span class='ocr_line' id='line_1_51' title="bbox 2391 2269 3976 2340; baseline 0 -20"><span class='ocrx_word' id='word_1_393' title='bbox 2391 2270 2502 2321; x_wconf 74' lang='grc' dir='ltr'><strong>τῶν</strong></span> <span class='ocrx_word' id='word_1_394' title='bbox 2532 2269 2711 2322; x_wconf 81' lang='grc' dir='ltr'>ποδῶν</span> <span class='ocrx_word' id='word_1_395' title='bbox 2734 2270 2858 2339; x_wconf 77' lang='grc' dir='ltr'><strong>ἥψω</strong></span> <span class='ocrx_word' id='word_1_396' title='bbox 2880 2287 2895 2335; x_wconf 88' lang='lat'><strong>;</strong></span> <span class='ocrx_word' id='word_1_397' title='bbox 2930 2269 2988 2333; x_wconf 81' lang='grc' dir='ltr'>ὃς</span> <span class='ocrx_word' id='word_1_398' title='bbox 3015 2272 3112 2324; x_wconf 78' lang='grc' dir='ltr'>καὶ</span> <span class='ocrx_word' id='word_1_399' title='bbox 3130 2272 3318 2340; x_wconf 91' lang='grc' dir='ltr'>φωνῆς</span> <span class='ocrx_word' id='word_1_400' title='bbox 3334 2287 3421 2323; x_wconf 91' lang='grc' dir='ltr'><strong>σοι</strong></span> <span class='ocrx_word' id='word_1_401' title='bbox 3447 2271 3719 2340; x_wconf 82' lang='grc' dir='ltr'>μετέδωκε</span> <span class='ocrx_word' id='word_1_402' title='bbox 3740 2288 3756 2335; x_wconf 87' lang='lat'><strong>;</strong></span> <span class='ocrx_word' id='word_1_403' title='bbox 3779 2270 3976 2322; x_wconf 89' lang='grc' dir='ltr'>τοῦτον</span> 
     </span>
    </p>
   </div>
   <div class='ocr_carea' id='block_1_52' title="bbox 2393 2360 3977 2435">
    <p class='ocr_par' dir='ltr' id='par_1_52' title="bbox 2393 2360 3977 2435">
     <span class='ocr_line' id='line_1_52' title="bbox 2393 2360 3977 2435; baseline -0.003 -20"><span class='ocrx_word' id='word_1_404' title='bbox 2393 2364 2612 2431; x_wconf 75' lang='grc' dir='ltr'>ζητεῖςς</span> <span class='ocrx_word' id='word_1_405' title='bbox 2672 2362 2734 2416; x_wconf 85' lang='lat' dir='ltr'><strong>&#39;ll</strong></span> <span class='ocrx_word' id='word_1_406' title='bbox 2767 2364 2824 2416; x_wconf 83' lang='grc' dir='ltr'>δὲ</span> <span class='ocrx_word' id='word_1_407' title='bbox 2854 2363 3028 2432; x_wconf 89' lang='grc' dir='ltr'>λέγει,</span> <span class='ocrx_word' id='word_1_408' title='bbox 3065 2361 3279 2435; x_wconf 77' lang='grc' dir='ltr'>«Ἦραν</span> <span class='ocrx_word' id='word_1_409' title='bbox 3300 2364 3391 2417; x_wconf 84' lang='grc' dir='ltr'>τὸν</span> <span class='ocrx_word' id='word_1_410' title='bbox 3426 2364 3629 2433; x_wconf 83' lang='grc' dir='ltr'>Κύριόν</span> <span class='ocrx_word' id='word_1_411' title='bbox 3662 2381 3764 2432; x_wconf 90' lang='grc' dir='ltr'><strong>μου</strong></span> <span class='ocrx_word' id='word_1_412' title='bbox 3792 2364 3856 2415; x_wconf 78' lang='grc' dir='ltr'>ὲκ</span> <span class='ocrx_word' id='word_1_413' title='bbox 3881 2360 3977 2415; x_wconf 83' lang='grc' dir='ltr'><strong>τοῦ</strong></span> 
     </span>
    </p>
   </div>
   <div class='ocr_carea' id='block_1_53' title="bbox 2396 2453 3979 2526">
    <p class='ocr_par' dir='ltr' id='par_1_53' title="bbox 2396 2453 3979 2526">
     <span class='ocr_line' id='line_1_53' title="bbox 2396 2453 3979 2526; baseline 0 -20"><span class='ocrx_word' id='word_1_414' title='bbox 2396 2458 2688 2525; x_wconf 79' lang='grc' dir='ltr'>μνημείου,</span> <span class='ocrx_word' id='word_1_415' title='bbox 2719 2457 2816 2509; x_wconf 75' lang='grc' dir='ltr'>καὶ</span> <span class='ocrx_word' id='word_1_416' title='bbox 2847 2456 2948 2510; x_wconf 82' lang='grc' dir='ltr'><strong>οὐκ</strong></span> <span class='ocrx_word' id='word_1_417' title='bbox 2982 2453 3103 2511; x_wconf 77' lang='grc' dir='ltr'>οῖδα</span> <span class='ocrx_word' id='word_1_418' title='bbox 3133 2455 3238 2509; x_wconf 89' lang='grc' dir='ltr'><strong>ποῦ</strong></span> <span class='ocrx_word' id='word_1_419' title='bbox 3262 2457 3471 2526; x_wconf 71' lang='grc' dir='ltr'>ἔθηκαν</span> <span class='ocrx_word' id='word_1_420' title='bbox 3494 2457 3680 2509; x_wconf 83' lang='grc' dir='ltr'>αὐτόν.</span> <span class='ocrx_word' id='word_1_421' title='bbox 3711 2473 3731 2507; x_wconf 73' lang='grc' dir='ltr'><strong>ι</strong></span> <span class='ocrx_word' id='word_1_422' title='bbox 3768 2453 3903 2508; x_wconf 74' lang='grc' dir='ltr'>Ε’τα</span> <span class='ocrx_word' id='word_1_423' title='bbox 3923 2457 3979 2507; x_wconf 78' lang='grc' dir='ltr'>ἐν</span> 
     </span>
    </p>
   </div>
   <div class='ocr_carea' id='block_1_54' title="bbox 2392 2547 3981 2619">
    <p class='ocr_par' dir='ltr' id='par_1_54' title="bbox 2392 2547 3981 2619">
     <span class='ocr_line' id='line_1_54' title="bbox 2392 2547 3981 2619; baseline 0.001 -20"><span class='ocrx_word' id='word_1_424' title='bbox 2392 2549 2468 2616; x_wconf 53' lang='grc' dir='ltr'><strong>τῇ)</strong></span> <span class='ocrx_word' id='word_1_425' title='bbox 2494 2550 2621 2610; x_wconf 82' lang='grc' dir='ltr'>τοὺς</span> <span class='ocrx_word' id='word_1_426' title='bbox 2643 2550 2918 2617; x_wconf 84' lang='grc' dir='ltr'>ἀγγέλους</span> <span class='ocrx_word' id='word_1_427' title='bbox 2952 2549 3254 2619; x_wconf 83' lang='grc' dir='ltr'>ἀναστῆναι</span> <span class='ocrx_word' id='word_1_428' title='bbox 3310 2549 3540 2619; x_wconf 77' lang='grc' dir='ltr'>σπουδῇ,</span> <span class='ocrx_word' id='word_1_429' title='bbox 3579 2548 3711 2611; x_wconf 85' lang='grc' dir='ltr'>ῐσως</span> <span class='ocrx_word' id='word_1_430' title='bbox 3739 2547 3835 2601; x_wconf 90' lang='grc' dir='ltr'><strong>τοῦ</strong></span> <span class='ocrx_word' id='word_1_431' title='bbox 3868 2548 3981 2600; x_wconf 87' lang='grc' dir='ltr'><strong>Σω-</strong></span> 
     </span>
    </p>
   </div>
   <div class='ocr_carea' id='block_1_55' title="bbox 2392 2640 3983 2714">
    <p class='ocr_par' dir='ltr' id='par_1_55' title="bbox 2392 2640 3983 2714">
     <span class='ocr_line' id='line_1_55' title="bbox 2392 2640 3983 2714; baseline 0 -23"><span class='ocrx_word' id='word_1_432' title='bbox 2392 2640 2559 2709; x_wconf 85' lang='grc' dir='ltr'>τῆρος</span> <span class='ocrx_word' id='word_1_433' title='bbox 2591 2642 2768 2694; x_wconf 78' lang='grc' dir='ltr'>ἐκεῖσε</span> <span class='ocrx_word' id='word_1_434' title='bbox 2792 2642 3264 2711; x_wconf 77' lang='grc' dir='ltr'>παραγενομένου,</span> <span class='ocrx_word' id='word_1_435' title='bbox 3294 2642 3599 2714; x_wconf 86' lang='grc' dir='ltr'>στραφεῖσα</span> <span class='ocrx_word' id='word_1_436' title='bbox 3628 2640 3813 2709; x_wconf 68' lang='grc' dir='ltr'>ἐκείνη</span> <span class='ocrx_word' id='word_1_437' title='bbox 3846 2640 3983 2693; x_wconf 88' lang='grc' dir='ltr'>θεω-</span> 
     </span>
    </p>
   </div>
   <div class='ocr_carea' id='block_1_56' title="bbox 2395 2730 3981 2803">
    <p class='ocr_par' dir='ltr' id='par_1_56' title="bbox 2395 2730 3981 2803">
     <span class='ocr_line' id='line_1_56' title="bbox 2395 2730 3981 2803; baseline -0.001 -18"><span class='ocrx_word' id='word_1_438' title='bbox 2395 2736 2481 2799; x_wconf 87' lang='grc' dir='ltr'><strong>ρεῖ</strong></span> <span class='ocrx_word' id='word_1_439' title='bbox 2534 2734 2624 2786; x_wconf 79' lang='grc' dir='ltr'><strong>τὸν</strong></span> <span class='ocrx_word' id='word_1_440' title='bbox 2663 2733 2869 2802; x_wconf 81' lang='grc' dir='ltr'>Ἰησοῦν</span> <span class='ocrx_word' id='word_1_441' title='bbox 2920 2734 3154 2799; x_wconf 81' lang='grc' dir='ltr'>ἑστῶτα,</span> <span class='ocrx_word' id='word_1_442' title='bbox 3194 2734 3292 2786; x_wconf 78' lang='grc' dir='ltr'>καὶ</span> <span class='ocrx_word' id='word_1_443' title='bbox 3342 2734 3442 2786; x_wconf 84' lang='grc' dir='ltr'><strong>οὐκ</strong></span> <span class='ocrx_word' id='word_1_444' title='bbox 3494 2734 3613 2803; x_wconf 74' lang='grc' dir='ltr'>ᾔδει</span> <span class='ocrx_word' id='word_1_445' title='bbox 3644 2734 3726 2786; x_wconf 86' lang='grc' dir='ltr'>ὅτι</span> <span class='ocrx_word' id='word_1_446' title='bbox 3769 2730 3981 2801; x_wconf 78' lang='grc' dir='ltr'>Ἰησοῦς</span> 
     </span>
    </p>
   </div>
   <div class='ocr_carea' id='block_1_57' title="bbox 2394 2821 3982 2896">
    <p class='ocr_par' dir='ltr' id='par_1_57' title="bbox 2394 2821 3982 2896">
     <span class='ocr_line' id='line_1_57' title="bbox 2394 2821 3982 2896; baseline -0.003 -17"><span class='ocrx_word' id='word_1_447' title='bbox 2394 2828 2535 2884; x_wconf 69' lang='grc' dir='ltr'>ἐστι,</span> <span class='ocrx_word' id='word_1_448' title='bbox 2570 2826 2630 2878; x_wconf 73' lang='grc' dir='ltr'>τὸ</span> <span class='ocrx_word' id='word_1_449' title='bbox 2664 2826 2784 2895; x_wconf 81' lang='grc' dir='ltr'>μὲν,</span> <span class='ocrx_word' id='word_1_450' title='bbox 2822 2826 2903 2879; x_wconf 81' lang='grc' dir='ltr'><strong>δτι</strong></span> <span class='ocrx_word' id='word_1_451' title='bbox 2971 2826 3030 2879; x_wconf 81' lang='grc' dir='ltr'>ὲν</span> <span class='ocrx_word' id='word_1_452' title='bbox 3060 2825 3325 2896; x_wconf 82' lang='grc' dir='ltr'>ἀφθάρτῳ</span> <span class='ocrx_word' id='word_1_453' title='bbox 3359 2821 3429 2895; x_wconf 84' lang='grc' dir='ltr'><strong>ῆν</strong></span> <span class='ocrx_word' id='word_1_454' title='bbox 3462 2825 3679 2895; x_wconf 89' lang='grc' dir='ltr'>σώματι</span> <span class='ocrx_word' id='word_1_455' title='bbox 3712 2824 3852 2893; x_wconf 86' lang='grc' dir='ltr'><strong>μετά</strong></span> <span class='ocrx_word' id='word_1_456' title='bbox 3881 2823 3982 2893; x_wconf 70' lang='grc' dir='ltr'>τὴν</span> 
     </span>
    </p>
   </div>
   <div class='ocr_carea' id='block_1_58' title="bbox 2394 2913 3983 2988">
    <p class='ocr_par' dir='ltr' id='par_1_58' title="bbox 2394 2913 3983 2988">
     <span class='ocr_line' id='line_1_58' title="bbox 2394 2913 3983 2988; baseline -0.001 -19"><span class='ocrx_word' id='word_1_457' title='bbox 2394 2918 2710 2981; x_wconf 75' lang='grc' dir='ltr'>ἀνάστασιν,</span> <span class='ocrx_word' id='word_1_458' title='bbox 2740 2919 2834 2970; x_wconf 78' lang='grc' dir='ltr'>καὶ</span> <span class='ocrx_word' id='word_1_459' title='bbox 2866 2919 2927 2971; x_wconf 80' lang='grc' dir='ltr'><strong>οὐ</strong></span> <span class='ocrx_word' id='word_1_460' title='bbox 2959 2918 3313 2972; x_wconf 79' lang='grc' dir='ltr'>παντάπασιν</span> <span class='ocrx_word' id='word_1_461' title='bbox 3329 2918 3542 2988; x_wconf 84' lang='grc' dir='ltr'>ὁρατὸς,</span> <span class='ocrx_word' id='word_1_462' title='bbox 3586 2917 3635 2969; x_wconf 82' lang='grc' dir='ltr'><strong>εί</strong></span> <span class='ocrx_word' id='word_1_463' title='bbox 3669 2919 3745 2986; x_wconf 83' lang='grc' dir='ltr'>μὴ</span> <span class='ocrx_word' id='word_1_464' title='bbox 3778 2913 3860 2979; x_wconf 74' lang='grc' dir='ltr'>οἷς</span> <span class='ocrx_word' id='word_1_465' title='bbox 3888 2917 3983 2969; x_wconf 66' lang='grc' dir='ltr'>καὶ</span> 
     </span>
    </p>
   </div>
   <div class='ocr_carea' id='block_1_59' title="bbox 2394 3008 3986 3080">
    <p class='ocr_par' dir='ltr' id='par_1_59' title="bbox 2394 3008 3986 3080">
     <span class='ocr_line' id='line_1_59' title="bbox 2394 3008 3986 3080; baseline -0.003 -17"><span class='ocrx_word' id='word_1_466' title='bbox 2394 3011 2481 3063; x_wconf 80' lang='grc' dir='ltr'>ὅτε</span> <span class='ocrx_word' id='word_1_467' title='bbox 2516 3011 2842 3079; x_wconf 78' lang='grc' dir='ltr'>βεϐούλοιτο,</span> <span class='ocrx_word' id='word_1_468' title='bbox 2880 3010 2940 3063; x_wconf 87' lang='grc' dir='ltr'><strong>τδ</strong></span> <span class='ocrx_word' id='word_1_469' title='bbox 2974 3011 3022 3063; x_wconf 82' lang='grc' dir='ltr'>δ’</span> <span class='ocrx_word' id='word_1_470' title='bbox 3049 3012 3133 3063; x_wconf 84' lang='grc' dir='ltr'>ὅτι</span> <span class='ocrx_word' id='word_1_471' title='bbox 3164 3010 3259 3063; x_wconf 81' lang='grc' dir='ltr'><strong>καὶ</strong></span> <span class='ocrx_word' id='word_1_472' title='bbox 3288 3011 3353 3079; x_wconf 74' lang='grc' dir='ltr'>τῇ</span> <span class='ocrx_word' id='word_1_473' title='bbox 3399 3009 3510 3064; x_wconf 92' lang='grc' dir='ltr'><strong>τῶν</strong></span> <span class='ocrx_word' id='word_1_474' title='bbox 3536 3009 3787 3080; x_wconf 82' lang='grc' dir='ltr'>δακρύων</span> <span class='ocrx_word' id='word_1_475' title='bbox 3822 3008 3986 3077; x_wconf 77' lang='grc' dir='ltr'>ἀχλύῖ</span> 
     </span>
    </p>
   </div>
   <div class='ocr_carea' id='block_1_60' title="bbox 2398 3101 3985 3176">
    <p class='ocr_par' dir='ltr' id='par_1_60' title="bbox 2398 3101 3985 3176">
     <span class='ocr_line' id='line_1_60' title="bbox 2398 3101 3985 3176; baseline -0.003 -19"><span class='ocrx_word' id='word_1_476' title='bbox 2398 3108 2470 3173; x_wconf 79' lang='grc' dir='ltr'><strong>μή</strong></span> <span class='ocrx_word' id='word_1_477' title='bbox 2499 3105 2775 3175; x_wconf 83' lang='grc' dir='ltr'>δυναμένη</span> <span class='ocrx_word' id='word_1_478' title='bbox 2804 3104 3060 3174; x_wconf 82' lang='grc' dir='ltr'>καθαρῶς</span> <span class='ocrx_word' id='word_1_479' title='bbox 3094 3105 3356 3176; x_wconf 79' lang='grc' dir='ltr'>καθορᾷν,</span> <span class='ocrx_word' id='word_1_480' title='bbox 3387 3103 3420 3175; x_wconf 76' lang='grc' dir='ltr'>ἦ</span> <span class='ocrx_word' id='word_1_481' title='bbox 3446 3103 3580 3166; x_wconf 73' lang='grc' dir='ltr'>ἴσως</span> <span class='ocrx_word' id='word_1_482' title='bbox 3606 3104 3702 3156; x_wconf 72' lang='grc' dir='ltr'>καὶ</span> <span class='ocrx_word' id='word_1_483' title='bbox 3727 3102 3822 3155; x_wconf 90' lang='grc' dir='ltr'><strong>τοῦ</strong></span> <span class='ocrx_word' id='word_1_484' title='bbox 3845 3101 3985 3169; x_wconf 79' lang='grc' dir='ltr'>Χρι-</span> 
     </span>
    </p>
   </div>
   <div class='ocr_carea' id='block_1_61' title="bbox 718 3193 2407 3292">
    <p class='ocr_par' dir='ltr' id='par_1_61' title="bbox 718 3193 2407 3292">
     <span class='ocr_line' id='line_1_61' title="bbox 718 3193 2407 3292; baseline -0.012 -30"><span class='ocrx_word' id='word_1_485' title='bbox 718 3209 791 3262; x_wconf 91' lang='lat' dir='ltr'><strong>cit</strong></span> <span class='ocrx_word' id='word_1_486' title='bbox 816 3208 865 3261; x_wconf 89' lang='lat' dir='ltr'><strong>ei</strong></span> <span class='ocrx_word' id='word_1_487' title='bbox 899 3207 1056 3260; x_wconf 80' lang='lat' dir='ltr'><strong>Jesus</strong></span> <span class='ocrx_word' id='word_1_488' title='bbox 1089 3223 1102 3258; x_wconf 93' lang='lat'>:</span> <span class='ocrx_word' id='word_1_489' title='bbox 1136 3204 1349 3263; x_wconf 81' lang='lat' dir='ltr'><strong>Mulier.</strong></span> <span class='ocrx_word' id='word_1_490' title='bbox 1381 3202 1511 3271; x_wconf 90' lang='lat' dir='ltr'><strong>quid</strong></span> <span class='ocrx_word' id='word_1_491' title='bbox 1552 3199 1770 3269; x_wconf 82' lang='lat' dir='ltr'><strong>ploras?</strong></span> <span class='ocrx_word' id='word_1_492' title='bbox 1820 3210 1985 3266; x_wconf 89' lang='lat' dir='ltr'><strong>quem</strong></span> <span class='ocrx_word' id='word_1_493' title='bbox 2045 3193 2288 3263; x_wconf 71' lang='lat' dir='ltr'><strong>quaeris?</strong></span> <span class='ocrx_word' id='word_1_494' title='bbox 2319 3236 2363 3292; x_wconf 62' lang='grc' dir='ltr'><strong>ϐ</strong></span> <span class='ocrx_word' id='word_1_495' title='bbox 2398 3218 2407 3251; x_wconf 69' lang='grc' dir='ltr'><strong>ι</strong></span> 
     </span>
    </p>
   </div>
   <div class='ocr_carea' id='block_1_62' title="bbox 2289 3193 3978 3292">
    <p class='ocr_par' dir='ltr' id='par_1_62' title="bbox 2319 3196 3978 3292">
     <span class='ocr_line' id='line_1_62' title="bbox 2319 3196 3978 3292; baseline -0.002 -40"><span class='ocrx_word' id='word_1_496' title='bbox 2319 3236 2363 3292; x_wconf 74' lang='lat' dir='ltr'>c</span> <span class='ocrx_word' id='word_1_497' title='bbox 2398 3200 2524 3252; x_wconf 88' lang='grc' dir='ltr'>στοῦ</span> <span class='ocrx_word' id='word_1_498' title='bbox 2562 3198 2719 3251; x_wconf 89' lang='grc' dir='ltr'>τοῦτο</span> <span class='ocrx_word' id='word_1_499' title='bbox 2751 3200 3228 3268; x_wconf 78' lang='grc' dir='ltr'>οίκονομήσαντος.</span> <span class='ocrx_word' id='word_1_500' title='bbox 3263 3216 3283 3250; x_wconf 80' lang='lat' dir='ltr'><strong>r</strong></span> <span class='ocrx_word' id='word_1_501' title='bbox 3312 3198 3477 3266; x_wconf 88' lang='grc' dir='ltr'>Λέγει</span> <span class='ocrx_word' id='word_1_502' title='bbox 3507 3198 3646 3267; x_wconf 78' lang='grc' dir='ltr'>αὐτῇ</span> <span class='ocrx_word' id='word_1_503' title='bbox 3672 3198 3699 3251; x_wconf 87' lang='grc' dir='ltr'>ὁ</span> <span class='ocrx_word' id='word_1_504' title='bbox 3746 3196 3978 3265; x_wconf 76' lang='grc' dir='ltr'>Ἰησοῦς,</span> 
     </span>
    </p>
   </div>
   <div class='ocr_carea' id='block_1_63' title="bbox 718 3286 2287 3365">
    <p class='ocr_par' dir='ltr' id='par_1_63' title="bbox 718 3286 2287 3365">
     <span class='ocr_line' id='line_1_63' title="bbox 718 3286 2287 3365; baseline -0.012 -7"><span class='ocrx_word' id='word_1_505' title='bbox 718 3306 837 3365; x_wconf 83' lang='lat' dir='ltr'><strong>llla,</strong></span> <span class='ocrx_word' id='word_1_506' title='bbox 869 3302 1192 3356; x_wconf 71' lang='lat' dir='ltr'><strong>existimans</strong></span> <span class='ocrx_word' id='word_1_507' title='bbox 1236 3297 1361 3365; x_wconf 88' lang='lat' dir='ltr'><strong>quia</strong></span> <span class='ocrx_word' id='word_1_508' title='bbox 1410 3294 1736 3348; x_wconf 80' lang='lat' dir='ltr'><strong>hortulanus</strong></span> <span class='ocrx_word' id='word_1_509' title='bbox 1774 3297 1943 3353; x_wconf 84' lang='lat' dir='ltr'><strong>esset,</strong></span> <span class='ocrx_word' id='word_1_510' title='bbox 1998 3286 2136 3342; x_wconf 91' lang='lat' dir='ltr'><strong>dicit</strong></span> <span class='ocrx_word' id='word_1_511' title='bbox 2185 3286 2235 3340; x_wconf 92' lang='lat' dir='ltr'><strong>ei</strong></span> <span class='ocrx_word' id='word_1_512' title='bbox 2274 3304 2287 3339; x_wconf 90' lang='lat'><strong>:</strong></span> 
     </span>
    </p>
   </div>
   <div class='ocr_carea' id='block_1_64' title="bbox 725 3381 2291 3459">
    <p class='ocr_par' dir='ltr' id='par_1_64' title="bbox 725 3381 2291 3459">
     <span class='ocr_line' id='line_1_64' title="bbox 725 3381 2291 3459; baseline -0.011 -10"><span class='ocrx_word' id='word_1_513' title='bbox 725 3398 975 3459; x_wconf 78' lang='lat' dir='ltr'><strong>homine,</strong></span> <span class='ocrx_word' id='word_1_514' title='bbox 1008 3395 1053 3448; x_wconf 92' lang='lat' dir='ltr'><strong>si</strong></span> <span class='ocrx_word' id='word_1_515' title='bbox 1090 3403 1146 3447; x_wconf 93' lang='lat' dir='ltr'><strong>tu</strong></span> <span class='ocrx_word' id='word_1_516' title='bbox 1185 3389 1461 3446; x_wconf 89' lang='lat' dir='ltr'><strong>sustulisti</strong></span> <span class='ocrx_word' id='word_1_517' title='bbox 1490 3404 1642 3449; x_wconf 85' lang='lat' dir='ltr'><strong>eum,</strong></span> <span class='ocrx_word' id='word_1_518' title='bbox 1672 3386 1841 3440; x_wconf 91' lang='lat' dir='ltr'><strong>dicito</strong></span> <span class='ocrx_word' id='word_1_519' title='bbox 1876 3383 2036 3447; x_wconf 89' lang='lat' dir='ltr'><strong>mihi,</strong></span> <span class='ocrx_word' id='word_1_520' title='bbox 2068 3381 2163 3436; x_wconf 89' lang='lat' dir='ltr'><strong>ubi</strong></span> <span class='ocrx_word' id='word_1_521' title='bbox 2198 3395 2291 3450; x_wconf 92' lang='lat' dir='ltr'><strong>po—</strong></span> 
     </span>
    </p>
   </div>
   <div class='ocr_carea' id='block_1_65' title="bbox 722 3474 2289 3555">
    <p class='ocr_par' dir='ltr' id='par_1_65' title="bbox 722 3474 2289 3555">
     <span class='ocr_line' id='line_1_65' title="bbox 722 3474 2289 3555; baseline -0.013 -10"><span class='ocrx_word' id='word_1_522' title='bbox 722 3492 875 3545; x_wconf 77' lang='lat' dir='ltr'><strong>suisti</strong></span> <span class='ocrx_word' id='word_1_523' title='bbox 905 3503 1055 3549; x_wconf 89' lang='lat' dir='ltr'><strong>eum,</strong></span> <span class='ocrx_word' id='word_1_524' title='bbox 1096 3497 1151 3541; x_wconf 86' lang='lat' dir='ltr'><strong>et</strong></span> <span class='ocrx_word' id='word_1_525' title='bbox 1174 3500 1276 3555; x_wconf 80' lang='lat' dir='ltr'><strong>ego</strong></span> <span class='ocrx_word' id='word_1_526' title='bbox 1310 3498 1438 3538; x_wconf 90' lang='lat' dir='ltr'><strong>eum</strong></span> <span class='ocrx_word' id='word_1_527' title='bbox 1477 3481 1663 3533; x_wconf 87' lang='lat' dir='ltr'><strong>tollam</strong></span> <span class='ocrx_word' id='word_1_528' title='bbox 1698 3479 1763 3531; x_wconf 76' lang='grc'><strong>⁸⁷.</strong></span> <span class='ocrx_word' id='word_1_529' title='bbox 1800 3498 1815 3526; x_wconf 79' lang='grc' dir='ltr'><strong>ι</strong></span> <span class='ocrx_word' id='word_1_530' title='bbox 1843 3474 2010 3541; x_wconf 88' lang='lat' dir='ltr'><strong>Quasi</strong></span> <span class='ocrx_word' id='word_1_531' title='bbox 2042 3474 2289 3527; x_wconf 78' lang='lat' dir='ltr'><strong>diceret:</strong></span> 
     </span>
    </p>
   </div>
   <div class='ocr_carea' id='block_1_66' title="bbox 722 3562 2294 3641">
    <p class='ocr_par' dir='ltr' id='par_1_66' title="bbox 722 3562 2294 3641">
     <span class='ocr_line' id='line_1_66' title="bbox 722 3562 2294 3641; baseline -0.013 -9"><span class='ocrx_word' id='word_1_532' title='bbox 722 3580 776 3632; x_wconf 86' lang='lat' dir='ltr'><strong>Si</strong></span> <span class='ocrx_word' id='word_1_533' title='bbox 816 3589 870 3631; x_wconf 90' lang='lat' dir='ltr'><strong>tu</strong></span> <span class='ocrx_word' id='word_1_534' title='bbox 900 3593 966 3631; x_wconf 80' lang='lat' dir='ltr'><strong>ex</strong></span> <span class='ocrx_word' id='word_1_535' title='bbox 999 3577 1064 3629; x_wconf 90' lang='lat' dir='ltr'><strong>iis</strong></span> <span class='ocrx_word' id='word_1_536' title='bbox 1093 3590 1153 3629; x_wconf 89' lang='lat' dir='ltr'><strong>es</strong></span> <span class='ocrx_word' id='word_1_537' title='bbox 1179 3574 1271 3641; x_wconf 90' lang='lat' dir='ltr'><strong>qui</strong></span> <span class='ocrx_word' id='word_1_538' title='bbox 1300 3588 1427 3626; x_wconf 90' lang='lat' dir='ltr'><strong>eum</strong></span> <span class='ocrx_word' id='word_1_539' title='bbox 1459 3569 1823 3629; x_wconf 89' lang='lat' dir='ltr'><strong>sustulerunt,</strong></span> <span class='ocrx_word' id='word_1_540' title='bbox 1871 3564 1960 3619; x_wconf 91' lang='lat' dir='ltr'><strong>dic</strong></span> <span class='ocrx_word' id='word_1_541' title='bbox 2009 3562 2166 3624; x_wconf 87' lang='lat' dir='ltr'><strong>mihi,</strong></span> <span class='ocrx_word' id='word_1_542' title='bbox 2240 3568 2294 3613; x_wconf 90' lang='lat' dir='ltr'><strong>et</strong></span> 
     </span>
    </p>
   </div>
   <div class='ocr_carea' id='block_1_67' title="bbox 723 3656 2294 3735">
    <p class='ocr_par' dir='ltr' id='par_1_67' title="bbox 723 3656 2294 3735">
     <span class='ocr_line' id='line_1_67' title="bbox 723 3656 2294 3735; baseline -0.011 -10"><span class='ocrx_word' id='word_1_543' title='bbox 723 3673 904 3726; x_wconf 86' lang='lat' dir='ltr'><strong>tollam</strong></span> <span class='ocrx_word' id='word_1_544' title='bbox 941 3685 1088 3725; x_wconf 88' lang='lat' dir='ltr'><strong>eum.</strong></span> <span class='ocrx_word' id='word_1_545' title='bbox 1168 3668 1211 3723; x_wconf 89' lang='grc' dir='ltr'>Ο</span> <span class='ocrx_word' id='word_1_546' title='bbox 1238 3667 1500 3735; x_wconf 87' lang='lat' dir='ltr'><strong>philtrum</strong></span> <span class='ocrx_word' id='word_1_547' title='bbox 1537 3661 1837 3716; x_wconf 82' lang='lat' dir='ltr'><strong>muliehrel</strong></span> <span class='ocrx_word' id='word_1_548' title='bbox 1891 3675 1924 3714; x_wconf 89' lang='grc' dir='ltr'><strong>ο</strong></span> <span class='ocrx_word' id='word_1_549' title='bbox 1958 3656 2294 3712; x_wconf 87' lang='lat' dir='ltr'><strong>desiderium</strong></span> 
     </span>
    </p>
   </div>
   <div class='ocr_carea' id='block_1_68' title="bbox 724 3748 2295 3819">
    <p class='ocr_par' dir='ltr' id='par_1_68' title="bbox 724 3748 2295 3819">
     <span class='ocr_line' id='line_1_68' title="bbox 724 3748 2295 3819; baseline -0.011 -1"><span class='ocrx_word' id='word_1_550' title='bbox 724 3764 951 3818; x_wconf 81' lang='lat' dir='ltr'><strong>ardens!</strong></span> <span class='ocrx_word' id='word_1_551' title='bbox 979 3761 1123 3816; x_wconf 82' lang='lat' dir='ltr'><strong>Nihil</strong></span> <span class='ocrx_word' id='word_1_552' title='bbox 1174 3775 1304 3814; x_wconf 76' lang='lat' dir='ltr'><strong>sane</strong></span> <span class='ocrx_word' id='word_1_553' title='bbox 1336 3772 1465 3812; x_wconf 81' lang='lat' dir='ltr'><strong>vera</strong></span> <span class='ocrx_word' id='word_1_554' title='bbox 1517 3755 1787 3810; x_wconf 85' lang='lat' dir='ltr'><strong>charitate</strong></span> <span class='ocrx_word' id='word_1_555' title='bbox 1842 3751 2107 3819; x_wconf 74' lang='lat' dir='ltr'><strong>sanctius.</strong></span> <span class='ocrx_word' id='word_1_556' title='bbox 2146 3748 2295 3815; x_wconf 85' lang='lat' dir='ltr'><strong>Quo-</strong></span> 
     </span>
    </p>
   </div>
   <div class='ocr_carea' id='block_1_69' title="bbox 729 3842 2296 3914">
    <p class='ocr_par' dir='ltr' id='par_1_69' title="bbox 729 3842 2296 3914">
     <span class='ocr_line' id='line_1_69' title="bbox 729 3842 2296 3914; baseline -0.011 -3"><span class='ocrx_word' id='word_1_557' title='bbox 729 3860 1098 3913; x_wconf 71' lang='lat' dir='ltr'><strong>modoautem</strong></span> <span class='ocrx_word' id='word_1_558' title='bbox 1146 3854 1199 3907; x_wconf 92' lang='lat' dir='ltr'><strong>iu</strong></span> <span class='ocrx_word' id='word_1_559' title='bbox 1258 3863 1501 3905; x_wconf 86' lang='lat' dir='ltr'><strong>mentem</strong></span> <span class='ocrx_word' id='word_1_560' title='bbox 1565 3849 1613 3902; x_wconf 91' lang='lat' dir='ltr'><strong>ei</strong></span> <span class='ocrx_word' id='word_1_561' title='bbox 1647 3846 1799 3901; x_wconf 86' lang='lat' dir='ltr'><strong>venit</strong></span> <span class='ocrx_word' id='word_1_562' title='bbox 1847 3860 1947 3914; x_wconf 91' lang='lat' dir='ltr'><strong>pro</strong></span> <span class='ocrx_word' id='word_1_563' title='bbox 1994 3842 2296 3897; x_wconf 87' lang='lat' dir='ltr'><strong>hortulano</strong></span> 
     </span>
    </p>
   </div>
   <div class='ocr_carea' id='block_1_70' title="bbox 725 3935 2294 4011">
    <p class='ocr_par' dir='ltr' id='par_1_70' title="bbox 725 3935 2294 4011">
     <span class='ocr_line' id='line_1_70' title="bbox 725 3935 2294 4011; baseline -0.013 -6"><span class='ocrx_word' id='word_1_564' title='bbox 725 3970 849 4006; x_wconf 80' lang='lat' dir='ltr'><strong>eunt</strong></span> <span class='ocrx_word' id='word_1_565' title='bbox 882 3950 1083 4005; x_wconf 86' lang='lat' dir='ltr'><strong>habere</strong></span> <span class='ocrx_word' id='word_1_566' title='bbox 1107 3947 1128 3999; x_wconf 75' lang='lat' dir='ltr'><strong>&#39;i</strong></span> <span class='ocrx_word' id='word_1_567' title='bbox 1149 3946 1310 4000; x_wconf 74' lang='lat' dir='ltr'><strong>Certe</strong></span> <span class='ocrx_word' id='word_1_568' title='bbox 1340 3941 1654 4011; x_wconf 88' lang='lat' dir='ltr'><strong>sepulcrum</strong></span> <span class='ocrx_word' id='word_1_569' title='bbox 1680 3940 1733 3992; x_wconf 89' lang='lat' dir='ltr'><strong>in</strong></span> <span class='ocrx_word' id='word_1_570' title='bbox 1767 3937 1927 3991; x_wconf 90' lang='lat' dir='ltr'><strong>horto</strong></span> <span class='ocrx_word' id='word_1_571' title='bbox 1950 3935 2116 3988; x_wconf 88' lang='lat' dir='ltr'><strong>situm</strong></span> <span class='ocrx_word' id='word_1_572' title='bbox 2140 3943 2294 3996; x_wconf 90' lang='lat' dir='ltr'><strong>erat;</strong></span> 
     </span>
    </p>
   </div>
   <div class='ocr_carea' id='block_1_71' title="bbox 728 4028 2295 4097">
    <p class='ocr_par' dir='ltr' id='par_1_71' title="bbox 728 4028 2295 4097">
     <span class='ocr_line' id='line_1_71' title="bbox 728 4028 2295 4097; baseline -0.015 0"><span class='ocrx_word' id='word_1_573' title='bbox 728 4042 821 4097; x_wconf 85' lang='lat' dir='ltr'><strong>scd</strong></span> <span class='ocrx_word' id='word_1_574' title='bbox 864 4043 1002 4095; x_wconf 82' lang='lat' dir='ltr'><strong>forte</strong></span> <span class='ocrx_word' id='word_1_575' title='bbox 1054 4054 1161 4092; x_wconf 83' lang='lat' dir='ltr'><strong>non</strong></span> <span class='ocrx_word' id='word_1_576' title='bbox 1217 4034 1517 4088; x_wconf 90' lang='lat' dir='ltr'><strong>absurdum</strong></span> <span class='ocrx_word' id='word_1_577' title='bbox 1582 4038 1687 4093; x_wconf 86' lang='lat' dir='ltr'><strong>est,</strong></span> <span class='ocrx_word' id='word_1_578' title='bbox 1751 4028 1988 4097; x_wconf 89' lang='lat' dir='ltr'><strong>primtun</strong></span> <span class='ocrx_word' id='word_1_579' title='bbox 2011 4034 2067 4079; x_wconf 86' lang='lat' dir='ltr'><strong>et</strong></span> <span class='ocrx_word' id='word_1_580' title='bbox 2107 4039 2295 4077; x_wconf 85' lang='lat' dir='ltr'><strong>verum</strong></span> 
     </span>
    </p>
   </div>
   <div class='ocr_carea' id='block_1_72' title="bbox 730 4122 1973 4204">
    <p class='ocr_par' dir='ltr' id='par_1_72' title="bbox 730 4122 1973 4204">
     <span class='ocr_line' id='line_1_72' title="bbox 730 4122 1973 4204; baseline -0.009 -21"><span class='ocrx_word' id='word_1_581' title='bbox 730 4133 967 4204; x_wconf 75' lang='lat' dir='ltr'><strong>paradisi</strong></span> <span class='ocrx_word' id='word_1_582' title='bbox 993 4130 1259 4185; x_wconf 89' lang='lat' dir='ltr'><strong>cultorem</strong></span> <span class='ocrx_word' id='word_1_583' title='bbox 1310 4140 1376 4180; x_wconf 83' lang='lat' dir='ltr'><strong>eo</strong></span> <span class='ocrx_word' id='word_1_584' title='bbox 1406 4123 1629 4177; x_wconf 87' lang='lat' dir='ltr'><strong>nomine</strong></span> <span class='ocrx_word' id='word_1_585' title='bbox 1666 4122 1973 4189; x_wconf 78' lang='lat' dir='ltr'><strong>designare.</strong></span> 
     </span>
    </p>
   </div>
   <div class='ocr_carea' id='block_1_73' title="bbox 799 4209 2299 4288">
    <p class='ocr_par' dir='ltr' id='par_1_73' title="bbox 799 4209 2299 4288">
     <span class='ocr_line' id='line_1_73' title="bbox 799 4209 2299 4288; baseline -0.01 -10"><span class='ocrx_word' id='word_1_586' title='bbox 799 4222 987 4279; x_wconf 75' lang='lat' dir='ltr'>XVIII.</span> <span class='ocrx_word' id='word_1_587' title='bbox 1022 4220 1159 4276; x_wconf 89' lang='lat' dir='ltr'><strong>Cum</strong></span> <span class='ocrx_word' id='word_1_588' title='bbox 1193 4219 1359 4288; x_wconf 84' lang='lat' dir='ltr'><strong>igitur</strong></span> <span class='ocrx_word' id='word_1_589' title='bbox 1398 4215 1563 4269; x_wconf 83' lang='lat' dir='ltr'><strong>Maria</strong></span> <span class='ocrx_word' id='word_1_590' title='bbox 1631 4213 1703 4267; x_wconf 87' lang='lat' dir='ltr'><strong>ita</strong></span> <span class='ocrx_word' id='word_1_591' title='bbox 1738 4225 1960 4280; x_wconf 89' lang='lat' dir='ltr'><strong>corpus,</strong></span> <span class='ocrx_word' id='word_1_592' title='bbox 2010 4210 2140 4265; x_wconf 88' lang='lat' dir='ltr'><strong>hinc</strong></span> <span class='ocrx_word' id='word_1_593' title='bbox 2173 4209 2299 4263; x_wconf 90' lang='lat' dir='ltr'><strong>inde</strong></span> 
     </span>
    </p>
   </div>
   <div class='ocr_carea' id='block_1_74' title="bbox 729 4310 2300 4389">
    <p class='ocr_par' dir='ltr' id='par_1_74' title="bbox 729 4310 2300 4389">
     <span class='ocr_line' id='line_1_74' title="bbox 729 4310 2300 4389; baseline -0.009 -15"><span class='ocrx_word' id='word_1_594' title='bbox 729 4336 979 4382; x_wconf 65' lang='lat' dir='ltr'><strong>currens,</strong></span> <span class='ocrx_word' id='word_1_595' title='bbox 1015 4318 1345 4389; x_wconf 89' lang='lat' dir='ltr'><strong>requireret,</strong></span> <span class='ocrx_word' id='word_1_596' title='bbox 1370 4323 1424 4369; x_wconf 91' lang='lat' dir='ltr'><strong>et</strong></span> <span class='ocrx_word' id='word_1_597' title='bbox 1476 4312 1735 4367; x_wconf 90' lang='lat' dir='ltr'><strong>allocutio</strong></span> <span class='ocrx_word' id='word_1_598' title='bbox 1760 4310 1934 4379; x_wconf 84' lang='lat' dir='ltr'><strong>ipsius</strong></span> <span class='ocrx_word' id='word_1_599' title='bbox 1954 4324 2050 4363; x_wconf 89' lang='lat' dir='ltr'><strong>cor</strong></span> <span class='ocrx_word' id='word_1_600' title='bbox 2096 4323 2158 4362; x_wconf 88' lang='lat' dir='ltr'><strong>ac</strong></span> <span class='ocrx_word' id='word_1_601' title='bbox 2186 4323 2300 4361; x_wconf 90' lang='lat' dir='ltr'><strong>me-</strong></span> 
     </span>
    </p>
   </div>
   <div class='ocr_carea' id='block_1_75' title="bbox 731 4400 2296 4481">
    <p class='ocr_par' dir='ltr' id='par_1_75' title="bbox 731 4400 2296 4481">
     <span class='ocr_line' id='line_1_75' title="bbox 731 4400 2296 4481; baseline -0.009 -14"><span class='ocrx_word' id='word_1_602' title='bbox 731 4416 934 4469; x_wconf 80' lang='lat' dir='ltr'><strong>dullam</strong></span> <span class='ocrx_word' id='word_1_603' title='bbox 962 4420 1232 4481; x_wconf 74' lang='lat' dir='ltr'><strong>tangeret.</strong></span> <span class='ocrx_word' id='word_1_604' title='bbox 1273 4422 1378 4461; x_wconf 90' lang='lat' dir='ltr'><strong>una</strong></span> <span class='ocrx_word' id='word_1_605' title='bbox 1406 4423 1506 4460; x_wconf 80' lang='lat' dir='ltr'><strong>vox</strong></span> <span class='ocrx_word' id='word_1_606' title='bbox 1540 4406 1710 4459; x_wconf 58' lang='lat' dir='ltr'><strong>beatae</strong></span> <span class='ocrx_word' id='word_1_607' title='bbox 1745 4403 1961 4457; x_wconf 65' lang='lat' dir='ltr'><strong>femina:</strong></span> <span class='ocrx_word' id='word_1_608' title='bbox 1991 4400 2182 4455; x_wconf 76' lang='lat' dir='ltr'><strong>oculus</strong></span> <span class='ocrx_word' id='word_1_609' title='bbox 2232 4400 2296 4453; x_wconf 83' lang='lat' dir='ltr'><strong>ad</strong></span> 
     </span>
    </p>
   </div>
   <div class='ocr_carea' id='block_1_76' title="bbox 732 4495 2296 4577">
    <p class='ocr_par' dir='ltr' id='par_1_76' title="bbox 732 4495 2296 4577">
     <span class='ocr_line' id='line_1_76' title="bbox 732 4495 2296 4577; baseline -0.01 -15"><span class='ocrx_word' id='word_1_610' title='bbox 732 4508 1098 4577; x_wconf 76' lang='lat' dir='ltr'><strong>cognitionem</strong></span> <span class='ocrx_word' id='word_1_611' title='bbox 1149 4500 1399 4555; x_wconf 84' lang='lat' dir='ltr'><strong>veritatis</strong></span> <span class='ocrx_word' id='word_1_612' title='bbox 1433 4497 1701 4553; x_wconf 87' lang='lat' dir='ltr'><strong>convertit</strong></span> <span class='ocrx_word' id='word_1_613' title='bbox 1732 4504 1787 4549; x_wconf 90' lang='lat' dir='ltr'><strong>et</strong></span> <span class='ocrx_word' id='word_1_614' title='bbox 1819 4495 2145 4549; x_wconf 87' lang='lat' dir='ltr'><strong>nominatim</strong></span> <span class='ocrx_word' id='word_1_615' title='bbox 2178 4510 2296 4548; x_wconf 88' lang='lat' dir='ltr'><strong>eam</strong></span> 
     </span>
    </p>
   </div>
   <div class='ocr_carea' id='block_1_77' title="bbox 2401 3290 3984 3361">
    <p class='ocr_par' dir='ltr' id='par_1_77' title="bbox 2401 3290 3984 3361">
     <span class='ocr_line' id='line_1_77' title="bbox 2401 3290 3984 3361; baseline -0.002 -17"><span class='ocrx_word' id='word_1_616' title='bbox 2401 3311 2419 3344; x_wconf 79' lang='grc' dir='ltr'><strong>ε</strong></span> <span class='ocrx_word' id='word_1_617' title='bbox 2447 3292 2631 3351; x_wconf 88' lang='grc' dir='ltr'>Γύναι,</span> <span class='ocrx_word' id='word_1_618' title='bbox 2655 3292 2707 3343; x_wconf 88' lang='grc' dir='ltr'>τί</span> <span class='ocrx_word' id='word_1_619' title='bbox 2738 3291 2981 3357; x_wconf 83' lang='grc' dir='ltr'>κλαίεις;</span> <span class='ocrx_word' id='word_1_620' title='bbox 3013 3290 3134 3344; x_wconf 81' lang='grc' dir='ltr'>τίνα</span> <span class='ocrx_word' id='word_1_621' title='bbox 3171 3292 3391 3361; x_wconf 78' lang='grc' dir='ltr'>ζητεῖςς</span> <span class='ocrx_word' id='word_1_622' title='bbox 3435 3290 3676 3361; x_wconf 84' lang='grc' dir='ltr'>Ἐκείνη,</span> <span class='ocrx_word' id='word_1_623' title='bbox 3705 3291 3860 3359; x_wconf 68' lang='grc' dir='ltr'>φησὶ,</span> <span class='ocrx_word' id='word_1_624' title='bbox 3897 3290 3984 3341; x_wconf 69' lang='grc' dir='ltr'>δοο</span> 
     </span>
    </p>
   </div>
   <div class='ocr_carea' id='block_1_78' title="bbox 2396 3380 3980 3451">
    <p class='ocr_par' dir='ltr' id='par_1_78' title="bbox 2396 3380 3980 3451">
     <span class='ocr_line' id='line_1_78' title="bbox 2396 3380 3980 3451; baseline -0.002 -16"><span class='ocrx_word' id='word_1_625' title='bbox 2396 3382 2587 3445; x_wconf 85' lang='grc' dir='ltr'>κοῦσα,</span> <span class='ocrx_word' id='word_1_626' title='bbox 2615 3384 2697 3435; x_wconf 85' lang='grc' dir='ltr'><strong>ὅτι</strong></span> <span class='ocrx_word' id='word_1_627' title='bbox 2723 3386 2749 3435; x_wconf 86' lang='grc' dir='ltr'>ὁ</span> <span class='ocrx_word' id='word_1_628' title='bbox 2772 3382 3047 3451; x_wconf 78' lang='grc' dir='ltr'>κηπουρός</span> <span class='ocrx_word' id='word_1_629' title='bbox 3075 3383 3213 3448; x_wconf 77' lang='grc' dir='ltr'>ἐστι,</span> <span class='ocrx_word' id='word_1_630' title='bbox 3237 3381 3385 3449; x_wconf 85' lang='grc' dir='ltr'>λέγει</span> <span class='ocrx_word' id='word_1_631' title='bbox 3408 3381 3579 3451; x_wconf 83' lang='grc' dir='ltr'>αὐτῷ,</span> <span class='ocrx_word' id='word_1_632' title='bbox 3609 3380 3808 3450; x_wconf 78' lang='grc' dir='ltr'>Κύριε,</span> <span class='ocrx_word' id='word_1_633' title='bbox 3835 3382 3884 3432; x_wconf 83' lang='grc' dir='ltr'><strong>εί</strong></span> <span class='ocrx_word' id='word_1_634' title='bbox 3916 3381 3980 3432; x_wconf 76' lang='grc' dir='ltr'><strong>σὺ</strong></span> 
     </span>
    </p>
   </div>
   <div class='ocr_carea' id='block_1_79' title="bbox 2398 3471 3981 3544">
    <p class='ocr_par' dir='ltr' id='par_1_79' title="bbox 2398 3471 3981 3544">
     <span class='ocr_line' id='line_1_79' title="bbox 2398 3471 3981 3544; baseline -0.003 -17"><span class='ocrx_word' id='word_1_635' title='bbox 2398 3475 2705 3538; x_wconf 70' lang='grc' dir='ltr'>ἐϐάστασας</span> <span class='ocrx_word' id='word_1_636' title='bbox 2736 3474 2918 3540; x_wconf 80' lang='grc' dir='ltr'>αὐτὸν,</span> <span class='ocrx_word' id='word_1_637' title='bbox 2956 3475 3078 3526; x_wconf 89' lang='grc' dir='ltr'>εἰπέ</span> <span class='ocrx_word' id='word_1_638' title='bbox 3105 3491 3215 3544; x_wconf 84' lang='grc' dir='ltr'>μοι,</span> <span class='ocrx_word' id='word_1_639' title='bbox 3250 3471 3407 3541; x_wconf 85' lang='grc' dir='ltr'>κάγὼ</span> <span class='ocrx_word' id='word_1_640' title='bbox 3427 3472 3589 3525; x_wconf 83' lang='grc' dir='ltr'>αὐτὸν</span> <span class='ocrx_word' id='word_1_641' title='bbox 3626 3472 3801 3539; x_wconf 76' lang='grc' dir='ltr'>ἀρῶ’»</span> <span class='ocrx_word' id='word_1_642' title='bbox 3837 3471 3981 3523; x_wconf 85' lang='grc' dir='ltr'>ὠσα-</span> 
     </span>
    </p>
   </div>
   <div class='ocr_carea' id='block_1_80' title="bbox 2397 3562 3981 3638">
    <p class='ocr_par' dir='ltr' id='par_1_80' title="bbox 2397 3562 3981 3638">
     <span class='ocr_line' id='line_1_80' title="bbox 2397 3562 3981 3638; baseline -0.005 -17"><span class='ocrx_word' id='word_1_643' title='bbox 2397 3570 2496 3633; x_wconf 73' lang='grc' dir='ltr'>νεὶ,</span> <span class='ocrx_word' id='word_1_644' title='bbox 2520 3570 2581 3622; x_wconf 84' lang='lat' dir='ltr'><strong>Ei</strong></span> <span class='ocrx_word' id='word_1_645' title='bbox 2609 3570 2848 3638; x_wconf 79' lang='grc' dir='ltr'>συνῆρας</span> <span class='ocrx_word' id='word_1_646' title='bbox 2872 3569 2965 3621; x_wconf 74' lang='grc' dir='ltr'>καὶ</span> <span class='ocrx_word' id='word_1_647' title='bbox 2993 3569 3058 3621; x_wconf 79' lang='grc' dir='ltr'><strong>σὺ</strong></span> <span class='ocrx_word' id='word_1_648' title='bbox 3087 3570 3201 3631; x_wconf 86' lang='grc' dir='ltr'>τοῖς</span> <span class='ocrx_word' id='word_1_649' title='bbox 3232 3566 3529 3637; x_wconf 79' lang='grc' dir='ltr'>ὲπάρασιν,</span> <span class='ocrx_word' id='word_1_650' title='bbox 3573 3562 3696 3617; x_wconf 75' lang='grc' dir='ltr'>εἰπέ</span> <span class='ocrx_word' id='word_1_651' title='bbox 3732 3580 3847 3631; x_wconf 87' lang='grc' dir='ltr'>μοι,</span> <span class='ocrx_word' id='word_1_652' title='bbox 3885 3564 3981 3613; x_wconf 80' lang='grc' dir='ltr'><strong>κὰ-</strong></span> 
     </span>
    </p>
   </div>
   <div class='ocr_carea' id='block_1_81' title="bbox 2397 3654 3979 3731">
    <p class='ocr_par' dir='ltr' id='par_1_81' title="bbox 2397 3654 3979 3731">
     <span class='ocr_line' id='line_1_81' title="bbox 2397 3654 3979 3731; baseline -0.006 -18"><span class='ocrx_word' id='word_1_653' title='bbox 2397 3662 2479 3730; x_wconf 83' lang='grc' dir='ltr'>γὼ</span> <span class='ocrx_word' id='word_1_654' title='bbox 2507 3662 2667 3715; x_wconf 72' lang='grc' dir='ltr'>αὑτὸν</span> <span class='ocrx_word' id='word_1_655' title='bbox 2696 3662 2833 3731; x_wconf 79' lang='grc' dir='ltr'>άρῶ.</span> <span class='ocrx_word' id='word_1_656' title='bbox 2870 3662 2932 3713; x_wconf 82' lang='grc' dir='ltr'><strong>’Ὠ</strong></span> <span class='ocrx_word' id='word_1_657' title='bbox 2972 3660 3287 3727; x_wconf 81' lang='grc' dir='ltr'>γυναικείου</span> <span class='ocrx_word' id='word_1_658' title='bbox 3322 3657 3573 3727; x_wconf 81' lang='grc' dir='ltr'>φίλτρου,</span> <span class='ocrx_word' id='word_1_659' title='bbox 3621 3654 3668 3709; x_wconf 83' lang='grc' dir='ltr'><strong>ῶ</strong></span> <span class='ocrx_word' id='word_1_660' title='bbox 3712 3654 3979 3722; x_wconf 79' lang='grc' dir='ltr'>διαπύρου</span> 
     </span>
    </p>
   </div>
   <div class='ocr_carea' id='block_1_82' title="bbox 2400 3746 3976 3823">
    <p class='ocr_par' dir='ltr' id='par_1_82' title="bbox 2400 3746 3976 3823">
     <span class='ocr_line' id='line_1_82' title="bbox 2400 3746 3976 3823; baseline -0.008 -14"><span class='ocrx_word' id='word_1_661' title='bbox 2400 3757 2566 3809; x_wconf 71' lang='grc' dir='ltr'>πόθου</span> <span class='ocrx_word' id='word_1_662' title='bbox 2588 3770 2601 3785; x_wconf 80' lang='grc'><strong><em>⁸</em></strong></span> <span class='ocrx_word' id='word_1_663' title='bbox 2642 3756 2809 3817; x_wconf 81' lang='grc' dir='ltr'>ὅντως</span> <span class='ocrx_word' id='word_1_664' title='bbox 2841 3754 2999 3807; x_wconf 80' lang='grc' dir='ltr'>οὐδὲν</span> <span class='ocrx_word' id='word_1_665' title='bbox 3038 3753 3132 3823; x_wconf 87' lang='grc' dir='ltr'><strong>τῆς</strong></span> <span class='ocrx_word' id='word_1_666' title='bbox 3158 3751 3393 3823; x_wconf 76' lang='grc' dir='ltr'>ἀληθοῦς</span> <span class='ocrx_word' id='word_1_667' title='bbox 3424 3751 3648 3819; x_wconf 82' lang='grc' dir='ltr'>ἀγάπης</span> <span class='ocrx_word' id='word_1_668' title='bbox 3683 3746 3976 3819; x_wconf 79' lang='grc' dir='ltr'>μακαριώ-</span> 
     </span>
    </p>
   </div>
   <div class='ocr_carea' id='block_1_83' title="bbox 2398 3841 3980 3918">
    <p class='ocr_par' dir='ltr' id='par_1_83' title="bbox 2398 3841 3980 3918">
     <span class='ocr_line' id='line_1_83' title="bbox 2398 3841 3980 3918; baseline -0.007 -16"><span class='ocrx_word' id='word_1_669' title='bbox 2398 3867 2555 3918; x_wconf 75' lang='grc' dir='ltr'>τερον</span> <span class='ocrx_word' id='word_1_670' title='bbox 2584 3867 2598 3881; x_wconf 88' lang='grc'><strong>·</strong></span> <span class='ocrx_word' id='word_1_671' title='bbox 2631 3849 2796 3902; x_wconf 81' lang='grc' dir='ltr'>πόθεν</span> <span class='ocrx_word' id='word_1_672' title='bbox 2826 3846 2870 3900; x_wconf 76' lang='grc' dir='ltr'>δ’</span> <span class='ocrx_word' id='word_1_673' title='bbox 2916 3845 3122 3916; x_wconf 72' lang='grc' dir='ltr'>ἐπῆλθε</span> <span class='ocrx_word' id='word_1_674' title='bbox 3148 3846 3241 3898; x_wconf 74' lang='grc' dir='ltr'><strong>καὶ</strong></span> <span class='ocrx_word' id='word_1_675' title='bbox 3285 3845 3565 3915; x_wconf 75' lang='grc' dir='ltr'>κηπουρὸν</span> <span class='ocrx_word' id='word_1_676' title='bbox 3602 3842 3764 3895; x_wconf 78' lang='grc' dir='ltr'>αὐτὸν</span> <span class='ocrx_word' id='word_1_677' title='bbox 3796 3841 3980 3909; x_wconf 85' lang='grc' dir='ltr'>οἰηθῆ-</span> 
     </span>
    </p>
   </div>
   <div class='ocr_carea' id='block_1_84' title="bbox 2402 3934 3979 4013">
    <p class='ocr_par' dir='ltr' id='par_1_84' title="bbox 2402 3934 3979 4013">
     <span class='ocr_line' id='line_1_84' title="bbox 2402 3934 3979 4013; baseline -0.004 -20"><span class='ocrx_word' id='word_1_678' title='bbox 2402 3960 2486 3994; x_wconf 75' lang='grc' dir='ltr'><strong>ναι</strong></span> <span class='ocrx_word' id='word_1_679' title='bbox 2517 3959 2531 4008; x_wconf 92' lang='lat'><strong>;</strong></span> <span class='ocrx_word' id='word_1_680' title='bbox 2564 3937 2598 4013; x_wconf 81' lang='grc' dir='ltr'>ἦ</span> <span class='ocrx_word' id='word_1_681' title='bbox 2626 3941 2807 4008; x_wconf 87' lang='grc' dir='ltr'>δῆλον,</span> <span class='ocrx_word' id='word_1_682' title='bbox 2838 3940 2918 3992; x_wconf 84' lang='grc' dir='ltr'>ὃτι</span> <span class='ocrx_word' id='word_1_683' title='bbox 2950 3944 3007 3993; x_wconf 77' lang='grc' dir='ltr'><strong>έν</strong></span> <span class='ocrx_word' id='word_1_684' title='bbox 3034 3938 3111 4008; x_wconf 83' lang='grc' dir='ltr'>τῷ</span> <span class='ocrx_word' id='word_1_685' title='bbox 3167 3941 3328 4009; x_wconf 82' lang='grc' dir='ltr'>κήπῳ</span> <span class='ocrx_word' id='word_1_686' title='bbox 3362 3940 3422 3991; x_wconf 78' lang='grc' dir='ltr'><strong>τὸ</strong></span> <span class='ocrx_word' id='word_1_687' title='bbox 3454 3937 3645 4007; x_wconf 87' lang='grc' dir='ltr'>μνῆμα</span> <span class='ocrx_word' id='word_1_688' title='bbox 3667 3952 3683 3969; x_wconf 78' lang='grc'><strong>⁸</strong></span> <span class='ocrx_word' id='word_1_689' title='bbox 3738 3936 3876 4004; x_wconf 80' lang='grc' dir='ltr'>τάχα</span> <span class='ocrx_word' id='word_1_690' title='bbox 3922 3934 3979 3986; x_wconf 76' lang='grc' dir='ltr'><strong>δὲ</strong></span> 
     </span>
    </p>
   </div>
   <div class='ocr_carea' id='block_1_85' title="bbox 2398 4028 3987 4100">
    <p class='ocr_par' dir='ltr' id='par_1_85' title="bbox 2398 4028 3987 4100">
     <span class='ocr_line' id='line_1_85' title="bbox 2398 4028 3987 4100; baseline -0.004 -16"><span class='ocrx_word' id='word_1_691' title='bbox 2398 4038 2497 4085; x_wconf 79' lang='grc' dir='ltr'><strong>οὐκ</strong></span> <span class='ocrx_word' id='word_1_692' title='bbox 2528 4033 2631 4097; x_wconf 76' lang='grc' dir='ltr'>ἔξω</span> <span class='ocrx_word' id='word_1_693' title='bbox 2660 4032 2820 4100; x_wconf 76' lang='grc' dir='ltr'>λόγου</span> <span class='ocrx_word' id='word_1_694' title='bbox 2850 4032 2943 4083; x_wconf 76' lang='grc' dir='ltr'><strong>τὸν</strong></span> <span class='ocrx_word' id='word_1_695' title='bbox 2993 4030 3170 4099; x_wconf 88' lang='grc' dir='ltr'>ἀληθῆ</span> <span class='ocrx_word' id='word_1_696' title='bbox 3208 4029 3304 4083; x_wconf 74' lang='grc' dir='ltr'>καὶ</span> <span class='ocrx_word' id='word_1_697' title='bbox 3336 4030 3555 4100; x_wconf 84' lang='grc' dir='ltr'>πρῶτον</span> <span class='ocrx_word' id='word_1_698' title='bbox 3584 4028 3680 4081; x_wconf 90' lang='grc' dir='ltr'><strong>τοῦ</strong></span> <span class='ocrx_word' id='word_1_699' title='bbox 3719 4028 3987 4095; x_wconf 76' lang='grc' dir='ltr'>παραδεί·</span> 
     </span>
    </p>
   </div>
   <div class='ocr_carea' id='block_1_86' title="bbox 2401 4122 3314 4192">
    <p class='ocr_par' dir='ltr' id='par_1_86' title="bbox 2401 4122 3314 4192">
     <span class='ocr_line' id='line_1_86' title="bbox 2401 4122 3314 4192; baseline 0 -16"><span class='ocrx_word' id='word_1_700' title='bbox 2401 4142 2495 4177; x_wconf 88' lang='grc' dir='ltr'><strong>σου</strong></span> <span class='ocrx_word' id='word_1_701' title='bbox 2529 4126 2774 4192; x_wconf 66' lang='grc' dir='ltr'>γεωργὸν</span> <span class='ocrx_word' id='word_1_702' title='bbox 2804 4122 2977 4185; x_wconf 86' lang='grc' dir='ltr'>οῦτως</span> <span class='ocrx_word' id='word_1_703' title='bbox 3006 4122 3314 4176; x_wconf 76' lang='grc' dir='ltr'>ὑπολαϐεῖν.</span> 
     </span>
    </p>
   </div>
   <div class='ocr_carea' id='block_1_87' title="bbox 2472 4214 3982 4286">
    <p class='ocr_par' dir='ltr' id='par_1_87' title="bbox 2472 4214 3982 4286">
     <span class='ocr_line' id='line_1_87' title="bbox 2472 4214 3982 4286; baseline -0.005 -15"><span class='ocrx_word' id='word_1_704' title='bbox 2472 4216 2767 4272; x_wconf 57' lang='grc' dir='ltr'><strong>1112Ἀλλά</strong></span> <span class='ocrx_word' id='word_1_705' title='bbox 2819 4217 2919 4285; x_wconf 87' lang='grc' dir='ltr'><strong>τῆς</strong></span> <span class='ocrx_word' id='word_1_706' title='bbox 2951 4217 3171 4285; x_wconf 80' lang='grc' dir='ltr'>Μαρίας</span> <span class='ocrx_word' id='word_1_707' title='bbox 3228 4215 3371 4268; x_wconf 89' lang='grc' dir='ltr'>οῦτω</span> <span class='ocrx_word' id='word_1_708' title='bbox 3426 4216 3558 4286; x_wconf 77' lang='grc' dir='ltr'>περὶ</span> <span class='ocrx_word' id='word_1_709' title='bbox 3606 4214 3707 4283; x_wconf 72' lang='grc' dir='ltr'><strong>τήν</strong></span> <span class='ocrx_word' id='word_1_710' title='bbox 3752 4214 3982 4285; x_wconf 80' lang='grc' dir='ltr'>ἔρευναν</span> 
     </span>
    </p>
   </div>
   <div class='ocr_carea' id='block_1_88' title="bbox 2400 4306 3988 4381">
    <p class='ocr_par' dir='ltr' id='par_1_88' title="bbox 2400 4306 3988 4381">
     <span class='ocr_line' id='line_1_88' title="bbox 2400 4306 3988 4381; baseline -0.004 -18"><span class='ocrx_word' id='word_1_711' title='bbox 2400 4310 2746 4381; x_wconf 75' lang='grc' dir='ltr'>ἐπτοημένης</span> <span class='ocrx_word' id='word_1_712' title='bbox 2806 4308 2900 4360; x_wconf 90' lang='grc' dir='ltr'><strong>τοῦ</strong></span> <span class='ocrx_word' id='word_1_713' title='bbox 2956 4311 3232 4378; x_wconf 84' lang='grc' dir='ltr'>σώματος,</span> <span class='ocrx_word' id='word_1_714' title='bbox 3284 4307 3437 4362; x_wconf 74' lang='grc' dir='ltr'>ἐνθεν</span> <span class='ocrx_word' id='word_1_715' title='bbox 3467 4326 3527 4361; x_wconf 89' lang='grc' dir='ltr'><strong>τε</strong></span> <span class='ocrx_word' id='word_1_716' title='bbox 3554 4306 3806 4361; x_wconf 83' lang='grc' dir='ltr'>κάκεῖθεν</span> <span class='ocrx_word' id='word_1_717' title='bbox 3855 4308 3988 4360; x_wconf 82' lang='grc' dir='ltr'>ἀνα-</span> 
     </span>
    </p>
   </div>
   <div class='ocr_carea' id='block_1_89' title="bbox 2401 4396 3987 4469">
    <p class='ocr_par' dir='ltr' id='par_1_89' title="bbox 2401 4396 3987 4469">
     <span class='ocr_line' id='line_1_89' title="bbox 2401 4396 3987 4469; baseline -0.004 -16"><span class='ocrx_word' id='word_1_718' title='bbox 2401 4400 2727 4469; x_wconf 80' lang='grc' dir='ltr'>τρεχούσης,</span> <span class='ocrx_word' id='word_1_719' title='bbox 2787 4402 2815 4453; x_wconf 71' lang='grc' dir='ltr'><strong>ὸ</strong></span> <span class='ocrx_word' id='word_1_720' title='bbox 2866 4400 3245 4468; x_wconf 81' lang='grc' dir='ltr'>διῖκνούμενος</span> <span class='ocrx_word' id='word_1_721' title='bbox 3290 4398 3449 4465; x_wconf 82' lang='grc' dir='ltr'>λόγος</span> <span class='ocrx_word' id='word_1_722' title='bbox 3503 4397 3632 4469; x_wconf 82' lang='grc' dir='ltr'>ἀχρι</span> <span class='ocrx_word' id='word_1_723' title='bbox 3662 4398 3759 4451; x_wconf 76' lang='grc' dir='ltr'>καὶ</span> <span class='ocrx_word' id='word_1_724' title='bbox 3804 4396 3987 4450; x_wconf 83' lang='grc' dir='ltr'>αὐτῶν</span> 
     </span>
    </p>
   </div>
   <div class='ocr_carea' id='block_1_90' title="bbox 2405 4488 3987 4562">
    <p class='ocr_par' dir='ltr' id='par_1_90' title="bbox 2405 4488 3987 4562">
     <span class='ocr_line' id='line_1_90' title="bbox 2405 4488 3987 4562; baseline -0.003 -17"><span class='ocrx_word' id='word_1_725' title='bbox 2405 4492 2625 4562; x_wconf 76' lang='grc' dir='ltr'>σαρκῶν</span> <span class='ocrx_word' id='word_1_726' title='bbox 2658 4492 2753 4545; x_wconf 69' lang='grc' dir='ltr'>καὶ</span> <span class='ocrx_word' id='word_1_727' title='bbox 2779 4489 2991 4559; x_wconf 82' lang='grc' dir='ltr'>μυελῶν</span> <span class='ocrx_word' id='word_1_728' title='bbox 3014 4489 3157 4542; x_wconf 86' lang='grc' dir='ltr'>οῦτω</span> <span class='ocrx_word' id='word_1_729' title='bbox 3211 4488 3670 4560; x_wconf 78' lang='grc' dir='ltr'>βασανιζομένην,</span> <span class='ocrx_word' id='word_1_730' title='bbox 3700 4494 3851 4560; x_wconf 82' lang='grc' dir='ltr'>φωνῇ</span> <span class='ocrx_word' id='word_1_731' title='bbox 3886 4492 3987 4561; x_wconf 76' lang='grc' dir='ltr'>μιᾷ</span> 
     </span>
    </p>
   </div>
   <div class='ocr_carea' id='block_1_91' title="bbox 731 4575 2420 4669">
    <p class='ocr_par' dir='ltr' id='par_1_91' title="bbox 731 4575 2420 4669">
     <span class='ocr_line' id='line_1_91' title="bbox 731 4575 2420 4669; baseline -0.012 -16"><span class='ocrx_word' id='word_1_732' title='bbox 731 4575 970 4669; x_wconf 83' lang='lat' dir='ltr'><strong>appellat</strong></span> <span class='ocrx_word' id='word_1_733' title='bbox 1004 4595 1247 4651; x_wconf 74' lang='lat' dir='ltr'><strong>:Marial</strong></span> <span class='ocrx_word' id='word_1_734' title='bbox 1282 4592 1392 4647; x_wconf 84' lang='lat' dir='ltr'><strong>Ilac</strong></span> <span class='ocrx_word' id='word_1_735' title='bbox 1425 4601 1605 4644; x_wconf 88' lang='lat' dir='ltr'><strong>autem</strong></span> <span class='ocrx_word' id='word_1_736' title='bbox 1646 4604 1776 4641; x_wconf 84' lang='lat' dir='ltr'><strong>voce</strong></span> <span class='ocrx_word' id='word_1_737' title='bbox 1818 4586 1971 4641; x_wconf 86' lang='lat' dir='ltr'><strong>suavi</strong></span> <span class='ocrx_word' id='word_1_738' title='bbox 2006 4596 2062 4641; x_wconf 91' lang='lat' dir='ltr'><strong>et</strong></span> <span class='ocrx_word' id='word_1_739' title='bbox 2085 4594 2302 4640; x_wconf 83' lang='lat' dir='ltr'><strong>assueta</strong></span> <span class='ocrx_word' id='word_1_740' title='bbox 2335 4575 2420 4635; x_wconf 55' lang='lat' dir='ltr'><strong>Da</strong></span> 
     </span>
    </p>
   </div>
   <div class='ocr_carea' id='block_1_92' title="bbox 2296 4575 3985 4669">
    <p class='ocr_par' dir='ltr' id='par_1_92' title="bbox 2296 4575 3985 4653">
     <span class='ocr_line' id='line_1_92' title="bbox 2296 4575 3985 4653; baseline -0.001 -17"><span class='ocrx_word' id='word_1_741' title='bbox 2296 4606 2302 4637; x_wconf 84' lang='grc' dir='ltr'><strong>ι</strong></span> <span class='ocrx_word' id='word_1_742' title='bbox 2335 4575 2381 4635; x_wconf 83' lang='lat' dir='ltr'><strong>D</strong></span> <span class='ocrx_word' id='word_1_743' title='bbox 2408 4585 2469 4636; x_wconf 76' lang='grc' dir='ltr'>τὸ</span> <span class='ocrx_word' id='word_1_744' title='bbox 2518 4584 2738 4653; x_wconf 71' lang='grc' dir='ltr'>βλέμμα</span> <span class='ocrx_word' id='word_1_745' title='bbox 2772 4582 2980 4651; x_wconf 86' lang='grc' dir='ltr'>ταύτης</span> <span class='ocrx_word' id='word_1_746' title='bbox 3032 4583 3209 4647; x_wconf 82' lang='grc' dir='ltr'>ὀξύνει</span> <span class='ocrx_word' id='word_1_747' title='bbox 3264 4584 3403 4651; x_wconf 77' lang='grc' dir='ltr'>πρὸς</span> <span class='ocrx_word' id='word_1_748' title='bbox 3459 4583 3559 4652; x_wconf 83' lang='grc' dir='ltr'><strong>τὴν</strong></span> <span class='ocrx_word' id='word_1_749' title='bbox 3598 4585 3696 4652; x_wconf 87' lang='grc' dir='ltr'><strong>τῆς</strong></span> <span class='ocrx_word' id='word_1_750' title='bbox 3725 4584 3985 4651; x_wconf 79' lang='grc' dir='ltr'>ἀληθείας</span> 
     </span>
    </p>
   </div>
   <div class='ocr_carea' id='block_1_93' title="bbox 731 4677 2299 4746">
    <p class='ocr_par' dir='ltr' id='par_1_93' title="bbox 731 4677 2299 4746">
     <span class='ocr_line' id='line_1_93' title="bbox 731 4677 2299 4746; baseline -0.01 0"><span class='ocrx_word' id='word_1_751' title='bbox 731 4694 915 4746; x_wconf 80' lang='lat' dir='ltr'><strong>audita</strong></span> <span class='ocrx_word' id='word_1_752' title='bbox 966 4687 1138 4742; x_wconf 83' lang='lat' dir='ltr'><strong>verbo</strong></span> <span class='ocrx_word' id='word_1_753' title='bbox 1166 4686 1320 4740; x_wconf 88' lang='lat' dir='ltr'><strong>ocius</strong></span> <span class='ocrx_word' id='word_1_754' title='bbox 1356 4696 1627 4737; x_wconf 72' lang='lat' dir='ltr'><strong>reversa:</strong></span> <span class='ocrx_word' id='word_1_755' title='bbox 1679 4680 1958 4739; x_wconf 77' lang='lat' dir='ltr'><strong>Rabbuni.</strong></span> <span class='ocrx_word' id='word_1_756' title='bbox 2026 4677 2187 4742; x_wconf 80' lang='lat' dir='ltr'><strong>dixit,</strong></span> <span class='ocrx_word' id='word_1_757' title='bbox 2248 4680 2299 4732; x_wconf 85' lang='lat' dir='ltr'><strong>id</strong></span> 
     </span>
    </p>
   </div>
   <div class='ocr_carea' id='block_1_94' title="bbox 733 4772 2300 4849">
    <p class='ocr_par' dir='ltr' id='par_1_94' title="bbox 733 4772 2300 4849">
     <span class='ocr_line' id='line_1_94' title="bbox 733 4772 2300 4849; baseline -0.01 -11"><span class='ocrx_word' id='word_1_758' title='bbox 733 4795 839 4848; x_wconf 84' lang='lat' dir='ltr'><strong>est,</strong></span> <span class='ocrx_word' id='word_1_759' title='bbox 874 4781 1161 4849; x_wconf 75' lang='lat' dir='ltr'><strong>Magister;</strong></span> <span class='ocrx_word' id='word_1_760' title='bbox 1185 4786 1241 4833; x_wconf 89' lang='lat' dir='ltr'><strong>et</strong></span> <span class='ocrx_word' id='word_1_761' title='bbox 1270 4776 1430 4830; x_wconf 88' lang='lat' dir='ltr'><strong>simul</strong></span> <span class='ocrx_word' id='word_1_762' title='bbox 1463 4774 1627 4845; x_wconf 87' lang='lat' dir='ltr'><strong>pedes</strong></span> <span class='ocrx_word' id='word_1_763' title='bbox 1653 4772 1935 4843; x_wconf 89' lang='lat' dir='ltr'><strong>speciosos</strong></span> <span class='ocrx_word' id='word_1_764' title='bbox 1965 4781 2186 4839; x_wconf 77' lang='lat' dir='ltr'><strong>tangere</strong></span> <span class='ocrx_word' id='word_1_765' title='bbox 2210 4783 2300 4840; x_wconf 78' lang='lat' dir='ltr'><strong>ge-</strong></span> 
     </span>
    </p>
   </div>
   <div class='ocr_carea' id='block_1_95' title="bbox 734 4879 904 4933">
    <p class='ocr_par' dir='ltr' id='par_1_95' title="bbox 734 4879 904 4933">
     <span class='ocr_line' id='line_1_95' title="bbox 734 4879 904 4933; baseline -0.024 0"><span class='ocrx_word' id='word_1_766' title='bbox 734 4879 904 4933; x_wconf 73' lang='lat' dir='ltr'><strong>stivit.</strong></span> 
     </span>
    </p>
   </div>
   <div class='ocr_carea' id='block_1_96' title="bbox 807 5133 2301 5210">
    <p class='ocr_par' dir='ltr' id='par_1_96' title="bbox 807 5133 2301 5210">
     <span class='ocr_line' id='line_1_96' title="bbox 807 5133 2301 5210; baseline -0.01 -9"><span class='ocrx_word' id='word_1_767' title='bbox 807 5146 949 5201; x_wconf 74' lang='lat' dir='ltr'><strong>XIX.</strong></span> <span class='ocrx_word' id='word_1_768' title='bbox 980 5146 1271 5210; x_wconf 78' lang='lat' dir='ltr'><strong>Postquam</strong></span> <span class='ocrx_word' id='word_1_769' title='bbox 1316 5138 1464 5192; x_wconf 85' lang='lat' dir='ltr'><strong>enim</strong></span> <span class='ocrx_word' id='word_1_770' title='bbox 1526 5137 1809 5191; x_wconf 87' lang='lat' dir='ltr'><strong>oculorum</strong></span> <span class='ocrx_word' id='word_1_771' title='bbox 1859 5143 2025 5204; x_wconf 85' lang='lat' dir='ltr'><strong>atque</strong></span> <span class='ocrx_word' id='word_1_772' title='bbox 2087 5133 2301 5187; x_wconf 89' lang='lat' dir='ltr'><strong>aurium</strong></span> 
     </span>
    </p>
   </div>
   <div class='ocr_carea' id='block_1_97' title="bbox 737 5226 2305 5311">
    <p class='ocr_par' dir='ltr' id='par_1_97' title="bbox 737 5226 2305 5311">
     <span class='ocr_line' id='line_1_97' title="bbox 737 5226 2305 5311; baseline -0.01 -16"><span class='ocrx_word' id='word_1_773' title='bbox 737 5255 841 5311; x_wconf 84' lang='lat' dir='ltr'><strong>Ope</strong></span> <span class='ocrx_word' id='word_1_774' title='bbox 880 5253 1005 5292; x_wconf 89' lang='lat' dir='ltr'><strong>cum</strong></span> <span class='ocrx_word' id='word_1_775' title='bbox 1035 5234 1403 5303; x_wconf 75' lang='lat' dir='ltr'><strong>cegnovisset,</strong></span> <span class='ocrx_word' id='word_1_776' title='bbox 1436 5238 1491 5284; x_wconf 88' lang='lat' dir='ltr'><strong>et</strong></span> <span class='ocrx_word' id='word_1_777' title='bbox 1518 5244 1581 5283; x_wconf 77' lang='lat' dir='ltr'><strong>ex</strong></span> <span class='ocrx_word' id='word_1_778' title='bbox 1613 5239 1759 5282; x_wconf 87' lang='lat' dir='ltr'><strong>tactu</strong></span> <span class='ocrx_word' id='word_1_779' title='bbox 1804 5230 2008 5282; x_wconf 83' lang='lat' dir='ltr'><strong>certior</strong></span> <span class='ocrx_word' id='word_1_780' title='bbox 2040 5227 2153 5279; x_wconf 85' lang='lat' dir='ltr'><strong>lieri</strong></span> <span class='ocrx_word' id='word_1_781' title='bbox 2190 5226 2305 5295; x_wconf 68' lang='lat' dir='ltr'><strong>vcl-</strong></span> 
     </span>
    </p>
   </div>
   <div class='ocr_carea' id='block_1_98' title="bbox 740 5320 2305 5400">
    <p class='ocr_par' dir='ltr' id='par_1_98' title="bbox 740 5320 2305 5400">
     <span class='ocr_line' id='line_1_98' title="bbox 740 5320 2305 5400; baseline -0.008 -14"><span class='ocrx_word' id='word_1_782' title='bbox 740 5335 832 5398; x_wconf 84' lang='lat' dir='ltr'><strong>lct,</strong></span> <span class='ocrx_word' id='word_1_783' title='bbox 870 5329 1015 5400; x_wconf 89' lang='lat' dir='ltr'><strong>quod</strong></span> <span class='ocrx_word' id='word_1_784' title='bbox 1045 5326 1266 5397; x_wconf 88' lang='lat' dir='ltr'><strong>quidem</strong></span> <span class='ocrx_word' id='word_1_785' title='bbox 1302 5325 1356 5377; x_wconf 92' lang='lat' dir='ltr'><strong>in</strong></span> <span class='ocrx_word' id='word_1_786' title='bbox 1401 5322 1693 5392; x_wconf 81' lang='lat' dir='ltr'><strong>Evangelio</strong></span> <span class='ocrx_word' id='word_1_787' title='bbox 1721 5321 1935 5385; x_wconf 82' lang='lat' dir='ltr'><strong>siletur,</strong></span> <span class='ocrx_word' id='word_1_788' title='bbox 1976 5320 2153 5383; x_wconf 85' lang='lat' dir='ltr'><strong>audit,</strong></span> <span class='ocrx_word' id='word_1_789' title='bbox 2185 5320 2305 5375; x_wconf 85' lang='lat' dir='ltr'><strong>Noli</strong></span> 
     </span>
    </p>
   </div>
   <div class='ocr_carea' id='block_1_99' title="bbox 744 5414 2311 5493">
    <p class='ocr_par' dir='ltr' id='par_1_99' title="bbox 744 5414 2311 5493">
     <span class='ocr_line' id='line_1_99' title="bbox 744 5414 2311 5493; baseline -0.007 -14"><span class='ocrx_word' id='word_1_790' title='bbox 744 5442 829 5480; x_wconf 89' lang='lat' dir='ltr'><strong>me</strong></span> <span class='ocrx_word' id='word_1_791' title='bbox 856 5436 1098 5493; x_wconf 81' lang='lat' dir='ltr'><strong>tangere.</strong></span> <span class='ocrx_word' id='word_1_792' title='bbox 1119 5416 1405 5485; x_wconf 83' lang='lat' dir='ltr'><strong>Quomodo</strong></span> <span class='ocrx_word' id='word_1_793' title='bbox 1436 5430 1565 5469; x_wconf 85' lang='lat' dir='ltr'><strong>vero</strong></span> <span class='ocrx_word' id='word_1_794' title='bbox 1596 5415 1845 5479; x_wconf 80' lang='lat' dir='ltr'><strong>dixisset,</strong></span> <span class='ocrx_word' id='word_1_795' title='bbox 1877 5414 1979 5468; x_wconf 91' lang='lat' dir='ltr'><strong>nisi</strong></span> <span class='ocrx_word' id='word_1_796' title='bbox 2005 5427 2311 5469; x_wconf 84' lang='lat' dir='ltr'><strong>contrecta-</strong></span> 
     </span>
    </p>
   </div>
   <div class='ocr_carea' id='block_1_100' title="bbox 744 5506 2310 5581">
    <p class='ocr_par' dir='ltr' id='par_1_100' title="bbox 744 5506 2310 5581">
     <span class='ocr_line' id='line_1_100' title="bbox 744 5506 2310 5581; baseline -0.008 -13"><span class='ocrx_word' id='word_1_797' title='bbox 744 5528 924 5569; x_wconf 83' lang='lat' dir='ltr'><strong>turam</strong></span> <span class='ocrx_word' id='word_1_798' title='bbox 967 5529 1023 5567; x_wconf 91' lang='lat' dir='ltr'><strong>se</strong></span> <span class='ocrx_word' id='word_1_799' title='bbox 1050 5513 1302 5581; x_wconf 86' lang='lat' dir='ltr'><strong>protinus</strong></span> <span class='ocrx_word' id='word_1_800' title='bbox 1325 5506 1848 5561; x_wconf 85' lang='lat' dir='ltr'><strong>animadvertisset?</strong></span> <span class='ocrx_word' id='word_1_801' title='bbox 1879 5506 2003 5561; x_wconf 88' lang='lat' dir='ltr'><strong>Noli</strong></span> <span class='ocrx_word' id='word_1_802' title='bbox 2067 5522 2153 5559; x_wconf 88' lang='lat' dir='ltr'><strong>me</strong></span> <span class='ocrx_word' id='word_1_803' title='bbox 2186 5517 2310 5561; x_wconf 91' lang='lat' dir='ltr'><strong>tan-</strong></span> 
     </span>
    </p>
   </div>
   <div class='ocr_carea' id='block_1_101' title="bbox 745 5598 2311 5675">
    <p class='ocr_par' dir='ltr' id='par_1_101' title="bbox 745 5598 2311 5675">
     <span class='ocr_line' id='line_1_101' title="bbox 745 5598 2311 5675; baseline -0.006 -15"><span class='ocrx_word' id='word_1_804' title='bbox 745 5624 896 5675; x_wconf 78' lang='lat' dir='ltr'><strong>gere.</strong></span> <span class='ocrx_word' id='word_1_805' title='bbox 937 5604 1230 5673; x_wconf 78' lang='lat' dir='ltr'><strong>Postquam</strong></span> <span class='ocrx_word' id='word_1_806' title='bbox 1281 5603 1426 5654; x_wconf 89' lang='lat' dir='ltr'><strong>enim</strong></span> <span class='ocrx_word' id='word_1_807' title='bbox 1458 5616 1581 5653; x_wconf 85' lang='lat' dir='ltr'><strong>cum</strong></span> <span class='ocrx_word' id='word_1_808' title='bbox 1642 5600 1812 5652; x_wconf 83' lang='lat' dir='ltr'><strong>altera</strong></span> <span class='ocrx_word' id='word_1_809' title='bbox 1868 5598 2035 5651; x_wconf 81' lang='lat' dir='ltr'><strong>Maria</strong></span> <span class='ocrx_word' id='word_1_810' title='bbox 2070 5614 2156 5651; x_wconf 91' lang='lat' dir='ltr'><strong>me</strong></span> <span class='ocrx_word' id='word_1_811' title='bbox 2194 5600 2311 5652; x_wconf 85' lang='lat' dir='ltr'><strong>teti-</strong></span> 
     </span>
    </p>
   </div>
   <div class='ocr_carea' id='block_1_102' title="bbox 2407 4674 3985 4747">
    <p class='ocr_par' dir='ltr' id='par_1_102' title="bbox 2407 4674 3985 4747">
     <span class='ocr_line' id='line_1_102' title="bbox 2407 4674 3985 4747; baseline -0.001 -16"><span class='ocrx_word' id='word_1_812' title='bbox 2407 4679 2726 4743; x_wconf 71' lang='grc' dir='ltr'>ἐπίγνωσιν,</span> <span class='ocrx_word' id='word_1_813' title='bbox 2758 4677 2853 4728; x_wconf 77' lang='grc' dir='ltr'>καὶ</span> <span class='ocrx_word' id='word_1_814' title='bbox 2882 4675 3143 4744; x_wconf 79' lang='grc' dir='ltr'>ὀνομαστὶ</span> <span class='ocrx_word' id='word_1_815' title='bbox 3170 4674 3375 4745; x_wconf 84' lang='grc' dir='ltr'>ταύτην</span> <span class='ocrx_word' id='word_1_816' title='bbox 3398 4674 3574 4738; x_wconf 83' lang='grc' dir='ltr'>καλεῖ,</span> <span class='ocrx_word' id='word_1_817' title='bbox 3606 4676 3794 4746; x_wconf 84' lang='grc' dir='ltr'>Μαρία</span> <span class='ocrx_word' id='word_1_818' title='bbox 3818 4692 3833 4707; x_wconf 82' lang='grc'><em>’</em></span> <span class='ocrx_word' id='word_1_819' title='bbox 3876 4677 3985 4747; x_wconf 76' lang='grc' dir='ltr'><strong>ἡδὲ</strong></span> 
     </span>
    </p>
   </div>
   <div class='ocr_carea' id='block_1_103' title="bbox 2406 4766 3990 4837">
    <p class='ocr_par' dir='ltr' id='par_1_103' title="bbox 2406 4766 3990 4837">
     <span class='ocr_line' id='line_1_103' title="bbox 2406 4766 3990 4837; baseline -0.001 -16"><span class='ocrx_word' id='word_1_820' title='bbox 2406 4769 2507 4837; x_wconf 86' lang='grc' dir='ltr'><strong>τῆς</strong></span> <span class='ocrx_word' id='word_1_821' title='bbox 2537 4768 2794 4834; x_wconf 76' lang='grc' dir='ltr'>γλυκείας</span> <span class='ocrx_word' id='word_1_822' title='bbox 2826 4768 2919 4818; x_wconf 67' lang='grc' dir='ltr'><strong>καὶ</strong></span> <span class='ocrx_word' id='word_1_823' title='bbox 2946 4766 3210 4837; x_wconf 82' lang='grc' dir='ltr'>συνήθους</span> <span class='ocrx_word' id='word_1_824' title='bbox 3242 4766 3541 4837; x_wconf 85' lang='grc' dir='ltr'>αἰσθομένη</span> <span class='ocrx_word' id='word_1_825' title='bbox 3570 4769 3990 4836; x_wconf 75' lang='grc' dir='ltr'>φωνῆς,θᾶττον</span> 
     </span>
    </p>
   </div>
   <div class='ocr_carea' id='block_1_104' title="bbox 2408 4858 3988 4930">
    <p class='ocr_par' dir='ltr' id='par_1_104' title="bbox 2408 4858 3988 4930">
     <span class='ocr_line' id='line_1_104' title="bbox 2408 4858 3988 4930; baseline 0.001 -18"><span class='ocrx_word' id='word_1_826' title='bbox 2408 4862 2441 4930; x_wconf 81' lang='grc' dir='ltr'>ἢ</span> <span class='ocrx_word' id='word_1_827' title='bbox 2473 4861 2627 4927; x_wconf 86' lang='grc' dir='ltr'>λόγος</span> <span class='ocrx_word' id='word_1_828' title='bbox 2662 4861 3085 4928; x_wconf 84' lang='grc' dir='ltr'>έπιστραφεῖσα,</span> <span class='ocrx_word' id='word_1_829' title='bbox 3125 4858 3430 4926; x_wconf 78' lang='grc' dir='ltr'>Ῥα66ουνὶ,</span> <span class='ocrx_word' id='word_1_830' title='bbox 3464 4861 3649 4930; x_wconf 68' lang='grc' dir='ltr'>φησιν,</span> <span class='ocrx_word' id='word_1_831' title='bbox 3680 4860 3709 4913; x_wconf 80' lang='grc' dir='ltr'><strong>ὅ</strong></span> <span class='ocrx_word' id='word_1_832' title='bbox 3742 4861 3988 4928; x_wconf 79' lang='grc' dir='ltr'>λέγεται,</span> 
     </span>
    </p>
   </div>
   <div class='ocr_carea' id='block_1_105' title="bbox 2409 4950 3990 5023">
    <p class='ocr_par' dir='ltr' id='par_1_105' title="bbox 2409 4950 3990 5023">
     <span class='ocr_line' id='line_1_105' title="bbox 2409 4950 3990 5023; baseline -0.002 -16"><span class='ocrx_word' id='word_1_833' title='bbox 2409 4955 2709 5009; x_wconf 81' lang='grc' dir='ltr'>Διδάσκαλε</span> <span class='ocrx_word' id='word_1_834' title='bbox 2732 4971 2745 4986; x_wconf 68' lang='grc' dir='ltr'><strong>ο</strong></span> <span class='ocrx_word' id='word_1_835' title='bbox 2781 4954 2876 5005; x_wconf 78' lang='grc' dir='ltr'><strong>καὶ</strong></span> <span class='ocrx_word' id='word_1_836' title='bbox 2904 4952 3059 5014; x_wconf 83' lang='grc' dir='ltr'>αῦθις</span> <span class='ocrx_word' id='word_1_837' title='bbox 3084 4950 3194 5004; x_wconf 89' lang='grc' dir='ltr'><strong>τῶν</strong></span> <span class='ocrx_word' id='word_1_838' title='bbox 3225 4951 3446 5023; x_wconf 84' lang='grc' dir='ltr'>ὡραίων</span> <span class='ocrx_word' id='word_1_839' title='bbox 3467 4950 3634 5005; x_wconf 81' lang='grc' dir='ltr'>αὑτοῦ</span> <span class='ocrx_word' id='word_1_840' title='bbox 3669 4952 3990 5021; x_wconf 68' lang='grc' dir='ltr'>ἐφάψασθαι</span> 
     </span>
    </p>
   </div>
   <div class='ocr_carea' id='block_1_106' title="bbox 2409 5047 2817 5117">
    <p class='ocr_par' dir='ltr' id='par_1_106' title="bbox 2409 5047 2817 5117">
     <span class='ocr_line' id='line_1_106' title="bbox 2409 5047 2817 5117; baseline 0 -18"><span class='ocrx_word' id='word_1_841' title='bbox 2409 5049 2591 5117; x_wconf 68' lang='grc' dir='ltr'>ἐζήτει</span> <span class='ocrx_word' id='word_1_842' title='bbox 2621 5047 2817 5100; x_wconf 86' lang='grc' dir='ltr'>ποδῶν.</span> 
     </span>
    </p>
   </div>
   <div class='ocr_carea' id='block_1_107' title="bbox 2484 5136 3986 5207">
    <p class='ocr_par' dir='ltr' id='par_1_107' title="bbox 2484 5136 3986 5207">
     <span class='ocr_line' id='line_1_107' title="bbox 2484 5136 3986 5207; baseline -0.002 -15"><span class='ocrx_word' id='word_1_843' title='bbox 2484 5140 2587 5192; x_wconf 72' lang='grc' dir='ltr'>ιθο.</span> <span class='ocrx_word' id='word_1_844' title='bbox 2633 5137 2785 5193; x_wconf 80' lang='grc' dir='ltr'>Ἐπεὶ</span> <span class='ocrx_word' id='word_1_845' title='bbox 2807 5138 2917 5207; x_wconf 81' lang='grc' dir='ltr'>γὰρ</span> <span class='ocrx_word' id='word_1_846' title='bbox 2967 5137 3034 5190; x_wconf 84' lang='grc' dir='ltr'>δι’</span> <span class='ocrx_word' id='word_1_847' title='bbox 3062 5136 3235 5205; x_wconf 75' lang='grc' dir='ltr'>ὅψεως</span> <span class='ocrx_word' id='word_1_848' title='bbox 3289 5138 3383 5191; x_wconf 81' lang='grc' dir='ltr'>καὶ</span> <span class='ocrx_word' id='word_1_849' title='bbox 3413 5138 3587 5206; x_wconf 87' lang='grc' dir='ltr'>ἀκοῆς</span> <span class='ocrx_word' id='word_1_850' title='bbox 3626 5139 3789 5191; x_wconf 74' lang='grc' dir='ltr'>αὐτὸν</span> <span class='ocrx_word' id='word_1_851' title='bbox 3818 5138 3986 5204; x_wconf 69' lang='grc' dir='ltr'>ἔγνω,</span> 
     </span>
    </p>
   </div>
   <div class='ocr_carea' id='block_1_108' title="bbox 2412 5231 3989 5304">
    <p class='ocr_par' dir='ltr' id='par_1_108' title="bbox 2412 5231 3989 5304">
     <span class='ocr_line' id='line_1_108' title="bbox 2412 5231 3989 5304; baseline -0.003 -15"><span class='ocrx_word' id='word_1_852' title='bbox 2412 5235 2509 5289; x_wconf 79' lang='grc' dir='ltr'>καὶ</span> <span class='ocrx_word' id='word_1_853' title='bbox 2534 5234 2599 5288; x_wconf 81' lang='grc' dir='ltr'>δι’</span> <span class='ocrx_word' id='word_1_854' title='bbox 2625 5236 2765 5304; x_wconf 78' lang='grc' dir='ltr'>ἁφῆς</span> <span class='ocrx_word' id='word_1_855' title='bbox 2789 5231 3199 5303; x_wconf 75' lang='grc' dir='ltr'>ἀκριϐώσασθαι</span> <span class='ocrx_word' id='word_1_856' title='bbox 3223 5232 3405 5303; x_wconf 76' lang='grc' dir='ltr'>ῆθελε,</span> <span class='ocrx_word' id='word_1_857' title='bbox 3432 5236 3526 5286; x_wconf 77' lang='grc' dir='ltr'><strong>καὶ</strong></span> <span class='ocrx_word' id='word_1_858' title='bbox 3544 5235 3717 5303; x_wconf 86' lang='grc' dir='ltr'>ὁρμῆς</span> <span class='ocrx_word' id='word_1_859' title='bbox 3738 5236 3818 5296; x_wconf 81' lang='grc' dir='ltr'>εἰς</span> <span class='ocrx_word' id='word_1_860' title='bbox 3845 5235 3989 5286; x_wconf 79' lang='grc' dir='ltr'>τοῦτ’</span> 
     </span>
    </p>
   </div>
   <div class='ocr_carea' id='block_1_109' title="bbox 2413 5325 3987 5397">
    <p class='ocr_par' dir='ltr' id='par_1_109' title="bbox 2413 5325 3987 5397">
     <span class='ocr_line' id='line_1_109' title="bbox 2413 5325 3987 5397; baseline -0.003 -16"><span class='ocrx_word' id='word_1_861' title='bbox 2413 5328 2632 5397; x_wconf 79' lang='grc' dir='ltr'>ἔχουσα,</span> <span class='ocrx_word' id='word_1_862' title='bbox 2702 5326 2859 5379; x_wconf 87' lang='grc' dir='ltr'>τοῦτο</span> <span class='ocrx_word' id='word_1_863' title='bbox 2911 5326 3019 5395; x_wconf 77' lang='grc' dir='ltr'>γὰρ</span> <span class='ocrx_word' id='word_1_864' title='bbox 3072 5326 3149 5394; x_wconf 81' lang='grc' dir='ltr'>τῷ</span> <span class='ocrx_word' id='word_1_865' title='bbox 3210 5325 3569 5395; x_wconf 74' lang='grc' dir='ltr'>εὖαγγελιστῇ</span> <span class='ocrx_word' id='word_1_866' title='bbox 3624 5342 3987 5394; x_wconf 75' lang='grc' dir='ltr'>σεσιωπηται,</span> 
     </span>
    </p>
   </div>
   <div class='ocr_carea' id='block_1_110' title="bbox 2411 5412 3987 5486">
    <p class='ocr_par' dir='ltr' id='par_1_110' title="bbox 2411 5412 3987 5486">
     <span class='ocr_line' id='line_1_110' title="bbox 2411 5412 3987 5486; baseline -0.003 -15"><span class='ocrx_word' id='word_1_867' title='bbox 2411 5418 2620 5481; x_wconf 71' lang='grc' dir='ltr'>ἀκούει,</span> <span class='ocrx_word' id='word_1_868' title='bbox 2653 5417 2737 5486; x_wconf 80' lang='grc' dir='ltr'>Μή</span> <span class='ocrx_word' id='word_1_869' title='bbox 2776 5434 2876 5485; x_wconf 81' lang='grc' dir='ltr'><strong>μου</strong></span> <span class='ocrx_word' id='word_1_870' title='bbox 2907 5416 3102 5470; x_wconf 79' lang='grc' dir='ltr'>ἅπτου.</span> <span class='ocrx_word' id='word_1_871' title='bbox 3140 5414 3261 5477; x_wconf 83' lang='grc' dir='ltr'>Πῶς</span> <span class='ocrx_word' id='word_1_872' title='bbox 3295 5416 3399 5485; x_wconf 81' lang='grc' dir='ltr'>γὰρ</span> <span class='ocrx_word' id='word_1_873' title='bbox 3433 5415 3499 5467; x_wconf 79' lang='grc' dir='ltr'><strong>ἀν</strong></span> <span class='ocrx_word' id='word_1_874' title='bbox 3528 5415 3687 5467; x_wconf 86' lang='grc' dir='ltr'>τοῦτο</span> <span class='ocrx_word' id='word_1_875' title='bbox 3722 5412 3901 5480; x_wconf 78' lang='grc' dir='ltr'>εἶπεν,</span> <span class='ocrx_word' id='word_1_876' title='bbox 3940 5419 3987 5467; x_wconf 83' lang='grc' dir='ltr'>εἰ</span> 
     </span>
    </p>
   </div>
   <div class='ocr_carea' id='block_1_111' title="bbox 2417 5506 3985 5579">
    <p class='ocr_par' dir='ltr' id='par_1_111' title="bbox 2417 5506 3985 5579">
     <span class='ocr_line' id='line_1_111' title="bbox 2417 5506 3985 5579; baseline -0.001 -19"><span class='ocrx_word' id='word_1_877' title='bbox 2417 5511 2489 5579; x_wconf 80' lang='grc' dir='ltr'>μὴ</span> <span class='ocrx_word' id='word_1_878' title='bbox 2516 5509 2839 5578; x_wconf 79' lang='grc' dir='ltr'>κινουμένην</span> <span class='ocrx_word' id='word_1_879' title='bbox 2883 5510 3019 5577; x_wconf 74' lang='grc' dir='ltr'>πρὸς</span> <span class='ocrx_word' id='word_1_880' title='bbox 3066 5506 3222 5560; x_wconf 84' lang='grc' dir='ltr'>τοῦτο</span> <span class='ocrx_word' id='word_1_881' title='bbox 3257 5508 3445 5577; x_wconf 75' lang='grc' dir='ltr'>ἐώρας</span> <span class='ocrx_word' id='word_1_882' title='bbox 3489 5508 3580 5575; x_wconf 84' lang='grc' dir='ltr'><strong>Μή</strong></span> <span class='ocrx_word' id='word_1_883' title='bbox 3619 5523 3721 5575; x_wconf 90' lang='grc' dir='ltr'><strong>μου</strong></span> <span class='ocrx_word' id='word_1_884' title='bbox 3767 5506 3946 5559; x_wconf 82' lang='grc' dir='ltr'>ᾰπτου</span> <span class='ocrx_word' id='word_1_885' title='bbox 3972 5524 3985 5535; x_wconf 90' lang='grc'>·</span> 
     </span>
    </p>
   </div>
   <div class='ocr_carea' id='block_1_112' title="bbox 2416 5599 3988 5670">
    <p class='ocr_par' dir='ltr' id='par_1_112' title="bbox 2416 5599 3988 5670">
     <span class='ocr_line' id='line_1_112' title="bbox 2416 5599 3988 5670; baseline -0.003 -17"><span class='ocrx_word' id='word_1_886' title='bbox 2416 5604 2535 5653; x_wconf 72' lang='grc' dir='ltr'>ἐπεὶ</span> <span class='ocrx_word' id='word_1_887' title='bbox 2590 5601 2699 5670; x_wconf 82' lang='grc' dir='ltr'><strong>γὰρ</strong></span> <span class='ocrx_word' id='word_1_888' title='bbox 2761 5601 2897 5669; x_wconf 75' lang='grc' dir='ltr'>μετὰ</span> <span class='ocrx_word' id='word_1_889' title='bbox 2952 5602 3048 5667; x_wconf 83' lang='grc' dir='ltr'><strong>τῆς</strong></span> <span class='ocrx_word' id='word_1_890' title='bbox 3107 5600 3270 5667; x_wconf 62' lang='grc' dir='ltr'>ἄλλης</span> <span class='ocrx_word' id='word_1_891' title='bbox 3301 5600 3521 5667; x_wconf 85' lang='grc' dir='ltr'>Μαρίας</span> <span class='ocrx_word' id='word_1_892' title='bbox 3562 5599 3687 5669; x_wconf 63' lang='grc' dir='ltr'><strong>ῆψω</strong></span> <span class='ocrx_word' id='word_1_893' title='bbox 3719 5614 3844 5667; x_wconf 84' lang='grc' dir='ltr'>μου,</span> <span class='ocrx_word' id='word_1_894' title='bbox 3893 5601 3988 5651; x_wconf 76' lang='grc' dir='ltr'><strong>καί</strong></span> 
     </span>
    </p>
   </div>
   <div class='ocr_carea' id='block_1_113' title="bbox 745 5689 2434 5771">
    <p class='ocr_par' dir='ltr' id='par_1_113' title="bbox 745 5690 2434 5771">
     <span class='ocr_line' id='line_1_113' title="bbox 745 5690 2434 5771; baseline -0.005 -20"><span class='ocrx_word' id='word_1_895' title='bbox 745 5700 983 5771; x_wconf 69' lang='lat' dir='ltr'><strong>gisti,et</strong></span> <span class='ocrx_word' id='word_1_896' title='bbox 1036 5709 1183 5749; x_wconf 79' lang='lat' dir='ltr'><strong>tanto</strong></span> <span class='ocrx_word' id='word_1_897' title='bbox 1226 5708 1453 5747; x_wconf 83' lang='lat' dir='ltr'><strong>munere</strong></span> <span class='ocrx_word' id='word_1_898' title='bbox 1508 5692 1669 5760; x_wconf 69' lang='lat' dir='ltr'><strong>digna</strong></span> <span class='ocrx_word' id='word_1_899' title='bbox 1732 5691 1939 5756; x_wconf 84' lang='lat' dir='ltr'><strong>habita,</strong></span> <span class='ocrx_word' id='word_1_900' title='bbox 1995 5690 2179 5760; x_wconf 79' lang='lat' dir='ltr'><strong>magni</strong></span> <span class='ocrx_word' id='word_1_901' title='bbox 2232 5708 2317 5746; x_wconf 89' lang='lat' dir='ltr'><strong>me</strong></span> <span class='ocrx_word' id='word_1_902' title='bbox 2416 5714 2434 5743; x_wconf 65' lang='grc' dir='ltr'><strong>τ</strong></span> 
     </span>
    </p>
   </div>
   <div class='ocr_carea' id='block_1_114' title="bbox 2295 5689 3984 5771">
    <p class='ocr_par' dir='ltr' id='par_1_114' title="bbox 2295 5689 3984 5763">
     <span class='ocr_line' id='line_1_114' title="bbox 2295 5689 3984 5763; baseline -0.011 -17"><span class='ocrx_word' id='word_1_903' title='bbox 2295 5708 2317 5746; x_wconf 73' lang='grc' dir='ltr'><strong>Β</strong></span> <span class='ocrx_word' id='word_1_904' title='bbox 2416 5694 2746 5763; x_wconf 64' lang='grc' dir='ltr'>τηλικαύτη,</span> <span class='ocrx_word' id='word_1_905' title='bbox 2782 5692 3073 5756; x_wconf 78' lang='grc' dir='ltr'>ἀξιωθεῖσα</span> <span class='ocrx_word' id='word_1_906' title='bbox 3108 5690 3213 5759; x_wconf 76' lang='grc' dir='ltr'>τῆς·</span> <span class='ocrx_word' id='word_1_907' title='bbox 3239 5690 3469 5759; x_wconf 39' lang='grc' dir='ltr'>δωρεᾶς,</span> <span class='ocrx_word' id='word_1_908' title='bbox 3509 5690 3661 5743; x_wconf 76' lang='grc' dir='ltr'>οὐδὲν</span> <span class='ocrx_word' id='word_1_909' title='bbox 3702 5689 3843 5758; x_wconf 76' lang='grc' dir='ltr'>μέγα</span> <span class='ocrx_word' id='word_1_910' title='bbox 3877 5689 3984 5741; x_wconf 70' lang='grc' dir='ltr'>διε-</span> 
     </span>
    </p>
   </div>
   <div class='ocr_carea' id='block_1_115' title="bbox 1484 5884 2296 5939">
    <p class='ocr_par' dir='ltr' id='par_1_115' title="bbox 1484 5884 2296 5939">
     <span class='ocr_line' id='line_1_115' title="bbox 1484 5884 2296 5939; baseline -0.009 1"><span class='ocrx_word' id='word_1_911' title='bbox 1484 5890 1523 5917; x_wconf 54' lang='grc'><strong>³⁸</strong></span> <span class='ocrx_word' id='word_1_912' title='bbox 1570 5887 1698 5939; x_wconf 67' lang='lat' dir='ltr'><strong>ibid.</strong></span> <span class='ocrx_word' id='word_1_913' title='bbox 1751 5886 1831 5939; x_wconf 71' lang='grc'><strong>13.</strong></span> <span class='ocrx_word' id='word_1_914' title='bbox 1915 5887 1955 5915; x_wconf 78' lang='grc'><strong>’⁷</strong></span> <span class='ocrx_word' id='word_1_915' title='bbox 2014 5884 2150 5938; x_wconf 86' lang='lat' dir='ltr'><strong>ibid.</strong></span> <span class='ocrx_word' id='word_1_916' title='bbox 2215 5884 2296 5935; x_wconf 65' lang='lat' dir='ltr'><strong>l3.</strong></span> 
     </span>
    </p>
   </div>
   <div class='ocr_carea' id='block_1_116' title="bbox 823 5887 1400 5950">
    <p class='ocr_par' dir='ltr' id='par_1_116' title="bbox 823 5887 1400 5950">
     <span class='ocr_line' id='line_1_116' title="bbox 823 5887 1400 5950; baseline -0.002 -12"><span class='ocrx_word' id='word_1_917' title='bbox 823 5889 861 5916; x_wconf 78' lang='lat'><strong>“’</strong></span> <span class='ocrx_word' id='word_1_918' title='bbox 896 5887 1049 5942; x_wconf 65' lang='lat' dir='ltr'><strong>leuat.</strong></span> <span class='ocrx_word' id='word_1_919' title='bbox 1093 5906 1180 5950; x_wconf 68' lang='grc' dir='ltr'><strong>λι,</strong></span> <span class='ocrx_word' id='word_1_920' title='bbox 1224 5890 1271 5939; x_wconf 82' lang='lat' dir='ltr'><strong>Il</strong></span> <span class='ocrx_word' id='word_1_921' title='bbox 1322 5890 1400 5940; x_wconf 69' lang='lat' dir='ltr'><strong>l3.</strong></span> 
     </span>
    </p>
   </div>
  </div>
