4278 6442
336 418 441 480 569

1225 423 1484 483 ΒΕΗΜΟ
1526 425 1606 483 IN
1650 428 1707 486 ὃ.
1750 428 2051 486 MARIAM
2097 430 2659 497 MAGDALEVAM.

3489 448 3599 512 5Ἰο

410 532 520 586 κδ’.
552 534 898 587 Τοαποτοῦδτ
929 538 954 589 ό
984 537 1041 589 ἐν
1066 539 1132 607 τῇ
1183 538 1325 591 Σιὼν
1357 538 1503 603 οἶκος
1550 540 1695 611 εἶχεν
1741 544 1911 612 αὐτὴν
1944 549 1983 604 Α
2088 546 2099 599 ἶ

1908 549 1983 604 Ἀ
2088 546 2277 601 XXIV.
2343 547 2640 617 lutcrjecto
2699 552 2822 605 dein
2896 563 3140 623 tempore
3210 559 3410 614 domus
3466 563 3597 617 Sion

337 623 560 690 σύναμα
586 626 649 691 τῇ
691 627 1037 696 ἀπειράνδρῳ
1087 630 1369 699 Παρθένῳ,
1399 634 1455 684 ἐν
1484 636 1596 694 τοῖς
1626 635 1775 697 ἰδίοις
1822 635 1915 687 τοῦ

339 716 705 783 ὴγαπημένου
738 718 830 769 καὶ⁵
866 720 1133 790 μαθητοῦ,
1168 723 1242 784 ὼς
1272 723 1332 775 τὸ
1388 724 1648 793 θεηγόρον
1671 727 1922 790 διέξεισιν

346 808 701 874 Εὐαγγέλιον.
722 812 871 863 Ἐπεὶ
897 810 953 862 δέ
987 813 1079 864 καὶ
1109 813 1296 883 κλήρῳ
1320 816 1417 882 τὴν
1439 816 1767 885 οἰκουμένην
1796 819 1923 884 ἐμε-

350 900 574 967 ρίσαντο
607 903 655 953 οί
691 902 999 967 ἀπόστολοι,
1031 906 1125 956 καὶ
1169 906 1328 970 ἀλλος
1358 907 1615 978 ἀλλαχόθι
1649 910 1922 976 ἐπέμπον-

341 1006 424 1051 το,
452 990 544 1042 καὶ
569 994 634 1057 τῇ
676 992 764 1058 ὑφ’
796 992 947 1061 ἥλων
975 994 1075 1064 ἤδη
1097 995 1157 1046 τδ
1175 995 1272 1062 τῆς
1305 996 1539 1058 πίστεως
1568 997 1742 1065 δόγμα
1774 998 1927 1066 adii‘

341 1078 525 1143 γελτο,
564 1079 702 1147 αὕτη
752 1083 896 1135 κατὰ
942 1082 1052 1135 τῶν
1105 1084 1409 1150 μιαιφόνων
1461 1084 1633 1135 δεινὸν
1662 1084 1922 1146 πνέουσα,

340 1170 507 1240 ζήλου
556 1188 615 1223 τε
664 1173 915 1240 ἐμπλεως
980 1177 1259 1240 γεγονδῖα,
1316 1174 1513 1243 μικρδν
1549 1176 1615 1242 τῇ
1666 1173 1924 1242 παρθένῳ

347 1265 849 1332 συνοικουρήσασα,
911 1266 1006 1316 καὶ
1058 1264 1151 1315 ἐπὶ
1211 1263 1383 1332 βραχὺ
1426 1264 1557 1331 αὐτῇ
1596 1262 1923 1330 διατρίψασα

344 1353 569 1416 ἔξεισιν,
603 1354 738 1423 αὐτῇ
772 1354 906 1423 μόνῃ
940 1354 1034 1406 καὶ
1076 1355 1152 1423 τῷ
1183 1354 1486 1423 ὲπιστηθίῳ
1523 1354 1925 1421 συνταξαμένη,

347 1447 406 1509 ἐς
439 1465 499 1499 τε
531 1446 754 1517 Ῥώμην
784 1449 1077 1515 ἀψικέσθαι
1100 1450 1411 1510 διανοεῖται,
1435 1449 1589 1509 δίκας
1613 1451 1765 1517 παρα
1796 1448 1929 1500 Καί-

354 1554 520 1606 σαρος
544 1539 823 1607 ληψομένη
857 1539 954 1606 τῆς
983 1538 1078 1590 τοῦ
1110 1538 1443 1591 Διδασκάλου
1478 1538 1581 1606 φεῦ
1606 1539 1715 1590 τῶν
1749 1540 1929 1603 ἀγνω-

358 1630 536 1698 μόνων
561 1631 958 1699 διαχειρίσεως.
1008 1629 1224 1698 Ἀμέλει
1259 1646 1341 1681 τοι
1372 1631 1467 1684 καὶ
1498 1630 1631 1700 πρὸς
1663 1630 1784 1682 ὀδοῦ
1830 1630 1932 1698 μῆ-

353 1738 450 1781 κος
482 1720 738 1773 τοσοῦτον
761 1720 1100 1790 κατατολμᾷ,
1126 1721 1201 1791 μὴ
1225 1722 1292 1773 τὰ
1309 1721 1607 1787 γυναικῶν,
1644 1720 1689 1773 ὣ
1710 1720 1802 1773 τοῦ
1825 1722 1933 1774 δια-

353 1816 531 1883 πύρου
564 1814 729 1882 ζήλου
756 1816 849 1868 καὶ
873 1814 972 1880 τῆς
996 1814 1322 1873 ἐνστάσεως,
1361 1813 1825 1881 ὑπολογισαμένῃ,
1858 1812 1931 1881 μὴ

352 1907 562 1973 πήραν,
623 1906 697 1975 μὴ
736 1906 1046 1974 βαλάντιον,
1102 1906 1177 1975 μὴ
1223 1906 1266 1957 δ’
1307 1906 1435 1959 ἀλλο
1469 1922 1519 1958 τι
1582 1904 1701 1972 μεθ’
1734 1906 1931 1972 ἑαυτῆς
1963 1891 2008 1949 Β

352 2000 622 2065 φέρουσα,
659 1998 774 2049 ἀλλ’
805 1998 1163 2050 ἀποστολικὸν
1214 1998 1612 2069 ἐπανῃρημένη
1646 1995 1780 2065 βίον,
1812 1996 1929 2048 ί,δοῦ

352 2090 553 2157 εἴχετο.
584 2091 698 2141 037.
720 2090 913 2157 ἄδηλον
944 2088 999 2140 δέ
1032 2092 1276 2151 παντως,
1307 2091 1379 2148 ώς
1428 2090 1523 2140 καὶ
1547 2087 1611 2139 τὰ
1647 2087 1745 2155 τῆς
1784 2087 1931 2139 διδα.⁶

355 2180 589 2241 σκαλίας
613 2182 748 2249 αὐτῇ
783 2181 884 2233 οὐκ
917 2181 1186 2249 ἠμέλητο,
1224 2180 1361 2234 ἀλλὰ
1387 2179 1543 2232 τοῦτο
1577 2180 1681 2248 πρὸ
1715 2180 1932 2232 πάντων

354 2272 546 2336 ἐτίθει,
580 2275 649 2325 τὰ
688 2276 787 2342 μὲν
821 2273 1079 2340 λέγουσα,
1115 2276 1181 2326 τὰ
1226 2274 1280 2326 δὲ
1320 2275 1653 2341 πράττουσα.
1706 2273 1800 2324 καὶ
1832 2273 1933 2339 τὴν

354 2366 544 2418 πίστιν
568 2366 785 2420 διδοῦσα
814 2365 890 2434 τῷ
923 2367 1085 2435 λόγῳ,
1118 2367 1200 2418 ὃτι
1230 2383 1288 2418 τε
1320 2368 1457 2435 αὐτῇ
1482 2366 1548 2418 τὰ
1582 2364 1932 2434 μυστηριώδη

356 2460 551 2531 πρώτῃ
584 2461 885 2514 θεάσασθαι
919 2459 1220 2525 ἐξεγένετο,
1258 2460 1349 2510 καὶ
1381 2459 1462 2510 ὅτι
1499 2461 1607 2511 τοῖς
1638 2458 1816 2518 ἄλλοις
1838 2458 1933 2525 ἁρ-

357 2556 530 2623 χηγὲς
581 2555 720 2624 αὕτη
773 2553 864 2606 τοῦ
906 2554 1146 2606 τοιούτου
1196 2553 1569 2621 κηρύγματος.
1606 2552 1717 2604 Καὶ
1749 2553 1831 2611 τίς
1867 2551 1933 2603 ἂν

353 2648 532 2697 εἰπεῖν
560 2646 693 2714 ἔχοι,
731 2646 875 2698 πόσα
902 2661 961 2696 τε
1007 2645 1148 2713 αὐτῇ
1192 2646 1260 2696 τὰ
1287 2643 1407 2695 καθ’
1436 2642 1557 2693 ὁδὸν
1594 2640 1933 2709 ξυμδεσὴκει

353 2739 541 2800 δεινάς
577 2738 739 2789 πόσον
777 2738 834 2790 δέ
867 2736 1071 2804 πλῆθος
1115 2738 1180 2805 τῇ
1226 2735 1319 2787 τοῦ
1350 2734 1674 2799 εὐαγγελίου
1720 2736 1935 2803 σαγήνῃ

355 2829 604 2899 ζωγρεῖς
640 2828 782 2880 ίσασι
812 2827 986 2880 ταῦτα
1025 2828 1140 2879 ὅσοι
1194 2825 1398 2894 βίϐλοις
1438 2822 1660 2876 Ἰταλῶν
1714 2823 1925 2889 ἐμφιλοο

354 2920 599 2991 χωροῦσι
618 2936 631 2948 ⁸
668 2924 726 2973 ἐν
754 2916 835 2984 οἷς
864 2920 961 2973 καὶ
987 2920 1198 2989 μεγάλα
1230 2923 1297 2971 τὰ
1328 2920 1468 2986 γέρα
1506 2919 1657 2985 παρὰ
1686 2916 1821 2967 Θεοῦ
1867 2918 1932 2985 τῇ

358 3016 613 3084 μακαρία
644 3014 739 3066 καὶ
770 3016 827 3074 ἐς
856 3012 1014 3081 δεῦρο
1046 3012 1450 3079 διατιτήρηται.
1486 3010 1639 3061 Ἐπεὶ
1671 3008 1728 3059 δὲ
1764 3008 1856 3060 καὶ
1881 3009 1935 3070 ἐς

355 3108 483 3175 new
510 3101 613 3178 ἦκε
645 3107 885 3175 Τιὸερίῳ
914 3106 990 3173 τῷ
1026 3104 1282 3173 Καίσαρι,
1320 3106 1414 3156 καὶ
1435 3103 1505 3155 τὰ
1534 3103 1677 3155 κατά
1710 3101 1936 3169 γνώμην

357 3203 502 3269 αὐτῇ
536 3199 714 3261 καλῶς
767 3200 1159 3265 διεπέπρακτο,
1204 3200 1293 3251 καὶ
1329 3197 1404 3259 ὼς
1431 3196 1531 3248 οὐκ
1561 3197 1626 3251 ἄν
1674 3212 1756 3257 τις
1783 3195 1936 3264 ᾠήθη

356 3297 581 3352 κάλλιον
612 3298 669 3358 ἐς
704 3296 849 3349 ἅπαν
901 3296 1219 3366 διήνυσται·
1256 3292 1291 3345 ὅ.
1344 3309 1402 3345 τε
1442 3290 1635 3343 παθεῖν
1669 3291 1776 3342 ἔδει
1807 3290 1937 3351 τοὺς

357 3389 665 3458 τολμητίας
694 3387 1056 3453 πεπόνθασιν,
1096 3388 1296 3443 Ἀνναν
1326 3387 1488 3454 λέγω,
1537 3385 1639 3435 καὶ
1664 3384 1944 3451 Καῖάφαν,

360 3482 460 3535 καὶ
494 3482 725 3535 Πιλᾶτον
763 3481 1007 3545 Πόντιον,
1040 3480 1114 3543 ὡς
1164 3480 1523 3546 ἱστορούντων
1551 3478 1701 3531 ἔστιν
1728 3476 1947 3529 ἀκούειν

359 3574 578 3644 ἀνδρῶν
611 3576 738 3644 περὶ
771 3573 969 3625 πολλοῦ
998 3572 1341 3641 ποιουμένων
1390 3571 1675 3639 ἀλήθειαν,
1733 3568 1949 3619 ἐσύστε-

364 3684 464 3738 ρον
502 3668 618 3726 τοῖς
645 3666 827 3718 ἐκεῖσε
859 3667 1071 3726 πιστοῖς
1124 3665 1343 3733 ἔχεσθαι
1375 3662 1478 3732 τῆς
1530 3662 1765 3721 πίστεως
1793 3661 1953 3729 ἀκρι-

361 3761 476 3821 σῶς
505 3759 854 3827 ἐγγυήσασα,
886 3758 985 3826 τὴν
1020 3755 1245 3825 Ῥώμην
1302 3754 1543 3807 λιποῦσα
1594 3752 1784 3815 ἔξεισι,
1810 3751 1951 3802 διελ-

361 3856 537 3906 υοῦσα
570 3854 627 3905 δέ
652 3854 752 3922 τὴν
783 3852 1013 3906 Ἰταλίαν
1056 3854 1266 3912 πᾶσαν,
1301 3850 1397 3901 καὶ
1447 3848 1517 3900 τὰ
1556 3844 1716 3915 πέριξ
1769 3843 1950 3897 αὐτῶν

365 3946 644 4010 ιάλλιῶν,
669 3944 787 3999 εἶτα
818 3940 898 4006 οἷς
929 3947 995 3997 ἐκ
1028 3944 1133 4012 γῆς
1167 3945 1195 3995 ὁ
1221 3944 1412 4003 Νεῖλος
1436 3940 1665 4004 ὑετίξων
1688 3954 1953 4007 σταχυςρο-

366 4045 458 4113 psi
488 4044 783 4105 ἐπιστᾶσα,
827 4038 1089 4105 Φοινίκην
1123 4054 1183 4089 τι
1231 4039 1325 4090 xa‘t
1373 4036 1597 4103 Συρίαν,
1647 4032 1724 4084 ἔτι
1773 4032 1829 4083 δὲ
1865 4030 1955 4082 καὶ

366 4137 704 4206 Παμφυλίαν
733 4137 867 4187 τίσω
906 4131 1278 4201 ποιησαμένη,
1313 4129 1409 4181 καὶ
1440 4128 1574 4179 πᾶσι
1612 4125 1705 4177 τὸν
1738 4123 1835 4190 τῆς
1866 4123 1955 4175 πί-

369 4247 551 4290 στεως
575 4229 738 4295 λόγον
784 4225 1149 4292 ἐνσπείρασα,
1185 4222 1274 4273 διὰ
1306 4218 1500 4272 πολλοῦ
1538 4218 1633 4270 τοῦ
1673 4218 1838 4287 μέσου
1875 4218 1954 4276 είς

368 4321 741 4389 Παλαιστίνην
785 4315 942 4380 αὖθις
996 4316 1264 4377 ἐπάνεισι,
1327 4313 1420 4365 καὶ
1451 4314 1549 4364 σὺν
1573 4313 1641 4380 τῇ
1694 4309 1956 4379 Παρθένῳ

368 4416 472 4470 καὶ
502 4415 756 4481 Θεοτόκῳ
786 4413 981 4481 χρόνον
1023 4409 1116 4460 ἐπὶ
1151 4407 1360 4476 βραχὺν
1390 4406 1743 4473 διατρίψασα,
1772 4406 1829 4463 ἐς
1857 4402 1957 4472 τὴν

381 4508 574 4560 Ἀσίαν
603 4506 846 4576 ερχεταιι
881 4503 1062 4556 ἐκεῖσε
1099 4503 1193 4552 καὶ
1222 4501 1331 4567 γὰρ
1362 4497 1591 4566 ἠκηκόει
1620 4496 1714 4548 τὸν
1747 4494 1956 4563 παρθέ-

2020 655 2138 693 eam
2190 656 2295 695 una
2342 657 2467 695 cum
2520 644 2740 713 Virgine
2788 664 2910 715 qua:
2962 654 3140 703 virum
3192 668 3297 704 non
3350 657 3604 723 cognovit

2024 731 2078 783 iu
2130 732 2341 785 aedibus
2392 734 2649 801 discipuli
2706 736 2890 792 dilecti
2968 744 3182 805 tenuit,
3240 754 3297 796 ut
3352 758 3601 799 sanctum

2021 826 2241 893 quidem
2288 828 2642 898 Evangelium
2708 834 2991 900 prmdicat.
3054 838 3346 905 Postquam
3405 839 3604 893 deinde

2023 918 2259 985 apostoli
2304 928 2574 975 terrarum
2614 925 2924 987 provincias
2958 942 3104 981 sorte
3141 929 3283 983 inter
3318 947 3374 985 se
3408 932 3601 986 distri-

2025 1010 2295 1075 buisseut,
2331 1022 2386 1066 et
2427 1016 2517 1067 alii
2565 1017 2672 1068 alio
2722 1017 3093 1079 mitterentur,
3131 1030 3186 1072 et
3232 1022 3436 1074 mundo
3480 1022 3607 1075 sub-

2025 1105 2191 1158 solari
2228 1106 2350 1159 lidei
2383 1106 2579 1175 dogma
2610 1110 3000 1163 annuntiatum
3035 1123 3202 1177 esset,
3235 1114 3388 1168 beata
3420 1126 3604 1167 nostra

2026 1198 2261 1252 deicidis
2298 1199 2536 1252 immane
2570 1209 2835 1265 quantum
2893 1203 3029 1257 irata
3066 1214 3120 1257 et
3163 1206 3263 1258 zeli
3300 1223 3356 1259 ει
3374 1208 3604 1275 angelici

2029 1292 2189 1356 plena
2221 1292 2544 1360 aliquandiu
2579 1309 2703 1345 cum
2744 1294 2961 1363 Virgine
2996 1297 3151 1356 vixit.
3186 1314 3289 1365 qua
3322 1298 3435 1349 sola
3480 1314 3605 1350 cum

2028 1379 2305 1448 discipulo
2352 1383 2555 1437 dilecto
2605 1385 2949 1438 familiariter
2999 1388 3278 1449 utebatur.
3325 1388 3461 1441 Tum
3503 1390 3607 1441 [lo-

2030 1490 2173 1526 mam
2226 1475 2503 1543 proficisci
2564 1480 2790 1543 statuit,
2845 1480 3103 1533 ultionem
3152 1481 3293 1548 apud
3342 1481 3608 1535 Ctl’stu'em

2031 1575 2322 1635 sumptura
2351 1583 2449 1635 pro
2473 1568 2692 1622 Christo
2722 1572 2790 1623 ab
2826 1571 3139 1623 infidelibus
3168 1573 3367 1639 injuste
3395 1583 3609 1624 necato.

2032 1655 2097 1710 Et
2141 1673 2329 1711 revera
2380 1658 2600 1727 longum
2656 1661 2880 1715 inchoat
2923 1664 3027 1716 iter
3064 1677 3189 1716 cum
3227 1664 3425 1715 ardore
3463 1664 3614 1729 plus-

2032 1763 2193 1815 quam
2222 1748 2497 1805 muliebri.
2526 1765 2626 1803 nec
2649 1766 2853 1819 peram.
2876 1768 2975 1805 nec
2996 1767 3315 1804 crumenam
3343 1762 3437 1804 aut
3457 1750 3616 1817 quid-

2036 1838 2119 1890 vis
2151 1838 2297 1890 aliud
2333 1855 2520 1892 secum
2557 1851 2816 1909 portans;
2854 1842 2949 1895 sed
2987 1858 3193 1896 rnorem
3241 1843 3613 1910 apostolorum

2035 1939 2241 1983 sectata
2277 1930 2456 1983 itineri
2488 1949 2544 1983 se
2573 1936 2871 1987 commisit.
2904 1932 3115 1987 Interea
3160 1935 3425 1988 doctrinae
3450 1950 3614 1986 evan-

2037 2020 2223 2088 gelica:
2287 2021 2427 2073 haud
2491 2023 2780 2074 immemor
2841 2025 3291 2092 promulgandae.
3348 2023 3614 2090 quidquid

2034 2111 2171 2163 dixit
2200 2122 2293 2165 aut
2332 2112 2480 2175 fecit,
2521 2113 2570 2164 id
2613 2114 2724 2181 egit
2772 2122 2832 2166 ut
2880 2114 3048 2166 verbo
3108 2115 3266 2167 fidem
3313 2125 3613 2182 praestaret,

2034 2204 2180 2269 quod
2217 2204 2315 2271 ipsi
2352 2203 2539 2270 prima:
2573 2204 2759 2258 videre
2795 2205 3027 2274 contigit
3057 2216 3110 2259 et
3142 2206 3284 2274 quod
3322 2206 3420 2273 ipsi
3452 2222 3620 2258 evan-

2033 2295 2232 2361 gelium
2269 2296 2485 2348 czeteris
2513 2298 2845 2350 aununliare
2880 2309 3007 2352 ante
3041 2314 3233 2351 oumes
3259 2298 3444 2349 datum
3493 2297 3615 2349 fuc-

2036 2392 2140 2436 rat.
2177 2384 2286 2437 Res
2321 2385 2600 2447 adversas,
2628 2402 2749 2455 qua:
2785 2387 2888 2440 iter
2930 2387 3137 2442 faciens
3167 2403 3323 2457 passa
3357 2396 3460 2451 est,
3494 2387 3619 2454 quis

2035 2476 2137 2530 rite
2178 2478 2595 2545 percensuerit?
2636 2489 2769 2546 quot
2816 2479 3066 2533 infideles
3112 2480 3369 2548 piscatrix
3413 2480 3467 2531 iu
3512 2477 3616 2529 rcti

2033 2568 2347 2635 evangelica
2375 2568 2789 2633 coaduuaverit,
2809 2570 2933 2639 quis
2949 2569 3270 2624 enarrabit?
3297 2568 3409 2620 Hoc
3436 2568 3620 2619 sciunt

2036 2661 2127 2728 qui
2154 2660 2412 2715 Italorum
2438 2676 2603 2729 opera
2629 2662 2871 2716 studiose
2895 2663 3270 2731 perlegerunt.
3298 2660 3385 2712 ubi
3418 2672 3612 2725 magna

2035 2754 2179 2807 dona
2207 2770 2327 2823 qua:
2356 2770 2385 2807 a
2424 2756 2533 2810 Deo
2566 2755 2737 2808 beatze
2773 2766 2973 2809 nostra;
3008 2755 3226 2807 feminae
3259 2752 3457 2805 collata
3484 2756 3615 2800 sunt

2035 2856 2416 2900 recensentur.
2436 2848 2728 2917 Postquam
2752 2864 2881 2900 vero
2900 2846 3181 2899 Tiberium
3200 2844 3467 2898 Ca‘sarcm
3489 2856 3621 2893 con-

2037 2938 2301 3001 venisset,
2333 2954 2400 2992 eo
2432 2954 2540 3006 quo
2576 2939 2747 2993 tendit
2784 2938 3040 3005 pervenit
3070 2944 3125 2988 et
3153 2934 3421 3003 quidquid
3461 2933 3613 2984 vole-

2039 3030 2133 3083 bat
2160 3041 2357 3097 praeter
2402 3046 2554 3100 spem
2590 3041 2844 3101 assecuta
2874 3039 2979 3083 est.
3009 3028 3123 3082 Viri
3162 3027 3311 3078 enim
3347 3023 3624 3081 scelerati.

2040 3122 2222 3174 Antias
2267 3123 2390 3175 dico
2436 3130 2493 3176 et
2539 3122 2811 3190 Caiaphas
2855 3130 2909 3174 et
2955 3120 3185 3174 Pontius
3235 3119 3463 3180 Pilatus,
3507 3132 3627 3183 qua:

2043 3212 2380 3265 facinoribus
2426 3212 2606 3265 meriti
2650 3222 2779 3267 sunt
2826 3213 2959 3279 pali,
2996 3210 3137 3277 passi
3186 3217 3338 3272 sunt,
3375 3208 3518 3260 sicut
3572 3205 3625 3255 in

2050 3319 2232 3356 rerum
2270 3304 2634 3371 scriptoribus
2665 3303 2914 3357 veritatis
2948 3301 3259 3354 amantibus
3295 3301 3476 3368 legere
3514 3306 3625 3349 cst.

2054 3395 2193 3449 Tum
2251 3406 2310 3448 ut
2355 3395 2610 3449 fidelibus
2656 3394 2779 3448 fidei
2835 3402 3253 3463 perseveranter
3302 3391 3634 3443 inharrerent

2051 3487 2178 3541 dato
2201 3488 2453 3550 consilio,
2491 3487 2662 3539 Roma
2699 3486 2887 3541 relicta
2916 3494 3082 3538 totam
3115 3484 3322 3537 Italiam
3352 3494 3627 3550 peragrat.

2050 3590 2106 3632 et
2137 3580 2339 3633 Gallias
2369 3579 2611 3642 vicinas;
2649 3578 2772 3631 dein
2809 3577 3145 3632 Phosniciam
3201 3592 3263 3629 ac
3318 3575 3529 3644 Syriam
3575 3584 3632 3623 ct

2056 3669 2353 3741 Egypzum
2408 3681 2465 3722 et
2522 3670 2895 3738 Pamphyliam
2961 3668 3168 3731 adivit,
3226 3666 3349 3719 lidei
3406 3665 3641 3717 verbum

2053 3765 2312 3817 omnibus
2352 3763 2714 3825 annuntians;
2753 3761 3095 3815 Palzestinam
3152 3759 3277 3813 inde
3324 3756 3547 3825 repetit,
3580 3763 3639 3808 ct

2053 3864 2345 3924 postquam
2382 3868 2507 3905 cum
2558 3853 2779 3920 Virgine
2808 3867 2872 3905 ac
2900 3851 3132 3919 Deipara
3166 3859 3381 3917 tempus
3410 3846 3635 3915 aliquod

2055 3948 2378 4015 peregisset,
2422 3946 2476 3998 in
2527 3947 2711 3997 Asiam
2758 3944 3074 4005 revertitur,
3124 3942 3215 3994 ubi
3264 3939 3539 4007 Virginem
3582 3946 3642 3989 ct

2056 4037 2385 4105 discipulum
2429 4036 2693 4089 dilectum
2738 4037 2937 4105 degere
2968 4032 3253 4102 Evangelii
3293 4030 3639 4100 praedicatio-

2057 4144 2183 4183 nem
2231 4128 2489 4181 sortitum
2540 4127 2846 4179 audiverat.
2900 4126 3113 4178 Donum
3169 4137 3298 4174 vero
3347 4120 3397 4173 ei
3442 4120 3640 4171 eodem

2057 4230 2305 4289 tempore
2346 4220 2582 4273 faustum
2628 4218 2979 4286 apportabat,
3014 4216 3252 4283 lapidem
3296 4212 3550 4271 rubrum,
3584 4209 3644 4262 in

2062 4325 2172 4379 quo
2204 4309 2344 4362 fama
2398 4308 2678 4363 Christum
2720 4308 2996 4362 vivificum
3038 4315 3160 4375 post
3207 4313 3437 4357 mortem
3482 4318 3637 4369 τερον

2062 4402 2231 4455 situm
2272 4400 2464 4464 refert,
2501 4411 2556 4454 et
2596 4402 2686 4453 ubi
2730 4400 2931 4469 Joscph
2980 4414 3106 4452 eum
3151 4397 3382 4449 sindone
3424 4393 3643 4447 involna

2062 4499 2179 4545 tum
2211 4491 2559 4546 extenderat.
2598 4492 2792 4545 Mirum
2830 4502 3011 4544 autem
3047 4492 3101 4542 in
3140 4489 3365 4541 modum
3397 4485 3642 4551 Deipam:

369 4620 465 4655 νον
488 4600 581 4652 καὶ
608 4596 928 4665 ἐπιστήθιον
958 4593 1209 4663 μαθητὴν
1259 4592 1587 4660 διατρίόειν.
1623 4588 1824 4658 κλῆρον
1855 4589 1955 4639 λα-
1994 4619 2035 4672 D

1952 4618 1955 4628 ι
1994 4619 2035 4672 D
2062 4586 2315 4657 lacrymae
2347 4594 2404 4639 ut
2434 4602 2603 4655 grana
2637 4586 2712 4639 ibi
2749 4594 3073 4649 cernuntur,
3108 4596 3168 4636 ut
3204 4592 3260 4636 et
3290 4579 3641 4649 Magdalenm.

370 4698 543 4767 χόντα
588 4692 650 4745 τὸ
696 4688 1045 4756 εὐαγγέλιον,
1078 4686 1317 4749 ἐξαίσιόν
1364 4702 1486 4737 τινα
1533 4683 1734 4751 φόρτον
1782 4683 1958 4751 τούτῳ

1955 4711 1958 4727 ι
2001 4671 2008 4672 ί
2062 4696 2185 4745 quae
2220 4680 2419 4733 Filium
2467 4680 2765 4749 unguentis
2802 4678 3165 4741 delibaverat,
3198 4676 3421 4742 vestigia
3478 4671 3644 4739 lapili

375 4787 850 4858 μετακομίζουσα,
898 4780 1048 4831 λίθον
1077 4778 1169 4831 τὸν
1215 4776 1468 4846 ἐρυθρὸν,
1505 4778 1561 4828 ἐν
1607 4768 1827 4841 ᾦλόγος
1866 4774 1957 4826 τὸν

1955 4795 1957 4809 ι
2067 4774 2353 4827 inhaerent.
2387 4773 2487 4827 llic
2519 4774 2656 4841 lapis
2684 4781 2875 4841 postea
2902 4767 3439 4835 ConstantinOpolizn
3478 4778 3644 4830 super

372 4881 647 4947 ζωοδότην
705 4874 944 4943 Χριστὸν
1006 4872 1144 4938 μετά
1183 4872 1283 4938 τὴν
1309 4869 1418 4921 ἀπὸ
1472 4866 1567 4919 τοῦ
1598 4868 1743 4920 θείου
1800 4866 1957 4933 ξύλου

1811 4866 1957 4933 ξύλου
2070 4867 2318 4920 humeris
2346 4868 2740 4935 imperatorum
2772 4866 2990 4934 piorum
3023 4870 3369 4916 transvectus
3396 4865 3500 4911 est.

374 4945 689 5027 κατάϐασιν
727 4966 1091 5034 ἀνακλιθῆναι
1146 4960 1559 5030 νεκροπρεπῶς,
1622 4960 1715 5011 καὶ
1767 4959 2046 5026 εἱληθῆναι
2101 4960 2299 5011 σινδόνι
2334 4958 2469 5028 πρὸς
2507 4958 2707 5026 Ἰωσάφ
2754 4956 2845 5009 τοῦ
2922 4955 3277 5023 εὐσχήμονος,
3311 4945 3471 5016 (Inui
3524 4963 3631 4996 πα-

373 5065 605 5131 ρᾶδἰξόν
646 5066 766 5115 ἐστι
811 5061 1070 5127 θεωρεῖν·
1101 5055 1426 5123 ἐντετηκότα
1472 5055 1567 5105 καὶ
1629 5053 1739 5121 γὰρ
1778 5052 1949 5103 εἰσέτι
1988 5050 2165 5119 πάντη
2202 5070 2305 5105 που
2364 5051 2523 5119 δίκην
2578 5050 2837 5121 θρόμὸων
2885 5050 3166 5118 φαίνονται
3196 5046 3266 5096 τά
3295 5045 3389 5112 τῆς
3422 5042 3638 5109 Θεομή-

370 5180 534 5231 στορος
555 5160 791 5227 δάκρυα,
818 5152 1221 5218 ἐπιπιπτούσης
1244 5151 1300 5202 δὲ
1327 5150 1640 5219 μυρομένης
1694 5149 1785 5200 τὶν
1839 5147 2024 5211 παῖδα.
2068 5148 2102 5202 ἃ.
2128 5150 2219 5201 καὶ
2249 5151 2382 5218 πρὸς
2407 5151 2467 5201 τὸ
2491 5149 2650 5213 φαιὸν
2685 5149 2783 5217 τὴν
2816 5147 3007 5215 χροιὰν
3043 5144 3135 5197 τοῦ
3168 5145 3315 5195 λίθου
3365 5142 3633 5210 μετάγουι

376 5252 584 5313 σιν·δς
611 5252 906 5317 ἐσύστερον
969 5244 1111 5305 λίθος
1183 5242 1263 5303 είς
1319 5241 1418 5309 τὴν
1486 5238 1901 5292 Κωνσταντίνου
1947 5239 2161 5292 ἐκεῖθεν
2207 5240 2620 5306 διαόιδάζεται,
2667 5239 2908 5293 εὐσεϐῶν
2966 5236 3231 5306 βασιλέων
3289 5236 3639 5303 ὑποσχόντων

375 5346 559 5414 τούτῳ
580 5344 705 5404 τοὺς
735 5339 945 5405 ὤμους.

454 5463 586 5517 κε’.
623 5458 850 5520 ἰκανῶς
894 5451 988 5510 οὖν
1013 5454 1210 5521 ἐκείνῳ
1251 5449 1707 5519 συνδιαγαγοῦσα,
1746 5449 1963 5512 πολλοῖς
2135 5450 2143 5503 j

1952 5467 1963 5512 :
2135 5448 2301 5504 XXV.
2347 5449 2642 5518 Postquam
2691 5460 2815 5502 cum
2874 5444 3084 5499 Joanne
3132 5441 3227 5495 diu
3276 5437 3539 5499 vixisset.
3586 5447 3641 5489 et

378 5556 439 5611 δέ
478 5557 577 5607 καὶ
634 5552 775 5623 πρὸς
818 5549 919 5618 τὴν
979 5549 1078 5615 τῆς
1131 5544 1391 5615 ἀληθείας
1423 5543 1723 5609 ἐπίγνωσιν
1771 5541 1964 5609 ὁδηγδς

1952 5558 1964 5603 ;
2069 5544 2257 5596 multis
2316 5541 2382 5595 ad
2437 5540 2682 5595 veritatis
2731 5536 3105 5606 cognitionem
3156 5533 3264 5587 dux
3324 5533 3463 5585 facta
3520 5531 3585 5582 lid
3630 5530 3641 5581 i

381 5646 685 5719 γενομένη,
712 5642 897 5703 καλῶς
929 5657 988 5694 τε
1017 5640 1113 5691 καὶ
1153 5639 1229 5699 ώς
1264 5636 1432 5705 ἐχρῆν
1464 5636 1565 5703 τὴν
1591 5636 1774 5686 πίστιν
1798 5634 1968 5703 τηρή-
2068 5653 2070 5703 ς

1950 5662 1968 5674 -
2068 5637 2230 5704 plane
2262 5633 2640 5692 satisfecisset,
2670 5638 2727 5684 et
2758 5644 2923 5684 cursu
2956 5637 3199 5696 peracto,
3227 5624 3456 5694 gloriam
3486 5637 3639 5673 suam

384 5714 552 5805 σασα,
579 5742 677 5794 καὶ
704 5740 797 5791 τὸν
828 5738 1031 5807 δρόμον
1052 5735 1341 5794 τελέσασα,
1362 5731 1455 5784 καὶ
1479 5730 1679 5797 πολλὴν
1707 5728 1808 5798 τὴν
1842 5730 1971 5794 περὶ
2072 5745 2073 5779 1

1952 5730 1971 5781 ἱ
2072 5728 2126 5780 in
2161 5727 2404 5779 omnium
2448 5724 2650 5777 animis
2688 5722 3057 5791 deposuisset.
3091 5717 3243 5771 brevi
3286 5714 3478 5768 morbo
3511 5727 3641 5763 con.

386 5836 558 5904 αὐτῆς
590 5834 749 5903 δόξαν
777 5836 891 5893 ταῖς
920 5830 1177 5883 ἁπάντων
1220 5824 1591 5896 ὲναηοθεμένη
1637 5820 1859 5893 ψυχαῖς,
1884 5820 1971 5879 ἐπ’

1951 5820 1971 5866 η’
2075 5827 2289 5892 sumpta
2321 5820 2373 5871 in
2403 5828 2665 5873 aeternam
2697 5833 2757 5870 ac
2788 5817 3001 5871 beatam
3033 5816 3194 5870 vitam
3220 5810 3374 5870 abiit,
3404 5807 3640 5861 animant
