4278 6442
349 359 459 420 573

1242 362 1506 421 SERMO
1550 365 1626 421 IN
1670 366 1727 426 S.
1776 367 2086 428 MAlllAM
2132 370 2698 437 MAGDALENAM.

3502 369 3609 433 574

347 481 441 530 καὶ
474 478 614 544 αῦτη
671 477 852 546 πολλῷ
884 477 962 548 τῷ
1010 479 1160 548 μέσῳ
1199 478 1301 549 τὴν
1339 481 1433 532 τοῦ
1467 480 1638 534 Νότου
1699 482 1933 551 βασίλισ-
1967 494 2014 550 Α

1924 515 1933 524 -
1967 494 2014 550 Α
2045 489 2197 541 suavi
2228 504 2286 541 se
2314 489 2528 541 obviam
2564 489 2658 542 dat
2684 496 2739 543 et
2768 488 3093 558 sapientiam
3125 503 3189 542 ac
3228 487 3455 557 gratiam
3487 505 3613 557 qua:

350 586 451 620 σαν
476 585 489 598 .
523 569 666 621 κατὰ
697 570 804 639 γάρ
835 569 1016 633 ἔρωτι
1062 572 1159 639 τῆς
1193 572 1430 640 ἀληθοῦς
1461 575 1553 625 καὶ
1583 574 1804 645 πρώτης
1840 593 1931 626 σο·

331 663 480 728 ,φίας
528 662 606 730 τῷ
660 663 927 733 εἰρηνικῷ
987 666 1080 716 καί
1138 667 1296 734 πράῳ
1353 667 1656 735 Σολομῶντι
1712 667 1935 736 Χριστῴ

347 754 744 821 προσέρχεται,
781 757 873 807 καὶ
906 755 1005 826 τὴν
1030 759 1085 809 ἐν
1114 759 1308 828 ἐκείνῳ
1342 760 1693 828 αὐξηθεῖσαν,
1734 762 1932 828 μᾶλλον

345 847 400 897 δὲ
458 847 707 914 φυσικῶς
767 845 930 898 οὖσαν
982 851 1172 916 σοφίαν
1245 851 1338 901 καὶ
1375 851 1534 920 χάριν
1598 851 1930 918 ἐθαύμασεν.

361 939 633 1001 Ἰαῖπσιινεῖς
701 940 1015 1008 Σαραφθίας
1073 943 1168 995 καὶ
1229 943 1614 1012 Σουναμίτιδος
1659 943 1760 1012 τὴν
1825 945 1935 996 τῶν

346 1029 520 1098 ἁγίων
544 1030 751 1100 ἀνδρῶν
783 1032 986 1098 ξενίαν,
1017 1034 1112 1086 καὶ
1134 1032 1230 1104 τὴν
1267 1034 1593 1104 ἀφιλότιμον
1617 1035 1930 1106 τράπεζαν,

353 1127 447 1176 καὶ
482 1125 572 1176 τὸν
628 1125 931 1195 καμψὰκην
965 1126 1058 1179 τοῦ
1091 1128 1272 1182 ἐλαίου
1301 1133 1401 1181 οὐκ
1431 1129 1893 1200 ἐλαττονούμινον
1921 1147 1934 1196 ;

352 1219 561 1270 ἐπαίνει
591 1219 851 1288 κάκείνης
875 1222 971 1287 τὴν
994 1220 1336 1291 ὑπηρετικὴν
1361 1225 1417 1275 ὲν
1442 1223 1542 1291 βίῳ
1565 1223 1729 1294 ζωὴν,
1757 1228 1850 1277 καὶ
1870 1224 1937 1276 τὰ

354 1309 800 1376 προκομισθέντα
833 1309 984 1379 μύρα
1008 1312 1085 1382 τῷ
1110 1313 1216 1366 τῶν
1238 1314 1413 1380 ἁγίων
1443 1315 1638 1384 έΛγίῳ,
1664 1317 1755 1368 τὸν
1782 1317 1940 1384 φυσί-

357 1401 494 1463 ζωον
523 1401 694 1453 ὕπνον
725 1404 1084 1472 ὐπνώττοντι,
1119 1407 1186 1459 τὰ
1218 1407 1377 1477 μέχρι
1403 1409 1495 1460 καὶ
1528 1409 1621 1462 νῦν
1662 1411 1938 1479 πανταχοῦ

351 1495 418 1560 τῇ
443 1494 599 1563 φήμῃ
624 1493 861 1561 χεόμινά
883 1512 942 1546 τε
983 1497 1075 1548 καὶ
1108 1497 1393 1565 ῥεύσοντα.
1438 1498 1581 1568 ’ῐαὴλ
1613 1501 1705 1552 καὶ
1735 1500 1938 1570 Ἰουδὴο

354 1585 445 1637 τὸν
474 1584 641 1652 ζῆλον
676 1587 1108 1657 ὑπερηκόντισεν
1129 1605 1142 1619 ⁸
1176 1591 1208 1660 ἡ
1245 1591 1346 1659 μὲν
1374 1591 1478 1659 γὰρ
1509 1592 1584 1662 τῷ
1608 1594 1815 1664 Σισάρᾳ
1849 1595 1939 1646 τὸν

353 1677 640 1731 πασσαλον
673 1679 825 1752 διελᾷ
877 1680 972 1734 τοῦ
1007 1684 1310 1752 τραχήλουο
1354 1682 1552 1754 Ἰονδὴθ
1583 1685 1638 1739 δὲ
1683 1688 1774 1738 τὸν
1815 1687 1937 1739 Ἀσ·

355 1769 542 1837 σύριον
578 1772 907 1842 Ὀλοφέρνην
953 1776 1270 1845 ἀφαιρεῖται
1316 1780 1414 1846 τῆς
1467 1779 1730 1846 κεφαλῆς.
1764 1779 1842 1850 Τῇ
1885 1780 1939 1832 δὲ

2040 582 2091 633 in
2128 583 2218 634 illo
2252 590 2484 649 augetur
2531 589 2624 634 aut
2659 582 2844 649 potius
2875 596 2997 649 quae
3034 579 3112 634 illi
3151 580 3401 642 inhaeret,
3441 581 3612 632 admi-

2042 685 2216 726 ratur.
2273 674 2489 727 Laudas
2526 674 2704 726 viduae
2739 673 3096 742 Sarephtana:
3151 684 3200 728 et
3244 673 3609 727 Sunamitidis

2039 781 2166 834 erga
2202 766 2349 820 viros
2386 779 2608 822 sanctos
2639 768 3108 834 hospitalitatem:
3147 768 3340 822 laudas
3365 782 3608 818 mensam

2038 856 2337 912 liberaliter
2368 860 2628 926 oblatam,
2663 871 2718 915 et
2758 876 2853 915 vas
2902 861 3023 914 oleo
3058 861 3278 928 plenum
3333 873 3612 925 nunquam

2039 948 2417 1006 diminutum:
2469 953 2628 1006 lauda
2677 962 2732 1007 et
2768 953 3100 1022 Magdalenre
3157 955 3325 1006 vitam
3375 953 3611 1020 proximi

2041 1042 2268 1096 servitio
2293 1054 2666 1098 consecratam
2693 1065 2705 1110 ;
2747 1047 2911 1100 lauda
2942 1056 3223 1112 unguenta
3253 1061 3371 1112 quae
3406 1044 3611 1097 Sancto

2042 1141 2362 1186 sanctorum
2391 1135 2484 1202 qui
2525 1150 2777 1189 somnum
2807 1137 3087 1191 viviﬁcum
3121 1136 3325 1190 dormit
3356 1135 3612 1202 tingendo

2043 1223 2328 1291 impertiit.
2361 1226 2527 1280 Jaelis
2576 1236 2630 1281 et
2661 1228 2898 1282 Judithaa
2935 1230 3111 1283 zelum
3157 1238 3342 1282 nostra
3391 1241 3617 1294 supera-

2042 1315 2139 1378 vit,
2174 1333 2401 1384 quarum
2455 1319 2556 1373 ista
2601 1320 2808 1374 Sisara:
2855 1331 3042 1391 guttur
3090 1322 3246 1374 clavo
3295 1317 3614 1379 transfodit,

2042 1407 2159 1461 haec
2192 1406 2596 1477 llolopherncm
2631 1412 2920 1482 Assyrium
2947 1414 3124 1482 capite
3148 1411 3360 1481 plectit.
3396 1409 3613 1477 Magda-

2041 1501 2179 1554 lenze
2213 1510 2397 1554 autem
2450 1519 2557 1557 non
2594 1505 2756 1559 modo
2814 1506 3023 1561 Pilatus
3074 1515 3129 1559 et
3169 1503 3460 1572 Caiaphas,
3521 1499 3615 1567 qui

2040 1588 2264 1644 Christo
2297 1590 2528 1646 insidias
2558 1603 2894 1657 struxerant.
2930 1597 3362 1655 succubuerunt,
3387 1594 3614 1662 etjussu

2041 1680 2271 1736 C;esaris
2300 1684 2562 1740 trucidati
2591 1695 2739 1752 sunt,
2770 1689 2863 1741 sed
2891 1690 3053 1742 etiam
3083 1688 3117 1741 ii
3143 1681 3237 1756 qui
3261 1701 3452 1741 eorum
3490 1700 3616 1752 par-

2047 1783 2129 1827 tes
2167 1776 2560 1844 sequebantur,
2594 1779 2803 1832 scribas
2843 1778 2968 1833 dico
3006 1789 3059 1833 et
3090 1779 3419 1832 Pharisaeos.
3476 1777 3617 1841 Quid

352 1865 412 1914 οὐ
450 1862 677 1926 Πιλάτος
714 1867 895 1934 μόνος,
919 1870 1016 1919 καὶ
1043 1869 1321 1937 Καϊάφας,
1353 1870 1447 1921 καὶ
1473 1871 1670 1932 ’Ἄννας
1701 1872 1940 1941 ἡτεήθη-
1973 1869 2013 1921 Β

1926 1903 1940 1912 -
1973 1869 2013 1921 Β
2045 1883 2208 1934 porro
2235 1869 2389 1937 jUVat
2417 1871 2745 1938 Susannam,
2776 1873 2994 1939 Esther,
3030 1871 3377 1928 Salomouem
3410 1888 3615 1926 memo-

356 1973 455 2008 σαν
485 1958 628 2008 κατὰ
663 1959 904 2025 Χριστοῦ
944 1960 1368 2028 μελετήσαντες,
1411 1962 1502 2013 καί
1546 1962 1632 2014 διὰ
1661 1964 1940 2031 Καίσαρος

354 2050 519 2112 φόνου
556 2051 816 2116 γεγόνασι
854 2051 1256 2122 παρανάλωμα,
1291 2053 1427 2106 ἀλλὰ
1455 2055 1548 2107 καὶ
1577 2055 1627 2108 οἳ
1657 2059 1941 2126 συμπράτ-

350 2154 469 2188 τειν
499 2140 712 2200 τούτοις
760 2140 870 2193 δεῖν
901 2144 1246 2211 νενομίκασι,
1284 2145 1410 2204 τοὺς
1439 2145 1793 2213 Γραμματεῖς
1845 2147 1942 2198 καί⁵

351 2231 686 2298 Φαρισαίους
740 2231 840 2286 οἷδ’
870 2235 953 2287 ὅτι
985 2237 1186 2298 πάντες
1223 2236 1472 2290 ἀκούετε.
1519 2238 1630 2289 Καὶ
1657 2237 1708 2290 τί
1733 2238 1812 2290 δεῖ
1844 2241 1941 2300 τὰς

352 2323 482 2389 ἑξῆς
531 2324 878 2392 καταλέγειν,
932 2327 1245 2393 Σωσάνναν,
1291 2328 1512 2398 Ἐσθὴρ,
1572 2329 1939 2398 Σαλομώνην;

355 2418 538 2480 πάσας
578 2420 689 2488 γὰρ
745 2421 918 2489 ἄρδην
968 2421 1369 2492 ὑπερηκόντισε
1423 2423 1770 2494 σωφροσύνῃ,
1809 2440 1943 2494 προ-

354 2512 554 2581 στασίᾳ
591 2512 685 2564 τοῦ
720 2513 932 2579 ἔθνους,
987 2517 1080 2569 καὶ
1145 2517 1212 2585 τῇ
1264 2515 1409 2585 ὑπὲρ
1463 2517 1698 2584 Χριστὸν
1728 2517 1823 2569 καὶ
1856 2516 1942 2569 διὰ

349 2605 594 2672 Χριστὸν
646 2607 933 2678 καρτερίᾳ.
996 2607 1281 2678 ’Υπερῆρε
1305 2611 1405 2671 τὰς
1455 2612 1593 2678 μετά
1650 2609 1747 2680 τὴν
1782 2609 1944 2678 χάριν

354 2699 598 2762 ἁπάσας,
636 2699 757 2750 ὅσαι
802 2716 860 2750 τε
897 2701 1197 2768 μαρτυρίου
1241 2701 1490 2769 στεφάνῳ
1525 2701 1945 2770 κατεκοσμήθη-

352 2811 476 2858 σαν,
509 2796 605 2844 καὶ
651 2789 739 2854 αἷς
761 2796 788 2845 6
818 2795 1117 2861 ἁσκητικὺς
1150 2794 1264 2863 βίος
1293 2795 1657 2863 διείργασται,
1692 2794 1841 2863 αὐτῷ
1865 2796 1942 2863 τῷ

2042 1976 2197 2021 rare,
2231 1977 2366 2026 quas
2415 1971 2642 2016 cunctas
2679 1965 2991 2032 prudentia,
3039 1967 3222 2034 gentis
3268 1965 3517 2018 claritate
3563 1972 3618 2015 ct

2045 2056 2453 2122 perseverantia
2485 2057 2858 2126 patientiaque
2879 2057 3038 2124 longe
3063 2058 3382 2125 superavit?
3417 2055 3618 2109 Eadem

2042 2146 2220 2213 quoad
2255 2147 2482 2213 gratiam
2519 2148 2775 2201 omnibus
2807 2150 3062 2218 prastitit
3108 2164 3446 2218 qurecunquc
3479 2162 3623 2198 mar-

2045 2238 2167 2306 tyrii
2197 2253 2400 2290 corona
2431 2237 2705 2292 redimitae
2733 2238 2885 2293 fuere
2909 2252 2964 2293 et
2985 2257 3107 2309 qua:
3139 2241 3304 2293 vitam
3331 2239 3621 2292 asceticam

2043 2330 2340 2399 degerunt;
2375 2332 2490 2400 ipsa
2521 2332 2669 2386 enim
2702 2333 2880 2386 oculis
2913 2333 3047 2388 vidit
3105 2333 3409 2393 Christum,
3457 2332 3620 2397 eique

2040 2431 2100 2477 ut
2151 2439 2356 2492 sponso
2382 2439 2513 2479 vero
2552 2434 2609 2478 et
2643 2426 2818 2480 amico
2842 2441 3072 2480 munera
3116 2424 3395 2495 praestitit.
3425 2423 3623 2476 l’aucis

2039 2532 2169 2570 vero
2204 2517 2380 2570 dicam
2417 2534 2430 2570 :
2462 2518 2609 2586 quod
2648 2518 2794 2573 inter
2829 2532 3026 2573 omnes
3087 2529 3310 2572 sanctos
3361 2514 3621 2584 apostoli.

2041 2611 2093 2664 id
2137 2611 2452 2679 Magdalena
2490 2612 2634 2665 inter
2671 2613 2953 2676 mulieres,
2989 2628 3111 2681 qua
3158 2613 3270 2665 Deo
3309 2612 3478 2662 vitam
3508 2607 3624 2660 sin-

2041 2718 2167 2757 cere
2203 2715 2599 2759 consecrarunt
2634 2724 2647 2760 :
2681 2721 2808 2759 cum
2839 2708 2960 2760 aliis
2992 2707 3138 2760 enim
3185 2704 3442 2763 certavit,
3486 2701 3625 2754 alias

2047 2798 2355 2865 superavit,
2388 2798 2649 2852 omnibus
2684 2809 2868 2852 autem
2898 2803 3022 2853 vita:
3051 2799 3331 2866 exemplar
3356 2797 3476 2850 fuit.

348 2887 612 2956 ὀφθῆναι,
643 2889 902 2954 κατιδεῖν,
937 2889 1030 2940 καὶ
1059 2889 1384 2958 διακονῆσαι
1417 2889 1653 2960 Χριστὸν
1685 2890 1776 2942 τὸν
1809 2889 1983 2958 ἀληθῆ
2055 2893 2288 2959 νυμφίον
2340 2891 2543 2944 τούτων
2581 2893 2674 2943 καὶ
2741 2894 3000 2961 ἐραστήν.
3041 2893 3163 2943 Ἐτι
3213 2893 3270 2944 δὲ
3347 2888 3629 2955 συντομώ-

347 3003 513 3054 τερον
563 2987 740 3036 εἰπεῖν
781 2985 921 3054 ἔχω·
958 2985 986 3038 ὃ
1037 2988 1146 3053 γὰρ
1177 2987 1234 3037 ἰν
1268 2985 1474 3037 ἅπασιν
1506 2984 1679 3052 ἁγίοις
1754 2984 2068 3049 ἀπόστολοι,
2107 2981 2266 3035 τοῦτο
2303 2982 2637 3051 Μαγδαληνὴ
2667 2985 2724 3036 έν
2764 2983 3009 3049 γυναιξὶν
3038 2982 3345 3049 εὐαρέστως
3385 2982 3630 3033 πολιτευ-

352 3079 624 3144 σαμέναις
660 3075 815 3145 Θεῷ⁸
857 3079 977 3138 ταῖς
1011 3075 1111 3145 μὲν
1136 3076 1244 3145 γὰρ
1275 3076 1573 3148 ὴμιλλήθη.
1599 3079 1696 3140 τὰς
1725 3079 1768 3129 δ’
1805 3077 2076 3146 ὑπερῆρε,
2117 3075 2321 3137 πάσαις
2347 3078 2402 3128 δὲ
2437 3077 2555 3142 βίου
2602 3075 2757 3145 ὤφθη
2804 3077 3179 3144 παράδειγμα.

424 3173 554 3224 ΚΖ’.
605 3170 745 3222 Ἀλλ’
799 3169 941 3222 οὕτω
1007 3170 1107 3238 μὲν
1162 3171 1470 3238 ἰσαγγέλως
1524 3169 1791 3240 βιώσασα,
1849 3171 2016 3231 κα.ὶο

1940 3175 2016 3231 .C
2125 3167 2340 3221 XXVII.
2376 3169 2669 3237 Postquam
2706 3169 2890 3236 itaque
2924 3168 3091 3219 vitam
3124 3165 3422 3233 angelicam
3465 3165 3629 3217 vixts-

348 3265 539 3324 αὐτοῖς
563 3262 819 3328 ἀγγέλοις
852 3262 1083 3327 φανεῖσα
1140 3259 1440 3328 αἰδέσιμος,
1473 3261 1582 3311 τῶν
1613 3259 1739 3327 τῇδε
1793 3258 1940 3327 μεθί-

350 3372 570 3416 σταται,
603 3355 694 3405 καὶ
725 3352 804 3422 τῷ
833 3346 1273 3426 σπηλαίῳ,ᾖπέρ
1307 3370 1396 3422 μοι
1430 3352 1671 3421 εἰρηται,
1705 3351 1945 3418 κρύπτε-

348 3469 464 3504 ται.
497 3446 787 3500 Χιλιοστοῦ
839 3445 884 3498 δ’
945 3447 1002 3511 ἐξ
1039 3446 1249 3498 ἐκείνου
1305 3444 1491 3515 σχεδὸν
1524 3446 1943 3518 παραρρυέντος

350 3543 634 3603 ἐνιαυτοῦ,
683 3541 837 3593 Λέων
866 3542 894 3591 ό
921 3542 978 3590 έν
1024 3539 1340 3607 βασιλεῦσιν
1374 3539 1638 3608 ἀοίδιμος,
1685 3534 1728 3607 ᾧ
1760 3540 1941 3607 πατὴρ

353 3638 457 3705 μὲν
483 3637 511 3688 6
538 3636 599 3686 ὲκ
623 3632 950 3686 Μακεδόνων
983 3631 1287 3696 Βασίλεισς,
1325 3632 1495 3700 Σοφδς
1523 3631 1577 3682 δέ
1631 3633 1678 3682 οἰ
1709 3632 1858 3699 αὐτῴ
1885 3631 1944 3682 τὸ

350 3729 672 3796 ἐπώνυμοι,
711 3725 984 3795 έμφανείᾳ
1021 3725 1140 3794 θείᾳ
1171 3725 1268 3793 τῆς
1303 3725 1582 3794 μακαρίας
1637 3724 1810 3793 (ῦπαρ
1844 3725 1944 3776 οὐκ

349 3819 509 3890 Lup)
541 3819 600 3872 τὸ
624 3819 829 3884 ταύτης
859 3816 1038 3882 τίμιον
1061 3814 1313 3882 λείψανον
1336 3815 1543 3866 ἐκεῖθεν
1575 3819 1947 3883 μετακομισᾰ-

353 3931 542 3983 μενος,
582 3912 676 3964 καὶ
728 3910 825 3962 σὺν
861 3909 938 3978 τῷ
983 3907 1200 3978 ἀδελφῷ
1262 3907 1600 3977 Ἀλεξάνδρῳ
1631 3909 1740 3970 τοῖς
1771 3907 1944 3974 ὤμοις

356 4001 638 4074 μετέωρον
670 4003 920 4068 θέμενος,
957 4002 1018 4052 ὲν
1071 4000 1148 4068 τῷ
1180 4001 1324 4053 κατὰ
1368 4001 1468 4068 τὴν
1517 3998 1787 4063 Βύζαντος
1821 4001 1946 4051 ἁνε-

349 4098 608 4167 γερθέντι
639 4095 770 4163 παρ’
802 4093 970 4146 αὐτοῦ
996 4092 1126 4170 ,νεῷ
1152 4090 1230 4158 τῷ
1264 4090 1629 4159 τετραημὲρῳ
1682 4092 1774 4141 καὶ
1807 4088 1945 4158 φίλῳ

351 4188 596 4260 Χριστοῦ
640 4186 875 4256 Λαζάρῳ
911 4187 966 4247 ὲς
991 4183 1262 4255 ἀριστερὰ
1296 4183 1538 4246 εἰσιόντι,
1574 4181 1704 4233 ἔνθα
1738 4183 1806 4233 τὰ
1851 4182 1946 4251 ἄῤ-

351 4289 498 4356 ρητιε
532 4283 709 4335 τελεῖν
732 4282 876 4340 ἔθος,
911 4278 1123 4346 σεμνῶς
1160 4277 1255 4329 καὶ
1291 4275 1535 4337 εὐλαϐῶς
1565 4273 1942 4343 κατατίθησιν,

350 4376 586 4447 ἀργύρῳ
616 4373 796 4425 πᾶσαν
833 4372 932 4438 τὴν
964 4369 1142 4437 Θήκην
1181 4367 1481 4422 διαλαϐών.
1529 4367 1692 4419 Ἀλλά
1724 4366 1839 4427 πῶς
1881 4364 1948 4418 ἂν

349 4469 612 4520 τοσοῦτον
660 4463 818 4532 ἔργον
854 4461 1231 4530 παραδραμὼν
1261 4459 1362 4512 οὐκ
1390 4458 1456 4511 ἂν
1491 4462 1558 4510 τὰ
1588 4459 1824 4528 μέγιστα
1853 4455 1948 4525 ζη-

2046 3270 2132 3315 set
2156 3271 2210 3315 et
2238 3261 2448 3329 angelis
2480 3263 2615 3330 ipsis
2665 3262 2993 3315 venerabilis
3032 3264 3143 3314 visa
3180 3271 3348 3324 esset,
3405 3277 3470 3313 ex
3529 3261 3629 3313 hac

2045 3355 2157 3408 vita
2186 3357 2442 3414 decessit.
2472 3365 2527 3408 et
2560 3357 2610 3408 in
2660 3372 2846 3416 anxo,
2897 3359 3038 3407 sicut
3091 3368 3216 3409 ante
3270 3354 3478 3406 dictum
3523 3369 3626 3414 est,

2047 3447 2390 3501 inhumatur.
2422 3447 2708 3499 Millesimo
2745 3446 2859 3498 fere
2898 3447 3023 3498 inde
3058 3461 3204 3497 anno
3243 3446 3450 3512 elapso,
3493 3443 3623 3504 Leo,

2047 3538 2347 3606 imperator
2374 3538 2608 3590 maxime
2661 3536 3034 3598 venerandus,
3085 3536 3266 3588 ΒιιςεΙίὶ
3318 3535 3624 3587 Marsi-donis

2047 3631 2215 3693 ﬁlius,
2254 3629 2580 3698 cognomine
2629 3629 2924 3697 Sapientis,
2972 3628 3060 3680 cui
3090 3629 3283 3680 mulier
3308 3636 3492 3680 sancta
3533 3642 3624 3679 re-

2047 3740 2196 3786 vera,
2228 3739 2334 3776 non
2371 3738 2468 3790 per
2498 3737 2752 3775 somnum
2783 3721 3057 3787 apparuit,
3093 3720 3322 3788 hujusce
3365 3719 3625 3786 reliquias

2046 3816 2393 3870 venerandae
2445 3814 2574 3868 inde
2624 3814 2835 3868 ablatas
2883 3823 2938 3866 et
2990 3828 3093 3864 una
3146 3828 3266 3865 eun
3319 3810 3630 3863 Alexandro

2049 3908 2221 3962 fratre
2267 3907 2516 3961 humeris
2548 3907 2834 3976 impositas
2882 3905 2935 3958 in
2968 3905 3172 3973 templo
3207 3922 3350 3973 quoi.
3382 3901 3628 3972 Byzandi

2047 4009 2300 4056 erexerat
2331 4001 2536 4054 Lazaro
2559 3999 2929 4067 quatriduano
2976 4012 3039 4050 ac
3085 3997 3287 4048 Christi
3330 3997 3506 4048 amico
3560 3995 3635 4047 ad

2047 4095 2192 4148 latus
2219 4094 2524 4156 sinistrum,
2548 4090 2645 4144 ubi
2669 4101 2856 4144 sancta
2879 4090 3042 4142 missa
3065 4090 3396 4153 celebratur,
3425 4088 3628 4139 solem-

2048 4187 2195 4240 niter
2225 4200 2286 4238 ac
2314 4199 2438 4239 cum
2474 4182 2807 4236 verecundia
2836 4183 2890 4235 in
2926 4181 3082 4234 theca
3113 4197 3254 4248 puro
3303 4196 3367 4233 ex
3402 4191 3626 4247 argento

2050 4280 2303 4334 confecta
2336 4276 2613 4346 deposuit.
2648 4274 2936 4340 Quomodo
2964 4284 3144 4328 autem
3181 4273 3248 4326 de
3281 4274 3384 4326 hoc
3410 4275 3629 4341 egregii.

2049 4372 2326 4424 disserens
2356 4369 2588 4423 aedilicio
2618 4375 2945 4420 crterorum
2975 4365 3335 4419 :ediliciorum
3379 4365 3546 4417 decus
3574 4376 3629 4416 ct

2049 4461 2317 4514 hoiiorem
2363 4475 2470 4512 non
2506 4456 2794 4510 minuam?
2824 4455 3113 4523 Templum
3141 4456 3245 4508 hoc
3274 4457 3423 4509 enim
3480 4465 3630 4507 tanta

355 4563 516 4627 μιοῖν
541 4560 710 4623 δόξως
746 4560 774 4611 ὁ
821 4558 931 4626 γάρ
962 4574 1045 4608 τοι
1073 4556 1208 4620 νεὼς
1240 4556 1396 4618 οὗτος
1443 4557 1500 4617 ὲς
1532 4555 1783 4607 τοσοῦτο-θ
1814 4555 1948 4604 κάλ·
1981 4523 2022 4576 D

1944 4523 2022 4591 ιθ
2053 4561 2136 4606 est
2175 4549 2615 4620 pulchritudine,
2679 4556 2740 4600 ut
2791 4547 2987 4600 laudes
3027 4562 3094 4599 eo
3145 4547 3335 4616 dignas
3389 4547 3633 4613 proferre

351 4659 483 4716 λους
538 4654 911 4723 ἐξείργασται,
946 4649 1020 4712 ὥς
1070 4650 1259 4701 ’τε-καὶ
1292 4649 1574 4718 ἀμήχανον
1630 4648 1816 4716 ἔμοιγε
1886 4646 1945 4698 τὸ

351 4752 568 4804 ὲσᾶιπαν
601 4742 1024 4816 μεγαλοπρεπὲς
1050 4740 1234 4805 αὐτοῦ,
1264 4740 1358 4792 καὶ
1383 4739 1482 4809 τὴν
1511 4739 1680 4809 ἄλλην
1718 4742 1938 4792 ἃπασαν

351 4849 410 4898 ὲν
452 4841 608 4909 καλῷ
641 4837 796 4902 τάξιν
820 4833 1117 4898 διαλαϐεῖν,
1162 4834 1255 4886 καὶ
1291 4833 1525 4902 σπουδῆς
1551 4832 1714 4901 ἔργον
1749 4832 1808 4883 οὐ
1842 4831 1943 4896 τῆς

351 4940 629 5006 τυχούσης
661 4932 808 5001 ἐμοὶ,
859 4933 916 4982 ὲν
947 4928 1232 4996 κεφαλαίῳ
1262 4927 1319 4979 δὲ
1353 4926 1550 4996 φάναι·
1586 4925 1827 4978 τοιοῦτον
1882 4925 1942 4975 τὸ

354 5033 587 5096 τέμενος
642 5021 722 5093 τῷ
787 5015 1032 5087 Χριστοῦ
1091 5015 1232 5086 φίλῳ
1270 5017 1297 5069 6
1343 5015 1655 5083 σοφώτατος
1692 5014 1946 5084 βασιλεὺς

355 5119 685 5188 έδομήσατο,
751 5113 937 5166 ὁποῖον
997 5108 1305 5179 εὐπρεπείᾳ
1361 5108 1459 5177 μὲν
1514 5108 1750 5172 ἐξαίσιον
1782 5103 1942 5169 εἶναι,

360 5213 586 5282 μεγέθει
639 5211 698 5261 δὲ
729 5209 790 5259 οὐ
832 5205 1044 5258 πολλῶν
1092 5203 1367 5273 δεύτερον,
1398 5205 1676 5272 ἀνεγεῖραι
1709 5203 1764 5253 δὲ
1796 5202 1949 5269 βασι-

354 5308 440 5359 λεῖ
482 5307 677 5358 Λέοντι
738 5301 977 5370 πρέπον,
1033 5298 1357 5350 ἀνακεῖσθαι
1389 5296 1444 5348 δὲ
1509 5293 1747 5366 Χριστοῦ
1807 5292 1948 5362 φίλῳ

355 5402 509 5466 ἄξιον
531 5413 545 5427 ·
580 5392 641 5450 οὗ
680 5395 775 5446 καὶ
820 5393 914 5443 τὸν
950 5391 1144 5461 νεκρὸν
1179 5389 1467 5457 Κυπρόθεν
1495 5387 1841 5452 διακομίσας,
1893 5387 1950 5447 ές

356 5493 509 5556 δεξιὰ
547 5490 637 5542 τὸν
684 5487 813 5540 ναὸν
869 5485 1095 5536 εἰσιόντι
1134 5482 1432 5549 φιλοτίμως
1464 5479 1760 5531 κατέθετο·
1795 5470 1855 5529 οὗ
1894 5478 1949 5537 ἐς

357 5583 633 5654 ἀριστερὰ
660 5580 804 5634 κατὰ
831 5577 960 5638 τοὺς
1007 5575 1101 5627 τοῦ
1135 5573 1282 5642 ιεροῦ
1317 5572 1681 5642 ἐμπροσθίους
1716 5570 1951 5638 τοίχους,

358 5674 514 5747 ἥττέρ
562 5693 658 5744 μοι
717 5674 959 5742 εἴρηται,
993 5669 1086 5722 καὶ
1134 5668 1236 5735 τὴν
1275 5667 1551 5733 μακαρίαν
1584 5664 1952 5731 Μαγδαληνὴν

358 5772 684 5826 ἐναπέθετο.
746 5769 852 5820 Καὶ
908 5763 1003 5816 νῦν
1055 5765 1193 5815 εἰσιν
1244 5755 1411 5823 οὗτοι,
1449 5758 1686 5823 φύλακες
1724 5757 1821 5824 μὲν
1859 5757 1955 5822 τῆς

359 5871 573 5930 πόλεως
601 5866 898 5933 ᾶγρνπίοι,
931 5859 1171 5929 σωτῆρες
1212 5857 1265 5911 δὲ
1300 5856 1392 5909 καὶ
1418 5856 1643 5923 χορηγοὶ
1677 5852 1951 5921 χαρισμά-

2055 4662 2348 4714 nequeam,
2385 4647 2494 4697 imo
2529 4642 2849 4697 summatim
2878 4641 3254 4696 tantummodo
3284 4639 3351 4691 de
3386 4654 3452 4693 eo
3482 4639 3630 4706 loqui

2055 4753 2273 4807 queam.
2317 4735 2559 4790 Ecclesia
2591 4738 2738 4791 enim
2765 4750 2932 4804 quam
2980 4733 3285 4800 imperator
3333 4730 3629 4797 sapientis-

2059 4833 2233 4885 simus
2293 4828 2499 4883 Christi
2538 4829 2718 4883 amico
2774 4835 3182 4884 construxerat.
3222 4822 3636 4890 pulchritudine

2059 4923 2278 4992 quidem
2314 4936 2512 4975 omnes
2559 4929 2812 4989 superat,
2855 4916 3236 4984 magnitudine
3280 4925 3466 4968 autem
3516 4929 3640 4981 per-

2059 5016 2250 5086 paucis
2293 5015 2516 5068 inferior
2565 5013 2838 5073 habetur;
2889 5009 3041 5063 brevi
3088 5009 3210 5062 talis
3264 5017 3369 5068 cst,
3419 5005 3635 5073 qualem

2062 5122 2385 5162 construere
2414 5103 2734 5175 imperatori
2773 5103 2978 5156 Basilio
3008 5099 3371 5170 congruebat,
3426 5108 3483 5151 et
3516 5111 3640 5165 quae

2061 5201 2266 5255 Christi
2299 5199 2476 5251 amico
2533 5198 2698 5265 digna
2739 5195 3048 5248 videbatur.
3103 5193 3159 5246 ιη
3227 5206 3290 5243 ea
3355 5189 3556 5242 mortui
3609 5203 3639 5240 a

2061 5292 2239 5361 Cypro
2269 5291 2375 5342 huc
2409 5289 2635 5341 allatum
2669 5301 2870 5353 corpus
2899 5285 2964 5338 ad
3013 5284 3261 5336 dextram
3312 5279 3636 5334 solemuiter

2060 5381 2350 5451 sepelivit;
2381 5379 2447 5433 ad
2504 5381 2786 5433 sinistram
2843 5395 2874 5433 e
2923 5378 3150 5445 regione
3200 5373 3363 5436 muri,
3420 5382 3480 5425 ut
3522 5373 3633 5439 jam

2059 5474 2320 5538 diximus,
2358 5485 2598 5526 sanctam
2631 5470 3002 5540 Magdalenam
3037 5467 3362 5520 inhumavit.
3403 5467 3465 5516 Et
3490 5480 3635 5516 nunc

2065 5569 2287 5637 quidem
2331 5565 2572 5619 civitatis
2600 5563 2861 5617 custodes
2896 5561 2952 5615 iii
2985 5571 3111 5614 sunt
3144 5560 3359 5627 vigiles,
3392 5557 3632 5622 sospita-

2067 5673 2213 5714 tores
2242 5668 2297 5711 et
2332 5656 2726 5711 charismatum
2753 5653 3146 5706 distributores
3181 5649 3630 5709 multifariorum,

2067 5764 2123 5806 et
2162 5767 2330 5819 prope
2366 5751 2532 5801 Deum
2564 5747 2812 5800 advocati
2850 5744 3252 5806 eﬂicacissimi;
3309 5742 3441 5795 nihil
3487 5744 3636 5794 enim

2066 5843 2337 5913 discipulo
2363 5858 2424 5896 ac
2454 5841 2632 5896 amico
2662 5840 2959 5910 antiquius.
