4278 6442
348 467 454 528 5⁵17

1701 479 1791 535 PR
1809 479 2258 542 ECA'l'IONES.

3507 494 3612 560 578

355 585 577 652 σμένον,
603 582 697 635 καὶ
743 585 1102 653 κατάπεμψον
1131 583 1219 638 ἐπ’
1251 585 1448 648 αὐτοὺς
1477 588 1542 641 τά
1574 589 1698 659 ὲλὲη
1734 608 1826 642 σου
1862 595 1928 644 τὰ
1961 601 2003 653 Α
2036 607 2044 644 l

1922 633 1928 643 .
1961 601 2003 653 Α
2036 592 2467 646 misericordiam
2493 592 2558 646 ad
2585 608 2710 647 eum
2743 596 2916 650 mitte.
2949 599 3114 652 Parce
3145 598 3451 656 hxreditati
3484 618 3611 674 tuae,

354 678 617 729 πλούσια.
643 678 834 729 Φείσαι
868 677 965 746 τῆς
1015 679 1396 751 κληρονομίας
1427 699 1544 745 σου,
1605 685 1788 751 φεῖσαι
1839 684 1932 737 τοῦ

353 771 487 823 λαοῦ
522 788 640 834 σου,
675 774 860 839 φεῖσαι
903 772 997 824 τοῦ
1041 773 1363 839 ἀμπελῶνος
1394 812 1409 836 ,
1455 774 1514 825 ὃν
1555 776 1852 842 ἐφύτευσεν
1901 780 1932 847 ἡ

354 865 506 930 δεξιά
542 881 661 917 σου.
690 864 802 931 Τὴν
848 862 1093 933 ἔμφυτον
1148 866 1464 934 ἀγαθὸτητα
1516 867 1612 934 τὴν
1651 868 1749 936 σὴν
1796 869 1936 939 ὑπὲρ

352 957 510 1024 ἡμῶν
549 955 689 1026 ἔχων
724 956 1101 1022 ἱκετεύουσαν,
1131 959 1398 1028 μνήσθητι
1438 959 1532 1012 τοῦ
1563 961 1793 1030 αἵματος
1831 964 1936 1016 τῶν

350 1050 557 1102 δούλων
606 1065 703 1102 σου
753 1049 848 1102 τοῦ
880 1048 1276 1119 ἐκκεχυμένον,
1315 1053 1585 1122 μνήσθητι
1621 1053 1729 1106 τῶν
1766 1055 1937 1121 ἀγίων

354 1159 450 1193 σου
511 1143 918 1211 θνσιαστηρίων
948 1183 961 1203 ,
999 1143 1034 1196 ἃ.
1071 1141 1318 1212 βεῦήλοις
1375 1147 1532 1196 ποσὶν
1575 1147 1933 1216 ὲπατήθησαν

358 1234 451 1284 καί
505 1250 564 1300 γε
597 1234 733 1302 πυρὶ
791 1233 1170 1305 παρεδόθησαν
1194 1251 1210 1268 ο
1253 1236 1524 1306 μνήσθητι
1557 1240 1655 1304 τῆς
1687 1239 1935 1309 ἐλεεινῆς

358 1325 601 1393 ἡλικίας,
623 1325 724 1394 τῆς
751 1327 832 1387 είς
862 1327 1246 1394 αἰχμαλωσίαν
1269 1328 1490 1407 ἀσεϐέσι
1513 1332 1935 1402 παραδοθείσης,

355 1420 451 1468 καὶ
489 1419 589 1485 τὴν
640 1420 741 1486 μὲν
809 1422 1072 1489 πατρῴαν
1143 1421 1404 1475 ἀσέῦειαν
1451 1426 1666 1496 ἀνοήτῳ
1727 1427 1924 1499 γνώμῃ

354 1509 808 1580 ἐξομωσαμένης,
854 1512 931 1581 τῷ
966 1513 1022 1564 δὲ
1058 1514 1291 1584 διαϐόλῳ
1324 1517 1807 1587 ἐπιγραψαμένης,
1842 1522 1936 1574 καὶ

355 1604 556 1670 στῆσον
609 1604 714 1672 ἤδη
764 1605 962 1672 ράὕδσν
1003 1606 1345 1674 ἁμαρτωλῶν
1412 1613 1557 1661 κατὰ⁴
1611 1611 1813 1679 κλήρου
1858 1614 1937 1665 δι-

354 1696 526 1757 καίως
565 1696 909 1765 ἀφιεμένην*
957 1701 1032 1768 μὴ
1069 1699 1322 1768 παραόᾦς
1353 1702 1499 1770 ἡμᾶς
1548 1702 1625 1763 είς
1655 1704 1805 1766 τέλος
1847 1706 1936 1759 διὰ

351 1789 414 1841 τὸ
447 1788 621 1856 ὄνομά
648 1807 742 1842 σου
791 1791 852 1842 τὸ
901 1793 1091 1858 ἅγιον,
1129 1797 1222 1845 καὶ
1268 1794 1355 1847 διὰ
1391 1797 1600 1862 ἄφατον
1641 1797 1791 1850 ἔλεον
1841 1799 1935 1851 τὸν

354 1879 870 1950 ὑπερεκχυνόμενον
911 1885 973 1936 ὲκ
1013 1885 1109 1952 τῆς
1157 1886 1252 1953 σῆς
1297 1888 1655 1956 ἁγαθότητος,
1707 1893 1799 1942 καὶ
1847 1890 1934 1953 δὺς
1967 1915 2008 1969 Β

353 1971 420 2040 δὴ
467 1971 544 2040 τῷ
603 1973 938 2043 φιλοχρίστῳ
972 1974 1183 2043 βασιλεῖ
1222 1978 1377 2045 ἡμῶν
1410 1980 1594 2031 ἄνεσιν
1629 1979 1737 2030 τῶν
1777 1997 1935 2034 κατε-

354 2064 562 2129 χόντων
585 2063 790 2116 τούτων
820 2069 1086 2133 ἀνιαρῶν,
1122 2069 1216 2119 καὶ
1249 2069 1574 2138 ἀπαλλαγὴν
1606 2072 1712 2123 τῶν
1762 2074 1938 2141 ἐμφυσ

353 2154 488 2206 λίων
537 2155 785 2222 Οορύϐων
817 2158 911 2208 καὶ
963 2158 1227 2212 στάσεων.
1277 2160 1594 2229 ’Λνίσχυσον
1644 2163 1810 2215 αὑτοῦ
1844 2166 1935 2217 τὸν

354 2246 641 2317 βραχίονα,
677 2252 772 2302 καὶ
796 2252 921 2311 τοὺς
959 2252 1428 2318 ἐπανισταμένους
1459 2253 1606 2322 αὐτῷ
1637 2255 1932 2320 ύπὸταξον,

352 2341 449 2390 καὶ
480 2337 724 2403 σύναψον
756 2341 922 2392 αὑτοῦ
971 2344 1040 2392 τὰ
1089 2343 1496 2413 στρατεύματα,
1520 2348 1599 2405 είς
1644 2346 1773 2413 μίαν
1811 2348 1938 2414 ὁμόε

355 2446 529 2494 νοιαν,
589 2431 686 2482 καὶ
729 2433 975 2501 εἰρήνην,
1013 2435 1109 2485 καὶ
1161 2436 1338 2503 πάσης
1389 2436 1681 2505 ἐπιῦουλῇς
1720 2439 1934 2507 ὁρατῶν

350 2524 450 2574 καὶ
487 2524 739 2592 ἀοράτων
767 2525 982 2593 ἐχθρῶν
1038 2525 1313 2595 ἀνώτερον
1349 2529 1514 2580 αὐτὸν
1565 2529 1927 2598 διατήρησον.

356 2615 630 2681 ’Ἄγγελον
657 2615 806 2684 αὐτῷ
849 2617 907 2681 ἐξ
940 2615 1096 2684 ἁγίου
1136 2620 1563 2688 κατοικητηρίου
1617 2638 1710 2672 σου
1766 2621 1936 2674 κατά-

351 2708 575 2777 πεμψον
606 2708 864 2775 φύλακα,
914 2709 1103 2777 σαφῶς
1167 2712 1622 2779 προπολεμοῦντα
1674 2714 1767 2766 τοῦ
1838 2715 1931 2767 σού

353 2801 647 2870 βασιλέως,
682 2803 1050 2855 ἀστασίαστον
1079 2804 1138 2852 ὲν
1181 2804 1374 2873 βαθείᾳ.
1409 2804 1615 2874 γαλήνῃ
1645 2807 1752 2875 τὴν.
1778 2806 1933 2875 βασι-

351 2894 506 2950 λείαν
537 2895 684 2966 αύτῷ
714 2896 960 2965 δωρησαι
985 2912 999 2925 ⁶
1035 2897 1109 2958 ὡς
1160 2898 1227 2950 ἂν
1271 2898 1332 2950 τὸ
1362 2901 1452 2950 σὸν
1487 2900 1641 2965 ἅγιον
1673 2902 1828 2962 ἔθνος
1875 2903 1932 2952 ἐν

350 2993 421 3058 τῇ
456 2990 670 3059 γαλήνῃ
693 2991 859 3043 αὑτοῦ
895 2994 1162 3061 ἠρεμαῖον
1201 2993 1298 3045 καὶ
1342 2992 1570 3061 ἡσύχιον
1601 2993 1715 3062 βίον
1747 2995 1932 3066 διάγῃ,

352 3083 453 3134 καὶ
504 3085 689 3135 πᾶσαν
743 3083 912 3154 ἀλλην
946 3085 1382 3154 ὲπεγειρομὲνην
1415 3084 1536 3136 κατ’
1572 3085 1737 3137 αὑτοῦ
1766 3103 1936 3152 ταρα-

352 3178 458 3244 χὴν
499 3179 597 3228 καὶ
654 3177 953 3246 ὲτιιὸουλὴν
991 3182 1058 3247 τῇ
1114 3181 1312 3248 ἀμάχῳ
1339 3179 1506 3248 ,δεξιᾷ
1552 3180 1933 3244 διασκέδασον,

2040 699 2200 754 parce
2233 687 2435 754 populo
2470 698 2587 752 tuo,
2619 705 2780 757 parce
2808 689 2979 744 vineae
3015 709 3044 744 a
3072 693 3297 749 dextera
3339 705 3428 749 tua
3459 700 3614 766 plan-

2041 785 2204 831 tatze:
2253 789 2305 831 et
2354 793 2478 831 cum
2529 782 2775 835 innatam
2830 783 2929 836 tibi
2967 784 3270 840 bonitatem
3323 805 3420 858 pro
3456 791 3614 847 nobis

2041 868 2430 936 deprecantem
2485 873 2707 938 habeas,
2763 876 3058 930 recordare
3107 882 3390 948 sanguinis
3419 899 3611 936 servo-

2042 975 2162 1012 rum
2217 973 2433 1016 tuorum
2499 969 2666 1019 toties
2734 966 2917 1032 eflusi;
2960 972 3246 1024 recordare
3296 983 3610 1026 sanctorum

2042 1059 2262 1107 tuorum
2310 1056 2564 1108 altarium
2593 1057 2826 1125 pedibus
2872 1059 3116 1128 profanis
3163 1065 3609 1118 conculcatorum

2039 1155 2095 1199 et
2142 1146 2250 1216 igni
2301 1151 2741 1216 combustorum;
2799 1157 3090 1209 recordare
3126 1157 3448 1209 miserandae
3486 1175 3616 1224 pne-

2040 1253 2227 1291 rornm
2266 1239 2444 1292 aetatis
2472 1241 2539 1294 ab
2571 1243 2755 1310 impiis
2807 1242 2858 1296 in
2891 1245 3263 1309 captivitatem
3299 1247 3532 1310 traditae,
3557 1259 3614 1299 et

2040 1330 2237 1383 stolida
2283 1334 2558 1386 sententia
2618 1347 2898 1402 paternam
2943 1337 3260 1403 religionem
3309 1338 3615 1406 abjurautis

2038 1428 2092 1473 et
2119 1419 2341 1474 diabolo
2371 1422 2643 1489 ascripta},
2680 1435 2733 1477 et
2757 1425 2868 1491 jam
2906 1435 3252 1491 peccatorum
3281 1426 3479 1494 virgam
3518 1426 3614 1479 ad-

2037 1528 2231 1566 versus
2271 1515 2450 1583 justos
2487 1524 2685 1566 motam
2728 1515 2946 1569 cohibe.
2998 1516 3227 1584 Pmpter
3256 1533 3456 1571 nomen
3488 1536 3614 1572 san—

2039 1615 2188 1658 ctum
2229 1617 2404 1668 tuum,
2450 1619 2504 1660 et
2539 1618 2762 1675 propter
2798 1608 3131 1661 ineffabilem
3177 1608 3613 1662 misericordiam

2039 1714 2068 1751 a
2113 1711 2202 1751 tua
2237 1700 2480 1754 bonitate
2523 1701 2820 1769 profusam,
2873 1717 2939 1752 ne
2983 1701 3032 1753 in
3076 1700 3240 1754 finem
3275 1717 3372 1754 nos
3408 1703 3612 1755 tradas.

2039 1791 2315 1847 Christum
2355 1795 2560 1847 amanti
2610 1794 2722 1861 regi
2753 1804 2965 1850 nostro.
3009 1810 3036 1845 a
3073 1795 3342 1861 grassanti
3393 1795 3617 1848 θειαιηί-

2040 1895 2150 1939 tate
2184 1886 2452 1954 requiem,
2478 1897 2531 1939 et
2565 1903 2592 1940 a
2629 1889 2779 1940 civili
2821 1888 3080 1949 tumultu,
3115 1897 3169 1940 et
3198 1885 3492 1951 seditione,
3525 1903 3612 1940 se-

2039 1980 2328 2033 caritatem
2351 1980 2559 2048 pra-be;
2583 1981 2861 2032 brachium
2887 1981 3006 2049 ejus
3034 1979 3349 2043 corrobora,
3379 1978 3613 2031 rebelles

2039 2072 2118 2125 illi
2155 2072 2387 2141 subjice,
2427 2082 2480 2125 et
2519 2071 2572 2123 in
2619 2087 2780 2122 unam
2818 2070 3170 2122 concordiam
3202 2079 3256 2122 et
3283 2085 3468 2136 pacem
3494 2070 3613 2134 ejus

2037 2180 2227 2218 omnes
2253 2166 2397 2218 acies
2439 2179 2708 2231 compone
2738 2181 2750 2216 :
2802 2171 2856 2216 et
2891 2163 3187 2215 visibilium
3224 2162 3611 2214 invisibilium-

2037 2274 2143 2327 que
2201 2259 2442 2311 hostium
2509 2257 2723 2310 cunctis
2794 2256 3009 2309 insidiis
3059 2255 3397 2321 superiorem
3461 2253 3610 2304 illum

2037 2349 2226 2402 redde.
2267 2347 2417 2402 Mitte
2451 2348 2517 2400 de
2548 2357 2739 2399 sancto
2767 2344 3081 2399 habitaculo
3106 2352 3196 2396 tuo
3235 2343 3485 2406 angelum
3515 2357 3612 2394 cu-

2036 2437 2247 2491 stodem
2283 2453 2381 2504 pro
2432 2453 2556 2504 rege
2591 2444 2686 2488 tuo
2727 2444 3115 2503 pugnaturum,
3146 2432 3507 2497 compositam
3555 2441 3610 2484 et

2038 2530 2307 2598 profunda
2357 2529 2753 2596 tranquillitate
2808 2538 3056 2596 pacatum
3106 2526 3155 2578 ei
3221 2541 3450 2591 regnum
3502 2527 3611 2580 lar-

2037 2626 2191 2695 gire:
2229 2637 2289 2680 ut
2317 2627 2370 2678 in
2396 2628 2514 2693 ejus
2553 2640 2685 2692 pace
2718 2635 2902 2676 sancta
2940 2634 3030 2675 tua
3078 2637 3212 2690 gens
3259 2621 3608 2688 tranquillam

2037 2719 2391 2786 quietamque
2420 2717 2586 2769 vitam
2615 2718 2795 2784 degat,
2826 2725 2880 2767 et
2920 2719 3163 2778 demum,
3201 2715 3494 2769 tumultum
3527 2717 3612 2764 iu-

2038 2811 2304 2876 sidiisque
2336 2810 2596 2861 omnibus
2614 2811 2885 2861 adversus
2912 2810 3296 2873 imperatorem
3326 2807 3612 2872 ittintgcn-

2041 2903 2186 2954 tibus
2243 2902 2553 2966 insuperata
2606 2913 2696 2952 tua
2751 2916 2911 2952 tnanu
2963 2899 3268 2967 dissipatis,
3312 2900 3524 2964 longam
3559 2897 3606 2948 ei

2041 2992 2709 3046 vitatnconfer.Precibus
2732 2993 2981 3060 gloriosx
3014 3003 3069 3044 et
3098 3006 3262 3059 super
3290 3004 3483 3042 omnes
3516 2989 3611 3040 bc-

2041 3089 2271 3140 ncdiclae
2306 3086 2548 3138 Dominae
2586 3097 2784 3139 nostra:
2818 3085 3082 3153 Dciparae,
3130 3096 3185 3138 et
3233 3086 3606 3136 ministrorum

2041 3180 2280 3231 materne
2322 3180 2649 3246 expertium,
2701 3188 2754 3232 et
2800 3177 3045 3232 omnium
3088 3187 3425 3241 sanctorum,
3455 3176 3544 3244 qui
3580 3193 3609 3227 a

351 3271 449 3319 καὶ
475 3269 941 3322 ἀνεπιϐούλευτον
972 3309 987 3334 ,
1029 3275 1124 3324 καὶ
1157 3271 1376 3340 μακράν
1428 3271 1579 3341 αὑτῴ
1633 3271 1732 3341 τὴν
1788 3271 1933 3340 ζωὴν
1961 3265 2004 3320 ε
2039 3298 2040 3321 ;

1280 3271 1376 3340 ρὰν
1428 3271 1579 3341 αὑτῴ
1633 3271 1732 3341 τὴν
1788 3271 1933 3340 ζωὴν
1961 3265 2004 3320 ο
2039 3273 2239 3324 saeculo
2276 3272 2371 3323 tibi
2403 3271 2743 3339 placuerunt.
2776 3273 2969 3323 Amen.

349 3363 606 3432 χάρισαι.
645 3365 977 3434 Πρεσὸείαις
1046 3365 1145 3432 τῆς
1215 3366 1683 3433 πανυπερενὸόξου
1750 3363 2273 3434 ὑπερευλογημένης
2330 3366 2618 3432 δεσποίνης
2670 3364 2830 3432 ἡμῶν
2895 3364 3188 3423 Θεοτόκου,
3268 3361 3374 3412 τῶν
3429 3360 3609 3413 ἁΰλων

350 3458 686 3524 λειτουργῶν
709 3496 724 3519 ,
770 3460 866 3510 καὶ
902 3462 1122 3511 παντων
1173 3459 1281 3510 τῶν
1319 3459 1492 3525 ἁγίων
1524 3460 1633 3512 τῶν
1660 3459 1753 3511 ἀπ’
1787 3460 1983 3523 αἰῶνός
2012 3478 2093 3513 σοι
2127 3459 2634 3529 εύαρεστησάντων.
2660 3460 2856 3526 Ἀμήν.

423 3599 597 3667 Εὺχὴ
631 3599 802 3664 ἑτέρα
843 3599 951 3651 τοῦ
978 3597 1163 3651 αὑτοῦ
1189 3638 1204 3663 ,
1235 3599 1330 3651 ἐπὶ
1365 3597 1647 3666 συμφορᾷ
1680 3598 1856 3651 λαοῦ.

428 3715 674 3781 Ἀναρχε
713 3712 970 3776 Βασιλεῖ),
1023 3713 1247 3781 ἁόρατε,
1283 3714 1682 3781 ἁνεξιχνίαστε,
1720 3716 1930 3767 ἀκατά-

345 3808 548 3874 ληπτε,
586 3807 686 3857 καὶ
743 3807 1094 3872 ἀνέκφραστε
1125 3844 1141 3868 ,
1174 3808 1201 3857 ὁ
1236 3808 1421 3858 πᾶσαν
1454 3806 1623 3874 δρακὶ
1657 3810 1929 3877 περιέχων

343 3899 449 3967 τὴν
498 3897 679 3949 κτίσιν
709 3900 804 3949 καί
832 3897 1129 3966 διατηρῶν·
1179 3900 1206 3950 ὁ
1253 3898 1591 3964 διακατὲχων
1625 3901 1716 3950 καὶ
1744 3900 1932 3951 διακυ-

347 3991 564 4058 ϐερνῶν
598 3990 770 4057 αὐτὴν
803 3991 1030 4058 ἀρρήτῳ
1066 3989 1233 4058 λόγῳ,
1269 3992 1296 4042 ὁ
1347 3992 1455 4040 τῶν
1508 3991 1806 4042 Νινευῖτῶν
1835 3993 1931 4052 τὰς

345 4086 583 4151 ἀνομίας
620 4084 892 4150 πρότερον
927 4083 1027 4150 μὲν
1064 4082 1414 4150 ἀνεχόμενος,
1468 4082 1696 4150 ὕστερον
1737 4081 1791 4132 δὲ
1834 4085 1931 4150 τὴν

346 4177 649 4246 μετάνοιαν
703 4175 887 4227 αὐτῶν
921 4177 1017 4227 καὶ
1071 4176 1409 4244 ἐπιστροφὴν
1462 4177 1927 4244 προσδεξάμενος,

344 4272 447 4324 καὶ
478 4270 850 4338 χαρισάμενος
883 4269 1073 4330 αὐτοῖς
1117 4269 1185 4320 δι’
1232 4267 1676 4334 ὑπερϐάλλουσαν
1724 4269 1930 4336 ἀγαθό-

344 4379 490 4431 τητα
543 4365 636 4412 καὶ
686 4359 1078 4429 μακροθυμίαν
1110 4361 1292 4420 πάσας
1336 4361 1434 4421 τὰς
1473 4360 1707 4428 ἀνομίας
1743 4362 1833 4412 καὶ
1862 4361 1929 4412 τὰ

346 4455 840 4525 πλημμελήματα,
890 4456 956 4522 τῇ
996 4453 1217 4521 συνήθει
1259 4453 1352 4503 καὶ
1381 4453 1572 4520 ἀφάτῳ
1613 4469 1706 4504 σου
1742 4461 1931 4520 φιλαν-

343 4550 572 4620 θρωπίᾳ
601 4547 897 4615 δεξάμενος
924 4560 941 4578 ο
978 4545 1130 4607 δέξαι
1163 4543 1259 4596 καὶ
1291 4543 1447 4611 ἡμῶν
1485 4545 1584 4605 τὰς
1611 4544 1796 4611 εὐχὰς,
1831 4561 1931 4595 κα·

340 4645 527 4710 θαπερ
569 4641 644 4701 ὠς
680 4641 901 4707 εἴρηται
935 4637 1044 4689 τῶν
1076 4637 1381 4688 Νινευῑτῶν
1443 4636 1544 4705 τὴν
1595 4638 1929 4706 ὲπιστροςὴν

338 4740 438 4789 καὶ
476 4735 792 4804 μετάνοιαν·
828 4732 980 4794 δέξαι
1012 4732 1080 4783 τὰ
1123 4732 1338 4799 δάκρυα
1390 4730 1484 4782 καὶ
1540 4732 1666 4792 τοὺς
1700 4747 1926 4794 στεναγο

342 4831 526 4898 μοὺς,
588 4827 743 4889 δέξαι
804 4827 906 4893 τὴν
969 4822 1462 4890 τεταπεινωμένην
1513 4822 1668 4890 ἡμῶν
1718 4822 1922 4890 δέησινο

338 4922 466 4973 οᾷὁὲ
517 4924 629 4988 γὰρ
685 4918 970 4988 δυνάμεθα
1000 4919 1135 4978 ὅλως
1192 4919 1310 4978 ταῖς
1345 4917 1642 4985 ἁμαρτίαις
1702 4914 1926 4982 γενόμε-

341 5032 448 5075 νοι,
487 5013 623 5081 πρὸς
673 5012 732 5062 σὲ
780 5011 871 5061 τὸν
915 5012 1080 5076 μόνον
1111 5010 1500 5077 ἀναμάρτητον
1537 5009 1811 5071 άτενίζειν
1841 5007 1926 5057 δέ·
1964 5031 1973 5039 -

341 5107 431 5170 E_a.-.
488 5110 590 5165 τας
625 5107 685 5155 ἐκ
716 5103 913 5172 βάθους
957 5101 1030 5160 ὼς
1071 5100 1228 5168 δίκην
1271 5099 1478 5151 καπνοῦ
1524 5101 1922 5168 ἀναπεμπομέ-

338 5218 436 5260 νας
469 5215 552 5250 σοι
586 5198 664 5265 τῷ
698 5198 950 5266 Δεσπὸτῃ
994 5195 1269 5261 κραυγάς.
1312 5194 1471 5258 Δέξαι
1503 5192 1596 5243 τοῦ
1642 5195 1925 5245 ταλαιπω-

341 5293 616 5361 ρουμένου
648 5288 782 5341 λαοῦ
821 5291 920 5357 τὴν
969 5288 1344 5356 παράκλησιν·
1379 5286 1662 5354 νικησάτω
1693 5288 1724 5354 ἡ
1758 5289 1925 5336 ἀδυσ-

339 5404 431 5446 co;
469 5386 569 5452 τῆς
605 5384 705 5451 σῆς
733 5382 1141 5450 εὐσπλαγχνίας
1172 5382 1236 5432 τὸ
1275 5380 1475 5447 πλῆθος
1505 5383 1610 5430 τῶν
1638 5381 1920 5447 ἡμετέρων

333 5477 634 5544 ἁμαρτιῶν
661 5491 676 5505 ο
707 5475 797 5525 καὶ
843 5473 929 5534 δὸς
963 5473 1040 5540 τῷ
1069 5472 1184 5539 λαῴ
1231 5488 1324 5523 σου
1378 5471 1665 5535 λύτρωσιν,
1704 5470 1918 5521 ἐλευθε-

337 5571 464 5636 ρίαν
519 5568 633 5619 τῶν
686 5566 1038 5635 πειρασμῶν,
1075 5568 1170 5617 καὶ
1203 5566 1295 5632 τῆς
1337 5563 1431 5614 τοῦ
1482 5566 1716 5614 θανατου
1750 5561 1915 5629 τιμῆς

329 5662 560 5729 ἄφεσιν.
595 5660 726 5723 Ναὶ,
767 5658 944 5726 Κύριε
975 5661 1001 5709 ὁ
1054 5657 1186 5717 Θεὸς
1227 5656 1384 5723 ἡμῶν
1414 5697 1427 5720 ,
1478 5657 1788 5706 ἐπάκουσον
1823 5653 1918 5703 τοῦ

330 5753 470 5805 λαοῦ
527 5769 624 5804 σου
657 5753 717 5803 ἐν
748 5756 813 5822 τῇ
847 5751 968 5818 ὥρα
999 5750 1196 5820 ταύτῃ,
1233 5750 1325 5801 καὶ
1365 5748 1498 5815 ἐμοῦ
1531 5745 1625 5797 τοῦ
1659 5747 1919 5813 ἀμαρτω-

326 5846 450 5901 λοῦο
483 5848 580 5898 καὶ
607 5846 812 5914 στῆσον
845 5846 944 5912 τὴν
1002 5843 1199 5914 ῥάϐδον
1253 5843 1363 5894 τῶν
1413 5839 1758 5908 ἁμαρτωλῶν
1791 5841 1917 5890 ἐπε-

325 5941 671 6010 τειρομένην
726 5939 824 5992 ἐπὶ
879 5938 969 5990 τὸν
1028 5937 1230 6005 κλῆρον
1271 5935 1378 5987 τῶν
1436 5934 1683 5999 δικαίων,
1721 5931 1812 5993 οὓς
1850 5932 1912 5982 σὺ

2204 3600 2321 3654 Alia
2350 3601 2582 3667 ejusdem
2617 3609 2790 3652 oratio
2824 3600 2874 3651 in
2899 3597 3081 3666 pepuli
3125 3597 3434 3664 afﬂictione.

2105 3711 2234 3766 Sine
2259 3712 2529 3780 principio
2561 3712 2693 3769 Rex,
2726 3711 3045 3772 invisibilis,
3077 3709 3489 3776 investigibilis,
3526 3727 3605 3759 -u-

2035 3807 2430 3871 comprehenso
2463 3815 2516 3857 (τι
2565 3803 2880 3864 ineﬂ'abilis,
2911 3803 3000 3870 qui
3041 3802 3249 3869 pugillo
3293 3812 3608 3854 creaturam

2035 3912 2254 3950 onmem
2291 3897 2546 3949 contines
2569 3907 2623 3950 et
2652 3911 2973 3958 conservas,
3016 3903 3341 3962 secretaque
3374 3908 3490 3946 eam
3524 3911 3608 3944 ra-

2037 3994 2183 4043 tione
2219 3990 2545 4050 moderatis,
2600 3988 2693 4054 qui
2743 3988 2987 4040 toleratis
3037 3988 3190 4054 prius
3235 3987 3608 4040 Ninivitarum:

2034 4081 2431 4149 iniquitatibus,
2461 4082 2681 4132 demum
2725 4093 2915 4131 eorum
2960 4082 3342 4146 pcnuitentiam
3376 4090 3432 4131 et
3470 4095 3602 4130 con-

2035 4178 2336 4229 versionem
2373 4172 2686 4240 suscepisti,
2717 4181 2772 4225 ct
2813 4173 3125 4224 inenarrata
3157 4172 3284 4224 licet
3320 4172 3475 4224 solita
3505 4171 3607 4222 tih’r

2033 4269 2370 4322 humanitate
2408 4267 2592 4319 omnia
2646 4266 2861 4317 illorum
2920 4264 3117 4316 delicta
3163 4274 3218 4316 et
3274 4263 3600 4330 iniquitates

2037 4361 2362 4416 condonasti
2401 4380 2410 4412 :
2440 4359 2656 4426 suscipe
2696 4358 2859 4410 etiam
2892 4367 3016 4408 vota
3047 4365 3252 4418 nostra,
3286 4357 3428 4407 sicut
3453 4356 3605 4408 Niln-

2032 4457 2268 4508 vitarum
2307 4452 2721 4505 conversionem
2751 4459 2802 4500 et
2831 4448 3230 4515 pmnitentiain,
3272 4448 3434 4499 modo
3461 4463 3600 4514 pne-

2031 4547 2163 4612 fato,
2197 4555 2471 4613 acceptam
2506 4542 2776 4603 habuisti;
2806 4541 3020 4607 suscipe
3043 4540 3312 4606 lacrymas
3341 4548 3394 4591 et
3422 4541 3604 4606 suspi-

2033 4642 2144 4696 ria:
2176 4653 2394 4705 suscipe
2423 4645 2479 4690 et
2511 4634 2704 4687 humili
2740 4634 2906 4686 corde
2943 4632 3386 4699 deprecationem
3419 4635 3601 4698 prola-

2035 4746 2140 4790 tam
2183 4736 2384 4804 (neque
2430 4733 2574 4785 enim
2624 4743 2916 4799 possumus
2970 4726 3208 4795 peccatis
3249 4725 3491 4792 depreSsi
3529 4725 3598 4778 ad

2035 4838 2084 4882 te
2137 4824 2476 4893 intendere);
2534 4822 2749 4887 suscipe
2803 4820 3072 4872 clamores
3106 4832 3167 4869 ex
3221 4817 3330 4869 imo
3377 4827 3598 4885 pectore

2032 4920 2207 4973 thuris
2256 4921 2427 4969 instar
2469 4914 2534 4967 ad
2572 4924 2624 4966 te
2660 4913 2874 4973 missos,
2926 4908 3111 4962 afﬂicti
3157 4907 3341 4975 populi
3388 4918 3597 4960 oratio-

2028 5029 2153 5066 nem
2202 5010 2421 5075 exaudi,
2472 5018 2823 5076 peccatorum
2877 5016 3192 5054 nostrorum
3245 5003 3452 5068 copiam
3487 5003 3598 5054 cle-

2029 5104 2248 5158 tnentia:
2289 5111 2394 5155 tua:
2441 5099 2669 5167 abyssus
2703 5105 3008 5156 exsuperet.
3052 5105 3105 5145 et
3154 5093 3352 5160 p0pnlo
3397 5103 3490 5145 tno
3529 5094 3599 5147 ab

2028 5199 2112 5251 his
2150 5196 2415 5249 molestiis
2437 5193 2838 5259 exemptionem
2873 5201 2923 5239 et
2959 5190 3286 5248 libertatem,
3321 5197 3374 5239 et
3400 5203 3427 5238 a
3454 5202 3598 5238 mor-

2030 5288 2098 5340 tis
2136 5286 2358 5337 vulnere
2391 5282 2770 5335 remissionem
2817 5278 3016 5345 pra-be.
3071 5275 3146 5327 Ita
3203 5277 3316 5337 fiat,
3364 5275 3590 5327 Domine

2029 5379 2168 5430 Deus
2203 5386 2408 5436 noster,
2448 5374 2706 5442 populum
2751 5381 2904 5422 tuum
2946 5380 2999 5420 et
3030 5384 3116 5421 me
3161 5377 3500 5435 peccatorum
3538 5368 3594 5420 in

2026 5471 2159 5523 hora
2211 5473 2308 5521 hac
2358 5468 2576 5523 exaudi,
2604 5475 2656 5516 et
2698 5475 3044 5530 peccatorum
3088 5462 3288 5526 virgam
3325 5463 3592 5513 adversus

2019 5561 2296 5629 justorutn
2329 5576 2356 5610 a
2395 5571 2443 5609 te
2475 5557 2591 5608 solo
2623 5554 2990 5619 cognitorum,
3017 5559 3070 5603 et
3095 5561 3144 5602 te
3176 5566 3393 5618 quoque
3425 5566 3594 5617 agno-

2024 5656 2292 5706 scentium
2321 5663 2548 5713 sortem,
2587 5649 2853 5700 \‘ibratam
2900 5646 3092 5697 eohibe
3126 5663 3137 5696 :
3176 5656 3234 5696 ut
3280 5656 3332 5696 et
3364 5661 3458 5712 per
3487 5659 3592 5698 nos

2022 5744 2243 5796 inutiles
2283 5757 2473 5795 servos
2524 5752 2644 5793 tuos
2700 5739 3009 5790 celebretur
3054 5738 3457 5790 sanctiSs-imum
3488 5753 3590 5788 no-

2021 5851 2142 5888 men
2182 5845 2353 5896 tuum,
2388 5833 2584 5893 l‘alris.
2612 5840 2663 5884 et
2692 5830 2810 5882 Filii
2845 5839 2902 5882 et
2935 5830 3106 5881 sancti
3141 5828 3402 5907 Spiritus,
3440 5843 3588 5882 nunc

2019 5940 2073 5984 et
2116 5943 2352 5996 semper,
2385 5937 2436 5977 et
2477 5930 2528 5976 in
2558 5923 2754 5976 saecula
2788 5920 3133 5976 surculorum.
3173 5921 3366 5973 Amen.
