4278 6442
363 442 459 509 581

1696 432 2244 496 PREC.\Ti0NES.

3507 439 3612 504 582

359 556 532 612 οὐδεὶς
581 552 690 616 ζῶν
723 551 1016 619 ἄνθρωπος
1056 550 1191 612 ὅλως
1224 553 1282 603 ἐν
1338 553 1419 602 σοι
1474 551 1926 619 δικαιωθήσεται.
1963 545 2048 613 Α]

1920 587 1926 600 ,
1963 556 2004 608 Α
2033 545 2188 613 juxta
2229 541 2654 610 grandiloquum
2681 545 2873 599 Isaiam
2904 564 2917 601 :
2973 557 3030 601 et
3086 558 3302 602 montes
3334 553 3609 626 collesque

359 646 518 695 Πᾶσα
551 646 658 712 γὰρ
711 643 1026 709 δικαιοσύνη
1064 642 1381 709 ἀνθρώπου,
1413 642 1487 704 ὼς
1541 643 1742 711 ράκκος
1793 642 1932 692 ἁπο-

355 736 706 804 καθημένης,
743 735 883 786 κατὰ
945 736 1038 785 τὸν
1093 734 1615 803 μεγαλοφωνότατον
1675 731 1926 784 Ἠσαίαν.

357 828 437 880 Τὰ
471 831 579 898 γὰρ
606 827 708 894 ὅρη
741 830 833 879 καὶ
878 828 926 878 oi
961 827 1144 895 βουνοὶ
1174 827 1252 896 τῷ
1293 827 1371 896 σῷ
1401 827 1556 895 φόῦῳ
1595 826 1933 894 συνεχόμενα

354 921 678 974 κλονοῦνται
734 922 828 970 καὶ
872 920 1188 987 φρίσσουσι.
1225 920 1593 970 Κατάπαυσον
1627 918 1808 970 τοίνυν
1837 918 1936 984 τὴν

359 1014 537 1080 ὀργήν
576 1029 670 1063 σου
703 1012 796 1077 ἀφ’
830 1012 1006 1078 ἡμῶν,
1036 1010 1380 1079 ἀπόστρεῲον
1423 1012 1523 1080 τὴν
1554 1011 1936 1079 αἰχμαλωσίαν

358 1107 517 1171 ἡμῶν
566 1107 629 1156 ἐκ
679 1105 778 1171 τῆς
812 1104 1058 1166 δουλείας
1115 1105 1224 1155 τῶν
1262 1104 1475 1156 ἀσεϐῶν
1503 1121 1515 1134 ·
1552 1103 1687 1156 ἀλλὰ
1732 1104 1794 1173 δὴ
1844 1103 1936 1155 καὶ

356 1198 456 1266 τὴν
504 1199 646 1250 κατὰ
699 1196 825 1249 νοῦν
876 1197 1174 1265 γινομένην
1205 1195 1588 1265 αἰχμαλωσίαν
1628 1198 1695 1264 τῇ
1741 1212 1936 1261 τρικυ-

360 1289 460 1358 μία
495 1289 588 1339 καὶ
631 1288 764 1357 ζάλῃ
815 1287 924 1340 τῶν
976 1289 1304 1356 πειρασμῶν
1340 1287 1442 1338 ὑπὸ
1473 1287 1568 1340 τοῦ
1606 1287 1800 1353 νοητοῦ
1833 1288 1936 1338 Φα-

360 1381 497 1446 ραώ.
533 1381 666 1432 Οὐδὲ
702 1382 810 1447 γὰρ
838 1380 1118 1445 δυνάμεθα
1174 1379 1298 1432 κατ’
1331 1380 1498 1447 ἄμφω
1544 1378 1936 1447 πλημμελοῦν-

356 1491 448 1535 τες
504 1473 656 1544 ᾄδειν
704 1489 787 1524 σοι
834 1472 979 1542 ᾠδὴν
1025 1473 1452 1541 εὐχαριστήριον
1501 1473 1594 1524 ἐπὶ
1645 1473 1747 1541 γῆς
1781 1471 1939 1523 ἀλλο-

355 1566 537 1633 τρίας.
576 1563 864 1631 Μνήσθητι
896 1561 1075 1629 ἡμῶν,
1113 1562 1311 1628 Κύριε,
1344 1563 1400 1612 ἐν
1427 1560 1566 1611 ἐλέει
1597 1561 1692 1610 καὶΙ
1725 1560 1937 1628 οίκτιρ-

361 1659 482 1724 μοῖς
519 1655 886 1722 κατάπεμψον
918 1655 1053 1722 ἡμῖν
1106 1654 1340 1721 ἄγγελον
1382 1654 1572 1704 πιστὸν
1606 1650 1847 1716 φύλακα,
1891 1645 1938 1717 ᾧ

357 1750 454 1801 καὶ
480 1749 802 1818 παρακάθου
829 1746 926 1816 τὴν
952 1746 1098 1813 ζωὴν
1127 1745 1309 1815 ἡμῶν,
1331 1745 1479 1806 ὅπως
1507 1743 1760 1812 ἐξέληται
1789 1746 1936 1812 ἡμᾶς

356 1839 455 1904 τῆς
488 1838 730 1906 φοϐερᾶς
780 1836 876 1888 τοῦ
928 1836 1164 1887 θανάτου
1193 1833 1382 1903 ὀργῆς.
1425 1837 1520 1885 καὶ
1549 1836 1645 1902 τῆς
1671 1834 1938 1901 ἀπροσδοο

2041 636 2235 688 timore
2301 645 2393 688 tuo
2447 638 2691 704 correpti
2753 641 3148 693 concutiuntur
3201 650 3258 695 et
3312 649 3614 699 contremi-

2036 736 2217 782 scunt.
2283 728 2480 782 Desine
2535 732 2720 798 itaque
2777 732 2940 784 nobis
2981 736 3181 798 irasci,
3234 737 3610 804 captivitatem

2036 833 2280 877 nostram
2341 823 2409 876 ab
2441 823 2736 892 impiorum
2791 829 3056 880 servitute
3104 831 3359 895 immuta;
3414 835 3505 886 sed
3557 843 3614 886 et

2036 915 2196 968 aliam
2230 931 2394 983 quam
2447 927 2632 972 mente
2681 921 2972 979 subiimus,
3021 930 3346 989 tempestate
3398 935 3452 978 et
3488 943 3614 994 pro-

2037 1011 2189 1063 oellis
2220 1011 2589 1064 tentationum
2636 1013 2740 1064 acti
2796 1015 2896 1066 sub
2947 1015 3260 1081 spiritualis
3309 1017 3614 1073 Pharaonis

2039 1100 2348 1168 tyrannide,
2377 1100 2655 1165 dissolve;
2695 1117 2870 1170 neque
2891 1106 3036 1157 enim
3061 1105 3112 1157 in
3142 1115 3372 1176 utroque
3394 1110 3614 1165 homine

2039 1191 2270 1244 actionis
2320 1195 2616 1261 gratiarum
2666 1196 3043 1250 canticumvin
3098 1208 3244 1252 terra
3293 1202 3469 1256 aliena
3515 1207 3611 1258 tibi

2041 1299 2336 1350 personare
2377 1303 2692 1354 possumus.
2741 1289 3014 1342 Memento
3055 1293 3220 1357 igitur
3269 1297 3460 1358 nostri,
3506 1298 3614 1348 Do-

2040 1379 2206 1439 mine,
2241 1379 2292 1430 in
2340 1381 2712 1432 misnicnrdia
2741 1393 2797 1435 et
2832 1385 3304 1447 miserationibus,
3353 1390 3606 1457 angelum

2040 1468 2254 1521 ﬁdelem
2292 1470 2603 1528 custodem,
2653 1472 2740 1523 cui
2799 1475 2902 1525 iita
2955 1485 3138 1527 nostra
3187 1481 3472 1533 commissa
3507 1491 3612 1546 est,

2039 1559 2108 1611 ab
2137 1559 2240 1611 hoc
2272 1560 2554 1612 tremendo
2580 1563 2710 1613 let'ui
2747 1564 2978 1631 ﬂagello,
3007 1575 3062 1618 et
3115 1568 3483 1635 inexspectata
3511 1572 3611 1625 hac

2038 1652 2349 1706 calamitate
2382 1671 2483 1708 nos
2519 1656 2850 1709 educturum
2899 1660 2962 1710 ad
3003 1676 3101 1712 nos
3135 1663 3312 1725 mitte,
3358 1673 3414 1717 ut
3452 1665 3616 1718 lilier-

2041 1753 2154 1797 tate
2185 1754 2240 1796 et
2269 1744 2391 1798 vitae
2422 1749 2720 1801 securitate
2759 1765 3042 1815 coni-ossa,
3079 1761 3128 1805 le
3164 1753 3397 1816 l'atrem,
3443 1770 3496 1808 et
3531 1758 3618 1809 Fi-

2044 1835 2200 1897 lium,
2241 1845 2298 1890 et
2343 1849 2593 1891 sanctum
2638 1841 2900 1908 Spiritum
2938 1845 3301 1907 celebremus,
3337 1863 3498 1899 uuam
3534 1851 3618 1900 di-

359 1933 533 1996 κῆτου
589 1929 796 1996 ταύτης
847 1926 1144 1995 ῥομφαίας.
1197 1925 1310 1978 Ἰνα
1359 1925 1446 1978 διὰ
1480 1926 1576 1992 τῆς
1613 1925 1936 1993 ἀπαλλαγῆς
1969 1914 2048 1972 Βε

1923 1942 1936 1986 ;
1969 1914 2012 1972 Β
2045 1927 2328 1981 vinitatem
2366 1941 2420 1982 et
2475 1945 2733 1997 regnum;
2771 1935 2860 1987 cui
2911 1939 3168 1989 convenit
3210 1940 3389 1992 omnis
3421 1941 3612 2008 glor-ﬂ,

356 2025 564 2091 ταύεης
596 2023 690 2073 καὶ
723 2023 980 2080 ἀνέσεως,
1009 2019 1325 2087 δοξασωμέν
1361 2035 1420 2069 σε
1447 2019 1539 2070 τὸν
1574 2020 1813 2086 Πατέρα,
1847 2036 1940 2068 και

2053 2019 2226 2072 honor
2262 2031 2318 2073 et
2349 2023 2599 2074 adoratio
2628 2025 2682 2076 iu
2715 2027 2933 2079 saecula.
2970 2029 3165 2080 Amen.

357 2123 450 2171 τὸν
489 2119 636 2181 Υἱὸν,
670 2117 856 2168 καὶτὸ
900 2117 1124 2187 Πνεῦμα
1176 2116 1236 2168 τὸ
1290 2113 1467 2182 ἅγιον,
1518 2115 1618 2183 τὴν
1652 2116 1781 2182 μίαν
1815 2116 2045 2184 θεότητά
2107 2135 2166 2168 τε
2235 2121 2328 2169 καὶ
2376 2115 2748 2192 βασιλείαν,ᾖ
2817 2125 3017 2191 πρέπει
3066 2129 3214 2179 πᾶσα
3252 2131 3398 2196 δόξα,
3457 2133 3612 2202 τιμὴ,

358 2218 456 2268 καὶ
490 2214 868 2284 προσκύνησις
894 2254 908 2274 ,
941 2214 1021 2274 εἰς
1063 2213 1192 2275 τοὺς
1230 2212 1455 2272 αἰῶνας.
1504 2211 1697 2281 Ἀμήν.

360 2333 530 2401 Εὐχή
576 2333 748 2402 ἑτέρα
779 2332 885 2386 τοῦ
929 2331 1141 2455 auro-1;),
1176 2331 1328 2413 ὑπὲρ
1357 2332 1464 2386 τοῦ
1506 2333 1937 2402 Χριστωνύμου

1121 2418 1251 2455 αου.

1121 2418 1251 2457 αου.

436 2519 538 2572 Σοῦ
591 2517 851 2587 δεόμεθα,
892 2521 985 2570 καὶ
1015 2517 1075 2570 σὲ
1121 2517 1551 2587 παρακαλοῦμεν
1583 2519 1811 2582 ἐκτενῶς
1845 2520 1938 2571 τὸν

358 2616 498 2666 Θεὸν
529 2615 622 2665 καὶ
655 2612 876 2679 Πατέρα
906 2611 1000 2663 τοῦ
1039 2612 1247 2680 Κυρίου
1272 2612 1438 2680 ἡμῶν
1460 2611 1638 2680 Ἰησοῦ
1675 2613 1936 2680 Χριστοῦ,

358 2709 450 2758 ἶνα
483 2705 610 2774 ἱλέῳ
660 2704 872 2772 ὄμματι
925 2702 1228 2774 ὲπιῦλέψῃς
1263 2706 1357 2756 ἐπὶ
1391 2705 1482 2756 τὸν
1533 2705 1658 2756 λαόν
1697 2721 1813 2766 σου,
1842 2706 1937 2755 καὶ

357 2796 456 2847 ἐπὶ
486 2796 586 2861 τὴν
618 2793 986 2861 κληρονομίαν
1043 2809 1137 2844 σου
1189 2793 1609 2861 σπλαγχνισθεὶς
1655 2793 1741 2860 ἐφ’
1779 2792 1935 2862 ἡμῶν

361 2888 460 2940 καὶ
506 2888 604 2955 τὴν
638 2887 918 2955 ἡμετέραν
951 2885 1056 2952 γῆν
1085 2884 1530 2954 ὲξερημωθείσαν
1567 2884 1654 2936 διὰ
1686 2888 1784 2946 τας
1816 2887 1937 2937 ἀνο-

362 2982 494 3050 μίας
530 2979 726 3047 ἡμῶν,
763 2980 855 3029 καὶ
893 2977 1242 3045 αἰχμάλωτον
1283 2979 1570 3045 γεγονυῖαν
1603 2980 1698 3029 καὶ
1744 2977 1937 3044 δούλην

359 3073 478 3133 τοῖς
530 3070 811 3138 πολεμίοις
845 3110 859 3130 ,
911 3068 1285 3139 ὲπευδοκήσῃς
1340 3069 1658 3120 ἐπανελθεῖν
1710 3071 1789 3130 είς
1839 3068 1940 3137 τὴν

359 3164 640 3233 προτέραν
675 3159 1016 3229 ἐλευθερίαν,
1051 3160 1303 3228 καθάπερ
1346 3161 1496 3224 ποτε,
1549 3163 1645 3212 καὶ
1695 3160 1788 3212 τοῦ
1831 3176 1940 3213 πα-

357 3256 519 3308 λαιοῦ
559 3254 761 3308 Ἰακὼὸ
807 3255 1019 3306 ἐκείνου
1059 3255 1152 3306 τοῦ
1186 3255 1445 3321 φέροντος
1490 3252 1660 3306 τύπον
1694 3253 1790 3306 τοῦ
1838 3272 1939 3323 p.0-

358 3344 622 3412 νογενοῦς
670 3362 766 3396 σου
815 3344 967 3408 Υίοῦ,
1007 3346 1102 3395 ’καὶ
1162 3338 1298 3396 Θεοῦ
1344 3344 1502 3414 ἡμῶν
1550 3343 1790 3413 εὐδοκία,
1844 3347 1939 3397 καὶ

360 3442 590 3511 θελήσει
614 3442 680 3510 τῇ
707 3442 773 3510 σῇ
808 3439 1255 3508 ὑποστρέψαντος
1278 3443 1408 3502 τοὺς
1434 3442 1733 3507 οἰκογενεῖς
1764 3442 1940 3492 ᾶπαν-

359 3552 462 3596 τας
521 3533 660 3601 πρὶς
710 3532 783 3582 τὰ
833 3531 1230 3599 ὲπηγζελμένα
1257 3530 1369 3582 τῶν
1399 3532 1800 3601 ὑποσχημίνων
1843 3548 1939 3584 σου

358 3623 590 3690 ἀγαθῶν
622 3622 999 3688 ὲπανήγαγες.
1053 3619 1162 3673 Καὶ
1202 3619 1312 3690 γὰρ
1341 3620 1428 3673 ἐπ’
1462 3623 1690 3674 ἐκείνων
1715 3625 1782 3692 τῇ
1817 3641 1941 3676 συν-

363 3717 493 3785 ήθει
533 3732 630 3767 σου
664 3712 1051 3782 φιλανθρωπίᾳ
1077 3711 1385 3782 χρώμενος,
1418 3714 1638 3783 ἀφῆκας
1677 3719 1774 3778 τὰς
1818 3717 1943 3768 ἀνο-

366 3811 501 3878 μίας
543 3807 760 3870 αίιτῶν,
807 3807 1162 3867 κατέπαυσας
1223 3807 1404 3859 πᾶσαν
1451 3806 1548 3875 τὴν
1598 3807 1771 3877 ὀργήν
1808 3826 1939 3871 σου,

360 3900 720 3966 ἀπέστρεψας
755 3899 864 3950 ἀπὸ
909 3897 1080 3966 ὀργῆς
1105 3897 1277 3966 θυμοῦ
1313 3914 1430 3961 σου,
1476 3899 1805 3968 ὶπίστρεψον
1832 3902 1943 3954 τοί-

357 4011 458 4048 νυν
487 3992 585 4044 καὶ
616 3993 762 4059 ἡμᾶς
815 3990 843 4041 ὁ
877 3989 1030 4054 Θεὸς,
1063 3992 1160 4043 καὶ
1190 3991 1300 4042 τῶν
1349 3991 1635 4061 σωτηρίων
1663 4010 1756 4046 σου
1789 3997 1941 4046 ὲντοο

358 4088 472 4137 λῶν
499 4084 816 4153 φροντίζειν
845 4083 1101 4147 ἀξίωσον,
1138 4083 1486 4152 ἁπόστρεψον
1513 4085 1603 4135 τὸν
1638 4085 1813 4153 θυμὸν
1846 4088 1939 4153 ἀφ’

358 4178 547 4246 ήμῶν,
585 4175 662 4244 μὴ
690 4175 774 4236 είς
819 4175 945 4236 τοὺς
1007 4173 1212 4235 αίῶνας
1262 4173 1528 4242 ὀργισθῇς
1571 4178 1725 4245 ἡμῖν,
1759 4177 1790 4244 ἢ
1821 4178 1940 4229 δια-

357 4271 554 4339 τείνῃς
580 4269 677 4336 τὴν
710 4267 883 4334 ὀργήν
928 4281 1046 4328 σου,
1097 4265 1206 4318 ἀπὸ
1255 4267 1449 4332 γενεᾶς
1504 4270 1582 4329 εἰς
1623 4269 1836 4335 γενεάν.
1884 4270 1943 4323 '0

357 4363 498 4426 vati;
536 4366 601 4414 σὺ
644 4358 985 4429 ἐπιστρέψας
1025 4357 1248 4421 ζὼωσον
1281 4359 1466 4427 ἡμᾶς,
1500 4363 1597 4412 καὶ
1629 4362 1657 4412 ὁ
1683 4361 1809 4424 λαός
1844 4379 1938 4414 σου

357 4455 829 4524 εὐφρανθήσεται.
869 4451 1055 4513 Δεῖξον
1107 4451 1204 4503 καὶ
1243 4451 1302 4502 ἐν
1332 4453 1466 4520 ἡμῖν
1511 4453 1572 4505 τὸ
1623 4453 1773 4516 ἔλεός
1825 4471 1937 4520 σου,

2185 2333 2307 2385 Alia
2342 2334 2572 2402 ejusaem
2603 2340 2776 2391 oratio
2803 2356 2896 2407 pro
2926 2343 3228 2398 Christiano
3265 2347 3472 2414 papula.

2113 2518 2189 2570 Te
2220 2532 2476 2587 rogamus
2492 2529 2546 2572 et
2571 2519 2786 2576 intense
2821 2539 3109 2590 precamur
3133 2528 3298 2582 Deum
3321 2541 3374 2584 et
3402 2535 3613 2589 Patrem

2046 2607 2260 2661 Domini
2297 2611 2472 2664 nostri
2500 2609 2627 2664 Jesu
2661 2611 2892 2675 Christi,
2941 2628 2999 2669 ut
3031 2621 3189 2672 oculo
3239 2627 3479 2693 prophio
3515 2631 3612 2681 mi-

2045 2699 2347 2752 sericordia
2403 2711 2584 2754 motus
2637 2718 2802 2770 snper
2853 2710 3114 2774 populum
3160 2719 3310 2766 tuum
3360 2725 3414 2768 et
3451 2734 3618 2786 super

2041 2791 2415 2846 [nereditatem
2477 2803 2624 2846 tuam
2681 2798 2965 2865 respicias,
3021 2812 3070 2854 et
3129 2811 3328 2858 terram
3372 2822 3611 2866 nostram

2031 2881 2144 2948 jam
2197 2893 2417 2950 propter
2449 2884 2762 2952 iniquitates
2812 2901 3026 2945 nostras
3067 2893 3392 2964 desolatam,
3442 2906 3614 2970 capti.

2042 2988 2162 3026 vam
2195 2990 2521 3043 servamque
2546 2977 2799 3033 hostibus
2824 2983 3016 3035 laetam
3048 2984 3100 3038 in
3128 2989 3414 3054 pristinam
3445 2998 3614 3049 asseri

2041 3066 2349 3121 libertatem
2410 3069 2505 3122 tibi
2556 3074 2915 3141 complaceat,
2962 3080 3106 3133 sicut
3156 3085 3385 3153 antiquo
3443 3090 3615 3145 Jacoh

1967 3161 2313 3247 cunigeniti
2375 3162 2496 3217 Filii
2563 3165 2791 3234 ﬁguram
2845 3170 3197 3238 praeferenti,
3257 3180 3458 3246 piaculo
3519 3187 3618 3237 iiii-

2044 3255 2312 3322 perioque
2371 3264 2466 3309 tuo
2519 3257 2574 3310 in
2634 3273 2787 3312 suam
2835 3265 3063 3328 patriam
3113 3283 3352 3333 reverso,
3412 3277 3622 3332 incolas

2042 3359 2234 3396 omnes
2279 3344 2332 3396 in
2369 3345 2767 3414 promissorum
2809 3351 2910 3403 sibi
2950 3353 3220 3409 bonorum
3264 3367 3618 3424 possessione

2043 3434 2362 3488 restituisti!
2428 3437 2563 3506 Erga
2628 3439 2758 3495 illo:
2803 3459 3038 3513 namque
3074 3463 3267 3503 omnes
3319 3456 3475 3508 solita
3517 3460 3619 3513 tibi

2043 3526 2383 3582 humanitate
2418 3545 2551 3584 usus
2581 3543 2810 3588 cunctas
2852 3550 3044 3590 eorum
3083 3540 3403 3609 iniquitates
3457 3558 3620 3604 remi-

2042 3619 2182 3675 sisti.
2216 3621 2350 3671 iram
2381 3622 2632 3689 placasli,
2681 3639 2710 3676 a
2763 3624 2967 3681 furoris
3003 3629 3079 3682 tui
3130 3631 3336 3701 impetu
3366 3651 3460 3690 eos
3486 3641 3623 3692 alie-

2043 3725 2143 3762 nos
2187 3710 2387 3765 fecisti.
2419 3711 2688 3769 Converte
2742 3732 2844 3771 nos
2878 3720 3062 3788 itaque
3086 3758 3103 3784 ,
3141 3722 3282 3777 Deus
3325 3738 3531 3793 noster,
3562 3740 3618 3782 et

2046 3805 2381 3856 sacutarium
2418 3808 2797 3860 mandatorum
2834 3819 3049 3864 tuorum
3080 3823 3326 3883 satagere
3357 3835 3457 3872 nos
3486 3836 3620 3874 cou-

2044 3893 2211 3958 cede;
2246 3903 2430 3948 averte
2465 3911 2492 3948 a
2538 3898 2697 3951 nobis
2729 3898 2864 3952 iram
2917 3913 3084 3967 tuam,
3133 3922 3313 3974 neque
3351 3911 3402 3962 in
3455 3925 3615 3965 aeter-

2044 3999 2175 4037 num
2216 3987 2472 4039 irascaris
2505 3989 2688 4051 nobis,
2735 3999 2828 4043 aut
2859 3993 2993 4044 iram
3027 4005 3173 4048 tuam
3207 4001 3257 4050 in
3308 4005 3617 4065 gi'ttcratiov

2045 4093 2166 4131 nem
2200 4089 2254 4132 et
2283 4084 2690 4148 generationem
2723 4087 3011 4142 extendas.
3043 4089 3204 4152 Deus,
3237 4101 3290 4143 tu
3318 4109 3618 4151 conversus

2043 4172 2347 4225 viviﬁcabis
2380 4189 2498 4237 nos,
2532 4185 2586 4228 et
2616 4176 2893 4244 plebs‘tua
2917 4179 3193 4234 laetabitur
3235 4187 3288 4235 in
3324 4195 3390 4238 te.
3425 4187 3618 4241 Osten-

2045 4267 2112 4317 de
2149 4264 2308 4318 nobis
2337 4264 2769 4320 misericordiam
2806 4279 2993 4325 tuam:
3050 4283 3104 4326 et
3152 4290 3337 4342 pacem
3381 4282 3618 4334 exsulta-

2046 4360 2360 4429 tionemque
2391 4360 2445 4413 in
2477 4370 2527 4414 te
2560 4362 2870 4418 audiemus.
2904 4366 2982 4420 lta
3011 4366 3259 4432 Domine,
3292 4376 3486 4425 exaudi
3518 4393 3621 4429 nos

2047 4463 2364 4519 peccatores
2397 4463 2452 4507 et
2502 4456 2722 4508 inutiles
2775 4472 2964 4512 servos
3020 4471 3145 4513 tuos
3202 4461 3255 4513 in
3307 4464 3408 4515 hac
3456 4468 3614 4529 hom,

358 4553 460 4604 καὶ
504 4546 858 4615 ἀκουσόμεθα
915 4545 1144 4614 είρήνην
1199 4547 1290 4598 καὶ
1326 4545 1652 4614 ἀγαλλίασιν
1704 4549 1797 4600 ἐπὶ
1857 4550 1937 4602 σέ.
1975 4527 2018 4580 D

1924 4588 1937 4602 .
1975 4527 2018 4580 D
2049 4556 2109 4601 ut
2152 4548 2319 4616 gloria
2359 4558 2414 4604 et
2467 4565 2568 4618 pax
2621 4550 2673 4602 in
2734 4559 2876 4604 terra
2918 4562 3104 4606 nostra
3161 4555 3444 4609 inhabitet.
3501 4527 3613 4612 Tua

370 4643 510 4706 Ναὶ,
550 4641 743 4709 Κύριε,
791 4638 1099 4691 ἐπάκουσον
1147 4638 1303 4707 ἡμῶν
1331 4637 1440 4690 τῶν
1475 4640 1818 4708 ἁμαρτωλῶν
1848 4645 1942 4692 καὶ

357 4737 605 4804 ἀχρείων
636 4734 840 4786 δούλων
873 4750 970 4784 σου
1017 4736 1077 4786 ὲν
1118 4735 1183 4802 τῇ
1241 4731 1360 4802 ὥρᾳ
1407 4732 1602 4802 ταύτῃ,
1636 4734 1730 4786 τοῦ
1768 4752 1940 4786 κατα·

360 4827 651 4892 σκηνῶσαι
704 4825 864 4887 δόξαν
897 4824 994 4876 καὶ
1029 4824 1256 4893 εἰρήνην
1306 4826 1366 4877 ὲν
1424 4828 1491 4894 τῇ
1534 4828 1602 4896 γῇ
1653 4826 1828 4896 ήμῶν.
1860 4828 1937 4897 Τῇ

358 4924 474 4990 γὰρ
509 4925 574 4989 σῇ
606 4919 868 4986 συνάρσει
916 4916 1011 4968 καὶ
1048 4915 1270 4986 βοηθείᾳ
1315 4916 1642 4987 θαρροῦντες
1683 4920 1843 4986 ἡμεῖς
1891 4920 1940 4970 οἱ

361 5017 581 5080 ἀνάξιοι
608 5055 624 5073 ,
669 5012 967 5079 ἐλπίζομεν
997 5010 1148 5071 ἔλεος
1194 5011 1288 5064 καὶ
1343 5010 1604 5080 ἀλήθειαν
1633 5014 1942 5082 ἔμπροσθεν

361 5109 524 5178 ἡμῶν
582 5102 1052 5174 προπορεύεσθαι.
1099 5101 1287 5163 Ἐκτός
1338 5119 1433 5154 σου
1487 5105 1595 5172 γὰρ
1645 5105 1804 5156 ἄλλον
1840 5107 1939 5158 οὐκ

360 5198 588 5265 οἴδαμεν
618 5235 634 5259 ,
673 5195 736 5246 τὺ
774 5194 950 5260 ὄνομα
1002 5206 1098 5243 σου
1157 5191 1521 5261 ὀνομάζομεν,
1562 5195 1656 5245 καὶ
1697 5195 1773 5263 μὴ
1808 5197 1939 5246 ἀπο-

362 5290 616 5357 στραφῇς
643 5287 792 5354 ἡμᾶς
819 5284 901 5345 είς
941 5282 1120 5348 τέλος,
1153 5283 1269 5335 ἀλλ’
1303 5282 1648 5353 ὲξεγέρθητι,
1685 5287 1780 5338 καὶ
1810 5287 1941 5338 ἀνά-

365 5382 532 5448 στηθι
566 5383 646 5441 εἰς
697 5378 797 5446 τὴν
844 5377 1101 5445 βοήθειαν
1146 5375 1304 5444 ἡμῶν
1338 5376 1445 5426 τῶν
1477 5377 1821 5445 ἁμαρτωλῶν
1848 5377 1942 5429 καὶ

360 5471 666 5532 ταπεινῶν,
699 5470 798 5520 καὶ
849 5468 924 5528 ῶς
969 5468 1349 5536 ἁμνησίκακος
1393 5469 1487 5518 καὶ
1533 5469 1816 5536 μετανοῶν
1851 5471 1942 5522 ἐπὶ

360 5567 488 5625 ταῖς
545 5561 767 5621 κακίαις
807 5559 968 5627 ἡμῶν
1015 5557 1344 5625 ὲπίστρεψον
1402 5559 1500 5626 τὴν
1559 5559 1939 5625 αἰχμαλωσίαν

358 5655 546 5724 ἡμῶν.
589 5652 796 5719 Στῆσον
823 5653 918 5718 τὴν
949 5649 1242 5715 καταιγίδα
1289 5648 1397 5700 τῶν
1453 5649 1778 5716 συμφορῶν·
1813 5651 1938 5713 ἄνες

2048 4639 2194 4691 enim
2230 4654 2333 4707 ope
2365 4649 2416 4693 et
2450 4641 2695 4693 subsidio
2731 4641 2856 4694 freti
2894 4657 2992 4696 nos
3031 4644 3261 4711 indigni.
3300 4647 3620 4701 misericor-

2049 4731 2190 4782 diam
2225 4745 2544 4798 pacemque,
2578 4731 2770 4784 faciem
2805 4747 3047 4785 nostram
3082 4747 3463 4802 priecessuras,
3496 4756 3618 4805 spe-

2049 4839 2252 4875 ramus.
2299 4823 2497 4876 l'raeter
2538 4834 2590 4876 te
2631 4826 2797 4876 alium
2830 4825 3166 4893 ignoramus,
3217 4843 3414 4882 nomen
3463 4839 3612 4883 tuum

2049 4919 2388 4978 invocamus,
2424 4932 2490 4968 ne
2519 4928 2736 4969 avertas
2765 4932 2862 4969 uos
2893 4918 2946 4969 in
2974 4917 3155 4979 linem,
3200 4920 3292 4971 sed
3324 4923 3612 4987 suscitare,

2044 5017 2096 5058 et
2133 5022 2364 5073 exsurge
2401 5006 2454 5058 in
2488 5007 2658 5060 nostri
2697 5017 3044 5072 peccatorum
3089 5014 3140 5057 et
3193 5009 3478 5060 humilium
3524 4991 3614 5061 oc:

2046 5113 2266 5150 cursum
2299 5116 2310 5150 :
2349 5107 2403 5150 et
2435 5109 2492 5149 ut
2520 5099 2784 5149 malorum
2817 5097 3125 5158 immemor,
3148 5108 3202 5150 et
3230 5101 3607 5166 pcenitentiam

2041 5205 2207 5259 agens
2239 5205 2403 5257 ξυνοι-
2441 5191 2663 5242 malitiis
2688 5191 2907 5252 nostris,
2945 5202 3203 5244 converte
3237 5192 3607 5256 captivitatem

2042 5293 2306 5345 nostram,
2334 5291 2388 5335 et
2410 5283 2782 5334 calamitatum
2811 5273 3118 5345 nostrarum
3143 5283 3441 5349 procellam
3465 5300 3612 5336 com-

2043 5373 2239 5441 prime.
2276 5374 2494 5426 Dimitte
2532 5373 2687 5426 nobis
2717 5373 2916 5426 delicta
2945 5383 3131 5426 nostra
3164 5389 3177 5424 :
3228 5384 3283 5425 ut
3328 5375 3382 5426 in
3419 5376 3622 5428 harum.

2043 5467 2398 5534 afﬂictionum
2428 5469 2760 5519 relaxatioae
2789 5467 3163 5520 collaudemus
3186 5476 3234 5519 te
3262 5468 3475 5520 Patrem
3511 5471 3612 5518 lto—

2044 5561 2173 5612 mini
2203 5561 2329 5612 Jesu
2362 5559 2586 5620 Christi,
2617 5574 2741 5610 cum
2775 5560 3059 5628 unigenito
3094 5560 3228 5611 Filio
3256 5569 3370 5622 tuo,
3401 5570 3454 5612 et
3486 5575 3612 5612 cum

2042 5660 2229 5704 sancto
2262 5651 2466 5719 Spiritu
2499 5667 2510 5702 :
2547 5667 2694 5704 nunc
2721 5660 2776 5705 et.
2806 5666 3042 5718 semper,
3081 5660 3135 5703 et
3165 5651 3217 5703 in
3252 5652 3470 5712 saecula,
3501 5661 3618 5707 etc.

359 5753 497 5819 ἡμῖν
531 5751 601 5802 τὰ
653 5745 1080 5816 παραπτώματα
1113 5746 1288 5815 ἡμῶν,
1323 5746 1472 5806 ὅπως
1507 5748 1569 5815 τῇ
1613 5746 1796 5798 ἀνέσει
1827 5749 1934 5798 τῶν
1978 5749 2293 5817 συμφορῶν,
2365 5745 2683 5816 δοξασωμέν
2752 5764 2810 5798 σε
2851 5749 3067 5816 Πατέρα
3092 5748 3185 5798 τοῦ
3223 5748 3423 5816 Κυρίου
3449 5749 3611 5818 ἡμῶν

360 5843 545 5914 Ἰησοῦ
579 5841 846 5910 Χριστοῦ,
898 5843 993 5896 σὺν
1026 5841 1104 5908 τῷ
1143 5840 1428 5908 μονογενεῖ
1458 5838 1550 5888 σοῦ
1587 5838 1717 5908 Υἱῴ,
1753 5841 1847 5891 καὶ
1877 5841 1950 5908 τῷ
1985 5841 2121 5909 ἁγίῳ
2190 5858 2283 5891 σου
2356 5839 2651 5905 Πνεῦματι·
2688 5840 2781 5890 νῦν
2811 5841 2905 5891 καὶ
2939 5840 3040 5901 ἀεὶ,
3079 5841 3172 5891 καὶ
3214 5843 3289 5900 είς
3321 5842 3445 5901 τοὺς
3482 5842 3616 5893 αἰῶ-

362 5956 458 6000 νας
497 5939 606 5988 τῶν
646 5935 885 5991 αἰώνων.
