4278 6442
680 450 785 516 623

666 581 891 636 Κτείνει
917 592 977 628 τε
1011 573 1241 635 πολλοὺς
1278 568 1573 638 συμῦαλὼν
1605 565 1896 633 αἰφνιδίως

665 673 791 726 Τῶν
815 665 1178 724 ὑπασπιστῶν
1229 661 1503 730 ἀνδρικῶς
1527 660 1823 726 Ἀντιόχου.

666 771 777 821 Καὶ
808 767 872 836 δὴ
901 763 995 817 τὸν
1021 763 1146 815 ναὸν
1169 756 1490 825 ἐκκαθαίρει
1515 755 1816 822 συντόμως,

668 862 778 914 Καὶ
807 860 988 912 πάντα
1023 856 1170 920 ποιεῖ
1194 852 1328 922 πρὸς
1352 851 1413 904 τὸ
1447 850 1658 920 βέλτιον
1689 849 1934 917 τρέπων.

675 954 740 1009 Ὀ
765 952 812 1007 δ’
845 951 1118 1019 Ἀντίοχος
1147 946 1408 1016 ἐκμαθὼν
1448 941 1742 1011 ἀποψύχέι,

672 1050 781 1104 Καὶ
806 1044 1001 1118 μικρὸς
1027 1041 1295 1112 ’Δντίοχος
1322 1041 1418 1092 σὺν
1445 1037 1521 1106 τῷ
1549 1035 1726 1104 Λυσία

670 1142 935 1203 Σπονδαῖς
969 1138 1125 1192 πόλιν
1155 1137 1384 1188 εἴσεισιν
1415 1133 1516 1200 τὴν
1547 1127 1685 1181 Θεοῦ
1718 1126 1864 1188 τότε,

672 1235 764 1298 Ἐξ
795 1233 1084 1300 ἐλέφαντος
1107 1227 1436 1295 Ἐλεαζάρου
1467 1225 1653 1292 μόρος.

673 1330 781 1382 Καὶ
810 1327 1092 1396 φθείρεται
1119 1322 1385 1382 Φίλιππος
1420 1319 1478 1384 ἐξ
1514 1315 1813 1382 ’Λντιόχου.

677 1422 942 1488 Ἄλκιμος
970 1416 1158 1486 θύτης,
1191 1415 1284 1466 καὶ
1312 1412 1484 1482 φυγὰς
1503 1410 1558 1463 δὲ
1599 1407 1780 1468 Ὀνίας

676 1514 928 1574 ’Λνιστάς
957 1513 1038 1573 είς
1064 1509 1169 1579 γῆν
1199 1509 1307 1561 τῶν
1340 1502 1662 1572 Αἰγυπτίων
1685 1501 1892 1568 δόμων.

679 1607 784 1659 Τὸν
829 1606 1106 1674 Ἀντίοχον
1138 1601 1340 1662 Λυσίας
1371 1597 1576 1651 κτείνει
1600 1597 1787 1659 πάλιν,

689 1705 747 1754 ’0
781 1699 1092 1769 Δημήτριος
1125 1693 1390 1748 Σελεύκου
1418 1693 1477 1744 τδ
1509 1689 1741 1749 παιδίον,

682 1796 946 1861 ’Ἄλκιμος
977 1794 1120 1844 κινεῖ
1152 1788 1288 1858 πρὸς
1315 1784 1674 1840 Μακκαϐαῖον
1696 1782 1912 1848 λόγους,

677 1892 787 1943 Καὶ
819 1887 1090 1956 Βακχίδης
1136 1886 1264 1955 ἣκει
1294 1882 1347 1934 δέ
1385 1880 1518 1947 προς
1555 1877 1893 1948 Δημήτριον.

680 1982 911 2052 ΙΙράξων
939 1982 1110 2034 κακὸν
1137 1980 1368 2047 τάχιστα
1398 1975 1475 2046 τῷ
1506 1972 1879 2042 Μακκαόαίῳ,

680 2075 847 2131 Ἀλλὰ
887 2075 1022 2143 πρὸς
1047 2073 1326 2140 Ἀντιόχου
1365 2067 1616 2138 ἐστράφη
1656 2068 1857 2136 μάτην.

683 2169 792 2220 Καὶ
819 2166 1080 2232 Νικάνωρ
1112 2165 1326 2216 κάτεισι
1359 2163 1457 2214 σὺν
1485 2159 1620 2227 δόλῳ
1657 2157 1846 2210 πάλιν.

680 2259 877 2329 Μάχης
912 2257 966 2310 δὲ
990 2256 1191 2325 πολλῆς
1217 2253 1586 2324 συρραγείσης
1617 2252 1676 2304 ὲν
1709 2250 1886 2313 πόλει,

682 2354 878 2405 Πίπτετ.
908 2352 1164 2419 Νικάνωρ
1197 2351 1292 2401 σὺν
1315 2346 1445 2400 λαοῦ
1478 2345 1658 2412 πολλῷ
1687 2344 1887 2410 στίφει,

697 2447 757 2502 Ὀ
783 2447 825 2499 δ’
859 2443 925 2500 αὖ
963 2445 1089 2504 λαὸς
1118 2443 1301 2495 δίδωσι
1333 2442 1408 2512 τῷ
1431 2437 1780 2508 Ἀίακκαῦαίῳ

684 2541 857 2610 Γέρας
884 2541 942 2591 τι)
961 2537 1216 2608 λαμπρόν
1244 2537 1338 2588 καὶ
1367 2531 1818 2602 ἀρχιερωσύνης.

686 2635 856 2688 Πάλιν
886 2631 1157 2700 Βακχίδης
1184 2626 1442 2698 ἐμπεσὼν
1475 2623 1822 2693 Μακκαόαίῳ

685 2729 904 2782 Κτείνει
931 2725 1022 2778 τὸν
1047 2723 1214 2792 ἄνδρα
1256 2719 1702 2791 δραστικώτατον
1737 2719 1920 2784 φύσει,

685 2820 797 2874 Καὶ
830 2824 891 2874 τὸ
925 2819 1130 2888 κράτος
1168 2817 1353 2868 δίδωσι
1378 2816 1490 2875 τοῖς
1516 2811 1803 2873 ἐναντίοις,

687 2915 922 2980 Στρατὸς
955 2912 1129 2980 Ἰούδα
1152 2909 1245 2963 τοῦ
1283 2906 1451 2962 καλοῦ
1481 2903 1879 2963 Μακκαὸαίου,

766 2977 777 2980 ⁷
1036 2977 1051 2994 1

694 3004 957 3059 Ἰωνάθαν
983 3003 1221 3073 ὅμαιμον
1257 3001 1539 3071 αἱροῦνται
1572 2999 1788 3068 κράτει,

688 3101 895 3152 Τούτου
930 3099 986 3150 δὲ
1024 3098 1172 3167 μάχη
1210 3093 1476 3166 σύρρηξις
1507 3095 1565 3145 ἐν
1597 3092 1844 3161 Βακχίδι,

689 3193 834 3261 Νικᾷ
869 3190 967 3260 μὲν
992 3189 1190 3250 οὐδείς.
1234 3185 1495 3254 Ἰωνάθης
1525 3187 1603 3246 εἰς
1633 3183 1781 3251 ὅρος,

700 3287 759 3338 '0
775 3285 820 3339 δ’
844 3282 909 3337 αὖ
935 3282 1206 3352 Βακχίδης
1243 3281 1380 3348 πρός
1410 3280 1724 3348 Δημήτριον
1749 3274 1956 3343 τρέχει.

691 3376 860 3429 Πάλιν
887 3375 1158 3445 Βακχίδης
1193 3374 1329 3445 πρὸς
1367 3373 1551 3442 μάχην
1578 3370 1826 3439 Ἰωνάθη,

688 3469 853 3522 Ἀλλά
888 3469 1131 3536 νικηθεὶς
1154 3467 1336 3536 ἀφορᾷ
1365 3466 1500 3532 πρὸς
1533 3463 1862 3532 συμϐάσεις,

692 3563 801 3615 Καὶ
831 3561 967 3631 πρὸς
994 3560 1084 3613 τὸν
1115 3560 1433 3630 Δημήτριον
1467 3555 1622 3617 αὖθις
1644 3558 1922 3626 ἐκτρέχει.

691 3656 859 3725 Μάχη
892 3654 1030 3725 πρδς
1061 3654 1377 3723 Δημήτριον
1407 3653 1464 3717 ἐξ
1487 3650 1870 3720 Ἀλεξάνδρου,

698 3740 1031 3814 Ἐπιφανοῦς
1065 3744 1224 3811 γόνου
1253 3743 1308 3797 δέ
1335 3741 1428 3795 τοῦ
1462 3742 1802 3808 Πτολεμαίου

693 3835 949 3906 Ἰωνάθης
976 3835 1264 3906 σύμμαχος
1299 3835 1356 3886 ἐν
1388 3834 1710 3904 Δημητρίῳ,
1782 3854 1787 3861 -

696 3926 832 3979 Είτα
856 3926 994 3997 πρὸς
1015 3925 1372 3997 Ἀλέξανδρον
1403 3925 1552 3994 αἱρεῖ
1583 3926 1788 3993 φιλίαν,

703 4019 1021 4088 Δημητρίου
1055 4017 1285 4080 θάνατος
1307 4018 1416 4071 ἀπὸ
1439 4017 1750 4086 τελμάτων.

698 4110 1061 4180 Φιλοπάτορος
1088 4109 1340 4172 θανόντος
1367 4108 1724 4177 Πτολεμαίου,

701 4203 1008 4273 Εὐεργέτης
1031 4200 1302 4274 κατῆρξεν
1345 4201 1374 4253 ὁ
1398 4201 1754 4270 Πτολεμαῖος,

1917 444 2343 504 NlCEPIlORI
2396 443 2746 504 CALLISTI

2282 566 2326 619 Α
2358 558 2717 625 Ἀλέξανδρος
2748 558 2943 610 τούτου
2969 557 3024 611 δὲ
3055 556 3152 627 τὴν
3199 557 3370 626 κόρην
3396 557 3545 622 ἄγει,

2371 657 2464 716 Εἰς
2494 654 2681 722 φιλίαν
2713 653 2932 706 δίδωσιν
2958 654 2985 705 ό
3013 653 3291 722 Ἰωνάθης.

2372 751 2538 802 ’Πκει
2579 749 2636 801 δέ
2663 748 2978 816 Δημήτριος
3006 750 3132 810 παῖς
3164 746 3481 816 Δημητρίου
3505 761 3519 775 ·

2371 847 2567 914 Ἀρχει
2597 842 2807 912 Συρίας
2835 840 3123 909 πατρικῶν
3156 840 3201 891 τ’
3234 840 3410 892 ἄλλων
3431 839 3638 904 τόπων,

2367 935 2727 1003 Ἀλεξάνδρου
2767 934 2824 987 δὲ
2852 932 3116 1002 πενθερὸς
3143 933 3484 1002 Πτολεμαῖος

2373 1031 2548 1100 Τέχνη
2585 1026 2863 1099 μετελθὼν
2904 1027 2997 1080 τὸν
3026 1026 3383 1096 Ἀλεξάνδρον
3416 1027 3575 1096 δόλῳ,

2373 1124 2671 1193 Δημητρίῳ
2696 1122 2877 1174 δίδωσι
2908 1122 3009 1190 τὴν
3038 1120 3320 1189 θυγατέρα

2378 1218 2485 1268 Καὶ
2523 1214 2805 1284 βασιλείας
2850 1213 3207 1283 ’Δλέξανδρου
3236 1212 3346 1264 τῶν
3390 1210 3593 1265 τόπων.

2374 1309 2735 1374 Ἀλεξάνδρου
2770 1307 3002 1368 θάνατος
3037 1307 3131 1360 καὶ
3160 1307 3524 1370 Πτολεμαίου.

2381 1403 2577 1465 Στάσις
2612 1403 2749 1471 πρὸς
2776 1403 3096 1471 Δημήτριον
3118 1398 3466 1468 Ἀντιοχέων.

2382 1498 2646 1566 Λαμπρὸς
2679 1497 2875 1568 βοηθὸς
2906 1497 3001 1549 καὶ
3052 1493 3203 1563 φίλος
3234 1492 3493 1561 Ἰωνάθης

2379 1591 2569 1643 Φιλίαν
2591 1589 2781 1654 αἰτῶν,
2813 1593 2905 1642 καὶ
2939 1588 3078 1657 πρὸς
3116 1587 3288 1655 αὐτὴν
3314 1587 3410 1655 τὴν
3452 1583 3672 1652 Ῥώμην

2383 1684 2678 1756 ὐρφανδς,
2706 1683 2990 1752 Ἀντίοχος
3021 1683 3146 1745 παῖς
3184 1678 3540 1745 Ἀλεξάνδρου

2384 1779 2489 1832 Σὺν
2514 1779 2772 1848 Τρύφωνι
2795 1777 3044 1830 κάτεισιν
3079 1778 3144 1828 ἐκ
3172 1775 3280 1826 τῶν
3319 1771 3594 1842 ’Λράὸων.

2386 1875 2628 1944 Θόρυδος
2665 1872 2845 1936 ἐνθεν,
2878 1872 3095 1942 ταραχὴ
3126 1869 3446 1941 Δημητρίῳ.

2307 1946 2348 2000 Β
2393 1968 2452 2022 Ὀ
2497 1969 2811 2037 Δημήτριος
2845 1967 2926 2028 είς
2960 1964 3208 2034 ’Ἄραϐας
3240 1963 3514 2032 ἐκτρέχει,

2377 2062 2620 2131 Δηφθεὶς
2652 2061 2707 2113 δὲ
2739 2060 2874 2112 τίνει
2897 2059 3054 2119 δίκας
3081 2058 3285 2120 ἀθλίως
3317 2057 3509 2116 τάλας.

2379 2154 2614 2226 Τρύφων
2645 2153 2737 2206 τὸν
2762 2151 3036 2222 Ἀντίοχον
3070 2153 3324 2217 ἐκτεμεῖν
3357 2149 3547 2209 θέλων,

2379 2244 2488 2302 Ἦν
2519 2248 2594 2311 ὡς
2625 2246 2840 2318 ἀληθῶς
2871 2245 3088 2300 δειλιῶν
3119 2243 3404 2314 Ἰωνάθην,

2384 2343 2491 2396 Καὶ
2513 2341 2648 2412 δῆτα
2683 2339 2900 2410 συσχὼν
2930 2340 3022 2394 τὸν
3065 2339 3328 2409 Ἰωνάθην
3359 2337 3496 2406 δόλῳ

2381 2434 2652 2490 Κάτεισιν
2705 2434 2870 2495 εὐθὺς
2905 2435 2985 2496 εἰς
3010 2431 3278 2494 Ἰουδαίας
3309 2431 3534 2493 τόπους,

2385 2528 2495 2580 Καὶ
2525 2526 2617 2580 τὸν
2648 2526 2872 2596 Σίμωνα
2907 2526 2998 2578 τὸν
3034 2525 3194 2593 γόνον
3224 2523 3490 2577 Ἰωνάθου

2389 2625 2547 2693 ᾛτει
2579 2621 2818 2676 τάλαντα
2844 2619 3005 2686 δῆθεν
3032 2619 3109 2681 ὡς
3137 2617 3334 2688 χρέους
3361 2617 3531 2670 δόσιν.

2388 2707 2574 2785 Σίμων
2603 2714 2789 2767 δίδωσι
2821 2711 3035 2780 μέμψιν
3070 2711 3146 2772 ὠς
3183 2709 3550 2764 ύπεκκλίνων.

2388 2807 2608 2859 Κτείνει
2631 2807 2687 2859 δὲ
2713 2804 2896 2858 λαϐὼν
2929 2806 3022 2857 καὶ
3077 2803 3242 2856 πάλιν
3271 2805 3555 2877 Ἰωνάθην,

2386 2900 2702 2970 Δημητρίου
2730 2902 2860 2959 παῖς
2889 2898 3167 2967 Ἀντίοχος
3190 2896 3426 2968 Σιδίτης,

2386 2994 2593 3062 Κρατεῖ
2624 2991 2824 3060 Συρίας
2849 2989 3155 3064 προσφιλής
3173 2991 3460 3055 Ἰουδαίοις

2388 3087 2670 3155 Ὀμαιμος
2707 3085 2984 3154 Ἀντίοχος
3009 3085 3117 3137 τοῦ
3155 3083 3477 3154 Δημητρίου

2387 3183 2534 3250 Πρὸς
2563 3181 2925 3247 Κλεοπάτραν
2954 3181 3192 3247 σύζυγον
3220 3177 3543 3248 Δημητρίου

2308 3290 2352 3346 C
2385 3273 2606 3342 Φεύγει,
2638 3271 2877 3342 Τρύφων
2906 3273 2950 3326 δ’
2986 3271 3181 3324 ἔπειτα
3212 3271 3350 3341 πρὸς
3389 3268 3719 3339 Ὀρθοῦσαν.

2391 3370 2504 3423 Καὶ
2534 3365 2911 3438 πυρποληθεὶς
2941 3364 3036 3416 τὸν
3058 3364 3171 3435 βίον
3198 3362 3594 3433 καταστρέφει,

2388 3461 2633 3522 Σπονδάς
2667 3459 2784 3512 λύει
2812 3459 3057 3528 Σίμωνος
3081 3456 3220 3522 ἄναξ
3247 3456 3485 3526 Σιδίτης,

2389 3554 2499 3608 Καὶ
2527 3551 2847 3614 Χενδεὸαίος
2872 3551 3228 3620 ἐκστρατεύει
3259 3550 3402 3620 πρὸς
3433 3549 3616 3614 πόλιν,

2384 3643 2532 3713 Νικᾷ
2559 3643 2613 3697 δε
2644 3641 2832 3696 τοῦτον
2865 3643 3110 3710 Σίμωνος
3138 3641 3418 3712 Ἰωνάθης.

2387 3738 2532 3807 "pb;
2571 3737 2904 3807 Πτολεμαῖον
2941 3737 3214 3790 κτείνεται
3235 3737 3421 3806 Σίμων
3462 3734 3620 3804 δόλῳ,

2396 3832 2491 3894 Ὃς
2518 3830 2792 3884 ’Δϐουκου
2821 3831 3058 3900 κέκλητο
3090 3829 3348 3899 λαμπρὸς
3372 3833 3685 3898 τυγχάνων.

2398 3923 2465 3974 ὐ
2501 3923 2746 3990 Σίμωνος
2773 3924 2904 3985 παῖς
2947 3921 3232 3990 Ὑρκανὸς,
3259 3920 3520 3989 Ἰωνάθης

2395 4013 2540 4082 Πρὸς
2574 4013 2911 4083 Πτολεμαῖον
2943 4013 3299 4083 ἐκστρατεύει
3329 4014 3425 4066 σὺν
3456 4013 3635 4083 τάχει,

2412 4106 2472 4158 '0
2506 4105 2562 4158 δὲ
2595 4105 2813 4159 κτανὼν
2845 4106 3092 4174 Σίμωνος
3127 4106 3388 4174 ἀδελφοὺς
3423 4105 3594 4173 ξίφει,

2363 4273 2368 4280 Ι
2404 4199 2543 4269 Πρὸς
2573 4199 2823 4251 Κοτυλᾶν
2869 4198 3134 4266 τύραννον
3158 4198 3319 4260 εὐθὺς
3343 4197 3615 4266 ἐκτρέχει.

1341 4556 2014 4646 ΣΥΝΟΠΤΙΚΗ
2108 4553 2403 4641 ΠΡΟΣ
2478 4548 2824 4642 ΘΕΙΑΝ
2870 4545 3312 4640 ΓΡΑΦΗΝ

809 4740 1214 4812 Μέχριτούτων
1252 4737 1614 4808 διαλαμϐάνει
1643 4739 1676 4807 ἡ
1708 4737 1830 4790 θεία
1866 4735 2082 4808 Γραφὴ,
2110 4734 2178 4788 τὰ
2200 4735 2257 4788 δέ
2283 4733 2413 4802 ἑξῆς
2456 4735 2589 4809 ἄχρι
2620 4735 2716 4791 καὶ
2747 4733 2919 4806 αὐτὴν
2943 4734 3149 4790 ἅλωσιν
3186 4733 3553 4804 Ἰερουσαλὴμ
3582 4738 3608 4790 ό
3627 4734 3892 4806 Ἰώσηπος

1559 4852 1788 4920 ἱστορεῖ,
1817 4850 1963 4918 άπερ
1994 4848 2067 4912 ὼς
2099 4847 2354 4918 λυσιτελῆ
2400 4848 2613 4910 τούτοις
2657 4849 3132 4921 ἐπισυνάπτομεν.

1239 4973 1320 5024 Τὰ
1343 4971 1479 5041 μετὰ
1505 4969 1575 5023 τὰ
1598 4964 1991 5023 Μακκαϐατκὰ
2030 4966 2105 5029 ὼς
2139 4965 2399 5036 Ἰώσηπος
2431 4968 2637 5037 ἱστορεῖ
2657 4969 2821 5038 μέχρι
2859 4968 3126 5040 Χριστοῦ,
3160 4969 3256 5022 καὶ
3299 4967 3469 5036 αὐτῆς

729 5409 788 5459 '0
811 5407 854 5460 δ’
886 5406 1159 5476 Ἀντίοχος
1185 5405 1412 5473 ἁδελφὸς
1445 5404 1766 5476 Δημητρίου

713 5499 864 5554 Μετὰ
914 5499 1095 5568 μάχην
1124 5515 1180 5549 τε
1213 5500 1307 5550 καὶ
1340 5498 1582 5549 κάκωσιν
1609 5497 1806 5565 μυρίαν

714 5592 952 5654 Σπονδὰς
967 5591 1137 5643 τελῶν
1156 5590 1348 5642 εἴσεισι
1373 5590 1470 5659 τήν
1499 5587 1634 5641 Θεοῦ
1663 5589 1836 5644 πόλιν.

714 5683 850 5740 Εἶτα
875 5684 1009 5754 πρὸς
1041 5683 1235 5744 αὐτοὺς
1258 5681 1613 5750 ἐκστρατεύει
1643 5683 1770 5744 τοὺς
1805 5680 2055 5750 Πάρθους

716 5776 844 5830 Μετ’
866 5776 1153 5844 ’Λντιόχου
1187 5773 1482 5841 συμϐαλεῖν
1519 5775 1653 5840 πρὸς
1687 5773 1990 5842 ’Λρσάκην.

718 5870 828 5922 Καὶ
862 5867 1129 5919 κτείνεται
1169 5867 1264 5934 μὲν
1297 5866 1565 5934 ’Δντίοχος
1599 5867 1656 5917 ἐν
1690 5866 1841 5938 μάχῃ
1873 5882 1887 5897 ⁹

718 5959 925 6022 Πολλὰς
956 5960 1000 6012 δ’
1041 5958 1304 6023 Ὑρκανὸς
1345 5960 1684 6011 ύποττοιεῖται
1717 5959 1920 6022 πόλεις.

2001 5089 2258 5154 ἁλώσεως
2300 5088 2686 5160 Ἰερουσαλήμ.

2293 5280 2362 5292 .-

2329 5409 2383 5468 D
2408 5406 2609 5468 Λυθεὶς
2642 5407 2697 5459 δὲ
2728 5409 3040 5478 Δημήτριος
3067 5410 3228 5480 ἄρχει
3255 5409 3364 5462 τῶν
3389 5412 3599 5484 Σύρων.

2406 5499 2564 5565 Σύροι
2590 5498 2644 5550 δε
2679 5499 2816 5567 προς
2844 5501 3202 5564 Φύκωνοςτοῦ
3231 5504 3569 5573 Πτολεμαίου

2408 5592 2633 5645 Ζεΰινᾶν
2665 5592 3013 5663 Ἀλέξανδρον
3046 5596 3326 5666 αἱροῦνται
3358 5599 3574 5667 κράτει,

2411 5685 2597 5748 Ὀστις
2623 5686 2712 5739 τὸν
2735 5689 3051 5758 Δημήτριον
3082 5691 3257 5761 ἀρχῆς
3290 5692 3498 5759 ἐξάγει·

2409 5777 2645 5840 Στάντος
2671 5778 2725 5830 δέ
2762 5781 2977 5850 μακρὰν
3014 5781 3252 5850 συζύγου
3285 5786 3644 5854 Κλεοπάτρας

2411 5869 2646 5921 Πλεῐστα
2676 5869 2865 5923 παθὼν
2903 5871 3167 5938 τέθνηκεν
3208 5875 3378 5946 ἀθλίῳ
3409 5877 3580 5946 μόρῳ.

2422 5960 2478 6013 Ὁ
2511 5961 2726 6030 Γρυπὸς
2756 5960 3029 6031 Ἀντίοχος
3061 5969 3188 6030 παῖς
3221 5968 3538 6032 Δημητρίου

3858 437 3960 500 624
