4278 6442
266 351 381 415 625
1433 348 1793 410 SYNOPSIS
1833 350 1892 410 S.
1920 351 2059 414 SCR
2079 357 2403 422 lPTURrE.

278 462 497 526 Συστάς
525 464 663 533 πρὸς
693 462 1052 533 Ἀλέξανδρον
1080 465 1281 534 ἐξάγειι
1303 467 1495 534 μέσου,

267 555 500 624 Χρόνοις
530 571 587 606 τε
618 554 830 616 πολλοῖς
857 552 992 626 ἦρξε
1037 557 1237 624 Συρίας
1262 559 1464 626 πάσης.

279 646 343 698 '0
370 645 416 697 δ’
447 643 720 715 Ἀντίοχος
756 647 1068 717 Κυζικηνὸς
1097 648 1199 718 τὴν
1239 648 1414 711 θέσιν,

280 738 568 810 Ἀντιὸχου
591 743 722 803 παῖς
751 741 1016 808 συγγόνου
1049 741 1364 812 Δημητρίου

271 834 410 902 Περὶ
431 834 637 903 κράτος
668 836 844 905 ἧρατο
883 833 962 903 τῷ
985 835 1189 907 Γρυπῷ
1226 835 1431 907 μάχην,

269 926 492 992 Μικρὸν
520 927 578 981 δὲ
610 930 845 992 παυθεὶς
886 929 1155 999 Ὑρκανὸς
1177 931 1244 983 ἑκ
1270 930 1372 1000 τῆς
1404 929 1608 1001 μάχης,

268 1018 460 1069 Τελῶν
508 1019 730 1088 φόρους,
757 1020 997 1091 ἤνεγκεν
1021 1021 1187 1091 ἁδρὸν
1220 1024 1466 1092 χρυσίον.

283 1112 348 1163 Ὀ
385 1113 698 1181 Κυζικηνὸς
719 1113 829 1166 τῶν
852 1115 1161 1185 Σαμαρέων
1203 1117 1370 1186 χάριν

280 1203 555 1274 Ὑρκανοῦ
585 1205 744 1259 παισὶ
769 1208 1085 1278 συγκροτῶν
1120 1208 1303 1280 μάχην
1336 1208 1515 1278 ξένην,

269 1297 436 1351 Θύων
459 1299 506 1352 δ’
543 1299 812 1369 Ὑρκανὸς
851 1303 1069 1373 καθορᾷ
1102 1303 1262 1372 νίκης
1293 1302 1492 1374 κράτος

280 1394 350 1448 '0
382 1395 567 1449 πεσὼν
594 1397 957 1466 ἐϐράϐευσεν,
991 1402 1025 1469 ἡ
1061 1404 1244 1470 μάχης
1276 1400 1479 1472 κρίσις,

272 1488 554 1559 Σύγχυσις
577 1485 681 1544 ὧδε
712 1493 899 1560 φιλίας
927 1495 1305 1565 Φαρισσαίων.

279 1582 553 1648 Θνήσκων
577 1583 625 1637 δ’
667 1583 936 1654 Ὑρκανὸς
965 1587 1044 1656 τῷ
1071 1587 1212 1657 γόνῳ
1250 1588 1452 1658 κράτος
1483 1589 1636 1659 νέμει

289 1674 699 1748 Ἀριστοϐούλῳ
727 1676 945 1744 βασιλεῖ
972 1679 1192 1749 πρῶτον
1216 1681 1384 1752 μόνῳ,

285 1769 385 1832 ’ος
417 1769 512 1821 τοῦ
538 1772 727 1838 γένους
757 1772 977 1842 Ξρθειρε
1003 1773 1065 1826 τὸ
1093 1774 1343 1827 πλεῖστον
1371 1775 1557 1844 μέρος,

279 1861 421 1914 Μεθ’
462 1862 522 1914 δν
554 1863 784 1932 ἀδελφὺν
812 1865 1123 1934 Ἀντίγονον
1161 1866 1459 1936 ὑστορέως,

279 1955 376 2008 Ἐν
407 1954 484 2023 τῷ
515 1957 832 2024 Στράτωνος
867 1959 943 2021 ὡς
970 1960 1201 2027 προεῖπέ
1229 1977 1314 2022 τις
1341 1959 1548 2029 βίϐλος,

278 2047 459 2110 Λὲτὸς
483 2048 539 2099 δὲ
574 2050 767 2117 ραγεὶς
793 2050 892 2120 τὴν
909 2051 1090 2121 ψυχὴν
1120 2052 1246 2120 ὲμεῖ
1273 2052 1455 2105 πάλιν.

280 2140 548 2204 Ἰανναῖος
581 2141 848 2210 σύγγονος
878 2144 939 2197 τὸ
977 2146 1179 2215 κράτος
1228 2144 1409 2213 φέρει,

281 2234 465 2285 nam
487 2234 543 2286 δὲ
573 2234 724 2289 δεινά
747 2237 860 2299 τοῖς
907 2236 1191 2299 Ἰουδαίοις
1213 2238 1418 2308 δράσας
1450 2252 1464 2265 ’

282 2325 615 2395 Κλεοπάτρα
646 2327 900 2398 πρόσεισι
932 2332 998 2400 τῇ
1025 2331 1119 2384 καὶ
1140 2329 1347 2400 Σελήνῃ

282 2416 478 2486 Μάχας
509 2420 710 2494 ἐχούσῃ
746 2421 877 2490 πρὸς
907 2422 1066 2490 γόνον
1095 2421 1458 2492 Πτολεμαίου,

285 2511 388 2573 ’ος
422 2511 670 2582 Ἰανναίῳ
703 2513 1045 2581 συμπλακεὶς
1077 2515 1147 2569 τὰ
1177 2514 1313 2586 προς
1339 2512 1521 2582 μάχην

286 2605 447 2657 Κατά
481 2605 684 2675 κράτος
710 2607 925 2660 τέθεικε
965 2605 1447 2678 κατῃσχυμμένον,

283 2698 326 2748 κ
340 2698 401 2750 αἱ
424 2697 522 2767 τὴν
547 2698 702 2751 πόλιν
733 2699 928 2752 εἴσεισι
959 2700 1297 2771 Πτολεμαΐδι

287 2786 400 2837 Καὶ
429 2788 528 2856 τὴν
556 2787 967 2857 Ἀλεξάνδρειαν
985 2785 1145 2854 αὖθις
1184 2791 1460 2862 λαμϐάνει
1495 2807 1507 2822 °

283 2878 402 2946 Τῆς
440 2879 802 2951 Κλεοπάτρας
835 2881 1171 2955 ἐκλιπούσης
1199 2884 1278 2946 είς
1304 2886 1521 2956 χρόνον,

295 2969 391 3033 Ὠς
409 2972 677 3024 Ἰανναῖον
706 2973 1100 3046 ὲγκαταστήσῃ
1134 2975 1333 3048 θρόνῳ,

295 3060 362 3112 '0
398 3061 710 3129 Κυζικηνὸς
741 3064 832 3117 τὸν
859 3064 1078 3135 Γρυπὸν
1114 3065 1513 3136 καταστρέφει,

285 3153 397 3206 Τὸν
422 3154 468 3205 δ’
499 3150 566 3207 αὖ
601 3155 862 3218 Σέλευκος
887 3159 916 3210 ὁ
947 3157 1168 3225 Γρυποῦ
1193 3157 1358 3211 πάλιν
1390 3159 1546 3224 γόνος

299 3248 718 3314 Ἐξοστρακίζει
742 3247 837 3302 τοῦ
870 3251 1104 3319 κράτους
1129 3250 1492 3322 πορρωτέρω.

297 3339 366 3393 Ὀ
398 3339 710 3410 Κυζικηνὸς
742 3342 830 3394 τὸν
849 3342 1115 3396 Σέλευκον
1143 3343 1434 3413 λαμϐάνει,

289 3433 407 3487 Καὶ
431 3432 510 3498 τῷ
539 3435 670 3504 πυρὶ
701 3433 917 3487 δίδωσιν
948 3434 1029 3498 εἰς
1054 3435 1206 3498 τέλος
1229 3435 1427 3504 φλόγα.

291 3525 488 3596 Τούτῳ
519 3527 786 3580 συνίστων
814 3528 1075 3596 ἀκρατῶς
1115 3529 1273 3582 πάλιν
1304 3531 1489 3602 μάχην

292 3622 454 3674 Γὸνοι
490 3619 584 3672 τοῦ
619 3619 842 3689 Γρυποῦ
864 3619 1122 3687 σύγγονοι
1148 3620 1244 3674 τοῦ
1271 3622 1563 3676 Σελεύκου.

297 3717 462 3783 Ἀγει
486 3714 576 3767 τδν
606 3713 1019 3785 Ἀλέξανδρονή
1056 3715 1416 3788 Κλεοπάτρα,

297 3811 410 3863 Καὶ
442 3807 727 3878 φαρμάκῳ
761 3807 1046 3876 πέφθαρτο
1065 3807 1405 3880 δηλητηρίῳ.

299 3900 573 3954 Διώκεται
607 3900 739 3968 γοῦν
772 3900 1123 3970 Ἀλέξανδρος
1149 3902 1371 3983 αὑτίκα,

300 3993 420 4043 Καὶ
450 3991 788 4060 Πτολεμαίου
842 3993 902 4045 τὸ
937 3994 1140 4064 κράτος
1175 3993 1364 4064 βλέπει
1389 3996 1570 4052 πάλιν.

299 4083 658 4149 Ἰανναῖοςδέ
685 4100 784 4158 την
808 4086 1129 4159 Σαμάρειαν
1157 4089 1311 4153 τέλος

301 4178 510 4245 Πορθεῖ
537 4180 642 4250 πρὸ
664 4180 890 4243 παντὸς,
918 4181 1015 4234 καὶ
1044 4182 1234 4250 σαφῶς
1260 4183 1657 4253 καταστρέφει.

301 4273 464 4328 Μετὰ
491 4271 546 4323 δὲ
577 4272 748 4340 μόρον
775 4270 870 4324 τοῦ
902 4273 1028 4326 νέου
1067 4273 1416 4342 Πτολεμαίου

304 4364 597 4433 Κατῆρξεν
622 4361 974 4434 Ἀλέξανδρος
996 4366 1056 4417 ὲν
1080 4364 1274 4435 βραχεῖ
1297 4365 1499 4438 χρόνῳ,

307 4455 423 4507 Καὶ
449 4453 550 4524 τὴν
578 4453 816 4525 ἀδελφὴν
846 4453 1100 4526 ἐκτεμὼν
1135 4458 1518 4529 Κλεοπάτραν,

309 4547 454 4614 Πρὸς
483 4544 576 4599 τοῦ
613 4547 840 4616 στίφους
868 4547 1105 4618 ἦνεγκεν
1143 4549 1330 4604 άθλιον
1361 4551 1551 4624 μόρον,

307 4640 449 4694 Μεθ’
482 4639 541 4692 ὃν
568 4641 764 4705 κρατεῖ
798 4639 1035 4707 μάλιστα
1061 4644 1191 4703 παῖς
1218 4643 1540 4714 φιλομήτωρ

319 4733 383 4785 '0
416 4730 748 4798 Φιλάδελφος
774 4733 868 4784 καὶ
897 4733 1019 4794 νέος
1053 4734 1412 4802 Πῖολεμαῐος.

320 4824 384 4875 'U
411 4823 455 4874 δ’
479 4822 767 4892 Ἀρμένιος
801 4820 1080 4893 Τιγράνης
1112 4825 1424 4895 Παρθυαῖος

312 4916 552 4984 Πάρθων
578 4916 821 4980 ἀποστάς
847 4916 908 4970 οὑ
942 4917 1112 4988 βραχὺ
1138 4921 1357 4989 κρατῶν
1383 4921 1555 4993 τόπῳ.

314 5010 526 5062 Ἷιλασε
553 5007 599 5060 δ’
621 5010 678 5070 ές
703 5009 807 5079 γῆν
836 5009 1090 5078 Φοινίκης
1116 5014 1208 5064 καὶ
1231 5014 1433 5083 Συρίας

324 5099 388 5150 Ὀ
413 5098 610 5166 κλῆσιν
640 5099 894 5162 Διόνυσος
922 5102 986 5152 ὲκ
1021 5103 1398 5172 Πτολεμαίων.

315 5184 494 5252 οὗτος
518 5190 704 5260 μάχην
730 5191 924 5260 ἤγειρε
950 5192 1088 5261 πρὸς
1115 5193 1432 5263 Ἰουδαίους,

317 5282 395 5335 Οὗ
421 5281 517 5335 καὶ
543 5281 800 5346 θανόντος
822 5282 1027 5352 Συρίας
1061 5283 1224 5356 άρχει
1255 5289 1493 5357 κράτους

317 5374 575 5441 Ἀρέτας,
605 5371 664 5433 ὃς
686 5372 963 5442 χείριστον
994 5377 1241 5447 άνταίρει
1267 5379 1449 5450 μάχην

322 5464 468 5531 Πρὸς
499 5462 811 5524 Ἰουδαίους,
838 5463 935 5515 καὶ
956 5467 1119 5518 πάλιν
1146 5467 1483 5540 ὑποστρέφει

322 5557 469 5624 Πρδς
502 5555 669 5607 παῖδα
706 5555 947 5624 Γρυποῦ.
981 5557 1232 5629 meum;
1253 5561 1320 5612 τά
1354 5561 1493 5630 πρὸς
1526 5562 1706 5632 μάχην

335 5650 398 5701 '0
427 5649 692 5710 Ἰανναῖος
709 5648 806 5700 καὶ
833 5649 960 5719 νικᾷ
990 5650 1130 5702 κατά
1158 5652 1382 5718 κράτος,

337 5745 650 5813 Ἰτουραίαν
671 5745 728 5797 δὲ
759 5745 1083 5817 προσϐαλὼν
1111 5745 1288 5801 λείπει
1315 5747 1452 5817 βίον,

325 5837 521 5907 ’Δφεὶς
547 5839 772 5909 γυναικὶ
798 5841 864 5910 τῇ
887 5838 1095 5911 Σελήνῃ
1127 5838 1187 5893 τὸ
1209 5839 1409 5909 κράτος

1883 471 1927 526 Α
1959 471 2064 524 Σὺν
2089 477 2250 526 παισὶ
2279 475 2492 537 διπλοῖς
2519 477 2750 540 ἁπαλοῖς
2783 476 2876 530 καὶ
2902 476 3138 549 νηπίοις.

1968 563 2079 616 Καὶ
2108 564 2360 633 Μάρκιος
2392 563 2493 634 ρὴξ
2521 566 2722 636 Συρίαν
2757 567 2947 635 φθάνει
2969 567 3113 626 τότε,

1966 651 2192 716 Σταλεὶς
2218 656 2528 726 στρατηγὸς
2555 658 2619 708 ὲκ
2655 655 2993 726 παλαιτέρας
3040 655 3282 727 Ῥώμης.

1978 741 2237 797 Ἰανναίου
2269 748 2397 810 παῖς
2429 747 2702 816 Ὑρκανὸς
2741 747 2877 812 ἄναξ
2903 749 3043 814 νέος,

1975 834 2037 888 ὐ
2067 836 2114 888 δ’
2147 833 2215 890 αὑ
2264 838 2678 905 Ἀριστόϐουλος
2705 840 2886 910 ίερεὺς
2916 840 3100 907 πάλιν,

1965 929 2308 1000 Δραστήριος
2335 930 2380 980 δ’
2406 930 2483 984 ῶν
2529 933 2946 1004 Ἀριστόϐουλος
2979 935 3237 1004 τρόπους,

1967 1019 2199 1087 Σύμπαν
2236 1022 2293 1075 τὸ
2325 1023 2527 1092 κράτος
2558 1024 2853 1080 ἀναδύεται
2880 1026 3066 1095 μόνος,

1967 1113 2074 1166 Τὸν
2093 1114 2138 1167 δ’
2170 1115 2441 1186 Ὑρκανὸν
2465 1119 2713 1190 ηργησεν
2743 1121 2819 1185 ώς
2850 1121 3200 1192 εὐμηχάνως.

1977 1206 2040 1260 '0
2063 1207 2109 1261 δ’
2136 1204 2206 1263 αὖ
2241 1212 2424 1279 φυγάς
2451 1213 2669 1267 κάτεισι
2701 1216 2835 1284 πρὸς
2861 1215 2954 1270 τὸν
2975 1214 3230 1286 Ἀρέταν.

1969 1303 2073 1356 Σὺν
2112 1302 2458 1374 Ἀντιπάτρῳ
2489 1305 2570 1376 τῷ
2590 1307 2761 1360 πάλαι
2784 1307 3127 1377 πεφιλμένῳ,

1968 1398 2078 1449 Καὶ
2111 1397 2249 1466 πρὸς
2283 1399 2466 1468 μάχην
2484 1398 2712 1469 ἥκουσιν
2737 1399 3166 1472 Ἀριστοϐούλῳ.

1967 1483 2132 1546 Αὖθις
2153 1489 2198 1542 δ’
2229 1489 2637 1557 Ἀριστόϐουλος
2670 1491 2867 1562 Σκάρῳ
2889 1491 3238 1560 προστρέχει,

1974 1584 2072 1636 ‘Ov
2109 1583 2244 1653 δῆτα
2288 1584 2577 1654 Πομπήϊος
2606 1585 2912 1654 στρατηγὸς
2957 1582 3182 1655 Ῥώμης

1969 1673 2325 1728 Ἐπιϐλέπειν
2363 1677 2522 1741 ἔταξε
2550 1679 2652 1745 τὴν
2683 1677 3071 1747 Παλαιστίνην.

1975 1769 2147 1832 Οὗτος
2176 1770 2408 1837 Ἀρέταν
2431 1771 2741 1841 ὑποθήκαις
2773 1771 3055 1840 ἐκτρέπει.

1982 1816 2143 1832 ν”“”¹
2197 1816 2402 1837 ““Γ““““’
2434 1816 2738 1841 *’“”Ἰ’“”’Ἵ
2773 1816 3055 1840 ""I'"""

1898 1816 1946 1876 Β
1977 1863 2150 1916 Πάλιν
2189 1863 2459 1933 Ὑρκανὸς
2501 1865 2601 1916 σὺν
2630 1865 2974 1934 Ἀντιπάτρῳ
3004 1866 3146 1936 φίλῳ

1975 1952 2120 2021 Πρὸς
2147 1955 2434 2023 Πομπήϊον
2461 1955 2770 2024 στρατηγὸν
2802 1957 3119 2027 ἀνατρέχει.

1974 2042 2192 2095 Στέλλει
2217 2043 2470 2097 Γαϐίνιον
2497 2044 2695 2098 αὐτίκα
2725 2046 3012 2116 Πομπήῖος

1987 2135 2160 2206 Ὑπὲρ
2197 2135 2468 2206 Ὑρκανοῦ
2496 2138 2633 2208 πρὸς
2660 2137 2938 2192 Ἰουδαίων
2975 2139 3154 2194 πόλιν.

1975 2229 2092 2282 υὺκ
2128 2229 2472 2298 εἰσδέχονται
2498 2231 2590 2282 τὸν
2613 2229 2872 2284 Γαϐίνιον
2897 2231 3105 2299 λόγοις.

1977 2321 2140 2375 ’Ἢκει
2170 2323 2217 2376 δ’
2236 2324 2264 2375 ὁ
2297 2324 2582 2392 Πομπήϊος
2603 2323 2840 2394 ὕστερον
2871 2325 3056 2377 πλέων

1977 2415 2202 2486 Στρατῷ
2224 2415 2385 2484 βαρεῖ
2414 2416 2676 2485 μάλιστα,
2713 2416 2809 2469 καὶ
2841 2417 3032 2485 τρέπει
3063 2417 3186 2470 λίαν

1978 2509 2388 2579 Ἀριστοϐούλῳ
2419 2509 2669 2581 παριδὼν
2693 2509 2900 2581 χρυσοῦ
2933 2510 3116 2582 χύσιν,

1978 2600 2238 2667 Σφάττει,
2267 2600 2476 2671 θερίζει
2513 2603 2866 2671 συμπλακεὶς
2890 2602 3058 2673 πολλῇ
3101 2604 3278 2677 μάχῃ,

1980 2693 2094 2746 Καὶ
2122 2693 2215 2746 τδν
2245 2692 2663 2764 Ἀριστόϐουλον
2691 2694 2937 2764 ἔμπνουν
2952 2695 3248 2763 λαμϐάνει,

1989 2782 2247 2855 Ὑρκανῷ
2269 2784 2330 2837 τδ
2365 2786 2474 2839 πάν
2503 2786 2549 2838 δ’
2579 2787 2870 2858 ἀνατίθησι
2911 2787 3137 2858 κράτος,

1984 2875 2234 2930 Ἀνακτα
2267 2877 2484 2943 δεικνὺς
2513 2879 2609 2933 καὶ
2639 2879 2812 2950 θύτην
2835 2881 2977 2933 κατὰ
3012 2881 3212 2951 χρέως.

1983 2968 2329 3040 Ἀντιπάτρῳ
2358 2971 2414 3024 δὲ
2434 2972 2535 3039 τὴν
2567 2973 2938 3043 Παλαιστίνην
2964 2973 3118 3044 νέμει

1983 3062 2354 3132 Ἐπιμελητὴν
2378 3064 2661 3129 ἀναδείξας
2693 3067 3059 3141 πραγμάτων.

1908 3160 1954 3223 C
1987 3155 2162 3208 Αὑτὸν
2185 3155 2230 3207 δ’
2261 3156 2320 3208 Ἀ
2333 3156 2685 3226 ριστόϐουλον
2715 3159 2812 3211 σὺν
2847 3159 2971 3212 δυσὶ
3000 3159 3184 3227 γόνοις

1985 3247 2183 3302 Λαϐὼν
2209 3251 2235 3302 ὁ
2261 3250 2546 3317 Πομπήϊος
2579 3251 2773 3304 ἐκπλεῖ
2818 3252 2958 3320 πρὸς
3000 3251 3242 3323 Ῥώμην.

1987 3341 2190 3393 Τοῦτον
2209 3341 2265 3394 δὲ
2292 3343 2480 3409 σαφῶς
2505 3341 2597 3395 τὸν
2618 3343 2819 3411 τρόπον
2853 3343 3102 3397 Ἰουδαῖοι

1990 3430 2132 3500 Πρὶς
2169 3432 2455 3500 Ῥωμαίων
2479 3432 2767 3504 ἧρχθησαν
2787 3435 2848 3500 ἐξ
2879 3435 3158 3498 ἀϐουλίας.

1988 3524 2169 3590 Φυγάς
2199 3526 2260 3578 τὸ
2287 3525 2478 3579 λοιπὸν
2504 3526 2856 3596 Ἀλέξανδρος
2887 3529 3077 3583 ἐνθάδε

1993 3618 2134 3686 Πρὸς
2160 3618 2424 3673 Ἰουδαίαν
2440 3619 2863 3689 Ἀριστοϐούλου
2889 3622 3044 3690 γόνος

1993 3707 2185 3771 Ὅστις
2221 3709 2491 3780 Ὑρκανὸν
2524 3711 2619 3764 τοῦ
2651 3712 2890 3782 κράτους
2919 3712 3214 3779 ὑπεξάγει.

1992 3801 2156 3866 Αὖθις
2187 3803 2244 3856 δὲ
2277 3803 2473 3872 φεύγει
2526 3805 2854 3874 προσϐαλὼν
2878 3806 3179 3874 Ἀντωνίῳ,

1994 3895 2104 3946 Καὶ
2137 3894 2275 3964 πρὸς
2317 3893 2540 3965 Ῥώμην
2562 3897 2755 3965 άγεται
2781 3897 3004 3965 δέσμιος
3029 3896 3215 3950 πάλιν.

1994 3982 2127 4040 Εἶτα
2159 3987 2204 4040 δ’
2233 3986 2646 4059 Ἀριστόϐουλος
2675 3990 2774 4042 σὺν
2807 3990 3104 4056 Ἀντιγόνῳ

1993 4078 2292 4145 Φεύγουσιν
2312 4078 2449 4149 ἅμα,
2477 4079 2839 4150 συγκροτοῦσι
2863 4083 2955 4135 καὶ
2983 4082 3184 4150 μάχην,

1998 4171 2144 4240 Πλὴν
2169 4169 2286 4224 ἀλλ’
2311 4170 2732 4240 Ἀριστόϐουλος
2764 4172 2900 4240 πρὸς
2932 4171 3223 4226 Ἀντώνιον

1994 4265 2235 4335 Θνήσκει
2264 4265 2558 4335 προφανῶς
2583 4264 2659 4328 ώς
2679 4265 2894 4328 σταλεὶς
2932 4265 3228 4336 Πομπηΐῳ,

1993 4358 2178 4424 Φυγάς
2194 4359 2238 4411 δ’
2264 4359 2291 4409 ό
2343 4357 2650 4425 Ἀντίγονος
2681 4359 2738 4409 ἐν
2772 4357 3006 4425 Πάρθων
3044 4361 3238 4427 κράτει
3271 4376 3285 4391 θ

1997 4439 2205 4499 Ἦτταν
2227 4446 2273 4498 δ’
2304 4447 2630 4509 ὑποστάντος
2656 4445 2766 4499 τῶν
2803 4447 3090 4517 Ῥωμαίων
3121 4451 3340 4520 κράτος,

1926 4509 1970 4565 ο
2000 4537 2434 4593 Ἀποστατοῦσιν
2466 4539 2733 4609 Ὑρκανοῦ
2767 4541 2860 4594 καὶ
2883 4543 2951 4593 τά
2980 4541 3169 4612 στίφη.

2013 4629 2073 4684 '0
2109 4630 2318 4694 Κάσιος
2343 4631 2388 4683 δ’
2420 4625 2515 4685 οὖν
2537 4631 2854 4698 ἐγκαθιστεῐ
2884 4633 3019 4702 πρὸς
3045 4634 3204 4701 λόγον

2001 4722 2185 4775 Συλῶν
2216 4723 2308 4774 τὸν
2333 4722 2492 4779 νεών.
2537 4724 2805 4795 Ὑρκανοῦ
2833 4725 2997 4794 δῆθεν
3039 4728 3201 4796 χάριν

2001 4815 2267 4868 Κάτεισιν
2297 4815 2605 4883 Ἀντίγονος
2640 4819 2736 4870 σὺν
2764 4819 3001 4889 Πάρθοις
3035 4821 3244 4888 μόνοις.

2003 4907 2208 4962 Τοῦτον
2239 4910 2295 4962 δὲ
2326 4911 2574 4973 Γαϐίνιος
2607 4913 2683 4974 ὼς
2706 4913 3046 4984 πορρωτέρω

2003 5001 2234 5070 Τίθησιν
2259 5002 2418 5063 εὐθὺς
2449 5004 2633 5058 ἐκτοσὶ
2655 5004 2955 5074 Ταϐυρίου.

2006 5093 2226 5162 Καῖσαρ
2255 5093 2554 5163 μονάρχης,
2593 5094 2824 5158 θάνατος
2853 5097 3171 5166 Πομπηΐου,

2006 5187 2209 5254 Βοηθὸς
2243 5185 2606 5255 Ἀντίπατρος
2635 5188 2693 5239 ἐν
2724 5189 2856 5241 πᾶσι
2880 5189 3106 5258 τρόποις

2005 5278 2205 5348 Ἀρχὴν
2229 5278 2440 5348 βεϐαιοῖ
2467 5280 2565 5332 σὺν
2609 5280 2864 5349 Ὑρκανῷ
2889 5281 2965 5350 τῷ
3002 5282 3161 5352 φίλῳ.

2007 5370 2298 5439 Πρόσεισιν
2319 5371 2624 5439 Ἀντίγονος
2660 5371 2903 5441 Καίσαρι
2931 5372 3118 5426 πάλιν.

2021 5462 2079 5512 '0
2117 5463 2161 5514 δ’
2196 5463 2557 5533 Ἀντίπατρος
2585 5463 2840 5533 ἐμποδὼν
2870 5465 3045 5533 τούτῳ
3065 5466 3230 5534 μόνον

2009 5554 2170 5616 Υίους
2203 5557 2544 5625 στρατηγοὺς
2575 5556 2931 5625 Ἀντίπατρος
2955 5557 3213 5624 δεικνύει,

2007 5646 2199 5715 Μέγαν
2243 5646 2491 5718 ᾙρώδην
2523 5651 2616 5702 καὶ
2642 5648 2924 5718 Φασάηλον
2953 5649 3116 5717 λέγω.

2008 5711 2326 5808 Γογγυσμδς
2355 5711 2508 5792 ἔνθεν
2539 5740 2633 5793 τοῦ
2669 5711 2887 5809 στίφους
2909 5711 3203 5807 Ἰουδαίων,

2007 5832 2081 5884 Τὸ
2113 5834 2436 5902 τυραννικὸν
2464 5834 2884 5904 εὐλαϐουμένων
2910 5837 3072 5903 τάχα.

3443 363 3548 428 626
