4278 6442
266 376 375 438 52:3
1427 377 1782 436 SYNOPSIS
1824 377 1883 434 S.
1924 376 2091 435 SCRI
2105 379 2246 439 PTU
2261 382 2301 437 Π

275 501 499 571 Καῖσαρ
535 498 747 563 δικάζει
781 499 876 551 καὶ
908 498 1158 561 σκεδάζει
1186 499 1288 567 τὴν
1321 498 1527 567 μάχην.

279 593 393 645 Kal
417 594 612 655 παῖδας
635 590 787 659 αύτῷ
822 593 1141 659 προσφιλεῖς
1168 592 1310 644 κατά
1343 592 1569 661 κράτος.

276 685 576 747 Φιλόκαλος
606 684 651 737 δ’
681 684 757 738 ὢν
788 686 882 738 καὶ
917 684 1088 754 φιλῶν
1114 685 1274 750 δόξαν
1300 685 1461 737 πλέον

278 775 755 837 Πολλοῦςέκάκου
776 777 884 830 τῶν
919 776 1089 844 φίλων
1109 778 1203 831 καὶ
1236 778 1478 847 γνησίων
1510 793 1524 807 ·

280 868 405 932 Τοῖς
436 867 482 921 δ’
505 869 664 931 ὲκτδς
696 869 848 937 ἡδὺς,
878 872 973 924 καὶ
1011 871 1213 939 χρυσὸν
1239 871 1409 923 πολὺν
1446 871 1603 941 ῥέων.

280 958 592 1028 Ἀνοίγνυσι
630 961 686 1014 δὲ
715 962 807 1014 καὶ
832 961 925 1013 τοῦ
960 963 1125 1015 Δαυῒδ
1159 963 1251 1015 τὸν
1272 963 1463 1031 τάφον,

280 1050 392 1102 Kal
414 1055 622 1119 κόσμον
659 1050 837 1120 εὑρὼν
872 1052 931 1103 ού
963 1052 1134 1123 βραχύ
1167 1070 1221 1105 τι
1278 1052 1568 1123 λαμϐάνει.

281 1140 570 1196 Ἐντεῦθεν
602 1143 864 1213 ἐμφύλιος
886 1146 1135 1207 γάτεικος
1157 1148 1328 1217 μάχη.

284 1236 458 1289 Πάλιν
484 1237 529 1289 δ’
565 1237 919 1309 Ἀντίπατρος
958 1242 1103 1294 κατὰ
1126 1241 1237 1293 τῶν
1281 1240 1578 1310 ὁμογνίων.

298 1329 359 1379 ὐ
388 1330 434 1393 δ’
478 1330 727 1399 Ἡρώδης
762 1335 967 1401 ἧγερτο
998 1335 1139 1388 κατά
1162 1334 1393 1406 Φερώρα
1415 1352 1438 1410 _'

285 1422 413 1472 Ὀτι
445 1420 719 1489 θυγατρὸς
750 1424 874 1485 τοὺς
901 1425 1113 1493 γάμους
1138 1424 1373 1497 ἀπηξίου

299 1512 363 1565 Ἦ
389 1513 647 1584 Σαλώμη.
677 1516 849 1569 Πάλιν
872 1517 927 1570 δὲ
964 1518 1160 1587 ράπτει
1190 1520 1316 1584 τοὺς
1338 1518 1546 1581 δόλους.

284 1605 646 1677 Ἀλέξανδρος
679 1608 859 1661 ἄνεισι
884 1611 1025 1661 κατὰ
1056 1610 1310 1681 Φερώρα,

286 1700 397 1749 Kal
427 1700 665 1769 Σαλώμη
702 1703 976 1771 πρόφασις
1011 1703 1121 1758 ίδοὺ
1155 1707 1266 1767 τοῖς
1294 1704 1497 1773 λόγοις,

286 1792 481 1842 Ποιναὶ
507 1790 751 1861 διαρκεῖς
774 1790 928 1856 αὖθις
955 1794 1226 1864 εὐνούχων
1257 1798 1446 1867 φίλων.

282 1884 525 1951 Δέσμιος
550 1883 926 1957 ’Δλέξανδρος,
958 1885 1180 1956 εὕρεσις
1212 1888 1410 1958 λόγων,

299 1974 578 2044 Ἐτασμδς
606 1980 797 2048 ἄκρος.
832 1983 926 2033 καὶ
961 1981 1021 2034 τὸ
1043 1980 1339 2051 φάρμακον
1373 1982 1548 2044 τέλος.

287 2068 440 2134 Πρὸς
471 2071 684 2140 πατέρα
716 2070 761 2123 δ’
807 2072 1051 2143 ἔγραψεν
1080 2075 1281 2128 εἰδέναι
1312 2074 1491 2143 λέγων

286 2160 647 2232 Ἀλέξανδρος
679 2162 895 2218 ἅπαντα
929 2168 1026 2219 καὶ
1053 2166 1416 2236 κακουργίας,

284 2252 395 2306 Kal
420 2252 609 2306 λύεται
635 2254 699 2325 δὴ
727 2260 841 2318 τοῖς
873 2256 1053 2325 λόγοις
1085 2257 1400 2329 Ἀρχελάου.

284 2343 655 2417 Ἀντίπατρος
673 2346 731 2400 δὲ
762 2348 1090 2416 προσλαϐὼν
1114 2350 1405 2419 Εὐρυκλέα

284 2437 465 2489 Πάλιν
490 2438 719 2492 ἀνάπτει
750 2442 827 2508 τῷ
857 2443 1030 2513 πατρὶ
1060 2442 1129 2495 τά
1168 2442 1263 2496 τοῦ
1294 2443 1507 2513 μίσους,

285 2530 404 2582 Kal
440 2529 650 2597 βάσανα
685 2530 750 2600 δὴ
779 2531 889 2584 τῶν
917 2532 1178 2601 φυλάκων
1212 2534 1483 2606 Ἡρώδου,

283 2620 480 2689 Δεσμὰ
508 2620 617 2673 τῶν
644 2621 819 2689 γόνων
865 2623 1107 2693 Ἡρώδου
1144 2625 1307 2679 πάλιν
1327 2626 1445 2689 δύο,

288 2711 405 2764 Καὶ
426 2714 724 2785 γράμμασι
752 2716 996 2788 Καίσαρι
1030 2718 1212 2772 πάντα
1238 2721 1454 2791 μηνύει.

301 2804 369 2856 Ὅ
398 2804 443 2857 δ’
481 2803 550 2860 αὖ
586 2807 646 2859 τὺ
666 2809 776 2861 πᾶν
807 2808 1022 2879 τίθησιν
1049 2813 1199 2882 αύτῷ
1231 2812 1327 2867 καὶ
1356 2813 1560 2884 κρίσιν.

288 2896 435 2952 Ἰδοῦ
475 2900 538 2951 τὸ
568 2902 861 2971 κριτήριον
895 2903 931 2974 ὴ
960 2905 1253 2973 καταδίκη,

287 2991 592 3060 Παρρησία
625 2992 881 3061 Τήρωνος
909 2993 992 3055 είς
1029 2993 1278 3062 βασιλέα,

286 3084 617 3154 Κατήγορος
643 3084 927 3155 τύραννος,
953 3086 1186 3157 κουρεὺς
1216 3089 1245 3141 ό
1273 3086 1528 3158 Τρύφων.

284 3174 571 3244 Ἐτασμδς
595 3177 795 3240 αὐτῶν,
835 3178 932 3232 καὶ
962 3179 1137 3249 σαφὴς
1164 3180 1317 3234 δόλου
1350 3182 1525 3250 λόγος.

286 3266 586 3321 Ἐντεῦθεν
614 3267 812 3321 οὐκοῦν
852 3270 1103 3341 Ἡρώδης
1139 3272 1230 3323 καὶ
1255 3273 1380 3334 τοὺς
1406 3272 1599 3339 γόνους

288 3360 709 3429 Ἀπαγχονίζει,
740 3362 838 3419 καὶ
871 3364 1207 3434 συνδρόμους
1241 3365 1474 3429 λιθάζσι.

290 3455 473 3525 Γεννᾷ
498 3456 546 3508 δ’
589 3458 837 3528 Ἡρώδης
863 3458 1143 3530 Ἡρώδην,
1181 3460 1345 3512 πάλιν
1371 3461 1530 3527 γόνον

307 3547 413 3599 Ἐκ
447 3547 547 3614 τῆς
581 3548 852 3619 θυγατρὸς
871 3551 963 3605 τοῦ
997 3552 1241 3621 Σίμωνος
1267 3551 1531 3622 ὑστέρως.

292 3638 453 3691 Φίλοι
486 3641 745 3711 Φερώρας
774 3642 1139 3711 ’Δντίπατρος
1165 3643 1375 3708 ἐνθάδε,

316 3731 579 3784 Ἐναντία
598 3734 654 3786 δὲ
688 3734 925 3805 Σαλώμη
951 3736 1164 3798 τούτοις
1198 3737 1386 3800 πάλιν,

303 3825 458 3894 Πρὸς
487 3824 586 3896 τὴν
610 3826 863 3896 δάμαρτα
894 3829 1125 3900 Φερώρα
1154 3830 1464 3896 Φαρισαῖοι.

313 3916 382 3970 Ὀ
419 3919 680 3989 Φερώρας
718 3920 962 3982 ὕποπτος
1006 3923 1087 3986 εἰς
1114 3922 1468 3993 τετραρχίαν,

298 4009 674 4082 Ἀντίπατρος
701 4013 758 4066 δὲ
796 4014 933 4084 πρὸς
965 4016 1065 4086 τὴν
1103 4016 1330 4086 Ῥώμην
1365 4016 1641 4087 ἐκτρέχει.

299 4100 497 4168 Μόρος
526 4101 777 4173 Φερώρα,
818 4105 887 4159 τά
920 4107 1067 4158 κακά
1093 4104 1139 4160 δ’
1169 4106 1536 4179 Ἀντιπάτρῳ,

300 4192 655 4263 Κατηγορίαι
688 4199 995 4266 προφανιῖς
1027 4196 1396 4269 Ἀντιπάτρου

304 4288 563 4339 Ἀνεισιν
589 4289 945 4359 Ἀντίπατρος
981 4290 1090 4342 ἀπὸ
1118 4291 1219 4357 τῆς
1261 4290 1507 4361 Ῥώμης.

303 4379 529 4451 Οὔαρος
550 4383 716 4435 αὐτὸν
742 4385 999 4455 ἀτιμάζει
1026 4386 1141 4446 τοῖς
1167 4386 1370 4453 λόγοις.

307 4476 519 4545 Κρίσις
562 4476 829 4549 Ἡρώδου,
866 4481 962 4532 καὶ
986 4478 1137 4547 λόγοι
1165 4480 1394 4550 πλήρεις
1426 4478 1654 4540 πάθους.

307 4566 681 4637 Ἀντίπατρος
712 4570 934 4639 δέσμιος
965 4587 978 4600 ·
1014 4571 1164 4624 αἰτία
1188 4571 1354 4624 πάλιν

302 4659 511 4713 Νοσῶν
552 4660 824 4732 Ἡρώδης,
865 4664 961 4714 καὶ
992 4664 1182 4726 κακῶς
1211 4664 1349 4732 πρὸς
1378 4665 1453 4733 τῷ
1496 4664 1699 4735 χρόνῳ.

301 4755 478 4823 Φήμη
520 4754 780 4819 θανάτου,
808 4756 903 4809 καὶ
930 4755 1140 4825 χρυσοῦ
1176 4755 1439 4827 στρουθοῦ
1472 4755 1648 4820 λύσις.

307 4847 431 4899 Kal
454 4846 631 4915 μυρία
652 4846 904 4912 κάκωσις
928 4848 1138 4919 ἀνδρῶν
1167 4850 1382 4911 ἐνθάδε,

309 4936 536 5003 Πληθὺς
569 4938 743 4990 νόσων
773 4939 1017 5007 τήκουσα
1039 4939 1103 5007 δὴ
1128 4941 1219 4991 τὸν
1248 4940 1520 5012 Ἡρώδην.

313 5031 612 5098 Ἐνταλμα
646 5034 846 5101 πικρὸν
869 5034 1125 5102 ἐκτεμεῖν
1153 5032 1283 5096 τοὺς
1311 5034 1665 5104 προκρίτους,

312 5124 502 5179 Αὐτόν
528 5122 578 5175 τ’
608 5125 856 5193 ἀναιρεῖν
892 5124 1143 5195 Ἡρώδην
1167 5124 1309 5192 ἔγνω
1338 5126 1458 5180 δέον

323 5218 424 5273 ἐν
453 5219 521 5286 τῇ
547 5216 788 5286 φυλακῇ,
813 5218 911 5271 καὶ
940 5216 1097 5287 φόνος
1122 5217 1170 5270 δ’
1198 5218 1579 5285 Ἀντιπάτρου.

313 5311 582 5383 Κράτους
619 5312 914 5381 μερισμὸς,
957 5313 1054 5366 καὶ
1082 5312 1351 5367 τελευτῶν
1393 5311 1664 5382 Ἡρώδης,

311 5404 498 5466 Λύσις
533 5403 850 5474 προκρίτων
878 5403 1078 5468 δεξιῶς
1113 5402 1484 5473 εἰργασμένη.

314 5496 632 5567 ’Ἀρχέλαος
665 5496 890 5549 ἄπεισιν
921 5498 1003 5559 εἰς
1047 5495 1268 5565 Ῥώμην
1296 5497 1531 5565 τρέχων,

318 5592 436 5643 Σὺν
474 5588 706 5660 ’Λντίπᾳ
741 5580 1106 5657 μάλισταέκαὶ
1122 5591 1187 5659 τῇ
1226 5587 1486 5661 Σαλώμῃ,

322 5683 485 5737 Eata
534 5681 830 5751 Ῥωμαίων
854 5680 963 5734 τῶν
991 5679 1266 5734 Ἰουδαίων
1292 5681 1501 5742 στάσις.

324 5777 631 5845 Ἐγκλημα
663 5776 797 5841 πρὸς
829 5775 1107 5844 Καίσαρα,
1145 5774 1237 5826 καὶ
1274 5772 1460 5842 κρίσις
1487 5772 1646 5826 πάλιν
1682 5787 1695 5805 ο

322 5872 626 5941 Ἃρχέλαος
649 5870 823 5938 ἣμισυ
852 5867 1123 5937 λαμϐάνει
1152 5867 1387 5936 κράτους
1430 5883 1442 5896 ·

1882 491 1925 545 Α
1972 490 2031 546 Ὀ
2059 492 2100 543 δ’
2146 496 2423 561 Ἀντίπας,
2451 499 2739 566 Φίλιππος,
2787 496 3037 569 Ἡρώδης
3065 494 3183 557 νέος

1963 587 2175 657 ’Πμισυ
2210 592 2420 653 λοιπὸν,
2453 591 2604 644 ἔνθεν
2643 593 2673 661 ἡ
2704 595 3027 661 τετραρχία.

1957 680 2424 752 Ψευδαλέξανδρος
2446 685 2524 745 είς
2559 684 2791 752 Καίσαρ⁹
2816 683 3135 766 ἀφιγμένος.

1971 774 2246 844 ’Λρχελάῳ
2273 775 2503 843 σύζυγος
2539 775 2663 847 ἄρτι
2697 776 2979 844 Γλαφύρα,

1957 869 2258 938 ’Λρχελάου
2289 871 2440 932 παῖς,
2472 871 2586 923 ἀλλ’
2630 870 2981 938 Ἀλεξάνδρου
3019 867 3223 937 δάμαρ,

1964 960 2286 1027 Κακοῦργος
2325 959 2614 1029 Ἀρχέλαος
2640 962 2717 1023 είς
2751 958 3030 1030 ὑπηκόους
3056 972 3074 989 ⁶

1968 1051 2270 1121 Ἔκϐλητος
2293 1052 2490 1105 ούκοῦν
2521 1052 2655 1123 πρὸς
2684 1054 2966 1123 Καίσαρος
2997 1054 3060 1105 ὲκ
3096 1050 3306 1120 λέχους.

1964 1141 2260 1213 Ἀρχελάου
2285 1145 2329 1197 δ’
2354 1144 2588 1215 ὄνειρος,
2629 1140 2785 1208 αὖθις
2819 1146 3109 1214 Γλαφύρας
3143 1158 3158 1172 ⁹

1966 1235 2187 1288 Τούτων
2220 1236 2383 1291 πάλιν
2411 1227 2728 1302 θάνατοςἰξ
2758 1236 3078 1305 ὀνειράτων,

1967 1328 2120 1381 Μετὰ
2150 1328 2206 1381 δὲ
2235 1329 2427 1382 τοῦτον
2457 1332 2536 1393 εἰς
2569 1328 2845 1398 Κυρήνιον
2879 1326 3104 1397 κράτος,

1972 1421 2069 1483 Ὃς
2104 1421 2433 1492 ὑπογραφὴν
2454 1421 2665 1474 ὲκτελεῖ
2704 1419 2922 1492 πρῶτος
2952 1418 3133 1488 ξένην,

1969 1512 2088 1581 Ἐφ’
2115 1512 2176 1566 οῦ
2210 1515 2467 1581 γεννᾶται
2494 1512 2591 1566 καὶ
2610 1512 2843 1581 Χριστὸς
2868 1513 2930 1565 ὲκ
2960 1510 3259 1580 Παρθένου.

1976 1607 2173 1661 Ἔνθεν
2207 1608 2398 1671 στάσις
2428 1608 2632 1676 ἤρξατο
2663 1607 2766 1659 κάν
2797 1607 2910 1667 τοῖς
2937 1603 3219 1673 Ἑϐραίοις

1972 1699 2069 1755 Ἕκ
2090 1700 2281 1755 Σαδώκ
2307 1700 2499 1771 ἀνδρὸς
2531 1699 2626 1753 τοῦ
2655 1699 2830 1753 κακοῦ
2860 1697 3215 1751 Γαυλανίτου.

1973 1794 2131 1847 Μετὰ
2160 1794 2217 1845 δὲ
2240 1794 2517 1863 Κυρήνων
2546 1792 2745 1860 ἐστάλη
2786 1790 2951 1843 πάλιν

1986 1885 2044 1939 Ὀ
2070 1883 2394 1953 Πομπώνιος
2430 1886 2523 1937 καὶ
2552 1885 2775 1953 Μάρκος
2810 1885 2866 1937 Ἀ
2881 1882 3195 1953 μϐιϐοῦχος,

1974 1976 2109 2033 Εἶτα
2144 1980 2369 2048 Ῥοῦφος
2398 1979 2633 2041 Ἀνινος,
2665 1977 2941 2043 Καίσαρος
2974 1976 3161 2046 μόρος,

1976 2077 2089 2129 Kal
2113 2074 2363 2145 Τιϐέριος
2389 2072 2786 2140 ὲγκαθίσταται
2817 2073 3060 2140 κράτωρ,

1973 2165 2092 2234 Ἔφη
2119 2159 2180 2219 οὗ
2212 2164 2483 2235 κατῆρξεν
2512 2164 2782 2232 Ἑῦραίων
2807 2164 2934 2231 ἄρτι
2962 2161 3187 2231 κράτος,

1975 2259 2115 2314 Μεθ’
2151 2260 2210 2312 ὃν
2234 2261 2466 2322 Πιλᾶτος
2496 2260 2523 2311 ό
2548 2258 2771 2319 Πόντιος
2793 2255 2893 2324 τὴν
2922 2254 3096 2318 θέσιν,

1981 2353 2079 2416 ὐς
2109 2353 2416 2419 εἰσαγαγὼν
2444 2353 2501 2405 ὲν
2523 2350 2835 2419 Καισαρείᾳ
2865 2350 3055 2415 στῖφος

1899 1835 1946 1892 B

1978 2446 2092 2507 Τὰς
2120 2444 2338 2506 εἰκόνας
2368 2443 2649 2512 Καίσαρος
2675 2442 2733 2494 ὲν
2753 2436 2859 2510 νεῲ
2887 2442 3096 2511 φέρων.

1978 2537 2177 2597 Στάσις
2206 2534 2268 2587 τδ
2289 2534 2473 2586 λοιπὸν
2504 2533 2598 2586 τοῦ
2623 2532 2946 2603 παρανόμου
2983 2531 3143 2601 χάριν
3162 2545 3179 2560 ·

1976 2630 2179 2691 Σπάνις
2211 2629 2439 2689 ὑδάτων,
2475 2627 2743 2688 ἀνάλωσις
2769 2625 3088 2694 χρημάτων,

1981 2720 2240 2791 Καταϐοὴ
2273 2720 2431 2774 πάλιν
2461 2719 2515 2772 δὲ
2546 2719 2720 2789 σαφὴς
2744 2718 3001 2779 Πιλάτου,

1978 2815 2138 2876 Φόνος
2161 2831 2219 2867 τε
2243 2814 2455 2867 πολλῶν
2491 2817 2551 2867 ὲκ
2579 2813 2827 2883 μηχανῆς
2861 2807 3156 2877 Ἐϐραίων.

1982 2900 2153 2969 Οὗτος
2176 2908 2414 2976 φανέντα
2443 2906 2535 2959 τὸν
2559 2906 2693 2959 Θεόν
2730 2922 2829 2974 μου
2858 2904 2953 2956 καὶ
2979 2904 3174 2971 Λόγον,

1982 3002 2159 3069 Χάριν
2194 3000 2370 3070 νέμων
2417 2999 2648 3068 μάλιστα
2668 3001 2781 3061 τοῖς
2812 2996 3110 3060 Ἰουδαίοις,

1984 3092 2215 3163 Σταυρῷ
2244 3093 2531 3163 προσηλοῖ,
2570 3093 2664 3145 καὶ
2701 3090 3026 3159 κατακρίνει
3058 3088 3215 3159 μόρῳ
3248 3103 3263 3117 ⁶

1904 3195 1952 3257 ρ
1986 3188 2129 3243 Ἀλλ’
2161 3186 2425 3255 ἐξανέστη
2461 3185 2555 3239 καὶ
2575 3184 2879 3255 τριήμερος
2910 3184 3098 3246 πάλιν,

1995 3282 2085 3346 Ὠς
2118 3285 2172 3336 αἱ
2215 3281 2427 3349 γραφαὶ
2454 3281 2757 3349 φάσκουσιν
2788 3276 3161 3344 Εύαγγελίων.

1984 3376 2175 3441 κτίζει
2207 3377 2518 3445 τετράρχης
2568 3372 2812 3441 Ἡρώδης
2844 3370 3084 3441 Τιϐερίῳ

1986 3468 2282 3539 Τιϐεριάδα
2309 3469 2409 3537 τὴν
2438 3468 2595 3520 πόλιν
2618 3466 2800 3535 φέρων
2826 3464 2988 3534 χάριν
3011 3478 3027 3494 ο

1990 3560 2230 3616 Παυλίνα
2262 3556 2492 3627 σώφρων
2519 3559 2575 3610 ὲν
2606 3555 2797 3624 Ῥώμῃ
2819 3557 2911 3607 καὶ
2943 3551 3169 3621 κοσμία,

1987 3650 2095 3718 Ἦς
2127 3653 2367 3714 Μοῦνδος
2392 3651 2501 3721 ἦρα
2521 3648 2615 3702 τὸν
2650 3648 2851 3717 χρυσὸν
2885 3645 3055 3700 πολὺν
3082 3644 3243 3715 ρέων.

1995 3749 2148 3817 Ἵσης
2172 3744 2514 3812 ἐπιτήδευμα
2543 3741 2781 3801 δουλίδος
2808 3739 3003 3808 κόρης.

1996 3839 2285 3900 ’Δννουϐις
2312 3837 2346 3906 ἠ
2386 3836 2655 3903 πρόφασις
2688 3834 2745 3884 ὲν
2782 3828 3126 3899 σωφροσύνῃ,

1994 3932 2243 4001 Πρέσϐυς
2283 3926 2454 3998 μιαρὰ
2482 3924 2858 3990 καθυπουργεῖ
2889 3923 2986 3974 σὺν
3016 3919 3174 3987 δόλῳ.

1993 4024 2152 4077 Τελεῖ
2179 4022 2224 4074 δ’
2259 4021 2287 4071 ό
2320 4018 2561 4080 Μοῦνδος
2596 4019 2705 4068 τῶν
2733 4015 2952 4083 έρώτων
2982 4012 3083 4079 τὴν
3114 4010 3297 4080 χάριν.

1999 4115 2261 4176 Ὄνειδος,
2292 4112 2449 4180 ὕϐρις
2478 4128 2492 4143 ·
2529 4110 2665 4179 πρὸς
2695 4107 2946 4177 Τιϐέριον
2973 4105 3125 4171 λόγοι
3158 4120 3175 4136 ο

1995 4211 2195 4264 Ξόανον
2225 4208 2306 4266 είς
2328 4206 2430 4275 γῆν
2462 4217 2478 4235 ο
2515 4204 2681 4273 ἱερεῖς
2712 4200 3067 4268 ὲσφαγμένοι,

1999 4304 2107 4355 Kal
2134 4299 2374 4361 Μοῦνδος
2398 4296 2672 4366 ὲξόριστος
2702 4294 2853 4346 ἔνθεν
2876 4292 2974 4360 τῆς
3017 4288 3260 4358 Ῥώμης.

2010 4394 2334 4463 Ἀθροισμδς
2363 4391 2469 4443 ἰδοὺ
2502 4389 2596 4441 καὶ
2642 4386 2867 4456 Γαριζλν
2899 4386 2977 4446 εἰς
2998 4383 3124 4454 ὅρος

2002 4487 2115 4538 Kal
2152 4485 2382 4540 Πιλᾶτος
2406 4480 2610 4533 κτείνει
2635 4478 2690 4531 δὲ
2714 4479 2841 4540 τοὺς
2871 4474 3290 4545 ἡθροισμένους,

1928 4537 1974 4593 D
1998 4573 2266 4641 Οὑῖτελίῳ
2301 4537 2434 4640 πρὸς
2470 4570 2652 4639 κρίσιν
2682 4571 2709 4621 ὁ
2736 4537 2987 4629 Πιλᾶτος,

2002 4666 2109 4719 Καὶ
2130 4666 2263 4735 πρὸς
2303 4661 2521 4730 Ῥώμην
2548 4657 2772 4711 ἔσταλτο
2805 4655 2899 4709 τοῦ
2929 4656 3091 4723 φόνου
3125 4655 3285 4724 χάριν
3312 4658 3327 4673 ’

1998 4756 2193 4810 Φθάνει
2220 4754 2277 4807 δὲ
2307 4752 2557 4821 Τιϐέριος
2588 4748 2785 4811 ἐκστὰς
2812 4748 2904 4800 τοῦ
2937 4748 3077 4816 βίον,

2001 4848 2277 4910 Οὑῖτέλιος
2299 4845 2514 4914 ἀνίησιν
2556 4842 2830 4911 Ἑϐραίοις

2002 4942 2201 5012 Στολὴν
2236 4940 2411 5009 ίερᾶν,
2453 4936 2527 4997 ὡς
2555 4934 2734 5005 χρεὼν
2769 4933 2937 5003 αὐτὴν
2966 4931 3143 4998 ἄγειν.

2002 5036 2233 5091 Σπονδαὶ
2260 5033 2399 5104 μετὰ
2424 5029 2656 5100 Πάρθων
2682 5028 2736 5079 δὲ
2760 5026 2851 5079 τόν
2886 5025 3130 5094 βασιλέα.

2005 5126 2271 5194 Οὐϊτελίῳ
2305 5123 2404 5176 σὺν
2432 5122 2509 5193 τῷ
2539 5118 2817 5189 τετράρχῃ
2841 5117 3010 5185 μάχη,

2005 5219 2187 5290 Μόρος
2232 5214 2504 5268 Φιλίππου
2546 5210 2811 5277 συγγόνου
2851 5206 2947 5258 τοῦ
2978 5204 3281 5273 τετράρχου
3309 5219 3322 5231 ·

3427 375 3534 441 630

2006 5312 2247 5368 Στέλλων
2270 5310 2327 5363 δὲ
2346 5312 2439 5360 τὸν
2468 5304 2635 5357 πλοῦν
2679 5300 2923 5371 Ἡρώδης
2962 5299 3094 5368 πρὸς
3126 5300 3225 5366 τὴν
3265 5295 3484 5363 Ῥώμην

2018 5403 2304 5476 Ἡρωδιάδι
2327 5403 2391 5470 τῇ
2427 5397 2667 5465 συνεύνῳ
2689 5392 2958 5446 Φιλίππου

2008 5493 2336 5563 Συγγίνεται
2372 5486 2607 5557 μάλιστα
2637 5482 2812 5535 λιπὼν
2849 5481 3085 5547 Ἀρέταν

2010 5588 2123 5656 Τὴν
2157 5588 2219 5638 ὲκ
2250 5582 2484 5651 βρέφους
2513 5576 2746 5645 σύζυγον
2783 5575 2843 5627 οὐ
2870 5571 3009 5626 κατὰ
3042 5570 3263 5640 νόμους.

2011 5673 2181 5739 Οὗτος
2209 5674 2459 5727 σϐέννυσι
2494 5672 2559 5739 τῇ
2592 5665 2836 5739 μαχαίρᾳ.
2871 5665 2965 5717 τὸν
2999 5663 3195 5733 λύχνον

2011 5770 2117 5823 Τὸν
2145 5762 2381 5836 Χριστοῦ
2414 5780 2516 5833 μου
2541 5760 2851 5829 Πρόδρομον
2880 5756 3226 5826 ἀξινηφόρον,

2015 5857 2315 5928 Πρὸρῤιζον
2346 5854 2676 5923 ἐκτέμνοντα
2715 5850 2813 5918 τὴν
2840 5848 2997 5900 λύσιν
3031 5847 3218 5913 νόμον.
