4278 6442
682 420 780 483 631
1912 430 2333 496 ΝΙίῙΕΡΠΟΙίῐ

1912 430 2333 496 ΝΠἸΕΡΠΟΙΗ
2375 437 2716 499 GALLISTI

680 536 1008 606 Στράτευμα
1039 537 1224 590 λοιπῗλν
1265 538 1460 609 Ἀρέτα
1495 542 1619 594 καθ’
1648 544 1919 617 Ἡρώδην,

686 631 957 702 Οὐϊτελίῳ
992 634 1206 704 Καῖσαρ
1226 634 1481 690 ἐντεῦθεν
1506 641 1709 708 γράφει

683 722 882 793 Μάχην
917 726 1182 794 κροτῆσαι
1213 730 1490 798 καρτερά)
1524 733 1662 800 πρὸς
1692 735 1944 803 Ἀρέταν.

688 818 871 886 Ἐφθη
899 818 954 871 δὲ
988 820 1247 891 Τιϐέριος
1279 822 1523 877 ἐκλιπὼν
1553 824 1693 894 βίον,

683 913 794 964 Καὶ
827 914 885 963 τὸ
919 916 1243 985 στράτευμα
1276 918 1416 971 κατὰ
1444 918 1628 988 χώραν
1661 921 1917 991 ἐμμένει.

699 1004 757 1055 ’0
780 1005 941 1069 Γάϊος
966 1008 1173 1061 ἄνεισιν
1196 1010 1370 1081 ἀρχὴν
1401 1010 1478 1073 είς
1504 1013 1765 1079 κράτους.

696 1098 755 1148 Ὀ
788 1098 832 1150 δ’
859 1099 1168 1169 Ἀγρίππας
1199 1100 1419 1170 ἔγγονος
1459 1102 1701 1173 Ἡρώδου
1732 1106 1903 1160 πάλαι

685 1190 740 1242 Ἀ
756 1192 1109 1260 ριστοϐαύλου
1144 1193 1237 1247 τοῦ
1282 1198 1444 1264 γόνου
1478 1202 1609 1263 παῖς
1642 1200 1946 1269 τυγχάνων,

695 1283 834 1337 Ὑπὸ
858 1285 1021 1339 Γαΐου
1054 1288 1190 1353 πρὸς
1219 1289 1382 1358 τιμῆς
1412 1289 1545 1359 ὕψος
1581 1292 1798 1359 φθάνει,

690 1376 873 1429 Πολλὰ
906 1376 1099 1431 παθὼν
1134 1379 1373 1449 μάλιστα
1401 1384 1480 1451 τῷ
1514 1382 1706 1452 πρώην
1738 1383 1916 1454 χρόνῳ

685 1470 831 1540 Πρὸς
858 1471 1136 1541 Τιϐερίου,
1177 1474 1484 1546 προσφιλὴς
1517 1475 1595 1529 ὢν
1618 1478 1705 1547 ’τῷ
1753 1480 1919 1548 γόνῳ,

697 1564 835 1616 ’Υπὸ
868 1566 1045 1635 χρεῶν
1083 1584 1143 1619 τε
1182 1568 1280 1621 καὶ
1311 1570 1472 1640 χάριν
1497 1568 1592 1623 τοῦ
1624 1570 1789 1624 Γαίου

687 1658 872 1722 Δεθεὶς
906 1660 1127 1731 φυλακῇ
1156 1661 1532 1734 παρεπέμφθη
1582 1662 1661 1733 τῷ
1690 1663 1852 1725 τέως.

687 1754 806 1808 Κάν
835 1771 920 1816 τις
937 1755 1074 1823 πρὸς
1094 1757 1242 1823 ὄρνιν
1274 1756 1531 1819 ἀτενίσας
1562 1758 1856 1826 εὐστόχως,

690 1844 987 1915 ἸΙγγειλεν
1014 1849 1088 1910 ὼς
1124 1849 1359 1918 τάχιστα
1388 1852 1489 1920 τὴν
1521 1851 1798 1916 ἐξουσίαν,

688 1939 873 2013 Ἀπερ
912 1943 1088 2013 χρόνῳ
1121 1945 1413 2012 πέπρακτο
1446 1945 1638 2013 σαφῶς
1668 1947 1746 2008 είς
1771 1946 1945 2009 τέλος.

686 2032 819 2086 Λύει
854 2035 963 2103 γάρ
987 2037 1153 2089 αὑτὸν
1174 2039 1202 2089 ό
1234 2038 1396 2101 Γάϊος
1431 2039 1653 2105 αὐτίκα,

686 2125 922 2179 Βασιλέα
950 2145 1008 2180 τε
1049 2128 1285 2184 δεικνύει
1313 2132 1663 2203 τετραρχίας,

694 2219 797 2271 Ἢν
826 2215 999 2290 ἦρχεν
1029 2223 1057 2274 ὁ
1080 2221 1347 2287 Φίλιππος
1380 2224 1618 2294 Ἡρώδου
1656 2225 1810 2291 γόνος
1832 2244 1843 2256 ι

698 2312 970 2382 Ἡρωδιὰς
1000 2314 1055 2368 δὲ
1096 2316 1363 2383 σύγγονος
1391 2318 1483 2370 τοῦ
1519 2318 1821 2387 Ἀγρίππα.

686 2408 792 2461 Τὸν
836 2408 1084 2481 Ἡρώδην
1119 2411 1339 2466 ἔπεισεν
1357 2414 1438 2476 είς
1480 2411 1700 2483 Ῥώμην
1729 2416 1966 2484 τρέχειν,

689 2502 801 2554 Καὶ
830 2501 929 2570 τὴν
960 2502 1243 2573 Ἀγρίππα
1279 2504 1548 2571 λαμϐάνει
1570 2508 1923 2576 τετραρχίαν.

688 2597 983 2667 Ἀπῆλθεν,
1009 2599 1296 2668 ἐζήτησεν,
1331 2592 1494 2670 εὗρεν
1518 2602 1773 2666 οὐδόλως,

690 2691 922 2761 Μακρὰν
949 2690 993 2744 δ’
1020 2689 1233 2756 ἐλαθεὶς
1259 2696 1349 2746 καὶ
1380 2695 1441 2747 τὸ
1468 2695 1668 2766 κράτος
1710 2697 1990 2767 Ἀγρίππα

690 2785 825 2853 Σάφ¹
852 2784 926 2847 ὡς
950 2784 1012 2837 τὺ
1038 2788 1145 2839 πᾶν
1174 2787 1391 2841 δίδωσιν
1413 2789 1440 2841 ό
1475 2790 1690 2863 Καῖσαρ
1721 2793 1891 2861 μόνῳ.

692 2880 790 2941 El;
831 2881 932 2950 τὴν
974 2878 1393 2950 Ἀλεξάνδρειαν
1436 2882 1702 2952 Ἕλληνος
1731 2886 1913 2955 μάχην

689 2972 831 3028 Μεθ’
863 2972 1136 3041 Ἐϐραίων
1167 2974 1372 3044 ἤραντο
1404 2979 1566 3031 Γαΐου
1596 2985 1776 3048 χάριν,

692 3077 803 3130 Καὶ
840 3074 1145 3146 Πετρώνιος
1174 3074 1376 3145 ἐστάλη
1408 3072 1546 3142 πρὸς
1571 3072 1736 3126 Γαΐου

693 3171 905 3240 Στήλην
931 3170 1147 3239 ἐγεῖραι
1170 3172 1236 3240 τῇ
1274 3168 1423 3221 πόλει
1454 3166 1595 3237 μέση
1633 3166 1810 3235 ξένην,

695 3265 1062 3318 Ἐστασίασαν
1093 3264 1143 3316 οί
1168 3262 1291 3315 λαοὶ
1327 3261 1462 3332 πρὸς
1494 3261 1621 3323 τοὺς
1652 3260 1861 3326 λόγοκ.

695 3357 1004 3428 Πετρώνιος
1027 3357 1229 3425 γράφει
1254 3354 1313 3408 δὲ
1346 3356 1517 3409 ταῦτα
1544 3354 1707 3421 Γαΐῳ.

706 3448 768 3507 ’0
788 3448 833 3503 δ’
864 3448 1187 3518 ἀντιγράφει
1208 3448 1344 3517 πρὸς
1377 3446 1540 3516 βάρος
1570 3443 1878 3513 Πετρωνίῳ.

706 3544 881 3613 ’Υπὲρ
912 3542 969 3597 δὲ
1000 3540 1187 3595 τούτου
1212 3543 1307 3593 καὶ
1337 3540 1525 3609 δέησιν
1548 3535 1865 3607 Ἀγρίππας

696 3640 981 3712 Προσῆγεν
1014 3637 1173 3700 εὐθὺς
1196 3636 1365 3703 ἀξιῶν
1397 3634 1538 3703 μετὰ
1579 3633 1762 3695 δέους,

693 3733 806 3786 Καὶ
828 3731 966 3800 φθὰς
989 3729 1048 3783 τὸ
1069 3728 1222 3800 βιοῦν
1262 3727 1586 3796 ἀνταμείϐει
1614 3725 1697 3795 τῷ
1725 3726 1898 3796 μόρῳ.

694 3826 808 3880 Καὶ
827 3823 1229 3886 σπουδάσαντος
1252 3821 1528 3891 Ἀγρίππα
1550 3818 1692 3872 κατὰ
1718 3819 1941 3889 κράτος,

705 3915 768 3967 '0
810 3914 1079 3977 Κλαύδιος
1109 3912 1320 3966 ἄνεισιν
1351 3913 1432 3974 εἰς
1462 3909 1661 3980 ’θρόνου
1693 3909 1924 3979 κράτος,

695 4010 806 4064 Καὶ
837 4007 1093 4078 βασιλεὺς
1132 4005 1391 4076 μέγιστος
1418 4003 1740 4073 Ἀγρίππας
1772 4001 1958 4056 πάλιν.

696 4103 842 4156 Πᾶσι
878 4102 923 4155 δ’
944 4100 1148 4170 ἀνῆκεν
1168 4098 1468 4168 ίιγγράφως
1499 4096 1786 4158 Ἰουδαίοις

698 4199 742 4251 Τ
747 4202 811 4268 ην
841 4196 899 4262 ἐξ
936 4195 1091 4257 ἔθους
1123 4192 1419 4262 σύμπασαν
1437 4189 1679 4263 ἀρχῆθεν
1709 4189 1880 4256 δόσιν,

699 4292 891 4354 Τιννὺς
936 4287 1248 4356 Ἀγρίππας
1279 4285 1379 4353 τὴν
1404 4282 1577 4352 καλὴν
1614 4282 1792 4353 πάντη
1825 4283 2029 4351 κρίσιν.

697 4383 852 4439 Μετὰ
891 4380 1087 4452 μικρὸν
1111 4376 1156 4432 δ’
1179 4378 1353 4432 άνεισι
1383 4373 1561 4428 λιπὼν
1601 4373 1917 4446 Ἀγρίππαν
1943 4392 1956 4405 ο

698 4479 829 4532 Θύει
858 4474 1189 4548 χαριστήρια
1218 4471 1295 4541 τῷ
1312 4468 1440 4539 Θεῷ
1462 4468 1607 4534 ξένα,

704 4573 810 4627 Καὶ
836 4574 936 4640 τὴν
958 4572 1171 4639 χρυσῆν
1199 4566 1391 4621 ἅλυσιν
1414 4567 1609 4635 αἰωρεῖ
1634 4565 1817 4636 δόμῳ,

700 4666 824 4719 Τῶν
849 4662 1107 4735 δωρητῶν
1140 4678 1197 4714 τε
1227 4659 1413 4723 στάσις
1439 4660 1502 4713 ἐκ
1536 4660 1646 4713 τῶν
1674 4658 1919 4713 εἰκόνων.

702 4759 983 4829 ’Υπαρχος
1014 4755 1174 4817 Σίλας
1192 4752 1418 4822 εὐγενὴς
1459 4752 1627 4807 πάλαι
1658 4751 1832 4820 φίλος.

703 4852 946 4914 Ὄνειδος
979 4849 1147 4904 αὐτοῦ
1179 4850 1276 4902 καὶ
1309 4848 1441 4915 κενὴ
1473 4849 1779 4919 παρρησία.

702 4940 1021 5015 Στόμαργος
1044 4944 1183 5013 ἀνὴρ
1215 4943 1273 4995 ὲν
1305 4941 1544 5012 φυλακῇ,
1579 4943 1670 4994 καὶ
1701 4940 1864 4992 πάλιν

713 5041 803 5092 Ἐν
834 5039 970 5091 πᾶσι
994 5034 1173 5106 πραῢς
1204 5035 1297 5087 καὶ
1328 5035 1490 5098 καλὸς
1523 5031 1590 5106 ἦν
1632 5032 1947 5104 Ἀγρίππας

701 5132 878 5187 Φλῶν
898 5130 1185 5202 τιμᾶσθαι,
1221 5127 1443 5200 δωρεῶν
1470 5129 1643 5191 δντως
1673 5127 1888 5197 βρύσις.

717 5225 839 5277 Ἐπὶ
869 5225 1146 5283 Στάτωνος
1169 5221 1214 5274 δ’
1236 5222 1315 5282 εἰς
1343 5219 1501 5273 πόλιν
1524 5218 1849 5287 ἀφιγμένοςν

706 5318 818 5371 Καὶ
860 5317 1229 5387 δημοτερπεῖς
1258 5314 1493 5368 ἐκτελῶν
1514 5313 1875 5384 πανηγύρεις,

705 5408 907 5480 Στολὴν
938 5408 1170 5470 ὑπενδὺς
1202 5408 1451 5478 ἀργυρᾶν
1478 5406 1725 5470 ὲξαισίαν

716 5503 1107 5570 Ἀνεκροτεῖτο,
1134 5499 1230 5553 καὶ
1260 5499 1389 5561 Θεὸς
1427 5498 1495 5569 ἦν
1533 5502 1590 5553 ὲν
1633 5499 1834 5567 λόγοις.

716 5592 1001 5644 Ἐντεῦθεν
1030 5590 1226 5644 οὐκοῦν
1255 5592 1319 5643 ὲκ
1346 5590 1519 5644 τόσων
1554 5590 1857 5662 τεραστίων

710 5683 850 5752 Πρδς
878 5684 969 5734 τὸν
997 5682 1171 5753 ’ᾍδην
1202 5680 1437 5753 βέϐηκεν
1467 5684 1531 5734 ἐκ
1567 5683 1727 5734 νόσου
1755 5680 1987 5753 τρέχων.

716 5774 778 5829 Ὀ
812 5777 941 5836 παῖς
974 5773 1020 5827 δ’
1061 5773 1370 5844 Ἀγρίππας
1398 5774 1590 5846 ἀτελὴς
1623 5775 1761 5844 πρὸς
1788 5778 1853 5845 τῇ
1900 5775 2085 5845 Ῥώμῃ

719 5868 777 5923 Ὀ
809 5868 851 5920 δ’
878 5868 944 5922 αὖ
974 5868 1140 5929 Φᾶδος
1172 5868 1441 5931 Κούσπιος
1474 5872 1551 5932 είς
1593 5869 1844 5922 Ἰουδαίαν

2307 557 2349 609 Δ
2386 554 2587 627 Στολὴν
2612 559 2807 629 θεῖκὴν
2840 563 2919 623 εἰς
2949 562 3245 618 Ἀντωνίαν
3279 565 3453 635 φέρει.

2384 650 2516 704 Λύει
2547 653 2713 706 πάλιν
2743 655 2800 707 δὲ
2842 657 2964 720 ταῖς
2994 660 3233 728 γραφαῖς
3266 658 3364 712 τοῦ
3393 658 3687 712 Κλαυδίου.

2392 742 2454 797 ὀ
2478 745 2525 800 δ’
2554 744 2623 801 αὖ
2664 745 3207 819 Ἡρώδης·σύγγονος
3236 750 3333 805 τοῦ
3367 750 3653 819 Ἀγρίππα

2380 841 2463 895 Τά
2485 842 2581 895 τοῦ
2618 842 2726 897 νεὼ
2750 843 2971 897 δέδεκτο
3004 844 3100 899 καὶ
3126 846 3539 917 πρεσϐυτέρων.

2379 934 2502 989 Τῶν
2529 936 2813 1009 Διαϐηνῶν
2843 938 2874 1009 ή
2898 937 3109 1006 βασιλὶς
3143 940 3333 993 ἐνθάδε

2380 1027 2487 1083 Σὺν
2520 1028 2697 1100 Ἰζάτῃ
2721 1031 2975 1099 πρόσεισι
3002 1032 3079 1103 τῷ
3117 1033 3259 1104 φίλῳ
3287 1034 3453 1104 γόνῳ,

2380 1121 2558 1191 Λιμοῦ
2594 1123 2946 1193 παραμύθιον
2984 1127 3068 1190 είς
3107 1127 3396 1183 Ἰουδαίαν.

2384 1214 2526 1281 Πρός
2558 1232 2703 1278 τινος
2725 1216 3048 1288 ἀνήχθησαν
3081 1220 3161 1282 εἰς
3184 1219 3321 1273 Θεοῦ
3362 1221 3586 1291 νόμους,

2379 1308 2459 1360 Τά
2491 1308 2633 1363 κατὰ
2664 1310 2936 1382 Πάρθους,
2959 1313 3054 1366 καὶ
3090 1313 3255 1368 πάλιν
3293 1314 3445 1380 τέλος
3484 1316 3629 1387 βίου,

2379 1400 2587 1466 Θευδᾶς
2616 1403 2865 1472 ἀφιστῶν
2893 1406 3021 1470 τοὺς
3050 1407 3217 1470 λαοὺς
3245 1408 3591 1477 ἀποστάτης.

2379 1493 2623 1559 Θάνατος
2645 1496 2834 1560 αὐτοῦ,
2862 1498 2956 1551 καὶ
2987 1500 3136 1570 κάρα
3170 1501 3309 1573 πρὸς
3335 1504 3401 1574 τῇ
3432 1493 3614 1556 πόλει.

2380 1588 2539 1643 Μετὰ
2560 1590 2836 1645 Κούσπιον
2862 1595 2889 1645 ὁ
2920 1591 3174 1664 Τιϐέριος
3206 1596 3390 1653 πάλιν.

2392 1680 2560 1735 Ἰούδα
2592 1685 2801 1748 παῖδες.
2836 1686 2946 1739 τῶν
2968 1687 3118 1742 λαῶν
3140 1689 3306 1743 πάλιν
3341 1689 3553 1755 στάσις.

2379 1774 2634 1845 Διάδοχος
2663 1778 2951 1846 Κούμανος
2980 1775 3050 1851 ἦν
3076 1779 3353 1852 Τιϐερίου.

2379 1868 2570 1923 Θανὼν
2604 1868 2856 1941 Ἡρώδης
2898 1870 3163 1941 σύγγονος
3189 1875 3284 1928 τοῦ
3317 1874 3625 1946 Ἀγρίππα,

2378 1964 2572 2018 Λείπει
2602 1964 2664 2017 τὸ
2690 1965 2893 2034 κράτος
2921 1965 3202 2039 Ἀγρίππᾳ
3232 1971 3507 2041 νεωτέρῳ,

2378 2056 2486 2110 Τοῦ
2524 2058 2791 2111 Κλαυδίου
2823 2058 3105 2130 Καίσαρος
3132 2061 3505 2125 ἐνδεδωκότος.

2391 2148 2483 2200 Ἐν
2515 2149 2595 2219 τῷ
2635 2148 2741 2218 νεῷ
2773 2148 2992 2217 κίνησις
3034 2154 3096 2204 ὲκ
3130 2152 3368 2222 στρατοῦ
3406 2153 3601 2221 φόϐου,

2376 2241 2556 2311 Φθορά
2599 2259 2658 2295 τε
2690 2242 2928 2308 πολλῶν,
2962 2245 3054 2297 καὶ
3082 2243 3246 2298 πάλιν
3286 2243 3421 2315 άλλη
3449 2244 3576 2315 δίκη

2380 2334 2851 2405 Παρανομούντων
2882 2337 2977 2390 καί
3006 2353 3167 2390 τινων
3198 2337 3277 2399 εἰς
3307 2337 3400 2389 τὸν
3421 2337 3615 2407 νόμον.

2376 2427 2680 2481 Γαλιλαίων
2711 2429 2907 2490 στάσις
2945 2445 3004 2480 τε
3038 2430 3131 2481 καὶ
3159 2429 3437 2482 Ἰουδαίων
3463 2446 3479 2461 ⁸

2381 2519 2604 2587 Ἀφιξις
2635 2521 2820 2574 αὐτῶν
2863 2520 3001 2592 πρδς
3028 2520 3298 2575 Κλαύδιον
3330 2523 3386 2574 ἒν
3429 2521 3648 2597 Ῥώμῃ,

2379 2615 2624 2685 Κόμανος
2657 2615 2814 2679 ἐκτὸς
2838 2618 2931 2667 καὶ
2964 2615 3135 2683 Φῆλιξ
3154 2617 3232 2678 είς
3271 2615 3330 2668 τὸ
3354 2618 3578 2686 κράτος.

2394 2706 2452 2759 'U
2477 2707 2523 2758 δ’
2562 2708 2877 2776 Ἀγρίππας
2906 2706 3065 2759 ἔλαϐε
3100 2707 3196 2769 τάς
3224 2705 3563 2775 τετραρχίας

2379 2797 2492 2868 Τὴν
2522 2798 2616 2853 τοῦ
2646 2798 2939 2864 Φιλίππου,
2970 2799 3107 2869 πρὸς
3129 2798 3185 2849 δὲ
3220 2797 3315 2850 τοῦ
3346 2798 3644 2856 Λυσανίου.

2379 2891 2543 2959 Φῆλιξ
2572 2891 2910 2963 Δρουσίλλαν
2937 2890 3223 2959 Ἀγρίππα
3244 2890 3415 2961 κόρην
3453 2891 3604 2958 ἄγει.

2380 2984 2570 3055 Νέρων
2601 2983 2739 3054 μετὰ
2763 2982 3031 3037 Κλαύδιον
3056 2986 3213 3054 άρχει
3242 2983 3341 3052 τῆς
3382 2983 3628 3055 Ῥώμης,

2381 3078 2585 3147 Γόητες
2620 3079 2961 3146 εἰσέφρησαν
2989 3078 3185 3146 ἄνδρες
3234 3076 3515 3145 Ἑϐραίοις

2394 3169 2833 3237 Ἐξσπατῶντες,
2863 3169 3242 3239 ἀνεγείροντες
3282 3170 3533 3233 στάσεις,

2306 3268 2349 3323 C
2383 3263 2617 3336 Λῃστῶν
2660 3264 2848 3331 στῖφος
2877 3264 3127 3332 ἄπειρον,
3159 3261 3294 3315 ἄλλα
3327 3262 3524 3334 μυρία.

2399 3360 2650 3413 Ἰωνάθου
2689 3359 2922 3422 θάνατος
2953 3358 3210 3412 ἐντεῦθεν
3240 3357 3429 3413 θύτου.

2388 3454 2557 3526 ΙἌλλη
2585 3457 2775 3517 στάσις
2810 3454 2969 3507 πάλιν
3002 3453 3057 3506 δὲ
3099 3452 3287 3525 Σύρων
3332 3451 3600 3523 Ἐϐραίων

2394 3551 2483 3604 Ἐν
2512 3548 2839 3620 Καισαρείᾳ,
2867 3548 2965 3602 καὶ
2996 3548 3163 3611 πολὺς
3187 3546 3367 3600 αὐτῶν
3391 3546 3612 3618 φθόρος.

2382 3642 2782 3713 Πρεσϐυτέρων
2812 3640 2997 3694 ἐνθαδὶ
3038 3639 3206 3694 πάλιν
3244 3640 3457 3705 στάσις,

2380 3733 2487 3786 Τὸν
2518 3732 2727 3802 Φήλικα
2752 3732 2986 3803 Πόρκιος
3004 3731 3262 3788 ἀλλάσσει
3286 3735 3520 3804 Φῆστος,

2381 3827 2492 3879 Καὶ
2525 3824 2622 3897 βοὴ
2647 3824 2784 3897 πρὸς
2804 3825 3033 3897 Νέρωνα
3065 3828 3171 3880 τῶν
3223 3827 3494 3881 Ἰουδαίων

2382 3921 2539 3973 Κατὰ
2568 3920 2808 3990 Φήλικος
2836 3921 2946 3973 τῶν
2975 3921 3068 3991 βίᾳ
3094 3921 3528 3990 πεπραγμένων.

2395 4012 2687 4081 Ἐπιστολὴ
2728 4012 2986 4083 Νέρωνος
3033 4013 3176 4083 ὑπὲρ
3209 4013 3318 4066 τῶν
3351 4014 3565 4084 Σύρων,

2384 4107 2547 4167 "Hm;
2579 4104 2855 4175 κατῆρξεν
2894 4105 3169 4176 Ἑϐραίοις
3193 4108 3375 4160 πᾶσαν
3410 4108 3615 4179 μάχην.

2395 4199 2684 4254 Ἐντεῦθεν
2707 4198 3027 4271 ἀνέρρωσεν
3054 4201 3134 4262 εἰς
3168 4200 3314 4269 μέγα
3344 4201 3511 4269 πάλιν

2384 4292 2659 4362 Σικαρίων
2686 4289 2932 4360 ὄλεθρος,
2963 4293 3061 4345 καὶ
3093 4290 3281 4355 στάσις
3317 4292 3506 4348 πάλιν.

2394 4385 2454 4438 ’0
2484 4384 2530 4439 δ’
2571 4384 2889 4454 Ἀγρίππας
2912 4386 3139 4455 ἤγειρεν
3168 4385 3385 4457 οἴκημα
3410 4388 3576 4457 μέγα,

2385 4478 2562 4548 Ὅπερ
2600 4476 2764 4529 πάλιν
2790 4476 3123 4547 φράττουσιν
3161 4477 3404 4544 Ἑϐραῖοι
3430 4479 3582 4552 δίκῃ.

2397 4569 2570 4641 Ὑπὲρ
2602 4569 2660 4623 δὲ
2684 4568 2874 4623 τούτου
2902 4571 2996 4622 καλ⁵
3033 4569 3170 4640 πρὸς
3202 4570 3433 4640 Νέρωνα
3455 4571 3626 4640 λόγοι.

2392 4666 2592 4727 Ἀννας
2624 4662 2792 4726 θύτης
2814 4662 2871 4716 δὲ
2902 4661 2995 4715 τὸν
3009 4662 3140 4715 λαὸν
3189 4665 3393 4734 στήσας
3420 4664 3560 4734 ἅμα,

2389 4755 2495 4808 Τδν
2522 4754 2786 4809 Ἰάκωϐον
2818 4756 3051 4826 ἀδελφὺν
3072 4754 3165 4809 τοῦ
3200 4758 3411 4828 Κυρίου

2390 4848 2575 4912 Λίθοις
2602 4847 2782 4918 βαλὼν
2820 4848 3064 4903 ἔκτεινεν
3090 4852 3146 4903 ἐν
3185 4849 3317 4918 θείῳ
3352 4850 3527 4921 δόμῳ.

2390 4940 2547 4994 Μετὰ
2573 4942 2629 4995 δὲ
2650 4941 2860 5011 Φῆστον
2900 4942 3144 5004 Ἀλϐῖνος
3166 4945 3231 4997 ἐκ
3260 4945 3357 4998 καὶ
3400 4944 3624 5015 Ῥώμης

2391 5034 2618 5105 Τέμνων
2651 5035 2717 5089 τὰ
2747 5032 2919 5088 πολλά
2949 5034 3056 5089 τῶν
3090 5035 3274 5089 κακῶν
3303 5033 3581 5102 ζιζανίων,

2392 5125 2726 5189 Μεταθέσεις
2752 5143 2809 5179 τε
2844 5128 3088 5196 συνεχεῖς
3110 5127 3527 5200 πρεσϐυτέρων.

2389 5218 2673 5288 ’Λγρίππα
2708 5217 3076 5288 κατάρχοντος
3106 5219 3341 5282 ἄνακτος
3370 5220 3514 5285 τότε,

2390 5311 2627 5373 Πολλοὺς
2666 5310 2914 5373 Ἀλϐῖνος
2940 5310 3166 5364 θανατοῖ
3192 5312 3302 5365 τῶν
3326 5311 3590 5382 δεσμίων.

2390 5406 2544 5459 Μετὰ
2573 5404 2630 5458 δὲ
2684 5403 2873 5457 τοῦτον
2908 5405 3212 5475 στρατηγὸς
3247 5404 3407 5467 ἄλλος
3439 5406 3681 5476 Φλῶρος,

2392 5495 2599 5560 Κακδς,
2627 5494 2845 5565 μιαρὸς,
2876 5493 2951 5557 ώς
2974 5492 3147 5564 βαρὺς
3168 5498 3282 5558 τοῖς
3324 5494 3625 5565 Ἑϐραίοις,

2392 5590 2502 5642 Καὶ
2522 5590 2574 5641 τί
2603 5588 2673 5642 τά
2706 5586 2878 5641 πολλὰ
2903 5589 2994 5640 καὶ
3027 5586 3164 5658 πρὸς
3204 5586 3514 5657 Ῥωμαίους
3542 5588 3726 5660 μάχης

2391 5682 2575 5743 Δίτιος
2607 5680 2767 5742 αὐτὸς
2790 5679 3052 5748 ἐμφανῶς
3077 5683 3141 5733 ὲκ
3169 5681 3392 5745 κακίας.

2394 5777 2697 5845 ’Λρχοντος
2730 5771 3018 5825 ἑνδέκατον
3050 5771 3301 5841 Νέρωνος
3326 5773 3543 5844 χρόνον,

2390 5864 2612 5936 Φλώρου
2639 5865 2694 5919 δὲ
2717 5863 2939 5920 διπλοῦν
2978 5864 3271 5932 ὲξανύαντα
3296 5867 3482 5922 πάλιν.

3872 445 3971 512 632
