4278 6442
716 397 823 459 635
1539 417 1881 482 CALLIS’I‘I
1927 427 2024 485 ΕΤ
2065 429 2366 491 IGNATII

2280 433 2366 491 ΓΙΙ
2432 438 3136 501 XANTUOIULCRL'M
3864 454 3969 518 G36

720 559 2044 598 .___..___________________

1016 760 1358 890 ΤΩΝ
1413 769 1626 897 ΕΝ
1698 771 2595 914 ΜΟΝΑΧΟΙΣ
2679 781 3670 923 ΚΑΛΛΙΣΤΟΥ

1806 1021 2088 1136 ΚΑΙ
2143 1026 2874 1149 ΙΓΝΑΤΙΟΥ

1627 1242 1888 1329 ΤΩΝ
1987 1234 3043 1346 ΞΑΝΘΟΠΟΥΛΩΝ

1511 1418 1830 1478 ΜΕΘΟΔΟΣ
1898 1428 2018 1483 ΚΑΙ
2071 1429 2350 1497 ΚΛΝΩΝ,
2418 1433 2558 1488 ΣΥΝ
2622 1437 2773 1511 ΘΕῼ,
2828 1441 3157 1508 ΑΚΡΙΒΗΣ,

1195 1574 1307 1628 Καὶ
1346 1577 1496 1646 παρὰ
1529 1579 1636 1633 τῶν
1669 1581 1844 1650 ἁγίων
1885 1583 2025 1654 ἔχων
2048 1585 2146 1648 τὰς
2192 1592 2520 1660 μαρτυρίας,
2559 1595 2687 1660 περὶ
2732 1596 2839 1648 τῶν
2885 1599 3225 1668 αἱρουμένων
3263 1601 3482 1675 ἡσύχως

776 1659 1002 1728 βιῶναι,
1044 1664 1137 1717 καὶ
1171 1670 1534 1734 μοναστικῶς,
1568 1675 1704 1743 περί
1737 1691 1796 1726 τε
1825 1677 2069 1747 ἀγωγῆς,
2098 1679 2194 1731 καὶ
2247 1681 2552 1748 πολιτείας,
2606 1686 2700 1738 καὶ
2729 1686 2940 1758 διαίτης
2998 1692 3180 1745 αὐτῶν
3212 1711 3227 1726 ο
3269 1697 3366 1747 καὶ
3415 1698 3542 1767 περὶ
3592 1697 3710 1763 τοῦ,
3760 1699 3902 1751 ὅσων

1094 1757 1186 1808 καὶ
1236 1759 1442 1827 ἡλίκων
1491 1764 1714 1832 ἀγαθῶν
1763 1767 2080 1841 πρόξενοςή
2117 1772 2322 1842 ἡσυχία
2364 1774 2708 1841 καθίσταται,
2743 1783 2856 1843 τοῖς
2899 1757 3043 1851 λόγῳ
3067 1786 3345 1852 μετιοῦσιν
3371 1757 3573 1859 αὑτίλνο
3682 1794 3687 1805 '

1420 1879 1792 1950 Διακέκριται
1856 1883 1926 1938 δὲ
1970 1888 2008 1956 ἠ
2051 1888 2333 1956 παροῦσα
2385 1888 2494 1945 τοῦ
2530 1892 2721 1961 λόγου
2776 1899 3146 1964 πραγματεία
3175 1899 3245 1952 ἐν

1009 1969 1357 2035 κεφαλαίοις
1385 1969 1602 2026 ἑκατόν
1627 1990 1643 2006 ο
1674 1975 1741 2028 τὸ
1775 1975 1844 2029 δὲ
1876 1978 1984 2032 τοῦ
2021 1980 2207 2046 λόγου
2258 1981 2580 2049 Προοίμιον
2601 2022 2616 2046 ,
2646 1983 2794 2052 ὅπερ
2846 1987 2946 2039 καὶ
2996 1987 3232 2057 πρώτου
3290 1995 3628 2059 κεραιαίου

1208 2064 1462 2132 ἀριθμὸν
1487 2067 1789 2133 κέκτηται,
1816 2071 1969 2135 ἐστι,
2003 2073 2136 2139 περὶ
2169 2071 2280 2140 τῆς
2336 2073 2413 2128 δι’
2443 2076 2624 2144 ἁγίου
2674 2079 3028 2146 Πνεύματος
3078 2081 3204 2147 τοῖς
3241 2086 3484 2152 πιστοῖς

1311 2156 1784 2227 ἐνυπαρχούσης
1817 2163 2001 2230 θείας,
2033 2166 2132 2217 καὶ
2179 2168 2535 2237 ὑπερφυοῦς
2569 2168 2796 2237 δωρεᾶς
2857 2188 2918 2226 τε
2963 2171 3060 2226 ταὶ
3107 2176 3369 2244 χαρίτος.

2289 2353 2359 2368 α

2064 2486 2606 2553 MONACHORUM

1316 2658 2191 2822 CALLISTI
2267 2669 2519 2821 ET
2604 2670 3354 2832 IGNATII

1685 2977 2976 3103 XANTHOPULORUM

1032 3217 1602 3299 METHODUS
1660 3222 1788 3300 ET
1837 3226 2239 3304 REGULA
2293 3229 2506 3305 CUM
2556 3231 2757 3307 Ι)Εο
2838 3233 3654 3318 ACCURATISSIMA

1169 3402 1624 3461 Etsnnctnrnm
1665 3403 2003 3465 continens
2038 3405 2435 3479 testimonia,
2462 3409 2540 3469 de
2579 3409 2680 3470 his
2716 3410 2825 3487 qui
2860 3410 3204 3487 elegerunt,
3238 3413 3494 3489 paciﬁce

880 3497 1096 3559 vivere
1129 3506 1189 3560 et
1218 3500 1596 3575 monastice;
1625 3503 1702 3563 de
1729 3503 2088 3566 directione
2123 3514 2181 3565 et
2211 3507 2332 3568 vita
2362 3513 2425 3570 et
2459 3509 2770 3584 regimine
2807 3527 3025 3571 eorum
3065 3528 3083 3586 ;
3149 3517 3207 3573 et
3241 3523 3399 3589 quot
3445 3526 3812 3598 quantaque

1109 3601 1273 3662 bona
1330 3611 1578 3680 praestat
1638 3603 2064 3682 lranquillitns
2136 3607 2218 3668 iis
2266 3607 2378 3686 qui
2456 3610 2704 3670 ratione
2762 3610 2825 3671 in
2893 3629 3032 3674 eam
3095 3612 3568 3690 ingrediuntur.

1373 3729 1701 3790 Dividitur
1762 3739 1966 3789 autem
2006 3747 2280 3807 presens
2330 3734 2596 3793 materia
2653 3734 2722 3793 in
2771 3744 3015 3796 centum
3084 3737 3316 3817 capita.

796 3836 912 3896 Est
965 3844 1172 3896 autem
1231 3835 1414 3916 hujus
1465 3844 1771 3897 tractatus
1797 3837 2182 3911 prooemium,
2213 3837 2382 3916 quod
2415 3848 2472 3899 et
2501 3839 2696 3916 primi
2733 3841 2960 3918 capitis
2986 3859 3312 3900 numerum
3339 3842 3540 3919 habet,
3572 3846 3644 3908 de
3675 3848 3894 3912 divina

1121 3959 1190 3996 ac
1222 3938 1698 4015 supernaturalt'
1728 3936 1936 4013 gratia
1975 3957 2105 4018 qua:
2136 3959 2255 4020 per
2287 3942 2592 4020 Spiritum
2636 3954 2918 4004 sanctum
2955 3942 3239 4023 ﬁdet’ibus
3270 3943 3569 4012 donatur.

803 4258 852 4311 I.
921 4256 1209 4326 Oporteret
1266 4255 1485 4326 quidem
1548 4273 1686 4321 nos,
1755 4260 2056 4314 secundum
2110 4260 2294 4314 divina
2333 4267 2373 4319 Α
2486 4282 2492 4311 ι

2333 4267 2373 4319 Α
2486 4259 2556 4314 α’.
2587 4259 2734 4314 Ἔδει
2767 4257 2864 4328 μὲν
2896 4260 3066 4328 ἡμᾶς,
3102 4257 3244 4310 κατὰ
3283 4258 3408 4318 τοὺς
3449 4255 3626 4319 Θείους
3660 4257 3824 4324 φάναι
3864 4274 4004 4326 χρη-

727 4351 969 4410 oramila.
1001 4351 1068 4403 ab
1098 4350 1216 4415 ipso
1256 4349 1365 4404 Deo
1409 4351 1652 4417 edoctus,
1707 4353 1906 4420 quippe
1959 4355 2050 4422 qui
2100 4369 2294 4409 novam

728 4446 897 4513 lcgl'lll
954 4443 1297 4497 inell‘abiliter
1354 4444 1407 4498 in
1480 4445 1642 4499 corde
1694 4445 2012 4514 inscriptum
2056 4447 2296 4500 circum-

2414 4356 2607 4424 σμοὺς,
2669 4353 3042 4411 Οεοδιδάκτους
3078 4349 3472 4419 τυγχάνοντας,
3501 4349 3577 4411 ὡς
3647 4349 3738 4401 τὸν
3809 4350 4001 4401 καινὸν

2413 4448 2578 4518 νόμον
2623 4447 2878 4518 ἀρρήτως
2919 4445 2976 4497 ὲν
3008 4442 3207 4514 καρδίᾳ.
3265 4440 3743 4511 ἐγγεγραμμένον,
3785 4441 4002 4512 πυρσοῦ

729 4538 997 4598 feramus,
1069 4545 1126 4589 et
1175 4537 1242 4591 ab
1299 4537 1510 4603 optimo
1560 4539 1981 4609 rectissitnoque
2032 4557 2051 4590 ι
2103 4539 2297 4607 spiritu
2410 4560 2418 4577 ι

2410 4541 2867 4611 τηλαυγέστερον,
2896 4540 3315 4609 περιφέροντας,
3347 4540 3442 4589 καὶ
3463 4534 3678 4605 ἀγαθῷ,
3715 4535 3809 4587 καὶ
3834 4536 4002 4588 εὐθυ-

729 4628 877 4681 ιΙιιιιί
923 4629 1121 4690 simus,
1172 4638 1228 4681 ut
1280 4629 1374 4683 lilii
1427 4638 1482 4683 et
1531 4630 1771 4684 litrredes
1817 4628 1932 4690 Dei.
1990 4630 2302 4687 coliazredes

728 4732 910 4773 autem
959 4720 1182 4783 Christi,
1213 4739 1231 4772 ι
1272 4722 1520 4790 angelico
1553 4723 1714 4775 modo
1751 4724 1952 4789 vivere,
1981 4739 2044 4777 ac
2079 4724 2302 4781 minimo

731 4812 824 4862 illo
877 4826 1034 4879 egere
1067 4813 1160 4881 qui
1223 4827 1323 4865 nos
1382 4811 1436 4865 id
1489 4813 1683 4867 doceat
1726 4831 1741 4870 :
1786 4813 1957 4868 Nosce
1997 4815 2300 4871 Dominum.

730 4901 888 4956 Nunc
923 4912 1098 4958 autem
1123 4918 1153 4955 a
1183 4903 1385 4957 teneris
1415 4915 1444 4954 a
1481 4902 1625 4956 bono
1672 4917 1976 4972 regressus,
2008 4913 2061 4958 ct
2084 4905 2148 4958 ad
2188 4920 2304 4958 ma-

730 4994 842 5048 lum
882 4993 1163 5047 inclinatio
1215 4995 1270 5047 in
1304 4993 1462 5048 nobis
1499 5000 1624 5059 est;
1676 4993 1876 5049 deinde
1935 5006 1992 5050 et
2044 4996 2300 5051 horrendi

733 5083 901 5138 Belial
928 5084 1173 5153 deceptio
1192 5093 1244 5137 et
1268 5100 1330 5138 ea
1349 5101 1512 5153 quam
1541 5086 1594 5140 in
1626 5102 1726 5140 nos
1751 5087 2128 5143 tndesinenter
2149 5105 2303 5142 exer-

735 5188 841 5244 Cet,
907 5179 1172 5248 tyrannis,
1223 5178 1382 5248 longe
1438 5194 1468 5232 a
1552 5180 1887 5237 salutaribus
1952 5196 2017 5237 ac
2101 5182 2302 5236 divinis

739 5270 1013 5324 mandatis
1043 5286 1265 5325 currere
1305 5286 1405 5325 nos
1437 5270 1705 5340 disposuit
1738 5279 1793 5327 et
1826 5273 1894 5328 ad
1932 5273 2146 5329 funesta
2181 5290 2304 5344 pro-

739 5375 928 5432 perare
953 5362 1279 5429 praecipitia;
1316 5371 1371 5417 et
1412 5364 1555 5431 quod
1579 5363 1944 5421 miserabilius
1979 5375 2083 5433 est,
2115 5379 2302 5421 contra

739 5453 856 5508 haec
883 5453 1136 5507 mandata
1154 5463 1207 5507 et
1237 5462 1297 5506 ut
1325 5455 1620 5524 cogitemus
1639 5465 1694 5511 et
1715 5467 1774 5510 ut
1801 5471 2045 5527 agamus
2068 5459 2300 5524 excitat;

748 5547 895 5599 unde
920 5553 974 5598 et
999 5544 1153 5613 juxta
1216 5544 1432 5600 divinas
1483 5561 1666 5614 voces,
1701 5563 1808 5602 non
1839 5557 1924 5605 est
1957 5551 2050 5619 qui
2106 5550 2304 5605 intelli-

2413 4635 2563 4704 τάτῳ
2595 4630 3157 4703 πηδαλιουχουμένους
3204 4627 3519 4698 Πνεύματι,
3564 4623 3655 4680 οἷα
3681 4628 3867 4688 τέκνα.
3905 4631 4005 4683 καὶ

2413 4725 2782 4797 κληρονόμους
2824 4723 2923 4793 μὲν
2951 4719 3109 4784 Θεοῦ,
3137 4719 3612 4791 συγκληρονὸμους
3647 4717 3704 4771 δὲ
3735 4720 4001 4790 Χριστοῦ,

2414 4819 2878 4888 ἀγγελομιμήτως
2904 4832 2963 4868 τε
3003 4812 3383 4868 πολιτεύεσθαι
3403 4853 3418 4877 ,
3461 4810 3574 4880 Ιῖσ.
3601 4811 3718 4882 καὶ]
3750 4812 4004 4880 μηόόὶως

2414 4911 2622 4966 δεῖσθαι
2650 4909 2745 4962 τοῦ
2774 4908 3076 4975 ὃιδάξοντος
3097 4947 3111 4970 ,
3165 4905 3334 4974 γνῶθι
3366 4903 3478 4976 [τσ.
3497 4901 3724 4974 γνῶναι]
3753 4903 3845 4956 τὸν
3883 4903 4004 4958 Κύ-

2418 5021 2555 5076 ριον.
2583 5003 2698 5055 Νῦν
2738 5001 2794 5054 δὲ
2823 5003 2856 5070 ὴ
2890 5003 2954 5054 ὲκ
2990 4997 3215 5070 πρώτης
3235 4995 3392 5068 ἡμῶν
3417 4994 3602 5066 τριχὸς
3640 4993 3769 5066 περί
3817 5011 3884 5063 γε
3941 4995 4006 5048 τὺ

2419 5098 2668 5168 κρεῖττον
2697 5093 3156 5161 ἀποϐουκόλησις,
3207 5092 3304 5143 καὶ
3334 5089 3367 5158 ἠ
3410 5089 3491 5148 εἰς
3512 5088 3574 5141 τὸ
3604 5089 3784 5158 χεῖρον
3816 5104 4004 5156 παρα-

2415 5191 2623 5260 τροπή’
2655 5187 2790 5255 πρὸς
2811 5185 2892 5252 δὲ,
2915 5184 3011 5238 καὶ
3037 5185 3064 5236 ὁ
3088 5181 3183 5236 τοῦ
3204 5181 3379 5236 δεινοῦ
3403 5181 3602 5250 Βελίαρ
3632 5177 4000 5248 φενακισμὸς,

2418 5282 2514 5335 καὶ
2546 5282 2577 5349 ἡ
2598 5279 2720 5332 καθ’
2743 5278 2897 5348 ἡμῶν
2912 5275 3164 5346 τυραννὶς
3186 5273 3470 5337 ἄσπονδος,
3505 5272 3695 5344 πὸρῤω
3715 5269 3862 5323 Θέειν
3889 5270 4004 5323 τῶν

2423 5372 2733 5444 σωτηρίων,
2765 5371 2860 5424 καὶ
2909 5367 3187 5438 θεουργῶν
3235 5365 3468 5419 ἐντολῶν
3517 5364 3665 5435 ἡμᾶς
3721 5362 4006 5426 κακίστως

2421 5465 2648 5528 διέθετο,
2702 5462 2847 5517 κατά
2876 5479 2936 5515 τε
2981 5459 3245 5532 κρημνῶν
3281 5456 3647 5528 ψυχωλίθρων
3696 5453 3963 5523 φέρεσθαι
3987 5471 4001 5486 ·

2422 5561 2518 5616 καὶ
2558 5561 2620 5613 τὸ
2659 5559 3010 5629 οἰκτρότατον
3034 5598 3049 5622 ,
3104 5555 3224 5609 καθ’
3248 5554 3461 5608 ἑαυτῶν
3499 5553 3593 5605 καὶ
3630 5551 3875 5621 φρονεῖν,
3908 5551 4006 5603 καὶ

745 5646 854 5707 gat,
886 5651 991 5689 non
1037 5645 1118 5690 est
1149 5623 1240 5706 qui
1279 5637 1442 5691 Deum
1483 5637 1760 5707 inquirat;
1795 5656 1901 5694 una
1937 5641 2082 5694 enim
2117 5657 2309 5697 omnes
2342 5661 2384 5716 Β
2425 5672 2434 5706 τ

2342 5661 2384 5716 Β
2425 5653 2685 5726 πράττειν
2729 5623 3003 5721 ἠρέθισεν,
3021 5649 3142 5702 ὅθεν
3164 5647 3277 5714 καὶ,
3323 5645 3466 5699 κατὰ
3506 5644 3569 5698 τὸ
3601 5643 3747 5696 Θεῖον
3794 5642 4000 5711 λόγιον,

749 5743 779 5781 a
835 5737 980 5782 recta
1029 5729 1108 5781 via
1157 5729 1512 5795 declinantes,
1563 5731 1888 5797 defecimus,
1921 5745 1974 5786 et
2016 5735 2127 5803 jam
2187 5751 2315 5788 caro
2419 5757 2438 5792 c

2308 5753 2315 5785 ι
2419 5741 2520 5792 οὐκ
2552 5740 2696 5790 ἔστιν
2722 5739 2751 5788 ὁ
2784 5737 3003 5798 συνιὼν,
3037 5739 3135 5790 οὐκ
3186 5737 3336 5790 ἐστιν
3361 5739 3389 5789 ὁ
3411 5737 3663 5805 Ξκζητῶν
3703 5735 3796 5788 τὸν
3827 5735 3964 5788 Θεόν
3984 5752 3997 5769 ·

747 5818 923 5872 eﬂecti
960 5829 1013 5872 et
1050 5820 1264 5873 lucente
1311 5837 1374 5876 ac
1402 5823 1586 5877 divina
1645 5827 1820 5893 gratia
1873 5827 2088 5892 primti,
2128 5839 2311 5882 mutua
2421 5833 2436 5885 Ε

2421 5831 2537 5900 ἅμα
2567 5830 2674 5897 γὰρ
2711 5831 2908 5890 πάντες
2957 5829 3201 5899 ἀτραποῦ
3234 5828 3333 5896 τῆς
3374 5828 3588 5890 εὐθείας
3627 5827 4001 5891 ἐκκλίναντες,

751 5909 819 5963 ad
861 5910 1058 5964 bonum
1098 5912 1425 5967 excitatione
1462 5923 1514 5969 ct
1548 5929 1648 5983 ope
1693 5915 2010 5982 indigemus.

2420 5916 2821 5990 ἠχρειὼοημεν,
2857 5922 2948 5972 καὶ
2980 5920 3065 5972 διὰ
3089 5917 3247 5972 τοῦτο
3279 5919 3478 5988 σάρκες
3505 5918 3690 5972 ⁶πόλον
3721 5921 4007 5988 χρηματί-
