4278 6442
698 392 806 458 643

1550 395 1897 456 CALLlSTl
1944 394 2039 454 ΕΤ
2078 396 2375 458 IGNATll
2422 392 3119 457 XANTIIOPULORUM

3850 393 3957 457 0“

705 510 861 566 nobis
891 510 1290 566 incrementum
1342 510 1721 581 accipientem,
1761 511 1920 566 nobis
1944 526 2073 566 vero
2126 524 2280 566 rere-
2311 518 2349 572 Λ
2382 516 2394 567 J

2272 540 2280 550 -
2311 518 2349 572 Λ
2382 516 2617 584 Χριστὸς
2667 513 2871 575 τέλειος
2914 515 3048 575 Θεὸς
3097 513 3195 577 ὦν,
3224 510 3440 565 τελείαν
3468 512 3580 575 τοῖς
3615 510 3961 580 βαπτισθεῖσι

702 600 870 659 latam
900 609 955 657 et
982 603 1334 668 illustratam,
1364 617 1466 672 pro
1503 613 1701 658 nostro
1732 603 1788 656 in
1819 602 2020 658 divinis
2048 603 2270 657 manda-

701 696 775 750 tis
804 693 1006 758 labore.
1039 704 1090 749 et
1128 696 1527 751 incrementum
1564 695 1687 749 lidei
1716 694 1877 750 nobis
1895 705 2268 765 praestantem,

700 791 877 843 donec
898 801 1253 843 accurramus
1280 802 1473 843 omnes
1502 788 1554 842 in
1577 788 1837 843 unitatem
1865 788 2010 852 ﬁdei,
2045 789 2097 842 in
2124 804 2272 843 men-

707 894 889 936 suram
924 881 1099 935 aetatis
1125 882 1480 951 plenitudinis
1529 882 1758 938 Christi.
1822 882 1877 937 Si
1907 882 2036 953 quid
2107 884 2274 951 igitur

703 972 1073 1027 addiderintus
1102 973 1155 1027 in
1183 976 1301 1042 ipso
1327 976 1655 1044 regenerati,
1689 985 1744 1030 et
1771 975 1821 1028 id
1855 976 1924 1029 ab
1979 975 2104 1044 ipso
2156 984 2264 1040 est,

704 1070 757 1114 ct
778 1078 841 1115 ex
879 1062 997 1132 ipso
1038 1065 1091 1117 in
1124 1064 1277 1117 nobis
1303 1075 1423 1117 erat
1465 1065 1871 1120 absconditum.

2380 608 2479 676 τὴν
2502 607 2661 677 χάριν
2685 605 2781 660 τοῦ
2824 606 2980 673 ἁγίου
3009 603 3325 673 Πνεῦματος
3354 603 3689 674 ἐδωρήσατο,
3721 601 3964 673 προσθή-

2381 716 2484 767 κην
2515 699 2612 768 μὲν
2635 700 2765 771 παρ’
2793 700 2825 769 ή
2834 698 2950 768 μῶν
2971 698 3032 749 οὐ
3058 696 3467 765 λαμϐάνουσαν,
3513 692 3966 763 ἀποκαλυπτομέ-

2387 809 2478 861 υην
2507 791 2563 843 δὲ
2586 791 2718 861 ἡμῖν
2745 791 2842 843 καὶ
2867 788 3332 859 ἐμφανιζομένην,
3364 787 3508 842 κατά
3532 785 3826 854 ἀναλογίαν
3865 785 3967 854 τῆς

2386 882 2490 935 τῶν
2515 883 2746 936 ἐντολῶν
2768 882 3051 954 ἐργασίας,
3084 883 3176 934 καὶ
3223 879 3548 951 προσθήκην
3578 881 3712 949 ἡμῖν
3736 878 3837 948 τῆς
3871 878 3966 930 πί-

2384 990 2554 1039 στεως
2595 974 2976 1045 παρέχουσαν,
3021 974 3126 1037 ἓως
3176 973 3244 1026 ἂν
3297 973 3733 1042 καταντήσωμεν
3758 970 3969 1032 πάντες

2382 1069 2463 1132 εἰς
2488 1068 2588 1140 τὴν
2612 1068 2839 1137 ἑνότητα
2867 1068 2968 1137 τῆς
2996 1068 3255 1130 πίστεως,
3286 1068 3367 1131 είς
3400 1065 3601 1138 μέτρον
3632 1064 3853 1135 ήλικίας
3874 1063 3968 1116 τοῦ

695 1162 1067 1234 πληρώματος
1092 1163 1187 1217 τοῦ
1218 1165 1478 1236 Χριστοῦ.
1523 1183 1542 1217 ι
1588 1162 1655 1216 Εἴ
1693 1179 1749 1216 τι
1798 1160 1896 1217 οῦν
1926 1161 2313 1233 προσφέρομεν
2343 1164 2402 1217 ἐν
2431 1163 2581 1234 αὐτῷ
2631 1162 3112 1234 ἀναγεννηθέντες,
3137 1161 3235 1215 καὶ
3261 1159 3424 1215 τοῦτο
3455 1160 3559 1231 ήδη
3589 1156 3724 1230 παρ’
3762 1157 3952 1223 αὐτοῦ,

692 1258 789 1311 καὶ
812 1258 869 1323 ἐξ
885 1256 1049 1311 αὐτοῦ
1071 1254 1135 1329 ἦν
1156 1259 1215 1311 ἐν
1232 1260 1363 1329 ἡμῖν
1378 1258 1781 1327 κεκρυμμένον.

708 1355 859 1420 Quod
886 1362 1083 1421 oportet
1107 1368 1224 1403 eum
1263 1350 1659 1417 quisecmtdum
1699 1350 1870 1402 Deum
1930 1353 2060 1419 agit,
2094 1352 2275 1404 omnia

777 1425 887 1489 ejus
918 1420 1186 1475 mandata
1247 1422 1480 1488 exsequi,
1529 1420 1820 1472 maximam
1874 1432 2052 1473 autem
2103 1422 2277 1485 operis

774 1507 980 1563 partem
1006 1493 1190 1560 primis
1216 1507 1279 1543 ea:
1308 1491 1548 1544 omnibus
1598 1499 1647 1543 et
1670 1489 1825 1559 quasi
1849 1492 2276 1559 generationibus

773 1573 980 1623 oportet
1012 1563 1323 1615 attribuere.

780 1678 831 1730 7.
854 1674 1125 1742 Quoniam
1160 1673 1327 1742 igitur
1352 1672 1564 1726 initium
1598 1682 1651 1727 et
1679 1674 1832 1728 radix
1867 1675 2071 1740 omnis,
2104 1685 2162 1727 ut
2195 1674 2278 1728 di-

724 1767 929 1829 ximus,
964 1765 1129 1834 hujus
1161 1765 1485 1833 uegotii,est
1516 1764 1815 1819 secundum
1847 1764 2281 1820 salutariaman-

2385 1348 2513 1401 Ὀτι
2545 1347 2641 1401 δεῖ
2659 1349 2767 1402 τὸν
2816 1349 2967 1403 κατὰ
3011 1351 3160 1404 Θεὸν
3221 1352 3711 1419 πολιτευόμενον,
3764 1354 3963 1417 πείσας

2447 1419 2553 1491 τᾲς
2593 1420 2849 1491 ἐντολὰς
2884 1419 3151 1490 μετιέναι
3179 1440 3192 1452 ·
3234 1424 3303 1475 τὸ
3338 1421 3408 1476 δὲ
3464 1422 3759 1476 πλεῖστον
3785 1422 3971 1491 μέρος

2447 1488 2669 1559 tricem
2683 1488 2897 1555 ασίαςζ
2918 1492 3243 1559 ᾀπονέμειν
3271 1506 3420 1557 πως.
3456 1494 3584 1559 ταῖς
3616 1491 3735 1547 τῶν
3762 1488 3971 1547 ἄλλων

2455 1558 2732 1627 πρώταις,
2766 1562 2863 1614 καὶ
2887 1557 3018 1615 οἷον
3033 1557 3467 1632 τεν-ικωτέραις.

2458 1669 2522 1736 ζ’.
2567 1674 2721 1727 Ἐπεὶ
2748 1668 2862 1739 οὗν,
2892 1675 2927 1745 ἡ
2956 1675 3054 1745 μὲν
3091 1676 3235 1747 ἀρχὴ
3288 1678 3385 1731 καὶ
3420 1678 3452 1747 ἡ
3496 1677 3624 1748 ῥίζα
3651 1678 3858 1746 πάσης,
3890 1676 3969 1739 ὡς

2385 1761 2627 1833 ἐφημεν,
2667 1763 2831 1832 τῆσδε
2874 1767 2973 1836 τῆς
3005 1766 3414 1835 πραγματείας,
3446 1766 3507 1819 τὸ
3540 1767 3682 1819 κατά
3713 1767 3812 1830 τὰς
3856 1785 3969 1821 σω-

710 1861 833 1911 data
874 1873 1051 1926 agere,
1086 1858 1352 1911 terminus
1376 1872 1505 1911 vero
1542 1866 1597 1913 et
1644 1857 1877 1924 fructus,
1914 1873 2133 1914 sursum
2196 1875 2283 1915 re-
2313 1852 2357 1907 Β
2388 1871 2399 1904 1

2280 1890 2283 1900 .
2313 1852 2357 1907 Β
2388 1854 2609 1925 τηρίους
2636 1853 2857 1933 ἐντολὰς
2888 1854 3293 1919 πολιτεύεσθαι,
3341 1856 3404 1909 τὸ
3438 1856 3494 1910 δὲ
3541 1858 3742 1929 τέρμα,
3789 1860 3885 1914 καὶ
3938 1864 3969 1917 ὀ

716 1950 847 2004 \‘tat'li
885 1952 951 2004 ad
985 1966 1126 2012 eam,
1155 1965 1276 2019 quae
1306 1950 1543 2019 primum
1572 1965 1668 2018 per
1701 1949 1971 2019 baptisma
2008 1952 2167 2007 nobis
2190 1954 2285 2008 do-

710 2055 840 2097 nata
871 2053 973 2105 est,
1010 2042 1306 2111 perfectam
1333 2042 1570 2112 Spiritus
1597 2043 1854 2112 gratiam,
1885 2045 1938 2099 in
1970 2047 2128 2102 nobis
2157 2049 2284 2116 qui-

714 2140 833 2188 dem
869 2135 1221 2189 exsisteutetn
1262 2135 1403 2203 (sine
1436 2135 1760 2203 poenitentia
1792 2137 1937 2190 enim
1975 2146 2105 2192 sunt
2131 2141 2279 2193 dona

714 2231 854 2296 limi),
889 2229 982 2283 sed
1014 2228 1406 2297 cupiditatibus
1442 2228 1796 2298 insepultam,
1847 2232 2147 2287 revelatam
2182 2250 2282 2288 au-

714 2329 821 2370 tem
851 2318 1157 2370 divinarum
1188 2317 1363 2386 legum
1400 2317 1816 2386 adimpletione,
1849 2319 2008 2375 decet
2033 2336 2153 2388 nos,
2187 2337 2284 2391 pro

715 2407 937 2460 viribus.
963 2408 1208 2460 omnium
1230 2407 1603 2475 hujuscemodi
1624 2408 1802 2477 legum
1825 2413 2142 2480 operatione
2162 2429 2282 2467 eam

716 2500 769 2551 in
812 2499 972 2554 nobis
996 2498 1497 2553 tnanifestatiouem
1536 2497 1779 2569 Spiritus
1807 2503 1953 2556 omni
1996 2506 2156 2560 modo
2184 2523 2283 2562 ex-

716 2606 949 2659 purgare
970 2591 1154 2646 conari
1186 2602 1237 2645 et
1262 2606 1422 2661 quam
1449 2592 1776 2648 nitidissime
1808 2593 2099 2664 inspicere.
2128 2618 2146 2651 ι
2177 2599 2286 2654 Lu-

713 2699 876 2735 cerna
898 2684 1067 2747 enim,
1093 2683 1273 2753 inquit
1297 2683 1365 2738 ad
1398 2684 1564 2739 Deum
1607 2686 1799 2740 beatus
1831 2686 2020 2755 David,
2053 2692 2285 2758 pedibus

716 2774 849 2827 inuis
882 2775 959 2827 lex
999 2784 1114 2838 tua,
1139 2784 1192 2828 et
1225 2776 1314 2829 lux
1374 2778 1616 2846 vestigiis
1653 2777 1813 2845 meis,
1853 2789 1907 2833 et
1954 2793 2283 2853 praeceptum

716 2867 935 2921 Domini
969 2868 1209 2924 Incidqu
1243 2870 1562 2953 illuminant
1598 2873 1924 2938 oculos;ct,
1964 2875 2028 2927 ad
2096 2878 2284 2933 omnia

714 2961 966 3013 Itintttlttia
990 2962 1437 3031 tuadiriguhar'.
1470 2981 1487 3015 υ
1534 2963 1597 3017 Et
1631 2965 1721 3031 qui
1755 2966 1805 3018 in
1835 2965 2041 3020 Christi
2067 2981 2284 3038 pectore

714 3051 1001 3103 recubuit:
1026 3068 1046 3101 ι
1081 3050 1184 3116 Qui
1207 3052 1461 3105 mandata
1480 3054 1599 3121 ejus
1629 3063 1832 3119 servat,
1853 3055 1907 3109 itt
1931 3055 2048 3125 ipso
2082 3067 2283 3125 manet,

711 3151 767 3196 t-t
816 3142 930 3209 ipse
958 3144 1009 3197 iu
1046 3159 1146 3208 eo;
1187 3154 1241 3196 et
1278 3145 1528 3198 mandata
1558 3145 1679 3214 ejus
1709 3148 1891 3217 gravia
1933 3164 2041 3201 non
2084 3158 2230 3204 sunt.
2259 3168 2277 3201 ι

714 3235 781 3288 Ει
844 3235 1109 3289 Dominus
1143 3237 1304 3304 ipse:
1345 3255 1363 3288 ι
1395 3238 1496 3302 Qui
1552 3237 1714 3292 habet
1772 3240 2028 3295 mandata
2070 3257 2189 3295 mea
2237 3252 2289 3296 et

710 3328 965 3380 observat
992 3342 1076 3390 ea,
1122 3328 1213 3381 ille
1239 3336 1322 3382 est
1366 3330 1459 3397 qui
1497 3344 1582 3383 me
1608 3330 1823 3399 diligit;
1872 3333 1966 3402 qui
2022 3348 2151 3387 vero
2200 3349 2287 3389 me

711 3418 905 3487 diligit,
936 3419 1192 3489 diligetur
1219 3436 1247 3473 a
1285 3419 1444 3474 Patre
1490 3437 1633 3486 meo,
1657 3430 1711 3476 et
1737 3438 1839 3493 ego
1878 3424 2100 3494 diligam
2142 3441 2290 3489 eum,

708 3520 760 3561 et
792 3509 1155 3564 manifestabn
1189 3510 1237 3563 ei
1272 3510 1537 3581 meipsum
1573 3511 1617 3565 ⁸.
1649 3529 1666 3563 ι
1702 3511 1789 3575 Εῑ,
1831 3530 1851 3564 ‹
1878 3511 1935 3567 Si
1968 3513 2090 3583 quis
2112 3512 2295 3585 diligit

713 3616 821 3664 me,
854 3599 1113 3654 mandata
1167 3615 1287 3653 mea
1322 3602 1579 3665 servabit,
1616 3610 1670 3656 et
1708 3598 1869 3656 Pater
1900 3619 2057 3659 meus
2103 3604 2295 3675 diliget

706 3708 835 3745 cum
857 3709 871 3758 ;
896 3703 948 3745 et
985 3692 1049 3746 ad
1083 3708 1207 3746 cum
1233 3693 1531 3757 veniemus.
1557 3704 1611 3748 et
1630 3694 1969 3749 mansionem
2000 3697 2139 3765 apud
2167 3714 2292 3752 eum

711 3782 975 3838 faciemus
990 3784 1031 3837 ".
1049 3802 1065 3835 ι
1089 3783 1177 3848 Ει,
1210 3783 1342 3849 thi
1369 3800 1453 3839 me
1475 3801 1581 3839 non
1606 3785 1802 3856 diligit,
1827 3802 2112 3844 sermones
2139 3805 2289 3845 meos

713 3888 823 3926 non
886 3872 1193 3926 servat!»
1267 3873 1466 3927 Earum
1499 3884 1683 3929 autem
1751 3876 1929 3947 legunt
1991 3878 2180 3947 primis
2241 3890 2297 3934 ct

710 3964 1141 4030 generaliorihus
1195 3966 1487 4019 maximam
1530 3966 1714 4036 operis
1754 3978 1970 4038 partem
2030 3970 2297 4027 adhibere

712 4054 1116 4121 quodammodo
1169 4056 1453 4110 debemus.
1507 4054 1583 4110 lta
1645 4059 1819 4123 enim,
1881 4076 2005 4113 cum
2063 4062 2195 4129 Deo,
2259 4080 2289 4119 a

714 4143 867 4213 lapsu
893 4144 1187 4211 immunes,
1220 4146 1559 4216 propositum
1585 4148 1878 4215 intentum,
1903 4152 2075 4219 ipsam
2104 4170 2299 4225 nempe

717 4235 992 4302 pulchram
1028 4237 1434 4291 inchoationem
1499 4239 1844 4310 impetusque
1898 4243 2074 4298 nosui
2130 4244 2295 4301 linem

715 4326 1065 4397 attingemus,
1101 4330 1193 4398 qui
1225 4339 1309 4384 est
1342 4328 1569 4400 spiritus
1606 4331 2009 4390 tnaniiestatio.

706 4752 861 4818 Quod
892 4751 1103 4804 initium
1136 4749 1305 4803 omnis
1337 4748 1442 4801 Deo
1479 4756 1648 4818 grata
1697 4749 2017 4816 operationis
2072 4756 2146 4802 est
2197 4752 2281 4804 im

778 4824 977 4877 uacatio
1000 4836 1119 4875 cum
1141 4819 1242 4880 [ide
1270 4819 1498 4874 nominis
1529 4818 1740 4871 Domini
1764 4821 1930 4872 nostri
1952 4818 2079 4873 Jesu
2101 4819 2269 4874 Chri-

774 4895 866 4961 sti,
894 4897 1086 4947 etcum
1111 4907 1175 4946 ea
1209 4892 1380 4944 oriens
1412 4889 1530 4941 inde
1543 4903 1651 4958 pax
1665 4896 1715 4942 et
1740 4890 1999 4944 charitas.

784 5069 837 5124 8.
874 5066 1097 5121 Initium
1120 5080 1289 5135 porro
1326 5064 1510 5120 omnis
1567 5061 1677 5119 Deo
1723 5074 1891 5135 grata:
1947 5065 2289 5133 operationis

711 5163 793 5218 esi
827 5159 1100 5215 invocatio
1132 5173 1255 5213 cum
1297 5156 1402 5211 ﬁde
1468 5156 1729 5211 salutaris
1782 5156 2018 5213 nominis
2076 5158 2290 5212 Dmuini

713 5250 886 5302 nostri
919 5245 1292 5309 JesuChriSti,
1328 5260 1451 5298 cum
1484 5246 1598 5314 ipse
1651 5244 1998 5310 revelavcrit,
2054 5246 2284 5300 dicens:

719 5359 742 5391 ‹
770 5338 903 5392 Siue
954 5353 1040 5390 tnc
1093 5337 1227 5391 nihil
1269 5336 1498 5405 potestis
1539 5335 1719 5391 facere
1750 5338 1801 5393 ’.
1836 5355 1857 5389 ο
1891 5335 1957 5389 Ει
2012 5352 2135 5391 cum
2202 5354 2290 5405 ea,

718 5447 845 5500 pax.
875 5431 1105 5499 Oportet
1143 5430 1309 5492 enim,
1338 5429 1536 5498 inquit,
1570 5444 1731 5483 orare
1795 5430 1915 5483 sine
1968 5429 2049 5483 ira
2081 5438 2137 5483 et
2170 5428 2289 5484 sine

719 5523 1080 5594 argumentis.
1113 5518 1191 5573 Et
1217 5520 1475 5586 eharitas,
1504 5522 1630 5591 quia
1660 5520 1802 5575 Deus
1840 5521 2079 5576 Charitas
2104 5533 2211 5587 est,
2239 5532 2296 5575 et

722 5617 816 5687 qui
847 5624 1028 5669 manet
1070 5616 1123 5667 in
1149 5613 1413 5667 charitate
1447 5613 1500 5667 in
1560 5613 1669 5669 Deo
1714 5624 1921 5679 manet,
1961 5623 2016 5668 et
2050 5613 2194 5668 Deus
2244 5613 2297 5666 iu

2383 1945 2619 2015 καρπὸς,
2637 1944 2731 1997 τοῦ
2760 1944 3172 2015 ἐπαναδραμεῖν
3212 1944 3347 2017 πρὸς
3385 1946 3485 2016 τὴν
3532 1948 3619 2001 διὰ
3640 1948 3734 2002 τοῦ
3774 1950 3969 2020 βαπτί-

2385 2054 2591 2106 σματος
2630 2037 2911 2109 τοπρῶτον
2946 2038 3287 2109 δωρηθεῖσαν
3344 2040 3479 2110 ήμῖν
3534 2041 3750 2097 τελείαν
3801 2044 3967 2113 χάριν

2381 2128 2477 2183 τοῦ
2524 2129 2866 2198 Πνεύματος,
2909 2132 2966 2183 ἐν
2999 2132 3132 2201 ἡμῖν
3173 2132 3273 2203 μὲν
3304 2128 3472 2186 οὖσαν
3544 2134 3967 2206 (ἀμεταμέλητα

2385 2223 2490 2292 γὰρ
2521 2221 2615 2275 τοῦ
2651 2221 2811 2286 Θεοῦ,
2838 2223 2995 2293 φησὶ,
3036 2224 3105 2276 τά
3151 2223 3514 2296 χαρίσματα),
3578 2225 3714 2280 ἀλλά
3768 2245 3969 2295 συγκε-

2383 2314 2669 2385 χωσμένην
2692 2317 2804 2379 τοῖς
2830 2315 3079 2380 πάθεσιν,
3109 2316 3640 2389 ἀποκαλυπτομένην
3663 2318 3721 2371 δέ
3748 2321 3812 2389 τῇ
3852 2319 3967 2372 τῶν

2383 2405 2660 2475 θεσυργῶν
2706 2407 2938 2460 ἐντολῶν
2996 2407 3251 2479 ἐργασίᾳ·
3304 2408 3610 2479 προσῆκον,
3644 2409 3729 2463 διά
3771 2427 3832 2478 γε
3866 2411 3968 2481 τῆς

2384 2498 2526 2550 κατά
2547 2496 2606 2549 τὸ
2638 2497 2862 2551 δυνατὸν
2888 2498 3295 2569 ὲκπληρὼσεως
3337 2500 3527 2552 πασῶν
3556 2499 3667 2552 τῶν
3704 2500 3967 2554 τοιούτων

2384 2589 2643 2655 ἐντολῶν,
2673 2591 2772 2661 τὴν
2828 2592 2887 2644 ἐν
2935 2592 3066 2662 ἡμῖν
3118 2591 3432 2662 φανέρωσιν
3488 2591 3585 2645 τοῦ
3632 2592 3971 2664 πνεύματος,

2385 2681 2547 2732 παντὶ
2563 2683 2749 2752 τρόπῳ
2778 2681 3031 2734 σπεύδειν
3058 2682 3429 2753 ἀνακαθᾶραι,
3464 2684 3560 2738 καὶ
3585 2684 3975 2755 ἐμφανέστατα

2386 2770 2740 2825 ἐποπτεῦσαι.
2783 2791 2801 2823 ι
2841 2772 3047 2843 Λύχνος
3077 2773 3210 2843 γὰρ,
3262 2774 3398 2845 φησὶ
3446 2775 3585 2843 πρὸς
3626 2776 3717 2828 τὸν
3767 2777 3902 2829 Θεὸν
3943 2778 3974 2829 δ

2387 2863 2659 2934 μακάριος
2698 2863 2884 2931 Δαϐὶδ,
2910 2867 3022 2929 τοῖς
3056 2866 3183 2919 ποσί
3218 2883 3322 2937 μου
3349 2866 3378 2918 ὁ
3410 2866 3572 2935 νόμος
3598 2883 3715 2933 σου,
3735 2868 3830 2921 καὶ
3855 2868 3975 2936 φῶς

2386 2957 2503 3018 ταῖς
2531 2955 2739 3025 τρίϐοις
2767 2973 2894 3025 μου,
2953 2958 3049 3010 καὶ
3114 2959 3149 3027 ἡ
3200 2956 3391 3029 ἐντολὴ
3431 2958 3638 3031 Κυρίου
3692 2960 3976 3029 τηλαυγὴς

2386 3047 2697 3117 φωτίζουσα
2731 3049 3067 3119 ὀφθαλμοὺς,
3100 3050 3194 3103 καὶ
3242 3051 3380 3122 πρὸς
3413 3053 3591 3115 πάσας
3619 3053 3717 3116 τὰς
3750 3053 3975 3116 ἐντολάς

2388 3158 2483 3193 σου
2501 3140 2952 3213 κατωρθούμην.ι
2971 3144 3081 3195 Καὶ
3101 3145 3129 3197 ὁ
3154 3144 3521 3215 Ἐπιστήθιος·
3545 3164 3563 3196 t
3589 3145 3647 3196 Ὀ
3664 3145 3848 3216 τηρῶν
3874 3146 3978 3209 τὰς

2390 3232 2613 3297 ἐντολὰς
2637 3233 2825 3299 αὐτοῦ,
2860 3235 2918 3287 ἐν
2945 3233 3091 3305 αὐτῷ
3127 3234 3299 3301 μένει,
3354 3235 3449 3288 καὶ
3503 3237 3668 3299 αὐτὸς
3703 3237 3763 3290 ἐν
3793 3237 3972 3307 αὐτῷ’

2388 3324 2481 3380 καὶ
2508 3327 2563 3377 ai
2593 3325 2805 3379 ἐντολαὶ
2820 3324 2988 3379 αὐτοῦ
3018 3325 3232 3397 βαρεῖαι
3256 3328 3357 3380 οὐκ
3387 3327 3517 3382 εἰσί.
3553 3346 3571 3379 ι
3602 3328 3711 3380 Καὶ
3736 3329 3976 3399 ὁΣωτὴρ

2388 3420 2466 3486 δέ,
2492 3437 2513 3472 ι
2535 3419 2595 3473 ’0
2618 3420 2757 3490 ἔχων
2774 3420 2872 3484 τὰς
2892 3420 3111 3484 ἐντολάς
3132 3437 3256 3489 μου,
3273 3420 3364 3473 καὶ
3382 3419 3566 3490 τηρῶν
3588 3421 3784 3485 αὐτὰς,
3825 3422 3977 3474 ἐκεί-

2390 3515 2479 3577 νός
2507 3515 2656 3567 ἐστιν
2682 3514 2710 3565 ὁ
2750 3512 2983 3579 ἀγαπῶν
3014 3529 3081 3583 με
3110 3526 3124 3542 ο
3157 3514 3185 3565 ὀ
3209 3511 3264 3564 δὲ
3298 3512 3532 3579 ἀγαπῶν
3562 3529 3629 3583 με
3678 3512 3976 3585 ἀγαπηθή-

2389 3622 2542 3658 σεται
2574 3603 2680 3656 ὑπὸ
2707 3602 2801 3656 τοῦ
2828 3602 3039 3673 Πατρός
3069 3618 3197 3672 μου,
3238 3602 3333 3655 καὶ
3361 3600 3473 3670 ἐγὼ
3486 3603 3758 3671 ἀγαπήσω
3786 3602 3975 3667 αὐτὸν,

2389 3695 2484 3747 καὶ
2511 3694 2797 3764 ἐμφανίσω
2829 3693 2978 3762 αὑτῷ
3004 3692 3264 3762 ἐμαυτόν.
3292 3692 3403 3745 Καὶ
3427 3691 3521 3744 ἐάν
3551 3709 3631 3756 τις
3660 3693 3854 3762 ἀγαπᾷ
3881 3710 3975 3762 με,

2387 3784 2477 3837 τὸν
2507 3782 2665 3852 λόγον
2710 3800 2811 3853 μου
2850 3783 3100 3852 τηρήσει,
3125 3782 3220 3834 καὶ
3252 3783 3281 3835 ὁ
3326 3783 3515 3853 Πατήρ
3553 3799 3654 3852 μου
3689 3782 3975 3853 ἀγαπήσει

2388 3875 2573 3939 αὑτὸν,
2605 3876 2699 3929 καὶ
2729 3874 2865 3945 πρὸς
2893 3875 3058 3928 αὐτὸν
3088 3874 3427 3943 ἐλευσόμεθα
3446 3914 3461 3939 ,
3492 3876 3586 3928 καὶ
3623 3873 3793 3945 μονήν
3838 3877 3974 3945 παρ’

2390 3968 2539 4040 αὐτῷ
2561 3970 2883 4040 ποιήσομεν·
2912 3986 2930 4020 ι
2960 3968 3073 4031 καὶ,
3099 3984 3118 4018 ι
3170 3967 3229 4020 '0
3264 3966 3339 4036 μὴ
3370 3968 3603 4033 ἀγαπῶν
3627 3984 3717 4037 με,
3736 3969 3861 4031 τοὺς
3883 3968 3973 4020 λό-

2389 4079 2517 4130 γους
2539 4079 2640 4132 μου
2668 4061 2728 4113 οὐ
2760 4062 2972 4130 τηρεῖη
2996 4059 3235 4129 μάλιστα
3253 4059 3309 4113 δὲ
3332 4058 3560 4123 τούτων,
3581 4064 3703 4124 ταῖς
3725 4058 3976 4130 πρώταις

2390 4156 2484 4207 καὶ
2530 4155 2942 4222 γενικωτέραις,
2984 4154 3079 4205 καὶ
3113 4152 3277 4205 οἱονεὶ
3314 4152 3555 4223 μητράσι
3590 4152 3699 4203 τῶν
3745 4151 3976 4216 λοιπῶν,

2389 4249 2489 4317 τὴν
2517 4245 2775 4316 πλείστην
2810 4248 3004 4314 μοῖραν
3063 4244 3161 4314 τῆς
3194 4245 3457 4315 ἐργασίας
3484 4244 3795 4297 ἀποδιδόναι
3819 4260 3939 4308 πως
3958 4261 3972 4275 ⁸

2391 4336 2533 4388 οὕτω
2565 4335 2694 4407 γὰρ,
2729 4337 2825 4390 σὺν
2848 4336 2987 4406 Θεῷ,
3028 4334 3341 4397 ἀπταίστως
3364 4336 3458 4389 καὶ
3481 4334 3575 4388 τοῦ
3607 4337 3975 4406 προκειμένου

2395 4428 2621 4494 σκοποῦ,
2649 4427 3035 4498 αὺτῆςδηλαδὴ
3062 4427 3158 4496 τῆς
3189 4425 3359 4495 καλῆς
3390 4425 3661 4496 ἐνάρξεως
3686 4468 3701 4492 ,
3743 4428 3841 4481 καὶ
3879 4428 3977 4481 τοῦ

2392 4524 2577 4585 τέλους
2627 4522 2724 4591 τῆς
2776 4522 3016 4590 ἐφέσεως
3059 4520 3411 4591 ἐπιτύχοιμεν
3472 4520 3564 4586 ἀν,
3598 4522 3717 4591 ήτοι
3744 4521 3843 4593 τῆς
3883 4522 3980 4577 τοῦ

2316 4622 2365 4682 Ῑ)
2398 4614 2709 4685 11νεύματος
2738 4613 3120 4683 φανερώσεως.

2398 4746 2525 4800 Ὀτι
2573 4747 2730 4815 ἀρχὴ
2777 4744 2981 4813 πάσης
3054 4745 3371 4814 θεοφιλοῦς
3423 4746 3731 4814 ἐργασίας,
3765 4748 3803 4812 ἠ
3828 4750 3985 4815 μετὰ

2476 4818 2733 4883 πίστεως
2755 4818 3080 4884 ἐπίκλησις
3122 4818 3229 4869 τοῦ
3269 4816 3563 4884 ὀνόματος
3602 4817 3708 4870 τοῦ
3759 4822 3984 4886 Κυρίου

2478 4887 2648 4954 ἡμῶν
2689 4887 2955 4958 ίίησοῦγ
2998 4885 3298 4954 Χριστοῦ,
3359 4886 3457 4958 καὶ
3498 4886 3625 4958 peti
3660 4885 3894 4953 αὐτῆς,
3945 4891 3984 4958 ἠ

2460 4959 2529 5021 ἐξ
2556 4957 2746 5025 αὐτῆς
2777 4957 3201 5012 ἀνατέλλουσα
3245 4957 3475 5025 εφιὶνη,
3525 4957 3623 5010 καὶ
3649 4958 3871 5026 ἀγάπη.

2468 5078 2536 5141 η’.
2585 5070 2754 5142 Ἀρχὴ
2801 5072 2982 5141 μέντοι
3027 5072 3209 5141 πάσης
3265 5072 3548 5141 θεοφιλοῦς
3616 5073 3901 5144 ἐργασίας,
3950 5077 3985 5145 ἠ

2402 5166 2541 5234 μετᾶ
2569 5165 2804 5228 πίστεως
2829 5164 3113 5234 ἐπίκλησις
3149 5165 3243 5218 τοῦ
3273 5168 3546 5238 σωτηρίου
3585 5168 3848 5237 ὀνόματος
3885 5168 3984 5221 τοῦ

2403 5256 2606 5325 Κυρίου
2637 5257 2794 5327 ήμῶν
2838 5257 3013 5318 Ἰησοῦ
3046 5260 3303 5329 Χριστοῦ,
3331 5261 3413 5313 ὅτι
3443 5259 3603 5322 αὐτὸς
3633 5259 3981 5329 ἀπεφήνατω

2407 5367 2423 5399 t
2462 5348 2644 5418 Χωρὶς
2669 5348 2803 5418 ἐμοῦ
2849 5349 2909 5402 οὐ
2975 5348 3203 5402 δύνασθε
3234 5351 3406 5403 ποιεῖν
3450 5349 3621 5401 οὐδέν’
3663 5368 3680 5399 ι
3723 5350 3819 5400 καὶ
3842 5350 3989 5417 μετά

2401 5438 2623 5506 ταύτης,
2681 5440 2714 5506 ή
2752 5438 2965 5505 εἰρήνη.
3018 5438 3107 5488 Δεῖ
3158 5435 3307 5505 γὰρ,
3361 5437 3516 5504 φησὶ,
3560 5439 3991 5507 προσεύχεσθαι.

2399 5532 2563 5598 χωρὶς
2593 5531 2782 5600 ὀργῆς,
2812 5529 2904 5582 καὶ
2930 5529 3316 5598 διαλογισμῶν.
3351 5531 3461 5582 Καὶ
3490 5532 3523 5601 ή
3555 5530 3772 5601 ἀγάπη*
3829 5531 3915 5585 ὅτι
3954 5534 3984 5585 ὁ

2399 5620 2529 5682 Θεὸς
2557 5620 2743 5689 ἀγάπη
2778 5620 2915 5683 ἐστὶ,
2952 5621 3045 5674 καὶ
3075 5623 3103 5674 ὁ
3158 5622 3334 5690 μένων
3376 5625 3433 5673 ἓν
3466 5626 3528 5692 τῇ
3563 5623 3776 5693 ἀγάπῃ,
3813 5624 3873 5674 ἐν
3905 5624 3986 5693 τῷ

728 5726 808 5763 ιιο.
841 5709 957 5779 Ipsa
990 5716 1171 5760 autem
1211 5721 1313 5775 pax
1367 5717 1420 5761 et
1473 5705 1712 5761 charitzis
1770 5722 1877 5761 non
1931 5707 2089 5759 modo
2153 5718 2306 5759 acce—
2401 5714 2417 5763 ε

2289 5733 2306 5743 -
2401 5710 2521 5780 Θεῷ
2545 5710 2715 5781 μένει,
2750 5710 2841 5764 καὶ
2872 5711 2901 5763 ὁ
2935 5710 3066 5773 Θεὸς
3114 5713 3171 5763 ἐν
3223 5711 3392 5781 αὐτῷ.
3428 5711 3573 5783 Λῦτη
3608 5713 3658 5765 δὲ
3708 5716 3738 5781 ἡ
3778 5714 3978 5783 εἰρήνη

726 5817 760 5873 9
789 5802 983 5855 abilctn
1010 5797 1215 5853 faciunt
1234 5798 1564 5862 orationem,
1587 5798 1679 5852 scd
1707 5814 1772 5852 ex
1798 5798 1914 5867 ipsa
1940 5811 2158 5851 rursum
2182 5809 2304 5849 ora-

792 5914 1196 5985 ‘l’sal.cxvttt,
1238 5916 1357 5969 iis.
1456 5917 1475 5947 ⁶
1522 5913 1675 5968 Juan.
1721 5914 1945 5983 ιιι-,θλ

2024 5915 2039 5945 ⁷
2072 5913 2204 5969 ibid.
2240 5913 2329 5967 ‘25.

2406 5803 2496 5856 καὶ
2551 5801 2824 5871 ήάγάπη,
2884 5800 2945 5854 οὗ
2984 5801 3144 5871 μόνον
3197 5803 3589 5873 εὖπρόσδεκτον
3632 5804 3849 5859 ποιοῦσι
3886 5807 3989 5875 την

2416 5925 2433 5944 ’⁵
2459 5914 2591 5968 ibid.
2621 5915 2708 5967 Ἡ.
2744 5920 2762 5943 ν
2786 5916 2941 5969 Jaan.
2980 5932 3065 5975 κν,
