4278 6442
340 380 450 446 645

1556 407 1950 471 OPUSCULA
1998 412 2382 477 ASCETICA.

3499 443 3605 512 646

311 501 502 571 εὐχὴν,
541 505 678 559 ἀλλά
697 507 791 562 καὶ
809 507 868 574 ἐξ
888 510 1060 579 αὐτῆς
1084 513 1247 567 πάλιν
1259 514 1355 584 τῆς
1379 515 1540 586 εῦχῆς
1591 518 1887 584 γεννῶνται

311 598 403 621 ..ρ-ἱ
441 597 787 621 Χ.....-ΧῚῚ--.--
854 601 899 621 D9
1045 604 1068 621 θ
1101 605 1152 621 μ’
1315 609 1326 621 ο
1374 609 1426 621 ι..
1545 611 1556 621 ι
1648 611 1659 621 ι
1889 612 1892 621 ι

1943 521 2172 580 Atione
2243 541 2552 586 nascuntur
2603 544 2658 590 et
2732 540 3011 606 oriuntur,
3063 554 3319 614 tanquam
3399 556 3601 621 geniini

310 598 408 647 καὶ
437 597 815 664 ἀνατέλλουσι,
849 601 1006 672 δίκην
1041 604 1280 675 διδύμων
1311 609 1506 662 ἐνθέων
1534 611 1788 677 ἀκτίνων,
1818 611 1912 665 καὶ

308 685 586 753 αὔξονται,
618 692 714 746 καὶ
742 693 1098 750 τελειοῦνται.

310 823 548 907 Ὀτιίδί
581 824 848 904 ἑκάστου
872 831 1125 907 τούτων,
1159 834 1254 886 καὶ
1286 835 1444 907 ομοῡ-
1476 835 1594 888 τῶν
1645 836 1840 904 τριῶν,
1869 840 1908 907 ἡ

378 894 624 975 πάκτων
678 896 799 950 τῶν
852 894 1356 971 ἀγαθῶνσωρείὶι
1421 894 1910 975 ἐπιδαψιίίεύετιιὶ

387 965 554 1033 ἡμῖν.

381 1074 446 1130 θ’.
511 1079 647 1132 Ἀπὸ
678 1080 743 1152 δὴ
797 1084 1027 1150 τούτων,
1083 1086 1286 1156 μᾶλλον
1315 1089 1376 1142 δὲ
1414 1089 1482 1142 δι’
1516 1091 1749 1146 ἑκάστου
1789 1093 1914 1146 τού-

305 1183 436 1230 των,
474 1171 570 1223 καὶ
595 1172 733 1242 ὁμοῦ
769 1173 879 1227 τῶν
905 1176 1093 1247 τριῶν,
1130 1179 1293 1248 ἡτῶν
1342 1181 1565 1248 ἀγαθῶν
1607 1185 1739 1253 ἡμῖν
1773 1185 1909 1239 πάν-

303 1274 416 1313 των
453 1264 661 1331 σωρεία
723 1264 1209 1336 ἐπιδαψιλεύεται,
1257 1271 1354 1324 καὶ
1416 1273 1760 1346 πλημμυρεῖ.
1811 1277 1908 1330 Διά

311 1353 413 1420 μὲν
441 1354 554 1425 γὰρ
587 1356 688 1424 τῆς
719 1358 776 1410 ἐν
799 1359 980 1413 πίστει
1013 1363 1362 1433 ἐπικλήσεως
1388 1365 1483 1424 τοῦ
1515 1367 1779 1437 ὀνόματος
1813 1369 1907 1422 τοῦ

302 1444 516 1515 Κυρίου
560 1449 719 1517 ήμῶν
771 1451 947 1520 Ἰησοῦ
991 1455 1255 1525 Χριστοῦ,
1298 1459 1359 1512 τὸ
1415 1458 1597 1526 ἔλεος,
1651 1463 1746 1514 καὶ
1808 1463 1907 1534 τήν

297 1536 378 1605 τῷ
409 1538 523 1590 δντι
547 1539 714 1611 ζωὴν,
749 1543 806 1594 ἐν
835 1544 985 1615 αὐτῷ
1019 1549 1409 1620 κεκρυμμένην
1455 1547 1641 1617 οὖσαν,
1675 1551 1908 1623 βεϐαίως

297 1627 599 1698 ἐλπίζομεν
624 1632 898 1702 λήψεσθαι
933 1651 946 1665 ⁸
984 1637 1058 1701 ὠς
1077 1638 1242 1710 ἄλλης
1271 1641 1422 1706 Θείας
1442 1645 1623 1714 πηγῆς
1653 1645 1900 1712 άεννάου,

298 1721 740 1792 ὑπερϐλύζοντος
781 1728 940 1793 αὐτὰ,
1001 1731 1098 1784 τοῦ
1163 1733 1312 1787 ἔνδον
1367 1736 1597 1806 καρδίας
1645 1738 1904 1810 καθαρῶς

295 1815 680 1886 ἐπιϐοωμένου
716 1820 984 1891 ὀνόματος
1013 1825 1107 1878 τοῦ
1155 1828 1364 1898 Κυρίου
1413 1830 1583 1900 Ἰησοῦ
1617 1831 1855 1902 Χριστοῦ
1885 1851 1897 1862 ·

291 1908 383 1963 διά
405 1911 459 1963 δὲ
493 1912 593 1982 τῆς
633 1915 813 1970 πάντα
846 1918 971 1970 νοῦν
999 1920 1370 1993 ὑπερεχούσης
1398 1964 1412 1986 ,
1453 1925 1547 1977 καὶ
1577 1925 1726 1994 ὅριον
1750 1926 1902 1978 οὐδὲν

290 2002 548 2072 ἐχούσης,
581 2005 828 2076 εἰρήνης,
864 2007 962 2078 τῆς
987 2010 1122 2080 πρὸς
1169 2011 1301 2064 Θεὸν
1326 2015 1419 2066 καὶ
1459 2015 1728 2083 ἀλλήλους
1761 2031 1901 2068 κατ-

285 2094 537 2163 ἀλλαγῆς
612 2097 919 2168 ἀξιούμεθα
957 2117 972 2130 ο
1029 2102 1116 2155 διὰ
1157 2102 1213 2156 δὲ
1269 2105 1369 2174 τῆς
1413 2105 1671 2176 ἀγάπης,
1724 2104 1794 2180 ἦς
1839 2109 1900 2161 τὸ

289 2186 455 2248 κλέος
508 2188 865 2260 ἀσύγκριτον,
909 2193 984 2256 ὠς
1025 2193 1196 2264 οῦσης
1247 2200 1400 2260 τέλος
1455 2201 1550 2251 κα)⁵
1602 2200 1902 2268 κεφάλαιον

281 2277 384 2330 τοῦ
414 2296 473 2330 τε
503 2280 672 2350 νόμου
711 2285 802 2336 καὶ
851 2286 960 2337 τῶν
1000 2287 1297 2358 προφητῶν
1327 2305 1342 2321 ⁸
1400 2290 1492 2344 καὶ
1545 2292 1606 2361 δὴ
1660 2294 1754 2345 καὶ
1805 2293 1902 2349 τὸν

280 2370 421 2423 Θεὸν
446 2373 672 2444 ἀγάπην
711 2375 1086 2446 ὀνομάζεσθαι
1109 2394 1122 2408 ·
1153 2379 1350 2443 ὀλικῶς
1374 2382 1452 2453 τῷ
1477 2383 1596 2452 Θεῷ
1634 2385 1899 2436 συναπτό-

289 2461 462 2529 μεθα,
509 2467 976 2537 καταργουμένης
1023 2469 1122 2538 τῆς
1168 2470 1446 2540 ἁμαρτίας
1502 2473 1664 2542 ἡμῶν
1706 2477 1769 2544 τῇ
1804 2473 1896 2526 τοῦ

289 2555 433 2607 Θεοῦ
471 2557 814 2630 δικαιοσύνη,
855 2560 950 2612 καὶ
986 2563 1053 2630 τῇ
1087 2561 1155 2614 δι’
1201 2563 1423 2630 ἀγάπης
1458 2565 1515 2615 ἐν
1549 2566 1682 2634 ἡμῖν
1717 2583 1896 2636 παρα-

281 2649 463 2713 δόξως
519 2652 893 2722 ἐνεργουμένη
942 2652 1182 2724 υἱοθεσία
1223 2654 1321 2723 τῆς
1380 2655 1620 2724 χάριτος.
1685 2656 1750 2709 Ἦ
1785 2662 1893 2727 γὰρ

281 2742 505 2808 ἀγάπη,
564 2744 718 2812 φησὶ,
781 2743 1015 2814 καλύψει
1078 2743 1286 2814 πλῆθος
1331 2746 1644 2816 ἁμαρτιῶν,
1703 2749 1799 2800 καὶ
1857 2751 1890 2818 ἡ

277 2828 482 2898 ἀγάπη
518 2829 697 2883 πάντα
730 2832 915 2899 στέγει
942 2873 956 2898 ,
993 2833 1173 2885 πάντα
1203 2832 1473 2896 πιστεύει,
1511 2834 1689 2887 πάντα
1739 2837 1893 2887 ἐλπῖ-

280 2919 392 2984 ζει,
436 2921 613 2974 πάντα
649 2922 933 2992 ὑπομένει,
967 2925 1000 2993 ἡ
1033 2924 1220 2993 ἀγάπη
1240 2922 1500 2976 οὐδέποτε
1541 2925 1817 2981 ἐκπίπτει.

281 3056 413 3108 Ὅτι
443 3056 544 3134 κα)
595 3058 628 3109 ό
669 3058 891 3137 [mpm
940 3055 1441 3137 ﬁitéru’InUoﬁc
1466 3060 1753 3137 ..Χριστος
1808 3059 1887 3126 τῷ

357 3125 545 3199 καιρῷ
589 3127 698 3199 τοῦ
739 3125 1039 3199 σωτηρίου
1070 3127 1322 3193 πάθους,
1383 3125 1568 3180 ταῦτα
1608 3130 1732 3194 τοῖς
1770 3125 1884 3199 μσς

364 3197 574 3269 θηταῖς
595 3191 727 3249 οἶόν
749 3191 918 3262 τιναξ
949 3191 1579 3269 ἐξιτηρίοιήςλέντολὰς,
1616 3191 1721 3253 καί
1739 3191 1889 3269 x111?-

338 3284 462 3334 ⁴ρον
477 3268 1018 3349 ἐνθέων-κατέλιπε
1044 3270 1172 3335 τοῖς
1209 3268 1405 3333 ἰδίοις,
1441 3269 1731 3336 ὡσαύτως
1788 3268 1886 3325 καὶ
1920 3291 1966 3349 ο

357 3337 516 3407 μετὰ
543 3337 660 3406 τὴν
684 3338 1054 3393 ἀνάστασιν.
1098 3399 1102 3402 η

358 3459 410 3506 t'.
449 3453 614 3507 Ὅθεν
644 3454 741 3508 καὶ
764 3453 926 3517 αὺτδς
981 3455 1009 3508 ὁ
1051 3454 1367 3523 πανάγαθος
1423 3458 1517 3510 καὶ
1550 3458 1887 3526 γλυκύτατος

277 3545 491 3617 Κύριος
525 3545 686 3615 ἡμῶν
750 3546 960 3616 Ἰησοῦς
1010 3546 1284 3615 Χριστὸς,
1342 3548 1438 3600 καὶ
1494 3549 1583 3601 ὅτε
1649 3551 1788 3620 πρὸς
1824 3550 1886 3602 τὸ

273 3639 424 3707 ὑπὲρ
449 3637 612 3708 ήμῶν
638 3636 887 3690 ἑκούσιον
934 3639 1106 3692 αὑτοῦ
1148 3640 1319 3704 πάθος
1367 3641 1618 3710 ἀφίκετο,
1661 3641 1756 3694 καὶ
1796 3643 1885 3695 ὅτι

275 3729 427 3801 μετά
486 3729 585 3798 τὴν
647 3730 950 3784 ἀνάστασιν
1005 3735 1122 3796 τοῖς
1192 3735 1517 3798 ἀποστόλοις
1561 3734 1758 3805 ὦφθηο
1796 3736 1920 3788 ναὶ·

277 3823 392 3891 μὴν
424 3821 522 3874 καὶ
553 3822 718 3891 ἡνίκα
777 3823 916 3893 πρὸς
970 3825 1062 3877 τὸν
1118 3825 1313 3879 ἐαυτοῦ
1347 3825 1509 3894 φύσει
1585 3830 1678 3880 καὶ
1727 3827 1884 3897 ἡμῶν

271 3915 468 3985 χάριτι
496 3915 717 3985 Πατέρα
764 3915 989 3985 ἔμελλεν
1039 3917 1472 3988 ἐπανέρχεσθαι,
1534 3920 1630 3973 ἀτε
1696 3920 1884 3990 Πατὴρ

269 4009 508 4077 γνήσιος
561 4009 660 4061 καὶ
713 4008 1105 4079 φιλόστοργος,
1157 4012 1319 4064 οἱονεί
1369 4030 1519 4076 τινας
1577 4013 1884 4083 ἐξιτηρίους

271 4101 528 4167 ἐντολὰς,
590 4102 686 4155 καὶ
736 4103 1095 4173 παραμυθίας
1160 4109 1477 4174 προσηνεῖς,
1541 4105 1634 4158 καὶ
1679 4104 1880 4172 γλυκύ.

269 4211 420 4247 τατα
487 4194 582 4246 καὶ
620 4193 854 4262 βέΰαια,
895 4195 970 4258 ὼς
1031 4197 1230 4258 εἰπεῖν,
1286 4196 1508 4267 ὃμηρα”
1575 4197 1773 4266 μᾶλλον
1826 4197 1878 4249 δὲ

271 4291 654 4361 κληρονομίαν
698 4290 1032 4362 θεοπάροχον
1068 4290 1435 4361 ἀναφαίρετον
1465 4306 1480 4323 ο
1510 4289 1686 4345 ταῦτα
1749 4293 1882 4344 πᾶσι

269 4388 394 4447 τοῖς
435 4383 591 4446 ἰδίοις
625 4383 889 4436 κατέλιπε
927 4401 939 4413 ·
972 4381 1250 4435 καὶτοῦτο
1280 4381 1383 4451 μὲν
1403 4421 1417 4446 ,
1447 4376 1528 4445 οἷς
1561 4399 1694 4451 φησι
1749 4384 1882 4453 πρὸς

268 4477 404 4538 τοὺς
472 4474 746 4545 μαθητάς,
771 4474 866 4527 τοῦ
925 4475 1194 4545 σωτηρίου
1256 4475 1466 4537 πάθους
1516 4475 1880 4540 ἐπιστάντος,

268 4569 475 4632 οὕτως·
515 4585 534 4620 ι
598 4568 665 4620 Ὅ
719 4586 774 4621 τι
825 4567 892 4622 ἂν
951 4569 1216 4638 αἰτήσητε
1261 4568 1319 4620 ἐν
1347 4568 1424 4637 τῷ
1478 4567 1705 4636 ὀνόματί
1747 4586 1873 4635 μου,

2019 617 2272 676 cmlestes
2311 625 2470 690 radii,
2497 635 2551 680 et
2570 641 2907 689 crescuntac
2935 638 3317 705 perﬁciuntur.

2089 821 2242 911 Quod
2269 844 2368 911 per.
2393 846 2815 906 unamquamque
2878 839 3068 893 harum
3096 858 3157 895 ac
3188 821 3348 895 simul
3378 860 3468 911 per
3499 854 3601 900 tres

2088 897 2321 951 omnium
2351 897 2604 958 bonorum
2626 897 2840 962 aceivus
2862 912 3004 965 nobis
3026 897 3480 971 subministraittr.

2086 1073 2138 1128 9.
2171 1073 2246 1130 Es
2273 1078 2378 1142 his,
2408 1079 2515 1133 imo
2558 1098 2656 1152 per
2677 1087 2919 1158 singulas
2946 1105 3159 1155 earum,
3206 1103 3260 1149 et
3299 1096 3460 1149 simul
3500 1113 3599 1167 per

2015 1175 2145 1231 tres,
2174 1171 2436 1228 bonorum
2466 1179 2709 1231 omnium
2743 1182 2900 1237 nobis
2931 1199 3171 1240 acervus
3211 1188 3596 1244 subministra-

2014 1269 2102 1314 tur
2139 1273 2192 1316 et
2237 1265 2496 1321 abundat.
2533 1271 2636 1324 Per
2697 1271 3090 1332 invocationem
3152 1281 3294 1332 cnim
3358 1281 3596 1336 nominis

2013 1350 2225 1408 Domini
2282 1360 2456 1412 nostri
2488 1359 2614 1416 Jesu
2661 1361 2866 1418 Christi
2919 1367 3352 1423 misericordiam
3398 1385 3462 1424 ac
3494 1387 3590 1424 ve-

2013 1459 2128 1497 ram
2162 1447 2330 1500 vitam
2371 1448 2426 1501 in
2461 1449 2581 1518 ipso
2605 1454 2985 1510 absconditam
3017 1457 3247 1515 firmiter
3277 1476 3378 1516 nos
3439 1478 3594 1519 acce-

2010 1548 2201 1608 pturos
2234 1556 2355 1596 esse
2377 1557 2696 1612 speramus;
2733 1557 2995 1618 tanquam
3030 1551 3137 1604 alio
3159 1557 3380 1621 perenni
3413 1556 3585 1620 fonte,

2008 1644 2071 1683 ea
2133 1631 2474 1689 abundanter
2538 1635 2868 1707 eﬂundente,
2928 1642 2980 1695 in
3051 1647 3367 1714 pectoribus
3427 1649 3586 1704 nobis

2010 1739 2145 1791 pure
2183 1725 2435 1782 invocato
2466 1730 2689 1785 nomine
2740 1731 2958 1788 Domini
3002 1735 3132 1792 Jesu
3185 1738 3418 1796 Christi.
3481 1745 3584 1796 Per

2006 1833 2125 1870 eam
2164 1823 2500 1891 autem'qua:
2548 1833 2715 1878 totam
2765 1837 3005 1883 mentem
3058 1832 3317 1899 possidet,
3373 1849 3582 1902 pacem,

2395 1879 2408 1891 .
3058 1879 3317 1899 ,ηπ-ηπ.
3373 1879 3582 1902 ι--νν---ν

1936 1879 1973 1933 Β
2005 1911 2153 1980 digni
2188 1913 2454 1968 habemur
2487 1919 2721 1986 quicum
2758 1919 2870 1975 Deo
2901 1933 2952 1975 et
2988 1927 3250 1981 cumaliis
3277 1927 3589 1983 hominibus

2005 2006 2426 2075 conjungamur.
2474 2008 2578 2066 Per
2604 2013 2922 2068 charitatem
2951 2032 3100 2082 vero,
3127 2021 3283 2090 cujus
3311 2021 3587 2091 incompa-

2005 2097 2196 2154 rabilis
2236 2110 2319 2156 est
2341 2103 2534 2170 gloria,
2565 2122 2688 2158 curn
2738 2107 2807 2160 sit
2853 2109 2976 2165 ﬁnis
3027 2122 3079 2164 et
3112 2129 3325 2167 summa
3358 2114 3489 2183 legis
3529 2125 3586 2171 et

2002 2196 2427 2262 prophetarum;
2451 2206 2642 2251 etcum
2676 2197 2817 2256 Deus
2845 2202 2959 2272 ipse
2979 2205 3219 2259 charitas
3242 2208 3580 2274 nominetur,

2001 2287 2227 2342 omnino
2287 2304 2412 2344 eum
2476 2290 2585 2346 Deo
2641 2295 2883 2358 unimur,
2945 2299 3151 2354 nostris
3205 2303 3442 2370 peccatis
3487 2305 3580 2358 Dei

1996 2378 2206 2446 jwstitia
2232 2381 2452 2437 abolitis
2480 2383 2532 2436 in
2562 2386 2830 2456 nobisque
2861 2389 3181 2444 mirabiliter
3206 2408 3301 2459 per
3337 2394 3581 2448 charito-

1999 2479 2107 2526 tem
2143 2485 2405 2542 operante
2435 2492 2496 2530 ea
2529 2479 2698 2546 gratia
2719 2495 2840 2549 qua:
2878 2499 2976 2537 nos
3009 2483 3146 2538 lilios
3176 2485 3358 2539 eiIicit.
3384 2487 3580 2541 Chari-

2002 2573 2084 2617 tas
2120 2565 2287 2626 euim,
2320 2567 2514 2636 inquit,
2549 2574 2730 2636 operit
2752 2574 3155 2630 multitudinem
3185 2588 3571 2646 peccatorum;

1998 2665 2050 2711 et
2070 2659 2314 2714 Charitas
2347 2664 2535 2717 omnia
2569 2667 2719 2735 tegit,
2743 2668 2924 2722 omnia
2947 2669 3142 2733 credit,
3169 2672 3349 2725 omnia
3374 2685 3574 2742 sperat,

1996 2753 2180 2807 omnia
2210 2756 2468 2821 sustinet,
2490 2757 2729 2815 charitas
2753 2776 3033 2830 nunquam
3067 2762 3270 2819 deficit.

1995 3074 2148 3141 Quod
2199 3087 2245 3129 et
2285 3076 2535 3131 Dominus
2563 3090 2738 3132 noster
2760 3076 2916 3131 Jesus
2947 3078 3191 3134 Christus
3230 3090 3456 3146 tempore
3481 3098 3569 3134 sa-

2069 3147 2258 3200 lutaris
2302 3151 2564 3215 passionis
2601 3150 2875 3211 discipulis
2911 3159 3157 3216 tanquam
3203 3151 3390 3204 ultima
3420 3170 3571 3205 man—

2066 3219 2196 3270 data
2229 3228 2276 3271 et
2319 3221 2548 3271 divinum
2583 3230 2953 3274 testamentum
2979 3222 3091 3275 suis
3134 3222 3367 3293 reliquit,
3401 3233 3460 3276 ut
3517 3233 3568 3276 et

2069 3300 2184 3356 post
2221 3293 2678 3345 resurrectionem.

2067 3447 2154 3503 10.
2184 3445 2342 3505 Unde
2370 3461 2423 3504 et
2456 3451 2572 3521 ipse
2612 3452 2854 3520 optimus
2885 3469 2949 3507 ac
2981 3454 3337 3512 dulcissimus
3373 3458 3566 3513 Salvn-

1994 3549 2081 3597 tor
2107 3554 2289 3598 noster
2317 3540 2482 3598 Jesus
2513 3543 2786 3610 Christus,
2818 3556 2870 3600 et
2925 3548 3147 3616 quando
3200 3553 3266 3604 ad
3319 3552 3568 3606 volunta-

1991 3635 2127 3687 riam
2148 3650 2248 3704 pro
2278 3635 2436 3689 nobis
2457 3635 2765 3703 passionem
2788 3652 2944 3692 suam
2973 3641 3238 3706 pervenit,
3272 3644 3564 3711 etquando

1993 3735 2120 3795 post
2171 3727 2629 3782 resurrectionem
2681 3731 2945 3797 apostolis
3019 3732 3167 3787 risus
3222 3743 3339 3799 est;
3397 3745 3562 3804 atque

1991 3818 2154 3872 etiam
2182 3818 2401 3886 quando
2443 3819 2508 3872 ad
2547 3836 2672 3874 eum
2700 3822 2792 3890 qui
2819 3822 2923 3892 ipsi
2952 3835 3168 3888 natura,
3205 3826 3362 3881 nobis
3390 3830 3566 3898 gratia

1989 3921 2134 3981 pater
2175 3920 2279 3973 ρει.
2312 3926 2640 3968 reversurus
2672 3926 2810 3979 erat,
2867 3927 3129 3984 tanquam
3181 3934 3342 3974 νει-ηε
3379 3936 3444 3976 ac
3487 3931 3565 3976 10·

1987 4005 2260 4060 nerrimus
2290 4016 2462 4075 pater,
2491 4008 2697 4076 aliquot
2720 4010 2876 4076 quasi
2913 4010 3100 4064 ultima
3132 4013 3410 4078 mandata,
3439 4014 3563 4069 dul-

1987 4113 2190 4166 cesque
2229 4100 2659 4164 consolationes,
2704 4110 2758 4155 et
2787 4101 3105 4157 dulcissima
3139 4112 3188 4158 ct
3247 4105 3445 4169 solida,
3504 4116 3562 4161 ut

1991 4190 2066 4244 ita
2101 4191 2301 4256 dicam,
2352 4191 2610 4260 pignora;
2644 4191 2754 4260 imo
2809 4208 2938 4247 vero
2986 4204 3373 4251 testamentum
3419 4198 3561 4253 diri-

1983 4298 2115 4337 num
2147 4283 2468 4348 indelebile;
2494 4284 2679 4338 omnia
2710 4286 2831 4340 luec
2865 4286 3122 4340 omnibus
3164 4291 3282 4342 suis
3313 4290 3557 4360 reliquit.

1984 4373 2282 4442 thuidem
2313 4373 2426 4431 haec
2447 4375 2729 4444 discipulis
2770 4379 3213 4444 suis,salutsrem
3242 4383 3554 4449 passionem

1981 4466 2312 4537 ingrediens,
2346 4466 2479 4524 dixit
2511 4485 2528 4527 :
2574 4486 2592 4521 ι
2638 4467 3010 4539 Quodcunque
3046 4473 3309 4540 petieritis
3339 4472 3556 4531 Patrem

1984 4559 2039 4612 in
2078 4559 2298 4615 nomine
2327 4573 2586 4627 meo,ego
2625 4560 2819 4616 faciam
2839 4563 2905 4617 “.
2935 4579 2952 4613 ι
2989 4563 3055 4617 Et
3087 4581 3102 4619 :
3133 4583 3152 4615 ι
3182 4564 3374 4633 Amen,
3398 4583 3558 4623 amen

269 4658 393 4728 ἐγὼ
414 4659 650 4726 ποιήσω·
689 4676 708 4710 ι
743 4657 862 4722 καὶ,
893 4676 911 4708 ι
949 4657 1143 4727 Ἀμὴν,
1163 4656 1310 4726 ἀμὴν
1333 4655 1476 4725 λέγω
1506 4657 1655 4726 ὑμῖν,
1677 4657 1758 4710 ὅτι
1781 4659 1879 4711 ὅσα

1936 4654 2106 4712 )dico
2139 4653 2292 4709 vobis
2325 4670 2342 4709 :
2370 4654 2414 4708 si
2448 4653 2581 4724 quid
2637 4655 2902 4724 petieritis
2954 4672 2984 4711 a
3018 4655 3178 4711 Patre
3227 4658 3280 4712 in
3336 4661 3556 4716 nomine

270 4756 341 4806 ἂν
371 4753 641 4821 αἰτήσητε
676 4754 768 4804 τὸν
813 4751 1033 4820 Πατέρα
1091 4752 1148 4802 ἐν
1193 4752 1271 4818 τῲ
1300 4749 1526 4820 ὀνόματί
1558 4767 1680 4820 μου,
1715 4749 1876 4804 δώσει

270 4848 448 4916 ἡμῖν·
485 4845 594 4908 ἕως
633 4844 761 4913 ἄρτι
791 4844 945 4896 οὐδὲν
978 4845 1217 4913 ᾐτήσατε
1269 4845 1327 4895 ἐν
1350 4843 1428 4912 τῷ
1466 4843 1692 4912 ὀνόματί
1753 4861 1876 4912 μου.

271 4940 496 4991 Αἰτεῖτε
532 4937 627 4988 καὶ
674 4934 937 5004 λήψεσθε,
979 4936 1066 4987 ἵνα
1099 4935 1300 5004 ἠχαρά
1336 4931 1547 5006 ὑμῶνῇ
1581 4935 1878 5006 πεπληρω-

275 5033 420 5103 μένη
450 5047 462 5062 ·
503 5031 599 5083 καὶ
628 5032 686 5082 ἐν
718 5030 901 5098 ἐκείνῃ
940 5030 1006 5098 τῇ
1039 5028 1226 5097 ἡμέρα
1276 5029 1334 5079 ὲν
1381 5026 1458 5097 τῷ
1507 5029 1734 5097 ὀνόματί
1776 5045 1875 5098 μου

273 5122 636 5192 αἰτήσεσθε.»
660 5122 769 5173 Καὶ
793 5117 950 5182 αὖθις
976 5120 1117 5189 μετά
1141 5119 1236 5189 τὴν
1260 5119 1579 5172 ἀνάστασιν·
1600 5125 1802 5191 σημεῖα
1819 5121 1875 5173 δὲ

267 5217 390 5277 τοῖς
451 5213 779 5266 πιστεύσασι
843 5211 1018 5265 ταῦτα
1075 5210 1545 5281 παρακολουθήσει
1579 5224 1594 5240 ⁶
1668 5214 1724 5265 ἐν
1795 5212 1874 5284 τῷ

267 5305 512 5374 ὀνόματί
545 5322 648 5375 μου
669 5303 926 5373 δαιμόνια
944 5303 1258 5368 ἐκϐαλοῦσι,
1277 5302 1549 5372 γλώσσαις
1578 5303 1872 5373 λαλήσουσι

273 5399 526 5462 καιναῖς,
566 5416 584 5447 υ
613 5397 714 5450 καὶ
735 5396 804 5448 τά
835 5396 982 5464 ἑξῆς.
1013 5394 1236 5458 Τούτοις
1268 5394 1537 5450 ἀκόλουθα
1560 5395 1868 5467 διαγορεύει

265 5491 414 5543 καὶὸ
444 5488 795 5555 Ἐπιστήθιος
815 5505 829 5519 ο
865 5507 882 5538 ι
914 5488 1091 5540 Πολλά
1113 5489 1212 5558 μὲν
1244 5507 1338 5543 ουν
1382 5493 1477 5546 καὶ
1504 5492 1638 5545 ἀλλα
1662 5497 1867 5563 σημεῖα

264 5580 530 5648 ἐποίησεν
554 5582 581 5631 ὁ
629 5579 838 5648 Ἰησοῦς
869 5578 1101 5633 ἐνώπιον
1139 5582 1248 5634 τῶν
1297 5583 1554 5653 μαθητῶν
1597 5587 1761 5638 αὑτοῦ
1787 5625 1800 5650 ,
1833 5587 1868 5640 ἃ

269 5674 374 5725 οὐκ
400 5672 519 5722 ἔστι
544 5673 911 5740 γεγραμμένα
946 5673 1004 5723 ἐν
1037 5673 1113 5742 τῷ
1148 5673 1337 5742 βιϐλίῳ
1369 5677 1543 5746 τούτῳ
1568 5694 1582 5708 ⁸
1612 5678 1788 5731 ταῦτα
1811 5680 1868 5732 δὲ

269 5766 624 5833 γέγραπται,
679 5764 766 5816 ἵνα
820 5781 1190 5835 πιστεύσητε,
1259 5767 1339 5818 ὅτι
1397 5769 1602 5837 Ἰησοῦς
1654 5773 1800 5823 ἐστιν
1841 5774 1869 5824 ὀ

1546 5946 1586 5977 ¹¹
1618 5945 1744 5999 ibid.
1776 5943 1864 5998 26..

349 5943 393 5972 ¹⁰
426 5939 586 5995 Juan.
623 5955 731 6005 xlv,
777 5939 860 5995 15.
963 5937 1178 5995 "Joan.
1221 5956 1326 6007 st'i,
1360 5943 1447 5999 ‘23.

1979 4764 2122 4814 meo,
2155 4748 2306 4804 dabit
2361 4748 2533 4804 vobis.
2566 4747 2750 4819 Usque
2789 4750 2951 4805 modo
2987 4753 3115 4806 noni
3136 4752 3364 4822 periistis
3397 4753 3555 4823 quid-

1980 4857 2144 4908 quam
2178 4839 2230 4893 in
2263 4840 2488 4894 nomine
2515 4856 2671 4906 meo;
2710 4842 2899 4908 petite,
2929 4851 2981 4895 et
3003 4843 3302 4911 accipietis,
3337 4855 3394 4897 ut
3424 4860 3554 4914 gain-

1978 4933 2127 4986 dium
2165 4945 2404 4987 vesnum
2440 4932 2512 4985 sit
2563 4934 2777 4998 plenum
2808 4932 2870 4985 “.
2911 4950 2931 4984 ι
2975 4933 3058 4998 Et,
3091 4951 3110 4986 ι
3145 4935 3203 4989 In
3241 4936 3330 4989 illa
3365 4937 3451 4991 die
3500 4939 3553 4993 in

1979 5025 2200 5078 nomine
2237 5039 2354 5077 meo
2382 5025 2574 5093 potetis
2606 5025 2667 5076 ".
2705 5042 2723 5075 ι
2756 5025 2818 5076 Et
2859 5040 3080 5080 rursum
3136 5038 3258 5095 post
3310 5040 3552 5084 resurre-

1981 5117 2219 5170 ctionem
2284 5131 2438 5169 suam
2497 5116 2710 5169 diccbat
2749 5133 2762 5169 :
2808 5134 2826 5166 ι
2867 5116 3030 5184 Signa
3067 5129 3249 5172 autem
3317 5134 3414 5173 eos
3459 5122 3552 5185 qui

1979 5211 2328 5264 crediderunt
2356 5211 2469 5262 haec
2499 5217 2804 5276 sequentur
2835 5227 2849 5262 :
2880 5210 2935 5262 in
2971 5211 3192 5264 nomine
3253 5225 3378 5264 meo
3437 5215 3553 5266 dte-

1977 5303 2159 5355 monia
2190 5303 2445 5372 ejicient;
2494 5301 2695 5371 linguis
2734 5301 3032 5371 loquentur
3069 5303 3225 5356 novis
3285 5303 3350 5369 ¹³,
3410 5323 3428 5356 ι
3495 5316 3549 5361 et

1975 5405 2192 5452 caetera.
2232 5393 2298 5450 lis
2321 5404 2375 5449 ct
2408 5395 2559 5449 addit
2589 5395 2678 5449 ille
2704 5395 2797 5464 qui
2826 5409 2990 5463 supra
3020 5404 3209 5461 pertus
3233 5395 3354 5465 ejus
3385 5412 3547 5452 recu-

1976 5487 2135 5541 buit:
2173 5504 2192 5539 ι
2227 5485 2391 5540 Multa
2433 5487 2656 5554 quidem
2691 5495 2746 5540 et
2774 5485 2881 5540 alia
2932 5487 3088 5554 signa
3127 5488 3256 5542 fecit
3282 5486 3443 5544 Jesus
3490 5490 3545 5543 in

1971 5587 2267 5645 conspectu
2315 5577 2699 5643 discipulorum
2762 5591 3015 5640 suorum,
3078 5594 3201 5646 qua:
3252 5593 3360 5633 non
3417 5593 3546 5638 sum

1969 5671 2172 5736 seripta
2205 5669 2258 5721 in
2288 5669 2427 5720 libro
2483 5667 2620 5722 hoc:
2654 5667 2768 5722 hate
2808 5679 2985 5722 autem
3013 5671 3210 5739 scripta
3274 5682 3422 5736 sunt,
3484 5683 3544 5728 ut

1970 5762 2209 5817 credatis
2238 5762 2360 5831 quia
2413 5759 2574 5816 Jesus
2603 5773 2688 5817 est
2735 5761 2988 5818 Christus
3022 5759 3194 5820 Filius
3228 5764 3342 5830 Dei,
3383 5773 3435 5820 et
3480 5772 3542 5820 ut

1963 5945 2004 5974 "
2034 5943 2172 5998 Marc
2228 5961 2334 6002 xw,
2373 5944 2450 5997 i7.
