4278 6442
715 392 816 452 6έῖ

1559 390 1900 449 CALLlS’l't
1952 391 2044 448 ΕΤ
2083 388 2382 448 lGNATH
2432 390 3129 452 ΧΛΝΉῘΟΙἪΙΛΠΠῘΜ

3863 396 3961 462 648

715 501 999 556 credentes
1031 502 1194 556 vitam
1250 502 1495 556 habeatis
1524 503 1578 554 in
1636 501 1854 556 nomine
1891 501 2012 570 ejus
2068 501 2133 554 “.
2163 520 2180 553 ι
2236 500 2298 553 Et
2328 500 2369 553 Δ
2399 507 2404 556 ζ

2283 511 2298 553 ι
2328 500 2369 553 Δ
2399 505 2633 575 Χριστὸς
2668 508 2695 556 ὁ
2724 506 2849 565 Υἱὸς
2878 505 2972 557 τοῦ
3004 504 3160 568 Θεοῦ,
3195 505 3287 558 καὶ
3310 505 3395 557 ἵνα
3429 504 3805 567 πιστεύοντες,
3837 505 3972 572 ζωήν

715 595 998 664 apostolus
1033 595 1235 648 Paulus
1275 613 1287 648 :
1335 614 1351 642 ι
1381 595 1436 646 In
1493 595 1713 647 nomine
1751 593 1880 648 Jesu
1935 608 2095 647 omne
2149 608 2290 661 genu

715 689 962 742 ﬂectetur
1001 689 1066 752 ι’,
1108 707 1124 736 ι
1158 695 1217 739 et
1245 697 1459 740 «ctera.
1494 690 1671 756 Atque
1705 687 1756 740 in
1789 687 2016 741 Actibus
2076 697 2295 754 aposto-

716 782 892 834 lortun
933 780 1240 834 scribitur:
1273 797 1291 830 ι
1329 778 1483 833 Tunc
1541 779 1734 834 Petrus
1785 780 2026 849 repletus
2085 779 2291 848 Spiritu

719 881 931 937 Sancto,
999 871 1136 923 dixit
1175 888 1189 923 ι
1245 867 1440 923 Notum
1474 869 1542 924 sit
1567 869 1821 923 munibus
1852 871 2006 925 vobis
2061 879 2114 922 et
2143 868 2292 924 omni

719 962 905 1025 Israel,
938 961 1064 1030 quia
1110 964 1162 1014 in
1218 964 1440 1014 nomine
1472 961 1597 1015 Jesu
1631 959 1920 1024 Nazareni,
1970 974 2132 1029 quem
2199 973 2295 1012 vos

715 1056 1096 1120 erucilixistis,
1141 1071 1302 1124 quem
1337 1054 1476 1108 Deus
1502 1054 1790 1108 suscitavit
1819 1071 1882 1109 ex
1934 1053 2187 1113 mortuis,
2240 1052 2293 1105 in

721 1151 822 1202 hoc
867 1149 956 1202 ille
1001 1159 1141 1202 a~tat
1185 1164 1367 1201 coram
1432 1147 1585 1202 vobis
1639 1164 1809 1202 sanus
1855 1148 1918 1199 ’⁸.
1948 1167 1964 1196 ι
2036 1144 2098 1197 Ει
2136 1145 2298 1215 paulo

722 1253 841 1310 post
879 1259 891 1293 :
940 1261 956 1290 ι
988 1239 1050 1294 Ει
1083 1257 1187 1293 non
1221 1249 1302 1293 est
1325 1240 1378 1292 in
1411 1240 1518 1294 alio
1559 1241 1744 1309 aliquo
1774 1240 1925 1294 salus
1955 1256 1970 1304 ;
2006 1255 2113 1294 non
2145 1240 2295 1293 enim

725 1349 924 1386 nomen
970 1341 1055 1385 cst
1117 1332 1264 1384 aliud
1315 1332 1502 1385 datum
1562 1331 1896 1395 hominibus,
1930 1330 2301 1399 inquooltor-

725 1436 800 1479 tet
885 1442 982 1478 nos
1034 1425 1213 1479 saltus
1269 1425 1384 1478 ﬁeri
1443 1425 1548 1478 ¹⁷.›
1611 1421 1675 1477 Ει
1745 1438 1962 1477 rursum
2012 1423 2293 1477 Salvator:

732 1536 748 1566 ι
788 1517 917 1569 Data
974 1524 1057 1568 est
1121 1517 1248 1567 mihi
1286 1515 1465 1570 omnis
1525 1524 1769 1584 potestas
1828 1515 1882 1568 in
1942 1515 2082 1569 coelo
2139 1525 2195 1568 et
2246 1515 2298 1570 in

725 1619 869 1662 terra
902 1606 1003 1660 ³⁸.»
1054 1608 1113 1661 Et
1145 1624 1207 1661 ea
1241 1623 1457 1662 rursum
1482 1623 1603 1677 qua:
1633 1608 1768 1661 dixit
1800 1606 2154 1662 Deus-Homo
2195 1606 2302 1663 Do-

727 1703 909 1756 minus
942 1700 1201 1771 apostolis
1232 1701 1350 1754 suis
1382 1709 1509 1752 ante
1545 1698 1963 1755 crucilixionem
2000 1714 2014 1749 :
2049 1718 2066 1750 ι
2102 1697 2297 1751 Pacem

725 1795 977 1862 relinquo
1018 1793 1208 1854 vobis;
1250 1807 1435 1860 pacem
1490 1806 1664 1844 meam
1699 1790 1769 1844 tlo
1810 1790 1966 1844 vobis
2035 1790 2134 1843 η.)
2195 1787 2298 1841 Et:

730 1909 754 1941 ι
791 1889 911 1941 lhec
966 1889 1184 1956 loquor,
1233 1897 1290 1939 ut
1323 1888 1377 1937 in
1413 1900 1498 1938 me
1530 1900 1717 1953 pacem
1777 1883 2024 1937 habeatis
2058 1881 2121 1934 ³⁸.
2159 1900 2178 1934 ι
2215 1880 2303 1946 Ει,

730 2001 747 2033 ι
782 1980 894 2034 lloc
939 1990 1021 2034 est
1085 1987 1413 2047 prtecepttun
1474 1992 1681 2041 meum,
1750 1984 1810 2029 ut
1879 1973 2119 2042 diligatis
2163 1973 2306 2028 invi-

726 2087 844 2125 cem
889 2071 973 2124 “.
1020 2087 1038 2119 ›
1101 2068 1184 2134 lit,
1231 2088 1248 2119 ι
1279 2067 1334 2120 In
1372 2069 1472 2121 hoc
1507 2077 1841 2136 cognoscent
1907 2081 2121 2127 omnes.
2178 2066 2305 2136 quia

725 2162 972 2232 discipuli
1049 2162 1153 2214 mei
1211 2161 1363 2226 estis,
1420 2161 1465 2216 si
1523 2161 1852 2215 charitatem
1899 2160 2204 2215 habueritis
2251 2160 2304 2215 in

728 2258 958 2310 invicem
986 2272 1002 2320 ;
1036 2255 1180 2308 sicut
1209 2254 1401 2307 dilexit
1422 2269 1504 2307 me
1536 2255 1720 2317 Pater,
1753 2262 1806 2307 et
1836 2269 1936 2322 ego
1968 2253 2130 2307 dilexi
2165 2269 2263 2308 vos
2288 2297 2304 2320 ,

728 2360 940 2401 manete
981 2348 1034 2399 in
1071 2346 1368 2400 dilectione
1396 2361 1552 2408 mea;
1590 2346 1633 2399 si
1667 2345 1923 2399 mandata
1959 2360 2081 2401 mea
2115 2355 2303 2401 custo-

725 2441 957 2501 dit-ritis,
989 2439 1281 2492 mauebitis
1309 2438 1360 2490 in
1391 2437 1684 2492 dilectione
1735 2452 1854 2491 mea
1882 2439 1951 2493 ".
1986 2456 2006 2489 ι
2049 2457 2068 2489 ι
2101 2437 2306 2504 Quem-

727 2532 1020 2586 admodum
1053 2546 1152 2600 ego
1185 2530 1437 2584 mandata
1458 2529 1637 2586 Patris
1670 2529 1773 2583 mei
1799 2529 2076 2584 custodiri
2112 2540 2168 2585 et
2193 2547 2308 2584 ma-

728 2641 830 2678 neu
870 2625 922 2677 in
948 2624 1244 2678 dilectione
1280 2621 1398 2690 ejus
1429 2622 1495 2675 ”.
1539 2641 1557 2672 ›
1597 2621 1662 2675 Ει
1706 2637 1922 2677 rursum
1957 2632 2084 2692 post
2124 2639 2309 2677 resur-

728 2717 1026 2770 rectionem
1076 2715 1314 2770 diversis
1351 2714 1697 2784 temporibus
1737 2715 1940 2784 smpius
1996 2729 2186 2784 pacem
2229 2716 2310 2768 cis

729 2810 869 2861 Caus
901 2816 1146 2876 apparet,
1178 2807 1292 2861 suis
1322 2821 1381 2860 se
1410 2807 1769 2861 inartifcstans
1806 2823 1868 2860 ac
1899 2807 2085 2860 dicens
2121 2825 2134 2861 :
2171 2805 2311 2860 «Pax

730 2901 904 2952 vobis.
937 2919 954 2951 ι
997 2900 1062 2952 Ει
1099 2900 1254 2953 Petro
1286 2899 1529 2966 quidem,
1566 2898 2083 2970 cuidiscipulorum
2110 2902 2315 2970 guber-

729 2992 1004 3045 nationem
1035 2992 1288 3057 credidit,
1322 2993 1698 3060 repensionem
1726 2993 2019 3059 quamdam
2065 2993 2314 3050 ardentis

730 3085 784 3136 in
844 3084 1020 3152 ipsum
1052 3081 1238 3138 Jesum
1271 3085 1548 3139 Christum
1590 3084 1820 3148 amoris,
1888 3084 2072 3154 gregis
2120 3097 2309 3138 curam

2398 598 2558 665 ἔχητε
2583 599 2640 647 ὲν
2666 596 2740 664 τῷ
2761 597 2988 664 ὀνόματι
3008 595 3194 649 αὐτοῦ.
3224 615 3240 646 t
3274 597 3418 649 Καὶό
3434 596 3721 658 θεσπέσιος
3747 595 3970 656 Παῦλος·

2400 708 2418 740 ι
2444 689 2532 741 Ἓν
2548 690 2623 760 τῷ
2639 690 2860 757 ὀνόματι
2878 687 3048 756 Ἰησοῦ
3070 691 3177 740 πᾶν
3195 689 3321 754 γόνυ
3338 688 3573 757 κάμψει,
3605 688 3731 741 »καὶ
3747 688 3813 740 τὰ
3833 688 3973 757 ἑξῆς.

2399 782 2508 834 Καὶ
2539 781 2667 849 γοῦν
2702 786 2792 832 καὶ
2827 782 2884 831 ἐν
2932 783 3051 839 ταῖς
3079 781 3186 831 τῶν
3226 781 3539 833 ἀποστόλων
3572 779 3745 840 οὕτως
3791 781 3951 846 ἀναγὲ

2398 889 2641 944 γραπται
2675 869 2934 940 Πρὰξεσιο
2969 889 2986 920 ι
3017 869 3148 922 Τότε
3170 871 3371 942 Πέτρος
3387 871 3650 940 πλησθεὶς
3671 870 3978 939 Πνεύματος

2405 968 2560 1034 ἁγίου
2581 963 2720 1018 εἴπεο
2759 965 3003 1016 Γκωστδν
3057 965 3196 1015 ἔστω
3235 966 3398 1016 πᾶσιν
3419 965 3686 1031 ύμῖν,κ;ιὶ
3721 964 3884 1014 παντὶ
3906 961 3978 1030 τῷ

2411 1057 2647 1129 Ἰσραὴλ,
2676 1058 2757 1109 ὅτι
2792 1059 2849 1108 ὲν
2879 1056 2958 1125 τῷ
2996 1055 3222 1122 ὀνόματι
3266 1055 3442 1123 Ἰησοῦ
3487 1053 3582 1106 τοῦ
3619 1052 3941 1120 Ναζωραίου
3965 1093 3978 1116 ,

2397 1150 2456 1204 ὃν
2486 1151 2642 1218 ὑμεῖς
2668 1147 3076 1218 ἐσταυρώσατε,
3099 1147 3206 1199 ὃνό
3227 1146 3357 1208 Θεὸς
3399 1147 3621 1216 ἤγειρεν
3651 1147 3714 1196 ἐκ
3745 1145 3978 1213 νεκρῶν,

2404 1246 2461 1296 ὲν
2492 1242 2664 1310 τούτῳ
2692 1233 2847 1303 οὗτος
2883 1239 3234 1308 παρέστηκεν
3277 1237 3510 1290 ἐνώπιον
3553 1236 3708 1305 ὑμῶν
3736 1236 3916 1303 ὑγιής.
3961 1253 3977 1285 ι

2401 1334 2510 1386 Καὶ
2531 1333 2649 1402 μετ’
2680 1331 2860 1398 ὀλίγα·
2893 1351 2911 1382 ι
2948 1331 3058 1382 Καὶ
3079 1332 3179 1382 οἰκ
3203 1329 3349 1382 ἐστιν
3379 1331 3436 1381 ὲν
3455 1328 3598 1399 ἄλλῳ
3628 1328 3805 1379 οὐδενὶ
3833 1329 3980 1395 ήσω-

2401 1426 2569 1496 τηρία
2591 1442 2603 1455 ·
2634 1425 2756 1476 οὐδὲ
2787 1423 2897 1493 γὰρ
2926 1423 3095 1490 ὄνομά
3133 1423 3279 1474 ἐστιν
3307 1421 3496 1490 ἕτερον
3524 1421 3583 1473 τὸ
3606 1419 3887 1488 δεδομένον
3927 1420 3980 1470 ἐν

2400 1519 2728 1591 ἀνθρώποις,
2745 1519 2802 1568 ὲν
2825 1509 2868 1583 ᾧ
2887 1517 2966 1568 δεῖ
2994 1515 3103 1567 σωθ
3121 1515 3246 1582 ἧναι
3268 1514 3434 1582 ἡμᾶς.
3451 1531 3470 1563 ι
3505 1512 3614 1563 Καὶ
3643 1509 3798 1571 αὖθις
3823 1511 3849 1561 ό
3869 1510 3981 1560 Σωο

2401 1616 2525 1685 τήρ’
2552 1633 2570 1664 ι
2609 1611 2796 1680 Ἐδόθη
2829 1613 2978 1663 πᾶσα
3007 1608 3226 1672 ἐξουσία
3248 1608 3305 1658 ὲν
3329 1603 3545 1674 ούρανῷ
3572 1603 3666 1656 καὶ
3689 1603 3779 1654 ἐπὶ
3803 1601 3924 1669 γῆς·
3959 1618 3977 1650 ι

2400 1705 2560 1757 τοῦτο
2593 1704 2648 1756 δὲ
2680 1701 2862 1765 πάλιν,
2895 1701 2962 1753 δι’
2991 1693 3067 1752 ὧν
3105 1699 3134 1750 ὁ
3165 1697 3515 1764 θεάνθρωπος
3546 1695 3750 1763 Κύριος
3797 1694 3981 1761 εἴρηκε

2362 1794 2544 1889 ιπρὸς
2589 1793 2714 1856 τοὺς
2734 1792 3068 1856 ἀποστόλους
3113 1789 3215 1858 πρὸ
3261 1787 3355 1842 τοῦ
3390 1786 3646 1856 σταυροῦ·
3691 1805 3707 1837 ι
3751 1786 3982 1854 Εἰρήνην

2404 1889 2606 1957 ἀφίημι
2659 1888 2817 1956 ὑμῖν·
2867 1885 3090 1954 εἰρήνην
3125 1883 3225 1954 τὴν
3275 1881 3413 1952 ἐμὴν
3442 1880 3634 1949 δίδωμι
3674 1879 3824 1947 ὑμῖν.
3878 1877 3983 1929 Καὶ

2403 1980 2578 2035 ταῦτα
2609 1979 2771 2047 λαλῶ,
2798 1978 2884 2031 ἵνα
2903 1980 2958 2031 ὲν
2978 1975 3334 2045 ὲμολείρήνην
3363 1971 3542 2042 ἔχητε·
3571 1988 3589 2020 ι
3622 1970 3740 2034 καὶ,
3784 1988 3802 2020 ι
3837 1967 3982 2038 Αὕτη

2409 2074 2560 2127 ἐστὶν
2589 2075 2622 2142 ή
2671 2072 2777 2142 ἐμὴ
2808 2069 3020 2140 ἐντολὴ,
3063 2068 3155 2121 ἵνα
3181 2067 3432 2134 ἀγαπᾶτε
3468 2063 3774 2131 ἀλλήλους’
3815 2079 3832 2110 ι
3870 2059 3980 2122 καὶ,

2411 2187 2430 2220 ι
2476 2167 2565 2220 Ἐν
2593 2165 2769 2235 τούτῳ
2819 2163 3127 2232 γνώσονται
3165 2162 3365 2218 πάντες
3392 2197 3410 2222 ,
3461 2158 3542 2210 ὅτι
3579 2155 3706 2225 ἐμοὶ
3747 2152 3984 2224 μαθηταί

2406 2260 2553 2323 ἐστε,
2583 2257 2679 2310 ὲάν
2699 2256 2921 2325 ἀγάπην
2950 2253 3108 2323 ἔχητε
3135 2255 3192 2305 ὲν
3216 2251 3467 2320 ἀλλήλοις
3493 2264 3508 2279 ·
3526 2246 3708 2309 καθὼς
3732 2244 3985 2314 ἠγάπησε

2409 2369 2478 2422 με
2525 2353 2554 2403 ό
2600 2349 2807 2419 Πατὴρ,
2852 2346 3008 2416 κάγὼ
3069 2346 3332 2415 ἠγάπησα
3365 2345 3529 2413 ὑμᾶς·
3566 2341 3785 2412 μείνατε
3835 2340 3891 2392 ὲν
3918 2339 3984 2407 τῇ

2406 2442 2593 2512 ἀγάπῃ
2639 2444 2703 2511 τῇ
2753 2442 2901 2510 ὲμῇο
2965 2439 3059 2492 ἐὰν
3116 2437 3216 2499 τάς
3254 2435 3472 2498 ἐντολάς
3535 2450 3637 2503 μου
3689 2431 3985 2500 τηρήσητε,

2412 2538 2621 2606 μενεῖτε
2669 2535 2725 2586 ὲν
2779 2535 2846 2604 τῇ
2881 2532 3070 2601 ἀγάπῃ
3099 2547 3224 2600 μου,
3266 2526 3450 2589 καθὼς
3490 2526 3601 2594 ἐγὼ
3628 2524 3726 2586 τὰς
3770 2521 3988 2583 ἐντολὰς

2409 2627 2503 2680 τοῦ
2533 2626 2752 2698 Πατρός
2782 2641 2882 2694 μου
2933 2624 3231 2694 τετήρηκα,
3267 2620 3360 2672 καὶ
3413 2617 3558 2688 μένω
3598 2614 3763 2670 αὐτοῦ
3818 2615 3876 2665 ἐν
3923 2615 3988 2682 τῇ

2409 2719 2621 2790 ἀγάπῃ.
2666 2737 2683 2768 ι
2720 2717 2829 2771 Καὶ
2858 2711 3014 2778 αὖθις
3064 2714 3199 2784 μετὰ
3231 2713 3330 2782 τήν
3362 2711 3600 2780 ἔγερσιν,
3633 2707 3775 2761 κατὰ
3805 2706 3993 2774 διαφό-

2414 2828 2536 2881 ρους
2563 2808 2712 2879 ὥρας
2741 2807 3000 2870 πολλάκις
3053 2803 3302 2866 δεδωκὼς
3332 2803 3584 2870 φαίνεται
3613 2800 3710 2869 τὴν
3742 2801 3988 2867 εἰρήνην,

2415 2901 2852 2970 ὲμφανιζόμενος
2876 2901 2988 2960 τοῖς
3015 2897 3162 2960 ἰδίοις
3187 2899 3278 2950 καὶ
3297 2897 3497 2963 λέγων,
3521 2913 3538 2944 ι
3573 2894 3775 2963 Εἰρήνη
3803 2892 3987 2960 ύμῖν.ι

2413 2995 2524 3049 Καὶ
2558 2995 2694 3062 πρὸς
2749 2999 2840 3047 τὸν
2879 2993 3082 3063 Πέτρον
3123 2993 3202 3057 δὲ,
3319 2993 3413 3043 καὶ
3437 2992 3534 3060 τὴν
3564 2988 3860 3060 ἠγεμονίαν
3883 2986 3996 3038 τῶν

2416 3085 2675 3157 μαθητῶν
2718 3086 3162 3147 ὲνεπιστεύσατο,
3205 3081 3514 3136 ἀντέκτισίν
3559 3098 3678 3134 τινα
3711 3079 3811 3148 τῆς
3859 3078 3997 3145 πρὸς

730 3175 1029 3229 ostendens
1055 3190 1197 3241 esse,
1249 3177 1324 3229 ita
1368 3176 1528 3230 tertio
1583 3175 1763 3229 dixit:
1807 3194 1825 3227 ι
1865 3176 1923 3230 Si
1961 3190 2047 3231 me
2099 3176 2307 3246 diligis,
2335 3177 2419 3238 Ct

2335 3177 2380 3238 C
2413 3181 2576 3234 αὑτὸν
2600 3180 2691 3232 τδν
2724 3179 2928 3249 Κύριον
2968 3177 3176 3248 Ἰησοῦν
3205 3177 3439 3247 Χριστὸν
3463 3161 3727 3246 διαπύρου
3749 3172 3997 3240 ἀγάπης,

730 3266 913 3329 Pctre,
946 3267 1069 3334 plus
1095 3283 1257 3336 quam
1285 3268 1399 3333 alii,
1445 3283 1604 3336 pasce
1628 3282 1760 3322 oves
1797 3282 1944 3322 meas
1967 3267 2032 3320 “.
2084 3287 2105 3320 ι
2159 3268 2311 3322 Dicet

730 3357 870 3411 forte
903 3358 1101 3428 aliquis
1137 3359 1190 3412 id
1224 3374 1324 3413 nec
1357 3360 1658 3426 immerito,
1687 3375 1880 3429 nempe
1913 3361 2053 3430 quod
2075 3375 2170 3430 per
2197 3362 2312 3415 hare

734 3451 832 3503 tria
864 3466 1059 3521 magna
1077 3465 1199 3520 quae
1236 3451 1598 3518 ostendimus,
1635 3453 1737 3506 tria
1761 3452 1866 3505 alia
1903 3453 2110 3522 Optima
2152 3453 2312 3508 nobis

733 3544 1054 3612 gignuntur,
1082 3543 1248 3597 animi
1277 3556 1468 3615 nempe
1495 3543 1822 3615 puriﬁcatio,
1857 3544 2185 3600 illuminatio
2248 3561 2312 3600 ac

735 3635 1016 3703 perfectio.

809 3931 962 3996 Quod
989 3935 1040 3987 in
1068 3933 1148 3986 his
1177 3935 1344 3989 tribus
1372 3946 1630 3993 contexta:
1658 3946 1781 3993 sunt
1808 3954 1985 3995 omnes
2015 3942 2254 3997 uirtutes.

809 4091 900 4144 li.
935 4089 991 4144 Si
1025 4092 1150 4159 quis
1186 4105 1363 4146 autem
1397 4105 1651 4149 accurate
1677 4097 1809 4152 velit
1830 4099 2170 4166 examinare,
2205 4118 2317 4155 ma-

737 4178 934 4235 nil'este
952 4180 1210 4244 inveniet,
1234 4182 1288 4235 in
1317 4182 1718 4254 hactripliciter
1745 4197 1886 4241 texta
1911 4203 2090 4258 neque
2119 4191 2314 4256 fracta,

742 4277 800 4322 ut
825 4271 902 4322 ita
934 4269 1136 4334 dicam,
1168 4271 1317 4324 facili
1376 4274 1481 4326 tela
1533 4290 1852 4343 suspensam
1889 4286 1942 4331 et
1999 4286 2316 4334 contextam

740 4374 960 4414 omnem
999 4361 1260 4415 virtutum
1279 4365 1561 4432 copiosam
1595 4377 1643 4419 et
1677 4382 1706 4420 a
1749 4369 1854 4421 Deo
1885 4369 2133 4425 eﬂ'ectam
2193 4387 2319 4437 pur-

2413 3272 2511 3342 τὴν
2535 3269 2631 3323 τοῦ
2681 3269 2937 3340 ποιμνίου
2985 3269 3244 3338 φροντίδα
3303 3265 3754 3335 ἐπιδεικνύμενος
3818 3260 3998 3327 εἶναι,

2411 3363 2556 3418 οὕτω
2591 3363 2650 3415 τὸ
2678 3363 2865 3436 τρίτον
2898 3362 3084 3431 φησίν·
3122 3381 3140 3413 ι
3173 3362 3239 3415 Et
3282 3378 3347 3430 με
3379 3359 3576 3428 φιλεῖς,
3607 3358 3803 3428 Πέτρε,
3837 3357 4002 3409 πλέον

2413 3457 2521 3509 τῶν
2580 3457 2777 3521 ἄλλων,
2814 3458 3073 3526 ποίμαινε
3118 3455 3188 3507 τὰ
3225 3452 3481 3522 πρόὸατά
3543 3469 3667 3521 μου.
3713 3470 3732 3502 ι
3765 3450 3929 3503 Εἴποι
3956 3450 4002 3503 δ’

2412 3550 2478 3602 ἄν
2509 3567 2590 3611 τις
2621 3551 2751 3612 ἴσως
2783 3550 2884 3602 ούκ
2907 3548 3014 3601 ἀπὸ
3039 3547 3242 3600 σκοποῦ
3267 3547 3356 3599 καί
3383 3545 3559 3607 τοῦτο,
3580 3545 3658 3597 ὅτι
3685 3543 3772 3596 διά
3790 3561 3853 3610 γε
3890 3543 4004 3596 τῶν

2413 3641 2763 3710 δηλωθέντων
2810 3640 3066 3704 ἐξαισίων
3110 3640 3340 3692 τουτωνὶ
3386 3637 3590 3708 τριῶν,
3641 3635 4006 3688 ἀποτίκτεται

2413 3734 2545 3802 ἡμῖν
2569 3732 2734 3802 ἕτερά
2774 3750 2898 3785 τινα
2923 3731 3048 3802 τρία
3078 3731 3330 3800 ἐξαίρετα
3361 3746 3374 3759 ·
3405 3728 3474 3782 τά
3504 3728 3562 3781 δέ
3599 3729 3771 3789 ἐστιν,
3824 3728 3859 3797 ή
3902 3725 4008 3795 τῆς

2413 3824 2588 3894 ψυχῆς
2627 3824 2922 3895 κάθαρσις,
2955 3825 2982 3873 ὁ
3012 3822 3313 3893 φωτισμὸς,
3354 3819 3451 3872 καὶ
3485 3820 3520 3890 ή
3553 3817 3857 3878 τελείωσις.

2418 3939 2540 3991 Ὅτι
2571 3937 2638 3991 ἐν
2665 3938 2899 4003 τούτοις
2915 3936 3040 4002 τοῖς
3069 3936 3222 4058 τὲισί
3249 3931 3702 4056 σὲυνεξύφανται
3729 3925 3924 3981 πᾶσαι
3947 3929 4010 3980 αἰ

3131 4021 3266 4058 nam
3298 4044 3312 4056 .

3123 4021 3286 4073 petat
3298 4044 3312 4056 .

2499 4102 2584 4158 ια’.
2629 4103 2690 4155 Εἰ
2723 4101 2781 4154 δέ
2823 4118 2907 4162 τις
2939 4098 3184 4168 ἀκριϐῶς
3221 4097 3529 4167 ἐθελήσειεν
3558 4091 3812 4158 ὲξετάσαι
3847 4092 4012 4160 ἐναρο

2419 4199 2551 4265 γῶς,
2599 4197 2655 4248 ὲν
2707 4191 2908 4263 τουτῳῖ
2969 4191 3047 4261 τῷ
3107 4189 3420 4260 τριπλόκῳ,
3460 4185 3556 4242 καὶ⁵
3587 4180 3699 4238 οἷον
3739 4183 4016 4255 ἀρρήκτῳ

2421 4285 2691 4355 σπαρτίῳ.
2732 4284 2956 4354 εὑρήσει
2983 4281 3361 4351 αἰωρημένην,
3397 4279 3490 4332 καὶ
3516 4275 4014 4344 συνεξυφασμὲνην

2421 4382 2600 4432 πᾶσαν
2630 4376 2726 4446 τὴν
2751 4377 2858 4427 τῶν
2890 4375 3098 4445 ἀρετῶν
3128 4373 3360 4441 ἄφθονον
3402 4371 3512 4443 [τον.
3546 4370 3825 4439 ἄφθαρτον
3850 4365 3868 4438 ]
3914 4367 4018 4418 καὶ

742 4461 951 4548 puram.
975 4447 1188 4502 Etenim
1210 4453 1363 4516 quasi
1393 4454 1626 4519 pretiosa
1658 4459 1901 4524 quaedam
1930 4469 2141 4525 catena,
2159 4473 2212 4516 et
2234 4462 2318 4517 fu-
2344 4498 2396 4559 D
2420 4472 2431 4524 ἰ

2344 4498 2396 4559 D
2420 4472 2735 4525 θεότευκτον
2764 4466 3076 4537 ἁλουργίδα·
3103 4467 3196 4518 καὶ
3225 4465 3333 4534 γὰρ
3367 4464 3454 4516 οἶα
3488 4480 3571 4524 τις
3603 4461 3759 4530 τιμία
3788 4459 4015 4523 ἅλυσις,

741 4544 828 4590 uis
856 4554 991 4593 auro
1018 4544 1325 4609 varicgatus
1342 4544 1451 4596 vita
1484 4547 1781 4601 secundum
1803 4549 1966 4603 Deum
1994 4551 2313 4615 instituitur,
2345 4544 2392 4559 ν
2420 4586 2430 4621 ε

2345 4544 2392 4559 ν
2420 4568 2516 4621 καὶ
2542 4565 2695 4636 σειρά
2719 4563 3154 4632 ποικιλόχρυσος,
3204 4560 3447 4629 πέφυκεν
3479 4561 3512 4628 ή
3556 4559 3698 4612 κατά
3731 4558 3867 4611 Θεὸν
3906 4575 4018 4609 πο-

743 4635 973 4685 virtutes
1010 4648 1168 4688 unam
1213 4635 1282 4689 ad
1326 4636 1553 4691 alteram
1585 4650 1915 4694 connectens
1945 4650 1999 4694 et
2048 4642 2099 4694 in
2146 4659 2316 4697 unum
2418 4660 2432 4712 ς

2418 4635 2776 4726 λιτείαινμιαν
2819 4656 2919 4724 τῆς
2955 4655 3081 4724 μιᾶς
3130 4652 3513 4723 ἐξηρτημένην
3552 4651 3754 4721 ἀρετὴν
3787 4651 4017 4717 εὐαγῶς

744 4730 971 4773 cunctas
1010 4723 1272 4777 reducens
1315 4728 1623 4792 cepulatas.
1671 4729 1960 4782 Enimvero
2007 4731 2108 4785 hoc
2152 4749 2317 4786 mmm
2420 4751 2433 4802 ι

2420 4723 2764 4819 ἐχουσαξκαί
2789 4723 2883 4808 είς
2906 4745 2967 4798 τδ
2995 4745 3053 4796 ἓν
3084 4743 3544 4812 συνηρμοσμένας
3600 4741 3841 4803 ἁπάσας.
3893 4742 4016 4794 Καὶ

745 4828 882 4880 opus
929 4813 1197 4882 pleraque
1229 4818 1539 4885 perficiunt,
1591 4821 1841 4875 deificare
1878 4825 2150 4877 hominem
2203 4828 2320 4879 sin-
2419 4859 2434 4906 τ

2419 4809 2550 4908 γἰδῦν
2578 4809 2672 4892 καὶ
2719 4838 2777 4890 ἓν
2804 4838 2963 4908 ἔργον
3003 4837 3059 4889 αἰ
3350 4809 3809 4905 καταρτίξουσιν,
3865 4833 4015 4901 ὅπερ

747 4918 872 4957 cere
904 4905 1068 4959 vitam
1112 4908 1404 4964 virtutibus
1441 4925 1862 4968 consentaneam
1907 4927 2152 4985 agentem
2187 4938 2201 4973 :
2243 4932 2321 4984 ut,

2420 4935 2536 4986 ἐστί
2593 4932 2655 4983 τὸ
2700 4931 2968 4998 θεωθῆναι
3022 4929 3114 4981 τὸν
3155 4927 3462 4997 εἰλικρινῶς
3508 4927 3701 4988 αὐταῖς
3753 4924 4019 4989 συζῶντεν.

751 4994 949 5049 talibus
972 4998 1133 5052 nodis
1159 4998 1494 5069 vinculisque
1522 5003 1742 5072 ligatus,
1778 5021 1872 5073 per
1903 5008 2082 5073 tidem,
2112 5010 2154 5062 si
2175 5011 2320 5076 velit,
2419 5027 2440 5079 ε

2419 5024 2740 5092 ἄνθρωπον·
2779 4994 3107 5091 συνδέσμους
3159 5015 3272 5072 οἷον
3302 4994 3393 5086 -δή
3429 5036 3582 5079 τινας
3623 5017 3717 5069 καὶ
3749 5020 4014 5087 κρίκους,

749 5098 804 5142 et
833 5103 1004 5156 spem,
1040 5099 1094 5144 et
1131 5092 1517 5160 humilitatem,
1571 5109 1847 5152 mereatur
1883 5102 2083 5155 dilecto
2125 5103 2325 5156 saluta-
2421 5136 2438 5168 ς

2421 5116 2748 5168 πλουτοῦσαί
2783 5132 2932 5176 πως,
2965 5115 3133 5177 αὑτήν
3165 5129 3223 5164 τε
3252 5111 3346 5164 τοῦ
3384 5111 3589 5178 Κυρίου
3635 5111 3806 5178 Ἰησοῦ
3869 5113 4017 5179 Χρι-

755 5181 906 5247 rique
935 5183 1153 5238 nomine
1185 5183 1397 5240 Domini
1431 5186 1557 5242 Jesu
1595 5188 1795 5245 Christi
1831 5194 2201 5262 cognominari
2225 5237 2240 5261 ,
2271 5206 2326 5250 et
2422 5226 2444 5261 α

2422 5209 2548 5263 στοῦ
2583 5208 2834 5276 φίλτατον
2851 5205 2961 5277 [ἷσ.
2991 5203 3274 5275 φιλτάτην]
3301 5202 3393 5257 τοῦ
3427 5203 3690 5272 ὀνόματος
3723 5205 3780 5253 ἐν
3798 5204 4018 5266 πίστει,

752 5287 938 5341 pacein
988 5275 1422 5349 charitatemque
1474 5292 1840 5350 consequatur
1871 5299 1885 5338 ς
1919 5284 2033 5339 hac
2071 5298 2154 5340 est
2202 5301 2326 5340 vere
2420 5319 2441 5353 ε

2420 5303 2466 5353 εἰ
2500 5275 2676 5369 βούλει
2715 5299 2794 5363 δὲ,
2847 5275 2941 5350 καὶ
2966 5297 3160 5358 ἐλπίδι,
3199 5297 3290 5349 καὶ
3316 5294 3664 5355 ταπεινώσει,
3712 5298 4017 5365 σωτήριον,

753 5370 917 5422 arbor
943 5379 1027 5422 ter
1063 5370 1328 5436 perfecta,
1362 5371 1627 5440 plantatio
1661 5375 1791 5439 Dei,
1819 5376 2097 5446 vitamque
2135 5379 2327 5432 fructi-
2421 5392 2442 5442 ι

2421 5389 2728 5457 ἐπίκλησιν,
2757 5389 2848 5442 καὶ
2886 5388 2984 5458 τήν
3022 5389 3244 5458 εἰρήνην
3277 5374 3395 5454 ἅμα
3417 5387 3508 5440 καὶ
3532 5386 3631 5456 τὴν
3661 5386 3912 5456 ἀγάπην,
3947 5387 4016 5438 τὸ

755 5459 956 5526 ﬁcanti;
999 5460 1052 5515 in
1102 5475 1207 5529 qua
1235 5463 1473 5518 insertus
1517 5465 1680 5522 homo
1708 5468 1763 5522 in
1793 5471 1894 5526 hac
1927 5475 2054 5537 vita,
2105 5474 2330 5541 ejusque
2427 5484 2444 5535 ι

2314 5489 2330 5527 3
2427 5482 2780 5550 θεοφὺτευτον
2838 5482 3007 5544 ὅντως
3045 5482 3139 5534 καὶ
3191 5479 3536 5548 τριστέλεχον
3582 5478 3799 5548 δένδρον
3824 5520 3839 5544 ,
3906 5480 4003 5531 καὶ

755 5557 1141 5613 cenvenienter
1165 5562 1430 5631 particeps
1449 5558 1642 5630 factus,
1677 5580 1784 5622 non
1808 5579 2033 5625 mortem
2059 5581 2115 5624 ut
2133 5579 2317 5641 proto-
2424 5568 2444 5634 ζ

2424 5568 2802 5641 ζοωπάροχον
2858 5568 2918 5628 οὗ
2949 5574 2976 5625 ό
3008 5574 3148 5626 κατά
3190 5573 3382 5644 καιρὸν
3429 5555 3758 5643 ἀπτόμενος,
3798 5579 3898 5630 καὶ
3928 5577 4014 5641 ὡς

819 5740 861 5812 ³-⁵
895 5740 1052 5798 loan.
1107 5760 1197 5807 xx,
1255 5744 1344 5812 50,
1393 5745 1483 5798 51.

752 5811 795 5842 ⁸⁸
823 5810 974 5865 Jnau.
1023 5830 1132 5880 XIV,
1196 5813 1285 5868 27.

755 5897 866 5948 ut,
928 5885 1006 5940 l7.

1607 5747 1647 5780 ⁸³
1709 5747 1942 5819 Philipp.
1977 5768 2035 5816 tt,
2095 5755 2182 5807 10.

2294 5755 2339 5787 ⁸⁸
2371 5756 2492 5810 Act.
2547 5772 2618 5820 tv,
2677 5757 2763 5810 10.

1388 5816 1432 5847 ¹⁰
1484 5815 1638 5871 Joan.
1672 5835 1782 5886 xvi,
1809 5815 1896 5875 33.

2879 5757 2921 5788 ιτ
2961 5757 3091 5812 ibid.
3159 5758 3243 5814 19,,
3348 5762 3390 5793 ³⁸
3432 5763 3621 5814 Mattn.
3665 5782 3857 5828 xxvtn.
3909 5772 3998 5826 18.

1999 5825 2038 5854 ¹¹
2070 5823 2224 5878 Joau.
2269 5842 2386 5891 xm,
2413 5827 2500 5880 5i.
2603 5829 2645 5858 "
2674 5828 2832 5882 Joan.
2875 5844 2961 5894 xv,
2999 5830 3050 5894 8,
3096 5831 3150 5885 9.

3243 5831 3286 5860 ει
3317 5832 3387 5884 ibi
3415 5842 3470 5897 ιη
3519 5833 3668 5887 8-10.
3749 5841 3797 5869 ²⁵
3824 5840 3997 5895 Jttau.
