4278 6442
321 353 434 417 653

1551 370 1942 437 OPUSCULA
1985 379 2366 442 ASLETICA.

3455 389 3558 454 οτι

306 510 398 545 τον
452 491 722 560 ὁσημέραι
771 492 966 558 ζηλοῦν
1019 491 1358 561 ἐπείγεσθαι.
1415 493 1564 556 Εἶτα,
1630 498 1758 566 περὶ
1788 491 1942 568 μειΑ
1979 508 1995 540 1

1869 491 1942 550 ,Α
1979 489 2129 544 «Non
2151 495 2271 546 veni
2297 494 2620 560 ministrari,
2643 497 2733 550 sed
2760 497 3185 553 ministrare".i
3216 498 3280 554 Et
3295 500 3558 556 eritalim

307 578 475 636 αὐτοῦ
508 582 601 634 τοῦ
632 583 835 650 Κυρίου
864 584 1023 654 ἡμῶν
1069 585 1240 654 Ἰησοῦ
1296 587 1533 656 Χριστοῦ
1574 589 1885 660 γέγραπται

303 678 366 730 τό
395 693 407 705 ·
455 696 472 726 ι
516 677 626 730 Καὶ
653 672 721 747 ἦν
763 677 1203 747 ὑποτασσόμενος
1225 678 1301 748 τῷ
1339 684 1535 750 πατρὶ,
1571 684 1664 735 καὶ
1696 689 1763 751 τῇ
1784 703 1887 753 μη-

302 770 394 837 τρὶ
425 769 613 822 αὐτοῦ.
658 788 675 820 ι
733 769 845 822 Καὶ
888 769 1051 832 αὐτὸς
1085 770 1141 823 δέ
1198 789 1364 841 φησιν
1397 775 1423 827 6
1458 775 1677 844 Σωτήρ⁶
1719 795 1736 824 ι
1773 779 1888 829 Οὐκ

300 855 467 931 ἦλθον
496 863 908 932 διακονηθῆναι,
963 863 1101 917 ἀλλὰ
1156 864 1495 936 διακονῆσαι.
1536 887 1553 919 ι
1605 870 1708 921 Καὶ
1742 869 1887 922 ἐστιν

299 956 510 1025 ἕτερος,
534 958 561 1008 6
584 957 788 1026 ἑτέρως
812 955 960 1024 βιοῦν
995 957 1217 1022 ἐθέλων,
1252 959 1372 1029 ἦτοι
1406 960 1888 1029 αὐταρέσκως,καὶ

299 1047 692 1110 αὐτεξουσίως,
719 1049 812 1101 καὶ
839 1049 966 1100 ἄνευ
998 1048 1215 1117 ὁδηγοῦ,
1244 1051 1338 1101 καὶ
1368 1051 1394 1102 6
1423 1050 1664 1113 τοιοῦτος
1690 1052 1883 1117 οἴεται,

298 1139 376 1201 ὡς
406 1140 493 1207 εἴη
528 1139 672 1192 κατὰ
701 1141 858 1207 λόγον
885 1140 984 1211 τὴν
1015 1141 1194 1194 ἔνθεον
1251 1141 1434 1212 βιοτὴν
1487 1144 1883 1213 πορευόμενοςς

297 1231 584 1299 Οὐμενοῦν
605 1250 618 1262 ·
652 1230 925 1300 οὐδαμῶς,
952 1233 1026 1295 ὡς
1061 1233 1200 1302 ὑπὲρ
1222 1234 1288 1285 τὰ
1321 1236 1642 1304 ἐσκαμμένα
1671 1236 1881 1304 πηδῶν.

300 1327 410 1377 Καὶ
435 1325 580 1392 λέγει
609 1326 638 1377 6
661 1325 757 1393 τῆς
785 1325 1070 1394 Κλίμακος
1091 1341 1104 1356 ⁸
1137 1327 1345 1396 Ὥσπερ
1369 1329 1396 1380 6
1423 1328 1497 1398 μὴ
1538 1328 1675 1398 ἔχων
1695 1329 1886 1400 ὁδηγὸν

297 1416 539 1486 εὐχερῶς
574 1417 633 1468 ὲν
658 1420 725 1486 τῇ
760 1412 865 1485 ὀδῷ
892 1416 1196 1470 πλανᾶται·
1236 1418 1379 1473 οὕτω
1406 1423 1499 1472 καὶ
1545 1423 1572 1473 6
1624 1422 1885 1486 αὐτεξου-

297 1509 430 1571 σίως
449 1509 547 1578 τὴν
582 1506 874 1579 μοναδικὴν
902 1507 1017 1562 ὁδὸν
1045 1512 1430 1581 πορευόμενος,
1457 1513 1693 1583 εὐχερῶς
1715 1513 1886 1567 ἀπόλ-

295 1602 476 1663 λυται,
518 1601 621 1656 κᾶν
650 1605 831 1655 πᾶσαν
855 1601 952 1672 τὴν
975 1602 1069 1655 τοῦ
1113 1605 1317 1673 κόσμου
1347 1606 1538 1675 σοφίαν
1574 1608 1882 1660 striatam?

296 1693 385 1746 διά
418 1709 500 1745 τοι
529 1695 688 1746 τοῦτο
714 1697 808 1748 καὶ
841 1696 888 1746 οἱ
917 1695 1120 1758 πολλοὶ,
1150 1695 1238 1749 ἶνα
1268 1696 1341 1764 μὴ
1378 1696 1622 1764 εἴπωμεν
1659 1696 1882 1758 πάντες,

294 1788 345 1838 εἰ
381 1787 454 1856 μὴ
490 1789 951 1857 ὑποτασσόμενοι,
982 1788 1074 1840 καὶ
1101 1787 1176 1856 μὴ
1219 1787 1358 1856 μετὰ
1400 1787 1595 1856 βουλῆς
1644 1786 1937 1875 βαδίζον-Β

294 1894 409 1936 τες.
454 1879 549 1930 σὺν
576 1879 723 1949 πόνῳ
764 1878 884 1946 μὲν,
919 1880 1013 1931 καὶ
1045 1879 1228 1948 ἱδρῶτι
1261 1878 1332 1929 τὰ
1383 1877 1615 1929 πλεῖστα
1671 1878 1881 1945 ὀνειρο-

294 1967 610 2032 πολοῦντες,
679 1970 1016 2038 σπείρουσι·⁴
1061 1971 1126 2039 τῇ
1167 1969 1223 2022 δὲ
1285 1969 1536 2041 ἀληθείᾳ,
1581 1969 1770 2038 ἀμῶσι
1811 1969 1882 2024 τὰ

292 2058 418 2110 λίαν
460 2059 741 2127 ἐλάχιστα.
783 2058 942 2124 Τινὲς
965 2061 1020 2114 δὲ
1048 2063 1140 2113 καὶ
1170 2061 1290 2114 ἀντὶ
1322 2061 1495 2125 σίτου,
1534 2060 1878 2129 συλλέγουσι,

295 2149 430 2212 φεῦε
492 2150 725 2216 ζιζάνια,
780 2151 855 2216 ὡς
914 2153 1276 2222 στοιχοῦντες,
1340 2153 1483 2206 καθὰ
1505 2151 1780 2218 λέλεκται,
1813 2155 1878 2222 τῇ

296 2242 644 2315 ἰδιορρυομία
684 2245 778 2296 καὶ
815 2245 891 2314 τῷ
927 2245 1254 2315 αὐταρέσκῳ
1292 2246 1625 2315 φρονήματι,
1679 2238 1741 2297 οὗ
1792 2243 1882 2296 οὐ-

288 2333 380 2386 ὃὲν
432 2339 649 2404 χεῖρον·
718 2338 812 2390 καὶ
858 2338 1051 2390 τούτου
1111 2338 1324 2408 μάρτυς
1368 2339 1397 2390 6
1442 2338 1540 2404 τῆς
1578 2335 1878 2406 Κλίμακος,

287 2426 436 2478 οὕτω
467 2427 693 2494 γράφων
715 2444 726 2456 ·
773 2446 791 2478 ι
837 2429 991 2480 Ὅσοι
1021 2427 1159 2496 πρὸς
1210 2427 1269 2479 τὸ
1302 2426 1516 2479 στάδιον
1555 2427 1651 2496 τῆς
1686 2429 1879 2498 νοερᾶς

287 2517 589 2583 ὁμολογίας
635 2519 1031 2588 ἐπεχειρήσατε
1073 2517 1449 2572 ἀποδύσασθαι
1472 2531 1486 2546 ⁸
1520 2519 1634 2570 ὅσοι
1658 2515 1748 2569 τὸν
1781 2516 1877 2569 τοῐ

287 2614 530 2682 Χριστοῦ
565 2615 728 2680 ζυγὸν
761 2617 852 2666 ἐπὶ
883 2615 973 2666 ’τὸν
1004 2618 1202 2666 οἰκεῖον
1250 2615 1454 2682 αὐχένα
1507 2610 1636 2684 ἆραι
1688 2613 1876 2681 βούλε-

472 2709 587 2759 ὃσοι
635 2708 696 2758 τὸ
761 2707 967 2759 ἑαυτῶν
999 2707 1239 2776 φορτίον,
1291 2709 1382 2760 ἐπὶ
1408 2707 1500 2758 τὸν
1545 2705 1638 2758 τοῦ
1689 2706 1878 2774 ἑτέρου

286 2801 564 2869 τράχηλον
621 2799 891 2853 ἐπιθεῖναι
943 2799 1313 2861 σπουδάζετε·
1381 2801 1494 2852 ὅσοι
1535 2802 1632 2860 τὰς
1669 2797 1879 2850 ἑαυτῶν

285 2894 433 2955 ὠνὰς
500 2892 714 2961 γράψαι
759 2890 1022 2952 ἑκουσίως
1063 2891 1348 2951 σπεύδετε,
1379 2890 1473 2941 καί
1508 2889 1622 2942 ἀντ’
1655 2889 1878 2941 ἐκείνων

281 2986 604 3056 ἐλευθερίαν
636 2985 912 3055 γραφῆναι
964 2984 1092 3052 ὐμίν
1147 2982 1403 3052 βούλεσθε
1441 2999 1452 3011 ·
1512 2983 1627 3035 ὅσοι
1689 2982 1876 3052 γερσὶν

278 3079 489 3146 ἑτέρων
514 3075 897 3145 ἀνυψούμενοι,
940 3075 1034 3126 καὶ
1063 3074 1371 3145 νηχόμενοι,
1406 3074 1465 3128 τὸ
1514 3075 1654 3143 μέγα
1708 3074 1868 3127 τοῦτο

289 2711 384 2760 clis
407 2724 420 2736 '

1981 585 2073 652 qui
2098 584 2255 638 aliter
2281 587 2460 641 vivere
2493 587 2640 650 velit,
2671 589 2837 645 libere
2872 591 3075 646 scilicet
3100 601 3151 646 et
3184 606 3282 661 pro
3307 592 3555 657 arbitrio,

1978 685 2033 728 et
2073 675 2191 729 sine
2220 677 2376 739 duce,
2413 688 2578 746 atque
2632 679 2720 733 ille
2745 691 2929 734 censet
2959 683 3203 750 seipsum
3253 684 3555 737 secundum

1980 763 2148 820 Deum
2191 767 2355 820 vitam
2399 771 2598 838 agere?
2633 772 3023 840 Nequaquam;
3069 777 3161 827 sed
3203 774 3358 842 quasi
3394 785 3554 840 super

1976 871 2241 911 cavernas
2268 859 2452 912 saltat.
2490 861 2552 915 lit
2570 862 2697 916 dicit
2721 863 2860 916 Idem
2879 861 3118 917 Climax:
3148 884 3165 914 ι
3192 865 3547 930 Quemadmo-

1978 948 2106 1000 dum
2136 949 2222 1004 ille
2241 951 2330 1020 qui
2370 951 2650 1006 ductorem
2674 969 2781 1007 non
2820 955 3004 1018 habet,
3041 965 3186 1008 errat
3218 958 3270 1010 in
3310 959 3427 1024 via;
3482 960 3552 1013 ita

1975 1051 2029 1094 et
2049 1040 2140 1110 qui
2167 1058 2261 1109 pro
2284 1044 2512 1098 arbitrio
2536 1046 2586 1098 in
2611 1045 2852 1100 solitaria
2872 1048 2951 1101 \ia
2969 1050 3186 1110 incedit,
3210 1049 3367 1104 facile
3392 1053 3553 1120 perit,

1974 1131 2188 1187 etiamsi
2221 1149 2436 1190 omnem
2468 1139 2748 1191 hominum
2783 1139 3105 1208 sapientiam
3161 1141 3356 1194 habeat
3385 1159 3397 1195 :
3433 1142 3554 1195 ideo

1973 1236 2027 1279 et
2060 1225 2306 1293 plurimi,
2352 1243 2418 1282 ne
2469 1232 2718 1284 dicamus
2761 1244 2973 1295 omnes,
3003 1248 3126 1286 cum
3151 1248 3258 1285 non
3284 1233 3388 1286 sint
3421 1235 3549 1286 snh-

1974 1319 2125 1374 missi
2147 1328 2199 1373 ει
2228 1317 2346 1373 sine
2376 1321 2603 1374 consilio
2652 1321 2929 1387 incedant,
2961 1336 3084 1376 eum
3146 1324 3331 1376 labore
3373 1340 3435 1375 ac
3461 1341 3550 1377 st:-

1971 1409 2101 1464 dore
2132 1411 2450 1481 plerumque
2485 1414 2842 1479 somniantes,
2871 1415 3228 1483 dispergunt;
3256 1417 3432 1485 reipsa
3461 1433 3546 1469 H3-

1972 1517 2032 1557 ro
2065 1519 2226 1572 quam
2252 1502 2528 1559 levissima
2556 1506 3037 1572 metunt.Quidam
3106 1519 3286 1561 autem
3338 1518 3391 1560 et
3447 1523 3545 1577 pro

1970 1595 2264 1661 frumento,
2303 1598 2584 1667 colligunt,
2623 1599 2723 1652 heu
2762 1601 3004 1654 luizania
3040 1640 3056 1666 ,
3096 1614 3163 1656 eo
3198 1603 3339 1670 quod
3399 1603 3544 1656 ince-

1969 1689 2127 1753 dunt,
2181 1701 2242 1743 ut
2294 1691 2498 1744 dictum
2540 1701 2645 1756 est,
2689 1693 2904 1761 propria
2956 1694 3231 1748 voluntate
3275 1705 3329 1749 et
3378 1696 3542 1748 libera

1969 1791 2168 1844 mente,
2202 1796 2306 1849 qua
2340 1783 2475 1836 nihil
2505 1783 2658 1852 pejus
2680 1793 2784 1838 est.
2837 1785 3019 1853 Atque
3059 1785 3197 1838 idem
3224 1786 3351 1839 illud
3381 1796 3542 1840 teSIa-

1969 1882 2076 1935 tur,
2107 1877 2355 1930 scriheus
2379 1915 2390 1927 .
2434 1893 2451 1925 ι
2493 1875 2596 1939 Qui
2626 1892 2719 1928 vos
2747 1876 2814 1929 ad
2843 1877 3144 1944 spiritualis
3174 1879 3542 1933 confessionis

1966 1965 2202 2019 stadium
2231 1981 2429 2020 exuere
2460 1966 2830 2034 nitituini,qui
2870 1967 3071 2021 Christi
3094 1968 3299 2038 iugum
3335 1972 3386 2021 in
3428 1971 3541 2023 col-

1965 2060 2018 2114 lo
2078 2060 2220 2115 ferre
2274 2062 2483 2126 vultis;
2556 2063 2648 2130 qui
2707 2063 2923 2130 propria
2969 2077 3138 2116 onera
3193 2065 3244 2115 in
3311 2064 3539 2117 alterius

1965 2152 2104 2206 collo
2132 2155 2409 2223 imponere
2441 2157 2696 2223 porgi'is;
2728 2157 2820 2225 qui
2858 2166 3029 2209 vestra
3058 2156 3197 2209 bona
3237 2155 3540 2210 inscribere

1967 2239 2199 2292 libenter
2264 2243 2590 2308 properatis,
2659 2254 2713 2297 et
2769 2259 2868 2312 pro
2917 2245 3349 2300 illishbcrtateut
3383 2247 3537 2300 vobis

1953 2332 2115 2384 reddi
2139 2331 2336 2396 vultis;
2369 2333 2457 2401 qtti
2487 2333 2739 2386 manibus
2758 2335 2989 2388 aliorum
3017 2336 3214 2390 sublati
3261 2346 3541 2391 natantes-

1964 2441 2070 2494 qne
2109 2442 2364 2494 maguum
2388 2427 2517 2478 illud
2573 2443 2721 2480 mare
2752 2430 3034 2496 transitis;
3065 2433 3259 2485 scitote
3291 2447 3386 2486 vos
3413 2435 3537 2486 hrc-

1964 2535 2083 2572 vem
2119 2522 2355 2587 aliquam
2381 2532 2433 2574 et
2463 2534 2710 2589 asperam
2741 2526 2881 2575 viam
2912 2523 3118 2592 ingredi
3177 2524 3540 2587 voluissc,cr-

1967 2625 2144 2663 rorem
2166 2621 2370 2664 tantum
2408 2612 2533 2666 inse
2557 2611 2845 2665 habentem
2881 2628 3037 2682 ;qua:
3056 2625 3277 2665 vocatur
3297 2615 3404 2666 vita
3439 2629 3536 2682 pro

1965 2703 2193 2756 arbitrio
2220 2712 2361 2757 acta.
2392 2702 2492 2768 Qui
2540 2711 2678 2757 hanc
2737 2706 2901 2759 semel
2942 2705 3240 2772 reliquerit,
3292 2705 3346 2758 in
3375 2707 3536 2761 bonis

1964 2796 2175 2849 actibus
2206 2805 2258 2849 ct
2298 2796 2673 2864 spiritualibus
2700 2807 2753 2849 et
2794 2796 2902 2850 Deo
2939 2800 3106 2864 gratis
3156 2813 3262 2850 non
3301 2798 3534 2859 incedet.

1963 2888 2054 2942 sed
2090 2897 2292 2943 curret.
2344 2905 2363 2938 ι
2414 2886 2732 2943 Obedientia
2767 2890 2911 2941 enim
2946 2900 3027 2942 est
3065 2888 3168 2942 sibi
3203 2889 3254 2941 iu
3279 2889 3537 2942 omnibus

1963 2983 2123 3036 bonis
2153 2982 2366 3034 actibus
2392 2995 2565 3049 usque
2595 2983 2657 3034 ad
2691 2981 2852 3034 linem
2881 2981 2999 3035 vita:
3032 2982 3295 3035 dimdere.
3329 2981 3455 3035 Ideo
3482 2992 3536 3035 et

1967 3077 2083 3145 ipse
2107 3078 2197 3145 qui
2224 3077 2336 3128 haec
2353 3075 2681 3144 intellegcris
2704 3084 2757 3128 et
2776 3073 3035 3128 didiceris
3055 3085 3108 3128 et
3125 3077 3381 3143 optimam
3414 3090 3536 3142 par-

278 3168 617 3238 ττεραιοῦσθε
648 3167 885 3234 πέλαγος
907 3183 920 3196 ο
954 3165 1155 3234 γνῶτε.
1192 3167 1267 3228 ὡς
1319 3167 1581 3235 σύντομόν
1607 3184 1746 3230 τινα,
1779 3162 1930 3226 καὶο
1965 3183 1967 3214 l

1844 3162 1930 3226 ac
1965 3179 2092 3232 tem,
2123 3171 2413 3222 tetheream
2445 3168 2591 3220 illam
2626 3181 2812 3234 pacem
2844 3182 2964 3235 qua:
2991 3182 3098 3220 non
3137 3168 3533 3237 potestaul’erri

273 3263 542 3328 ’τραχεῖαν
569 3259 688 3311 ὁδὸν
722 3258 962 3327 βαδίζειν
988 3258 1409 3328 ἐπεχειρήάτε,
1431 3260 1560 3326 μίαν
1590 3259 1684 3310 καὶ
1703 3258 1871 3328 μόνην

274 3353 494 3418 πλάνην
529 3351 585 3402 ἐν
649 3351 816 3418 ἑαυτῇ
875 3351 1260 3419 κεκτημένην
1325 3349 1464 3418 αὐτη
1496 3349 1551 3402 δὲ
1617 3350 1860 3403 καλεῖται

277 3444 632 3513 ἰδιοῤῥυθμία
654 3461 667 3473 ·
703 3445 730 3494 6
749 3444 860 3510 γὰρ
893 3441 1098 3510 ταύτην
1135 3441 1368 3494 εἰσάπαν
1391 3442 1868 3511 ἀπλονησάμενος,

272 3540 339 3588 ἐν
370 3533 451 3598 οἷς
486 3536 550 3588 ἂν
573 3535 704 3604 δοκῇ
741 3535 948 3596 καλοῖς,
978 3535 1070 3589 καὶ
1103 3537 1516 3604 πνευματικοῖς,
1555 3536 1650 3588 καὶ
1674 3536 1867 3606 θεαρέο

273 3644 447 3688 στοις,
518 3626 627 3695 πρὸ
688 3626 781 3677 τοῦ
837 3626 1075 3694 βαδίσαι,
1112 3625 1367 3692 ἔφθασεν.
1415 3645 1432 3677 ι
1479 3626 1728 3696 ’Υπακοὴ
1759 3626 1868 3697 γάρ

272 3722 452 3780 ἐστιν,
477 3720 730 3772 ἀπιστεῖν
763 3718 941 3787 ἑαυτῷ
973 3722 1030 3772 ἐν
1064 3723 1176 3783 τοῖς
1204 3720 1390 3780 καλοῖς
1450 3720 1646 3784 ἅπασι,
1705 3720 1868 3792 μέχρι

271 3808 464 3873 τέλους
490 3811 661 3878 ζωῆς.
699 3811 864 3864 Ὅθεν
893 3811 988 3863 καὶ
1015 3812 1174 3873 atii-:5;
1205 3810 1376 3864 ταῦτα
1423 3812 1561 3881 μετά
1599 3813 1867 3876 συνέσεως

270 3901 638 3970 καταμαθὼν,
671 3904 765 3954 καὶ
793 3902 890 3972 τὴν
917 3901 1126 3971 ἀγαθὴν
1160 3902 1374 3971 μερίδα,
1410 3906 1503 3956 καὶ
1557 3904 1866 3974 ἀναφαίρε-

269 4010 367 4045 τον
396 3993 496 4061 τῆς
524 3993 918 4063 αἱθεροδρόμου
952 3994 1183 4062 ἡσυχίας
1232 3995 1483 4058 ἑξασκεῖν
1515 3995 1858 4065 γλιχόμενος,

271 4088 411 4139 ἕπου
442 4087 556 4148 τοῖς
581 4084 762 4147 καλῶς
799 4082 1274 4154 τεθεσπισμένοις,
1308 4087 1383 4147 ῶς
1440 4071 1523 4139 σοὶ
1549 4088 1860 4159 δεδήλωται,

268 4179 485 4245 νόμοις,
552 4178 647 4230 καὶ
680 4178 895 4245 πρῶτον
938 4179 1224 4240 ἀσπασίως
1287 4179 1530 4232 ἄσπασαι
1614 4180 1710 4244 τὴν
1765 4181 1863 4231 ὐπ·

265 4270 450 4336 ακοήν
471 4286 482 4297 ·
525 4266 623 4321 εἶθ’
654 4269 797 4321 οὕτω
826 4268 922 4339 τὴν
953 4270 1200 4340 ἡσυχίαν.
1236 4272 1447 4339 Ὠσπερ
1474 4271 1634 4340 γάρή
1668 4269 1863 4340 πρᾶξις

267 4364 375 4429 τῆς
413 4360 651 4429 θεωρίας
681 4361 955 4422 ὲπίϐασις,
986 4361 1128 4413 οὕτω
1164 4363 1255 4413 καὶ
1295 4362 1566 4431 ἠύπακοὴ
1597 4361 1696 4431 τῆς
1733 4363 1863 4431 ήσυ·

1962 3267 2203 3335 cupieris
2238 3265 2511 3334 amplecti,
2547 3266 2691 3332 leges
2737 3274 2844 3318 tam
2895 3264 3078 3317 divine
3126 3265 3301 3328 datas,
3341 3267 3411 3316 'ut
3438 3262 3534 3316 tibi

1955 3366 2231 3412 ostensum
2263 3367 2630 3426 est,sequere,
2683 3366 2734 3409 et
2756 3356 2931 3426 primo
2968 3357 3219 3410 ardenter
3270 3343 3533 3409 obedien-

1958 3451 2087 3505 tiam
2110 3449 2470 3517 amplectere;
2498 3449 2692 3502 deinde
2716 3450 2818 3501 hoc
2843 3449 3003 3501 modo
3026 3463 3232 3515 pacem.
3258 3447 3529 3512 Queruado-

1960 3543 2177 3596 modum
2207 3542 2353 3597 enim
2391 3541 2531 3596 actio
2553 3542 2755 3610 gradus
2789 3548 2874 3595 est
2901 3541 2965 3594 ad
2990 3541 3527 3608 contemplationem,

1961 3638 2040 3692 sic
2076 3645 2128 3690 et
2160 3637 2225 3690 ad
2259 3652 2444 3705 pacem
2499 3637 2830 3691 obetlientia.
2865 3633 3052 3705 Neque
3099 3636 3232 3691 velis
3296 3635 3531 3689 transire

1954 3731 2236 3791 terminos,
2274 3727 2632 3796 utscriptum,
2660 3737 2764 3791 est,
2786 3742 2924 3795 quos
2950 3743 3177 3796 posuere
3202 3727 3410 3782 Patres.
3439 3725 3528 3792 Et,

1957 3837 2035 3874 va:
2067 3821 2201 3874 soli!
2232 3817 2345 3874 Hoc
2372 3820 2516 3872 enim
2545 3823 2728 3892 modo,
2760 3821 3049 3888 pulchrum
3071 3821 3404 3874 lundamenti
3426 3821 3531 3873 ini-

1955 3915 2088 3966 tium
2115 3913 2344 3982 jacieus,
2377 3919 2619 3980 tempore
2638 3913 2966 3980 procedente
2995 3949 3012 3976 ,
3067 3912 3526 3979 gloriosissimum

1954 4005 2235 4074 fastigium
2264 4005 2492 4059 azdilieio
2517 4006 2688 4057 sancti
2720 4004 2959 4069 Spiritus
3025 4005 3290 4073 imponcs.
3323 4005 3524 4070 Quem-

1953 4099 2239 4150 admodum
2275 4100 2419 4152 enitn
2463 4099 2622 4167 cujus
2651 4100 2868 4152 initium
2898 4107 3002 4161 est,
3073 4099 3358 4153 utdictum
3416 4108 3521 4160 est,

1953 4192 2157 4260 absque
2190 4191 2382 4260 gloria,
2409 4203 2461 4245 et
2499 4203 2668 4246 totum
2702 4195 2973 4262 abjectum
3005 4194 3126 4258 erit,
3177 4195 3250 4248 ita
3307 4209 3521 4248 rursum

1953 4285 2111 4352 cujus
2150 4285 2364 4338 initium
2384 4293 2465 4338 est
2499 4285 2824 4354 gloriosum,
2864 4296 3035 4340 totum
3064 4297 3117 4340 et
3143 4289 3246 4340 erit
3271 4299 3526 4358 accepta-

1956 4375 2081 4436 bile,
2120 4385 2174 4430 et
2212 4378 2347 4430 bene
2370 4377 2722 4444 dispositum,
2782 4381 2910 4431 etsi
2972 4381 3309 4432 contrarium
3387 4396 3525 4433 non-

261 4453 392 4520 χίας
420 4469 432 4480 ·
477 4453 569 4504 καὶ
627 4451 700 4522 μὴ
734 4451 854 4504 θέλε
907 4453 1187 4524 μεταίρειν
1220 4455 1364 4522 ὅρια,
1425 4452 1604 4516 καθὼς
1660 4453 1853 4522 γέγρα-
1881 4498 1921 4552 D

1830 4485 1853 4501 ν·
1881 4498 1921 4552 D
1953 4482 2228 4534 nunquam
2261 4467 2493 4522 accidit:
2526 4470 2699 4522 ethoc
2722 4478 2901 4521 tamen
2927 4486 2988 4522 ex
3029 4479 3216 4524 nostro
3239 4475 3519 4540 proposito

257 4557 422 4600 πται,
457 4539 492 4594 ἃ
527 4540 712 4594 ἔθεντο
747 4544 795 4594 οἱ
826 4542 1096 4612 Πατέρες.
1152 4545 1261 4597 Καὶ
1301 4543 1419 4595 οὐαὶ
1470 4544 1526 4595 δὲ
1580 4544 1658 4612 τῷ
1691 4545 1854 4614 μόνῳ.

1949 4571 2002 4613 et
2031 4576 2094 4613 ex
2112 4569 2294 4614 nostra
2320 4561 2596 4614 voluntate
2625 4563 2873 4616 accidere
2917 4563 3070 4618 solet.

257 4632 461 4702 Τούτῳ
511 4635 624 4701 γὰρ
653 4633 731 4702 τῷ
771 4633 985 4703 τρόπῳ,
1027 4634 1197 4704 καλὴν
1231 4636 1406 4706 ἀρχὴν
1458 4634 1722 4704 θεμέθλου
1753 4636 2091 4702 καταϐαλὼν,
2144 4642 2335 4708 καιροῦ
2372 4644 2675 4710 προϊόντος,
2730 4644 2824 4692 καὶ
2879 4642 3270 4694 εὐκλεέστατον
3319 4649 3520 4713 ὕροφον

256 4730 554 4799 ἐπιθήσεις
586 4733 652 4800 τῇ
677 4730 1063 4801 ἀρχιτεκτονίᾳ
1092 4731 1186 4783 τοῦ
1242 4733 1576 4800 Πνεύματος.
1621 4735 1711 4799 Ὠς
1755 4737 1863 4804 γὰρ
1899 4732 1973 4788 Οὐ
2009 4738 2040 4805 ή
2078 4735 2244 4805 ἀρχὴ,
2277 4734 2420 4786 κατὰ
2466 4735 2558 4787 τὸν
2592 4736 2838 4799 εἰπόντα,
2871 4737 3153 4803 ἀδόκιμος,
3195 4740 3287 4791 καὶ
3318 4740 3379 4790 τδ
3414 4740 3522 4794 πᾶν

254 4825 583 4892 ἀπόόλητον
611 4838 624 4853 ·
665 4824 840 4886 οὕτως
868 4819 961 4888 αὖ,
996 4820 1058 4878 οὐ
1111 4827 1144 4892 ἡ
1176 4825 1320 4896 ἁρχὴ
1356 4826 1601 4896 δόκιμος,
1637 4830 1730 4882 καὶ
1779 4831 1839 4882 τὸ
1870 4830 1992 4882 ὅλον
2041 4829 2337 4900 εὐπρεπὲς,
2384 4829 2474 4881 ναὶ
2530 4830 2660 4900 μὴν,
2718 4831 2813 4883 καὶ
2843 4829 3130 4895 εὔτακτον,
3168 4833 3216 4884 εὶ
3271 4834 3364 4884 καὶ
3394 4836 3521 4890 τού-

253 4918 480 4967 ναντίον
537 4914 654 4967 ἐσθ’
735 4916 825 4968 ὅτε
875 4917 1214 4986 συμϐαίνει·
1275 4919 1370 4973 καὶ
1413 4922 1576 4974 τοῦτο
1632 4923 1816 4992 μέντοι
1868 4925 2016 4993 παρὰ
2067 4927 2132 4993 τῇ
2192 4925 2440 4994 ἡμετέρᾳ
2485 4927 2740 4995 προθέσει
2799 4928 3122 4996 προαιρέσει
3169 4929 3517 4997 ἐπιγίνεσθαι

252 5009 499 5062 πέφυκε.

260 5043 410 5149 Τρία
445 5095 516 5145 τὰ
569 5089 683 5162 τῆς
711 5090 982 5162 ἀληθοῦς
1016 5091 1324 5162 ὑποταγῆς
1358 5092 1596 5160 σημεῖα,
1627 5093 1664 5146 (2
1716 5113 1855 5149 κατε

334 5165 500 5228 έχων
528 5164 560 5214 ὀ
613 5161 695 5232 τῷ
730 5161 859 5212 ὄντι
897 5162 1192 5228 ὑπήκοος,
1245 5164 1338 5230 εἴη
1394 5163 1471 5217 ἂν
1513 5165 1854 5232 ἀπταίστως

333 5237 414 5286 ὑπ
426 5230 869 5297 οτασσόμενος.

1967 5110 2222 5177 Quanam
2255 5122 2401 5198 psunt
2436 5127 2582 5198 uerae
2630 5115 2971 5198 subiectionis
3017 5123 3169 5190 signa
3194 5126 3409 5198 quibus
3444 5131 3532 5198 qui

2248 5192 2530 5237 malructus
2564 5195 2640 5237 est
2676 5203 2789 5240 vere
2826 5192 3090 5258 subjectus
3125 5192 3247 5246 erit.

333 5351 418 5398 ιε’.
460 5343 605 5396 Ἀλλ’
659 5342 963 5413 ἐπειδήπερ
1024 5344 1190 5408 πολὺς
1243 5344 1272 5397 6
1328 5349 1454 5418 περὶ
1478 5351 1571 5416 τῆς
1594 5351 1847 5419 τοιαύτης

1828 5367 1847 5417 ς
2037 5353 2122 5407 15.
2161 5355 2263 5409 Sed
2299 5361 2559 5425 quoniam
2604 5364 2755 5415 multi
2812 5365 2877 5418 de
2903 5367 3003 5421 hac
3053 5369 3353 5431 directione
3416 5393 3517 5432 ser-

247 5439 499 5510 ἀγωγῆς
524 5436 704 5501 λόγος,
736 5435 828 5486 καὶ
856 5433 1274 5502 δυσδιεξίτητος,
1299 5436 1421 5489 ὅθεν
1448 5439 1542 5490 καὶ
1565 5440 1613 5491 oi
1645 5441 1848 5509 ταύτην

257 5532 692 5604 μετερχόμενοι,
721 5525 995 5596 διαφόρως
1037 5528 1414 5596 μετέρχονται,
1448 5528 1567 5580 δέον
1601 5531 1692 5581 καὶ
1729 5532 1856 5600 περὶ

254 5627 439 5693 αὐτῆς
479 5619 635 5689 μίκρ’
666 5617 828 5680 ἄττα,
862 5617 1026 5669 οἱονεὶ
1067 5619 1354 5690 σήμαντρα
1413 5622 1856 5691 ἐπισημήνασθαί

375 5789 421 5821 ⁸⁸
451 5789 644 5844 Matth.
669 5803 774 5854 .xx,
829 5787 920 5842 :28.

1965 5463 2151 5499 moues
2185 5449 2329 5516 iique
2359 5455 2624 5505 extricatu
2653 5457 2896 5511 diﬂ‘teiles
2919 5473 3065 5526 sunt,
3096 5466 3235 5519 unde
3267 5469 3324 5521 lit
3350 5480 3406 5523 ut
3430 5476 3521 5541 qui

1957 5553 2076 5590 eam
2112 5542 2368 5605 subeunt,
2395 5544 2733 5599 dissimiliter
2765 5552 3018 5614 subeant,
3073 5568 3286 5625 oportet
3345 5573 3399 5614 et
3456 5566 3526 5618 de

1957 5642 2018 5682 ea
2050 5645 2220 5707 pauca
2247 5633 2490 5700 quaedam
2528 5646 2786 5707 tauquam
2820 5645 2968 5712 signa
2993 5646 3245 5716 indicari,
3272 5669 3391 5722 qua:
3428 5658 3528 5709 ub-
