4278 6442
756 432 862 494 655

1598 431 1945 493 CALLISTI
1974 416 2079 494 ἐτ
2110 431 2418 495 IGNATll
2460 423 3160 499 XAxrt-toruronun

3931 436 4021 507 6'56

757 553 986 600 servans
1015 550 1276 613 tanquam
1318 539 1562 612 regulam
1590 551 1643 597 et
1690 553 1955 598 stateram
1983 541 2346 608 infallibilem,
2380 554 2421 608 Α

2329 581 2346 608 ,
2380 554 2421 608 Α
2450 543 2532 586 σοι
2563 548 2577 561 ·
2602 532 2637 587 ἀ
2679 535 2772 587 καὶ
2807 537 3055 605 κατέχων
3080 536 3156 600 ὡς
3186 537 3389 593 κανόνα
3430 540 3523 596 καὶ
3559 530 3810 617 στάθμην
3838 548 4018 605 ἄπται-

757 637 1056 707 purissime
1083 636 1265 689 vivere
1300 633 1531 703 poteris.
1563 631 1631 688 Et
1662 633 1781 689 haec
1809 634 2049 690 dicimus
2075 649 2089 689 :
2119 632 2351 705 Oportet

756 740 882 782 eum
916 745 1008 798 qui
1041 743 1165 783 vere
1204 728 1481 797 subjectus
1526 735 1644 791 est,
1686 730 1784 782 has
1826 727 2071 797 quinque
2122 728 2350 780 virtutes

760 821 1067 876 necessarie
1085 823 1377 892 prosequi:
1412 821 1479 876 Et
1516 824 1697 893 primo
1723 820 1905 886 ﬁdem,
1931 836 2123 890 puram
2155 832 2350 889 nempe

759 916 913 966 ﬁdem
935 912 986 966 in
1004 928 1127 965 eum
1148 929 1174 963 ιι
1196 928 1303 982 quo
1327 911 1581 981 dirigitur
1597 922 1649 966 et
1672 913 1943 966 sinceram
1967 912 2190 976 habere,
2213 913 2349 965 adeo

759 1018 817 1070 ut
835 1006 1027 1060 credat
1048 1009 1225 1075 ipsum
1261 1006 1539 1061 Christum
1563 1021 1621 1058 se
1641 1006 1907 1073 inspicere
1925 1005 2084 1074 eique
2101 1003 2345 1063 obedire.

757 1112 813 1154 ut
851 1102 927 1153 ait
959 1098 1226 1153 Dominus
1254 1096 1447 1152 Jesus:
1480 1117 1496 1149 ι
1524 1097 1626 1162 Qui
1660 1112 1754 1149 vos
1785 1096 1957 1162 audit,
1994 1112 2078 1149 tne
2096 1095 2266 1156 audit,
2293 1102 2347 1146 et

754 1194 845 1262 qui
870 1208 965 1245 vos
983 1191 1302 1257 contemnit,
1328 1205 1411 1244 me
1441 1188 1764 1253 contemnit,
1794 1198 1847 1243 et
1866 1190 1956 1258 qui
1989 1202 2073 1241 me
2100 1196 2347 1241 conteru-

754 1294 854 1349 ml,
894 1282 1197 1338 conteumit
1221 1292 1275 1335 et
1301 1296 1426 1335 eum
1458 1282 1551 1349 qui
1577 1280 1728 1333 misit
1758 1296 1861 1332 tne.
1886 1277 1948 1331 Et
1974 1278 2346 1348 quodcunque

754 1395 860 1430 non
893 1394 955 1430 es
985 1378 1087 1428 fide
1127 1385 1229 1441 est,
1261 1374 1417 1444 juxta
1446 1389 1569 1428 eunt
1598 1375 1689 1443 qui
1717 1389 1746 1426 a
1772 1371 2013 1425 Climace
2041 1385 2340 1438 cognomen

758 1477 943 1524 habet.
980 1478 1269 1538 peccatum
1334 1477 1491 1533 est”
1562 1467 1827 1529 secundo,
1889 1464 2197 1529 veritatem,
2252 1474 2343 1516 ve-

755 1580 931 1617 tacem
966 1578 1091 1614 eum
1119 1576 1241 1614 esse
1273 1567 1486 1629 oportet
1510 1570 1562 1612 et
1590 1572 1754 1626 opere
1786 1567 1838 1609 et
1870 1558 2051 1621 verbo,
2086 1564 2140 1609 et
2175 1568 2339 1607 accu-

752 1668 868 1710 rata
903 1654 1296 1725 cogitationum
1342 1652 1711 1705 confessione.
1743 1667 1761 1700 ι
1788 1648 2006 1702 Initium
2047 1646 2194 1700 enim
2222 1659 2339 1699 ser-

756 1765 979 1801 monum
1016 1757 1233 1798 tuorum
1269 1754 1355 1799 est
1384 1748 1608 1808 veritas,
1648 1753 1704 1794 ut
1734 1741 1997 1807 scripturn
2024 1746 2109 1792 est
2134 1738 2232 1794 ".t
2269 1733 2335 1789 Ει

755 1842 1039 1894 veritatem
1073 1837 1306 1907 requirit
1324 1834 1669 1889 Dominus".
1697 1833 1762 1885 Et
1793 1831 2045 1885 Christus
2068 1832 2146 1883 ait
2176 1845 2194 1879 ι
2223 1827 2336 1894 Ego

2448 642 2597 692 στον,
2652 627 2867 695 εὑαγῶς
2922 629 3023 700 ἑσῃ
3074 630 3526 701 πολιτευόμενος’
3577 636 3674 689 καὶ
3717 638 3780 708 δὴ
3805 639 4023 711 λέγομεν

2449 720 2574 773 τάδε
2595 733 2608 747 ·
2639 722 2745 790 χρὴ
2781 721 2873 774 τὸν
2894 721 3106 793 ἀληθῶς
3133 723 3396 795 ὑπήκοον,
3440 727 3517 791 ὡς
3570 731 3702 799 ἡμῖν
3729 733 3897 800 δοκεῖ,
3928 753 4023 803 φυ-

2447 814 2664 868 λάττειν
2696 814 2796 879 τάς
2826 815 2989 869 πέντε
3019 817 3224 881 ταύτας
3250 820 3449 890 ἀρετὰς
3478 822 3616 876 κατά
3654 826 3835 878 πᾶσαν
3865 828 4016 898 ἀνάγο

2448 921 2585 974 κηνο
2623 907 2719 959 καὶ
2772 908 2997 985 πρώτην
3033 910 3133 979 τὴν
3191 912 3413 965 πίστινο
3448 915 3618 983 ἤγουν
3664 917 3815 987 ἔχειν
3867 922 4027 976 αὑτὸν

2449 1000 2698 1070 καθαρὰν
2721 1000 2813 1056 καὶ
2839 1000 3026 1057 ἄδολον
3054 1003 3257 1068 πίστιν,
3294 1006 3431 1077 πρὸς
3461 1007 3552 1060 τὸν
3585 1010 3782 1064 ἑαυτοῦ
3815 1014 4029 1070 ἐπιστά-

2450 1110 2577 1162 τηνο
2604 1094 2697 1147 ἐπὶ
2727 1093 2999 1157 τοσοῦτον,
3032 1095 3106 1159 ὼς
3123 1096 3301 1150 δοκεῖν
3328 1097 3438 1171 [ἷσ.
3470 1101 3598 1157 add.
3626 1102 3730 1174 είς]
3762 1106 3927 1158 αὑτὸν
3942 1108 4025 1161 τὸν

2450 1186 2684 1256 Χριστὸν
2703 1186 2946 1255 βλέπειν,
2989 1187 3083 1240 καὶ
3113 1189 3534 1254 ὑποτάσσεσθαι,
3565 1192 3640 1258 ῶς
3672 1213 3839 1266 φησιν
3861 1200 3889 1252 6
3923 1200 4029 1253 Κύ-

2451 1295 2565 1351 ριος
2600 1278 2840 1348 Ἰησοῦς·
2880 1300 2899 1333 ι
2938 1281 2996 1335 Ὀ
3018 1281 3232 1335 ἀκούων
3263 1284 3438 1354 ὑμῶν,
3468 1286 3604 1357 ἐμοῦ
3646 1289 3867 1343 ἀκούειο
3894 1294 4030 1347 καὶό

2448 1374 2656 1427 ἀθετῶν
2683 1373 2848 1444 ὑμᾶς,
2887 1374 2987 1445 ἐμὲ
3022 1375 3206 1429 ἀθετεῖ
3229 1393 3243 1407 θ
3276 1378 3305 1431 6
3328 1377 3385 1431 δὲ
3424 1381 3523 1450 ἐμὲ
3570 1382 3804 1447 ἀθετῶν,
3852 1383 4030 1441 ἀθετεῖ

2447 1466 2537 1518 τὸν
2572 1468 2975 1522 ἀποστείλαντά
3011 1484 3101 1538 με.
3147 1489 3166 1521 ι
3205 1470 3314 1523 Καὶ
3340 1472 3448 1524 πᾶν
3473 1470 3501 1525 ὅ
3536 1473 3632 1527 τοῦ
3668 1474 3770 1546 τῆς
3820 1477 4028 1549 Κλίμα-

2449 1575 2545 1621 κος
2600 1561 2699 1612 οὑκ
2750 1562 2814 1613 ἐκ
2862 1561 3102 1624 πίστεως
3154 1562 3398 1633 ἁμαρτία
3442 1565 3878 1639 ἑστίηΔευτέραν
3936 1570 4029 1643 τὴν

2445 1652 2709 1723 ἀλήθειαν
2735 1670 2749 1685 ο
2778 1654 2895 1723 ἦτοι
2928 1653 3215 1723 ἀληθεύειν
3248 1657 3411 1710 αὑτὸν
3442 1658 3502 1711 ἐν
3532 1658 3702 1731 ἔργῳ,
3743 1663 3839 1716 καὶ
3865 1663 4025 1736 λόγῳ,

2445 1746 2536 1798 καὶ
2562 1747 2629 1817 τῇ
2670 1744 2778 1797 τῶν
2807 1744 3086 1817 λογισμῶν
3113 1744 3338 1818 ἀκριϐεῖ
3367 1750 3779 1824 ἐξομολογήσει.
3820 1774 3839 1807 ι
3862 1758 4028 1830 Ἀρχὴ

2445 1838 2579 1910 γὰρ,
2632 1839 2964 1910 γέγραπται,
3015 1841 3125 1895 τῶν
3173 1841 3350 1910 λόγων
3406 1863 3522 1910 σου,
3554 1846 3821 1918 ἀλήθεια·
3865 1870 3883 1903 ι
3939 1853 4030 1905 καὶ

753 1953 874 1992 sum
900 1936 1102 1989 veritas
1132 1932 1202 1986 ³³.
1231 1932 1325 1986 «Et
1365 1943 1497 1984 sane
1547 1929 1660 1997 ipse
1687 1936 1909 1980 vocatus
1950 1932 2033 1979 est
2063 1922 2337 1992 ipsissima
2373 1904 2413 1959 Β

2373 1904 2413 1959 Β
2444 1904 2722 2000 ἀληθείας.
2743 1904 2965 2000 έκζητεῖ
2989 1932 3214 2005 Κύριος.
3241 1904 3351 1989 Kal
3397 1936 3425 1991 6
3471 1904 3705 2009 Kptor6;
3745 1941 3801 1994 δέ
3828 1960 4026 2013 φησιν·

753 2033 980 2084 veritas.
1009 2025 1191 2081 Tertia
1212 2036 1294 2080 est
1332 2022 1609 2094 pr0priam
1645 2020 1974 2076 voluntatem
2023 2032 2130 2071 non
2164 2016 2342 2085 sequi.

754 2126 1155 2179 Detrimentum
1200 2120 1344 2175 enim
1391 2126 1498 2183 est,
1538 2116 1741 2184 inquit,
1780 2113 2025 2181 subjecto
2069 2124 2342 2181 propriam

754 2219 941 2271 facere
969 2215 1329 2278 voluntatem,
1354 2210 1449 2264 sed
1477 2223 1695 2276 semper
1720 2222 1841 2260 eam
1871 2205 2347 2259 lthcntet'submit-

758 2306 871 2360 t‘ere
912 2305 1105 2369 debes,
1160 2317 1339 2371 neque
1371 2309 1423 2353 te
1470 2299 1589 2369 ((ιεὶ
1622 2313 1651 2352 a
1683 2297 1906 2367 proprio
1937 2295 2099 2349 Patre
2141 2299 2344 2351 sinere.

762 2398 973 2466 Quarta
1003 2408 1086 2450 cst
1115 2411 1222 2448 non
1247 2393 1628 2448 coittradieere
1655 2404 1832 2460 neque
1863 2390 2088 2443 omnino
2116 2400 2348 2445 conten-

762 2493 894 2545 dere
927 2488 1195 2559 quoniam
1226 2487 1587 2542 contradictio
1620 2494 1675 2538 et
1708 2484 1989 2539 contentio
2032 2482 2242 2551 piorum
2267 2483 2349 2538 vi.

756 2598 945 2639 rerum
981 2597 1092 2635 non
1120 2589 1275 2635 sunt.
1334 2578 1401 2633 Et
1455 2577 1652 2632 scribit
1695 2578 2029 2630 sacerrimus
2089 2575 2293 2630 Paulus
2326 2592 2345 2630 :

760 2696 777 2727 ι
810 2677 865 2729 Si
894 2677 1021 2745 quis
1050 2685 1230 2727 autem
1260 2668 1595 2724 contendere
1624 2668 1757 2735 vult,
1793 2682 1893 2722 nos
1926 2667 2088 2721 talem
2112 2681 2347 2722 consue-

759 2769 1000 2823 tudinem
1027 2782 1135 2820 non
1170 2768 1464 2828 habemus,
1493 2777 1671 2832 neque
1712 2762 1971 2815 Ecclesia:
2013 2760 2107 2817 Dei
2133 2760 2200 2813 “.
2236 2778 2253 2810 ι
2288 2756 2346 2813 Si

760 2877 891 2916 ιιιιο
922 2862 997 2915 ita
1027 2858 1351 2927 simpliciter
1377 2865 1430 2910 et
1463 2855 1717 2909 omnibus
1744 2836 2080 2907 Christianis
2113 2851 2346 2905 interdi-

754 2955 924 3017 citur,
958 2952 1131 3005 multo
1166 2950 1341 3017 magis
1371 2947 1682 3008 monachis,
1718 2948 1811 3013 qui
1849 2943 2153 2998 secundum
2181 2942 2339 2997 Chri-

757 3059 902 3101 stum
977 3043 1283 3115 promisere
1339 3056 1399 3094 se
1454 3049 1711 3093 accurate
1771 3037 2145 3106 subjicictnlos
2202 3049 2346 3091 esse.

754 3137 1336 3194 Contradictioautem
1370 3131 1720 3185 etannulatio
1780 3143 1961 3183 ortum
2021 3129 2221 3183 habent
2278 3143 2346 3185 ex

756 3244 939 3290 mente
961 3232 1220 3303 superbia
1260 3238 1313 3283 et
1347 3227 1643 3281 ditlideutia
1669 3225 1895 3292 referta,
1925 3233 1981 3279 ut
2015 3226 2219 3280 dictum
2239 3233 2343 3282 est.
2373 3252 2417 3312 ο

764 3328 1069 3382 Monachus
1097 3326 1191 3395 qui
1224 3323 1497 3392 superbus
1540 3328 1647 3385 est,
1674 3321 1940 3373 violenter
1977 3319 2341 3386 contradicit;

761 3418 1225 3489 quemadmodum
1267 3425 1321 3469 ct
1339 3413 1681 3467 contrarium
1701 3411 1916 3465 scilicet
1935 3426 2043 3464 non
2069 3412 2347 3466 contradi-

754 3521 943 3566 cereet
962 3525 1067 3563 non
1089 3507 1444 3569 contendere,
1462 3517 1640 3559 ortum
1663 3506 1822 3559 habet
1838 3520 1901 3557 ex
1924 3505 2131 3559 fldeliet
2151 3504 2345 3559 humili

756 3606 1141 3674 dispositione.
1168 3601 1235 3655 Et
1266 3602 1514 3671 quintam
1556 3614 1681 3653 cum
1733 3598 1992 3651 virtutem
2051 3599 2347 3654 observare

758 3707 995 3767 Oportet,
1026 3711 1221 3765 nempe
1249 3702 1567 3748 accuratam
1602 3703 1657 3747 et
1693 3693 1970 3746 sinceram
2024 3694 2344 3763 praeceptori

754 3791 1156 3846 confessionem
1184 3806 1201 3854 ;
1229 3797 1290 3840 ut
1318 3796 1374 3840 et
1406 3787 1460 3839 in
1493 3795 1683 3839 nostra
1713 3784 2052 3853 detonsione,
2085 3794 2344 3854 tanquam

756 3882 801 3935 si
827 3891 952 3936 ante
983 3880 1394 3935 formidandum
1427 3878 1664 3932 tribunal
1706 3876 1910 3932 Christi
1972 3878 2346 3945 stetissemus,

756 3988 944 4027 coram
982 3972 1096 4027 Deo
1127 3982 1181 4026 et
1226 3970 1435 4026 sanctis
1469 3969 1681 4040 angelis
1739 3971 2115 4039 promisimus,
2154 3985 2253 4025 nos
2296 3979 2349 4026 et

757 4067 1206 4120 initiumetﬁncm
1226 4064 1509 4117 habituros
1534 4079 1656 4117 cum
1678 4062 1938 4117 omnibus
1990 4064 2192 4117 nostris
2242 4062 2351 4117 Do—

761 4160 910 4210 mino
946 4155 1235 4228 promissis
1256 4165 1308 4209 et
1356 4155 1719 4219 testamentis,
1771 4152 2194 4209 ctcoufessuros
2226 4169 2350 4211 esse

756 4249 1125 4304 cordisnostri
1154 4256 1387 4302 secreta.
1430 4248 1640 4301 Dictum
1665 4256 1748 4301 est
1769 4247 1911 4300 enim
1942 4262 1971 4301 a
2004 4247 2350 4303 sanctissimo

759 4341 997 4397 Dat-ide:
1027 4360 1045 4395 ι
1074 4341 1216 4408 Dixi,
1259 4339 1563 4395 conﬁtebor
1593 4341 1883 4395 adversum
1908 4356 1992 4395 me
2010 4341 2349 4411 iniquitatem

755 4432 1080 4500 Domino,et
1098 4443 1153 4488 tu
1178 4432 1434 4487 remisisti
1452 4432 1529 4483 ³⁸»
1555 4441 1606 4487 et
1626 4441 1844 4487 caetera.
1866 4432 1933 4487 Et
1954 4432 2022 4486 ab
2037 4432 2224 4487 eodem
2242 4433 2352 4489 Cli-

758 4541 939 4580 mace:
964 4525 1138 4595 Plagae
1158 4525 1203 4579 si
1228 4524 1586 4595 triumphant,
1606 4541 1713 4580 non
1746 4525 1812 4580 ad
1842 4526 1995 4597 pejus
2015 4526 2337 4596 proﬁciunt;

756 4617 851 4671 sed
880 4617 1244 4671 curabuntur.

830 4861 966 4915 Eum
986 4862 1381 4931 quintuplicem
1431 4862 1698 4917 virtutum
1721 4878 1857 4933 quas
1875 4863 2217 4920 ostendimus
2238 4880 2338 4919 nu-

758 4944 970 5007 nierum
990 4953 1305 5023 quicunque
1324 4954 1601 5025 sapienter
1621 4966 1674 5010 et
1691 4957 1949 5011 ardenter
1994 4959 2336 5024 custodierit,

757 5045 1128 5099 indubitanter
1145 5048 1355 5099 sciatse
1391 5046 1737 5116 adepturum,
1792 5059 2048 5117 tanquam
2091 5050 2342 5107 datisar-

758 5140 897 5201 rhis.
914 5136 1191 5206 iustorum
1214 5140 1630 5195 beatitudinem.
1652 5141 1716 5195 Et
1733 5156 1796 5195 ea
1814 5143 2032 5212 quidem
2070 5154 2200 5198 sunt
2239 5145 2338 5198 hu-

752 5230 843 5298 jus
863 5229 1168 5299 magnifica:
1199 5230 1559 5299 subjectionis
1580 5235 1822 5302 prepria,
1848 5242 1902 5288 et
1930 5235 2088 5304 quasi
2110 5236 2265 5292 radix
2286 5246 2340 5293 et

758 5321 1198 5375 fundamentum.
1219 5321 1359 5375 Audi
1381 5336 1509 5376 vero
1532 5330 1586 5375 et
1603 5326 1795 5391 quales
1814 5323 1925 5376 sint
1947 5324 2104 5388 rami,
2129 5332 2187 5378 et
2221 5322 2340 5378 fru-

754 5424 879 5466 ctus
904 5422 956 5466 et
985 5426 1273 5467 cacumen.

826 5503 904 5557 Ex
926 5504 1284 5575 subiectione,
1305 5503 1485 5572 inquit
1504 5520 1723 5559 rursum
1745 5505 1885 5560 idem
1906 5521 1934 5561 a
1953 5505 2214 5572 Climace,
2236 5507 2335 5561 hu-

755 5598 999 5660 militas;
1038 5611 1104 5649 ex
1165 5595 1477 5651 humilitate
1524 5598 1823 5662 discretio;
1877 5612 1943 5651 ex
2008 5600 2340 5656 discretione

752 5687 1145 5757 perspicacttas
1164 5704 1178 5751 ;
1196 5701 1263 5740 ex
1280 5702 1341 5742 ea
1367 5698 1547 5742 autem
1574 5690 1822 5757 prmvisio
1842 5705 1857 5753 ;
1878 5690 2020 5758 quod
2048 5692 2218 5746 solius
2245 5692 2339 5747 Dei

752 5793 887 5847 opus
912 5787 1018 5844 est,
1049 5777 1194 5833 etiis
1227 5780 1321 5847 qui
1352 5780 1580 5836 feliciter
1610 5781 1909 5835 secundum
1944 5781 2112 5836 Deum
2142 5795 2332 5852 agunt,

819 5887 863 5921 ⁸⁸
894 5886 1243 5963 Psal.cxvtu,
1278 5892 1401 5949 £60.
1501 5893 1546 5925 "
1574 5891 1740 5967 ,Psal.
1786 5908 1915 5962 xu,
1956 5894 2046 5949 ει.
2076 5895 2118 5926 ³³
2154 5892 2315 5953 Ιοίιιι.
2361 5916 2468 5970 xxv,
2512 5904 2565 5960 6.

2369 4596 2417 4656 D

2452 2040 2471 2073 ι
2513 2021 2652 2089 Ἐγώ
2687 2023 2803 2093 είμι
2833 2024 2865 2092 ἡ
2895 2023 3155 2094 ἀληθειαο
3206 2043 3225 2077 ι
3265 2027 3359 2080 καὶ
3418 2026 3481 2098 δὴ
3536 2031 3633 2082 καὶ
3672 2032 4031 2104 αὑτοαλήθεια

2445 2111 2731 2180 κέκληται.
2794 2112 2998 2183 Τρίτην
3028 2114 3090 2166 τὸ
3129 2114 3204 2186 μὴ
3256 2120 3430 2170 ποιεῖν
3457 2119 3519 2172 τὸ
3567 2123 3768 2175 οἰκεῖον
3797 2123 4027 2194 θέλημα.

2444 2203 2626 2271 Ζημία
2647 2202 2777 2275 γὰρ,
2808 2205 2995 2275 φησιν,
3022 2207 3271 2278 ὑπηκόῳ,
3291 2209 3350 2261 τὸ
3369 2213 3542 2263 ποιεῖν
3566 2212 3627 2265 τὸ
3648 2213 3777 2266 ἴδιον
3798 2214 4027 2287 θέλημα⁶

2444 2295 2560 2350 ἀλλ’
2587 2297 2674 2349 ἀεὶ
2722 2298 2946 2351 κόπτειν
2975 2299 3107 2351 αὑτό
3157 2300 3397 2353 ὲθελοντί
3420 2319 3436 2334 ο
3470 2304 3715 2375 δηλονότι
3760 2307 3837 2379 μὴ
3861 2310 4030 2377 ἀναγ-

2443 2386 2743 2458 καζόμενον
2776 2390 2881 2443 ὑπὸ
2910 2390 3004 2445 τοῦ
3058 2392 3191 2446 ίδίου
3232 2394 3469 2465 Πατρός.
3504 2396 3794 2470 Τετάρτην
3842 2402 3903 2454 τὸ
3955 2403 4030 2474 μὴ

2441 2482 2765 2550 ἀντιλέγειν,
2795 2485 2886 2537 καί
2915 2484 3244 2553 φιλονεικεῖν
3287 2487 3588 2543 τοκαθόλου
3610 2507 3623 2521 ο
3662 2493 3784 2545 ἐπεὶ
3818 2496 3851 2563 ἡ
3879 2496 4032 2549 ἀντι-

2441 2572 2599 2641 λογία
2630 2575 2723 2627 καὶ
2759 2576 2793 2646 ἡ
2822 2575 3147 2643 φιλονεικία,
3177 2578 3277 2632 οὑκ
3326 2578 3442 2633 ἔστι
3474 2580 3584 2634 τῶν
3611 2584 3876 2638 εὐσεϐῶν.
3922 2587 4033 2641 Καὶ

2443 2664 2646 2735 γράφει
2669 2669 2697 2722 6
2722 2666 3015 2736 ἱερώτατος
3042 2669 3273 2734 Παῦλος*
3315 2690 3333 2722 ι
3370 2672 3432 2725 El
3473 2671 3531 2727 δέ
3565 2691 3651 2738 τις
3696 2676 3845 2730 δοκεῖ
3881 2680 4035 2747 φιλό-

2450 2776 2634 2821 νεικος
2666 2754 2830 2824 εἶναι,
2857 2763 3019 2831 ἡμεῖς
3045 2764 3301 2834 τοιαύτην
3329 2766 3618 2837 συνήθειαν
3668 2770 3769 2823 οὑκ
3812 2770 4031 2841 ἔχομεν,

2444 2848 2569 2904 οὔτε
2594 2852 2651 2905 αἱ
2693 2852 3014 2925 Ἐκκλησὶαι
3042 2854 3139 2908 τοῦ
3175 2855 3334 2911 Θεοῦ.
3375 2877 3393 2910 ι
3430 2858 3493 2911 Εἰ
3531 2860 3577 2913 δ’
3614 2859 3787 2925 οὑτως
3820 2864 4031 2930 ἁπλῶς,

2448 2944 2544 2996 καὶ
2581 2946 2732 3015 κοινῇ
2776 2946 2910 2998 πᾶσι
2937 2947 3286 3017 Χριστιανοῖς
3327 2950 3658 3020 ἀπείργεται
3689 2953 3757 3007 τὰ
3782 2956 4032 3023 τοιαῦτα,

2446 3035 2628 3106 πολλῷ
2662 3037 2867 3107 μᾶλλον
2904 3043 3200 3109 μονασταίς
3224 3056 3237 3071 ⁶
3284 3044 3379 3097 καὶ
3414 3044 3589 3097 ταῦτα
3621 3047 3761 3100 κατά
3790 3048 3882 3099 τὸν
3916 3050 4036 3103 Κύ-

2448 3142 2568 3198 ριον
2616 3128 3111 3199 ἐπαγγελλομένοις
3160 3132 3569 3189 ὑποτάσσεσθαι
3643 3138 3908 3208 ἀκριϐῶς.
3961 3141 4038 3193 Τὸ

2451 3218 2635 3288 μέντοι
2666 3220 2991 3291 ἀντιλέγειν,
3021 3224 3113 3277 καὶ
3146 3225 3492 3293 φιλονεικεῖν,
3527 3226 3640 3298 ἔχει
3673 3230 3771 3301 τὴν
3795 3230 4037 3301 ὓπαρξιν

2446 3310 2510 3363 ἐκ
2540 3310 2790 3381 γνώμης,
2847 3314 3080 3385 ἀπιστίᾳ
3129 3317 3223 3369 καὶ
3275 3316 3697 3392 ὑψηλοφροσύνῃ
3743 3320 4036 3393 συζώσης,

2446 3401 2522 3466 ὡς
2549 3404 2785 3474 εἴρηταιο
2804 3404 3164 3478 ’Υψηλόφρων
3193 3411 3429 3480 μοναχδς
3455 3412 3729 3482 ἀντιλέγει
3762 3418 4036 3489 σφοδρῶς·

2446 3493 2639 3565 ῶσπερ
2672 3496 2766 3549 καὶ
2790 3499 3133 3567 τούναντίον,
3157 3502 3327 3571 ἦγουν
3372 3505 3433 3556 τὸ
3456 3505 3531 3576 μὴ
3564 3508 3889 3577 ἀντιλέγειν,
3942 3513 4042 3567 καὶ

2450 3587 2526 3658 μὴ
2560 3587 2907 3657 φιλονεικεῖν,
2939 3591 3269 3668 προέρχεται
3303 3594 3368 3647 ἐκ
3400 3598 3606 3666 πιστῆς
3654 3602 3750 3652 καὶ
3775 3604 4040 3657 ταπεινό-

2448 3696 2645 3750 φρονος
2670 3678 2986 3745 διαθέσεως.
3036 3683 3144 3736 Καὶ
3183 3684 3447 3756 πέμπτην
3490 3686 3546 3740 δὲ
3585 3688 3691 3759 χρὴ
3740 3691 4042 3761 φυλάττειν

2448 3770 2638 3825 τοῦτον
2658 3773 2881 3843 ἀρετὴν,
2910 3774 2971 3826 τδ
3002 3773 3148 3845 ἔχειν
3173 3775 3379 3849 ἀκρισηῇ
3414 3778 3510 3831 καὶ
3543 3780 3834 3853 εἰλικρινῆ
3844 3783 4042 3854 ligone-

2449 3862 2671 3935 λόγησιν
2701 3864 2835 3934 προς
2866 3866 2955 3919 τὸν
2978 3868 3318 3940 προεστῶτα,
3349 3869 3535 3935 καθὼς
3566 3872 3659 3925 καὶ
3699 3876 3760 3927 ὲν
3900 3878 4043 3930 ἀπο-

2448 3957 2664 4027 κάρσει,
2697 3959 2772 4023 ὡς
2797 3960 2890 4013 ἐπὶ
2918 3960 3012 4014 τοῦ
3036 3962 3267 4034 φοϐεροῦ
3300 3966 3651 4036 παρεστῶτες
3679 3966 4043 4038 βήματοςτοῦ

2449 4051 2709 4121 Χριστοῦ,
2742 4051 2979 4135 ὲνὼπιον
3006 4054 3144 4107 θεοῦ
3175 4056 3270 4109 καὶ
3304 4056 3477 4125 ἁγίων
3509 4048 3761 4129 ἀγγέλιιῖν
3791 4062 4043 4118 δεδώκα-

2454 4160 2551 4213 μεν
2583 4143 2896 4213 ὑπόσχεσιν,
2925 4146 2985 4199 τδ
3009 4146 3156 4217 ἔχειν
3183 4149 3332 4218 ἡμᾶς
3364 4151 3561 4222 ἀρχὴν,
3591 4152 3692 4206 καὶ
3718 4151 3875 4218 τέλος
3898 4155 4043 4225 μετά

2450 4232 2559 4285 τῶν
2586 4232 2761 4287 ἄλλων
2784 4235 3128 4304 ἐπαγγελιῶν
3161 4241 3255 4292 καὶ
3274 4239 3558 4311 συνθηκῶν
3584 4244 3744 4313 ἡμῶν
3767 4245 3880 4299 τῶν
3897 4248 4043 4319 πρὸς

2450 4325 2676 4398 Κύριον,
2716 4328 2811 4382 καὶ
2849 4330 3174 4400 ἐξαγγελίαν
3202 4333 3311 4386 τῶν
3337 4335 3440 4406 τῆς
3472 4337 3704 4406 καρδίας
3738 4341 4043 4411 κρυπτῶν.

2450 4418 2677 4488 Εἴρηται
2705 4422 2799 4473 καὶ
2852 4421 2930 4492 τῷ
2989 4423 3119 4493 θείῳ
3165 4425 3365 4479 Δαῦίδ’
3394 4445 3415 4480 ι
3474 4425 3641 4492 Εἷπα,
3685 4429 4048 4503 ὲξαγορεύσω

2449 4512 2571 4563 κατ’
2600 4511 2734 4581 ἐμοῦ
2763 4511 2862 4584 τὴν
2891 4515 3122 4585 ἀνομίαν
3179 4535 3281 4587 μου
3311 4518 3389 4596 τῷ
3428 4521 3618 4593 Κυρίῳ
3639 4537 3653 4552 ·
3695 4525 3790 4576 καὶ
3825 4526 3894 4579 σὺ
3928 4530 4045 4597 ἀφ-

2448 4605 2610 4676 ῆκας,
2640 4625 2658 4659 ι
2686 4608 2804 4659 κτλ.
2837 4608 2945 4661 Καὶ
2969 4608 3047 4679 τῷ
3075 4610 3174 4680 τῆς
3198 4611 3503 4683 Κλίμακος·
3524 4613 3808 4679 Μώλωπες
3832 4618 4044 4691 θριαμ-

2451 4698 2759 4771 δευόμενοι,
2792 4700 2852 4753 οὑ
2886 4701 3254 4772 προκόψουσιν
3283 4705 3377 4759 ἐπὶ
3398 4705 3459 4759 τὸ
3486 4708 3692 4776 χεῖρον,
3726 4708 3845 4761 ἀλλ’
3880 4710 4045 4784 icui;—

2450 4805 2653 4843 σονται.

2518 4883 2735 4954 Ταύτην
2758 4883 2857 4955 τὴν
2892 4886 3223 4958 πενταδικὴν
3260 4888 3368 4940 τῶν
3425 4888 3773 4961 δηλωθεισῶν
3820 4896 4048 4966 ἀρετῶν

2449 4978 2870 5051 ἀπαρίθμησιν,
2926 4984 2955 5035 6
3008 4983 3186 5052 σοφῶς
3217 4982 3311 5037 καὶ
3368 4986 3752 5057 ἐπιστημόνως
3801 4992 3998 5063 τηρῶν
4028 5036 4045 5059 ,

2449 5074 2835 5146 ἀναμφιϐόλως
2867 5078 3209 5145 γινωσκέτω,
3276 5078 3352 5141 ὡς
3397 5080 3728 5135 ἀπεντεῦθεν
3768 5086 4043 5157 ἐπιτυχῆς

2448 5167 2601 5222 ἔσται
2628 5167 2729 5237 τῆς
2754 5168 2864 5223 τῶν
2886 5169 3113 5223 δικαίων
3138 5170 3214 5232 ὠς
3252 5172 3309 5223 ἐν
3349 5162 3631 5242 ἀρῥαϐῶνί
3687 5180 4013 5250 μακαριότη

2448 5276 2561 5323 τος.
2599 5259 2707 5312 Καὶ
2732 5258 2904 5312 ταῦτα
2965 5262 3083 5329 μὲν,
3130 5261 3199 5313 τά
3235 5264 3338 5332 τῆς
3376 5261 3880 5332 ἀξιομνημονεύτου
3939 5270 4039 5322 ὑπ-

2449 5351 2619 5421 ακθῆς
2639 5352 2765 5415 tam,
2792 5351 2889 5404 xui.
2922 5345 3035 5405 οῖον
3064 5354 3097 5423 ἡ
3123 5352 3265 5423 ῥίζα,
3301 5352 3393 5406 καὶ
3418 5355 3446 5405 6
3479 5352 3726 5423 θεμέλιος
3748 5374 3762 5387 ·
3800 5358 4044 5414 ἄκουσον

2449 5442 2621 5496 δὲκαὶ
2646 5439 2748 5497 οἷοι
2780 5446 2828 5496 οί
2860 5443 3065 5509 κλάδοι,
3093 5445 3191 5497 καὶ
3215 5445 3243 5496 ὁ
3265 5444 3499 5513 καρπὸς,
3528 5446 3623 5497 καὶ
3653 5448 3683 5499 ὁ
3713 5446 3942 5517 ὄροφος,

2533 5534 2622 5601 Ἐξ
2656 5536 2921 5606 ὑπακοῆς,
2946 5537 3112 5606 φησὶν
3138 5535 3298 5599 αὖθις
3333 5538 3362 5590 6
3384 5537 3485 5608 τῆς
3507 5537 3813 5607 Κλίμακος,
3845 5543 4050 5598 ταπεί-

2451 5643 2647 5689 νωσις·
2684 5628 2749 5679 ἐκ
2775 5628 3185 5694 ταπεινώσεως,
3208 5627 3513 5699 διὰκρισις’
3571 5631 3635 5683 ἑκ
3673 5630 4042 5704 διακρίσεως,

2441 5715 2684 5788 διόρασις
2710 5732 2724 5748 ο
2774 5718 2837 5770 ὲκ
2885 5719 2941 5772 δὲ
2971 5715 3197 5789 ταύτης,
3239 5723 3536 5793 προόρασις
3561 5742 3576 5757 ·
3611 5724 3641 5781 ὃ
3670 5729 3835 5797 μόνου
3890 5735 4041 5803 Ceo;

2440 5806 2629 5875 ἔργονο
2689 5807 2782 5858 καὶ
2813 5809 2926 5870 τοῖς
2984 5809 3271 5877 μακαρίως
3310 5812 3786 5885 θεουργουμένοις,
3852 5824 4040 5899 δῶρον

2666 5904 2755 5960 ⁸³1
2787 5907 2913 5965 Cor.
2957 5926 3037 5981 ιι,
3079 5914 3165 5973 l6.
3242 5919 3287 5951 ⁸³
3329 5919 3471 5980 Psal.
3523 5942 3674 5998 xxxi,
3739 5931 3800 5989 5.
