4278 6442
237 385 342 452 657

1477 388 1869 453 OPUSCULA
1923 396 2310 460 ASCETICA.

3411 398 3516 463 658

227 497 570 570 δωρούμενον
601 497 732 570 παρ’
769 495 957 562 αὑτοῦ,
990 498 1285 570 ἐξαίρετον,
1315 501 1811 578 καὶ-ὑπερφυέστα-
1847 510 1872 567 Α

1889 553 1894 568 .
1921 513 2119 567 donum
2141 519 2209 567 ab
2240 529 2306 568 ao
2335 511 2954 582 praestitum,excellens
2988 519 3041 566 et
3075 511 3515 580 supernaturale.

229 609 340 644 τον.
373 592 518 661 Πρὸς
545 591 610 660 δὴ
639 593 751 652 τοῖς
777 590 1109 660 εἰρημένοις,
1161 591 1304 646 ἔστω
1354 610 1437 649 σοι
1500 597 1597 650 καὶ
1654 599 1813 652 τοῦτο

228 684 386 752 δῆλον
410 699 423 712 ·
459 683 541 735 ὃτι
581 699 642 750 γε
679 684 823 734 κατὰ
852 682 951 752 τὴν
971 683 1070 751 σὴν
1103 683 1489 757 ἠκριϐωμένην
1515 688 1810 760 ὑποταγὴν,

231 775 519 844 βλυστάνει
560 775 656 827 καὶ
687 775 744 826 ὲν
779 776 861 826 uol.
901 775 934 844 ἡ
974 777 1336 840 ταπείνωσις’
1374 779 1467 831 καὶ
1492 777 1646 844 αὖθις
1678 783 1818 835 κατά

229 871 329 934 τὴν
364 868 697 919 ταπείνωσιν
730 867 762 935 ἡ
792 865 1066 936 διάκρισις
1135 869 1398 930 ὡσαύτως
1430 873 1525 924 καὶ
1552 874 1820 943 καθ’ὲξῆς

231 959 288 1010 αἱ
335 957 545 1014 λοιπαί.
580 959 692 1009 Καὶ
729 957 1002 1025 ἀγωνίζου
1030 999 1044 1021 ,
1075 962 1176 1030 ὅση
1223 977 1305 1013 σοι
1335 962 1586 1032 δύναμις.
1621 966 1822 1019 ἀπταί-

232 1065 378 1110 στως
435 1049 536 1117 τὴν
589 1048 691 1116 τῆς
746 1048 999 1117 ὑπακοῆς
1040 1050 1186 1103 θέειν
1223 1053 1471 1122 πορείαν.
1518 1054 1675 1109 Οῦτω
1716 1059 1823 1127 γὰρ

232 1140 329 1193 καὶ
364 1138 474 1192 τῶν
500 1139 690 1208 πρόσω
722 1141 1114 1208 ἀνεπισφαλῶς
1141 1143 1402 1216 ἐπιϐήσῃ.
1447 1145 1508 1198 Εἰ
1538 1146 1594 1199 δέ
1634 1165 1746 1210 πως
1767 1151 1823 1200 ὲν

231 1235 299 1301 τῇ
326 1233 428 1301 τῆς
465 1233 745 1302 ὑποταγῆς
774 1233 1106 1298 ὑποσκάζεις
1141 1235 1335 1306 νύσσῃ,
1386 1237 1493 1291 ἴσθι
1525 1239 1600 1302 ὡς
1631 1241 1729 1293 οὐκ
1760 1243 1826 1294 ἂν

237 1324 425 1387 καλῶς
453 1327 714 1392 περανείς
745 1323 837 1376 τὸν
878 1326 1159 1378 ἐπίλοιπον
1191 1327 1410 1381 δίαυλον
1456 1332 1554 1397 τῆς
1603 1350 1821 1402 προκει-

240 1420 412 1488 μένης
451 1418 730 1487 βαλῆῖδος·
756 1420 854 1488 τὴν
883 1421 1024 1472 κατά
1052 1421 1286 1490 Χριστόν
1321 1441 1500 1492 φαμεν
1527 1426 1821 1479 πολ;τείαν⁶

235 1509 366 1563 οὔτε
404 1511 510 1580 μὴν
543 1511 938 1583 στεφανωθήσῃ
972 1516 1037 1583 τῇ
1073 1517 1184 1578 τοῖς
1234 1520 1480 1586 νικηταῖς
1509 1519 1827 1591 δωρουμένη

235 1603 426 1672 ταινίᾳ
455 1619 468 1630 ·
505 1603 780 1671 μέντοιγε,
818 1604 912 1656 καὶ
937 1599 1025 1657 οίὰ
1047 1623 1130 1669 τις
1181 1606 1375 1677 δδηγὸς
1405 1610 1438 1677 ἡ
1465 1610 1700 1679 ὑπακοὴ.
1734 1613 1828 1663 καὶ

237 1694 274 1747 ἃ
299 1693 507 1764 ταύτης
535 1693 773 1764 πρόσθεν
796 1697 1024 1766 εἴπομεν
1052 1697 1179 1763 ἴδια,
1207 1700 1348 1752 ἔστω
1373 1718 1474 1764 σοι,
1495 1703 1745 1772 καθάπερ
1769 1703 1831 1756 τδ

242 1784 396 1852 παρὰ
446 1787 561 1846 τοῖς
611 1789 911 1852 ναυτικοῖς,
941 1788 1386 1859 διοπτευὸμενον,
1426 1797 1564 1862 πρὸς
1593 1793 1690 1863 τὴν
1735 1794 1829 1847 τοῦ

240 1877 524 1945 ἀπλανοῦς
561 1879 794 1948 τήρησιν
817 1896 829 1908 ·
873 1881 940 1932 ἵν’
970 1882 1210 1946 ἀκλινῶς
1239 1884 1372 1953 πρὸς
1406 1886 1576 1955 αὐτὴν
1593 1887 1832 1958 ἀφορῶν,
1856 1867 1897 1921 Β

242 1970 628 2040 ὑπερπλεῦσαι
657 1971 892 2042 δυνηθῇς
925 1973 985 2025 τὸ
1013 1974 1121 2027 τῶν
1147 1977 1358 2042 ἀρετῶν
1390 1979 1532 2046 μέγα
1561 1980 1794 2048 πέλαγος
1816 1997 1829 2010 '

242 2061 500 2114 καὶοῦτω
520 2061 652 2131 πρὸς
672 2062 840 2132 ὅρμον
866 2066 1116 2134 ὁρμήσῃς
1143 2064 1252 2136 [ῖσ.
1283 2067 1539 2142 ὁρμίσῃς]
1580 2070 1670 2122 τὸν
1701 2070 1839 2123 ἀκύ-

247 2172 458 2224 μαντον
481 2155 575 2224 τῆς
603 2156 873 2217 ἀπαθείας
899 2175 909 2186 ·
943 2155 1008 2209 ἂν
1038 2158 1208 2210 δὲκαὶ
1241 2156 1376 2229 ζάλη
1412 2178 1516 2225 τις,
1554 2165 1647 2215 καὶ
1680 2164 1839 2226 σάλος

244 2248 459 2320 ἐπέλθῃ
481 2251 694 2311 deum".
715 2249 874 2302 τοῦτο
900 2248 1081 2302 ἔσεται
1110 2252 1260 2320 παρᾶ
1287 2255 1350 2321 τῇ
1378 2255 1439 2321 σῇ
1463 2254 1706 2325 ὑποταγῇ
1724 2255 1835 2326 [ἵσ.

247 2341 559 2411 παρακοῇ].
594 2341 698 2393 Τὸν
724 2341 832 2411 γὰρ
855 2343 1029 2412 ἀληθῆ
1059 2343 1434 2413 ὑπήκοονοὺδὲ
1475 2349 1634 2411 αὐτὸς
1667 2350 1695 2401 ὁ
1724 2350 1842 2403 διά-

246 2435 432 2496 ϐολος,
465 2435 609 2486 κατά
640 2437 764 2498 τοῦς
805 2436 1074 2506 Πατέρας,
1116 2438 1180 2490 ἄν
1204 2455 1253 2490 τι
1287 2438 1487 2509 βλάψαι
1522 2441 1838 2511 δεδύνηται·

251 2529 342 2579 ἵνα
375 2527 432 2579 δέ
500 2544 582 2579 σοι
620 2527 714 2579 καὶ
764 2527 825 2579 τὸ
867 2527 965 2597 τῆς
998 2531 1348 2596 παναγὰστου
1393 2533 1639 2603 ὑπακοῆς
1663 2535 1842 2604 τίμιον

251 2617 414 2686 ὕψος,
440 2617 624 2686 ἡλίκον
655 2617 794 2680 ἐστὶ,
826 2617 895 2670 δι’
943 2618 1124 2687 ὀλίγου
1173 2621 1550 2691 ἐπιδείξωμεν,
1588 2625 1716 2694 μιᾶς
1762 2624 1842 2678 ἔτι

248 2713 510 2780 χρήσεως
542 2708 696 2776 ἁγίου
728 2709 944 2780 Πατρδι·
966 2711 1053 2763 δια
1063 2729 1164 2782 μνη
1177 2712 1548 2783 μονεύσωμεν.

335 2821 497 2886 Λέγει
530 2821 821 2890 τοιγαροῦν
842 2818 998 2889 αὖθις
1027 2829 1055 2880 ὁ
1091 2830 1444 2896 φαεινὸτατος
1475 2831 1733 2907 λαμπτὴρ
1748 2839 1846 2909 τῆς

254 2910 407 2963 κατὰ
431 2912 669 2980 Χριστὸν
694 2913 992 2980 πολιτείας,
1024 2919 1116 2971 καὶ
1159 2920 1276 2983 νέος
1324 2923 1588 2996 Βεσελεὴλ
1628 2930 1725 2997 τῆς
1755 2930 1847 2983 οὐ..

256 3003 452 3074 ρανίου
470 3004 749 3073 Κλίμακος
774 3023 786 3036 ·
811 3007 1015 3062 Ὄπλον
1047 3013 1147 3080 μὲν
1173 3015 1219 3066 oi
1246 3015 1504 3084 Πατέρςς,
1537 3019 1634 3091 τὴν
1657 3022 1692 3090 ψ
1705 3021 1846 3094 αλμ-

253 3095 462 3162 ῳδίαν·
491 3096 590 3165 τὴν
615 3096 671 3147 δὲ
704 3101 1033 3169 προσευχὴν,
1102 3106 1280 3173 τεῖχος
1315 3122 1328 3136 ·
1387 3109 1623 3181 λουτῆρα
1660 3113 1738 3179 δὲ,
1785 3114 1848 3168 τδ

1919 604 2121 661 Practer
2151 621 2213 660 ea
2247 606 2534 674 qucedicta
2557 613 2707 670 sunt,
2730 614 2783 659 et
2812 607 2913 660 hoc
2936 604 3028 658 tibi
3050 603 3120 658 sit
3145 610 3334 657 notum
3361 617 3375 655 :
3402 599 3511 658 Pro

1920 707 2024 754 tua
2056 701 2415 769 subjectionis
2445 701 2637 769 gradu,
2665 698 2995 768 germinabit
3021 698 3152 752 inte
3180 694 3462 751 humilitas
3496 714 3510 761 ;

1921 801 1976 848 ot
2009 808 2227 846 rursum
2255 808 2350 861 pro
2373 791 2704 846 humilitatis
2728 791 2923 860 gradu.
2955 791 3215 846 discretio
3265 807 3279 854 ;
3340 798 3511 858 atquo

1921 883 1995 937 ita
2028 883 2338 938 successive
2377 884 2599 953 reliquae
2623 885 2870 936 virtutes.
2895 879 2958 934 Et
2982 883 3208 946 enitere,
3265 880 3392 936 totis
3429 881 3516 934 vi-

1923 973 2075 1028 ribus
2095 975 2435 1028 incessanter
2466 974 2606 1028 hanc
2640 973 2967 1028 obedientia:
2994 973 3134 1026 viam
3156 987 3501 1041 percurrere.

1923 1063 2000 1120 Ita
2036 1066 2177 1120 enim
2212 1082 2275 1121 ea
2306 1080 2426 1136 quae
2447 1074 2576 1120 sunt
2604 1075 2727 1120 ante
2749 1075 2804 1121 te
2830 1076 2944 1120 tute
2971 1064 3300 1134 assequeris.
3326 1063 3381 1118 Si
3418 1079 3514 1118 a-t-

1925 1167 2033 1214 tem
2060 1161 2116 1214 in
2144 1159 2465 1214 obedientiaa
2505 1159 2786 1214 curriculo
2808 1158 3166 1220 claudicabis,
3211 1155 3436 1211 noveris
3468 1165 3518 1209 to

1924 1253 2071 1322 quod
2106 1263 2360 1323 superest
2421 1254 2485 1307 ad
2534 1253 2828 1308 terminum
2879 1266 3071 1306 cursus
3096 1266 3202 1304 non
3257 1250 3393 1303 bene
3427 1262 3520 1316 pe-

1927 1356 2226 1406 racturum,
2283 1347 2447 1400 vitam
2485 1361 2678 1413 nempe
2711 1345 3082 1400 Christianam
3119 1343 3357 1399 dicimus
3385 1361 3398 1410 ;
3429 1359 3521 1397 ne-

1925 1456 2034 1511 que
2068 1439 2413 1494 vincentibus
2438 1439 2708 1508 promissa
2741 1438 2917 1494 infula
2979 1439 3357 1494 coronaberis.
3419 1435 3524 1507 igi-

1929 1542 2018 1587 tur
2053 1532 2148 1585 tibi
2181 1533 2368 1602 accipe
2411 1531 2778 1588 obedientiam
2832 1545 2888 1586 et
2946 1546 3069 1600 qua:
3123 1530 3243 1600 ejus
3299 1530 3522 1600 propria

1928 1643 2050 1684 esse
2079 1628 2342 1691 diximus,
2374 1644 2495 1698 qua:
2533 1628 2626 1682 tibi
2658 1627 2799 1681 viam
2829 1630 3104 1690 ostendat,
3144 1624 3520 1693 quemadmo-

1930 1720 2059 1775 dum
2085 1722 2401 1790 navigantes
2432 1721 2598 1776 astris
2631 1720 2968 1790 diriguntur,
2996 1736 3061 1774 ne
3081 1719 3220 1774 forte
3237 1734 3333 1788 per
3350 1721 3522 1772 maria

1930 1827 2157 1875 errent;
2196 1822 2328 1866 utet
2369 1813 2487 1882 ipse
2523 1827 2642 1867 eam
2681 1828 2898 1881 semper
2923 1814 3200 1881 aspiciens
3264 1826 3521 1881 magnum

1935 1904 2152 1958 virtutis
2205 1903 2480 1959 Oceanum
2517 1897 2852 1961 transmeare
2901 1919 3093 1976 queas,
3124 1913 3287 1973 atque
3336 1903 3410 1957 ita
3469 1901 3522 1955 id

1940 1997 2291 2065 tranquillum
2318 1997 2594 2051 felicitatis
2623 2007 2838 2063 portum
2899 1995 3240 2066 perdncaris.
3278 1995 3334 2048 Si
3395 2009 3523 2046 vero

1937 2088 2184 2158 quaedam
2229 2098 2523 2159 tempestas
2549 2099 2603 2143 et
2634 2090 2856 2159 jactatio
2895 2088 3296 2157 snperveuerit,
3353 2098 3405 2140 et
3472 2086 3522 2136 id

1940 2193 2039 2246 pro
2069 2190 2173 2231 tuae
2207 2179 2563 2248 subjectionis
2592 2181 2761 2250 gradu
2791 2180 2898 2233 ﬁet.
2936 2179 3070 2232 Eum
3099 2179 3243 2233 enim
3272 2179 3366 2250 qui
3392 2193 3524 2232 vero

1941 2271 2124 2325 obedit
2159 2287 2333 2341 neque
2359 2274 2472 2342 ipse
2494 2271 2770 2337 diabolus,
2793 2273 2945 2340 juxta
2965 2271 3178 2334 Patres,
3209 2281 3396 2341 posset
3428 2272 3521 2323 la:-

1939 2364 2089 2420 dere.
2113 2363 2181 2418 Ut
2213 2375 2394 2419 autem
2430 2367 2523 2421 tibi
2564 2367 2753 2435 paucis
2781 2367 3139 2421 ostendamus
3169 2381 3329 2435 quam
3352 2364 3523 2418 Subli-

1942 2457 2045 2511 mis
2062 2469 2114 2512 et
2142 2458 2478 2514 honorabilis
2513 2462 2584 2511 sit
2612 2475 2736 2514 vera
2766 2459 3096 2521 obedientia,
3149 2473 3318 2512 unum
3349 2456 3528 2510 adhuc

1969 2550 2114 2603 aucti
2137 2548 2312 2603 Patris
2346 2551 2631 2605 oraculum
2665 2565 3062 2606 memoremus.

2014 2820 2252 2874 llursum
2296 2821 2462 2890 igitur
2503 2819 2635 2873 dicit
2679 2818 3181 2889 splendidissimum
3228 2818 3360 2873 illud
3409 2817 3538 2877 vita

1938 2912 2261 2969 Christianae
2287 2912 2490 2972 lumen,
2517 2926 2692 2965 novus
2713 2912 2799 2965 ille
2820 2911 3062 2967 caelestis
3083 2911 3241 2966 sealsn
3261 2909 3531 2967 Beseleel:

1949 3023 1969 3058 ι
1997 3006 2342 3059 Armaturam
2367 3002 2553 3059 Patres
2569 3003 2968 3058 deliniuntcsse
2991 3003 3388 3075 psalmodiam;
3417 3017 3537 3055 mu-

1943 3114 2086 3162 rum,
2112 3098 2450 3161 orationem;
2494 3097 2744 3150 balneum
2786 3108 2993 3158 autem,
3051 3096 3528 3166 irreprebeusibi-

242 3188 497 3256 ἄμωμον
531 3188 770 3259 δάκρυον
797 3185 936 3244 εἶναι
961 3193 1235 3261 ὁρίζονται
1257 3213 1270 3226 ·
1322 3198 1420 3267 τὴν
1462 3201 1518 3253 δὲ
1571 3206 1872 3274 μακαρίανι

1889 3211 1911 3266 3
1944 3190 2023 3245 les
2055 3190 2361 3260 lacrymas;
2398 3189 2610 3242 beatam
2646 3203 2776 3242 vero
2811 3188 3178 3243 obedientiam
3213 3186 3528 3242 confessio-

253 3282 538 3351 ὑπακοὴν,
574 3284 868 3351 ὁμολογίαν
903 3285 1158 3356 ἔκρινα-ι’
1208 3286 1273 3358 ἧς
1304 3293 1494 3360 χωρὶς,
1540 3296 1712 3360 οὐδεὶς
1737 3299 1846 3352 τῶν

255 3375 532 3444 ὲμπαθὼν
597 3375 792 3444 ὄψεται
832 3377 923 3430 τὸν
984 3379 1210 3447 Κύριον.
1260 3379 1436 3436 Ἱκανά
1499 3386 1596 3454 μὲν
1623 3384 1715 3441 οῦν
1754 3390 1846 3443 καὶ

254 3467 458 3530 ταῦτα,
488 3467 564 3529 ὡς
587 3470 720 3536 ἡμῖν
751 3470 918 3529 δοκεῖ,
952 3469 1084 3541 πρὸς
1109 3473 1511 3547 ἐναργεστάτην
1540 3478 1770 3549 δήλωσίν
1787 3498 1845 3534 τε

205 3601 208 3604 .
255 3561 356 3612 καὶ
397 3560 621 3612 ἔπαινον
651 3559 744 3613 τοῦ
775 3563 1053 3632 ἀμιμήτου
1121 3566 1440 3635 μιμήματος
1483 3569 1579 3638 τῆς
1636 3573 1848 3642 τρισολ-

255 3653 379 3704 6ίου
423 3653 692 3719 ὑπακοῆς.
735 3652 973 3718 Ἐξομεν
1004 3656 1048 3706 δ’
1080 3656 1159 3708 ἔτι
1197 3659 1361 3730 πείρᾳ
1392 3660 1560 3714 ταῦτα
1593 3680 1847 3734 καταμα-

255 3743 374 3795 θεῖν
398 3741 469 3794 τε
491 3743 584 3794 καὶ
621 3743 934 3810 διαγνῶναι,
963 3745 1016 3798 εἴ
1050 3747 1104 3812 γ’
1157 3749 1249 3801 ἐπὶ
1281 3750 1341 3803 τὸ
1371 3753 1594 3818 ἄναντες
1618 3757 1846 3811 ἀνανεύ-

257 3853 474 3904 σωμεν,
503 3837 597 3888 καὶ
627 3838 1177 3909 συνδιασκεψώμεθα,
1205 3844 1255 3896 τί
1293 3847 1390 3913 μὲν
1416 3847 1473 3900 τὸ
1501 3853 1600 3919 τῆς
1629 3869 1848 3923 συντρι-

255 3928 364 3997 ϐῆς
397 3929 494 3979 καὶ
518 3927 845 3999 θνητὸτητος
895 3933 1028 4000 ἡμῖν
1091 3937 1400 4005 παραίτιον,
1459 3942 1532 4009 μὴ
1588 3945 1849 4011 τοιούτοις

254 4020 610 4090 τοκαταρχάς
639 4021 1200 4095 δεδημιουργημένας
1225 4046 1237 4058 ·
1302 4031 1352 4082 τί
1388 4032 1433 4083 δ’
1480 4030 1634 4099 αὖθις
1662 4040 1722 4093 τὸ
1750 4040 1850 4110 τῆς

255 4112 663 4174 ἁνακαινίσεως
701 4115 793 4166 καὶ
836 4115 934 4184 τῆς
971 4116 1294 4184 ἀθανασίας.
1350 4124 1692 4195 Είιρίσκομεν
1738 4127 1850 4182 τοί-

255 4222 378 4266 νυν,
417 4202 515 4255 τοῦ
552 4203 654 4272 μὲν
684 4206 957 4275 προτέρου
993 4207 1250 4277 πρόξενον
1297 4208 1482 4280 οὖσαν,
1534 4217 1700 4285 ἧγουν
1751 4219 1851 4287 τῆς

255 4294 492 4364 φθορᾶς,
522 4294 619 4363 τὴν
645 4295 993 4366 τοῦπρώτου
1057 4299 1208 4369 Ᾱδάμ
1262 4301 1587 4359 ίδιοπιστίαν
1637 4324 1696 4360 τε
1755 4307 1851 4362 καὶ

255 4385 669 4456 ἱδιορῤυθμίαν,
696 4388 874 4440 καὶτὸ
923 4391 1333 4454 ἀνυπότακτον·
1370 4393 1430 4459 ἐξ
1457 4388 1530 4449 ὧν
1565 4397 1596 4466 ἡ
1634 4399 1849 4467 τῆςὲνο

251 4477 420 4545 τολῆς
472 4478 574 4547 τῆς
635 4477 787 4540 θείας
850 4479 1110 4551 ἀθέτησις
1150 4485 1244 4537 καὶ
1301 4488 1630 4556 παράϐασις.
1658 4492 1765 4546 Τοῦ
1792 4494 1849 4547 δὲ

252 4570 543 4640 δευτέρου,
603 4571 727 4639 ἦτοι
778 4573 878 4640 τῆς
934 4574 1248 4645 ἀφθαρσίας
1306 4579 1593 4648 πρύτανιν,
1626 4582 1723 4653 τὴν
1755 4583 1848 4637 τοῦ

251 4659 520 4729 δευτέρου
568 4660 761 4730 Ἀδὰμ,
791 4664 885 4714 καὶ
912 4663 1071 4729 Θεοῦ,
1109 4667 1203 4719 καὶ
1243 4668 1492 4738 Σωτῆρος
1547 4671 1706 4742 ἡμῶν
1747 4674 1851 4744 ’1η-

255 4749 357 4802 σοῦ
399 4748 644 4818 Χριστοῦ
706 4751 845 4824 πρὸς
877 4753 970 4805 τὸν
1021 4755 1240 4828 Πατέρα
1289 4760 1608 4829 ὀμοϐουλίαν
1664 4781 1723 4816 τε
1761 4765 1850 4819 καὶ

255 4844 566 4914 ὑποταγὴν,
603 4844 696 4913 ἀφ’
752 4837 828 4898 ὧν
875 4847 908 4916 ἡ
960 4850 1058 4916 τῆς
1107 4849 1329 4918 ἐντολῆς
1382 4853 1549 4905 αὑτοῦ
1595 4855 1848 4926 τήρησις.

261 4957 279 4989 ι
331 4937 479 5005 Ἐγὼ
508 4938 639 5006 γὰρ,
695 4937 912 5008 φησὶνδ
943 4940 1153 5011 Σωτὴρ,
1183 4943 1242 5006 ἐξ
1293 4944 1534 5012 ἐμαυτοῦ
1584 4947 1683 4999 οὐκ
1737 4947 1852 5001 ἑλά-

255 5031 433 5098 λησα·
491 5029 669 5083 duco
724 5029 950 5100 πέμψας
1005 5032 1214 5103 Πατὴρ,
1276 5035 1437 5100 αὐτός
1497 5055 1586 5101 μοι
1629 5039 1848 5110 ἐντολὴν

257 5123 454 5182 ἔδωκε,
483 5121 533 5172 τί
557 5121 718 5184 εἴπω,
752 5121 848 5174 καὶ
878 5123 929 5173 τί
965 5121 1191 5192 λαλήσω
1213 5140 1225 5153 '
1282 5125 1376 5177 καὶ
1403 5123 1541 5188 οἶδα,
1576 5128 1658 5180 ὅτι
1689 5132 1735 5198 ἡ.
1762 5131 1848 5184 ὲν-

256 5212 391 5280 τολὴ
440 5210 635 5272 αὑτοῦ,
672 5211 786 5280 ζωὴ
817 5211 1033 5273 αἰώνιός
1068 5215 1213 5266 ἐστιν
1237 5233 1249 5246 ·
1310 5215 1346 5270 ἂ
1377 5212 1470 5269 οὖν
1524 5218 1667 5271 λαλῶ
1717 5222 1849 5288 ἐγὼ,

258 5300 444 5363 καθὼς
477 5300 669 5368 εἴρηκέ
714 5317 803 5378 μοι
834 5303 861 5358 ό
893 5302 1101 5372 Πατὴρ,
1139 5302 1281 5358 οὕτω
1334 5307 1499 5360 λαλῶ.
1544 5329 1566 5368 ι
1615 5310 1702 5372 Ὠς
1758 5308 1850 5365 οὖν

257 5395 316 5446 ἐν
345 5393 426 5463 τῷ
460 5393 769 5462 προπάτορι
797 5394 891 5446 καὶ
926 5398 1038 5456 τοῖς
1073 5397 1191 5449 κατ’
1220 5399 1402 5464 αὑτὸν,
1460 5401 1584 5470 ρίξα
1633 5406 1849 5458 πάντων

255 5486 527 5554 ἀνιαρῶν,
568 5487 659 5535 καὶ
691 5486 896 5554 μήτηρ,
931 5488 964 5556 ἡ
996 5489 1208 5558 οἱησις’
1271 5489 1440 5553 οὕτως
1473 5495 1528 5545 ἐν
1555 5493 1633 5562 τῷ
1677 5495 1848 5565 καινῷ

256 5573 608 5644 θεανθρώπῳ
648 5573 823 5644 Ἰησοῦ
855 5577 1098 5648 Χριστῷ,
1127 5580 1218 5632 καὶ
1244 5584 1355 5644 τοῖς
1386 5585 1506 5634 κατ’
1545 5585 1708 5636 αὐτὸν
1747 5584 1847 5658 ζῇν

265 5669 606 5736 ἐφιεμένοις,
636 5667 800 5736 ἀρχὴ,
839 5671 934 5721 καὶ
965 5671 1140 5742 πηγὴ,
1189 5674 1282 5725 καὶ
1338 5673 1585 5743 θεμέλιος
1631 5675 1849 5729 παντων

251 5765 502 5834 ἀγαθῶν,
545 5765 579 5833 ἠ
621 5761 971 5822 ταπείνωσις.
1025 5763 1139 5831 Τὴν
1189 5765 1446 5834 τοιαύτην
1495 5763 1703 5829 στάσιν,
1749 5762 1842 5816 καὶ

361 5859 406 5890 ³⁸
433 5858 597 5916 Joau.
635 5878 738 5927 xu.
771 5863 856 5919 40.

1948 3299 2069 3338 nem
2099 3298 2220 3338 esse
2245 3285 2498 3337 dixerunt
2529 3300 2542 3344 ;
2586 3284 2704 3337 sine
2738 3298 2842 3350 qua
2875 3297 3035 3337 nemo
3077 3297 3209 3337 sons
3245 3281 3534 3336 Dominum

1947 3373 2172 3427 videbit.
2207 3372 2585 3427 Sutﬁcinntea
2615 3371 2860 3440 quidem,
2901 3381 2958 3425 ut
2984 3372 3143 3426 nobis
3199 3372 3438 3438 videtur,
3468 3372 3536 3425 ad

1947 3465 2412 3520 evidentissimam
2445 3466 2877 3521 declarationem
2912 3482 2976 3522 ac
3024 3464 3241 3522 laudem
3272 3467 3529 3537 perfecta

1951 3559 2113 3627 hujus
2139 3559 2457 3615 imitationis
2490 3576 2609 3630 quae
2633 3575 2727 3629 per
2755 3559 3126 3614 beatissimam
3161 3561 3471 3616 obedientia
3501 3579 3536 3631 ι

1949 3654 2292 3722 adimpletnr.
2341 3653 2465 3710 llazc
2525 3661 2708 3707 autem
2763 3653 2942 3706 adhuc
3015 3653 3315 3719 poterimus
3374 3667 3536 3720 expe-

1952 3745 2148 3799 rientia
2184 3746 2395 3800 discere
2425 3760 2487 3798 ac
2521 3745 2855 3811 discernere,
2895 3745 2939 3798 si
2973 3745 3037 3797 ad
3064 3745 3245 3813 priora
3272 3745 3537 3812 suspicia-

1952 3855 2095 3902 mus,
2151 3839 2617 3907 inqniramusque
2678 3854 2929 3907 qurenam
2988 3838 3382 3892 destructionis
3468 3853 3531 3888 ac

1956 3931 2308 3984 mortalitatis
2345 3931 2506 3983 nobis
2540 3931 2703 3984 fuerit
2729 3946 2920 3994 causa,
2948 3946 3071 3984 cum
3109 3946 3214 3983 non
3257 3930 3326 3984 ab
3383 3929 3536 3982 initio

1955 4024 2089 4077 tales
2121 4023 2285 4077 creati
2325 4021 2589 4076 fuerimus
2627 4041 2641 4090 ;
2675 4038 2923 4091 quamam
2980 4039 3107 4076 vero
3168 4022 3536 4077 renovationis

1955 4125 2155 4170 nostra!
2183 4129 2246 4170 ac
2273 4115 2726 4169 immortalitatis.
2753 4115 3075 4182 ﬂeperimus
3102 4122 3311 4172 autem.
3335 4123 3539 4168 morta-

1955 4204 2121 4258 litatis
2153 4219 2376 4257 eausam
2410 4203 2599 4267 fuisse,
2633 4206 2791 4271 primi
2829 4205 2999 4258 Adam
3080 4207 3359 4274 propriam
3445 4205 3534 4260 sui

1958 4295 2210 4349 ﬁduciam
2243 4305 2297 4348 et
2330 4295 2605 4348 libidinem
2629 4305 2682 4348 et
2715 4295 3141 4349 inobedicntiam
3175 4314 3188 4359 ;
3225 4297 3368 4351 unde
3415 4309 3536 4351 orta

1954 4397 2037 4442 est
2065 4386 2305 4441 mandati
2335 4387 2502 4441 divini
2537 4387 2847 4455 reprobatio
2876 4396 2930 4440 et
2975 4389 3374 4456 transgressio;
3431 4387 3537 4441 im-

1959 4481 2305 4534 mortalitatis
2327 4495 2456 4533 vero
2493 4479 2840 4547 principium.
2875 4479 3102 4534 secundi
3141 4480 3333 4533 Adam.
3357 4489 3410 4534 et
3444 4479 3536 4534 Dei

1889 4548 2011 4626 Det
2050 4570 2354 4627 Salvaturis
2378 4571 2553 4625 nostri
2577 4569 2706 4625 Jesu
2760 4570 2965 4624 Chriin
3023 4570 3290 4623 voluntati
3360 4569 3538 4625 Patris

1960 4666 2355 4734 Subjectionem
2382 4664 2556 4728 ;unde
2576 4663 2738 4730 hujus
2759 4662 2996 4716 mandati
3020 4663 3350 4717 observatio.
3375 4681 3395 4715 ι
3427 4665 3538 4732 Ego

1957 4759 2126 4822 enim,
2160 4756 2334 4823 inquit
2360 4754 2632 4815 Salvator,
2661 4769 2763 4807 non
2794 4769 2857 4807 ex
2888 4770 2973 4808 me
2999 4755 3116 4823 ipso
3147 4755 3356 4808 locutus
3383 4770 3538 4823 sum;

1960 4851 2050 4904 sed
2083 4849 2173 4917 qui
2201 4848 2348 4900 misit
2380 4862 2466 4901 me
2494 4846 2676 4909 Pater,
2701 4846 2819 4915 ipse
2849 4847 2981 4900 mibi
3016 4847 3333 4902 mandatum
3365 4847 3535 4910 dedit.

1955 4941 2083 5012 quid
2113 4942 2287 4994 dicam
2311 4949 2364 4994 et
2394 4939 2520 5007 quid
2558 4938 2749 5006 loquar
2782 4937 2845 4991 ³⁸.
2873 4937 3068 4992 Etscio
3094 4939 3219 5007 quia
3251 4937 3540 5009 promissio

1955 5035 2077 5103 ejus
2105 5043 2188 5087 est
2213 5033 2316 5084 vita
2354 5040 2578 5085 a'terna.
2635 5029 2716 5096 Qu
2740 5048 2767 5083 ιε
2799 5031 2944 5084 enim
2979 5047 3080 5100 ego
3129 5031 3344 5100 loquor,
3374 5043 3434 5086 ut
3457 5032 3535 5085 di-

1963 5126 2038 5178 xit
2071 5124 2198 5176 mibi
2232 5121 2412 5185 Pater,
2449 5137 2549 5189 ego
2583 5124 2795 5190 loquor.
2831 5121 3307 5185 Quemadmodum
3377 5122 3539 5189 igitur

1961 5217 2013 5270 in
2048 5217 2219 5284 primo
2246 5213 2408 5270 Pater
2435 5223 2486 5268 et
2514 5216 2564 5266 in
2594 5214 2656 5267 iis
2681 5215 2768 5284 qui
2796 5215 2969 5282 ipsum
2992 5215 3276 5269 innituntur
3305 5215 3452 5268 radix
3487 5225 3539 5267 et

1963 5322 2134 5363 tuater
2193 5308 2436 5360 omnium
2500 5309 2768 5359 malorum
2798 5315 2879 5359 est
2903 5306 3206 5375 Cogitatio;
3271 5308 3343 5359 ita
3405 5309 3535 5361 etiu

1963 5418 2101 5456 novo
2131 5399 2237 5453 Deo
2271 5399 2498 5453 Homine
2528 5410 2579 5452 et
2609 5399 2660 5452 iu
2694 5400 2760 5452 iis
2802 5400 2894 5466 qui
2932 5401 3094 5453 vitam
3123 5401 3242 5468 ejus
3273 5402 3537 5455 mundan-

1965 5504 2070 5555 tur,
2103 5493 2426 5562 principium
2456 5502 2506 5542 et
2560 5490 2680 5543 totis
2719 5499 2773 5544 et
2835 5490 3242 5544 fundamentum
3293 5493 3533 5545 omnium

1965 5589 2254 5652 bonormn,
2288 5585 2586 5638 bumil2tas.
2623 5583 2791 5649 Quem
2838 5595 3038 5637 statum
3097 5584 3453 5651 ordinemque
3483 5591 3536 5638 et

1968 5695 2089 5735 eum
2132 5677 2222 5747 qui
2252 5693 2414 5746 supra
2453 5692 2550 5729 nos
2569 5684 2671 5738 est,
2701 5675 3008 5727 divinorum
3032 5675 3358 5742 Angelorum
3381 5691 3537 5728 mun-

1975 5775 2103 5831 dum
2137 5773 2515 5828 observantem
2550 5768 2832 5834 videmus;
2880 5767 3021 5824 hanc
3081 5767 3192 5824 imo
3223 5774 3534 5824 terrestrem
