4278 6442
721 379 829 444 659

1599 392 1947 454 CALLISTI
1984 394 2080 454 ET
2127 394 2424 452 lGNATII
2471 383 3168 448 XANTHOPULORUM

3880 380 3981 441 660

719 506 766 545 et
796 493 967 546 nostri
1006 495 1268 565 tempOI’ts
1296 495 1635 565 Ecclesiam;
1670 510 1720 554 et
1744 502 2058 571 quicunque
2096 502 2164 555 ab
2203 502 2301 553 tiu—
2334 507 2408 565 Αυ

2296 530 2301 540 ι
2334 499 2558 566 Αυτάξιν
2586 500 2826 569 ὁρῶμεν,
2854 501 2948 552 καὶ
2976 499 3064 553 τὸν
3092 500 3372 563 ἀνωτάτω,
3405 499 3496 552 καὶ
3523 500 3666 569 ὑπὲρ
3697 501 3840 569 ἡμᾶς
3868 502 3985 553 διά·

715 585 955 652 jusmodi
988 586 1195 655 legibus
1247 589 1544 656 declinant,
1607 592 1905 662 voluntqne
1943 594 2180 659 oblique,
2235 610 2300 647 ne

719 676 896 730 dicam
926 692 1238 747 arroganter
1269 684 1469 743 vivere.
1525 699 1554 736 a
1618 684 1724 738 Deo
1752 695 1804 739 et
1867 685 2150 751 Splcnilila
2214 687 2300 737 illa

718 771 922 824 caelesti
985 772 1298 827 limi-editam
1333 786 1383 828 et
1408 776 1666 831 catholica
1703 777 1937 830 Ecclesia
1980 790 2294 846 separantui

716 873 770 915 et
799 865 1144 930 expelluntur
1168 877 1219 919 et
1256 869 1305 920 iu
1339 870 1580 937 gelu-ma:
1611 871 1786 938 ignem
1822 872 2182 938 tenebrasque
2206 870 2302 922 de-

719 956 1026 1020 niittuntur,
1044 972 1096 1011 ut
1114 959 1404 1013 didicimus
1421 972 1472 1013 et
1492 963 1765 1015 credimus
1785 979 1799 1027 ;
1818 965 1957 1032 quod
1981 977 2170 1032 passos
2185 979 2307 1016 esse

719 1047 953 1102 dicimus
974 1065 1067 1103 eos
1086 1053 1175 1118 qui
1199 1050 1469 1106 Orientem
1493 1069 1679 1107 verStis
1700 1055 1835 1108 tuale
1849 1065 2074 1124 egerunt
2103 1065 2155 1108 et
2183 1056 2290 1108 Ine-

723 1141 1012 1194 rcticorum
1037 1155 1278 1210 tempore
1300 1161 1430 1196 vana
1453 1157 1581 1198 sunt
1608 1146 1792 1207 locuti,
1818 1157 1872 1199 ut
1892 1147 2073 1200 divina
2112 1160 2303 1202 osten-

719 1232 856 1285 dunt
885 1235 1124 1298 oracula,
1167 1235 1261 1301 qui
1315 1245 1533 1303 propter
1579 1253 1733 1290 suam
1801 1237 2181 1290 stillicientiam
2241 1253 2304 1290 ac

719 1325 1049 1388 superbiam,
1083 1326 1268 1378 divina
1302 1327 1492 1393 gloria.
1534 1337 1590 1380 ut
1632 1327 1848 1380 dictum
1907 1339 2010 1389 est.
2055 1344 2120 1381 ac
2175 1327 2309 1382 laeti-

725 1415 814 1475 tia,
860 1425 912 1467 et
939 1426 1080 1469 coetu
1112 1433 1268 1470 sacro
1309 1418 1500 1471 misere
1526 1419 1721 1486 (iejecli
1780 1431 1928 1472 sunt.
1985 1419 2200 1472 Dictum
2227 1428 2310 1472 est

723 1518 904 1559 autrm
939 1523 965 1559 a
989 1509 1220 1574 quoiam
1259 1509 1502 1577 sapiente
1522 1512 1798 1565 contraria
1832 1512 2120 1565 contrariis
2146 1527 2309 1564 cura-

726 1597 791 1650 ri.
820 1596 1084 1662 Quoniam
1111 1601 1275 1668 igitur
1298 1604 1572 1655 Ittmslitize
1591 1605 1771 1658 munis
1813 1620 1979 1657 causa
2025 1605 2310 1657 estinobe-

724 1690 924 1743 ilientia
949 1706 1011 1743 ac
1030 1678 1363 1760 arrogantia,
1386 1695 1584 1747 laetitiae
1604 1710 1752 1757 vero,
1773 1697 2078 1748 obeilieutia
2104 1704 2156 1749 et
2173 1711 2307 1750 con-

725 1781 891 1841 tritio.
911 1794 1124 1850 oportet
1145 1801 1267 1836 eum
1295 1786 1383 1853 qui
1409 1799 1600 1840 secure
1620 1787 1799 1841 vivere
1818 1788 1989 1856 cupit,
2011 1786 2156 1841 Patri
2184 1804 2312 1857 pru-

2405 608 2610 661 κοσμον
2647 593 2789 661 ἱερὸν
2811 594 3031 644 πάντων
3066 590 3172 642 τῶν
3231 589 3483 642 θεοειδῶν
3515 591 3762 657 ἀγγέλων
3801 593 3988 658 διατη-

2408 684 2607 755 ροῦντα
2642 703 2655 716 ·
2708 685 2801 736 καὶ
2849 683 2912 754 δὴ
2945 682 3040 735 καὶ
3083 681 3182 751 τὴν
3222 681 3490 748 ἐπίγειον,
3543 683 3638 734 καὶ
3683 683 3806 734 καθ’
3838 685 3987 753 ημᾶς

2419 777 2751 846 Ἐκκλησίαν
2777 776 3021 837 καὶτοὺς
3057 775 3233 836 ἄλλως
3279 777 3377 844 τῆς
3408 775 3670 844 τοιαύτης
3724 774 3986 843 θεσμοῖε-

2409 871 2530 934 σίας
2559 871 2923 933 ὲκκλίνοντας,
2958 869 3053 921 καὶ
3098 867 3327 930 σκολιῶς
3350 906 3365 928 ,
3399 869 3486 920 ἵνα
3521 868 3595 938 μὴ
3625 868 3874 930 αὐθαδῶς
3899 869 3983 920 λέ-

2409 981 2618 1033 γωμεν.
2654 963 2936 1025 ἐθέλοντας
2965 960 3369 1024 πολιτεύεσθαι,
3407 961 3515 1013 ἀπὸ
3560 978 3624 1028 γε
3681 961 3842 1024 εεοῦ,
3895 963 3986 1013 καὶ

2406 1057 2506 1125 τῆς
2541 1055 2767 1124 φαεινῆς
2797 1053 3127 1123 κληρουχίας
3159 1053 3255 1119 τῆς
3284 1053 3563 1122 ούρανίου,
3606 1055 3701 1106 καὶ
3731 1054 3833 1122 τῆς
3861 1055 3988 1108 καθ-

2406 1146 2593 1214 ολικῆς
2632 1145 2980 1213 Ἐκκλησίας,
3027 1143 3482 1215 διαρῥήγνυσθαι,
3546 1143 3638 1195 καὶ
3673 1145 3990 1212 ἐξοστρακί-

2412 1241 2625 1306 ζεσθαι,
2667 1239 2762 1292 καὶ
2786 1241 2864 1300 εἰς
2895 1239 2952 1290 τδ
2985 1238 3173 1300 σκότος
3203 1239 3297 1290 καὶ
3323 1238 3383 1290 τὺ
3425 1237 3534 1307 πῦρ
3559 1239 3991 1306 ἀποπέμπεσθαι

2407 1335 2506 1401 της
2537 1331 2782 1398 γεέννης,
2822 1328 3153 1398 μεμνήμεθά
3219 1345 3275 1380 τε
3321 1330 3414 1380 καὶ
3471 1328 3838 1396 πιστεύομεν·
3873 1329 3900 1381 δ
3930 1330 3994 1399 δὴ

2408 1425 2535 1486 τοὺς
2567 1425 2694 1493 περὶ
2719 1424 2808 1474 τὸν
2843 1422 3118 1489 ἑωσφόρον
3148 1423 3419 1489 πονηροὺς
3450 1437 3585 1472 κακε
3599 1421 3827 1488 ργάτας,
3898 1422 3996 1474 καὶ

2409 1516 2533 1576 τοὺς
2561 1515 2699 1567 κατά
2723 1514 2948 1583 καιροὺς
2981 1513 3089 1565 τῶν
3131 1512 3439 1578 κακοδόξων
3501 1512 3796 1582 αἰρετικῶν
3835 1514 3994 1581 λογο-

2409 1607 2611 1678 λέσχας
2645 1606 2973 1660 πεπονθέναι
3026 1607 3226 1674 φαμὲν,
3285 1604 3359 1668 ὼς
3399 1607 3466 1658 τά
3510 1606 3791 1675 θεόγραφα
3851 1625 3996 1677 παρ-

2413 1699 2595 1771 ίστησι
2657 1699 2836 1768 λόγια,
2877 1699 3072 1762 οἵτινες
3106 1699 3194 1752 διὰ
3228 1698 3285 1751 τὸ
3341 1699 3706 1768 αὑτάρεσκον,
3765 1699 3861 1753 καὶ
3898 1702 3998 1769 τὴν

2415 1791 2818 1862 ὑπερηφανίαν,
2845 1791 2945 1858 τῆς
2985 1808 3042 1842 τε
3075 1790 3246 1854 θείας,
3283 1789 3359 1852 ὡς
3389 1791 3626 1860 εἴρηται,
3660 1789 3842 1860 δόξης,
3901 1793 3999 1844 καὶ

721 1874 864 1928 denti
886 1891 948 1930 ac
978 1877 1076 1930 vize
1093 1879 1267 1946 perito
1291 1879 1508 1946 subjici,
1529 1882 1618 1948 qtti
1650 1883 1910 1950 temporis
1930 1883 2305 1948 experimento
2343 1868 2381 1921 Β

2343 1868 2381 1921 Β
2414 1885 2646 1956 τρυφῆς,
2679 1885 2773 1937 καὶ
2803 1883 2897 1938 τοῦ
2926 1881 3074 1955 ἱεροῦ
3113 1884 3369 1950 συλλόγου
3390 1925 3405 1948 ,
3462 1883 3712 1945 ἐλεεινῶς
3765 1885 3999 1955 ἀπερρί-

720 1968 1137 2039 divinorumque
1171 1973 1418 2034 scientia,
1465 1975 1792 2028 athIOI‘ilﬂle
1831 1973 2306 2043 pollcat.etcujus

723 2060 827 2114 vita
856 2072 1005 2116 serto
1042 2065 1299 2118 virtutum
1339 2075 1606 2130 ornetur;
1637 2076 1798 2135 atque
1847 2066 2009 2134 hujus
2043 2077 2306 2134 pracepta

722 2162 776 2205 et
803 2155 1029 2208 causilia
1055 2166 1312 2224 tanquam
1339 2158 1428 2212 Dei
1464 2173 1647 2210 vocem
1671 2158 2074 2227 consiliumque
2091 2159 2302 2213 audire.

728 2263 744 2294 i
772 2245 932 2300 Salus
955 2248 1099 2301 enim
1131 2252 1181 2301 in
1204 2251 1374 2302 multo
1411 2251 1643 2304 euusilio
1679 2250 1744 2316 ⁸³,
1783 2251 1958 2318 inquit
1992 2269 2010 2302 ι
2039 2250 2122 2316 Et,
2153 2271 2169 2302 ι
2213 2250 2307 2303 Vir

723 2340 928 2407 absque
952 2343 1202 2408 censilin,
1226 2343 1306 2396 sui
1333 2344 1504 2411 ipsius
1525 2345 1802 2399 inimicus.
1832 2365 1849 2393 ι
1876 2343 1942 2397 Et
1962 2345 2004 2398 si
2027 2345 2306 2398 nonnullis

727 2431 942 2486 Patrum
986 2435 1611 2504 eotttigerit,etsiiieillo
1659 2435 2018 2502 subiectionis
2046 2437 2305 2491 exercitio

723 2524 962 2577 divinam
990 2542 1173 2593 pacem
1201 2528 1414 2597 assequi
1439 2539 1622 2581 eteam
1645 2545 1765 2595 qua:
1797 2530 2102 2583 secundum
2137 2529 2303 2581 lleum

723 2618 1307 2685 est,perleeti0nem,iil
1328 2635 1390 2671 ex
1419 2618 1509 2672 Dei
1534 2620 1864 2672 revelatiutte
1886 2635 1947 2672 ac
1964 2635 2085 2673 raro
2108 2619 2305 2673 factum

723 2720 825 2764 est.
847 2709 1118 2777 Scriptum
1139 2720 1220 2764 est
1236 2726 1394 2778 porro
1413 2727 1517 2764 non
1541 2726 1659 2764 esse
1678 2709 1934 2766 Ecclesia:
1956 2712 2148 2779 legem,
2164 2710 2307 2777 quod

726 2819 910 2857 rarum
943 2814 1044 2857 est.
1068 2803 1171 2856 Sed
1198 2805 1312 2871 ipse
1343 2812 1598 2872 tanquam
1625 2803 1880 2872 praeviam
1903 2810 2123 2872 optimae
2159 2814 2308 2856 trau-

725 2896 1010 2963 qttillitalis
1037 2897 1491 2949 introductinncm
1520 2911 1702 2949 veram
1764 2897 2133 2951 obedientiam
2186 2911 2308 2950 esse

726 2988 976 3049 credens,
1010 2988 1197 3041 omitte
1239 3003 1298 3040 ea
1334 3003 1452 3056 quie
1487 2987 2052 3062 semeldispositioue
2119 2985 2304 3039 divina

726 3080 1037 3149 contigere;
1071 3091 1123 3132 et
1156 3080 1345 3135 incede
1371 3082 1671 3134 secundum
1695 3095 1759 3133 ea
1809 3095 1930 3148 qum
1981 3078 2307 3131 venerandis

727 3167 978 3224 Patribus
1018 3171 1289 3239 placuere.
1315 3171 1390 3224 Ita
1427 3173 1672 3225 mercede
1702 3170 1940 3238 legitime
1993 3169 2306 3222 videntibus
2330 3203 2380 3267 c

728 3265 907 3320 debita
943 3261 1297 3332 ilignus'eris.
1323 3264 1461 3331 Quid
1487 3280 1618 3333 ergo
1650 3265 1672 3316 ‘.'
1703 3265 1922 3317 obvium
1957 3263 2058 3316 iter
2091 3279 2196 3315 non
2230 3262 2312 3314 in-

729 3363 1050 3428 grederetur
1079 3358 1172 3426 qui
1200 3373 1319 3411 eam
1357 3359 1597 3410 nondum
1633 3366 1889 3426 expertus
1908 3365 2074 3421 esset,
2108 3355 2312 3424 absque

732 3452 906 3521 perito
933 3452 1107 3514 duce;
1142 3465 1316 3517 neque
1338 3449 1615 3503 Oceanum
1666 3460 2029 3518 percurreret,
2095 3448 2314 3516 absque

734 3546 908 3614 perito
937 3547 1341 3614 gubernatore;
1387 3558 1558 3611 neque
1619 3553 1790 3596 artem
1859 3543 2157 3612 quamlibet
2220 3553 2314 3594 aut

735 3639 1018 3693 scientiam
1045 3639 1164 3693 sine
1203 3637 1470 3692 int‘allibili
1505 3638 1787 3705 magistro;
1813 3647 1868 3690 et
1894 3648 2064 3690 artem
2085 3636 2312 3701 artium,

735 3732 1018 3788 scientiam
1056 3733 1433 3793 scientiarum,
1459 3739 1511 3783 et
1547 3731 1687 3783 viam
1721 3729 1991 3792 adlDeum
2027 3731 2311 3782 ducentem

736 3837 789 3879 et
822 3826 1020 3880 mentis
1067 3824 1334 3878 inlinitqu
1372 3823 1671 3888 Oceanum,
1715 3821 2074 3876 monasticam
2118 3835 2314 3890 nempe

739 3919 904 3972 vitam
935 3934 1055 3987 qua:
1093 3919 1410 3987 angelorum
1455 3917 1577 3970 vitae
1631 3927 1952 3984 comparata
2003 3925 2110 3978 est,
2147 3915 2315 3968 aude-

743 4023 824 4067 ret
847 4012 1044 4080 aliquis
1073 4011 1363 4080 attingere,
1396 4009 1710 4076 etsperabit
1740 4022 1799 4061 se
1832 4009 1995 4077 bujus
2029 4008 2190 4060 linem
2223 4024 2312 4062 as-

743 4114 1058 4159 secuturum
1082 4102 1284 4172 absque
1309 4102 1445 4155 duce
1468 4112 1519 4156 et
1553 4101 1916 4170 gubernatore
1954 4115 2018 4153 ac
2055 4099 2314 4168 magistro

745 4196 997 4264 prudenti
1025 4211 1088 4250 ac
1118 4196 1332 4250 sincero
1368 4195 1390 4246 t
1432 4193 1632 4263 Reipsa
1684 4193 2003 4263 quicunque
2048 4193 2141 4247 ille
2206 4201 2312 4256 est,

750 4291 990 4358 ecipsum
1022 4287 1245 4358 decipit,
1278 4296 1332 4340 et
1358 4295 1528 4351 errat,
1552 4286 1753 4341 nedum
1793 4287 2118 4356 principium
2144 4287 2313 4340 ullum

747 4383 933 4451 jaciat,
963 4382 1161 4450 quippe
1184 4379 1277 4449 qui
1309 4389 1462 4434 extra
1490 4392 1659 4448 ,σηοω
1682 4388 2027 4444 exerceatur;
2059 4378 2319 4448 quemad-

753 4475 970 4530 modum
1013 4485 1226 4537 contra,
1261 4471 1425 4525 etiam
1461 4483 1753 4540 antequam
1826 4471 2090 4535 ambulet,
2151 4470 2313 4523 tinem

2415 1979 2652 2050 φθησαν.
2680 1979 2906 2050 Εἴρηται
2925 1979 2979 2030 δὲ
3004 1976 3098 2029 καί
3132 1993 3238 2030 τινι
3263 1977 3372 2028 τῶν
3398 1975 3606 2044 σοφῶν,
3637 1977 3717 2029 ὅτι
3749 1977 3818 2029 τὰ
3839 1979 3990 2028 ἐναν-

2416 2074 2506 2126 τία
2535 2071 2644 2123 τῶν
2672 2069 2932 2123 ἐναντίων
2964 2069 3190 2140 ἰάματα.
3234 2069 3387 2121 Ἐπεὶ
3433 2065 3548 2134 οὖν,
3588 2068 3694 2121 τῶν
3734 2070 3833 2138 μὲν
3871 2085 4001 2122 σκυ-

2417 2165 2650 2235 θρωπῶν
2685 2163 2902 2216 πάντων
2929 2162 3102 2214 αἴτιον
3136 2161 3194 2213 τὸ
3223 2161 3602 2214 ἀνυπότακτον
3644 2161 3736 2212 καὶ
3780 2161 3813 2230 ὴ
3867 2160 4001 2212 ἀλα-

2419 2256 2602 2321 ζονεία
2626 2273 2638 2286 ·
2689 2255 2799 2308 τῶν
2845 2256 2901 2308 δὲ
2937 2253 3295 2324 φαιδρωπῶν,
3320 2253 3381 2305 τὸ
3412 2252 3854 2321 ὑποτεταγμένον
3907 2253 4003 2303 καὶ

2421 2346 2886 2418 συντετριμμένον
2905 2360 2919 2376 ⁸
2959 2345 3041 2397 δεῖ
3068 2346 3132 2413 δὴ
3155 2345 3246 2396 τὸν
3267 2344 3584 2405 ἀπταίστως
3613 2343 3762 2411 βιοῦν
3790 2343 4006 2411 ίμειρό-

2423 2459 2602 2511 μενον,
2635 2442 2692 2492 ὲν
2723 2441 2969 2509 ὑποταγῇ
3001 2437 3213 2507 Πατρὸς
3267 2437 3494 2504 δοκίμου
3568 2437 3662 2487 καὶ
3719 2434 4005 2498 ἀπλανοῦς

2419 2533 2630 2602 διαζῇν,
2666 2533 2858 2601 χρόνου
2887 2531 3072 2599 τριϐῇ,
3105 2531 3200 2582 καὶ
3239 2529 3520 2598 ἐπιστήμῃ
3556 2526 3740 2589 θείων,
3774 2528 3833 2578 τὸ
3865 2529 4004 2595 κράο

2416 2642 2508 2688 τος
2539 2625 2822 2696 φέροντος,
2854 2622 2946 2674 καὶ
2971 2621 3062 2673 τὸν
3087 2621 3200 2690 βίον
3246 2618 3756 2687 ὲγκεκοσμημένου,
3793 2617 3872 2687 τῷ
3908 2618 4006 2669 κύ-

2421 2717 2533 2787 κλῳ
2556 2718 2664 2768 τῶν
2687 2715 2922 2784 ἀρετῶν·
2957 2714 3050 2765 καὶ
3073 2712 3170 2782 τὴν
3193 2711 3384 2763 τούτου
3409 2709 3695 2778 ἐπιταγὴν.
3736 2711 3831 2762 καὶ
3862 2727 3924 2762 συ
3935 2728 4007 2779 μ-

2425 2810 2642 2878 ϐουλὴν,
2676 2807 2750 2871 ὡς
2775 2806 2912 2859 Θεοῦ
2955 2806 3159 2874 φωνὰς.
3189 2807 3285 2856 καὶ
3314 2804 3510 2873 βουλὴν
3542 2802 3773 2856 οἴεσθαι.
3809 2823 3826 2854 ι
3884 2806 4006 2855 Σω-

2420 2903 2584 2972 τηρὶα
2628 2903 2753 2969 γὰρ,
2797 2901 2982 2969 φησιν,
3016 2902 3072 2951 ὲν
3104 2899 3272 2966 πολλῇ
3310 2897 3496 2967 βουλῇ.
3521 2917 3539 2948 ι
3596 2899 3738 2949 Καί’
3777 2917 3795 2948 ι
3836 2897 4009 2966 Ἀνὴρ

2422 2995 2790 3066 ἀσὺμὸουλος,
2815 2992 2939 3046 καθ’
2964 2990 3158 3044 ἑαυτοῦ
3187 2991 3467 3056 πολέμιος.
3509 3007 3527 3039 ι
3567 2990 3627 3041 Εί
3659 2989 3715 3042 δὲ
3756 2992 3852 3042 καί
3893 3008 4008 3043 τισι

2422 3089 2530 3142 τῶν
2575 3086 2800 3141 κλεινῶν
2845 3085 3109 3154 ῐΙατέρων
3172 3083 3470 3151 ἐξεγένετο,
3528 3084 3622 3135 καὶ
3679 3085 3851 3154 χωρὶς
3910 3086 4010 3154 τῆς

2422 3181 2672 3250 τοιαύτης
2703 3179 2990 3249 ἀσκήσεως
3030 3178 3127 3248 τῆς
3180 3177 3300 3229 κατ’
3354 3178 3666 3247 ὑποταγὴν,
3725 3179 4010 3248 ἐπιτυχεῖν

2423 3275 2518 3345 τῆς
2539 3272 2785 3327 θεοποιοῦ
2816 3271 3068 3341 ἡσυχίας,
3104 3271 3197 3322 καὶ
3231 3271 3330 3339 τῆς
3367 3272 3509 3324 κατὰ
3556 3271 3690 3322 Θεὸν
3742 3271 4014 3343 τελειότη-

2423 3384 2532 3429 της,
2592 3364 2726 3418 ἀλλὰ
2769 3362 2909 3415 κατὰ
2974 3359 3319 3429 ἀποκάλυψιν
3382 3359 3555 3425 θείαν,
3609 3361 3703 3413 καὶ
3739 3362 4010 3422 σπανίως.

2422 3459 2739 3528 Γέγραπται
2771 3457 2848 3518 δὲ,
2891 3455 2967 3517 ὡς
2995 3455 3057 3506 οὑ
3085 3454 3252 3522 νόμος
3282 3451 3636 3521 Ἐκκλησίας,
3659 3451 3718 3504 τὸ
3742 3451 3973 3503 σπάνιον
3994 3470 4010 3483 ·

2423 3547 2610 3621 ὥσπερ
2638 3548 2757 3600 οὐδὲ
2793 3547 2888 3616 μία
2914 3543 3135 3616 χελιδὼν
3165 3544 3264 3613 ἔαρ
3290 3545 3454 3596 ποιεῖ.
3503 3542 3645 3594 Ἀλλ’
3702 3543 3865 3605 αὑτὸς
3894 3538 4014 3596 οἷόν

2432 3659 2544 3693 τινα
2633 3636 3115 3712 προεισαγωγικὴν
3183 3635 3497 3704 ἐπιστήμην
3560 3634 3657 3703 τῆς
3719 3635 4012 3700 παγκάλου

2424 3735 2678 3805 ἡσυχὶας,
2733 3733 2832 3800 τὴν
2885 3730 3061 3798 ἀληθῆ
3109 3727 3390 3795 ὑποταγὴν
3429 3725 3726 3789 πιστεύων,
3769 3728 3908 3794 ἄξες
3943 3730 4015 3780 τὰ

2424 3826 2573 3891 ἅπαξ
2623 3821 2987 3893 οἰκονομικῶς
3032 3819 3417 3889 γεγενημένα·
3458 3819 3552 3870 καὶ
3606 3817 3698 3870 ἔσο
3755 3820 4012 3888 στοιχῶν,

2425 3919 2760 3992 [lanistam
2817 3914 2981 3985 κατὰ]
3022 3914 3087 3966 τά
3147 3915 3302 3982 κοινῇ
3359 3911 3703 3980 ψηφισθέντα
3758 3914 3872 3974 τοῖς
3924 3929 4016 3963 σε-

2426 4012 2679 4081 ϐασμίοις
2714 4009 3011 4079 Πατράσιν.
3062 4004 3217 4057 Οῦτω
3244 4003 3352 4071 γὰρ
3371 4004 3463 4054 καὶ
3482 4003 3588 4055 τῶν
3611 4001 3887 4070 βραΰεὶων
3903 4002 4016 4054 τῶν

2427 4106 2674 4174 νομίμως
2708 4100 2989 4172 βιούντων,
3039 4097 3338 4167 ὰξιωθήσῃ.
3384 4095 3450 4146 Τί
3480 4094 3568 4160 δὲ;
3604 4093 3723 4145 ὁδοῦ
3762 4095 3860 4161 μὲν
3916 4094 4017 4163 τῆς

2422 4196 2713 4268 τυχούσης,
2741 4195 2840 4246 οὐκ
2871 4192 2935 4245 ἄν
2967 4207 3049 4252 τις
3099 4190 3293 4252 ἕλοιτο,
3330 4188 3497 4258 μήπω
3532 4185 3734 4253 ταύτης
3753 4187 3810 4237 ἐν
3851 4186 4018 4257 πείρα

2440 4289 2740 4358 γενόμενος,
2770 4283 3034 4350 ἅψασθαι,
3072 4281 3199 4334 ἄνευ
3229 4276 3511 4338 ἀπλανοῦς
3542 4275 3761 4345 ὁδηγοῦ,
3797 4277 3886 4327 ναὶ
3910 4277 4020 4345 μὴν

2428 4382 2522 4434 καὶ
2560 4377 2851 4432 θαλαττίου
2877 4373 3172 4440 πελάγους,
3213 4371 3347 4439 ἄτερ
3386 4369 3753 4437 ἐπιστήμονος
3811 4367 4017 4438 κυϐερ-

2426 4476 2625 4543 νήτου·
2680 4468 2879 4538 ὁμοίως
2916 4467 2992 4529 δὲ,
3044 4465 3139 4516 καὶ
3191 4462 3292 4531 τῆς
3337 4458 3561 4513 οἱασοῦν
3639 4460 3857 4528 τέχνης,
3920 4463 4020 4513 καὶ

754 4569 1034 4639 prim-epit,
1068 4567 1159 4636 qui
1193 4564 1416 4618 Patrum
1447 4565 1684 4618 oraculis
1712 4564 1915 4617 obedit.
1974 4561 2114 4616 Num
2171 4565 2316 4617 enim
2353 4542 2401 4600 D
2429 4570 2443 4618 ἒ

2353 4542 2760 4634 1λὲγειστήμης,
2819 4560 2990 4630 χωρὶς
3050 4555 3354 4610 ἀπταίστου
3411 4553 3775 4606 διδασκάλου·
3813 4553 3913 4621 τῆς
3962 4555 4020 4606 δὲ

755 4663 977 4714 otiunde
1009 4658 1301 4725 possumus
1335 4655 1548 4707 discere
1591 4650 1866 4720 quomodo
1899 4652 1971 4705 sit
2012 4649 2170 4704 nobis
2227 4651 2323 4702 ad—

753 4766 940 4806 versus
965 4763 1157 4804 carnes
1194 4745 1568 4815 pugnandum,
1622 4752 1680 4796 ut
1742 4743 1921 4808 decet,
1985 4752 2081 4795 aut
2127 4751 2322 4795 eontra

752 4845 1074 4912 cupiditates
1124 4841 1509 4906 daemonesque
1581 4835 1781 4890 bellum
1858 4835 1932 4888 sit
1993 4834 2319 4888 ineundum.

755 4935 1058 4990 Virtutibus
1089 4934 1258 4996 enim,
1300 4940 1357 4983 ut
1388 4930 1650 4997 scriptum
1678 4936 1785 4990 est,
1827 4934 2148 4980 accrescunt
2173 4924 2323 4987 vitia,

756 5042 808 5083 et
833 5045 894 5083 ea
922 5034 1068 5082 stant
1102 5022 1506 5092 quodammodo
1533 5035 1699 5088 prope
1735 5021 1976 5089 ianuam.
2042 5014 2328 5080 Quomodo

756 5131 933 5175 autem
949 5117 1194 5185 corporis
1214 5128 1406 5169 sensus
1426 5113 1811 5181 castigabimus
1829 5119 1988 5178 atque
2005 5109 2199 5161 animm
2225 5109 2332 5160 vir-

762 5215 905 5263 tutes
930 5220 984 5261 ut
1009 5209 1060 5261 in
1085 5206 1294 5260 cithara
1313 5203 1688 5258 ordinabimus
1711 5201 1734 5253 Υ
1758 5201 1866 5252 lmo
1890 5216 2018 5254 vero
2053 5200 2326 5268 quomodo

763 5302 918 5357 nobis
936 5299 1109 5354 licebit
1133 5314 1290 5352 voces
1308 5298 1612 5350 discernere
1625 5307 1675 5348 et
1695 5292 2046 5348 revelationes
2067 5301 2117 5344 ct
2133 5292 2329 5343 adimi--

767 5394 996 5449 tationes
1014 5399 1067 5445 et
1087 5390 1570 5457 contemplationes
1608 5387 1836 5448 divinas,
1862 5396 2019 5446 atque
2036 5384 2209 5446 dolos,
2238 5399 2330 5435 er-

767 5500 941 5547 rores,
973 5494 1023 5535 et
1053 5482 1273 5535 oracula
1296 5478 1598 5532 daemonis?
1628 5477 1692 5530 Et
1721 5487 1777 5531 ut
1800 5493 1906 5530 uno
1936 5477 2100 5529 verbo
2128 5476 2328 5538 dicam,

769 5575 1041 5642 quomodo
1067 5572 1131 5624 ad
1167 5589 1283 5625 eam
1335 5586 1459 5624 cum
1492 5571 1597 5623 Deo
1626 5570 1906 5632 unionem,
1959 5569 2025 5621 ad
2052 5583 2169 5620 eam
2201 5565 2339 5618 divi-

770 5685 891 5724 nam
927 5667 1333 5736 perfectionem,
1359 5667 1421 5718 ad
1447 5665 1694 5734 myszeria
1726 5662 1817 5734 qui
1843 5663 2226 5732 perreiiiamus
2255 5660 2338 5714 di-

838 5848 881 5879 "
909 5846 1064 5902 Prov.
1099 5862 1173 5912 ιι,
1219 5845 1305 5898 Η.

2427 4658 2534 4711 ¹τῶν
2559 4657 2765 4726 τεχνῶν
2802 4654 3019 4721 τέχνης,
3054 4650 3148 4702 καὶ
3183 4648 3290 4700 τῶν
3313 4646 3637 4715 ἐπιστημῶν
3681 4647 4018 4717 ἐπιστήμης,

2431 4752 2525 4804 καὶ
2553 4751 2653 4818 τῆς
2698 4748 2834 4816 πρὸς
2864 4746 2993 4798 Θεὸν
3029 4741 3304 4812 φερούσης
3333 4738 3546 4807 τρίϐου,
3575 4740 3669 4790 καὶ
3694 4741 3788 4790 τοῦ
3820 4738 4020 4807 νοητοῦ

2430 4845 2658 4910 ἀπείρου
2721 4839 3014 4905 πελάγους,
3082 4836 3201 4904 ήτοι
3243 4833 3340 4898 τῆς
3369 4830 3666 4900 μοναδικῆς
3718 4830 4018 4892 πολιτείας,

2430 4936 2550 5005 ἥτις
2581 4931 2940 5000 ἀφωμοίωται
2981 4929 3047 4996 τῇ
3089 4926 3196 4977 τῶν
3237 4923 3484 4991 ἀγγέλων
3523 4921 3695 4989 βιοτῇ,
3721 4922 3902 4992 τολμᾷ
3939 4939 4021 4983 τις

2431 5023 2774 5095 ἀπάρχεσθαι
2809 5022 2904 5090 τῆς
2930 5020 3242 5088 ἀσκήσεως,
3273 5016 3369 5067 καὶ
3417 5012 3596 5082 ἐαυτῷ
3625 5012 3896 5075 πιστεύει,
3927 5009 4021 5064 τοῦ

2434 5122 2616 5183 τέλους
2642 5117 2847 5185 ταύτης
2871 5118 3074 5184 τυχεῖν,
3109 5111 3249 5181 πλὴν
3283 5109 3502 5178 ὁδηγοῦ,
3525 5111 3620 5161 καὶ
3650 5107 4017 5177 κυσερνήτου,

2436 5215 2529 5271 καὶ
2571 5211 2900 5267 διδασκάλου
2941 5209 3166 5277 δοκίμου
3223 5207 3317 5257 καὶ¹
3388 5203 3662 5272 ἀληθοῦς;
3734 5204 3948 5264 Ὄντως
3992 5204 4020 5254 ὁ

2434 5306 2676 5365 τοιοῦτος
2707 5304 2808 5355 κᾶν
2866 5303 3047 5361 ὁποῖος
3101 5301 3185 5365 εἴη
3229 5296 3414 5366 τυχὸν,
3442 5295 3769 5364 φρεναπατᾷ
3802 5295 4019 5358 ἑαυτὸν,

2435 5399 2528 5451 καὶ
2558 5397 2663 5466 προ
2689 5413 2750 5460 γε
2777 5392 2870 5446 τοῦ
2909 5393 3082 5461 ἀρχὴν
3114 5391 3315 5459 βαλεῖν,
3378 5387 3725 5454 πεπλάνηται
3745 5402 3759 5415 ·
3813 5381 3902 5438 οἷα
3949 5388 4020 5456 μὴ

2435 5491 2574 5544 κατᾶ
2601 5491 2762 5556 νόμον
2812 5486 3178 5553 ἀσκούμενος·
3246 5482 3434 5550 ῶσπερ
3488 5478 3828 5540 τούναντίον,
3895 5481 4021 5548 πρὶν

2439 5583 2532 5636 τοῦ
2581 5578 2817 5648 βαδίσαι,
2868 5579 2929 5629 τὸ
2969 5578 3120 5637 τέλος
3160 5574 3462 5643 πέφθακεν,
3509 5573 3536 5623 ὁ
3587 5573 3698 5632 τοῖς
3729 5572 4022 5640 [ἰατρικοῖς

2442 5675 2760 5746 πειθόμενος
2791 5673 3030 5743 θεσμοῖς.
3065 5670 3231 5722 Πόθεν
3259 5667 3368 5737 γὰρ
3419 5665 3640 5720 ἄλλοθεν
3675 5664 3879 5716 εἰδέναι
3911 5662 4013 5732 ἔχο-
