4278 6442
256 362 360 422 660

246 565 694 634 προστεθήσεται
726 566 857 635 ὑμῖν
880 582 893 596 ·
952 568 1027 639 μὴ
1057 564 1150 621 οὖν
1184 572 1560 641 μεριμνήσητε
1595 576 1674 636 είς
1732 576 1832 644 τὴν

243 655 476 726 αὔριονο
522 659 555 727 ή
586 663 695 729 γὰρ
743 658 934 729 αὔριον
972 665 1304 733 μεριμνήσει
1359 665 1426 717 τὰ
1464 665 1697 735 ἑαυτῆς·
1732 669 1834 740 ἁρ-

244 750 403 803 κετὸν
454 753 521 821 τῇ
587 752 773 822 ἡμέρᾳ
806 755 837 823 ή
900 754 1071 807 κακία
1108 756 1299 826 αὐτῆς.
1344 776 1362 808 ι
1420 760 1583 827 Λέγει
1610 760 1666 813 δὲ
1692 762 1783 815 καὶ
1809 764 1838 816 6

245 841 405 909 ἆγιος
470 843 690 896 Ἰσιιάκ⁸
749 846 934 915 Χωρὶς
968 848 1326 919 ἀμεριμνίας,
1368 850 1482 918 φῶς
1507 854 1564 904 ἐν
1588 856 1652 924 τῇ
1687 854 1834 927 ψυχῇ

243 949 341 985 σου
376 934 452 1003 μὴ
482 933 728 1007 ζητήσῃς
748 953 762 967 ·
802 939 939 1006 μήτε
964 939 1205 1011 γαλήνην
1229 943 1322 994 καὶ
1345 944 1598 1014 ἡσυχίαν,
1661 949 1719 1000 ὲν
1768 951 1836 1020 τῇ

248 1028 551 1096 χαυνότητι
584 1028 694 1080 τῶν
725 1029 1034 1100 αἰσθήσεών
1062 1050 1177 1085 σου.
1209 1034 1319 1087 Καὶ
1340 1037 1366 1088 6
1400 1036 1497 1105 τῆς
1530 1037 1835 1108 Κλίμακος·

246 1121 365 1174 Μία
398 1121 523 1190 θρὶξ
586 1123 858 1193 ταράσσει
906 1125 1190 1194 ὀφθαλμόν
1225 1145 1237 1158 ·
1281 1129 1375 1181 καὶ
1436 1132 1613 1203 μικρὰ
1674 1151 1839 1204 φρον-

244 1213 336 1274 τὶς
398 1212 657 1281 ἀφανίζει
699 1216 953 1285 ἡσυχίαν.
1024 1218 1255 1290 Ἡσυχία
1307 1221 1416 1291 γάρ
1465 1225 1613 1277 ἔστιν
1643 1225 1841 1278 ἀπόθε-

247 1322 333 1367 σις
354 1308 666 1375 νοημάτων,
703 1312 796 1361 καὶ
823 1312 1051 1380 ἄρνησις
1076 1314 1314 1381 εὐλόγων
1337 1317 1654 1385 φροντίδων.
1675 1317 1732 1371 Ὀ
1760 1319 1844 1371 6v-

240 1417 356 1463 τως
409 1402 645 1470 ἡσυχίαν
706 1405 1049 1474 κατειληφὼς
1112 1408 1232 1458 οὐδὲ
1270 1410 1367 1478 τῆς
1420 1409 1615 1461 ἑαυτοῦ
1640 1410 1843 1481 σαρκὸς

244 1493 551 1561 φροντίσει.
598 1494 865 1565 Ἀψευδὴς
923 1498 1031 1568 γάρ
1096 1500 1245 1551 ἐστιν
1274 1502 1301 1552 6
1349 1502 1842 1572 ἐπαγγειλάμενος.

612 1614 733 1666 Ὅτι
759 1614 855 1667 δεῖ
869 1616 1187 1683 σιωπηλὸν
1207 1613 1363 1671 εἶναί
1394 1634 1488 1672 σε.

322 1721 399 1786 ς’.
440 1724 562 1775 Ἔτι
608 1724 735 1794 περὶ
761 1724 855 1777 τοῦ
889 1726 1071 1789 ἕκτου,
1121 1727 1324 1796 δηλαδὴ
1383 1726 1478 1780 τοῦ
1528 1732 1758 1800 σιωπᾷ»,
1818 1732 1845 1783 6

242 1816 443 1886 είρμδς
476 1820 654 1869 εἰπεῖν
702 1820 851 1886 ἡμᾶς
884 1819 1130 1882 ὲκόιάζει
1158 1818 1252 1871 τοῦ
1300 1820 1482 1888 λόγου.
1540 1822 1701 1887 Λέγει
1752 1820 1845 1875 οὖν

247 1909 346 1959 καὶ
414 1909 545 1975 περὶ
596 1908 792 1961 τούτου
844 1911 871 1961 6
927 1910 1073 1970 ὅσιος
1116 1910 1343 1963 Ἰσαάκο
1393 1911 1450 1964 '0
1511 1914 1737 1966 κωλύων
1786 1918 1846 1968 τὸ

248 2000 434 2067 στόμα
476 1999 645 2051 αὑτοῦ
681 2002 745 2052 ἐκ
777 2000 874 2070 τῆς
902 2001 1260 2067 καταλαλιάς,
1299 2004 1673 2077 φυλάττειτὴν
1709 2026 1847 2079 καρ-

246 2090 372 2140 δίαν
400 2089 567 2141 αὑτοῦ
605 2092 669 2142 ὲκ
695 2090 804 2143 τῶν
833 2091 1024 2145 παθῶν
1049 2110 1062 2123 ·
1100 2095 1192 2147 καὶ
1226 2098 1251 2148 6
1282 2096 1562 2167 καθαίρων
1592 2098 1689 2168 τὴν
1714 2117 1847 2168 καρ-

244 2182 366 2234 δίαν
399 2183 568 2235 αὑτοῦ
595 2186 658 2236 ἐκ
691 2185 800 2237 τῶν
838 2186 1058 2251 παθῶν,
1085 2190 1142 2241 ὲν
1172 2190 1321 2259 πάσῃ
1358 2190 1477 2259 ὦρα
1531 2193 1725 2259 θεωρεῖ
1760 2193 1849 2243 τὸν

251 2272 462 2342 Κύριον
486 2291 499 2303 ·
530 2276 622 2325 καὶ
657 2276 745 2327 ὅτε
789 2277 966 2329 πάντα
1001 2279 1069 2331 τα
1108 2280 1243 2349 ἔργα
1280 2282 1381 2350 τῆς
1439 2282 1718 2346 πολιτείας
1770 2285 1850 2347 είς

246 2364 309 2416 ἒν
345 2367 512 2435 μέρος
549 2368 761 2438 θήσεις,
795 2370 889 2421 καὶ
907 2371 1006 2438 τὴν
1031 2373 1243 2441 σιωπὴν
1269 2375 1325 2425 ἐν
1370 2374 1534 2443 ἄλλῳ,
1596 2376 1849 2443 εὑρήσεις

250 2457 425 2526 αὐτὴν
490 2459 940 2527 ὑπερϐάλλουσαν
999 2464 1057 2513 ἐν
1118 2463 1368 2534 σταθμῷ.
1441 2466 1552 2519 Καί
1593 2485 1605 2496 ·
1679 2467 1850 2537 ’Υπὲρ

254 2555 435 2606 πάντα
482 2556 584 2623 τὴν
615 2557 827 2627 σιωπὴν
878 2559 1188 2628 ἀγάπησον,
1259 2562 1340 2612 ὅτι
1382 2563 1734 2630 προσεγγίζει
1792 2582 1850 2616 σε

254 2646 372 2715 [ἴσ.
400 2646 505 2718 σοι]
540 2650 675 2717 πρὸς
710 2651 942 2719 καρπόν.
981 2651 1043 2703 Ἦ
1070 2652 1293 2720 γλῶσσα
1316 2656 1422 2722 γὰρ
1456 2655 1675 2707 ἀσθενεῖ
1710 2656 1847 2725 πρὸς

250 2738 353 2805 τὴν
384 2738 643 2807 ἐξήγησιν
678 2742 864 2796 αὑτοῦ.
915 2744 1141 2812 Πρῶτον
1199 2746 1296 2813 μὲν
1353 2746 1671 2816 βιασώμεθα
1721 2751 1849 2801 ἐαυ-

252 2832 387 2892 τοὺς
458 2833 712 2901 σιωπᾷν,
770 2836 865 2885 καὶ
925 2836 1157 2888 τότε-ὲκ
1198 2840 1295 2906 τῆς
1341 2842 1551 2907 σιωπῆς
1598 2844 1851 2904 γεννᾶται

253 2925 394 2991 ἡμῖν
416 2940 494 2983 τι,
531 2924 762 2993 ὀδηγοῦν
787 2927 932 2994 ἡμᾶς
977 2928 1058 2989 είς
1098 2928 1269 3000 αὐτὴν
1308 2931 1407 3001 τὴν
1449 2936 1682 3003 σιωπήν.
1727 2935 1848 3005 Δῴη

252 3031 339 3065 σοι
361 3016 389 3065 6
423 3014 554 3076 Θεὸς
584 3016 917 3086 αἱσθηθῆναί
951 3036 1097 3082 τινος
1129 3023 1474 3090 γεννωμένου
1510 3025 1572 3076 ἐκ
1602 3029 1698 3094 τῆς
1721 3045 1850 3081 σιω-

254 3108 388 3175 πῆς.
434 3108 562 3160 Ἐὰν
590 3109 646 3160 δὲ
677 3111 735 3161 ἐν
778 3110 950 3183 ταύτῃ
980 3115 1044 3182 τῇ
1079 3114 1328 3185 πολιτείᾳ
1363 3116 1527 3189 ἄρξῃ,
1574 3119 1672 3171 οὐκ
1730 3120 1851 3171 ἐπί-

1534 380 1932 446 OPUSCULA
1972 387 2354 455 ASCETICA.

239 476 405 541 Θεοῦ,
434 478 529 530 καὶ
556 476 656 547 τὴν
682 477 1038 547 δικαιοσύνην
1062 478 1250 543 αὑτοῦ,
1282 480 1376 532 καὶ
1430 481 1605 534 ταῦτα
1657 484 1833 536 πάντα
1872 512 1912 563 Α
1943 522 1971 557 ρ

3422 410 3528 472 670

1975 506 2091 573 jus.
2150 520 2203 565 et
2263 514 2380 568 haec
2432 516 2619 569 omnia
2682 518 3008 587 adjicieutur
3039 521 3217 576 vobis.
3251 521 3437 593 Neque
3472 526 3525 577 iu

1948 603 2251 658 crastinum
2285 606 2509 660 solliciti
2545 608 2667 662 sitis
2699 626 2713 673 ;
2744 612 3020 667 crastinus
3055 615 3202 667 enim
3236 613 3354 669 dies
3376 618 3529 669 solli—

1948 695 2093 749 citus
2144 697 2248 750 erit
2301 698 2403 752 sibi
2462 700 2564 769 ipsi
2598 718 2612 755 :
2644 701 2842 755 sullicit
2869 704 2977 759 diei
3020 707 3229 762 malitia
3262 722 3361 762 sua
3390 709 3454 760 ⁵⁹.
3503 727 3521 758 ι

1953 788 2092 842 Dicit
2140 800 2321 843 autem
2374 801 2427 846 et
2488 805 2717 849 sanctus
2768 796 2948 852 Isaac:
3007 818 3025 851 ι
3058 800 3171 855 Nisi
3209 801 3287 857 sis
3319 803 3527 870 absque

1948 881 2337 950 Sollicitudine,
2412 899 2479 938 ue
2544 903 2761 955 quaeras
2817 888 2870 943 iu
2934 892 3116 945 anima
3172 901 3264 947 tua
3317 894 3523 957 lucem,

1952 990 2125 1042 neque
2181 979 2656 1047 tranquillitatem,
2711 998 2891 1051 neque
2949 999 3138 1051 pacem
3207 985 3259 1037 iu
3330 1002 3498 1056 super

1951 1067 2038 1122 bia
2098 1084 2357 1123 sensuum
2414 1083 2653 1129 tuorum.
2692 1094 2709 1125 ι
2776 1077 2843 1131 Ει
2899 1075 3159 1132 Climax:
3219 1097 3238 1130 ι
3283 1080 3526 1149 Capillus

1950 1174 2093 1212 uous
2150 1163 2371 1216 ovulum
2433 1164 2617 1232 laedit,
2667 1176 2721 1219 et
2767 1183 2932 1235 parva
2965 1170 3284 1223 sollicitudo
3336 1186 3524 1238 pacem

1947 1253 2187 1319 expellit.
2222 1253 2331 1308 Pax
2377 1259 2524 1312 enim
2557 1272 2642 1315 est
2682 1263 3084 1329 COgitatiouum
3135 1264 3438 1331 depositio,
3471 1276 3527 1319 et

1950 1359 2227 1403 rectarum
2261 1352 2421 1405 etiam
2454 1370 2711 1409 curarum
2748 1361 2990 1428 negatio.
3028 1360 3131 1426 Qui
3170 1376 3299 1416 vere
3337 1377 3525 1430 pacem

1948 1444 2223 1510 concepit,
2276 1459 2374 1498 nec
2413 1447 2480 1499 de
2538 1464 2632 1502 sua
2680 1450 2851 1505 carne
2892 1452 3161 1509 sollicitus
3194 1465 3295 1508 est.
3338 1474 3356 1506 ι
3406 1454 3524 1508 Non

1949 1535 2179 1591 mendax
2208 1548 2290 1592 est
2321 1539 2413 1608 qui
2448 1540 2497 1594 id
2535 1543 2911 1609 proclamavit.

2158 1643 2311 1709 Quod
2343 1656 2543 1713 oportet
2578 1660 2626 1701 te
2650 1664 2764 1702 esse
2792 1650 2994 1703 silentii
3025 1651 3316 1706 amantem.

2024 1737 2098 1792 De
2132 1750 2291 1794 sexto
2345 1742 2525 1796 adhuc
2587 1759 2784 1812 nempe
2821 1745 2916 1798 tibi
2953 1748 3225 1800 silendum
3258 1762 3379 1800 esse
3414 1760 3517 1801 ser-

1954 1831 2129 1885 monis
2163 1841 2365 1887 trames
2396 1849 2496 1887 nos
2524 1836 2588 1887 ad
2615 1836 2909 1891 dicendum
2942 1836 3181 1899 inducit.
3226 1838 3289 1890 Et
3324 1840 3390 1891 de
3427 1839 3529 1891 hoc

1953 1924 2026 1976 ita
2084 1923 2327 1992 loquitur
2389 1926 2510 1993 pius
2573 1926 2725 1980 Isaac
2766 1945 2778 1980 :
2846 1945 2864 1978 t
2906 1926 3008 1993 Qui
3042 1943 3103 1981 os
3138 1944 3294 1981 suum
3336 1931 3404 1984 ab
3435 1931 3531 1981 ob-

1953 2016 2279 2070 trectatione
2312 2020 2528 2081 avertit,
2561 2035 2654 2073 cor
2683 2035 2842 2075 Suum
2882 2037 3105 2089 quoque
3133 2023 3529 2087 cupiditatibus

1952 2122 2187 2161 vacuum
2253 2118 2479 2175 servat;
2536 2117 2591 2161 et
2649 2110 2740 2177 qui
2796 2124 2892 2164 cor
2943 2126 3101 2165 suum
3138 2112 3532 2181 cupiditatibus

1953 2210 2162 2267 purgat,
2201 2203 2349 2254 omni
2381 2204 2510 2255 hora
2544 2202 2834 2256 Dominum
2870 2204 3114 2257 intuetur
3144 2224 3156 2268 ;
3188 2216 3243 2259 et
3273 2206 3318 2259 si
3344 2207 3530 2261 omnia

1952 2293 2074 2345 vitse
2106 2308 2267 2360 opera
2308 2295 2357 2345 iu
2394 2309 2501 2346 una
2534 2305 2690 2362 parte
2725 2297 2950 2360 statuis,
2988 2296 3268 2351 silentium
3304 2312 3431 2351 vero
3478 2299 3529 2350 iu

1952 2388 2141 2451 altera,
2187 2388 2424 2455 reperies
2485 2388 2769 2442 silentium
2815 2390 2866 2442 in
2927 2392 3078 2443 Iunce
3116 2392 3239 2459 plus
3273 2393 3533 2459 ponderis

1953 2479 2171 2535 habere.
2204 2500 2221 2531 ι
2251 2480 2340 2543 Ει,
2378 2499 2394 2532 ι
2428 2480 2605 2550 Super
2643 2484 2823 2536 omnia
2858 2483 3136 2537 silentium
3168 2483 3355 2553 dilige,
3401 2486 3529 2551 quia

1951 2582 2002 2627 te
2060 2571 2259 2627 fructui
2319 2574 2628 2640 proximum
2692 2578 2875 2631 faciet.
2929 2576 3140 2646 Lingua
3201 2580 3345 2631 enim
3406 2579 3532 2631 huic

1948 2667 2262 2720 enarrando
2298 2668 2476 2737 impar
2521 2677 2626 2723 est.
2660 2668 2845 2722 Primo
2870 2686 3129 2737 cogamus
3163 2672 3529 2739 nosmetipsos

1951 2770 2168 2815 tacere:
2212 2769 2265 2813 et
2330 2776 2394 2815 ex
2432 2773 2625 2815 nostro
2680 2763 2901 2817 silentio
2957 2777 3216 2817 nascetur
3245 2766 3402 2818 nobis
3433 2766 3530 2818 ali-

1948 2853 2077 2921 quid
2136 2868 2235 2906 nos
2293 2854 2358 2906 ad
2418 2854 2597 2923 ipsum
2659 2856 2941 2909 silentium
2996 2855 3267 2938 dirigeus.
3297 2856 3396 2910 Det
3432 2856 3530 2910 tibi

1950 2948 2093 3001 Di-us
2131 2946 2570 3002 animadvertere
2612 2950 2820 3014 aliquid
2859 2950 2911 3003 in
2946 2959 2998 3003 te
3030 2964 3095 3003 ex
3134 2950 3358 3003 silentio
3400 2966 3530 3003 nas—

1948 3054 2079 3092 cens
2112 3039 2126 3091 !
2166 3039 2320 3103 Quod
2355 3040 2401 3094 si
2431 3041 2534 3095 hac
2565 3041 2760 3107 agendi
2791 3042 3003 3096 ratione
3052 3042 3300 3111 incipias,
3343 3043 3531 3096 nescio

1948 3147 2047 3200 ego
2079 3143 2341 3201 quantum
2378 3134 2558 3187 lumen
2589 3135 2684 3188 tibi
2722 3135 2850 3189 inde
2883 3136 3237 3190 nasciturum
3272 3137 3363 3190 sit.
3413 3155 3431 3186 ι
3470 3135 3533 3190 Et

253 3201 603 3268 σταμαιὲγὼ
637 3204 789 3253 ποῖον
826 3203 941 3269 ιεὼς
997 3206 1248 3258 ἀνατελεῖ
1296 3224 1377 3259 σοι
1419 3210 1688 3264 ἐντεῦθεν.
1744 3214 1907 3294 Κάλω

1838 3218 1907 3294 lc
1943 3241 2159 3280 rursum
2191 3244 2204 3280 :
2235 3244 2252 3277 ι
2291 3226 2579 3280 Silentium
2604 3236 2687 3282 est
2716 3230 2895 3282 sazculi
2950 3228 3114 3284 futuri
3171 3229 3486 3297 mysterium
3514 3246 3527 3281 :

254 3290 423 3354 αὖθις
467 3310 481 3323 ·
525 3294 590 3345 Ἠ
634 3296 817 3364 σιωπὴ
890 3299 1188 3367 μυστήριόν
1241 3299 1359 3351 ἐστι
1408 3300 1505 3353 τοῦ
1559 3303 1852 3369 μέλλοντος

253 3382 458 3446 αἰῶνος
480 3400 493 3412 ο
527 3384 576 3435 οί
599 3385 655 3436 δὲ
691 3385 841 3453 λόγοι
877 3387 1109 3458 ὄργανόν
1140 3391 1246 3441 είσι
1285 3389 1379 3442 τοῦ
1409 3390 1613 3459 κόσμου
1638 3394 1849 3445 τούτου.

253 3478 372 3529 Καὶ
408 3477 489 3548 τῷ
521 3478 663 3547 ἁγίῳ
696 3479 754 3531 δὲ
797 3482 1084 3550 ’Λρσενίῳ,
1127 3482 1303 3544 οὕτως
1350 3484 1381 3551 ἡ
1418 3483 1537 3535 Θεία
1588 3484 1741 3553 φωνὴ
1789 3485 1853 3536 1:6

251 3569 516 3640 δεύτερον
566 3569 863 3623 ἐθέσπισε·
911 3572 1182 3643 Ἀρσένιε,
1245 3573 1436 3644 φεῦγε,
1479 3573 1679 3639 σιώπα,
1716 3576 1848 3645 ήσύ-

250 3665 415 3734 χαζε,
458 3664 554 3717 καὶ
579 3666 827 3735 σωθήσῃ.

610 3776 744 3830 Ὀτι
775 3777 867 3831 δεῖ
899 3777 1144 3849 ἥσυχον
1180 3776 1337 3834 εἷναί
1365 3797 1461 3835 σε.

330 3895 369 3946 Ζ
395 3934 409 3947 .
456 3890 742 3955 Ὡσαύτως
764 3892 821 3945 δὲ
858 3893 952 3945 καὶ
984 3894 1115 3963 περὶ
1142 3894 1236 3946 τοῦ
1272 3893 1523 3965 ἑϐδόμου,
1554 3895 1721 3966 ῆγουν
1756 3896 1850 3948 τοῦ

253 3984 484 4055 ἡσύχως
518 3982 712 4053 βιῶναί
745 4000 826 4048 σε,
863 3985 1173 4050 ἀξιόπιστοι
1229 3986 1365 4054 πρὸς
1413 3989 1788 4055 παράστασιν,
1825 3989 1853 4039 ὅ

248 4096 316 4130 τε
356 4078 533 4147 μέγας
562 4077 870 4141 Βασίλειος,
904 4078 999 4130 καὶ
1025 4079 1053 4131 6
1087 4077 1238 4144 ἅγιος
1266 4079 1431 4132 πάλιν
1468 4078 1674 4140 Ἰσαὰκ,
1702 4081 1729 4130 6
1754 4081 1851 4148 μὲν

251 4170 499 4241 εἰρηκώς
516 4185 530 4199 '
572 4170 634 4222 'H
657 4172 880 4239 ήσυχία,
914 4170 1058 4241 ἀρχὴ
1086 4170 1410 4242 καθάρσεως
1432 4176 1498 4243 τῇ
1520 4173 1664 4244 ψυχῇ
1685 4190 1697 4203 ’
1723 4177 1750 4227 6
1771 4175 1852 4241 δὲ,

252 4264 428 4332 Ὅρος
457 4262 713 4331 ἡσυχίας,
745 4262 928 4331 σιωπὴ
955 4264 1064 4315 ἀπὸ
1088 4262 1334 4316 πάντων
1371 4264 1399 4316 6
1436 4264 1556 4333 μὲν,
1587 4266 1688 4334 τὴν
1719 4267 1854 4318 ταύ-

247 4373 356 4425 της
386 4356 589 4426 ἀρχὴν,
631 4357 660 4407 6
708 4355 785 4419 δὲ,
816 4355 879 4408 τὸ
917 4356 1072 4418 τέλος
1113 4356 1200 4409 διά
1232 4356 1395 4410 τῶνδε
1421 4358 1531 4409 τῶν
1557 4358 1751 4426 φωνῶν
1775 4359 1849 4423 ὡς

251 4453 316 4503 ἐν
350 4450 613 4518 συντόμῳ
652 4448 1115 4518 ὲπισημάναντες.
1154 4451 1266 4503 Καὶ
1312 4451 1371 4503 ὲν
1424 4453 1490 4519 τῇ
1539 4451 1748 4521 [Ιαλαιᾷ
1792 4452 1848 4504 δὲ

252 4544 454 4612 Γραψῇ
488 4540 664 4604 οὓτως
683 4541 900 4611 εἴρηται
920 4557 935 4572 ο
964 4558 984 4593 ι
1005 4542 1330 4613 Ἦμαρτεςς
1362 4543 1636 4613 ήσύχασον
1656 4561 1668 4573 ·
1691 4563 1710 4596 ι
1736 4546 1847 4608 καὶ,

258 4656 277 4687 ι
306 4635 623 4705 Σχολάσατε
658 4633 756 4687 καὶ
788 4634 986 4700 γνῶτε,
1014 4634 1098 4686 ὅτι
1124 4636 1233 4699 ἐγώ
1260 4638 1374 4705 είμι
1400 4638 1428 4688 6
1447 4636 1599 4699 Θεός.
1634 4656 1652 4688 ι
1690 4639 1850 4706 Λέγει

252 4729 315 4784 δὲ
356 4727 457 4781 καὶ
487 4729 517 4781 6
552 4727 651 4798 τῆς
690 4726 1010 4795 Κλίμακος·
1048 4725 1254 4796 Ἔργον
1301 4727 1534 4797 ἡσυχίας
1577 4728 1851 4799 προηγού.

258 4836 449 4890 μενον,
493 4818 800 4887 ἀμεριμνία
845 4818 1068 4871 πάντων
1124 4820 1468 4888 πραγμάτων
1520 4820 1776 4888 εὐλόγων,
1813 4822 1846 4892 ἢ

256 4910 481 4975 ἀλόγων
500 4924 515 4938 ο
546 4909 575 4958 6
600 4907 711 4976 γὰρ
749 4907 863 4968 τοῖς
908 4906 1199 4978 προτέροις
1245 4905 1498 4974 ἀνοίγων,
1527 4910 1642 4971 τοῖς
1669 4909 1852 4984 δευτὲ-

260 5015 379 5069 ροις
410 4998 638 5059 πάντως
692 4999 1100 5066 περιπεσεῖται.
1162 4997 1444 5066 Προσευχὴ
1484 4996 1697 5062 ἄοκνος,
1756 4999 1851 5051 καὶ

256 5092 469 5163 τρίτον,
502 5090 742 5160 ἐργασία
783 5088 1012 5160 καρδίας
1045 5087 1265 5151 ἄσυλος.
1301 5089 1607 5155 ⁹Δδύνατον,
1640 5091 1730 5144 τὸν
1772 5092 1846 5162 μὴ

257 5203 284 5252 γ
300 5187 415 5253 pip.
425 5201 577 5253 ματα
601 5182 983 5253 μεμαθηκότα,
1009 5181 1253 5248 φυσικῶς
1276 5182 1334 5233 ὲν
1358 5182 1560 5246 δέλτοις
1595 5184 1846 5255 μελετᾷψ

260 5275 676 5343 ἀδυνατώτερον
694 5275 774 5333 δὲ,
807 5276 932 5336 τοὺς
962 5275 1036 5343 μὴ
1071 5275 1130 5326 τὸ
1160 5276 1424 5344 πρότερον
1448 5279 1845 5346 κτησαμένους,

268 5368 339 5420 τὰ
378 5362 494 5417 δύω
525 5364 672 5431 λόγῳ
706 5361 1009 5432 μετελθεῖν.
1054 5364 1165 5415 Καὶ
1202 5360 1361 5428 αὖθις
1388 5366 1415 5417 ὁ
1446 5364 1601 5431 ἅγιος
1644 5366 1827 5420 Ἰσαάκ
1850 5383 1862 5397 ⁶

268 5456 448 5518 Πόθος
473 5455 717 5523 ἡσυχίας
765 5453 906 5516 ἐστὶ,
942 5454 1238 5522 προσδοκία
1276 5455 1371 5506 τοῦ
1421 5455 1653 5509 θανάτου
1688 5458 1865 5527 διηνεο

270 5543 375 5611 ιής
395 5557 409 5569 ·
447 5544 477 5593 6
501 5540 661 5599 ἐκτὸς
685 5539 889 5609 ταύτης
921 5540 1021 5608 τῆς
1049 5540 1277 5610 μελέτης
1305 5542 1687 5612 είσερχόμενος
1715 5547 1774 5597 ὲν
1798 5548 1862 5615 τῇ

275 5631 510 5701 ἡσυχία,
545 5632 606 5682 οὐ
632 5629 859 5683 δύναται
896 5630 1188 5700 βαστάσαι,
1225 5632 1369 5702 ἆπερ
1401 5635 1688 5704 ὀφείλομεν
1731 5653 1853 5706 καρ-

270 5728 455 5797 τερεῖν
487 5725 583 5777 καὶ
613 5722 906 5793 βαστάζειν
929 5727 993 5777 ἐκ
1025 5728 1223 5790 παντὸς
1252 5730 1480 5794 τρόπον.

1947 3333 2229 3373 sermones
2279 3335 2405 3373 vero
2461 3328 2589 3373 sunt
2634 3321 2823 3374 mundi
2879 3321 3046 3390 hujus
3105 3338 3309 3391 organa
3340 3359 3352 3373 .
3401 3341 3418 3373 ι
3464 3322 3530 3375 Et

1947 3421 2137 3465 sancto
2170 3412 2402 3464 Arsenio
2430 3412 2500 3464 ita
2532 3412 2718 3465 divina
2746 3428 2846 3467 vox
2868 3415 3142 3480 posterius
3176 3414 3255 3466 sic
3286 3429 3519 3481 expres-

1946 3506 2053 3557 sit:
2097 3523 2113 3555 ι
2152 3504 2369 3571 Arseui,
2428 3504 2576 3573 fuge,
2629 3506 2755 3571 sile,
2796 3520 2983 3574 pacem
3041 3515 3199 3571 tene,
3245 3516 3301 3560 et
3348 3508 3532 3563 salvus

1948 3615 2079 3655 eris.
2123 3621 2140 3651 ι

2230 3783 2382 3850 Quod
2408 3794 2613 3851 oportet
2647 3792 2695 3835 te
2718 3798 2829 3835 esse
2864 3781 3232 3852 tranquillum.

2015 3875 2228 3930 Pariter
2277 3886 2332 3929 et
2380 3876 2701 3943 septimum,
2752 3890 2948 3942 nempe
3010 3876 3156 3943 quod
3219 3883 3438 3941 oportet
3480 3884 3532 3929 te

1945 3968 2113 4022 vitam
2177 3968 2526 4035 tranquillam
2586 3983 2773 4034 agere,
2829 3967 3035 4034 optime
3065 3967 3449 4021 demonstrant
3477 3975 3532 4021 et

1947 4076 2176 4129 magnus
2210 4059 2442 4113 Basilius
2483 4067 2537 4111 et
2560 4068 2783 4112 sanctus
2815 4074 3033 4113 rursum
3064 4058 3246 4126 Isaac;
3284 4060 3373 4114 ille
3408 4060 3529 4128 qui~

1946 4156 2070 4209 dem
2126 4154 2352 4208 dicens:
2392 4171 2409 4202 ι
2478 4151 2900 4219 Tranquillitas,
2948 4150 3296 4221 purgationis
3332 4152 3534 4204 animae

1946 4248 2307 4318 principium;
2339 4265 2357 4297 ι
2400 4245 2489 4299 hic
2524 4259 2681 4297 vero:
2725 4262 2743 4294 ι
2777 4243 3066 4299 Terminus
3098 4244 3531 4313 tranquillitatis.

1945 4342 2228 4397 silentium
2286 4354 2351 4392 ex
2412 4337 2562 4391 omni
2624 4344 2821 4404 parte;
2878 4354 2898 4387 ι
2967 4337 3057 4390 ille
3090 4337 3335 4405 quidem,
3369 4335 3534 4399 hujus

1947 4433 2324 4505 principium,
2380 4430 2467 4482 hic
2521 4444 2651 4481 vero
2708 4427 3005 4482 terminum
3057 4428 3141 4483 bis
3198 4427 3422 4480 vocibus
3476 4438 3533 4478 ut

1946 4524 2339 4593 compendiose
2370 4518 2763 4589 signiﬁcantes.
2790 4517 2855 4571 Et
2880 4517 3153 4586 iulVetere
3182 4517 3533 4570 Testamento

1944 4618 2016 4671 ita
2042 4616 2247 4669 dictum
2276 4620 2361 4666 est
2388 4628 2400 4664 :
2435 4630 2452 4661 ι
2512 4608 2754 4666 Peccasti
2781 4609 2804 4661 ?
2837 4609 3294 4677 tranquillitatem
3324 4625 3455 4678 age;
3501 4630 3529 4661 ιι

1942 4720 2018 4775 et,
2062 4727 2081 4759 ι
2119 4706 2319 4761 Vacste
2371 4714 2424 4757 et
2452 4706 2610 4768 scite,
2641 4703 2768 4772 quia
2808 4700 2922 4770 Ego
2963 4719 3083 4756 smn
3128 4704 3292 4758 Deus.
3333 4726 3349 4756 ι
3396 4706 3535 4760 Dicit

1946 4811 2123 4856 autem
2171 4807 2226 4853 et
2277 4797 2487 4851 Clima:
2548 4812 2561 4847 :
2631 4812 2647 4845 ι
2690 4809 2827 4863 opus
2876 4795 3290 4863 tranquillitatis
3340 4799 3531 4864 pracci.

1946 4908 2112 4965 puum
2146 4900 2227 4944 est
2266 4888 2403 4941 nihil
2438 4900 2631 4941 curare
2658 4900 2774 4939 srve
2809 4884 3006 4937 rationi
3038 4894 3532 4939 consentaneorum

1955 4988 2068 5040 sive
2099 4981 2296 5036 rationi
2329 4976 2763 5034 adversantium.
2796 4974 2901 5041 Qui
2951 4978 3097 5030 enim
3122 4977 3349 5044 jauuam
3386 4978 3533 5047 prio-

1952 5079 2104 5133 ribus
2134 5075 2330 5145 aperit,
2361 5087 2485 5125 mox
2518 5073 2570 5125 in
2604 5071 2910 5140 posteriora
2950 5072 3154 5124 incidet
3182 5089 3194 5127 :
3230 5071 3418 5125 Oratio
3447 5073 3529 5125 iu-v

1955 5171 2162 5240 trepida
2213 5178 2265 5222 et
2307 5166 2506 5220 deinde
2546 5164 2792 5233 operatio
2840 5163 3026 5216 cordis
3071 5162 3367 5216 tutissima.
3412 5164 3527 5217 Non

1954 5275 2126 5337 potest
2162 5264 2276 5318 lieri
2304 5270 2363 5316 ut
2393 5261 2488 5331 qui
2521 5260 2730 5313 litteras
2766 5272 2873 5309 nou
2910 5256 3207 5318 didicerit,
3244 5258 3297 5310 in
3334 5258 3531 5311 tabulis

1950 5367 2308 5415 exerceatur:
2340 5352 2737 5423 impossibilius
2770 5350 2949 5404 adhuc
2991 5359 3076 5403 est
3110 5357 3169 5401 ut
3200 5349 3234 5401 ii
3290 5348 3383 5417 qui
3418 5350 3529 5416 pri-

1954 5466 2099 5503 mum
2139 5465 2243 5503 uou
2278 5445 2657 5517 possederint,
2692 5443 2801 5495 duo
2838 5442 2942 5495 alia
2968 5452 3354 5507 assequamur.
3410 5459 3427 5490 ι
3465 5439 3530 5492 Et

1950 5557 2167 5597 rursum
2197 5550 2417 5595 sanctus
2445 5538 2594 5593 Isaac
2623 5554 2633 5588 :
2671 5553 2691 5585 ι
2732 5532 3170 5601 Tranquillitatis
3194 5532 3525 5585 desiderium

1950 5646 2034 5689 est
2076 5636 2332 5689 continua
2399 5632 2590 5684 mortis
2621 5628 2983 5697 exspectatio.
3018 5626 3119 5692 Qui
3162 5626 3379 5695 absque
3426 5625 3526 5679 hoc

1953 5730 2223 5788 exercito
2271 5727 2324 5779 in
2362 5722 2766 5792 tranquillitate
2827 5717 3153 5787 ingreditur,
3194 5732 3300 5773 non
3354 5727 3535 5788 potest

279 5829 423 5885 ferre
471 5840 595 5895 quae
640 5826 917 5879 sustinere
958 5842 1023 5881 ac
1045 5828 1271 5887 sufferre
1297 5833 1445 5886 οηιηί
1478 5829 1636 5886 modo
1672 5830 1947 5885 debemus.

347 5948 391 5981 "
422 5944 611 6003 Μδιιιι.
649 5960 720 6015 Vt,
753 5944 843 6013 25,
884 5959 1040 6013 seqq.
