4278 6442
253 437 360 505 673

1484 418 1876 495 DPUSCULA
1912 424 2300 487 ASCETICA.

3396 422 3504 488 074

235 551 333 601 καὶ
367 550 471 601 οὑκ
513 544 699 598 εἶπεν·
731 545 813 598 δτι
854 541 918 596 'H
967 532 1188 596 παιδεία
1233 557 1326 593 σου
1361 539 1694 607 κατέστρεψέ
1729 555 1817 606 με,
1850 540 1900 597 Α

1850 540 1900 597 Δ
1927 554 2011 592 me
2037 578 2051 602 ,
2092 557 2110 590 ο
2161 538 2296 592 sed:
2340 555 2358 586 ι
2401 536 2651 589 Correxit
2698 549 2783 590 me
2825 549 2879 589 tn
2915 533 3072 588 finem
3103 530 3170 588 ⁶⁹.
3246 551 3264 586 ι
3322 531 3507 601 Neque

236 641 381 702 ἀλλ’,
433 639 755 709 Ἀνὼροωσέ
791 655 857 707 με
898 638 976 700 εἰς
1009 635 1182 698 τέλος.
1217 635 1370 704 Μήτε
1400 633 1502 702 μὴν
1538 631 1690 700 ζήτει
1726 630 1820 691 τὰς

234 734 346 785 τῶν
378 731 702 801 πειρασμῶν
731 730 930 793 αἰτίας,
968 727 1090 782 ὅθεν
1122 727 1468 796 ἐπέρχονται,
1488 723 1623 777 ἀλλά
1664 723 1827 792 μόνον

235 825 405 895 εὔχου
436 825 512 894 τῷ
533 825 675 894 Θεῷ,
702 824 1048 894 εὐχαρίστως
1081 820 1270 891 φέρειν
1303 820 1520 880 αὑτοὺς,
1557 817 1631 880 ώς
1676 816 1826 882 λέγει

235 921 264 971 ὀ
327 918 482 986 ἅγιος
521 918 774 988 Μάρκος,
830 917 912 969 δτι
970 911 1290 985 Πειρασμοῦ
1343 911 1689 971 ἐπελθόντος,
1743 907 1818 977 μὴ

237 1013 395 1081 ζήτει
426 1013 513 1065 διὰ
543 1013 618 1077 τί,
679 1012 709 1082 ἢ
771 1009 861 1063 διὰ
912 1009 1056 1071 τίνος
1090 1004 1370 1076 ἐλήλυθεν,
1429 1001 1543 1056 ἀλλ’
1573 1002 1722 1062 ὅπως
1763 999 1830 1051 ἂν

237 1106 406 1158 αὑτὸν
444 1105 782 1176 εὐχαρίστως
811 1101 906 1155 καὶ
947 1098 1342 1170 ὰμνησικάκως
1377 1096 1693 1165 ὑπομείνῃς.
1718 1090 1831 1144 Καὶ

239 1198 409 1250 πάλιν
431 1215 445 1227 ο
477 1199 540 1251 ΕΞ
568 1198 668 1249 οὑκ
708 1196 823 1248 ἔστι
860 1193 1059 1267 ῥαδίως
1087 1193 1286 1260 εὑρεῖν,
1314 1191 1404 1240 τὸν
1455 1187 1609 1248 ἐκτὸς
1640 1201 1822 1254 πειραο

241 1293 400 1362 σμῶν
457 1291 930 1361 εὑαρεστήσαντα,
961 1286 1312 1356 εὐχαριστεῖν
1354 1282 1434 1332 δεῖ
1485 1278 1562 1349 τῷ
1590 1278 1709 1348 Θεῷ
1735 1277 1829 1329 ἐπὶ

243 1389 394 1456 πάσῃ
425 1385 696 1455 συμϐάσει
717 1399 730 1414 ⁸
756 1384 872 1448 καὶ,
906 1382 1061 1434 Πᾶσα
1093 1377 1270 1446 Θλίψις
1293 1375 1504 1443 ἐλέγχει
1534 1372 1630 1442 τὴν
1661 1369 1831 1442 ῥοπὴν

237 1480 338 1532 τοῦ
370 1479 702 1547 Θελήματος,
744 1476 854 1528 εἴτε
908 1475 987 1536 εἰς
1048 1471 1198 1536 δεξιὰ
1229 1469 1409 1538 ῥέπει,
1451 1465 1560 1517 εἴτε
1601 1465 1677 1524 εἰς
1711 1463 1838 1529 άρι-

242 1571 416 1641 στερά
439 1589 452 1601 ’
482 1570 569 1622 διὰ
595 1567 755 1620 τοῦτο
792 1569 823 1637 ἠ
857 1564 1114 1635 συμϐᾶσα
1151 1561 1351 1629 Ολίψις,
1389 1555 1694 1624 πειρασμὸς
1725 1553 1838 1603 ὀνο-

245 1665 506 1733 μάξεταε,
535 1662 615 1732 τῷ
643 1662 855 1731 μετόχῳ
883 1661 1078 1726 πεῖραν
1104 1656 1210 1708 τῶν
1241 1651 1642 1722 κεκρυμμένων
1675 1644 1835 1714 θελη-

245 1759 438 1824 μάτων
471 1757 809 1827 παρέχουσα.
849 1752 956 1804 Καὶ
977 1753 1003 1802 ὁ
1035 1750 1188 1816 ᾰγιος
1241 1745 1429 1800 Ἰσαὰκ
1476 1745 1552 1805 δὲ,
1583 1745 1678 1795 σὺν
1708 1739 1837 1793 πολε

243 1845 360 1905 λοῖς
391 1845 574 1907 ἄλλοις
611 1846 706 1897 καὶ
735 1840 912 1895 ταῦτά
940 1858 1073 1908 φησι
1100 1857 1111 1869 ·
1142 1839 1325 1891 Πάντα
1355 1835 1638 1904 ἄνθρωπον
1697 1833 1840 1900 ώφε-
1863 1876 1908 1936 Β

242 1935 329 1987 λεῖ
359 1937 388 1988 ὁ
417 1937 722 2007 πειρασμός
759 1952 774 1968 ο
811 1936 908 1987 ἐὰν
953 1935 1063 2002 γὰρ
1094 1932 1184 1984 τὸν
1223 1929 1432 1983 Παῦλον
1479 1926 1700 1994 ὠφελεῖ,
1730 1926 1839 1978 πᾶν

244 2031 427 2098 στόμα
484 2030 850 2099 φραγήσεται.
905 2027 1014 2080 Καὶ
1081 2023 1336 2085 ὑπόδικος
1386 2019 1630 2086 γενέσθω
1680 2018 1842 2080 πᾶςὸ

244 2129 454 2195 κόσμος
479 2126 559 2196 τῷ
583 2123 724 2193 Θεῷ.
753 2125 815 2176 0i
834 2120 1132 2191 ἀγωνισταὶ
1154 2113 1526 2186 πειράζονται,
1557 2114 1642 2166 ἵνα
1669 2127 1838 2182 προσ-

245 2225 460 2290 Οήσωσι
503 2220 581 2292 τῷ
632 2218 852 2288 πλούτῳ
900 2215 1100 2278 αὑτῶν,
1151 2216 1198 2267 oi
1249 2211 1460 2284 χαῦνοι,
1491 2211 1578 2262 ῖνα
1637 2210 1700 2261 ὲκ
1731 2207 1838 2259 τῶν

249 2314 604 2384 βλαπτόντων
633 2311 978 2379 φυλάξωνται
1020 2307 1268 2369 ἑαυτοὺς,
1320 2306 1414 2358 καὶ⁸
1449 2304 1499 2356 oi
1540 2301 1845 2354 ὑπνώττον-

245 2424 362 2471 τες,
397 2407 484 2460 ἶνα
517 2406 596 2467 εἰς
630 2401 958 2470 ἐξυπνισμὸν
981 2395 1401 2468 εὑτρεπισῡῶσι,
1438 2394 1530 2446 καὶ
1550 2394 1597 2445 οί
1626 2390 1843 2460 μακρὰν

247 2500 430 2559 ὄντες,
465 2497 553 2548 ἵνα
601 2493 1012 2566 προσεγγίσωσι
1045 2489 1123 2560 τῷ
1155 2487 1298 2557 Θεῷ,
1329 2488 1377 2539 οἱ
1410 2487 1468 2539 δὲ
1495 2488 1708 2546 οἰκεῖοι,
1756 2483 1843 2536 ἵνα

248 2594 310 2644 ὲν
342 2588 634 2660 παρρησίᾳ
677 2583 1070 2638 εἱσοικισθῶσι.
1096 2583 1210 2643 Πᾶς
1237 2580 1350 2640 υίὸς
1380 2577 1748 2646 ἀγύμναστος,
1780 2574 1841 2625 οὑ

247 2682 470 2751 δέχεται
497 2681 590 2731 τὸν
618 2676 848 2729 πλοῦτον
875 2673 971 2727 τοῦ
998 2675 1148 2725 οἴκου
1179 2669 1273 2723 τοῦ
1309 2669 1519 2736 πατρὸς
1552 2663 1739 2727 αὑτοῦ,
1765 2663 1844 2724 είς

248 2777 313 2828 τὸ
352 2771 669 2844 βοηθεῖσθαι
701 2769 793 2824 ὑπ’
827 2766 1019 2831 αὑτοῦ,
1053 2765 1147 2820 καὶ
1168 2764 1256 2818 διά
1278 2762 1435 2816 τοῦτο
1457 2759 1665 2824 λοιπὸν,
1691 2755 1845 2825 πρῶ-

249 2887 347 2922 τον
377 2865 631 2936 πειράζει
661 2864 690 2915 ὁ
724 2863 876 2924 Θεὸς,
913 2861 1007 2913 καὶ
1042 2857 1341 2930 βασανίζει,
1370 2850 1489 2909 εἶτα
1526 2850 1761 2905 δεικνύει
1785 2848 1846 2901 τὸ

251 2961 530 3031 χάρισμα.
592 2954 734 3018 Δόξα
763 2954 840 3022 τῷ
869 2952 1117 3020 Δεσπὸτῃ
1150 2949 1227 3019 τῷ
1249 2950 1306 3002 ὲν
1340 2945 1654 3016 φαρμάκοις
1687 2959 1848 3010 στρυ⁴

253 3053 430 3117 φνοῖς,
481 3048 579 3118 τὴν
628 3046 841 3115 τρυφὴν
889 3044 990 3112 τῆς
1043 3040 1254 3110 ὑγιείας
1299 3040 1433 3108 ἡμῖν
1489 3035 1845 3108 προσάγοντι.

251 3146 372 3197 Οὑκ
425 3143 573 3195 ἐστιν
617 3141 765 3201 ὅστις
811 3141 868 3191 ἐν
915 3137 995 3207 τῷ
1056 3134 1237 3203 καιρῷ
1293 3132 1393 3200 τῆς
1431 3128 1739 3200 γυμνασίας
1772 3126 1847 3196 μὴ

1930 630 2174 698 inquiras
2200 631 2548 682 tentationem
2582 645 2800 692 c:msas,
2831 628 2973 682 unde
2999 627 3244 692 veniant,
3276 626 3366 680 sed
3389 636 3512 680 tan-

1931 721 2213 775 tummodo
2242 719 2411 774 Dentu
2451 735 2546 774 ora
2576 731 2632 772 ut
2665 727 2817 790 grate
2847 734 2940 773 cas
2964 717 3197 772 suﬂ‘erre
3220 715 3418 786 possis,
3453 724 3512 768 ιιι

1928 823 2156 869 sanctus
2191 812 2405 867 Marcus
2439 812 2612 867 dicit:
2672 831 2689 862 ι
2723 811 3154 880 Superveniente
3188 810 3508 872 tentatione,

1931 920 1996 959 ne
2030 920 2247 974 qttaeras
2301 918 2399 957 cur
2450 913 2545 957 aut
2597 904 2958 972 quamobrem
2990 903 3218 966 venerit,
3251 902 3342 955 sed
3376 916 3512 970 quo-

1932 997 2238 1050 modo-eam
2276 1004 2425 1062 grate
2460 1009 2634 1063 neque
2673 995 2867 1048 acerbe
2924 993 3200 1047 sustinuere
3234 994 3442 1045 valvas.
3483 1010 3501 1042 ι

1931 1084 1998 1142 Ει
2047 1102 2286 1142 rursum.
2327 1107 2343 1139 ι
2388 1087 2443 1141 Si
2506 1102 2611 1139 non
2663 1086 2820 1142 facile
2877 1087 3152 1155 reperitur
3179 1085 3270 1152 qui
3307 1087 3512 1154 alisque

1934 1181 2228 1234 tentatione
2264 1180 2371 1234 Deo
2405 1178 2695 1248 placuerit,
2731 1179 2838 1232 Deo
2872 1185 3088 1245 Oportet
3113 1177 3179 1230 de
3211 1177 3357 1230 omni
3398 1186 3510 1229 ten-

1932 1273 2153 1327 tationis
2175 1274 2391 1326 incursu
2416 1273 2618 1341 gratias
2644 1286 2830 1339 agere.
2869 1288 2886 1320 ι
2915 1270 3002 1332 Ει,
3031 1289 3049 1320 ι
3074 1268 3270 1323 Omnis
3293 1268 3514 1322 afﬂictio

1932 1366 2228 1418 voluntatis
2260 1365 2670 1420 inclinationem
2710 1362 2984 1420 ostendit.
3004 1362 3117 1416 sive
3136 1364 3201 1416 ad
3231 1365 3511 1417 dexteram

1934 1457 2229 1512 inclinetur
2283 1458 2397 1510 sive
2455 1459 2520 1510 ad
2583 1456 2886 1510 sinistram.
2941 1454 3070 1508 Ideo
3123 1454 3516 1522 superveniens

1937 1548 2161 1604 adﬂictio
2195 1550 2426 1604 tentatio
2483 1553 2798 1606 nominatur
2838 1590 2855 1615 ,
2891 1558 3098 1603 tentato
3149 1549 3396 1615 praebens
3427 1561 3514 1601 se-

1935 1652 2101 1698 creta:
2138 1646 2440 1700 voluntatis
2475 1661 2588 1700 sua:
2613 1633 3099 1713 'experimcntnm.
3135 1663 3153 1696 ›
3192 1644 3257 1698 Et
3287 1656 3514 1698 sanctus

1936 1735 2114 1798 Isaae.
2160 1736 2302 1789 inter
2359 1737 2527 1789 multa
2563 1737 2669 1789 alia
2700 1737 2803 1789 hoc
2834 1737 2966 1790 dicit
2999 1755 3012 1790 :
3049 1753 3068 1787 ι
3105 1735 3266 1789 Omni
3304 1737 3512 1788 homini

1937 1828 2086 1883 utilis
2134 1839 2218 1883 est
2267 1830 2536 1893 tentatio;
2571 1832 2613 1881 si
2651 1829 2797 1882 enim
2837 1828 3004 1882 Paulo
3037 1831 3184 1883 utilis
3216 1839 3319 1895 est,
3353 1843 3514 1882 omne

1937 1937 1999 1975 os
2030 1921 2340 1974 clauditur.
2382 1919 2444 1972 Et
2476 1920 2731 1974 subditus
2764 1920 2852 1973 flat
2893 1921 3074 1976 omnis
3104 1922 3342 1974 mundus
3374 1919 3503 1974 Deo.

1935 2014 2036 2077 Qui
2063 2021 2304 2082 pugnant
2333 2021 2629 2074 tentantur,
2667 2022 2723 2064 ut
2754 2013 2956 2066 divitiis
2983 2013 3100 2067 suis
3134 2011 3337 2066 addant
3368 2029 3383 2078 ;
3417 2027 3513 2066 su-

1936 2107 2088 2177 perbi
2124 2113 2430 2169 tentantur,
2477 2113 2534 2156 ιιι
2577 2105 2789 2172 seipsos
2814 2117 2842 2155 a
2892 2103 3218 2157 nocentibus
3245 2112 3469 2157 servent
3499 2120 3513 2156 :

1936 2211 1990 2254 ct
2030 2199 2359 2254 somnolenti
2431 2207 2737 2262 tentantur,
2776 2206 2835 2250 ut
2898 2196 2963 2249 ad
3023 2195 3513 2264 expergiscendum

1944 2294 2337 2355 instruantur;
2389 2303 2442 2343 et
2482 2290 2573 2356 qui
2628 2289 2788 2360 longe
2838 2299 2966 2343 sunt
3003 2329 3018 2350 ,
3070 2298 3125 2341 ut
3177 2286 3288 2340 Deo
3324 2301 3517 2355 appro-

1940 2387 2242 2454 pinquent;
2288 2392 2340 2435 et
2394 2383 2709 2442 familiares.
2769 2392 2822 2434 ut
2878 2383 2929 2434 in
2962 2381 3156 2434 fiducia
3187 2393 3514 2434 conversen-

1940 2483 2051 2529 tur.
2089 2475 2416 2541 Quicunque
2455 2472 2598 2525 filius
2645 2487 2750 2524 non
2820 2479 3129 2531 exercetur.
3165 2472 3210 2526 is
3237 2487 3341 2523 non
3375 2469 3521 2524 acci-

1941 2567 2024 2634 pit
2053 2568 2245 2618 domus
2284 2563 2464 2617 Patris
2497 2565 2578 2616 sui
2613 2563 2852 2620 divitias.
2890 2571 2946 2614 ut
2978 2563 3046 2616 ab
3079 2565 3195 2631 ipso
3227 2565 3522 2632 adjuvetur

1942 2671 1994 2713 et
2021 2660 2139 2711 ideo
2171 2660 2346 2726 primo
2377 2658 2518 2710 Deus
2545 2666 2714 2710 irnlat
2741 2665 2793 2708 et
2820 2655 3029 2726 amigit.
3062 2656 3259 2708 deinde
3287 2655 3519 2724 gratiam

1942 2752 2207 2806 ostendit.
2252 2749 2436 2802 Gloria
2493 2748 2722 2802 Dotnino
2756 2750 2848 2817 qui
2888 2751 3099 2803 acerbis
3133 2751 3390 2803 remediis
3420 2764 3523 2803 no-

1944 2847 2028 2900 bis
2082 2844 2337 2900 sanitatis
2387 2843 2612 2896 delicias
2643 2843 2886 2895 adducit.
2914 2843 3088 2896 Nemo
3123 2852 3207 2896 est
3237 2841 3329 2911 qui
3365 2856 3526 2895 exero

1944 2937 2056 2992 eitii
2092 2947 2335 3004 tempore
2385 2950 2491 2988 non
2548 2946 2827 3002 gravetur,
2866 2945 2919 2986 et
2973 2949 3136 2987 nemo
3182 2945 3265 2988 est
3294 2935 3381 2987 cui
3413 2948 3524 2988 non

1946 3043 2193 3082 amarum
2249 3026 2502 3079 videatur
2556 3034 2771 3092 tempus
2826 3040 2935 3093 quo
2971 3026 3332 3079 Ientationum
3364 3039 3528 3078 sana-

1948 3124 2152 3175 tionem
2211 3120 2382 3187 eupit.
2431 3117 2561 3171 Sine.
2619 3119 2728 3172 illis
2780 3118 3124 3187 impossibile
3178 3127 3260 3171 est
3291 3118 3524 3170 validam

251 3236 508 3304 ἄχθεται,
537 3235 632 3288 καὶ
662 3233 762 3286 οὑκ
793 3231 909 3284 ἔστι
944 3246 1050 3292 τις,
1085 3221 1130 3296 ᾧ
1156 3228 1217 3280 οὑ
1249 3224 1446 3295 πικρὸς
1479 3226 1506 3276 ὁ
1539 3221 1750 3290 καιρὸς,
1791 3221 1847 3271 ὲν
1873 3239 1917 3301 C

1834 3236 1917 3301 ρο
1949 3214 2238 3267 sanitatem
2273 3211 2590 3280 possidere:
2624 3222 2676 3263 et
2702 3212 2977 3264 sustinere
3009 3226 3114 3263 non
3140 3219 3388 3264 nostrum
3418 3219 3523 3266 est.

252 3322 299 3394 ᾧ
331 3326 428 3379 τὸν
472 3325 550 3377 ίὸν
601 3324 883 3386 ποτίζεται
917 3321 1027 3374 τῶν
1060 3318 1400 3389 πειρασμῶν,
1431 3314 1844 3384 καταφαίνεται.

253 3418 445 3487 Χωρὶς
509 3417 620 3486 γὰρ
681 3415 910 3479 τούτων,
955 3414 1015 3465 οὑ
1059 3411 1287 3464 δυνατὸν
1329 3409 1526 3477 κρᾶσιν
1567 3409 1844 3477 προσκτή-

255 3510 459 3563 σασθαι
515 3507 780 3578 ἰσχυράνο
809 3507 925 3569 καὶ,
977 3505 1041 3557 τὸ
1091 3504 1382 3571 ὑπομεῖναι
1433 3502 1510 3565 δὲ,
1553 3502 1650 3570 οὑχ
1686 3500 1845 3569 ἡμῶν

254 3603 399 3654 ἐστι.
427 3598 606 3652 Πόθεν
638 3599 748 3668 γὰρ
768 3595 955 3666 έχειτδ
983 3595 1248 3664 κεράμιον
1268 3594 1329 3645 τὸ
1356 3591 1466 3645 ἀπὸ
1497 3590 1691 3661 πηλοῦ,
1720 3591 1840 3641 ὑποο

258 3694 444 3762 μεῖναι
477 3691 578 3755 τὴν
613 3689 771 3758 ῥύσιν
796 3686 889 3739 τοῦ
922 3685 1135 3749 ὓδατος,
1167 3685 1217 3737 εί
1251 3682 1327 3754 μὴ
1349 3681 1410 3735 τὸ
1431 3680 1541 3751 πῦρ
1561 3680 1623 3734 τὸ
1646 3678 1847 3741 θεῐκὸν,

255 3785 392 3839 αὑτὸ
427 3783 826 3853 στερεώσειεν;
873 3780 1001 3833 Ἐὰν
1052 3776 1418 3845 ὑποταγῶμεν
1455 3773 1768 3842 αἰτούμενοι
1792 3775 1849 3823 ἐν

253 3875 594 3930 ταπεινώσει
625 3874 744 3943 μετ’
783 3871 1029 3941 ἐφέσεως
1066 3868 1444 3931 ἀδιαλείπτου,
1475 3867 1570 3920 καὶ
1599 3866 1756 3934 ἡμεῖς
1790 3864 1849 3915 ὲν

255 3968 542 4040 καρτερίᾳ
572 3966 754 4020 πάντα
791 3964 1166 4035 λαμϐάνομεν,
1208 3964 1267 4015 ὲν
1300 3958 1522 4029 Χριστῷ
1565 3957 1739 4027 Ἰησοῦ
1776 3957 1852 4026 τῷ

257 4061 455 4133 Κυρίῳ
507 4059 688 4130 ἡμῶν.
725 4059 954 4128 Εἴρηται
997 4056 1053 4109 δὲ
1085 4055 1178 4109 καὶ
1207 4056 1266 4107 ἒν
1308 4056 1375 4124 τῇ
1407 4052 1578 4122 Σοφίᾳ
1604 4049 1699 4103 τοῦ
1727 4051 1849 4101 Σει-

256 4157 368 4226 ράχ
389 4171 402 4183 ·
435 4173 457 4205 ‹
487 4152 779 4217 Τέκνον,εί
800 4148 1078 4220 προσέρχῃ
1111 4147 1382 4201 δουλεύειν
1416 4144 1606 4216 Κυρίῳ
1634 4141 1711 4212 τῷ
1733 4142 1850 4212 Θεῷ

256 4263 375 4307 σου,
413 4244 711 4312 ἑτοίμασον
739 4241 837 4311 τὴν
877 4240 1058 4310 ψυχήν
1113 4255 1206 4290 σου
1261 4238 1342 4298 είς
1388 4235 1724 4304 πειρασμόν·
1758 4235 1850 4284 καὶ

251 4336 485 4390 εὔθυνον
509 4334 612 4405 τὴν
641 4332 871 4401 καρδίαν
913 4347 1030 4394 σου,
1071 4331 1162 4383 καὶ
1197 4327 1536 4399 καρτέρησον
1556 4342 1569 4355 ο
1600 4344 1618 4377 ι
1647 4326 1740 4378 καὶ
1775 4323 1850 4395 μὴ

254 4429 505 4498 σπεύσῃς
533 4429 594 4479 ιν
621 4425 801 4495 καιρῷ
827 4424 1143 4492 ἐπαγωγῆς.

256 4546 392 4597 Ὀτι
427 4541 527 4596 δεῖ
550 4541 704 4610 πρὸς
737 4540 888 4594 Θεὸν
933 4538 1217 4610 ἐλπίζειν,
1251 4537 1349 4590 καί
1401 4532 1538 4602 παρ’
1571 4532 1758 4587 αὐτοῦ
1785 4531 1852 4586 τὸ

692 4611 1009 4680 συμφέρον
1035 4609 1407 4677 ἐκδέχεσθαι.

336 4727 357 4761 ι
388 4706 505 4776 Τὴν
540 4705 641 4772 τῆς
698 4704 915 4765 ἐλπίδος
945 4703 1215 4772 ἄγκυραν,
1257 4701 1392 4770 πρὸς
1417 4701 1508 4754 τὸν
1537 4699 1731 4764 σώζειν
1757 4701 1852 4756 δυ-

258 4801 505 4866 νάμενον
564 4795 720 4856 Θεὸν,
759 4791 1013 4861 ἁναρτῶν
1061 4791 1155 4843 καὶ
1195 4791 1327 4860 παρ’
1374 4788 1539 4843 αὑτοῦ
1592 4788 1690 4857 τὴν
1745 4787 1853 4840 τῶν

257 4888 602 4958 πειρασμῶν
650 4884 879 4938 ἔκϐασιν
941 4882 1335 4955 συμφερόντως
1395 4879 1851 4950 άπεκδεχόμενος.

259 4981 463 5043 Πιστὸς
490 4981 625 5049 γὰρ,
663 4978 853 5046 φησιν,
887 4977 915 5029 ὁ
949 4975 1104 5038 Θεὸς,
1147 4974 1206 5036 ὃς
1233 4975 1334 5026 οὑκ
1379 4973 1698 5042 ὲάσειὴμᾱς
1733 4988 1854 5025 πει-

265 5073 539 5145 ρασθῆναι
571 5072 713 5142 ὑπὲρ
744 5071 772 5123 δ
802 5069 1102 5139 δυνάμεθα,
1143 5067 1281 5120 ἀλλὰ
1311 5068 1409 5119 σὺν
1441 5063 1518 5135 τῷ
1557 5063 1850 5135 πειρασμῷ

259 5173 482 5238 ποιήσει
514 5165 613 5217 καὶ
639 5164 741 5234 τὴν
771 5163 1020 5218 ικῦασιν.
1058 5162 1167 5214 Καὶ
1199 5162 1281 5212 ὅτι
1330 5161 1363 5230 ὴ
1407 5157 1586 5224 Ολίψις
1645 5157 1854 5224 ὑπομο⁶

262 5267 361 5335 νὴν
389 5258 802 5330 κατεργάζεται
823 5274 838 5288 ο
872 5259 905 5327 ἡ
931 5256 988 5309 δὲ
1025 5253 1290 5324 ὑπομονὴ,
1324 5252 1589 5322 δοκιμήν
1621 5253 1654 5321 ἡ
1679 5251 1735 5303 δὲ
1765 5251 1852 5304 60-

266 5354 430 5423 κιμὴ,
489 5350 720 5403 ἐλπίδα·
753 5351 785 5419 ὴ
817 5349 874 5401 δὲ
923 5347 1078 5407 ἐλπὶς
1138 5346 1199 5397 οὑ
1253 5343 1625 5411 καταισχύνει.
1663 5344 1794 5404 Καὶ,
1827 5341 1854 5392 ὑ

265 5445 574 5514 ὑπομείνας
605 5446 685 5504 εἰς
741 5441 919 5504 τέλος,
970 5432 1126 5500 οὗτος
1182 5437 1509 5506 σωθήσεται,
1543 5434 1659 5496 καὶ,
1699 5433 1759 5483 ὲν
1786 5434 1850 5499 τῇ

262 5535 516 5604 ὑπομονῇ
551 5531 711 5603 ὑμῶν
768 5526 1046 5600 κτήσασθε
1102 5524 1202 5587 τὰς
1247 5524 1426 5594 ψυχὰς
1479 5522 1656 5592 ὑμῶν.
1696 5522 1857 5575 Καὶδ

263 5626 589 5695 αδελφόθεος
642 5622 720 5688 δὲ,
783 5620 928 5675 οὓτω
967 5619 1135 5690 φησί’
1187 5621 1376 5671 Πᾶσαν
1426 5617 1600 5686 χαράν
1649 5617 1859 5685 ἡγήσα-

1955 3304 2105 3359 Unde
2151 3306 2294 3356 enim
2359 3318 2455 3357 vas
2512 3303 2718 3356 luteum
2783 3314 2968 3370 posset
2996 3317 3153 3371 aquae
3187 3302 3523 3356 infusionem

1952 3399 2252 3461 sustinere,
2313 3396 2417 3448 nisi
2472 3395 2695 3448 divinus
2731 3395 2869 3462 ignis
2925 3394 3055 3446 illud
3090 3394 3426 3449 solidasset?
3469 3393 3528 3448 Si

1956 3491 2162 3547 subditi
2194 3491 2426 3556 erimus,
2456 3499 2677 3544 orantes
2698 3491 2750 3542 in
2772 3491 3074 3544 humilitate
3097 3506 3218 3543 cum
3250 3491 3531 3545 coutinuis

1953 3584 2242 3641 desideriis
2266 3625 2281 3651 ,
2321 3599 2533 3652 nosque
2568 3585 2620 3635 in
2661 3584 2810 3636 muni
2844 3582 3113 3651 patientia
3149 3583 3336 3636 omnia
3371 3598 3530 3637 acce-

1951 3678 2195 3748 perimus
2232 3679 2284 3729 in
2308 3674 2527 3729 Christo
2555 3673 2682 3729 Jesa
2726 3675 2959 3728 Domino
2999 3685 3219 3728 nostro.
3256 3673 3525 3730 ιιΠίοιιιηι

1951 3780 2035 3825 est
2065 3770 2211 3825 enim
2267 3768 2322 3822 in
2379 3765 2649 3836 sapientia
2703 3765 2904 3820 Sirac:
2950 3785 2968 3816 ι
3010 3764 3148 3828 Fili,
3202 3766 3247 3820 si
3297 3767 3531 3820 accedas

1953 3865 2020 3920 ad
2082 3862 2396 3918 servitutem
2457 3859 2672 3915 Domini
2723 3857 2813 3912 Dei
2863 3860 2939 3912 tui
2975 3900 2989 3923 .
3024 3875 3262 3930 prtcpara
3290 3861 3528 3914 animam

1955 3967 2102 4011 tuam
2155 3954 2221 4008 ad
2288 3953 2670 4016 tentationem,
2738 3959 2791 4006 ct
2844 3952 3077 4022 dispone
3133 3968 3231 4007 cor
3262 3961 3441 4018 tuum,
3476 3962 3533 4007 et

1953 4048 2222 4118 patienter
2258 4046 2491 4112 sustine,
2520 4053 2668 4100 etne
2701 4043 2931 4101 festines
2961 4045 3013 4098 in
3049 4054 3290 4114 tempore
3320 4047 3531 4115 ingres-

1954 4153 2050 4194 sus
2081 4138 2147 4191 ".
2187 4155 2206 4189 ι

1956 4521 2110 4588 Quod
2137 4529 2338 4591 oportet
2365 4519 2417 4571 in
2451 4515 2620 4570 Deum
2653 4528 2885 4593 sperare.
2916 4521 2966 4564 et
2993 4513 3057 4564 ab
3112 4529 3197 4576 eo,
3230 4508 3373 4582 quod
3407 4514 3538 4568 utile

1991 4606 1993 4609 '
2527 4595 2603 4639 est
2615 4625 2628 4648 ,
2663 4599 2924 4650 erupere.

2027 4687 2155 4758 Spei
2207 4683 2502 4738 anchoram
2552 4677 2616 4730 ad
2657 4675 2824 4728 Deum
2864 4675 2952 4744 qui
2997 4684 3172 4744 potest
3213 4681 3263 4728 te
3302 4675 3534 4741 salvare,

1955 4786 2243 4850 suspende.
2289 4783 2344 4827 et
2375 4775 2440 4823 ah
2476 4785 2541 4824 eo
2602 4767 2970 4820 tentationum
3035 4765 3241 4818 exitum
3296 4775 3539 4834 tempore

1955 4880 2262 4943 opportuno
2296 4872 2576 4934 exspecta.
2622 4878 2640 4911 ι
2677 4858 2877 4911 Fidelis
2918 4856 3084 4918 cnim,
3122 4857 3317 4925 inquit,
3371 4857 3535 4919 Deus,

1958 4968 2050 5038 qui
2086 4980 2195 5019 non
2233 4961 2376 5015 sinet
2413 4971 2512 5010 nos
2544 4950 2738 5005 tentari
2765 4964 2928 5017 supra
2979 4963 3142 5017 quam
3201 4963 3537 5017 possumus;

1960 5063 2052 5117 sed
2123 5057 2284 5112 faciet
2352 5067 2474 5106 cum
2541 5045 2842 5099 tentatione
2899 5051 3225 5111 proventum
3280 5043 3346 5094 ".
3389 5061 3407 5092 ι
3447 5041 3540 5106 Et,

1967 5149 2266 5207 «Tentatio
2334 5141 2651 5213 patientiam
2717 5145 3023 5204 Operatur;
3088 5136 3349 5202 patientia
3409 5151 3540 5188 vero

1962 5242 2375 5315 probationem;
2425 5228 2676 5299 probatio
2727 5241 2855 5279 vero
2916 5239 3117 5292 Opem;
3176 5239 3300 5293 spes
3360 5235 3538 5277 autem

1947 5353 2060 5394 non
2120 5324 2504 5387 confundit".
2550 5341 2569 5373 ι
2633 5319 2720 5381 Ει,
2760 5337 2777 5369 ι
2839 5317 2942 5383 Qui
3001 5315 3431 5384 perseveraverit
3485 5315 3538 5368 in

1951 5431 2143 5489 finem,
2195 5423 2379 5476 salvus
2412 5415 2520 5470 erit
2564 5415 2631 5477 73;
2673 5431 2690 5463 ι
2724 5420 2801 5472 et,
2863 5428 2879 5459 ι
2941 5407 2996 5460 in
3031 5410 3291 5475 patientia
3356 5418 3538 5463 vestra

1956 5516 2312 5592 possidebitis
2345 5511 2557 5563 animas
2595 5516 2806 5558 vestras
2841 5500 2910 5554 ".
2954 5521 2972 5554 ι
3022 5501 3083 5553 Ει
3120 5501 3288 5553 frater
3327 5501 3540 5555 Domini

1954 5618 2024 5669 ita
2046 5610 2284 5680 loquitur
2309 5620 2321 5654 :
2349 5599 2548 5655 tOmne
2563 5597 2820 5666 gaudium
2841 5594 3170 5656 existimate,
3195 5592 3230 5645 fi
3246 5602 3393 5647 atres
3414 5593 3540 5648 mei.

264 5719 379 5782 σϐε,
408 5713 631 5781 ἀδελφοί
659 5730 782 5782 μου,
815 5711 942 5764 ὃταν
965 5710 1293 5778 πειρασμοῖς
1317 5707 1648 5776 περιπέσητε
1684 5706 1862 5758 ποικί-

1855 5734 1862 5746 ι
1954 5722 2076 5760 cum
2099 5702 2244 5756 enim
2272 5699 2324 5752 in
2357 5692 2524 5747 variis
2550 5689 2942 5743 tentationibus
2963 5687 3283 5746 incideritis.
3305 5688 3544 5740 scientes

259 5810 396 5870 λοις,
422 5807 812 5874 γινώσκοντες,
844 5804 927 5856 ὅτι
955 5802 1015 5855 τὸ
1039 5801 1284 5867 δοκίμιον
1312 5799 1466 5869 ὑμῶν
1487 5799 1585 5869 τῆς
1606 5800 1857 5861 πίστεως,

388 5923 436 5952 ⁶⁹
489 5894 632 5974 Ρειιί.
679 5931 819 5981 xvii,
869 5914 964 5971 '56.
1080 5913 1127 5944 "
1169 5910 1349 5967 Eccle.
1389 5925 1445 5976 ιι,
1511 5911 1563 5964 1.

283 5996 331 6030 ’⁸
355 5989 494 6047 Luc.
523 6005 636 6058 nt,
670 5986 761 6042 19.

1669 5913 1712 5943 ⁷³
1757 5910 1795 5963 ll
1848 5910 2043 5964 Thess.
2083 5920 2166 5974 ιιι,
2202 5905 2256 5958 3.

1958 5796 2104 5868 quod
2135 5789 2382 5860 probatio
2439 5783 2564 5838 ﬁdei
2614 5790 2810 5836 vestra:
2865 5778 3181 5848 patientiam
3237 5778 3538 5847 o'peratur;

2381 5899 2426 5957 ,π’
2462 5895 2622 5951 llom.
2674 5911 2728 5963 v,
2783 5894 2836 5949 5.
2942 5894 2988 5925 "
3013 5891 3205 5947 Matth.
3255 5909 3405 5962 xxtv,
3452 5893 3538 5949 13.
