4278 6442
690 421 800 485 675

1527 417 1869 481 CALLISTI
1910 419 2009 478 ET
2051 416 2352 479 lGNATll
2392 416 3085 479 XANTIIOPUJNFM

3842 409 3948 474 676

693 538 950 608 patientia
1006 551 1136 591 vero
1160 550 1297 605 opus
1333 535 1635 605 perfectum
1693 536 1875 595 habet.
1915 545 1973 590 ut
2012 536 2132 591 sitis
2154 551 2279 605 per-

2384 536 2773 607 κατεργάζεται
2803 535 3084 605 ὑπομονὴν
3109 550 3123 565 ·
3150 531 3254 603 ἡδὲ
3286 529 3554 601 ὑπομονὴ,
3582 528 3745 599 ἔργον
3758 529 3961 583 τέλειον

695 630 819 684 lecti
897 639 953 682 et
1030 628 1250 697 integri,
1313 630 1364 681 in
1417 628 1568 683 nullo
1623 629 1941 683 deﬁcientes
1999 629 2067 683 ".
2122 646 2141 680 ι
2188 628 2273 688 Ει,

700 738 719 771 c
761 717 957 772 Beatus
1022 721 1218 783 homo,
1291 720 1381 786 qui
1448 719 1644 774 snlIert
1695 722 2071 781 irritationem,
2128 720 2280 787 quia,

697 823 982 879 postquam
1018 812 1281 877 probatus
1312 812 1498 873 luerit,
1534 814 1764 883 arripiet
1828 827 2088 866 coronam
2133 812 2276 875 vita‘,

699 918 860 965 titiam
902 904 1151 972 promisit
1214 904 1475 959 Dominus
1534 905 1890 973 diligentibus
1920 920 1979 960 se
2022 905 2089 957 ".
2125 924 2143 957 ι
2190 903 2279 967 Ει,

705 1018 719 1045 ι
759 996 871 1049 Non
918 1007 1043 1050 sunt
1085 998 1373 1065 condignae
1426 1002 1678 1067 passione
1712 999 1873 1063 hujus
1914 999 2174 1065 temporis
2215 997 2280 1050 ad

697 1093 936 1145 futuram
964 1091 1192 1155 gloriam
1231 1107 1351 1159 qum
1376 1091 1705 1143 revelabitur
1734 1092 1787 1143 in
1823 1090 1981 1144 nobis
2009 1091 2076 1143 ".
2124 1107 2142 1141 ι
2196 1088 2279 1152 Et,

707 1205 721 1231 α
768 1183 1056 1237 Sustinens
1085 1182 1321 1235 sustinui
1356 1182 1666 1247 hominum,
1695 1193 1743 1235 et
1775 1183 2000 1234 adha'sit
2045 1180 2199 1244 mihi,
2230 1190 2285 1235 et

701 1273 979 1325 exaudivit
1014 1274 1315 1325 orationem
1352 1287 1547 1337 meam,
1579 1282 1631 1326 cl
1678 1273 1864 1325 eduxit
1898 1287 1984 1324 lue
2038 1272 2107 1324 de
2162 1271 2283 1325 lacu

706 1369 939 1420 miserim
970 1376 1022 1419 et
1061 1364 1129 1418 de
1180 1364 1293 1418 luto
1329 1365 1511 1431 l’azcis;
1549 1377 1602 1418 et
1631 1365 1821 1417 statuit
1855 1379 2016 1432 super
2074 1373 2283 1433 petram

710 1460 870 1525 pedes
900 1474 1071 1521 meos,
1107 1465 1160 1509 et
1190 1458 1385 1511 direxit
1428 1472 1649 1527 gressus
1681 1471 1850 1517 meos,
1881 1468 1934 1509 et
1972 1456 2196 1508 immisit
2230 1454 2283 1507 iii

705 1565 965 1604 usuri-uin
996 1549 1272 1602 canticum
1301 1565 1518 1614 novum,
1553 1548 1816 1619 hymnum
1852 1546 2161 1602 DeonOstro
2179 1545 2279 1600 ⁷⁸.»

708 1639 906 1692 Scribit
964 1648 1143 1692 autem
1178 1640 1337 1691 etiam
1383 1638 1575 1691 beatus
1638 1638 1860 1690 Simeon
1896 1636 2287 1702 Metaphrastes

713 1751 729 1782 ι
780 1735 973 1786 Anima
1011 1732 1356 1801 qua-amotis
1378 1731 1545 1783 divini
1571 1730 1803 1783 vinculis
1834 1730 2107 1797 alligatur,
2134 1726 2285 1780 nihili

708 1827 1211 1893 reputatdolurein,
1266 1825 1357 1877 sed
1399 1824 1559 1878 malis
1621 1822 1855 1885 laetatur,
1915 1829 1971 1874 et
2023 1816 2287 1874 arumnis

2374 631 2567 700 ἐχέτω,
2602 630 2689 682 ἵνα
2717 624 2814 697 ἦτε
2846 628 3067 687 τέλειοι,
3100 626 3194 678 κα)⁸
3222 622 3526 693 ὁλόκληροι,
3550 624 3606 674 ἐν
3637 621 3826 691 μηδενὶ
3850 620 3965 673 λει-

2381 725 2628 793 πόμενοι.
2659 722 2787 786 Καὶ,
2816 721 3102 790 Μακάριος
3131 716 3439 786 ἄνθρωπος,
3467 714 3526 777 ὃς
3553 713 3817 783 ὑπομένει
3851 728 3967 765 πειο

2384 817 2617 886 ρασμδν,
2641 816 2725 868 ὅτι
2770 813 2994 882 δόκιμος
3030 810 3348 879 γενόμενος,
3375 807 3610 878 λήψεται
3639 805 3733 858 τὸν
3764 804 3965 873 στέφα-

2386 926 2475 962 νον
2498 909 2593 977 τῆς
2621 906 2787 975 ζωῆς,
2827 905 2886 958 ὃν
2910 903 3275 973 ἐπηγγείλατο
3304 903 3332 953 6
3359 900 3565 973 Κύριτς
3596 902 3707 962 τοῖς
3738 896 3967 964 ἀγαπῶ-

2382 1018 2465 1054 σιν
2500 1002 2692 1053 αὐτόν·
2726 1000 2842 1060 καὶ,
2873 999 2985 1052 Οὐκ
3013 998 3138 1061 ἄξια
3161 996 3231 1049 τά
3258 994 3565 1065 παθήματα
3599 992 3695 1046 τοῦ
3731 992 3825 1045 νῦν
3853 1010 3972 1045 καις

2387 1090 2505 1159 ροῦ,
2542 1090 2677 1159 πρὸς
2721 1090 2822 1156 τὴν
2853 1088 3158 1158 μέλλουσαν
3196 1087 3356 1152 δόξαν
3385 1083 3848 1151 ἀποκαλυφθῆναι
3894 1084 3972 1145 είς

2380 1184 2561 1251 ἡμᾶς’
2612 1180 2729 1247 καὶ,
2772 1180 3090 1248 Ὕπομένων
3150 1180 3419 1248 ὑπέμεινα
3466 1177 3556 1231 τὸν
3611 1175 3841 1247 Κύριον,
3877 1178 3973 1229 καὶ

2384 1275 2648 1346 προσέσχε
2686 1291 2800 1343 μοι,
2844 1275 2940 1327 καὶ
2983 1274 3273 1341 είσήκουσε
3310 1276 3407 1339 τῆς
3451 1270 3689 1340 δεήσεως
3723 1286 3849 1338 μου,
3877 1270 3972 1319 καὶ

2387 1367 2635 1437 ἀνήγαγε
2669 1383 2738 1436 με
2763 1370 2827 1419 ἐκ
2867 1365 3073 1420 λάκκου
3105 1364 3505 1433 ταλαιπωρίας,
3536 1364 3635 1417 καὶ
3656 1363 3763 1415 ἀπὸ
3800 1361 3972 1430 πηλοῦ

2385 1458 2552 1519 ἰλύος,
2597 1460 2695 1511 καὶ
2741 1458 2970 1528 ἔστησεν
3000 1458 3092 1510 ἐπὶ
3126 1457 3333 1528 πέτραν
3355 1456 3481 1519 τοὺς
3508 1458 3677 1519 πόδας
3710 1473 3839 1525 μου,
3879 1455 3973 1507 καὶ

2384 1548 2680 1601 κατεύθυνε
2726 1549 2801 1601 τὰ
2839 1548 3162 1619 διαδήματά
3198 1566 3302 1618 μου
3325 1588 3339 1611 ,
3372 1548 3467 1601 καὶ
3519 1548 3775 1602 ἐνέϐαλεν
3802 1550 3883 1611 είς
3913 1547 3976 1601 τὸ

2385 1641 2557 1710 στόμα
2596 1658 2695 1711 μου
2726 1637 2877 1714 ᾆσμα
2913 1642 3121 1706 καινὸν,
3166 1643 3335 1710 ὕμνον
3356 1642 3435 1712 τῷ
3468 1639 3588 1712 Θεῷ
3624 1642 3801 1711 ἡμῶν.
3832 1640 3976 1712 Γράς

2383 1748 2472 1799 φει
2497 1732 2553 1784 δὲ
2583 1734 2673 1785 καὶ
2701 1735 2729 1785 6
2760 1734 3027 1803 μακάριος
3057 1732 3283 1803 Συμεὼν
3312 1734 3341 1785 6
3382 1734 3818 1803 Μεταφραστήςο
3854 1733 3973 1785 Ψυ-

2383 1826 2451 1893 χὴ
2479 1824 2698 1893 δεσμοῖς
2731 1826 2933 1879 ἁλοῦσα
2956 1826 3051 1879 τοῦ
3076 1828 3213 1898 πρὸς
3239 1825 3372 1879 Θεὸν
3400 1826 3626 1896 ἔρωτος,
3648 1826 3800 1896 οῦδὲν
3824 1827 3979 1895 ἡγεῖ-

712 1918 949 1971 llorescit
976 1934 990 1979 ;
1034 1927 1082 1971 et
1111 1916 1332 1984 quando
1367 1915 1501 1969 nihil
1527 1916 1679 1968 triste
1706 1929 1804 1983 pro
1838 1914 2038 1968 dilecto
2059 1913 2281 1979 patitur,

2387 1884 2475 1969 ¹τοῖι
2523 1884 2870 1988 τδπάσχειν,
2920 1919 3057 1971 ἀλλὰ
3101 1884 3213 1982 τοῖς
3255 1884 3526 1986 ἀλγεινοῖς
3575 1884 3980 1988 ἐντρυφᾷ,υκαὶ

712 2028 837 2064 tunc
873 2027 931 2063 se
995 2012 1229 2063 niax’nie
1290 2009 1397 2078 pati
1449 2009 1656 2073 credit;
1709 2007 2088 2060 remissionem
2137 2004 2285 2058 enim

713 2117 766 2161 υι
812 2121 1027 2174 ι›ωιι;ιηι
1092 2104 1248 2173 l'ugit.

717 2301 789 2355 De
813 2301 997 2353 timore
1024 2298 1142 2365 Dei,
1182 2299 1322 2369 quod
1357 2298 1549 2366 duplex
1582 2307 1697 2353 est:
1729 2296 2092 2369 incipiendum
2128 2297 2289 2351 timor

1176 2384 1225 2423 et
1255 2374 1604 2438 per/‘ectorum
1638 2372 1836 2425 timor.’

776 2488 863 2541 Π.
908 2485 1023 2539 Non
1068 2488 1425 2539 dubitandum
1475 2498 1560 2542 est
1600 2497 1789 2542 autem
1820 2504 1968 2543 nunc
2013 2488 2197 2543 dicere
2226 2496 2281 2543 et

705 2579 773 2633 de
799 2581 1001 2648 duplici
1032 2580 1122 2633 Dei
1158 2592 1377 2645 timore,
1421 2585 1521 2634 etsi
1559 2596 1656 2649 pro
1709 2591 1894 2635 nostro
1948 2583 2103 2635 libito
2161 2590 2282 2650 post

710 2679 871 2728 linem
915 2675 1167 2728 indicata:
1194 2692 1221 2727 a
1249 2676 1405 2729 nobis
1445 2677 1717 2728 dietorum
1778 2676 2015 2743 capitum
2063 2676 2282 2730 decadis

705 2771 771 2819 de
802 2768 1045 2835 perl'ccto
1072 2769 1267 2821 timore
1322 2768 1632 2837 loquentes,
1689 2769 1889 2837 prioris
1945 2769 2160 2824 timoris
2190 2785 2283 2824 or-

706 2861 889 2912 dinem
919 2859 1294 2914 turbatinins:
1328 2872 1450 2930 post
1476 2862 1635 2915 fidem
1666 2864 1812 2916 enim
1845 2864 2009 2917 timor
2029 2878 2058 2915 a
2080 2862 2284 2917 sanctis

709 2949 966 3004 l’atribus
996 2951 1303 3006 ordinatur.

878 3175 956 3229 De
981 3176 1159 3243 priore
1197 3176 1409 3238 timore,
1441 3175 1617 3245 qualis
1651 3186 1729 3231 est
1760 3178 2143 3247 insipientium.

785 3335 936 3389 Scito
964 3334 1153 3403 igitur,
1193 3334 1573 3400 dilectissime,
1605 3337 1850 3390 timorem
1888 3336 1983 3391 Dei
2017 3336 2288 3406 duplicem

710 3444 852 3493 csse,
911 3444 1077 3481 unum
1126 3430 1347 3498 quidem
1399 3428 1801 3497 incipientium,
1865 3428 2097 3482 alterum
2166 3443 2292 3497 per-

711 3519 1003 3573 lectorum.
1031 3517 1107 3572 De
1169 3520 1350 3586 priore
1390 3521 1561 3589 igitur
1609 3522 1873 3588 scriptum
1909 3532 2035 3575 est:
2100 3539 2119 3571 ι
2182 3520 2294 3573 ιιιίο

715 3613 848 3664 tium
880 3613 1165 3680 sapientiae
1208 3612 1373 3665 timor
1428 3611 1642 3665 Domini
1700 3613 1778 3678 7';
1814 3632 1831 3664 ι
1886 3620 1960 3676 et,
2018 3632 2037 3664 ι
2086 3610 2291 3677 Venite,

716 3704 842 3769 lilii,
887 3706 1071 3759 audite
1100 3721 1207 3766 tne,
1248 3706 1498 3758 timorem
1537 3705 1751 3759 Domini
1808 3706 2016 3761 docebo
2048 3721 2145 3759 vos
2165 3704 2233 3759 ”.
2270 3722 2289 3756 ι

716 3796 802 3859 λιι,
865 3815 883 3847 ι
919 3798 1136 3851 Timore
1165 3797 1378 3852 Domini
1422 3798 1603 3853 omnis
1639 3816 1666 3852 a
1725 3799 1868 3853 man
1901 3800 2136 3853 declinat
2157 3800 2235 3866 ⁸¹;
2272 3817 2291 3851 ι

714 3899 789 3951 et,
828 3907 847 3937 σ
920 3888 1018 3943 Ubi
1098 3891 1265 3943 timor
1309 3890 1403 3944 Dei
1434 3899 1537 3954 est,
1574 3891 1645 3944 ibi
1709 3892 1950 3959 impletio
2014 3894 2297 3946 mandato-

718 3992 835 4028 inm
866 3976 932 4030 ".
967 3995 983 4027 υ
1021 3977 1159 4032 Dicit
1189 3987 1448 4033 autemet
1494 3981 1619 4048 pius
1670 3980 1861 4034 Isaac:
1904 4000 1922 4032 ε
1962 3980 2150 4036 Timor
2202 3980 2296 4037 Dei

719 4068 935 4121 initium
972 4080 1056 4122 est
1102 4071 1339 4125 virtutis.
1400 4072 1613 4125 Dicitur
1650 4087 1779 4127 vero
1810 4089 1934 4127 eum
2000 4090 2122 4129 esse
2176 4074 2299 4129 ﬁdei

717 4160 992 4228 fructum;
1031 4173 1085 4217 et
1117 4166 1421 4218 seminatur
1452 4166 1507 4218 in
1534 4166 1724 4231 corde,
1760 4182 1886 4220 cum
1939 4183 2093 4222 mens
2123 4184 2153 4221 a
2184 4167 2302 4223 dis-

719 4257 989 4311 tractione
1038 4258 1225 4310 mundi
1302 4259 1608 4329 seiungitur
1665 4270 1721 4315 et
1759 4260 2114 4329 cogitationes
2173 4277 2303 4319 suas

719 4349 927 4416 colligit
957 4360 1230 4413 errantes,
1265 4366 1331 4404 ex
1363 4352 1750 4416 inconstantia,
1795 4356 1849 4406 in
1894 4354 2092 4410 futura:
2141 4358 2303 4411 resti-

720 4442 946 4496 tutionis
969 4443 1431 4500 conlahulatione.
1477 4445 1558 4511 Et,
1595 4465 1612 4497 σ
1638 4446 1860 4502 Initium
1888 4465 2029 4503 verte
2065 4451 2304 4506 hominis

718 4536 840 4586 vita:
871 4534 1035 4588 timor
1065 4534 1315 4595 Domini;
1348 4540 1441 4607 qui
1513 4554 1637 4594 cum
1690 4540 1889 4595 mentis
1940 4544 2301 4597 inconstantia

2311 3255 2358 3313 (Ξ

2385 1997 2569 2062 θαλλει
2594 2010 2974 2082 κακοπαθείᾳ·
3004 2012 3098 2064 καὶ
3124 2013 3254 2064 ὅταν
3284 2012 3440 2064 οῦδὲν
3471 2012 3613 2081 ὑπὲρ
3644 2010 3738 2063 τοῦ
3767 2011 3980 2081 ἐρωμέ-

2386 2117 2479 2154 νου
2506 2102 2705 2170 πάσχει
2734 2102 2843 2153 τῶν
2872 2100 3155 2172 λυπηρῶν,
3178 2101 3303 2153 τότε
3341 2102 3575 2171 πάσχειν
3594 2102 3810 2170 ἡγεῖται
3838 2099 3981 2168 μᾶλ-

2384 2191 2496 2253 λον,
2536 2192 2719 2254 καίώς
2753 2193 2976 2245 κόλασιν
3010 2192 3110 2263 τὴν
3138 2191 3325 2243 ἄνεσιν
3351 2190 3657 2261 διαφεύγει.
3683 2209 3701 2242 ι

2387 2302 2527 2371 Περὶ
2553 2306 2743 2373 φόϐου
2783 2305 2953 2367 Θεοῦ,
2988 2305 3079 2358 ὅτι.
3111 2304 3369 2369 διπλοῦς
3390 2322 3405 2336 ο
3437 2308 3483 2358 d'
3500 2305 3616 2372 μὲν
3657 2303 3775 2357 τῶν
3798 2303 3985 2374 ἀρχα-

2787 2379 2961 2442 ρίων,
2994 2379 3026 2429 ό
3056 2375 3123 2427 δὲ
3148 2374 3267 2428 τῶν
3297 2376 3563 2429 τελείων.

2462 2486 2547 2552 ιζ’.
2590 2488 2704 2541 Οὔκ
2740 2489 3002 2560 ὀκνητέον
3044 2488 3105 2541 δὲ
3151 2488 3320 2542 τανῦν
3362 2488 3861 2558 διαμνημονεῦσαι,
3887 2489 3984 2542 καὶ

2393 2581 2520 2651 περὶ
2546 2579 2640 2633 τοῦ
2684 2582 2825 2633 κατὰ
2864 2582 2997 2633 Θεὸν
3040 2580 3230 2634 διπλοῦ
3272 2580 3465 2650 φόϐου,
3507 2584 3555 2633 εί
3616 2582 3708 2633 καί
3741 2599 3859 2643 πως
3892 2583 3985 2635 διά

2392 2689 2455 2741 γε
2486 2673 2548 2724 τὸ
2575 2671 2735 2736 δόξαν
2784 2674 2936 2741 ἡμῖν,
2974 2674 3114 2741 μετὰ
3163 2673 3224 2725 τὸ
3263 2671 3416 2735 τέλος
3445 2673 3545 2741 τῆς
3573 2671 3986 2743 σημειωοείσης

2392 2766 2527 2833 ἡμῖν
2559 2763 2782 2827 δεκάδος
2815 2764 2925 2817 τῶν
2967 2764 3277 2834 εἰρημένων
3309 2764 3645 2832 κεφαλαίων,
3676 2764 3986 2834 μνησθῆναι

2396 2857 2524 2927 περὶ
2551 2856 2646 2909 τοῦ
2679 2857 2890 2909 τελείου
2918 2855 3109 2926 φόϐου,
3137 2855 3236 2925 τὴν
3260 2855 3412 2920 τάξιν
3439 2855 3533 2909 τοῦ
3566 2855 3785 2927 πρώτου
3818 2854 3987 2924 φόϐου

2397 2948 2929 3019 παρεσαλεύσαμεν·
2992 2949 3129 3019 μετὰ
3186 2949 3286 3019 τὴν
3342 2950 3545 3016 πίστιν,
3595 2951 3625 3002 6
3677 2948 3841 3019 φόϐος
3873 2952 3992 3013 τοῖς

2397 3040 2563 3104 θείοις
2595 3041 2844 3110 Πατράσι
2868 3041 3148 3096 τέτακται.

2400 3158 2537 3229 Περὶ
2575 3158 2680 3213 τοῦ
2709 3158 2945 3226 πρώτου
2983 3159 3173 3227 φόϐου
3193 3174 3206 3187 ·
3240 3156 3361 3225 ἠως
3403 3155 3504 3229 [ἶσ.
3535 3154 3684 3229 οἷος]
3722 3156 3844 3210 τῶν
3878 3157 3987 3225 ἀρ-

3071 3229 3313 3296 χορίων.

2478 3340 2614 3395 Ἴσοι
2651 3340 2860 3404 τοίνυν,
2906 3340 3155 3409 φίλτατε,
3205 3339 3287 3391 ὅτι
3319 3339 3349 3391 6
3383 3338 3548 3407 φόϐος
3578 3342 3607 3393 6
3652 3339 3795 3392 κατά
3834 3339 3993 3406 Θεὸν,

2397 3432 2621 3496 διπλοῦς
2659 3436 2830 3495 ἐστιν,
2860 3435 2887 3485 6
2922 3433 3040 3502 μὲν,
3090 3431 3203 3483 ’τῶν
3235 3431 3540 3500 ἀρχαρίων,
3584 3432 3613 3483 6
3642 3431 3720 3494 δὲ,
3758 3431 3869 3483 τῶν
3898 3449 3997 3483 τε-

2399 3520 2580 3576 λείων.
2618 3522 2729 3576 Καὶ
2757 3524 2886 3591 περὶ
2913 3521 3012 3590 μὲν
3043 3518 3139 3572 τοῦ
3172 3520 3395 3589 πρώτου
3438 3518 3583 3571 οὕτω
3637 3521 3951 3589 γέγραπται
3976 3535 3992 3551 ⁸

2406 3630 2425 3663 ι
2460 3610 2629 3682 Ἀρχὴ
2660 3612 2872 3678 σοφίας,
2890 3609 3051 3676 φόϐος
3071 3609 3279 3680 Κυρίου
3307 3626 3321 3639 ·
3353 3627 3371 3659 ι
3399 3612 3514 3675 καλ,
3542 3627 3561 3659 ι
3584 3609 3773 3674 Δεῦτε,
3801 3611 3996 3673 τέκνα,

2399 3702 2668 3758 ἀκούσατέ
2689 3719 2813 3769 μου,
2832 3702 2997 3770 φόϐον
3013 3702 3216 3771 Κυρίου
3231 3702 3428 3768 διδάξω
3445 3703 3611 3772 ὑμᾶς·
3641 3721 3659 3754 ι
3684 3703 3799 3766 καὶ,
3823 3721 3842 3754 σ
3870 3704 3996 3757 Ὅτι

2400 3795 2478 3865 τῷ
2512 3796 2663 3865 φόϐῳ
2692 3795 2899 3863 Κυρίου
2946 3793 3185 3846 ἐκκλίνει
3215 3794 3324 3857 πᾶς
3351 3794 3460 3846 ἀπὸ
3480 3793 3653 3847 κακοῦ
3676 3811 3690 3825 ’
3718 3814 3736 3846 ι
3769 3797 3885 3860 καὶ,
3915 3790 3998 3849 Οὗ

2402 3885 2589 3957 φόϐος,
2622 3886 2853 3940 ἐντολῶν
2876 3886 3131 3957 τήρησις.
3149 3885 3309 3954 Λέγει
3336 3885 3394 3938 δὲ
3426 3885 3520 3938 καὶ
3551 3888 3580 3939 6
3604 3887 3752 3949 ὅσιος
3781 3888 3997 3941 Ἰσαάκ·

2408 3999 2427 4033 ι
2448 3981 2508 4033 '0
2526 3980 2689 4049 φόϐος
2700 3979 2793 4032 τοῦ
2813 3979 2950 4032 Θεοῦ
2987 3980 3128 4049 ἀρχή
3149 3980 3265 4030 ἐστι
3287 3978 3620 4048 τῆςὰρετῆς.
3649 3998 3668 4030 ι
3687 3980 3921 4048 Λέγεται
3936 3980 3999 4034 ὁὶ

2404 4071 2543 4130 εἶναι
2576 4076 2824 4145 γέννημα
2850 4075 2948 4144 τῆς
2972 4075 3231 4138 πίστεως,
3262 4075 3357 4127 καὶ
3384 4073 3669 4143 σπείρεται
3687 4076 3745 4126 ὲν
3769 4075 3996 4144 καρδία,

2402 4168 2532 4221 ὅταν
2561 4164 2914 4236 άποχωρισθῇ
2947 4164 2980 4234 ή
3004 4164 3233 4227 διάνοια,
3264 4164 3328 4216 ἐκ
3354 4161 3447 4215 τοῦ
3483 4164 3872 4233 περισπασμοῦ
3898 4166 4002 4219 τοῦ

2384 4251 2634 4329 ’κόσμου,
2662 4256 2759 4309 τοῦ
2795 4255 3023 4321 συνάξαι
3045 4254 3143 4318 τὰς
3177 4256 3395 4324 νοήσεις
3425 4255 3600 4323 αὐτῆς
3642 4254 3740 4319 τὰς
3791 4255 4002 4326 ρεμσο-

2408 4352 2575 4422 μένας
2609 4352 2673 4403 ἑκ
2696 4347 2790 4402 τοῦ
2824 4346 3227 4418 μετεωρισμοῦ,
3256 4349 3315 4400 ἐν
3336 4350 3401 4419 τῇ
3431 4347 3717 4418 ἀδολεσχίᾳ
3736 4348 3840 4417 τῆς
3869 4349 4004 4418 μελ-

2406 4443 2607 4512 λούσης
2638 4440 3165 4502 ἁποκαταστάσεως.
3208 4440 3340 4504 Καὶ,
3385 4440 3557 4511 Ἀρχὴ
3609 4441 3709 4508 τῆς
3735 4440 4007 4511 ἀληθινῆς

2407 4534 2554 4605 ζωῆς
2580 4533 2676 4587 τοῦ
2692 4532 3003 4604 ἀνθρώπου,
3034 4534 3064 4585 6
3091 4531 3255 4600 φόϐος
3276 4532 3370 4585 τοῦ
3394 4532 3531 4585 Θεοῦ
3551 4550 3564 4563 ·
3596 4533 3693 4586 καὶ
3714 4527 3875 4594 οὗτος
3900 4534 4006 4586 σὺν

721 4626 774 4678 in
833 4626 1194 4694 quorumdam
1260 4628 1543 4685 hominum
1605 4634 1898 4687 animabus
1950 4650 2299 4703 perseverare

2411 4600 2776 4695 μετεωρισμῷ
2796 4600 2968 4676 ’τινων
3015 4624 3074 4676 ὲν
3108 4625 3175 4693 τῇ
3219 4622 3365 4693 ψυχῇ
3399 4623 3677 4692 διαμεῖναι
3708 4624 3771 4677 ού
3804 4623 4003 4676 πείθε-

721 4718 949 4786 nequit;
992 4738 1010 4769 ι
1049 4729 1126 4786 et,
1155 4722 1319 4787 Cura,
1350 4734 1410 4778 ut
1437 4725 1492 4778 in
1526 4725 1720 4781 itinere
1752 4735 1844 4780 tuo
1878 4725 2294 4781 fundamentum

720 4822 893 4876 ponas
932 4812 1193 4881 timorem
1228 4814 1466 4881 Domini,
1491 4829 1542 4871 et
1573 4819 1749 4887 possis
1790 4828 1915 4890 post
1942 4835 2147 4888 paucos
2181 4819 2296 4873 dies

725 4902 796 4957 ad
831 4903 981 4973 regni
1006 4904 1204 4973 januas
1235 4910 1541 4975 pervenire,
1579 4911 1788 4981 absque
1820 4914 1918 4965 via:
1952 4910 2297 4981 ambagibus.

972 5096 1045 5151 De
1070 5097 1297 5150 secundo
1338 5106 1387 5150 et
1422 5098 1653 5167 perfecto
1693 5097 1791 5151 Dei
1844 5102 2054 5155 timore.

798 5192 872 5247 De
894 5193 1136 5247 secundo
1164 5201 1369 5252 autem.
1420 5192 1633 5247 scilicet
1694 5193 1934 5263 perfecto
1973 5195 2066 5251 Dei
2112 5198 2307 5255 timore

727 5301 806 5342 Sic
835 5287 1041 5339 dictum
1080 5293 1209 5339 est:
1246 5302 1265 5335 ι
1306 5283 1503 5337 Beatus
1544 5286 1624 5337 vir
1675 5286 1766 5355 qui
1803 5287 1956 5341 timet
1990 5286 2303 5355 Dominum,

728 5376 782 5429 in
850 5375 1120 5429 mandatis
1181 5390 1300 5444 eius
1351 5379 1492 5429 volet
1531 5379 1691 5431 nnnis
1737 5381 1800 5431 ⁸⁸.
1847 5397 1865 5428 ι
1925 5390 1999 5439 et,
2074 5398 2092 5431 ι
2160 5382 2308 5435 Beati

727 5484 919 5521 omnes
948 5472 1041 5537 qui
1080 5468 1272 5521 timent
1321 5468 1636 5534 Dominum,
1668 5471 1759 5538 qui
1794 5472 2080 5525 ambulant
2112 5472 2165 5525 in
2204 5475 2307 5528 viis

784 5576 847 5612 ns
868 5559 933 5612 “.
976 5576 992 5609 ι
1028 5558 1092 5610 Et
1132 5577 1150 5610 ι
1181 5557 1389 5612 Timete
1416 5559 1699 5613 Dominum
1728 5576 1921 5616 omnes
1948 5566 2122 5615 sancti
2164 5563 2307 5631 ejus,

673 5646 859 5743 ,ξηρῇ
892 5659 1109 5702 nonest
1160 5649 1340 5717 inopia
1382 5651 1694 5706 timentibus
1749 5668 1874 5706 eum
1927 5653 2011 5719 ";
2050 5664 2122 5720 et,
2165 5654 2305 5711 Ecce

762 5796 807 5826 ⁷³
844 5793 956 5849 .lac.
1000 5810 1039 5856 t,
1068 5793 1185 5848 5-4.
1277 5794 1324 5825 ’⁸
1355 5792 1486 5848 ibid.
1526 5793 1612 5848 l2.
1714 5796 1763 5827 "
1792 5796 2090 5857 Rom.vui.
2149 5800 2230 5855 18.

732 5882 925 5933 xxxni,
966 5864 1051 5919 l2.
1152 5865 1193 5895 "
1232 5863 1397 5918 Eccli.
1434 5880 1467 5929 i,
1514 5863 1603 5918 27.
1684 5867 1727 5896 "
1755 5867 1920 5926 Eccli.
1960 5872 2125 5937 it,:’.l.

2330 5803 2378 5833 "
2436 5800 2579 5854 Psal.
2636 5816 2863 5859 xxxv".
2921 5800 2956 5852 2
3006 5814 3162 5865 seqq.

2202 5872 2245 5901 ⁵³
2280 5872 2419 5926 Ροιιῑ.
2450 5888 2560 5935 est,
2604 5872 2650 5926 l.

2407 4733 2533 4771 ται·
2565 4716 2681 4779 καὶ,
2705 4716 2999 4786 Σοφίσθητι
3039 4716 3135 4769 τοῦ
3167 4717 3343 4768 θεῖναι
3379 4715 3632 4785 θεμέλιον
3675 4717 3734 4767 ὲν
3761 4719 3827 4785 τῇ
3862 4715 4009 4768 ὁδοι-

2408 4805 2575 4875 πορία
2603 4822 2699 4858 σου
2728 4804 2817 4858 τὸν
2835 4804 3002 4872 φόϐον
3030 4802 3124 4857 τοῦ
3150 4802 3311 4867 Θεοῦ,
3334 4804 3429 4856 καὶ
3451 4806 3509 4856 ὲν
3529 4804 3739 4871 ὀλίγαις
3761 4806 4008 4873 ἡμέραις

2408 4896 2851 4950 ἀποκαθίστασαι
2882 4895 2941 4948 ὲν
2966 4898 3033 4966 τῇ
3064 4893 3208 4966 πύλῃ
3242 4895 3339 4965 τῆς
3366 4893 3667 4964 βασιλείας,
3703 4898 3876 4965 χωρὶς
3898 4912 4007 4948 κυ-

2410 4988 2679 5051 κλεύσεως
2709 4986 2853 5040 ὁδοῦ.

2518 5101 2655 5169 Περὶ
2681 5100 2789 5154 τοῦ
2823 5100 2931 5155 τοῦ
2963 5098 3025 5166 ,β’
3052 5101 3151 5155 καί
3184 5100 3421 5155 τελείου
3452 5100 3616 5155 θείου
3650 5099 3844 5169 φόϐου

2483 5216 2618 5286 Περὶ
2643 5214 2700 5267 δὲ
2732 5213 2828 5267 τοῦ
2858 5214 3137 5286 δευτέρου,
3172 5215 3292 5285 ἦτοι
3323 5215 3420 5267 τοῦ
3464 5212 3673 5267 τελείου
3718 5214 3869 5268 Θείου
3902 5216 4011 5286 φό-

2414 5309 2535 5373 ϐου,
2564 5308 2737 5372 οῦτως
2771 5308 2987 5379 εἴρηται
3006 5326 3019 5341 ·
3057 5326 3076 5359 t
3102 5308 3392 5377 Μακάριος
3438 5309 3579 5379 ἀνὴρ
3611 5311 3639 5362 ὁ
3665 5307 4011 5377 φοϐούμενος

2414 5404 2502 5458 τὸν
2529 5404 2755 5475 Κύριον,
2780 5405 2839 5457 ὲν
2864 5405 2981 5467 ταῖς
2999 5400 3241 5464 ἐντολαῖς
3267 5401 3432 5455 αὐτοῦ
3451 5402 3669 5473 θελήσει
3701 5401 3913 5472 σφόδρα
3936 5419 3954 5432 ·
3982 5421 4003 5455 ι

2417 5494 2532 5561 καὶ,
2563 5514 2582 5546 ι
2612 5494 2888 5565 Μακάριοι
2911 5495 3110 5558 πάντες
3143 5495 3194 5548 0i
3227 5493 3555 5565 φοϐούμενοι
3577 5493 3669 5546 τὸν
3692 5492 3924 5563 Κύριον,
3952 5495 4010 5547 οί

2416 5588 2773 5656 πορευόμενοι
2794 5591 2852 5636 ὲν
2871 5589 2987 5648 ταῖς
2999 5586 3138 5650 ὁδοῖς
3158 5588 3345 5641 αὑτοῦ·
3377 5609 3395 5642 ι
3426 5590 3543 5650 καὶ,
3569 5608 3589 5641 ι
3611 5588 3895 5660 Φοϐήθητε
3912 5587 4018 5642 τὸν

2417 5674 2647 5743 Κύριον,
2684 5675 2884 5738 πάντες
2916 5679 2965 5729 οἱ
3007 5677 3154 5744 ἅγιοι
3198 5677 3392 5747 αὑτοῦ,
3416 5679 3499 5732 δτι
3528 5681 3630 5733 οὐκ
3673 5678 3821 5731 ἔστιν
3852 5678 4020 5732 fictio

3262 5798 3308 5829 "
3351 5799 3514 5851 Prov.
3554 5812 3594 5864 I,
3632 5798 3685 5853 7.
3760 5796 3809 5831 ⁸⁸
3842 5796 3994 5855 Pal.

2732 5870 2946 5927 “Psal.
3000 5884 3211 5934 cum,
3258 5869 3308 5920 l.
3403 5870 3449 5899 "
3484 5869 3627 5923 l‘sal.
3660 5884 3858 5937 xum,
3900 5873 3996 5925 ιυ.
