  <div class='ocr_page' id='page_1' title='image "/cluster/home/n/w/nwhite01/storage/ocr_20150623/147/nnc1.0046980555/344.png"; bbox 0 0 4278 6442; ppageno 0'>
   <div class='ocr_carea' id='block_1_1' title="bbox 233 433 342 494">
    <p class='ocr_par' dir='ltr' id='par_1_1' title="bbox 233 433 342 494">
     <span class='ocr_line' id='line_1_1' title="bbox 233 433 342 494; baseline 0.009 -1"><span class='ocrx_word' id='word_1_1' title='bbox 233 433 342 494; x_wconf 68' lang='grc'><strong>6⁷17</strong></span> 
     </span>
    </p>
   </div>
   <div class='ocr_carea' id='block_1_2' title="bbox 1461 435 2267 505">
    <p class='ocr_par' dir='ltr' id='par_1_2' title="bbox 1461 435 2267 505">
     <span class='ocr_line' id='line_1_2' title="bbox 1461 435 2267 505; baseline -0.007 -6"><span class='ocrx_word' id='word_1_2' title='bbox 1461 442 1858 505; x_wconf 70' lang='grc' dir='ltr'><strong>οΡΗ8οΗ1.Ᾱ</strong></span> <span class='ocrx_word' id='word_1_3' title='bbox 1891 435 2267 499; x_wconf 77' lang='lat' dir='ltr'><strong>ASCETICA.</strong></span> 
     </span>
    </p>
   </div>
   <div class='ocr_carea' id='block_1_3' title="bbox 3413 439 3518 504">
    <p class='ocr_par' dir='ltr' id='par_1_3' title="bbox 3413 439 3518 504">
     <span class='ocr_line' id='line_1_3' title="bbox 3413 439 3518 504; baseline -0.038 1"><span class='ocrx_word' id='word_1_4' title='bbox 3413 439 3518 504; x_wconf 84' lang='lat'><strong>678</strong></span> 
     </span>
    </p>
   </div>
   <div class='ocr_carea' id='block_1_4' title="bbox 223 544 1912 626">
    <p class='ocr_par' dir='ltr' id='par_1_4' title="bbox 223 544 1888 616">
     <span class='ocr_line' id='line_1_4' title="bbox 223 544 1888 616; baseline 0.002 -19"><span class='ocrx_word' id='word_1_5' title='bbox 223 562 380 614; x_wconf 78' lang='grc' dir='ltr'>ρημα</span> <span class='ocrx_word' id='word_1_6' title='bbox 397 545 512 609; x_wconf 82' lang='grc' dir='ltr'>τοῖς</span> <span class='ocrx_word' id='word_1_7' title='bbox 530 544 887 616; x_wconf 81' lang='grc' dir='ltr'>φοϐουμένοις</span> <span class='ocrx_word' id='word_1_8' title='bbox 915 545 1076 600; x_wconf 79' lang='grc' dir='ltr'>αὐτόν</span> <span class='ocrx_word' id='word_1_9' title='bbox 1099 561 1111 575; x_wconf 86' lang='grc'><strong>·</strong></span> <span class='ocrx_word' id='word_1_10' title='bbox 1149 565 1166 598; x_wconf 80' lang='grc' dir='ltr'><strong>ι</strong></span> <span class='ocrx_word' id='word_1_11' title='bbox 1192 547 1310 609; x_wconf 71' lang='grc' dir='ltr'>καὶ,</span> <span class='ocrx_word' id='word_1_12' title='bbox 1340 565 1356 598; x_wconf 76' lang='grc' dir='ltr'><strong>ι</strong></span> <span class='ocrx_word' id='word_1_13' title='bbox 1397 547 1528 600; x_wconf 73' lang='grc' dir='ltr'>Ἰδοὺ</span> <span class='ocrx_word' id='word_1_14' title='bbox 1545 547 1716 609; x_wconf 83' lang='grc' dir='ltr'>οὕτως</span> <span class='ocrx_word' id='word_1_15' title='bbox 1735 545 1825 601; x_wconf 66' lang='grc' dir='ltr'><strong>οὖν</strong></span> <span class='ocrx_word' id='word_1_16' title='bbox 1850 563 1888 614; x_wconf 70' lang='grc' dir='ltr'><strong>Α</strong></span> 
     </span>
    </p>
   </div>
   <div class='ocr_carea' id='block_1_5' title="bbox 1821 544 3510 626">
    <p class='ocr_par' dir='ltr' id='par_1_5' title="bbox 1821 555 3510 626">
     <span class='ocr_line' id='line_1_5' title="bbox 1821 555 3510 626; baseline -0.002 -12"><span class='ocrx_word' id='word_1_17' title='bbox 1821 563 1888 614; x_wconf 74' lang='grc' dir='ltr'><strong>Ἀ</strong></span> <span class='ocrx_word' id='word_1_18' title='bbox 1920 559 2005 613; x_wconf 79' lang='lat' dir='ltr'><strong>sic</strong></span> <span class='ocrx_word' id='word_1_19' title='bbox 2062 557 2413 611; x_wconf 85' lang='lat' dir='ltr'><strong>benedicetur</strong></span> <span class='ocrx_word' id='word_1_20' title='bbox 2468 557 2648 618; x_wconf 85' lang='lat' dir='ltr'><strong>homo.</strong></span> <span class='ocrx_word' id='word_1_21' title='bbox 2705 555 2796 626; x_wconf 85' lang='lat' dir='ltr'><strong>qui</strong></span> <span class='ocrx_word' id='word_1_22' title='bbox 2839 556 2987 612; x_wconf 90' lang='lat' dir='ltr'><strong>timet</strong></span> <span class='ocrx_word' id='word_1_23' title='bbox 3052 557 3342 613; x_wconf 80' lang='lat' dir='ltr'><strong>Dominum</strong></span> <span class='ocrx_word' id='word_1_24' title='bbox 3390 560 3510 618; x_wconf 80' lang='lat'><strong>&quot;.|</strong></span> 
     </span>
    </p>
   </div>
   <div class='ocr_carea' id='block_1_6' title="bbox 230 635 1820 708">
    <p class='ocr_par' dir='ltr' id='par_1_6' title="bbox 230 635 1820 708">
     <span class='ocr_line' id='line_1_6' title="bbox 230 635 1820 708; baseline 0.001 -21"><span class='ocrx_word' id='word_1_25' title='bbox 230 635 971 706; x_wconf 75' lang='grc' dir='ltr'>λογηθήσεταιᾶνθρωπος,δ</span> <span class='ocrx_word' id='word_1_26' title='bbox 1011 637 1349 707; x_wconf 84' lang='grc' dir='ltr'>φοϐούμενος</span> <span class='ocrx_word' id='word_1_27' title='bbox 1384 639 1474 690; x_wconf 81' lang='grc' dir='ltr'>τὸν</span> <span class='ocrx_word' id='word_1_28' title='bbox 1511 639 1712 708; x_wconf 81' lang='grc' dir='ltr'>Κύριον</span> <span class='ocrx_word' id='word_1_29' title='bbox 1742 654 1755 667; x_wconf 88' lang='grc'><strong>·</strong></span> <span class='ocrx_word' id='word_1_30' title='bbox 1799 654 1820 688; x_wconf 73' lang='grc' dir='ltr'><strong>ι</strong></span> 
     </span>
    </p>
   </div>
   <div class='ocr_carea' id='block_1_7' title="bbox 223 728 1824 798">
    <p class='ocr_par' dir='ltr' id='par_1_7' title="bbox 223 728 1824 798">
     <span class='ocr_line' id='line_1_7' title="bbox 223 728 1824 798; baseline 0.004 -19"><span class='ocrx_word' id='word_1_31' title='bbox 223 728 343 792; x_wconf 70' lang='grc' dir='ltr'>καὶ,</span> <span class='ocrx_word' id='word_1_32' title='bbox 384 746 401 779; x_wconf 78' lang='grc' dir='ltr'><strong>ι</strong></span> <span class='ocrx_word' id='word_1_33' title='bbox 446 729 505 781; x_wconf 89' lang='grc' dir='ltr'><strong>Ὀ</strong></span> <span class='ocrx_word' id='word_1_34' title='bbox 539 728 703 797; x_wconf 83' lang='grc' dir='ltr'>φόϐος</span> <span class='ocrx_word' id='word_1_35' title='bbox 738 729 942 798; x_wconf 81' lang='grc' dir='ltr'>Κυρίου</span> <span class='ocrx_word' id='word_1_36' title='bbox 987 730 1171 797; x_wconf 77' lang='grc' dir='ltr'>ἁγνὸς,</span> <span class='ocrx_word' id='word_1_37' title='bbox 1205 730 1474 798; x_wconf 77' lang='grc' dir='ltr'><strong>διαμένων</strong></span> <span class='ocrx_word' id='word_1_38' title='bbox 1528 733 1607 794; x_wconf 79' lang='grc' dir='ltr'><strong>είς</strong></span> <span class='ocrx_word' id='word_1_39' title='bbox 1652 731 1824 785; x_wconf 81' lang='grc' dir='ltr'>αἰῶνα</span> 
     </span>
    </p>
   </div>
   <div class='ocr_carea' id='block_1_8' title="bbox 225 821 1819 893">
    <p class='ocr_par' dir='ltr' id='par_1_8' title="bbox 225 821 1819 893">
     <span class='ocr_line' id='line_1_8' title="bbox 225 821 1819 893; baseline 0 -18"><span class='ocrx_word' id='word_1_40' title='bbox 225 824 448 885; x_wconf 76' lang='grc' dir='ltr'>αἰῶνος.</span> <span class='ocrx_word' id='word_1_41' title='bbox 475 842 491 872; x_wconf 83' lang='grc' dir='ltr'><strong>ι</strong></span> <span class='ocrx_word' id='word_1_42' title='bbox 516 823 727 891; x_wconf 80' lang='grc' dir='ltr'>Γράφει</span> <span class='ocrx_word' id='word_1_43' title='bbox 744 821 797 873; x_wconf 84' lang='grc' dir='ltr'>δὲ</span> <span class='ocrx_word' id='word_1_44' title='bbox 833 823 928 874; x_wconf 61' lang='grc' dir='ltr'><strong>καὶ⁵</strong></span> <span class='ocrx_word' id='word_1_45' title='bbox 951 825 977 874; x_wconf 80' lang='grc' dir='ltr'>ὁ</span> <span class='ocrx_word' id='word_1_46' title='bbox 996 823 1056 890; x_wconf 55' lang='lat' dir='ltr'><strong>Ei}</strong></span> <span class='ocrx_word' id='word_1_47' title='bbox 1075 840 1152 885; x_wconf 76' lang='grc' dir='ltr'><strong>ιος</strong></span> <span class='ocrx_word' id='word_1_48' title='bbox 1171 823 1374 892; x_wconf 70' lang='grc' dir='ltr'>Πέτρος</span> <span class='ocrx_word' id='word_1_49' title='bbox 1397 825 1423 874; x_wconf 87' lang='grc' dir='ltr'>ὁ</span> <span class='ocrx_word' id='word_1_50' title='bbox 1443 824 1819 893; x_wconf 57' lang='grc' dir='ltr'>Δαμασκηνός</span> 
     </span>
    </p>
   </div>
   <div class='ocr_carea' id='block_1_9' title="bbox 234 913 1823 984">
    <p class='ocr_par' dir='ltr' id='par_1_9' title="bbox 234 913 1823 984">
     <span class='ocr_line' id='line_1_9' title="bbox 234 913 1823 984; baseline 0.002 -18"><span class='ocrx_word' id='word_1_51' title='bbox 234 936 250 966; x_wconf 76' lang='grc' dir='ltr'><strong>ι</strong></span> <span class='ocrx_word' id='word_1_52' title='bbox 278 917 514 982; x_wconf 85' lang='grc' dir='ltr'>Σημεῖον</span> <span class='ocrx_word' id='word_1_53' title='bbox 531 913 623 967; x_wconf 82' lang='grc' dir='ltr'><strong>τοῦ</strong></span> <span class='ocrx_word' id='word_1_54' title='bbox 650 914 868 983; x_wconf 80' lang='grc' dir='ltr'><strong>πρώτου</strong></span> <span class='ocrx_word' id='word_1_55' title='bbox 890 914 1080 983; x_wconf 78' lang='grc' dir='ltr'>φόϐου,</span> <span class='ocrx_word' id='word_1_56' title='bbox 1099 914 1160 966; x_wconf 75' lang='grc' dir='ltr'>τὸ</span> <span class='ocrx_word' id='word_1_57' title='bbox 1182 919 1378 982; x_wconf 83' lang='grc' dir='ltr'><strong>μισεῖν,</strong></span> <span class='ocrx_word' id='word_1_58' title='bbox 1399 916 1490 967; x_wconf 73' lang='grc' dir='ltr'>καὶ</span> <span class='ocrx_word' id='word_1_59' title='bbox 1510 915 1823 984; x_wconf 75' lang='grc' dir='ltr'>ὀργίζεσθαι</span> 
     </span>
    </p>
   </div>
   <div class='ocr_carea' id='block_1_10' title="bbox 223 1006 1820 1078">
    <p class='ocr_par' dir='ltr' id='par_1_10' title="bbox 223 1006 1820 1078">
     <span class='ocr_line' id='line_1_10' title="bbox 223 1006 1820 1078; baseline 0 -19"><span class='ocrx_word' id='word_1_60' title='bbox 223 1011 326 1076; x_wconf 72' lang='grc' dir='ltr'>τήν</span> <span class='ocrx_word' id='word_1_61' title='bbox 359 1009 658 1078; x_wconf 79' lang='grc' dir='ltr'>ἁμαρτίαν,</span> <span class='ocrx_word' id='word_1_62' title='bbox 688 1006 763 1069; x_wconf 82' lang='grc' dir='ltr'>ὡς</span> <span class='ocrx_word' id='word_1_63' title='bbox 795 1010 822 1060; x_wconf 84' lang='grc' dir='ltr'>ὁ</span> <span class='ocrx_word' id='word_1_64' title='bbox 854 1008 1082 1077; x_wconf 71' lang='grc' dir='ltr'>πληγεὶς</span> <span class='ocrx_word' id='word_1_65' title='bbox 1121 1008 1224 1061; x_wconf 72' lang='grc' dir='ltr'><strong>ὑπὸ</strong></span> <span class='ocrx_word' id='word_1_66' title='bbox 1269 1009 1432 1078; x_wconf 65' lang='grc' dir='ltr'>θηρός</span> <span class='ocrx_word' id='word_1_67' title='bbox 1470 1025 1485 1041; x_wconf 77' lang='grc' dir='ltr'><strong>ο</strong></span> <span class='ocrx_word' id='word_1_68' title='bbox 1509 1009 1600 1061; x_wconf 87' lang='grc' dir='ltr'><strong>τοῦ</strong></span> <span class='ocrx_word' id='word_1_69' title='bbox 1631 1009 1685 1061; x_wconf 86' lang='grc' dir='ltr'>δὲ</span> <span class='ocrx_word' id='word_1_70' title='bbox 1729 1026 1820 1062; x_wconf 87' lang='grc' dir='ltr'>τε-</span> 
     </span>
    </p>
   </div>
   <div class='ocr_carea' id='block_1_11' title="bbox 224 1100 1820 1173">
    <p class='ocr_par' dir='ltr' id='par_1_11' title="bbox 224 1100 1820 1173">
     <span class='ocr_line' id='line_1_11' title="bbox 224 1100 1820 1173; baseline 0 -21"><span class='ocrx_word' id='word_1_71' title='bbox 224 1101 394 1162; x_wconf 77' lang='grc' dir='ltr'>λείου,</span> <span class='ocrx_word' id='word_1_72' title='bbox 418 1104 476 1152; x_wconf 76' lang='grc' dir='ltr'>τὸ</span> <span class='ocrx_word' id='word_1_73' title='bbox 500 1103 721 1170; x_wconf 76' lang='grc' dir='ltr'>ἀγαπᾷν</span> <span class='ocrx_word' id='word_1_74' title='bbox 750 1104 848 1168; x_wconf 78' lang='grc' dir='ltr'>τὴν</span> <span class='ocrx_word' id='word_1_75' title='bbox 876 1100 1098 1170; x_wconf 83' lang='grc' dir='ltr'>ἀρετὴν,</span> <span class='ocrx_word' id='word_1_76' title='bbox 1135 1101 1229 1153; x_wconf 76' lang='grc' dir='ltr'>καὶ</span> <span class='ocrx_word' id='word_1_77' title='bbox 1270 1101 1553 1168; x_wconf 85' lang='grc' dir='ltr'>φοϐεῖσθαι</span> <span class='ocrx_word' id='word_1_78' title='bbox 1577 1103 1674 1171; x_wconf 73' lang='grc' dir='ltr'>τὴν</span> <span class='ocrx_word' id='word_1_79' title='bbox 1697 1119 1820 1173; x_wconf 84' lang='grc' dir='ltr'>τρο-</span> 
     </span>
    </p>
   </div>
   <div class='ocr_carea' id='block_1_12' title="bbox 225 1194 1824 1265">
    <p class='ocr_par' dir='ltr' id='par_1_12' title="bbox 225 1194 1824 1265">
     <span class='ocr_line' id='line_1_12' title="bbox 225 1194 1824 1265; baseline 0.003 -22"><span class='ocrx_word' id='word_1_80' title='bbox 225 1196 357 1260; x_wconf 77' lang='grc' dir='ltr'>πήν.</span> <span class='ocrx_word' id='word_1_81' title='bbox 383 1195 491 1246; x_wconf 75' lang='grc' dir='ltr'>Καὶ</span> <span class='ocrx_word' id='word_1_82' title='bbox 515 1194 593 1245; x_wconf 81' lang='grc' dir='ltr'>ὅτι</span> <span class='ocrx_word' id='word_1_83' title='bbox 615 1194 788 1254; x_wconf 68' lang='grc' dir='ltr'>οὐδεὶς</span> <span class='ocrx_word' id='word_1_84' title='bbox 811 1194 1169 1256; x_wconf 78' lang='grc' dir='ltr'>ἀναλλοίωτος</span> <span class='ocrx_word' id='word_1_85' title='bbox 1189 1205 1200 1218; x_wconf 89' lang='grc'>⁶</span> <span class='ocrx_word' id='word_1_86' title='bbox 1223 1194 1315 1247; x_wconf 77' lang='grc' dir='ltr'>καὶ</span> <span class='ocrx_word' id='word_1_87' title='bbox 1338 1195 1428 1245; x_wconf 78' lang='grc' dir='ltr'><strong>ἐπὶ</strong></span> <span class='ocrx_word' id='word_1_88' title='bbox 1453 1194 1651 1257; x_wconf 69' lang='grc' dir='ltr'>παντὸς</span> <span class='ocrx_word' id='word_1_89' title='bbox 1682 1195 1824 1265; x_wconf 80' lang='grc' dir='ltr'>πρά·</span> 
     </span>
    </p>
   </div>
   <div class='ocr_carea' id='block_1_13' title="bbox 223 1284 1821 1354">
    <p class='ocr_par' dir='ltr' id='par_1_13' title="bbox 223 1284 1821 1354">
     <span class='ocr_line' id='line_1_13' title="bbox 223 1284 1821 1354; baseline 0.002 -19"><span class='ocrx_word' id='word_1_90' title='bbox 223 1302 442 1352; x_wconf 79' lang='grc' dir='ltr'>γματος</span> <span class='ocrx_word' id='word_1_91' title='bbox 476 1287 534 1335; x_wconf 83' lang='grc' dir='ltr'>ὲν</span> <span class='ocrx_word' id='word_1_92' title='bbox 565 1284 642 1353; x_wconf 84' lang='grc' dir='ltr'>τῷ</span> <span class='ocrx_word' id='word_1_93' title='bbox 673 1285 774 1354; x_wconf 81' lang='grc' dir='ltr'>βίῳ</span> <span class='ocrx_word' id='word_1_94' title='bbox 815 1285 1013 1354; x_wconf 85' lang='grc' dir='ltr'>τούτῳ,</span> <span class='ocrx_word' id='word_1_95' title='bbox 1047 1286 1336 1353; x_wconf 67' lang='grc' dir='ltr'>ὀφείλομεν</span> <span class='ocrx_word' id='word_1_96' title='bbox 1368 1287 1454 1339; x_wconf 75' lang='grc' dir='ltr'>ἀεὶ</span> <span class='ocrx_word' id='word_1_97' title='bbox 1485 1288 1583 1346; x_wconf 76' lang='grc' dir='ltr'>τὴν</span> <span class='ocrx_word' id='word_1_98' title='bbox 1610 1285 1821 1338; x_wconf 79' lang='grc' dir='ltr'><strong>πτῶσιν</strong></span> 
     </span>
    </p>
   </div>
   <div class='ocr_carea' id='block_1_14' title="bbox 225 1377 1825 1446">
    <p class='ocr_par' dir='ltr' id='par_1_14' title="bbox 225 1377 1825 1446">
     <span class='ocr_line' id='line_1_14' title="bbox 225 1377 1825 1446; baseline 0.003 -18"><span class='ocrx_word' id='word_1_99' title='bbox 225 1377 537 1444; x_wconf 77' lang='grc' dir='ltr'>φοϐεῖσθαι.</span> <span class='ocrx_word' id='word_1_100' title='bbox 568 1395 586 1428; x_wconf 81' lang='grc' dir='ltr'><strong>ι</strong></span> <span class='ocrx_word' id='word_1_101' title='bbox 618 1378 781 1428; x_wconf 82' lang='grc' dir='ltr'>Ὅθεν</span> <span class='ocrx_word' id='word_1_102' title='bbox 846 1379 941 1430; x_wconf 72' lang='grc' dir='ltr'>καὶ</span> <span class='ocrx_word' id='word_1_103' title='bbox 969 1379 1130 1441; x_wconf 75' lang='grc' dir='ltr'>αὐτὸς</span> <span class='ocrx_word' id='word_1_104' title='bbox 1151 1379 1325 1431; x_wconf 80' lang='grc' dir='ltr'>ταῦτα</span> <span class='ocrx_word' id='word_1_105' title='bbox 1350 1380 1584 1442; x_wconf 81' lang='grc' dir='ltr'>συνετῶς</span> <span class='ocrx_word' id='word_1_106' title='bbox 1610 1377 1825 1446; x_wconf 82' lang='grc' dir='ltr'>ἀκροώ-</span> 
     </span>
    </p>
   </div>
   <div class='ocr_carea' id='block_1_15' title="bbox 226 1470 1821 1542">
    <p class='ocr_par' dir='ltr' id='par_1_15' title="bbox 226 1470 1821 1542">
     <span class='ocr_line' id='line_1_15' title="bbox 226 1470 1821 1542; baseline 0.001 -20"><span class='ocrx_word' id='word_1_107' title='bbox 226 1488 415 1541; x_wconf 83' lang='grc' dir='ltr'>μενος,</span> <span class='ocrx_word' id='word_1_108' title='bbox 453 1470 759 1523; x_wconf 72' lang='grc' dir='ltr'>σπούδασον</span> <span class='ocrx_word' id='word_1_109' title='bbox 810 1471 947 1538; x_wconf 72' lang='grc' dir='ltr'>μετὰ</span> <span class='ocrx_word' id='word_1_110' title='bbox 995 1471 1103 1522; x_wconf 86' lang='grc' dir='ltr'><strong>τῶν</strong></span> <span class='ocrx_word' id='word_1_111' title='bbox 1139 1473 1553 1542; x_wconf 76' lang='grc' dir='ltr'>προειρημένων</span> <span class='ocrx_word' id='word_1_112' title='bbox 1583 1475 1821 1538; x_wconf 70' lang='grc' dir='ltr'>πάντων,</span> 
     </span>
    </p>
   </div>
   <div class='ocr_carea' id='block_1_16' title="bbox 222 1564 1824 1635">
    <p class='ocr_par' dir='ltr' id='par_1_16' title="bbox 222 1564 1824 1635">
     <span class='ocr_line' id='line_1_16' title="bbox 222 1564 1824 1635; baseline -0.001 -18"><span class='ocrx_word' id='word_1_113' title='bbox 222 1567 322 1617; x_wconf 76' lang='grc' dir='ltr'><strong>καί</strong></span> <span class='ocrx_word' id='word_1_114' title='bbox 347 1568 440 1615; x_wconf 79' lang='grc' dir='ltr'>τὸν</span> <span class='ocrx_word' id='word_1_115' title='bbox 461 1564 679 1634; x_wconf 84' lang='grc' dir='ltr'>πρῶτον</span> <span class='ocrx_word' id='word_1_116' title='bbox 705 1565 910 1634; x_wconf 80' lang='grc' dir='ltr'><strong>ἀρτίως</strong></span> <span class='ocrx_word' id='word_1_117' title='bbox 930 1564 1093 1633; x_wconf 77' lang='grc' dir='ltr'>φόϐον</span> <span class='ocrx_word' id='word_1_118' title='bbox 1151 1566 1299 1634; x_wconf 70' lang='grc' dir='ltr'>παρὰ</span> <span class='ocrx_word' id='word_1_119' title='bbox 1336 1565 1548 1635; x_wconf 80' lang='grc' dir='ltr'>σεαυτῷ</span> <span class='ocrx_word' id='word_1_120' title='bbox 1577 1566 1824 1634; x_wconf 80' lang='grc' dir='ltr'>κατέχειν</span> 
     </span>
    </p>
   </div>
   <div class='ocr_carea' id='block_1_17' title="bbox 221 1651 1824 1727">
    <p class='ocr_par' dir='ltr' id='par_1_17' title="bbox 221 1651 1824 1727">
     <span class='ocr_line' id='line_1_17' title="bbox 221 1651 1824 1727; baseline 0.001 -18"><span class='ocrx_word' id='word_1_121' title='bbox 221 1656 597 1719; x_wconf 80' lang='grc' dir='ltr'>ἀδιαλείπτως</span> <span class='ocrx_word' id='word_1_122' title='bbox 630 1673 643 1687; x_wconf 86' lang='grc'><strong><em>⁸</em></strong></span> <span class='ocrx_word' id='word_1_123' title='bbox 677 1651 764 1708; x_wconf 72' lang='grc' dir='ltr'>οἷα</span> <span class='ocrx_word' id='word_1_124' title='bbox 836 1659 944 1724; x_wconf 70' lang='grc' dir='ltr'><strong>γὰρ</strong></span> <span class='ocrx_word' id='word_1_125' title='bbox 997 1657 1508 1727; x_wconf 78' lang='grc' dir='ltr'>θησαυροφυλάκιον</span> <span class='ocrx_word' id='word_1_126' title='bbox 1581 1658 1824 1725; x_wconf 81' lang='grc' dir='ltr'>πέφυκεν</span> 
     </span>
    </p>
   </div>
   <div class='ocr_carea' id='block_1_18' title="bbox 225 1749 1824 1823">
    <p class='ocr_par' dir='ltr' id='par_1_18' title="bbox 225 1749 1824 1823">
     <span class='ocr_line' id='line_1_18' title="bbox 225 1749 1824 1823; baseline -0.003 -19"><span class='ocrx_word' id='word_1_127' title='bbox 225 1752 648 1820; x_wconf 78' lang='grc' dir='ltr'>ἀσφαλέστατον</span> <span class='ocrx_word' id='word_1_128' title='bbox 708 1753 890 1820; x_wconf 70' lang='grc' dir='ltr'>πάσης</span> <span class='ocrx_word' id='word_1_129' title='bbox 938 1752 1149 1822; x_wconf 75' lang='grc' dir='ltr'>ἀγαθῆς</span> <span class='ocrx_word' id='word_1_130' title='bbox 1205 1753 1477 1823; x_wconf 77' lang='grc' dir='ltr'>πράξεως.</span> <span class='ocrx_word' id='word_1_131' title='bbox 1518 1749 1674 1803; x_wconf 93' lang='grc' dir='ltr'>Οὕτω</span> <span class='ocrx_word' id='word_1_132' title='bbox 1718 1749 1824 1818; x_wconf 90' lang='grc' dir='ltr'><strong>γάρ</strong></span> 
     </span>
    </p>
   </div>
   <div class='ocr_carea' id='block_1_19' title="bbox 224 1843 1824 1915">
    <p class='ocr_par' dir='ltr' id='par_1_19' title="bbox 224 1843 1824 1915">
     <span class='ocr_line' id='line_1_19' title="bbox 224 1843 1824 1915; baseline -0.001 -19"><span class='ocrx_word' id='word_1_133' title='bbox 224 1847 393 1913; x_wconf 76' lang='grc' dir='ltr'>ἔχων,</span> <span class='ocrx_word' id='word_1_134' title='bbox 428 1845 879 1915; x_wconf 76' lang='grc' dir='ltr'>κατευθυνὸμενα</span> <span class='ocrx_word' id='word_1_135' title='bbox 918 1845 1060 1910; x_wconf 76' lang='grc' dir='ltr'>ἕξεις</span> <span class='ocrx_word' id='word_1_136' title='bbox 1096 1846 1161 1898; x_wconf 71' lang='grc' dir='ltr'>τὰ</span> <span class='ocrx_word' id='word_1_137' title='bbox 1189 1846 1507 1914; x_wconf 78' lang='grc' dir='ltr'>διαϐήματά</span> <span class='ocrx_word' id='word_1_138' title='bbox 1541 1862 1653 1907; x_wconf 88' lang='grc' dir='ltr'>σου,</span> <span class='ocrx_word' id='word_1_139' title='bbox 1690 1843 1824 1911; x_wconf 70' lang='grc' dir='ltr'>πρὸς</span> 
     </span>
    </p>
   </div>
   <div class='ocr_carea' id='block_1_20' title="bbox 220 1935 1823 2008">
    <p class='ocr_par' dir='ltr' id='par_1_20' title="bbox 220 1935 1823 2008">
     <span class='ocr_line' id='line_1_20' title="bbox 220 1935 1823 2008; baseline -0.001 -23"><span class='ocrx_word' id='word_1_140' title='bbox 220 1938 327 2001; x_wconf 74' lang='grc' dir='ltr'>τὴν</span> <span class='ocrx_word' id='word_1_141' title='bbox 369 1937 638 2005; x_wconf 75' lang='grc' dir='ltr'>ἐργασίαν</span> <span class='ocrx_word' id='word_1_142' title='bbox 690 1936 881 1989; x_wconf 81' lang='grc' dir='ltr'>πασῶν</span> <span class='ocrx_word' id='word_1_143' title='bbox 928 1936 1036 1988; x_wconf 88' lang='grc' dir='ltr'><strong>τῶν</strong></span> <span class='ocrx_word' id='word_1_144' title='bbox 1066 1935 1161 1987; x_wconf 87' lang='grc' dir='ltr'><strong>τοῦ</strong></span> <span class='ocrx_word' id='word_1_145' title='bbox 1195 1937 1401 2008; x_wconf 79' lang='grc' dir='ltr'>Κυρίου</span> <span class='ocrx_word' id='word_1_146' title='bbox 1441 1935 1823 2006; x_wconf 75' lang='grc' dir='ltr'>ἡμῶν.“1ησοῦ</span> 
     </span>
    </p>
   </div>
   <div class='ocr_carea' id='block_1_21' title="bbox 222 2029 1827 2102">
    <p class='ocr_par' dir='ltr' id='par_1_21' title="bbox 222 2029 1827 2102">
     <span class='ocr_line' id='line_1_21' title="bbox 222 2029 1827 2102; baseline -0.001 -19"><span class='ocrx_word' id='word_1_147' title='bbox 222 2032 474 2100; x_wconf 85' lang='grc' dir='ltr'>Χριστοῦ</span> <span class='ocrx_word' id='word_1_148' title='bbox 501 2029 731 2082; x_wconf 78' lang='grc' dir='ltr'>ἐντολῶν</span> <span class='ocrx_word' id='word_1_149' title='bbox 753 2044 766 2057; x_wconf 89' lang='grc'><strong>·</strong></span> <span class='ocrx_word' id='word_1_150' title='bbox 797 2030 901 2098; x_wconf 74' lang='grc' dir='ltr'><strong>ὁδῴ</strong></span> <span class='ocrx_word' id='word_1_151' title='bbox 932 2029 985 2081; x_wconf 79' lang='grc' dir='ltr'>δὲ</span> <span class='ocrx_word' id='word_1_152' title='bbox 1018 2029 1350 2100; x_wconf 83' lang='grc' dir='ltr'>προϐαίνων,</span> <span class='ocrx_word' id='word_1_153' title='bbox 1380 2031 1701 2102; x_wconf 76' lang='grc' dir='ltr'>προσκτήσῃ</span> <span class='ocrx_word' id='word_1_154' title='bbox 1729 2030 1827 2084; x_wconf 81' lang='grc' dir='ltr'>καὶ</span> 
     </span>
    </p>
   </div>
   <div class='ocr_carea' id='block_1_22' title="bbox 221 2121 1823 2193">
    <p class='ocr_par' dir='ltr' id='par_1_22' title="bbox 221 2121 1823 2193">
     <span class='ocr_line' id='line_1_22' title="bbox 221 2121 1823 2193; baseline 0.001 -18"><span class='ocrx_word' id='word_1_155' title='bbox 221 2124 318 2175; x_wconf 71' lang='grc' dir='ltr'>τὸν</span> <span class='ocrx_word' id='word_1_156' title='bbox 345 2123 575 2185; x_wconf 81' lang='grc' dir='ltr'>τέλειον,</span> <span class='ocrx_word' id='word_1_157' title='bbox 609 2121 708 2174; x_wconf 71' lang='grc' dir='ltr'>καὶ</span> <span class='ocrx_word' id='word_1_158' title='bbox 731 2121 896 2188; x_wconf 66' lang='grc' dir='ltr'>ἁγνὸν</span> <span class='ocrx_word' id='word_1_159' title='bbox 926 2121 1111 2190; x_wconf 83' lang='grc' dir='ltr'>φόϐον,</span> <span class='ocrx_word' id='word_1_160' title='bbox 1145 2121 1224 2190; x_wconf 78' lang='grc' dir='ltr'>τῷ</span> <span class='ocrx_word' id='word_1_161' title='bbox 1255 2123 1406 2192; x_wconf 67' lang='grc' dir='ltr'>πόθῳ</span> <span class='ocrx_word' id='word_1_162' title='bbox 1441 2122 1551 2174; x_wconf 87' lang='grc' dir='ltr'><strong>τῶν</strong></span> <span class='ocrx_word' id='word_1_163' title='bbox 1589 2121 1823 2193; x_wconf 80' lang='grc' dir='ltr'>ἀρετῶν,</span> 
     </span>
    </p>
   </div>
   <div class='ocr_carea' id='block_1_23' title="bbox 222 2204 1368 2285">
    <p class='ocr_par' dir='ltr' id='par_1_23' title="bbox 222 2204 1368 2285">
     <span class='ocr_line' id='line_1_23' title="bbox 222 2204 1368 2285; baseline 0 -15"><span class='ocrx_word' id='word_1_164' title='bbox 222 2219 320 2270; x_wconf 67' lang='grc' dir='ltr'>καὶ</span> <span class='ocrx_word' id='word_1_165' title='bbox 355 2216 434 2284; x_wconf 81' lang='grc' dir='ltr'><strong>τῶ</strong></span> <span class='ocrx_word' id='word_1_166' title='bbox 461 2216 603 2267; x_wconf 79' lang='grc' dir='ltr'>ἐλέει</span> <span class='ocrx_word' id='word_1_167' title='bbox 639 2215 736 2266; x_wconf 85' lang='grc' dir='ltr'><strong>τοῦ</strong></span> <span class='ocrx_word' id='word_1_168' title='bbox 771 2204 982 2281; x_wconf 67' lang='grc' dir='ltr'>ἀγαθοῦ</span> <span class='ocrx_word' id='word_1_169' title='bbox 1014 2214 1151 2267; x_wconf 81' lang='grc' dir='ltr'>Θεοῦ</span> <span class='ocrx_word' id='word_1_170' title='bbox 1189 2215 1368 2285; x_wconf 75' lang='grc' dir='ltr'>ἡμῶν.</span> 
     </span>
    </p>
   </div>
   <div class='ocr_carea' id='block_1_24' title="bbox 220 2349 1829 2421">
    <p class='ocr_par' dir='ltr' id='par_1_24' title="bbox 220 2349 1829 2421">
     <span class='ocr_line' id='line_1_24' title="bbox 220 2349 1829 2421; baseline -0.001 -15"><span class='ocrx_word' id='word_1_171' title='bbox 220 2357 357 2407; x_wconf 73' lang='lat' dir='ltr'><strong>&quot;On</strong></span> <span class='ocrx_word' id='word_1_172' title='bbox 388 2352 566 2421; x_wconf 78' lang='grc' dir='ltr'>χάριν</span> <span class='ocrx_word' id='word_1_173' title='bbox 594 2352 714 2404; x_wconf 80' lang='grc' dir='ltr'>τῶν</span> <span class='ocrx_word' id='word_1_174' title='bbox 748 2350 1037 2410; x_wconf 70' lang='grc' dir='ltr'>ἐντολῶν,</span> <span class='ocrx_word' id='word_1_175' title='bbox 1065 2351 1161 2403; x_wconf 69' lang='grc' dir='ltr'><strong>καί</strong></span> <span class='ocrx_word' id='word_1_176' title='bbox 1215 2349 1323 2415; x_wconf 77' lang='grc' dir='ltr'><strong>τῆς</strong></span> <span class='ocrx_word' id='word_1_177' title='bbox 1353 2350 1481 2421; x_wconf 73' lang='grc' dir='ltr'>κατ’</span> <span class='ocrx_word' id='word_1_178' title='bbox 1512 2351 1700 2416; x_wconf 82' lang='grc' dir='ltr'>αὐτὰς</span> <span class='ocrx_word' id='word_1_179' title='bbox 1739 2351 1829 2405; x_wconf 78' lang='grc' dir='ltr'>πί·</span> 
     </span>
    </p>
   </div>
   <div class='ocr_carea' id='block_1_25' title="bbox 296 2420 1827 2490">
    <p class='ocr_par' dir='ltr' id='par_1_25' title="bbox 296 2420 1827 2490">
     <span class='ocr_line' id='line_1_25' title="bbox 296 2420 1827 2490; baseline -0.003 -12"><span class='ocrx_word' id='word_1_180' title='bbox 296 2420 493 2488; x_wconf 68' lang='grc' dir='ltr'>στὲως</span> <span class='ocrx_word' id='word_1_181' title='bbox 524 2423 630 2476; x_wconf 74' lang='grc' dir='ltr'><strong>τοῦ</strong></span> <span class='ocrx_word' id='word_1_182' title='bbox 667 2425 889 2490; x_wconf 69' lang='grc' dir='ltr'>Κυρίου</span> <span class='ocrx_word' id='word_1_183' title='bbox 931 2421 1139 2485; x_wconf 79' lang='grc' dir='ltr'>Ἰησοῦ</span> <span class='ocrx_word' id='word_1_184' title='bbox 1183 2420 1462 2486; x_wconf 67' lang='grc' dir='ltr'>Χριστοῦ,</span> <span class='ocrx_word' id='word_1_185' title='bbox 1492 2422 1698 2490; x_wconf 58' lang='grc' dir='ltr'>καιροῦ</span> <span class='ocrx_word' id='word_1_186' title='bbox 1725 2437 1827 2474; x_wconf 79' lang='grc' dir='ltr'>κα·</span> 
     </span>
    </p>
   </div>
   <div class='ocr_carea' id='block_1_26' title="bbox 294 2489 1828 2562">
    <p class='ocr_par' dir='ltr' id='par_1_26' title="bbox 294 2489 1828 2562">
     <span class='ocr_line' id='line_1_26' title="bbox 294 2489 1828 2562; baseline -0.001 -15"><span class='ocrx_word' id='word_1_187' title='bbox 294 2496 583 2557; x_wconf 70' lang='grc' dir='ltr'>λοῦντος,</span> <span class='ocrx_word' id='word_1_188' title='bbox 612 2489 929 2561; x_wconf 55' lang='grc' dir='ltr'>ἐξείλομεν</span> <span class='ocrx_word' id='word_1_189' title='bbox 957 2490 1306 2562; x_wconf 68' lang='grc' dir='ltr'><strong>ιιηδάὑτῆς</strong></span> <span class='ocrx_word' id='word_1_190' title='bbox 1337 2491 1446 2557; x_wconf 69' lang='grc' dir='ltr'><strong>τῆς</strong></span> <span class='ocrx_word' id='word_1_191' title='bbox 1482 2489 1628 2557; x_wconf 73' lang='grc' dir='ltr'><strong>ζωῆς</strong></span> <span class='ocrx_word' id='word_1_192' title='bbox 1657 2491 1828 2561; x_wconf 74' lang='grc' dir='ltr'>ἡμῶν</span> 
     </span>
    </p>
   </div>
   <div class='ocr_carea' id='block_1_27' title="bbox 296 2568 653 2634">
    <p class='ocr_par' dir='ltr' id='par_1_27' title="bbox 296 2568 653 2634">
     <span class='ocr_line' id='line_1_27' title="bbox 296 2568 653 2634; baseline -0.017 -15"><span class='ocrx_word' id='word_1_193' title='bbox 296 2568 629 2634; x_wconf 64' lang='grc' dir='ltr'>φείσασθαι</span> <span class='ocrx_word' id='word_1_194' title='bbox 641 2606 653 2619; x_wconf 93' lang='grc'><strong>,</strong></span> 
     </span>
    </p>
   </div>
   <div class='ocr_carea' id='block_1_28' title="bbox 300 2676 1830 2749">
    <p class='ocr_par' dir='ltr' id='par_1_28' title="bbox 300 2676 1830 2749">
     <span class='ocr_line' id='line_1_28' title="bbox 300 2676 1830 2749; baseline -0.003 -16"><span class='ocrx_word' id='word_1_195' title='bbox 300 2681 396 2749; x_wconf 74' lang='grc' dir='ltr'><strong>ιη’.</strong></span> <span class='ocrx_word' id='word_1_196' title='bbox 431 2681 577 2749; x_wconf 57' lang='lat' dir='ltr'><strong>rip”;</strong></span> <span class='ocrx_word' id='word_1_197' title='bbox 601 2679 657 2731; x_wconf 82' lang='grc' dir='ltr'>δὲ</span> <span class='ocrx_word' id='word_1_198' title='bbox 698 2680 808 2740; x_wconf 77' lang='grc' dir='ltr'>τοῖς</span> <span class='ocrx_word' id='word_1_199' title='bbox 852 2678 1189 2748; x_wconf 72' lang='grc' dir='ltr'>εἰρημένοις,</span> <span class='ocrx_word' id='word_1_200' title='bbox 1227 2677 1344 2730; x_wconf 86' lang='grc' dir='ltr'>δέον</span> <span class='ocrx_word' id='word_1_201' title='bbox 1380 2677 1474 2731; x_wconf 72' lang='grc' dir='ltr'>καὶ</span> <span class='ocrx_word' id='word_1_202' title='bbox 1503 2677 1661 2730; x_wconf 82' lang='grc' dir='ltr'>τοῦτο</span> <span class='ocrx_word' id='word_1_203' title='bbox 1691 2676 1830 2730; x_wconf 69' lang='grc' dir='ltr'>εἰδέα</span> 
     </span>
    </p>
   </div>
   <div class='ocr_carea' id='block_1_29' title="bbox 216 2771 1831 2842">
    <p class='ocr_par' dir='ltr' id='par_1_29' title="bbox 216 2771 1831 2842">
     <span class='ocr_line' id='line_1_29' title="bbox 216 2771 1831 2842; baseline -0.001 -15"><span class='ocrx_word' id='word_1_204' title='bbox 216 2793 309 2827; x_wconf 88' lang='grc' dir='ltr'><strong>ναι</strong></span> <span class='ocrx_word' id='word_1_205' title='bbox 339 2791 423 2837; x_wconf 92' lang='grc' dir='ltr'><strong>σε,</strong></span> <span class='ocrx_word' id='word_1_206' title='bbox 456 2773 671 2840; x_wconf 82' lang='grc' dir='ltr'>ὅτιπερ,</span> <span class='ocrx_word' id='word_1_207' title='bbox 708 2771 871 2841; x_wconf 72' lang='grc' dir='ltr'>χάριν</span> <span class='ocrx_word' id='word_1_208' title='bbox 900 2773 1006 2823; x_wconf 87' lang='grc' dir='ltr'><strong>τῶν</strong></span> <span class='ocrx_word' id='word_1_209' title='bbox 1038 2772 1413 2842; x_wconf 70' lang='grc' dir='ltr'>ζωοπαρόχων</span> <span class='ocrx_word' id='word_1_210' title='bbox 1457 2771 1707 2836; x_wconf 80' lang='grc' dir='ltr'>ἐντολῶν,</span> <span class='ocrx_word' id='word_1_211' title='bbox 1734 2773 1831 2826; x_wconf 74' lang='grc' dir='ltr'>καὶ</span> 
     </span>
    </p>
   </div>
   <div class='ocr_carea' id='block_1_30' title="bbox 219 2861 1828 2938">
    <p class='ocr_par' dir='ltr' id='par_1_30' title="bbox 219 2861 1828 2938">
     <span class='ocr_line' id='line_1_30' title="bbox 219 2861 1828 2938; baseline -0.001 -18"><span class='ocrx_word' id='word_1_212' title='bbox 219 2861 326 2938; x_wconf 70' lang='grc' dir='ltr'>τῆς</span> <span class='ocrx_word' id='word_1_213' title='bbox 366 2865 492 2918; x_wconf 83' lang='grc' dir='ltr'>κατ’</span> <span class='ocrx_word' id='word_1_214' title='bbox 517 2867 685 2927; x_wconf 72' lang='grc' dir='ltr'>αὐτας</span> <span class='ocrx_word' id='word_1_215' title='bbox 715 2867 954 2928; x_wconf 82' lang='grc' dir='ltr'>πίστεως</span> <span class='ocrx_word' id='word_1_216' title='bbox 978 2865 1071 2917; x_wconf 84' lang='grc' dir='ltr'><strong>τοῦ</strong></span> <span class='ocrx_word' id='word_1_217' title='bbox 1105 2866 1311 2936; x_wconf 86' lang='grc' dir='ltr'>Κυρίου</span> <span class='ocrx_word' id='word_1_218' title='bbox 1363 2865 1538 2934; x_wconf 73' lang='grc' dir='ltr'><strong>Ἰησοῦ</strong></span> <span class='ocrx_word' id='word_1_219' title='bbox 1565 2866 1828 2936; x_wconf 80' lang='grc' dir='ltr'>Χριστοῦ,</span> 
     </span>
    </p>
   </div>
   <div class='ocr_carea' id='block_1_31' title="bbox 222 2957 1826 3027">
    <p class='ocr_par' dir='ltr' id='par_1_31' title="bbox 222 2957 1826 3027">
     <span class='ocr_line' id='line_1_31' title="bbox 222 2957 1826 3027; baseline -0.001 -16"><span class='ocrx_word' id='word_1_220' title='bbox 222 2959 520 3027; x_wconf 73' lang='grc' dir='ltr'>ὀφείλομεν</span> <span class='ocrx_word' id='word_1_221' title='bbox 541 2999 555 3021; x_wconf 95' lang='grc'><strong>,</strong></span> <span class='ocrx_word' id='word_1_222' title='bbox 591 2957 788 3024; x_wconf 77' lang='grc' dir='ltr'>καιροῦ</span> <span class='ocrx_word' id='word_1_223' title='bbox 817 2957 1113 3018; x_wconf 81' lang='grc' dir='ltr'>καλοῦντος</span> <span class='ocrx_word' id='word_1_224' title='bbox 1136 2996 1151 3017; x_wconf 91' lang='grc'><strong>,</strong></span> <span class='ocrx_word' id='word_1_225' title='bbox 1186 2958 1281 3009; x_wconf 72' lang='grc' dir='ltr'>καὶ</span> <span class='ocrx_word' id='word_1_226' title='bbox 1312 2957 1480 3026; x_wconf 74' lang='grc' dir='ltr'>αὐτὴν</span> <span class='ocrx_word' id='word_1_227' title='bbox 1509 2959 1607 3027; x_wconf 77' lang='grc' dir='ltr'>τὴν</span> <span class='ocrx_word' id='word_1_228' title='bbox 1643 2957 1826 3027; x_wconf 67' lang='grc' dir='ltr'>ψυχὴν</span> 
     </span>
    </p>
   </div>
   <div class='ocr_carea' id='block_1_32' title="bbox 223 3048 1817 3118">
    <p class='ocr_par' dir='ltr' id='par_1_32' title="bbox 223 3048 1817 3118">
     <span class='ocr_line' id='line_1_32' title="bbox 223 3048 1817 3118; baseline -0.003 -14"><span class='ocrx_word' id='word_1_229' title='bbox 223 3051 499 3104; x_wconf 80' lang='grc' dir='ltr'>ἀπολέσαι</span> <span class='ocrx_word' id='word_1_230' title='bbox 547 3049 836 3118; x_wconf 77' lang='grc' dir='ltr'>ἀσμένως·</span> <span class='ocrx_word' id='word_1_231' title='bbox 874 3049 993 3118; x_wconf 73' lang='grc' dir='ltr'>ἢτοι</span> <span class='ocrx_word' id='word_1_232' title='bbox 1030 3048 1154 3117; x_wconf 78' lang='grc' dir='ltr'>μηδ’</span> <span class='ocrx_word' id='word_1_233' title='bbox 1181 3049 1352 3117; x_wconf 75' lang='grc' dir='ltr'>αὐτῆς</span> <span class='ocrx_word' id='word_1_234' title='bbox 1401 3049 1691 3114; x_wconf 78' lang='grc' dir='ltr'>φείσασθαι</span> <span class='ocrx_word' id='word_1_235' title='bbox 1717 3049 1817 3118; x_wconf 79' lang='grc' dir='ltr'>τῆς</span> 
     </span>
    </p>
   </div>
   <div class='ocr_carea' id='block_1_33' title="bbox 222 3141 1828 3213">
    <p class='ocr_par' dir='ltr' id='par_1_33' title="bbox 222 3141 1828 3213">
     <span class='ocr_line' id='line_1_33' title="bbox 222 3141 1828 3213; baseline -0.002 -17"><span class='ocrx_word' id='word_1_236' title='bbox 222 3146 375 3213; x_wconf 71' lang='grc' dir='ltr'>ζωῆς</span> <span class='ocrx_word' id='word_1_237' title='bbox 416 3142 596 3213; x_wconf 70' lang='grc' dir='ltr'>ἡμῶν.</span> <span class='ocrx_word' id='word_1_238' title='bbox 630 3143 719 3205; x_wconf 85' lang='grc' dir='ltr'>Ὠς</span> <span class='ocrx_word' id='word_1_239' title='bbox 751 3145 876 3210; x_wconf 74' lang='grc' dir='ltr'>περὶ</span> <span class='ocrx_word' id='word_1_240' title='bbox 909 3142 1104 3194; x_wconf 84' lang='grc' dir='ltr'>τούτου</span> <span class='ocrx_word' id='word_1_241' title='bbox 1128 3142 1288 3204; x_wconf 75' lang='grc' dir='ltr'>αὐτὸς</span> <span class='ocrx_word' id='word_1_242' title='bbox 1317 3143 1344 3194; x_wconf 80' lang='grc' dir='ltr'>ὁ</span> <span class='ocrx_word' id='word_1_243' title='bbox 1381 3141 1585 3213; x_wconf 80' lang='grc' dir='ltr'>Κύριος</span> <span class='ocrx_word' id='word_1_244' title='bbox 1619 3141 1828 3211; x_wconf 75' lang='grc' dir='ltr'>Ἰησοῦς</span> 
     </span>
    </p>
   </div>
   <div class='ocr_carea' id='block_1_34' title="bbox 1795 1903 1898 1958">
    <p class='ocr_par' dir='ltr' id='par_1_34' title="bbox 1795 1903 1898 1958">
     <span class='ocr_line' id='line_1_34' title="bbox 1795 1903 1898 1958; baseline 0 0"><span class='ocrx_word' id='word_1_245' title='bbox 1795 1903 1898 1958; x_wconf 58' lang='grc' dir='ltr'>έΒ</span> 
     </span>
    </p>
   </div>
   <div class='ocr_carea' id='block_1_35' title="bbox 1927 647 3514 720">
    <p class='ocr_par' dir='ltr' id='par_1_35' title="bbox 1927 647 3514 720">
     <span class='ocr_line' id='line_1_35' title="bbox 1927 647 3514 720; baseline 0.003 -18"><span class='ocrx_word' id='word_1_246' title='bbox 1927 649 2014 711; x_wconf 82' lang='lat' dir='ltr'><strong>Et,</strong></span> <span class='ocrx_word' id='word_1_247' title='bbox 2050 649 2240 704; x_wconf 81' lang='lat' dir='ltr'><strong>Timor</strong></span> <span class='ocrx_word' id='word_1_248' title='bbox 2282 647 2495 704; x_wconf 85' lang='lat' dir='ltr'><strong>Domini</strong></span> <span class='ocrx_word' id='word_1_249' title='bbox 2538 660 2745 715; x_wconf 74' lang='lat' dir='ltr'><strong>castus,</strong></span> <span class='ocrx_word' id='word_1_250' title='bbox 2787 665 3114 720; x_wconf 78' lang='lat' dir='ltr'><strong>permanens</strong></span> <span class='ocrx_word' id='word_1_251' title='bbox 3152 651 3205 705; x_wconf 92' lang='lat' dir='ltr'><strong>in</strong></span> <span class='ocrx_word' id='word_1_252' title='bbox 3256 653 3514 706; x_wconf 62' lang='lat' dir='ltr'><strong>saeculum</strong></span> 
     </span>
    </p>
   </div>
   <div class='ocr_carea' id='block_1_36' title="bbox 1925 740 3516 801">
    <p class='ocr_par' dir='ltr' id='par_1_36' title="bbox 1925 740 3516 801">
     <span class='ocr_line' id='line_1_36' title="bbox 1925 740 3516 801; baseline 0.004 -7"><span class='ocrx_word' id='word_1_253' title='bbox 1925 740 2108 796; x_wconf 72' lang='lat' dir='ltr'><strong>saeculi</strong></span> <span class='ocrx_word' id='word_1_254' title='bbox 2137 743 2204 795; x_wconf 83' lang='lat'><strong>&quot;.</strong></span> <span class='ocrx_word' id='word_1_255' title='bbox 2246 762 2264 794; x_wconf 77' lang='grc' dir='ltr'><strong>ι</strong></span> <span class='ocrx_word' id='word_1_256' title='bbox 2299 742 2495 796; x_wconf 87' lang='lat' dir='ltr'><strong>Scribit</strong></span> <span class='ocrx_word' id='word_1_257' title='bbox 2519 752 2703 795; x_wconf 87' lang='lat' dir='ltr'><strong>autem</strong></span> <span class='ocrx_word' id='word_1_258' title='bbox 2732 754 2784 796; x_wconf 90' lang='lat' dir='ltr'><strong>et</strong></span> <span class='ocrx_word' id='word_1_259' title='bbox 2811 754 3039 800; x_wconf 87' lang='lat' dir='ltr'><strong>sanctus</strong></span> <span class='ocrx_word' id='word_1_260' title='bbox 3071 745 3266 800; x_wconf 88' lang='lat' dir='ltr'><strong>Petrus</strong></span> <span class='ocrx_word' id='word_1_261' title='bbox 3313 748 3516 801; x_wconf 82' lang='lat' dir='ltr'><strong>Dama-</strong></span> 
     </span>
    </p>
   </div>
   <div class='ocr_carea' id='block_1_37' title="bbox 1926 834 3514 906">
    <p class='ocr_par' dir='ltr' id='par_1_37' title="bbox 1926 834 3514 906">
     <span class='ocr_line' id='line_1_37' title="bbox 1926 834 3514 906; baseline 0.004 -19"><span class='ocrx_word' id='word_1_262' title='bbox 1926 850 2125 887; x_wconf 80' lang='lat' dir='ltr'><strong>srenus</strong></span> <span class='ocrx_word' id='word_1_263' title='bbox 2153 852 2165 887; x_wconf 91' lang='lat'>:</span> <span class='ocrx_word' id='word_1_264' title='bbox 2195 834 2400 890; x_wconf 75' lang='lat' dir='ltr'><strong>Primis</strong></span> <span class='ocrx_word' id='word_1_265' title='bbox 2442 838 2651 889; x_wconf 79' lang='lat' dir='ltr'><strong>timnr&#39;s</strong></span> <span class='ocrx_word' id='word_1_266' title='bbox 2716 835 2957 906; x_wconf 74' lang='lat' dir='ltr'><strong>signum,</strong></span> <span class='ocrx_word' id='word_1_267' title='bbox 2989 849 3071 893; x_wconf 89' lang='lat' dir='ltr'><strong>est</strong></span> <span class='ocrx_word' id='word_1_268' title='bbox 3101 839 3284 893; x_wconf 86' lang='lat' dir='ltr'><strong>odium</strong></span> <span class='ocrx_word' id='word_1_269' title='bbox 3338 853 3394 894; x_wconf 91' lang='lat' dir='ltr'><strong>et</strong></span> <span class='ocrx_word' id='word_1_270' title='bbox 3435 840 3514 895; x_wconf 87' lang='lat' dir='ltr'><strong>ira</strong></span> 
     </span>
    </p>
   </div>
   <div class='ocr_carea' id='block_1_38' title="bbox 1928 926 3512 999">
    <p class='ocr_par' dir='ltr' id='par_1_38' title="bbox 1928 926 3512 999">
     <span class='ocr_line' id='line_1_38' title="bbox 1928 926 3512 999; baseline 0.006 -23"><span class='ocrx_word' id='word_1_271' title='bbox 1928 926 1980 978; x_wconf 90' lang='lat' dir='ltr'><strong>in</strong></span> <span class='ocrx_word' id='word_1_272' title='bbox 2019 935 2326 994; x_wconf 79' lang='lat' dir='ltr'><strong>peccatum,</strong></span> <span class='ocrx_word' id='word_1_273' title='bbox 2361 937 2619 996; x_wconf 83' lang='lat' dir='ltr'><strong>tanquam</strong></span> <span class='ocrx_word' id='word_1_274' title='bbox 2654 928 2753 982; x_wconf 86' lang='lat' dir='ltr'><strong>sia</strong></span> <span class='ocrx_word' id='word_1_275' title='bbox 2781 928 2956 983; x_wconf 77' lang='lat' dir='ltr'><strong>bestia</strong></span> <span class='ocrx_word' id='word_1_276' title='bbox 2999 933 3122 999; x_wconf 82' lang='lat' dir='ltr'><strong>quis</strong></span> <span class='ocrx_word' id='word_1_277' title='bbox 3155 933 3512 999; x_wconf 81' lang='lat' dir='ltr'><strong>vulneretur;</strong></span> 
     </span>
    </p>
   </div>
   <div class='ocr_carea' id='block_1_39' title="bbox 1927 1016 3514 1086">
    <p class='ocr_par' dir='ltr' id='par_1_39' title="bbox 1927 1016 3514 1086">
     <span class='ocr_line' id='line_1_39' title="bbox 1927 1016 3514 1086; baseline 0.006 -16"><span class='ocrx_word' id='word_1_278' title='bbox 1927 1016 2154 1086; x_wconf 77' lang='lat' dir='ltr'><strong>perfecti</strong></span> <span class='ocrx_word' id='word_1_279' title='bbox 2195 1033 2325 1072; x_wconf 78' lang='lat' dir='ltr'><strong>vero</strong></span> <span class='ocrx_word' id='word_1_280' title='bbox 2349 1030 2430 1073; x_wconf 83' lang='lat' dir='ltr'><strong>cst</strong></span> <span class='ocrx_word' id='word_1_281' title='bbox 2468 1021 2687 1076; x_wconf 72' lang='lat' dir='ltr'><strong>virtutis</strong></span> <span class='ocrx_word' id='word_1_282' title='bbox 2718 1037 2872 1074; x_wconf 88' lang='lat' dir='ltr'><strong>amor</strong></span> <span class='ocrx_word' id='word_1_283' title='bbox 2913 1032 2967 1074; x_wconf 80' lang='lat' dir='ltr'><strong>ct</strong></span> <span class='ocrx_word' id='word_1_284' title='bbox 3019 1026 3339 1078; x_wconf 88' lang='lat' dir='ltr'><strong>mutationis</strong></span> <span class='ocrx_word' id='word_1_285' title='bbox 3401 1041 3514 1080; x_wconf 89' lang='lat' dir='ltr'><strong>me-</strong></span> 
     </span>
    </p>
   </div>
   <div class='ocr_carea' id='block_1_40' title="bbox 1927 1111 3512 1180">
    <p class='ocr_par' dir='ltr' id='par_1_40' title="bbox 1927 1111 3512 1180">
     <span class='ocr_line' id='line_1_40' title="bbox 1927 1111 3512 1180; baseline 0.005 -18"><span class='ocrx_word' id='word_1_286' title='bbox 1927 1118 2040 1164; x_wconf 91' lang='lat' dir='ltr'><strong>tus.</strong></span> <span class='ocrx_word' id='word_1_287' title='bbox 2073 1129 2091 1162; x_wconf 81' lang='grc' dir='ltr'><strong>ι</strong></span> <span class='ocrx_word' id='word_1_288' title='bbox 2136 1111 2196 1164; x_wconf 84' lang='lat' dir='ltr'><strong>Et</strong></span> <span class='ocrx_word' id='word_1_289' title='bbox 2243 1113 2410 1174; x_wconf 82' lang='lat' dir='ltr'><strong>addit,</strong></span> <span class='ocrx_word' id='word_1_290' title='bbox 2456 1115 2731 1168; x_wconf 84' lang='lat' dir='ltr'><strong>neminem</strong></span> <span class='ocrx_word' id='word_1_291' title='bbox 2764 1130 2886 1169; x_wconf 91' lang='lat' dir='ltr'><strong>esse</strong></span> <span class='ocrx_word' id='word_1_292' title='bbox 2917 1116 3338 1180; x_wconf 88' lang='lat' dir='ltr'><strong>immutabilem,</strong></span> <span class='ocrx_word' id='word_1_293' title='bbox 3367 1128 3420 1172; x_wconf 92' lang='lat' dir='ltr'><strong>ct</strong></span> <span class='ocrx_word' id='word_1_294' title='bbox 3460 1119 3512 1171; x_wconf 92' lang='lat' dir='ltr'><strong>in</strong></span> 
     </span>
    </p>
   </div>
   <div class='ocr_carea' id='block_1_41' title="bbox 1929 1206 3516 1264">
    <p class='ocr_par' dir='ltr' id='par_1_41' title="bbox 1929 1206 3516 1264">
     <span class='ocr_line' id='line_1_41' title="bbox 1929 1206 3516 1264; baseline 0.004 -6"><span class='ocrx_word' id='word_1_295' title='bbox 1929 1206 2188 1259; x_wconf 78' lang='lat' dir='ltr'><strong>Omnibus</strong></span> <span class='ocrx_word' id='word_1_296' title='bbox 2223 1207 2344 1259; x_wconf 69' lang='lat' dir='ltr'><strong>vitae</strong></span> <span class='ocrx_word' id='word_1_297' title='bbox 2370 1208 2583 1262; x_wconf 82' lang='lat' dir='ltr'><strong>actibus</strong></span> <span class='ocrx_word' id='word_1_298' title='bbox 2610 1207 2767 1262; x_wconf 78' lang='lat' dir='ltr'><strong>nobis</strong></span> <span class='ocrx_word' id='word_1_299' title='bbox 2803 1208 3103 1263; x_wconf 89' lang='lat' dir='ltr'><strong>timendmn</strong></span> <span class='ocrx_word' id='word_1_300' title='bbox 3136 1225 3260 1264; x_wconf 86' lang='lat' dir='ltr'><strong>esse</strong></span> <span class='ocrx_word' id='word_1_301' title='bbox 3296 1226 3362 1262; x_wconf 88' lang='lat' dir='ltr'><strong>ne</strong></span> <span class='ocrx_word' id='word_1_302' title='bbox 3421 1211 3516 1264; x_wconf 90' lang='lat' dir='ltr'><strong>de-</strong></span> 
     </span>
    </p>
   </div>
   <div class='ocr_carea' id='block_1_42' title="bbox 1926 1295 3510 1371">
    <p class='ocr_par' dir='ltr' id='par_1_42' title="bbox 1926 1295 3510 1371">
     <span class='ocr_line' id='line_1_42' title="bbox 1926 1295 3510 1371; baseline 0.004 -22"><span class='ocrx_word' id='word_1_303' title='bbox 1926 1295 2196 1350; x_wconf 82' lang='lat' dir='ltr'><strong>cidamus.</strong></span> <span class='ocrx_word' id='word_1_304' title='bbox 2241 1316 2258 1348; x_wconf 72' lang='grc' dir='ltr'><strong>ι</strong></span> <span class='ocrx_word' id='word_1_305' title='bbox 2306 1298 2458 1353; x_wconf 87' lang='lat' dir='ltr'><strong>Unde</strong></span> <span class='ocrx_word' id='word_1_306' title='bbox 2486 1301 2559 1362; x_wconf 71' lang='grc' dir='ltr'><strong>ζει</strong></span> <span class='ocrx_word' id='word_1_307' title='bbox 2591 1308 2646 1352; x_wconf 86' lang='grc' dir='ltr'><strong>ιιι</strong></span> <span class='ocrx_word' id='word_1_308' title='bbox 2698 1300 2809 1355; x_wconf 67' lang='grc' dir='ltr'>Ιιιιδο</span> <span class='ocrx_word' id='word_1_309' title='bbox 2845 1303 3140 1368; x_wconf 75' lang='lat' dir='ltr'><strong>prudenter</strong></span> <span class='ocrx_word' id='word_1_310' title='bbox 3178 1302 3510 1371; x_wconf 69' lang='lat' dir='ltr'><strong>intelligens,</strong></span> 
     </span>
    </p>
   </div>
   <div class='ocr_carea' id='block_1_43' title="bbox 1927 1393 3510 1463">
    <p class='ocr_par' dir='ltr' id='par_1_43' title="bbox 1927 1393 3510 1463">
     <span class='ocr_line' id='line_1_43' title="bbox 1927 1393 3510 1463; baseline 0.004 -21"><span class='ocrx_word' id='word_1_311' title='bbox 1927 1403 2125 1442; x_wconf 88' lang='lat' dir='ltr'><strong>conare</strong></span> <span class='ocrx_word' id='word_1_312' title='bbox 2158 1406 2278 1441; x_wconf 79' lang='lat' dir='ltr'><strong>cum</strong></span> <span class='ocrx_word' id='word_1_313' title='bbox 2317 1393 2591 1458; x_wconf 66' lang='lat' dir='ltr'><strong>praedictis</strong></span> <span class='ocrx_word' id='word_1_314' title='bbox 2615 1395 2874 1448; x_wconf 85' lang='lat' dir='ltr'><strong>omnibus</strong></span> <span class='ocrx_word' id='word_1_315' title='bbox 2935 1396 3056 1448; x_wconf 91' lang='lat' dir='ltr'><strong>aliis</strong></span> <span class='ocrx_word' id='word_1_316' title='bbox 3086 1398 3319 1463; x_wconf 86' lang='lat' dir='ltr'><strong>priorem</strong></span> <span class='ocrx_word' id='word_1_317' title='bbox 3359 1397 3510 1450; x_wconf 88' lang='lat' dir='ltr'><strong>illum</strong></span> 
     </span>
    </p>
   </div>
   <div class='ocr_carea' id='block_1_44' title="bbox 1930 1483 3509 1552">
    <p class='ocr_par' dir='ltr' id='par_1_44' title="bbox 1930 1483 3509 1552">
     <span class='ocr_line' id='line_1_44' title="bbox 1930 1483 3509 1552; baseline 0.006 -18"><span class='ocrx_word' id='word_1_318' title='bbox 1930 1484 2182 1535; x_wconf 90' lang='lat' dir='ltr'><strong>timorem</strong></span> <span class='ocrx_word' id='word_1_319' title='bbox 2211 1483 2261 1535; x_wconf 89' lang='lat' dir='ltr'><strong>in</strong></span> <span class='ocrx_word' id='word_1_320' title='bbox 2308 1493 2358 1536; x_wconf 92' lang='lat' dir='ltr'><strong>te</strong></span> <span class='ocrx_word' id='word_1_321' title='bbox 2392 1486 2511 1552; x_wconf 80' lang='lat' dir='ltr'><strong>ipso</strong></span> <span class='ocrx_word' id='word_1_322' title='bbox 2573 1486 2945 1542; x_wconf 80' lang='lat' dir='ltr'><strong>indesinenter</strong></span> <span class='ocrx_word' id='word_1_323' title='bbox 2998 1491 3293 1544; x_wconf 82' lang='lat' dir='ltr'><strong>custodire.</strong></span> <span class='ocrx_word' id='word_1_324' title='bbox 3350 1492 3509 1545; x_wconf 77' lang='lat' dir='ltr'><strong>Solus</strong></span> 
     </span>
    </p>
   </div>
   <div class='ocr_carea' id='block_1_45' title="bbox 1926 1576 3511 1640">
    <p class='ocr_par' dir='ltr' id='par_1_45' title="bbox 1926 1576 3511 1640">
     <span class='ocr_line' id='line_1_45' title="bbox 1926 1576 3511 1640; baseline 0.008 -14"><span class='ocrx_word' id='word_1_325' title='bbox 1926 1576 2071 1629; x_wconf 90' lang='lat' dir='ltr'><strong>enim</strong></span> <span class='ocrx_word' id='word_1_326' title='bbox 2101 1585 2184 1628; x_wconf 80' lang='lat' dir='ltr'><strong>est</strong></span> <span class='ocrx_word' id='word_1_327' title='bbox 2239 1578 2419 1629; x_wconf 86' lang='lat' dir='ltr'><strong>omnis</strong></span> <span class='ocrx_word' id='word_1_328' title='bbox 2484 1577 2638 1631; x_wconf 78' lang='lat' dir='ltr'><strong>bona:</strong></span> <span class='ocrx_word' id='word_1_329' title='bbox 2681 1583 2917 1636; x_wconf 84' lang='lat' dir='ltr'><strong>actionis</strong></span> <span class='ocrx_word' id='word_1_330' title='bbox 2980 1583 3295 1640; x_wconf 66' lang='lat' dir='ltr'><strong>thesaurus.</strong></span> <span class='ocrx_word' id='word_1_331' title='bbox 3354 1584 3408 1638; x_wconf 92' lang='lat' dir='ltr'><strong>Si</strong></span> <span class='ocrx_word' id='word_1_332' title='bbox 3461 1597 3511 1639; x_wconf 90' lang='lat' dir='ltr'><strong>te</strong></span> 
     </span>
    </p>
   </div>
   <div class='ocr_carea' id='block_1_46' title="bbox 1929 1666 3509 1742">
    <p class='ocr_par' dir='ltr' id='par_1_46' title="bbox 1929 1666 3509 1742">
     <span class='ocr_line' id='line_1_46' title="bbox 1929 1666 3509 1742; baseline 0.006 -22"><span class='ocrx_word' id='word_1_333' title='bbox 1929 1666 2104 1736; x_wconf 83' lang='lat' dir='ltr'><strong>ipsum</strong></span> <span class='ocrx_word' id='word_1_334' title='bbox 2139 1670 2238 1721; x_wconf 82' lang='lat' dir='ltr'><strong>hoc</strong></span> <span class='ocrx_word' id='word_1_335' title='bbox 2290 1669 2452 1723; x_wconf 90' lang='lat' dir='ltr'><strong>modo</strong></span> <span class='ocrx_word' id='word_1_336' title='bbox 2488 1670 2709 1736; x_wconf 84' lang='lat' dir='ltr'><strong>habeas,</strong></span> <span class='ocrx_word' id='word_1_337' title='bbox 2756 1687 2946 1726; x_wconf 89' lang='lat' dir='ltr'><strong>omnes</strong></span> <span class='ocrx_word' id='word_1_338' title='bbox 3005 1691 3227 1742; x_wconf 79' lang='lat' dir='ltr'><strong>gressus</strong></span> <span class='ocrx_word' id='word_1_339' title='bbox 3282 1677 3359 1728; x_wconf 87' lang='lat' dir='ltr'><strong>tui</strong></span> <span class='ocrx_word' id='word_1_340' title='bbox 3420 1675 3509 1729; x_wconf 88' lang='lat' dir='ltr'><strong>di-</strong></span> 
     </span>
    </p>
   </div>
   <div class='ocr_carea' id='block_1_47' title="bbox 1929 1760 3506 1822">
    <p class='ocr_par' dir='ltr' id='par_1_47' title="bbox 1929 1760 3506 1822">
     <span class='ocr_line' id='line_1_47' title="bbox 1929 1760 3506 1822; baseline 0.006 -10"><span class='ocrx_word' id='word_1_341' title='bbox 1929 1760 2059 1814; x_wconf 84' lang='lat' dir='ltr'><strong>recti</strong></span> <span class='ocrx_word' id='word_1_342' title='bbox 2114 1770 2274 1813; x_wconf 87' lang='lat' dir='ltr'><strong>erunt</strong></span> <span class='ocrx_word' id='word_1_343' title='bbox 2311 1762 2376 1815; x_wconf 87' lang='lat' dir='ltr'><strong>ad</strong></span> <span class='ocrx_word' id='word_1_344' title='bbox 2433 1763 2772 1817; x_wconf 83' lang='lat' dir='ltr'><strong>observanda</strong></span> <span class='ocrx_word' id='word_1_345' title='bbox 2811 1766 2995 1818; x_wconf 83' lang='lat' dir='ltr'><strong>ouinia</strong></span> <span class='ocrx_word' id='word_1_346' title='bbox 3060 1767 3273 1821; x_wconf 84' lang='lat' dir='ltr'><strong>Domini</strong></span> <span class='ocrx_word' id='word_1_347' title='bbox 3334 1770 3506 1822; x_wconf 77' lang='lat' dir='ltr'><strong>nostri</strong></span> 
     </span>
    </p>
   </div>
   <div class='ocr_carea' id='block_1_48' title="bbox 1925 1851 3508 1931">
    <p class='ocr_par' dir='ltr' id='par_1_48' title="bbox 1925 1851 3508 1931">
     <span class='ocr_line' id='line_1_48' title="bbox 1925 1851 3508 1931; baseline 0.006 -25"><span class='ocrx_word' id='word_1_348' title='bbox 1925 1851 2054 1907; x_wconf 86' lang='lat' dir='ltr'><strong>Jesu</strong></span> <span class='ocrx_word' id='word_1_349' title='bbox 2089 1854 2290 1909; x_wconf 85' lang='lat' dir='ltr'><strong>Christi</strong></span> <span class='ocrx_word' id='word_1_350' title='bbox 2323 1857 2614 1922; x_wconf 87' lang='lat' dir='ltr'><strong>mandata;</strong></span> <span class='ocrx_word' id='word_1_351' title='bbox 2663 1861 2766 1913; x_wconf 83' lang='lat' dir='ltr'><strong>hac</strong></span> <span class='ocrx_word' id='word_1_352' title='bbox 2799 1860 2879 1913; x_wconf 77' lang='lat' dir='ltr'><strong>via</strong></span> <span class='ocrx_word' id='word_1_353' title='bbox 2930 1865 3233 1929; x_wconf 75' lang='lat' dir='ltr'><strong>procedens</strong></span> <span class='ocrx_word' id='word_1_354' title='bbox 3287 1866 3353 1916; x_wconf 82' lang='lat' dir='ltr'><strong>ad</strong></span> <span class='ocrx_word' id='word_1_355' title='bbox 3384 1878 3508 1931; x_wconf 86' lang='lat' dir='ltr'><strong>per-</strong></span> 
     </span>
    </p>
   </div>
   <div class='ocr_carea' id='block_1_49' title="bbox 1926 1946 3507 2024">
    <p class='ocr_par' dir='ltr' id='par_1_49' title="bbox 1926 1946 3507 2024">
     <span class='ocr_line' id='line_1_49' title="bbox 1926 1946 3507 2024; baseline 0.006 -24"><span class='ocrx_word' id='word_1_356' title='bbox 1926 1946 2126 2002; x_wconf 80' lang='lat' dir='ltr'><strong>fectum</strong></span> <span class='ocrx_word' id='word_1_357' title='bbox 2155 1965 2370 2018; x_wconf 80' lang='lat' dir='ltr'><strong>quoque</strong></span> <span class='ocrx_word' id='word_1_358' title='bbox 2394 1958 2449 2003; x_wconf 91' lang='lat' dir='ltr'><strong>ct</strong></span> <span class='ocrx_word' id='word_1_359' title='bbox 2483 1962 2734 2005; x_wconf 87' lang='lat' dir='ltr'><strong>sanctum</strong></span> <span class='ocrx_word' id='word_1_360' title='bbox 2773 1953 3023 2007; x_wconf 88' lang='lat' dir='ltr'><strong>timorem</strong></span> <span class='ocrx_word' id='word_1_361' title='bbox 3083 1957 3364 2024; x_wconf 78' lang='lat' dir='ltr'><strong>pervenies</strong></span> <span class='ocrx_word' id='word_1_362' title='bbox 3397 1957 3507 2009; x_wconf 73' lang='lat' dir='ltr'><strong>vir-</strong></span> 
     </span>
    </p>
   </div>
   <div class='ocr_carea' id='block_1_50' title="bbox 1926 2042 3507 2114">
    <p class='ocr_par' dir='ltr' id='par_1_50' title="bbox 1926 2042 3507 2114">
     <span class='ocr_line' id='line_1_50' title="bbox 1926 2042 3507 2114; baseline 0.004 -18"><span class='ocrx_word' id='word_1_363' title='bbox 1926 2049 2100 2096; x_wconf 83' lang='lat' dir='ltr'><strong>tutum</strong></span> <span class='ocrx_word' id='word_1_364' title='bbox 2123 2042 2396 2098; x_wconf 86' lang='lat' dir='ltr'><strong>desiderio</strong></span> <span class='ocrx_word' id='word_1_365' title='bbox 2431 2053 2485 2099; x_wconf 84' lang='lat' dir='ltr'><strong>et</strong></span> <span class='ocrx_word' id='word_1_366' title='bbox 2525 2045 2715 2114; x_wconf 88' lang='lat' dir='ltr'><strong>optimi</strong></span> <span class='ocrx_word' id='word_1_367' title='bbox 2751 2047 2840 2100; x_wconf 90' lang='lat' dir='ltr'><strong>Dei</strong></span> <span class='ocrx_word' id='word_1_368' title='bbox 2873 2049 3045 2102; x_wconf 87' lang='lat' dir='ltr'><strong>nostri</strong></span> <span class='ocrx_word' id='word_1_369' title='bbox 3106 2049 3507 2104; x_wconf 78' lang='lat' dir='ltr'><strong>misericordia.</strong></span> 
     </span>
    </p>
   </div>
   <div class='ocr_carea' id='block_1_51' title="bbox 1924 2353 3509 2430">
    <p class='ocr_par' dir='ltr' id='par_1_51' title="bbox 1924 2353 3509 2430">
     <span class='ocr_line' id='line_1_51' title="bbox 1924 2353 3509 2430; baseline 0.009 -25"><span class='ocrx_word' id='word_1_370' title='bbox 1924 2353 2075 2430; x_wconf 65' lang='lat' dir='ltr'><strong>Qupd</strong></span> <span class='ocrx_word' id='word_1_371' title='bbox 2132 2356 2507 2430; x_wconf 76' lang='lat' dir='ltr'><strong>mandatorum</strong></span> <span class='ocrx_word' id='word_1_372' title='bbox 2563 2376 2726 2413; x_wconf 75' lang='lat' dir='ltr'><strong>causa</strong></span> <span class='ocrx_word' id='word_1_373' title='bbox 2787 2369 2836 2414; x_wconf 87' lang='lat' dir='ltr'><strong>et</strong></span> <span class='ocrx_word' id='word_1_374' title='bbox 2882 2362 3006 2430; x_wconf 79' lang='lat' dir='ltr'><strong>ﬁdei</strong></span> <span class='ocrx_word' id='word_1_375' title='bbox 3063 2363 3276 2418; x_wconf 78' lang='lat' dir='ltr'><strong>Domini</strong></span> <span class='ocrx_word' id='word_1_376' title='bbox 3341 2369 3509 2421; x_wconf 78' lang='lat' dir='ltr'><strong>nostri</strong></span> 
     </span>
    </p>
   </div>
   <div class='ocr_carea' id='block_1_52' title="bbox 1990 2425 3505 2502">
    <p class='ocr_par' dir='ltr' id='par_1_52' title="bbox 1990 2425 3505 2502">
     <span class='ocr_line' id='line_1_52' title="bbox 1990 2425 3505 2502; baseline 0.011 -24"><span class='ocrx_word' id='word_1_377' title='bbox 1990 2425 2117 2478; x_wconf 71' lang='lat' dir='ltr'><strong>Jesu</strong></span> <span class='ocrx_word' id='word_1_378' title='bbox 2152 2429 2372 2489; x_wconf 76' lang='lat' dir='ltr'><strong>Christi,</strong></span> <span class='ocrx_word' id='word_1_379' title='bbox 2393 2441 2618 2502; x_wconf 60' lang='lat' dir='ltr'><strong>urgente</strong></span> <span class='ocrx_word' id='word_1_380' title='bbox 2653 2425 2944 2498; x_wconf 72' lang='lat' dir='ltr'><strong>occasione,</strong></span> <span class='ocrx_word' id='word_1_381' title='bbox 2989 2436 3088 2502; x_wconf 78' lang='lat' dir='ltr'><strong>ipsi</strong></span> <span class='ocrx_word' id='word_1_382' title='bbox 3138 2438 3255 2490; x_wconf 79' lang='lat' dir='ltr'><strong>rita:</strong></span> <span class='ocrx_word' id='word_1_383' title='bbox 3306 2450 3505 2494; x_wconf 66' lang='lat' dir='ltr'><strong>nostra</strong></span> 
     </span>
    </p>
   </div>
   <div class='ocr_carea' id='block_1_53' title="bbox 1991 2498 2634 2560">
    <p class='ocr_par' dir='ltr' id='par_1_53' title="bbox 1991 2498 2634 2560">
     <span class='ocr_line' id='line_1_53' title="bbox 1991 2498 2634 2560; baseline 0.009 -12"><span class='ocrx_word' id='word_1_384' title='bbox 1991 2512 2206 2560; x_wconf 80' lang='lat' dir='ltr'><strong>parcere</strong></span> <span class='ocrx_word' id='word_1_385' title='bbox 2241 2515 2341 2550; x_wconf 78' lang='lat' dir='ltr'><strong>non</strong></span> <span class='ocrx_word' id='word_1_386' title='bbox 2368 2498 2634 2554; x_wconf 73' lang='lat' dir='ltr'><strong>debemus.</strong></span> 
     </span>
    </p>
   </div>
   <div class='ocr_carea' id='block_1_54' title="bbox 1998 2678 3507 2752">
    <p class='ocr_par' dir='ltr' id='par_1_54' title="bbox 1998 2678 3507 2752">
     <span class='ocr_line' id='line_1_54' title="bbox 1998 2678 3507 2752; baseline 0.009 -20"><span class='ocrx_word' id='word_1_387' title='bbox 1998 2678 2083 2732; x_wconf 74' lang='lat' dir='ltr'><strong>i8.</strong></span> <span class='ocrx_word' id='word_1_388' title='bbox 2127 2678 2204 2730; x_wconf 83' lang='lat' dir='ltr'><strong>Ad</strong></span> <span class='ocrx_word' id='word_1_389' title='bbox 2251 2678 2366 2731; x_wconf 61' lang='lat' dir='ltr'><strong>luce</strong></span> <span class='ocrx_word' id='word_1_390' title='bbox 2397 2693 2519 2747; x_wconf 70' lang='lat' dir='ltr'><strong>qua:</strong></span> <span class='ocrx_word' id='word_1_391' title='bbox 2555 2680 2697 2732; x_wconf 83' lang='lat' dir='ltr'><strong>dicta</strong></span> <span class='ocrx_word' id='word_1_392' title='bbox 2728 2693 2877 2744; x_wconf 89' lang='lat' dir='ltr'><strong>sunt,</strong></span> <span class='ocrx_word' id='word_1_393' title='bbox 2935 2695 3152 2752; x_wconf 85' lang='lat' dir='ltr'><strong>oportet</strong></span> <span class='ocrx_word' id='word_1_394' title='bbox 3188 2698 3237 2740; x_wconf 89' lang='lat' dir='ltr'><strong>te</strong></span> <span class='ocrx_word' id='word_1_395' title='bbox 3292 2698 3344 2742; x_wconf 90' lang='lat' dir='ltr'><strong>et</strong></span> <span class='ocrx_word' id='word_1_396' title='bbox 3406 2690 3507 2745; x_wconf 91' lang='lat' dir='ltr'><strong>hoc</strong></span> 
     </span>
    </p>
   </div>
   <div class='ocr_carea' id='block_1_55' title="bbox 1921 2772 3503 2837">
    <p class='ocr_par' dir='ltr' id='par_1_55' title="bbox 1921 2772 3503 2837">
     <span class='ocr_line' id='line_1_55' title="bbox 1921 2772 3503 2837; baseline 0.006 -12"><span class='ocrx_word' id='word_1_397' title='bbox 1921 2772 2397 2830; x_wconf 70' lang='lat' dir='ltr'><strong>animadverti-re.</strong></span> <span class='ocrx_word' id='word_1_398' title='bbox 2492 2772 2633 2837; x_wconf 79' lang='lat' dir='ltr'><strong>quod</strong></span> <span class='ocrx_word' id='word_1_399' title='bbox 2721 2773 3056 2828; x_wconf 66' lang='lat' dir='ltr'><strong>vitulicurnm</strong></span> <span class='ocrx_word' id='word_1_400' title='bbox 3123 2781 3503 2836; x_wconf 87' lang='lat' dir='ltr'><strong>mandatorum</strong></span> 
     </span>
    </p>
   </div>
   <div class='ocr_carea' id='block_1_56' title="bbox 1920 2863 3505 2934">
    <p class='ocr_par' dir='ltr' id='par_1_56' title="bbox 1920 2863 3505 2934">
     <span class='ocr_line' id='line_1_56' title="bbox 1920 2863 3505 2934; baseline 0.005 -14"><span class='ocrx_word' id='word_1_401' title='bbox 1920 2879 2080 2920; x_wconf 80' lang='lat' dir='ltr'><strong>causa</strong></span> <span class='ocrx_word' id='word_1_402' title='bbox 2112 2874 2163 2916; x_wconf 83' lang='lat' dir='ltr'><strong>et</strong></span> <span class='ocrx_word' id='word_1_403' title='bbox 2197 2863 2411 2916; x_wconf 86' lang='lat' dir='ltr'><strong>Domini</strong></span> <span class='ocrx_word' id='word_1_404' title='bbox 2438 2865 2611 2918; x_wconf 77' lang='lat' dir='ltr'><strong>nostri</strong></span> <span class='ocrx_word' id='word_1_405' title='bbox 2636 2863 2762 2918; x_wconf 78' lang='lat' dir='ltr'><strong>Jesu</strong></span> <span class='ocrx_word' id='word_1_406' title='bbox 2818 2867 3020 2921; x_wconf 80' lang='lat' dir='ltr'><strong>Christi</strong></span> <span class='ocrx_word' id='word_1_407' title='bbox 3061 2869 3206 2934; x_wconf 86' lang='lat' dir='ltr'><strong>lidei,</strong></span> <span class='ocrx_word' id='word_1_408' title='bbox 3241 2873 3505 2928; x_wconf 80' lang='lat' dir='ltr'><strong>debemus</strong></span> 
     </span>
    </p>
   </div>
   <div class='ocr_carea' id='block_1_57' title="bbox 1923 2955 3509 3024">
    <p class='ocr_par' dir='ltr' id='par_1_57' title="bbox 1923 2955 3509 3024">
     <span class='ocr_line' id='line_1_57' title="bbox 1923 2955 3509 3024; baseline 0.006 -16"><span class='ocrx_word' id='word_1_409' title='bbox 1923 2962 2147 3023; x_wconf 80' lang='lat' dir='ltr'><strong>urgente</strong></span> <span class='ocrx_word' id='word_1_410' title='bbox 2170 2955 2476 3020; x_wconf 69' lang='lat' dir='ltr'><strong>oet-asione,</strong></span> <span class='ocrx_word' id='word_1_411' title='bbox 2507 2965 2559 3008; x_wconf 90' lang='lat' dir='ltr'><strong>et</strong></span> <span class='ocrx_word' id='word_1_412' title='bbox 2616 2956 2788 3024; x_wconf 82' lang='lat' dir='ltr'><strong>ipsam</strong></span> <span class='ocrx_word' id='word_1_413' title='bbox 2849 2960 3088 3012; x_wconf 90' lang='lat' dir='ltr'><strong>animam</strong></span> <span class='ocrx_word' id='word_1_414' title='bbox 3130 2961 3360 3015; x_wconf 83' lang='lat' dir='ltr'><strong>libenter</strong></span> <span class='ocrx_word' id='word_1_415' title='bbox 3403 2967 3509 3018; x_wconf 90' lang='lat' dir='ltr'><strong>im-</strong></span> 
     </span>
    </p>
   </div>
   <div class='ocr_carea' id='block_1_58' title="bbox 1922 3047 3506 3122">
    <p class='ocr_par' dir='ltr' id='par_1_58' title="bbox 1922 3047 3506 3122">
     <span class='ocr_line' id='line_1_58' title="bbox 1922 3047 3506 3122; baseline 0.006 -21"><span class='ocrx_word' id='word_1_416' title='bbox 1922 3049 2175 3117; x_wconf 81' lang='lat' dir='ltr'><strong>pendere,</strong></span> <span class='ocrx_word' id='word_1_417' title='bbox 2205 3062 2378 3115; x_wconf 75' lang='lat' dir='ltr'><strong>neque</strong></span> <span class='ocrx_word' id='word_1_418' title='bbox 2407 3047 2527 3102; x_wconf 71' lang='lat' dir='ltr'><strong>vita!</strong></span> <span class='ocrx_word' id='word_1_419' title='bbox 2564 3047 2664 3116; x_wconf 87' lang='lat' dir='ltr'><strong>ipsi</strong></span> <span class='ocrx_word' id='word_1_420' title='bbox 2699 3060 2900 3102; x_wconf 62' lang='lat' dir='ltr'><strong>nostra!</strong></span> <span class='ocrx_word' id='word_1_421' title='bbox 2925 3067 3188 3118; x_wconf 77' lang='lat' dir='ltr'><strong>parcere;</strong></span> <span class='ocrx_word' id='word_1_422' title='bbox 3244 3058 3506 3122; x_wconf 66' lang='lat' dir='ltr'><strong>quemad-</strong></span> 
     </span>
    </p>
   </div>
   <div class='ocr_carea' id='block_1_59' title="bbox 1923 3142 3508 3205">
    <p class='ocr_par' dir='ltr' id='par_1_59' title="bbox 1923 3142 3508 3205">
     <span class='ocr_line' id='line_1_59' title="bbox 1923 3142 3508 3205; baseline 0.006 -9"><span class='ocrx_word' id='word_1_423' title='bbox 1923 3144 2142 3196; x_wconf 74' lang='lat' dir='ltr'><strong>modum</strong></span> <span class='ocrx_word' id='word_1_424' title='bbox 2172 3142 2239 3194; x_wconf 89' lang='lat' dir='ltr'><strong>de</strong></span> <span class='ocrx_word' id='word_1_425' title='bbox 2291 3142 2390 3196; x_wconf 72' lang='lat' dir='ltr'><strong>hac.</strong></span> <span class='ocrx_word' id='word_1_426' title='bbox 2444 3143 2771 3196; x_wconf 77' lang='lat' dir='ltr'><strong>necessitate</strong></span> <span class='ocrx_word' id='word_1_427' title='bbox 2831 3143 3092 3200; x_wconf 88' lang='lat' dir='ltr'><strong>Dominus</strong></span> <span class='ocrx_word' id='word_1_428' title='bbox 3135 3158 3323 3202; x_wconf 87' lang='lat' dir='ltr'><strong>noster</strong></span> <span class='ocrx_word' id='word_1_429' title='bbox 3350 3147 3508 3205; x_wconf 73' lang='lat' dir='ltr'><strong>Iesus</strong></span> 
     </span>
    </p>
   </div>
   <div class='ocr_carea' id='block_1_60' title="bbox 223 3232 1912 3314">
    <p class='ocr_par' dir='ltr' id='par_1_60' title="bbox 223 3232 1893 3314">
     <span class='ocr_line' id='line_1_60' title="bbox 223 3232 1893 3314; baseline -0.004 -22"><span class='ocrx_word' id='word_1_430' title='bbox 223 3238 466 3310; x_wconf 75' lang='grc' dir='ltr'>Χριστός</span> <span class='ocrx_word' id='word_1_431' title='bbox 515 3254 702 3305; x_wconf 72' lang='grc' dir='ltr'>φησιν,</span> <span class='ocrx_word' id='word_1_432' title='bbox 742 3237 823 3288; x_wconf 79' lang='grc' dir='ltr'>ὅτι</span> <span class='ocrx_word' id='word_1_433' title='bbox 860 3255 876 3287; x_wconf 80' lang='grc' dir='ltr'><strong>ι</strong></span> <span class='ocrx_word' id='word_1_434' title='bbox 920 3237 978 3288; x_wconf 91' lang='grc' dir='ltr'><strong>Ὀ</strong></span> <span class='ocrx_word' id='word_1_435' title='bbox 1018 3236 1292 3298; x_wconf 75' lang='grc' dir='ltr'>ἀπολέσας</span> <span class='ocrx_word' id='word_1_436' title='bbox 1317 3236 1414 3306; x_wconf 76' lang='grc' dir='ltr'>τὴν</span> <span class='ocrx_word' id='word_1_437' title='bbox 1452 3235 1629 3305; x_wconf 62' lang='grc' dir='ltr'>ψυχὴν</span> <span class='ocrx_word' id='word_1_438' title='bbox 1664 3232 1893 3314; x_wconf 72' lang='grc' dir='ltr'>αὖτοῦο</span> 
     </span>
    </p>
   </div>
   <div class='ocr_carea' id='block_1_61' title="bbox 1813 3232 3502 3314">
    <p class='ocr_par' dir='ltr' id='par_1_61' title="bbox 1813 3233 3502 3314">
     <span class='ocr_line' id='line_1_61' title="bbox 1813 3233 3502 3314; baseline 0.005 -28"><span class='ocrx_word' id='word_1_439' title='bbox 1813 3233 1893 3314; x_wconf 77' lang='lat' dir='ltr'><strong>ic</strong></span> <span class='ocrx_word' id='word_1_440' title='bbox 1924 3236 2175 3292; x_wconf 84' lang='lat' dir='ltr'><strong>Christus</strong></span> <span class='ocrx_word' id='word_1_441' title='bbox 2220 3235 2386 3290; x_wconf 83' lang='lat' dir='ltr'><strong>dicit;</strong></span> <span class='ocrx_word' id='word_1_442' title='bbox 2440 3252 2459 3286; x_wconf 75' lang='grc' dir='ltr'><strong>ι</strong></span> <span class='ocrx_word' id='word_1_443' title='bbox 2519 3235 2622 3300; x_wconf 87' lang='lat' dir='ltr'><strong>Qui</strong></span> <span class='ocrx_word' id='word_1_444' title='bbox 2680 3236 2974 3304; x_wconf 76' lang='lat' dir='ltr'><strong>perdiderit</strong></span> <span class='ocrx_word' id='word_1_445' title='bbox 3035 3239 3269 3293; x_wconf 77' lang='lat' dir='ltr'><strong>animum</strong></span> <span class='ocrx_word' id='word_1_446' title='bbox 3348 3256 3502 3294; x_wconf 82' lang='lat' dir='ltr'><strong>suam</strong></span> 
     </span>
    </p>
   </div>
   <div class='ocr_carea' id='block_1_62' title="bbox 221 3324 1823 3399">
    <p class='ocr_par' dir='ltr' id='par_1_62' title="bbox 221 3324 1823 3399">
     <span class='ocr_line' id='line_1_62' title="bbox 221 3324 1823 3399; baseline -0.005 -14"><span class='ocrx_word' id='word_1_447' title='bbox 221 3334 416 3385; x_wconf 75' lang='grc' dir='ltr'>ἕνεκεν</span> <span class='ocrx_word' id='word_1_448' title='bbox 435 3329 595 3399; x_wconf 78' lang='grc' dir='ltr'>ἐμοῦ,</span> <span class='ocrx_word' id='word_1_449' title='bbox 620 3331 714 3381; x_wconf 71' lang='grc' dir='ltr'>καὶ</span> <span class='ocrx_word' id='word_1_450' title='bbox 741 3329 833 3381; x_wconf 79' lang='grc' dir='ltr'><strong>τοῦ</strong></span> <span class='ocrx_word' id='word_1_451' title='bbox 851 3328 1210 3397; x_wconf 73' lang='grc' dir='ltr'>Εὖαγγελίου.</span> <span class='ocrx_word' id='word_1_452' title='bbox 1234 3324 1388 3391; x_wconf 73' lang='grc' dir='ltr'>οὗτος</span> <span class='ocrx_word' id='word_1_453' title='bbox 1418 3331 1581 3380; x_wconf 82' lang='grc' dir='ltr'>σώσει</span> <span class='ocrx_word' id='word_1_454' title='bbox 1601 3329 1823 3397; x_wconf 78' lang='grc' dir='ltr'>αὑτήνί</span> 
     </span>
    </p>
   </div>
   <div class='ocr_carea' id='block_1_63' title="bbox 221 3419 1828 3494">
    <p class='ocr_par' dir='ltr' id='par_1_63' title="bbox 221 3419 1828 3494">
     <span class='ocr_line' id='line_1_63' title="bbox 221 3419 1828 3494; baseline -0.006 -16"><span class='ocrx_word' id='word_1_455' title='bbox 221 3422 632 3494; x_wconf 76' lang='grc' dir='ltr'>ἀναμφιϐόλως</span> <span class='ocrx_word' id='word_1_456' title='bbox 709 3421 1005 3486; x_wconf 80' lang='grc' dir='ltr'>πιστεύων,</span> <span class='ocrx_word' id='word_1_457' title='bbox 1050 3423 1143 3473; x_wconf 74' lang='grc' dir='ltr'>καὶ</span> <span class='ocrx_word' id='word_1_458' title='bbox 1174 3421 1248 3490; x_wconf 68' lang='grc' dir='ltr'>μὴ</span> <span class='ocrx_word' id='word_1_459' title='bbox 1283 3420 1714 3489; x_wconf 79' lang='grc' dir='ltr'>διακρινόμενος,</span> <span class='ocrx_word' id='word_1_460' title='bbox 1747 3419 1828 3472; x_wconf 80' lang='grc' dir='ltr'>ὅτι</span> 
     </span>
    </p>
   </div>
   <div class='ocr_carea' id='block_1_64' title="bbox 223 3512 1826 3584">
    <p class='ocr_par' dir='ltr' id='par_1_64' title="bbox 223 3512 1826 3584">
     <span class='ocr_line' id='line_1_64' title="bbox 223 3512 1826 3584; baseline -0.004 -14"><span class='ocrx_word' id='word_1_461' title='bbox 223 3520 316 3570; x_wconf 79' lang='grc' dir='ltr'>καὶ</span> <span class='ocrx_word' id='word_1_462' title='bbox 358 3515 685 3576; x_wconf 79' lang='grc' dir='ltr'>ἀνάστασις,</span> <span class='ocrx_word' id='word_1_463' title='bbox 743 3514 840 3566; x_wconf 73' lang='grc' dir='ltr'>καὶ</span> <span class='ocrx_word' id='word_1_464' title='bbox 880 3512 1017 3584; x_wconf 75' lang='grc' dir='ltr'>ζωὴ,</span> <span class='ocrx_word' id='word_1_465' title='bbox 1053 3513 1148 3565; x_wconf 71' lang='grc' dir='ltr'>καὶ</span> <span class='ocrx_word' id='word_1_466' title='bbox 1197 3513 1307 3564; x_wconf 72' lang='grc' dir='ltr'>πᾶν</span> <span class='ocrx_word' id='word_1_467' title='bbox 1354 3513 1405 3564; x_wconf 80' lang='grc' dir='ltr'>ιτ</span> <span class='ocrx_word' id='word_1_468' title='bbox 1441 3529 1493 3564; x_wconf 90' lang='grc' dir='ltr'><strong>τι</strong></span> <span class='ocrx_word' id='word_1_469' title='bbox 1534 3515 1826 3582; x_wconf 78' lang='grc' dir='ltr'>σωτήριον,</span> 
     </span>
    </p>
   </div>
   <div class='ocr_carea' id='block_1_65' title="bbox 222 3606 1830 3678">
    <p class='ocr_par' dir='ltr' id='par_1_65' title="bbox 222 3606 1830 3678">
     <span class='ocr_line' id='line_1_65' title="bbox 222 3606 1830 3678; baseline -0.005 -12"><span class='ocrx_word' id='word_1_470' title='bbox 222 3611 390 3673; x_wconf 77' lang='grc' dir='ltr'>αὑτός</span> <span class='ocrx_word' id='word_1_471' title='bbox 412 3613 562 3662; x_wconf 79' lang='grc' dir='ltr'>ἐστιν</span> <span class='ocrx_word' id='word_1_472' title='bbox 586 3613 614 3662; x_wconf 87' lang='grc' dir='ltr'>ὁ</span> <span class='ocrx_word' id='word_1_473' title='bbox 642 3609 803 3663; x_wconf 85' lang='grc' dir='ltr'>θεάνθ</span> <span class='ocrx_word' id='word_1_474' title='bbox 816 3625 996 3678; x_wconf 87' lang='grc' dir='ltr'>ρωπος</span> <span class='ocrx_word' id='word_1_475' title='bbox 1035 3607 1240 3672; x_wconf 80' lang='grc' dir='ltr'>Ἰησοῦς</span> <span class='ocrx_word' id='word_1_476' title='bbox 1266 3609 1293 3659; x_wconf 82' lang='grc' dir='ltr'>ὁ</span> <span class='ocrx_word' id='word_1_477' title='bbox 1325 3607 1536 3677; x_wconf 78' lang='grc' dir='ltr'>Σωτὴρ,</span> <span class='ocrx_word' id='word_1_478' title='bbox 1569 3607 1643 3666; x_wconf 83' lang='grc' dir='ltr'><strong>ὡς</strong></span> <span class='ocrx_word' id='word_1_479' title='bbox 1666 3606 1830 3670; x_wconf 63' lang='grc' dir='ltr'>αὐτὸς</span> 
     </span>
    </p>
   </div>
   <div class='ocr_carea' id='block_1_66' title="bbox 221 3701 1828 3774">
    <p class='ocr_par' dir='ltr' id='par_1_66' title="bbox 221 3701 1828 3774">
     <span class='ocr_line' id='line_1_66' title="bbox 221 3701 1828 3774; baseline -0.003 -17"><span class='ocrx_word' id='word_1_480' title='bbox 221 3707 476 3774; x_wconf 69' lang='grc' dir='ltr'>εἴρηκεν,</span> <span class='ocrx_word' id='word_1_481' title='bbox 508 3704 589 3755; x_wconf 85' lang='grc' dir='ltr'>ὅτι</span> <span class='ocrx_word' id='word_1_482' title='bbox 637 3721 657 3754; x_wconf 71' lang='grc' dir='ltr'><strong>ε</strong></span> <span class='ocrx_word' id='word_1_483' title='bbox 701 3701 843 3769; x_wconf 84' lang='grc' dir='ltr'><strong>Ἐγώ</strong></span> <span class='ocrx_word' id='word_1_484' title='bbox 875 3704 991 3770; x_wconf 82' lang='grc' dir='ltr'>είμι</span> <span class='ocrx_word' id='word_1_485' title='bbox 1015 3703 1049 3770; x_wconf 82' lang='grc' dir='ltr'>ὴ</span> <span class='ocrx_word' id='word_1_486' title='bbox 1087 3702 1403 3766; x_wconf 76' lang='grc' dir='ltr'>ἀνάστασις,</span> <span class='ocrx_word' id='word_1_487' title='bbox 1435 3701 1584 3770; x_wconf 73' lang='grc' dir='ltr'>καὶή</span> <span class='ocrx_word' id='word_1_488' title='bbox 1617 3701 1728 3768; x_wconf 76' lang='grc' dir='ltr'><strong>ζωή</strong></span> <span class='ocrx_word' id='word_1_489' title='bbox 1753 3716 1766 3729; x_wconf 89' lang='grc'><strong>·</strong></span> <span class='ocrx_word' id='word_1_490' title='bbox 1801 3701 1828 3752; x_wconf 84' lang='grc' dir='ltr'>ὁ</span> 
     </span>
    </p>
   </div>
   <div class='ocr_carea' id='block_1_67' title="bbox 222 3790 1826 3864">
    <p class='ocr_par' dir='ltr' id='par_1_67' title="bbox 222 3790 1826 3864">
     <span class='ocr_line' id='line_1_67' title="bbox 222 3790 1826 3864; baseline -0.005 -15"><span class='ocrx_word' id='word_1_491' title='bbox 222 3796 508 3849; x_wconf 71' lang='grc' dir='ltr'>πιστεύων</span> <span class='ocrx_word' id='word_1_492' title='bbox 529 3797 608 3858; x_wconf 82' lang='grc' dir='ltr'><strong>είς</strong></span> <span class='ocrx_word' id='word_1_493' title='bbox 633 3794 754 3863; x_wconf 76' lang='grc' dir='ltr'>ἐμὲ,</span> <span class='ocrx_word' id='word_1_494' title='bbox 779 3791 880 3845; x_wconf 83' lang='grc' dir='ltr'>κᾶν</span> <span class='ocrx_word' id='word_1_495' title='bbox 905 3791 1179 3864; x_wconf 80' lang='grc' dir='ltr'>ἀποθάνῃ,</span> <span class='ocrx_word' id='word_1_496' title='bbox 1209 3792 1453 3861; x_wconf 81' lang='grc' dir='ltr'>ζήσεται·</span> <span class='ocrx_word' id='word_1_497' title='bbox 1485 3810 1502 3842; x_wconf 77' lang='grc' dir='ltr'><strong>ι</strong></span> <span class='ocrx_word' id='word_1_498' title='bbox 1526 3791 1637 3855; x_wconf 71' lang='grc' dir='ltr'>καὶ,</span> <span class='ocrx_word' id='word_1_499' title='bbox 1671 3810 1688 3842; x_wconf 78' lang='grc' dir='ltr'><strong>ι</strong></span> <span class='ocrx_word' id='word_1_500' title='bbox 1713 3790 1826 3852; x_wconf 74' lang='grc' dir='ltr'>Πᾶς</span> 
     </span>
    </p>
   </div>
   <div class='ocr_carea' id='block_1_68' title="bbox 217 3883 1824 3954">
    <p class='ocr_par' dir='ltr' id='par_1_68' title="bbox 217 3883 1824 3954">
     <span class='ocr_line' id='line_1_68' title="bbox 217 3883 1824 3954; baseline -0.006 -13"><span class='ocrx_word' id='word_1_501' title='bbox 217 3892 246 3942; x_wconf 81' lang='grc' dir='ltr'><em>ὁ</em></span> <span class='ocrx_word' id='word_1_502' title='bbox 279 3890 390 3953; x_wconf 75' lang='grc' dir='ltr'>ζῶν</span> <span class='ocrx_word' id='word_1_503' title='bbox 425 3888 524 3940; x_wconf 77' lang='grc' dir='ltr'>καὶ</span> <span class='ocrx_word' id='word_1_504' title='bbox 565 3884 838 3938; x_wconf 87' lang='grc' dir='ltr'>πιστεύων</span> <span class='ocrx_word' id='word_1_505' title='bbox 871 3887 948 3947; x_wconf 88' lang='grc' dir='ltr'>εἰς</span> <span class='ocrx_word' id='word_1_506' title='bbox 985 3885 1109 3954; x_wconf 79' lang='grc' dir='ltr'>ἐμὲ,</span> <span class='ocrx_word' id='word_1_507' title='bbox 1156 3885 1217 3935; x_wconf 73' lang='grc' dir='ltr'><strong>οὕ</strong></span> <span class='ocrx_word' id='word_1_508' title='bbox 1248 3885 1323 3952; x_wconf 77' lang='grc' dir='ltr'>μὴ</span> <span class='ocrx_word' id='word_1_509' title='bbox 1355 3883 1599 3951; x_wconf 82' lang='grc' dir='ltr'>ἀποθάνῃ</span> <span class='ocrx_word' id='word_1_510' title='bbox 1628 3883 1706 3943; x_wconf 83' lang='grc' dir='ltr'><strong>είς</strong></span> <span class='ocrx_word' id='word_1_511' title='bbox 1732 3883 1824 3933; x_wconf 78' lang='grc' dir='ltr'>τὸν</span> 
     </span>
    </p>
   </div>
   <div class='ocr_carea' id='block_1_69' title="bbox 219 3973 1824 4047">
    <p class='ocr_par' dir='ltr' id='par_1_69' title="bbox 219 3973 1824 4047">
     <span class='ocr_line' id='line_1_69' title="bbox 219 3973 1824 4047; baseline -0.008 -11"><span class='ocrx_word' id='word_1_512' title='bbox 219 3983 402 4036; x_wconf 79' lang='grc' dir='ltr'>αἰῶνα</span> <span class='ocrx_word' id='word_1_513' title='bbox 423 3997 435 4009; x_wconf 87' lang='grc'>·</span> <span class='ocrx_word' id='word_1_514' title='bbox 467 4000 486 4031; x_wconf 79' lang='grc' dir='ltr'><strong>ι</strong></span> <span class='ocrx_word' id='word_1_515' title='bbox 523 3979 639 4042; x_wconf 63' lang='grc' dir='ltr'>καὶ,</span> <span class='ocrx_word' id='word_1_516' title='bbox 668 3998 684 4029; x_wconf 79' lang='grc' dir='ltr'><strong>ι</strong></span> <span class='ocrx_word' id='word_1_517' title='bbox 713 3977 903 4040; x_wconf 90' lang='grc' dir='ltr'>Οὕτως</span> <span class='ocrx_word' id='word_1_518' title='bbox 928 3979 1217 4047; x_wconf 66' lang='grc' dir='ltr'>ἠγάπησεν</span> <span class='ocrx_word' id='word_1_519' title='bbox 1245 3977 1271 4030; x_wconf 75' lang='grc' dir='ltr'>ὁ</span> <span class='ocrx_word' id='word_1_520' title='bbox 1298 3973 1430 4036; x_wconf 76' lang='grc' dir='ltr'>Θεὸς</span> <span class='ocrx_word' id='word_1_521' title='bbox 1465 3974 1555 4025; x_wconf 73' lang='grc' dir='ltr'>τὸν</span> <span class='ocrx_word' id='word_1_522' title='bbox 1596 3973 1824 4042; x_wconf 76' lang='grc' dir='ltr'>κόσμον,</span> 
     </span>
    </p>
   </div>
   <div class='ocr_carea' id='block_1_70' title="bbox 216 4064 1825 4136">
    <p class='ocr_par' dir='ltr' id='par_1_70' title="bbox 216 4064 1825 4136">
     <span class='ocr_line' id='line_1_70' title="bbox 216 4064 1825 4136; baseline -0.007 -11"><span class='ocrx_word' id='word_1_523' title='bbox 216 4074 365 4125; x_wconf 75' lang='grc' dir='ltr'>ὣστε</span> <span class='ocrx_word' id='word_1_524' title='bbox 399 4072 496 4123; x_wconf 76' lang='grc' dir='ltr'><strong>τὸν</strong></span> <span class='ocrx_word' id='word_1_525' title='bbox 536 4069 666 4121; x_wconf 80' lang='grc' dir='ltr'>Υἱὺν</span> <span class='ocrx_word' id='word_1_526' title='bbox 700 4068 864 4121; x_wconf 76' lang='grc' dir='ltr'>αὑτοῦ</span> <span class='ocrx_word' id='word_1_527' title='bbox 895 4069 987 4120; x_wconf 68' lang='grc' dir='ltr'><strong>τὸν</strong></span> <span class='ocrx_word' id='word_1_528' title='bbox 1021 4067 1284 4136; x_wconf 80' lang='grc' dir='ltr'>μονογενῆ</span> <span class='ocrx_word' id='word_1_529' title='bbox 1316 4066 1536 4127; x_wconf 79' lang='grc' dir='ltr'>ἔδωκεν,</span> <span class='ocrx_word' id='word_1_530' title='bbox 1581 4064 1667 4115; x_wconf 88' lang='grc' dir='ltr'><strong>ἴνα</strong></span> <span class='ocrx_word' id='word_1_531' title='bbox 1718 4064 1825 4126; x_wconf 81' lang='grc' dir='ltr'><strong>πᾶς</strong></span> 
     </span>
    </p>
   </div>
   <div class='ocr_carea' id='block_1_71' title="bbox 217 4153 1825 4228">
    <p class='ocr_par' dir='ltr' id='par_1_71' title="bbox 217 4153 1825 4228">
     <span class='ocr_line' id='line_1_71' title="bbox 217 4153 1825 4228; baseline -0.007 -13"><span class='ocrx_word' id='word_1_532' title='bbox 217 4168 244 4216; x_wconf 76' lang='grc' dir='ltr'><strong>ὁ</strong></span> <span class='ocrx_word' id='word_1_533' title='bbox 273 4162 555 4215; x_wconf 77' lang='grc' dir='ltr'>πιστεύων</span> <span class='ocrx_word' id='word_1_534' title='bbox 586 4161 668 4221; x_wconf 89' lang='grc' dir='ltr'>εἰς</span> <span class='ocrx_word' id='word_1_535' title='bbox 710 4160 896 4220; x_wconf 71' lang='grc' dir='ltr'>αὑτὸν,</span> <span class='ocrx_word' id='word_1_536' title='bbox 934 4159 1009 4228; x_wconf 82' lang='grc' dir='ltr'>μὴ</span> <span class='ocrx_word' id='word_1_537' title='bbox 1063 4158 1356 4226; x_wconf 73' lang='grc' dir='ltr'>ἀπόληται,</span> <span class='ocrx_word' id='word_1_538' title='bbox 1405 4155 1520 4207; x_wconf 80' lang='grc' dir='ltr'>ἀλλ’</span> <span class='ocrx_word' id='word_1_539' title='bbox 1553 4154 1649 4224; x_wconf 73' lang='grc' dir='ltr'><strong>ἔχῃ</strong></span> <span class='ocrx_word' id='word_1_540' title='bbox 1681 4153 1825 4223; x_wconf 78' lang='grc' dir='ltr'>ζωὴν</span> 
     </span>
    </p>
   </div>
   <div class='ocr_carea' id='block_1_72' title="bbox 219 4248 1817 4323">
    <p class='ocr_par' dir='ltr' id='par_1_72' title="bbox 219 4248 1817 4323">
     <span class='ocr_line' id='line_1_72' title="bbox 219 4248 1817 4323; baseline -0.008 -14"><span class='ocrx_word' id='word_1_541' title='bbox 219 4257 448 4310; x_wconf 77' lang='grc' dir='ltr'>αἰώνιον</span> <span class='ocrx_word' id='word_1_542' title='bbox 473 4271 486 4284; x_wconf 90' lang='grc'>·</span> <span class='ocrx_word' id='word_1_543' title='bbox 514 4273 532 4305; x_wconf 85' lang='grc' dir='ltr'><strong>ι</strong></span> <span class='ocrx_word' id='word_1_544' title='bbox 561 4256 673 4319; x_wconf 67' lang='grc' dir='ltr'>καὶ,</span> <span class='ocrx_word' id='word_1_545' title='bbox 702 4272 719 4303; x_wconf 82' lang='grc' dir='ltr'><strong>ι</strong></span> <span class='ocrx_word' id='word_1_546' title='bbox 754 4251 900 4320; x_wconf 84' lang='grc' dir='ltr'><strong>Ἐγὼ</strong></span> <span class='ocrx_word' id='word_1_547' title='bbox 917 4248 1081 4323; x_wconf 78' lang='grc' dir='ltr'>ἦλθον</span> <span class='ocrx_word' id='word_1_548' title='bbox 1104 4250 1191 4303; x_wconf 84' lang='grc' dir='ltr'>ἴνα</span> <span class='ocrx_word' id='word_1_549' title='bbox 1211 4249 1353 4319; x_wconf 80' lang='grc' dir='ltr'>ζωὴν</span> <span class='ocrx_word' id='word_1_550' title='bbox 1381 4249 1567 4318; x_wconf 72' lang='grc' dir='ltr'>ἔχωσι,</span> <span class='ocrx_word' id='word_1_551' title='bbox 1599 4249 1694 4299; x_wconf 69' lang='grc' dir='ltr'>καὶ</span> <span class='ocrx_word' id='word_1_552' title='bbox 1717 4263 1817 4297; x_wconf 89' lang='grc' dir='ltr'>πε-</span> 
     </span>
    </p>
   </div>
   <div class='ocr_carea' id='block_1_73' title="bbox 223 4333 1824 4416">
    <p class='ocr_par' dir='ltr' id='par_1_73' title="bbox 223 4333 1824 4416">
     <span class='ocr_line' id='line_1_73' title="bbox 223 4333 1824 4416; baseline -0.008 -14"><span class='ocrx_word' id='word_1_553' title='bbox 223 4349 415 4414; x_wconf 81' lang='grc' dir='ltr'>ρισσὸν</span> <span class='ocrx_word' id='word_1_554' title='bbox 448 4347 669 4416; x_wconf 77' lang='grc' dir='ltr'>ἔχωσιν.</span> <span class='ocrx_word' id='word_1_555' title='bbox 702 4365 720 4396; x_wconf 79' lang='grc' dir='ltr'><strong>ι</strong></span> <span class='ocrx_word' id='word_1_556' title='bbox 753 4345 940 4408; x_wconf 85' lang='grc' dir='ltr'>Οὕτως</span> <span class='ocrx_word' id='word_1_557' title='bbox 965 4344 1058 4397; x_wconf 85' lang='grc' dir='ltr'><strong>οὕν</strong></span> <span class='ocrx_word' id='word_1_558' title='bbox 1087 4343 1244 4412; x_wconf 76' lang='grc' dir='ltr'>ἔχων,</span> <span class='ocrx_word' id='word_1_559' title='bbox 1271 4333 1355 4395; x_wconf 60' lang='lat' dir='ltr'><strong>de!</strong></span> <span class='ocrx_word' id='word_1_560' title='bbox 1389 4359 1446 4393; x_wconf 89' lang='grc' dir='ltr'><strong>τε</strong></span> <span class='ocrx_word' id='word_1_561' title='bbox 1477 4341 1584 4393; x_wconf 85' lang='grc' dir='ltr'><strong>τῶν</strong></span> <span class='ocrx_word' id='word_1_562' title='bbox 1606 4337 1824 4391; x_wconf 74' lang='grc' dir='ltr'>ὄπισθεν</span> 
     </span>
    </p>
   </div>
   <div class='ocr_carea' id='block_1_74' title="bbox 219 4430 1825 4506">
    <p class='ocr_par' dir='ltr' id='par_1_74' title="bbox 219 4430 1825 4506">
     <span class='ocr_line' id='line_1_74' title="bbox 219 4430 1825 4506; baseline -0.007 -15"><span class='ocrx_word' id='word_1_563' title='bbox 219 4437 751 4506; x_wconf 78' lang='grc' dir='ltr'>ἐπιλανθανόμενος,</span> <span class='ocrx_word' id='word_1_564' title='bbox 789 4436 885 4488; x_wconf 73' lang='grc' dir='ltr'>καὶ</span> <span class='ocrx_word' id='word_1_565' title='bbox 926 4437 1038 4495; x_wconf 84' lang='grc' dir='ltr'>τοῖς</span> <span class='ocrx_word' id='word_1_566' title='bbox 1093 4432 1408 4503; x_wconf 81' lang='grc' dir='ltr'>ἔμπροσθεν</span> <span class='ocrx_word' id='word_1_567' title='bbox 1439 4430 1825 4500; x_wconf 82' lang='grc' dir='ltr'>ἐπεκτεινόμε-</span> 
     </span>
    </p>
   </div>
   <div class='ocr_carea' id='block_1_75' title="bbox 217 4523 1826 4602">
    <p class='ocr_par' dir='ltr' id='par_1_75' title="bbox 217 4523 1826 4602">
     <span class='ocr_line' id='line_1_75' title="bbox 217 4523 1826 4602; baseline -0.007 -16"><span class='ocrx_word' id='word_1_568' title='bbox 217 4552 330 4597; x_wconf 75' lang='grc' dir='ltr'>νος,</span> <span class='ocrx_word' id='word_1_569' title='bbox 369 4533 450 4595; x_wconf 82' lang='grc' dir='ltr'>ὡς</span> <span class='ocrx_word' id='word_1_570' title='bbox 473 4532 717 4602; x_wconf 83' lang='grc' dir='ltr'>είρηται,</span> <span class='ocrx_word' id='word_1_571' title='bbox 745 4531 930 4600; x_wconf 80' lang='grc' dir='ltr'>τρέχε,</span> <span class='ocrx_word' id='word_1_572' title='bbox 962 4530 1057 4582; x_wconf 81' lang='grc' dir='ltr'>σὺν</span> <span class='ocrx_word' id='word_1_573' title='bbox 1075 4527 1294 4598; x_wconf 81' lang='grc' dir='ltr'>Χριστῷ</span> <span class='ocrx_word' id='word_1_574' title='bbox 1334 4525 1508 4595; x_wconf 68' lang='grc' dir='ltr'>Ἰησοῦ</span> <span class='ocrx_word' id='word_1_575' title='bbox 1536 4526 1612 4594; x_wconf 84' lang='grc' dir='ltr'>τῷ</span> <span class='ocrx_word' id='word_1_576' title='bbox 1636 4523 1826 4593; x_wconf 80' lang='grc' dir='ltr'>Κυρίῳ</span> 
     </span>
    </p>
   </div>
   <div class='ocr_carea' id='block_1_76' title="bbox 219 4618 1826 4697">
    <p class='ocr_par' dir='ltr' id='par_1_76' title="bbox 219 4618 1826 4697">
     <span class='ocr_line' id='line_1_76' title="bbox 219 4618 1826 4697; baseline -0.006 -18"><span class='ocrx_word' id='word_1_577' title='bbox 219 4627 423 4697; x_wconf 77' lang='grc' dir='ltr'>ἡμῶν,</span> <span class='ocrx_word' id='word_1_578' title='bbox 457 4623 877 4694; x_wconf 75' lang='grc' dir='ltr'>ἀμεταστρεπτὶ</span> <span class='ocrx_word' id='word_1_579' title='bbox 910 4623 1000 4674; x_wconf 71' lang='grc' dir='ltr'>τὶν</span> <span class='ocrx_word' id='word_1_580' title='bbox 1053 4623 1142 4673; x_wconf 63' lang='grc' dir='ltr'><strong>σὺν</strong></span> <span class='ocrx_word' id='word_1_581' title='bbox 1166 4621 1368 4691; x_wconf 78' lang='grc' dir='ltr'>δρόμον</span> <span class='ocrx_word' id='word_1_582' title='bbox 1395 4618 1613 4673; x_wconf 85' lang='grc' dir='ltr'>οὕτωσί.</span> <span class='ocrx_word' id='word_1_583' title='bbox 1645 4618 1826 4671; x_wconf 71' lang='grc' dir='ltr'>Καλὸν</span> 
     </span>
    </p>
   </div>
   <div class='ocr_carea' id='block_1_77' title="bbox 218 4709 1827 4786">
    <p class='ocr_par' dir='ltr' id='par_1_77' title="bbox 218 4709 1827 4786">
     <span class='ocr_line' id='line_1_77' title="bbox 218 4709 1827 4786; baseline -0.007 -14"><span class='ocrx_word' id='word_1_584' title='bbox 218 4721 296 4778; x_wconf 76' lang='grc' dir='ltr'>δὲ,</span> <span class='ocrx_word' id='word_1_585' title='bbox 341 4719 423 4778; x_wconf 86' lang='grc' dir='ltr'>ὼς</span> <span class='ocrx_word' id='word_1_586' title='bbox 461 4717 598 4786; x_wconf 77' lang='grc' dir='ltr'>ἡμῖν</span> <span class='ocrx_word' id='word_1_587' title='bbox 643 4715 811 4776; x_wconf 84' lang='grc' dir='ltr'>δοκεῖ,</span> <span class='ocrx_word' id='word_1_588' title='bbox 859 4714 955 4765; x_wconf 73' lang='grc' dir='ltr'>καὶ</span> <span class='ocrx_word' id='word_1_589' title='bbox 1012 4711 1157 4782; x_wconf 83' lang='grc' dir='ltr'>μάλα</span> <span class='ocrx_word' id='word_1_590' title='bbox 1189 4712 1525 4782; x_wconf 81' lang='grc' dir='ltr'>πρόσφορον,</span> <span class='ocrx_word' id='word_1_591' title='bbox 1561 4709 1827 4779; x_wconf 84' lang='grc' dir='ltr'>πρότερον</span> 
     </span>
    </p>
   </div>
   <div class='ocr_carea' id='block_1_78' title="bbox 218 4801 1822 4876">
    <p class='ocr_par' dir='ltr' id='par_1_78' title="bbox 218 4801 1822 4876">
     <span class='ocr_line' id='line_1_78' title="bbox 218 4801 1822 4876; baseline -0.007 -11"><span class='ocrx_word' id='word_1_592' title='bbox 218 4809 487 4865; x_wconf 81' lang='grc' dir='ltr'>ἐκθέσθαι</span> <span class='ocrx_word' id='word_1_593' title='bbox 524 4807 619 4861; x_wconf 88' lang='grc' dir='ltr'><strong>τοῦ</strong></span> <span class='ocrx_word' id='word_1_594' title='bbox 677 4807 1104 4876; x_wconf 82' lang='grc' dir='ltr'>μακαριωτάτου</span> <span class='ocrx_word' id='word_1_595' title='bbox 1135 4803 1457 4875; x_wconf 80' lang='grc' dir='ltr'>Νικηφόρου</span> <span class='ocrx_word' id='word_1_596' title='bbox 1512 4801 1608 4854; x_wconf 85' lang='grc' dir='ltr'><strong>τοῦ</strong></span> <span class='ocrx_word' id='word_1_597' title='bbox 1657 4802 1822 4864; x_wconf 81' lang='grc' dir='ltr'>πάνυ,</span> 
     </span>
    </p>
   </div>
   <div class='ocr_carea' id='block_1_79' title="bbox 218 4892 1825 4974">
    <p class='ocr_par' dir='ltr' id='par_1_79' title="bbox 218 4892 1825 4974">
     <span class='ocr_line' id='line_1_79' title="bbox 218 4892 1825 4974; baseline -0.008 -18"><span class='ocrx_word' id='word_1_598' title='bbox 218 4905 351 4974; x_wconf 60' lang='grc' dir='ltr'><strong>περὶ¹</strong></span> <span class='ocrx_word' id='word_1_599' title='bbox 403 4901 508 4968; x_wconf 77' lang='grc' dir='ltr'>τῆς</span> <span class='ocrx_word' id='word_1_600' title='bbox 586 4899 736 4950; x_wconf 75' lang='grc' dir='ltr'>ἔνδον</span> <span class='ocrx_word' id='word_1_601' title='bbox 789 4896 1018 4966; x_wconf 82' lang='grc' dir='ltr'>καρδίας</span> <span class='ocrx_word' id='word_1_602' title='bbox 1055 4895 1124 4947; x_wconf 89' lang='grc' dir='ltr'><strong>δι’</strong></span> <span class='ocrx_word' id='word_1_603' title='bbox 1177 4895 1436 4962; x_wconf 77' lang='grc' dir='ltr'>είσπνοῆς</span> <span class='ocrx_word' id='word_1_604' title='bbox 1513 4892 1659 4964; x_wconf 78' lang='grc' dir='ltr'>ῥινὸς</span> <span class='ocrx_word' id='word_1_605' title='bbox 1710 4893 1825 4945; x_wconf 80' lang='grc' dir='ltr'>είσ-</span> 
     </span>
    </p>
   </div>
   <div class='ocr_carea' id='block_1_80' title="bbox 218 4983 1826 5062">
    <p class='ocr_par' dir='ltr' id='par_1_80' title="bbox 218 4983 1826 5062">
     <span class='ocr_line' id='line_1_80' title="bbox 218 4983 1826 5062; baseline -0.01 -13"><span class='ocrx_word' id='word_1_606' title='bbox 218 4996 345 5049; x_wconf 77' lang='grc' dir='ltr'>όδου</span> <span class='ocrx_word' id='word_1_607' title='bbox 383 4991 633 5062; x_wconf 77' lang='grc' dir='ltr'>φυσικήν</span> <span class='ocrx_word' id='word_1_608' title='bbox 681 5006 806 5041; x_wconf 86' lang='grc' dir='ltr'>τινα</span> <span class='ocrx_word' id='word_1_609' title='bbox 855 4986 1099 5056; x_wconf 70' lang='grc' dir='ltr'>μέθοδον,</span> <span class='ocrx_word' id='word_1_610' title='bbox 1159 4985 1541 5039; x_wconf 84' lang='grc' dir='ltr'>συντείνουσὰν</span> <span class='ocrx_word' id='word_1_611' title='bbox 1571 4999 1686 5046; x_wconf 88' lang='grc' dir='ltr'><strong>πως</strong></span> <span class='ocrx_word' id='word_1_612' title='bbox 1734 4983 1826 5034; x_wconf 74' lang='grc' dir='ltr'>καὶ</span> 
     </span>
    </p>
   </div>
   <div class='ocr_carea' id='block_1_81' title="bbox 219 5074 1822 5158">
    <p class='ocr_par' dir='ltr' id='par_1_81' title="bbox 219 5074 1822 5158">
     <span class='ocr_line' id='line_1_81' title="bbox 219 5074 1822 5158; baseline -0.007 -19"><span class='ocrx_word' id='word_1_613' title='bbox 219 5091 359 5158; x_wconf 61' lang='grc' dir='ltr'>προς</span> <span class='ocrx_word' id='word_1_614' title='bbox 397 5085 500 5156; x_wconf 81' lang='grc' dir='ltr'>τὴν</span> <span class='ocrx_word' id='word_1_615' title='bbox 524 5084 624 5153; x_wconf 79' lang='grc' dir='ltr'>τῆς</span> <span class='ocrx_word' id='word_1_616' title='bbox 650 5081 891 5141; x_wconf 81' lang='grc' dir='ltr'>διανοίας</span> <span class='ocrx_word' id='word_1_617' title='bbox 918 5080 1340 5150; x_wconf 73' lang='grc' dir='ltr'>ἐπισυναγωγὴν</span> <span class='ocrx_word' id='word_1_618' title='bbox 1361 5095 1376 5109; x_wconf 90' lang='grc'><strong>·</strong></span> <span class='ocrx_word' id='word_1_619' title='bbox 1409 5079 1476 5130; x_wconf 85' lang='grc' dir='ltr'><strong>ἵν’</strong></span> <span class='ocrx_word' id='word_1_620' title='bbox 1501 5076 1672 5140; x_wconf 83' lang='grc' dir='ltr'>οὕτως</span> <span class='ocrx_word' id='word_1_621' title='bbox 1700 5074 1822 5130; x_wconf 78' lang='grc' dir='ltr'>καθ’</span> 
     </span>
    </p>
   </div>
   <div class='ocr_carea' id='block_1_82' title="bbox 219 5164 1822 5251">
    <p class='ocr_par' dir='ltr' id='par_1_82' title="bbox 219 5164 1822 5251">
     <span class='ocr_line' id='line_1_82' title="bbox 219 5164 1822 5251; baseline -0.011 -17"><span class='ocrx_word' id='word_1_622' title='bbox 219 5181 443 5251; x_wconf 71' lang='grc' dir='ltr'>εἱρμὸν,</span> <span class='ocrx_word' id='word_1_623' title='bbox 475 5177 577 5229; x_wconf 79' lang='grc' dir='ltr'>σὺν</span> <span class='ocrx_word' id='word_1_624' title='bbox 609 5174 754 5244; x_wconf 81' lang='grc' dir='ltr'>Θεῷ,</span> <span class='ocrx_word' id='word_1_625' title='bbox 785 5176 816 5243; x_wconf 83' lang='grc' dir='ltr'>ἠ</span> <span class='ocrx_word' id='word_1_626' title='bbox 844 5172 1097 5242; x_wconf 87' lang='grc' dir='ltr'>παροῦσα</span> <span class='ocrx_word' id='word_1_627' title='bbox 1127 5174 1485 5241; x_wconf 81' lang='grc' dir='ltr'>πραγματεία</span> <span class='ocrx_word' id='word_1_628' title='bbox 1516 5168 1695 5239; x_wconf 80' lang='grc' dir='ltr'>προϐῇ</span> <span class='ocrx_word' id='word_1_629' title='bbox 1729 5164 1822 5218; x_wconf 65' lang='grc' dir='ltr'><strong>εὖ-</strong></span> 
     </span>
    </p>
   </div>
   <div class='ocr_carea' id='block_1_83' title="bbox 220 5255 1823 5334">
    <p class='ocr_par' dir='ltr' id='par_1_83' title="bbox 220 5255 1823 5334">
     <span class='ocr_line' id='line_1_83' title="bbox 220 5255 1823 5334; baseline -0.01 -10"><span class='ocrx_word' id='word_1_630' title='bbox 220 5273 401 5324; x_wconf 78' lang='grc' dir='ltr'>θετον.</span> <span class='ocrx_word' id='word_1_631' title='bbox 433 5266 602 5334; x_wconf 83' lang='grc' dir='ltr'>Λέγει</span> <span class='ocrx_word' id='word_1_632' title='bbox 630 5264 814 5316; x_wconf 81' lang='grc' dir='ltr'>τοίνυν</span> <span class='ocrx_word' id='word_1_633' title='bbox 861 5264 888 5313; x_wconf 76' lang='grc' dir='ltr'><strong>ὁ</strong></span> <span class='ocrx_word' id='word_1_634' title='bbox 920 5262 1065 5323; x_wconf 87' lang='grc' dir='ltr'>θεῖος</span> <span class='ocrx_word' id='word_1_635' title='bbox 1104 5263 1310 5323; x_wconf 79' lang='grc' dir='ltr'>ἐκεῖνος</span> <span class='ocrx_word' id='word_1_636' title='bbox 1345 5259 1505 5330; x_wconf 84' lang='grc' dir='ltr'>ἀνὴρ,</span> <span class='ocrx_word' id='word_1_637' title='bbox 1546 5259 1645 5310; x_wconf 82' lang='grc' dir='ltr'>σὺν</span> <span class='ocrx_word' id='word_1_638' title='bbox 1689 5255 1823 5310; x_wconf 76' lang='grc' dir='ltr'>πολ-</span> 
     </span>
    </p>
   </div>
   <div class='ocr_carea' id='block_1_84' title="bbox 221 5346 1826 5426">
    <p class='ocr_par' dir='ltr' id='par_1_84' title="bbox 221 5346 1826 5426">
     <span class='ocr_line' id='line_1_84' title="bbox 221 5346 1826 5426; baseline -0.007 -13"><span class='ocrx_word' id='word_1_639' title='bbox 221 5363 332 5425; x_wconf 84' lang='grc' dir='ltr'>λοῖς</span> <span class='ocrx_word' id='word_1_640' title='bbox 388 5359 601 5421; x_wconf 79' lang='grc' dir='ltr'>ἄλλοις,</span> <span class='ocrx_word' id='word_1_641' title='bbox 635 5357 696 5409; x_wconf 81' lang='grc' dir='ltr'>τὸ</span> <span class='ocrx_word' id='word_1_642' title='bbox 730 5356 900 5426; x_wconf 81' lang='grc' dir='ltr'>κῦρος</span> <span class='ocrx_word' id='word_1_643' title='bbox 948 5354 1080 5423; x_wconf 83' lang='grc' dir='ltr'>παρ’</span> <span class='ocrx_word' id='word_1_644' title='bbox 1111 5352 1476 5423; x_wconf 83' lang='grc' dir='ltr'>ἀναγράπτων</span> <span class='ocrx_word' id='word_1_645' title='bbox 1509 5346 1826 5421; x_wconf 87' lang='grc' dir='ltr'>μαρτυριῶν</span> 
     </span>
    </p>
   </div>
   <div class='ocr_carea' id='block_1_85' title="bbox 221 5446 1091 5520">
    <p class='ocr_par' dir='ltr' id='par_1_85' title="bbox 221 5446 1091 5520">
     <span class='ocr_line' id='line_1_85' title="bbox 221 5446 1091 5520; baseline -0.013 -11"><span class='ocrx_word' id='word_1_646' title='bbox 221 5455 331 5508; x_wconf 89' lang='grc' dir='ltr'><strong>τῶν</strong></span> <span class='ocrx_word' id='word_1_647' title='bbox 369 5451 548 5520; x_wconf 77' lang='grc' dir='ltr'>ἁγίων</span> <span class='ocrx_word' id='word_1_648' title='bbox 579 5450 784 5520; x_wconf 74' lang='grc' dir='ltr'>έχουσι,</span> <span class='ocrx_word' id='word_1_649' title='bbox 814 5447 908 5502; x_wconf 75' lang='grc' dir='ltr'>καὶ</span> <span class='ocrx_word' id='word_1_650' title='bbox 932 5446 1091 5500; x_wconf 77' lang='grc' dir='ltr'>τάδε’</span> 
     </span>
    </p>
   </div>
   <div class='ocr_carea' id='block_1_86' title="bbox 307 5894 1498 5963">
    <p class='ocr_par' dir='ltr' id='par_1_86' title="bbox 307 5894 1498 5963">
     <span class='ocr_line' id='line_1_86' title="bbox 307 5894 1498 5963; baseline -0.004 -9"><span class='ocrx_word' id='word_1_651' title='bbox 307 5908 358 5938; x_wconf 74' lang='grc'><strong>³⁸</strong></span> <span class='ocrx_word' id='word_1_652' title='bbox 390 5903 516 5957; x_wconf 79' lang='lat' dir='ltr'><strong>Psal</strong></span> <span class='ocrx_word' id='word_1_653' title='bbox 571 5914 779 5959; x_wconf 73' lang='lat' dir='ltr'><strong>cxxvn,</strong></span> <span class='ocrx_word' id='word_1_654' title='bbox 823 5895 874 5948; x_wconf 80' lang='grc'><strong>4.</strong></span> <span class='ocrx_word' id='word_1_655' title='bbox 973 5894 1179 5951; x_wconf 79' lang='lat' dir='ltr'><strong>&quot;l’sal.</strong></span> <span class='ocrx_word' id='word_1_656' title='bbox 1225 5911 1374 5963; x_wconf 74' lang='lat' dir='ltr'><strong>mn,</strong></span> <span class='ocrx_word' id='word_1_657' title='bbox 1414 5895 1498 5950; x_wconf 87' lang='lat' dir='ltr'><strong>l0.</strong></span> 
     </span>
    </p>
   </div>
   <div class='ocr_carea' id='block_1_87' title="bbox 243 5966 1076 6033">
    <p class='ocr_par' dir='ltr' id='par_1_87' title="bbox 243 5966 1076 6033">
     <span class='ocr_line' id='line_1_87' title="bbox 243 5966 1076 6033; baseline -0.018 -1"><span class='ocrx_word' id='word_1_658' title='bbox 243 5977 462 6033; x_wconf 64' lang='lat'><strong>£5.16.</strong></span> <span class='ocrx_word' id='word_1_659' title='bbox 568 5973 611 6004; x_wconf 73' lang='grc' dir='ltr'><strong>θ’</strong></span> <span class='ocrx_word' id='word_1_660' title='bbox 649 5968 809 6024; x_wconf 75' lang='lat' dir='ltr'><strong>Joau.</strong></span> <span class='ocrx_word' id='word_1_661' title='bbox 863 5981 916 6028; x_wconf 76' lang='grc' dir='ltr'><strong>ι,</strong></span> <span class='ocrx_word' id='word_1_662' title='bbox 989 5966 1076 6019; x_wconf 81' lang='grc'><strong>10.</strong></span> 
     </span>
    </p>
   </div>
   <div class='ocr_carea' id='block_1_88' title="bbox 1600 5891 2074 5960">
    <p class='ocr_par' dir='ltr' id='par_1_88' title="bbox 1600 5891 2074 5960">
     <span class='ocr_line' id='line_1_88' title="bbox 1600 5891 2074 5960; baseline -0.011 -11"><span class='ocrx_word' id='word_1_663' title='bbox 1600 5892 1646 5926; x_wconf 74' lang='grc'><strong>⁸⁸</strong></span> <span class='ocrx_word' id='word_1_664' title='bbox 1674 5893 1861 5949; x_wconf 76' lang='lat' dir='ltr'><strong>Matth.</strong></span> <span class='ocrx_word' id='word_1_665' title='bbox 1903 5911 1955 5960; x_wconf 66' lang='grc' dir='ltr'>Χ,</span> <span class='ocrx_word' id='word_1_666' title='bbox 1987 5891 2074 5947; x_wconf 75' lang='lat'><strong>&#39;59.</strong></span> 
     </span>
    </p>
   </div>
   <div class='ocr_carea' id='block_1_89' title="bbox 1923 3327 3498 3400">
    <p class='ocr_par' dir='ltr' id='par_1_89' title="bbox 1923 3327 3498 3400">
     <span class='ocr_line' id='line_1_89' title="bbox 1923 3327 3498 3400; baseline 0.001 -18"><span class='ocrx_word' id='word_1_667' title='bbox 1923 3338 2144 3400; x_wconf 88' lang='lat' dir='ltr'><strong>propter</strong></span> <span class='ocrx_word' id='word_1_668' title='bbox 2207 3343 2292 3381; x_wconf 90' lang='lat' dir='ltr'><strong>me</strong></span> <span class='ocrx_word' id='word_1_669' title='bbox 2359 3336 2413 3381; x_wconf 89' lang='lat' dir='ltr'><strong>et</strong></span> <span class='ocrx_word' id='word_1_670' title='bbox 2462 3327 2852 3397; x_wconf 79' lang='lat' dir='ltr'><strong>Evangelium,</strong></span> <span class='ocrx_word' id='word_1_671' title='bbox 2905 3333 3143 3384; x_wconf 78' lang='lat' dir='ltr'><strong>seri-abit</strong></span> <span class='ocrx_word' id='word_1_672' title='bbox 3211 3347 3331 3385; x_wconf 83' lang='lat' dir='ltr'><strong>eam</strong></span> <span class='ocrx_word' id='word_1_673' title='bbox 3365 3333 3440 3396; x_wconf 73' lang='grc' dir='ltr'>υς</span> <span class='ocrx_word' id='word_1_674' title='bbox 3479 3352 3498 3384; x_wconf 79' lang='grc' dir='ltr'><strong>ι</strong></span> 
     </span>
    </p>
   </div>
   <div class='ocr_carea' id='block_1_90' title="bbox 1923 3421 3501 3491">
    <p class='ocr_par' dir='ltr' id='par_1_90' title="bbox 1923 3421 3501 3491">
     <span class='ocr_line' id='line_1_90' title="bbox 1923 3421 3501 3491; baseline 0.001 -13"><span class='ocrx_word' id='word_1_675' title='bbox 1923 3423 2148 3478; x_wconf 80' lang='lat' dir='ltr'><strong>credens</strong></span> <span class='ocrx_word' id='word_1_676' title='bbox 2197 3421 2571 3475; x_wconf 87' lang='lat' dir='ltr'><strong>indubitanter</strong></span> <span class='ocrx_word' id='word_1_677' title='bbox 2621 3429 2674 3474; x_wconf 93' lang='lat' dir='ltr'><strong>et</strong></span> <span class='ocrx_word' id='word_1_678' title='bbox 2705 3421 2912 3491; x_wconf 80' lang='lat' dir='ltr'><strong>absque</strong></span> <span class='ocrx_word' id='word_1_679' title='bbox 2951 3422 3290 3479; x_wconf 69' lang='lat' dir='ltr'><strong>haesitatione</strong></span> <span class='ocrx_word' id='word_1_680' title='bbox 3335 3424 3501 3480; x_wconf 90' lang='lat' dir='ltr'><strong>Deum</strong></span> 
     </span>
    </p>
   </div>
   <div class='ocr_carea' id='block_1_91' title="bbox 1920 3511 3506 3572">
    <p class='ocr_par' dir='ltr' id='par_1_91' title="bbox 1920 3511 3506 3572">
     <span class='ocr_line' id='line_1_91' title="bbox 1920 3511 3506 3572; baseline 0.001 -1"><span class='ocrx_word' id='word_1_681' title='bbox 1920 3525 1978 3571; x_wconf 89' lang='lat' dir='ltr'><strong>et</strong></span> <span class='ocrx_word' id='word_1_682' title='bbox 2005 3513 2276 3570; x_wconf 85' lang='lat' dir='ltr'><strong>hominem</strong></span> <span class='ocrx_word' id='word_1_683' title='bbox 2308 3513 2641 3567; x_wconf 84' lang='lat' dir='ltr'><strong>Salvatorem</strong></span> <span class='ocrx_word' id='word_1_684' title='bbox 2671 3511 2858 3567; x_wconf 78' lang='lat' dir='ltr'><strong>Jesum</strong></span> <span class='ocrx_word' id='word_1_685' title='bbox 2893 3529 3019 3570; x_wconf 88' lang='lat' dir='ltr'><strong>esse</strong></span> <span class='ocrx_word' id='word_1_686' title='bbox 3043 3525 3097 3569; x_wconf 88' lang='lat' dir='ltr'><strong>et</strong></span> <span class='ocrx_word' id='word_1_687' title='bbox 3147 3520 3506 3572; x_wconf 84' lang='lat' dir='ltr'><strong>resurrectio-</strong></span> 
     </span>
    </p>
   </div>
   <div class='ocr_carea' id='block_1_92' title="bbox 1922 3606 3506 3680">
    <p class='ocr_par' dir='ltr' id='par_1_92' title="bbox 1922 3606 3506 3680">
     <span class='ocr_line' id='line_1_92' title="bbox 1922 3606 3506 3680; baseline 0 -15"><span class='ocrx_word' id='word_1_688' title='bbox 1922 3625 2046 3666; x_wconf 89' lang='lat' dir='ltr'><strong>nem</strong></span> <span class='ocrx_word' id='word_1_689' title='bbox 2078 3619 2131 3662; x_wconf 91' lang='lat' dir='ltr'><strong>et</strong></span> <span class='ocrx_word' id='word_1_690' title='bbox 2161 3609 2324 3661; x_wconf 73' lang='lat' dir='ltr'><strong>vitam</strong></span> <span class='ocrx_word' id='word_1_691' title='bbox 2376 3617 2430 3661; x_wconf 89' lang='lat' dir='ltr'><strong>et</strong></span> <span class='ocrx_word' id='word_1_692' title='bbox 2482 3606 2746 3676; x_wconf 83' lang='lat' dir='ltr'><strong>quidquid</strong></span> <span class='ocrx_word' id='word_1_693' title='bbox 2814 3607 3056 3662; x_wconf 82' lang='lat' dir='ltr'><strong>salutare</strong></span> <span class='ocrx_word' id='word_1_694' title='bbox 3088 3619 3194 3671; x_wconf 90' lang='lat' dir='ltr'><strong>est,</strong></span> <span class='ocrx_word' id='word_1_695' title='bbox 3269 3620 3327 3662; x_wconf 77' lang='lat' dir='ltr'><strong>ut</strong></span> <span class='ocrx_word' id='word_1_696' title='bbox 3388 3612 3506 3680; x_wconf 86' lang='lat' dir='ltr'><strong>ipse</strong></span> 
     </span>
    </p>
   </div>
   <div class='ocr_carea' id='block_1_93' title="bbox 1921 3700 3501 3770">
    <p class='ocr_par' dir='ltr' id='par_1_93' title="bbox 1921 3700 3501 3770">
     <span class='ocr_line' id='line_1_93' title="bbox 1921 3700 3501 3770; baseline 0 -13"><span class='ocrx_word' id='word_1_697' title='bbox 1921 3702 2100 3757; x_wconf 81' lang='lat' dir='ltr'><strong>dixit:</strong></span> <span class='ocrx_word' id='word_1_698' title='bbox 2137 3720 2156 3753; x_wconf 74' lang='grc' dir='ltr'><strong>ι</strong></span> <span class='ocrx_word' id='word_1_699' title='bbox 2197 3701 2311 3770; x_wconf 79' lang='lat' dir='ltr'><strong>Ego</strong></span> <span class='ocrx_word' id='word_1_700' title='bbox 2335 3715 2455 3754; x_wconf 87' lang='lat' dir='ltr'><strong>smn</strong></span> <span class='ocrx_word' id='word_1_701' title='bbox 2491 3700 2824 3754; x_wconf 82' lang='lat' dir='ltr'><strong>resurrectio</strong></span> <span class='ocrx_word' id='word_1_702' title='bbox 2847 3709 2900 3754; x_wconf 92' lang='lat' dir='ltr'><strong>et</strong></span> <span class='ocrx_word' id='word_1_703' title='bbox 2926 3701 3032 3753; x_wconf 72' lang='lat' dir='ltr'><strong>rita</strong></span> <span class='ocrx_word' id='word_1_704' title='bbox 3065 3718 3078 3765; x_wconf 91' lang='lat'><strong>;</strong></span> <span class='ocrx_word' id='word_1_705' title='bbox 3122 3703 3213 3770; x_wconf 89' lang='lat' dir='ltr'><strong>qui</strong></span> <span class='ocrx_word' id='word_1_706' title='bbox 3248 3704 3417 3756; x_wconf 89' lang='lat' dir='ltr'><strong>credit</strong></span> <span class='ocrx_word' id='word_1_707' title='bbox 3449 3705 3501 3757; x_wconf 91' lang='lat' dir='ltr'><strong>in</strong></span> 
     </span>
    </p>
   </div>
   <div class='ocr_carea' id='block_1_94' title="bbox 1922 3791 3498 3860">
    <p class='ocr_par' dir='ltr' id='par_1_94' title="bbox 1922 3791 3498 3860">
     <span class='ocr_line' id='line_1_94' title="bbox 1922 3791 3498 3860; baseline -0.001 -11"><span class='ocrx_word' id='word_1_708' title='bbox 1922 3809 2034 3858; x_wconf 88' lang='lat' dir='ltr'><strong>me,</strong></span> <span class='ocrx_word' id='word_1_709' title='bbox 2075 3793 2285 3847; x_wconf 84' lang='lat' dir='ltr'><strong>etiamsi</strong></span> <span class='ocrx_word' id='word_1_710' title='bbox 2346 3801 2592 3846; x_wconf 91' lang='lat' dir='ltr'><strong>mortuus</strong></span> <span class='ocrx_word' id='word_1_711' title='bbox 2629 3791 2816 3854; x_wconf 75' lang='lat' dir='ltr'><strong>fuerit,</strong></span> <span class='ocrx_word' id='word_1_712' title='bbox 2866 3793 3010 3847; x_wconf 81' lang='lat' dir='ltr'><strong>vivet</strong></span> <span class='ocrx_word' id='word_1_713' title='bbox 3042 3795 3127 3859; x_wconf 85' lang='grc'><strong>⁸⁹;</strong></span> <span class='ocrx_word' id='word_1_714' title='bbox 3172 3813 3190 3845; x_wconf 77' lang='grc' dir='ltr'><strong>ι</strong></span> <span class='ocrx_word' id='word_1_715' title='bbox 3233 3804 3307 3858; x_wconf 93' lang='lat' dir='ltr'><strong>et,</strong></span> <span class='ocrx_word' id='word_1_716' title='bbox 3346 3813 3363 3844; x_wconf 81' lang='grc' dir='ltr'><strong>ι</strong></span> <span class='ocrx_word' id='word_1_717' title='bbox 3397 3794 3498 3860; x_wconf 88' lang='lat' dir='ltr'><strong>Qui</strong></span> 
     </span>
    </p>
   </div>
   <div class='ocr_carea' id='block_1_95' title="bbox 1923 3884 3497 3943">
    <p class='ocr_par' dir='ltr' id='par_1_95' title="bbox 1923 3884 3497 3943">
     <span class='ocr_line' id='line_1_95' title="bbox 1923 3884 3497 3943; baseline -0.005 1"><span class='ocrx_word' id='word_1_718' title='bbox 1923 3890 2056 3943; x_wconf 80' lang='lat' dir='ltr'><strong>vivit</strong></span> <span class='ocrx_word' id='word_1_719' title='bbox 2077 3899 2128 3942; x_wconf 88' lang='lat' dir='ltr'><strong>et</strong></span> <span class='ocrx_word' id='word_1_720' title='bbox 2161 3886 2333 3940; x_wconf 76' lang='lat' dir='ltr'><strong>credit</strong></span> <span class='ocrx_word' id='word_1_721' title='bbox 2358 3885 2410 3937; x_wconf 91' lang='lat' dir='ltr'><strong>in</strong></span> <span class='ocrx_word' id='word_1_722' title='bbox 2441 3899 2523 3936; x_wconf 91' lang='lat' dir='ltr'><strong>me</strong></span> <span class='ocrx_word' id='word_1_723' title='bbox 2549 3899 2657 3937; x_wconf 89' lang='lat' dir='ltr'><strong>non</strong></span> <span class='ocrx_word' id='word_1_724' title='bbox 2692 3884 2959 3937; x_wconf 91' lang='lat' dir='ltr'><strong>morietur</strong></span> <span class='ocrx_word' id='word_1_725' title='bbox 2992 3885 3044 3936; x_wconf 91' lang='lat' dir='ltr'><strong>in</strong></span> <span class='ocrx_word' id='word_1_726' title='bbox 3081 3894 3346 3938; x_wconf 64' lang='lat' dir='ltr'><strong>(eternium</strong></span> <span class='ocrx_word' id='word_1_727' title='bbox 3378 3886 3446 3937; x_wconf 69' lang='lat'><strong>9°.</strong></span> <span class='ocrx_word' id='word_1_728' title='bbox 3479 3905 3497 3936; x_wconf 75' lang='grc' dir='ltr'><strong>ι</strong></span> 
     </span>
    </p>
   </div>
   <div class='ocr_carea' id='block_1_96' title="bbox 1922 3975 3498 4045">
    <p class='ocr_par' dir='ltr' id='par_1_96' title="bbox 1922 3975 3498 4045">
     <span class='ocr_line' id='line_1_96' title="bbox 1922 3975 3498 4045; baseline -0.006 -6"><span class='ocrx_word' id='word_1_729' title='bbox 1922 3985 2008 4045; x_wconf 85' lang='grc' dir='ltr'><strong>Ει.</strong></span> <span class='ocrx_word' id='word_1_730' title='bbox 2051 4000 2069 4033; x_wconf 78' lang='lat' dir='ltr'><strong>t</strong></span> <span class='ocrx_word' id='word_1_731' title='bbox 2106 3981 2186 4035; x_wconf 82' lang='lat' dir='ltr'><strong>sic</strong></span> <span class='ocrx_word' id='word_1_732' title='bbox 2243 3980 2383 4034; x_wconf 85' lang='lat' dir='ltr'><strong>Deus</strong></span> <span class='ocrx_word' id='word_1_733' title='bbox 2436 3976 2631 4032; x_wconf 79' lang='lat' dir='ltr'><strong>dilexit</strong></span> <span class='ocrx_word' id='word_1_734' title='bbox 2658 3977 2942 4040; x_wconf 88' lang='lat' dir='ltr'><strong>mundum,</strong></span> <span class='ocrx_word' id='word_1_735' title='bbox 3005 3986 3062 4028; x_wconf 94' lang='lat' dir='ltr'><strong>ut</strong></span> <span class='ocrx_word' id='word_1_736' title='bbox 3099 3975 3296 4030; x_wconf 87' lang='lat' dir='ltr'><strong>Filium</strong></span> <span class='ocrx_word' id='word_1_737' title='bbox 3339 3994 3498 4031; x_wconf 89' lang='lat' dir='ltr'><strong>suum</strong></span> 
     </span>
    </p>
   </div>
   <div class='ocr_carea' id='block_1_97' title="bbox 1923 4068 3499 4147">
    <p class='ocr_par' dir='ltr' id='par_1_97' title="bbox 1923 4068 3499 4147">
     <span class='ocr_line' id='line_1_97' title="bbox 1923 4068 3499 4147; baseline -0.006 -16"><span class='ocrx_word' id='word_1_738' title='bbox 1923 4076 2261 4147; x_wconf 84' lang='lat' dir='ltr'><strong>unigenitum</strong></span> <span class='ocrx_word' id='word_1_739' title='bbox 2293 4073 2468 4134; x_wconf 89' lang='lat' dir='ltr'><strong>daret,</strong></span> <span class='ocrx_word' id='word_1_740' title='bbox 2503 4079 2559 4122; x_wconf 87' lang='lat' dir='ltr'><strong>ut</strong></span> <span class='ocrx_word' id='word_1_741' title='bbox 2598 4068 2882 4137; x_wconf 87' lang='lat' dir='ltr'><strong>omnisqui</strong></span> <span class='ocrx_word' id='word_1_742' title='bbox 2921 4069 3094 4121; x_wconf 87' lang='lat' dir='ltr'><strong>credit</strong></span> <span class='ocrx_word' id='word_1_743' title='bbox 3124 4069 3175 4121; x_wconf 90' lang='lat' dir='ltr'><strong>in</strong></span> <span class='ocrx_word' id='word_1_744' title='bbox 3213 4084 3363 4132; x_wconf 90' lang='lat' dir='ltr'><strong>eum,</strong></span> <span class='ocrx_word' id='word_1_745' title='bbox 3392 4084 3499 4121; x_wconf 89' lang='lat' dir='ltr'><strong>non</strong></span> 
     </span>
    </p>
   </div>
   <div class='ocr_carea' id='block_1_98' title="bbox 1925 4159 3500 4242">
    <p class='ocr_par' dir='ltr' id='par_1_98' title="bbox 1925 4159 3500 4242">
     <span class='ocr_line' id='line_1_98' title="bbox 1925 4159 3500 4242; baseline -0.008 -18"><span class='ocrx_word' id='word_1_746' title='bbox 1925 4177 2131 4242; x_wconf 86' lang='lat' dir='ltr'><strong>pereat,</strong></span> <span class='ocrx_word' id='word_1_747' title='bbox 2176 4167 2268 4222; x_wconf 91' lang='lat' dir='ltr'><strong>sed</strong></span> <span class='ocrx_word' id='word_1_748' title='bbox 2314 4165 2513 4217; x_wconf 80' lang='lat' dir='ltr'><strong>habeat</strong></span> <span class='ocrx_word' id='word_1_749' title='bbox 2542 4164 2706 4214; x_wconf 87' lang='lat' dir='ltr'><strong>vitam</strong></span> <span class='ocrx_word' id='word_1_750' title='bbox 2757 4161 3076 4214; x_wconf 64' lang='lat' dir='ltr'><strong>a&#39;ternam“</strong></span> <span class='ocrx_word' id='word_1_751' title='bbox 3107 4179 3120 4224; x_wconf 90' lang='lat'><strong>;</strong></span> <span class='ocrx_word' id='word_1_752' title='bbox 3153 4178 3171 4210; x_wconf 75' lang='grc' dir='ltr'><strong>ι</strong></span> <span class='ocrx_word' id='word_1_753' title='bbox 3202 4169 3276 4222; x_wconf 92' lang='lat' dir='ltr'><strong>et,</strong></span> <span class='ocrx_word' id='word_1_754' title='bbox 3331 4178 3350 4210; x_wconf 73' lang='grc' dir='ltr'>ί</span> <span class='ocrx_word' id='word_1_755' title='bbox 3387 4159 3500 4234; x_wconf 73' lang='lat' dir='ltr'><strong>Ego</strong></span> 
     </span>
    </p>
   </div>
   <div class='ocr_carea' id='block_1_99' title="bbox 1923 4252 3492 4319">
    <p class='ocr_par' dir='ltr' id='par_1_99' title="bbox 1923 4252 3492 4319">
     <span class='ocr_line' id='line_1_99' title="bbox 1923 4252 3492 4319; baseline -0.008 -4"><span class='ocrx_word' id='word_1_756' title='bbox 1923 4264 2045 4318; x_wconf 79' lang='lat' dir='ltr'><strong>veni</strong></span> <span class='ocrx_word' id='word_1_757' title='bbox 2081 4272 2137 4316; x_wconf 93' lang='lat' dir='ltr'><strong>ut</strong></span> <span class='ocrx_word' id='word_1_758' title='bbox 2175 4261 2336 4314; x_wconf 81' lang='lat' dir='ltr'><strong>vitam</strong></span> <span class='ocrx_word' id='word_1_759' title='bbox 2366 4256 2620 4319; x_wconf 86' lang='lat' dir='ltr'><strong>habeant,</strong></span> <span class='ocrx_word' id='word_1_760' title='bbox 2652 4261 2706 4308; x_wconf 91' lang='lat' dir='ltr'><strong>et</strong></span> <span class='ocrx_word' id='word_1_761' title='bbox 2742 4252 3075 4306; x_wconf 88' lang='lat' dir='ltr'><strong>abundatius</strong></span> <span class='ocrx_word' id='word_1_762' title='bbox 3107 4252 3341 4305; x_wconf 84' lang='lat' dir='ltr'><strong>habeant</strong></span> <span class='ocrx_word' id='word_1_763' title='bbox 3389 4252 3492 4304; x_wconf 74' lang='grc' dir='ltr'><strong>η.»</strong></span> 
     </span>
    </p>
   </div>
   <div class='ocr_carea' id='block_1_100' title="bbox 1927 4353 3502 4415">
    <p class='ocr_par' dir='ltr' id='par_1_100' title="bbox 1927 4353 3502 4415">
     <span class='ocr_line' id='line_1_100' title="bbox 1927 4353 3502 4415; baseline -0.01 -4"><span class='ocrx_word' id='word_1_764' title='bbox 1927 4356 2020 4411; x_wconf 90' lang='lat' dir='ltr'><strong>Sic</strong></span> <span class='ocrx_word' id='word_1_765' title='bbox 2074 4364 2126 4407; x_wconf 93' lang='lat' dir='ltr'><strong>te</strong></span> <span class='ocrx_word' id='word_1_766' title='bbox 2186 4353 2429 4415; x_wconf 84' lang='lat' dir='ltr'><strong>habens,</strong></span> <span class='ocrx_word' id='word_1_767' title='bbox 2493 4360 2818 4415; x_wconf 85' lang='lat' dir='ltr'><strong>semperque</strong></span> <span class='ocrx_word' id='word_1_768' title='bbox 2881 4359 2944 4398; x_wconf 85' lang='lat' dir='ltr'><strong>ea</strong></span> <span class='ocrx_word' id='word_1_769' title='bbox 2996 4359 3117 4414; x_wconf 80' lang='lat' dir='ltr'><strong>qua:</strong></span> <span class='ocrx_word' id='word_1_770' title='bbox 3167 4354 3314 4398; x_wconf 92' lang='lat' dir='ltr'><strong>retro</strong></span> <span class='ocrx_word' id='word_1_771' title='bbox 3370 4355 3502 4398; x_wconf 87' lang='lat' dir='ltr'><strong>sunt</strong></span> 
     </span>
    </p>
   </div>
   <div class='ocr_carea' id='block_1_101' title="bbox 1924 4435 3499 4507">
    <p class='ocr_par' dir='ltr' id='par_1_101' title="bbox 1924 4435 3499 4507">
     <span class='ocr_line' id='line_1_101' title="bbox 1924 4435 3499 4507; baseline -0.011 -3"><span class='ocrx_word' id='word_1_772' title='bbox 1924 4448 2278 4506; x_wconf 85' lang='lat' dir='ltr'><strong>obliviscens,</strong></span> <span class='ocrx_word' id='word_1_773' title='bbox 2301 4452 2354 4496; x_wconf 89' lang='lat' dir='ltr'><strong>et</strong></span> <span class='ocrx_word' id='word_1_774' title='bbox 2395 4439 2462 4494; x_wconf 89' lang='lat' dir='ltr'><strong>ad</strong></span> <span class='ocrx_word' id='word_1_775' title='bbox 2491 4454 2554 4494; x_wconf 85' lang='lat' dir='ltr'><strong>ea</strong></span> <span class='ocrx_word' id='word_1_776' title='bbox 2584 4452 2706 4507; x_wconf 72' lang='lat' dir='ltr'><strong>quae</strong></span> <span class='ocrx_word' id='word_1_777' title='bbox 2755 4444 2880 4489; x_wconf 90' lang='lat' dir='ltr'><strong>sunt</strong></span> <span class='ocrx_word' id='word_1_778' title='bbox 2922 4444 3048 4487; x_wconf 90' lang='lat' dir='ltr'><strong>ante</strong></span> <span class='ocrx_word' id='word_1_779' title='bbox 3092 4444 3143 4488; x_wconf 84' lang='lat' dir='ltr'><strong>te</strong></span> <span class='ocrx_word' id='word_1_780' title='bbox 3197 4435 3499 4487; x_wconf 75' lang='lat' dir='ltr'><strong>extendens</strong></span> 
     </span>
    </p>
   </div>
   <div class='ocr_carea' id='block_1_102' title="bbox 1927 4524 3495 4610">
    <p class='ocr_par' dir='ltr' id='par_1_102' title="bbox 1927 4524 3495 4610">
     <span class='ocr_line' id='line_1_102' title="bbox 1927 4524 3495 4610; baseline -0.012 -14"><span class='ocrx_word' id='word_1_781' title='bbox 1927 4546 2177 4610; x_wconf 89' lang='lat' dir='ltr'><strong>teipsmn,</strong></span> <span class='ocrx_word' id='word_1_782' title='bbox 2208 4546 2266 4589; x_wconf 89' lang='lat' dir='ltr'><strong>ut</strong></span> <span class='ocrx_word' id='word_1_783' title='bbox 2299 4535 2504 4590; x_wconf 88' lang='lat' dir='ltr'><strong>dictum</strong></span> <span class='ocrx_word' id='word_1_784' title='bbox 2565 4540 2669 4594; x_wconf 91' lang='lat' dir='ltr'><strong>est,</strong></span> <span class='ocrx_word' id='word_1_785' title='bbox 2702 4541 2884 4588; x_wconf 88' lang='lat' dir='ltr'><strong>curre,</strong></span> <span class='ocrx_word' id='word_1_786' title='bbox 2951 4541 3074 4580; x_wconf 89' lang='lat' dir='ltr'><strong>cum</strong></span> <span class='ocrx_word' id='word_1_787' title='bbox 3109 4524 3329 4580; x_wconf 85' lang='lat' dir='ltr'><strong>Christo</strong></span> <span class='ocrx_word' id='word_1_788' title='bbox 3367 4525 3495 4578; x_wconf 85' lang='lat' dir='ltr'><strong>Jesu</strong></span> 
     </span>
    </p>
   </div>
   <div class='ocr_carea' id='block_1_103' title="bbox 1919 4621 3492 4692">
    <p class='ocr_par' dir='ltr' id='par_1_103' title="bbox 1919 4621 3492 4692">
     <span class='ocr_line' id='line_1_103' title="bbox 1919 4621 3492 4692; baseline -0.011 -3"><span class='ocrx_word' id='word_1_789' title='bbox 1919 4635 2154 4690; x_wconf 89' lang='lat' dir='ltr'><strong>Domino</strong></span> <span class='ocrx_word' id='word_1_790' title='bbox 2194 4640 2404 4691; x_wconf 77' lang='lat' dir='ltr'><strong>nostro,</strong></span> <span class='ocrx_word' id='word_1_791' title='bbox 2439 4626 2647 4692; x_wconf 84' lang='lat' dir='ltr'><strong>absque</strong></span> <span class='ocrx_word' id='word_1_792' title='bbox 2672 4621 3052 4680; x_wconf 85' lang='lat' dir='ltr'><strong>conversione,</strong></span> <span class='ocrx_word' id='word_1_793' title='bbox 3090 4634 3311 4674; x_wconf 82' lang='lat' dir='ltr'><strong>cursum</strong></span> <span class='ocrx_word' id='word_1_794' title='bbox 3340 4631 3492 4672; x_wconf 84' lang='lat' dir='ltr'><strong>tuum</strong></span> 
     </span>
    </p>
   </div>
   <div class='ocr_carea' id='block_1_104' title="bbox 1917 4709 3498 4782">
    <p class='ocr_par' dir='ltr' id='par_1_104' title="bbox 1917 4709 3498 4782">
     <span class='ocr_line' id='line_1_104' title="bbox 1917 4709 3498 4782; baseline -0.013 0"><span class='ocrx_word' id='word_1_795' title='bbox 1917 4728 2024 4782; x_wconf 83' lang='lat' dir='ltr'><strong>hoc</strong></span> <span class='ocrx_word' id='word_1_796' title='bbox 2056 4723 2238 4778; x_wconf 90' lang='lat' dir='ltr'><strong>modo.</strong></span> <span class='ocrx_word' id='word_1_797' title='bbox 2277 4719 2484 4771; x_wconf 86' lang='lat' dir='ltr'><strong>Bonum</strong></span> <span class='ocrx_word' id='word_1_798' title='bbox 2522 4730 2650 4768; x_wconf 82' lang='lat' dir='ltr'><strong>vero</strong></span> <span class='ocrx_word' id='word_1_799' title='bbox 2698 4722 2805 4777; x_wconf 91' lang='lat' dir='ltr'><strong>est,</strong></span> <span class='ocrx_word' id='word_1_800' title='bbox 2848 4722 2909 4764; x_wconf 90' lang='lat' dir='ltr'><strong>ut</strong></span> <span class='ocrx_word' id='word_1_801' title='bbox 2963 4710 3122 4764; x_wconf 88' lang='lat' dir='ltr'><strong>nobis</strong></span> <span class='ocrx_word' id='word_1_802' title='bbox 3153 4709 3386 4773; x_wconf 72' lang='lat' dir='ltr'><strong>videtur,</strong></span> <span class='ocrx_word' id='word_1_803' title='bbox 3446 4719 3498 4762; x_wconf 92' lang='lat' dir='ltr'><strong>et</strong></span> 
     </span>
    </p>
   </div>
   <div class='ocr_carea' id='block_1_105' title="bbox 1921 4801 3498 4874">
    <p class='ocr_par' dir='ltr' id='par_1_105' title="bbox 1921 4801 3498 4874">
     <span class='ocr_line' id='line_1_105' title="bbox 1921 4801 3498 4874; baseline -0.013 0"><span class='ocrx_word' id='word_1_804' title='bbox 1921 4820 2214 4874; x_wconf 86' lang='lat' dir='ltr'><strong>admodum</strong></span> <span class='ocrx_word' id='word_1_805' title='bbox 2264 4812 2416 4872; x_wconf 89' lang='lat' dir='ltr'><strong>utile,</strong></span> <span class='ocrx_word' id='word_1_806' title='bbox 2482 4802 2780 4861; x_wconf 86' lang='lat' dir='ltr'><strong>beatissimi</strong></span> <span class='ocrx_word' id='word_1_807' title='bbox 2856 4801 3148 4870; x_wconf 76' lang='lat' dir='ltr'><strong>Nicephori</strong></span> <span class='ocrx_word' id='word_1_808' title='bbox 3228 4816 3498 4869; x_wconf 77' lang='lat' dir='ltr'><strong>exponere</strong></span> 
     </span>
    </p>
   </div>
   <div class='ocr_carea' id='block_1_106' title="bbox 1923 4893 3495 4978">
    <p class='ocr_par' dir='ltr' id='par_1_106' title="bbox 1923 4893 3495 4978">
     <span class='ocr_line' id='line_1_106' title="bbox 1923 4893 3495 4978; baseline -0.015 -9"><span class='ocrx_word' id='word_1_809' title='bbox 1923 4912 2226 4969; x_wconf 85' lang='lat' dir='ltr'><strong>naturalem</strong></span> <span class='ocrx_word' id='word_1_810' title='bbox 2260 4904 2552 4978; x_wconf 87' lang='lat' dir='ltr'><strong>quamdam</strong></span> <span class='ocrx_word' id='word_1_811' title='bbox 2580 4897 2895 4953; x_wconf 85' lang='lat' dir='ltr'><strong>methodum</strong></span> <span class='ocrx_word' id='word_1_812' title='bbox 2931 4894 3289 4949; x_wconf 83' lang='lat' dir='ltr'><strong>deinterioris</strong></span> <span class='ocrx_word' id='word_1_813' title='bbox 3312 4893 3495 4946; x_wconf 85' lang='lat' dir='ltr'><strong>cordis</strong></span> 
     </span>
    </p>
   </div>
   <div class='ocr_carea' id='block_1_107' title="bbox 1917 4987 3490 5079">
    <p class='ocr_par' dir='ltr' id='par_1_107' title="bbox 1917 4987 3490 5079">
     <span class='ocr_line' id='line_1_107' title="bbox 1917 4987 3490 5079; baseline -0.015 -16"><span class='ocrx_word' id='word_1_814' title='bbox 1917 5025 2012 5079; x_wconf 89' lang='lat' dir='ltr'><strong>per</strong></span> <span class='ocrx_word' id='word_1_815' title='bbox 2050 5008 2259 5060; x_wconf 81' lang='lat' dir='ltr'><strong>narium</strong></span> <span class='ocrx_word' id='word_1_816' title='bbox 2289 4999 2694 5069; x_wconf 77' lang='lat' dir='ltr'><strong>inspirationem</strong></span> <span class='ocrx_word' id='word_1_817' title='bbox 2723 4992 2896 5055; x_wconf 90' lang='lat' dir='ltr'><strong>aditu,</strong></span> <span class='ocrx_word' id='word_1_818' title='bbox 2927 4987 3326 5058; x_wconf 84' lang='lat' dir='ltr'><strong>quodammodo</strong></span> <span class='ocrx_word' id='word_1_819' title='bbox 3343 4997 3394 5040; x_wconf 91' lang='lat' dir='ltr'><strong>et</strong></span> <span class='ocrx_word' id='word_1_820' title='bbox 3424 4987 3490 5039; x_wconf 91' lang='lat' dir='ltr'><strong>ad</strong></span> 
     </span>
    </p>
   </div>
   <div class='ocr_carea' id='block_1_108' title="bbox 1921 5081 3495 5157">
    <p class='ocr_par' dir='ltr' id='par_1_108' title="bbox 1921 5081 3495 5157">
     <span class='ocr_line' id='line_1_108' title="bbox 1921 5081 3495 5157; baseline -0.017 0"><span class='ocrx_word' id='word_1_821' title='bbox 1921 5104 2119 5156; x_wconf 88' lang='lat' dir='ltr'><strong>mentis</strong></span> <span class='ocrx_word' id='word_1_822' title='bbox 2151 5094 2591 5152; x_wconf 89' lang='lat' dir='ltr'><strong>recollectionem</strong></span> <span class='ocrx_word' id='word_1_823' title='bbox 2623 5087 3007 5157; x_wconf 83' lang='lat' dir='ltr'><strong>pertinentem,</strong></span> <span class='ocrx_word' id='word_1_824' title='bbox 3068 5089 3127 5134; x_wconf 91' lang='lat' dir='ltr'><strong>ut</strong></span> <span class='ocrx_word' id='word_1_825' title='bbox 3174 5081 3246 5133; x_wconf 86' lang='lat' dir='ltr'><strong>ita</strong></span> <span class='ocrx_word' id='word_1_826' title='bbox 3282 5095 3376 5148; x_wconf 90' lang='lat' dir='ltr'><strong>per</strong></span> <span class='ocrx_word' id='word_1_827' title='bbox 3411 5095 3495 5132; x_wconf 86' lang='lat' dir='ltr'><strong>se-</strong></span> 
     </span>
    </p>
   </div>
   <div class='ocr_carea' id='block_1_109' title="bbox 1923 5173 3497 5252">
    <p class='ocr_par' dir='ltr' id='par_1_109' title="bbox 1923 5173 3497 5252">
     <span class='ocr_line' id='line_1_109' title="bbox 1923 5173 3497 5252; baseline -0.017 -3"><span class='ocrx_word' id='word_1_828' title='bbox 1923 5199 2109 5249; x_wconf 80' lang='lat' dir='ltr'><strong>mitam</strong></span> <span class='ocrx_word' id='word_1_829' title='bbox 2167 5191 2304 5244; x_wconf 81' lang='lat' dir='ltr'><strong>bene</strong></span> <span class='ocrx_word' id='word_1_830' title='bbox 2355 5183 2672 5252; x_wconf 88' lang='lat' dir='ltr'><strong>dispositam</strong></span> <span class='ocrx_word' id='word_1_831' title='bbox 2730 5191 2970 5248; x_wconf 70' lang='lat' dir='ltr'><strong>praesens</strong></span> <span class='ocrx_word' id='word_1_832' title='bbox 3011 5173 3262 5227; x_wconf 82' lang='lat' dir='ltr'><strong>tractatio</strong></span> <span class='ocrx_word' id='word_1_833' title='bbox 3306 5186 3497 5238; x_wconf 84' lang='lat' dir='ltr'><strong>proce-</strong></span> 
     </span>
    </p>
   </div>
   <div class='ocr_carea' id='block_1_110' title="bbox 1920 5264 3488 5350">
    <p class='ocr_par' dir='ltr' id='par_1_110' title="bbox 1920 5264 3488 5350">
     <span class='ocr_line' id='line_1_110' title="bbox 1920 5264 3488 5350; baseline -0.017 -6"><span class='ocrx_word' id='word_1_834' title='bbox 1920 5292 2031 5344; x_wconf 83' lang='lat' dir='ltr'><strong>dut.</strong></span> <span class='ocrx_word' id='word_1_835' title='bbox 2071 5285 2210 5337; x_wconf 90' lang='lat' dir='ltr'><strong>Dicit</strong></span> <span class='ocrx_word' id='word_1_836' title='bbox 2259 5281 2420 5350; x_wconf 81' lang='lat' dir='ltr'><strong>igitur</strong></span> <span class='ocrx_word' id='word_1_837' title='bbox 2449 5276 2668 5329; x_wconf 85' lang='lat' dir='ltr'><strong>divinus</strong></span> <span class='ocrx_word' id='word_1_838' title='bbox 2715 5272 2802 5325; x_wconf 87' lang='lat' dir='ltr'><strong>ille.</strong></span> <span class='ocrx_word' id='word_1_839' title='bbox 2834 5269 2915 5321; x_wconf 75' lang='lat' dir='ltr'><strong>vir</strong></span> <span class='ocrx_word' id='word_1_840' title='bbox 2957 5283 3080 5320; x_wconf 88' lang='lat' dir='ltr'><strong>cum</strong></span> <span class='ocrx_word' id='word_1_841' title='bbox 3120 5264 3303 5316; x_wconf 90' lang='lat' dir='ltr'><strong>multis</strong></span> <span class='ocrx_word' id='word_1_842' title='bbox 3343 5264 3488 5326; x_wconf 89' lang='lat' dir='ltr'><strong>aliis,</strong></span> 
     </span>
    </p>
   </div>
   <div class='ocr_carea' id='block_1_111' title="bbox 1922 5355 3494 5434">
    <p class='ocr_par' dir='ltr' id='par_1_111' title="bbox 1922 5355 3494 5434">
     <span class='ocr_line' id='line_1_111' title="bbox 1922 5355 3494 5434; baseline -0.017 0"><span class='ocrx_word' id='word_1_843' title='bbox 1922 5378 2311 5434; x_wconf 79' lang='lat' dir='ltr'><strong>auctoritatem</strong></span> <span class='ocrx_word' id='word_1_844' title='bbox 2340 5386 2405 5425; x_wconf 77' lang='lat' dir='ltr'><strong>ex</strong></span> <span class='ocrx_word' id='word_1_845' title='bbox 2441 5377 2758 5423; x_wconf 83' lang='lat' dir='ltr'><strong>sanctorum</strong></span> <span class='ocrx_word' id='word_1_846' title='bbox 2823 5362 3006 5415; x_wconf 81' lang='lat' dir='ltr'><strong>relatis</strong></span> <span class='ocrx_word' id='word_1_847' title='bbox 3039 5355 3366 5412; x_wconf 82' lang='lat' dir='ltr'><strong>testimoniis</strong></span> <span class='ocrx_word' id='word_1_848' title='bbox 3398 5357 3494 5408; x_wconf 86' lang='lat' dir='ltr'><strong>ha-</strong></span> 
     </span>
    </p>
   </div>
   <div class='ocr_carea' id='block_1_112' title="bbox 1923 5459 2605 5530">
    <p class='ocr_par' dir='ltr' id='par_1_112' title="bbox 1923 5459 2605 5530">
     <span class='ocr_line' id='line_1_112' title="bbox 1923 5459 2605 5530; baseline -0.025 -4"><span class='ocrx_word' id='word_1_849' title='bbox 1923 5469 2196 5530; x_wconf 83' lang='lat' dir='ltr'><strong>bentibus,</strong></span> <span class='ocrx_word' id='word_1_850' title='bbox 2216 5474 2264 5520; x_wconf 91' lang='lat' dir='ltr'><strong>et</strong></span> <span class='ocrx_word' id='word_1_851' title='bbox 2299 5459 2605 5530; x_wconf 79' lang='lat' dir='ltr'><strong>sequentia.</strong></span> 
     </span>
    </p>
   </div>
   <div class='ocr_carea' id='block_1_113' title="bbox 2187 5862 3473 5945">
    <p class='ocr_par' dir='ltr' id='par_1_113' title="bbox 2187 5862 3473 5945">
     <span class='ocr_line' id='line_1_113' title="bbox 2187 5862 3473 5945; baseline -0.002 -26"><span class='ocrx_word' id='word_1_852' title='bbox 2187 5888 2229 5917; x_wconf 63' lang='grc' dir='ltr'><strong>ημ</strong></span> <span class='ocrx_word' id='word_1_853' title='bbox 2263 5883 2417 5940; x_wconf 50' lang='lat' dir='ltr'><strong>toan.</strong></span> <span class='ocrx_word' id='word_1_854' title='bbox 2455 5895 2530 5945; x_wconf 57' lang='grc' dir='ltr'><strong>χι,</strong></span> <span class='ocrx_word' id='word_1_855' title='bbox 2587 5875 2676 5928; x_wconf 72' lang='lat'><strong>25.</strong></span> <span class='ocrx_word' id='word_1_856' title='bbox 2754 5870 2799 5903; x_wconf 84' lang='lat'><strong>&#39;°</strong></span> <span class='ocrx_word' id='word_1_857' title='bbox 2841 5866 3091 5923; x_wconf 74' lang='lat' dir='ltr'><strong>ibid.26.</strong></span> <span class='ocrx_word' id='word_1_858' title='bbox 3123 5866 3166 5898; x_wconf 82' lang='lat'><strong>&quot;</strong></span> <span class='ocrx_word' id='word_1_859' title='bbox 3202 5862 3361 5919; x_wconf 78' lang='lat' dir='ltr'><strong>Joan.</strong></span> <span class='ocrx_word' id='word_1_860' title='bbox 3389 5877 3473 5928; x_wconf 88' lang='grc' dir='ltr'>ιιι,</span> 
     </span>
    </p>
   </div>
  </div>
