4278 6442
265 419 377 484 685

1475 430 1867 490 OPUSCULA
1902 428 2278 490 ASCETICA.

3416 427 3523 491 688

269 545 517 612 Ὠφελεῖν
543 546 653 617 γὰρ
682 547 857 600 οἴδασι
884 547 951 600 τὰ
981 549 1262 618 ἀμφότερα
1284 565 1295 576 ·
1322 549 1460 618 ἔχων
1482 551 1617 618 μετά
1648 567 1710 618 γε
1741 549 1894 618 eici
1920 545 1951 598 ὴ

1832 549 1894 612 Α
1920 544 2303 598 humilitatem.
2341 563 2359 595 ι
2385 543 2656 613 Adjuvare
2688 545 2832 600 enim
2864 544 3038 600 solent
3059 542 3173 599 hac
3190 544 3350 599 ambo
3383 547 3521 599 :ha-

255 640 456 709 εύχῆς,
491 642 588 693 καὶ
622 642 731 693 τῶν
761 640 936 694 ἄλλων
961 642 1068 694 τῶν
1099 643 1406 711 είρημένων
1436 660 1539 705 σοι,
1577 645 1670 694 καὶ
1703 643 1842 712 μνή-

257 749 371 802 μην
433 733 678 801 κρίσεώς
733 751 791 787 τε
846 736 938 787 καὶ
981 735 1390 798 ἀνταποδόσεως
1451 735 1693 803 ἀγαθῶν,
1749 736 1843 787 καὶ

253 825 482 891 φαύλων
514 824 792 895 πράξεων,
839 827 933 878 καὶ
983 828 1182 890 ὑλικῶς
1225 830 1290 880 ὲκ
1329 827 1509 896 ψυχῆς
1541 827 1840 897 ἡγούμενος

253 916 476 980 σαυτὸν,
497 918 758 972 ἁπάντων
784 918 1092 988 ἀνθρώπων
1109 920 1582 992 ἁμαρτωλότερον,
1605 922 1697 972 καὶ
1724 919 1840 972 δαιο

255 1008 440 1078 μόνων
481 1010 666 1063 αὐτῶν
700 1010 1061 1081 ὲναγέστερον
1079 1026 1092 1040 ⁸
1123 1011 1443 1075 κάντεῦθεν,
1471 1013 1617 1074 ὅπως
1641 1011 1840 1081 μέλλῃς

251 1101 500 1164 αίωνῆυς
529 1101 880 1166 κολάζεσθαι,
926 1104 984 1155 ἐν
1011 1103 1110 1173 οἵῳ
1142 1103 1186 1154 δ’
1225 1105 1290 1156 ἂν
1327 1103 1571 1172 λογισμῷ
1603 1103 1710 1155 τῶν
1748 1103 1842 1171 δη-

250 1192 542 1248 λωθέντων
589 1195 817 1262 γένηταί
863 1214 944 1249 σοι
988 1197 1301 1261 κατάνυξις,
1346 1198 1438 1250 καὶ
1479 1195 1696 1259 πένθος,
1743 1196 1839 1249 καὶ

247 1286 490 1356 δάκρυα,
525 1289 588 1340 ιν
611 1288 810 1358 ἐκείνῳ
849 1289 984 1358 δῆτα
1017 1291 1111 1343 καὶ
1145 1290 1443 1358 πρόσμενε,
1473 1290 1576 1352 ἓως
1605 1288 1672 1341 ἂν
1701 1289 1840 1359 μόνα

247 1377 430 1430 ταῦτα
463 1378 840 1449 παρέλθωσιν
877 1382 926 1433 εί
959 1381 1006 1433 δ’
1037 1381 1116 1433 ἔτι
1147 1383 1207 1433 οὑ
1236 1381 1571 1450 κατηξίωσαι
1602 1382 1700 1450 τῆς
1731 1380 1840 1434 τῶν

247 1469 509 1540 δακρύων
539 1470 770 1540 δωρεᾶς,
801 1471 1087 1538 ἀγώνισαι,
1111 1473 1204 1525 καὶ
1236 1472 1388 1547 εὖξαι
1430 1471 1674 1540 ταπεινῷ
1701 1487 1836 1540 φρο-

247 1563 481 1631 νήματι,
508 1562 594 1614 ἴνα
630 1564 806 1633 κτήσῃ
853 1563 1026 1616 ταῦτα
1046 1580 1058 1593 ·
1086 1563 1172 1615 διὰ
1220 1564 1324 1633 γὰρ
1353 1563 1576 1625 τούτοιν,
1598 1562 1707 1618 τῶν
1736 1561 1836 1632 μὲν

248 1651 447 1705 παθῶν
483 1653 576 1705 καὶ
632 1655 946 1722 μολυσμῶν,
993 1654 1396 1724 καθαιρόμεθα,
1447 1654 1557 1707 τῶν
1610 1654 1664 1706 δὲ
1699 1670 1836 1722 χρη-

250 1745 400 1796 στῶν
449 1746 544 1797 καὶ
584 1747 868 1815 σωτηρίων
903 1747 962 1797 ὲν
1015 1746 1230 1814 μεθέξει
1259 1745 1538 1814 γινόμεθα,
1570 1746 1644 1807 ῶς
1669 1762 1835 1814 φησιν

245 1837 278 1886 ὁ
305 1835 408 1902 τῆς
427 1834 729 1905 Κλίμακος,
756 1838 833 1889 ὅτι
868 1855 887 1887 ι
917 1837 1127 1906 Ὠσπερ
1144 1839 1204 1888 τὸ
1234 1837 1344 1907 πῦρ
1365 1838 1706 1906 ἀναιρετικὸν
1733 1854 1834 1888 κα-

249 1926 462 1994 λάμης,
503 1927 646 1978 οὕτω
683 1926 743 1980 τὸ
771 1929 1006 1997 δάκρυον
1060 1913 1121 1980 τὸ
1167 1929 1352 1996 ἁγνὸν,
1409 1928 1612 1990 παντὸς
1662 1928 1835 1995 ῥύπου

248 2018 586 2084 φαινομένου
637 2020 732 2070 καὶ
762 2020 1108 2087 νοουμένου.)
1137 2020 1246 2072 Καὶ
1272 2021 1456 2089 ἕτερος
1488 2021 1702 2088 Πατήρ·
1737 2038 1755 2070 ι
1775 2017 1835 2070 ’0

247 2108 581 2178 βουλόμενος
602 2111 1018 2179 ἁποκτήσασθαι
1051 2111 1270 2174 κακίας,
1304 2109 1569 2180 κλαυθμῷ
1588 2111 1828 2163 ἀποκτᾶ-

247 2217 340 2252 ται
376 2201 578 2262 αὑτάς·
640 2202 735 2254 καί
774 2202 801 2254 ὁ
846 2201 1170 2271 βουλόμενος
1229 2202 1538 2271 κτήσασθαι
1600 2201 1825 2272 ἀρετὰς,

245 2291 519 2360 κλαυθμῷ
549 2293 743 2344 κτᾶται
772 2294 973 2356 αὑτάς*
1016 2295 1128 2356 καὶ,
1177 2294 1273 2346 ἐὰν
1307 2294 1380 2364 μὴ
1419 2294 1549 2365 ἔχῃς
1597 2293 1832 2346 κατάνυ-

243 2383 352 2447 ξιν,
392 2383 651 2448 γίνωσκε,
681 2386 764 2437 ὅτι
798 2385 1105 2450 κενοδοξίαν
1134 2384 1307 2455 ἔχεις·
1338 2405 1356 2434 ι
1402 2385 1541 2453 αὓτη
1588 2385 1698 2455 γὰρ
1729 2384 1832 2436 οὐκ

242 2482 444 2549 ἀφίησι
481 2480 580 2550 τὴν
611 2480 791 2552 ψυχὴν
837 2480 1316 2548 κατανυγῆναι.Εἰ
1350 2481 1407 2533 δὲ
1460 2481 1559 2532 οὑκ
1608 2476 1830 2531 ἐπέλθοι

241 2573 485 2643 δάκρυα,
513 2572 726 2642 κάθησο
765 2573 1049 2642 προσέχων
1081 2574 1138 2624 ἐν
1178 2572 1390 2634 τούτοις
1414 2574 1525 2633 τοῖς
1552 2570 1830 2639 λογισμοῖς

243 2661 391 2729 μετά
419 2679 482 2729 γε
520 2664 615 2714 καὶ
649 2663 746 2731 τῆς
770 2663 956 2731 εὐχῆς,
992 2661 1142 2731 ῶραν
1169 2663 1300 2732 μίαν
1323 2678 1336 2692 '
1369 2658 1470 2714 εἷθ’
1500 2660 1670 2724 οὕτως
1698 2661 1829 2714 dwa-

243 2753 401 2815 στὰς.
436 2752 606 2822 ψάλλε
639 2755 740 2806 σὺν
766 2755 1007 2823 προσοχῇ
1043 2752 1101 2804 τὸ
1135 2753 1332 2822 μικρὸν
1360 2751 1702 2812 ἀπόδειπνον,
1734 2751 1829 2803 καὶ

243 2843 413 2895 πάλιν
448 2845 701 2907 καθίσας,
728 2846 1002 2914 κράτησον
1018 2845 1115 2913 τὴν
1148 2845 1334 2914 εὐχὴν,
1356 2844 1454 2912 ὅση
1480 2841 1828 2910 σοιδύναμις,

243 2937 503 3005 καθαρῶς
532 2937 624 2988 καὶ
654 2935 1076 3007 ὰρῤεμϐἀστως,
1112 2933 1314 3003 δηλαδὴ
1351 2933 1505 2995 ἐκτὸς
1537 2931 1825 3002 μερίμνης,

242 3030 337 3080 καὶ
373 3026 638 3095 λογισμοῦ
672 3027 787 3079 οἴου
815 3027 877 3096 δή
907 3042 1073 3087 τινος,
1093 3025 1299 3093 καὶτῆς
1320 3025 1612 3078 ὁποιασοῦν
1627 3041 1828 3093 φαντα-

242 3122 390 3182 σίας,
424 3122 523 3172 σὺν
562 3118 732 3187 πολλῇ
767 3117 1147 3187 νηφαλιὸτητι,
1177 3115 1326 3186 ὥρας
1351 3118 1410 3168 τὸ
1439 3116 1634 3185 ἣμισυ,
1679 3116 1822 3168 κατὰ

1935 635 2066 690 beas
2107 650 2231 688 cum
2278 634 2526 688 oratione
2558 644 2612 689 et
2655 636 2778 691 aliis
2809 651 2928 705 qua:
2961 636 3106 690 dicta
3151 644 3281 690 sunt
3315 650 3524 691 memo-

1935 727 2066 780 riam
2089 743 2304 797 quoque
2321 727 2514 792 judicii
2538 740 2590 782 et
2617 731 2877 784 bonorum
2902 730 3278 798 malorumque
3298 736 3517 783 actuum

1934 822 2410 882 remunerationis,
2435 829 2488 875 et
2523 822 2780 875 miserum
2813 824 2990 891 quoad
3030 823 3264 876 animam
3285 822 3517 890 teipsum

1931 922 2226 977 reputans,
2276 912 2524 965 omnium
2573 911 2856 965 hominum
2905 914 3427 976 sceleratissimum,
3469 921 3524 964 et

1930 1001 2066 1070 ipsis
2098 1003 2434 1057 (immanibus
2481 1004 2797 1069 fmdiorem;
2833 1020 2898 1058 ac
2939 1005 3132 1058 deinde
3162 1007 3340 1075 cogita
3375 1005 3521 1058 futu—

1931 1108 2050 1145 rum
2092 1109 2211 1147 esse
2263 1103 2321 1146 ιιι
2373 1104 2574 1148 aeterne
2618 1096 2900 1159 puniaris;
2951 1095 3005 1148 in
3053 1110 3381 1164 quocunque
3419 1110 3511 1148 au-

1928 1191 2033 1237 tem
2089 1185 2410 1253 praecedenti
2467 1187 2748 1241 rati0einio
2795 1188 2890 1241 tibi
2950 1189 3300 1257 superveniat
3363 1202 3517 1242 com-

1929 1275 2172 1342 puuctio,
2205 1286 2259 1330 et
2292 1277 2492 1341 .dolor,
2528 1287 2582 1331 et
2631 1277 2915 1348 lat-rymae,
2971 1280 3025 1332 in
3083 1294 3148 1333 eo
3197 1294 3517 1348 persevera,

1927 1367 2101 1420 donec
2134 1370 2215 1422 ba:
2236 1369 2365 1424 sola:
2397 1379 2750 1440 praetereant.
2781 1369 2846 1423 Et
2866 1371 2910 1425 si
2940 1372 3181 1425 nondum
3211 1373 3315 1426 hoc
3349 1373 3522 1441 lacry-

1927 1474 2138 1513 marum
2185 1461 2330 1515 dono
2363 1463 2560 1532 dignus
2601 1465 2881 1528 liabearis,
2919 1465 3071 1535 pulsa
3103 1474 3155 1518 et
3186 1480 3281 1518 ora
3328 1465 3520 1518 humili

1928 1563 2106 1607 mente
2125 1564 2181 1607 ut
2205 1553 2335 1608 illud
2361 1557 2635 1624 acquiras.
2663 1557 2766 1610 Per
2789 1555 2887 1610 hos
2907 1558 3052 1610 enim
3078 1558 3292 1612 dolores
3313 1573 3378 1612 ac
3403 1573 3520 1611 mo-

1925 1647 2112 1701 lestias
2136 1663 2432 1719 purgamur
2455 1690 2470 1711 ,
2502 1649 2765 1702 bonorum
2789 1652 3094 1720 salutisque
3123 1651 3415 1720 participes
3438 1651 3519 1706 ef-

1925 1738 2162 1803 ﬁcimur,
2199 1750 2255 1795 at
2299 1743 2374 1795 ait
2407 1741 2736 1796 Climacicus
2767 1759 2780 1795 ;
2820 1761 2837 1792 ι
2876 1741 3343 1808 Quemadmodum
3378 1744 3518 1814 ignis

1925 1831 2197 1886 calamum
2220 1836 2462 1901 devorat,
2509 1837 2578 1889 ita
2615 1835 2868 1906 lacrymze
2904 1837 3120 1890 mundae
3165 1852 3354 1893 omnes
3394 1854 3517 1894 sor-

1926 1924 2043 1986 des,
2082 1941 2419 1995 quzeeunque
2456 1939 2719 1997 apparent
2756 1936 2808 1982 et
2848 1932 3180 1999 cogitantur.
3219 1950 3238 1982 ι
3280 1929 3341 1984 Et
3378 1933 3516 1985 alius

1932 2017 2091 2070 Pater
2142 2034 2157 2070 :
2210 2035 2228 2068 ι
2275 2018 2376 2082 Qui
2447 2020 2708 2072 malitiam
2780 2019 2896 2073 vult
2970 2023 3278 2089 expellere,
3340 2023 3513 2092 lacry-

1928 2109 2125 2163 niando
2154 2124 2274 2162 eam
2324 2111 2571 2179 expellit;
2615 2121 2663 2164 et
2692 2111 2781 2178 qui
2818 2113 2934 2164 vult
2990 2113 3217 2167 virtutes
3268 2116 3515 2179 acquire-

1928 2216 2024 2264 re,
2089 2201 2436 2268 lacrymando
2503 2217 2595 2255 eas
2659 2203 2930 2271 acquirit;
2991 2215 3152 2272 atque
3222 2205 3267 2258 si
3332 2206 3515 2258 minus

1927 2295 2402 2359 compnnetinnem
2456 2294 2679 2357 habeas,
2717 2295 2857 2348 scito
2889 2304 2940 2347 te
2964 2309 3158 2348 ranam
3191 2297 3257 2350 de
3304 2305 3355 2349 te
3396 2299 3513 2367 epi-

1934 2383 2152 2437 nionem
2185 2384 2407 2438 babere.
2448 2403 2465 2435 ι
2507 2383 2579 2436 Ea
2616 2386 2759 2438 enim
2797 2402 2902 2438 non
2939 2388 3070 2441 sinit
3097 2389 3338 2442 animam
3364 2403 3513 2444 com-
3551 2421 3554 2424 ~

1927 2473 2115 2541 pungi.
2166 2473 2220 2526 Si
2278 2489 2407 2527 vero
2459 2491 2567 2528 non
2617 2478 3009 2544 superveniant
3063 2479 3335 2548 lacryntre,
3381 2489 3511 2535 tunc

1927 2564 1993 2618 iis
2017 2565 2321 2619 ratiociniis
2351 2568 2641 2622 attendens
2669 2583 2792 2621 cum
2821 2571 3070 2623 oratione
3095 2587 3377 2638 persevera
3409 2575 3510 2627 ho-

1926 2671 2042 2708 ram
2089 2671 2289 2721 unam;
2340 2658 2533 2712 deinde
2584 2675 2904 2728 assurgens,
2937 2663 3107 2730 psalle
3153 2679 3278 2716 cum
3325 2673 3506 2719 atten-

1928 2748 2098 2815 tione,
2129 2755 2181 2799 et
2213 2764 2429 2802 rursum
2468 2750 2688 2816 sedens,
2718 2753 3024 2805 orationem
3063 2770 3294 2824 occupa,
3329 2774 3510 2825 quan-

1929 2849 2037 2894 tum
2086 2851 2260 2910 potes,
2293 2858 2429 2911 pure
2477 2858 2541 2896 ac
2586 2856 2910 2899 constanter
2940 2888 2955 2910 ,
2994 2858 3145 2901 extra
3181 2850 3508 2905 sollicitudi-

1925 2945 2045 2983 nem
2079 2941 2132 2982 et
2167 2932 2464 2998 quamlibet
2494 2934 2878 3002 cogitationem
2918 2946 2972 2990 et
3033 2939 3503 3008 inmginationem,

1925 3035 2048 3076 cum
2084 3024 2247 3076 multa
2279 3026 2577 3094 vigilantia,
2611 3028 2892 3082 dimidiam
2954 3030 3168 3092 horam.
3203 3007 3507 3091 secundum

1925 3111 2244 3166 dicentem:
2310 3133 2327 3165 ι
2388 3115 2518 3170 Sine
2576 3119 2771 3187 spiritu
2812 3135 2876 3175 ac
2915 3123 3070 3183 cibo,
3127 3134 3276 3179 extra
3322 3132 3505 3183 omnia

237 3215 334 3264 τον
375 3211 639 3279 λέγοντα·
668 3211 851 3280 Χωρὶς
910 3210 1080 3278 πνοῆς
1149 3211 1244 3261 καὶ
1294 3209 1526 3278 τροφῆς,
1557 3208 1662 3272 ἔξω
1718 3208 1828 3260 τῶν
1851 3245 1893 3305 c

1818 3225 1893 3305 vc
1926 3203 2053 3267 alia,
2091 3205 2143 3259 in
2179 3209 2425 3262 oratione
2453 3219 2501 3262 te
2538 3220 2737 3274 statue,
2770 3214 2814 3266 si
2853 3217 2930 3268 vis
2980 3232 3104 3269 cum
3156 3219 3270 3272 sola
3324 3233 3507 3276 mente

237 3306 420 3359 ἄλλων
452 3303 614 3370 γενοῦ
651 3303 709 3354 ὲν
736 3303 895 3371 εὐχῇ,
921 3303 971 3354 εἰ
1006 3301 1180 3363 θέλεις
1211 3301 1347 3370 μετὰ
1382 3303 1543 3369 μόνου
1572 3300 1826 3368 γενέσθαι

236 3395 334 3446 τοῦ
369 3393 484 3446 νοῦ.
520 3387 654 3445 Εἶτα
709 3397 1018 3461 σφραγίσας
1067 3392 1296 3444 σεαυτὸν
1328 3391 1406 3461 τῷ
1438 3390 1594 3460 τύπῳ
1623 3389 1717 3443 τοῦ
1747 3407 1826 3443 τι·

236 3487 370 3554 μίσυ
437 3485 534 3537 καὶ
582 3483 851 3547 ζωοποιοῦ
900 3482 1156 3550 σταυροῦ,
1213 3483 1414 3552 ὁμοίως
1468 3483 1561 3535 καὶ
1585 3483 1686 3553 τὴν
1727 3482 1825 3550 σὴν

233 3579 453 3646 κλίνην,
487 3575 582 3628 καὶ
632 3575 719 3626 ἐπ’
755 3573 923 3643 αὐτὴν
966 3573 1216 3637 καθίσας,
1251 3573 1344 3627 καὶ
1379 3574 1506 3639 περὶ
1559 3573 1667 3624 τῶν
1700 3572 1823 3641 μελ-

229 3668 463 3726 ὶὸντων,
497 3662 877 3725 ἀπολαύσεων,
914 3663 1116 3732 φαμὲν,
1153 3664 1248 3714 καὶ
1287 3663 1581 3724 κολάσεων,
1611 3663 1689 3725 είς
1733 3662 1823 3714 εν-

230 3773 390 3809 νοιαν
411 3753 611 3817 ἐλθὼν,
644 3754 737 3806 τοῦ
762 3771 820 3805 τε
849 3753 1099 3824 ρευστοῦ,
1123 3753 1216 3806 καὶ
1228 3751 1510 3822 ἀπατηλοῦ
1534 3751 1640 3804 τῶν
1656 3767 1822 3820 προσ-

231 3850 450 3920 καίρων
468 3867 483 3882 ο
520 3850 610 3902 ναὶ
638 3847 701 3916 δὴ
727 3847 824 3900 καὶ
848 3845 943 3899 τοῦ
973 3845 1240 3915 αἰφνιδίου
1275 3844 1369 3897 καὶ
1394 3843 1575 3897 κοινοῦ
1604 3846 1821 3913 χρέους,

229 3945 360 4011 ἦτοι
393 3942 493 3993 τοῦ
542 3939 784 3993 θανάτου
807 3955 823 3968 ο
853 3938 949 3990 καὶ
976 3937 1070 3990 τοῦ
1117 3935 1256 4006 μετὰ
1288 3937 1348 3988 τὸ
1383 3936 1554 4000 τέλος,
1595 3935 1687 3987 καὶ
1716 3934 1821 4004 πρὸ

230 4033 332 4086 τοῦ
357 4032 552 4094 τέλους
575 4029 807 4100 φρικτοῦ
838 4027 1146 4095 λογοθεσξου
1163 4043 1178 4058 ο
1209 4026 1319 4078 τῶν
1343 4042 1401 4078 τε
1444 4024 1820 4092 ὲπταισμένων

233 4141 321 4176 σοι
385 4122 687 4176 τοκαθὸλου
744 4120 822 4182 ὡς
868 4121 928 4171 ὲν
995 4118 1249 4186 συντόμῳ
1325 4115 1816 4187 διαμνημονεύσας,

230 4218 332 4268 καὶ
362 4215 496 4285 περὶ
543 4211 749 4265 τούτων
778 4210 876 4280 τὴν
930 4211 1124 4277 ἄφεσιν
1171 4209 1390 4276 θερμῶς
1419 4207 1808 4274 αἰτησάμενος,

229 4306 668 4374 λογοπραγήσας
720 4319 781 4356 τε
822 4303 1021 4354 σαυτὸν
1069 4301 1483 4370 ὴκριόιομένως,
1520 4299 1666 4359 ὅπως
1719 4296 1816 4366 τὴν

231 4396 623 4468 παρελθοῦσαν
685 4395 897 4463 ἡμέραν
949 4392 1182 4459 διῆλθες,
1233 4388 1541 4452 ἀναπεσὼν,
1603 4387 1818 4456 κρατῶν

232 4491 331 4542 καὶ
380 4488 484 4556 τὴν
540 4485 730 4554 εὐχὴν,
784 4483 926 4536 κατὰ
979 4483 1070 4534 τὸν
1125 4481 1371 4547 λέγοντα,
1416 4478 1588 4548 Ἰησοῦ
1628 4479 1815 4547 μνήμη

1928 3296 2068 3351 ﬁeri.
2116 3297 2320 3355 Deinde
2364 3310 2413 3355 te
2454 3302 2630 3370 ipsum
2664 3305 2888 3374 signans
2928 3308 3178 3375 pretiosae
3222 3327 3285 3366 ac
3326 3314 3505 3366 viviti-

1927 3391 2103 3445 cautis
2148 3393 2329 3448 crucis
2378 3392 2557 3463 signo,
2608 3394 2830 3466 signans
2871 3415 3093 3469 quoque
3129 3412 3282 3457 tuum
3329 3404 3507 3460 lectu-

1927 3482 2064 3546 lum,
2118 3493 2172 3537 et
2216 3484 2268 3537 iu
2302 3501 2366 3540 eo
2396 3488 2612 3554 sedens,
2663 3498 2716 3543 et
2762 3490 2816 3542 in
2871 3490 3179 3548 futurorum
3234 3496 3503 3552 bonorum

1921 3588 2313 3645 pmnarumque
2349 3580 2733 3646 cogitationem
2771 3581 3002 3648 intrans,
3028 3600 3092 3637 ac
3119 3587 3282 3640 simul
3305 3591 3355 3643 in
3390 3589 3503 3644 fra-

1920 3666 2143 3735 gilitatis
2198 3678 2251 3722 et
2314 3668 2543 3724 l'allacize
2593 3677 2977 3741 temporalium
3035 3679 3499 3750 meditationem,

1919 3758 2094 3826 cogita
2153 3775 2371 3829 quoque
2429 3763 2721 3821 imminens
2765 3777 2818 3822 et
2881 3786 3172 3827 commune
3225 3775 3495 3840 debitum,

1918 3866 2148 3908 mortem
2190 3856 2425 3921 scilicet,
2461 3858 2627 3925 illam,
2659 3878 2780 3931 quae
2832 3873 2952 3933 post
3003 3867 3164 3922 tinem
3226 3874 3414 3926 mundi
3443 3885 3498 3929 et

1916 3955 2041 3998 ante
2078 3947 2236 4000 linem
2280 3949 2462 4003 futura
2519 3961 2640 4015 est,
2678 3955 3122 4025 inquisitionem;
3167 3971 3498 4035 tuorumque

1913 4033 2234 4088 delictorum
2275 4039 2621 4104 generaliter,
2672 4053 2729 4096 ut
2762 4047 2813 4097 in
2860 4050 3207 4116 compendio,
3236 4033 3492 4109 recorda—

1916 4133 2027 4189 tus,
2056 4141 2120 4180 ae
2157 4144 2344 4182 eorum
2396 4131 2652 4187 ardenter
2703 4135 3159 4193 eondonationem
3191 4144 3497 4209 postulans.

1911 4217 2290 4289 rationemque
2319 4223 2384 4275 de
2418 4225 2593 4293 teipso
2622 4239 2884 4283 accurate
2936 4232 3184 4300 exigens,
3216 4240 3494 4303 quomodo

1911 4309 2237 4377 praeteritam
2258 4311 2396 4364 diem
2414 4315 2753 4381 percurristi,
2771 4320 3095 4375 recumbens
3114 4331 3168 4376 et
3187 4327 3489 4381 orationem

1909 4415 2204 4472 occupans,
2225 4407 2521 4461 secundum
2541 4424 2663 4464 eum
2689 4414 2779 4480 qui
2803 4413 2973 4469 dicit:
3007 4434 3023 4466 ι
3052 4416 3310 4474 Memoria
3351 4420 3479 4478 Jesu

1911 4501 2089 4547 tecum
2130 4495 2386 4561 dormiat,
2420 4499 2596 4554 dormi
2633 4503 2877 4574 quinque
2909 4506 3072 4563 horas
3110 4520 3203 4565 aut
3231 4528 3360 4580 sex,
3393 4528 3490 4569 aut

232 4576 674 4647 συγκοιμηθήτω
703 4592 808 4638 σοι,
840 4573 1089 4626 ὓπνωσον
1120 4571 1266 4642 ῶρας
1289 4572 1470 4634 πέντε,
1499 4569 1531 4640 ἢ
1563 4569 1652 4633 ἓξ·
1686 4571 1882 4638 μᾶλ-Ῑ)
1908 4601 1921 4656 Ι

1797 4581 1882 4638 ’1)
1908 4587 2088 4656 potius
2125 4586 2309 4656 jaceas
2346 4590 2458 4660 ipse
2485 4569 2893 4663 proportionate
2939 4615 3038 4668 pro
3068 4609 3242 4660 noctis
3287 4569 3486 4676 spatio.

230 4670 325 4719 λον
360 4667 441 4726 δὲ,
482 4664 626 4718 κατὰ
681 4664 743 4716 τὸ
777 4664 874 4732 τῆς
927 4663 1120 4725 νυκτὸς
1173 4661 1468 4729 διάστημα,
1525 4660 1818 4730 κοιμήθητι

235 4761 326 4811 καὶ
354 4757 520 4817 αὐτὸς
552 4756 610 4806 τὸ
637 4755 917 4821 ἀνάλογον.

231 4875 444 4935 Ὅπως
476 4868 567 4921 δεῖ
609 4869 718 4920 τὸν
757 4866 909 4918 κατὰ
944 4866 1052 4917 τὸν
1083 4865 1294 4930 ὄρθρον
1324 4863 1661 4930 διέρχεσθαι
1689 4879 1818 4917 και-

593 4939 730 5003 ρὸν,
769 4935 910 5004 ἄχρι
948 4936 1046 4988 καὶ
1079 4935 1188 5001 τῆς
1213 4935 1461 5002 πρωτας.

308 5059 392 5107 κς
416 5081 430 5095 .
468 5043 740 5106 Ἔξυπνος
767 5042 824 5094 δὲ
861 5040 1173 5111 γενόμενος,
1201 5046 1295 5097 καὶ
1321 5047 1411 5097 τὸν
1441 5046 1574 5099 Θεὸν
1615 5047 1823 5112 605,010-

233 5138 441 5204 γήσας,
469 5133 564 5188 καὶ
595 5132 753 5195 αὖθις
784 5134 864 5195 εἰς
895 5133 993 5203 τὴν
1023 5133 1120 5204 σὴν
1163 5135 1448 5206 ἀντίληψιν
1487 5137 1674 5191 τοῦτον
1703 5141 1817 5191 ἐπι-

235 5225 642 5293 καλεσάμενος.
678 5223 840 5294 ἄρξαι
896 5225 1175 5292 τοπρῶτον
1202 5225 1295 5279 τοῦ
1347 5227 1560 5296 πρώτου
1609 5229 1793 5299 ἔργου,

235 5318 414 5385 ἡγουν
468 5313 564 5367 τοῦ
612 5313 871 5384 εὔχεσθαι
933 5316 992 5367 ιν
1048 5318 1243 5388 καρδίᾳ
1271 5319 1689 5389 ἀρρεμὸἀστως,
1726 5321 1819 5374 καὶ

236 5405 526 5474 καθαρῶς,
558 5405 662 5466 ἕως
691 5403 842 5474 ὥρας
889 5405 1053 5474 μιᾶς·
1085 5405 1448 5474 τοτηνικαῦτα
1485 5408 1710 5478 καὶγὰρ
1743 5408 1818 5469 ὡς

236 5499 334 5549 ἐπὶ
370 5499 434 5550 τὸ
484 5497 742 5549 πλεῖστον
778 5498 989 5566 πέφυκέ
1041 5518 1158 5564 πως
1209 5504 1237 5554 ὀ
1269 5501 1394 5563 νοῦς
1436 5502 1667 5568 γαληνὲς
1722 5501 1814 5554 καὶ

229 5597 527 5668 ἀθόρυὸος.
593 5596 864 5663 Μέντοιγε
907 5597 1004 5649 καὶ
1049 5596 1437 5668 ἐντετάλμεθα,
1489 5601 1556 5654 τὰ
1604 5604 1813 5672 πρῶτα,

233 5690 330 5742 καὶ
359 5688 628 5756 ἐξαίρετα
672 5685 822 5738 θύειν
858 5686 936 5755 τῷ
985 5687 1135 5757 Θειῖν
1171 5690 1288 5758 ἦτοι
1337 5691 1436 5759 τὴν
1486 5695 1818 5760 πρωτόνοιαν

229 5779 301 5841 ὡς
321 5775 438 5830 οἷόν
461 5793 520 5828 τε
537 5776 838 5828 ἁνατείνειν
861 5777 1113 5838 ἀκλινῶς,
1142 5779 1226 5830 διὰ
1249 5781 1546 5850 καρδιακῆς
1573 5782 1817 5853 καθαρᾶς

233 5869 566 5938 προσευχῆς,
593 5865 732 5933 πρὸς
763 5865 854 5919 τὸν
884 5865 1088 5936 Κύριον
1121 5869 1275 5936 ἡμῶν
1313 5869 1518 5938 Ἰησοῦν
1554 5872 1784 5941 Χριστόν

1905 4900 2176 4965 Quomodo
2207 4913 2407 4970 oportet
2439 4902 2663 4986 dilttcttlt'
2692 4915 2895 4974 tempus
2941 4911 3172 4962 transire
3215 4926 3378 4976 usque
3410 4916 3478 4964 ad

2399 4985 2720 5028 matutinum
2754 4985 2976 5043 tempus.

1971 5061 2060 5116 ‘26.
2094 5061 2384 5132 Postquam
2416 5072 2597 5117 autem
2627 5079 2983 5132 experrectus
3011 5067 3199 5133 fueris,
3229 5083 3281 5126 et
3311 5075 3474 5130 Deum

1906 5154 2235 5217 laudaveris,
2260 5171 2496 5224 eumque
2540 5170 2731 5209 rursus
2777 5159 2829 5209 in
2871 5167 3018 5211 tuam
3067 5164 3470 5228 opitulationetn

1903 5244 2264 5311 invocaveris,
2300 5247 2535 5313 primum
2589 5263 2726 5318 opus
2775 5260 2925 5302 tuum
2956 5251 3160 5319 incipe,
3198 5270 3388 5326 nempe
3421 5259 3473 5311 in

1901 5338 2062 5390 corde
2101 5345 2193 5389 tuo
2229 5352 2386 5390 orare
2417 5347 2732 5392 constanter
2761 5355 2824 5393 ac
2850 5355 3007 5407 pure,
3051 5357 3212 5396 unam
3248 5345 3473 5411 horam;

1903 5436 2031 5481 tunc
2079 5428 2222 5481 enim
2266 5430 2586 5497 plerumque
2626 5439 2705 5482 est
2739 5445 2891 5485 mens
2940 5433 3232 5500 tranquilla
3283 5446 3334 5488 et
3365 5454 3470 5490 non

1900 5521 2235 5586 perturbata.
2286 5519 2538 5572 Attamen
2579 5532 2632 5573 et
2667 5520 2926 5589 jubemur
2953 5523 3130 5592 prima
3174 5540 3239 5579 ac
3271 5528 3474 5595 optima

1901 5610 2009 5661 Deo
2060 5611 2405 5674 sacriticare;
2445 5611 2655 5664 scilicet
2703 5613 2929 5679 primam
2979 5626 3221 5669 nostram
3267 5620 3474 5688 cogita-

1901 5702 2096 5754 tionem
2155 5718 2248 5770 pro
2321 5717 2480 5769 posse
2537 5704 2740 5758 directe
2792 5706 3080 5759 extendere
3139 5723 3236 5777 per
3278 5724 3470 5776 puram

1901 5794 2083 5846 cordis
2135 5794 2436 5846 orationem
2496 5795 2561 5846 ad
2629 5794 2916 5850 Dominum
2973 5807 3221 5853 nostrum
3283 5798 3471 5854 Jesum

1898 5884 2195 5938 ChriStum.
2259 5884 2323 5938 Et
2369 5884 2500 5940 dicit
2533 5895 2754 5941 sanctus
2807 5885 2960 5944 Nilus
3006 5908 3016 5943 :
3067 5906 3083 5939 ι
3123 5889 3220 5943 Hic
3269 5892 3470 5946 oratio-
