4278 6442
740 465 808 526 .38
822 466 835 521 ι’

1549 453 1887 512 (ἊΗᾸδΤΙ
1941 453 2030 509 E'l'
2081 449 2365 506 IGNATII

2440 443 3119 505 XANTHOI‘ULOHUM
3889 449 3995 511 538

741 592 862 630 nem
928 572 1156 643 perﬁcit,
1214 569 1302 637 qni
1366 581 1578 630 semper
1643 566 1872 631 primani
1928 563 2316 629 cugirittimtetn
2357 565 2430 631 A;

2298 577 2316 609 ιι
2357 582 2392 631 Α
2428 563 2535 614 Καὶ
2562 562 2707 628 λέγει
2741 561 2936 627 ὁᾰγιος
2960 559 3178 619 Νεῖλος·
3206 552 3371 617 Οὗτος
3403 555 3709 624 προσευχὴν
3733 557 3987 613 ἐπιτελεῖ,

742 684 898 720 suam
935 680 1148 716 Olllllt‘lll
1192 661 1297 712 llcn
1322 658 1500 710 uﬂett.
1539 676 1554 704 ι
1591 657 1782 708 l’tistea
1821 663 2002 707 attlrtn
2061 656 2316 721 hymnum

744 760 917 810 ini-dia
951 755 1125 808 noctis
1171 753 1360 820 psalle.
1392 750 1445 801 Si
1485 765 1612 800 vero
1636 789 1651 810 ,
1692 765 1757 800 cu
1792 747 1932 812 quod
1985 747 2222 798 nonduin
2256 745 2319 795 ad

743 851 1039 921 perfectam
1099 845 1546 913 tranquillitatem
1604 841 1831 893 idoneus
1881 840 1977 901 sis,
2041 838 2161 889 ideo
2232 853 2324 888 ne—

747 952 1029 1013 queas,;ttt
1059 940 1299 992 diximus
1323 976 1338 998 ,
1379 934 1652 1003 primitias
1699 933 1909 985 solvere
1933 971 1945 994 ,
1977 941 2068 982 ant
2108 939 2324 997 prnplcr

750 1037 909 1091 aliam
941 1047 1187 1093 causam,
1240 1039 1298 1082 ttt
1333 1029 1532 1096 saepius
1564 1024 1784 1078 evenire
1830 1021 1967 1075 solet
1998 1021 2065 1074 iis
2098 1022 2188 1088 qui
2218 1021 2326 1072 tale

748 1146 884 1196 npns
931 1125 1347 1194 aggrediuntur,
1381 1129 1434 1172 et
1466 1132 1592 1170 raro
1621 1118 1788 1168 etiam
1831 1112 2242 1182 proficientibus
2274 1119 2328 1162 et

750 1219 993 1275 nondum
1022 1214 1417 1285 perfectionem
1450 1208 1720 1262 assecutis
1747 1226 1760 1259 :
1785 1203 2007 1275 perfecti
2037 1205 2181 1257 enim
2208 1217 2325 1256 om-

741 1314 839 1366 nia
872 1319 1099 1378 possunt
1125 1308 1266 1358 ineo
1302 1305 1392 1372 qui
1431 1303 1580 1372 ipsos
1636 1299 1909 1353 confortat
1974 1297 2228 1358 Christo;
2271 1305 2325 1347 ttt

753 1407 918 1469 igitur
945 1419 974 1456 c
1010 1415 1204 1456 somno
1231 1410 1593 1465 consurgens,
1622 1402 1674 1448 et
1704 1399 1964 1461 quantum
1997 1398 2171 1457 putes,
2202 1387 2327 1455 vigil

749 1499 999 1557 effectus,
1045 1494 1215 1562 psalle
1260 1492 1434 1558 primo
1470 1491 1728 1556 hymnum
1766 1484 1960 1535 mediae
1996 1483 2170 1535 noctis
2201 1496 2326 1534 cum

749 1591 896 1642 muni
961 1587 1259 1641 attentione
1308 1598 1370 1635 ac
1420 1580 1720 1648 vigilantia.
1768 1578 1970 1631 Deinde
2009 1577 2204 1631 sedens
2233 1590 2329 1627 ora

751 1697 885 1750 pure
915 1690 964 1734 et
998 1686 1311 1732 constanter
1335 1675 1389 1726 in
1433 1671 1618 1733 corde,
1653 1680 1711 1723 ut
1748 1670 2044 1722 indicatum
2088 1674 2192 1729 est,
2229 1665 2331 1717 bo-

754 1791 866 1827 tant
903 1786 1104 1831 unatn;
1139 1769 1248 1820 inin
1294 1781 1459 1830 vero,
1518 1763 1793 1832 quomodo
1851 1761 2006 1813 dator
2063 1759 2329 1812 bonorum

753 1865 1030 1935 iit-instabit
1089 1862 1207 1914 tibi.
1255 1860 1395 1912 Dicit
1440 1858 1583 1910 enim
1618 1853 1946 1908 Climacicus
2000 1869 2014 1905 :
2073 1869 2091 1901 ι
2147 1849 2331 1911 Nocte,

757 1963 986 2014 multum
1039 1955 1302 2024 temporis
1337 1951 1573 2005 orationi
1619 1948 1919 2016 impende;
1966 1960 2160 2015 parum
2209 1958 2301 1995 ver

755 2053 1098 2123 psalmodiae;
1136 2058 1188 2102 et
1221 2044 1440 2116 quando
1469 2043 1584 2096 dies
1631 2040 1876 2101 redierit,
1915 2053 2012 2106 pro
2063 2037 2170 2089 tuis
2205 2035 2338 2088 viri-

755 2155 854 2201 tius
897 2160 1099 2214 appara
1146 2143 1402 2206 teipsum.
1456 2155 1473 2186 ι
1535 2135 1591 2188 Si
1644 2143 1825 2186 autem
1856 2169 1872 2195 ,
1921 2129 2008 2183 vel
2047 2136 2338 2198 postquam

758 2243 828 2293 ita
858 2234 1210 2307 pugnaveris,
1241 2231 1421 2283 adlmc
1450 2227 1526 2281 sis
1551 2225 1830 2294 negligens
1857 2232 1909 2276 et
1935 2222 2087 2291 piger
2112 2231 2166 2273 et
2192 2234 2341 2274 men-

755 2345 860 2383 lclll
886 2326 1132 2396 quolibet
1172 2336 1300 2375 casu
1350 2316 1770 2386 superveniente
1813 2311 2089 2367 turbatam
2118 2309 2340 2378 habeas,

754 2435 1018 2488 surgens,
1061 2409 1462 2482 expergisearis
1488 2447 1502 2471 ,
1539 2415 1596 2459 ιιι
1642 2405 1826 2467 nosti,
1864 2402 2096 2457 orationi
2129 2402 2341 2454 incum-

756 2524 911 2569 bctts.

828 2696 1031 2756 Deinde
1065 2694 1283 2752 sedens,
1321 2693 1518 2743 lestma
1551 2701 1731 2748 orare,
1784 2693 1843 2736 nt
1893 2697 2020 2736 ante
2067 2682 2334 2750 scriptum

760 2801 860 2855 εει,
899 2797 1162 2858 perpetuo
1195 2798 1392 2836 curans
1429 2788 1488 2833 ut
1543 2792 1640 2845 per
1693 2785 1994 2828 orationem
2024 2785 2215 2841 puram
2245 2787 2341 2839 pll-

759 2885 976 2934 iissiuto
1010 2877 1120 2931 Deo
1157 2875 1408 2930 socieris.
1469 2870 1676 2924 Deinde
1733 2879 1988 2933 surgens,
2046 2861 2214 2928 psalle
2255 2874 2340 2912 sa-

761 2977 972 3042 pienter
1002 2988 1094 3026 sex
1159 2969 1425 3037 psalmos,
1473 2963 1744 3034 psalmum
1795 2953 2337 3027 quinquagesimum,

757 3079 804 3121 et
844 3079 1113 3120 canonetn
1138 3075 1302 3131 quem
1337 3057 1508 3112 voles.
1542 3052 1746 3106 Deinde
1805 3050 1875 3102 ita
1928 3048 2129 3100 sedens
2162 3058 2225 3097 ac
2255 3043 2340 3094 vi-

764 3161 966 3226 pilans,
999 3171 1097 3209 ora
1129 3154 1275 3208 liora:
1306 3150 1598 3203 dimidium
1631 3144 1894 3199 distincta
1927 3154 2079 3192 voce.
2107 3137 2182 3189 Ac
2216 3149 2339 3187 rur-

761 3266 883 3304 sum
924 3257 1075 3303 stans
1121 3244 1314 3298 laudes
1363 3240 1556 3311 psalle,
1611 3234 1957 3300 doxologiam
1990 3237 2334 3287 consuetam,

763 3359 857 3409 per
894 3342 1123 3409 primam
1159 3338 1369 3388 horam.
1405 3333 1483 3385 Ac
1507 3330 1726 3392 deinde,
1752 3339 1928 3381 cessa.
1960 3324 2015 3376 In
2052 3322 2211 3374 talem
2241 3334 2338 3372 au-

763 3451 868 3487 tem
904 3431 1245 3484 altitudinem
1283 3425 1570 3493 erigantur
1618 3435 1740 3488 qua:
1789 3418 1983 3471 dicunt
2036 3412 2181 3466 labia
2224 3420 2338 3472 tua,

764 3537 823 3580 ut
864 3537 967 3578 tuae
993 3537 1155 3576 aures
1191 3526 1400 3573 tantum
1439 3529 1503 3568 ea
1547 3513 1743 3564 audire
1779 3508 2032 3567 valeant;
2080 3500 2338 3570 queniam

762 3633 815 3673 et
847 3618 1113 3670 labiortnn
1165 3615 1377 3664 fructus
1413 3607 1520 3659 Deo
1557 3603 1752 3657 θεῖαι-νε
1784 3601 2076 3668 jubemur;
2122 3610 2185 3646 ex
2225 3600 2340 3644 tota

765 3712 953 3765 anima
1005 3715 1059 3759 et
1115 3700 1448 3770 cogitatione
1503 3696 1707 3765 gratias
1759 3705 1924 3760 agens
1975 3686 2239 3741 benevolo
2289 3691 2344 3736 ct

768 3799 1073 3878 providenti
1122 3810 1185 3848 ac
1225 3788 1636 3861 sapientiss‘into
1671 3785 1778 3837 Deo
1829 3791 2039 3843 nostro,
2087 3780 2202 3844 qui,
2260 3789 2343 3829 se-

767 3867 1006 3950 eundum
1033 3902 1189 3943 suam
1227 3897 1478 3953 magnam
1512 3875 1971 3936 misericordiam,
1993 3867 2244 3940 permisit
2287 3875 2344 3919 ut

769 3984 1129 4056 praecedentis
1162 3976 1336 4031 noctis
1400 3973 1633 4038 spatium
1691 3966 1924 4020 feliciter
1986 3959 2345 4014 Irausiremus

766 4053 819 4134 et
855 4073 1141 4145 praesentis
1169 4066 1276 4122 diei
1311 4062 1554 4118 luridum
1592 4070 1817 4111 cursum
1855 4053 2259 4119 aspiceremus;
2293 4056 2348 4099 et

773 4141 939 4223 Deum
981 4175 1218 4219 exorans
1260 4157 1514 4210 ardenter
1567 4160 1626 4204 ut
1682 4148 1840 4202 nobis
1885 4143 2150 4196 concedat
2199 4141 2342 4190 diem

770 4265 886 4312 sine
914 4255 1150 4310 tumultu
1186 4247 1512 4316 transigere,
1556 4239 2068 4303 daemoniorumque
2111 4242 2163 4286 et
2189 4231 2345 4298 cupi-

772 4357 1002 4407 ditatum
1039 4343 1390 4399 tenebrostttn
1431 4344 1485 4389 et
1524 4347 1728 4388 sanum
1759 4329 2057 4390 turbinem,
2078 4332 2132 4377 et
2161 4332 2218 4375 ut
2250 4335 2350 4373 no-

776 4447 874 4495 stri
908 4441 1251 4494 misereatur.

2420 654 2446 702 ὁ
2476 654 2560 704 ἀεὶ
2591 652 2688 719 τὴν
2719 650 3050 720 πρωτόνοιαν
3072 647 3264 700 ἑαυτοῦ
3309 648 3489 698 πᾶσαν
3517 647 3882 714 καρποφορῶν
3912 646 3990 713 τῷ

2419 740 2556 809 Θεῷ.
2611 740 2762 792 Μετά
2805 739 2868 806 δὴ
2915 739 3106 800 ταῦτα,
3135 737 3300 804 sine
3340 738 3399 788 τὸ
3433 738 3848 804 μεσονυκτικόν·
3879 737 3993 788 εἰδ¹

2421 834 2603 900 ἀκμὴν
2636 831 2851 899 ἀπαγὴς
2891 829 2966 882 ὢν
3020 833 3155 899 πρὸς
3226 830 3565 896 τελειοτέραν
3620 829 3875 898 ἡσυχίαν,
3906 830 3994 881 διὰ

2421 926 2578 976 τοῦτο
2607 925 2666 975 οὐ
2695 924 2940 988 δύνασαι,
2964 923 3037 984 ὼς
3067 923 3318 990 εἴπομεν,
3347 921 3714 990 ἀπάρξασθαι,
3749 921 3780 990 ἦ
3806 922 3898 972 καὶ
3928 921 3995 972 δι’

2424 1017 2617 1086 ἑτέραν
2652 1017 2780 1075 ἴσως
2811 1015 3011 1074 αἰτίαν,
3061 1014 3135 1074 ὡς
3183 1013 3441 1075 πολλάκις
3499 1014 3654 1066 εἴωθε
3709 1014 3986 1082 προσγίνε-

2431 1107 2573 1169 σθαι,
2607 1108 2716 1167 τοῖς
2743 1106 2822 1156 ἔτι
2855 1104 2991 1173 πρὸς
3033 1105 3130 1170 τὴν
3154 1105 3409 1171 τοιαύτην
3448 1103 3711 1172 ἐργασίαν
3759 1104 3999 1173 ἀρχομέ-

2425 1213 2554 1259 νοις,
2587 1199 2673 1249 ναὶ
2708 1198 2838 1266 μὴν,
2866 1199 2959 1248 καί
2991 1214 3093 1249 που
3136 1197 3373 1258 σπανίως
3407 1199 3630 1257 καὶτοῖς
3650 1197 3995 1261 προκόπτου-

2425 1303 2499 1350 σι,
2534 1287 2628 1338 καὶ
2675 1289 2843 1354 μήπω
2884 1286 3195 1353 πεφθακόσι
3224 1288 3285 1338 τὸ
3312 1286 3517 1338 τέλειον
3540 1302 3552 1315 ·
3578 1287 3628 1336 οἱ
3671 1288 3779 1354 γὰρ
3802 1285 3998 1336 τέλειοι

2424 1381 2598 1432 πάντα
2631 1379 2902 1447 ἰσχύουσιν
2930 1382 2986 1430 ὲν
3010 1378 3089 1446 τῷ
3115 1376 3495 1446 ὲνδυναμοῦντι
3530 1377 3725 1438 αὐτοὺς
3751 1375 3996 1444 Χριστῷ·

2427 1471 2493 1520 σὺ
2533 1468 2578 1519 δ’
2601 1467 2692 1519 οὖν
2716 1467 2954 1530 ἀναστὰς
2983 1469 3046 1520 ὲκ
3075 1466 3166 1519 τοῦ
3196 1467 3386 1527 ὕπνου,
3419 1467 3513 1518 καὶ
3546 1467 3622 1529 ὼς
3663 1466 3808 1534 ἔχεις
3838 1467 4002 1517 δυνά-

2427 1576 2570 1624 μεως
2603 1557 2882 1626 ἀνανήψας
2911 1557 3081 1625 eme
3109 1557 3325 1626 πρῶτον
3344 1556 3402 1608 τὸ
3423 1555 3833 1624 μεσονυκτικὸν,
3859 1554 4002 1622 μετά

2425 1648 2603 1715 πάσης
2627 1650 2901 1716 προσοχῆς
2959 1649 3052 1698 καὶ
3100 1647 3388 1708 συνέσεως.
3422 1642 3538 1697 Εἴθ’
3569 1645 3711 1697 οὕτω
3741 1646 3996 1705 καθίσας,

2425 1736 2574 1801 εὖξαι
2609 1738 2863 1805 καθαρῶς
2890 1736 2982 1789 καὶ
3021 1735 3421 1807 ἀρρεμόἀστως
3462 1738 3520 1788 ἐν
3549 1736 3770 1804 καρδίᾳ,
3810 1735 3886 1796 ὡς
3909 1735 3996 1785 δε-

2426 1832 2681 1900 δήλωται,
2739 1829 2888 1899 ῶραν
2934 1828 3088 1896 μίαν·
3125 1828 3326 1898 μᾶλλον
3371 1827 3448 1891 δὲ,
3501 1827 3632 1888 ὼςδ
3680 1828 3843 1894 δοτὴρ
3891 1825 4002 1875 τῶν

2306 1957 2338 1994 ο
2370 1922 2650 1988 named»:
2699 1921 2923 1989 παρέξει
2985 1936 3086 1975 σοι.
3137 1921 3276 1990 Φησὶ
3329 1919 3436 1988 γὰρ
3478 1920 3506 1969 ὁ
3550 1919 3649 1983 τῆς
3681 1917 4000 1984 Κλίμακος·

2431 2033 2450 2069 ι
2477 2016 2707 2085 Νύκτωρ
2736 2016 2854 2082 μὲν,
2895 2013 2964 2066 τά
2997 2013 3166 2065 πολλά
3205 2015 3270 2082 τῇ
3322 2015 3600 2082 προσευχῇ
3649 2011 3822 2063 δίδου*
3852 2011 3919 2062 τά
3944 2009 4003 2060 δὲ

2432 2109 2636 2176 βραχέα
2666 2109 2732 2175 τῇ
2776 2105 3100 2174 ψαλμῳδίᾳ·
3138 2105 3350 2173 ἡμέρας
3396 2103 3453 2154 δὲ
3505 2105 3690 2164 πάλιν,
3734 2101 3869 2168 πρὸς
3901 2102 4002 2169 τὴν

2430 2200 2530 2266 σὴν
2559 2197 2982 2267 παρασκευάζου
3009 2195 3257 2264 δύναμιν.
3285 2213 3302 2245 ι
3335 2194 3397 2245 Et
3429 2193 3484 2245 δὲ
3523 2194 3616 2244 καὶ
3653 2193 3822 2253 οὕτως
3856 2193 4003 2254 ἀγω-

2431 2290 2740 2358 νισάμενος,
2767 2287 2847 2339 ἑτι
2874 2287 3179 2356 ὀλιγωρεῖς,
3214 2285 3310 2337 καὶ
3335 2284 3586 2353 ἀκηδιᾷς,
3630 2283 3726 2334 καὶ
3753 2282 3845 2332 τὸν
3877 2282 4003 2332 νοῦν

2430 2379 2750 2446 θολούμενον
2773 2377 3042 2444 κέκτησαι
3091 2375 3195 2427 ὑπό
3224 2390 3368 2435 τινος
3403 2371 3832 2441 συμϐεϐηκότος,
3866 2371 4002 2422 ἀνα-

2433 2469 2586 2532 στὰς,
2618 2466 2952 2537 διεγέρθητι,
2987 2465 3060 2528 ὡς
3093 2462 3259 2526 οἶδας,
3292 2465 3548 2532 ἐχόμενος
3579 2464 3676 2526 τῆς
3707 2462 3893 2527 εὐχῆς.

2511 2667 2645 2726 Εἶτα
2677 2671 2922 2731 καθίσας,
2951 2669 3250 2720 σπούδασον
3281 2668 3559 2729 εὐξασθαι,
3584 2668 3658 2726 ὡς
3690 2664 4011 2731 προγέγραο

2439 2779 2588 2823 πται,
2617 2760 3041 2827 ἐπιμελούμενος
3066 2759 3173 2820 ἀεὶ,
3194 2758 3281 2809 ἵνα
3303 2756 3388 2807 διά
3408 2755 3717 2823 προσευχῆς
3738 2752 4009 2821 καθαρᾶς,

2439 2852 2515 2920 τῷ
2541 2851 2761 2921 καθαρῷ
2789 2851 2980 2918 ὀμιλῇς
3009 2849 3148 2917 Θεῷ.
3181 2843 3314 2900 Εἶτα
3342 2847 3654 2909 διαναστὰς,
3676 2845 3844 2914 sane
3876 2863 3977 2896 σον
3997 2875 4012 2882 -

2441 2943 2576 3002 ετῶς
2612 2942 2702 2992 τὸν
2753 2939 3083 3007 ἐξάψαλμον,
3129 2939 3219 2990 τὸν
3249 2944 3311 3000 ν’,
3371 2938 3464 2989 καὶ
3497 2938 3697 2988 κανόνα
3734 2932 3846 2987 οἷον
3881 2935 4010 3003 βού-

2442 3032 2541 3084 λει.
2571 3028 2682 3083 Εἶθ’
2710 3030 2852 3082 οὓτω
2876 3029 3125 3090 καθίσας,
3153 3030 3249 3080 καὶ
3268 3027 3669 3096 διαγρηγορῶν,
3698 3027 3848 3089 εὖξαι
3880 3027 4012 3078 εἱλι-

2441 3123 2638 3191 κρινῶς
2671 3122 2817 3191 ὥρας
2872 3120 2934 3170 τὸ
2967 3121 3161 3187 ἣμισυ.
3197 3120 3304 3172 Καὶ
3365 3114 3521 3179 αὖθις
3572 3120 3808 3178 ἀναστὰς
3841 3117 4013 3184 eam;

2439 3215 2561 3274 τοὺς
2592 3213 2792 3274 αἰνους,
2843 3211 2943 3279 τὴν
2995 3209 3200 3279 συνήθη
3254 3209 3583 3276 δοξολογίαν,
3634 3208 3730 3276 τὴν
3787 3211 4015 3276 πρώτην

2438 3303 2608 3374 ὤραν.
2660 3305 2768 3356 Καὶ
2809 3303 2946 3370 μετά
2977 3301 3170 3365 ταῦτα,
3205 3300 3497 3354 ἀπόλυσον.
3536 3301 3628 3360 Εἰς
3674 3296 3927 3350 τοσοῦτον
3954 3299 4015 3349 δὲ

2440 3395 2573 3463 ὕψος
2595 3392 2845 3461 φερέσθω
2877 3392 2943 3444 τὰ
2965 3391 3053 3442 διὰ
3081 3391 3190 3442 τῶν
3215 3389 3323 3441 σῶν
3349 3389 3574 3457 χειλέων
3616 3387 3904 3453 λεγόμενα,
3935 3386 4012 3448 ὡς

2437 3503 2597 3553 μονον
2632 3486 2895 3552 ὐπαρχειν
2945 3481 3187 3533 ἀκουστά
3219 3482 3331 3540 τοῖς
3370 3481 3485 3539 σοῖς
3532 3477 3700 3528 ὠσίνο
3745 3476 3867 3527 ἐπεὶ
3919 3478 4014 3527 καὶ

2443 3591 2476 3627 κ
2493 3577 2686 3642 ιρποὺς
2737 3573 2958 3641 χειλέων
3005 3570 3337 3640 προσφέρειν
3364 3568 3442 3636 τῷ
3465 3567 3584 3636 Θεῷ
3611 3565 3974 3634 ἐντετάλμεθα
4000 3581 4013 3594 ·

2442 3666 2503 3731 ἐξ
2527 3667 2650 3733 ὅλης
2691 3664 2869 3732 ψυχῆς
2910 3663 3006 3714 καὶ
3053 3661 3288 3722 διανοίας
3341 3659 3674 3727 εὐχαριστῶν
3711 3656 3792 3724 τῷ
3828 3655 4017 3723 φιλαν-

2440 3754 2552 3824 θρώ
2564 3771 2642 3822 πῳ
2663 3754 2756 3804 καὶ
2790 3752 3045 3820 κηδεμόνι
3071 3749 3328 3817 πανσόφῳ
3351 3748 3471 3818 Θεῷ
3490 3747 3666 3816 ἡμῶν,
3693 3747 3770 3815 τῷ
3794 3745 3936 3798 κατά
3954 3746 4018 3796 τὸ

2441 3844 2602 3897 αὐτοῦ
2671 3843 2896 3911 ἄπειρον
2944 3841 3089 3902 ἕλεος
3122 3879 3138 3903 ,
3209 3838 3500 3903 ἀξιώσαντι
3565 3839 3714 3907 ἡμᾶς
3789 3837 4020 3890 διελθεῖν

2440 3935 2692 4004 εὐμαρῶς
2725 3934 2784 3984 τὸ
2827 3933 2920 4001 τῆς
2962 3931 3336 4000 παρελθούσης
3377 3930 3570 3990 νυκτὸς
3603 3930 3860 3995 πέλαγος,
3919 3930 4018 3980 καὶ

2441 4032 2500 4079 τὸ
2526 4028 2619 4094 τῆς
2655 4028 2959 4091 ὲνεστωσης
2999 4025 3210 4092 ἡμέρας
3247 4023 3485 4073 κατιδεῖν
3509 4021 3732 4089 φαιδρὸν
3765 4020 3976 4073 στάδιον
4001 4037 4014 4049 ·

2445 4121 2535 4169 καὶ
2569 4117 2788 4185 θερμῶς
2821 4114 3082 4174 ὡσαύτως
3119 4112 3457 4182 ἐκλιπαρῶν,
3492 4113 3580 4165 ἵνα
3605 4128 3712 4179 περ
3736 4111 4018 4180 βραϐεύσῃ

2443 4212 2571 4278 ἡμῖν
2590 4207 2871 4277 διαδρᾶναι
2900 4207 3246 4273 ἀκυμάντως,
3271 4206 3363 4256 καὶ
3387 4203 3478 4253 τὸν
3503 4202 3612 4254 τῶν
3637 4203 3907 4270 δαιμονων
3924 4207 4020 4254 καὶ

2444 4299 2627 4351 παθῶν
2637 4298 2895 4367 ἀσέληνον
2911 4296 2998 4349 καὶ
3017 4297 3206 4363 ἄγριον
3223 4294 3480 4358 λαίλαπα,
3503 4293 3595 4346 καὶ
3607 4293 3828 4362 ἐλεῆσαι
3845 4296 3877 4360 ἡ
3887 4295 4018 4359 μᾶς.

775 4596 1048 4665 Quomodo
1074 4597 1274 4658 ⁰Ρ⁰τ¹⁸²
1302 4591 1870 4676 δελθῖῗῖξξηξῗξῗνθη
1901 4578 2160 4659 Ἶ¹²⁰¹¹⁴¹ί³¹⁰
2186 4591 2345 4643 ⁸⁸⁸9⁸⁸⁸
2379 4597 2423 4653 D
2448 4605 2644 4668 Ὅπως
2672 4603 3192 4658 δεῖπολιτεύεσθαι
3223 4606 3340 4659 ἀπὸ
3367 4607 3477 4674 τῆς
3506 4607 3731 4674 πρωΐας
3765 4609 3878 4676 ἕως
3909 4610 4019 4662 τοῦ

1353 4662 1422 4708 ad
1457 4654 1764 4723 prandium.

837 4804 932 4856 2'7.
970 4796 1203 4850 Rursum
1233 4807 1262 4844 a
1292 4801 1536 4858 tempore
1565 4785 1836 4840 matutino
1867 4797 2042 4850 usque
2079 4779 2144 4832 ad
2179 4793 2342 4846 pran-

773 4899 948 4956 dium,
989 4898 1265 4959 quantum
1327 4892 1502 4953 potes,
1528 4891 1616 4946 ,διε
1673 4886 1846 4932 totum
1918 4875 2025 4927 Deo
2083 4871 2342 4932 offerens.

774 4999 1008 5054 emnque
1049 4979 1213 5034 corde
1243 4973 1479 5030 contrito
1503 4986 1669 5026 orans
1711 4979 1771 5023 ut
1815 4967 1912 5020 tibi
1949 4966 2240 5018 auxilietur
2267 4963 2346 5014 in-

781 5080 963 5132 tirmo,
997 5067 1198 5138 fragili,
1261 5062 1546 5125 imbecilli,
1597 5061 1676 5113 sic
1744 5067 1960 5123 tempus
2004 5054 2245 5119 transigc
2287 5055 2342 5105 itt

781 5165 978 5218 munda
1034 5171 1087 5213 et
1152 5153 1427 5211 conStanti
1489 5150 1673 5205 cordis
1731 5149 2028 5206 oratione;
2089 5141 2343 5209 legendo,

783 5267 967 5310 rectus
1038 5252 1257 5320 quidem
1331 5247 1514 5315 legens
1577 5243 1837 5313 psalmos,
1892 5239 2212 5307 Apostoltttn
2293 5245 2346 5290 et

784 5343 1162 5414 Evangelium;
1205 5339 1459 5394 similiter
1493 5336 1703 5390 faciens
1731 5343 1785 5388 et
1815 5335 1868 5386 in
1903 5331 2244 5387 orationibus
2279 5331 2344 5398 ad

784 5436 1072 5490 Dominum
1107 5438 1352 5486 nostrum
1404 5425 1586 5481 Jesutu
1611 5424 1892 5478 Christum
1923 5430 1976 5475 et
2010 5419 2078 5472 ad
2112 5418 2348 5487 purissi-

780 5542 926 5581 mam
966 5524 1286 5589 Deiparam;
1347 5517 1544 5572 sedens
1599 5525 1781 5569 autem
1845 5513 1900 5567 in
1939 5511 2155 5565 caeteris
2179 5523 2348 5564 sacrae

781 5615 1080 5682 Scriptura:
1107 5608 1458 5662 lectionibus.
1501 5605 1695 5658 Postea
1729 5613 1934 5665 autem,
1974 5601 2143 5670 psalle
2167 5608 2348 5652 mente

778 5714 1073 5761 consuetas
1101 5703 1263 5756 horas
1289 5714 1410 5768 quae
1461 5712 1490 5750 a
1537 5698 1745 5751 sanctis
1800 5693 2053 5748 Ecclesia:
2091 5689 2348 5744 Patribus

782 5791 1186 5861 sapientissime
1254 5787 1612 5842 conformata:
1676 5793 1841 5847 sunt,
1902 5792 2015 5837 tota
2070 5781 2350 5834 voluntate

782 5883 1113 5940 otiositatetn
1142 5881 1391 5950 abigens,
1429 5887 1691 5948 tanquam
1749 5877 1926 5934 omnis
1974 5874 2197 5930 malitia:
2232 5888 2347 5928 nta-

3071 4675 3350 4740 ἀρίστου.

2515 4787 2617 4852 κζ’.
2649 4783 2812 4849 Αὖθις
2842 4787 2899 4839 δὲ
2935 4787 3043 4839 ἀπὸ
3075 4787 3174 4855 τῆς
3209 4790 3421 4858 πρωῒας
3472 4791 3576 4854 ἕως
3621 4791 3716 4844 τοῦ
3769 4793 4018 4863 ἀρίστου,

2445 4879 2588 4930 κατὰ
2639 4878 2698 4929 τὸ
2731 4877 2954 4929 δυνατόν
3005 4892 3108 4939 σοι,
3149 4878 3268 4940 ὅλος
3313 4880 3433 4931 ὅλον
3472 4880 3580 4950 ὅλῳ
3613 4881 3732 4950 Θεῷ
3773 4884 4018 4947 ἀναθεὶς,

2448 4970 2544 5020 καὶ
2574 4967 2748 5036 τούτῳ
2773 4969 2829 5020 ὲν
2861 4968 3298 5038 συντετριμμένῃ
3322 4969 3517 5040 καρδίᾳ
3541 4970 3860 5038 εὐξάμενος,
3893 4989 4020 5024 συν-

2450 5058 2686 5129 άρασθαί
2715 5077 2817 5123 σοι,
2851 5061 3085 5123 ἀσθενεῖ,
3115 5061 3209 5112 καὶ
3245 5058 3494 5129 ῥαθύμῳ,
3545 5063 3640 5113 καὶ
3669 5063 4018 5135 ἀπροαιρέτῳ

2441 5152 2788 5220 τυγχάνοντι,
2845 5151 3017 5204 δίελθε
3057 5155 3114 5203 ὲν
3161 5155 3436 5221 προσευχῇ
3492 5152 3708 5222 καθαρᾷ
3743 5155 4017 5226 καρδιακῇ

2445 5245 2538 5296 καὶ
2567 5243 2940 5314 ἀρρερὸἀστῳ
2964 5259 2976 5273 ο
3026 5245 3082 5295 ὲν
3114 5242 3437 5310 ἀναγνώσει,
3465 5243 3646 5313 ὄρθιος
3685 5245 3786 5314 μὲν
3820 5247 4019 5314 ἀναγι-

2442 5337 2666 5387 νώσκων
2704 5336 2764 5387 τὸ
2808 5335 3188 5404 τετυπωμένον
3226 5353 3305 5386 σοι
3339 5336 3403 5388 ἐκ
3423 5335 3516 5387 τοῦ
3550 5336 3889 5406 Ψαλτηρίου,
3923 5338 4016 5390 τοῦ

2453 5427 2797 5487 ’Δποστόλου,
2823 5427 3025 5480 καὶτοῦ
3050 5427 3204 5494 ἁγίου
3227 5425 3580 5494 Εὐαγγελίουο
3615 5428 3820 5496 ὁμοίως
3845 5429 4016 5480 ποιῶν

2442 5521 2544 5571 κάν
2581 5522 2702 5580 ταῖς
2723 5519 2933 5586 εὐχαῖς,
2958 5520 3077 5578 ταῖς
3102 5518 3237 5586 πρὸς
3260 5518 3351 5569 τὸν
3379 5517 3584 5587 Κύριον
3612 5517 3770 5588 ἡμῶν
3807 5520 4016 5589 Ἰησοῦν

2439 5611 2691 5680 Χριστὸν,
2742 5610 2835 5661 καὶ
2892 5610 3011 5669 ταῖς
3071 5610 3149 5670 εἰς
3199 5607 3299 5676 τὴν
3351 5607 3656 5676 ὑπέραγνον
3705 5606 4010 5661 Θεοτόκον·

2439 5700 2746 5768 καθήμενος
2769 5699 2826 5750 δὲ
2854 5699 2911 5750 ὲν
2940 5701 3058 5760 ταῖς
3090 5698 3302 5759 λοιπαῖς
3335 5697 3678 5764 ἀναγνώσεσι
3705 5698 3815 5750 τῶν
3840 5700 4013 5767 ἁγίων

2438 5790 2688 5858 Γραφῶν.
2724 5790 2876 5841 Mssa
2907 5789 2971 5858 δὴ
3001 5787 3193 5853 ταῦτα,
3243 5788 3410 5856 itm:
3441 5788 3705 5858 νουνεχῶς
3737 5790 3838 5854 τᾶς
3872 5809 4002 5843 συν-

2443 5878 2592 5946 ήθεις
2618 5876 2791 5946 ὥρας,
2828 5877 2885 5929 αῖ
2919 5877 3024 5930 ὑπὸ
3052 5876 3160 5929 τῶν
3209 5876 3308 5944 τῆς
3353 5875 3682 5945 Ἐκκλησίας
3726 5879 4013 5948 τροφίμων
