4278 6442
259 442 370 506 689

259 634 568 705 ωθούμενος
587 639 685 708 τὴν
703 641 920 711 ἀργίαν,
941 643 1015 706 ὼς
1041 645 1217 716 πάσης
1258 647 1453 709 κακίας
1482 649 1822 703 διδάσκαλον·

261 725 355 777 καί
389 731 530 796 μετὰ
558 733 666 783 τῶν
691 732 903 795 παθῶν,
953 737 1046 788 καὶ
1075 737 1173 800 τάς
1221 738 1472 808 ἀφορμὰς
1500 742 1698 806 αὐτῶν,
1728 745 1830 795 κᾶν

258 820 453 888 μικραί
481 838 626 885 τινες
664 822 805 877 εἶναι
840 825 1066 893 δοκῶσι,
1103 830 1196 882 καί
1225 830 1480 894 ἀ6λα6εῖς
1507 834 1826 899 φαίνωνται.

261 975 398 1050 Περὶ
443 991 545 1038 πα]
564 978 887 1050 ςιφυλακῆς
943 981 1060 1033 ἀπὸ
1137 980 1246 1048 τῆς
1306 982 1543 1050 ἀργίας·
1590 985 1684 1035 καὶ
1742 983 1831 1038 ὅτι

327 1046 664 1121 ἀναγκαῖον
689 1051 890 1121 τηρεῖν
927 1049 1043 1114 τὴν
1083 1046 1609 1120 ἐκικζῖησιὶιὶγτικὴν
1639 1053 1832 1121 πιπρά-

331 1118 510 1167 600n-
534 1116 636 1168 καὶ
675 1120 782 1170 τὸν
811 1121 1214 1187 ἡσυχάζοντα.

332 1298 440 1355 κη’.
484 1283 687 1347 Καθὼς
728 1284 876 1351 λέγει
905 1286 933 1336 ὁ
962 1284 1116 1350 ἅγιος
1159 1285 1375 1334 Ἰσαάκ·
1415 1278 1830 1350 «ιΠαραφυλάτ-

259 1378 446 1440 τεσθε,
480 1371 524 1429 ὦ
554 1378 851 1444 ἀγαπητοὶ,
886 1375 992 1427 ἀπὸ
1013 1375 1107 1442 τῆς
1138 1373 1334 1441 ἀργίας
1360 1389 1372 1402 ο
1402 1372 1534 1424 διότι
1562 1372 1831 1438 ἐγκέκρυ-

259 1485 393 1518 πται
442 1469 500 1517 ἐν
545 1466 682 1534 αὐτῇ
729 1465 1069 1532 ἐγνωσμένος
1109 1462 1374 1522 θάνατος’
1429 1458 1615 1512 καθότι
1666 1461 1833 1526 χωρ“ις

257 1560 453 1627 αὐτῆς,
494 1560 615 1620 ταῖς
653 1559 809 1626 χερσὶ
861 1556 970 1607 τῶν
1020 1553 1417 1623 αἰχμαλωτίσαι
1464 1551 1554 1603 τὸν
1607 1550 1838 1620 μοναχὸν

257 1651 630 1713 σπευδόντων,
659 1649 956 1717 ἐμπίπτειν
987 1647 1085 1698 οὐκ
1116 1646 1289 1699 ἔσται.
1334 1645 1407 1696 Οὐ
1451 1643 1579 1713 περί
1610 1640 1841 1710 ψαλμῶν

256 1748 319 1796 ἐν
350 1746 417 1813 τῇ
451 1743 634 1811 ἡμέρᾳ.
663 1742 846 1810 ἐκείνῃ
883 1739 1205 1808 κατακρινεῖ
1256 1737 1401 1806 ἡμᾶς
1440 1736 1467 1785 ὁ
1515 1733 1679 1795 Θεὸς,
1720 1730 1841 1783 οὐδὲ

259 1835 396 1905 περὶ
427 1835 526 1902 τῆς
555 1832 657 1901 τῆς
693 1831 1001 1902 προσευχῆς
1023 1829 1241 1897 ἀργίας·
1269 1826 1385 1879 ἀλλ’
1409 1826 1572 1894 ὅτιτῇ
1594 1821 1842 1875 καταλεί-

260 1929 360 1997 ψει
391 1927 619 1990 τούτων,
661 1925 866 1986 εἴσοδος
913 1924 1123 1991 γίνεται
1155 1921 1267 1982 τοῖς
1313 1917 1584 1984 δαίμοσιν.
1650 1914 1844 1966 Ἠνίκα
1866 1908 1905 1959 Β
1935 1888 2158 1997 fcisti]:

258 2020 304 2072 δ’
341 2021 407 2073 ἂν
431 2018 634 2090 εὕρωσι
665 2017 870 2087 χώραν,
898 2016 990 2068 καὶ
1015 2015 1317 2077 εἰσέλθωσι,
1351 2009 1444 2062 καὶ
1469 2006 1834 2075 συγκλείσωσι

260 2113 362 2171 τὰς
393 2111 565 2177 θύρας
593 2110 702 2163 τῶν
731 2108 1028 2178 ὀφθαλμῶν
1080 2107 1257 2177 ήμῶν,
1308 2105 1429 2157 τότε
1465 2098 1844 2171 πληρώσουσιν

255 2215 411 2282 ἡμᾶς
445 2213 786 2282 τυραννικῶς
826 2212 920 2264 καὶ
967 2210 1328 2279 ἀκαθάρτως,
1378 2213 1537 2262 ἅτινα
1592 2205 1696 2259 ὑπὸ
1742 2204 1843 2274 τήν

255 2303 415 2356 θείαν
447 2305 728 2372 ἀπόφασιν
751 2303 1033 2372 συνέχουσι
1051 2303 1174 2363 τοὺς
1209 2300 1442 2369 ἐργάτας
1476 2297 1676 2360 αὐτῶν,
1703 2293 1841 2364 μετὰ

255 2397 599 2464 ἐκδικήσεως
647 2396 1016 2463 σφοδροτάτης
1038 2411 1051 2424 ·
1087 2393 1181 2445 καὶ
1215 2391 1483 2460 γινόμεθα
1516 2387 1839 2459 ὑποχείριοι,

257 2489 424 2555 χάριν
457 2486 557 2553 τῆς
588 2485 1024 2552 ἐγκαταλείψεως
1049 2483 1156 2535 τῶν
1184 2482 1414 2553 μικρῶν,
1451 2481 1606 2533 ἆτινα
1642 2479 1730 2531 διὰ
1748 2476 1842 2530 τὸν

257 2580 499 2648 Χριστὸν
538 2578 820 2647 φροντίδος
855 2576 1153 2640 ἀξιοῦνται,
1206 2575 1280 2636 ὼς
1335 2574 1647 2643 γέγραπται
1692 2569 1843 2638 παρὰ

256 2671 372 2722 τῶν
401 2671 732 2737 σοφωτάτων
755 2687 765 2697 ·
790 2671 846 2722 ’0
873 2668 949 2739 μὴ
980 2667 1307 2720 ὑποτάσσων
1331 2665 1406 2735 τῷ
1422 2664 1540 2733 Θεῷ
1561 2665 1623 2716 τὸ
1648 2659 1842 2716 ἑαυτοῦ

259 2760 501 2828 θέλημα,
538 2759 941 2827 ὑποταγήσεται
991 2755 1069 2825 τῷ
1119 2754 1375 2824 ἀντιδίκῳ
1432 2750 1620 2804 αὑτοῦ.
1662 2750 1840 2804 ,Ὥστε

261 2847 442 2898 ταῦτα
472 2848 543 2898 τὰ
571 2847 745 2916 μικρά
780 2863 861 2898 σοι
911 2845 1230 2915 φαινόμενα,
1273 2844 1348 2905 ὡς
1390 2843 1542 2911 τείχη
1572 2858 1656 2894 σοι
1693 2839 1840 2908 λογιο

258 2939 559 3007 σθήσονται
614 2937 902 2990 κατέναντι
947 2935 1057 2988 τῶν
1102 2933 1610 3004 αἰχμαλωτιζόντων
1663 2931 1841 3001 ἡμᾶς,

255 3024 507 3083 ὧντινων
567 3031 600 3097 ή
647 3028 925 3090 τελείωσις
968 3027 1179 3079 ἔνδοθεν
1209 3024 1304 3077 τοῦ
1352 3025 1564 3076 κελλίου
1599 3022 1702 3076 ὑπὸ
1727 3021 1839 3075 τῶν

256 3122 615 3192 κρατούντων
641 3121 738 3189 τὴν
761 3120 915 3185 τάξιν
935 3120 1033 3189 τῆς
1078 3117 1402 3186 Ἐκκλησίας
1433 3117 1611 3184 σοφῶς
1636 3112 1843 3168 τέθειν-

256 3232 378 3278 ται,
415 3213 553 3282 πρδς
587 3212 834 3281 φυλακήν
858 3213 953 3278 τῆς
985 3211 1258 3281 ἡμετέρας
1287 3209 1453 3278 ζωῆς,
1478 3210 1535 3260 ἐν
1567 3206 1900 3304 πνεύματιο

256 3305 690 3372 ἀποκαλύψεως,
720 3298 795 3357 ὧν
824 3306 856 3374 ή
896 3303 1214 3372 κατάλειψις
1241 3303 1344 3355 ὑπὸ
1374 3302 1481 3353 τῶν
1509 3301 1726 3367 άσόφων
1754 3317 1844 3367 μιν

257 3401 374 3468 κρά
405 3397 711 3463 λογίζεται,
747 3396 845 3466 τὴν
878 3397 934 3448 δέ
968 3396 1059 3448 ὑπ’
1083 3395 1266 3449 αὐτῶν
1298 3393 1500 3464 ζημίαν
1530 3391 1605 3462 μὴ
1633 3385 1843 3458 λο’γιζο-

259 3494 466 3563 μένων.
512 3492 753 3554 Τούτων,
782 3492 816 3560 ἥ
847 3507 906 3544 τε
937 3490 1079 3558 ἀρχή
1114 3489 1213 3558 τῆς
1244 3487 1385 3550 ὁδοῦ,
1407 3487 1498 3538 καὶ
1532 3484 1840 3556 ήμεσότης,

257 3583 558 3652 ἐλευθερία
591 3581 939 3643 ἀπαίδευτος,
976 3582 1100 3649 ἥτις
1133 3581 1250 3632 ἐστὶ
1286 3581 1466 3648 μήτηρ
1493 3576 1602 3628 τῶν
1631 3574 1842 3631 παθῶν.

261 3676 542 3744 Κρεῖσσον
597 3672 706 3741 γὰρ
757 3670 1134 3738 ἀγωνίσασθαι
1189 3669 1262 3736 μὴ
1326 3665 1716 3734 ἐγκαταλεῖψαι
1777 3664 1846 3718 τὰ

259 3766 467 3835 μικρὰ,
501 3764 534 3833 ἢ
565 3764 730 3816 τόπον
759 3761 941 3814 δοῦναι
992 3764 1057 3830 τῇ
1085 3758 1331 3828 ἁμαρτία
1354 3759 1411 3809 ἐν
1441 3758 1516 3824 τῷ
1536 3753 1841 3823 πλατυσμῷ

257 3855 472 3908 αὐτῶν.
507 3852 724 3921 Ταύτης
750 3852 860 3921 γάρ
890 3853 986 3919 τῆς
1017 3848 1246 3918 ἀκαίρου
1276 3847 1605 3913 ἐλευθερίας,
1629 3844 1842 3897 δουλεία

254 3945 320 3994 τὸ
337 3943 496 4003 τέλος
521 3942 851 4008 ἀπότομος.»
878 3941 986 3991 Καὶ
1010 3937 1164 3998 αὖθις
1185 3952 1200 3967 ο
1233 3956 1250 3986 ι
1268 3936 1331 3987 Ὢ
1351 3934 1402 3987 τί
1433 3935 1680 4001 γλυκεῖαί
1706 3935 1844 3985 εἰσιν

254 4040 314 4088 αἰ
357 4035 610 4102 ἀφορμαὶ¹
659 4033 769 4083 τῶν
806 4031 995 4083 παθῶν
1022 4029 1034 4080 l
1065 4029 1144 4080 Τὰ
1187 4028 1284 4097 μὲν
1333 4027 1440 4096 γὰρ
1475 4025 1620 4093 πάθη
1671 4024 1843 4077 ἐνίοτε

254 4129 486 4182 δύναταί
517 4144 600 4189 τις
643 4125 826 4194 κόψαι,
865 4125 958 4176 καὶ
989 4123 1067 4191 τῷ
1113 4120 1425 4191 μακρυσμῷ
1463 4118 1640 4172 αὐτῶν
1670 4116 1844 4186 γαλη-

255 4221 385 4288 Vit-3'
445 4218 539 4270 καὶ
579 4215 932 4283 εὐφραίνεται
972 4214 1030 4264 ἐν
1081 4211 1159 4274 τῷ
1215 4209 1487 4262 παύεσθαι
1519 4207 1676 4259 αὑτά.
1733 4205 1844 4269 Τὰς

253 4327 448 4394 μέντοι
515 4321 696 4381 αἰτίας
757 4319 934 4370 λιπεῖν
972 4317 1030 4368 οὐ
1097 4314 1320 4367 δύναται
1358 4330 1368 4342 ·
1400 4314 1485 4365 διὰ
1557 4312 1714 4366 τοῦτο
1765 4310 1843 4383 μὴ

250 4416 507 4474 θέλοντες
567 4409 959 4480 πειραζόμεθα,
1032 4409 1124 4459 καὶ
1182 4408 1239 4458 ἐν
1307 4407 1404 4473 μὲν
1448 4407 1556 4466 τοῖς
1617 4404 1838 4470 πάθεσι,

251 4502 623 4572 λυπούμεθα,
678 4503 776 4562 τὰς
837 4500 891 4552 δὲ
941 4499 1193 4568 ἀφορμὰς
1256 4499 1513 4566 ἐμμένειν
1579 4498 1635 4547 ἐν
1708 4496 1840 4566 ήμῖν

261 4599 601 4666 ἀγαπῶμεν.
646 4593 757 4654 Τὰς
810 4591 1085 4661 ἁμαρτίας
1139 4590 1240 4642 οὐκ
1298 4587 1588 4654 ἐφιέμεθα,
1629 4586 1725 4649 τὰς
1780 4585 1903 4689 δέο

249 4689 633 4758 ἐπιφερούσας
683 4689 816 4754 ήμῖν
874 4684 1041 4745 αὑτὰς
1091 4682 1269 4742 αἰτίας
1338 4681 1458 4751 μεθ’
1507 4681 1697 4748 ἡδονῆς
1753 4679 1839 4730 δε-

249 4782 488 4856 χόμεθα.
522 4779 726 4832 Τούτου
767 4778 953 4831 ἕνεκεν
1006 4776 1280 4844 παραίτιοι
1318 4774 1554 4841 γίνονται
1586 4775 1649 4840 τῇ
1683 4773 1836 4839 ἐνερ·

251 4875 384 4943 γείᾳ
438 4873 496 4924 αἰ
555 4870 808 4941 δεύτεραι
877 4869 987 4920 τῶν
1034 4866 1286 4937 πρώτων.
1331 4863 1389 4916 Ὀ
1437 4863 1533 4925 τὰς
1584 4861 1839 4929 ἀφορμὰς

253 4963 369 5016 τῶν
404 4961 596 5015 παθῶν
626 4959 877 5028 ἀγαπῶν,
910 4956 1223 5026 ὑποχείριός
1258 4958 1407 5008 ἐστιν
1446 4955 1596 5007 ἄκων
1635 4954 1728 5006 καὶ
1763 4953 1837 5023 μή

253 5051 593 5121 βουλόμενος
618 5067 630 5079 ·
667 5050 760 5101 καὶ
782 5048 1106 5100 δεδούλωται
1135 5049 1245 5108 τοῖς
1276 5045 1522 5098 πάθεσιν.
1568 5045 1624 5096 ’0
1665 5043 1839 5114 μισῶν

251 5144 354 5205 τὰς
419 5141 556 5204 ἰδίας
607 5140 903 5209 ἁμαρτίας,
963 5137 1234 5190 παύσεται
1280 5135 1374 5190 ἀπ’
1418 5136 1629 5189 αὐτῶν⁸
1669 5136 1760 5186 καὶ
1807 5135 1837 5186 δ

250 5235 543 5303 ὁμολογῶν
566 5233 758 5295 αὑτὰς,
779 5229 1027 5296 τεύξεται
1046 5227 1313 5297 ἀφέσεως.
1345 5226 1626 5280 ’Δδύνατον
1649 5226 1704 5277 δέ
1731 5242 1835 5278 τινι

250 5327 356 5392 τὴν
409 5324 527 5387 ἕξιν
579 5323 677 5392 τῆς
727 5323 1003 5391 ἁμαρτίας
1066 5319 1420 5379 καταλιπεῖν,
1474 5318 1603 5386 πρὶν
1639 5317 1837 5385 ἔχθραν

255 5417 535 5485 κτήσηται
572 5413 690 5483 μετ’
731 5414 923 5482 αὐτῆς,
967 5413 1062 5464 καὶ
1096 5411 1342 5480 ἀφέσεως
1373 5410 1553 5477 τυχεῖν
1608 5407 1713 5476 πρὸ
1742 5407 1839 5474 τῆς

252 5508 365 5561 τῶν
399 5505 896 5576 πλημμελημάτων
929 5504 1310 5573 ὁμολογήσεως
1335 5519 1347 5531 ’
1385 5503 1419 5569 ή
1469 5503 1565 5568 μὲν
1600 5500 1705 5567 γὰρ
1739 5516 1836 5548 τα-

256 5596 578 5659 πεινώσεως
610 5599 759 5650 ἐστιν
789 5596 1026 5666 ἀληθοῦς
1066 5596 1248 5649 αίτία·
1289 5597 1321 5664 ὴ
1360 5595 1437 5658 δὲ,
1471 5591 1836 5654 κατανύξεως,

251 5691 364 5745 ἀπὸ
394 5689 661 5758 αἰσχύνης
686 5688 1086 5756 ἀκολουθούσης
1115 5691 1179 5757 τῇ
1211 5687 1423 5757 καρδίᾳ.
1465 5705 1482 5736 ι
1512 5683 1620 5738 Καὶ
1640 5683 1800 5736 πάλιν
1821 5699 1833 5712 ο

260 5800 280 5832 ι
321 5780 442 5833 Οὐκ
469 5779 622 5832 ἐστιν
648 5781 896 5850 ἁμαρτία
930 5779 1342 5848 ἀσυγχώρητος,
1370 5781 1417 5830 εἰ
1462 5778 1535 5847 μὴ
1569 5779 1600 5844 ὴ
1630 5778 1836 5842 ἀμετα-

257 5873 476 5940 νόητος.
509 5890 526 5920 ι
573 5871 735 5923 Ἀ).λὰ
761 5874 888 5944 περὶ
926 5874 1025 5942 μὲν
1058 5873 1266 5926 τούτων
1323 5874 1463 5935 ἃλις.
1507 5874 1575 5924 Σὺ
1605 5871 1658 5922 δὲ
1698 5869 1835 5935 μετὰ

258 5968 362 6033 τὴν
391 5963 502 6018 τῶν
534 5965 843 6036 εἰρημένων
873 5967 1031 6037 ὡρῶν
1059 5965 1401 6037 ψαλμῳδίαν,
1427 5965 1563 6032 φάγε
1593 5981 1599 5990 ·
1626 5963 1842 6033 κρατῶν

1480 444 1870 505 OPUSCULA
1923 447 2301 519 ASCETICA.

266 547 410 596 πάνυ
459 550 636 614 σοφῶς
683 550 1129 620 διετυπωθησαν,
1174 556 1280 625 ὅλῳ
1333 556 1480 623 μένει
1514 557 1689 628 ψυχῆς
1731 563 1832 614 ἀπ·
1871 566 1901 620 Α

1945 565 2208 632 gistram;
2263 585 2329 623 ac
2385 574 2550 631 simul
2589 594 2654 632 eu

3425 482 3530 545 690

2161 587 2208 632 ις
2263 585 2329 623 ac
2385 581 2550 631 simul
2589 581 2923 648 cupiditates
2991 599 3046 644 et
3097 605 3288 645 eorum
3350 595 3526 662 initia,

1945 678 2203 730 quatttVts
2233 679 2398 735 parva
2425 684 2549 727 esse
2584 675 2878 732 videantur
2904 690 2960 736 et
2994 683 3241 741 innoxia.

1942 963 2018 1021 De
2047 973 2283 1051 custodia
2322 975 2385 1027 ab
2418 977 2720 1051 otiosilale:
2749 992 2796 1034 et
2847 984 2986 1050 quod
3041 987 3393 1040 necessarium
3445 997 3526 1046 es!

2009 1049 2171 1118 etiam
2197 1059 2315 1096 eum
2345 1049 2439 1118 qui
2471 1051 2791 1118 tranquillus
2840 1049 2916 1106 est
2966 1057 3383 1111 ecclesiasticam
3413 1070 3521 1114 tra-

2009 1111 2264 1165 ditionem
2299 1111 2594 1172 observare.

2007 1223 2097 1280 28.
2133 1225 2599 1291 Quemadmodum
2626 1234 2761 1288 dicit
2795 1248 3022 1294 sanctus
3055 1243 3207 1296 Isaac
3242 1260 3294 1296 ει
3320 1242 3518 1298 Custo-

1938 1313 2049 1368 dite
2084 1332 2199 1380 vos,
2225 1333 2257 1372 ο
2283 1319 2615 1389 charissimi,
2639 1327 2707 1381 ab
2736 1329 3018 1386 otiositate
3046 1352 3060 1396 ;
3090 1337 3350 1401 quoniam
3370 1337 3422 1390 in
3456 1354 3516 1394 ea

1941 1411 2262 1465 reconditur
2295 1431 2444 1470 mors
2471 1421 2811 1489 certissima;
2871 1433 2928 1478 ut
2973 1436 3029 1480 et
3080 1428 3286 1497 absque
3346 1432 3434 1485 illa
3465 1433 3515 1484 iu

1937 1516 2136 1557 manus
2169 1520 2360 1560 eorum
2395 1511 2491 1577 qui
2547 1516 2871 1569 monachum
2925 1521 3395 1586 comprehendere
3445 1524 3522 1576 le-

1936 1595 2164 1659 stinant,
2190 1598 2431 1654 incidere
2475 1618 2584 1657 non
2635 1605 2778 1661 licet.
2824 1609 2940 1664 Non
2974 1610 3042 1665 de
3071 1614 3298 1679 psalmis
3333 1616 3388 1671 in
3426 1618 3514 1669 illa

1935 1685 2023 1740 die
2065 1688 2338 1755 judicabit
2375 1710 2474 1751 nos
2522 1696 2689 1759 Deus.
2717 1716 2892 1769 neque
2945 1703 3012 1758 de
3037 1706 3305 1762 orationis
3351 1711 3517 1779 pigri-

1937 1781 2048 1845 tia;
2089 1783 2182 1837 sed
2247 1786 2414 1854 quod,
2466 1803 2651 1845 eorum
2708 1795 3029 1860 omissioue,
3081 1799 3370 1856 daemoniis
3429 1803 3516 1856 in-

2200 1879 2379 1934 datur.
2431 1881 2725 1954 Postquam
2768 1898 2950 1944 autem
2982 1892 3162 1946 locum
3208 1895 3518 1950 invenerint

1935 1975 1989 2023 et
2022 1969 2253 2039 ingressi
2302 1975 2436 2039 sint,
2493 1986 2546 2031 et
2595 1981 2793 2046 januas
2851 1987 3136 2040 oculorum
3195 1998 3514 2043 nostrorum

1934 2061 2330 2126 concluseriut,
2380 2076 2509 2122 tunc
2561 2087 2658 2124 nos
2713 2078 2997 2141 tyrannice
3046 2086 3099 2130 et
3155 2079 3365 2148 impure
3426 2096 3512 2133 re—

1937 2153 2181 2220 plebunt,
2223 2162 2504 2225 quomodo
2535 2164 2721 2217 divina
2773 2171 3040 2222 sententia
3084 2185 3214 2224 suos
3249 2187 3516 2241 e00pura-

1935 2256 2080 2300 tores
2127 2249 2528 2306 violentissima
2574 2257 2777 2313 ultione
2826 2263 3339 2330 comprehendunt;
3397 2281 3505 2319 ser-

1937 2340 2099 2410 vique
2126 2356 2319 2397 eorum
2359 2345 2576 2410 ﬂemus,
2630 2364 2697 2403 eo
2752 2355 2898 2419 quod
2943 2369 3104 2416 parva
3140 2357 3514 2419 omiserimus,

1934 2449 2055 2501 ηιιςε
2096 2446 2317 2506 prepter
2347 2439 2630 2495 Christum
2689 2459 2819 2498 cura
2886 2448 3046 2515 digna
3081 2457 3233 2515 sunt,
3271 2459 3329 2502 ut
3361 2466 3389 2503 a
3431 2465 3517 2503 sa-

1934 2528 2297 2591 pientissimis
2351 2533 2614 2602 scriptum
2652 2547 2738 2591 est
2778 2556 2791 2593 :
2823 2539 2926 2605 Qui
2982 2541 3322 2595 voluntatem
3359 2556 3514 2595 suam

1933 2619 2045 2673 Deo
2083 2635 2192 2675 non
2229 2623 2545 2692 subjecerit,
2588 2628 2656 2682 ab
2683 2629 2804 2698 ejus
2845 2632 3167 2687 adversario
3206 2634 3513 2699 subigetur.

1933 2709 2010 2765 lta
2044 2722 2189 2768 utea
2224 2731 2346 2783 quas
2400 2719 2495 2772 tibi
2544 2736 2708 2789 parva
2755 2723 3030 2790 videntur,
3083 2735 3342 2792 tanquam
3376 2730 3515 2780 muri

1935 2809 2029 2862 tibi
2087 2811 2390 2879 reputanda
2419 2815 2530 2866 sint
2577 2823 2767 2869 contra
2800 2832 2894 2872 eos
2931 2819 3024 2886 qui
3057 2819 3216 2875 nobis
3250 2820 3516 2874 insidian-

1937 2910 2049 2965 tur,
2082 2920 2317 2972 quorum
2369 2905 2635 2974 perfectio
2690 2910 2832 2965 intra
2887 2913 3166 2976 cellulam,
3208 2915 3278 2966 ab
3313 2912 3382 2967 iis
3421 2917 3514 2981 qui

1937 2995 2315 3065 magistratum
2360 2997 2621 3054 Ecclesiae
2692 3009 2902 3066 tenent,
2968 3007 3243 3072 sapienter
3308 3013 3513 3059 statuta

1934 3095 2019 3138 est
2049 3085 2116 3138 ad
2150 3088 2274 3140 vitae
2320 3099 2525 3142 nostrm
2563 3093 2868 3143 custodiam
2898 3095 2952 3146 in
2997 3097 3189 3164 spiritu
3222 3097 3515 3150 revelatio-

1937 3179 2056 3242 nis;
2093 3196 2328 3250 quorum
2368 3185 2647 3252 neglectus
2676 3185 2744 3237 al)
2772 3185 3158 3252 insipientibus
3195 3191 3343 3256 parvi
3387 3205 3516 3256 peu-

1933 3271 2101 3334 ditur,
2148 3287 2212 3324 eo
2241 3274 2382 3340 quod
2413 3275 2612 3327 damna
2645 3275 2772 3329 inde
2802 3280 3089 3346 sequentia
3124 3295 3229 3332 non
3260 3281 3514 3340 conside-

1933 3373 2074 3416 rant.
2117 3363 2312 3418 Eorum
2347 3367 2627 3421 hominum
2662 3370 2763 3423 viae
2812 3371 3023 3424 initimn
3056 3381 3107 3426 et
3142 3373 3382 3427 medium
3431 3385 3516 3426 est

1935 3457 2159 3512 libertas
2199 3459 2413 3514 indocra
2445 3477 2565 3530 qua:
2597 3463 2957 3532 cupiditatum
3017 3474 3194 3519 mater
3251 3475 3355 3521 est.
3407 3467 3517 3520 Me-

1931 3547 2039 3603 lius
2088 3552 2231 3604 enim
2292 3561 2375 3606 est
2426 3555 2611 3608 conari
2673 3571 2838 3625 parva
2886 3573 2989 3610 non
3033 3560 3309 3624 omittere,
3348 3576 3511 3630 quam

1929 3644 2111 3697 locum
2171 3643 2302 3698 dare
2363 3647 2602 3711 peccatis
2657 3663 2719 3702 ea
2773 3651 3117 3718 negligentie).
3159 3651 3330 3716 Hujus
3365 3652 3512 3706 enim

1935 3737 2334 3807 intempestiva:
2362 3739 2628 3793 libertatis
2687 3741 2808 3794 linis
2832 3751 2915 3796 est
2946 3742 3204 3796 εει-νίιιιε.
3247 3762 3266 3795 ι
3302 3743 3364 3797 Et
3395 3760 3514 3796 rur-

1931 3841 2096 3879 sum:
2133 3845 2152 3878 ι
2197 3826 2240 3881 Ο
2271 3844 2435 3899 quam
2488 3829 2666 3884 dulcia
2721 3842 2852 3885 sunt
2915 3832 3274 3900 cupiditatum
3317 3833 3510 3888 initia!

1930 3919 2277 3986 Cupiditates
2340 3931 2522 3976 autem
2580 3925 2804 3993 quando
2867 3927 2990 3994 quis
3028 3926 3276 3980 recidere
3309 3935 3510 3995 petest,

1931 4027 2121 4067 earum
2184 4018 2463 4070 amotione
2527 4019 2858 4087 tranquillus
2917 4020 3003 4080 fit;
3062 4030 3115 4074 et
3168 4021 3408 4086 laetatur,
3469 4022 3511 4074 si

1931 4107 2154 4171 quando
2185 4115 2445 4173 cessent;
2505 4125 2700 4162 causas
2737 4117 2916 4163 tamen
2979 4126 3167 4165 earum
3206 4112 3515 4178 relinquere

1932 4212 2042 4250 non
2081 4208 2296 4266 potest:
2332 4199 2457 4253 ideo
2520 4201 2598 4253 vel
2641 4202 2792 4253 inviti
2856 4193 3151 4266 tentantur,
3190 4212 3246 4259 et
3308 4206 3514 4270 cupidi-

1933 4293 2139 4348 tatibus
2180 4291 2497 4370 aﬂligimur;
2535 4294 2800 4361 principia
2835 4304 3016 4348 autem
3044 4311 3234 4349 earum
3271 4297 3323 4350 in
3355 4299 3514 4350 nobis

1937 4385 2176 4439 residere
2205 4387 2500 4438 malumus.
2535 4385 2762 4440 Peccata
2807 4403 2913 4440 non
2945 4387 3354 4450 desideramus,
3386 4405 3514 4444 cau-

1933 4491 2025 4530 sas
2059 4493 2192 4532 vero
2226 4479 2291 4530 ad
2325 4493 2387 4531 ea
2439 4477 2678 4532 ferentes
2735 4495 2855 4532 cum
2909 4480 3107 4548 gaudio
3154 4483 3512 4552 suscipimus.

1933 4569 2277 4638 Quapropter
2316 4570 2578 4624 secundae
2631 4585 2730 4624 sua
2782 4572 3021 4626 ellicacia
3058 4572 3303 4639 priorum
3337 4589 3514 4627 causa:

1934 4658 2094 4713 ﬁunt.
2132 4659 2233 4724 Qui
2263 4659 2626 4728 cupiditatum
2659 4661 2925 4732 principia
2962 4663 3163 4732 diligit,
3203 4664 3270 4716 iis
3306 4666 3511 4720 invitus

1935 4761 1988 4804 et
2025 4766 2130 4803 non
2162 4751 2349 4806 volens
2393 4750 2675 4819 subjectus
2732 4761 2816 4806 est
2841 4791 2856 4815 ,
2912 4762 2966 4808 et
2999 4755 3364 4823 cupiditatum
3399 4774 3513 4811 ser-

1933 4859 2035 4897 vus
2065 4845 2323 4898 efﬁcitur.
2359 4844 2461 4910 Qui
2521 4845 2740 4913 propria
2806 4853 3030 4914 peccata
3086 4848 3289 4910 oderit,
3343 4850 3512 4902 abiis

1933 4937 2208 5001 cessabit;
2259 4945 2312 4989 et
2359 4937 2451 5006 qui
2493 4952 2557 4990 ea
2595 4936 2884 4992 confessus
2939 4937 3123 5003 fuerit,
3156 4941 3512 4995 condonatio—
3559 4985 3569 4994 ,

1936 5047 2055 5085 nem
2087 5031 2343 5084 inveniet.
2380 5031 2721 5098 lmpossibile
2768 5038 2949 5082 autem
3000 5042 3082 5084 est
3113 5034 3274 5086 alicui
3306 5034 3511 5100 peccati

1939 5124 2179 5176 habitum
2210 5122 2591 5190 derelinquere
2619 5164 2632 5185 ,
2660 5124 2978 5191 priusquam
3012 5122 3195 5176 odium
3228 5125 3348 5191 ejus
3386 5141 3503 5178 co"-

1935 5216 2162 5282 cuperit,
2190 5223 2244 5267 et
2281 5214 2491 5268 Veniam
2522 5214 2763 5283 assequi,
2803 5214 3119 5282 priusquam
3153 5216 3350 5269 delicta
3381 5233 3501 5270 eon«

1937 5305 2119 5359 fessus
2154 5305 2320 5358 fuerit
2342 5323 2357 5370 ;
2383 5308 2548 5359 altera
2576 5307 2794 5372 quidem
2825 5321 2963 5358 verae
2984 5306 3316 5362 humilitatis
3345 5325 3504 5363 causa

1934 5405 2050 5460 est;
2082 5396 2251 5448 altera
2295 5396 2734 5461 compunetionis
2762 5434 2777 5457 ,
2806 5411 2928 5464 qua:
2972 5396 3024 5448 in
3061 5398 3226 5450 corde
3258 5400 3505 5451 ruboren-

1935 5490 2314 5556 consequitur.
2369 5508 2384 5536 ι
2426 5487 2487 5539 lit
2547 5504 2765 5540 rursum
2804 5506 2816 5539 :
2857 5507 2873 5537 ι
2912 5488 3028 5541 Non
3081 5497 3166 5541 est
3223 5500 3507 5557 peccatum

1936 5581 2334 5642 irremissibile,
2364 5582 2465 5636 nisi
2503 5582 2645 5648 quod
2674 5599 2778 5632 non
2813 5581 3121 5648 corrigitur.
3155 5601 3173 5630 ι
3202 5582 3305 5634 Sed
3329 5583 3395 5634 de
3429 5585 3513 5635 his

1937 5675 2073 5730 satis
2111 5675 2317 5729 dictum
2365 5685 2450 5729 est
2485 5694 2497 5729 :
2536 5675 2613 5728 Tu
2664 5685 2843 5728 autem
2889 5686 3008 5742 post
3044 5677 3314 5728 dictarqu
3357 5676 3513 5728 hora-

1939 5786 2056 5822 rum
2089 5769 2475 5838 psalmodiam,
2509 5769 2766 5834 comede;
2814 5773 3120 5822 orationem
3153 5785 3434 5837 occupans
3462 5773 3512 5821 in

1940 5864 2342 5927 manducando,
2376 5873 2431 5914 ut
2456 5862 2535 5916 sic
2565 5863 2773 5916 faciens
2809 5862 2858 5915 iu
2898 5862 3269 5915 habitudinem
3305 5865 3512 5924 venias,

1939 5957 2127 6025 gratia:
2179 5956 2401 6020 Virtute,
2464 5955 2807 6011 incessanter
2867 5955 3082 6016 orandi,
3111 5955 3261 6023 juxta
3302 5955 3512 6006 Uulttilti
