4278 6442
289 361 396 427 697

1501 367 1890 431 OPUSCUI.A
1930 371 2191 434 ASCETI
2201 372 2313 436 CA.

3430 379 3538 446 698

299 483 414 536 τῶν
466 481 796 552 πνευμάτων
836 479 900 534 ἐκ
951 479 1061 537 τῶν
1095 482 1265 550 ἀγίων
1294 482 1598 554 δυνάμεων,
1632 486 1729 541 καὶ
1760 485 1921 546 τῶνΛ
1956 498 1988 541 t:

1846 493 1921 546 νΛ
1956 498 2131 543 tarum
2179 506 2303 559 quae
2358 490 2414 546 in
2475 491 2825 562 cogitationis
2876 493 3068 565 pelago
3100 506 3411 563 versantur,
3441 505 3535 568 qui

292 572 571 641 ἀληθινῶν
643 570 891 642 ὁράσεων
944 574 1008 625 ἐκ
1065 572 1175 626 τῶν
1204 574 1451 643 ματαίων
1525 579 1865 644 φαντασιῶν·

291 665 551 718 ἐντεῦθεν
583 666 611 718 ό
642 663 808 734 φόὸος
841 663 951 716 τῶν
998 663 1135 718 ὁδῶν
1168 668 1263 719 καὶ
1300 668 1410 722 τῶν
1438 668 1641 738 τρίεων
1664 669 1772 722 τῶν
1809 672 1869 723 ἐν

288 756 369 827 τῷ
400 756 634 823 πελάγει
675 759 775 825 τῆς
828 756 1091 823 διανοίας,
1131 759 1161 812 ό
1206 759 1423 812 κόπτων
1456 761 1556 831 τὴν
1598 761 1869 834 ρᾳθυμίαν

288 849 389 901 καὶ
423 848 525 919 τὴν
561 848 846 919 ἀμέλειαν,
874 848 968 903 καὶ
1000 851 1033 921 ἡ
1071 850 1203 918 φλὸξ
1232 851 1325 904 τοῦ
1356 852 1521 921 ζήλου
1555 856 1587 923 ὴ
1620 872 1869 908 καταπα-

284 940 462 994 τοῦσα
489 942 670 995 πάντα
694 941 939 995 κίνδυνον
962 942 1054 995 καὶ
1086 942 1438 996 διαϐαίνουσα
1474 946 1650 999 πάντα
1681 946 1863 1014 φόὸον,

284 1030 383 1082 καὶ
414 1033 447 1101 η
476 1030 656 1102 θέρμη
685 1031 718 1101 ἡ
759 1032 1182 1102 καταφρονοῦσα
1230 1035 1414 1105 πάσης
1444 1034 1740 1105 ἐπιθυμίας
1774 1039 1867 1089 καὶ

280 1121 351 1174 ἐκ
409 1122 510 1189 τῆς
578 1122 824 1187 διανοίας
876 1124 1234 1194 ἐξαλείφουσα
1273 1126 1497 1196 ταύτην,
1553 1128 1647 1181 καὶ
1698 1128 1868 1199 λήθην

280 1213 601 1281 ἐμποιοῦσα
634 1216 819 1285 πάσης
853 1218 1075 1287 μνήμης
1106 1218 1215 1271 τῶν
1250 1221 1677 1290 παρερχομένων
1728 1222 1867 1289 μετά

278 1304 393 1357 τῶν
442 1305 620 1359 ἄλλων
645 1324 661 1339 ο
705 1309 801 1360 καὶ
857 1309 943 1361 ἵνα
976 1312 1258 1380 συντόμως
1301 1312 1464 1375 είπω,
1501 1313 1532 1382 ἡ
1584 1312 1866 1382 ἐλευθερία

278 1396 384 1449 τοῦ
429 1397 724 1468 ἀνθρώπου
752 1399 847 1453 τοῦ
878 1400 1159 1471 ἀληθινοῦ,
1193 1404 1287 1456 καὶ
1316 1404 1348 1473 ἡ
1376 1402 1520 1474 χαρά
1539 1404 1635 1474 τῆς
1663 1403 1865 1475 ψυχῆς,

278 1490 382 1542 καὶ
413 1492 448 1557 ἠ
479 1491 807 1557 ἀνάστασις,
842 1494 938 1546 καὶ
967 1495 1000 1563 ὴ
1032 1496 1170 1564 μετά
1194 1494 1290 1549 τοῦ
1320 1496 1559 1565 Χριστοῦ
1594 1497 1652 1548 ἐν
1672 1499 1737 1567 τῇ
1767 1496 1862 1565 βα-

279 1582 463 1652 σιλείᾳ
502 1584 611 1636 τῶν
663 1586 913 1654 οὐρανῶν
950 1588 1255 1652 ἀνάπαυσις
1302 1588 1574 1644 ἐντεῦθεν.
1609 1589 1676 1642 Εί
1697 1606 1778 1652 τις
1807 1588 1864 1641 δὲ

276 1673 635 1748 ἀμελήσειεν
660 1679 775 1739 τοῖς
821 1677 943 1731 δυσὶ¹
989 1680 1221 1745 τούτοις,
1251 1679 1444 1748 γνώτω
1481 1681 1561 1735 δτι
1598 1680 1660 1734 οὐ
1706 1683 1867 1751 μόνον

275 1765 347 1817 ἐκ
377 1766 598 1820 πάντων
623 1766 733 1821 τῶν
759 1770 1182 1841 προειρημένων
1206 1771 1414 1825 τούτων
1439 1771 1629 1843 ζημιοῖ
1650 1772 1864 1838 ἐαυτὸν,

274 1854 423 1909 ἀλλὰ
465 1857 562 1909 καὶ
598 1857 690 1910 τὸν
723 1857 977 1928 θεμέλιον
1019 1862 1211 1914 πασῶν
1238 1862 1347 1915 τῶν
1377 1861 1590 1934 ἀρετῶν
1615 1861 1864 1927 διασείει,

275 1948 340 1998 ἐν
374 1950 443 2019 τῇ
479 1953 890 2021 καταφρονήσει
922 1951 1032 2005 τῶν
1085 1952 1181 2006 δύο
1231 1954 1437 2008 τούτων
1481 1955 1714 2027 ἀρετῶν.
1753 1954 1864 2007 Καὶ

272 2055 475 2123 ῶσπερ
516 2056 661 2111 εὶσὶν
708 2051 870 2112 αῦται
903 2060 962 2111 ἐν
1014 2062 1079 2129 τῇ
1118 2060 1289 2131 ψυχῇ,
1340 2059 1483 2132 ἀρχὴ
1520 2062 1614 2115 καὶ
1649 2060 1863 2135 κεφαλὴ

271 2149 377 2216 τῆς
406 2148 561 2212 θείας
604 2148 893 2217 ἐργασίας,
922 2150 1016 2203 καὶ
1055 2152 1216 2223 θύρα,
1256 2153 1348 2207 καὶ
1390 2153 1509 2216 ὁδὸς
1531 2155 1565 2224 ὴ
1598 2152 1735 2223 πρὸς
1770 2153 1864 2206 τὸν

272 2238 544 2309 Χριστὸν,
590 2239 686 2291 ἐάν
738 2257 823 2303 τις
876 2244 1127 2313 κρατήσῃ
1200 2244 1393 2310 αὑτὰς,
1429 2244 1526 2298 καὶ⁹
1576 2245 1636 2298 ἐν
1674 2247 1865 2312 αὑταῖς

276 2335 583 2407 ὑπομείνῃ,
626 2334 771 2388 οὕτω
806 2336 899 2389 καὶ
928 2336 1024 2391 ἐάν
1072 2355 1158 2401 τις
1194 2338 1524 2410 ἀναχωρήσῃ
1555 2339 1615 2406 ἐξ
1658 2339 1860 2403 αὐτῶν,

275 2425 379 2477 καί⁵
410 2427 747 2498 ἀποπηδήσῃ
800 2428 896 2481 ἀπ’
926 2428 1130 2491 αὐτῶν,
1162 2430 1300 2501 πρὸς
1346 2430 1522 2484 ταῦτα
1572 2432 1641 2484 τά
1674 2430 1766 2484 δύο
1792 2431 1863 2485 τὰ

275 2520 504 2574 ἐναντία
558 2523 765 2574 τούτων
819 2525 1102 2592 καταντᾷο
1179 2522 1323 2592 λέγω
1391 2524 1492 2593 δὴ,
1542 2522 1604 2578 τὸ
1660 2541 1866 2594 μετεω-

278 2610 540 2679 ρισθῆναι
566 2610 645 2681 τῷ
671 2610 911 2682 σώματι,
958 2614 1055 2667 καὶ
1076 2617 1511 2686 γαστριμαργεῖν
1537 2613 1854 2681 ἀθέσμως,›

277 2703 377 2753 καὶ
408 2703 478 2753 τά
514 2700 665 2771 ἑξῆς.
698 2704 809 2756 Καὶ
842 2705 900 2756 ἐν
950 2705 1132 2767 ἀλλοις
1158 2722 1172 2736 ο
1212 2724 1230 2757 ι
1266 2706 1374 2760 Καὶ
1403 2707 1453 2759 οῖ
1489 2706 1587 2775 μὲν
1636 2708 1695 2758 ἐν
1742 2706 1860 2765 ταῖς

275 2793 481 2862 ἀρχαῖς
511 2792 696 2847 αὐτῶν
743 2795 980 2867 ρᾴθυμοι
1032 2797 1126 2849 καὶ
1168 2796 1359 2868 χαῦνοι
1408 2798 1766 2869 ὑπάρχοντες,
1798 2794 1861 2851 οὐ

276 2882 450 2951 μόνον
490 2882 557 2935 ἐκ
606 2881 716 2935 τῶν
766 2884 999 2952 ἀγώνων
1036 2886 1246 2939 τούτων
1276 2887 1373 2940 καὶ
1417 2886 1529 2940 τῶν
1577 2888 1858 2955 τοιούτων,

274 2971 421 3024 ἀλλά
450 2973 548 3026 καὶ
581 2972 690 3025 ἀπὸ
715 2974 848 3045 ἤχου
875 2974 1092 3042 φύλλων
1128 2975 1348 3047 δένδρου
1387 2976 1628 3030 δειλιῶσι
1649 2978 1745 3030 καὶ
1770 2994 1860 3031 τα-

274 3065 612 3136 ράττονταιο
644 3067 740 3120 καὶ
797 3067 907 3120 ἀπὸ
948 3068 1154 3138 μικρᾶς
1202 3068 1451 3140 ἀνάγκης
1496 3070 1599 3140 τῆς
1628 3071 1734 3125 ἀπὸ
1760 3071 1858 3139 τῆς

1961 582 2130 636 timor
2180 584 2449 653 ignaviam
2493 595 2546 639 et
2587 588 2968 656 negligentiam
3020 587 3297 658 infringit,
3332 599 3385 643 et
3434 592 3537 646 zeli

1962 673 2179 727 ﬂamma
2209 691 2329 744 qua:
2353 693 2515 732 omne
2543 679 2849 747 periculum
2874 682 3212 738 transcendit
3241 689 3295 736 et
3320 697 3537 736 omnem

1962 776 2167 822 metum
2219 772 2649 840 transgreditur;
2689 781 2741 827 et
2787 772 2951 826 ardor
2984 774 3076 841 qui
3126 790 3342 830 omnem
3384 776 3535 843 cupi.

1960 858 2186 913 ditatem
2236 860 2471 931 despicit
2517 880 2745 933 eantque
2776 880 2839 919 ex
2873 867 3206 934 cogitatione
3245 868 3535 937 abstergit,

1959 961 2014 1006 et
2054 951 2383 1009 oblivionem
2413 954 2603 1011 inserit
2637 974 2824 1013 eorum
2856 976 2980 1027 quae
3002 976 3125 1013 cum
3163 959 3284 1013 aliis
3320 971 3540 1028 praster-

1961 1054 2125 1107 euut;
2175 1056 2229 1100 et
2279 1058 2336 1101 ut
2400 1064 2513 1102 uno
2582 1051 2751 1104 verbo
2799 1054 3018 1113 dicam.
3067 1053 3265 1107 sinceri
3303 1054 3540 1107 hominis

1959 1135 2209 1201 libertas,
2244 1140 2440 1193 animae
2475 1141 2660 1195 lintitia
2696 1151 2751 1195 et
2786 1146 3142 1207 resurrectio.
3179 1154 3232 1198 et
3284 1145 3338 1197 in
3370 1159 3539 1212 regno

1960 1228 2226 1282 caalorum
2263 1244 2387 1282 cum
2416 1231 2639 1287 Christo
2671 1234 2888 1301 requies
2933 1235 3057 1289 inde
3106 1238 3449 1303 proveniunt.
3485 1236 3539 1288 Si

1962 1320 2085 1385 quis
2110 1330 2291 1375 autem
2338 1320 2391 1374 in
2430 1322 2582 1379 hisce
2612 1326 2826 1380 duobus
2860 1328 3140 1396 negligens
3186 1328 3372 1393 fuerit,
3405 1330 3542 1384 sciat

1963 1410 2079 1466 fore
2101 1420 2160 1465 ut
2178 1427 2287 1465 non
2309 1412 2471 1467 modo
2494 1418 2752 1471 omnibus
2776 1418 3050 1487 praedictis
3071 1420 3314 1487 seipsum
3342 1420 3540 1486 privet.

1962 1502 2057 1556 sed
2088 1511 2143 1558 et
2173 1504 2421 1559 omnium
2450 1506 2712 1561 virtutum
2759 1508 3118 1563 fundamenta
3144 1510 3447 1570 concutiat.
3488 1511 3540 1561 in

1962 1594 2194 1649 (litarum
2226 1596 2444 1651 illarum
2493 1598 2757 1652 virtutum
2794 1609 3134 1667 contemptu.
3183 1599 3249 1654 Et
3278 1602 3543 1669 quemad-

1964 1688 2186 1743 modum
2208 1705 2286 1745 eae
2307 1702 2434 1745 sunt
2452 1691 2504 1745 in
2530 1692 2708 1746 anima
2729 1693 3052 1762 principium
3075 1703 3129 1747 ct
3154 1704 3316 1762 caput
3344 1694 3541 1747 divinae

1964 1783 2304 1849 operationis
2331 1798 2394 1838 ac
2428 1784 2594 1853 ianua
2642 1794 2695 1840 et
2728 1786 2814 1839 via
2874 1786 2939 1839 ad
2975 1786 3279 1852 Christum,
3325 1789 3370 1841 si
3419 1787 3543 1853 quis

1965 1888 2059 1929 eas
2088 1880 2442 1943 occupaverit
2492 1886 2544 1929 et
2569 1876 2623 1930 in
2654 1878 2721 1933 iis
2751 1878 3105 1941 remanserit,
3138 1878 3210 1930 ita
3239 1887 3293 1932 et
3337 1878 3383 1932 si
3420 1879 3544 1945 quis

1964 1980 2031 2020 cx
2062 1966 2130 2021 iis
2164 1981 2222 2023 se
2259 1969 2525 2037 receperit
2550 1979 2605 2023 et
2631 1970 2907 2039 resilierit,
2957 1971 3174 2026 duobus
3196 1985 3383 2025 earum
3412 1986 3545 2025 con-

1962 2056 2148 2111 trariis
2177 2070 2462 2124 occurret;
2517 2076 2713 2129 nempe
2743 2077 2971 2131 corpore
3012 2063 3269 2117 fulcietur
3320 2072 3374 2117 et
3404 2066 3544 2133 gulre

1960 2152 2218 2207 ardenter
2242 2152 2563 2223 indulgebit.
2613 2174 2633 2207 ι
2673 2156 2736 2210 Et
2776 2166 2993 2213 caetera.
3027 2156 3091 2213 Et
3135 2159 3188 2211 in
3225 2157 3385 2211 aliis:
3426 2176 3444 2208 ι
3481 2156 3544 2208 Et

1961 2242 2052 2296 alii
2107 2243 2329 2313 quidem
2388 2248 2454 2300 ab
2500 2246 2660 2301 initio
2708 2248 2887 2316 ignavi
2934 2257 2989 2301 et
3028 2249 3385 2318 negligentes,
3433 2262 3542 2300 non

1960 2333 2136 2389 solum
2168 2350 2231 2390 ex
2257 2337 2344 2392 his
2366 2353 2431 2392 ac
2453 2338 2651 2393 talibus
2671 2340 2894 2408 pugnis.
2927 2339 3021 2393 sed
3048 2354 3113 2393 ex
3148 2338 3361 2393 arboris
3380 2337 3542 2391 folio-

1960 2442 2083 2481 rum
2137 2428 2367 2497 strepitu
2424 2440 2669 2485 tremunt
2702 2446 2765 2485 ac
2822 2431 3151 2494 turbantur;
3199 2442 3252 2485 et
3286 2445 3451 2500 parva
3481 2443 3545 2485 ca

1957 2533 2080 2587 qua;
2130 2536 2197 2575 ex
2246 2520 2406 2576 famis
2460 2522 2811 2577 incommodo
2858 2524 3057 2585 oritur.
3111 2523 3439 2577 necessitate
3490 2529 3547 2575 et

1957 2628 2120 2682 parva
2147 2613 2468 2668 infirmitate
2488 2624 2819 2683 superantur
2850 2624 2904 2669 et
2934 2614 3271 2683 dejiciuntur
3304 2622 3359 2668 et
3393 2623 3543 2668 retro

1958 2712 2266 2759 vertuntur.
2294 2704 2509 2760 Siuceri
2544 2714 2726 2761 autem
2755 2716 2807 2761 et
2839 2706 3078 2776 probati,
3104 2722 3171 2760 ne
3195 2707 3404 2761 olerum
3426 2706 3548 2773 qui-

1956 2794 2077 2850 dem
2130 2795 2277 2851 foeno
2330 2798 2639 2864 satiantur;
2675 2813 2873 2867 neque.
2921 2798 3196 2852 siccarum
3238 2798 3536 2852 herbarum

1963 2887 2245 2944 radicibus
2282 2889 2515 2955 nutriti,
2564 2900 2691 2944 ante
2732 2898 2989 2944 statutum
3042 2890 3147 2945 cibi
3194 2889 3409 2948 horam.
3439 2889 3539 2942 ali-

1953 2995 2116 3048 quam
2143 2995 2331 3035 earum
2360 2981 2567 3035 audent
2597 2989 2841 3051 gustare.
2882 2980 2987 3035 Sed
3024 2982 3173 3035 humi
3206 2981 3538 3034 recumbunt

1956 3070 2013 3126 in
2068 3072 2389 3126 infirmitate
2435 3080 2491 3127 et
2526 3072 2807 3126 debilitate
2861 3076 3151 3139 corporis;
3182 3080 3235 3125 et
3278 3071 3535 3125 bcbatum

275 3156 476 3228 χρείας
502 3157 600 3210 τοῦ
634 3157 820 3228 λιμοῦ,
848 3159 943 3212 καὶ
972 3158 1081 3213 ἀπὺ
1114 3161 1320 3231 μικρᾶς
1343 3160 1628 3223 ἀσθενείας
1660 3163 1857 3216 νικῶν-
1877 3180 1925 3241 c
1955 3181 1964 3205 ι

1849 3180 1925 3241 ιο
1955 3164 2130 3220 visum
2177 3165 2381 3219 habent
2416 3180 2608 3219 eorum
2641 3164 2813 3228 oculi,
2843 3179 2909 3219 eo
2940 3169 3081 3230 quod
3112 3178 3300 3217 eorum
3335 3178 3538 3229 corpus

270 3266 392 3311 ται,
426 3252 524 3302 καὶ
548 3251 948 3322 ἀπαρνοῦνται,
978 3254 1071 3306 καὶ
1091 3255 1171 3316 εἰς
1193 3253 1263 3305 τὰ
1300 3253 1477 3307 ὀπίσω
1507 3257 1851 3325 στρέφονται.

272 3340 341 3392 Ol.
373 3339 430 3392 δέ
472 3339 720 3411 ἀληθινοὶ
761 3343 857 3394 κα)⁵
889 3343 1127 3413 δόκιμοι,
1153 3344 1277 3397 οὐδὲ
1306 3346 1371 3397 ἐκ
1404 3345 1497 3398 τοῦ
1522 3347 1717 3417 χόρτου
1749 3346 1857 3402 τῶν

272 3427 533 3497 λαχάνων
593 3430 954 3500 χορτάζονται
980 3449 993 3463 ·
1020 3433 1143 3485 οὐδὲ
1173 3432 1516 3505 διατιώμενοι
1550 3436 1730 3505 ῥίζαις
1764 3437 1859 3508 βο-

270 3517 459 3571 τάνων
486 3518 690 3589 ξηρῶν,
724 3523 833 3590 πρὸ
854 3521 953 3591 τῆς
977 3523 1372 3593 νενομισμένης
1404 3524 1553 3595 ὧρας
1584 3526 1687 3593 τῆς
1726 3543 1856 3596 τροο

272 3607 410 3676 φῆςι
448 3610 845 3679 καταδέχονταί
874 3628 1019 3675 τινος
1071 3611 1371 3679 γεύσασθαι
1395 3630 1410 3646 ο
1458 3613 1594 3667 ἀλλὰ
1620 3615 1715 3668 καὶ
1753 3634 1855 3686 χα-

274 3702 599 3773 μευνοῦσιν,
625 3705 685 3757 ἐν
707 3704 902 3777 ἀτονία
923 3705 1077 3769 ὅντες
1105 3707 1202 3759 καὶ
1222 3708 1434 3778 ἀγωνίᾳ
1455 3708 1550 3761 τοῦ
1576 3708 1850 3779 σώματος·

272 3793 374 3847 καὶ
402 3794 835 3862 ἀμῦλυωποῦσιν
864 3797 914 3849 of
944 3797 1213 3868 ὀφθαλμοὶ
1256 3799 1459 3861 αὐτῶν.
1486 3802 1551 3854 ἐκ
1585 3801 1683 3871 τῆς
1715 3802 1855 3869 ἄγαν

272 3884 568 3947 κενώσεως
623 3886 720 3938 τοῦ
778 3886 1028 3956 σώματος
1054 3905 1077 3922 α
1104 3888 1206 3943 κᾶν
1252 3888 1309 3941 δέ
1358 3891 1423 3943 ἐκ
1469 3893 1568 3961 τῆς
1612 3892 1854 3961 ἀνάγκης

272 3974 579 4041 ἐγγίσωσιν
610 3974 847 4038 ἐξελθεῖν
877 3977 943 4028 ἐκ
967 3974 1061 4028 τοῦ
1090 3976 1362 4046 σώματος,
1384 3976 1503 4031 οὐδέ
1526 3977 1668 4029 οὕτω
1698 3980 1852 4046 χεῖρα

272 4066 511 4119 διδοῦσιν
540 4066 842 4136 ἡττηθῆναι
877 4068 972 4120 καὶ
1020 4070 1228 4132 πεσεῖν,
1283 4070 1348 4122 ἐκ
1387 4071 1486 4137 τῆς
1537 4070 1853 4141 ἐρρωμένης

272 4154 460 4209 αὐτῶν
496 4156 902 4226 προαιρέσεως.
935 4156 1168 4211 Ποθοῦσι
1210 4157 1319 4227 γὰρ
1360 4159 1453 4211 καὶ
1484 4158 1729 4225 ἐφίενται
1754 4159 1849 4212 τοῦ

270 4249 573 4319 βιάσασθαι
619 4250 852 4313 ἑαυτοὺς
902 4250 993 4304 διὰ
1021 4251 1121 4319 τὴν
1160 4252 1382 4321 ἀγάπην
1410 4252 1503 4303 τοῦ
1537 4250 1706 4304 Θεοῦ·
1757 4251 1851 4305 καὶ

272 4344 483 4413 κοπιᾷν
514 4343 653 4411 ὑπὲρ
683 4343 783 4411 τῆς
809 4343 1011 4415 ἀρετῆς
1039 4343 1341 4413 αἱροῦνται,
1377 4344 1409 4414 ἢ
1452 4343 1552 4414 τὴν
1582 4344 1849 4414 πρόσκαι-

270 4450 369 4501 ρον
398 4432 545 4502 ζωὴν
569 4434 737 4502 ἔχειν,
767 4436 863 4486 καὶ
907 4436 1088 4487 πᾶσαν
1135 4436 1442 4488 ἀνάπαυσιν
1472 4437 1569 4505 τὴν
1596 4438 1655 4488 ἐν
1688 4436 1844 4507 αὐτῇ.

1954 3255 2117 3311 nimis
2144 3270 2376 3311 vacuum
2412 3265 2519 3311 est.
2578 3256 2644 3309 Et
2672 3255 2718 3311 si
2751 3271 2816 3309 ex
2857 3255 3181 3310 necessitate
3213 3255 3265 3307 in
3313 3268 3379 3307 eo
3407 3264 3537 3307 sunt

1954 3353 2011 3398 ut
2031 3360 2061 3399 e
2092 3359 2322 3415 carpore
2340 3353 2559 3408 exeant.
2592 3360 2662 3398 ne
2692 3343 3064 3411 tunc'quidem
3090 3342 3222 3395 dant
3248 3356 3445 3394 manus
3476 3348 3538 3392 ut

1953 3447 2290 3504 superentur
2319 3452 2382 3490 ac
2414 3436 2799 3500 succumbant,
2831 3434 2969 3489 adeo
3001 3433 3180 3487 valida
3234 3441 3317 3487 est
3345 3446 3535 3485 eorum

1955 3529 2231 3589 voluntas.
2265 3528 2507 3597 Cupiunt
2538 3528 2686 3586 enim
2721 3542 2785 3581 ac
2816 3527 3012 3582 volunt
3041 3527 3142 3582 sibi
3180 3525 3287 3579 vim
3332 3522 3537 3577 inferre

1954 3631 2174 3691 propter
2198 3619 2293 3674 Dei
2319 3634 2597 3681 amorem;
2625 3630 2680 3674 et
2711 3617 2952 3687 torqueri
2978 3632 3076 3687 pro
3105 3619 3301 3671 virtute
3324 3616 3537 3669 malunt

1952 3724 2114 3778 quam
2138 3708 2333 3763 ﬂuxam
2363 3710 2528 3762 vitam
2552 3709 2754 3763 habere
2783 3718 2837 3763 et
2858 3724 3074 3762 omnem
3103 3723 3259 3763 suam
3289 3704 3535 3773 requiem

1953 3801 2006 3854 in
2055 3814 2117 3854 ea
2170 3813 2393 3868 ponere.
2432 3799 2499 3852 Et
2528 3799 2752 3867 quando
2782 3797 3186 3866 superveniunt
3223 3795 3330 3849 illis
3362 3802 3532 3849 tenta-

1952 3889 2149 3947 tiones.
2193 3888 2369 3955 magis
2403 3886 2669 3941 laetantur
2695 3886 2838 3956 quod
2874 3901 2969 3955 per
3001 3900 3097 3939 eas
3159 3884 3535 3953 perﬁciantur,

1950 3990 2006 4035 et
2036 3977 2261 4048 perfecti
2293 3980 2442 4031 fiant.
2468 3978 2575 4032 Sed
2611 3994 2789 4048 neque
2817 3994 2881 4033 ex
2909 3978 3061 4031 duris
3087 3992 3224 4041 quas
3254 3977 3307 4029 in
3338 3972 3533 4042 seipsis

1950 4073 2338 4139 experiuntur,
2379 4071 2666 4135 molestiis,
2718 4053 2770 4123 in
2822 4070 3232 4124 Deidilectiune
3257 4067 3532 4122 dubitant.

1952 4163 2055 4217 Sed
2092 4164 2266 4216 donec
2312 4179 2379 4216 ex
2432 4162 2542 4215 vita
2596 4164 2801 4233 egressi
2858 4163 2990 4222 sint.
3050 4161 3282 4227 cupiunt
3321 4158 3538 4211 labores

1949 4265 2211 4320 generose
2252 4251 2531 4319 suscipere
2556 4264 2731 4319 neque
2763 4251 2985 4313 cedunt,
3021 4250 3149 4318 quia
3186 4249 3320 4302 fiunt
3369 4249 3423 4301 iu
3466 4246 3535 4300 iis

1950 4339 2199 4410 perfecti.
2233 4359 2254 4393 ›
2287 4339 2358 4394 lis
2397 4341 2563 4410 igitur
2594 4356 2659 4395 ac
2703 4341 2906 4395 talibus
2939 4340 3268 4393 inhaerentes
3300 4348 3354 4392 et
3402 4353 3530 4401 nos.

1950 4442 2003 4485 et
2027 4434 2074 4485 ei
2116 4432 2433 4487 obedientes
2460 4433 2552 4501 qui
2590 4432 2768 4488 dixit:
2821 4452 2839 4484 ι
2876 4432 3042 4501 Regia
3085 4432 3170 4485 via
3212 4432 3424 4495 incede,
3462 4446 3532 4483 ne

272 4522 386 4575 Kal.
438 4522 569 4573 ὅταν
599 4522 900 4575 ἐπέλθωσιν
946 4523 1128 4587 αὐτοῖς
1176 4524 1225 4576 οί
1275 4526 1589 4597 πειρασμοὶ,
1649 4526 1847 4594 μᾶλλον
1872 4513 1961 4577 οι

1840 4513 1920 4573 νΙ)
1947 4523 2185 4578 declines
2216 4540 2245 4577 a
2268 4525 2475 4579 dextris
2505 4533 2560 4579 et
2593 4540 2622 4578 a
2654 4524 2932 4590 sinistris;
2974 4544 2990 4575 ι
3022 4532 3075 4576 et
3119 4524 3399 4591 exemplar
3428 4539 3529 4575 ex-

268 4611 662 4682 εὑφραίνονται
692 4613 775 4665 ὄτι
802 4614 859 4665 ἐν
888 4614 1071 4677 αὐτοῖς
1112 4614 1463 4675 τελειοῦνται,
1506 4616 1623 4686 ἦτοι
1652 4617 1846 4669 τέλειοι

267 4701 543 4759 γίνονται.
606 4701 749 4753 Ἀλλ’
783 4701 905 4753 οὺδέ
956 4703 1021 4754 ἐκ
1060 4703 1172 4755 τῶν
1207 4703 1495 4773 μοχθηρῶν
1524 4706 1707 4757 κόπων
1737 4706 1846 4759 τῶν

1950 4616 2204 4684 ponimus
2232 4616 2350 4680 tibi,
2382 4624 2436 4669 et
2472 4619 2715 4685 regulam
2770 4633 2889 4686 qua:
2922 4616 3163 4669 medium
3199 4625 3377 4681 tenet;
3411 4631 3533 4682 qum

1948 4710 2170 4775 quidem
2206 4712 2305 4762 hos
2340 4708 2543 4761 limites
2576 4709 2761 4761 habet.

269 4796 584 4868 γινομένων
614 4795 673 4846 ἐν
706 4791 893 4854 αὐτοῖς
939 4788 1290 4853 διατάξουσιν
1318 4789 1379 4840 ἐν
1425 4789 1494 4858 τῇ
1531 4788 1719 4857 ἀγάπῃ
1755 4786 1847 4838 τοῦ
1884 4784 2021 4839 Θεοῦ
2059 4792 2073 4807 ⁸
2106 4789 2221 4841 ἀλλ’
2262 4789 2364 4851 ἕως
2404 4788 2475 4840 ἂν
2526 4788 2849 4856 ἐκλείψωσιν
2893 4792 2957 4841 ἐκ
2982 4789 3083 4858 τῆς
3128 4790 3295 4860 ζωῆς,
3332 4794 3542 4863 προθυ-

275 4889 512 4959 μοῦνται
556 4883 816 4946 δέξασθαι
846 4880 1112 4950 γενναίως
1142 4880 1244 4942 τὰς
1288 4878 1577 4950 ἐπηρείας,
1627 4882 1722 4932 καὶ
1752 4879 1850 4930 οὐκ
1884 4876 2285 4948 ἀναχωροῦσιν,
2336 4880 2419 4931 ὅτι
2454 4879 2511 4930 ἐν
2558 4880 2743 4942 αὐτοῖς
2799 4881 2993 4933 τέλειοι
3044 4884 3304 4949 γίνονται.
3346 4905 3366 4938 ι
3402 4888 3538 4940 Τού-

274 5000 393 5045 τοις
429 4982 526 5034 καὶ
548 4982 663 5043 τοῖς
684 4981 950 5040 τοιοΰτοις
972 4973 1264 5046 τοιγαροῦν
1291 4976 1384 5029 καὶ
1416 4976 1581 5045 ἡμεῖς
1613 4974 1979 5044 στοιχοῦντες,
2007 4975 2096 5029 ναὶ
2124 4980 2230 5046 μὴν
2255 4978 2347 5027 καὶ
2377 4975 2454 5045 τῷ
2484 4976 2780 5041 κελευοντι,
2818 4975 2953 5047 Ὀδῷ
2984 4977 3242 5049 βασιλικῇ
3274 4983 3540 5051 πορεύου,

284 5078 362 5146 μὴ
401 5073 661 5145 ἐκκλίνῃς
708 5072 861 5137 δεξιὰ
898 5071 933 5142 ἢ
964 5072 1251 5143 ἀριστερὰ,
1298 5071 1749 5143 πειθαρχοῦντες,
1797 5072 1891 5125 καὶ
1918 5072 2093 5125 τύπον
2147 5071 2479 5141 ἐκτιθέμεθά
2513 5089 2617 5138 σοι,
2648 5075 2743 5126 καὶ
2786 5075 2990 5129 κανόνα
3024 5078 3345 5147 μεσότητος,
3388 5081 3537 5145 ὅστις

276 5174 424 5244 δῆτα
462 5172 563 5225 καὶ
589 5171 783 5225 τοῦτον
813 5169 925 5240 ἔχει
951 5172 1043 5223 τὸν
1072 5170 1221 5236 ὅρον.

278 5297 479 5357 Ὅκως
540 5287 636 5342 δεῖ
686 5292 837 5342 κατὰ
884 5287 1198 5355 δευτέραν,
1260 5286 1361 5340 καὶ
1418 5286 1732 5356 τετάρτην,
1773 5288 1872 5343 καί

498 5361 706 5425 ἕκτην,
732 5358 1052 5426 τρέφεσθαι
1077 5358 1186 5409 τὸν
1209 5357 1661 5426 ἀγωνιζόμενον.

356 5456 466 5509 λα.
519 5454 679 5506 Κατά
722 5469 786 5520 γε
815 5453 911 5514 τὰς
958 5452 1108 5519 τρεῖς
1149 5450 1363 5521 ἡμέρας
1409 5452 1510 5520 τῆς
1555 5451 1870 5520 ἑϐδομάδος,

280 5552 457 5621 ἤγουν
517 5546 805 5616 δευτέραν,
838 5545 1141 5613 τετάρτην,
1172 5544 1269 5597 καὶ
1294 5543 1481 5613 ἕκτην,
1517 5545 1659 5596 ποίει
1695 5543 1873 5612 διηνε-

283 5643 399 5703 κῶς
450 5641 709 5703 ἐννάτας,
760 5640 882 5709 ἦτοι
930 5637 1077 5690 ἔσθιε
1136 5635 1286 5701 ἅπαξ
1311 5636 1411 5706 τῆς
1438 5637 1672 5707 ἡμέρας,
1707 5652 1873 5704 μετα-

285 5730 593 5802 λαμϐάνων
624 5732 826 5801 ἄρτους
846 5728 1087 5797 οῠγγιῶν
1109 5727 1168 5794 ’ἐξ
1199 5743 1213 5758 ο
1248 5728 1359 5781 ἀπὸ
1384 5728 1492 5781 τῶν
1521 5728 1875 5800 ξηροτρόφων

288 5825 582 5897 ἐγκρατῶς
622 5826 718 5880 τοῦ
760 5824 1059 5894 ἀρκοῦντος
1085 5838 1098 5853 ·
1137 5822 1233 5877 καὶ
1280 5821 1491 5893 ὓδατος,
1522 5823 1624 5886 Eo;
1646 5822 1810 5892 τριῶν
1840 5823 1874 5893 ἢ

1973 5286 2240 5353 Quomodo
2292 5296 2495 5355 oportet
2540 5304 2658 5339 eum
2714 5288 2803 5356 qui
2860 5299 3057 5355 pugnat
3120 5300 3173 5341 et
3224 5289 3451 5343 secunda
3496 5299 3546 5343 et

2384 5370 2575 5427 quarta
2604 5370 2650 5410 et
2685 5367 2830 5409 sexta
2863 5359 2946 5410 die
2984 5360 3133 5411 vesci.

2040 5452 2130 5505 51.
2160 5450 2363 5504 Tribus
2396 5450 2751 5506 hebdomadis
2784 5450 2997 5513 diobus.
3031 5452 3241 5505 scilicet
3283 5453 3548 5516 secunda,

1974 5554 2166 5613 quarta
2188 5553 2243 5598 et
2271 5554 2445 5609 serta,
2488 5558 2658 5597 nonas
2696 5542 2779 5596 fac
2803 5552 3089 5613 perpetuo,
3135 5543 3187 5597 id
3227 5553 3347 5609 est,
3379 5544 3548 5597 semel

1976 5635 2226 5700 comede,
2264 5651 2403 5703 pane
2458 5649 2709 5697 vescens,
2744 5649 2835 5689 sex
2878 5636 3086 5700 unciis;
3113 5650 3179 5687 ex
3212 5636 3376 5689 siccis
3404 5634 3549 5689 cibis

1976 5746 2132 5785 sume
2160 5740 2424 5799 quantum
2452 5729 2685 5784 solliciat
2710 5746 2726 5795 ;
2752 5738 2805 5784 et
2831 5743 3010 5796 aquae,
3046 5729 3090 5783 si
3122 5729 3281 5792 velis.
3310 5739 3421 5784 tres
3455 5742 3549 5782 aut

1976 5836 2210 5895 quatuor
2240 5822 2439 5879 calices
2471 5822 2597 5878 bibe
2620 5838 2635 5889 ;
2677 5838 2941 5879 cunoncm
2968 5836 3204 5891 sequens
3233 5834 3551 5879 sancxoratn
