4278 6442
708 379 816 441 ’103

1582 380 1916 438 CALLISTI
1961 379 2052 435 ΕΤ
2085 373 2372 434 lGNATIl
2405 368 3101 430 XANTIIOPULORUM

3853 360 3960 420 70L

712 501 938 564 habens,
995 510 1212 570 propter
1262 500 1496 569 vigiliam
1530 498 1582 554 fo
1620 511 1784 560 tasse,
1844 514 2046 552 nonam
2088 497 2286 548 solvas.
2320 499 2401 556 Αε

2278 535 2286 545 .
2320 499 2367 556 Α
2394 492 2596 558 νύξεως
2625 507 2637 520 '
2675 491 2855 557 μόνος,
2895 489 2928 558 ἢ
2969 487 3106 556 μετὰ
3139 485 3301 555 φίλης
3340 483 3434 537 xui
3484 482 3792 552 ὁμοτρόπου
3841 497 3967 531 συν-

714 590 828 646 lloc
860 593 1003 646 enim
1038 602 1248 662 oportet
1302 593 1501 655 tat-ere,
1549 603 1601 645 et
1662 591 1791 645 illud
1850 606 1956 644 non
2009 591 2282 644 omittere.

716 686 1089 739 “electionem
1123 687 1290 748 enim,
1327 686 1478 740 ﬁnita
1520 686 1722 756 vigilia,
1755 699 1996 757 praesens
2023 697 2201 736 sermo
2230 688 2290 734 ut

719 777 887 828 iacias
923 775 1270 844 praescripsit.

2395 586 2563 647 οδίας.
2597 585 2744 637 Ποίει
2776 582 2830 635 δὲ
2867 583 2958 633 xui
3011 579 3149 647 μετὰ
3183 576 3364 630 πᾶσάν
3398 593 3491 627 σου
3523 572 3854 641 ἀγρυπνίαν,
3886 585 3973 637 μι-

2401 678 2539 748 κρὰν
2572 675 2943 745 παράκλησιν,
2981 672 3068 725 διὰ
3101 671 3194 724 τὸν
3233 672 3296 722 ὲκ
3326 669 3425 738 τῆς
3470 664 3780 736 ἀγρυπνίας
3815 677 3973 726 γεγε-

2402 770 2638 837 νημένον
2678 769 2869 828 κόπον,
2893 765 2952 818 ἓν
2975 782 3033 817 τε
3070 765 3321 835 βρώμασι
3359 761 3454 812 xui
3484 760 3712 828 πόμασι,
3742 754 3883 807 κατὰ
3914 751 3976 802 τὸ

715 871 933 923 δεῖπνον
957 887 972 902 ο
1015 872 1186 942 ἧγουν
1235 873 1377 940 φάγε
1419 872 1583 940 ἄρτον
1625 871 1851 939 οὐγγίας
1893 871 2041 938 τρεῖς
2071 883 2084 898 ο
2119 865 2416 937 παράθεμὰ
2446 884 2496 918 τι
2531 865 2884 936 ξηρότροφον,
2931 862 2991 915 τὸ
3023 861 3209 914 ίκανόν
3243 875 3366 913 σοι·
3401 858 3492 910 πίε
3545 857 3637 910 xui
3694 851 3837 907 οἶνον
3874 853 3976 904 σῦν

724 969 901 1032 ὕδατι,
939 969 1176 1037 ποτήρια
1216 971 1360 1037 τρία.
1401 967 1544 1036 Ὅρα
1581 968 1638 1019 δὲ
1675 970 1748 1036 μή
1796 985 1910 1028 πως
1951 968 2029 1025 εἰς
2079 966 2299 1034 ἡμέραν
2344 962 2595 1032 ὲννὰτης,
2646 961 2782 1030 ἔχων
2838 958 3169 1029 ἀγρυπνίαν,
3210 955 3298 1008 διὰ
3341 955 3440 1024 τὴν
3475 950 3785 1020 ἀγρυπνίαν
3817 949 3975 1011 ἴσως,

724 1064 1040 1137 καταλύσῃς
1064 1065 1164 1136 τὴν
1199 1067 1455 1135 ὲννάτην.
1489 1067 1662 1118 Τοῦτο
1700 1065 1790 1118 xui
1824 1065 1932 1133 γὰρ
1977 1066 2058 1117 δεῖ
2086 1063 2333 1132 ποιῆσαι,
2362 1062 2581 1115 κὶκεῖνο
2620 1059 2695 1129 μὴ
2725 1057 2967 1126 ἀφιέναι.
2995 1057 3108 1126 Τὴν
3152 1055 3262 1123 γὰρ
3291 1051 3664 1123 παράκλησιν,
3703 1044 3982 1100 τελεσθεί-

723 1179 822 1227 σης
855 1161 953 1227 τῆς
987 1161 1312 1232 ἀγρυπνίας,
1337 1163 1626 1232 διωρίσατο
1652 1163 1679 1214 ό
1707 1164 1863 1229 λόγος
1900 1163 2070 1213 ποιεῖν
2121 1177 2205 1214 σε.

735 1250 1007 1312 Quomodo
1072 1261 1269 1317 oportet
1335 1251 1616 1304 Dominicis
1688 1254 1887 1304 vesci:
1945 1259 1994 1303 et
2060 1251 2124 1303 de
2179 1268 2312 1304 non-

806 1318 965 1371 nullis
1030 1322 1193 1374 aliis:
1259 1323 1326 1374 ad
1351 1321 1578 1386 Itoc,de
1622 1322 1861 1374 molestia
1951 1329 2001 1374 et
2087 1321 2312 1375 humili-

806 1399 938 1440 tate.

804 1503 893 1556 δι.
931 1502 1195 1559 Similiter
1218 1515 1271 1559 et
1312 1504 1612 1559 Dominicis
1645 1505 1904 1561 omnibus
1934 1506 2015 1561 bis
2041 1519 2138 1577 per
2163 1506 2311 1560 diem

2392 1257 2584 1318 Ὅπως
2608 1250 2722 1320 χρὴ
2753 1248 2980 1320 ὲσ-θίειν
3012 1243 3164 1320 acth
3183 1241 3298 1320 ’τὰς
3331 1237 3665 1320 {ﬂuitetde
3700 1233 3798 1320 zeal
3840 1231 3974 1320 περὶ

2465 1303 2920 1390 έῖέὶνίόῖ-γτινῶν·
2960 1317 3109 1384 πρὸς
3133 1313 3221 1376 δὲ,
3264 1303 3364 1364 καὶ
3395 1303 3610 1372 κόπου,
3644 1303 3743 1358 καί
3778 1316 3976 1356 ταπει-

2466 1395 2702 1456 νώσεως
2715 1430 2729 1444 .

2470 1507 2567 1558 λδ’.
2616 1502 2851 1572 Ὁμοίως
2881 1500 2937 1552 δὲ
2971 1500 3075 1553 κάν
3100 1498 3218 1559 ταῖς
3258 1494 3565 1560 Κυριακαῖς
3602 1490 3861 1548 ἁπάσαις,
3897 1487 3979 1548 δὶς

738 1597 990 1663 comede,
1018 1598 1470 1666 quemadmodum
1497 1609 1548 1652 et
1584 1597 1875 1654 Sabbatis:
1928 1614 1992 1654 ea
2025 1609 2202 1653 autem
2231 1615 2316 1654 re-
2398 1600 2422 1652 ἐ

2287 1627 2316 1648 ;ο
2398 1599 2542 1652 ἔσθιε
2581 1597 2681 1665 τῆς
2715 1592 2952 1663 ἡμέρας,
2977 1590 3168 1655 ὥσπερ
3203 1588 3266 1657 δὴ
3299 1585 3394 1638 xui
3432 1586 3489 1637 ὲν
3518 1585 3631 1644 τοῖς
3667 1580 3943 1634 Σάδϐασιν
3965 1595 3976 1607 ·

741 1688 864 1754 gula
912 1690 979 1741 ita
1037 1689 1188 1741 ﬁrma
1252 1689 1588 1754 observetur,
1647 1691 1856 1759 absque
1894 1691 2236 1755 inﬁrmitate;
2278 1705 2310 1746 α
2399 1709 2430 1744 u

2292 1705 2310 1746 ι
2399 1690 2540 1758 αὕτη
2573 1687 2632 1742 δὲ
2663 1688 2696 1756 ἡ
2744 1683 3100 1743 διατύπωσις,
3137 1678 3282 1732 οῦτω
3324 1675 3438 1728 σώα
3480 1672 3777 1742 τηρείσθω,
3811 1669 3981 1738 χωρὶς

743 1778 947 1830 sanctis
969 1778 1111 1831 enim
1145 1779 1392 1833 Patribus
1422 1779 1472 1831 bi
1510 1781 1626 1833 dies
1644 1781 1888 1834 concessi
1907 1790 2032 1834 sunt
2052 1790 2104 1834 et
2129 1781 2316 1847 soluti,

743 1883 808 1919 ex
841 1868 997 1937 longa
1023 1869 1418 1922 consuetudine
1465 1878 1516 1922 et
1552 1870 1875 1938 quibusdam
1896 1869 2080 1923 causis
2123 1884 2318 1923 recen-

2400 1779 2719 1841 ἁσθενείας’
2753 1775 2842 1829 ναὶ
2876 1773 2982 1844 μὴν
3034 1772 3129 1824 xui
3175 1769 3282 1821 τῶν
3329 1769 3440 1828 τοῖς
3492 1765 3658 1825 θείοις
3701 1762 3983 1830 Πατράσιν

2407 1866 2910 1938 ὲκκεχωρημένων,
2936 1863 3033 1916 xui.
3053 1858 3477 1926 ἁπολελυμένων
3500 1855 3702 1907 ὡσανεὶ
3738 1851 3986 1922 ἡμερῶν,

747 1961 1001 2023 tioribus,
1038 1961 1236 2014 divinis
1266 1961 1500 2015 dicimus
1529 1971 1621 2014 aut
1667 1962 1827 2014 etiam
1860 1963 2005 2015 aliis.
2056 1959 2149 2014 llis
2173 1961 2318 2013 enim
2353 1945 2432 2017 Βὲ

2297 1977 2318 2013 ί)
2353 1945 2473 2017 Βέκ
2507 1963 2725 2034 μακρᾶς
2759 1956 3072 2025 συνηθείας,
3097 1955 3192 2007 xui
3223 1953 3413 2006 αἰτιῶν
3445 1967 3604 2002 τινων
3630 1945 3986 2013 καινοτέρων,

745 2049 943 2105 diebus
995 2067 1168 2120 neque
1222 2068 1325 2104 una
1363 2060 1570 2105 tantum
1627 2053 1745 2108 vice
1774 2053 2189 2118 manducamus,
2229 2068 2322 2106 ne-

744 2158 856 2211 que
919 2143 1093 2196 siccos
1124 2143 1272 2196 cibos
1329 2145 1710 2200 con'icdinzus:
1769 2146 1864 2199 sed
1923 2145 2107 2199 omnia
2168 2144 2322 2198 utilia

747 2245 802 2286 ct
836 2235 1331 2304 irreprebensibilia
1370 2245 1424 2290 et
1445 2237 1591 2289 olera
1631 2237 1930 2305 accipimus
1960 2254 1976 2291 :
2011 2248 2323 2308 temperan-

753 2337 836 2380 ter
867 2336 1072 2391 tamen,
1107 2342 1160 2381 et
1189 2346 1311 2383 cum
1345 2330 1703 2382 dcterminata
1733 2331 2071 2398 quantitate:
2108 2345 2325 2400 semper

748 2419 894 2472 enim
957 2420 1224 2488 optimum
1259 2430 1341 2474 est
1393 2421 1447 2474 in
1477 2423 1737 2476 omnibus
1782 2430 2146 2492 temperantes
2179 2437 2322 2478 esse.

752 2511 807 2563 ιι
863 2512 1240 2580 corporalibus
1290 2513 1434 2565 enim
1473 2512 1903 2576 inlirmitatibus,
1971 2523 2032 2568 ut
2065 2513 2326 2578 diximus,

753 2619 861 2656 non
920 2605 1308 2659 erubescentes
1335 2605 1517 2658 omnia
1568 2605 1718 2659 utilia
1757 2606 2006 2673 accipere
2032 2604 2321 2669 debemus,

752 2709 805 2751 et
832 2714 954 2767 qua:
982 2699 1220 2767 legitime
1249 2714 1446 2768 corpus
1476 2709 1721 2752 nostrum
1751 2700 2025 2755 sustinere
2055 2712 2287 2770 possunt
2313 2718 2328 2755 :

753 2789 1110 2855 cupiditatum
1145 2790 1313 2854 enim,
1347 2804 1453 2843 non
1491 2806 1778 2860 corporum
1812 2790 2187 2846 interfectores
2213 2807 2334 2847 esse

755 2883 922 2934 tll\llll
955 2880 1143 2937 Patres
1170 2899 1270 2937 nos
1320 2882 1648 2941 docuerunt.
1681 2885 1948 2940 Similiter
1979 2886 2136 2940 decet
2191 2895 2241 2940 te
2265 2901 2332 2940 ex

757 2973 1016 3026 omnibus
1050 2973 1295 3036 statutis,
1320 2990 1441 3042 quae
1468 2990 1660 3043 nempe
1691 2991 1753 3029 ca
1784 2976 2117 3046 indulgentia
2148 2979 2336 3032 remit-

759 3075 968 3129 tttntur,
1002 3067 1280 3135 paululum
1321 3067 1629 3138 degustare,
1659 3069 1713 3122 in
1747 3070 1972 3138 gloriam
2023 3070 2119 3124 Dei
2171 3080 2226 3125 et
2281 3073 2334 3125 in

763 3160 1064 3226 gratiarum
1110 3160 1378 3214 actionem
1425 3174 1476 3215 et
1539 3162 1605 3215 ad
1665 3161 1944 3215 vitandam
2004 3164 2334 3230 superbiam.

764 3250 1037 3318 Quidquid
1073 3261 1252 3304 autem
1300 3253 1629 3320 superﬂuum
1666 3262 1749 3309 est
1789 3254 2034 3322 repellas.
2082 3274 2099 3304 ι
2134 3253 2334 3308 Rerum

763 3353 943 3394 autem
980 3344 1224 3410 penuria,
1263 3353 1320 3396 ut
1371 3344 1547 3412 inquit
1599 3354 1820 3399 sanctus
1867 3343 2106 3409 lsaacus,
2178 3346 2338 3398 docet

766 3436 1045 3487 hominem
1140 3436 1372 3488 invitum
1427 3450 1491 3488 ac
1594 3437 1894 3498 nolentem,
1975 3436 2338 3490 sobrietatem

763 3541 1020 3590 scrvare;
1104 3527 1381 3594 quoniam,
1468 3542 1590 3580 cum
1661 3528 2043 3582 abundantiam
2114 3537 2169 3582 et
2248 3542 2339 3583 co-

767 3619 911 3685 piam
960 3634 1147 3671 eorum
1187 3619 1509 3688 accipimus,
1565 3635 1666 3673 nos
1715 3621 1863 3689 ipsos
1929 3620 2337 3674 cobiberenou

768 3725 1077 3776 possumus.
1111 3709 1189 3764 Ne
1219 3712 1561 3780 corporalem
1622 3716 1864 3782 requiem
1916 3712 2344 3782 diligas.Anima

776 3803 921 3855 enim
961 3818 1082 3871 qua:
1118 3802 1286 3856 Deum
1322 3805 1518 3874 diligit,
1541 3806 1841 3859 secundum
1872 3805 2020 3873 pium
2074 3804 2339 3868 lsaacum,

770 3895 824 3945 in
861 3893 968 3946 Deo
1007 3898 1123 3948 solo
1152 3896 1392 3964 requiem
1421 3896 1676 3963 possidet.
1713 3913 1731 3946 ι
1799 3894 1988 3950 Potius
2043 3911 2170 3949 vero
2217 3911 2340 3949 cum

771 3987 957 4040 labore
1007 4002 1070 4040 ac
1126 3988 1372 4042 molestia
1425 3996 1479 4042 et
1537 3988 1891 4042 humilitatem
1943 3987 2100 4056 elige.
2160 3987 2345 4041 Labor

770 4081 914 4133 enim
938 4090 992 4134 et
1023 4081 1321 4146 humilitas,
1348 4091 1406 4135 ut
1428 4081 1856 4152 scribitquidam
1888 4091 2132 4147 sanctus,
2159 4080 2345 4137 Jesum

771 4175 1066 4243 possident.

769 4290 1047 4366 Quomodo
1119 4297 1320 4366 Oportet
1364 4289 1529 4366 _ve_sci
1604 4304 1693 4356 per
1761 4287 2339 4366 salictaanuudruge-

844 4362 1030 4424 simas,
1088 4377 1148 4414 ac
1193 4363 1246 4411 in
1293 4359 1479 4428 primis
1528 4375 1619 4427 per
1675 4374 1922 4427 magnam
1986 4358 2350 4427 Quadragesi-

855 4446 994 4482 mam
1004 4468 1018 4482 .

847 4542 936 4596 55.
960 4541 1030 4593 De
1059 4541 1177 4594 vita:
1205 4556 1399 4608 genere
1423 4551 1475 4594 et
1498 4541 1710 4604 ordine,
1744 4555 1836 4608 per
1868 4551 2081 4596 sanctas
2106 4539 2351 4607 Quadra-

776 4635 1014 4701 gesimas
1038 4632 1352 4701 scqucndis,
1378 4631 1980 4700 superﬁuumducimus
2005 4634 2259 4688 minutim
2287 4650 2350 4689 ac
2383 4634 2465 4690 D1

1672 4631 1980 4687 inducimus
2005 4634 2259 4688 minutim
2287 4650 2350 4689 ac
2383 4619 2563 4690 ῡταῖς
2618 4615 2803 4683 ἁγίαις
2860 4611 3361 4701 Τεσσαρακοςτταῖς,

779 4724 1087 4794 specialiter
1115 4724 1412 4778 disserere.
1452 4724 1924 4787 Quemadmodum
1957 4725 2104 4778 enim
2165 4727 2355 4795 praeiu-

778 4817 1020 4870 dicatum
1053 4826 1135 4869 est
1170 4816 1261 4869 tibi
1293 4818 1586 4870 vivendum
1623 4832 1747 4872 esse
1793 4817 1988 4871 diebus
2020 4817 2220 4886 quibus
2258 4833 2356 4872 noo

779 4927 881 4966 uas
937 4909 1074 4962 facis
1107 4952 1122 4975 ,
1178 4911 1250 4962 ita
1314 4917 1369 4962 et
1438 4909 1532 4963 tibi
1569 4910 1785 4974 Operari
1854 4909 1978 4963 licet
2016 4925 2113 4978 per
2137 4921 2355 4965 sanctas

781 5001 1261 5068 Quadragesimas,
1282 5002 1521 5069 exceptis
1542 5001 1800 5056 Sabbatis
1816 5012 1872 5055 et
1895 5001 2211 5056 Dominicis.
2241 5001 2356 5055 lmo

786 5108 937 5155 vero,
971 5092 1014 5146 si
1043 5094 1296 5161 possibile
1322 5103 1430 5157 est,
1457 5104 1511 5145 et
1561 5093 1873 5148 accuratius
1926 5103 1981 5146 et
2023 5093 2353 5161 vigilantius,

787 5197 851 5235 ac
877 5184 1146 5249 pra’cipuc
1178 5197 1271 5247 per
1317 5191 1556 5233 sanctam
1612 5190 1664 5233 et
1693 5195 1944 5250 magnam
1999 5180 2357 5248 Quadragesi-

789 5289 956 5334 tuam,
975 5273 1172 5340 quippe
1199 5287 1318 5339 quae
1344 5274 1414 5325 sit
1445 5274 1613 5326 totius
1655 5271 1783 5324 anni
1813 5272 2122 5334 decimatio,
2151 5280 2204 5324 et
2240 5286 2360 5325 cer-

789 5363 1054 5415 taminum
1080 5377 1171 5429 per
1201 5361 1413 5415 Domini
1451 5362 1694 5414 divinam
1744 5371 1797 5414 et
1837 5361 2100 5413 illustrem
2158 5360 2362 5414 llcsur-

792 5456 1052 5509 rectionis
1080 5457 1251 5518 diem,
1311 5458 1377 5511 iis
1431 5456 1523 5524 qui
1551 5458 1853 5511 secundum
1886 5456 2164 5509 CluiStum
2216 5456 2362 5510 vice-

792 5553 923 5616 rint,
959 5549 1175 5618 prmmia
1231 5550 1485 5618 pra-beat.

791 5708 868 5761 De
914 5707 1328 5774 dijudimtione,
1356 5709 1410 5758 in
1454 5709 1650 5771 specie.
1684 5716 1733 5758 et
1765 5707 1902 5774 quod
1954 5705 2198 5758 mediocri
2235 5721 2359 5774 ope-

1008 5778 1204 5830 rationi
1233 5793 1333 5829 non
1362 5789 1436 5830 cst
1466 5779 1628 5827 Ianuar
1651 5794 1667 5841 ;
1694 5777 1823 5828 etde
1842 5777 2185 5844 subjectione.

865 5917 954 5969 303.
1008 5915 1210 5971 l‘rwtcr
1266 5932 1327 5970 ea
1391 5916 1564 5986 iisque
1627 5916 1821 5971 similia
1877 5923 2088 5983 oportet
2133 5921 2184 5968 te
2231 5925 2353 5966 cum

2406 2057 2629 2120 ἐνθέων,
2665 2051 2924 2123 φαμὲν,ἢ
2967 2049 3058 2101 xui
3102 2047 3382 2100 ἐναντίων.
3427 2045 3515 2096 Ἐν
3559 2042 3658 2111 μὲν
3696 2039 3806 2116 γὰρ
3854 2037 3988 2088 ταύ-

2407 2165 2568 2212 ταις,
2616 2144 2739 2198 οὖτε
2793 2140 3246 2214 μονοφαγοῦμεν,
3317 2137 3441 2190 οῦτε
3508 2132 3989 2203 ξηροτροφοῦμεν·

2411 2238 2548 2294 ἀλλὰ
2573 2237 2794 2291 πάντων
2824 2233 2933 2287 τῶν
2988 2231 3276 2302 χρησίμων
3314 2230 3411 2282 καὶ
3445 2227 3860 2294 ἀνεπιλήπτων,
3900 2223 3992 2274 xui

2410 2329 2659 2401 λαχάνων
2691 2326 2997 2395 μετέχομεν
3023 2341 3036 2354 ·
3068 2321 3353 2392 ἐγκρατῶς
3385 2325 3588 2388 μέντοι.
3617 2319 3709 2371 xui
3731 2317 3870 2384 μετὰ
3896 2315 3995 2380 τῆς

2412 2419 2774 2491 διορισθείσης
2803 2417 3103 2482 ποσότητος
3125 2429 3136 2442 ’
3171 2415 3259 2469 ἀεὶ
3287 2415 3396 2483 γὰρ
3427 2412 3670 2481 ἄριστον,
3703 2411 3760 2461 τὸ
3794 2412 3851 2461 ὲν
3888 2410 3988 2460 πᾶ-

2416 2529 2502 2565 σιν
2533 2509 2988 2582 ὲγκρατεῠεσθαι.
3024 2506 3113 2559 Ἑν
3146 2507 3200 2558 δέ
3220 2523 3282 2572 γε
3309 2507 3430 2567 ταῖς
3457 2504 3802 2571 σωματικαῖς
3834 2500 3996 2552 ἀσθε-

2418 2606 2614 2669 νείαις,
2685 2603 2760 2665 ὡς
2809 2601 3064 2670 ἔφημεν,
3123 2596 3566 2668 ἁνερυθριάστως
3624 2593 3999 2662 μεταληπτέον

2420 2697 2680 2752 ἁπάντων
2709 2693 2820 2746 τῶν
2859 2691 3179 2762 χρησίμων,
3215 2689 3309 2741 xui
3339 2686 3715 2740 συνιστώντων
3746 2685 3805 2736 τὸ
3840 2683 4001 2750 σῶμα

2419 2788 2704 2858 νομίμων·
2779 2783 3148 2844 παθοκτόνους
3218 2781 3328 2849 γὰρ
3357 2819 3372 2840 ,
3439 2779 3501 2830 οὐ
3554 2777 4002 2846 σωματοκτόνους

2418 2883 2570 2954 ἡμᾶς
2595 2879 2887 2948 ὑπάρχειν,
2914 2878 2964 2929 οἱ
2993 2875 3128 2927 θεῖοι
3156 2873 3397 2941 Πατέρες
3426 2870 3691 2933 ἐδίδαξαν.
3725 2867 4003 2928 Ὡσαύτως

2423 2973 2572 3034 εἰκός
2609 2989 2690 3036 σε,
2722 2971 2817 3023 xui
2863 2969 2927 3020 ὲκ
2965 2967 3183 3021 πάντων
3214 2965 3323 3019 τῶν
3368 2961 3729 3029 δεδογμένων,
3761 2960 3881 3029 ἦτοι
3905 2959 4003 3009 ὅσα

2425 3067 2639 3134 ἐφεῖται
2680 3061 2759 3133 τῷ
2801 3059 3208 3128 ὲπαγγέλματι,
3247 3061 3446 3126 μικρὸν
3492 3052 3884 3118 ἀπογεύεσθαι,
3927 3051 4006 3110 είς

2424 3157 2582 3221 δόξαν
2617 3155 2710 3209 xui
2755 3150 3110 3222 εὐχαριστίαν
3149 3147 3310 3210 Θεοῦ,
3346 3147 3439 3198 xui
3501 3145 3592 3197 διὰ
3644 3143 3704 3195 τὸ
3756 3143 3963 3208 ἄτυφον
3991 3155 4006 3169 ο

2425 3248 2774 3317 ἀποστρέφου
2803 3244 2861 3298 δὲ
2891 3245 2983 3296 xui
3009 3243 3076 3294 τὰ
3102 3238 3356 3311 περισσά.
3390 3256 3407 3287 ι
3452 3237 3515 3288 Ἤ
3543 3239 3652 3305 γὰρ
3675 3234 3866 3294 σπάνις
3897 3232 4008 3283 τῶν

2429 3339 2792 3410 πραγμάτων,
2827 3337 2901 3397 ὥς
2941 3350 3107 3403 φησιν
3141 3335 3167 3384 ό
3202 3331 3361 3398 ἆγιος
3399 3328 3610 3390 Ἰσαὰκ,
3642 3327 3886 3379 διδάσκει
3918 3325 4009 3375 τὸν

2428 3428 2716 3497 ἄνθρωπον
2755 3426 2978 3487 ἄκοντα,
3027 3423 3122 3475 xui
3160 3421 3232 3490 μὴ
3266 3420 3610 3488 βουλόμενον,
3665 3417 3769 3482 τὴν
3805 3414 4009 3481 ἐγγρά-

2431 3519 2619 3585 τιιανξο
2680 3517 2837 3582 ἐπεὶ,
2887 3517 3016 3568 ὅταν
3069 3511 3327 3582 εὐθηνίαν
3375 3511 3468 3561 καὶ
3523 3509 3708 3561 ἄδειαν
3757 3506 4011 3572 λάϐωμεν

2431 3605 2660 3669 τούτων,
2700 3605 2760 3656 οὐ
2793 3602 3071 3672 δυνάμεθα
3103 3601 3331 3660 ἑαυτοὺς
3364 3599 3637 3665 κατέχειν.
3685 3593 4013 3662 Σωματικὴν

2433 3699 2742 3754 ἀνάπαυσιν
2778 3695 2853 3764 μὴ
2907 3693 3226 3762 ἀγαπήσῃς.
3282 3689 3446 3757 Ψυχὴ
3496 3689 3605 3756 γὰρ
3654 3687 3688 3755 ἡ
3738 3685 3831 3735 τὸν
3879 3683 4015 3734 Θεὸν

2435 3790 2733 3859 ἀγαπῶσα,
2771 3787 2916 3841 κατὰ
2943 3786 3036 3837 τδν
3066 3785 3216 3836 ὅσιον
3241 3782 3406 3835 πάλιν
3452 3779 3664 3840 Ἰσαὰκ,
3698 3779 3755 3828 ἐν
3785 3775 3862 3843 τῷ
3895 3773 4016 3842 Θεῷ

2437 3884 2533 3937 xui.
2566 3883 2711 3952 μόνῳ
2732 3879 2831 3949 τὴν
2858 3878 3169 3932 ἀνάπαυσιν
3197 3876 3485 3942 κέκτηται.
3520 3890 3538 3921 ι
3573 3869 3791 3924 Μᾶλλον
3826 3865 3884 3918 δὲ
3920 3865 4016 3916 σὺν

2438 3976 2595 4044 κόπῳ
2635 3975 2728 4026 xui
2794 3969 3063 4039 κακουχίᾳ
3114 3967 3211 4021 xui
3263 3965 3324 4019 τὸ
3362 3963 3615 4016 ταπεινὸν
3661 3959 3910 4024 ὲκλέγου.
3959 3957 4018 4008 Ὀ

2440 4069 2551 4138 γὰρ
2573 4067 2762 4127 κόπος,
2789 4063 2886 4118 xui
2921 4063 2955 4131 ἡ
2979 4061 3329 4122 ταπείνωσις,
3353 4056 3556 4127 γράφει
3582 4071 3664 4116 τις
3683 4052 3791 4104 τῶν
3819 4050 4018 4118 ἁγίων,

2440 4159 2678 4212 κτῶνται
2708 4158 2800 4209 τδν
2849 4151 3081 4222 Ἰησοῦν.

2441 4272 2640 4334 Ὅπως
2668 4267 2764 4321 δεῖ
2793 4263 3129 4320 διαιτᾶσθαι
3153 4259 3249 4338 irai
3291 4255 3715 4338 πολιτςιξεσθαι
3745 4252 3896 4338 κατὰ
3918 4251 4016 4338 τᾲς

2510 4328 2684 4408 ἁγίᾶς
2715 4333 3244 4404 Τεσσαραιιοστὰς,
3275 4329 3374 4381 καὶ
3411 4328 3654 4396 μᾶλλον
3713 4328 3862 4376 κατὰ
3911 4328 4023 4389 τὴν

2505 4408 2799 4480 μεγάλην.

2510 4525 2605 4577 λε’.
2641 4522 2779 4591 Περὶ
2811 4520 2867 4573 δέ
2903 4537 2966 4587 γε
3002 4517 3234 4585 διαίτης,
3263 4515 3393 4578 ἴσως
3417 4515 3512 4567 xui
3543 4510 3818 4570 πολιτείας
3839 4508 3939 4576 τῆς
3970 4507 4030 4558 ὲν

3418 4604 3680 4674 περισσὸν
3735 4597 4030 4671 ἡγούμεθα

2445 4704 2798 4777 λεπτομεριῖκ
2857 4703 2951 4757 xui
2993 4702 3139 4762 ίδίως
3182 4697 3582 4769 διερμηνεύειν.
3635 4695 3721 4756 Ὠς
3749 4693 3859 4760 γάρ
3895 4705 4032 4758 προ-

2447 4798 2727 4868 διώρισται
2762 4795 2941 4846 τελεῖν
2970 4809 3052 4855 σε,
3096 4792 3153 4842 ὲν
3183 4787 3270 4851 αἶς
3300 4788 3540 4858 ἡμέραις
3569 4787 3743 4846 ποιεῖς
3775 4781 4028 4843 ἐννὰτας,

2448 4888 2589 4944 οὕτω
2613 4888 2769 4956 θέμις
2794 4887 2888 4938 xui.
2917 4886 2975 4937 έν
2998 4885 3117 4942 ταῖς
3139 4881 3321 4948 ἁγίαις
3349 4877 3830 4950 Τεσσαρακοσταῖς
3862 4872 4031 4941 ἐργά-

2457 4982 2671 5048 ζεσθαι,
2717 4981 2857 5048 πλὴν
2907 4977 3016 5029 τῶν
3059 4973 3352 5028 Σαϐϐάτων
3397 4971 3493 5023 xui
3544 4969 3653 5022 τῶν
3705 4962 4028 5035 Κυριακῶν.

2451 5071 2694 5136 Μᾶλλον,
2729 5070 2778 5121 ει
2812 5065 3057 5128 δυνατὸν,
3083 5063 3177 5116 xui
3205 5059 3614 5130 ἀκριϐέστερον,
3639 5057 3734 5110 xui
3757 5052 4033 5124 νηφαλιώ-

2457 5175 2638 5226 τερον,
2686 5154 2780 5206 xui
2836 5151 3071 5216 μάλιστα
3131 5147 3274 5202 κατὰ
3328 5147 3429 5217 τὴν
3470 5147 3634 5213 ἁγίαν
3669 5159 3765 5198 και
3792 5146 4040 5216 μεγάλην

2457 5242 2934 5315 Τεσσαρακοστὴν,
2972 5241 3046 5303 ὡς
3100 5239 3510 5295 ἀποδεκὰτωσιν
3557 5233 3721 5290 οὖσαν
3767 5237 3866 5290 τοῦ
3913 5240 4038 5292 ὅλου

2459 5336 2728 5399 ἐνιαυτοῦ,
2754 5335 2848 5388 xui
2869 5333 2935 5386 τὰ
2961 5331 3189 5401 βραδεῖα
3211 5330 3321 5382 τῶν
3340 5330 3590 5398 ἀγώνων,
3607 5331 3696 5383 διὰ
3717 5330 3819 5398 τῆς
3839 5333 4041 5383 Δεσπο-

2458 5430 2616 5498 τικῆς
2643 5429 2736 5480 καὶ
2759 5426 2907 5488 θείας
2945 5423 3319 5491 ἁναστασίμου
3363 5423 3459 5474 xui
3481 5423 3880 5491 λαμπροφόρου
3908 5423 4042 5491 ἠμέ-

2464 5537 2584 5590 ρας,
2614 5520 2723 5580 τοίς
2754 5516 2894 5569 κατὰ
2924 5514 3156 5584 Χριστὸν
3177 5512 3355 5582 Ἰησοῦ
3385 5514 3633 5581 νικηταῖς
3675 5513 4043 5582 παρέχουσαν.

2462 5655 2602 5724 Περὶ
2631 5653 3005 5724 διακρίσεως,
3038 5651 3123 5724 ὡς
3165 5650 3241 5724 ἐν.
3277 5651 3463 5724 μέρει,
3505 5648 3724 5724 καίῌὸτι
3755 5648 4044 5724 τῆίέμμέ-

2534 5717 2648 5805 iam
2675 5717 2925 5792 ἐργασίᾳ
2947 5717 2970 5788 ,ί
3003 5719 3140 5791 τιμὴ
3182 5717 3293 5775 οὐκ
3321 5721 3455 5772 ἐστι
3474 5735 3486 5748 ·
3529 5717 3784 5786 καὶπερὶ
3825 5723 4046 5772 uxoru-

2537 5814 2647 5863 γης
2657 5836 2669 5847 ·

2537 5910 2647 5976 λς’.
2674 5909 2820 5980 Πλὴν
2853 5906 2946 5964 xui
2975 5905 3168 5973 ταῦτα,
3199 5906 3292 5961 xui
3329 5904 3393 5959 τὰ
3420 5902 3628 5967 τούτοις
3660 5901 4044 5973 παραπλήσια,
