4278 6442
271 427 376 489 705

1490 429 1886 494 OPUSCULA
1922 427 2305 489 ASCETICA.

3419 425 3525 490 706

270 539 373 607 χρὴ
417 534 662 602 μετιέναι
721 550 779 585 σε
837 533 973 601 μετὰ
1009 531 1271 602 ἀκριϐοῦς
1326 532 1670 604 διακρίσεως,
1716 536 1899 607 πρδςΑ
1933 556 1959 592 a

1837 552 1899 607 :A
1933 551 2185 594 accurata
2208 538 2600 608 dipulicatinne
2645 536 2874 606 ingredi,
2902 538 2966 593 ad
3008 538 3241 609 duplicis
3276 543 3526 595 animan-

269 628 365 697 τὴν
387 626 483 678 τοῦ
509 626 696 678 διπλοῦ
715 625 856 689 ζώου
880 625 1220 694 συμφωνίαν,
1249 626 1340 676 καὶ
1369 625 1648 695 εἰρηναίαν
1680 629 1851 679 κατά-

275 735 481 772 στασιν.
517 740 534 768 ι
557 718 709 770 Μετά
729 717 836 785 γὰρ
861 716 1069 784 σοφίας,
1090 716 1273 783 φησὶν,
1300 715 1660 783 οἰκοδομεῖται
1682 711 1848 778 οἶκος·

274 808 361 859 καὶ
395 807 533 875 μετὰ
571 808 841 867 συνέσεως
893 805 1216 875 ἀνορθοῦται
1241 823 1254 835 ’
1291 807 1384 858 καὶ
1422 806 1728 874 αἰσθήσεως
1751 807 1852 873 ἐμ-

275 897 536 950 πίπλαται
576 896 644 950 τὰ
673 898 898 965 ταμεῖα,
928 897 1130 958 παντὸς
1157 894 1388 947 πλούτου
1413 895 1596 964 τιμίου
1628 895 1720 948 καὶ
1751 911 1852 946 κα-

271 990 385 1043 λοῦ.
418 1009 436 1041 ι
468 990 674 1061 Γράφει
699 990 754 1041 δὲ
781 989 876 1041 καὶ
904 990 931 1040 6
959 988 1102 1049 θεῖος
1143 987 1448 1050 Θαλάσσιος
1476 1004 1488 1017 ⁸
1551 1004 1568 1036 ι
1619 986 1683 1038 Ἣ
1717 983 1854 1055 μετά

271 1083 431 1149 λόγου
449 1081 788 1150 εὐδιάκριτος
811 1080 983 1131 ἔνδεια
1010 1079 1105 1132 καὶ
1129 1079 1402 1148 στενότης,
1426 1078 1677 1147 βασιλικὴ
1705 1079 1853 1128 ἐστιν

267 1175 415 1235 ὁδός·
467 1174 607 1225 ὥστε
662 1173 691 1222 6
742 1170 1056 1237 ἀδιάκριτος
1103 1169 1490 1236 ὑπωπιασμος,
1539 1167 1854 1237 ἢὴά).ογος

267 1266 704 1332 συγκατάΰασις,
729 1261 1026 1330 ἀσύμφορά
1055 1263 1213 1320 εἰσιν,
1232 1260 1306 1320 ὡς
1341 1259 1680 1329 ἑκατέρωθεν
1704 1256 1854 1326 παρά

265 1359 426 1424 λόγον
453 1355 733 1424 γινόμενα.
769 1372 787 1404 ι
823 1354 931 1406 Kal
961 1355 987 1404 6
1013 1353 1156 1412 ὅσιος
1203 1349 1389 1402 Ἰσαάκ
1411 1365 1424 1387 '-
1461 1366 1479 1398 ι
1523 1350 1755 1401 Ἐπεται
1786 1349 1852 1417 τῇ

266 1447 452 1500 ἀνέσει
507 1444 617 1496 τῶν
667 1443 936 1514 μελῶν,ἠ
986 1440 1093 1493 τῶν
1144 1437 1424 1508 λογισμῶν
1477 1437 1734 1500 ἔκστασις
1761 1439 1855 1489 καὶ

271 1539 468 1608 ,ρύρσις
494 1555 508 1568 ·
550 1539 644 1590 καὶ
697 1538 764 1604 τῇ
816 1533 1041 1602 ἀμέτρῳ
1078 1531 1330 1600 ἐργασίᾳ,
1368 1530 1606 1599 ἀκηδία·
1669 1529 1763 1580 καὶ
1788 1528 1854 1597 τῇ

267 1631 493 1698 ἀκηδίᾳ,
523 1629 780 1689 ἔκστασις
801 1642 813 1653 ·
847 1624 1096 1692 διαφέρει
1117 1623 1172 1675 δὲ
1204 1623 1460 1683 ἔκστασις
1512 1620 1852 1681 ἐκστάσεως⁶

265 1725 335 1792 τῇ
369 1721 471 1790 μὲν
500 1720 608 1789 γὰρ
635 1717 829 1789 πρώτῃ
881 1717 1140 1769 ἐκστάσει
1179 1714 1373 1766 ἕπεται
1415 1715 1442 1764 6
1473 1711 1709 1780 πόλεμος
1753 1711 1850 1779 τῆς

267 1813 531 1884 πορνείας
550 1828 564 1842 ·
611 1814 676 1880 τῇ
706 1810 760 1862 δέ
790 1809 1038 1878 δευτέρᾳ,
1070 1809 1101 1878 ὴ
1136 1805 1227 1859 τοῦ
1285 1806 1417 1857 ἰδίου
1445 1803 1852 1873 ἡσυχαστηρίου

1945 631 2012 684 tis
2053 629 2400 682 concordiam
2437 637 2488 680 et
2514 627 2803 695 pacilicum
2837 637 3058 684 statum.
3098 652 3114 680 ι
3153 630 3286 684 Cum
3309 632 3526 699 sapien-

1937 722 2011 776 tia
2038 721 2204 782 enim,
2235 719 2431 787 inquit,
2457 719 2756 771 rediticatur
2791 716 3006 772 domus:
3071 729 3123 772 et
3159 736 3281 774 cum
3321 722 3527 776 intelli-

1938 812 2117 882 gentia
2163 811 2503 864 instauratur
2535 827 2552 868 :
2583 821 2638 864 et
2685 825 2852 864 sensu
2920 811 3243 880 adimpletur
3267 816 3525 869 mrarium

1935 904 2190 958 omnibus
2218 902 2423 957 divitiis
2460 903 2712 971 pretiosis
2750 914 2804 957 et
2837 903 3098 972 pulchris.
3133 924 3150 956 ι
3193 904 3393 962 Scribit
3423 925 3524 962 au-

1939 1004 2046 1050 tem
2076 1007 2130 1049 et
2159 1006 2382 1050 sanctus
2413 994 2730 1049 Thalassius
2766 1014 2779 1048 :
2821 1014 2840 1046 ι
2879 997 3011 1050 Cum
3047 997 3257 1051 ratione
3284 1001 3521 1055 discreta

1939 1087 2234 1156 indigentia
2261 1097 2314 1140 et
2342 1086 2717 1156 angustia,via
2754 1088 2894 1155 regia
2929 1098 3048 1152 est;
3083 1089 3154 1141 ita
3189 1098 3247 1142 ut
3275 1107 3378 1143 non
3409 1093 3523 1146 dis-

1943 1187 2089 1233 creta
2129 1179 2402 1246 sugillatio
2422 1187 2476 1232 et
2506 1178 2903 1232 irrationabilis
2956 1181 3242 1247 prudentia
3303 1183 3520 1236 inutiles

1936 1271 2066 1334 sint,
2109 1280 2368 1340 tanquam
2430 1271 2684 1336 utrinque
2714 1281 2900 1324 contra
2962 1273 3226 1325 rationem
3267 1273 3440 1328 factm.
3493 1291 3514 1325 ι

1937 1364 1998 1417 Et
2020 1364 2142 1433 pius
2178 1364 2327 1416 lsaac
2357 1376 2370 1415 :
2398 1381 2416 1413 ι
2451 1362 2708 1433 Sequitur
2739 1364 3107 1417 membrorum
3139 1367 3514 1420 remissionem

1937 1458 2167 1510 rationis
2197 1456 2541 1510 deordinatio
2569 1464 2624 1510 et
2679 1457 2944 1522 turbatio,
2993 1465 3046 1510 et
3098 1456 3517 1511 immoderatam

1933 1547 2302 1613 operationem
2357 1545 2569 1609 acedia,
2634 1556 2688 1601 et
2737 1547 2982 1601 arediam
3047 1549 3297 1601 exslasis.
3332 1548 3517 1602 Diﬂ‘ert

1933 1650 2110 1692 autem
2146 1638 2380 1693 exstasis
2411 1640 2478 1690 ab
2517 1640 2745 1691 exstasi.
2802 1638 3037 1692 Primam
3075 1640 3216 1692 enim
3255 1644 3516 1694 cxstasim

1931 1733 2178 1802 sequitur
2250 1730 2627 1784 fornicationis
2698 1730 2938 1796 bellum,
3001 1735 3296 1786 secundam
3391 1750 3519 1789 vero

1935 1823 2139 1892 proprii
2169 1822 2430 1876 domicilii
2477 1821 2758 1876 derelictio
2788 1833 2842 1876 et
2873 1837 2901 1874 a
2938 1824 3057 1876 loco
3099 1825 3149 1877 in
3198 1825 3377 1878 locum
3419 1827 3518 1878 mi-

268 1903 616 1970 κατὰλειψις,
649 1901 742 1954 καὶ
766 1899 874 1952 ἀπὸ
892 1901 1058 1952 τόπου
1087 1900 1168 1960 εἰς
1190 1899 1354 1950 τόπον
1380 1894 1760 1964 μετακίνησις·
1788 1897 1901 1965 cf”;
1935 1929 1957 1983 ε

1823 1897 1901 1986 fill
1935 1915 2148 1983 gratio;
2181 1915 2469 1968 moderatae
2497 1923 2676 1968 autem
2707 1923 2760 1969 et
2789 1916 3052 1984 patienter
3073 1918 3284 1970 duranti
3319 1933 3511 1986 opera-

266 1995 326 2047 δὲ
355 1993 620 2063 ἐμμέτρῳ
654 1993 746 2045 καὶ¹
774 1990 1048 2052 ἐπιπόνως
1075 1991 1406 2060 διαμενούσῃ
1436 1987 1692 2058 ἐργασίᾳ,
1723 1985 1855 2055 τιμὴ

268 2091 376 2141 οὐκ
405 2088 548 2140 ἔστι·
587 2086 795 2138 τούτων
833 2084 890 2136 δέ
942 2085 976 2152 ἠ
1012 2082 1239 2153 μείωσις
1288 2081 1406 2150 μὲν,
1456 2077 1719 2148 πληθύνει
1757 2073 1857 2144 τὴν

266 2181 469 2249 ἡδονήν
489 2195 508 2212 ο
536 2179 569 2248 ἡ
604 2179 659 2231 δὲ
681 2176 938 2246 ἀμετρία,
963 2175 1063 2244 τὴν
1093 2173 1370 2226 ἔκστασιν.
1409 2189 1429 2222 ι
1463 2170 1570 2223 Kal
1608 2170 1636 2221 6
1684 2167 1857 2237 μέγας

267 2272 527 2341 Μάξιμος
551 2287 566 2302 ο
629 2288 647 2320 ι
688 2270 780 2338 Μὴ
831 2267 960 2336 ὃλην
1015 2268 1114 2335 τὴν
1153 2263 1350 2334 σχολὴν
1399 2262 1528 2332 περὶ
1551 2261 1650 2328 τὴν
1674 2259 1856 2328 σάρκα

269 2367 401 2435 ἔχει
434 2363 549 2416 ἀλλ’
582 2363 767 2431 ὂρισον
797 2359 934 2429 αὐτῇ
974 2357 1072 2428 τὴν
1121 2357 1262 2410 κατά
1317 2354 1546 2422 δύναμιν
1590 2351 1853 2419 ἄσκησιν·

271 2455 372 2507 καὶ
411 2454 533 2506 ὅλον
564 2453 657 2504 τὸν
709 2451 856 2514 νοῦν,
900 2450 1030 2518 περὶ
1081 2447 1151 2500 τά
1180 2445 1328 2498 ἔνδον
1378 2444 1594 2515 τρέψον.
1659 2443 1722 2494 Ἦ
1749 2439 1857 2509 γὰρ

272 2543 570 2613 σωματικὴ
599 2541 878 2611 γυμνασία
899 2539 1034 2608 πρὸς
1067 2537 1248 2605 ὀλίγον
1271 2535 1419 2589 ἐστὶν
1453 2533 1730 2602 ὠφέλιμος
1751 2547 1764 2560 ·
1822 2530 1855 2599 ή

269 2637 328 2687 δὲ
351 2633 607 2690 εὐσέϐεια
658 2631 794 2701 πρὸς
838 2633 1038 2691 πάντα,
1075 2629 1169 2681 καὶ
1199 2628 1268 2680 τὰ
1320 2626 1450 2694 ἑξῆς
1475 2641 1488 2655 ·
1519 2626 1566 2678 εί
1593 2624 1650 2676 δέ
1681 2640 1796 2685 πως
1822 2623 1856 2692 ὴ

270 2728 374 2794 τῆς
411 2724 616 2794 σαρκὸς
658 2723 928 2789 πλάστιγξ
982 2720 1256 2783 ἀνθέλκει,
1311 2719 1408 2772 καὶ
1462 2717 1736 2785 τυραννεῖ,
1763 2715 1859 2767 καὶ

275 2815 505 2886 βαρύνει
533 2813 633 2883 τὴν
661 2816 761 2883 τῆς
794 2813 974 2882 ψυχῆς
1005 2811 1337 2878 πλάστιγγα,
1388 2809 1524 2879 πρὸς
1554 2808 1724 2879 ῥοπὰς
1763 2806 1857 2860 καὶ

274 2910 524 2978 κινήσεις
575 2906 867 2968 ἀτάκτους,
926 2905 1020 2956 καὶ
1058 2901 1435 2971 ψυχοφθόρους
1492 2898 1854 2961 καθέλκουσα,

271 3001 414 3054 καθὸ
442 3000 778 3068 γέγραπται,
809 2996 874 3048 Ἦ
897 2994 1035 3064 σάρξ
1052 2995 1310 3063 ἐπιθυμεῖ
1337 2993 1477 3046 κατά
1500 2990 1592 3044 τοῦ
1617 2990 1859 3059 πνεύμαο

271 3111 387 3157 τος,
426 3091 524 3145 καὶ
552 3091 614 3143 τὸ
638 3089 854 3157 πνεῦμα
887 3088 1028 3140 κατά
1056 3087 1154 3155 τῆς
1179 3085 1401 3157 σαρκός.
1449 3103 1467 3136 ι
1524 3083 1663 3136 Ἀλλ’
1696 3081 1858 3144 αὐτὸς

273 3185 483 3254 ταύτην
511 3182 674 3253 κημῴ
692 3179 1026 3250 ἐγκρατείας
1046 3176 1376 3248 χαλινώσας,
1408 3175 1704 3244 νέκρωσον,
1753 3173 1858 3234 ἔως

273 3279 341 3331 ἂν
371 3246 470 3330 καὶ
498 3246 743 3339 ἄκουσα,
784 3246 1002 3343 εὐήνιος
1050 3246 1320 3342 γένηται·
1357 3269 1452 3323 καὶ
1500 3269 1746 3337 ὑποταγῇ
1782 3246 1895 3337 «pc

277 3369 576 3438 κρείττονι,
616 3363 969 3435 μεμνημένος
996 3361 1091 3415 τοῦ
1127 3362 1363 3431 μεγάλου
1388 3361 1691 3430 φάσκοντος
1717 3357 1860 3413 Παύ-

273 3462 370 3514 λου
395 3475 410 3490 ⁶
442 3477 462 3511 ι
501 3459 669 3510 Ὅσον
690 3459 719 3509 6
751 3456 858 3521 ἔξω
887 3456 1046 3525 ἡμῶν
1071 3454 1360 3524 ἄνθρωπος
1398 3452 1701 3522 φθείρεται,
1735 3468 1858 3504 τοσ-

272 3550 486 3602 οῦτονό
516 3546 626 3599 ἔσω
671 3543 1063 3599 ἀνακαινοῦται
1121 3543 1303 3614 ἡμέρᾳ
1331 3544 1397 3612 τῇ
1437 3542 1638 3612 ἡμέρᾳ.
1683 3560 1701 3593 ι
1753 3541 1860 3594 Kal

271 3641 370 3696 τοῦ
401 3641 560 3708 ἁγίου
599 3637 789 3692 Ἰσαάκ
813 3651 825 3665 ·
865 3653 885 3685 ι
925 3635 1079 3687 Δίδου
1104 3633 1328 3686 σεαυτὸν
1351 3631 1640 3684 ἀποθανεῖν
1665 3632 1722 3681 ἐν
1748 3631 1859 3691 τοῖς

273 3733 652 3801 ἀγωνίσμασι,
700 3728 796 3780 καὶ
837 3727 913 3796 μὴ
947 3725 1048 3795 ζῇν
1091 3726 1147 3776 ἐν
1174 3723 1430 3793 ἀμελείᾳο
1476 3723 1538 3775 οὐ
1566 3721 1723 3792 μόνον
1748 3720 1858 3791 γὰρ

280 3828 326 3878 οἱ
350 3825 441 3877 διὰ
469 3822 566 3892 τὴν
595 3822 676 3883 είς
707 3818 943 3888 Χριστὸν
973 3815 1157 3868 πίστιν
1176 3815 1462 3883 δεξάμενοι
1495 3811 1586 3865 τὸν
1607 3813 1857 3877 θάνατον,

278 3913 562 3988 μάρτυρές
586 3915 746 3973 εἰσιν,
775 3909 912 3963 ἀλλά
939 3909 1036 3961 καὶ⁸
1055 3909 1101 3959 οί
1126 3907 1215 3959 διὰ
1238 3905 1338 3975 τὴν
1365 3904 1474 3956 τῶν
1513 3902 1742 3958 ἐντολῶν
1764 3905 1832 3956 αὑ

273 4007 374 4060 τοῦ
408 4008 643 4075 τήρησιν
673 4000 1140 4069 ἀποθνήσκοντες.
1189 3997 1298 4050 Kal
1327 3997 1575 4066 κρεῖσσον
1602 3997 1735 4065 ἡμῖν
1765 3994 1860 4049 θά-

275 4113 440 4160 νατος
466 4098 523 4148 ἐν
548 4095 626 4164 τῷ
652 4091 847 4162 ἀγῶνι,
877 4091 910 4160 ἢ
946 4089 1109 4160 ζῆσαι
1141 4088 1197 4140 ἐν
1228 4085 1654 4158 παραπτώματι.
1693 4105 1712 4139 r
1750 4086 1860 4139 Kal

278 4188 391 4258 πρό
418 4203 485 4255 γε
517 4184 762 4248 πάντων,
826 4181 962 4253 μετὰ
1010 4179 1205 4250 βουλῆς
1251 4180 1346 4232 καὶ
1375 4179 1697 4248 ἐρωτήσεως
1743 4178 1856 4244 ἔσο,

274 4281 459 4331 πάντα
493 4275 665 4328 ποιῶν
686 4273 780 4327 τοῦ
813 4271 909 4325 σοῦ
933 4271 1074 4326 κατά
1105 4269 1309 4338 Κύριον
1342 4269 1713 4338 πνευματικοῦ
1743 4270 1858 4322 Πα-

272 4368 429 4433 τρός.
461 4363 621 4418 Οὕτω
645 4362 774 4434 γὰρ,
803 4359 1042 4432 Χριστοῦ
1074 4361 1278 4429 χάριτι,
1315 4358 1408 4410 καὶ
1428 4359 1495 4410 τὰ
1534 4358 1742 4428 ἐπαχθῆ
1767 4357 1858 4411 καὶ

273 4460 510 4528 ἀνάντη,
542 4457 744 4523 κοῦφα,
784 4454 882 4506 καὶ
907 4453 983 4514 ὡς
1020 4453 1162 4504 κατὰ
1191 4450 1429 4520 πρανοῦς
1484 4449 1668 4502 πεδίου
1717 4450 1858 4517 δόξει

274 4563 363 4598 σοι
398 4541 688 4614 φέρεσθαι.
727 4539 868 4594 Ἀλλ’
895 4539 1177 4591 ἐπανιτέον
1203 4538 1325 4591 ὅθεν
1349 4538 1663 4608 ἐξήλθομεν.

273 4703 473 4766 Ὅπως
493 4698 584 4752 δεῖ
605 4699 714 4750 τὸν
746 4696 1179 4766 ἀγωνιζόμενον
1210 4696 1548 4766 διέρχεσθαι
1597 4697 1665 4750 τό
1710 4700 1860 4766 μετὰ

342 4771 418 4826 τὸ
450 4771 648 4837 γεῦμα
700 4768 837 4835 ἄχρι
887 4769 1120 4830 δύσεως
1171 4768 1348 4832 ἡλίου
1395 4767 1724 4835 διάστημα·
1759 4770 1858 4822 καὶ

343 4843 437 4894 ὅτι
461 4839 558 4893 δεῖ
581 4839 912 4897 πιστεύειν,
947 4837 1099 4906 κατὰ
1139 4837 1257 4906 τὸν,
1281 4839 1490 4906 κόπον,
1531 4841 1628 4890 καὶ
1665 4837 1729 4890 τὸ
1754 4837 1858 4906 μέ-

342 4925 492 4978 τρον
520 4905 1175 4978 τῆςνέργασξαςλὴμῶγν
1203 4905 1318 4970 τὴν
1356 4905 1471 4978 τῶν
1495 4907 1667 4962 θείων
1692 4905 1857 4976 χάρι-

347 4975 601 5048 σμὰτων
631 4976 928 5045 διανομὴν
950 4975 1322 5028 ἐπιδίδοσθαι
1351 4975 1508 5044 ἡμῖν.

320 5125 432 5188 λζ’.
462 5121 620 5177 Μετὰ
651 5122 708 5175 δέ
741 5137 807 5190 γε
833 5119 894 5174 τδ
915 5118 1212 5191 ἀριστῆσαι
1247 5117 1322 5183 ὡς
1343 5119 1424 5172 δεῖ
1460 5117 1552 5173 τὸν
1579 5116 1842 5187 ἀγωνιζόσ
1891 5159 1909 5184 ,

258 5234 450 5286 μενον,
487 5214 632 5267 κατά
657 5213 753 5268 τὸν
801 5211 1095 5265 θεσπέσιον
1129 5210 1364 5276 Παῦλον,
1401 5210 1726 5276 κελεύοντα,
1765 5210 1844 5262 ὅτι

255 5310 287 5361 ὁ
304 5303 719 5374 ἀγωνιζόμενος
756 5302 938 5355 πάντα
966 5301 1383 5370 ἐγκρατεύεται,
1419 5299 1694 5368 ἀνάγνωθι
1715 5299 1843 5352 καθ-

263 5400 492 5466 ήμενος,
526 5396 585 5446 ἐν
608 5396 725 5456 τοῖς
758 5395 1042 5462 νηπτικοῖς
1063 5392 1289 5444 τοπλέον
1326 5390 1846 5460 συγγράμμασιτῶν

261 5487 553 5556 Πατέρων,
584 5483 808 5547 ἱκανῶς.
848 5483 960 5536 Καὶ
985 5483 1172 5536 ἔκτοτε
1201 5482 1496 5552 κοιμήθητι
1516 5482 1663 5551 ὤραν
1699 5479 1846 5547 μίαν,

261 5582 428 5648 εἴπερ
456 5579 596 5630 εἰσὶν
625 5579 680 5630 al
714 5575 918 5646 ἡμέραι
952 5576 1206 5645 μεγάλαι.
1245 5571 1358 5627 Εἴθ’
1385 5574 1556 5635 οὕτως
1591 5574 1846 5637 ἀναστὰς,

267 5670 470 5739 μικρὸν
497 5668 912 5737 ἐργοχείρησον,
953 5667 1175 5737 κρατῶν
1205 5667 1298 5720 καὶ
1346 5665 1441 5730 τὴν
1477 5666 1656 5735 air/fy).
1696 5663 1848 5716 Μετὰ

381 5831 428 5862 ⁵⁸
451 5826 494 5882 ll
525 5828 652 5883 Cor.
677 5841 753 5896 tv,
797 5826 888 5884 16.

1863 4585 1911 4643 D

1935 2008 2066 2060 tioni
2102 2021 2206 2059 non
2231 2014 2311 2059 est
2346 2006 2544 2072 ltonor,
2573 2021 2762 2061 eorum
2785 2020 2966 2062 autem
2999 2009 3348 2065 mediocritas
3380 2013 3513 2064 laeti-

1935 2097 2060 2152 tiam
2097 2097 2364 2168 adauget;
2391 2099 2808 2154 immoderantia
2848 2116 2976 2155 vero
3000 2103 3285 2155 exstasim.
3305 2102 3369 2155 Et
3397 2118 3512 2155 nia-

1931 2204 2070 2260 gnus
2098 2188 2360 2246 Maximus
2389 2204 2405 2245 :
2436 2208 2455 2242 ι
2494 2189 2572 2247 Ne
2601 2205 2761 2246 omne
2816 2200 3028 2264 tempus
3055 2193 3110 2247 in
3135 2207 3353 2246 carnem
3408 2194 3513 2246 iut-

1932 2280 2157 2352 pendas,
2175 2281 2268 2337 sed
2284 2283 2331 2338 ei
2356 2282 2553 2336 adhibe
2574 2296 2673 2352 pro
2698 2283 2904 2338 viribus
2927 2284 3241 2338 exercitium
3261 2295 3312 2338 et
3343 2293 3509 2339 totam

1931 2383 2166 2427 mentem
2232 2374 2289 2427 in
2346 2373 2610 2430 interiora
2653 2383 2968 2430 convertas.
3021 2375 3312 2443 Corporale
3367 2379 3511 2431 enim

1929 2463 2253 2519 exercitium
2285 2481 2394 2520 non
2427 2468 2580 2523 valde
2601 2477 2685 2523 est
2717 2468 2868 2523 utile:
2902 2470 3078 2538 pietas
3107 2470 3175 2523 ad
3210 2472 3416 2536 omnia,
3459 2482 3513 2524 et

1930 2565 2150 2611 caetera.
2182 2556 2238 2611 Si
2265 2567 2445 2612 autem
2495 2559 2902 2629 quodammodo
2935 2563 3121 2616 carnis
3173 2577 3305 2615 cura
3334 2572 3506 2615 attra-

1932 2648 2012 2703 bit
2041 2659 2094 2704 et
2127 2653 2410 2721 tyrannice
2464 2666 2653 2707 curam
2707 2654 2904 2708 animas
2951 2655 3113 2724 regit,
3152 2670 3384 2724 eamque
3415 2669 3511 2724 ag.

1929 2749 2116 2809 gravat
2139 2742 2205 2795 ad
2256 2743 2596 2799 inordinatos
2644 2755 2827 2799 motus
2855 2753 2908 2800 et
2944 2747 3135 2800 anima:
3177 2748 3377 2802 noxios
3431 2749 3511 2802 in-

1929 2835 2127 2899 citans,
2161 2841 2220 2888 ut
2242 2837 2503 2906 scriptum
2535 2846 2618 2893 est
2648 2854 2664 2893 :
2702 2839 2843 2894 Caro
2889 2841 3223 2908 concupiscit
3249 2841 3510 2896 adversus

1928 2926 2201 2994 spiritum,
2261 2938 2316 2982 et
2382 2929 2607 2997 spiritus
2644 2931 2908 2986 adversus
2970 2948 3231 2999 carnem;
3265 2934 3359 2988 sed
3392 2934 3510 3004 ipso

1928 3028 2045 3068 eam
2083 3017 2441 3086 temperantia
2493 3017 2734 3084 frenans,
2760 3021 2949 3075 occide
3000 3021 3356 3090 quoadusque
3423 3023 3505 3076 vel

1929 3108 2094 3161 invita
2125 3109 2315 3164 docilis
2339 3110 2481 3164 facta
2515 3112 2678 3166 fuerit
2711 3153 2726 3178 ,
2759 3123 2812 3168 et
2865 3114 3074 3168 meliori
3126 3116 3363 3174 obediat.
3422 3132 3508 3170 reo

1926 3204 2181 3258 cordatus
2210 3219 2396 3256 eorum
2434 3219 2554 3273 qua:
2592 3221 2817 3275 magnus
2840 3207 3039 3261 Paulus
3066 3209 3274 3263 dictitat
3307 3225 3323 3264 :
3359 3211 3508 3274 «Quo

1932 3297 2106 3364 magis
2165 3297 2402 3350 exterior
2436 3297 2600 3351 homo
2628 3311 2812 3354 noster
2843 3303 3237 3369 corrumpitur,
3269 3316 3335 3355 eo
3393 3317 3507 3355 ma-

1930 3388 2013 3458 gis
2044 3389 2270 3442 interior
2301 3400 2598 3444 renovatur
2618 3391 2793 3460 dendie
2831 3393 2882 3445 in
2913 3394 3053 3446 diem
3078 3395 3148 3446 “.
3190 3413 3208 3445 ι
3273 3392 3338 3446 Ει
3381 3410 3506 3449 sau-

1929 3493 2051 3538 ctus
2083 3483 2262 3537 Isaac:
2298 3483 2436 3538 «Fac
2464 3495 2514 3539 te
2535 3488 2712 3554 ipsum
2735 3487 2788 3540 in
2810 3488 3200 3543 certaminibus
3227 3490 3385 3557 mori,
3410 3508 3506 3546 ne-

1933 3592 2038 3643 que
2080 3577 2132 3630 in
2155 3577 2365 3630 incuria
2400 3579 2893 3643 vivere;nonenim
2920 3591 3130 3634 tantum
3175 3583 3338 3651 iiqui
3378 3599 3505 3653 pro-

1927 3679 2046 3739 pter
2068 3669 2271 3724 Christi
2302 3670 2460 3724 tidem
2488 3681 2712 3724 mortem
2747 3686 3025 3740 accepere,
3049 3686 3315 3745 martyres
3353 3687 3504 3741 sunt,

1933 3769 2028 3821 sed
2067 3775 2121 3818 et
2156 3764 2248 3833 qui
2306 3772 2527 3832 propter
2579 3765 2952 3818 mandatorum
3003 3766 3123 3834 ejus
3167 3771 3504 3824 observatio-

1929 3873 2052 3914 nem
2098 3860 2420 3911 moriuntur.
2448 3855 2514 3910 Et
2531 3857 2710 3924 potius
2733 3857 2889 3912 nobis
2911 3868 2989 3911 est
3012 3858 3339 3913 decertando
3359 3863 3496 3916 mori

1932 3965 2096 4019 quam
2125 3949 2374 4003 cadendo
2407 3949 2608 4003 vivere.
2647 3967 2665 4000 ι
2689 3948 2755 4002 Et
2789 3961 2913 4004 ante
2944 3951 3125 4006 omnia
3155 3968 3278 4007 cum
3325 3959 3503 4009 consi-

1928 4042 2000 4096 lio
2041 4052 2094 4096 et
2118 4041 2538 4109 interrogatione
2567 4051 2705 4102 esto,
2739 4044 2918 4094 omnia
2950 4041 3154 4098 faciens
3224 4060 3344 4113 quas
3407 4049 3501 4104 tibi

1933 4138 2318 4202 prmscripserit
2349 4135 2508 4186 Pater
2540 4142 2664 4186 tuus
2684 4133 3000 4201 spiritualis.
3024 4136 3278 4189 itaenuu.
3298 4138 3497 4195 Christi

1929 4226 2122 4298 gratia,
2147 4237 2201 4280 et
2228 4227 2417 4278 odiosa
2464 4236 2519 4280 et
2572 4225 2804 4293 ingrata,
2837 4225 2970 4280 levia
2990 4226 3139 4292 ﬁent,
3162 4239 3216 4284 et
3246 4239 3498 4299 tanquam

1928 4322 2085 4390 plano
2137 4320 2328 4372 itinere
2358 4318 2451 4370 tibi
2499 4318 2767 4373 videbitur
2813 4318 2966 4374 ferri.
3000 4317 3101 4374 Sed
3166 4326 3495 4380 redeundum

1929 4411 2071 4466 unde
2099 4408 2392 4470 exivimus.

1931 4685 2203 4751 Quomodo
2248 4689 2450 4751 oportet
2509 4688 2792 4752 certantem
2840 4689 3041 4745 tempus
3095 4682 3322 4735 transire
3350 4685 3488 4752 quod

2001 4765 2075 4809 est
2105 4758 2241 4807 inter
2262 4749 2541 4819 pramliunt
2573 4763 2616 4801 et
2645 4749 2769 4802 solis
2792 4765 3032 4803 occasum
3055 4767 3072 4812 ,'
3095 4763 3139 4802 et
3173 4752 3308 4817 quod
3335 4749 3491 4818 apar—

2005 4835 2072 4877 tet
2126 4818 2333 4875 credere
2395 4824 2446 4873 in
2506 4818 2681 4871 labore
2716 4827 2764 4869 et
2803 4834 3050 4872 mensura
3077 4833 3271 4873 nosme
3303 4839 3492 4888 opera-

2005 4895 2162 4946 tionis
2213 4895 2505 4944 divinorum
2555 4896 2811 4940 donorum
2859 4892 3303 4955 perseverantiam
3341 4894 3488 4945 nobis

2010 4979 2308 5016 concessam
2341 4977 2473 5013 8888.

2009 5098 2098 5151 57.
2143 5097 2267 5150 Post
2294 5092 2578 5163 prandium
2610 5102 2789 5145 autem
2822 5091 3094 5159 quomodo
3123 5103 3332 5159 oportet
3373 5108 3492 5147 cer-

1938 5199 2140 5243 tantem
2177 5188 2377 5246 vivere,
2419 5183 2720 5237 secundum
2764 5181 3003 5234 divinum
3042 5181 3269 5235 Paulum
3290 5183 3494 5236 doeeuo

1938 5291 2066 5344 tein,
2116 5293 2234 5332 eum
2275 5276 2365 5343 qui
2417 5283 2608 5336 certat,
2647 5273 2824 5325 omnia
2861 5274 3098 5335 vincere,
3134 5273 3246 5342 lege
3279 5275 3495 5339 sedens,

1937 5370 2258 5439 plerumque
2291 5367 2345 5418 in
2384 5365 2635 5418 asceticis
2666 5362 2884 5414 Patrum
2936 5362 3088 5414 libris
3139 5363 3490 5418 sufﬁcienter.

1937 5461 2013 5514 Ac
2063 5459 2251 5511 deinde
2300 5471 2462 5509 unam
2495 5455 2683 5507 horam
2715 5453 2908 5516 dormi,
2942 5454 2990 5507 si
3028 5455 3166 5522 longi
3204 5453 3313 5507 sint
3357 5453 3495 5509 dies.

1943 5552 2142 5606 Deinde
2171 5565 2390 5603 rursum
2432 5561 2681 5615 surgens,
2709 5544 2927 5613 paulum
2962 5546 3212 5599 manibus
3249 5560 3495 5614 operare,

1942 5645 2242 5697 orationem
2288 5655 2503 5708 quoque
2557 5651 2846 5705 omupans.
2887 5637 3078 5690 Postea
3132 5652 3259 5691 vero
3311 5640 3494 5704 adora,
