4278 6442
756 417 864 484 ’ἴθῖ

1586 415 1923 477 CALLISTI
1976 418 2068 477 ET
2114 413 2415 481 IGNATII
2479 411 3168 474 XANTHOPULOEUM

3894 433 3997 494 708

762 548 820 590 ut
855 538 964 604 jam
998 534 1203 589 dictum
1236 542 1337 586 est.
1373 530 1539 601 Lege,
1573 531 1859 593 meditare,
1888 537 1941 583 et
1972 544 2104 583 cura
2137 539 2195 579 ιιι
2230 530 2328 579 bu-
2359 530 2451 592 Αδ

2314 555 2328 564 ·
2359 530 2401 589 Α
2425 537 2491 609 δὴ
2520 538 2694 593 ταῦτα
2752 537 3074 610 πρόσευξαι,
3119 537 3195 600 ὡς
3227 536 3629 610 προδεδήλωται
3649 551 3664 565 ⁶
3708 535 4003 602 ἀνάγνωθι,

763 629 990 683 milieris
1040 636 1095 681 et
1151 625 1383 695 teipsum
1417 624 1617 677 habeas
1646 622 1789 676 infra
1820 636 2012 676 onmes
2044 618 2318 673 homines.

768 742 788 776 ι
823 723 925 789 Qui
964 720 1107 773 cutim
1137 732 1196 772 se
1228 716 1573 778 exaltaverit,
1604 713 1986 768 humiliabitur
2013 730 2027 778 ;
2059 723 2112 767 et
2137 712 2227 781 qui
2268 725 2328 764 se

767 812 1150 876 humiliaverit,
1181 808 1508 865 exaltabitnr
1554 809 1597 841 "
1628 845 1643 860 .
1689 826 1708 861 ι
1757 809 1855 860 Et:
1893 826 1911 859 ι
1952 805 2054 872 Qui
2116 805 2331 859 videtur

763 918 931 969 stare.
963 913 1151 961 caveat
1178 918 1245 956 ne
1261 902 1418 957 cadat
1440 901 1508 955 ⁸⁸.
1542 920 1558 953 ι
1604 900 1699 954 Et:
1734 917 1753 951 ι
1796 898 2057 953 Dominus
2085 895 2331 966 superbis

766 999 992 1063 resistit,
1050 995 1350 1051 humilibus
1398 992 1578 1048 antem
1642 992 1737 1046 dat
1779 992 2006 1059 gratiam
2046 990 2117 1046 “.
2154 1005 2173 1039 ι
2211 990 2273 1042 Ει
2311 1003 2328 1042 :

771 1112 790 1142 ι
841 1092 1056 1145 Initium
1117 1089 1407 1156 superhim,
1472 1085 1684 1138 nescire
1738 1083 2021 1138 Dominum
2061 1084 2103 1137 ⁸.
2158 1099 2177 1132 ι
2215 1080 2327 1133 Et:

770 1205 789 1236 ι
846 1182 1077 1253 Superbi
1124 1178 1456 1249 transgressi
1506 1188 1628 1232 sunt
1686 1177 1845 1231 nimis
1874 1178 1916 1228 ’.
1961 1193 1980 1227 ι
2016 1176 2118 1229 Et:
2153 1193 2172 1225 ι
2211 1173 2331 1229 Non

767 1279 872 1330 alia
926 1276 1221 1344 sapit-tiles,
1280 1272 1372 1326 Sl‘ti
1440 1270 1734 1323 humilibus
1791 1269 2198 1323 consentientes
2225 1268 2269 1321 ³.
2306 1286 2327 1320 ι

770 1368 909 1421 Dicit
974 1375 1152 1418 autem
1223 1374 1275 1416 ct
1355 1361 1514 1415 divus
1568 1361 2031 1429 Chrysostomus:
2069 1378 2087 1410 ι
2147 1359 2236 1412 Ille
2274 1374 2333 1414 se

768 1460 971 1527 Optime
1023 1456 1218 1516 noscit,
1244 1458 1336 1523 qui
1374 1468 1430 1507 se
1467 1451 1601 1504 nihil
1632 1466 1754 1505 esse
1792 1458 1984 1518 putat;
2023 1449 2157 1502 nihil
2183 1450 2328 1502 enim

768 1563 836 1602 ita
864 1549 972 1603 Deo
1004 1550 1227 1600 charum
1250 1554 1528 1613 est,quam
1549 1558 1607 1597 se
1626 1558 1750 1596 cum
1777 1543 1986 1597 ultimis
2016 1552 2325 1610 reputare.»

772 1643 832 1694 Et
874 1650 1097 1695 sanrtns
1131 1641 1277 1690 Isaac
1312 1653 1325 1687 :
1387 1655 1403 1686 ι
1455 1634 1765 1689 liuliiilibus
1794 1634 2101 1688 revelantur
2132 1646 2331 1702 myste-

768 1748 869 1787 ria.
904 1749 921 1780 ι
949 1730 1048 1784 Et:
1078 1748 1094 1779 ι
1130 1728 1230 1782 Ubi
1267 1727 1533 1795 grrminat
1560 1725 1854 1788 humilitas,
1884 1726 1954 1778 ibi
1992 1740 2206 1793 quoque
2240 1723 2329 1778 Dei

2428 631 2748 702 μελέτησον,
2794 632 2889 684 καὶ
2935 630 3241 683 σπούδασον
3270 630 3357 683 ἵνα
3383 627 3727 697 ταπεινωθῇς
3754 628 3848 680 καὶ
3878 628 4004 699 ἔχῃς

2426 723 2653 779 σεαυτὸν
2706 724 2966 777 ὑποκάτω
3030 724 3249 776 πάντων
3302 721 3627 791 ἀνθρώπων.
3692 739 3709 772 ι
3785 720 3844 773 ὐ
3897 720 4005 790 γάρ

2426 816 2601 887 ὑψῶν,
2634 818 2819 886 φησιν,
2852 818 3073 880 ἑαυτὸν,
3113 814 3628 885 ταπεινωθήσεται·
3655 815 3683 866 6
3723 813 3779 866 δὲ
3813 829 4005 865 ταπει-

2424 909 2532 963 νῶν
2564 909 2754 963 ὲαυτδν
2777 908 3148 980 ὑψωθήσεται.
3188 928 3209 958 ι
3240 907 3350 960 Καὶ
3370 922 3383 935 ·
3421 925 3439 959 ι
3476 906 3537 960 '0
3562 905 3733 959 δοκῶν
3761 905 4006 969 ἑστάναι,

2426 1000 2670 1073 βλεπέτω
2704 1002 2777 1073 μὴ
2809 1002 2972 1076 πέσῃ.
3016 1021 3033 1054 ι
3057 1002 3189 1065 Καὶ,
3222 1001 3305 1054 ὃτι
3338 1018 3357 1052 ι
3383 1000 3589 1071 Κύριος
3634 997 4005 1068 ὑπερηφάνοις

2424 1097 2839 1150 ἀντιτάσσεται·
2908 1096 3186 1157 ταπεινοῖς
3234 1094 3291 1147 δὲ
3342 1094 3526 1145 δίδωσι
3580 1091 3761 1160 χάριν.
3806 1108 3825 1141 ι
3858 1088 4007 1141 Καί·

2430 1208 2448 1239 ι
2493 1189 2655 1257 Ἀρχῆ
2695 1188 3128 1258 ύπερηφανείας,
3153 1189 3213 1239 τὸ
3249 1186 3323 1256 μὴ
3354 1186 3554 1238 εἰδέναι
3597 1185 3689 1236 τὸν
3717 1183 3943 1253 Κύριον.
3984 1200 4001 1231 ι

2423 1280 2533 1333 Καί
2559 1298 2572 1311 ο
2606 1300 2624 1331 ι
2660 1281 3030 1350 ’Υπερήςρανοι
3065 1280 3420 1349 παρηνόμουν
3447 1280 3549 1340 ἕως
3577 1278 3800 1347 σφόδρα.
3830 1295 3845 1326 ι
3875 1277 4006 1328 Καὶ·

2429 1392 2448 1424 ι
2483 1374 2573 1441 Μὴ
2604 1374 2672 1425 τὰ
2706 1372 2887 1443 ὑψηλὰ
2915 1374 3265 1444 φρονοῦντες,
3289 1372 3426 1426 ἀλλὰ
3457 1376 3569 1434 τοῖς
3592 1371 3872 1431 ταπεινοῖς
3892 1387 4007 1421 συν⁹

2424 1466 2780 1533 απαγόμενοι.
2838 1484 2855 1516 ι
2911 1468 3075 1533 Λέγει
3116 1465 3170 1517 δὲ
3207 1466 3302 1518 καὶ
3355 1467 3382 1517 6
3414 1465 3554 1527 θεῖος
3587 1466 3971 1534 Χρυσόστομος
3998 1478 4010 1495 ’

2430 1574 2449 1608 ι
2486 1551 2655 1618 Οὗτος
2695 1556 2929 1626 μάλιστά
2963 1559 3109 1610 ἐστιν
3132 1560 3159 1611 6
3189 1558 3381 1610 ἑαυτὸν
3409 1559 3583 1620 εἰδὼς,
3613 1560 3640 1610 6
3680 1558 3846 1626 μηδὲν
3876 1558 4009 1609 ἐαυ-

2424 1648 2516 1699 τὸν
2572 1644 2708 1700 εἶναι
2738 1648 2992 1717 νομίζων.
3029 1650 3196 1701 Οζδὲν
3239 1649 3349 1717 γὰρ
3372 1648 3516 1702 οῦτω
3565 1649 3644 1717 τῷ
3687 1650 3806 1719 Θεῷ
3832 1650 4008 1718 φίὶον,

2425 1741 2499 1802 ὡς
2544 1741 2604 1792 τὸ
2633 1741 2773 1808 μετᾶ
2805 1740 2913 1794 τῶν
2948 1742 3193 1809 ἐσχάτων
3223 1743 3413 1794 ἑαυτὸν
3448 1743 3724 1815 ἀριθμεῖν.
3758 1762 3775 1792 ι
3820 1744 3932 1795 Καὶ
3983 1743 4013 1794 6

768 1826 936 1894 gloria
967 1823 1183 1878 crescit.
1221 1840 1237 1873 ι
1278 1820 1378 1877 Ei;
1419 1839 1437 1870 ι
1477 1819 1678 1871 Gratiae
1707 1818 2330 1886 prtecurrithumilitas;
2369 1831 2457 1904 ha

2323 1834 2330 1881 ἰ
2369 1875 2403 1904 ,³
2427 1831 2583 1899 ἆγιος
2621 1834 2809 1886 Ἰσαάκ
2831 1851 2844 1864 ’
2878 1853 2895 1885 ι
2923 1836 3049 1897 Τοῖς
3085 1835 3507 1904 ταπεινόφροσιν
3529 1835 4012 1889 ἀποκαλύπτονται

768 1930 817 1967 et
845 1915 1109 1969 doctrinae
1140 1913 1427 1982 praecurrit
1452 1910 1757 1963 meditatio.
1800 1929 1817 1961 ι
1856 1909 1918 1963 Et
1949 1920 2175 1964 sanctus
2202 1910 2334 1963 Bstr-
2370 1909 2457 1976 υτ

2323 1940 2334 1952 ·
2370 1909 2494 1976 uti
2518 1926 2818 1995 μυστήρια.
2848 1944 2864 1976 ι
2899 1926 3007 1978 Καί
3030 1943 3044 1956 ⁸
3084 1944 3102 1976 ι
3141 1926 3316 1979 Ὅπου
3353 1926 3705 1997 βλαστάνειή
3744 1930 4012 1983 ταπείνω-

768 2008 1114 2077 sanuphius:
1169 2025 1186 2057 ι
1247 2006 1301 2058 Si
1343 2005 1561 2059 sincere
1591 2005 1777 2058 salvus
1811 2020 1938 2058 esse
1969 2005 2125 2066 velis,
2159 2004 2335 2070 operi-

772 2104 873 2155 bus
904 2101 1059 2154 obedi
1106 2114 1122 2163 ;
1161 2098 1290 2152 tolle
1321 2098 1484 2165 pedes
1523 2106 1646 2150 tuus
1678 2113 1705 2149 a
1746 2106 1908 2159 terra,
1932 2105 1985 2149 et
2019 2095 2255 2149 transfer
2279 2098 2329 2149 in

769 2195 967 2248 cmlum
1007 2201 1241 2245 mentem
1300 2200 1470 2244 tuam.
1517 2192 1691 2258 Atque
1741 2189 1815 2242 ibi
1853 2190 1926 2243 sit
1959 2205 2087 2243 cura
2127 2201 2215 2242 tua
2247 2190 2336 2243 die

769 2297 1009 2340 acnocte
1036 2302 1048 2347 ;
1073 2294 1125 2337 et
1154 2293 1415 2352 quantum
1469 2283 1635 2336 hahes
1675 2281 1895 2347 virium,
1926 2283 2333 2347 contemnaris;

770 2378 949 2431 nitens
972 2378 1201 2445 teipsum
1222 2374 1358 2428 infra
1376 2374 1672 2443 quemlibet
1691 2373 1962 2428 hominem
1983 2374 2186 2427 videre.
2213 2373 2336 2428 llasc

768 2480 989 2524 cstvera
1008 2467 1089 2520 via
1111 2484 1126 2533 ;
1152 2475 1303 2520 extra
1320 2482 1437 2518 eam
1461 2466 1605 2517 nulla
1626 2465 1731 2518 alia
1756 2474 1841 2517 est
1860 2464 2031 2532 ei,qui
2074 2465 2189 2518 vult
2230 2466 2339 2518 sal-

770 2574 1003 2615 vusesse
1040 2573 1295 2629 peream,
1347 2558 1438 2625 qui
1491 2557 1665 2623 ipsum
1717 2555 2012 2620 confortal,
2041 2556 2335 2612 Christum.

768 2651 1075 2721 Curratqui
1104 2652 1251 2714 velit,
1270 2658 1456 2704 currat
1486 2649 1577 2715 qui
1616 2648 1765 2722 veiit,
1788 2657 1976 2703 currat
1999 2648 2338 2717 quivelit,ut

770 2742 1212 2813 comprehendat:
1232 2742 1492 2795 confiteor
1508 2755 1692 2794 coram
1711 2739 1816 2794 Deo
1833 2741 2043 2795 vivente
2058 2751 2112 2795 et
2124 2741 2340 2796 volente

773 2838 935 2888 vitam
957 2845 1213 2888 aternam
1238 2834 1307 2898 ei,
1327 2833 1639 2902 quicunque
1661 2834 1862 2902 cupiet,
1883 2834 2116 2903 largiri»
2144 2836 2207 2888 Et
2229 2834 2338 2888 Cli-

772 2928 1011 2980 macicus
1039 2942 1054 2979 :
1079 2943 1096 2975 ι
1124 2923 1493 2993 Nonjejunavi
1522 2966 1535 2989 ,
1564 2939 1668 2978 non
1695 2925 1929 2994 vigilavi,
1954 2940 2059 2977 non
2082 2925 2228 2979 humi
2253 2940 2338 2981 re-

772 3018 958 3083 cnbui,
983 3019 1074 3071 sed
1110 3018 1427 3070 humiliatus
1456 3032 1597 3080 sum,
1618 3024 1673 3070 et
1696 3016 1924 3070 salvavit
1950 3031 2032 3071 nze
2050 3016 2339 3073 confestim

772 3112 883 3173 ille,
920 3109 1047 3178 qui,
1098 3120 1223 3162 ante
1250 3108 1527 3177 quodlibet
1554 3108 1724 3169 aliud,
1752 3116 2121 3178 contemptum
2154 3122 2342 3176 perse-

2429 2035 2536 2083 σις,
2564 2020 2740 2089 ἐκεῖή
2779 2020 2873 2071 τοῦ
2921 2020 3057 2071 Θεοῦ
3108 2019 3236 2084 δόξα
3275 2019 3449 2088 βρύει.
3494 2038 3511 2069 ι
3568 2022 3701 2083 Καὶ,
3730 2022 3813 2073 ὅτι
3846 2041 3863 2071 ι
3898 2023 4014 2092 Πρὸ

2427 2112 2526 2179 τῆς
2561 2109 2781 2179 χάριτος
2810 2109 2993 2178 τρέχει
3024 2111 3055 2178 ἠ
3082 2110 3427 2173 ταπεένωσις,
3464 2111 3556 2163 καὶ
3584 2112 3692 2181 πρὸ
3741 2112 3839 2179 τῆς
3886 2131 4014 2164 παι-

2428 2200 2577 2261 δείας
2607 2200 2789 2269 τρέχει
2820 2202 2849 2270 ἡ
2877 2201 3073 2269 οἴησις.
3114 2220 3132 2252 ›
3164 2201 3272 2254 Καὶ
3299 2205 3326 2254 6
3364 2204 3516 2269 ἆγιος
3568 2203 3977 2273 Παρεανούφιος
3998 2222 4011 2234 ·

2433 2310 2453 2344 ι
2493 2294 2555 2346 Εἰ
2585 2293 2800 2361 ἀληθῶς
2852 2294 3091 2361 σωθῆναι
3151 2293 3349 2356 θέλεις,
3403 2295 3636 2347 ἄκουσον
3673 2296 3847 2367 ἔργῳ’
3877 2292 4013 2367 ἆρον

2428 2385 2556 2448 τοὺς
2587 2385 2753 2447 πόδας
2793 2402 2885 2437 σου
2936 2385 3045 2438 ἀπὸ
3100 2386 3198 2454 τῆς
3234 2386 3358 2454 γῆς,
3393 2385 3486 2437 καὶ
3537 2387 3779 2455 ἀνάγαγε
3816 2389 3896 2449 εἰς
3924 2390 4016 2442 τὸν

2429 2475 2660 2544 οὐρανὸν
2685 2476 2776 2527 τὸν
2802 2476 2927 2527 νοῦν
2963 2492 3056 2527 σου
3082 2492 3097 2507 ·
3138 2476 3231 2528 καὶ
3262 2477 3378 2528 ἐκεῖ
3403 2478 3687 2547 γενηθήτω
3723 2496 3814 2530 σου
3842 2481 3875 2548 ἡ
3914 2498 4013 2549 με-

2433 2563 2560 2634 λέτη
2587 2564 2757 2616 νύκτα
2782 2564 2875 2616 καὶ
2904 2563 3120 2634 ἡμέραν
3147 2578 3162 2594 ⁸
3194 2564 3287 2616 καὶ
3316 2565 3449 2634 ὅσην
3476 2566 3620 2634 ἔχεις
3654 2566 3884 2636 δύναμιν
3916 2586 4019 2620 κα-

2430 2653 2837 2723 ταφῳνήθητιο
2904 2652 3192 2705 πυκτεύων
3255 2653 3385 2706 ἰδεῖν
3446 2657 3692 2718 σεαυτὸν,
3754 2658 4017 2711 ὑποκάτω

2430 2745 2631 2807 παντὸς
2652 2743 2942 2814 ἀνθρώπου
2964 2762 2978 2775 ·
3014 2744 3153 2816 αῦτη
3180 2745 3327 2797 ἐστὶν
3351 2746 3385 2815 ἡ
3403 2745 3633 2815 ἀληθινὴ
3672 2747 3789 2811 ὁδός
3810 2765 3823 2778 °
3856 2750 4013 2813 ἐκτὸς,

2430 2836 2622 2906 αὐτῆς,
2651 2836 2785 2906 ἄλλη
2814 2836 2914 2889 οὐκ
2938 2835 3081 2897 ἐστι,
3109 2835 3187 2907 τῷ
3214 2835 3457 2905 σωθῆναι
3478 2837 3707 2900 θέλοντι,
3732 2841 3790 2892 ὲν
3814 2840 3892 2909 τῷ
3924 2843 4015 2893 ἐν-

2429 2923 2757 2994 δυναμοῦντι
2802 2924 2967 2977 αὐτὸν
3015 2924 3258 2996 Χριστῷ.
3291 2926 3548 2995 Τρεχέτω
3572 2927 3600 2979 6
3629 2928 3803 2981 θέλων
3829 2946 3842 2960 ’
3890 2948 4018 3000 τρε-

2430 3016 2573 3087 χὲτω
2606 3014 2874 3067 ὁοθέλων⁶
2937 3020 3181 3085 τρεχέτω
3238 3018 3266 3068 6
3298 3016 3490 3078 θέλων,
3549 3018 3635 3070 ἵνα
3688 3022 4012 3091 καταλάϐῃ·

2434 3105 2782 3177 μαρτύρομαι
2802 3104 3034 3159 ἐνώπιον
3061 3106 3155 3160 τοῦ
3180 3107 3315 3160 Θεοῦ
3338 3106 3433 3160 τοῦ
3461 3108 3687 3173 ζῶντος.
3712 3112 3806 3164 καὶ
3830 3113 4017 3166 θέλον-

776 3203 982 3272 quitnr,
1016 3213 1077 3256 ut
1128 3201 1204 3253 ait
1261 3208 1486 3254 sanctus
1513 3197 1947 3268 Barsanuphius.
1979 3197 2138 3265 Quia,
2169 3200 2215 3254 si
2249 3194 2461 3256 tte-C1:

2321 3194 2522 3260 -C1:o;
2555 3198 2702 3268 ζωὴν
2749 3198 2969 3252 αἰώνιον
3015 3197 3349 3269 χαρίσασθαι
3395 3201 3561 3253 παντὶ
3604 3199 3682 3269 τῷ
3720 3200 3953 3256 θέλοντι.
3992 3222 4010 3255 ι

773 3298 916 3366 gotia
952 3293 1177 3363 ncgligis
1197 3333 1210 3357 ,
1247 3294 1311 3346 ad
1346 3290 1537 3345 urbem
1559 3292 1773 3345 accedis
1800 3309 1814 3355 ;
1840 3302 1893 3344 et
1920 3294 1965 3344 si
1994 3293 2133 3345 inter
2162 3291 2339 3346 homi-

776 3404 873 3443 nes
928 3404 1033 3440 non
1096 3386 1367 3448 lauderis,
1408 3386 1596 3438 urbem
1636 3384 1862 3441 incolas.
1901 3383 1967 3437 Et
2018 3385 2062 3440 si
2094 3386 2160 3437 ab
2190 3386 2341 3440 omni

776 3482 998 3537 homine
1048 3478 1325 3533 occidaris
1347 3515 1363 3540 ,
1399 3477 1587 3530 urbem
1619 3486 1673 3530 et
1702 3477 1820 3542 eius
1849 3477 2141 3531 thesauros
2172 3477 2344 3531 haere-

694 3588 697 3589 '
773 3576 993 3630 ditabis.
1024 3574 1086 3627 Et
1135 3572 1178 3627 si
1222 3572 1301 3625 vis
1363 3570 1582 3635 salvari,
1629 3570 1857 3624 salutem
1917 3570 2009 3624 tibi
2066 3570 2343 3639 praestabit

776 3668 954 3720 vivere
998 3664 1116 3718 sine
1162 3663 1389 3715 honore:
1421 3669 1472 3713 et
1512 3674 1671 3713 curre
1690 3658 1755 3712 ad
1782 3659 1830 3712 id
1849 3658 1991 3728 quod
2016 3660 2108 3712 tibi
2148 3674 2346 3729 propo-

776 3757 942 3811 situm
964 3762 1068 3810 est.
1100 3772 1120 3805 ›
1155 3752 1250 3807 Est
1280 3761 1484 3815 autem,
1510 3753 1811 3805 secundum
1837 3749 1984 3804 illius
2006 3750 2337 3820 discipulum

776 3848 923 3914 pium
952 3843 1239 3906 Joannem,
1273 3844 1454 3896 vivere
1480 3850 1877 3907 contemptum,
1912 3858 2019 3894 non
2080 3843 2338 3912 cuiquam

777 3956 835 3994 se
871 3937 1136 4008 :equalem
1168 3950 1376 4005 gerere,
1421 3943 1474 3989 et
1513 3948 1621 3988 non
1655 3933 1835 3988 dicere
1865 3934 1930 3987 de
1955 3933 2098 3988 bono
2132 3951 2296 4005 opere
2325 3954 2340 3991 :

783 4049 800 4080 ι
850 4028 913 4082 Et
943 4043 1044 4097 ego
1074 4026 1127 4080 id
1170 4026 1292 4081 feci.
1338 4043 1357 4077 ι
1416 4024 1617 4079 Deinde
1649 4025 1848 4079 sedens
1877 4039 1974 4079 ora
2003 4025 2170 4081 corde
2202 4041 2341 4096 puro

778 4134 831 4173 et
880 4129 1217 4182 constanter,
1270 4116 1627 4186 quoadusque
1674 4131 1902 4183 vespera
1945 4121 2341 4186 supervenerit.

780 4213 841 4269 Et
883 4214 953 4266 ita
995 4211 1165 4279 psalle
1197 4220 1415 4263 cantum
1454 4208 1827 4277 vespertinum
1864 4218 1921 4263 et
1947 4210 2192 4275 absolve,
2224 4212 2341 4266 sin-

778 4320 903 4359 cero
948 4303 1115 4360 corde
1148 4302 1398 4365 credens,
1438 4315 1535 4369 pro
1578 4314 1767 4354 nostro
1806 4299 1991 4356 labore
2018 4312 2072 4357 et
2112 4319 2210 4373 pro
2245 4319 2341 4359 no-

2431 3288 2543 3341 Καὶ
2580 3289 2609 3341 6
2635 3287 2735 3356 τῆς
2764 3287 3055 3357 Κλίμακος
3075 3303 3091 3320 ο
3126 3307 3145 3340 ι
3179 3288 3255 3341 Οὐ
3286 3290 3622 3359 νενήστευκα
3643 3307 3659 3323 ⁸
3694 3292 3795 3345 οὐκ
3838 3295 4017 3364 ἠγρύ-

2433 3395 2617 3449 πνηκα
2637 3395 2650 3409 ’
2672 3382 2772 3432 ούκ
2788 3379 3170 3450 ὲχαμεύνηκα,
3195 3380 3312 3433 ἀλλ’
3332 3382 3729 3452 ἐταπεινώθην,
3762 3387 3857 3438 καὶ
3881 3388 4018 3440 ἔσω-

2434 3474 2496 3527 σέ
2538 3491 2606 3544 με
2653 3473 2955 3543 συντόμως,
2987 3472 3203 3525 διώκων
3232 3472 3338 3541 πρὸ
3372 3474 3572 3537 παντὸς
3610 3474 3801 3545 ἑτέρου
3832 3479 3931 3531 καὶ
3960 3480 4018 3530 τὸ

2432 3566 2760 3636 ἀψήφιστον,
2791 3565 2867 3628 ὦς
2890 3582 3057 3635 φησιν
3082 3566 3112 3618 6
3143 3565 3300 3633 άγιος
3330 3564 3740 3635 Βαρσανούφιος
3759 3584 3772 3597 ·
3820 3569 3904 3621 ὅτι
3958 3571 4020 3622 τὸ

2434 3660 2811 3730 ἁμεριμνῆσαι
2845 3657 2954 3712 ἀπὸ
2981 3658 3181 3720 παντὸς
3206 3657 3553 3728 πράγματος,
3584 3661 3728 3712 ποιεῖ
3759 3676 3818 3712 σε
3843 3678 4017 3730 προσ-

2435 3750 2653 3820 εγγίσαι
2681 3753 2747 3819 τῇ
2781 3751 2938 3803 πόλει
2963 3767 2976 3782 ⁸
3018 3750 3114 3802 καὶ
3144 3748 3206 3801 τὺ
3238 3748 3314 3819 μὴ
3344 3750 3691 3819 ψηφισθῆναι
3720 3750 3779 3803 ὲν
3807 3751 4021 3821 ἀνθρὼ-

2435 3858 2579 3906 ποις,
2611 3842 2758 3892 ποιεῖ
2778 3856 2837 3892 σε
2864 3841 3083 3909 οἰκῆσαι
3108 3836 3207 3908 τὴν
3240 3837 3397 3890 πόλιν
3418 3851 3432 3865 ⁸
3482 3838 3579 3890 καὶ
3618 3837 3681 3890 τὸ
3722 3836 4020 3891 ἀποθανεῖν

2436 3934 2545 3986 ἀπο
2578 3931 2778 3994 παντὸς
2820 3930 3136 4001 ἀνθρώπου,
3190 3930 3341 3981 ποιεῖ
3372 3945 3431 3981 σε
3473 3929 3885 3999 κληρονομῆσαι
3922 3932 4020 3999 τὴν

2438 4019 2611 4081 πόλιν,
2640 4018 2733 4077 καὶ
2761 4017 2885 4079 τοὺς
2933 4014 3266 4085 θησαυρούς.
3307 4016 3419 4069 Καὶ
3467 4017 3516 4068 ει
3546 4015 3787 4085 σωθῆναι
3820 4016 4020 4081 θέλεις,

2435 4112 2495 4162 τὸ
2518 4109 2822 4179 ἀψήφιστον
2876 4109 3095 4178 κράτει,
3142 4106 3241 4161 καὶ
3270 4107 3435 4177 τρέχε
3467 4107 3605 4178 πρὸς
3631 4108 3694 4160 τὸ
3724 4109 4026 4179 προκείμε-

2436 4218 2549 4255 νον.
2579 4219 2598 4253 ι
2632 4202 2789 4254 Ἔστι
2814 4200 2860 4253 δ’
2885 4196 2974 4265 αῦ,
3009 4200 3150 4254 κατὰ
3185 4198 3276 4253 τὸν
3306 4197 3499 4252 τούτου
3529 4198 3624 4251 τοῦ
3654 4200 3813 4267 άγῖου
3847 4202 4027 4270 μαθη-

2437 4293 2536 4364 τὴν
2583 4293 2733 4346 ὅσιον
2773 4292 3051 4358 Ἰωάννην,
3114 4290 3177 4341 τὸ
3224 4289 3557 4359 άψήφιστον,
3606 4289 3671 4341 τὸ
3722 4290 3798 4359 μὴ
3828 4291 4028 4344 ἰσῶσαι

779 4410 893 4451 δτι-ο
956 4395 1027 4448 ob
1087 4396 1340 4448 virtutem
1399 4394 1587 4447 dolore
1644 4406 1696 4448 et
1758 4396 2091 4464 Operationis
2143 4408 2343 4453 nostra:
2438 4386 2465 4437 ἔ

2342 4424 2343 4431 η
2438 4383 2632 4437 ἑαυτόν
2660 4398 2801 4436 τινιο
2839 4383 2932 4435 καὶ
2967 4382 3027 4435 τὸ
3059 4381 3134 4451 μὴ
3162 4381 3339 4433 εἰπεῖν
3363 4381 3491 4450 περὶ
3516 4380 3684 4432 καλοῦ
3730 4380 3915 4450 ἔργου,
3945 4384 4031 4436 ὅτι

781 4501 1032 4541 mensura
1060 4524 1074 4547 ,
1108 4485 1377 4539 donorum
1419 4483 1576 4539 nobis
1616 4496 1670 4539 et
1697 4487 2044 4554 praemiorum
2073 4488 2339 4543 distribu-
2379 4551 2397 4554 A
2439 4478 2470 4529 κ

2379 4551 2397 4554 A
2439 4474 2611 4544 Κάγὼ
2635 4474 2794 4528 τοῦτο
2826 4473 3079 4544 ἐποίησα,
3124 4491 3144 4525 ι
3182 4469 3294 4525 Εἶτ’
3316 4470 3475 4533 αὖθις
3522 4470 3754 4533 καθίσας
3794 4472 4033 4540 πρόσευ-

782 4580 982 4630 tionem
1022 4590 1085 4629 ac
1115 4575 1591 4645 proclamationem
1619 4591 1682 4631 ac
1719 4577 2150 4631 consolationem
2172 4593 2201 4631 a
2232 4579 2339 4633 Deo
2376 4551 2417 4605 θ
2441 4583 2468 4635 ζ

2376 4551 2417 4605 D
2441 4583 2530 4635 ζαι
2576 4568 2855 4639 καθαρῶς,
2906 4568 3003 4621 καὶ
3034 4566 3455 4639 άρρεμϐάστως,
3488 4563 3595 4627 ἕως
3624 4564 3692 4617 ἂν
3735 4564 4031 4634 καταλάϐῃ

786 4669 985 4720 factum
1031 4666 1139 4730 iri;
1197 4676 1256 4718 ut
1313 4667 1389 4717 ait
1431 4668 1648 4720 divinus
1683 4666 1929 4722 l’saltes:
1970 4685 1989 4719 ι
2033 4666 2342 4724 Secundum
2437 4666 2475 4705 ’⁵

2437 4665 2498 4717 ’δ
2530 4663 2798 4732 ἑσπέρας·
2840 4665 2935 4714 καὶ
2955 4659 3098 4712 οὓτω
3130 4658 3302 4729 eme
3326 4659 3420 4710 τὸν
3455 4657 3668 4729 συνήθη
3713 4657 4032 4727 ἑσπερινὸν,

782 4758 1182 4811 multitudinem
1243 4757 1496 4811 dolorum
1561 4773 1809 4812 meorum
1874 4760 1925 4814 in
1994 4761 2160 4815 corde
2221 4775 2343 4815 meo
2439 4774 2471 4810 κ

2439 4758 2535 4810 καὶ
2559 4754 2827 4808 ἀπόλυσον
2847 4770 2860 4783 ·
2887 4752 2947 4816 ἐξ
2967 4750 3295 4820 εἰλικρινοῦς
3316 4749 3548 4821 καρδίας
3579 4748 3859 4801 πιστεύων
3888 4750 4036 4801 κατὰ

780 4848 1175 4902 consolationes
1201 4856 1304 4901 tua:
1327 4847 1737 4902 laetiﬁcaverunt
1757 4848 1989 4902 animant
2013 4864 2187 4903 meam
2216 4849 2239 4882 δ
2267 4865 2283 4903 :
2320 4868 2339 4902 ι

778 4951 833 4993 rt
865 4938 1113 4994 Salvator
1147 4957 1160 4994 :
1202 4959 1219 4991 ι
1269 4937 1454 4993 Venite
1495 4940 1560 4994 ad
1604 4955 1691 4993 me
1727 4955 1921 4994 omnes
1962 4942 2054 5010 qui
2090 4942 2347 4999 laboratis

776 5042 828 5080 ~ei
860 5028 1071 5082 onerati
1100 5027 1254 5092 estis,
1288 5038 1341 5083 et
1370 5042 1470 5098 ego
1509 5029 1745 5084 reﬁciam
1776 5044 1876 5084 vos
1893 5032 1936 5084 ³.
1972 5047 1990 5080 ι
2024 5030 2087 5084 Ει
2110 5045 2345 5102 magnus

708 5188 711 5190 η
774 5118 981 5173 Paulus
1051 5139 1069 5174 ι
1140 5137 1161 5171 ι
1245 5118 1300 5173 Si

782 5219 839 5263 ct
902 5221 955 5265 et
1015 5210 1533 5279 rongloriiicemur.
1612 5209 1874 5264 Existimo
1954 5223 2133 5266 autem
2197 5216 2341 5282 quod

772 5318 892 5355 non
972 5311 1098 5354 sunt
1179 5301 1462 5370 condigna!
1538 5300 1819 5367 passiones
1904 5302 2065 5369 hujus
2158 5305 2341 5359 smculi

776 5394 848 5445 ad
888 5394 1122 5445 futuram
1170 5392 1393 5461 gloriam
1434 5406 1556 5459 quae
1605 5392 1936 5445 revelabitur
1969 5394 2021 5445 in
2054 5396 2210 5447 nobis
2235 5396 2275 5449 ‘.
2317 5413 2336 5447 ι

777 5480 924 5533 Dicit
981 5491 1159 5534 autem
1219 5482 1330 5533 hau:
1402 5489 1455 5532 et
1511 5480 1690 5531 divina
1746 5482 1961 5548 sapiens
2010 5482 2273 5538 Maximus
2327 5503 2340 5539 :

783 5592 808 5623 ι
847 5573 1017 5625 Causa
1050 5588 1168 5626 esse
1198 5572 1399 5625 dicitur
1425 5574 1735 5627 divinorum
1776 5576 2042 5630 bonorum
2076 5580 2339 5632 distribu-

776 5664 949 5722 tionis
976 5663 1404 5732 uniuscujusque
1428 5663 1545 5716 fidei
1567 5679 1816 5719 mensura
1841 5684 1855 5730 ;
1880 5671 2337 5736 quemadmodum

856 5778 1304 5849 "Matinium,
1338 5783 1422 5835 l2.
1518 5782 1561 5814 τ’
1610 5782 1629 5836 Ι
1674 5785 1799 5839 (ἔστι.
1861 5801 1911 5849 x,
1988 5788 2071 5842 19..

783 5851 1000 5915 111,16.
1082 5852 1100 5877 ⁵
1125 5848 1264 5902 Psal.
1289 5868 1436 5918 cmi,
1479 5855 1554 5905 I9.
1653 5856 1672 5885 ⁸
1706 5856 1886 5907 Matth.
1924 5875 1994 5921 xi,
2026 5858 2111 5915 28,

1376 5128 1555 5173 tamen
1639 5119 1856 5174 Christo
1929 5124 2376 5190 compatimur,.

2174 5792 2216 5823 ’9
2254 5793 2347 5847 Jac
2391 5812 2462 5859 ιν,
2494 5797 2545 5852 6.

2218 5865 2236 5893 ε
2288 5863 2443 5919 Rom.
2484 5883 2600 5933 vin,
2643 5869 2723 5926 Π,
2762 5867 2844 5921 l8.

2440 4850 2530 4905 τὸν
2559 4848 2747 4912 κόπον,
2774 4847 2869 4899 καὶ
2894 4847 2995 4916 τὴν
3032 4844 3100 4897 δι’
3126 4845 3327 4915 ἀρετὴν
3360 4843 3583 4914 ὀδύνην,
3620 4843 3716 4896 καὶ
3736 4842 3800 4894 τὸ
3832 4843 4036 4913 μέτρον

2441 4940 2540 5007 τῆς
2560 4936 2819 5008 ἐργασίας
2839 4934 3021 5005 ἡμῶν,
3044 4932 3140 4985 καὶ
3160 4931 3259 5003 τὴν
3282 4932 3394 4984 τῶν
3419 4930 3642 5000 δωρεῶν
3660 4928 3756 4982 καὶ
3781 4928 4037 4983 ἐπάθλων

2441 5031 2704 5100 διανομὴν
2738 5027 2835 5081 καὶ
2867 5027 3195 5095 ἀνάρρησιν,
3248 5023 3403 5093 παρὰ
3461 5024 3558 5077 τοῦ
3609 5021 3744 5075 Θεοῦ
3799 5020 4035 5091 ὲπισραο

2444 5119 2701 5173 δεύεσθαι
2736 5118 2889 5188 ἡμῖν,
2926 5115 3021 5168 καὶ
3068 5112 3424 5183 παράκλησιν
3449 5128 3463 5143 ⁸
3509 5112 3587 5174 ὥς
3633 5127 3802 5181 φησιν
3833 5112 3864 5164 6
3893 5110 4037 5173 θεῖος

2448 5208 2784 5279 Ψαλμφδόςο
2817 5226 2837 5259 ι
2866 5205 3026 5261 Κατὰ
3053 5204 3115 5257 τὸ
3154 5204 3357 5272 πλῆθος
3380 5201 3490 5256 τῶν
3514 5201 3717 5255 ὀδυνῶν
3752 5218 3858 5270 μου
3888 5202 3949 5253 ὲν
3969 5203 4037 5270 τῇ

2442 5311 2645 5381 καρδίᾳ
2670 5324 2793 5379 μου,
2827 5305 2885 5359 αἱ
2920 5302 3300 5372 παρακλήσεις
3333 5316 3429 5352 σου
3456 5296 3737 5369 εὖφραναν
3765 5294 3868 5367 τὴν
3920 5296 4029 5366 ψυ-

2444 5405 2550 5473 γήν
2578 5418 2700 5472 μου.
2741 5418 2759 5449 ι
2789 5396 2900 5451 Καὶ
2933 5397 2962 5449 6
2983 5394 3176 5463 Σωτήρ
3197 5408 3211 5422 ’
3251 5410 3270 5443 ι
3313 5390 3479 5444 Δεῦτε
3511 5389 3651 5458 πρός
3700 5404 3791 5458 με,
3823 5388 4032 5453 πάντες

2441 5497 2491 5549 οἱ
2543 5491 2845 5551 κοπιῶντες
2890 5486 2987 5539 καὶ
3045 5483 3494 5552 πεφορτισμένοι,
3536 5479 3693 5551 πάγῶ
3722 5480 4032 5535 ἀναπαύσω

2447 5586 2612 5652 ὑμᾶς.
2651 5602 2669 5634 ι
2704 5581 2813 5634 Καὶ
2835 5578 2865 5631 6
2895 5577 3071 5648 μόγας
3100 5574 3315 5635 Παῦλος
3338 5585 3353 5601 °
3389 5589 3408 5623 ι
3438 5569 3612 5641 Εἴπερ
3643 5570 3870 5641 Χριστῷ
3890 5587 4029 5637 συμ-

2447 5677 2751 5744 πάσχομεν,
2801 5671 2887 5724 ἵνα
2924 5670 3022 5723 καὶ
3068 5663 3554 5733 συνδοξασθῶμεψ
3587 5661 3886 5731 λογίζομαι
3916 5662 4031 5727 γάρ

2647 5800 2662 5830 ¹
2698 5798 2864 5852 Eccli.
2894 5815 2947 5861 κ,
2978 5800 3058 5851 il.

3161 5802 3181 5831 '
3242 5798 3381 5852 Psal.
3437 5816 3578 5868 xcvi,
3641 5800 3695 5855 9.
3794 5803 4013 5861 'Rom.
