4278 6442
291 525 392 589 ’109
1516 514 1911 575 OI‘USCULA
1951 513 2342 571 ASCETICA.
3435 509 3540 570 7l0

285 645 362 694 ὅτι
397 644 495 693 οὐκ
532 640 656 704 ἄξια
685 639 748 691 τά
783 637 1084 706 παθήματα
1106 637 1198 690 τοῦ
1236 637 1329 690 νῦν
1357 639 1572 707 καιροῦ,
1611 638 1745 708 πρὸς
1771 638 1869 707 τὴν
1892 641 1931 693 Λ
1965 649 1974 683 t

1850 657 1869 689 υ
1892 641 1931 693 Λ
1965 633 2110 684 enim
2173 629 2569 685 crediderimus
2599 670 2612 690 ,
2641 635 2688 676 et
2721 625 2891 679 nostri
2921 623 2985 678 ad
3014 622 3286 692 agendum
3326 623 3539 679 ardoris

287 733 591 801 μέλλουσαν
639 731 798 795 δόξαν
835 729 1288 796 ἀποκαλυφθῆναι
1335 731 1414 792 είς
1444 732 1612 798 ἡμᾶς.
1653 748 1672 779 ι
1708 730 1870 795 Λέγει
1961 742 1976 777 l

1855 747 1870 781 ι
1961 724 2368 778 retributionem
2404 721 2746 774 habebimus.
2774 718 2882 782 Qui
2906 719 3070 786 igitur
3100 717 3232 782 agit,
3258 731 3357 786 pro
3388 725 3544 771 actus

281 827 342 879 δὲ
376 827 470 878 καὶ
501 827 528 876 ὁ
561 825 630 877 τὰ
678 824 797 876 θεῖα
828 822 990 891 σοφὸς
1013 822 1264 890 Μάξιμος
1288 840 1300 853 ο
1345 843 1362 874 ι
1406 824 1584 875 Αἴτιον
1606 818 1750 874 εἶναι
1779 823 1868 873 λέ-
1965 840 1970 868 t

1857 851 1868 861 -
1965 819 2092 883 eius
2124 818 2338 869 ratione
2361 814 2669 869 ostenditur
2698 821 2752 865 et
2795 826 3048 864 mensura
3077 810 3199 863 ﬁdei
3226 826 3241 872 ;
3275 810 3546 877 accipitis.

283 933 442 982 γεται
497 916 598 984 τῆς
652 915 764 968 τῶν
800 915 960 966 θείων
994 915 1258 983 διανομῆς
1312 915 1552 982 ἀγαθῶν,
1583 914 1642 966 τὸ
1674 915 1870 985 μέτρον
1962 929 1972 964 1

1857 931 1870 964 ρ
1962 924 2019 964 ut
2055 909 2331 970 credidit,
2364 906 2556 976 gratiae
2591 918 2937 958 mensuram.
2970 901 3072 967 Qui
3105 917 3235 956 vero
3271 916 3376 955 non
3411 901 3546 969 agit,

281 1009 380 1074 τῆς
440 1009 672 1059 ἑκάστου
705 1007 978 1070 πίστεως·
1013 1005 1198 1070 καθὼς
1230 1008 1338 1078 γὰρ
1367 1009 1716 1078 πιστεύομεν,
1777 1007 1872 1060 καὶ
1960 1021 1970 1074 ]

1843 1007 1872 1058 ιὶ
1960 1019 2060 1074 pro
2094 1002 2213 1070 ejus
2253 999 2462 1053 inertia:
2534 998 2764 1062 ratione,
2832 1003 2885 1051 et
2948 995 3532 1049 iucredulitatismew

281 1099 381 1170 τὴν
413 1101 506 1150 ἐπὶ
532 1099 591 1150 τὸ
624 1101 889 1165 πράττειν
911 1098 1011 1166 τῆς
1044 1098 1352 1169 προθυμίας
1378 1099 1619 1150 ἐπίδοσιν
1649 1098 1867 1166 ἔχομεν.

291 1189 354 1239 Ὅ
380 1190 513 1256 γοῦν
553 1189 835 1258 πράττων,
891 1190 1031 1241 κατά
1087 1188 1186 1256 τὴν
1245 1187 1542 1254 ἀναλογίαν
1597 1187 1694 1255 τῆς
1731 1184 1872 1254 πρά-

319 1300 444 1342 εως,
483 1280 854 1334 ἐπιδείκνυται
879 1281 938 1332 τὸ
969 1280 1164 1349 μέτρον
1191 1279 1289 1348 τῆς
1344 1279 1602 1340 πίστεως,
1645 1278 1873 1345 δεχόμε-

281 1391 374 1435 νος
419 1373 493 1436 ὡς
549 1373 860 1434 ἐπίστευσε,
894 1372 952 1423 τὸ
988 1371 1186 1441 μέτρον
1206 1371 1309 1440 τῆς
1332 1370 1578 1439 χάριτος.
1626 1370 1682 1422 Ὀ
1713 1370 1768 1421 δὲ
1797 1368 1872 1436 μὴ

279 1465 566 1531 πράττων,
591 1465 732 1515 κατὰ
770 1463 866 1533 τὴν
892 1461 1186 1530 ἀναλογίαν
1213 1463 1310 1530 τῆς
1337 1461 1642 1530 ἀπραξίας,
1668 1460 1869 1513 ἐπιδεί-

279 1576 481 1611 κνυται
516 1559 575 1609 τὸ
625 1558 826 1627 μέτρον
864 1557 962 1623 τῆς
991 1555 1270 1618 ἀπιστίας,
1299 1554 1592 1623 δεχόμενος
1627 1553 1700 1615 ὡς
1739 1552 1869 1622 ῆπί-

280 1667 472 1718 στῆσε,
514 1647 611 1718 τὴν
646 1648 740 1714 τῆς
803 1647 1023 1716 χάριτος
1073 1649 1350 1714 στέρησιν.
1413 1645 1622 1698 Οὐκοῦν
1687 1643 1872 1705 κακῶς

279 1744 434 1792 ποιεῖ
484 1740 796 1810 βασκαίνων
856 1741 967 1801 τοῖς
1019 1736 1430 1807 κατορθοῦσινὸ
1479 1734 1873 1806 φθονερὸς,ὲπ’

279 1835 432 1903 αὐτῷ
480 1832 687 1901 σαφῶς,
742 1831 859 1884 ἀλλ’
899 1830 998 1882 οῦκ
1054 1830 1139 1881 ἐπ’
1162 1829 1307 1898 ἄλλῳ
1340 1826 1625 1897 κειμένης,
1649 1826 1748 1894 τῆς
1780 1825 1872 1877 τοῦ

279 1927 568 1978 πιστεύειν
634 1926 727 1978 καὶ
783 1925 1068 1993 πράττειν,
1112 1923 1205 1975 καὶ
1265 1921 1402 1991 πρὸς
1432 1919 1494 1971 τὸ
1545 1919 1742 1988 μέτρον
1774 1919 1873 1985 τῆς

1963 1108 2093 1148 sura
2141 1092 2486 1156 ostenditur;
2523 1090 2723 1155 accipit
2777 1090 2947 1149 enim,
2999 1097 3164 1155 prout
3221 1086 3536 1141 incredulus

1963 1194 2065 1247 est,
2104 1186 2288 1252 gratiae
2317 1183 2700 1251 privationem.
2747 1180 2915 1249 Igitur
2962 1182 3104 1234 male
3147 1180 3257 1245 agit
3313 1181 3544 1248 quicun-

1965 1287 2071 1340 que
2118 1271 2532 1342 proﬁcientibus
2581 1270 2815 1334 invidet,
2869 1285 2993 1323 cum
3055 1285 3223 1336 penes
3255 1284 3408 1326 cum,
3445 1284 3547 1320 nec.

1968 1380 2133 1431 penes
2174 1366 2342 1417 alium
2395 1365 2466 1418 sit
2507 1363 2765 1417 credendi
2805 1371 2860 1414 et
2919 1361 3135 1429 agendi,
3166 1371 3221 1414 et
3248 1359 3547 1413 secundum

1970 1454 2092 1507 fidei
2118 1469 2428 1507 mensuram
2449 1453 2674 1519 gratiam
2700 1451 3002 1520 accipiendi
3028 1451 3220 1503 electio
3242 1449 3333 1503 sit.
3358 1448 3419 1500 Et
3442 1457 3550 1499 tota

1968 1547 2148 1599 anima
2171 1562 2288 1598 eam
2310 1557 2526 1598 orantes
2541 1559 2954 1613 perseveremus
2978 1551 3153 1594 totum
3193 1542 3313 1594 vita:
3345 1549 3551 1592 nostra!

1971 1647 2210 1709 tempus.
2238 1639 2300 1692 Et
2331 1642 2445 1709 ipse
2473 1640 2592 1691 vita:
2624 1639 2769 1696 linis.
2789 1637 3156 1698 Christianus,
3178 1632 3550 1701 alesquedolo-

1970 1747 2049 1798 re,
2078 1743 2129 1786 et
2157 1735 2375 1794 rubore,
2402 1732 2678 1801 paciﬁcus.
2704 1729 2768 1782 Et
2796 1731 2860 1782 ad
2892 1732 3024 1791 huic,
3049 1729 3245 1780 houam
3280 1725 3552 1778 defensio-

1973 1839 2093 1878 uem
2127 1825 2466 1884 habebimus,
2497 1839 2618 1875 cuzu
2650 1822 2961 1874 steterimus
2993 1829 3117 1870 ante
3162 1817 3401 1870 tribunal
3451 1814 3552 1866 Do-

1972 1917 2102 1970 mini
2128 1926 2178 1969 et
2203 1917 2291 1968 Dei
2316 1926 2369 1969 et
2395 1914 2688 1968 Salvatoris
2733 1910 2905 1964 nostri
2932 1909 3059 1964 Jcsu
3089 1909 3309 1962 Christi.

285 2006 528 2068 πίστεως
575 1989 880 2076 ἐρχομένην
926 2005 1265 2071 εἰσδέξασθαι
1446 2009 1626 2078 χάριν,
1659 2007 1917 2076 ἐπιλογῆς
1946 2021 1959 2036 ⁸
2002 2005 2095 2058 καὶ
2129 2007 2190 2058 ὲκ
2219 2004 2397 2074 ψυχῆς
2429 2003 2764 2070 αίτούμενοι,
2800 1998 3071 2064 διαμεῖναι
3120 1993 3211 2044 τὸν
3249 1989 3547 2042 ὑπόλοιπον

287 2101 485 2164 Ϊξιένον
514 2100 698 2168 ἡμῶν.
743 2117 760 2148 ι
803 2101 911 2152 Καὶ
947 2102 1086 2154 αὐτὰ
1120 2102 1182 2171 δὴ
1218 2105 1284 2156 τὰ
1317 2105 1445 2172 τέλη
1484 2105 1582 2173 τῆς
1608 2102 1774 2170 ζωῆς,
1800 2099 2130 2171 Χριστιανέι,
2163 2098 2431 2160 ἀνώδυνα,
2453 2095 2884 2162 άνεπαίσχυντα,
2915 2086 3169 2158 εἰρηνικά
3206 2098 3221 2115 ⁸
3281 2083 3374 2136 καὶ
3411 2080 3549 2151 πρὸς

290 2195 509 2256 τ.,ύτοις
540 2197 834 2248 ἀποδοῦναι
885 2196 1034 2263 ἡμᾶς
1067 2195 1238 2265 καλὴν
1269 2198 1367 2263 τὴν
1401 2196 1726 2267 ἀπολογίαν,
1758 2195 1851 2249 ἐπὶ
1888 2193 1983 2247 τοῦ
2040 2188 2276 2260 φοϐεροῦ
2316 2188 2559 2252 ἑστῶτας
2593 2181 2963 2256 βήματοςισοῦ
3000 2181 3230 2250 Κυρίου,
3258 2179 3349 2233 καὶ
3383 2175 3549 2240 Θεοῦ,

290 2291 387 2339 7:1".
423 2291 675 2357 Σωτῖρος
704 2289 864 2359 ἡμῶν
903 2289 1078 2356 Ἰησοῦ
1113 2290 1372 2356 Χριστοῦ.

290 2383 428 2436 Ὀτι
457 2383 671 2452 μείζων
699 2384 903 2452 πάσης
949 2384 1260 2520 ἐίῑγὲισίας,
1292 2387 1328 2454 ἡ
1365 2384 1589 2452 καθαρὰ
1613 2400 1872 2452 προσευ-

937 2471 999 2520 χτ
1084 2471 1241 2510 στιν.

937 2475 971 2524 χ
979 2471 1015 2520 η
1051 2471 1241 2510 εστιν.

361 2543 465 2609 λη’.
499 2543 639 2610 Πρὸς
663 2541 718 2592 δὲ
746 2543 857 2603 τοῖς
884 2542 1193 2608 δηλωθεῖσι,
1231 2542 1328 2596 καὶ
1361 2542 1518 2596 τοῦτο
1557 2544 1688 2607 ῐσθι,
1721 2543 1876 2598 ἀδελ-

285 2636 375 2702 es.
410 2636 492 2686 ὅτι
533 2635 683 2686 πᾶσα
715 2634 961 2702 μέθοδος,
989 2634 1083 2684 καὶ
1122 2635 1229 2695 πᾶς
1263 2636 1464 2697 κανὼν,
1493 2638 1540 2688 εί
1580 2635 1759 2704 βούλει
1797 2635 1874 2700 δὲ,

285 2727 383 2778 καὶ
417 2725 618 2795 πρᾶξις
658 2725 937 2794 διάφορος,
969 2724 1055 2778 διὰ
1085 2726 1145 2776 τὸ
1203 2726 1276 2794 μὴ
1310 2726 1574 2779 δύνασθαι
1621 2727 1768 2796 ἡμᾶς
1795 2727 1875 2780 ἔτι

283 2819 342 2868 ἐν
380 2816 582 2885 καρδία
614 2814 874 2883 καθαρῶς
904 2815 996 2867 καὶ
1020 2814 1422 2885 ἀρῤεμόάστως
1448 2815 1872 2885 προσεύχεσθαι,

285 2906 603 2960 τετύπωται
668 2906 813 2958 οὕτω
862 2907 955 2958 καὶ
1007 2905 1406 2960 κεκανόνισται.
1476 2907 1628 2958 Ἐπεὶ
1661 2906 1872 2971 τούτου,

283 2997 507 3066 εὐδοκία
537 2997 629 3048 καὶ
647 2997 830 3066 χάριτι
859 2995 954 3047 τοῦ
987 2995 1190 3066 Κυρίου
1213 2997 1373 3064 ἡμῶν
1402 2995 1580 3064 Ἰησοῦ
1613 2997 1871 3067 Χριστοῦ,

279 3086 739 3155 ἀπαρτισθέντος,
795 3088 890 3138 καὶ
938 3086 1130 3151 πολλὰ,
1185 3088 1277 3138 καὶ
1326 3086 1568 3152 ποικίλα,
1608 3089 1700 3140 καὶ
1743 3088 1876 3140 διαιο

284 3177 488 3247 ροῦντα
551 3177 828 3245 μεθέντες,
864 3178 942 3247 τῷ
981 3179 1083 3240 ἑνὶ,
1117 3183 1211 3231 καὶ
1245 3180 1454 3247 ἑνιαίῳ,
1491 3179 1586 3231 καὶ
1629 3180 1872 3248 ἑνωτικῷ

280 3269 512 3338 άμέσως
546 3269 689 3338 ὑπὲρ
719 3269 874 3336 λόγον
904 3269 1194 3340 ὲνούμεθα,
1224 3271 1300 3332 ὡς
1329 3269 1546 3340 εἴρηται
1577 3271 1656 3341 τῷ
1677 3272 1871 3342 κλεινῷ

280 3362 536 3429 Θεολὸγῳ
561 3377 575 3390 ο
605 3361 738 3423 θεὸς
787 3362 928 3422 θεοῖς
969 3363 1257 3431 ὲνούμενός
1305 3380 1363 3414 τε
1405 3365 1498 3416 καὶ
1536 3365 1871 3434 γνωριζόμε-

281 3472 372 3515 νος
395 3472 410 3484 ·
450 3456 592 3523 ὅπερ
618 3456 790 3518 ἐστὶν,
825 3455 857 3522 ή
887 3453 973 3506 διά
997 3454 1090 3505 τοῦ
1113 3455 1270 3522 ἁγίου
1301 3453 1618 3525 Πνεύματος
1648 3457 1708 3508 ὲν
1736 3472 1928 3550 xap-c

276 3546 369 3616 δίᾳ
392 3544 759 3605 ἐνυπόστατος
779 3543 1068 3613 ἕλλαμψις,
1094 3545 1214 3614 ῆτις
1236 3545 1502 3607 τίκτεται,
1521 3544 1598 3607 ὡς
1625 3545 1866 3615 εἴρηται,

276 3641 344 3690 ἐκ
375 3638 477 3706 τῆς
526 3637 996 3707 μνημονευθείσης
1044 3637 1294 3703 καθαρᾶς
1323 3638 1418 3690 καὶ
1474 3637 1868 3708 ἀρρεμὸάστου

279 3730 590 3799 καρδιακῆς
629 3730 959 3800 προσευχῆς.
989 3729 1224 3782 Σπάνιον
1253 3729 1309 3781 δὲ
1352 3728 1532 3794 τοῦτο,
1574 3731 1667 3783 καὶ
1714 3729 1870 3800 μόλις

276 3821 359 3886 εἷς
385 3827 450 3876 ἐκ
481 3823 670 3892 χιλίων
699 3825 727 3874 ό
759 3821 1138 3888 καταξιωθεὶς,
1177 3821 1417 3889 Χριστοῦ
1442 3822 1646 3890 χάριτι,
1671 3820 1872 3893 προκό·

276 3915 382 3983 Qui.
416 3916 499 3976 εἰς
537 3913 696 3982 τήνδε
741 3913 842 3982 τὴν
892 3912 1253 3966 κατάστασιν.
1313 3912 1386 3963 Τὺ
1416 3912 1474 3964 δὲ
1527 3912 1622 3964 καὶ
1662 3912 1870 3982 ταύτην

277 4005 689 4074 ὐτυερπλεῦσαι,
716 4006 812 4057 καὶ
837 4005 937 4074 τῆς
961 4005 1338 4074 πνευματικῆς
1370 4003 1670 4072 ἀξιωθῆναι
1696 4021 1869 4073 προσ-

275 4098 471 4166 ευχῆς,
513 4099 610 4150 κα)⁸
638 4099 821 4165 τυχεῖν
855 4097 956 4164 τῆς
984 4097 1383 4164 ἀποκαλύψεως
1404 4095 1513 4148 τῶν
1549 4095 1868 4165 μυστηρίων

276 4191 377 4242 τοῦ
405 4188 693 4258 μέλλοντος
712 4185 932 4251 αἰῶνος,
975 4187 1117 4238 πάνυ
1147 4187 1365 4253 ὀλίγων,
1389 4186 1483 4238 nati.
1512 4185 1653 4237 κατὰ
1679 4183 1870 4251 γενεάς

279 4281 380 4334 καὶ
416 4279 615 4349 γενεάς
635 4278 1071 4349 εὑρισκομένων,
1110 4278 1327 4346 εὐδοκία
1358 4276 1456 4345 τῆς
1474 4277 1717 4346 χάριτος,
1737 4274 1872 4328 καθ-

277 4376 432 4442 άπερ
460 4373 666 4441 γράφει
693 4371 788 4423 καὶ
810 4373 838 4423 ό
865 4371 1021 4438 ἅγιος
1055 4371 1239 4422 Ἰσαάκ
1259 4384 1276 4401 ο
1312 4387 1332 4419 ι
1371 4370 1582 4438 Ὥσπερ
1614 4368 1764 4437 μόλις
1807 4369 1872 4420 ἐκ

281 4464 573 4536 μυριάδων
605 4461 932 4533 ἀνθρώπων,
958 4457 1040 4524 εἷς
1068 4460 1385 4530 εὑρίσκεται
1439 4459 1734 4528 πληρώσας
1772 4459 1871 4521 τάς

279 4557 536 4619 ἐντολὰς,
567 4554 666 4606 καὶ
689 4554 760 4606 τά
797 4552 1007 4624 νόμιμα
1051 4551 1249 4622 μικρὸν
1283 4550 1502 4613 ἐνδεῶς,
1537 4552 1631 4603 καὶ
1658 4550 1869 4619 φθάσας

278 4651 363 4711 είς
403 4647 506 4718 τὴν
528 4648 630 4717 τῆς
670 4647 850 4717 ψυχῆς
877 4644 1249 4713 καθαρότητα,
1280 4641 1452 4703 οὕτως
1482 4637 1560 4704 εἷς
1592 4644 1654 4694 ἐκ
1681 4641 1870 4712 χιλίων

279 4745 632 4813 εὑρίσκεται,
667 4741 1030 4807 καταξιωθεὶς
1057 4740 1261 4808 φθάσαι
1295 4740 1432 4810 μετᾶ
1466 4739 1668 4808 πολλῆς
1693 4756 1872 4808 παρα-

2043 2380 2197 2448 Quod
2229 2379 2404 2447 major
2442 2376 2586 2430 omni
2617 2374 2917 2440 Operatione
2949 2383 3016 2426 33f
3058 2367 3256 2421 munda
3290 2364 3481 2419 oraio.

2041 2542 2133 2598 58.
2189 2542 2326 2598 Cum
2380 2539 2469 2595 his
2502 2553 2624 2609 qna:
2655 2536 2884 2591 indi-uia
2925 2546 3052 2590 ’μοι
3104 2548 3155 2590 ει
3213 2547 3345 2605 52..-;
3386 2543 3544 2596 stilo.

1971 2637 2159 2702 frater,
2197 2632 2341 2704 quod
2399 2632 2581 2685 euntis
2617 2629 2903 2683 methodus
2939 2635 2989 2683 et
3023 2630 3204 2683 omnis
3257 2634 3466 2700 regum,
3501 2638 3547 2688 ,ι

1969 2733 2131 2796 velis,
2163 2742 2217 2785 et
2239 2728 2401 2782 varize
2436 2725 2704 2788 actiones,
2738 2725 2810 2778 ita
2843 2724 3089 2779 formatae
3133 2734 3260 2780 sua:
3289 2736 3341 2780 et
3369 2728 3550 2782 dcte“-

1968 2821 2212 2883 miuatae,
2263 2833 2334 2873 eo
2358 2818 2504 2888 quod
2556 2830 2664 2869 non
2702 2829 2998 2884 pessumis
3027 2815 3078 2868 in
3115 2818 3278 2870 corde
3328 2833 3459 2874 Dttl‘e
3495 2831 3548 2872 et

1967 2921 2282 2970 constanter
2321 2924 2501 2964 orare.
2536 2907 2691 2972 Quod
2741 2907 2885 2960 enim
2937 2908 3306 2963 benevolentia
3341 2922 3394 2966 et
3425 2927 3547 2981 gra-

1967 3008 2041 3061 tia
2090 3007 2302 3059 Domini
2338 3002 2508 3056 nostri
2557 2999 2684 3055 Jesu
2749 2999 2950 3053 Chrisn
2987 3001 3224 3062 perferte
3259 3004 3459 3068 aia-pii,
3495 3015 3547 3058 ct

1966 3098 2138 3152 multa
2182 3096 2269 3149 illa
2306 3095 2454 3147 varia
2496 3103 2549 3147 et
2603 3094 2948 3146 transeuntis
2987 3092 3373 3160 relinquemrs,
3421 3109 3543 3148 cum

1965 3206 2031 3246 eo
2062 3195 2155 3260 qul
2189 3204 2330 3242 unus
2354 3195 2436 3240 est
2477 3195 2532 3241 et
2583 3200 2808 3253 Simplex
2860 3199 2913 3234 et
2966 3186 3181 3238 unicndi
3215 3187 3318 3236 vir:
3361 3189 3543 3252 habet,

1964 3279 2352 3349 conjungimur
2410 3276 2722 3329 immediate
2794 3291 2944 3334 suor'
3025 3277 3310 3341 mimum,
3367 3290 3425 3332 ut
3478 3280 3544 3331 ali

1965 3372 2164 3428 illustri
2202 3369 2448 3434 tlieologo
2473 3367 2678 3421 dictum
2712 3382 2772 3421 es
2834 3385 2843 3396 ί
2890 3391 2906 3412 ι
2949 3367 3089 3421 ﬁcus
3121 3369 3318 3423 dumis
3371 3371 3544 3424 Inomi-

1965 3467 2128 3518 uibus
2176 3462 2501 3530 coniunctus
2553 3468 2605 3513 et
2661 3461 2952 3527 cognitus,
2999 3461 3142 3524 quid
3187 3472 3272 3513 est
3325 3477 3410 3524 ea,
3451 3479 3545 3530 per

1965 3557 2234 3626 Spiritum
2287 3560 2563 3617 sanctum,
2625 3550 2677 3603 in
2714 3553 2876 3607 corde
2927 3552 3156 3606 interior
3196 3554 3538 3619 iiiuminatm,

1963 3666 2083 3720 qua:
2124 3647 2389 3717 gignitur,
2443 3655 2503 3699 ut
2553 3643 2758 3698 dictum
2783 3654 2890 3709 est,
2941 3658 3005 3698 ex
3063 3658 3359 3700 memorata
3410 3663 3541 3716 pura

1961 3749 2016 3795 et
2043 3739 2311 3794 constanti
2343 3735 2524 3789 cordis
2568 3735 2835 3789 oratione.
2875 3753 2894 3784 ι
2936 3734 3139 3788 Rarum
3204 3746 3382 3791 autem
3409 3739 3539 3793 illud

1961 3843 2067 3898 est,
2108 3839 2164 3886 et
2204 3831 2292 3883 vix
2329 3843 2470 3882 unus
2500 3843 2563 3881 ex
2617 3827 2783 3893 mille,
2847 3826 3048 3881 Christi
3102 3830 3296 3898 gratia,
3348 3832 3544 3899 dignus

1960 3924 2186 3979 eﬂ'ectus
2233 3921 2438 3988 estqui
2489 3918 2734 3972 adhunc
2787 3927 2990 3973 statum
3035 3921 3333 3986 perveniat.
3387 3923 3542 3977 llunc

1962 4025 2142 4069 autem
2193 4021 2396 4069 statum
2439 4009 2745 4079 transgredi
2793 4019 2845 4063 et
2891 4011 3228 4078 spiritualem
3266 4015 3542 4069 adoratio-

1961 4121 2084 4161 nem
2120 4103 2358 4170 assequi,
2381 4109 2433 4155 et
2458 4096 2652 4153 futurae
2681 4098 2804 4152 vitae
2835 4099 3218 4169 mysteriorum
3253 4104 3539 4157 revelatio—

1960 4213 2082 4252 nein
2136 4193 2387 4263 adipisci,
2446 4192 2671 4247 omnino
2731 4207 3025 4260 paucorum
3087 4201 3192 4256 est,
3240 4203 3294 4248 et
3356 4195 3389 4248 ii
3447 4211 3541 4264 per

1961 4289 2336 4359 generatioues
2383 4295 2434 4337 et
2485 4285 2862 4354 generationes
2913 4286 3294 4353 reperiuntur,
3351 4290 3536 4359 gratim:

1956 4383 2238 4444 beneﬁcio,
2279 4388 2337 4431 ut
2382 4378 2570 4432 scribit
2616 4378 2733 4445 pius
2769 4377 2914 4430 Isaac
2955 4393 2970 4427 :
3017 4396 3034 4426 ι
3067 4377 3534 4442 Quemadmodum

1958 4475 2045 4529 vix
2101 4487 2167 4528 ex
2205 4472 2392 4524 decem
2454 4469 2732 4521 hominum
2797 4468 3034 4522 millibus
3073 4485 3212 4524 unus
3262 4472 3539 4526 invenitur

1955 4565 2051 4637 qui
2080 4563 2333 4618 mandata
2361 4560 2654 4628 adimpleat
2685 4569 2738 4611 et
2765 4559 2909 4627 leges
2935 4560 3094 4613 modo
3120 4561 3232 4615 fere
3272 4565 3532 4630 perleclo.

1955 4670 2008 4711 et
2061 4655 2114 4709 in
2148 4654 2342 4708 animze
2383 4651 2671 4717 puritatem
2733 4650 2940 4712 tendat,
2980 4651 3048 4703 ita
3105 4667 3248 4704 unus
3290 4667 3354 4706 ex
3391 4657 3537 4707 mille

1956 4747 2251 4816 reperitur,
2285 4743 2374 4812 qui
2399 4743 2595 4811 dignus
2639 4741 2919 4810 judicatus
2967 4742 3038 4795 sit
3090 4745 3183 4810 qui
3242 4746 3536 4813 attingeret

281 4834 566 4906 φυλακῆς,
594 4833 675 4896 είς
705 4833 805 4903 τὴν
822 4832 1068 4900 καθαράν
1100 4831 1434 4901 προσευχὴν,
1459 4830 1553 4883 καὶ
1583 4830 1869 4899 διαρρῆξαι
1889 4835 1934 4891 1)
1962 4855 1970 4888 ε

1853 4835 1934 4891 ιι)
1962 4853 2087 4891 cum
2142 4835 2305 4888 multa
2359 4832 2630 4894 custodia.
2691 4848 2880 4899 puram
2934 4835 3257 4897 orationem,
3305 4838 3537 4890 ethunc

277 4926 478 4979 τοῦτον
507 4925 601 4977 τὸν
638 4925 786 4996 ὅρον,
839 4923 933 4975 καὶ
963 4926 1148 4992 τυχεῖν
1174 4922 1384 4974 ἐκείνου
1414 4920 1508 4973 τοῦ
1546 4919 1867 4989 μυστηρίου.

282 5020 434 5072 Διότι
478 5015 664 5069 πολλοὶ
690 5015 790 5086 τῆς
814 5015 1060 5084 καθαρᾶς
1093 5013 1401 5082 προσευχῆς
1434 5011 1683 5081 οὐδαμῶς
1704 5009 1867 5079 ἠξιώ-

282 5115 488 5179 θησαν.
519 5107 636 5160 ἀλλ’
660 5107 856 5175 ὀλίγοι.
892 5106 1036 5175 Πρὸς
1085 5104 1142 5156 δὲ
1175 5104 1232 5156 τὸ
1263 5103 1562 5172 μυστήριον
1600 5101 1778 5153 ἐκεῖνο
1810 5100 1871 5153 τὸ

285 5204 409 5272 μετ’
441 5201 688 5270 ἐκείνην,
735 5201 832 5252 καὶ
869 5199 1068 5266 πέραν,
1100 5197 1130 5249 ὁ
1161 5193 1397 5264 φθάσας,
1433 5193 1586 5263 μόλις
1614 5190 1873 5261 εὑρίσκε-

278 5301 372 5337 ται
396 5285 567 5351 γενεᾷ
599 5285 695 5336 καὶ
717 5285 904 5352 γενεᾷ,
933 5286 998 5354 τῇ
1030 5285 1211 5354 χάριτι
1241 5282 1337 5335 τοῦ
1382 5281 1643 5354 Χριστοῦ.
1681 5300 1700 5333 ι
1753 5281 1865 5334 Καὶ

283 5378 407 5445 μετ’
443 5374 604 5442 ὀλίγα
626 5386 643 5404 ⁶
699 5393 718 5426 ι
753 5375 866 5430 Καὶ
922 5376 972 5428 εί
1007 5375 1147 5446 μετὰ
1175 5372 1544 5444 καθαρότητος
1599 5372 1750 5442 μόλις
1778 5388 1861 5434 τις

280 5468 675 5541 προσεύχεται,
715 5468 769 5520 τί
808 5469 1053 5536 εἴπωμεν
1113 5468 1242 5536 περὶ
1288 5466 1388 5535 τῆς
1449 5464 1865 5535 πνευματικῆς;

284 5563 447 5616 Πᾶσα
509 5560 568 5613 δὲ
624 5559 974 5629 πνευματικὴ
1020 5559 1144 5612 κατ’
1194 5557 1355 5611 αὑτὸν
1399 5553 1554 5620 αὖθις
1603 5558 1869 5624 κινήσεως

283 5651 704 5722 ῆλευθέρωται·
762 5650 856 5703 καὶ
911 5652 943 5718 ἡ
999 5650 1257 5702 κλίνουσα
1314 5647 1561 5700 κάτωθέν
1611 5649 1727 5699 ἐστι
1770 5646 1868 5714 τῆς

289 5741 696 5811 πνευματικῆς.
735 5760 754 5793 ι
791 5742 990 5810 Διόπερ
1018 5741 1111 5793 καὶ
1139 5741 1299 5803 αὐτὸς
1329 5741 1378 5797 εί
1413 5739 1592 5807 βούλει
1626 5737 1732 5790 τῶν
1759 5755 1869 5788 τοι-

287 5839 469 5892 ούτων
498 5836 704 5888 καινῶν
739 5835 1076 5905 μυστηρίων,
1112 5835 1257 5904 ἔργῳ
1286 5835 1378 5887 καὶ
1407 5833 1715 5902 πράγματι,
1752 5832 1868 5900 ἤτοι

287 5933 428 6000 αὗτῇ
466 5933 532 5998 τῇ
577 5928 762 5998 πείρα.
791 5927 848 5978 ὲν
879 5925 1098 5994 Χριστῷ
1142 5925 1317 5993 Ἰησοῦ
1340 5923 1760 5991 καταξιωθῆναι,
1813 5923 1871 5970 ὲν

289 6024 459 6075 παντὶ
488 6019 666 6091 καιρῷ
692 6020 785 6074 καὶ
811 6019 960 6088 πάσῃ
984 6017 1227 6087 ὥρᾳ.,κα“ι
1253 6014 1484 6086 ἐργασίᾳ
1507 6032 1618 6068 σου.
1652 6012 1870 6077 ὲπείρου

1964 4925 2257 4981 terminum
2295 4921 2682 4992 perfrangeret,
2716 4929 2768 4974 et
2807 4921 3122 4991 mysterium
3163 4923 3294 4976 illud
3324 4923 3537 4979 obtine-

1959 5026 2064 5072 ret.
2103 5017 2231 5071 ldeo
2270 5030 2379 5068 non
2417 5013 2570 5066 multi
2603 5013 2667 5066 ad
2706 5012 2962 5066 mundam
3008 5016 3314 5067 orationem
3346 5031 3536 5084 perve-

1959 5123 2110 5172 nere,
2173 5107 2267 5164 sed
2310 5106 2491 5173 pauci.
2545 5105 2649 5172 Qui
2703 5116 2881 5157 autem
2929 5106 2995 5158 ad
3034 5108 3348 5176 mysterium
3387 5111 3537 5177 quod

1957 5211 2076 5252 eam
2113 5196 2362 5266 sequitur
2391 5204 2446 5249 et
2495 5195 2637 5248 ultra
2689 5193 2950 5258 cucurrit,
3005 5195 3093 5249 vix
3150 5198 3418 5263 reperitur
3466 5199 3536 5253 de

1956 5290 2301 5360 generatione
2332 5287 2384 5340 in
2432 5287 2864 5354 generationem,
2925 5286 3127 5340 Christi
3170 5287 3364 5356 gratia.
3413 5309 3431 5339 ι
3467 5289 3532 5342 Et

1956 5379 2118 5448 paulo
2147 5387 2266 5447 post
2299 5392 2313 5428 :
2359 5394 2378 5428 ι
2426 5375 2489 5429 Et
2519 5376 2561 5428 si
2595 5377 2680 5428 vix
2716 5376 2916 5443 aliquis
2946 5391 3067 5429 cum
3127 5379 3362 5443 puritate
3387 5390 3533 5445 orat,

1955 5467 2085 5536 quid
2141 5466 2390 5521 dicemus
2414 5467 2481 5520 de
2506 5466 2773 5534 spirituali
2805 5465 3090 5518 Oratione?
3112 5465 3303 5521 Omnis
3346 5479 3534 5521 autem.

1954 5558 2254 5626 spiritualis
2287 5560 2466 5611 oratio
2497 5567 2641 5609 motu
2679 5557 2846 5608 libera
2878 5567 2979 5610 est.
3010 5557 3077 5610 Et
3107 5575 3224 5625 qua:
3250 5563 3524 5627 paululum

1955 5651 2151 5718 vergit,
2186 5651 2323 5703 infra
2351 5649 2688 5717 spiritnalem
2722 5661 2825 5702 est.
2871 5669 2887 5699 ι
2929 5649 3114 5720 itaque
3143 5652 3189 5704 si
3231 5651 3347 5719 ipse
3400 5656 3524 5706 lali-

1954 5745 2056 5796 bus
2089 5743 2239 5795 novis
2284 5741 2557 5808 mysteriis
2592 5741 2643 5792 in
2689 5740 2907 5792 Christo
2957 5742 3152 5809 dignus
3190 5757 3311 5796 esse
3369 5746 3524 5808 velis,

1953 5850 2113 5901 Opere
2145 5843 2199 5884 et
2242 5846 2320 5896 re,
2351 5831 2462 5898 ipsa
2498 5847 2688 5899 nempe
2723 5833 3081 5898 exparientia,
3107 5835 3252 5885 omni
3282 5845 3528 5902 tempore

1953 5933 2006 5976 et
2034 5924 2180 5976 omni
2217 5923 2346 5973 hora
2375 5936 2427 5973 et
2476 5923 2526 5974 in
2576 5926 2723 5975 omni
2766 5925 3081 5989 operatione
3118 5936 3228 5988 tua,
3263 5941 3420 5981 orare
3466 5929 3518 5982 in

1953 6013 2113 6068 corde
2163 6011 2377 6072 feSIina,
2421 6026 2554 6077 pure
2605 6022 2654 6066 et
2715 6028 2821 6066 non
2872 6014 3166 6078 distincte;
3223 6027 3279 6069 ut
3320 6016 3402 6071 sic
3453 6033 3517 6072 es
