  <div class='ocr_page' id='page_1' title='image "/cluster/home/n/w/nwhite01/storage/ocr_20150623/147/nnc1.0046980555/361.png"; bbox 0 0 4278 6442; ppageno 0'>
   <div class='ocr_carea' id='block_1_1' title="bbox 797 416 898 480">
    <p class='ocr_par' dir='ltr' id='par_1_1' title="bbox 797 416 898 480">
     <span class='ocr_line' id='line_1_1' title="bbox 797 416 898 480; baseline 0.02 -2"><span class='ocrx_word' id='word_1_1' title='bbox 797 416 898 480; x_wconf 86' lang='lat' dir='ltr'><strong>&#39;lll</strong></span> 
     </span>
    </p>
   </div>
   <div class='ocr_carea' id='block_1_2' title="bbox 1631 416 3196 482">
    <p class='ocr_par' dir='ltr' id='par_1_2' title="bbox 1631 416 3196 482">
     <span class='ocr_line' id='line_1_2' title="bbox 1631 416 3196 482; baseline 0.001 -3"><span class='ocrx_word' id='word_1_2' title='bbox 1631 420 1970 480; x_wconf 77' lang='lat' dir='ltr'><strong>CALLISTI</strong></span> <span class='ocrx_word' id='word_1_3' title='bbox 2017 418 2109 478; x_wconf 84' lang='lat' dir='ltr'><strong>ET</strong></span> <span class='ocrx_word' id='word_1_4' title='bbox 2156 416 2447 478; x_wconf 84' lang='lat' dir='ltr'><strong>IGNATlI</strong></span> <span class='ocrx_word' id='word_1_5' title='bbox 2513 419 3196 482; x_wconf 74' lang='lat' dir='ltr'><strong>XANTHOPULORUM</strong></span> 
     </span>
    </p>
   </div>
   <div class='ocr_carea' id='block_1_3' title="bbox 3931 417 4030 482">
    <p class='ocr_par' dir='ltr' id='par_1_3' title="bbox 3931 417 4030 482">
     <span class='ocr_line' id='line_1_3' title="bbox 3931 417 4030 482; baseline 0 -2"><span class='ocrx_word' id='word_1_6' title='bbox 3931 417 4030 482; x_wconf 75' lang='lat'><strong>71?.</strong></span> 
     </span>
    </p>
   </div>
   <div class='ocr_carea' id='block_1_4' title="bbox 793 525 2482 608">
    <p class='ocr_par' dir='ltr' id='par_1_4' title="bbox 793 525 2482 608">
     <span class='ocr_line' id='line_1_4' title="bbox 793 525 2482 608; baseline 0.006 -22"><span class='ocrx_word' id='word_1_7' title='bbox 793 538 1002 593; x_wconf 82' lang='lat' dir='ltr'><strong>infante</strong></span> <span class='ocrx_word' id='word_1_8' title='bbox 1033 540 1259 593; x_wconf 75' lang='lat' dir='ltr'><strong>iurtt‘nle</strong></span> <span class='ocrx_word' id='word_1_9' title='bbox 1291 542 1355 592; x_wconf 91' lang='lat' dir='ltr'><strong>ad</strong></span> <span class='ocrx_word' id='word_1_10' title='bbox 1401 525 1576 593; x_wconf 80' lang='lat' dir='ltr'><strong>virum</strong></span> <span class='ocrx_word' id='word_1_11' title='bbox 1619 547 1917 608; x_wconf 66' lang='lat' dir='ltr'><strong>perlectum</strong></span> <span class='ocrx_word' id='word_1_12' title='bbox 1978 547 2352 607; x_wconf 81' lang='lat' dir='ltr'><strong>pervcmas.iu</strong></span> <span class='ocrx_word' id='word_1_13' title='bbox 2394 550 2432 602; x_wconf 90' lang='grc' dir='ltr'><strong>Λ</strong></span> <span class='ocrx_word' id='word_1_14' title='bbox 2467 556 2482 588; x_wconf 75' lang='lat'>1</span> 
     </span>
    </p>
   </div>
   <div class='ocr_carea' id='block_1_5' title="bbox 2345 525 4034 608">
    <p class='ocr_par' dir='ltr' id='par_1_5' title="bbox 2345 530 4034 606">
     <span class='ocr_line' id='line_1_5' title="bbox 2345 530 4034 606; baseline 0.001 -18"><span class='ocrx_word' id='word_1_15' title='bbox 2345 566 2352 603; x_wconf 64' lang='grc' dir='ltr'><strong>ι</strong></span> <span class='ocrx_word' id='word_1_16' title='bbox 2394 550 2432 602; x_wconf 85' lang='grc' dir='ltr'><strong>Λ</strong></span> <span class='ocrx_word' id='word_1_17' title='bbox 2467 540 2773 606; x_wconf 64' lang='grc' dir='ltr'>προρθάσαι</span> <span class='ocrx_word' id='word_1_18' title='bbox 2808 538 2886 597; x_wconf 87' lang='grc' dir='ltr'><strong>είς</strong></span> <span class='ocrx_word' id='word_1_19' title='bbox 2908 537 2969 588; x_wconf 74' lang='grc' dir='ltr'>τὸ</span> <span class='ocrx_word' id='word_1_20' title='bbox 2999 535 3398 606; x_wconf 82' lang='grc' dir='ltr'>προσεύχεσθαι</span> <span class='ocrx_word' id='word_1_21' title='bbox 3432 540 3487 589; x_wconf 67' lang='grc' dir='ltr'>ἐν</span> <span class='ocrx_word' id='word_1_22' title='bbox 3520 532 3736 603; x_wconf 75' lang='grc' dir='ltr'>καρδίᾳ.</span> <span class='ocrx_word' id='word_1_23' title='bbox 3781 530 4034 594; x_wconf 75' lang='grc' dir='ltr'><strong>καθαρῶς</strong></span> 
     </span>
    </p>
   </div>
   <div class='ocr_carea' id='block_1_6' title="bbox 789 626 2363 696">
    <p class='ocr_par' dir='ltr' id='par_1_6' title="bbox 789 626 2363 696">
     <span class='ocr_line' id='line_1_6' title="bbox 789 626 2363 696; baseline 0.01 -23"><span class='ocrx_word' id='word_1_24' title='bbox 789 638 1106 679; x_wconf 80' lang='lat' dir='ltr'><strong>mensuram</strong></span> <span class='ocrx_word' id='word_1_25' title='bbox 1136 628 1311 680; x_wconf 76' lang='lat' dir='ltr'><strong>aetatis</strong></span> <span class='ocrx_word' id='word_1_26' title='bbox 1342 626 1697 696; x_wconf 85' lang='lat' dir='ltr'><strong>plenitudinis</strong></span> <span class='ocrx_word' id='word_1_27' title='bbox 1726 630 1954 696; x_wconf 87' lang='lat' dir='ltr'><strong>Christi,</strong></span> <span class='ocrx_word' id='word_1_28' title='bbox 1990 645 2042 689; x_wconf 92' lang='lat' dir='ltr'><strong>ct</strong></span> <span class='ocrx_word' id='word_1_29' title='bbox 2069 651 2192 692; x_wconf 89' lang='lat' dir='ltr'><strong>cum</strong></span> <span class='ocrx_word' id='word_1_30' title='bbox 2223 637 2363 690; x_wconf 81' lang='lat' dir='ltr'><strong>ﬁdeli</strong></span> 
     </span>
    </p>
   </div>
   <div class='ocr_carea' id='block_1_7' title="bbox 789 715 2361 785">
    <p class='ocr_par' dir='ltr' id='par_1_7' title="bbox 789 715 2361 785">
     <span class='ocr_line' id='line_1_7' title="bbox 789 715 2361 785; baseline 0.009 -17"><span class='ocrx_word' id='word_1_31' title='bbox 789 729 854 768; x_wconf 77' lang='lat' dir='ltr'><strong>ac</strong></span> <span class='ocrx_word' id='word_1_32' title='bbox 879 715 1133 785; x_wconf 85' lang='lat' dir='ltr'><strong>prudenti</strong></span> <span class='ocrx_word' id='word_1_33' title='bbox 1162 732 1319 771; x_wconf 82' lang='lat' dir='ltr'><strong>servo</strong></span> <span class='ocrx_word' id='word_1_34' title='bbox 1344 718 1734 776; x_wconf 76' lang='lat' dir='ltr'><strong>beatitudinem</strong></span> <span class='ocrx_word' id='word_1_35' title='bbox 1767 733 1820 777; x_wconf 89' lang='lat' dir='ltr'><strong>et</strong></span> <span class='ocrx_word' id='word_1_36' title='bbox 1877 741 2136 780; x_wconf 87' lang='lat' dir='ltr'><strong>coronam</strong></span> <span class='ocrx_word' id='word_1_37' title='bbox 2169 745 2361 782; x_wconf 75' lang='lat' dir='ltr'><strong>Conse-</strong></span> 
     </span>
    </p>
   </div>
   <div class='ocr_carea' id='block_1_8' title="bbox 789 808 2369 882">
    <p class='ocr_par' dir='ltr' id='par_1_8' title="bbox 789 808 2369 882">
     <span class='ocr_line' id='line_1_8' title="bbox 789 808 2369 882; baseline 0.008 -22"><span class='ocrx_word' id='word_1_38' title='bbox 789 809 1001 876; x_wconf 83' lang='lat' dir='ltr'><strong>quaris,</strong></span> <span class='ocrx_word' id='word_1_39' title='bbox 1028 818 1084 860; x_wconf 91' lang='lat' dir='ltr'><strong>ut</strong></span> <span class='ocrx_word' id='word_1_40' title='bbox 1107 808 1350 879; x_wconf 84' lang='lat' dir='ltr'><strong>dirigens</strong></span> <span class='ocrx_word' id='word_1_41' title='bbox 1381 813 1433 865; x_wconf 90' lang='lat' dir='ltr'><strong>in</strong></span> <span class='ocrx_word' id='word_1_42' title='bbox 1456 811 1666 881; x_wconf 87' lang='lat' dir='ltr'><strong>judicio</strong></span> <span class='ocrx_word' id='word_1_43' title='bbox 1711 829 1993 872; x_wconf 63' lang='lat' dir='ltr'><strong>ssrmones</strong></span> <span class='ocrx_word' id='word_1_44' title='bbox 2028 826 2172 882; x_wconf 89' lang='lat' dir='ltr'><strong>tuos;</strong></span> <span class='ocrx_word' id='word_1_45' title='bbox 2219 836 2369 872; x_wconf 88' lang='lat' dir='ltr'><strong>nem-</strong></span> 
     </span>
    </p>
   </div>
   <div class='ocr_carea' id='block_1_9' title="bbox 794 900 2370 980">
    <p class='ocr_par' dir='ltr' id='par_1_9' title="bbox 794 900 2370 980">
     <span class='ocr_line' id='line_1_9' title="bbox 794 900 2370 980; baseline 0.011 -32"><span class='ocrx_word' id='word_1_46' title='bbox 794 914 858 965; x_wconf 92' lang='lat' dir='ltr'><strong>pe</strong></span> <span class='ocrx_word' id='word_1_47' title='bbox 885 900 1183 952; x_wconf 69' lang='lat' dir='ltr'><strong>secundum</strong></span> <span class='ocrx_word' id='word_1_48' title='bbox 1233 903 1502 957; x_wconf 89' lang='lat' dir='ltr'><strong>rationem</strong></span> <span class='ocrx_word' id='word_1_49' title='bbox 1550 920 1735 973; x_wconf 80' lang='lat' dir='ltr'><strong>agens,</strong></span> <span class='ocrx_word' id='word_1_50' title='bbox 1802 909 1945 962; x_wconf 90' lang='lat' dir='ltr'><strong>unde</strong></span> <span class='ocrx_word' id='word_1_51' title='bbox 2000 925 2106 963; x_wconf 91' lang='lat' dir='ltr'><strong>non</strong></span> <span class='ocrx_word' id='word_1_52' title='bbox 2159 923 2370 980; x_wconf 82' lang='lat' dir='ltr'><strong>pertur-</strong></span> 
     </span>
    </p>
   </div>
   <div class='ocr_carea' id='block_1_10' title="bbox 793 990 2368 1064">
    <p class='ocr_par' dir='ltr' id='par_1_10' title="bbox 793 990 2368 1064">
     <span class='ocr_line' id='line_1_10' title="bbox 793 990 2368 1064; baseline 0.01 -22"><span class='ocrx_word' id='word_1_53' title='bbox 793 990 938 1044; x_wconf 92' lang='lat' dir='ltr'><strong>beris</strong></span> <span class='ocrx_word' id='word_1_54' title='bbox 1003 993 1054 1044; x_wconf 93' lang='lat' dir='ltr'><strong>in</strong></span> <span class='ocrx_word' id='word_1_55' title='bbox 1119 994 1406 1061; x_wconf 64' lang='lat' dir='ltr'><strong>saeculum,</strong></span> <span class='ocrx_word' id='word_1_56' title='bbox 1465 1000 1923 1064; x_wconf 87' lang='lat' dir='ltr'><strong>quemadmodum</strong></span> <span class='ocrx_word' id='word_1_57' title='bbox 1964 1002 2029 1055; x_wconf 90' lang='lat' dir='ltr'><strong>de</strong></span> <span class='ocrx_word' id='word_1_58' title='bbox 2072 1018 2138 1056; x_wconf 91' lang='lat' dir='ltr'><strong>eo</strong></span> <span class='ocrx_word' id='word_1_59' title='bbox 2180 1004 2368 1058; x_wconf 80' lang='lat' dir='ltr'><strong>scribit</strong></span> 
     </span>
    </p>
   </div>
   <div class='ocr_carea' id='block_1_11' title="bbox 791 1083 2366 1158">
    <p class='ocr_par' dir='ltr' id='par_1_11' title="bbox 791 1083 2366 1158">
     <span class='ocr_line' id='line_1_11' title="bbox 791 1083 2366 1158; baseline 0.01 -23"><span class='ocrx_word' id='word_1_60' title='bbox 791 1094 1016 1138; x_wconf 86' lang='lat' dir='ltr'><strong>sanctus</strong></span> <span class='ocrx_word' id='word_1_61' title='bbox 1052 1083 1355 1152; x_wconf 83' lang='lat' dir='ltr'><strong>Philemon,</strong></span> <span class='ocrx_word' id='word_1_62' title='bbox 1410 1088 1482 1141; x_wconf 88' lang='lat' dir='ltr'><strong>ita</strong></span> <span class='ocrx_word' id='word_1_63' title='bbox 1510 1104 1525 1144; x_wconf 91' lang='lat'><strong>:</strong></span> <span class='ocrx_word' id='word_1_64' title='bbox 1557 1105 1575 1139; x_wconf 80' lang='grc' dir='ltr'><strong>ι</strong></span> <span class='ocrx_word' id='word_1_65' title='bbox 1614 1088 1823 1156; x_wconf 85' lang='lat' dir='ltr'><strong>Frater,</strong></span> <span class='ocrx_word' id='word_1_66' title='bbox 1877 1094 1992 1146; x_wconf 84' lang='lat' dir='ltr'><strong>sive</strong></span> <span class='ocrx_word' id='word_1_67' title='bbox 2043 1105 2222 1158; x_wconf 91' lang='lat' dir='ltr'><strong>nocte,</strong></span> <span class='ocrx_word' id='word_1_68' title='bbox 2251 1096 2366 1151; x_wconf 85' lang='lat' dir='ltr'><strong>sive</strong></span> 
     </span>
    </p>
   </div>
   <div class='ocr_carea' id='block_1_12' title="bbox 788 1175 2370 1256">
    <p class='ocr_par' dir='ltr' id='par_1_12' title="bbox 788 1175 2370 1256">
     <span class='ocr_line' id='line_1_12' title="bbox 788 1175 2370 1256; baseline 0.011 -30"><span class='ocrx_word' id='word_1_69' title='bbox 788 1175 898 1237; x_wconf 86' lang='lat' dir='ltr'><strong>die,</strong></span> <span class='ocrx_word' id='word_1_70' title='bbox 926 1175 1183 1244; x_wconf 80' lang='lat' dir='ltr'><strong>dignatus</strong></span> <span class='ocrx_word' id='word_1_71' title='bbox 1210 1179 1313 1232; x_wconf 84' lang='lat' dir='ltr'><strong>erit</strong></span> <span class='ocrx_word' id='word_1_72' title='bbox 1348 1190 1397 1233; x_wconf 91' lang='lat' dir='ltr'><strong>te</strong></span> <span class='ocrx_word' id='word_1_73' title='bbox 1439 1179 1577 1234; x_wconf 84' lang='lat' dir='ltr'><strong>Deus</strong></span> <span class='ocrx_word' id='word_1_74' title='bbox 1600 1195 1758 1236; x_wconf 88' lang='lat' dir='ltr'><strong>orare</strong></span> <span class='ocrx_word' id='word_1_75' title='bbox 1788 1195 1969 1238; x_wconf 86' lang='lat' dir='ltr'><strong>mente</strong></span> <span class='ocrx_word' id='word_1_76' title='bbox 1991 1200 2123 1252; x_wconf 86' lang='lat' dir='ltr'><strong>pura</strong></span> <span class='ocrx_word' id='word_1_77' title='bbox 2161 1187 2370 1256; x_wconf 86' lang='lat' dir='ltr'><strong>absque</strong></span> 
     </span>
    </p>
   </div>
   <div class='ocr_carea' id='block_1_13' title="bbox 789 1267 2367 1343">
    <p class='ocr_par' dir='ltr' id='par_1_13' title="bbox 789 1267 2367 1343">
     <span class='ocr_line' id='line_1_13' title="bbox 789 1267 2367 1343; baseline 0.01 -24"><span class='ocrx_word' id='word_1_78' title='bbox 789 1267 1170 1331; x_wconf 74' lang='lat' dir='ltr'><strong>distractione,</strong></span> <span class='ocrx_word' id='word_1_79' title='bbox 1198 1285 1263 1322; x_wconf 90' lang='lat' dir='ltr'><strong>ne</strong></span> <span class='ocrx_word' id='word_1_80' title='bbox 1291 1272 1521 1340; x_wconf 74' lang='lat' dir='ltr'><strong>propria:</strong></span> <span class='ocrx_word' id='word_1_81' title='bbox 1563 1282 1669 1328; x_wconf 66' lang='lat' dir='ltr'><strong>tua:</strong></span> <span class='ocrx_word' id='word_1_82' title='bbox 1695 1276 1891 1343; x_wconf 72' lang='lat' dir='ltr'><strong>regula.-</strong></span> <span class='ocrx_word' id='word_1_83' title='bbox 1925 1277 2243 1343; x_wconf 70' lang='lat' dir='ltr'><strong>adhzereas;</strong></span> <span class='ocrx_word' id='word_1_84' title='bbox 2273 1280 2367 1335; x_wconf 87' lang='lat' dir='ltr'><strong>sed</strong></span> 
     </span>
    </p>
   </div>
   <div class='ocr_carea' id='block_1_14' title="bbox 791 1359 2370 1441">
    <p class='ocr_par' dir='ltr' id='par_1_14' title="bbox 791 1359 2370 1441">
     <span class='ocr_line' id='line_1_14' title="bbox 791 1359 2370 1441; baseline 0.012 -34"><span class='ocrx_word' id='word_1_85' title='bbox 791 1368 1052 1424; x_wconf 89' lang='lat' dir='ltr'><strong>quantum</strong></span> <span class='ocrx_word' id='word_1_86' title='bbox 1078 1359 1171 1412; x_wconf 86' lang='lat' dir='ltr'><strong>tibi</strong></span> <span class='ocrx_word' id='word_1_87' title='bbox 1210 1361 1414 1426; x_wconf 86' lang='lat' dir='ltr'><strong>licebit,</strong></span> <span class='ocrx_word' id='word_1_88' title='bbox 1452 1364 1622 1419; x_wconf 85' lang='lat' dir='ltr'><strong>nitere</strong></span> <span class='ocrx_word' id='word_1_89' title='bbox 1651 1380 1774 1418; x_wconf 92' lang='lat' dir='ltr'><strong>cum</strong></span> <span class='ocrx_word' id='word_1_90' title='bbox 1810 1366 1918 1420; x_wconf 85' lang='lat' dir='ltr'><strong>Deo</strong></span> <span class='ocrx_word' id='word_1_91' title='bbox 1951 1368 2095 1421; x_wconf 93' lang='lat' dir='ltr'><strong>uniri</strong></span> <span class='ocrx_word' id='word_1_92' title='bbox 2126 1387 2141 1436; x_wconf 87' lang='lat'><strong>;</strong></span> <span class='ocrx_word' id='word_1_93' title='bbox 2177 1381 2231 1424; x_wconf 90' lang='lat' dir='ltr'><strong>et</strong></span> <span class='ocrx_word' id='word_1_94' title='bbox 2255 1372 2370 1441; x_wconf 90' lang='lat' dir='ltr'><strong>ipse</strong></span> 
     </span>
    </p>
   </div>
   <div class='ocr_carea' id='block_1_15' title="bbox 790 1453 2370 1529">
    <p class='ocr_par' dir='ltr' id='par_1_15' title="bbox 790 1453 2370 1529">
     <span class='ocr_line' id='line_1_15' title="bbox 790 1453 2370 1529; baseline 0.011 -27"><span class='ocrx_word' id='word_1_95' title='bbox 790 1465 885 1502; x_wconf 89' lang='lat' dir='ltr'><strong>cor</strong></span> <span class='ocrx_word' id='word_1_96' title='bbox 915 1459 1065 1504; x_wconf 92' lang='lat' dir='ltr'><strong>tuum</strong></span> <span class='ocrx_word' id='word_1_97' title='bbox 1110 1453 1435 1508; x_wconf 85' lang='lat' dir='ltr'><strong>illuminabit</strong></span> <span class='ocrx_word' id='word_1_98' title='bbox 1477 1457 1544 1509; x_wconf 85' lang='lat' dir='ltr'><strong>de</strong></span> <span class='ocrx_word' id='word_1_99' title='bbox 1612 1457 1860 1512; x_wconf 90' lang='lat' dir='ltr'><strong>oratione</strong></span> <span class='ocrx_word' id='word_1_100' title='bbox 1894 1460 2184 1529; x_wconf 86' lang='lat' dir='ltr'><strong>spirituali.</strong></span> <span class='ocrx_word' id='word_1_101' title='bbox 2234 1482 2253 1515; x_wconf 75' lang='grc' dir='ltr'><strong>ι</strong></span> <span class='ocrx_word' id='word_1_102' title='bbox 2305 1465 2370 1519; x_wconf 82' lang='lat' dir='ltr'><strong>Et</strong></span> 
     </span>
    </p>
   </div>
   <div class='ocr_carea' id='block_1_16' title="bbox 789 1543 2370 1623">
    <p class='ocr_par' dir='ltr' id='par_1_16' title="bbox 789 1543 2370 1623">
     <span class='ocr_line' id='line_1_16' title="bbox 789 1543 2370 1623; baseline 0.012 -30"><span class='ocrx_word' id='word_1_103' title='bbox 789 1543 1009 1610; x_wconf 86' lang='lat' dir='ltr'><strong>quidam</strong></span> <span class='ocrx_word' id='word_1_104' title='bbox 1031 1559 1096 1598; x_wconf 81' lang='lat' dir='ltr'><strong>ex</strong></span> <span class='ocrx_word' id='word_1_105' title='bbox 1113 1548 1316 1600; x_wconf 87' lang='lat' dir='ltr'><strong>sanctis</strong></span> <span class='ocrx_word' id='word_1_106' title='bbox 1346 1564 1360 1600; x_wconf 90' lang='lat'><strong>:</strong></span> <span class='ocrx_word' id='word_1_107' title='bbox 1397 1566 1416 1598; x_wconf 85' lang='grc' dir='ltr'><strong>ι</strong></span> <span class='ocrx_word' id='word_1_108' title='bbox 1447 1547 1500 1602; x_wconf 93' lang='lat' dir='ltr'><strong>Si</strong></span> <span class='ocrx_word' id='word_1_109' title='bbox 1526 1550 1606 1602; x_wconf 84' lang='lat' dir='ltr'><strong>vis</strong></span> <span class='ocrx_word' id='word_1_110' title='bbox 1629 1552 1681 1602; x_wconf 88' lang='lat' dir='ltr'><strong>in</strong></span> <span class='ocrx_word' id='word_1_111' title='bbox 1719 1565 1949 1621; x_wconf 90' lang='lat' dir='ltr'><strong>corpore</strong></span> <span class='ocrx_word' id='word_1_112' title='bbox 1970 1563 2224 1623; x_wconf 86' lang='lat' dir='ltr'><strong>tanquam</strong></span> <span class='ocrx_word' id='word_1_113' title='bbox 2252 1558 2370 1612; x_wconf 87' lang='lat' dir='ltr'><strong>sine</strong></span> 
     </span>
    </p>
   </div>
   <div class='ocr_carea' id='block_1_17' title="bbox 787 1634 2372 1715">
    <p class='ocr_par' dir='ltr' id='par_1_17' title="bbox 787 1634 2372 1715">
     <span class='ocr_line' id='line_1_17' title="bbox 787 1634 2372 1715; baseline 0.013 -34"><span class='ocrx_word' id='word_1_114' title='bbox 787 1646 1018 1700; x_wconf 80' lang='lat' dir='ltr'><strong>corpore</strong></span> <span class='ocrx_word' id='word_1_115' title='bbox 1047 1634 1152 1688; x_wconf 82' lang='lat' dir='ltr'><strong>Deo</strong></span> <span class='ocrx_word' id='word_1_116' title='bbox 1178 1638 1404 1702; x_wconf 84' lang='lat' dir='ltr'><strong>servire,</strong></span> <span class='ocrx_word' id='word_1_117' title='bbox 1444 1639 1848 1694; x_wconf 83' lang='lat' dir='ltr'><strong>indesinenteni</strong></span> <span class='ocrx_word' id='word_1_118' title='bbox 1897 1645 2199 1699; x_wconf 90' lang='lat' dir='ltr'><strong>orationem</strong></span> <span class='ocrx_word' id='word_1_119' title='bbox 2248 1662 2372 1715; x_wconf 83' lang='lat' dir='ltr'><strong>pos-</strong></span> 
     </span>
    </p>
   </div>
   <div class='ocr_carea' id='block_1_18' title="bbox 2461 622 4031 692">
    <p class='ocr_par' dir='ltr' id='par_1_18' title="bbox 2461 622 4031 692">
     <span class='ocr_line' id='line_1_18' title="bbox 2461 622 4031 692; baseline 0.002 -20"><span class='ocrx_word' id='word_1_120' title='bbox 2461 623 2552 674; x_wconf 74' lang='grc' dir='ltr'>καὶ</span> <span class='ocrx_word' id='word_1_121' title='bbox 2586 623 3014 692; x_wconf 74' lang='grc' dir='ltr'>ἀῤῥεμϐάστως·</span> <span class='ocrx_word' id='word_1_122' title='bbox 3045 624 3109 676; x_wconf 82' lang='grc' dir='ltr'><strong>ἵν’</strong></span> <span class='ocrx_word' id='word_1_123' title='bbox 3141 622 3333 686; x_wconf 76' lang='grc' dir='ltr'>οὕτως,</span> <span class='ocrx_word' id='word_1_124' title='bbox 3363 625 3436 685; x_wconf 84' lang='grc' dir='ltr'>ὼς</span> <span class='ocrx_word' id='word_1_125' title='bbox 3460 624 3525 677; x_wconf 81' lang='grc' dir='ltr'>ὲκ</span> <span class='ocrx_word' id='word_1_126' title='bbox 3557 624 3752 692; x_wconf 79' lang='grc' dir='ltr'>νηπίου</span> <span class='ocrx_word' id='word_1_127' title='bbox 3773 623 4031 691; x_wconf 76' lang='grc' dir='ltr'>θηλάξον·</span> 
     </span>
    </p>
   </div>
   <div class='ocr_carea' id='block_1_19' title="bbox 2459 711 4030 783">
    <p class='ocr_par' dir='ltr' id='par_1_19' title="bbox 2459 711 4030 783">
     <span class='ocr_line' id='line_1_19' title="bbox 2459 711 4030 783; baseline -0.003 -19"><span class='ocrx_word' id='word_1_128' title='bbox 2459 729 2570 776; x_wconf 83' lang='grc' dir='ltr'>τος,</span> <span class='ocrx_word' id='word_1_129' title='bbox 2605 712 2883 783; x_wconf 63' lang='grc' dir='ltr'>προκόψῃς</span> <span class='ocrx_word' id='word_1_130' title='bbox 2915 716 2993 774; x_wconf 80' lang='grc' dir='ltr'><strong>είς</strong></span> <span class='ocrx_word' id='word_1_131' title='bbox 3020 712 3184 780; x_wconf 75' lang='grc' dir='ltr'>ἄνδρα</span> <span class='ocrx_word' id='word_1_132' title='bbox 3217 712 3418 764; x_wconf 88' lang='grc' dir='ltr'>τέλειον</span> <span class='ocrx_word' id='word_1_133' title='bbox 3442 728 3453 739; x_wconf 89' lang='grc'><strong>·</strong></span> <span class='ocrx_word' id='word_1_134' title='bbox 3482 713 3560 772; x_wconf 86' lang='grc' dir='ltr'><strong>είς</strong></span> <span class='ocrx_word' id='word_1_135' title='bbox 3595 711 3792 780; x_wconf 81' lang='grc' dir='ltr'>μέτρον</span> <span class='ocrx_word' id='word_1_136' title='bbox 3819 712 4030 780; x_wconf 76' lang='grc' dir='ltr'>ἡλικίας</span> 
     </span>
    </p>
   </div>
   <div class='ocr_carea' id='block_1_20' title="bbox 2459 803 4030 875">
    <p class='ocr_par' dir='ltr' id='par_1_20' title="bbox 2459 803 4030 875">
     <span class='ocr_line' id='line_1_20' title="bbox 2459 803 4030 875; baseline -0.003 -16"><span class='ocrx_word' id='word_1_137' title='bbox 2459 807 2552 859; x_wconf 74' lang='grc' dir='ltr'>τοῦ</span> <span class='ocrx_word' id='word_1_138' title='bbox 2590 805 2957 874; x_wconf 75' lang='grc' dir='ltr'><strong>πληρώματος</strong></span> <span class='ocrx_word' id='word_1_139' title='bbox 2990 807 3080 856; x_wconf 80' lang='grc' dir='ltr'>τοῦ</span> <span class='ocrx_word' id='word_1_140' title='bbox 3120 805 3376 875; x_wconf 76' lang='grc' dir='ltr'>Χριστοῦ,</span> <span class='ocrx_word' id='word_1_141' title='bbox 3410 807 3501 857; x_wconf 77' lang='grc' dir='ltr'>καὶ</span> <span class='ocrx_word' id='word_1_142' title='bbox 3538 805 3674 873; x_wconf 84' lang='grc' dir='ltr'><strong>μετά</strong></span> <span class='ocrx_word' id='word_1_143' title='bbox 3710 803 3803 855; x_wconf 75' lang='grc' dir='ltr'>τοῦ</span> <span class='ocrx_word' id='word_1_144' title='bbox 3840 804 4030 854; x_wconf 73' lang='grc' dir='ltr'>πιστοῦ</span> 
     </span>
    </p>
   </div>
   <div class='ocr_carea' id='block_1_21' title="bbox 2459 895 4032 966">
    <p class='ocr_par' dir='ltr' id='par_1_21' title="bbox 2459 895 4032 966">
     <span class='ocr_line' id='line_1_21' title="bbox 2459 895 4032 966; baseline -0.002 -16"><span class='ocrx_word' id='word_1_145' title='bbox 2459 898 2743 966; x_wconf 84' lang='grc' dir='ltr'>οίκονόμου</span> <span class='ocrx_word' id='word_1_146' title='bbox 2779 898 2872 950; x_wconf 61' lang='grc' dir='ltr'><strong>καὶ⁹</strong></span> <span class='ocrx_word' id='word_1_147' title='bbox 2933 898 3217 965; x_wconf 68' lang='grc' dir='ltr'>φρονίμου,</span> <span class='ocrx_word' id='word_1_148' title='bbox 3266 895 3359 949; x_wconf 83' lang='grc' dir='ltr'>τοῦ</span> <span class='ocrx_word' id='word_1_149' title='bbox 3403 895 3756 966; x_wconf 74' lang='grc' dir='ltr'><strong>μακαρισμοῦ</strong></span> <span class='ocrx_word' id='word_1_150' title='bbox 3815 896 4032 963; x_wconf 79' lang='grc' dir='ltr'>καὶτῆς</span> 
     </span>
    </p>
   </div>
   <div class='ocr_carea' id='block_1_22' title="bbox 2459 987 4032 1059">
    <p class='ocr_par' dir='ltr' id='par_1_22' title="bbox 2459 987 4032 1059">
     <span class='ocr_line' id='line_1_22' title="bbox 2459 987 4032 1059; baseline -0.004 -16"><span class='ocrx_word' id='word_1_151' title='bbox 2459 989 2814 1058; x_wconf 72' lang='grc' dir='ltr'>ἀναρρήσεως</span> <span class='ocrx_word' id='word_1_152' title='bbox 2849 987 3128 1059; x_wconf 70' lang='grc' dir='ltr'>ἐπιτύχῃς,</span> <span class='ocrx_word' id='word_1_153' title='bbox 3163 987 3237 1049; x_wconf 86' lang='grc' dir='ltr'><strong>ὡς</strong></span> <span class='ocrx_word' id='word_1_154' title='bbox 3275 987 3574 1056; x_wconf 75' lang='grc' dir='ltr'>οἰκονομῶν</span> <span class='ocrx_word' id='word_1_155' title='bbox 3606 989 3662 1038; x_wconf 82' lang='grc' dir='ltr'>ὲν</span> <span class='ocrx_word' id='word_1_156' title='bbox 3694 987 3875 1057; x_wconf 87' lang='grc' dir='ltr'>κρίσει</span> <span class='ocrx_word' id='word_1_157' title='bbox 3909 987 4032 1047; x_wconf 80' lang='grc' dir='ltr'>τοὺς</span> 
     </span>
    </p>
   </div>
   <div class='ocr_carea' id='block_1_23' title="bbox 2462 1079 4034 1150">
    <p class='ocr_par' dir='ltr' id='par_1_23' title="bbox 2462 1079 4034 1150">
     <span class='ocr_line' id='line_1_23' title="bbox 2462 1079 4034 1150; baseline -0.001 -17"><span class='ocrx_word' id='word_1_158' title='bbox 2462 1081 2587 1142; x_wconf 85' lang='grc' dir='ltr'>σοὺς</span> <span class='ocrx_word' id='word_1_159' title='bbox 2610 1082 2800 1148; x_wconf 84' lang='grc' dir='ltr'>λόγους</span> <span class='ocrx_word' id='word_1_160' title='bbox 2820 1098 2834 1113; x_wconf 74' lang='grc' dir='ltr'><strong>ο</strong></span> <span class='ocrx_word' id='word_1_161' title='bbox 2868 1081 3035 1150; x_wconf 77' lang='grc' dir='ltr'>ῆγουν</span> <span class='ocrx_word' id='word_1_162' title='bbox 3085 1080 3227 1132; x_wconf 84' lang='grc' dir='ltr'><strong>κατά</strong></span> <span class='ocrx_word' id='word_1_163' title='bbox 3254 1079 3412 1144; x_wconf 91' lang='grc' dir='ltr'>λόγον</span> <span class='ocrx_word' id='word_1_164' title='bbox 3444 1079 3880 1148; x_wconf 87' lang='grc' dir='ltr'>πολιτευόμενος.</span> <span class='ocrx_word' id='word_1_165' title='bbox 3911 1080 4034 1131; x_wconf 81' lang='grc' dir='ltr'>ὅθεν</span> 
     </span>
    </p>
   </div>
   <div class='ocr_carea' id='block_1_24' title="bbox 2459 1170 4032 1245">
    <p class='ocr_par' dir='ltr' id='par_1_24' title="bbox 2459 1170 4032 1245">
     <span class='ocr_line' id='line_1_24' title="bbox 2459 1170 4032 1245; baseline -0.004 -16"><span class='ocrx_word' id='word_1_166' title='bbox 2459 1176 2552 1228; x_wconf 69' lang='grc' dir='ltr'>καὶ</span> <span class='ocrx_word' id='word_1_167' title='bbox 2583 1176 2641 1228; x_wconf 81' lang='grc' dir='ltr'>οὑ</span> <span class='ocrx_word' id='word_1_168' title='bbox 2675 1174 2980 1245; x_wconf 82' lang='grc' dir='ltr'>σαλευθήσῃ</span> <span class='ocrx_word' id='word_1_169' title='bbox 3019 1175 3098 1236; x_wconf 81' lang='grc' dir='ltr'><strong>είς</strong></span> <span class='ocrx_word' id='word_1_170' title='bbox 3132 1173 3223 1226; x_wconf 79' lang='grc' dir='ltr'><strong>τὸν</strong></span> <span class='ocrx_word' id='word_1_171' title='bbox 3253 1172 3448 1236; x_wconf 87' lang='grc' dir='ltr'>αίῶνα,</span> <span class='ocrx_word' id='word_1_172' title='bbox 3479 1170 3661 1234; x_wconf 86' lang='grc' dir='ltr'>καθὼς</span> <span class='ocrx_word' id='word_1_173' title='bbox 3682 1172 3812 1240; x_wconf 73' lang='grc' dir='ltr'>περὶ</span> <span class='ocrx_word' id='word_1_174' title='bbox 3841 1170 4032 1223; x_wconf 80' lang='grc' dir='ltr'>τούτου</span> 
     </span>
    </p>
   </div>
   <div class='ocr_carea' id='block_1_25' title="bbox 2459 1265 4036 1339">
    <p class='ocr_par' dir='ltr' id='par_1_25' title="bbox 2459 1265 4036 1339">
     <span class='ocr_line' id='line_1_25' title="bbox 2459 1265 4036 1339; baseline -0.004 -17"><span class='ocrx_word' id='word_1_175' title='bbox 2459 1269 2660 1339; x_wconf 76' lang='grc' dir='ltr'>γράφει</span> <span class='ocrx_word' id='word_1_176' title='bbox 2688 1270 2716 1320; x_wconf 87' lang='grc' dir='ltr'><strong>ό</strong></span> <span class='ocrx_word' id='word_1_177' title='bbox 2746 1267 2898 1334; x_wconf 81' lang='grc' dir='ltr'>ἆγιος</span> <span class='ocrx_word' id='word_1_178' title='bbox 2929 1267 3201 1336; x_wconf 79' lang='grc' dir='ltr'><strong>Φιλήμων,</strong></span> <span class='ocrx_word' id='word_1_179' title='bbox 3234 1265 3407 1327; x_wconf 70' lang='grc' dir='ltr'>οὕτως</span> <span class='ocrx_word' id='word_1_180' title='bbox 3428 1281 3440 1295; x_wconf 82' lang='lat'><strong><em>°</em></strong></span> <span class='ocrx_word' id='word_1_181' title='bbox 3475 1283 3493 1316; x_wconf 79' lang='grc' dir='ltr'><strong>ι</strong></span> <span class='ocrx_word' id='word_1_182' title='bbox 3539 1265 3781 1331; x_wconf 83' lang='grc' dir='ltr'>Ἀδελφὲ,</span> <span class='ocrx_word' id='word_1_183' title='bbox 3816 1265 3924 1316; x_wconf 72' lang='grc' dir='ltr'>εἴτε</span> <span class='ocrx_word' id='word_1_184' title='bbox 3977 1265 4036 1317; x_wconf 82' lang='grc' dir='ltr'>ἐν</span> 
     </span>
    </p>
   </div>
   <div class='ocr_carea' id='block_1_26' title="bbox 2459 1357 4036 1429">
    <p class='ocr_par' dir='ltr' id='par_1_26' title="bbox 2459 1357 4036 1429">
     <span class='ocr_line' id='line_1_26' title="bbox 2459 1357 4036 1429; baseline -0.004 -14"><span class='ocrx_word' id='word_1_185' title='bbox 2459 1363 2637 1426; x_wconf 74' lang='grc' dir='ltr'>νυκτὶ,</span> <span class='ocrx_word' id='word_1_186' title='bbox 2688 1361 2798 1414; x_wconf 75' lang='grc' dir='ltr'>εἴτε</span> <span class='ocrx_word' id='word_1_187' title='bbox 2834 1362 2890 1411; x_wconf 81' lang='grc' dir='ltr'>ὲν</span> <span class='ocrx_word' id='word_1_188' title='bbox 2927 1361 3128 1429; x_wconf 77' lang='grc' dir='ltr'>ἡμέρᾳ,</span> <span class='ocrx_word' id='word_1_189' title='bbox 3180 1357 3400 1423; x_wconf 79' lang='grc' dir='ltr'><strong>ἀξιώσει</strong></span> <span class='ocrx_word' id='word_1_190' title='bbox 3437 1375 3496 1410; x_wconf 91' lang='grc' dir='ltr'><strong>σε</strong></span> <span class='ocrx_word' id='word_1_191' title='bbox 3546 1360 3574 1411; x_wconf 86' lang='grc' dir='ltr'><strong>ό</strong></span> <span class='ocrx_word' id='word_1_192' title='bbox 3613 1357 3744 1420; x_wconf 82' lang='grc' dir='ltr'>Θεὸς</span> <span class='ocrx_word' id='word_1_193' title='bbox 3777 1357 4036 1427; x_wconf 80' lang='grc' dir='ltr'>καθαρῶς</span> 
     </span>
    </p>
   </div>
   <div class='ocr_carea' id='block_1_27' title="bbox 2459 1449 4036 1524">
    <p class='ocr_par' dir='ltr' id='par_1_27' title="bbox 2459 1449 4036 1524">
     <span class='ocr_line' id='line_1_27' title="bbox 2459 1449 4036 1524; baseline -0.005 -16"><span class='ocrx_word' id='word_1_194' title='bbox 2459 1454 2538 1523; x_wconf 85' lang='grc' dir='ltr'>τῷ</span> <span class='ocrx_word' id='word_1_195' title='bbox 2563 1453 2641 1507; x_wconf 81' lang='grc' dir='ltr'>νοῒ</span> <span class='ocrx_word' id='word_1_196' title='bbox 2676 1451 3076 1524; x_wconf 81' lang='grc' dir='ltr'>προσεύξασθαι</span> <span class='ocrx_word' id='word_1_197' title='bbox 3107 1451 3553 1520; x_wconf 78' lang='grc' dir='ltr'>ἀπερισπάστως.</span> <span class='ocrx_word' id='word_1_198' title='bbox 3577 1449 3652 1518; x_wconf 84' lang='grc' dir='ltr'>μὴ</span> <span class='ocrx_word' id='word_1_199' title='bbox 3685 1451 3929 1519; x_wconf 85' lang='grc' dir='ltr'>πρόσχῃς</span> <span class='ocrx_word' id='word_1_200' title='bbox 3955 1449 4036 1519; x_wconf 81' lang='grc' dir='ltr'>τῷ</span> 
     </span>
    </p>
   </div>
   <div class='ocr_carea' id='block_1_28' title="bbox 2463 1541 4037 1616">
    <p class='ocr_par' dir='ltr' id='par_1_28' title="bbox 2463 1541 4037 1616">
     <span class='ocr_line' id='line_1_28' title="bbox 2463 1541 4037 1616; baseline -0.004 -17"><span class='ocrx_word' id='word_1_201' title='bbox 2463 1546 2578 1616; x_wconf 73' lang='grc' dir='ltr'>[δίῳ</span> <span class='ocrx_word' id='word_1_202' title='bbox 2606 1547 2788 1599; x_wconf 80' lang='grc' dir='ltr'>κανόνι</span> <span class='ocrx_word' id='word_1_203' title='bbox 2816 1562 2829 1575; x_wconf 80' lang='lat'><strong>&#39;</strong></span> <span class='ocrx_word' id='word_1_204' title='bbox 2857 1544 2971 1597; x_wconf 85' lang='grc' dir='ltr'>ἀλλ’</span> <span class='ocrx_word' id='word_1_205' title='bbox 2995 1545 3093 1614; x_wconf 84' lang='grc' dir='ltr'>ὅση</span> <span class='ocrx_word' id='word_1_206' title='bbox 3120 1561 3201 1597; x_wconf 92' lang='grc' dir='ltr'><strong>σοι</strong></span> <span class='ocrx_word' id='word_1_207' title='bbox 3227 1543 3454 1612; x_wconf 85' lang='grc' dir='ltr'>δύναμις</span> <span class='ocrx_word' id='word_1_208' title='bbox 3479 1541 3792 1595; x_wconf 82' lang='grc' dir='ltr'>ὲπεκτείνου</span> <span class='ocrx_word' id='word_1_209' title='bbox 3816 1541 3894 1611; x_wconf 82' lang='grc' dir='ltr'>τῷ</span> <span class='ocrx_word' id='word_1_210' title='bbox 3916 1541 4037 1611; x_wconf 83' lang='grc' dir='ltr'><strong>Θεῷ</strong></span> 
     </span>
    </p>
   </div>
   <div class='ocr_carea' id='block_1_29' title="bbox 2459 1633 4035 1706">
    <p class='ocr_par' dir='ltr' id='par_1_29' title="bbox 2459 1633 4035 1706">
     <span class='ocr_line' id='line_1_29' title="bbox 2459 1633 4035 1706; baseline -0.002 -16"><span class='ocrx_word' id='word_1_211' title='bbox 2459 1637 2797 1706; x_wconf 80' lang='grc' dir='ltr'><strong>κολλώμενος</strong></span> <span class='ocrx_word' id='word_1_212' title='bbox 2831 1654 2845 1668; x_wconf 88' lang='grc'><strong>·</strong></span> <span class='ocrx_word' id='word_1_213' title='bbox 2904 1637 2997 1690; x_wconf 78' lang='grc' dir='ltr'>καὶ</span> <span class='ocrx_word' id='word_1_214' title='bbox 3031 1637 3194 1698; x_wconf 79' lang='grc' dir='ltr'>αὐτὸς</span> <span class='ocrx_word' id='word_1_215' title='bbox 3239 1637 3464 1704; x_wconf 75' lang='grc' dir='ltr'><strong>φωτίζει</strong></span> <span class='ocrx_word' id='word_1_216' title='bbox 3511 1635 3610 1705; x_wconf 80' lang='grc' dir='ltr'>τὴν</span> <span class='ocrx_word' id='word_1_217' title='bbox 3654 1633 3883 1704; x_wconf 81' lang='grc' dir='ltr'>καρδίαν</span> <span class='ocrx_word' id='word_1_218' title='bbox 3940 1651 4035 1687; x_wconf 89' lang='grc' dir='ltr'><strong>σου</strong></span> 
     </span>
    </p>
   </div>
   <div class='ocr_carea' id='block_1_30' title="bbox 789 1723 2478 1799">
    <p class='ocr_par' dir='ltr' id='par_1_30' title="bbox 789 1723 2478 1793">
     <span class='ocr_line' id='line_1_30' title="bbox 789 1723 2478 1793; baseline 0.011 -17"><span class='ocrx_word' id='word_1_219' title='bbox 789 1723 905 1777; x_wconf 83' lang='lat' dir='ltr'><strong>side</strong></span> <span class='ocrx_word' id='word_1_220' title='bbox 930 1728 1207 1780; x_wconf 86' lang='lat' dir='ltr'><strong>secretoin</strong></span> <span class='ocrx_word' id='word_1_221' title='bbox 1237 1729 1400 1782; x_wconf 89' lang='lat' dir='ltr'><strong>corde</strong></span> <span class='ocrx_word' id='word_1_222' title='bbox 1427 1739 1542 1792; x_wconf 89' lang='lat' dir='ltr'><strong>tuo,</strong></span> <span class='ocrx_word' id='word_1_223' title='bbox 1572 1743 1627 1786; x_wconf 90' lang='lat' dir='ltr'><strong>et</strong></span> <span class='ocrx_word' id='word_1_224' title='bbox 1657 1742 1785 1786; x_wconf 85' lang='lat' dir='ltr'><strong>ante</strong></span> <span class='ocrx_word' id='word_1_225' title='bbox 1813 1745 2040 1788; x_wconf 90' lang='lat' dir='ltr'><strong>mortem</strong></span> <span class='ocrx_word' id='word_1_226' title='bbox 2069 1737 2159 1790; x_wconf 84' lang='lat' dir='ltr'><strong>ﬁet</strong></span> <span class='ocrx_word' id='word_1_227' title='bbox 2189 1739 2367 1793; x_wconf 85' lang='lat' dir='ltr'><strong>anima</strong></span> <span class='ocrx_word' id='word_1_228' title='bbox 2459 1747 2478 1782; x_wconf 81' lang='grc' dir='ltr'><strong><em>ἰ</em></strong></span> 
     </span>
    </p>
   </div>
   <div class='ocr_carea' id='block_1_31' title="bbox 2346 1723 4035 1799">
    <p class='ocr_par' dir='ltr' id='par_1_31' title="bbox 2346 1727 4035 1799">
     <span class='ocr_line' id='line_1_31' title="bbox 2346 1727 4035 1799; baseline -0.002 -17"><span class='ocrx_word' id='word_1_229' title='bbox 2346 1754 2367 1793; x_wconf 65' lang='grc' dir='ltr'>ι</span> <span class='ocrx_word' id='word_1_230' title='bbox 2459 1731 2586 1799; x_wconf 79' lang='grc' dir='ltr'>περῖ</span> <span class='ocrx_word' id='word_1_231' title='bbox 2603 1730 2865 1799; x_wconf 73' lang='grc' dir='ltr'>ἐργασίας</span> <span class='ocrx_word' id='word_1_232' title='bbox 2887 1727 3284 1797; x_wconf 83' lang='grc' dir='ltr'><strong>πνευματικῆς.</strong></span> <span class='ocrx_word' id='word_1_233' title='bbox 3313 1747 3332 1780; x_wconf 75' lang='grc' dir='ltr'><strong>ι</strong></span> <span class='ocrx_word' id='word_1_234' title='bbox 3355 1728 3463 1782; x_wconf 82' lang='grc' dir='ltr'>Καί</span> <span class='ocrx_word' id='word_1_235' title='bbox 3483 1745 3567 1790; x_wconf 85' lang='grc' dir='ltr'><strong>τις</strong></span> <span class='ocrx_word' id='word_1_236' title='bbox 3594 1727 3702 1780; x_wconf 76' lang='grc' dir='ltr'><strong>τῶν</strong></span> <span class='ocrx_word' id='word_1_237' title='bbox 3726 1727 4000 1793; x_wconf 66' lang='grc' dir='ltr'>θεοσόφων</span> <span class='ocrx_word' id='word_1_238' title='bbox 4023 1742 4035 1754; x_wconf 92' lang='grc'><strong>·</strong></span> 
     </span>
    </p>
   </div>
   <div class='ocr_carea' id='block_1_32' title="bbox 791 1820 2480 1893">
    <p class='ocr_par' dir='ltr' id='par_1_32' title="bbox 791 1820 2480 1888">
     <span class='ocr_line' id='line_1_32' title="bbox 791 1820 2480 1888; baseline 0.011 -19"><span class='ocrx_word' id='word_1_239' title='bbox 791 1827 881 1870; x_wconf 89' lang='lat' dir='ltr'><strong>tua</strong></span> <span class='ocrx_word' id='word_1_240' title='bbox 911 1820 1065 1887; x_wconf 88' lang='lat' dir='ltr'><strong>quasi</strong></span> <span class='ocrx_word' id='word_1_241' title='bbox 1100 1822 1342 1888; x_wconf 76' lang='lat' dir='ltr'><strong>angelus.</strong></span> <span class='ocrx_word' id='word_1_242' title='bbox 1376 1840 1394 1872; x_wconf 84' lang='grc'><strong>›</strong></span> <span class='ocrx_word' id='word_1_243' title='bbox 1433 1821 1502 1875; x_wconf 92' lang='lat' dir='ltr'><strong>lis</strong></span> <span class='ocrx_word' id='word_1_244' title='bbox 1541 1833 1904 1880; x_wconf 85' lang='lat' dir='ltr'><strong>consentanea</strong></span> <span class='ocrx_word' id='word_1_245' title='bbox 1929 1829 2118 1883; x_wconf 83' lang='lat' dir='ltr'><strong>scribit</strong></span> <span class='ocrx_word' id='word_1_246' title='bbox 2147 1843 2368 1888; x_wconf 86' lang='lat' dir='ltr'><strong>sanctus</strong></span> <span class='ocrx_word' id='word_1_247' title='bbox 2466 1842 2480 1876; x_wconf 73' lang='grc' dir='ltr'><strong>ε</strong></span> 
     </span>
    </p>
   </div>
   <div class='ocr_carea' id='block_1_33' title="bbox 2347 1820 4036 1893">
    <p class='ocr_par' dir='ltr' id='par_1_33' title="bbox 2347 1822 4036 1893">
     <span class='ocr_line' id='line_1_33' title="bbox 2347 1822 4036 1893; baseline -0.001 -17"><span class='ocrx_word' id='word_1_248' title='bbox 2347 1849 2368 1887; x_wconf 72' lang='lat'><strong>3</strong></span> <span class='ocrx_word' id='word_1_249' title='bbox 2466 1842 2485 1876; x_wconf 75' lang='grc' dir='ltr'><strong>ι</strong></span> <span class='ocrx_word' id='word_1_250' title='bbox 2523 1825 2582 1876; x_wconf 81' lang='grc' dir='ltr'><strong>Εἰ</strong></span> <span class='ocrx_word' id='word_1_251' title='bbox 2611 1825 2786 1886; x_wconf 71' lang='grc' dir='ltr'>θέλεις</span> <span class='ocrx_word' id='word_1_252' title='bbox 2813 1825 2869 1875; x_wconf 83' lang='grc' dir='ltr'>ὲν</span> <span class='ocrx_word' id='word_1_253' title='bbox 2894 1824 3104 1892; x_wconf 85' lang='grc' dir='ltr'>σώματι</span> <span class='ocrx_word' id='word_1_254' title='bbox 3127 1823 3201 1885; x_wconf 88' lang='grc' dir='ltr'>ὠς</span> <span class='ocrx_word' id='word_1_255' title='bbox 3218 1823 3510 1893; x_wconf 80' lang='grc' dir='ltr'>ἀσώματος</span> <span class='ocrx_word' id='word_1_256' title='bbox 3532 1823 3650 1893; x_wconf 85' lang='grc' dir='ltr'><strong>Θεῷ</strong></span> <span class='ocrx_word' id='word_1_257' title='bbox 3677 1822 4036 1892; x_wconf 81' lang='grc' dir='ltr'>λειτουργεῖν,</span> 
     </span>
    </p>
   </div>
   <div class='ocr_carea' id='block_1_34' title="bbox 791 1909 2480 1988">
    <p class='ocr_par' dir='ltr' id='par_1_34' title="bbox 791 1909 2480 1988">
     <span class='ocr_line' id='line_1_34' title="bbox 791 1909 2480 1988; baseline 0.011 -28"><span class='ocrx_word' id='word_1_258' title='bbox 791 1911 954 1962; x_wconf 83' lang='lat' dir='ltr'><strong>Isaac.</strong></span> <span class='ocrx_word' id='word_1_259' title='bbox 980 1909 1353 1978; x_wconf 77' lang='lat' dir='ltr'><strong>interrogatus</strong></span> <span class='ocrx_word' id='word_1_260' title='bbox 1396 1914 1540 1967; x_wconf 89' lang='lat' dir='ltr'><strong>enim</strong></span> <span class='ocrx_word' id='word_1_261' title='bbox 1577 1918 1646 1969; x_wconf 89' lang='lat' dir='ltr'><strong>ab</strong></span> <span class='ocrx_word' id='word_1_262' title='bbox 1688 1917 1871 1985; x_wconf 86' lang='lat' dir='ltr'><strong>aliquo</strong></span> <span class='ocrx_word' id='word_1_263' title='bbox 1924 1921 2195 1988; x_wconf 88' lang='lat' dir='ltr'><strong>quodnam</strong></span> <span class='ocrx_word' id='word_1_264' title='bbox 2224 1935 2368 1980; x_wconf 85' lang='lat' dir='ltr'><strong>esset</strong></span> <span class='ocrx_word' id='word_1_265' title='bbox 2403 1985 2434 1988; x_wconf 89' lang='lat'><strong><em>_</em></strong></span> <span class='ocrx_word' id='word_1_266' title='bbox 2460 1933 2480 1966; x_wconf 89' lang='grc' dir='ltr'><strong>ε</strong></span> 
     </span>
    </p>
   </div>
   <div class='ocr_carea' id='block_1_35' title="bbox 2352 1909 4041 1988">
    <p class='ocr_par' dir='ltr' id='par_1_35' title="bbox 2352 1911 4041 1988">
     <span class='ocr_line' id='line_1_35' title="bbox 2352 1911 4041 1988; baseline -0.002 -22"><span class='ocrx_word' id='word_1_267' title='bbox 2352 1935 2368 1978; x_wconf 82' lang='grc' dir='ltr'><strong>ι</strong></span> <span class='ocrx_word' id='word_1_268' title='bbox 2403 1985 2434 1988; x_wconf 89' lang='lat'>_</span> <span class='ocrx_word' id='word_1_269' title='bbox 2460 1915 2624 1984; x_wconf 81' lang='grc' dir='ltr'>εὐχὴν</span> <span class='ocrx_word' id='word_1_270' title='bbox 2682 1915 3026 1967; x_wconf 72' lang='grc' dir='ltr'><strong>ἀδιάλειπτον</strong></span> <span class='ocrx_word' id='word_1_271' title='bbox 3085 1914 3277 1982; x_wconf 81' lang='grc' dir='ltr'>κτῆσαι</span> <span class='ocrx_word' id='word_1_272' title='bbox 3345 1912 3604 1982; x_wconf 84' lang='grc' dir='ltr'>κρυπτῶς</span> <span class='ocrx_word' id='word_1_273' title='bbox 3636 1914 3694 1965; x_wconf 79' lang='grc' dir='ltr'>ὲν</span> <span class='ocrx_word' id='word_1_274' title='bbox 3743 1916 3811 1981; x_wconf 79' lang='grc' dir='ltr'>τῇ</span> <span class='ocrx_word' id='word_1_275' title='bbox 3842 1911 4041 1982; x_wconf 78' lang='grc' dir='ltr'>καρδία</span> 
     </span>
    </p>
   </div>
   <div class='ocr_carea' id='block_1_36' title="bbox 790 1985 2479 2083">
    <p class='ocr_par' dir='ltr' id='par_1_36' title="bbox 790 1985 2479 2083">
     <span class='ocr_line' id='line_1_36' title="bbox 790 1985 2479 2083; baseline 0.01 -30"><span class='ocrx_word' id='word_1_276' title='bbox 790 2002 1172 2055; x_wconf 79' lang='lat' dir='ltr'><strong>universorum</strong></span> <span class='ocrx_word' id='word_1_277' title='bbox 1227 2003 1389 2071; x_wconf 89' lang='lat' dir='ltr'><strong>hujus</strong></span> <span class='ocrx_word' id='word_1_278' title='bbox 1446 2007 1625 2075; x_wconf 90' lang='lat' dir='ltr'><strong>operis</strong></span> <span class='ocrx_word' id='word_1_279' title='bbox 1673 2008 2011 2076; x_wconf 80' lang='lat' dir='ltr'><strong>profecutnm</strong></span> <span class='ocrx_word' id='word_1_280' title='bbox 2067 2027 2365 2083; x_wconf 83' lang='lat' dir='ltr'><strong>summum,</strong></span> <span class='ocrx_word' id='word_1_281' title='bbox 2403 1985 2479 2059; x_wconf 65' lang='lat' dir='ltr'><strong>nc</strong></span> 
     </span>
    </p>
   </div>
   <div class='ocr_carea' id='block_1_37' title="bbox 2352 1985 4041 2083">
    <p class='ocr_par' dir='ltr' id='par_1_37' title="bbox 2352 1985 4041 2083">
     <span class='ocr_line' id='line_1_37' title="bbox 2352 1985 4041 2083; baseline -0.001 -24"><span class='ocrx_word' id='word_1_282' title='bbox 2352 2059 2365 2083; x_wconf 46' lang='grc' dir='ltr'><strong><em>ι</em></strong></span> <span class='ocrx_word' id='word_1_283' title='bbox 2403 1985 2438 2036; x_wconf 71' lang='grc' dir='ltr'><strong>η</strong></span> <span class='ocrx_word' id='word_1_284' title='bbox 2461 2023 2576 2071; x_wconf 86' lang='grc' dir='ltr'>σου,</span> <span class='ocrx_word' id='word_1_285' title='bbox 2613 2006 2708 2059; x_wconf 73' lang='grc' dir='ltr'>καὶ</span> <span class='ocrx_word' id='word_1_286' title='bbox 2737 2006 2946 2073; x_wconf 85' lang='grc' dir='ltr'>γίνεται</span> <span class='ocrx_word' id='word_1_287' title='bbox 2984 2004 3090 2075; x_wconf 79' lang='grc' dir='ltr'><strong>πρδ</strong></span> <span class='ocrx_word' id='word_1_288' title='bbox 3121 2005 3352 2058; x_wconf 84' lang='grc' dir='ltr'>Θανάτου</span> <span class='ocrx_word' id='word_1_289' title='bbox 3376 2007 3408 2073; x_wconf 84' lang='grc' dir='ltr'>ἡ</span> <span class='ocrx_word' id='word_1_290' title='bbox 3440 2005 3587 2076; x_wconf 78' lang='grc' dir='ltr'>ψυχή</span> <span class='ocrx_word' id='word_1_291' title='bbox 3617 2022 3729 2069; x_wconf 90' lang='grc' dir='ltr'>σου,</span> <span class='ocrx_word' id='word_1_292' title='bbox 3773 2005 3848 2065; x_wconf 77' lang='grc' dir='ltr'><strong>ὡς</strong></span> <span class='ocrx_word' id='word_1_293' title='bbox 3873 2006 4041 2073; x_wconf 84' lang='grc' dir='ltr'>ἀγγε-</span> 
     </span>
    </p>
   </div>
   <div class='ocr_carea' id='block_1_38' title="bbox 787 2094 2369 2173">
    <p class='ocr_par' dir='ltr' id='par_1_38' title="bbox 787 2094 2369 2173">
     <span class='ocr_line' id='line_1_38' title="bbox 787 2094 2369 2173; baseline 0.013 -30"><span class='ocrx_word' id='word_1_294' title='bbox 787 2094 1198 2164; x_wconf 87' lang='lat' dir='ltr'><strong>tranqnillitatis</strong></span> <span class='ocrx_word' id='word_1_295' title='bbox 1223 2112 1437 2164; x_wconf 88' lang='lat' dir='ltr'><strong>nempe,</strong></span> <span class='ocrx_word' id='word_1_296' title='bbox 1465 2097 1538 2150; x_wconf 85' lang='lat' dir='ltr'><strong>ita</strong></span> <span class='ocrx_word' id='word_1_297' title='bbox 1567 2109 1625 2152; x_wconf 93' lang='lat' dir='ltr'><strong>ut</strong></span> <span class='ocrx_word' id='word_1_298' title='bbox 1671 2097 1818 2170; x_wconf 77' lang='lat' dir='ltr'><strong>[quis</strong></span> <span class='ocrx_word' id='word_1_299' title='bbox 1863 2103 1927 2156; x_wconf 89' lang='lat' dir='ltr'><strong>ad</strong></span> <span class='ocrx_word' id='word_1_300' title='bbox 1961 2104 2011 2156; x_wconf 90' lang='lat' dir='ltr'><strong>id</strong></span> <span class='ocrx_word' id='word_1_301' title='bbox 2049 2107 2369 2173; x_wconf 76' lang='lat' dir='ltr'><strong>perveniens</strong></span> 
     </span>
    </p>
   </div>
   <div class='ocr_carea' id='block_1_39' title="bbox 790 2187 2367 2266">
    <p class='ocr_par' dir='ltr' id='par_1_39' title="bbox 790 2187 2367 2266">
     <span class='ocr_line' id='line_1_39' title="bbox 790 2187 2367 2266; baseline 0.011 -29"><span class='ocrx_word' id='word_1_302' title='bbox 790 2187 1000 2240; x_wconf 84' lang='lat' dir='ltr'><strong>sciatse</strong></span> <span class='ocrx_word' id='word_1_303' title='bbox 1019 2187 1141 2241; x_wconf 58' lang='lat' dir='ltr'><strong>vita</strong></span> <span class='ocrx_word' id='word_1_304' title='bbox 1164 2188 1549 2256; x_wconf 81' lang='lat' dir='ltr'><strong>perfectionem</strong></span> <span class='ocrx_word' id='word_1_305' title='bbox 1575 2190 1830 2260; x_wconf 89' lang='lat' dir='ltr'><strong>adeptum</strong></span> <span class='ocrx_word' id='word_1_306' title='bbox 1863 2209 2004 2259; x_wconf 88' lang='lat' dir='ltr'><strong>esse,</strong></span> <span class='ocrx_word' id='word_1_307' title='bbox 2038 2201 2318 2266; x_wconf 86' lang='lat' dir='ltr'><strong>respondit</strong></span> <span class='ocrx_word' id='word_1_308' title='bbox 2352 2217 2367 2255; x_wconf 89' lang='lat'><strong>:</strong></span> 
     </span>
    </p>
   </div>
   <div class='ocr_carea' id='block_1_40' title="bbox 793 2279 2368 2360">
    <p class='ocr_par' dir='ltr' id='par_1_40' title="bbox 793 2279 2368 2360">
     <span class='ocr_line' id='line_1_40' title="bbox 793 2279 2368 2360; baseline 0.01 -30"><span class='ocrx_word' id='word_1_309' title='bbox 793 2298 812 2330; x_wconf 71' lang='grc' dir='ltr'><strong>ι</strong></span> <span class='ocrx_word' id='word_1_310' title='bbox 839 2279 1094 2352; x_wconf 75' lang='lat' dir='ltr'><strong>Quando]</strong></span> <span class='ocrx_word' id='word_1_311' title='bbox 1120 2281 1241 2350; x_wconf 91' lang='lat' dir='ltr'><strong>quis</strong></span> <span class='ocrx_word' id='word_1_312' title='bbox 1273 2280 1473 2351; x_wconf 80' lang='lat' dir='ltr'><strong>dignus</strong></span> <span class='ocrx_word' id='word_1_313' title='bbox 1495 2285 1671 2339; x_wconf 81' lang='lat' dir='ltr'><strong>factus</strong></span> <span class='ocrx_word' id='word_1_314' title='bbox 1697 2295 1780 2341; x_wconf 91' lang='lat' dir='ltr'><strong>est</strong></span> <span class='ocrx_word' id='word_1_315' title='bbox 1803 2289 2060 2342; x_wconf 88' lang='lat' dir='ltr'><strong>continua</strong></span> <span class='ocrx_word' id='word_1_316' title='bbox 2088 2294 2368 2360; x_wconf 73' lang='lat' dir='ltr'><strong>oratione;</strong></span> 
     </span>
    </p>
   </div>
   <div class='ocr_carea' id='block_1_41' title="bbox 791 2374 2370 2446">
    <p class='ocr_par' dir='ltr' id='par_1_41' title="bbox 791 2374 2370 2446">
     <span class='ocr_line' id='line_1_41' title="bbox 791 2374 2370 2446; baseline 0.011 -24"><span class='ocrx_word' id='word_1_317' title='bbox 791 2381 1081 2438; x_wconf 83' lang='lat' dir='ltr'><strong>postquam</strong></span> <span class='ocrx_word' id='word_1_318' title='bbox 1105 2374 1249 2428; x_wconf 91' lang='lat' dir='ltr'><strong>enim</strong></span> <span class='ocrx_word' id='word_1_319' title='bbox 1285 2375 1333 2428; x_wconf 88' lang='lat' dir='ltr'><strong>id</strong></span> <span class='ocrx_word' id='word_1_320' title='bbox 1361 2377 1623 2446; x_wconf 80' lang='lat' dir='ltr'><strong>attigerit,</strong></span> <span class='ocrx_word' id='word_1_321' title='bbox 1655 2378 1897 2432; x_wconf 88' lang='lat' dir='ltr'><strong>omnium</strong></span> <span class='ocrx_word' id='word_1_322' title='bbox 1927 2381 2187 2437; x_wconf 86' lang='lat' dir='ltr'><strong>virtutum</strong></span> <span class='ocrx_word' id='word_1_323' title='bbox 2223 2400 2370 2439; x_wconf 89' lang='lat' dir='ltr'><strong>sum-</strong></span> 
     </span>
    </p>
   </div>
   <div class='ocr_carea' id='block_1_42' title="bbox 791 2464 2364 2536">
    <p class='ocr_par' dir='ltr' id='par_1_42' title="bbox 791 2464 2364 2536">
     <span class='ocr_line' id='line_1_42' title="bbox 791 2464 2364 2536; baseline 0.01 -22"><span class='ocrx_word' id='word_1_324' title='bbox 791 2479 931 2515; x_wconf 78' lang='lat' dir='ltr'><strong>mam</strong></span> <span class='ocrx_word' id='word_1_325' title='bbox 955 2464 1159 2532; x_wconf 75' lang='lat' dir='ltr'><strong>attigit,</strong></span> <span class='ocrx_word' id='word_1_326' title='bbox 1186 2481 1248 2519; x_wconf 89' lang='lat' dir='ltr'><strong>ac</strong></span> <span class='ocrx_word' id='word_1_327' title='bbox 1285 2465 1539 2536; x_wconf 85' lang='lat' dir='ltr'><strong>deinceps</strong></span> <span class='ocrx_word' id='word_1_328' title='bbox 1566 2466 1803 2536; x_wconf 86' lang='lat' dir='ltr'><strong>Spiritus</strong></span> <span class='ocrx_word' id='word_1_329' title='bbox 1825 2473 1998 2524; x_wconf 88' lang='lat' dir='ltr'><strong>sancti</strong></span> <span class='ocrx_word' id='word_1_330' title='bbox 2026 2474 2364 2529; x_wconf 85' lang='lat' dir='ltr'><strong>domicilium</strong></span> 
     </span>
    </p>
   </div>
   <div class='ocr_carea' id='block_1_43' title="bbox 790 2555 2366 2636">
    <p class='ocr_par' dir='ltr' id='par_1_43' title="bbox 790 2555 2366 2636">
     <span class='ocr_line' id='line_1_43' title="bbox 790 2555 2366 2636; baseline 0.009 -29"><span class='ocrx_word' id='word_1_331' title='bbox 790 2555 965 2610; x_wconf 78' lang='lat' dir='ltr'><strong>factus</strong></span> <span class='ocrx_word' id='word_1_332' title='bbox 994 2568 1096 2611; x_wconf 86' lang='lat' dir='ltr'><strong>est.</strong></span> <span class='ocrx_word' id='word_1_333' title='bbox 1131 2557 1186 2611; x_wconf 91' lang='lat' dir='ltr'><strong>Si</strong></span> <span class='ocrx_word' id='word_1_334' title='bbox 1218 2558 1342 2626; x_wconf 85' lang='lat' dir='ltr'><strong>quis</strong></span> <span class='ocrx_word' id='word_1_335' title='bbox 1369 2559 1508 2611; x_wconf 89' lang='lat' dir='ltr'><strong>enim</strong></span> <span class='ocrx_word' id='word_1_336' title='bbox 1549 2561 1778 2627; x_wconf 77' lang='lat' dir='ltr'><strong>gratiam</strong></span> <span class='ocrx_word' id='word_1_337' title='bbox 1812 2559 2072 2617; x_wconf 85' lang='lat' dir='ltr'><strong>Paracleti</strong></span> <span class='ocrx_word' id='word_1_338' title='bbox 2105 2581 2210 2618; x_wconf 90' lang='lat' dir='ltr'><strong>non</strong></span> <span class='ocrx_word' id='word_1_339' title='bbox 2243 2582 2366 2636; x_wconf 88' lang='lat' dir='ltr'><strong>per-</strong></span> 
     </span>
    </p>
   </div>
   <div class='ocr_carea' id='block_1_44' title="bbox 793 2650 2342 2726">
    <p class='ocr_par' dir='ltr' id='par_1_44' title="bbox 793 2650 2342 2726">
     <span class='ocr_line' id='line_1_44' title="bbox 793 2650 2342 2726; baseline 0.007 -24"><span class='ocrx_word' id='word_1_340' title='bbox 793 2650 928 2704; x_wconf 80' lang='lat' dir='ltr'><strong>fecte</strong></span> <span class='ocrx_word' id='word_1_341' title='bbox 950 2659 1232 2704; x_wconf 63' lang='lat' dir='ltr'><strong>assecutus</strong></span> <span class='ocrx_word' id='word_1_342' title='bbox 1256 2651 1344 2712; x_wconf 91' lang='lat' dir='ltr'><strong>sit,</strong></span> <span class='ocrx_word' id='word_1_343' title='bbox 1365 2652 1630 2706; x_wconf 87' lang='lat' dir='ltr'><strong>orationis</strong></span> <span class='ocrx_word' id='word_1_344' title='bbox 1663 2657 2121 2721; x_wconf 88' lang='lat' dir='ltr'><strong>perseverantiam</strong></span> <span class='ocrx_word' id='word_1_345' title='bbox 2142 2672 2247 2712; x_wconf 87' lang='lat' dir='ltr'><strong>non</strong></span> <span class='ocrx_word' id='word_1_346' title='bbox 2275 2674 2342 2726; x_wconf 91' lang='lat' dir='ltr'><strong>po</strong></span> 
     </span>
    </p>
   </div>
   <div class='ocr_carea' id='block_1_45' title="bbox 790 2739 2364 2815">
    <p class='ocr_par' dir='ltr' id='par_1_45' title="bbox 790 2739 2364 2815">
     <span class='ocr_line' id='line_1_45' title="bbox 790 2739 2364 2815; baseline 0.008 -25"><span class='ocrx_word' id='word_1_347' title='bbox 790 2748 891 2791; x_wconf 77' lang='lat' dir='ltr'><strong>test</strong></span> <span class='ocrx_word' id='word_1_348' title='bbox 916 2739 967 2790; x_wconf 94' lang='lat' dir='ltr'><strong>in</strong></span> <span class='ocrx_word' id='word_1_349' title='bbox 991 2740 1103 2791; x_wconf 88' lang='lat' dir='ltr'><strong>otio</strong></span> <span class='ocrx_word' id='word_1_350' title='bbox 1125 2740 1402 2807; x_wconf 82' lang='lat' dir='ltr'><strong>perﬁcere.</strong></span> <span class='ocrx_word' id='word_1_351' title='bbox 1432 2760 1449 2792; x_wconf 77' lang='grc' dir='ltr'><strong>ι</strong></span> <span class='ocrx_word' id='word_1_352' title='bbox 1489 2741 1724 2810; x_wconf 83' lang='lat' dir='ltr'><strong>Spiritus</strong></span> <span class='ocrx_word' id='word_1_353' title='bbox 1753 2744 1924 2810; x_wconf 83' lang='lat' dir='ltr'><strong>enim,</strong></span> <span class='ocrx_word' id='word_1_354' title='bbox 1947 2746 2142 2815; x_wconf 84' lang='lat' dir='ltr'><strong>inquit,</strong></span> <span class='ocrx_word' id='word_1_355' title='bbox 2161 2762 2283 2801; x_wconf 87' lang='lat' dir='ltr'><strong>cum</strong></span> <span class='ocrx_word' id='word_1_356' title='bbox 2310 2751 2364 2805; x_wconf 88' lang='lat' dir='ltr'><strong>in</strong></span> 
     </span>
    </p>
   </div>
   <div class='ocr_carea' id='block_1_46' title="bbox 791 2831 2365 2912">
    <p class='ocr_par' dir='ltr' id='par_1_46' title="bbox 791 2831 2365 2912">
     <span class='ocr_line' id='line_1_46' title="bbox 791 2831 2365 2912; baseline 0.009 -30"><span class='ocrx_word' id='word_1_357' title='bbox 791 2834 906 2885; x_wconf 85' lang='lat' dir='ltr'><strong>viro</strong></span> <span class='ocrx_word' id='word_1_358' title='bbox 925 2833 1160 2900; x_wconf 78' lang='lat' dir='ltr'><strong>quodam</strong></span> <span class='ocrx_word' id='word_1_359' title='bbox 1182 2831 1410 2895; x_wconf 85' lang='lat' dir='ltr'><strong>habitat,</strong></span> <span class='ocrx_word' id='word_1_360' title='bbox 1429 2849 1535 2887; x_wconf 87' lang='lat' dir='ltr'><strong>non</strong></span> <span class='ocrx_word' id='word_1_361' title='bbox 1555 2844 1732 2888; x_wconf 84' lang='lat' dir='ltr'><strong>cessat</strong></span> <span class='ocrx_word' id='word_1_362' title='bbox 1751 2850 1929 2890; x_wconf 90' lang='lat' dir='ltr'><strong>orare.</strong></span> <span class='ocrx_word' id='word_1_363' title='bbox 1955 2836 2070 2905; x_wconf 90' lang='lat' dir='ltr'><strong>Ipse</strong></span> <span class='ocrx_word' id='word_1_364' title='bbox 2088 2841 2232 2894; x_wconf 89' lang='lat' dir='ltr'><strong>enim</strong></span> <span class='ocrx_word' id='word_1_365' title='bbox 2255 2843 2365 2912; x_wconf 86' lang='lat' dir='ltr'><strong>spi-</strong></span> 
     </span>
    </p>
   </div>
   <div class='ocr_carea' id='block_1_47' title="bbox 792 2922 2364 3000">
    <p class='ocr_par' dir='ltr' id='par_1_47' title="bbox 792 2922 2364 3000">
     <span class='ocr_line' id='line_1_47' title="bbox 792 2922 2364 3000; baseline 0.01 -28"><span class='ocrx_word' id='word_1_366' title='bbox 792 2922 929 2974; x_wconf 90' lang='lat' dir='ltr'><strong>ritus</strong></span> <span class='ocrx_word' id='word_1_367' title='bbox 964 2936 1179 2989; x_wconf 89' lang='lat' dir='ltr'><strong>semper</strong></span> <span class='ocrx_word' id='word_1_368' title='bbox 1201 2930 1346 2975; x_wconf 77' lang='lat' dir='ltr'><strong>orat.‘</strong></span> <span class='ocrx_word' id='word_1_369' title='bbox 1377 2922 1527 2976; x_wconf 85' lang='lat' dir='ltr'><strong>Tunc</strong></span> <span class='ocrx_word' id='word_1_370' title='bbox 1562 2939 1737 2993; x_wconf 85' lang='lat' dir='ltr'><strong>neque</strong></span> <span class='ocrx_word' id='word_1_371' title='bbox 1775 2925 1828 2979; x_wconf 92' lang='lat' dir='ltr'><strong>in</strong></span> <span class='ocrx_word' id='word_1_372' title='bbox 1863 2940 2079 2993; x_wconf 88' lang='lat' dir='ltr'><strong>somno,</strong></span> <span class='ocrx_word' id='word_1_373' title='bbox 2111 2945 2287 3000; x_wconf 90' lang='lat' dir='ltr'><strong>neque</strong></span> <span class='ocrx_word' id='word_1_374' title='bbox 2311 2933 2364 2988; x_wconf 90' lang='lat' dir='ltr'><strong>in</strong></span> 
     </span>
    </p>
   </div>
   <div class='ocr_carea' id='block_1_48' title="bbox 792 3013 2367 3083">
    <p class='ocr_par' dir='ltr' id='par_1_48' title="bbox 792 3013 2367 3083">
     <span class='ocr_line' id='line_1_48' title="bbox 792 3013 2367 3083; baseline 0.011 -22"><span class='ocrx_word' id='word_1_375' title='bbox 792 3013 996 3081; x_wconf 76' lang='lat' dir='ltr'><strong>vigilia,</strong></span> <span class='ocrx_word' id='word_1_376' title='bbox 1023 3013 1195 3066; x_wconf 86' lang='lat' dir='ltr'><strong>oratio</strong></span> <span class='ocrx_word' id='word_1_377' title='bbox 1218 3027 1280 3066; x_wconf 82' lang='lat' dir='ltr'><strong>ex</strong></span> <span class='ocrx_word' id='word_1_378' title='bbox 1305 3013 1422 3082; x_wconf 70' lang='lat' dir='ltr'><strong>ejus</strong></span> <span class='ocrx_word' id='word_1_379' title='bbox 1443 3014 1619 3069; x_wconf 90' lang='lat' dir='ltr'><strong>anima</strong></span> <span class='ocrx_word' id='word_1_380' title='bbox 1638 3016 1854 3083; x_wconf 84' lang='lat' dir='ltr'><strong>deﬁcit;</strong></span> <span class='ocrx_word' id='word_1_381' title='bbox 1883 3019 1977 3072; x_wconf 82' lang='lat' dir='ltr'><strong>sed</strong></span> <span class='ocrx_word' id='word_1_382' title='bbox 1995 3020 2111 3074; x_wconf 84' lang='lat' dir='ltr'><strong>sive</strong></span> <span class='ocrx_word' id='word_1_383' title='bbox 2140 3025 2367 3078; x_wconf 84' lang='lat' dir='ltr'><strong>mandu-</strong></span> 
     </span>
    </p>
   </div>
   <div class='ocr_carea' id='block_1_49' title="bbox 789 3091 2361 3182">
    <p class='ocr_par' dir='ltr' id='par_1_49' title="bbox 789 3091 2361 3182">
     <span class='ocr_line' id='line_1_49' title="bbox 789 3091 2361 3182; baseline 0.008 -25"><span class='ocrx_word' id='word_1_384' title='bbox 789 3114 896 3168; x_wconf 89' lang='lat' dir='ltr'><strong>cet,</strong></span> <span class='ocrx_word' id='word_1_385' title='bbox 929 3103 1042 3157; x_wconf 84' lang='lat' dir='ltr'><strong>sive</strong></span> <span class='ocrx_word' id='word_1_386' title='bbox 1077 3104 1247 3169; x_wconf 82' lang='lat' dir='ltr'><strong>bibat,</strong></span> <span class='ocrx_word' id='word_1_387' title='bbox 1278 3104 1394 3158; x_wconf 84' lang='lat' dir='ltr'><strong>sive</strong></span> <span class='ocrx_word' id='word_1_388' title='bbox 1423 3091 1680 3174; x_wconf 84' lang='lat' dir='ltr'><strong>dormiat,</strong></span> <span class='ocrx_word' id='word_1_389' title='bbox 1713 3108 1826 3163; x_wconf 84' lang='lat' dir='ltr'><strong>sive</strong></span> <span class='ocrx_word' id='word_1_390' title='bbox 1855 3110 1984 3180; x_wconf 92' lang='lat' dir='ltr'><strong>quid</strong></span> <span class='ocrx_word' id='word_1_391' title='bbox 2008 3111 2154 3167; x_wconf 87' lang='lat' dir='ltr'><strong>aliud</strong></span> <span class='ocrx_word' id='word_1_392' title='bbox 2181 3114 2361 3182; x_wconf 78' lang='lat' dir='ltr'><strong>faciat,</strong></span> 
     </span>
    </p>
   </div>
   <div class='ocr_carea' id='block_1_50' title="bbox 789 3194 2362 3263">
    <p class='ocr_par' dir='ltr' id='par_1_50' title="bbox 789 3194 2362 3263">
     <span class='ocr_line' id='line_1_50' title="bbox 789 3194 2362 3263; baseline 0.01 -15"><span class='ocrx_word' id='word_1_393' title='bbox 789 3205 951 3260; x_wconf 85' lang='lat' dir='ltr'><strong>atque</strong></span> <span class='ocrx_word' id='word_1_394' title='bbox 981 3194 1144 3248; x_wconf 88' lang='lat' dir='ltr'><strong>etiam</strong></span> <span class='ocrx_word' id='word_1_395' title='bbox 1171 3195 1221 3247; x_wconf 89' lang='lat' dir='ltr'><strong>in</strong></span> <span class='ocrx_word' id='word_1_396' title='bbox 1249 3197 1518 3263; x_wconf 87' lang='lat' dir='ltr'><strong>prolundo</strong></span> <span class='ocrx_word' id='word_1_397' title='bbox 1544 3213 1757 3262; x_wconf 86' lang='lat' dir='ltr'><strong>somno,</strong></span> <span class='ocrx_word' id='word_1_398' title='bbox 1779 3203 1963 3258; x_wconf 86' lang='lat' dir='ltr'><strong>suavis</strong></span> <span class='ocrx_word' id='word_1_399' title='bbox 1986 3204 2124 3260; x_wconf 86' lang='lat' dir='ltr'><strong>odor</strong></span> <span class='ocrx_word' id='word_1_400' title='bbox 2141 3217 2192 3260; x_wconf 89' lang='lat' dir='ltr'><strong>et</strong></span> <span class='ocrx_word' id='word_1_401' title='bbox 2221 3207 2362 3262; x_wconf 89' lang='lat' dir='ltr'><strong>hali-</strong></span> 
     </span>
    </p>
   </div>
   <div class='ocr_carea' id='block_1_51' title="bbox 2459 2097 4041 2168">
    <p class='ocr_par' dir='ltr' id='par_1_51' title="bbox 2459 2097 4041 2168">
     <span class='ocr_line' id='line_1_51' title="bbox 2459 2097 4041 2168; baseline 0.001 -18"><span class='ocrx_word' id='word_1_402' title='bbox 2459 2099 2568 2160; x_wconf 79' lang='lat' dir='ltr'><strong>).o;.</strong></span> <span class='ocrx_word' id='word_1_403' title='bbox 2604 2118 2621 2150; x_wconf 75' lang='grc' dir='ltr'><strong>ι</strong></span> <span class='ocrx_word' id='word_1_404' title='bbox 2655 2099 2878 2162; x_wconf 83' lang='grc' dir='ltr'>Τούτοις</span> <span class='ocrx_word' id='word_1_405' title='bbox 2914 2098 3208 2168; x_wconf 77' lang='grc' dir='ltr'>συνᾴδοντα</span> <span class='ocrx_word' id='word_1_406' title='bbox 3235 2099 3434 2167; x_wconf 84' lang='grc' dir='ltr'>γράφει</span> <span class='ocrx_word' id='word_1_407' title='bbox 3459 2100 3552 2151; x_wconf 77' lang='grc' dir='ltr'>καὶ</span> <span class='ocrx_word' id='word_1_408' title='bbox 3591 2100 3619 2152; x_wconf 85' lang='grc' dir='ltr'><strong>ό</strong></span> <span class='ocrx_word' id='word_1_409' title='bbox 3643 2097 3796 2167; x_wconf 82' lang='grc' dir='ltr'>ἀγιος</span> <span class='ocrx_word' id='word_1_410' title='bbox 3827 2098 4041 2152; x_wconf 85' lang='grc' dir='ltr'>Ἰσαάκ.</span> 
     </span>
    </p>
   </div>
   <div class='ocr_carea' id='block_1_52' title="bbox 2470 2189 4044 2259">
    <p class='ocr_par' dir='ltr' id='par_1_52' title="bbox 2470 2189 4044 2259">
     <span class='ocr_line' id='line_1_52' title="bbox 2470 2189 4044 2259; baseline -0.001 -18"><span class='ocrx_word' id='word_1_411' title='bbox 2470 2189 2800 2259; x_wconf 77' lang='grc' dir='ltr'>Ἐρωτηθεὶς</span> <span class='ocrx_word' id='word_1_412' title='bbox 2851 2189 2959 2258; x_wconf 71' lang='grc' dir='ltr'><strong>γὰρ</strong></span> <span class='ocrx_word' id='word_1_413' title='bbox 3003 2190 3152 2256; x_wconf 85' lang='grc' dir='ltr'>παρά</span> <span class='ocrx_word' id='word_1_414' title='bbox 3184 2205 3347 2250; x_wconf 86' lang='grc' dir='ltr'>τινος,</span> <span class='ocrx_word' id='word_1_415' title='bbox 3376 2189 3428 2240; x_wconf 88' lang='grc' dir='ltr'><strong>τί</strong></span> <span class='ocrx_word' id='word_1_416' title='bbox 3455 2191 3569 2242; x_wconf 76' lang='grc' dir='ltr'>ἐστι</span> <span class='ocrx_word' id='word_1_417' title='bbox 3603 2190 3664 2241; x_wconf 76' lang='grc' dir='ltr'>τὸ</span> <span class='ocrx_word' id='word_1_418' title='bbox 3689 2189 4044 2258; x_wconf 85' lang='grc' dir='ltr'>περιεκτικὸν</span> 
     </span>
    </p>
   </div>
   <div class='ocr_carea' id='block_1_53' title="bbox 2458 2277 4045 2349">
    <p class='ocr_par' dir='ltr' id='par_1_53' title="bbox 2458 2277 4045 2349">
     <span class='ocr_line' id='line_1_53' title="bbox 2458 2277 4045 2349; baseline 0.001 -19"><span class='ocrx_word' id='word_1_419' title='bbox 2458 2278 2566 2330; x_wconf 84' lang='grc' dir='ltr'><strong>τῶν</strong></span> <span class='ocrx_word' id='word_1_420' title='bbox 2597 2279 2780 2332; x_wconf 80' lang='grc' dir='ltr'>κόπων</span> <span class='ocrx_word' id='word_1_421' title='bbox 2812 2278 2948 2331; x_wconf 85' lang='grc' dir='ltr'>ὅλων</span> <span class='ocrx_word' id='word_1_422' title='bbox 2977 2277 3070 2331; x_wconf 80' lang='grc' dir='ltr'><strong>τοῦ</strong></span> <span class='ocrx_word' id='word_1_423' title='bbox 3104 2280 3266 2349; x_wconf 77' lang='grc' dir='ltr'>ἔργου</span> <span class='ocrx_word' id='word_1_424' title='bbox 3299 2277 3514 2345; x_wconf 83' lang='grc' dir='ltr'>τούτου,</span> <span class='ocrx_word' id='word_1_425' title='bbox 3547 2278 3750 2348; x_wconf 81' lang='grc' dir='ltr'>δηλαδὴ</span> <span class='ocrx_word' id='word_1_426' title='bbox 3781 2280 3880 2347; x_wconf 89' lang='grc' dir='ltr'><strong>τῆς</strong></span> <span class='ocrx_word' id='word_1_427' title='bbox 3909 2281 4045 2348; x_wconf 78' lang='grc' dir='ltr'>ἠσυ-</span> 
     </span>
    </p>
   </div>
   <div class='ocr_carea' id='block_1_54' title="bbox 2460 2371 4045 2444">
    <p class='ocr_par' dir='ltr' id='par_1_54' title="bbox 2460 2371 4045 2444">
     <span class='ocr_line' id='line_1_54' title="bbox 2460 2371 4045 2444; baseline 0.001 -22"><span class='ocrx_word' id='word_1_428' title='bbox 2460 2375 2604 2440; x_wconf 79' lang='grc' dir='ltr'>χίας,</span> <span class='ocrx_word' id='word_1_429' title='bbox 2630 2373 2716 2426; x_wconf 80' lang='grc' dir='ltr'>ἵνα</span> <span class='ocrx_word' id='word_1_430' title='bbox 2756 2390 2838 2435; x_wconf 87' lang='grc' dir='ltr'><strong>τις</strong></span> <span class='ocrx_word' id='word_1_431' title='bbox 2862 2373 3204 2442; x_wconf 81' lang='grc' dir='ltr'>καταντήσας</span> <span class='ocrx_word' id='word_1_432' title='bbox 3246 2373 3326 2435; x_wconf 84' lang='grc' dir='ltr'><strong>εἰς</strong></span> <span class='ocrx_word' id='word_1_433' title='bbox 3354 2371 3503 2437; x_wconf 74' lang='grc' dir='ltr'>αὐτὸ,</span> <span class='ocrx_word' id='word_1_434' title='bbox 3545 2372 3691 2444; x_wconf 86' lang='grc' dir='ltr'>μάθῃ</span> <span class='ocrx_word' id='word_1_435' title='bbox 3713 2374 3793 2424; x_wconf 86' lang='grc' dir='ltr'>ὅτι</span> <span class='ocrx_word' id='word_1_436' title='bbox 3819 2372 3920 2442; x_wconf 84' lang='grc' dir='ltr'>τὴν</span> <span class='ocrx_word' id='word_1_437' title='bbox 3953 2389 4045 2424; x_wconf 85' lang='grc' dir='ltr'>τε-</span> 
     </span>
    </p>
   </div>
   <div class='ocr_carea' id='block_1_55' title="bbox 2460 2462 4042 2533">
    <p class='ocr_par' dir='ltr' id='par_1_55' title="bbox 2460 2462 4042 2533">
     <span class='ocr_line' id='line_1_55' title="bbox 2460 2462 4042 2533; baseline 0 -19"><span class='ocrx_word' id='word_1_438' title='bbox 2460 2463 2711 2530; x_wconf 77' lang='grc' dir='ltr'>λειότητα</span> <span class='ocrx_word' id='word_1_439' title='bbox 2741 2465 2841 2530; x_wconf 84' lang='grc' dir='ltr'><strong>τῆς</strong></span> <span class='ocrx_word' id='word_1_440' title='bbox 2896 2462 3172 2525; x_wconf 80' lang='grc' dir='ltr'>πολιτείας</span> <span class='ocrx_word' id='word_1_441' title='bbox 3235 2463 3489 2531; x_wconf 79' lang='grc' dir='ltr'>ἔφθασεν,</span> <span class='ocrx_word' id='word_1_442' title='bbox 3542 2463 3816 2533; x_wconf 80' lang='grc' dir='ltr'>ἀπεκρίθη</span> <span class='ocrx_word' id='word_1_443' title='bbox 3839 2462 4042 2525; x_wconf 74' lang='grc' dir='ltr'>οὕτως’</span> 
     </span>
    </p>
   </div>
   <div class='ocr_carea' id='block_1_56' title="bbox 2473 2554 4042 2626">
    <p class='ocr_par' dir='ltr' id='par_1_56' title="bbox 2473 2554 4042 2626">
     <span class='ocr_line' id='line_1_56' title="bbox 2473 2554 4042 2626; baseline 0.011 -20"><span class='ocrx_word' id='word_1_444' title='bbox 2473 2575 2490 2606; x_wconf 79' lang='grc' dir='ltr'><strong>ι</strong></span> <span class='ocrx_word' id='word_1_445' title='bbox 2532 2557 2700 2608; x_wconf 78' lang='grc' dir='ltr'>Ὅταν</span> <span class='ocrx_word' id='word_1_446' title='bbox 2728 2556 2933 2626; x_wconf 80' lang='grc' dir='ltr'>ἀξιωθῇ</span> <span class='ocrx_word' id='word_1_447' title='bbox 2987 2574 3072 2618; x_wconf 84' lang='grc' dir='ltr'><strong>τις</strong></span> <span class='ocrx_word' id='word_1_448' title='bbox 3124 2557 3222 2626; x_wconf 87' lang='grc' dir='ltr'><strong>τῆς</strong></span> <span class='ocrx_word' id='word_1_449' title='bbox 3249 2555 3512 2625; x_wconf 79' lang='grc' dir='ltr'>διαμονῆς</span> <span class='ocrx_word' id='word_1_450' title='bbox 3549 2554 3650 2622; x_wconf 84' lang='grc' dir='ltr'>τῆς</span> <span class='ocrx_word' id='word_1_451' title='bbox 3693 2555 4004 2624; x_wconf 79' lang='grc' dir='ltr'>προσευχῆς</span> <span class='ocrx_word' id='word_1_452' title='bbox 4029 2571 4042 2584; x_wconf 85' lang='grc'>³</span> 
     </span>
    </p>
   </div>
   <div class='ocr_carea' id='block_1_57' title="bbox 2462 2646 4050 2718">
    <p class='ocr_par' dir='ltr' id='par_1_57' title="bbox 2462 2646 4050 2718">
     <span class='ocr_line' id='line_1_57' title="bbox 2462 2646 4050 2718; baseline -0.001 -20"><span class='ocrx_word' id='word_1_453' title='bbox 2462 2646 2588 2698; x_wconf 84' lang='grc' dir='ltr'>ὅταν</span> <span class='ocrx_word' id='word_1_454' title='bbox 2617 2647 2721 2715; x_wconf 69' lang='grc' dir='ltr'><strong>γὰρ</strong></span> <span class='ocrx_word' id='word_1_455' title='bbox 2756 2646 2940 2718; x_wconf 81' lang='grc' dir='ltr'>φθάσῃ</span> <span class='ocrx_word' id='word_1_456' title='bbox 2969 2647 3194 2717; x_wconf 87' lang='grc' dir='ltr'>ταύτην,</span> <span class='ocrx_word' id='word_1_457' title='bbox 3232 2647 3367 2715; x_wconf 83' lang='grc' dir='ltr'>πρὸς</span> <span class='ocrx_word' id='word_1_458' title='bbox 3394 2647 3489 2716; x_wconf 81' lang='grc' dir='ltr'>τὴν</span> <span class='ocrx_word' id='word_1_459' title='bbox 3514 2646 3691 2717; x_wconf 77' lang='grc' dir='ltr'>ἄκραν</span> <span class='ocrx_word' id='word_1_460' title='bbox 3718 2646 3910 2699; x_wconf 80' lang='grc' dir='ltr'>πασῶν</span> <span class='ocrx_word' id='word_1_461' title='bbox 3935 2646 4050 2699; x_wconf 89' lang='grc' dir='ltr'><strong>τῶν</strong></span> 
     </span>
    </p>
   </div>
   <div class='ocr_carea' id='block_1_58' title="bbox 2463 2736 4047 2808">
    <p class='ocr_par' dir='ltr' id='par_1_58' title="bbox 2463 2736 4047 2808">
     <span class='ocr_line' id='line_1_58' title="bbox 2463 2736 4047 2808; baseline 0.001 -18"><span class='ocrx_word' id='word_1_462' title='bbox 2463 2737 2673 2807; x_wconf 86' lang='grc' dir='ltr'>ἀρετῶν</span> <span class='ocrx_word' id='word_1_463' title='bbox 2712 2736 2938 2803; x_wconf 77' lang='grc' dir='ltr'>ἔφθασε,</span> <span class='ocrx_word' id='word_1_464' title='bbox 2995 2738 3090 2791; x_wconf 71' lang='grc' dir='ltr'>καὶ</span> <span class='ocrx_word' id='word_1_465' title='bbox 3127 2737 3438 2802; x_wconf 84' lang='grc' dir='ltr'>τουλοιποῦ,</span> <span class='ocrx_word' id='word_1_466' title='bbox 3494 2740 3915 2808; x_wconf 83' lang='grc' dir='ltr'>κατοικητήριον</span> <span class='ocrx_word' id='word_1_467' title='bbox 3950 2740 4047 2791; x_wconf 75' lang='grc' dir='ltr'>τοῦ</span> 
     </span>
    </p>
   </div>
   <div class='ocr_carea' id='block_1_59' title="bbox 2460 2829 4050 2900">
    <p class='ocr_par' dir='ltr' id='par_1_59' title="bbox 2460 2829 4050 2900">
     <span class='ocr_line' id='line_1_59' title="bbox 2460 2829 4050 2900; baseline 0 -18"><span class='ocrx_word' id='word_1_468' title='bbox 2460 2829 2618 2896; x_wconf 87' lang='grc' dir='ltr'>ἀγίου</span> <span class='ocrx_word' id='word_1_469' title='bbox 2665 2829 2980 2897; x_wconf 86' lang='grc' dir='ltr'>Πνεύματος</span> <span class='ocrx_word' id='word_1_470' title='bbox 3023 2829 3262 2896; x_wconf 79' lang='grc' dir='ltr'>ἐγένετο.</span> <span class='ocrx_word' id='word_1_471' title='bbox 3330 2829 3457 2881; x_wconf 84' lang='grc' dir='ltr'><strong>Ἐὰν</strong></span> <span class='ocrx_word' id='word_1_472' title='bbox 3501 2829 3608 2900; x_wconf 87' lang='grc' dir='ltr'><strong>γάρ</strong></span> <span class='ocrx_word' id='word_1_473' title='bbox 3632 2847 3714 2892; x_wconf 91' lang='grc' dir='ltr'><strong>τις</strong></span> <span class='ocrx_word' id='word_1_474' title='bbox 3754 2831 3852 2899; x_wconf 83' lang='grc' dir='ltr'>τὴν</span> <span class='ocrx_word' id='word_1_475' title='bbox 3883 2831 4050 2900; x_wconf 84' lang='grc' dir='ltr'>χάριν</span> 
     </span>
    </p>
   </div>
   <div class='ocr_carea' id='block_1_60' title="bbox 2462 2919 4050 2991">
    <p class='ocr_par' dir='ltr' id='par_1_60' title="bbox 2462 2919 4050 2991">
     <span class='ocr_line' id='line_1_60' title="bbox 2462 2919 4050 2991; baseline -0.001 -19"><span class='ocrx_word' id='word_1_476' title='bbox 2462 2920 2557 2972; x_wconf 83' lang='grc' dir='ltr'><strong>τοῦ</strong></span> <span class='ocrx_word' id='word_1_477' title='bbox 2593 2921 2950 2991; x_wconf 83' lang='grc' dir='ltr'>Παρακλήτου</span> <span class='ocrx_word' id='word_1_478' title='bbox 2985 2920 3226 2986; x_wconf 80' lang='grc' dir='ltr'>ἀκριδῶς</span> <span class='ocrx_word' id='word_1_479' title='bbox 3252 2919 3352 2973; x_wconf 75' lang='grc' dir='ltr'>οὐκ</span> <span class='ocrx_word' id='word_1_480' title='bbox 3382 2920 3623 2984; x_wconf 78' lang='grc' dir='ltr'>ἐδέξατο,</span> <span class='ocrx_word' id='word_1_481' title='bbox 3645 2921 3744 2990; x_wconf 78' lang='grc' dir='ltr'>τὴν</span> <span class='ocrx_word' id='word_1_482' title='bbox 3781 2921 4050 2990; x_wconf 83' lang='grc' dir='ltr'>διαμονὴν</span> 
     </span>
    </p>
   </div>
   <div class='ocr_carea' id='block_1_61' title="bbox 2464 3013 4049 3084">
    <p class='ocr_par' dir='ltr' id='par_1_61' title="bbox 2464 3013 4049 3084">
     <span class='ocr_line' id='line_1_61' title="bbox 2464 3013 4049 3084; baseline 0 -18"><span class='ocrx_word' id='word_1_483' title='bbox 2464 3014 2667 3084; x_wconf 75' lang='grc' dir='ltr'>ταύτης</span> <span class='ocrx_word' id='word_1_484' title='bbox 2699 3014 2799 3082; x_wconf 90' lang='grc' dir='ltr'><strong>τῆς</strong></span> <span class='ocrx_word' id='word_1_485' title='bbox 2853 3013 3165 3083; x_wconf 79' lang='grc' dir='ltr'>προσευχῆς</span> <span class='ocrx_word' id='word_1_486' title='bbox 3202 3013 3490 3066; x_wconf 83' lang='grc' dir='ltr'>τελειῶσαι</span> <span class='ocrx_word' id='word_1_487' title='bbox 3541 3015 3600 3066; x_wconf 84' lang='grc' dir='ltr'>ὲν</span> <span class='ocrx_word' id='word_1_488' title='bbox 3633 3013 3814 3066; x_wconf 85' lang='grc' dir='ltr'>ἀνέσει</span> <span class='ocrx_word' id='word_1_489' title='bbox 3843 3015 3906 3066; x_wconf 83' lang='grc' dir='ltr'>οὐ</span> <span class='ocrx_word' id='word_1_490' title='bbox 3953 3013 4049 3066; x_wconf 74' lang='grc' dir='ltr'>δύ-</span> 
     </span>
    </p>
   </div>
   <div class='ocr_carea' id='block_1_62' title="bbox 2464 3104 4050 3176">
    <p class='ocr_par' dir='ltr' id='par_1_62' title="bbox 2464 3104 4050 3176">
     <span class='ocr_line' id='line_1_62' title="bbox 2464 3104 4050 3176; baseline -0.001 -18"><span class='ocrx_word' id='word_1_491' title='bbox 2464 3123 2644 3160; x_wconf 84' lang='grc' dir='ltr'>ναται.</span> <span class='ocrx_word' id='word_1_492' title='bbox 2677 3105 2750 3157; x_wconf 80' lang='grc' dir='ltr'><strong>Τὸ</strong></span> <span class='ocrx_word' id='word_1_493' title='bbox 2787 3104 2895 3172; x_wconf 88' lang='grc' dir='ltr'><strong>γάρ</strong></span> <span class='ocrx_word' id='word_1_494' title='bbox 2954 3105 3199 3174; x_wconf 81' lang='grc' dir='ltr'>Πνεῦμα,</span> <span class='ocrx_word' id='word_1_495' title='bbox 3225 3105 3415 3174; x_wconf 84' lang='grc' dir='ltr'>φησὶν,</span> <span class='ocrx_word' id='word_1_496' title='bbox 3476 3106 3605 3158; x_wconf 79' lang='grc' dir='ltr'>ὅταν</span> <span class='ocrx_word' id='word_1_497' title='bbox 3659 3107 3968 3176; x_wconf 85' lang='grc' dir='ltr'>κατοικήσῃ</span> <span class='ocrx_word' id='word_1_498' title='bbox 3993 3105 4050 3157; x_wconf 76' lang='grc' dir='ltr'><strong>ἐν</strong></span> 
     </span>
    </p>
   </div>
   <div class='ocr_carea' id='block_1_63' title="bbox 2463 3195 4050 3267">
    <p class='ocr_par' dir='ltr' id='par_1_63' title="bbox 2463 3195 4050 3267">
     <span class='ocr_line' id='line_1_63' title="bbox 2463 3195 4050 3267; baseline -0.001 -16"><span class='ocrx_word' id='word_1_499' title='bbox 2463 3216 2568 3252; x_wconf 81' lang='grc' dir='ltr'>τινι</span> <span class='ocrx_word' id='word_1_500' title='bbox 2596 3197 2701 3249; x_wconf 90' lang='grc' dir='ltr'><strong>τῶν</strong></span> <span class='ocrx_word' id='word_1_501' title='bbox 2727 3196 3053 3267; x_wconf 83' lang='grc' dir='ltr'>ἀνθρώπων,</span> <span class='ocrx_word' id='word_1_502' title='bbox 3085 3197 3145 3248; x_wconf 78' lang='grc' dir='ltr'>οὗ</span> <span class='ocrx_word' id='word_1_503' title='bbox 3207 3195 3440 3249; x_wconf 86' lang='grc' dir='ltr'>παύεται</span> <span class='ocrx_word' id='word_1_504' title='bbox 3471 3197 3537 3248; x_wconf 82' lang='grc' dir='ltr'>ὲκ</span> <span class='ocrx_word' id='word_1_505' title='bbox 3561 3197 3660 3266; x_wconf 89' lang='grc' dir='ltr'><strong>τῆς</strong></span> <span class='ocrx_word' id='word_1_506' title='bbox 3705 3197 4050 3266; x_wconf 83' lang='grc' dir='ltr'>προσευχῆς.</span> 
     </span>
    </p>
   </div>
   <div class='ocr_carea' id='block_1_64' title="bbox 788 3286 2477 3360">
    <p class='ocr_par' dir='ltr' id='par_1_64' title="bbox 788 3286 2477 3360">
     <span class='ocr_line' id='line_1_64' title="bbox 788 3286 2477 3360; baseline 0.008 -22"><span class='ocrx_word' id='word_1_507' title='bbox 788 3297 874 3339; x_wconf 90' lang='lat' dir='ltr'><strong>tus</strong></span> <span class='ocrx_word' id='word_1_508' title='bbox 894 3286 1156 3341; x_wconf 86' lang='lat' dir='ltr'><strong>orationis</strong></span> <span class='ocrx_word' id='word_1_509' title='bbox 1176 3297 1470 3356; x_wconf 90' lang='lat' dir='ltr'><strong>erumpunt</strong></span> <span class='ocrx_word' id='word_1_510' title='bbox 1502 3289 1706 3358; x_wconf 89' lang='lat' dir='ltr'><strong>absque</strong></span> <span class='ocrx_word' id='word_1_511' title='bbox 1727 3291 1929 3360; x_wconf 88' lang='lat' dir='ltr'><strong>labore;</strong></span> <span class='ocrx_word' id='word_1_512' title='bbox 1953 3305 2003 3350; x_wconf 92' lang='lat' dir='ltr'><strong>et</strong></span> <span class='ocrx_word' id='word_1_513' title='bbox 2032 3307 2160 3352; x_wconf 92' lang='lat' dir='ltr'><strong>tunc</strong></span> <span class='ocrx_word' id='word_1_514' title='bbox 2185 3301 2362 3356; x_wconf 89' lang='lat' dir='ltr'><strong>oratio</strong></span> <span class='ocrx_word' id='word_1_515' title='bbox 2393 3295 2434 3351; x_wconf 69' lang='grc' dir='ltr'><strong>(Σ</strong></span> <span class='ocrx_word' id='word_1_516' title='bbox 2465 3311 2477 3343; x_wconf 64' lang='grc' dir='ltr'><em>Α</em></span> 
     </span>
    </p>
   </div>
   <div class='ocr_carea' id='block_1_65' title="bbox 2363 3286 4052 3360">
    <p class='ocr_par' dir='ltr' id='par_1_65' title="bbox 2393 3287 4052 3358">
     <span class='ocr_line' id='line_1_65' title="bbox 2393 3287 4052 3358; baseline -0.002 -14"><span class='ocrx_word' id='word_1_517' title='bbox 2393 3295 2434 3351; x_wconf 81' lang='lat' dir='ltr'>C</span> <span class='ocrx_word' id='word_1_518' title='bbox 2465 3289 2609 3344; x_wconf 78' lang='grc' dir='ltr'><strong>Αὐτὸ</strong></span> <span class='ocrx_word' id='word_1_519' title='bbox 2639 3290 2745 3358; x_wconf 91' lang='grc' dir='ltr'><strong>γάρ</strong></span> <span class='ocrx_word' id='word_1_520' title='bbox 2765 3289 2827 3341; x_wconf 81' lang='grc' dir='ltr'>τὸ</span> <span class='ocrx_word' id='word_1_521' title='bbox 2856 3288 3081 3356; x_wconf 78' lang='grc' dir='ltr'>Πνεῦμα</span> <span class='ocrx_word' id='word_1_522' title='bbox 3118 3287 3207 3341; x_wconf 76' lang='grc' dir='ltr'>ἀεὶ</span> <span class='ocrx_word' id='word_1_523' title='bbox 3230 3287 3614 3358; x_wconf 86' lang='grc' dir='ltr'>προσεύχεται.</span> <span class='ocrx_word' id='word_1_524' title='bbox 3651 3287 3806 3351; x_wconf 84' lang='grc' dir='ltr'>Τότε,</span> <span class='ocrx_word' id='word_1_525' title='bbox 3838 3287 3964 3340; x_wconf 69' lang='grc' dir='ltr'>οὔτε</span> <span class='ocrx_word' id='word_1_526' title='bbox 3991 3289 4052 3340; x_wconf 81' lang='grc' dir='ltr'>ἐν</span> 
     </span>
    </p>
   </div>
   <div class='ocr_carea' id='block_1_66' title="bbox 788 3378 2362 3454">
    <p class='ocr_par' dir='ltr' id='par_1_66' title="bbox 788 3378 2362 3454">
     <span class='ocr_line' id='line_1_66' title="bbox 788 3378 2362 3454; baseline 0.01 -24"><span class='ocrx_word' id='word_1_527' title='bbox 788 3378 1109 3432; x_wconf 89' lang='lat' dir='ltr'><strong>divisionem</strong></span> <span class='ocrx_word' id='word_1_528' title='bbox 1144 3393 1252 3432; x_wconf 87' lang='lat' dir='ltr'><strong>non</strong></span> <span class='ocrx_word' id='word_1_529' title='bbox 1286 3380 1483 3444; x_wconf 88' lang='lat' dir='ltr'><strong>habet;</strong></span> <span class='ocrx_word' id='word_1_530' title='bbox 1509 3383 1601 3435; x_wconf 86' lang='lat' dir='ltr'><strong>sed</strong></span> <span class='ocrx_word' id='word_1_531' title='bbox 1625 3383 1878 3440; x_wconf 88' lang='lat' dir='ltr'><strong>omnibus</strong></span> <span class='ocrx_word' id='word_1_532' title='bbox 1937 3386 2108 3454; x_wconf 86' lang='lat' dir='ltr'><strong>boris,</strong></span> <span class='ocrx_word' id='word_1_533' title='bbox 2149 3392 2362 3447; x_wconf 88' lang='lat' dir='ltr'><strong>etiamsi</strong></span> 
     </span>
    </p>
   </div>
   <div class='ocr_carea' id='block_1_67' title="bbox 786 3469 2361 3539">
    <p class='ocr_par' dir='ltr' id='par_1_67' title="bbox 786 3469 2361 3539">
     <span class='ocr_line' id='line_1_67' title="bbox 786 3469 2361 3539; baseline 0.011 -19"><span class='ocrx_word' id='word_1_534' title='bbox 786 3469 910 3522; x_wconf 87' lang='lat' dir='ltr'><strong>talis</strong></span> <span class='ocrx_word' id='word_1_535' title='bbox 929 3469 1046 3538; x_wconf 81' lang='lat' dir='ltr'><strong>ejus</strong></span> <span class='ocrx_word' id='word_1_536' title='bbox 1065 3470 1241 3522; x_wconf 89' lang='lat' dir='ltr'><strong>oratio</strong></span> <span class='ocrx_word' id='word_1_537' title='bbox 1265 3472 1553 3539; x_wconf 86' lang='lat' dir='ltr'><strong>tranquilla</strong></span> <span class='ocrx_word' id='word_1_538' title='bbox 1579 3472 1924 3539; x_wconf 81' lang='lat' dir='ltr'><strong>sitcxterius,</strong></span> <span class='ocrx_word' id='word_1_539' title='bbox 1952 3481 2042 3532; x_wconf 90' lang='lat' dir='ltr'><strong>sed</strong></span> <span class='ocrx_word' id='word_1_540' title='bbox 2067 3497 2286 3536; x_wconf 89' lang='lat' dir='ltr'><strong>rursum</strong></span> <span class='ocrx_word' id='word_1_541' title='bbox 2308 3484 2361 3538; x_wconf 93' lang='lat' dir='ltr'><strong>in</strong></span> 
     </span>
    </p>
   </div>
   <div class='ocr_carea' id='block_1_68' title="bbox 787 3561 2365 3639">
    <p class='ocr_par' dir='ltr' id='par_1_68' title="bbox 787 3561 2365 3639">
     <span class='ocr_line' id='line_1_68' title="bbox 787 3561 2365 3639; baseline 0.009 -25"><span class='ocrx_word' id='word_1_542' title='bbox 787 3574 851 3614; x_wconf 90' lang='lat' dir='ltr'><strong>eo</strong></span> <span class='ocrx_word' id='word_1_543' title='bbox 864 3562 1027 3614; x_wconf 85' lang='lat' dir='ltr'><strong>servit</strong></span> <span class='ocrx_word' id='word_1_544' title='bbox 1047 3561 1382 3615; x_wconf 89' lang='lat' dir='ltr'><strong>abscondite.</strong></span> <span class='ocrx_word' id='word_1_545' title='bbox 1404 3562 1689 3618; x_wconf 78' lang='lat' dir='ltr'><strong>Silentium</strong></span> <span class='ocrx_word' id='word_1_546' title='bbox 1713 3569 1854 3621; x_wconf 90' lang='lat' dir='ltr'><strong>enim</strong></span> <span class='ocrx_word' id='word_1_547' title='bbox 1877 3571 2222 3639; x_wconf 88' lang='lat' dir='ltr'><strong>mundorum,</strong></span> <span class='ocrx_word' id='word_1_548' title='bbox 2240 3590 2365 3628; x_wconf 89' lang='lat' dir='ltr'><strong>ora-</strong></span> 
     </span>
    </p>
   </div>
   <div class='ocr_carea' id='block_1_69' title="bbox 788 3651 2364 3738">
    <p class='ocr_par' dir='ltr' id='par_1_69' title="bbox 788 3651 2364 3738">
     <span class='ocr_line' id='line_1_69' title="bbox 788 3651 2364 3738; baseline 0.011 -33"><span class='ocrx_word' id='word_1_549' title='bbox 788 3651 990 3705; x_wconf 88' lang='lat' dir='ltr'><strong>tionem</strong></span> <span class='ocrx_word' id='word_1_550' title='bbox 1014 3661 1169 3706; x_wconf 89' lang='lat' dir='ltr'><strong>vocat</strong></span> <span class='ocrx_word' id='word_1_551' title='bbox 1189 3654 1407 3721; x_wconf 89' lang='lat' dir='ltr'><strong>quidam</strong></span> <span class='ocrx_word' id='word_1_552' title='bbox 1429 3668 1648 3711; x_wconf 86' lang='lat' dir='ltr'><strong>sanctus</strong></span> <span class='ocrx_word' id='word_1_553' title='bbox 1670 3675 1685 3722; x_wconf 87' lang='lat'><strong>;</strong></span> <span class='ocrx_word' id='word_1_554' title='bbox 1709 3662 1968 3727; x_wconf 83' lang='lat' dir='ltr'><strong>quoniam</strong></span> <span class='ocrx_word' id='word_1_555' title='bbox 2001 3678 2190 3720; x_wconf 85' lang='lat' dir='ltr'><strong>eorum</strong></span> <span class='ocrx_word' id='word_1_556' title='bbox 2215 3667 2364 3738; x_wconf 72' lang='lat' dir='ltr'><strong>cogi-</strong></span> 
     </span>
    </p>
   </div>
   <div class='ocr_carea' id='block_1_70' title="bbox 789 3741 2362 3821">
    <p class='ocr_par' dir='ltr' id='par_1_70' title="bbox 789 3741 2362 3821">
     <span class='ocr_line' id='line_1_70' title="bbox 789 3741 2362 3821; baseline 0.013 -25"><span class='ocrx_word' id='word_1_557' title='bbox 789 3741 1028 3796; x_wconf 84' lang='lat' dir='ltr'><strong>tationes</strong></span> <span class='ocrx_word' id='word_1_558' title='bbox 1054 3745 1273 3811; x_wconf 88' lang='lat' dir='ltr'><strong>quidam</strong></span> <span class='ocrx_word' id='word_1_559' title='bbox 1332 3747 1500 3800; x_wconf 84' lang='lat' dir='ltr'><strong>divini</strong></span> <span class='ocrx_word' id='word_1_560' title='bbox 1537 3760 1717 3805; x_wconf 85' lang='lat' dir='ltr'><strong>motus</strong></span> <span class='ocrx_word' id='word_1_561' title='bbox 1737 3763 1904 3821; x_wconf 91' lang='lat' dir='ltr'><strong>sunt;</strong></span> <span class='ocrx_word' id='word_1_562' title='bbox 1939 3765 2121 3814; x_wconf 88' lang='lat' dir='ltr'><strong>motus</strong></span> <span class='ocrx_word' id='word_1_563' title='bbox 2181 3768 2362 3816; x_wconf 87' lang='lat' dir='ltr'><strong>autem</strong></span> 
     </span>
    </p>
   </div>
   <div class='ocr_carea' id='block_1_71' title="bbox 791 3833 2364 3919">
    <p class='ocr_par' dir='ltr' id='par_1_71' title="bbox 791 3833 2364 3919">
     <span class='ocr_line' id='line_1_71' title="bbox 791 3833 2364 3919; baseline 0.015 -35"><span class='ocrx_word' id='word_1_564' title='bbox 791 3833 977 3887; x_wconf 88' lang='lat' dir='ltr'><strong>mundi</strong></span> <span class='ocrx_word' id='word_1_565' title='bbox 1002 3836 1183 3890; x_wconf 92' lang='lat' dir='ltr'><strong>cordis</strong></span> <span class='ocrx_word' id='word_1_566' title='bbox 1233 3844 1286 3889; x_wconf 90' lang='lat' dir='ltr'><strong>et</strong></span> <span class='ocrx_word' id='word_1_567' title='bbox 1310 3839 1529 3904; x_wconf 90' lang='lat' dir='ltr'><strong>mentis,</strong></span> <span class='ocrx_word' id='word_1_568' title='bbox 1560 3840 1745 3897; x_wconf 90' lang='lat' dir='ltr'><strong>dulces</strong></span> <span class='ocrx_word' id='word_1_569' title='bbox 1773 3859 1933 3899; x_wconf 83' lang='lat' dir='ltr'><strong>voces</strong></span> <span class='ocrx_word' id='word_1_570' title='bbox 1988 3857 2135 3914; x_wconf 92' lang='lat' dir='ltr'><strong>sunt,</strong></span> <span class='ocrx_word' id='word_1_571' title='bbox 2168 3852 2364 3919; x_wconf 87' lang='lat' dir='ltr'><strong>quibus</strong></span> 
     </span>
    </p>
   </div>
   <div class='ocr_carea' id='block_1_72' title="bbox 787 3923 2362 3997">
    <p class='ocr_par' dir='ltr' id='par_1_72' title="bbox 787 3923 2362 3997">
     <span class='ocr_line' id='line_1_72' title="bbox 787 3923 2362 3997; baseline 0.015 -24"><span class='ocrx_word' id='word_1_572' title='bbox 787 3924 924 3973; x_wconf 82' lang='lat' dir='ltr'><strong>clam</strong></span> <span class='ocrx_word' id='word_1_573' title='bbox 943 3923 1269 3979; x_wconf 79' lang='lat' dir='ltr'><strong>abscondito</strong></span> <span class='ocrx_word' id='word_1_574' title='bbox 1296 3926 1404 3980; x_wconf 87' lang='lat' dir='ltr'><strong>Deo</strong></span> <span class='ocrx_word' id='word_1_575' title='bbox 1430 3928 1685 3997; x_wconf 92' lang='lat' dir='ltr'><strong>psallunt.</strong></span> <span class='ocrx_word' id='word_1_576' title='bbox 1725 3949 1743 3983; x_wconf 75' lang='grc' dir='ltr'><strong>ι</strong></span> <span class='ocrx_word' id='word_1_577' title='bbox 1780 3932 1846 3987; x_wconf 83' lang='grc' dir='ltr'><strong>Ει</strong></span> <span class='ocrx_word' id='word_1_578' title='bbox 1871 3936 1961 3990; x_wconf 86' lang='lat' dir='ltr'><strong>alii</strong></span> <span class='ocrx_word' id='word_1_579' title='bbox 1997 3939 2149 3993; x_wconf 89' lang='lat' dir='ltr'><strong>multi</strong></span> <span class='ocrx_word' id='word_1_580' title='bbox 2185 3944 2362 3997; x_wconf 84' lang='lat' dir='ltr'><strong>sancti</strong></span> 
     </span>
    </p>
   </div>
   <div class='ocr_carea' id='block_1_73' title="bbox 789 4013 2362 4089">
    <p class='ocr_par' dir='ltr' id='par_1_73' title="bbox 789 4013 2362 4089">
     <span class='ocr_line' id='line_1_73' title="bbox 789 4013 2362 4089; baseline 0.017 -27"><span class='ocrx_word' id='word_1_581' title='bbox 789 4013 911 4073; x_wconf 73' lang='lat' dir='ltr'><strong>viri,</strong></span> <span class='ocrx_word' id='word_1_582' title='bbox 941 4014 1119 4069; x_wconf 86' lang='lat' dir='ltr'><strong>divina</strong></span> <span class='ocrx_word' id='word_1_583' title='bbox 1160 4018 1271 4084; x_wconf 80' lang='lat' dir='ltr'><strong>ipsa</strong></span> <span class='ocrx_word' id='word_1_584' title='bbox 1309 4021 1476 4082; x_wconf 68' lang='lat' dir='ltr'><strong>gratia</strong></span> <span class='ocrx_word' id='word_1_585' title='bbox 1511 4021 1728 4089; x_wconf 86' lang='lat' dir='ltr'><strong>initiati,</strong></span> <span class='ocrx_word' id='word_1_586' title='bbox 1772 4027 1901 4080; x_wconf 84' lang='lat' dir='ltr'><strong>talia</strong></span> <span class='ocrx_word' id='word_1_587' title='bbox 1970 4032 2138 4085; x_wconf 87' lang='lat' dir='ltr'><strong>multa</strong></span> <span class='ocrx_word' id='word_1_588' title='bbox 2190 4034 2362 4088; x_wconf 85' lang='lat' dir='ltr'><strong>admi-</strong></span> 
     </span>
    </p>
   </div>
   <div class='ocr_carea' id='block_1_74' title="bbox 790 4105 2362 4189">
    <p class='ocr_par' dir='ltr' id='par_1_74' title="bbox 790 4105 2362 4189">
     <span class='ocr_line' id='line_1_74' title="bbox 790 4105 2362 4189; baseline 0.015 -33"><span class='ocrx_word' id='word_1_589' title='bbox 790 4105 1004 4160; x_wconf 86' lang='lat' dir='ltr'><strong>ratione</strong></span> <span class='ocrx_word' id='word_1_590' title='bbox 1035 4108 1196 4176; x_wconf 82' lang='lat' dir='ltr'><strong>digna</strong></span> <span class='ocrx_word' id='word_1_591' title='bbox 1221 4109 1480 4174; x_wconf 83' lang='lat' dir='ltr'><strong>edidere;</strong></span> <span class='ocrx_word' id='word_1_592' title='bbox 1517 4130 1638 4182; x_wconf 88' lang='lat' dir='ltr'><strong>quae</strong></span> <span class='ocrx_word' id='word_1_593' title='bbox 1689 4132 1784 4172; x_wconf 89' lang='lat' dir='ltr'><strong>nos</strong></span> <span class='ocrx_word' id='word_1_594' title='bbox 1821 4129 2040 4189; x_wconf 78' lang='lat' dir='ltr'><strong>propter</strong></span> <span class='ocrx_word' id='word_1_595' title='bbox 2091 4125 2362 4180; x_wconf 87' lang='lat' dir='ltr'><strong>sermonis</strong></span> 
     </span>
    </p>
   </div>
   <div class='ocr_carea' id='block_1_75' title="bbox 789 4195 1534 4265">
    <p class='ocr_par' dir='ltr' id='par_1_75' title="bbox 789 4195 1534 4265">
     <span class='ocr_line' id='line_1_75' title="bbox 789 4195 1534 4265; baseline 0.013 -18"><span class='ocrx_word' id='word_1_596' title='bbox 789 4195 1180 4265; x_wconf 75' lang='lat' dir='ltr'><strong>longitudinem</strong></span> <span class='ocrx_word' id='word_1_597' title='bbox 1214 4203 1534 4257; x_wconf 83' lang='lat' dir='ltr'><strong>omittimus.</strong></span> 
     </span>
    </p>
   </div>
   <div class='ocr_carea' id='block_1_76' title="bbox 2465 3379 4050 3452">
    <p class='ocr_par' dir='ltr' id='par_1_76' title="bbox 2465 3379 4050 3452">
     <span class='ocr_line' id='line_1_76' title="bbox 2465 3379 4050 3452; baseline -0.001 -18"><span class='ocrx_word' id='word_1_598' title='bbox 2465 3381 2542 3452; x_wconf 84' lang='grc' dir='ltr'>τῷ</span> <span class='ocrx_word' id='word_1_599' title='bbox 2567 3380 2849 3434; x_wconf 82' lang='grc' dir='ltr'>καθεύδειν</span> <span class='ocrx_word' id='word_1_600' title='bbox 2870 3379 3052 3446; x_wconf 81' lang='grc' dir='ltr'>αὑτὸν,</span> <span class='ocrx_word' id='word_1_601' title='bbox 3085 3379 3210 3433; x_wconf 79' lang='grc' dir='ltr'>οὗτε</span> <span class='ocrx_word' id='word_1_602' title='bbox 3241 3383 3300 3432; x_wconf 78' lang='grc' dir='ltr'>ὲν</span> <span class='ocrx_word' id='word_1_603' title='bbox 3324 3380 3673 3450; x_wconf 79' lang='grc' dir='ltr'>ὲγρηγόρσει,</span> <span class='ocrx_word' id='word_1_604' title='bbox 3703 3380 3736 3449; x_wconf 83' lang='grc' dir='ltr'>ὴ</span> <span class='ocrx_word' id='word_1_605' title='bbox 3763 3380 4050 3450; x_wconf 77' lang='grc' dir='ltr'>προσευχὴ</span> 
     </span>
    </p>
   </div>
   <div class='ocr_carea' id='block_1_77' title="bbox 2464 3470 4052 3543">
    <p class='ocr_par' dir='ltr' id='par_1_77' title="bbox 2464 3470 4052 3543">
     <span class='ocr_line' id='line_1_77' title="bbox 2464 3470 4052 3543; baseline -0.001 -16"><span class='ocrx_word' id='word_1_606' title='bbox 2464 3475 2531 3527; x_wconf 72' lang='grc' dir='ltr'>ἑκ</span> <span class='ocrx_word' id='word_1_607' title='bbox 2560 3473 2659 3542; x_wconf 90' lang='grc' dir='ltr'><strong>τῆς</strong></span> <span class='ocrx_word' id='word_1_608' title='bbox 2688 3471 2867 3543; x_wconf 85' lang='grc' dir='ltr'>ψυχῆς</span> <span class='ocrx_word' id='word_1_609' title='bbox 2899 3471 3065 3524; x_wconf 75' lang='grc' dir='ltr'>αὐτοῦ</span> <span class='ocrx_word' id='word_1_610' title='bbox 3115 3473 3377 3525; x_wconf 88' lang='grc' dir='ltr'>κόπτεται</span> <span class='ocrx_word' id='word_1_611' title='bbox 3399 3488 3412 3502; x_wconf 74' lang='grc'><strong><em>⁸</em></strong></span> <span class='ocrx_word' id='word_1_612' title='bbox 3451 3470 3566 3524; x_wconf 77' lang='grc' dir='ltr'>ἀλλ’</span> <span class='ocrx_word' id='word_1_613' title='bbox 3615 3470 3711 3524; x_wconf 73' lang='grc' dir='ltr'><strong>ἐὰν</strong></span> <span class='ocrx_word' id='word_1_614' title='bbox 3739 3472 3916 3542; x_wconf 74' lang='grc' dir='ltr'>ἐσθίῃ,</span> <span class='ocrx_word' id='word_1_615' title='bbox 3956 3474 4052 3525; x_wconf 76' lang='grc' dir='ltr'>καὶ</span> 
     </span>
    </p>
   </div>
   <div class='ocr_carea' id='block_1_78' title="bbox 2467 3563 4052 3636">
    <p class='ocr_par' dir='ltr' id='par_1_78' title="bbox 2467 3563 4052 3636">
     <span class='ocr_line' id='line_1_78' title="bbox 2467 3563 4052 3636; baseline -0.001 -20"><span class='ocrx_word' id='word_1_616' title='bbox 2467 3564 2564 3617; x_wconf 79' lang='grc' dir='ltr'><strong>ὲάν</strong></span> <span class='ocrx_word' id='word_1_617' title='bbox 2595 3565 2748 3634; x_wconf 85' lang='grc' dir='ltr'>πίνῃ,</span> <span class='ocrx_word' id='word_1_618' title='bbox 2782 3563 2875 3615; x_wconf 81' lang='grc' dir='ltr'>καὶ</span> <span class='ocrx_word' id='word_1_619' title='bbox 2908 3563 3003 3616; x_wconf 70' lang='grc' dir='ltr'><strong>ἐὰν</strong></span> <span class='ocrx_word' id='word_1_620' title='bbox 3034 3565 3316 3634; x_wconf 83' lang='grc' dir='ltr'>κοιμᾶται,</span> <span class='ocrx_word' id='word_1_621' title='bbox 3353 3565 3445 3616; x_wconf 74' lang='grc' dir='ltr'>καὶ</span> <span class='ocrx_word' id='word_1_622' title='bbox 3483 3563 3578 3616; x_wconf 76' lang='grc' dir='ltr'>ὲάν</span> <span class='ocrx_word' id='word_1_623' title='bbox 3606 3581 3658 3616; x_wconf 85' lang='grc' dir='ltr'><strong>τι</strong></span> <span class='ocrx_word' id='word_1_624' title='bbox 3692 3564 3932 3636; x_wconf 86' lang='grc' dir='ltr'>πράττῃ,</span> <span class='ocrx_word' id='word_1_625' title='bbox 3953 3564 4052 3617; x_wconf 70' lang='grc' dir='ltr'>καὶ</span> 
     </span>
    </p>
   </div>
   <div class='ocr_carea' id='block_1_79' title="bbox 2470 3651 4052 3724">
    <p class='ocr_par' dir='ltr' id='par_1_79' title="bbox 2470 3651 4052 3724">
     <span class='ocr_line' id='line_1_79' title="bbox 2470 3651 4052 3724; baseline -0.004 -17"><span class='ocrx_word' id='word_1_626' title='bbox 2470 3651 2573 3716; x_wconf 74' lang='grc' dir='ltr'><strong>ἕως</strong></span> <span class='ocrx_word' id='word_1_627' title='bbox 2605 3655 2663 3705; x_wconf 85' lang='grc' dir='ltr'>ὲν</span> <span class='ocrx_word' id='word_1_628' title='bbox 2697 3653 2854 3723; x_wconf 79' lang='grc' dir='ltr'>βαθεῖ</span> <span class='ocrx_word' id='word_1_629' title='bbox 2910 3654 3083 3724; x_wconf 83' lang='grc' dir='ltr'>ὕπνῳ,</span> <span class='ocrx_word' id='word_1_630' title='bbox 3136 3654 3192 3706; x_wconf 84' lang='lat' dir='ltr'><strong>ai</strong></span> <span class='ocrx_word' id='word_1_631' title='bbox 3247 3653 3488 3717; x_wconf 84' lang='grc' dir='ltr'>εύωδίαι,</span> <span class='ocrx_word' id='word_1_632' title='bbox 3532 3653 3625 3706; x_wconf 78' lang='grc' dir='ltr'>καὶ</span> <span class='ocrx_word' id='word_1_633' title='bbox 3678 3655 3726 3706; x_wconf 91' lang='grc' dir='ltr'><strong>οί</strong></span> <span class='ocrx_word' id='word_1_634' title='bbox 3755 3654 3918 3724; x_wconf 76' lang='grc' dir='ltr'>ἀτμοὶ</span> <span class='ocrx_word' id='word_1_635' title='bbox 3951 3654 4052 3722; x_wconf 79' lang='grc' dir='ltr'><strong>τῆς</strong></span> 
     </span>
    </p>
   </div>
   <div class='ocr_carea' id='block_1_80' title="bbox 2469 3742 4050 3814">
    <p class='ocr_par' dir='ltr' id='par_1_80' title="bbox 2469 3742 4050 3814">
     <span class='ocr_line' id='line_1_80' title="bbox 2469 3742 4050 3814; baseline 0.003 -20"><span class='ocrx_word' id='word_1_636' title='bbox 2469 3745 2778 3813; x_wconf 85' lang='grc' dir='ltr'>προσευχῆς</span> <span class='ocrx_word' id='word_1_637' title='bbox 2821 3746 2881 3797; x_wconf 83' lang='grc' dir='ltr'>ὲν</span> <span class='ocrx_word' id='word_1_638' title='bbox 2928 3747 2994 3814; x_wconf 81' lang='grc' dir='ltr'><strong>τῇ</strong></span> <span class='ocrx_word' id='word_1_639' title='bbox 3051 3743 3250 3814; x_wconf 80' lang='grc' dir='ltr'>καρδίᾳ</span> <span class='ocrx_word' id='word_1_640' title='bbox 3306 3742 3472 3796; x_wconf 80' lang='grc' dir='ltr'>αὐτοῦ</span> <span class='ocrx_word' id='word_1_641' title='bbox 3527 3743 3882 3808; x_wconf 88' lang='grc' dir='ltr'>ἀναδίδονται,</span> <span class='ocrx_word' id='word_1_642' title='bbox 3915 3744 4050 3798; x_wconf 83' lang='grc' dir='ltr'>ἀνευ</span> 
     </span>
    </p>
   </div>
   <div class='ocr_carea' id='block_1_81' title="bbox 2467 3836 4050 3908">
    <p class='ocr_par' dir='ltr' id='par_1_81' title="bbox 2467 3836 4050 3908">
     <span class='ocr_line' id='line_1_81' title="bbox 2467 3836 4050 3908; baseline 0.003 -21"><span class='ocrx_word' id='word_1_643' title='bbox 2467 3836 2670 3888; x_wconf 79' lang='grc' dir='ltr'>κόπου·</span> <span class='ocrx_word' id='word_1_644' title='bbox 2726 3837 2822 3890; x_wconf 77' lang='grc' dir='ltr'>καὶ</span> <span class='ocrx_word' id='word_1_645' title='bbox 2864 3837 3142 3906; x_wconf 76' lang='grc' dir='ltr'>χωρισμὸν</span> <span class='ocrx_word' id='word_1_646' title='bbox 3181 3836 3300 3889; x_wconf 89' lang='grc' dir='ltr'>τότε</span> <span class='ocrx_word' id='word_1_647' title='bbox 3357 3837 3391 3906; x_wconf 78' lang='grc' dir='ltr'>ἡ</span> <span class='ocrx_word' id='word_1_648' title='bbox 3425 3836 3701 3908; x_wconf 84' lang='grc' dir='ltr'>προσευχὴ</span> <span class='ocrx_word' id='word_1_649' title='bbox 3732 3839 3832 3890; x_wconf 79' lang='grc' dir='ltr'>οὐκ</span> <span class='ocrx_word' id='word_1_650' title='bbox 3888 3838 4006 3907; x_wconf 77' lang='grc' dir='ltr'>ἔχει</span> <span class='ocrx_word' id='word_1_651' title='bbox 4033 3855 4050 3870; x_wconf 88' lang='grc'><strong>·</strong></span> 
     </span>
    </p>
   </div>
   <div class='ocr_carea' id='block_1_82' title="bbox 2467 3927 4054 4003">
    <p class='ocr_par' dir='ltr' id='par_1_82' title="bbox 2467 3927 4054 4003">
     <span class='ocr_line' id='line_1_82' title="bbox 2467 3927 4054 4003; baseline 0.003 -23"><span class='ocrx_word' id='word_1_652' title='bbox 2467 3927 2608 3980; x_wconf 85' lang='grc' dir='ltr'><strong>ἀλλά</strong></span> <span class='ocrx_word' id='word_1_653' title='bbox 2658 3929 2839 3990; x_wconf 86' lang='grc' dir='ltr'>πάσας</span> <span class='ocrx_word' id='word_1_654' title='bbox 2879 3929 2977 3990; x_wconf 77' lang='grc' dir='ltr'><strong>τὰς</strong></span> <span class='ocrx_word' id='word_1_655' title='bbox 3026 3927 3175 4003; x_wconf 82' lang='grc' dir='ltr'>ῶρας</span> <span class='ocrx_word' id='word_1_656' title='bbox 3208 3928 3397 3990; x_wconf 79' lang='grc' dir='ltr'>αὑτοῦ,</span> <span class='ocrx_word' id='word_1_657' title='bbox 3427 3929 3529 3982; x_wconf 81' lang='grc' dir='ltr'>κᾶν</span> <span class='ocrx_word' id='word_1_658' title='bbox 3567 3930 3818 4000; x_wconf 75' lang='grc' dir='ltr'>ἡσυχάσῃ</span> <span class='ocrx_word' id='word_1_659' title='bbox 3848 3931 4054 3997; x_wconf 75' lang='grc' dir='ltr'>ἔξωθεν</span> 
     </span>
    </p>
   </div>
   <div class='ocr_carea' id='block_1_83' title="bbox 2468 4017 4058 4092">
    <p class='ocr_par' dir='ltr' id='par_1_83' title="bbox 2468 4017 4058 4092">
     <span class='ocr_line' id='line_1_83' title="bbox 2468 4017 4058 4092; baseline 0.003 -22"><span class='ocrx_word' id='word_1_660' title='bbox 2468 4018 2634 4070; x_wconf 81' lang='grc' dir='ltr'>αὐτοῦ</span> <span class='ocrx_word' id='word_1_661' title='bbox 2667 4017 2970 4088; x_wconf 81' lang='grc' dir='ltr'>ἡτοιαύτη,</span> <span class='ocrx_word' id='word_1_662' title='bbox 3010 4017 3126 4072; x_wconf 84' lang='grc' dir='ltr'>ἀλλ’</span> <span class='ocrx_word' id='word_1_663' title='bbox 3163 4017 3258 4071; x_wconf 80' lang='grc' dir='ltr'>οὖν</span> <span class='ocrx_word' id='word_1_664' title='bbox 3312 4017 3476 4072; x_wconf 88' lang='grc' dir='ltr'>πάλιν</span> <span class='ocrx_word' id='word_1_665' title='bbox 3506 4021 3539 4089; x_wconf 86' lang='grc' dir='ltr'>ή</span> <span class='ocrx_word' id='word_1_666' title='bbox 3569 4019 3708 4090; x_wconf 77' lang='grc' dir='ltr'>αὐτὴ</span> <span class='ocrx_word' id='word_1_667' title='bbox 3743 4020 4058 4092; x_wconf 85' lang='grc' dir='ltr'>λειτουργεῑ</span> 
     </span>
    </p>
   </div>
   <div class='ocr_carea' id='block_1_84' title="bbox 2470 4109 4053 4184">
    <p class='ocr_par' dir='ltr' id='par_1_84' title="bbox 2470 4109 4053 4184">
     <span class='ocr_line' id='line_1_84' title="bbox 2470 4109 4053 4184; baseline 0.004 -24"><span class='ocrx_word' id='word_1_668' title='bbox 2470 4110 2528 4163; x_wconf 82' lang='grc' dir='ltr'>ὲν</span> <span class='ocrx_word' id='word_1_669' title='bbox 2561 4109 2710 4179; x_wconf 81' lang='grc' dir='ltr'>αὐτῷ</span> <span class='ocrx_word' id='word_1_670' title='bbox 2760 4109 3042 4179; x_wconf 86' lang='grc' dir='ltr'>κρυπτῶς.</span> <span class='ocrx_word' id='word_1_671' title='bbox 3089 4109 3203 4180; x_wconf 77' lang='grc' dir='ltr'><strong>Τὴν</strong></span> <span class='ocrx_word' id='word_1_672' title='bbox 3236 4109 3446 4181; x_wconf 83' lang='grc' dir='ltr'>σιωπὴν</span> <span class='ocrx_word' id='word_1_673' title='bbox 3475 4110 3584 4180; x_wconf 87' lang='grc' dir='ltr'><strong>γάρ</strong></span> <span class='ocrx_word' id='word_1_674' title='bbox 3628 4111 3736 4164; x_wconf 86' lang='grc' dir='ltr'><strong>τῶν</strong></span> <span class='ocrx_word' id='word_1_675' title='bbox 3769 4113 4053 4184; x_wconf 85' lang='grc' dir='ltr'>καθαρῶν,</span> 
     </span>
    </p>
   </div>
   <div class='ocr_carea' id='block_1_85' title="bbox 786 4300 4046 4377">
    <p class='ocr_par' dir='ltr' id='par_1_85' title="bbox 786 4300 4046 4377">
     <span class='ocr_line' id='line_1_85' title="bbox 786 4300 4046 4377; baseline 0 -24"><span class='ocrx_word' id='word_1_676' title='bbox 786 4301 1042 4372; x_wconf 68' lang='grc' dir='ltr'>λογισμοὶ</span> <span class='ocrx_word' id='word_1_677' title='bbox 1079 4302 1279 4367; x_wconf 75' lang='grc' dir='ltr'>αύτῶν,</span> <span class='ocrx_word' id='word_1_678' title='bbox 1323 4302 1463 4356; x_wconf 78' lang='grc' dir='ltr'>θεῖαι</span> <span class='ocrx_word' id='word_1_679' title='bbox 1511 4306 1755 4374; x_wconf 80' lang='grc' dir='ltr'>κινήσεις</span> <span class='ocrx_word' id='word_1_680' title='bbox 1797 4304 1933 4358; x_wconf 80' lang='grc' dir='ltr'>είσίν</span> <span class='ocrx_word' id='word_1_681' title='bbox 1963 4321 1980 4338; x_wconf 80' lang='grc' dir='ltr'><strong><em>ο</em></strong></span> <span class='ocrx_word' id='word_1_682' title='bbox 2027 4307 2083 4359; x_wconf 82' lang='lat' dir='ltr'><strong>ai</strong></span> <span class='ocrx_word' id='word_1_683' title='bbox 2123 4308 2368 4377; x_wconf 86' lang='grc' dir='ltr'>κινήσεις</span> <span class='ocrx_word' id='word_1_684' title='bbox 2395 4305 2452 4360; x_wconf 78' lang='grc' dir='ltr'>δὲ</span> <span class='ocrx_word' id='word_1_685' title='bbox 2485 4307 2588 4377; x_wconf 86' lang='grc' dir='ltr'><strong>τῆς</strong></span> <span class='ocrx_word' id='word_1_686' title='bbox 2617 4305 2869 4376; x_wconf 79' lang='grc' dir='ltr'>καθαρᾶς</span> <span class='ocrx_word' id='word_1_687' title='bbox 2902 4304 3151 4376; x_wconf 82' lang='grc' dir='ltr'>καρδίας,</span> <span class='ocrx_word' id='word_1_688' title='bbox 3195 4307 3287 4358; x_wconf 78' lang='grc' dir='ltr'>καὶ</span> <span class='ocrx_word' id='word_1_689' title='bbox 3314 4306 3577 4370; x_wconf 79' lang='grc' dir='ltr'>διανοίας,</span> <span class='ocrx_word' id='word_1_690' title='bbox 3608 4303 3784 4373; x_wconf 77' lang='grc' dir='ltr'>φωναὶ</span> <span class='ocrx_word' id='word_1_691' title='bbox 3816 4300 4046 4370; x_wconf 76' lang='grc' dir='ltr'>πραεῖαί</span> 
     </span>
    </p>
   </div>
   <div class='ocr_carea' id='block_1_86' title="bbox 785 4394 4044 4487">
    <p class='ocr_par' dir='ltr' id='par_1_86' title="bbox 785 4394 4044 4487">
     <span class='ocr_line' id='line_1_86' title="bbox 785 4394 4044 4487; baseline -0.001 -35"><span class='ocrx_word' id='word_1_692' title='bbox 785 4403 945 4463; x_wconf 72' lang='grc' dir='ltr'>εἰσιν,</span> <span class='ocrx_word' id='word_1_693' title='bbox 989 4401 1048 4453; x_wconf 72' lang='grc' dir='ltr'>ὲν</span> <span class='ocrx_word' id='word_1_694' title='bbox 1072 4394 1153 4461; x_wconf 78' lang='grc' dir='ltr'><strong>αἷς</strong></span> <span class='ocrx_word' id='word_1_695' title='bbox 1184 4400 1443 4467; x_wconf 80' lang='grc' dir='ltr'>κρυπτῶς</span> <span class='ocrx_word' id='word_1_696' title='bbox 1473 4401 1549 4468; x_wconf 72' lang='grc' dir='ltr'>τῷ</span> <span class='ocrx_word' id='word_1_697' title='bbox 1590 4400 1820 4470; x_wconf 73' lang='grc' dir='ltr'>κρυπτῷ</span> <span class='ocrx_word' id='word_1_698' title='bbox 1860 4400 2152 4469; x_wconf 72' lang='grc' dir='ltr'>ψάλλουσι.</span> <span class='ocrx_word' id='word_1_699' title='bbox 2188 4422 2206 4487; x_wconf 58' lang='grc' dir='ltr'><strong>ξ</strong></span> <span class='ocrx_word' id='word_1_700' title='bbox 2246 4404 2355 4456; x_wconf 71' lang='grc' dir='ltr'><strong>Καὶ</strong></span> <span class='ocrx_word' id='word_1_701' title='bbox 2381 4403 2533 4457; x_wconf 75' lang='grc' dir='ltr'>ἄλλοι</span> <span class='ocrx_word' id='word_1_702' title='bbox 2581 4403 2638 4456; x_wconf 81' lang='grc' dir='ltr'>δὲ</span> <span class='ocrx_word' id='word_1_703' title='bbox 2666 4402 2855 4455; x_wconf 72' lang='grc' dir='ltr'>πολλοὶ</span> <span class='ocrx_word' id='word_1_704' title='bbox 2889 4401 3000 4455; x_wconf 86' lang='grc' dir='ltr'><strong>τῶν</strong></span> <span class='ocrx_word' id='word_1_705' title='bbox 3046 4402 3349 4472; x_wconf 85' lang='grc' dir='ltr'>θεοφόρων,</span> <span class='ocrx_word' id='word_1_706' title='bbox 3379 4402 3443 4455; x_wconf 82' lang='grc' dir='ltr'>ὲκ</span> <span class='ocrx_word' id='word_1_707' title='bbox 3474 4402 3575 4470; x_wconf 86' lang='grc' dir='ltr'><strong>τῆς</strong></span> <span class='ocrx_word' id='word_1_708' title='bbox 3605 4401 3834 4470; x_wconf 86' lang='grc' dir='ltr'>χάριτος</span> <span class='ocrx_word' id='word_1_709' title='bbox 3863 4399 4044 4466; x_wconf 81' lang='grc' dir='ltr'>αὐτῆς</span> 
     </span>
    </p>
   </div>
   <div class='ocr_carea' id='block_1_87' title="bbox 787 4489 4046 4564">
    <p class='ocr_par' dir='ltr' id='par_1_87' title="bbox 787 4489 4046 4564">
     <span class='ocr_line' id='line_1_87' title="bbox 787 4489 4046 4564; baseline -0 -20"><span class='ocrx_word' id='word_1_710' title='bbox 787 4495 951 4563; x_wconf 77' lang='grc' dir='ltr'>πείρᾳ</span> <span class='ocrx_word' id='word_1_711' title='bbox 986 4497 1582 4562; x_wconf 81' lang='grc' dir='ltr'>μεμυσταγωγημὲνοι,</span> <span class='ocrx_word' id='word_1_712' title='bbox 1615 4496 1842 4549; x_wconf 82' lang='grc' dir='ltr'>τοιαῦτα</span> <span class='ocrx_word' id='word_1_713' title='bbox 1883 4497 2112 4548; x_wconf 76' lang='grc' dir='ltr'>πλεῖστα</span> <span class='ocrx_word' id='word_1_714' title='bbox 2155 4497 2432 4564; x_wconf 77' lang='grc' dir='ltr'>θαύματος</span> <span class='ocrx_word' id='word_1_715' title='bbox 2467 4497 2593 4563; x_wconf 77' lang='grc' dir='ltr'>ἀξια</span> <span class='ocrx_word' id='word_1_716' title='bbox 2649 4495 2900 4561; x_wconf 70' lang='grc' dir='ltr'>ὲξὲθεντο</span> <span class='ocrx_word' id='word_1_717' title='bbox 2933 4510 2944 4524; x_wconf 93' lang='grc'><strong>·</strong></span> <span class='ocrx_word' id='word_1_718' title='bbox 2981 4493 3124 4564; x_wconf 69' lang='grc' dir='ltr'>ἅπερ</span> <span class='ocrx_word' id='word_1_719' title='bbox 3163 4493 3258 4546; x_wconf 78' lang='grc' dir='ltr'>καὶ</span> <span class='ocrx_word' id='word_1_720' title='bbox 3309 4493 3398 4546; x_wconf 87' lang='grc' dir='ltr'><strong>διά</strong></span> <span class='ocrx_word' id='word_1_721' title='bbox 3432 4492 3492 4545; x_wconf 78' lang='grc' dir='ltr'>τὸ</span> <span class='ocrx_word' id='word_1_722' title='bbox 3529 4491 3625 4545; x_wconf 83' lang='grc' dir='ltr'><strong>τοῦ</strong></span> <span class='ocrx_word' id='word_1_723' title='bbox 3657 4492 3818 4558; x_wconf 85' lang='grc' dir='ltr'>λόγου</span> <span class='ocrx_word' id='word_1_724' title='bbox 3859 4489 4046 4560; x_wconf 69' lang='grc' dir='ltr'>μῆκος</span> 
     </span>
    </p>
   </div>
   <div class='ocr_carea' id='block_1_88' title="bbox 785 4589 1071 4656">
    <p class='ocr_par' dir='ltr' id='par_1_88' title="bbox 785 4589 1071 4656">
     <span class='ocr_line' id='line_1_88' title="bbox 785 4589 1071 4656; baseline 0.007 -16"><span class='ocrx_word' id='word_1_725' title='bbox 785 4589 1071 4656; x_wconf 68' lang='grc' dir='ltr'>εἰάσαμεν.</span> 
     </span>
    </p>
   </div>
   <div class='ocr_carea' id='block_1_89' title="bbox 786 4677 2352 4745">
    <p class='ocr_par' dir='ltr' id='par_1_89' title="bbox 786 4677 2352 4745">
     <span class='ocr_line' id='line_1_89' title="bbox 786 4677 2352 4745; baseline -0.003 -11"><span class='ocrx_word' id='word_1_726' title='bbox 786 4684 860 4735; x_wconf 64' lang='lat' dir='ltr'><strong>De</strong></span> <span class='ocrx_word' id='word_1_727' title='bbox 889 4693 1104 4732; x_wconf 83' lang='lat' dir='ltr'><strong>numero</strong></span> <span class='ocrx_word' id='word_1_728' title='bbox 1135 4677 1550 4744; x_wconf 72' lang='lat' dir='ltr'><strong>genuﬂrxionum</strong></span> <span class='ocrx_word' id='word_1_729' title='bbox 1586 4692 1675 4742; x_wconf 78' lang='lat' dir='ltr'><strong>per</strong></span> <span class='ocrx_word' id='word_1_730' title='bbox 1708 4679 1936 4745; x_wconf 56' lang='lat' dir='ltr'><strong>spatium</strong></span> <span class='ocrx_word' id='word_1_731' title='bbox 1981 4680 2135 4731; x_wconf 77' lang='lat' dir='ltr'><strong>unius</strong></span> <span class='ocrx_word' id='word_1_732' title='bbox 2187 4680 2352 4731; x_wconf 76' lang='lat' dir='ltr'><strong>noctis</strong></span> 
     </span>
    </p>
   </div>
   <div class='ocr_carea' id='block_1_90' title="bbox 1469 4751 1690 4813">
    <p class='ocr_par' dir='ltr' id='par_1_90' title="bbox 1469 4751 1690 4813">
     <span class='ocr_line' id='line_1_90' title="bbox 1469 4751 1690 4813; baseline 0.009 -17"><span class='ocrx_word' id='word_1_733' title='bbox 1469 4751 1690 4813; x_wconf 78' lang='lat' dir='ltr'><strong>dicique.</strong></span> 
     </span>
    </p>
   </div>
   <div class='ocr_carea' id='block_1_91' title="bbox 864 4873 2359 4943">
    <p class='ocr_par' dir='ltr' id='par_1_91' title="bbox 864 4873 2359 4943">
     <span class='ocr_line' id='line_1_91' title="bbox 864 4873 2359 4943; baseline 0.003 -16"><span class='ocrx_word' id='word_1_734' title='bbox 864 4874 953 4927; x_wconf 76' lang='lat'><strong>59.</strong></span> <span class='ocrx_word' id='word_1_735' title='bbox 999 4873 1071 4927; x_wconf 89' lang='lat' dir='ltr'><strong>De</strong></span> <span class='ocrx_word' id='word_1_736' title='bbox 1125 4887 1360 4927; x_wconf 88' lang='lat' dir='ltr'><strong>numero</strong></span> <span class='ocrx_word' id='word_1_737' title='bbox 1425 4882 1603 4925; x_wconf 80' lang='lat' dir='ltr'><strong>autem</strong></span> <span class='ocrx_word' id='word_1_738' title='bbox 1664 4873 2122 4943; x_wconf 76' lang='lat' dir='ltr'><strong>genuﬂexionum,</strong></span> <span class='ocrx_word' id='word_1_739' title='bbox 2157 4876 2359 4931; x_wconf 86' lang='lat' dir='ltr'><strong>scimus</strong></span> 
     </span>
    </p>
   </div>
   <div class='ocr_carea' id='block_1_92' title="bbox 788 4964 2361 5036">
    <p class='ocr_par' dir='ltr' id='par_1_92' title="bbox 788 4964 2361 5036">
     <span class='ocr_line' id='line_1_92' title="bbox 788 4964 2361 5036; baseline 0.003 -17"><span class='ocrx_word' id='word_1_740' title='bbox 788 4967 1009 5033; x_wconf 71' lang='lat' dir='ltr'><strong>triginta</strong></span> <span class='ocrx_word' id='word_1_741' title='bbox 1043 4981 1073 5018; x_wconf 89' lang='lat' dir='ltr'><strong>a</strong></span> <span class='ocrx_word' id='word_1_742' title='bbox 1105 4965 1306 5018; x_wconf 84' lang='lat' dir='ltr'><strong>divinis</strong></span> <span class='ocrx_word' id='word_1_743' title='bbox 1362 4964 1610 5017; x_wconf 78' lang='lat' dir='ltr'><strong>Pati-ibus</strong></span> <span class='ocrx_word' id='word_1_744' title='bbox 1661 4981 1779 5018; x_wconf 89' lang='lat' dir='ltr'><strong>esse</strong></span> <span class='ocrx_word' id='word_1_745' title='bbox 1814 4965 2178 5036; x_wconf 56' lang='lat' dir='ltr'><strong>praescriptas,</strong></span> <span class='ocrx_word' id='word_1_746' title='bbox 2227 4983 2361 5035; x_wconf 79' lang='lat' dir='ltr'><strong>quas</strong></span> 
     </span>
    </p>
   </div>
   <div class='ocr_carea' id='block_1_93' title="bbox 789 5056 2361 5124">
    <p class='ocr_par' dir='ltr' id='par_1_93' title="bbox 789 5056 2361 5124">
     <span class='ocr_line' id='line_1_93' title="bbox 789 5056 2361 5124; baseline 0.003 -16"><span class='ocrx_word' id='word_1_747' title='bbox 789 5074 883 5124; x_wconf 85' lang='lat' dir='ltr'><strong>per</strong></span> <span class='ocrx_word' id='word_1_748' title='bbox 942 5056 1120 5110; x_wconf 81' lang='lat' dir='ltr'><strong>noctis</strong></span> <span class='ocrx_word' id='word_1_749' title='bbox 1170 5056 1383 5124; x_wconf 81' lang='lat' dir='ltr'><strong>dieique</strong></span> <span class='ocrx_word' id='word_1_750' title='bbox 1432 5057 1664 5120; x_wconf 89' lang='lat' dir='ltr'><strong>spatium</strong></span> <span class='ocrx_word' id='word_1_751' title='bbox 1722 5059 1964 5124; x_wconf 84' lang='lat' dir='ltr'><strong>quinque</strong></span> <span class='ocrx_word' id='word_1_752' title='bbox 2011 5059 2361 5113; x_wconf 75' lang='lat' dir='ltr'><strong>hebdomadze</strong></span> 
     </span>
    </p>
   </div>
   <div class='ocr_carea' id='block_1_94' title="bbox 789 5146 2360 5213">
    <p class='ocr_par' dir='ltr' id='par_1_94' title="bbox 789 5146 2360 5213">
     <span class='ocr_line' id='line_1_94' title="bbox 789 5146 2360 5213; baseline 0.004 -14"><span class='ocrx_word' id='word_1_753' title='bbox 789 5148 982 5200; x_wconf 83' lang='lat' dir='ltr'><strong>diebus</strong></span> <span class='ocrx_word' id='word_1_754' title='bbox 1012 5146 1190 5200; x_wconf 81' lang='lat' dir='ltr'><strong>facere</strong></span> <span class='ocrx_word' id='word_1_755' title='bbox 1237 5161 1334 5199; x_wconf 90' lang='lat' dir='ltr'><strong>nos</strong></span> <span class='ocrx_word' id='word_1_756' title='bbox 1370 5157 1603 5213; x_wconf 80' lang='lat' dir='ltr'><strong>oportet.</strong></span> <span class='ocrx_word' id='word_1_757' title='bbox 1659 5146 1871 5200; x_wconf 73' lang='lat' dir='ltr'><strong>Etenim</strong></span> <span class='ocrx_word' id='word_1_758' title='bbox 1928 5150 2076 5202; x_wconf 90' lang='lat' dir='ltr'><strong>omni</strong></span> <span class='ocrx_word' id='word_1_759' title='bbox 2125 5149 2360 5205; x_wconf 89' lang='lat' dir='ltr'><strong>Sabbato</strong></span> 
     </span>
    </p>
   </div>
   <div class='ocr_carea' id='block_1_95' title="bbox 790 5237 2361 5302">
    <p class='ocr_par' dir='ltr' id='par_1_95' title="bbox 790 5237 2361 5302">
     <span class='ocr_line' id='line_1_95' title="bbox 790 5237 2361 5302; baseline 0.003 -11"><span class='ocrx_word' id='word_1_760' title='bbox 790 5247 844 5291; x_wconf 89' lang='lat' dir='ltr'><strong>et</strong></span> <span class='ocrx_word' id='word_1_761' title='bbox 875 5239 1020 5291; x_wconf 92' lang='lat' dir='ltr'><strong>omni</strong></span> <span class='ocrx_word' id='word_1_762' title='bbox 1055 5237 1358 5302; x_wconf 85' lang='lat' dir='ltr'><strong>Dominica,</strong></span> <span class='ocrx_word' id='word_1_763' title='bbox 1387 5247 1441 5290; x_wconf 88' lang='lat' dir='ltr'><strong>et</strong></span> <span class='ocrx_word' id='word_1_764' title='bbox 1473 5241 1634 5291; x_wconf 83' lang='lat' dir='ltr'><strong>etiam</strong></span> <span class='ocrx_word' id='word_1_765' title='bbox 1695 5240 1818 5293; x_wconf 90' lang='lat' dir='ltr'><strong>aliis</strong></span> <span class='ocrx_word' id='word_1_766' title='bbox 1849 5256 1914 5294; x_wconf 83' lang='lat' dir='ltr'><strong>ex</strong></span> <span class='ocrx_word' id='word_1_767' title='bbox 1966 5245 2361 5297; x_wconf 88' lang='lat' dir='ltr'><strong>consuetudine</strong></span> 
     </span>
    </p>
   </div>
   <div class='ocr_carea' id='block_1_96' title="bbox 793 5327 2365 5402">
    <p class='ocr_par' dir='ltr' id='par_1_96' title="bbox 793 5327 2365 5402">
     <span class='ocr_line' id='line_1_96' title="bbox 793 5327 2365 5402; baseline 0.006 -22"><span class='ocrx_word' id='word_1_768' title='bbox 793 5327 1024 5397; x_wconf 75' lang='lat' dir='ltr'><strong>signatis</strong></span> <span class='ocrx_word' id='word_1_769' title='bbox 1071 5328 1264 5382; x_wconf 87' lang='lat' dir='ltr'><strong>diebus</strong></span> <span class='ocrx_word' id='word_1_770' title='bbox 1296 5340 1349 5382; x_wconf 88' lang='lat' dir='ltr'><strong>et</strong></span> <span class='ocrx_word' id='word_1_771' title='bbox 1387 5330 1762 5393; x_wconf 79' lang='lat' dir='ltr'><strong>hebdomadis,</strong></span> <span class='ocrx_word' id='word_1_772' title='bbox 1809 5332 1960 5400; x_wconf 83' lang='lat' dir='ltr'><strong>juxta</strong></span> <span class='ocrx_word' id='word_1_773' title='bbox 2030 5336 2250 5402; x_wconf 87' lang='lat' dir='ltr'><strong>mystica</strong></span> <span class='ocrx_word' id='word_1_774' title='bbox 2311 5345 2365 5389; x_wconf 90' lang='lat' dir='ltr'><strong>et</strong></span> 
     </span>
    </p>
   </div>
   <div class='ocr_carea' id='block_1_97' title="bbox 791 5420 2360 5494">
    <p class='ocr_par' dir='ltr' id='par_1_97' title="bbox 791 5420 2360 5494">
     <span class='ocr_line' id='line_1_97' title="bbox 791 5420 2360 5494; baseline 0.005 -22"><span class='ocrx_word' id='word_1_775' title='bbox 791 5435 988 5472; x_wconf 83' lang='lat' dir='ltr'><strong>arcana</strong></span> <span class='ocrx_word' id='word_1_776' title='bbox 1019 5420 1265 5484; x_wconf 87' lang='lat' dir='ltr'><strong>oracula,</strong></span> <span class='ocrx_word' id='word_1_777' title='bbox 1304 5428 1363 5472; x_wconf 91' lang='lat' dir='ltr'><strong>ut</strong></span> <span class='ocrx_word' id='word_1_778' title='bbox 1398 5421 1464 5472; x_wconf 86' lang='lat' dir='ltr'><strong>ab</strong></span> <span class='ocrx_word' id='word_1_779' title='bbox 1496 5421 1560 5472; x_wconf 88' lang='lat' dir='ltr'><strong>iis</strong></span> <span class='ocrx_word' id='word_1_780' title='bbox 1593 5422 1967 5478; x_wconf 85' lang='lat' dir='ltr'><strong>abstineamus</strong></span> <span class='ocrx_word' id='word_1_781' title='bbox 2003 5427 2160 5479; x_wconf 87' lang='lat' dir='ltr'><strong>nobis</strong></span> <span class='ocrx_word' id='word_1_782' title='bbox 2217 5441 2360 5494; x_wconf 71' lang='lat' dir='ltr'><strong>pra:-</strong></span> 
     </span>
    </p>
   </div>
   <div class='ocr_carea' id='block_1_98' title="bbox 791 5511 2364 5584">
    <p class='ocr_par' dir='ltr' id='par_1_98' title="bbox 791 5511 2364 5584">
     <span class='ocr_line' id='line_1_98' title="bbox 791 5511 2364 5584; baseline 0.004 -20"><span class='ocrx_word' id='word_1_783' title='bbox 791 5512 1012 5578; x_wconf 87' lang='lat' dir='ltr'><strong>cipitur.</strong></span> <span class='ocrx_word' id='word_1_784' title='bbox 1055 5511 1194 5562; x_wconf 90' lang='lat' dir='ltr'><strong>Sunt</strong></span> <span class='ocrx_word' id='word_1_785' title='bbox 1225 5519 1403 5562; x_wconf 86' lang='lat' dir='ltr'><strong>autem</strong></span> <span class='ocrx_word' id='word_1_786' title='bbox 1452 5512 1543 5578; x_wconf 79' lang='lat' dir='ltr'><strong>qui</strong></span> <span class='ocrx_word' id='word_1_787' title='bbox 1603 5511 1748 5564; x_wconf 90' lang='lat' dir='ltr'><strong>hunc</strong></span> <span class='ocrx_word' id='word_1_788' title='bbox 1800 5529 2081 5568; x_wconf 83' lang='lat' dir='ltr'><strong>numerum</strong></span> <span class='ocrx_word' id='word_1_789' title='bbox 2139 5526 2364 5584; x_wconf 67' lang='lat' dir='ltr'><strong>praeter-</strong></span> 
     </span>
    </p>
   </div>
   <div class='ocr_carea' id='block_1_99' title="bbox 792 5599 2363 5674">
    <p class='ocr_par' dir='ltr' id='par_1_99' title="bbox 792 5599 2363 5674">
     <span class='ocr_line' id='line_1_99' title="bbox 792 5599 2363 5674; baseline 0.006 -22"><span class='ocrx_word' id='word_1_790' title='bbox 792 5601 1134 5669; x_wconf 69' lang='lat' dir='ltr'><strong>grediuntur.</strong></span> <span class='ocrx_word' id='word_1_791' title='bbox 1169 5599 1400 5664; x_wconf 85' lang='lat' dir='ltr'><strong>Quidam</strong></span> <span class='ocrx_word' id='word_1_792' title='bbox 1430 5617 1554 5653; x_wconf 86' lang='lat' dir='ltr'><strong>vero</strong></span> <span class='ocrx_word' id='word_1_793' title='bbox 1582 5618 1704 5655; x_wconf 81' lang='lat' dir='ltr'><strong>cuni</strong></span> <span class='ocrx_word' id='word_1_794' title='bbox 1739 5619 1844 5656; x_wconf 89' lang='lat' dir='ltr'><strong>non</strong></span> <span class='ocrx_word' id='word_1_795' title='bbox 1869 5607 2161 5674; x_wconf 76' lang='lat' dir='ltr'><strong>attingunt,</strong></span> <span class='ocrx_word' id='word_1_796' title='bbox 2197 5623 2363 5661; x_wconf 88' lang='lat' dir='ltr'><strong>unus-</strong></span> 
     </span>
    </p>
   </div>
   <div class='ocr_carea' id='block_1_100' title="bbox 790 5689 2363 5765">
    <p class='ocr_par' dir='ltr' id='par_1_100' title="bbox 790 5689 2363 5765">
     <span class='ocr_line' id='line_1_100' title="bbox 790 5689 2363 5765; baseline 0.007 -25"><span class='ocrx_word' id='word_1_797' title='bbox 790 5693 1021 5758; x_wconf 80' lang='lat' dir='ltr'><strong>quisque</strong></span> <span class='ocrx_word' id='word_1_798' title='bbox 1053 5706 1152 5757; x_wconf 68' lang='lat' dir='ltr'><strong>pro</strong></span> <span class='ocrx_word' id='word_1_799' title='bbox 1184 5689 1394 5744; x_wconf 87' lang='lat' dir='ltr'><strong>viribus</strong></span> <span class='ocrx_word' id='word_1_800' title='bbox 1424 5702 1476 5743; x_wconf 82' lang='lat' dir='ltr'><strong>et</strong></span> <span class='ocrx_word' id='word_1_801' title='bbox 1515 5692 1807 5748; x_wconf 87' lang='lat' dir='ltr'><strong>voluntate.</strong></span> <span class='ocrx_word' id='word_1_802' title='bbox 1845 5695 1910 5746; x_wconf 85' lang='lat' dir='ltr'><strong>Et</strong></span> <span class='ocrx_word' id='word_1_803' title='bbox 1941 5708 1993 5747; x_wconf 91' lang='lat' dir='ltr'><strong>tu</strong></span> <span class='ocrx_word' id='word_1_804' title='bbox 2040 5699 2202 5765; x_wconf 80' lang='lat' dir='ltr'><strong>igitur</strong></span> <span class='ocrx_word' id='word_1_805' title='bbox 2259 5701 2363 5763; x_wconf 80' lang='lat' dir='ltr'><strong>fac,</strong></span> 
     </span>
    </p>
   </div>
   <div class='ocr_carea' id='block_1_101' title="bbox 794 5780 2362 5858">
    <p class='ocr_par' dir='ltr' id='par_1_101' title="bbox 794 5780 2362 5858">
     <span class='ocr_line' id='line_1_101' title="bbox 794 5780 2362 5858; baseline 0.007 -26"><span class='ocrx_word' id='word_1_806' title='bbox 794 5789 954 5847; x_wconf 90' lang='lat' dir='ltr'><strong>prout</strong></span> <span class='ocrx_word' id='word_1_807' title='bbox 992 5780 1214 5834; x_wconf 84' lang='lat' dir='ltr'><strong>valebis.</strong></span> <span class='ocrx_word' id='word_1_808' title='bbox 1255 5781 1358 5836; x_wconf 89' lang='lat' dir='ltr'><strong>Sed</strong></span> <span class='ocrx_word' id='word_1_809' title='bbox 1389 5791 1571 5837; x_wconf 86' lang='lat' dir='ltr'><strong>tamen</strong></span> <span class='ocrx_word' id='word_1_810' title='bbox 1632 5800 1758 5839; x_wconf 85' lang='lat' dir='ltr'><strong>vere</strong></span> <span class='ocrx_word' id='word_1_811' title='bbox 1806 5786 1997 5840; x_wconf 81' lang='lat' dir='ltr'><strong>beatus</strong></span> <span class='ocrx_word' id='word_1_812' title='bbox 2049 5799 2131 5841; x_wconf 91' lang='lat' dir='ltr'><strong>est</strong></span> <span class='ocrx_word' id='word_1_813' title='bbox 2170 5791 2261 5858; x_wconf 92' lang='lat' dir='ltr'><strong>qui</strong></span> <span class='ocrx_word' id='word_1_814' title='bbox 2310 5792 2362 5843; x_wconf 94' lang='lat' dir='ltr'><strong>in</strong></span> 
     </span>
    </p>
   </div>
   <div class='ocr_carea' id='block_1_102' title="bbox 794 5868 2359 5939">
    <p class='ocr_par' dir='ltr' id='par_1_102' title="bbox 794 5868 2359 5939">
     <span class='ocr_line' id='line_1_102' title="bbox 794 5868 2359 5939; baseline 0.007 -18"><span class='ocrx_word' id='word_1_815' title='bbox 794 5868 1049 5924; x_wconf 77' lang='lat' dir='ltr'><strong>omnibus</strong></span> <span class='ocrx_word' id='word_1_816' title='bbox 1083 5884 1201 5939; x_wconf 74' lang='lat' dir='ltr'><strong>qua:</strong></span> <span class='ocrx_word' id='word_1_817' title='bbox 1233 5869 1532 5926; x_wconf 85' lang='lat' dir='ltr'><strong>secundum</strong></span> <span class='ocrx_word' id='word_1_818' title='bbox 1569 5873 1732 5929; x_wconf 88' lang='lat' dir='ltr'><strong>Deum</strong></span> <span class='ocrx_word' id='word_1_819' title='bbox 1770 5887 1896 5931; x_wconf 89' lang='lat' dir='ltr'><strong>sunt</strong></span> <span class='ocrx_word' id='word_1_820' title='bbox 1931 5879 2030 5932; x_wconf 85' lang='lat' dir='ltr'><strong>sibi</strong></span> <span class='ocrx_word' id='word_1_821' title='bbox 2077 5879 2177 5933; x_wconf 65' lang='lat' dir='ltr'><strong>vim</strong></span> <span class='ocrx_word' id='word_1_822' title='bbox 2213 5883 2359 5934; x_wconf 87' lang='lat' dir='ltr'><strong>intu-</strong></span> 
     </span>
    </p>
   </div>
   <div class='ocr_carea' id='block_1_103' title="bbox 3767 4617 3792 4654">
    <p class='ocr_par' dir='ltr' id='par_1_103' title="bbox 3767 4617 3792 4654">
     <span class='ocr_line' id='line_1_103' title="bbox 3767 4617 3792 4654; baseline 0 0"><span class='ocrx_word' id='word_1_823' title='bbox 3767 4617 3792 4654; x_wconf 70' lang='grc' dir='ltr'>ι.</span> 
     </span>
    </p>
   </div>
   <div class='ocr_carea' id='block_1_104' title="bbox 2463 4675 4049 4754">
    <p class='ocr_par' dir='ltr' id='par_1_104' title="bbox 2463 4675 4049 4754">
     <span class='ocr_line' id='line_1_104' title="bbox 2463 4675 4049 4754; baseline -0.006 -17"><span class='ocrx_word' id='word_1_824' title='bbox 2463 4687 2602 4754; x_wconf 75' lang='grc' dir='ltr'>Περὶ</span> <span class='ocrx_word' id='word_1_825' title='bbox 2641 4685 2748 4754; x_wconf 84' lang='grc' dir='ltr'><strong>τῆς</strong></span> <span class='ocrx_word' id='word_1_826' title='bbox 2799 4685 2949 4741; x_wconf 83' lang='grc' dir='ltr'>κατὰ</span> <span class='ocrx_word' id='word_1_827' title='bbox 2992 4686 3059 4740; x_wconf 81' lang='grc' dir='ltr'>τὸ</span> <span class='ocrx_word' id='word_1_828' title='bbox 3115 4683 3495 4752; x_wconf 75' lang='grc' dir='ltr'>νυχθήμερον</span> <span class='ocrx_word' id='word_1_829' title='bbox 3553 4675 3890 4744; x_wconf 77' lang='grc' dir='ltr'>ποσότητος</span> <span class='ocrx_word' id='word_1_830' title='bbox 3924 4677 4049 4729; x_wconf 76' lang='grc' dir='ltr'>τῶι·</span> 
     </span>
    </p>
   </div>
   <div class='ocr_carea' id='block_1_105' title="bbox 3028 4754 3452 4826">
    <p class='ocr_par' dir='ltr' id='par_1_105' title="bbox 3028 4754 3452 4826">
     <span class='ocr_line' id='line_1_105' title="bbox 3028 4754 3452 4826; baseline -0.012 -17"><span class='ocrx_word' id='word_1_831' title='bbox 3028 4754 3452 4826; x_wconf 73' lang='grc' dir='ltr'>γονυκλισιῶν.</span> 
     </span>
    </p>
   </div>
   <div class='ocr_carea' id='block_1_106' title="bbox 2532 4885 4045 4959">
    <p class='ocr_par' dir='ltr' id='par_1_106' title="bbox 2532 4885 4045 4959">
     <span class='ocr_line' id='line_1_106' title="bbox 2532 4885 4045 4959; baseline -0.004 -19"><span class='ocrx_word' id='word_1_832' title='bbox 2532 4889 2629 4943; x_wconf 87' lang='grc' dir='ltr'>λθ⁹.</span> <span class='ocrx_word' id='word_1_833' title='bbox 2663 4889 2797 4959; x_wconf 77' lang='grc' dir='ltr'>Περὶ</span> <span class='ocrx_word' id='word_1_834' title='bbox 2824 4888 2880 4941; x_wconf 74' lang='grc' dir='ltr'>δέ</span> <span class='ocrx_word' id='word_1_835' title='bbox 2913 4905 2975 4955; x_wconf 90' lang='grc' dir='ltr'><strong>γε</strong></span> <span class='ocrx_word' id='word_1_836' title='bbox 3027 4887 3326 4957; x_wconf 83' lang='grc' dir='ltr'>ποσότητος</span> <span class='ocrx_word' id='word_1_837' title='bbox 3372 4885 3729 4954; x_wconf 85' lang='grc' dir='ltr'>γονυκλισιῶν</span> <span class='ocrx_word' id='word_1_838' title='bbox 3756 4921 3771 4946; x_wconf 85' lang='grc'><strong>,</strong></span> <span class='ocrx_word' id='word_1_839' title='bbox 3815 4901 4045 4952; x_wconf 84' lang='grc' dir='ltr'>τριακο-</span> 
     </span>
    </p>
   </div>
   <div class='ocr_carea' id='block_1_107' title="bbox 2465 4977 4047 5051">
    <p class='ocr_par' dir='ltr' id='par_1_107' title="bbox 2465 4977 4047 5051">
     <span class='ocr_line' id='line_1_107' title="bbox 2465 4977 4047 5051; baseline -0.003 -18"><span class='ocrx_word' id='word_1_840' title='bbox 2465 4981 2586 5044; x_wconf 87' lang='grc' dir='ltr'>σίας</span> <span class='ocrx_word' id='word_1_841' title='bbox 2612 4982 2770 5050; x_wconf 83' lang='grc' dir='ltr'>ἴσμεν</span> <span class='ocrx_word' id='word_1_842' title='bbox 2793 4983 2870 5051; x_wconf 84' lang='grc' dir='ltr'><strong>τῷ</strong></span> <span class='ocrx_word' id='word_1_843' title='bbox 2887 4979 3126 5050; x_wconf 82' lang='grc' dir='ltr'>ἀριθμῷ,</span> <span class='ocrx_word' id='word_1_844' title='bbox 3153 4979 3252 5042; x_wconf 71' lang='grc' dir='ltr'>τᾶς</span> <span class='ocrx_word' id='word_1_845' title='bbox 3276 4981 3390 5041; x_wconf 82' lang='grc' dir='ltr'>τοῖς</span> <span class='ocrx_word' id='word_1_846' title='bbox 3415 4979 3578 5041; x_wconf 86' lang='grc' dir='ltr'>θείοις</span> <span class='ocrx_word' id='word_1_847' title='bbox 3605 4978 3764 5048; x_wconf 80' lang='grc' dir='ltr'>ήμῶν</span> <span class='ocrx_word' id='word_1_848' title='bbox 3795 4977 4047 5046; x_wconf 83' lang='grc' dir='ltr'>Πατράσι</span> 
     </span>
    </p>
   </div>
   <div class='ocr_carea' id='block_1_108' title="bbox 2463 5068 4044 5142">
    <p class='ocr_par' dir='ltr' id='par_1_108' title="bbox 2463 5068 4044 5142">
     <span class='ocr_line' id='line_1_108' title="bbox 2463 5068 4044 5142; baseline -0.004 -18"><span class='ocrx_word' id='word_1_849' title='bbox 2463 5073 2847 5142; x_wconf 77' lang='grc' dir='ltr'>διωρισμένας,</span> <span class='ocrx_word' id='word_1_850' title='bbox 2889 5074 2954 5134; x_wconf 83' lang='grc' dir='ltr'>ἂς</span> <span class='ocrx_word' id='word_1_851' title='bbox 2987 5073 3081 5124; x_wconf 71' lang='grc' dir='ltr'>καὶ</span> <span class='ocrx_word' id='word_1_852' title='bbox 3109 5069 3398 5138; x_wconf 73' lang='grc' dir='ltr'>ὀφείλομεν</span> <span class='ocrx_word' id='word_1_853' title='bbox 3446 5070 3618 5121; x_wconf 80' lang='grc' dir='ltr'>ποιεῖν</span> <span class='ocrx_word' id='word_1_854' title='bbox 3650 5068 3772 5120; x_wconf 84' lang='grc' dir='ltr'>καθ’</span> <span class='ocrx_word' id='word_1_855' title='bbox 3809 5068 4044 5119; x_wconf 74' lang='grc' dir='ltr'>ἕκαστον</span> 
     </span>
    </p>
   </div>
   <div class='ocr_carea' id='block_1_109' title="bbox 2466 5147 4050 5234">
    <p class='ocr_par' dir='ltr' id='par_1_109' title="bbox 2466 5147 4050 5234">
     <span class='ocr_line' id='line_1_109' title="bbox 2466 5147 4050 5234; baseline -0.004 -18"><span class='ocrx_word' id='word_1_856' title='bbox 2466 5147 2806 5234; x_wconf 77' lang='grc' dir='ltr'>νυχθήμερον</span> <span class='ocrx_word' id='word_1_857' title='bbox 2860 5164 2969 5216; x_wconf 83' lang='grc' dir='ltr'><strong>τῶν</strong></span> <span class='ocrx_word' id='word_1_858' title='bbox 3000 5163 3099 5232; x_wconf 89' lang='grc' dir='ltr'><strong>τῆς</strong></span> <span class='ocrx_word' id='word_1_859' title='bbox 3137 5161 3433 5228; x_wconf 74' lang='grc' dir='ltr'>ἑϐδομάδος</span> <span class='ocrx_word' id='word_1_860' title='bbox 3469 5160 3632 5212; x_wconf 84' lang='grc' dir='ltr'>πέντε</span> <span class='ocrx_word' id='word_1_861' title='bbox 3663 5159 3885 5229; x_wconf 81' lang='grc' dir='ltr'>ἡμερῶν</span> <span class='ocrx_word' id='word_1_862' title='bbox 3907 5176 3919 5186; x_wconf 93' lang='grc'>·</span> <span class='ocrx_word' id='word_1_863' title='bbox 3951 5159 4050 5210; x_wconf 72' lang='grc' dir='ltr'>καὶ</span> 
     </span>
    </p>
   </div>
   <div class='ocr_carea' id='block_1_110' title="bbox 2465 5252 4049 5328">
    <p class='ocr_par' dir='ltr' id='par_1_110' title="bbox 2465 5252 4049 5328">
     <span class='ocr_line' id='line_1_110' title="bbox 2465 5252 4049 5328; baseline -0.004 -18"><span class='ocrx_word' id='word_1_864' title='bbox 2465 5258 2573 5328; x_wconf 77' lang='grc' dir='ltr'><strong>γὰρ</strong></span> <span class='ocrx_word' id='word_1_865' title='bbox 2601 5262 2658 5312; x_wconf 79' lang='grc' dir='ltr'>ὲν</span> <span class='ocrx_word' id='word_1_866' title='bbox 2691 5259 2852 5311; x_wconf 77' lang='grc' dir='ltr'>παντὶ</span> <span class='ocrx_word' id='word_1_867' title='bbox 2875 5256 3159 5325; x_wconf 70' lang='grc' dir='ltr'>Σαϐϐάτῳ,</span> <span class='ocrx_word' id='word_1_868' title='bbox 3191 5254 3286 5308; x_wconf 71' lang='grc' dir='ltr'>καὶ</span> <span class='ocrx_word' id='word_1_869' title='bbox 3318 5255 3470 5326; x_wconf 79' lang='grc' dir='ltr'>πάσῃ</span> <span class='ocrx_word' id='word_1_870' title='bbox 3510 5256 3787 5324; x_wconf 77' lang='grc' dir='ltr'>Κυριακῇ,</span> <span class='ocrx_word' id='word_1_871' title='bbox 3819 5253 3909 5304; x_wconf 71' lang='grc' dir='ltr'><strong>ναὶ</strong></span> <span class='ocrx_word' id='word_1_872' title='bbox 3940 5252 4049 5320; x_wconf 73' lang='grc' dir='ltr'>μὴν</span> 
     </span>
    </p>
   </div>
   <div class='ocr_carea' id='block_1_111' title="bbox 2467 5345 4050 5417">
    <p class='ocr_par' dir='ltr' id='par_1_111' title="bbox 2467 5345 4050 5417">
     <span class='ocr_line' id='line_1_111' title="bbox 2467 5345 4050 5417; baseline -0.005 -13"><span class='ocrx_word' id='word_1_873' title='bbox 2467 5353 2561 5404; x_wconf 77' lang='grc' dir='ltr'>καὶ</span> <span class='ocrx_word' id='word_1_874' title='bbox 2591 5353 2646 5403; x_wconf 81' lang='grc' dir='ltr'>ὲν</span> <span class='ocrx_word' id='word_1_875' title='bbox 2664 5351 2851 5413; x_wconf 82' lang='grc' dir='ltr'>ἄλλαις</span> <span class='ocrx_word' id='word_1_876' title='bbox 2877 5351 2937 5414; x_wconf 79' lang='grc' dir='ltr'>ἐξ</span> <span class='ocrx_word' id='word_1_877' title='bbox 2964 5351 3119 5412; x_wconf 78' lang='grc' dir='ltr'>ἔθους</span> <span class='ocrx_word' id='word_1_878' title='bbox 3150 5347 3621 5417; x_wconf 80' lang='grc' dir='ltr'>σεσημειωμέναις</span> <span class='ocrx_word' id='word_1_879' title='bbox 3657 5346 3919 5414; x_wconf 81' lang='grc' dir='ltr'>ἡμέραις,</span> <span class='ocrx_word' id='word_1_880' title='bbox 3951 5345 4050 5396; x_wconf 77' lang='grc' dir='ltr'><strong>καὶ</strong></span> 
     </span>
    </p>
   </div>
   <div class='ocr_carea' id='block_1_112' title="bbox 2466 5436 4051 5512">
    <p class='ocr_par' dir='ltr' id='par_1_112' title="bbox 2466 5436 4051 5512">
     <span class='ocr_line' id='line_1_112' title="bbox 2466 5436 4051 5512; baseline -0.007 -17"><span class='ocrx_word' id='word_1_881' title='bbox 2466 5443 2528 5512; x_wconf 80' lang='grc' dir='ltr'>δὴ</span> <span class='ocrx_word' id='word_1_882' title='bbox 2551 5443 2643 5494; x_wconf 78' lang='grc' dir='ltr'>καὶ</span> <span class='ocrx_word' id='word_1_883' title='bbox 2669 5441 2949 5510; x_wconf 75' lang='grc' dir='ltr'>ἑϐδομάσι,</span> <span class='ocrx_word' id='word_1_884' title='bbox 2978 5440 3118 5493; x_wconf 88' lang='grc' dir='ltr'>κατά</span> <span class='ocrx_word' id='word_1_885' title='bbox 3143 5456 3295 5501; x_wconf 89' lang='grc' dir='ltr'>τινας</span> <span class='ocrx_word' id='word_1_886' title='bbox 3332 5437 3627 5507; x_wconf 75' lang='grc' dir='ltr'>μυστικοῦς</span> <span class='ocrx_word' id='word_1_887' title='bbox 3655 5436 3750 5488; x_wconf 69' lang='grc' dir='ltr'>καὶ</span> <span class='ocrx_word' id='word_1_888' title='bbox 3797 5436 4051 5502; x_wconf 74' lang='grc' dir='ltr'>ἀπορρή-</span> 
     </span>
    </p>
   </div>
   <div class='ocr_carea' id='block_1_113' title="bbox 2466 5525 4055 5601">
    <p class='ocr_par' dir='ltr' id='par_1_113' title="bbox 2466 5525 4055 5601">
     <span class='ocr_line' id='line_1_113' title="bbox 2466 5525 4055 5601; baseline -0.006 -16"><span class='ocrx_word' id='word_1_889' title='bbox 2466 5551 2591 5596; x_wconf 87' lang='grc' dir='ltr'>τους</span> <span class='ocrx_word' id='word_1_890' title='bbox 2619 5533 2833 5600; x_wconf 80' lang='grc' dir='ltr'>λόγους,</span> <span class='ocrx_word' id='word_1_891' title='bbox 2863 5531 3057 5601; x_wconf 80' lang='grc' dir='ltr'>σχολὴν</span> <span class='ocrx_word' id='word_1_892' title='bbox 3079 5532 3286 5583; x_wconf 87' lang='grc' dir='ltr'>τούτων</span> <span class='ocrx_word' id='word_1_893' title='bbox 3316 5531 3476 5596; x_wconf 80' lang='grc' dir='ltr'>ἄγειν</span> <span class='ocrx_word' id='word_1_894' title='bbox 3500 5525 3888 5594; x_wconf 76' lang='grc' dir='ltr'>ὲντετάλμεθα.</span> <span class='ocrx_word' id='word_1_895' title='bbox 3927 5525 4055 5577; x_wconf 79' lang='grc' dir='ltr'>Εἰσὶ</span> 
     </span>
    </p>
   </div>
   <div class='ocr_carea' id='block_1_114' title="bbox 2470 5615 4049 5694">
    <p class='ocr_par' dir='ltr' id='par_1_114' title="bbox 2470 5615 4049 5694">
     <span class='ocr_line' id='line_1_114' title="bbox 2470 5615 4049 5694; baseline -0.006 -16"><span class='ocrx_word' id='word_1_896' title='bbox 2470 5628 2653 5694; x_wconf 77' lang='grc' dir='ltr'>μέντοι</span> <span class='ocrx_word' id='word_1_897' title='bbox 2709 5625 2856 5685; x_wconf 82' lang='grc' dir='ltr'>τινὲς</span> <span class='ocrx_word' id='word_1_898' title='bbox 2925 5621 3345 5693; x_wconf 78' lang='grc' dir='ltr'>ὑπερϐαίνοντες</span> <span class='ocrx_word' id='word_1_899' title='bbox 3392 5618 3582 5671; x_wconf 77' lang='grc' dir='ltr'>τοῦτον</span> <span class='ocrx_word' id='word_1_900' title='bbox 3637 5619 3727 5670; x_wconf 70' lang='grc' dir='ltr'>τὸν</span> <span class='ocrx_word' id='word_1_901' title='bbox 3786 5615 4049 5685; x_wconf 76' lang='grc' dir='ltr'>ἀριθμόν.</span> 
     </span>
    </p>
   </div>
   <div class='ocr_carea' id='block_1_115' title="bbox 2472 5707 4054 5782">
    <p class='ocr_par' dir='ltr' id='par_1_115' title="bbox 2472 5707 4054 5782">
     <span class='ocr_line' id='line_1_115' title="bbox 2472 5707 4054 5782; baseline -0.004 -14"><span class='ocrx_word' id='word_1_902' title='bbox 2472 5719 2643 5769; x_wconf 84' lang='grc' dir='ltr'>Ἔνιοι</span> <span class='ocrx_word' id='word_1_903' title='bbox 2687 5716 2744 5768; x_wconf 85' lang='grc' dir='ltr'>δὲ</span> <span class='ocrx_word' id='word_1_904' title='bbox 2798 5716 2892 5768; x_wconf 76' lang='grc' dir='ltr'>καὶ</span> <span class='ocrx_word' id='word_1_905' title='bbox 2955 5712 3354 5782; x_wconf 75' lang='grc' dir='ltr'>ὑστερίζοντες,</span> <span class='ocrx_word' id='word_1_906' title='bbox 3411 5711 3644 5773; x_wconf 71' lang='grc' dir='ltr'>ἕκαστος</span> <span class='ocrx_word' id='word_1_907' title='bbox 3699 5707 3887 5770; x_wconf 82' lang='grc' dir='ltr'>καθὼς</span> <span class='ocrx_word' id='word_1_908' title='bbox 3935 5709 4054 5778; x_wconf 71' lang='grc' dir='ltr'>ἔχει</span> 
     </span>
    </p>
   </div>
   <div class='ocr_carea' id='block_1_116' title="bbox 2471 5799 4056 5875">
    <p class='ocr_par' dir='ltr' id='par_1_116' title="bbox 2471 5799 4056 5875">
     <span class='ocr_line' id='line_1_116' title="bbox 2471 5799 4056 5875; baseline -0.005 -17"><span class='ocrx_word' id='word_1_909' title='bbox 2471 5806 2670 5874; x_wconf 83' lang='grc' dir='ltr'>ἰσχύος,</span> <span class='ocrx_word' id='word_1_910' title='bbox 2703 5806 2735 5874; x_wconf 81' lang='grc' dir='ltr'>ἢ</span> <span class='ocrx_word' id='word_1_911' title='bbox 2763 5805 3153 5875; x_wconf 79' lang='grc' dir='ltr'>προαιρέσεως.</span> <span class='ocrx_word' id='word_1_912' title='bbox 3189 5803 3298 5855; x_wconf 73' lang='lat' dir='ltr'><strong>Kal.</strong></span> <span class='ocrx_word' id='word_1_913' title='bbox 3329 5802 3392 5853; x_wconf 79' lang='grc' dir='ltr'>σὺ</span> <span class='ocrx_word' id='word_1_914' title='bbox 3424 5801 3603 5854; x_wconf 83' lang='grc' dir='ltr'>τοίνυν</span> <span class='ocrx_word' id='word_1_915' title='bbox 3634 5799 3777 5851; x_wconf 83' lang='grc' dir='ltr'>ποίει</span> <span class='ocrx_word' id='word_1_916' title='bbox 3811 5816 4056 5851; x_wconf 73' lang='grc' dir='ltr'>τοκατα-</span> 
     </span>
    </p>
   </div>
   <div class='ocr_carea' id='block_1_117' title="bbox 2468 5890 4052 5967">
    <p class='ocr_par' dir='ltr' id='par_1_117' title="bbox 2468 5890 4052 5967">
     <span class='ocr_line' id='line_1_117' title="bbox 2468 5890 4052 5967; baseline -0.006 -18"><span class='ocrx_word' id='word_1_917' title='bbox 2468 5897 2695 5964; x_wconf 80' lang='grc' dir='ltr'>δύναμιν</span> <span class='ocrx_word' id='word_1_918' title='bbox 2713 5914 2724 5924; x_wconf 68' lang='grc' dir='ltr'><strong>ο</strong></span> <span class='ocrx_word' id='word_1_919' title='bbox 2752 5897 2944 5967; x_wconf 83' lang='grc' dir='ltr'>μενοῦν</span> <span class='ocrx_word' id='word_1_920' title='bbox 2966 5913 3027 5964; x_wconf 87' lang='grc' dir='ltr'><strong>γε</strong></span> <span class='ocrx_word' id='word_1_921' title='bbox 3063 5896 3332 5966; x_wconf 77' lang='grc' dir='ltr'>μακάριος</span> <span class='ocrx_word' id='word_1_922' title='bbox 3362 5893 3438 5963; x_wconf 79' lang='grc' dir='ltr'>τῷ</span> <span class='ocrx_word' id='word_1_923' title='bbox 3457 5892 3592 5956; x_wconf 80' lang='grc' dir='ltr'>δντι,</span> <span class='ocrx_word' id='word_1_924' title='bbox 3617 5893 3712 5943; x_wconf 65' lang='grc' dir='ltr'><strong>καὶ</strong></span> <span class='ocrx_word' id='word_1_925' title='bbox 3732 5890 3894 5942; x_wconf 83' lang='grc' dir='ltr'>τοῦτο</span> <span class='ocrx_word' id='word_1_926' title='bbox 3920 5892 4052 5941; x_wconf 80' lang='grc' dir='ltr'>πολ-</span> 
     </span>
    </p>
   </div>
  </div>
