4278 6442
745 399 839 459 731

1589 401 1930 461 CALLISTI
1995 399 2089 457 ET
2136 396 2430 457 ll'iNATll
2476 393 3159 456 X.\.\'l‘llOPULORU.\l

3882 395 3983 457 732

749 520 1017 578 dinantes,
1047 513 1353 568 columnam
1390 511 1653 567 orationis
1674 515 2067 566 annuntiavere
2092 549 2106 573 ,
2164 520 2217 563 et
2256 510 2319 563 iis
2348 510 2438 569 Ar.

2296 524 2319 562 ε
2348 510 2518 573 Ara,"
2555 514 2643 565 va).
2681 513 2788 583 μὴν
2822 515 2916 565 καὶ
2945 512 3031 564 διά
3070 529 3129 577 γε
3158 512 3323 580 τριῶν
3356 513 3713 580 ἀξιοπίστων,
3744 516 3985 568 ταπολλά

749 608 841 675 qni
871 609 1018 673 ipsos
1034 607 1203 661 secuti
1231 614 1359 661 sunt
1380 606 1835 661 commendavere
1859 616 1917 660 ut
1940 607 2128 660 eodem
2158 606 2318 659 modo

748 716 865 752 eam
902 711 1170 767 occupent
1204 709 1256 754 ct
1287 712 1521 754 servent.
1562 698 1692 754 Vide
1720 700 1883 770 igitur
1917 712 1970 756 et
1993 702 2240 756 ordinem
2268 710 2322 754 et

750 794 1199 860 consequentiam
1227 808 1348 862 qua!
1386 794 1614 846 mullum
1660 810 1781 847 eum
1813 794 2001 849 divina
2056 796 2318 864 sapientia

747 890 967 939 eminet.
1026 884 1176 939 Unus
1228 886 1447 954 quidem
1504 886 1637 940 dicit
1709 886 1906 953 Iesum,
1956 888 2093 942 alter
2137 899 2318 942 autem

744 977 924 1030 Jesum
959 976 1249 1042 Christum,
1280 979 1472 1030 tertius
1496 994 1643 1040 vero,
1668 977 1938 1033 Christum
1966 976 2165 1032 Filium
2194 979 2318 1041 Dei,

748 1081 836 1121 tan
862 1086 1006 1137 luam
1042 1073 1086 1125 si
1132 1086 1271 1123 unus
1298 1071 1462 1123 alium
1490 1080 1817 1139 sequeretur
1866 1082 1920 1125 et
1954 1073 2097 1125 inter
2130 1088 2189 1126 se
2218 1074 2319 1127 ad-

749 1163 1017 1216 laa'rt-rent
1060 1164 1350 1217 concordia
1402 1178 1465 1217 ac
1492 1165 1709 1220 vinculo
1754 1165 1942 1219 talium
2002 1166 2314 1223 verborum.

748 1255 946 1310 Videas
1005 1258 1148 1311 enim
1205 1274 1392 1313 eorum
1448 1276 1892 1328 unumquemque
1944 1276 2131 1315 vocem
2201 1279 2320 1331 qua:

747 1349 890 1414 apud
921 1350 1146 1403 alterum
1178 1350 1243 1403 ad
1279 1353 1437 1403 finem
1499 1360 1601 1415 est,
1642 1353 1991 1406 adhibentem
2040 1364 2201 1422 atque
2251 1355 2314 1405 ad

747 1438 964 1490 tertium
988 1439 1057 1491 ita
1085 1454 1198 1492 rem
1225 1454 1281 1493 se
1302 1441 1613 1494 habentem.
1668 1441 1924 1512 Idemque
1948 1444 2013 1499 de
2041 1445 2318 1497 additionc

747 1532 922 1583 sancti
963 1530 1197 1600 Spiritus
1225 1533 1449 1588 videbis.
1477 1532 1699 1590 Dicente
1730 1536 1872 1589 enim
1904 1537 2065 1591 beato
2104 1538 2271 1591 Paulo
2302 1557 2315 1593 :

751 1641 771 1675 ι
815 1624 982 1677 Nemo
1002 1634 1177 1693 potest
1208 1626 1389 1680 dicere
1411 1627 1698 1682 Dominum
1723 1628 1930 1691 Jesutn,
1976 1632 2079 1686 nisi
2114 1633 2165 1684 in
2196 1631 2318 1699 Spi-

746 1714 851 1768 ritu
882 1725 1108 1781 sancto;
1164 1735 1182 1768 ι
1222 1717 1411 1773 ultimo
1440 1721 1571 1773 'hoc
1613 1720 1802 1785 verbo,
1860 1736 2053 1791 nempe
2114 1722 2316 1792 Spiritu

743 1818 954 1870 sancto,
990 1809 1040 1861 in
1069 1809 1225 1863 initio
1268 1827 1399 1864 usus
1428 1820 1509 1865 est
1531 1811 1621 1867 ille
1666 1813 1759 1881 qui
1804 1815 2028 1867 tonitrui
2083 1817 2314 1872 similem

743 1916 931 1955 vocem
955 1904 1113 1956 habet
1143 1901 1402 1967 Joannes,
1434 1905 1655 1959 dicens:
1692 1925 1708 1958 ι
1735 1905 1925 1962 Omnis
1951 1908 2187 1979 Spiritus
2221 1912 2315 1980 qui
2353 1868 2395 1924 Β

741 1994 1033 2047 confitetur
1085 1993 1270 2049 Iesum
1322 1996 1601 2051 Christum
1666 1999 1718 2069 in
1766 2014 1931 2054 carne
1981 2001 2215 2066 venisse,
2248 2018 2316 2056 ex

741 2086 854 2139 Deo
888 2095 991 2140 est.
1024 2104 1042 2137 ι
1075 2086 1197 2143 llaec
1219 2098 1399 2143 autem
1433 2091 1689 2146 omnibus
1734 2108 2170 2162 prmposuerunt,
2204 2112 2312 2150 non

743 2189 936 2247 sponte
955 2197 1100 2235 neca
1136 2181 1351 2250 seipsis,
1388 2184 1483 2237 sed
1509 2184 1843 2239 sanctissimi
1883 2184 2120 2255 Spiritus
2150 2204 2311 2242 manu

741 2270 914 2325 ducti.
976 2272 1183 2326 Etenim
1237 2274 1407 2328 divini
1462 2273 1605 2328 Petri
1669 2276 1946 2331 confessio
2001 2280 2052 2332 in
2112 2278 2313 2349 Spiritu

745 2372 935 2416 sancto
968 2380 1060 2431 per
1107 2366 1492 2419 revelationem
1526 2366 1663 2421 facta
1702 2382 1805 2423 ρει.
1833 2387 1851 2420 ι
1911 2371 2103 2424 Omnia
2145 2372 2313 2435 enim,

749 2456 945 2522 inquit,
977 2466 1233 2524 operatur
1286 2475 1423 2513 unus
1460 2468 1513 2513 et
1564 2461 1703 2515 idem
1748 2458 2005 2531 Spiritus,
2062 2464 2314 2517 dividens

745 2549 974 2615 singulis
1010 2560 1171 2616 prout
1214 2550 1328 2603 vult
1356 2552 1418 2605 ".
1458 2573 1474 2604 ι
1513 2551 1688 2622 Atque
1714 2554 1783 2607 ita
1843 2555 2007 2624 igitur
2038 2557 2314 2611 adhibitus

745 2642 1090 2696 οιίιιίιιειιειιιε
1123 2646 1349 2699 vivificte
1407 2647 1674 2701 orationis
1713 2648 1857 2701 funis
1908 2649 2315 2717 sapientissime

745 2747 806 2782 ac
829 2734 1145 2788 doctissime
1168 2745 1453 2791 contextus
1507 2747 1557 2790 et
1607 2746 1870 2792 consutus
1894 2750 1976 2792 est
2020 2748 2071 2793 et
2093 2740 2157 2793 ad
2214 2754 2315 2794 nos

746 2836 921 2888 usque
974 2824 1219 2890 pervenit
1269 2826 1516 2880 eumdem
1565 2842 1791 2881 servans
1856 2831 2101 2884 modum.
2138 2828 2314 2899 Hujus

744 2912 910 2978 igitur
935 2913 1102 2979 vocis,
1138 2918 1379 2970 miserere
1416 2918 1537 2981 mei,
1566 2919 1919 2981 auditionem,
1981 2920 2073 2989 qui
2122 2921 2317 2975 deinde

743 3006 913 3059 secuti
946 3016 1094 3071 sunt,
1139 3006 1349 3073 Patres,
1389 3010 1472 3063 his
1504 3011 1840 3066 salutaribus
1866 3012 2071 3073 verbis,
2117 3028 2315 3084 nempe

742 3099 964 3152 Domine
988 3099 1108 3152 lem
1140 3100 1368 3165 Clarius,
1402 3101 1501 3155 Fili
1541 3104 1656 3167 Dei,
1704 3104 1953 3160 fecerunt
2010 3115 2065 3161 el.
2097 3108 2316 3162 ordina-

2404 607 2933 676 μεμαρτυρημένας,
2971 625 2989 658 ι
3028 609 3129 658 Διὰ
3164 608 3218 659 δὲ
3263 605 3455 676 τριῶν,
3496 610 3653 675 φησι,
3693 607 3988 676 μαρτύρων

2401 697 2730 766 σταθήσεται
2748 697 2856 748 πᾶν
2876 697 3051 767 ῥῆμα·
3085 716 3103 747 ι
3130 690 3277 749 οῦτοι
3307 698 3356 748 ol.
3380 697 3801 767 ούρανόερρονες,
3827 700 3906 759 είς
3929 697 3989 749 τὸ

2400 788 2461 841 ἒν
2500 789 2839 859 συνάψαντες
2891 790 3091 859 ἄριστά
3136 806 3194 840 τε
3221 791 3315 841 καὶ
3342 789 3479 858 μετὰ
3519 789 3615 842 τοῦ
3648 791 3987 855 ἐνοικοῦντος

2401 884 2584 945 αὐτοῖς
2643 883 2801 952 ἁγίου
2849 881 3168 950 Πνεῦμα-ξος
3242 881 3715 953 συναρμόσαντες,
3784 882 3986 952 στήλην

2403 974 2714 1043 προσευχῆς
2764 972 3270 1044 προσηγορεύκασι,
3333 972 3429 1025 καὶ
3477 975 3590 1034 τοῖς
3644 972 3781 1040 μετὰ
3812 973 3986 1025 ταῦτα

2404 1065 2750 1135 παρέδωκαν,
2783 1066 2925 1118 κατὰ
2959 1064 3049 1118 τὸν
3087 1066 3272 1134 ὅμοιον
3294 1065 3496 1134 τρόπον
3523 1069 3747 1136 κρατεῖν
3779 1084 3836 1119 τε
3893 1069 3987 1119 καὶ

2404 1154 2696 1220 φυλάττειν
2735 1155 2926 1224 αὑτήν.
2958 1152 3104 1223 ’Ὀρα
3157 1155 3344 1222 μέντοι
3377 1156 3469 1207 καὶ
3512 1154 3686 1220 τάξιν,
3722 1157 3818 1210 καὶ
3857 1158 3989 1209 ἀκο-

2402 1245 2621 1295 λουθίαν
2652 1244 2854 1312 σφόδρα
2888 1243 2948 1296 τὸ
2978 1242 3211 1306 ἐξαίσιον
3248 1244 3387 1312 μετά
3420 1246 3517 1315 τῆς
3544 1245 3752 1300 ἄνωθεν
3786 1250 3989 1315 σοφίας

2404 1336 2651 1403 ἔχουσανο
2696 1337 2725 1387 6
2752 1334 2852 1404 μὲν
2877 1335 2986 1404 γάρ
3009 1352 3141 1404 φησι
3170 1334 3372 1403 Κύριον
3428 1335 3660 1405 Ἰησοῦν,
3695 1340 3722 1390 6
3757 1338 3835 1403 δὲ,
3879 1340 3987 1409 ’1η-

2406 1427 2533 1477 σοῦν
2568 1427 2826 1496 Χριστὸν,
2861 1428 2888 1479 6
2913 1426 2970 1479 δὲ
3003 1426 3240 1497 Χριστὸν
3270 1427 3398 1480 Υίὸν
3444 1427 3539 1479 τοῦ
3581 1429 3716 1481 θεοῦ
3739 1445 3752 1458 °
3787 1430 3992 1484 ὡσανεί

2404 1533 2522 1580 πως
2547 1520 2574 1570 6
2595 1514 2674 1577 εἷς
2696 1518 2773 1587 τῷ
2796 1517 2967 1588 ἑτέρῳ
2985 1518 3274 1587 ἑπόμενος,
3305 1520 3400 1572 καὶ
3426 1520 3714 1591 προσεχῶς
3741 1522 3990 1593 ἀλλήλων

2404 1612 2675 1680 ἐχόμενοι,
2707 1614 2769 1680 τῇ
2818 1628 2878 1662 τε
2942 1611 3254 1683 συμφωνίᾳ,
3292 1612 3388 1665 καὶ
3437 1614 3517 1682 τῷ
3563 1614 3846 1684 συνδέσμῳ
3881 1617 3992 1669 τῶν

2407 1703 2627 1756 τοιῶνδε
2684 1704 2963 1774 θεουργῶν
3023 1704 3312 1776 ῥημάτων.
3351 1705 3511 1767 Ἴδοις
3535 1707 3647 1777 γὰρ
3688 1707 3755 1760 ἂν
3783 1707 3992 1759 τούτων

2405 1796 2637 1850 ἕκαστον
2664 1796 2724 1848 τὸ
2759 1797 2852 1849 ἐπὶ
2879 1796 3032 1859 τέλος
3080 1797 3140 1849 ὃν
3183 1795 3418 1868 θατέρῳ,
3454 1798 3529 1860 ῶς
3561 1797 3738 1869 ἀρχὴν
3761 1798 3991 1869 θάτερον

2406 1886 2517 1954 [fon
2550 1887 2805 1959 θατέρου]
2839 1889 2997 1941 τοῦτο
3036 1888 3411 1959 λαμϐάνοντα,
3458 1890 3556 1943 καὶ
3584 1889 3729 1943 οὓτω
3765 1892 3995 1962 προϐαἴο

2407 1998 2496 2034 νον
2524 1981 2654 2051 ἄχρι
2698 1981 2808 2033 τῶν
2848 1981 3037 2050 τριῶν
3073 1981 3133 2033 τὸ
3171 1981 3217 2033 δ’
3259 1982 3393 2035 αὐτὸ
3453 1982 3556 2036 κάν
3590 1985 3656 2054 τῇ
3699 1982 3991 2053 προσθήκη

2405 2074 2501 2140 τῆς
2530 2073 2623 2125 τοῦ
2662 2072 2977 2142 Πνεύματος
3003 2073 3279 2144 σημασίας
3309 2074 3525 2143 ἑπόψει·
3551 2075 3839 2146 εἰρηκότος
3872 2076 3983 2147 γάρ

2403 2164 2498 2218 τοῦ
2532 2166 2802 2237 μακαρίου
2840 2166 3057 2220 Παύλου
3107 2170 3188 2230 τὸ,
3229 2186 3246 2219 ι
3295 2167 3484 2232 Οὐδεὶς
3533 2167 3760 2222 δύναται
3810 2172 3993 2222 εἰπεῖν

2406 2257 2611 2327 Κύριον
2644 2258 2874 2328 Ἰησοῦν,
2903 2260 2952 2312 εί
3007 2259 3082 2331 μὴ
3122 2261 3180 2313 ὲν
3225 2260 3505 2331 Πνεύματι
3538 2261 3713 2332 ἁγίῳ·
3760 2282 3778 2314 ι
3817 2262 3994 2331 τούτῳ

2404 2349 2468 2421 δὴ
2498 2350 2573 2420 τῷ
2606 2351 2697 2403 ἐπὶ
2724 2351 2910 2414 τέλους
2936 2354 3192 2423 κειμένῳ,
3219 2356 3279 2406 τὸ
3304 2355 3529 2421 Πνεῦμα
3559 2354 3620 2406 τὸ
3646 2354 3800 2422 ἅγιον
3837 2355 3993 2421 λέγοι

2408 2459 2530 2512 μεν,
2565 2444 2706 2514 ἀρχῇ
2764 2444 3030 2513 κέχρηται
3086 2447 3114 2497 6
3163 2444 3538 2516 βροντόφωνος
3595 2445 3853 2516 Ἰωάννης
3910 2448 3989 2498 εἰς

2404 2537 2522 2589 πὼν
2550 2554 2564 2569 ·
2632 2556 2649 2588 ι
2696 2537 2811 2589 Πᾶν
2864 2538 3085 2607 πνεῦμα
3126 2536 3154 2589 ὃ
3200 2536 3467 2607 ’ὁμολογεῖ
3506 2537 3712 2607 Ἰησοῦν
3748 2540 3989 2608 Χριστὸν

2404 2632 2707 2703 ἐληλυθότα
2742 2635 2799 2685 ἐν
2847 2635 3033 2703 σαρκὶ,
3064 2635 3126 2685 ἐκ
3184 2633 3276 2685 τοῦ
3308 2632 3445 2686 Θεοῦ
3488 2635 3626 2697 ἔστι,
3666 2652 3683 2684 ι
3715 2634 3892 2687 ταῦτα
3925 2634 3982 2686 δὲ

2405 2724 2727 2795 προῦθηκαν
2777 2725 3004 2790 ἅπασιν,
3056 2724 3155 2777 οὐκ
3196 2724 3409 2777 οἴκοθεν
3460 2726 3554 2778 καὶ
3580 2728 3712 2796 παρ’
3747 2727 3986 2789 ἑαυτῶν,

2404 2817 2539 2871 ἀλλὰ
2572 2822 2636 2888 τῇ
2666 2816 2759 2871 τοῦ
2792 2815 3061 2885 παναγίου
3107 2816 3334 2887 παλάμῃ
3391 2818 3703 2888 κινούμενοι
3727 2819 3988 2889 Πνεῦμα-

2404 2928 2513 2975 τος·
2544 2912 2636 2970 καὶ
2700 2911 2808 2980 γάρ
2854 2912 2889 2981 ή
2936 2910 3031 2963 τοῦ
3076 2910 3353 2963 θειοτάτου
3394 2911 3599 2981 Πέτρου
3653 2912 3725 2964 δι’
3765 2914 3984 2965 ἀποκα-

2405 3003 2616 3073 λύψεως
2664 3002 2925 3073 ὁμολογία
2976 3002 3038 3056 ὲν
3095 3002 3376 3071 Πνεύματι
3437 3003 3579 3073 ἁγίῳ
3630 3005 3776 3056 ἐστὶν
3836 3007 3987 3075 ἐνερ-

2405 3097 2668 3167 γιυμένη·
2710 3115 2727 3148 t
2754 3096 2937 3150 Πάντα
2968 3094 3097 3165 γὰρ,
3138 3096 3323 3165 φησὶν,
3362 3097 3577 3165 ἐνεργεῖ
3596 3097 3654 3149 τὸ
3687 3097 3765 3163 ἓν,
3796 3100 3892 3151 καὶ
3927 3100 3989 3151 τὸ

742 3200 1045 3254 verunt,ae
1064 3193 1333 3263 praecipue
1379 3204 1602 3263 propter
1638 3197 1843 3265 eosqui
1900 3200 2093 3252 virtute
2137 3199 2431 3263 adhucC‘l

2297 3188 2537 3263 εοαύτὸ
2571 3187 2793 3257 Πνεῦμα
2823 3186 3068 3258 διαιροῦν
3119 3185 3225 3257 ίδίᾳ
3281 3187 3515 3257 ἑκάστῳ,
3561 3186 3746 3251 καθὼς
3794 3188 3986 3258 βούλε-

744 3281 982 3337 infantes
1030 3293 1177 3348 sunt,
1233 3286 1552 3354 incipientes
1595 3302 1787 3357 nempe
1832 3295 1888 3343 et
1936 3289 2311 3358 imperfectos.

743 3376 845 3437 Qui
874 3376 1016 3429 enim
1052 3391 1435 3445 processerunt
1461 3395 1525 3434 ac
1557 3380 1786 3450 perfecti
1812 3390 1938 3436 sunt
1990 3382 2042 3436 in
2073 3382 2311 3446 Christo.

742 3483 837 3533 per
859 3471 1279 3537 unumquodque
1309 3486 1496 3525 eorum
1525 3475 1888 3539 oraculorum,
1930 3474 2158 3529 Domine
2188 3474 2315 3529 Jesu

742 3561 987 3625 (.hriste,
1044 3561 1141 3615 Fili
1197 3562 1310 3624 Dei,
1351 3564 1459 3617 imo
1494 3565 1788 3634 aliquando
1828 3581 1926 3635 per
1977 3568 2147 3622 solam
2187 3565 2313 3622 Jesu

743 3651 1144 3706 invocatimmn
1178 3656 1279 3706 sibi
1309 3656 1609 3721 suﬂiuiunt,
1635 3672 1867 3727 eamque
1894 3668 2152 3729 tanquam
2191 3661 2316 3713 uni-

740 3758 956 3796 versum
980 3747 1248 3800 orationis
1276 3762 1413 3813 Opus
1467 3748 1727 3803 adhibent
1777 3750 2312 3822 amplectunturque,

742 3851 838 3900 νιϊ
879 3836 1021 3887 illam
1073 3837 1329 3890 ineffabili
1373 3853 1435 3890 ac
1494 3854 1707 3893 onmem
1738 3841 1913 3893 visum
1964 3849 2017 3893 et
2068 3842 2314 3895 auditum

740 3928 1024 3995 superanti
1072 3929 1255 3982 lzt-titia
1328 3930 1624 3998 replentur.
1678 3931 1743 3986 Et
1805 3933 1883 3985 sic
1934 3932 2097 3997 igitur
2163 3943 2313 3987 extra

741 4038 964 4074 carnem
1018 4032 1071 4075 ct
1110 4022 1368 4076 mundum
1417 4034 1697 4080 versantes
1751 4025 1803 4078 hi
1842 4026 2140 4081 beatissimi
2190 4028 2315 4104 viri,

738 4113 1000 4169 sensibus
1038 4114 1314 4168 silentium
1367 4116 1711 4185 injungentes
1740 4117 1931 4173 divino
1990 4119 2134 4187 quod
2170 4120 2223 4173 in
2259 4135 2316 4174 se

741 4204 974 4265 habitat,
1005 4205 1150 4260 dono
1172 4217 1224 4260 et
1262 4212 1433 4275 gt'nlia
1471 4210 1522 4261 in
1582 4225 1827 4265 amorem
1864 4212 2312 4267 ardentissimum

740 4294 1222 4366 felicissimumque
1239 4299 1361 4351 elati
1394 4301 1727 4355 inundantur
1746 4303 2225 4370 acilluminantur,
2261 4316 2314 4360 et

742 4387 963 4454 perfecti
995 4400 1140 4453 sunt,
1172 4392 1371 4458 quippe
1397 4392 1486 4455 qui
1510 4394 2051 4461 supersusbtantialis
2095 4397 2315 4452 Deitatis

742 4482 1211 4547 supet'nttlttralcm
1249 4494 1300 4537 et
1328 4497 1585 4539 aeternam
1626 4496 1680 4540 et
1718 4487 2015 4542 increatam
2080 4492 2311 4558 gratiam

742 4584 998 4626 acrurate
1031 4576 1080 4626 in
1114 4577 1401 4627 ari-harum
1437 4586 1590 4644 parte
1614 4576 1888 4634 intuentes
1930 4578 2161 4635 obscure
2186 4590 2310 4635 tan.

741 4682 901 4733 quam
934 4668 985 4719 in
1020 4667 1265 4734 Speculo,
1322 4670 1580 4721 memoria
1646 4670 1762 4723 sola
1823 4679 1878 4724 et
1935 4666 2307 4735 meditatione,

739 4768 798 4808 ut
830 4757 1031 4809 dicutm
1061 4768 1165 4818 est,
1196 4772 1299 4811 una
1336 4766 1430 4810 aut
1456 4759 1622 4811 altera
1655 4756 1750 4813 Dei
1781 4770 1833 4814 et
1866 4760 2110 4815 ll0minis
2150 4759 2309 4816 Verbi

740 4848 1096 4917 appt'liulione
1125 4849 1384 4911 contenti,
1426 4864 1520 4917 per
1547 4853 1688 4905 hanc
1724 4850 1776 4903 in
1825 4862 2014 4919 raptus
2055 4862 2108 4905 et
2134 4854 2307 4906 scien-

742 4939 871 4991 tiam
903 4948 955 4992 et
986 4940 1374 4994 revelatiouent
1443 4922 1939 5011 attollunturpqum
1969 4944 2175 5011 absque
2226 4946 2310 4999 lo-

736 5034 958 5086 cntione
1005 5032 1055 5084 in
1100 5032 1302 5101 Spiritu
1365 5036 1740 5103 experiuntur.
1809 5036 1868 5089 ln
1908 5054 2139 5105 quorum
2196 5056 2309 5093 ma-

740 5123 995 5177 anestam
1066 5124 1473 5193 persuasionem
1513 5135 1565 5180 et
1599 5127 2065 5182 evidentissimatn
2126 5130 2306 5197 fidem,

736 5219 1092 5272 dulcissimus
1182 5221 1705 5291 amantissimusque
1783 5223 2043 5276 Dominus
2124 5234 2308 5304 noster

738 5311 901 5365 Jesus
962 5312 1230 5378 Christus,
1270 5312 1442 5367 Filius
1470 5310 1585 5379 Dei,
1637 5316 1793 5386 cujus
1825 5332 1981 5372 voces
2038 5328 2191 5373 actus
2256 5330 2310 5372 ct

745 5405 930 5465 verba,
954 5406 1249 5457 sectunlum
1284 5406 1457 5473 ipsum
1492 5406 1726 5475 Spiritus
1757 5419 1810 5462 et
1848 5410 1957 5463 vita
2000 5422 2125 5464 sunt
2153 5412 2310 5465 nobis

746 5494 892 5545 «lare
922 5492 1195 5560 rerelavit,
1220 5494 1439 5549 dicens:
1479 5515 1497 5547 ι
1537 5498 1668 5551 Sine
1693 5513 1776 5550 me
1804 5499 1934 5551 nihil
1977 5504 2202 5567 potestis
2232 5501 2311 5553 fa-

738 5584 980 5635 cere”.r
1018 5584 1098 5642 Et,
1130 5602 1146 5632 ι
1181 5584 1236 5636 Si
1269 5584 1397 5653 quid
1422 5586 1685 5654 petieritis
1714 5590 1768 5641 in
1799 5590 2013 5643 nomine
2042 5606 2181 5655 meo,
2212 5591 2312 5645 hoc

742 5674 937 5726 faciam
972 5673 1066 5727 ".r
1095 5673 1157 5727 Et
1189 5692 1308 5744 quae
1337 5688 1641 5746 sequuntur
1664 5694 1727 5732 ac
1749 5681 1904 5734 nobis
1938 5682 2129 5736 tradita
2164 5693 2310 5737 sunt.

816 5851 1055 5908 “onr.
1088 5869 1177 5918 λιι,
1220 5855 1270 5954 ll
1375 5857 1418 5886 "
1465 5855 1617 5910 Joan.
1681 5873 1766 5922 xv,
1830 5858 1878 5912 5.

2403 3303 2512 3339 ταιο
2540 3305 2558 3336 r
2594 3288 2687 3339 καὶ
2713 3285 2856 3338 οὓτω
2881 3284 3011 3353 γοῦν
3043 3285 3103 3337 τὸ
3137 3284 3301 3337 οἱονεὶ
3328 3283 3635 3351 ἔντριπτον,
3684 3282 3779 3331 καὶ
3811 3281 3988 3352 ἄρρη-

2404 3390 2530 3427 κτον
2558 3375 2824 3444 σπαρτίον
2851 3374 2951 3443 τῆς
2977 3372 3227 3426 θεοποιοῦ
3254 3370 3564 3443 προσευχῆς
3597 3370 3741 3439 μάλα
3768 3371 3974 3438 σοφῶς,

2404 3466 2496 3519 καὶ
2524 3465 2965 3536 ὲπιστημονικῶς
2992 3464 3291 3533 ἐξυφανθέν
3316 3482 3373 3516 τε
3403 3464 3498 3516 καὶ
3545 3463 3853 3532 σνρῤαφὲν,
3890 3465 3987 3515 καὶ

2404 3558 2898 3628 συναρμολογηθὲν,
2983 3560 3079 3611 καὶ
3144 3559 3225 3620 εἰς
3282 3556 3411 3618 τεὺς
3464 3554 3592 3607 καθ’
3650 3555 3799 3623 ἡμᾶς
3865 3554 3984 3607 δια-

2407 3650 2582 3701 ϐαίνει
2635 3650 2727 3703 τὸν
2784 3651 2898 3703 ἴσον
2960 3650 3158 3720 τρόπον
3219 3646 3579 3718 τηρούμενον.
3619 3644 3733 3713 Τῆς
3770 3645 3983 3714 μέντοι,

2412 3739 2666 3811 Ἐλέησόν
2692 3758 2780 3812 με,
2808 3740 3005 3808 λέξεως
3032 3740 3131 3813 τὴν
3155 3739 3473 3808 προσθήκην
3508 3738 3553 3790 oi
3588 3736 3822 3807 καθεξῆς
3846 3737 3983 3793 θεῖοι

2405 3850 2647 3917 Πατέρες
2680 3845 2856 3899 τοῖσδε
2918 3848 3028 3909 τοῖς
3085 3848 3183 3914 τῆς
3221 3843 3534 3913 προσευχῆς
3565 3844 3854 3912 σωτηρίοις
3884 3844 3987 3912 ρή-

2402 3956 2584 4008 μασιν,
2642 3939 2811 4008 ήγουν
2854 3935 2970 4000 τοῦ,
3030 3934 3203 4006 Κύριε
3264 3934 3445 4004 Ἰησοῦ
3493 3934 3724 4005 Χρισεὲ,
3755 3934 3855 3986 Υίὲ
3886 3934 3984 3987 τοῦ

2398 4030 2555 4095 Θεοῦ,
2600 4032 2971 4099 συνήρμοσαν,
3015 4029 3108 4081 καὶ
3139 4028 3436 4092 ἐπέταξαν,
3498 4029 3592 4080 καὶ
3650 4028 3852 4094 μᾶλλον
3896 4028 3986 4079 διὰ

2396 4122 2522 4183 τοὺς
2550 4120 2669 4174 κατ’
2692 4120 2894 4190 ἀρετὴν
2918 4120 3415 4189 νηπιωδεστέρους,
3449 4120 3616 4188 ἡγουν
3647 4120 3774 4180 τοὺς
3805 4119 3989 4189 ἀρχα-

2402 4214 2573 4284 ρίους,
2625 4213 2718 4265 καὶ
2769 4211 3002 4274 ἀτελεῖς.
3036 4212 3099 4263 0i.
3135 4212 3242 4280 γὰρ
3295 4209 3702 4280 προϐεϐηκότες
3749 4211 3847 4261 καὶ
3900 4209 3988 4261 τέ·

2398 4305 2532 4358 λειοι
2574 4302 2717 4357 κατὰ
2746 4304 3003 4372 Χριστὸν,
3033 4303 3101 4356 δι’
3152 4303 3272 4365 ὲνος
3302 4302 3536 4355 ἑκάστου
3572 4300 3682 4352 τῶν
3725 4298 3991 4352 τοιούτων

2399 4396 2685 4466 χρησμῶν,
2724 4395 2891 4464 ἤγουν
2926 4393 3042 4455 τοῦ,
3071 4393 3242 4463 Κύριε
3283 4392 3456 4462 Ἰησοῦ
3485 4391 3720 4461 Χριστὲ,
3755 4391 3854 4443 Υίὲ
3893 4390 3990 4442 τοῦ

2398 4487 2557 4551 Θεοῦ,
2591 4488 2679 4539 ναὶ
2739 4487 2846 4556 μὴν
2878 4485 2992 4537 ἐσθ’
3039 4487 3150 4549 ὅτε,
3189 4485 3283 4537 καὶ
3343 4487 3406 4537 ὲκ
3454 4484 3624 4553 μόνης
3669 4483 3767 4552 τῆς
3810 4480 3991 4552 Ἰησοῦ

2402 4576 2778 4649 προσηγορίας
2834 4574 3167 4638 ἱκανοῦνται,
3212 4575 3306 4625 καὶ
3346 4573 3420 4634 ὡς
3470 4572 3766 4640 ὁλόκληρον
3812 4572 3991 4641 ἔργα·

2400 4687 2523 4723 σιαν
2552 4669 2710 4723 τοῦτο
2739 4667 3047 4738 προσευχῆς
3075 4666 3530 4734 ὲνστερνίζονται,
3576 4664 3670 4717 καὶ
3708 4664 3991 4728 ἁσπάζονυ

2397 4778 2507 4815 ταν
2564 4757 2651 4813 οἷα
2683 4760 2747 4831 δὴ
2813 4759 2900 4812 διά
2941 4758 3151 4823 τούτου,
3198 4758 3462 4828 άῤῥήτου,
3518 4754 3611 4808 καὶ
3648 4755 3830 4807 πάντα
3864 4754 3991 4808 νοῦν

2399 4858 2493 4909 καὶ
2530 4856 2710 4909 πᾶσαν
2764 4851 2908 4922 ὄψιν,
2946 4850 3042 4904 καὶ
3104 4851 3274 4918 ἀκοὴν
3323 4846 3715 4918 ὑπερνικώσης
3769 4847 3989 4917 ἡδονῆς,

2400 4948 2492 5000 καὶ
2522 4945 2583 4998 θυ
2602 4945 2797 5016 μηδίας
2850 4942 3244 5012 πληρούμενοι.
3294 4941 3403 4991 Καὶ
3462 4939 3605 4991 οὕτω
3640 4937 3828 4991 τοίνυν
3884 4938 3993 5003 ἔξω

2402 5038 2601 5108 σαρκὸς
2655 5036 2749 5089 καὶ
2782 5034 2989 5102 κόσμου
3014 5032 3291 5100 γινόμενοι
3314 5030 3361 5081 οἱ
3390 5027 3715 5096 τρισόλϐιοι,
3746 5030 3985 5096 μύοντες

2400 5129 2497 5191 τὰς
2528 5128 2810 5197 αἰσθήσεις
2857 5127 2924 5193 τῇ
2963 5121 3248 5191 ἐνοικούσῃ
3301 5121 3488 5182 αὐτοῖς
3526 5118 3645 5189 θείᾳ
3689 5118 3873 5187 δωρεᾷ
3930 5134 3991 5169 τε

2402 5220 2497 5274 καὶ
2523 5220 2705 5289 χάριτι
2759 5215 3045 5289 βακχικῶς
3100 5230 3160 5266 τε
3197 5212 3292 5265 καὶ
3347 5211 3660 5282 μακαρίως,
3710 5208 3993 5279 ὲρωτσλη-

2402 5313 2695 5381 πτούμενοι
2756 5309 3137 5379 καθαίρονται,
3184 5306 3279 5359 καὶ
3327 5304 3679 5372 φωτίζονται.
3748 5304 3842 5357 καὶ
3896 5321 3989 5355 τε-

2402 5409 2695 5467 λειοῦνται,
2728 5407 2822 5459 ἂτε
2862 5404 2960 5474 τὴν
2992 5403 3091 5473 τῆς
3134 5400 3465 5470 ὑπερουσίου
3521 5397 3776 5467 θεότητος
3809 5399 3985 5468 ὑπερο

2404 5503 2538 5570 qui,
2572 5500 2664 5553 καὶ
2698 5499 2953 5566 ἄναρχον,
2982 5496 3075 5550 καὶ
3119 5497 3375 5549 ἄκτιστον
3416 5494 3576 5564 χάριν
3609 5492 3901 5561 ἀπαρτίως
3933 5495 3991 5543 ἐν

2404 5592 2721 5665 ἀῤῥαϐῶνος
2750 5590 2903 5659 μέρει
2927 5587 3417 5657 κατοπτριζόμενοι
3452 5584 3687 5656 ἀδήλως,
3709 5586 3776 5652 τῇ
3797 5586 3993 5654 μνήμη

2407 5685 2498 5736 καὶ
2532 5682 2691 5753 μόνῃ,
2723 5681 2813 5734 καὶ
2842 5679 2904 5750 δὴ
2938 5679 3030 5733 καὶ
3072 5677 3291 5749 μελέτῃ,
3337 5675 3411 5739 ὡς
3436 5675 3675 5745 εἴρηται,
3713 5672 3813 5742 τῆς
3860 5676 3991 5743 iui;

1959 5859 2001 5890 ³ο
2038 5860 2197 5916 Joan.
2221 5877 2334 5927 ιιί,
2365 5861 2451 5916 23.
