4278 6442
756 410 862 475 739

1603 409 1944 470 GALLISTI
2000 407 2093 468 ΕΤ
2137 406 2429 467 ΙΟΝᾹΤΙΙ
2476 408 3156 472 XAN'IHOPULORUM

3904 414 4000 481 MO

758 527 1158 585 exsistentiam.
1197 528 1256 582 Et
1309 527 1359 581 id
1388 537 1535 598 patet
1587 544 1651 582 ex
1710 528 1977 597 expositis
2012 538 2327 582 sanctorum
2363 537 2447 589 A1

2313 543 2327 580 i
2363 537 2403 589 Α
2431 547 2488 584 τε
2536 534 2629 585 καὶ
2665 533 2919 605 ὕπαρξιν.
2949 534 3056 588 Καὶ
3082 532 3239 587 τοῦτο
3268 533 3423 605 δῆλον
3443 534 3591 605 παρὰ
3618 535 3726 588 τῶν
3759 537 4002 590 ἐκτεθέν-

756 625 1018 685 oraculis,
1052 624 1369 676 dubitamus
1399 631 1581 675 autem
1614 622 1793 675 dicere
1841 636 1908 675 ex
1948 624 2062 689 ipsa
2096 622 2331 674 actione.

758 715 960 770 Eorum
992 724 1174 769 autem
1201 717 1460 768 ardorum
1511 713 2009 768 excellentissimus
2034 722 2119 767 est
2150 713 2196 767 is
2240 712 2332 782 qui

758 826 823 863 ex
848 808 1029 862 cordis
1062 807 1262 860 munda
1309 806 1555 860 oratione
1597 806 1865 875 procedit,
1898 815 1953 860 et
1984 806 2075 875 qui
2108 818 2231 858 eum
2271 818 2336 857 ea

765 903 1056 955 innascens
1088 914 1454 968 ereseensque
1484 898 1765 958 continuo,
1793 907 1846 950 et
1898 897 1950 949 in
1981 893 2338 950 substantiale

763 995 940 1046 lumen
975 1008 1099 1047 cum
1134 992 1329 1060 gaudio
1360 991 1705 1060 perveniens,
1741 990 2176 1044 substantlaliter
2212 989 2332 1044 illit-

765 1085 1027 1138 minatnm
1072 1084 1348 1137 hominem
1413 1082 1493 1137 sic
1555 1097 1615 1137 se
1667 1082 1977 1147 habentem,
2036 1080 2337 1137 secundum

767 1174 957 1230 l'atres
986 1176 1214 1245 perlicit.

872 1372 1153 1435 Quodn/int
1185 1385 1261 1425 est
1290 1374 1462 1427 cordis
1496 1373 1704 1427 ardoris
1734 1373 2031 1427 studiosum
2069 1389 2227 1443 aput.

837 1485 925 1538 iiii.
964 1487 1054 1539 ille
1089 1487 1249 1540 ardor
1298 1501 1430 1538 sane
1484 1486 1653 1554 abigit
1680 1485 1923 1538 studiose
1956 1500 2019 1540 ea
2052 1500 2174 1554 qua:
2245 1486 2344 1541 ob-

767 1587 914 1630 Stant
961 1578 1093 1643 quin
1144 1594 1273 1643 pura
1306 1577 1452 1645 prior
1477 1578 1654 1630 oratio
1688 1576 1920 1645 perfecta
1958 1592 2188 1644 prorsus
2229 1579 2343 1632 tiat.

772 1668 911 1735 Ignis
933 1683 1077 1720 enim
1107 1670 1248 1720 Ilens
1278 1680 1482 1731 uoster,
1518 1676 1570 1721 et
1608 1669 1749 1735 ignis
1780 1682 2116 1723 consumens
2144 1671 2345 1724 daemo-

773 1776 898 1817 num
938 1763 1257 1828 pravitatem
1294 1770 1348 1813 et
1400 1760 1762 1827 cupiditatum
1817 1770 2153 1817 nostrarum.
2206 1762 2347 1817 Dicit

773 1853 914 1903 enim
958 1866 1089 1903 sane
1119 1868 1182 1903 us
1245 1852 1551 1905 Diadoelius
1588 1868 1603 1904 :

772 1944 1007 2011 quodam
1040 1945 1228 1995 dolore
1277 1959 1371 1997 cor
1422 1945 1729 1997 dzemonnm
1776 1959 1926 1998 arma
1978 1947 2233 2017 suscipit,
2265 1946 2337 2000 ita

776 2039 832 2079 ut
874 2031 1059 2082 ere-dat
1115 2032 1216 2083 ista
1267 2047 1418 2083 arma
1473 2034 1751 2086 inimicum
1800 2034 2018 2097 aﬂcrre,
2054 2046 2184 2093 tunc
2233 2039 2346 2092 odit.

774 2131 897 2167 cum
936 2132 1091 2179 pruna
1144 2119 1472 2184 cupiditates
1524 2119 1729 2184 anima,
1781 2129 2038 2189 tanquam
2090 2124 2345 2177 mundani

776 2206 1065 2274 incipiens.
1105 2208 1161 2262 Si
1190 2211 1354 2277 igitur
1387 2226 1492 2263 non
1519 2211 1697 2265 vivide
1729 2212 1909 2266 doleat
1942 2212 2090 2282 quod
2122 2225 2344 2283 peccata

777 2314 881 2352 u0n
924 2305 1141 2363 sentiat,
1176 2320 1281 2355 111111
1334 2305 1534 2372 poterit
1564 2308 1628 2358 de
1674 2305 1907 2372 justitia:
1959 2309 2100 2361 bono
2154 2308 2343 2361 laetari.

776 2391 877 2456 Qui
909 2394 1071 2460 igitur
1106 2397 1245 2447 volet
1273 2412 1365 2448 cur
1384 2410 1542 2449 suum
1581 2400 1869 2461 mumiare,
1904 2398 2036 2453 illud
2070 2403 2335 2453 memoria

774 2484 903 2536 Ji-sn
939 2486 1141 2538 Christi
1189 2498 1451 2554 perpetuo
1482 2488 1710 2551 adurat;
1748 2489 1885 2542 lianc
1912 2489 2084 2543 solam
2118 2490 2349 2543 medita-

776 2576 980 2627 tionem
1026 2589 1079 2629 et
1128 2592 1267 2644 opus
1320 2580 1692 2633 indesinenter
1747 2580 1985 2635 habens.
2041 2580 2160 2636 Non
2196 2583 2344 2636 enim

774 2681 897 2736 0pm
916 2679 989 2720 ta-t
1017 2685 1160 2720 num:
1193 2671 1410 2737 quidem
1436 2686 1615 2735 orare,
1648 2687 1793 2725 nunc
1825 2682 2006 2727 autem
2033 2688 2140 2726 non
2166 2690 2344 2738 orare,

775 2777 872 2815 ens
929 2761 1019 2829 qui
1061 2776 1216 2813 suam
1273 2765 1681 2830 corruptionem
1729 2764 1934 2830 ejicere
1991 2766 2192 2833 velint;
2249 2766 2347 2820 sed

779 2868 998 2921 semper
1051 2854 1285 2907 orationi
1322 2869 1536 2918 vacare,
1589 2855 1642 2909 in
1700 2855 1899 2911 mentis
1940 2859 2207 2925 custodia,
2245 2860 2346 2915 etsi

775 2945 1065 3012 aliquando
1092 2958 1244 2999 eru-a
1286 2946 1548 3000 orationis
1591 2948 1784 3001 domos
1812 2962 2115 3005 versentur.
2144 2950 2351 3016 Quem-

787 3038 1084 3091 admodum
1147 3038 1289 3091 enim
1327 3040 1421 3102 qui
1461 3040 1573 3093 vult
1622 3053 1817 3094 aurum
1854 3043 2165 3111 purilieare,
2192 3046 2236 3097 si
2264 3045 2350 3098 vel

776 3130 1056 3197 paululum
1111 3132 1288 3200 ignem
1341 3134 1525 3186 Siliile
1581 3132 1858 3189 fornacem
1907 3134 2148 3204 extingui
2179 3138 2346 3199 sinat.

2429 640 2537 678 των
2598 626 2864 695 χρησμῶν
2908 626 3015 680 τῶν
3073 624 3265 695 άγίων,
3295 627 3542 695 ὀκνῶμεν
3597 626 3651 681 δὲ
3697 630 3871 681 εἰπεῖν
3916 631 4005 682 καὶ

2433 714 2527 769 ἀπ’
2572 714 2744 784 αὐτῆς
2772 715 2868 785 τῆς
2905 714 3180 787 πράξεως*
3215 715 3333 769 ἔστι
3364 716 3419 769 δὲ
3450 715 3656 769 τούτων
3700 719 4005 788 κυριωτέρα

2435 810 2638 878 πως-,ἡ
2685 809 2749 861 ὲκ
2789 808 2889 879 τῆς
2938 808 3242 880 καρδιακῆς
3297 808 3549 880 καθαρᾶς
3603 812 4004 882 προσγινομένη

2432 904 2739 974 προσευχῆς
2763 902 2943 975 θέρμη
2963 920 2976 935 ·
2994 905 3087 959 καὶ
3113 905 3231 976 μετ’
3250 905 3423 976 αὐτῆς
3442 904 3707 975 διηνεκῶς
3720 906 4002 977 προϊοῦσα,

2433 1000 2527 1054 καὶ
2566 998 2930 1067 αὐξανομένη,
2971 999 3066 1051 καὶ
3097 1001 3177 1061 είς
3211 999 3492 1067 φωτισμὸν
3522 999 3613 1051 τὸν
3645 1000 4008 1053 ὲνυπόστατον

2435 1090 2838 1153 σαὸὄατίζυυσα
2870 1131 2885 1157 ,
2926 1091 3096 1163 ἡγουν
3146 1092 3533 1154 ἑνυποστάτως
3592 1092 4007 1160 πεφωτισμένον

2433 1181 2781 1255 ἐργαζομένη
2810 1184 2951 1239 κατὰ
2999 1183 3127 1247 τοὺς
3161 1182 3412 1252 Πατέρας
3461 1182 3554 1237 τὸν
3586 1182 3759 1246 οὕτως
3819 1184 4012 1254 ἔχοντα

2434 1274 2531 1328 ἄνθ
2541 1292 2616 1344 ρω
2623 1292 2742 1329 πον.

2440 1370 2500 1422 Τί
2532 1368 2596 1421 τὸ
2646 1368 2962 1439 προσεχῶς
3003 1370 3181 1440 ἔργον
3229 1368 3341 1439 τῆς
3394 1369 3722 1438 καρδιακῆς
3768 1370 4006 1440 θέρμης.

2507 1460 2613 1525 νς’.
2641 1463 2799 1526 Ἤτις
2828 1464 2892 1534 δὴ
2919 1462 3095 1533 θέρμη
3136 1462 3420 1533 προσεχῶς
3450 1463 3712 1515 ἀποσοϐεῖ
3739 1464 3805 1515 τὰ
3838 1464 4013 1529 ἐμποο

2434 1552 2646 1617 δίζοντα
2691 1551 2788 1624 τὴν
2819 1555 3089 1622 προτέραν
3122 1552 3369 1622 καθαρὰν
3426 1551 3643 1615 τελείως
3676 1551 4014 1605 ἐκτελεῖσθαι

2437 1646 2765 1716 προσευχήν.
2795 1646 2915 1717 Πῦρ
2942 1646 3052 1717 γὰρ
3077 1646 3104 1699 6
3131 1645 3266 1708 Θεὸς
3295 1645 3474 1715 ημῶν,
3504 1644 3603 1698 καὶ
3653 1643 3764 1714 πῦρ
3785 1662 4020 1698 κατανα-

2435 1734 2619 1789 λίσκον
2646 1737 2742 1805 τὴν
2777 1734 3078 1805 μοχθηρίαν
3110 1735 3216 1787 τῶν
3242 1734 3536 1804 δαιμόνων,
3559 1736 3653 1787 καὶ
3675 1734 3784 1788 τῶν
3828 1736 4017 1788 παθῶν

1661 1870 1679 1903 1
1732 1850 1965 1917 Quando
2000 1867 2123 1907 eum
2185 1862 2349 1908 acuto
2384 1828 2613 1924 θ’]ξλ-ὦξ·
2642 1828 2806 1896 Λέγει
2834 1829 2928 1924 {fi-
3089 1828 3117 1879 ὁ
3149 1826 3301 1924 ait“
3343 1853 3350 1878 ι

2325 1868 2349 1905 [1
2384 1828 2613 1924 υήμῶν-
2642 1828 2806 1896 Λέγει
2834 1829 2928 1881 καὶ
2951 1827 3059 1896 γὰρ
3089 1828 3117 1879 ὁ
3149 1826 3301 1893 ᾶγίος
3343 1826 3615 1895 Διάδοχος·
3657 1844 3675 1877 1
3707 1826 3837 1879 Ὅτε
3878 1828 4014 1896 μετὰ

2437 1918 2633 1986 ζεστῆς
2662 1934 2808 1980 τινος
2847 1916 3143 1986 ἀλγηδόνος
3178 1920 3210 1987 ἡ
3248 1916 3444 1986 καρδία
3468 1918 3766 1986 εἰσδέχεται
3801 1919 3868 1968 τα
3890 1918 4016 1980 τόξα

2435 2005 2544 2062 τῶν
2570 2009 2859 2077 δαιμόνων,
2896 2007 2971 2071 ὡς
2999 2008 3137 2061 αὐτὰ
3168 2008 3377 2062 οῖεσθαι
3428 2008 3615 2079 φέρειν
3659 2010 3725 2060 τα
3766 2009 3892 2079 βέλη
3927 2010 4017 2061 τὸν

2438 2100 2864 2171 πολεμούμενον,
2900 2102 3052 2172 μισεῖ
3098 2098 3239 2172 μετὰ
3292 2099 3453 2152 πόνου
3488 2101 3519 2169 ή
3549 2100 3696 2171 ψυχὴ
3725 2102 3793 2153 τὰ
3843 2100 4016 2170 παθη,

2434 2192 2509 2255 ὡς
2540 2195 2595 2245 ἐν
2619 2194 2761 2263 ἀρχῇ
2808 2191 2945 2245 οὖσα
2995 2192 3091 2246 τοῦ
3153 2191 3537 2263 καθαίρεσθαι.
3588 2193 3716 2245 Ἐάν
3774 2192 3905 2260 γοῦν
3942 2193 4018 2264 μὴ

2437 2286 2650 2356 ἀλγήσῃ
2703 2284 2954 2355 μεγάλως
3017 2284 3110 2337 ἐπὶ
3155 2286 3221 2354 τῇ
3282 2284 3523 2355 ἀναιδείᾳ
3552 2287 3652 2354 τῆς
3713 2285 4016 2355 ἁμαρτίας,

2437 2378 2538 2431 οῦκ
2566 2378 2629 2431 ἄν
2655 2376 2854 2447 δυνηθῇ
2886 2375 3156 2439 πλουσίως
3194 2375 3429 2446 χαρῆναι
3470 2376 3562 2429 ἐπὶ
3589 2378 3654 2447 τῇ
3681 2376 3777 2446 τῆς
3810 2378 4020 2431 δικαιο-

2440 2471 2606 2541 σύνης
2654 2467 3005 2539 χρηστότητι.
3048 2468 3106 2520 '0
3144 2467 3323 2520 τοίνυν
3371 2466 3542 2519 θέλων
3588 2467 3890 2537 καθαρίσαι
3918 2469 4019 2538 τὴν

2438 2563 2633 2616 ἑαυτοῦ
2665 2561 2915 2631 καρδίαν,
2947 2563 3012 2631 τῇ
3050 2562 3237 2631 μνήμῃ
3269 2558 3364 2612 τοῦ
3412 2558 3587 2628 Ἰησοῦ
3628 2559 3870 2629 Χριστοῦ
3899 2560 4018 2611 δια-

2439 2655 2637 2716 παντὸς
2671 2652 2993 2722 ὲκπυρούτω
3013 2652 3203 2720 αὐτὴν,
3264 2650 3419 2703 τοῦτο
3458 2651 3618 2721 μόνον
3656 2651 3888 2721 μελέτην
3917 2653 4015 2704 καὶ⁹

2438 2749 2598 2818 ἔργον
2647 2746 2927 2800 ἄπαυστον
2973 2744 3128 2814 ἔχων.
3168 2743 3240 2795 Οὐ
3289 2743 3398 2811 γάρ
3446 2742 3575 2793 ποτὲ
3629 2742 3728 2810 μὲν
3759 2741 4019 2812 εὔχεσθαι

2440 2841 2541 2905 δεῖ,
2571 2840 2699 2893 ποτε
2722 2839 2777 2892 δὲ
2808 2837 2903 2909 μὴ,
2927 2839 3053 2898 τοὺς
3082 2837 3182 2906 τὴν
3212 2834 3422 2888 ἑαυτῶν
3458 2834 3697 2907 σαπρίαν
3724 2836 4021 2889 ἀποϐαλεῖν

2442 2933 2693 2994 θέλοντας
2724 2945 2738 2962 ⁶
2771 2929 2885 2983 ἀλλ’
2922 2927 3013 2981 ἀεὶ
3064 2929 3131 2997 τῇ
3187 2928 3462 2995 προσευχῇ
3522 2924 3810 2994 σχολάζειν
3842 2926 3902 2979 ἐν
3949 2930 4018 2997 τῇ

2440 3027 2671 3095 τηρήσει
2705 3021 2799 3075 τοῦ
2828 3021 2942 3087 νοῦ,
2972 3020 3075 3074 κᾶν
3100 3019 3205 3083 ἔξω
3232 3035 3334 3070 που
3358 3016 3663 3080 αὑλίζοιντο
3686 3019 3795 3070 τίτζν
3830 3018 4026 3089 εῦκτη-

2442 3126 2571 3188 ρίων
2618 3120 2816 3187 δόμων.
2876 3118 2971 3168 ’ον
3018 3113 3125 3183 γὰρ
3177 3111 3377 3181 τρόπον
3410 3113 3437 3164 6
3484 3111 3655 3163 θέλων
3715 3111 4022 3182 καθαρίσαι

777 3224 974 3275 duram
1013 3238 1233 3277 rursum
1269 3226 1556 3278 materiam
1588 3224 1787 3280 efﬁcit:
1826 3228 1898 3280 ita
1923 3228 2013 3295 qui
2053 3244 2198 3284 nunc
2224 3231 2339 3299 qui-
2375 3207 2466 3273 CX

2329 3194 2345 3272 ξ
2375 3207 2418 3267 C
2439 3202 2681 3274 χρυσίον.
2717 3203 2811 3255 ἐὰν
2849 3201 2941 3253 καὶ
2973 3201 3107 3271 πρὸς
3142 3197 3317 3270 βραχὺ
3348 3196 3409 3248 τὸ
3444 3194 3556 3263 πῦρ
3588 3196 3724 3265 ἐάσῃ
3750 3196 4018 3264 σχολάσαι

774 3315 896 3368 dem
937 3313 1027 3369 Dei
1088 3318 1429 3380 recordatur.
1484 3333 1629 3372 nunc
1667 3333 1795 3373 vero
1835 3336 1943 3374 non
2006 3322 2344 3386 recordatur,

775 3408 919 3474 quod
947 3408 1157 3462 videtur
1193 3411 1615 3477 perorationem
1644 3413 1952 3480 acquirere,
1972 3412 2024 3467 id
2049 3429 2146 3482 per
2174 3417 2348 3469 otium

774 3502 995 3556 amittit.
1046 3502 1329 3570 Pr0prium
1373 3517 1503 3555 vero
1552 3512 1636 3556 est
1672 3502 1911 3559 hominis
1940 3508 2191 3560 virtutem
2228 3507 2349 3559 dili-

772 3594 969 3659 gentis,
1030 3593 1289 3645 memoria
1334 3591 1427 3645 Dei
1460 3592 1603 3661 quod
1639 3603 1916 3648 terrenum
1961 3594 2016 3648 in
2051 3594 2219 3650 corde
2265 3608 2345 3649 ρει

776 3698 1120 3747 consumere,
1155 3683 1227 3735 ila
1258 3693 1315 3736 ut
1335 3686 1481 3752 quod
1512 3684 1712 3738 malum
1735 3696 1817 3739 est
1842 3687 2046 3740 sensim
2077 3686 2201 3755 igne
2232 3705 2345 3741 me-

777 3776 965 3827 moria:
998 3775 1161 3843 hujus
1187 3777 1330 3844 quod
1371 3777 1578 3830 bonum
1610 3789 1713 3840 est,
1746 3788 2107 3833 consumatur
2139 3789 2194 3832 et
2217 3795 2345 3847 prr-

776 3865 915 3920 t‘ecte
946 3868 1127 3920 anima
1179 3868 1233 3921 in
1271 3869 1577 3923 naturalem
1632 3886 1792 3924 suum
1835 3872 2184 3940 splendorem
2220 3889 2343 3926 cum

776 3959 977 4025 majore
1002 3960 1171 4026 gloria
1200 3959 1403 4013 redeat.
1435 3963 1612 4027 Atque
1643 3961 1810 4030 igitur
1843 3963 1916 4016 ita
1953 3978 2109 4019 mens
2140 3966 2347 4032 absque

774 4050 1167 4117 itttpctlitttetlto
1197 4054 1249 4105 in
1303 4054 1469 4107 corde
1502 4068 1815 4120 remanens,
1876 4070 2011 4123 pure
2052 4065 2106 4110 et
2140 4058 2345 4125 absque

774 4157 957 4194 errore
989 4153 1131 4205 orat,
1166 4153 1225 4197 ut
1280 4145 1358 4197 ait
1418 4156 1645 4200 sanctus
1685 4163 1698 4199 :
1743 4165 1760 4197 1
1809 4145 1964 4201 Tunc
1992 4157 2073 4203 est
2132 4164 2259 4204 vera
2294 4158 2349 4204 et

780 4244 920 4286 recta
961 4234 1156 4300 oratio,
1191 4236 1408 4303 quando
1444 4237 1496 4290 in
1531 4238 1738 4292 orando
1761 4253 1856 4291 cor
1884 4255 2035 4295 meus
2073 4252 2275 4297 servat.
2320 4260 2338 4294 1

775 4324 971 4379 Srribit
1027 4338 1208 4381 autem
1260 4338 1313 4383 et
1350 4342 1571 4384 sanctus
1613 4330 1917 4402 Hesychius
1957 4351 1969 4388 :
2010 4353 2028 4385 1
2065 4334 2159 4391 Ille
2218 4352 2345 4392 vere

778 4420 1076 4473 monachus
1126 4430 1206 4475 cst
1254 4423 1345 4490 qui
1402 4424 1737 4492 vigilantiam
1780 4427 1942 4491 colit;
1977 4438 2031 4481 et
2074 4428 2164 4484 ille
2218 4445 2345 4486 vere

773 4514 1003 4579 Vlgiiutts
1028 4522 1128 4577 est,
1162 4514 1256 4584 qui
1292 4515 1345 4568 in
1375 4517 1536 4571 cOrdc
1573 4527 1655 4572 est
1684 4518 2010 4574 monachus.
2052 4537 2073 4571 ι

762 4894 837 4948 De
877 4890 1136 4945 desiderio
1166 4898 1214 4942 et
1268 4904 1445 4942 amare
1491 4889 1580 4955 qui
1630 4902 1695 4941 ea:
1730 4886 1939 4939 ardenti
1965 4885 2252 4938 attentione
2289 4895 2337 4936 et

1326 4960 1563 5012 oratione
1616 4960 1753 5011 1111111
1763 4974 1808 5010 r.

830 5081 919 5134 57.
959 5079 1014 5133 In
1063 5080 1156 5133 tali
1212 5090 1395 5133 autem
1450 5079 1670 5141 ardore.
1715 5089 1771 5133 et
1822 5093 1944 5134 cum
1981 5079 2097 5143 tali,
2130 5081 2337 5134 mumla

765 5175 972 5227 scilicet
1004 5173 1332 5237 attentione,
1379 5172 1430 5225 iu
1471 5173 1636 5226 corde
1668 5172 1908 5243 gignitur
1939 5173 2006 5227 ad
2061 5173 2341 5228 memoria:

769 5278 1085 5334 pra-sentem
1110 5280 1329 5335 semper
1358 5265 1646 5318 Dominum
1678 5262 1863 5318 Jesum
1888 5264 2169 5319 Christum
2196 5264 2341 5319 desi-

768 5363 974 5413 derium
1032 5373 1096 5412 ac
1148 5358 1367 5412 divinus
1413 5372 1569 5410 amor
1600 5367 1653 5411 et
1680 5357 1943 5422 charitas,
1978 5365 2038 5411 ut
2071 5358 2337 5427 scriptum

772 5458 885 5503 est:
930 5469 946 5501 1
990 5448 1188 5502 Puellae
1218 5449 1531 5502 dilexerunt
1570 5462 1679 5510 me,
1712 5454 2056 5501 attraxernnt
2088 5462 2171 5501 me
2194 5447 2269 5512 ";
2312 5467 2329 5499 1

768 5552 821 5594 ct
847 5556 948 5610 ego
991 5556 1001 5588 :
1066 5559 1084 5592 1
1124 5538 1418 5593 Vulnerata
1476 5554 1664 5593 amore
1706 5554 1808 5607 ego
1866 5554 1986 5594 sum
2011 5539 2078 5594 ³⁸.
2113 5527 2165 5590 ι’
2197 5539 2337 5594 Dicit

768 5645 953 5691 autem
995 5644 1043 5688 et
1071 5643 1291 5689 sanctus
1333 5632 1641 5687 Maximus:
1685 5652 1701 5685 1
1731 5631 1934 5690 Omnes
1970 5633 2189 5704 quidem
2227 5637 2337 5688 vir-

773 5740 883 5782 tute
952 5726 1016 5779 ad
1099 5728 1340 5779 divinum
1398 5741 1637 5781 amorem
1705 5728 1872 5783 menti
1946 5736 2333 5799 cooperantur,

848 5915 885 5945 ⁵⁵
918 5911 1054 5965 (Ian!
1108 5929 1142 5975 1,
1169 5912 1220 5966 2.
1323 5913 1359 5941 “
1393 5910 1547 5963 (lant.
1582 5924 1638 5966 11,
1678 5908 1727 5957 .‘i.

2430 3293 2522 3347 τοῦ
2570 3292 2955 3363 χωνευτηρίου,
3001 3289 3267 3359 σκληρίαν
3320 3286 3483 3340 πάλιν
3535 3289 3603 3355 τῇ
3636 3286 4019 3357 καθαιρορέω

2432 3384 2532 3459 ῦλῃ
2563 3386 2783 3453 ἐμποιεῖ
2812 3400 2824 3413 ·
2856 3380 3000 3433 οῦτω
3028 3379 3121 3433 καὶ
3155 3379 3184 3430 6
3215 3377 3347 3431 ποτὲ
3392 3378 3490 3445 μὲν
3518 3379 3872 3447 μεμνημένος
3919 3377 4019 3429 τοῦ

2430 3480 2585 3543 Θεοῦ,
2622 3482 2749 3533 ποτὲ
2778 3478 2832 3531 δὲ
2859 3480 2931 3547 μή
2961 3495 2974 3509 ο
3007 3478 3143 3546 ὅπερ
3173 3477 3323 3529 δοκεῖ
3356 3475 3589 3528 κτᾶσθαι
3615 3474 3704 3527 διὰ
3724 3476 3820 3543 τῆς
3849 3491 4025 3545 προσ-

2439 3573 2628 3641 ευχῆς,
2684 3571 2842 3625 τοῦτο
2865 3569 3129 3623 ἀπόλλυσι
3176 3567 3268 3621 διὰ
3301 3567 3404 3635 τῆς
3439 3568 3660 3637 σχολῆς.
3711 3568 3930 3637 Ἀνδρος
3963 3568 4023 3620 δέ

2437 3665 2554 3715 ἐστι
2588 3662 2881 3732 φιλαρέτου
2916 3662 3069 3723 ἴδιον,
3099 3658 3166 3713 τὰ
3199 3661 3286 3715 ἀεὶ
3317 3664 3383 3730 τῇ
3420 3660 3614 3730 μνήμῃ
3646 3657 3739 3712 τοῦ
3770 3657 3913 3711 Θεοῦ
3963 3659 4027 3711 τὸ

2428 3754 2526 3825 τῆς
2571 3752 2799 3823 καρδίας
2853 3753 3274 3807 καταναλίσκειν
3322 3754 3545 3821 γεῶδες,
3588 3755 3676 3806 ἵνα
3725 3753 3870 3806 οὕτω
3925 3752 4026 3806 τοῦ

2432 3844 2600 3899 κακοῦ
2652 3846 2771 3898 κατ’
2828 3844 3009 3912 ὀλίγον
3041 3845 3146 3897 ὑπὸ
3178 3844 3271 3898 τοῦ
3328 3843 3499 3915 πυρὸς
3530 3843 3630 3913 τῆς
3680 3844 3774 3897 τοῦ
3814 3844 4028 3911 ἀγαθοῦ

2441 3940 2664 4008 μνήμης
2723 3936 3141 4007 δαπανωμένου,
3206 3937 3427 3999 τελείως
3487 3938 3567 3998 είς
3623 3938 3723 4007 τὴν
3781 3938 4029 4007 φυσικὴν

2431 4031 2601 4100 αὐτῆς
2648 4030 2853 4100 ἡψυχὴ
2886 4032 3025 4100 μετὰ
3073 4030 3320 4095 πλείονος
3359 4030 3517 4101 δόξης
3568 4030 3843 4102 ἐπανέλθῃ
3872 4031 4026 4100 λαμ-

2432 4126 2699 4195 πρότητα.
2741 4143 2757 4173 1
2804 4124 2912 4177 Καὶ
2947 4123 3077 4190 γοῦν
3108 4123 3282 4185 οὕτως
3309 4126 3336 4176 6
3364 4123 3486 4185 νοῦς
3517 4124 3843 4193 προσμένων
3874 4125 4033 4175 άκωο

2431 4217 2607 4279 λύτως
2658 4218 2717 4267 ὲν
2771 4216 2986 4286 καρδίᾳ,
3021 4216 3300 4286 καθαρῶς,
3328 4216 3424 4268 καὶ
3478 4215 3733 4275 ἀπλανῶς
3780 4214 4031 4283 εὔχεται,

2433 4309 2575 4361 κατὰ
2630 4309 2721 4360 τὸν
2772 4308 3000 4376 λέγοντα
3043 4308 3198 4374 ἆγιον
3226 4323 3240 4338 ο
3276 4326 3294 4358 1
3327 4307 3459 4359 Τότε
3507 4308 3654 4359 ἐστὶν
3686 4305 3891 4374 ἀληθὴς
3936 4308 4033 4359 καὶ

2435 4401 2684 4471 ἀπλανὴς
2720 4401 3021 4470 προσευχὴ,
3055 4400 3141 4453 ὅτε
3176 4402 3274 4467 τὴν
3312 4400 3539 4469 καρδίαν
3565 4402 3591 4452 6
3621 4399 3747 4461 νοῦς
3779 4402 3945 4467 τηρεῖ
3971 4402 4034 4450 ὲν

2433 4493 2510 4561 τῷ
2547 4491 2966 4562 προσεύχεσθαι.
3009 4512 3027 4544 1
3058 4492 3264 4561 Γράφει
3293 4491 3348 4542 δὲ
3374 4492 3466 4543 καὶ
3498 4493 3525 4542 6
3551 4493 3703 4558 ἆγιος
3742 4490 4029 4559 Ἡσὺχιος’

2385 4580 2422 4631 D
2442 4606 2459 4636 1
2492 4581 2662 4648 Οὗτος
2685 4583 2933 4653 ἀληθινὸς
2961 4583 3156 4653 τῳόντι
3186 4584 3441 4652 μοναχδς,
3468 4583 3495 4632 6
3529 4582 3689 4651 νῆψιν
3714 4582 4030 4651 κατορθῶν,

2441 4679 2527 4729 .;α“ι
2564 4677 2737 4740 οὕτως
2790 4676 3045 4745 ἀληθινὸς
3085 4676 3365 4746 νηφάλιος,
3406 4677 3435 4727 6
3487 4677 3545 4727 ἐν
3594 4675 3789 4746 καρδία
3821 4673 3898 4727 ὢν
3934 4692 4038 4744 μο-

2437 4771 2619 4837 ναχός.
2655 4788 2673 4819 1

2439 4902 2574 4971 Π-ρὶ
2603 4902 2706 4957 τοῦ
2732 4903 2800 4966 ἐκ
2838 4901 2944 4968 τῆς
2987 4901 3204 4969 θέρμης
3231 4898 3537 4968 προσοχῆς
3580 4916 3643 4952 τε
3684 4898 3783 4952 καί
3834 4914 4035 4967 προσ·

2613 4972 2801 5042 ευχῆς
2823 4972 3170 5040 τικτομένων
3204 4972 3396 5024 πόθου
3438 4973 3535 5023 καὶ
3571 4972 3816 5037 ἔρωτος.

2509 5085 2605 5148 νς.
2642 5087 2726 5151 Ἐν
2746 5086 2800 5139 δὲ
2818 5088 2884 5156 τῇ
2905 5084 3129 5156 τοιαύτῃ
3146 5084 3345 5154 θέρμῃ,
3365 5083 3457 5134 καὶ
3476 5084 3572 5135 σὺν
3598 5085 3838 5151 προσοχῇ
3854 5099 4006 5151 προσ
4020 5112 4039 5121 -

2438 5182 2592 5247 ευχῇ,
2626 5178 2791 5247 ἤγουν
2833 5176 3049 5245 καθαρᾲ
3088 5176 3387 5243 προσευχῇ,
3424 5176 3450 5226 ὀ
3482 5176 3617 5239 1:9“;
3666 5172 3756 5224 τὸν
3804 5190 4039 5242 μνημο-

2439 5271 2748 5338 νευόμενον,
2765 5268 2852 5320 ἀεὶ
2869 5265 3071 5336 Κύριον
3106 5264 3314 5336 Ἰησοῦν
3327 5265 3561 5335 Χριστὸν
3586 5263 3767 5326 πόθος,
3784 5266 3877 5315 καὶ
3891 5264 4044 5328 θεῖος

2441 5361 2598 5428 ἔρως,
2621 5360 2715 5412 καὶ
2734 5361 2766 5429 ἡ
2786 5358 2973 5427 ἀγάπη
2992 5360 3047 5409 ὲν
3065 5356 3263 5427 καρδίᾳ⁵
3292 5356 3557 5418 τίκτεται,
3583 5354 3658 5418 ὡς
3691 5354 3872 5425 γέγρα
3885 5372 4040 5409 πται·

2448 5472 2465 5503 1
2507 5452 2763 5513 Νεάνιδες
2814 5451 3105 5520 ἠγάπησαν
3167 5465 3234 5518 με
3270 5446 3382 5520 [ica
3416 5447 3526 5519 σε],
3552 5450 3813 5503 εἵλκυσάν
3865 5466 3963 5518 με,
4009 5470 4031 5501 ι

2443 5544 2536 5596 καὶ
2563 5544 2667 5608 ὅτι,
2710 5562 2728 5594 1
2764 5543 3093 5614 Τετρωμένη
3141 5543 3360 5611 ἀγάπης
3396 5540 3514 5610 εἰμὶ
3540 5539 3670 5608 ἐγώ.
3709 5559 3729 5593 1
3780 5543 3951 5608 Λέγει
3974 5543 4040 5596 δὲ

2443 5639 2535 5689 καὶ
2562 5638 2589 5690 6
2612 5637 2763 5704 ἆγιος
2808 5635 3086 5704 Μάξιμοςν
3126 5652 3144 5685 1
3180 5634 3361 5685 Πᾶσαι
3388 5632 3488 5700 μὲν
3519 5632 3575 5684 al.
3602 5632 3799 5700 ἀρεταὶ
3832 5649 4042 5703 συνερο

2444 5728 2597 5795 γοῦσι
2633 5727 2707 5797 τῷ
2738 5726 2810 5798 νῷ
2840 5727 2971 5795 πρὸς
3003 5726 3093 5780 τὸν
3124 5724 3265 5778 θεῖον
3294 5723 3494 5794 ἔρωτα,
3524 5723 3685 5775 πλέον
3715 5722 3775 5775 δὲ
3808 5724 4042 5777 πάντων
