4278 6442
325 404 429 467 741

1557 407 1954 472 OPUSCULA
1995 415 2380 479 ASCETICA.

3473 427 3582 494 ’142

322 539 353 594 η
394 529 612 600 καθαρᾶ
647 535 940 602 προσευχῇ.
972 533 1072 586 Διὰ
1101 533 1302 604 ταύτης
1334 536 1441 606 γὰρ
1492 541 1623 608 πρὶς
1661 542 1749 594 τὸν
1779 543 1912 596 Θεὸν
1928 557 1966 609 Α
2007 561 2011 595 1

1885 557 1966 609 νΛ
2007 545 2243 599 maxime
2270 557 2451 602 autem
2494 551 2696 606 munda
2738 554 2936 610 oratio.
2984 548 3090 610 [ει-
3143 571 3262 612 eam
3308 559 3453 615 enim
3504 564 3569 616 ad

327 623 723 692 πτερούμενος,
757 624 861 688 ἔξω
889 626 1098 692 γίνεται
1133 629 1369 681 πάντων.
1411 649 1429 679 ι

324 738 464 803 Περὶ
525 736 807 804 δακρύων
858 739 1198 804 καρδιακῶν
1227 758 1240 771 ’
1272 742 1369 794 καὶ
1423 743 1510 796 ἔτι
1567 747 1699 811 περὶ
1747 749 1911 802 θείου

832 812 1022 863 πόθου
1051 811 1147 862 καί
1177 811 1413 878 ἔρωτος.

394 920 497 989 ντί.
531 921 620 987 Ἐξ
639 915 706 992 ἦς
737 922 983 990 καρδίας,
1005 922 1098 974 καὶ
1113 922 1346 994 δάκρυον
1368 924 1450 976 ὅτι
1474 925 1725 978 πλεῖστον
1746 928 1912 1000 ita-rop-

325 1014 410 1082 ρεἰ
438 1012 723 1083 καθαῖρον,
760 1014 854 1065 καὶ
897 1016 1112 1066 πιαῖνον
1152 1015 1240 1066 τὸν
1268 1015 1327 1079 ἐξ
1358 1017 1580 1084 ἀγάπης
1611 1017 1784 1070 ταῦτα
1817 1033 1902 1072 πισ

325 1105 696 1174 πλουτηκότα,
733 1106 849 1158 ἀλλ’
915 1107 974 1159 οὐ
1021 1107 1211 1174 τῆκον,
1266 1110 1360 1162 καὶ
1413 1109 1669 1180 ξηραίνον
1699 1126 1714 1140 ·
1745 1110 1910 1166 τοῦτο

323 1197 581 1266 καὶγὰρ,
627 1195 688 1248 τὸ
720 1198 786 1250 ὲκ
827 1197 923 1249 τοῦ
987 1197 1134 1250 θείου
1202 1199 1396 1267 φόϐου,
1431 1201 1676 1267 κάκεῖνο,
1728 1203 1791 1255 τὸ
1845 1203 1910 1254 ὲκ

320 1289 414 1341 τοῦ
462 1289 649 1343 θεῖκοῦ
685 1291 887 1359 ἔρωτος
932 1291 1011 1360 τῷ
1077 1293 1294 1362 σφοδρῷ
1344 1293 1455 1358 καὶ,
1491 1294 1704 1362 ἀσχέτῳ
1739 1295 1909 1366 πόθῳ,

324 1382 421 1431 καὶ
479 1380 643 1451 ἔρωτι
709 1382 806 1435 τοῦ
883 1385 1360 1453 μνημονευομένου
1428 1387 1633 1455 Κυρίου
1733 1387 1908 1456 Ἰησοῦ

320 1473 584 1540 Χριστοῦ.
677 1475 787 1528 Καί
876 1492 940 1542 γε
1025 1476 1358 1531 ἐνθουσιῶσα
1446 1477 1583 1548 βοᾷο
1647 1479 1908 1546 Ἐθελξας

323 1565 499 1633 πόθῳ·
547 1582 638 1634 με,
678 1567 882 1636 Χριστὲ
913 1608 928 1632 ,
987 1569 1075 1620 καὶ
1141 1569 1440 1638 ηλλοίωσας
1501 1570 1580 1641 τῷ
1627 1569 1756 1640 θείῳ
1811 1589 1904 1627 σου

317 1659 504 1724 ἔρωτι.
539 1659 646 1711 Καί
676 1677 689 1690 ·
730 1659 889 1723 Ὄλος
953 1655 1026 1723 εἷ,
1054 1660 1257 1730 Σῶτερ,
1295 1661 1636 1731 γλυκασμὸς,
1661 1664 1781 1724 ὅλος
1847 1657 1905 1716 εἴ

316 1750 592 1817 ἐπιθυμία
645 1753 739 1803 καὶ
776 1750 984 1820 ἔφεσις,
1017 1752 1136 1814 ὅλος
1187 1752 1504 1824 ἀκόρεστος,
1556 1754 1675 1816 ὅλος
1730 1754 1906 1824 ὑπάρ-

318 1857 438 1908 χεις
470 1841 667 1905 κάλζος
701 1844 1003 1912 ἀμήχανον.
1040 1845 1150 1896 Καὶ
1172 1844 1309 1912 μετά
1341 1845 1556 1898 Παύλου
1600 1847 1902 1914 κραυγάζει

317 1929 415 1982 τοῦ
451 1932 904 2003 Χριστοκὴρυκος
932 1951 943 1963 ο
992 1952 1009 1981 ε
1049 1933 1112 1987 'll
1156 1936 1342 2004 ἀγάπη
1378 1935 1471 1987 τοῦ
1507 1934 1641 1988 Θεοῦ
1692 1937 1905 2004 συνέχει

311 2023 488 2089 ἡμᾶς.
527 2041 546 2072 ι
581 2023 727 2074 Καί’
766 2042 784 2074 ι
823 2024 920 2086 Τίς
967 2024 1113 2094 ἡμᾶς
1139 2027 1366 2096 χωρίσει
1401 2028 1508 2078 άπὸ
1547 2027 1645 2096 τῆς
1680 2027 1904 2096 ἀγάπης

309 2114 408 2165 τοῦ
467 2115 742 2183 Χριστοῦς
780 2115 982 2185 θλίψις,
1020 2117 1052 2186 ἢ
1112 2119 1465 2188 στενοχωρία,
1500 2118 1530 2188 ἦ
1588 2119 1901 2188 διωγμὸς,ἠ

309 2207 670 2276 γυμνότης,ἧ
713 2207 976 2273 κίνδυνος,
1040 2208 1072 2279 ἦ
1135 2209 1420 2278 μάχαιρα;
1469 2227 1488 2259 ι
1535 2211 1643 2262 Καὶ
1699 2206 1852 2273 αὖθις
1884 2227 1898 2240 ⁸

315 2317 336 2348 ο
377 2298 710 2367 Πέπεισμαι,
751 2300 834 2351 ὅτι
857 2299 978 2352 οὔτε
1014 2299 1264 2364 θάνατος,
1289 2300 1415 2352 οὔτε
1448 2299 1584 2370 ζωὴ,
1616 2299 1738 2353 οὕτε
1768 2303 1904 2368 Ἀγ-

306 2389 485 2457 γελοι,
543 2389 668 2442 οὔτε
745 2392 958 2460 Ἀρχαὶ,
1009 2390 1132 2444 οὔτε
1205 2391 1496 2457 Ἰίξουσίαι,
1558 2392 1681 2445 οὔτε
1732 2395 1901 2446 Δυνά-

307 2499 458 2550 μεις,
489 2479 614 2533 οὔτε
670 2481 960 2546 ἐνεστῶτα,
995 2481 1117 2534 οὔτε
1174 2483 1459 2552 μέλλοντα,
1491 2481 1612 2534 οὔτε
1674 2481 1897 2553 ὕψωμα,

301 2575 432 2626 οὕτε
487 2573 670 2642 βάθος,
697 2573 821 2626 οὕτε
860 2592 944 2638 τις
998 2578 1175 2637 κτίσις
1216 2575 1376 2644 ἑτέρα
1427 2577 1713 2646 δυνήσεται
1751 2579 1896 2644 ἡμᾶς

302 2665 544 2734 χωρίσαι
577 2666 686 2717 ἀπὸ
737 2667 836 2734 τῆς
881 2667 1102 2737 ἀγάπης
1134 2667 1228 2720 τοῦ
1259 2667 1394 2720 Θεοῦ
1418 2672 1516 2738 τῆς
1571 2671 1628 2722 ὲν
1675 2670 1897 2740 Χριστῷ

315 2758 498 2826 Ἰησοῦ
529 2759 605 2825 τῷ
642 2761 831 2830 Κυρίῳ
865 2761 1043 2830 ἡμῶν.
1083 2780 1100 2811 ι

301 2898 670 2961 Παραίνεσις
702 2898 835 2968 περὶ
857 2898 983 2968 τοῦ
1016 2899 1101 2967 μὴ
1133 2898 1326 2964 ζητεῖν
1353 2898 1504 2966 ὑπὲρ
1526 2899 1591 2951 τὸ
1636 2900 1856 2968 μέτρον
1879 2920 1891 2934 -

377 2968 474 3038 xui
508 2968 594 3017 ἔτι
627 2967 758 3038 περὶ
802 2966 913 3038 τῆς
948 2969 1018 3019 ἐν
1061 2969 1274 3035 καρδίᾳ
1306 2966 1896 3038 διηνεκοῦςἰι›ἥιιης

375 3035 483 3086 τοῦ
514 3037 734 3102 Κυρίου
786 3037 956 3103 ’ἡμῶν
1015 3039 1215 3105 Ἰησοῦ
1255 3039 1512 3106 Χριστοῦ
1553 3035 1889 3107 προτροπήζ

375 3147 475 3201 νθί,
509 3150 609 3201 Ἰν’
679 3151 768 3202 οὖν
817 3170 898 3216 τις
959 3152 1217 3225 ἀξιωθείη
1259 3153 1464 3206 τούτων
1521 3153 1604 3222 δὴ.
1647 3155 1740 3206 καὶ
1782 3153 1892 3205 τῶν

1998 636 2162 691 Deum
2191 640 2436 706 evolans,
2471 654 2623 697 extra
2653 646 2835 701 omnia
2881 650 3259 705 constituitur.
3297 670 3317 703 ι

1995 751 2068 805 De
2090 755 2340 825 lacrymia
2373 758 2572 821 cordis,
2602 770 2651 812 et
2691 763 2862 814 adhuc
2893 766 2956 818 de
3001 766 3180 822 divino
3203 768 3466 823 desiderio
3521 781 3573 825 et

2701 849 2901 888 amore.

2066 916 2154 971 58.
2187 917 2262 972 Ex
2295 919 2396 975 hoc
2428 921 2596 976 corde
2621 929 2672 976 et
2697 918 2953 992 Iacrymaa
2979 922 3306 991 plerumque
3330 922 3570 976 deﬂuunt

1996 1013 2210 1065 munda:
2237 1021 2291 1066 et
2321 1013 2734 1083 pingnefaciunt
2762 1030 2888 1068 eum
2915 1017 3005 1084 qui
3033 1016 3304 1069 charitate
3340 1031 3437 1070 eos
3473 1015 3572 1069 ob-

1996 1097 2175 1162 tinuit,
2214 1115 2319 1153 non
2354 1109 2533 1154 autem
2565 1103 2820 1158 molliunt
2847 1119 2910 1159 ac
2942 1105 3185 1159 siccant.
3225 1104 3337 1159 Hoc
3363 1107 3562 1161 etenim

1993 1201 2292 1258 operantur
2333 1208 2400 1247 ex
2463 1193 2651 1248 divino
2707 1195 2919 1257 timore.
2975 1209 3029 1252 et
3079 1197 3211 1251 illud
3261 1214 3323 1251 ex
3382 1198 3566 1252 divino

1993 1296 2176 1337 amore
2213 1299 2308 1352 per
2343 1286 2640 1342 vehemens
2668 1297 2723 1342 et
2751 1305 2856 1343 non
2897 1291 3195 1344 cohibitum
3232 1291 3567 1346 desiderium

1993 1389 2345 1445 amoremque
2389 1377 2603 1433 Domini
2639 1378 2769 1435 Jesu
2822 1382 3021 1436 Christi
3073 1383 3166 1451 qui
3212 1383 3264 1436 in
3304 1384 3568 1437 memoria

1991 1475 2097 1521 est.
2128 1467 2234 1522 Cor
2284 1471 2427 1524 enim
2475 1471 2798 1541 inspiratam
2848 1475 3067 1529 clamat.
3127 1494 3144 1526 ι
3205 1476 3434 1531 Dlulsisti
3485 1493 3571 1529 me

1990 1559 2290 1626 desiderio,
2323 1562 2563 1628 Christe,
2594 1574 2648 1619 et
2683 1568 2904 1621 mutasti
2944 1567 3248 1622 dirinotuo
3289 1584 3496 1624 amore.
3541 1589 3559 1620 ι

1990 1651 2056 1706 Ει
2081 1670 2095 1705 :
2132 1671 2150 1703 ι
2179 1653 2351 1709 Totus
2378 1671 2459 1718 es,
2491 1657 2747 1723 dulcedo,
2781 1658 3028 1725 Domine,
3057 1668 3206 1713 totus
3232 1660 3568 1713 desiderium

1990 1753 2046 1796 et
2075 1744 2261 1810 ardor,
2294 1755 2442 1800 totus
2475 1762 2534 1800 es
2583 1748 2986 1814 desiderabilis,
3044 1757 3190 1803 totus
3223 1750 3570 1818 pulchritudo

1989 1836 2380 1892 indubitanter.
2432 1857 2450 1890 ι
2519 1840 2583 1894 Ει
2638 1856 2762 1894 cum
2795 1840 2987 1905 Paulo,
3033 1842 3235 1896 Christi
3294 1857 3567 1911 praecone,

1989 1927 2188 1982 clamat
2220 1946 2234 1987 :
2287 1947 2305 1978 ι
2337 1927 2590 1985 Charitas
2621 1931 2713 1986 Dei
2735 1933 3155 2003 comprehendit
3189 1950 3284 1989 nos
3312 1937 3381 1990 ³⁷.
3414 1954 3432 1986 ι
3465 1935 3523 1988 Et
3551 1951 3565 1987 :

1995 2041 2012 2072 ε
2049 2022 2183 2087 Quis
2211 2039 2308 2078 nos
2338 2026 2611 2093 separabit
2639 2042 2666 2079 a
2691 2027 2957 2080 charitate
2985 2027 3234 2081 Christi?
3261 2029 3567 2082 Tribulatio

1987 2135 2055 2173 an
2093 2120 2366 2189 angustia,
2400 2134 2466 2172 an
2503 2121 2834 2188 persecutio,
2875 2135 2942 2173 an
2978 2121 3305 2190 periculum,
3337 2137 3403 2174 an
3455 2123 3569 2190 gla-

1986 2209 2109 2263 dius
2138 2209 2222 2261 “?
2261 2226 2279 2258 ι
2357 2209 2420 2261 Et
2447 2225 2673 2261 rursum
2709 2227 2721 2260 :
2757 2228 2774 2258 ε
2817 2208 3012 2263 Certus
3055 2226 3176 2263 sum
3217 2211 3360 2277 quod
3391 2225 3568 2280 neque

1987 2315 2160 2363 mors,
2199 2315 2376 2368 neque
2422 2299 2551 2362 vita,
2595 2315 2769 2368 neque
2821 2301 3022 2368 angeli,
3080 2317 3260 2370 neque
3294 2303 3568 2372 principa-

1988 2402 2097 2457 tus,
2141 2406 2316 2461 neque
2363 2391 2787 2457 dominationes,
2827 2409 3003 2461 neque
3033 2404 3352 2459 potestates,
3388 2411 3565 2463 neque

1987 2487 2296 2556 praesentia,
2339 2502 2519 2554 neque
2578 2485 2783 2549 l‘utura,
2840 2504 3017 2555 neque
3075 2488 3329 2551 altitudo,
3387 2504 3563 2556 neque

1985 2581 2338 2650 profundum,
2372 2595 2547 2648 neque
2591 2580 2696 2631 alia
2726 2590 2977 2633 creatura
3022 2581 3222 2647 poterit
3257 2595 3361 2635 nos
3408 2596 3564 2650 sepa-

1987 2688 2108 2726 rare
2134 2688 2161 2722 a
2194 2672 2461 2725 charitate
2513 2670 2608 2725 Dei
2640 2686 2760 2740 qum
2808 2681 2894 2726 est
2930 2672 2983 2724 in
3026 2671 3248 2728 Christo
3286 2672 3415 2728 Jesu
3448 2670 3562 2727 Do-

1986 2767 2138 2819 mino
2171 2774 2359 2819 nostro
2390 2765 2459 2816 ³⁸.
2507 2781 2526 2814 ι

1987 2880 2306 2934 Exhortatio
2341 2881 2409 2932 ad
2467 2878 2597 2931 nihil
2639 2881 2979 2947 quaerendum
3017 2897 3180 2942 supra
3214 2879 3465 2945 medum';
3509 2890 3561 2934 et

2021 2953 2197 3004 adhuc
2218 2952 2476 3004 excitati.)
2498 2952 2564 3000 ad
2588 2952 2901 3004 continuam
2924 2951 3053 3005 Jesu
3077 2953 3278 3005 Clu-isti
3303 2954 3356 3002 in
3391 2954 3559 3004 corde

2056 3039 2359 3075 memoriam
2372 3069 2381 3077 .

2057 3133 2145 3187 59.
2186 3132 2252 3187 Ut
2282 3135 2448 3203 igitur
2481 3136 2685 3204 aliquis
2721 3136 2802 3189 his
2838 3135 3037 3206 dignus
3069 3137 3161 3190 ﬁat
3197 3147 3250 3191 et
3280 3139 3402 3193 aliis
3439 3155 3562 3207 quae

304 3242 445 3307 μετὰ
466 3242 638 3294 ταῦτα
671 3244 910 3310 πάντων,
941 3244 1085 3315 άπερ
1114 3248 1232 3299 νυνὶ
1260 3247 1440 3310 λέγειν
1483 3246 1584 3298 οὐκ
1613 3244 1887 3314 εῦκαιρον.
1910 3248 1954 3303 C
1989 3225 1993 3275 l

1874 3285 1887 3300 ⁸
1910 3248 1954 3303 c
1989 3225 2100 3278 lnec
2129 3237 2456 3294 sequuntur,
2495 3228 2609 3280 haec
2639 3243 2782 3280 nunc
2811 3228 2995 3282 dicere
3053 3244 3160 3282 non
3210 3231 3561 3300 intempesti-

301 3331 396 3403 Ηὴ
453 3328 608 3400 ζήτει
643 3332 772 3400 γὰρ,
802 3332 959 3402 φησι,
991 3333 1099 3402 πρὸ
1156 3331 1351 3402 καιροῦ
1405 3332 1471 3385 τά
1521 3334 1614 3386 τοῦ
1667 3333 1887 3404 καιροῦ.

300 3419 416 3471 Καὶ
441 3419 502 3469 τὲ
539 3417 700 3471 καλὸν
729 3420 830 3472 οὐκ
854 3419 967 3472 ἔστι
994 3420 1176 3484 καλὸν,
1200 3421 1328 3475 ὃταν
1352 3423 1413 3474 οὐ
1444 3423 1622 3486 καλῶς
1647 3427 1892 3495 γένηται.

300 3510 419 3561 Καὶ
463 3509 606 3560 κατά
634 3509 727 3560 τὸν
770 3509 923 3576 ἆγιον
951 3513 1200 3582 Μάρκον,
1229 3514 1290 3565 οὑ
1343 3515 1612 3583 συμφέρει
1659 3515 1765 3583 πρὸ
1794 3515 1894 3584 τῆς

299 3601 574 3666 ἐργασίας
627 3603 738 3655 τῶν
802 3604 1109 3674 προτέρων,
1165 3607 1365 3658 ειδέναι
1422 3609 1490 3659 τὰ
1543 3606 1813 3676 δεύτερα·
1859 3611 1890 3676 ἠ

298 3691 414 3761 γάρ
470 3693 677 3758 γνῶσις
735 3698 924 3762 φυσιοῖ
960 3696 1049 3748 διὰ
1102 3696 1199 3767 τὴν
1248 3697 1544 3768 ἀργίανοη
1590 3700 1643 3751 δὲ
1704 3701 1891 3771 ἀγάπη

298 3782 584 3851 οἰκοδομεῖ
634 3784 724 3837 διὰ
757 3786 815 3837 τὸ
847 3786 914 3837 τά
953 3790 1130 3840 πάντα
1178 3789 1492 3857 ὑπομένειν.
1530 3791 1650 3860 Χρὴ
1713 3792 1894 3842 σπεύ-

299 3874 420 3925 δειν
457 3877 553 3927 καὶ
583 3876 671 3928 ἀεὶ
697 3877 1089 3944 ἀγωνίζεσθαι,
1123 3881 1377 3952 καθάπερ
1407 3882 1642 3950 εἴρηται,
1677 3881 1774 3952 τὴν
1804 3882 1892 3935 τοῦ

297 3966 511 4035 Κυρίου
559 3967 734 4034 Ἰησοῦ
783 3969 1025 4038 Χριστοῦ
1073 3973 1292 4042 μνήμην
1336 3973 1481 4024 ἔνδον
1515 3973 1708 4042 βάθους
1756 3993 1891 4043 καρ-

291 4059 416 4119 δίας
445 4057 713 4127 διηνεκῶς
770 4062 1114 4132 περιφέρειν,
1147 4065 1239 4116 καὶ
1285 4065 1385 4116 οὐκ
1432 4065 1609 4128 ἐκτὸς,
1644 4068 1736 4117 καὶ
1772 4069 1891 4119 ὲπι-

297 4149 567 4213 πολαίως,
619 4148 693 4210 ὡς
721 4150 868 4218 λέγει
919 4155 1012 4204 καὶ
1068 4156 1198 4224 περὶ
1223 4156 1413 4210 τούτου
1450 4160 1478 4211 ὁ
1520 4159 1680 4220 αὐτὸς
1711 4163 1892 4228 μακά-

296 4257 416 4308 ριος
443 4240 674 4309 Μάρκος
696 4256 708 4270 ·
741 4243 822 4294 ὅτι
855 4263 872 4294 ι
897 4245 1022 4296 Ἐάν
1059 4248 1134 4314 μὴ
1164 4246 1250 4300 διὰ
1276 4249 1568 4317 καθολικῆς
1587 4253 1679 4303 καὶ
1698 4253 1885 4323 νοερᾶς

296 4333 518 4394 ἐλπίδος
585 4335 777 4407 ἁνοιγῇ
804 4336 866 4388 τὸ
921 4337 1224 4402 ὲνδότατον,
1265 4343 1360 4393 καὶ
1411 4343 1747 4412 ἀπόκρυφον,
1799 4345 1891 4396 καὶ

291 4423 594 4491 εἰλικρινὲς
634 4425 732 4495 τῆς
766 4428 997 4496 καρδίας
1036 4429 1194 4498 ήμῶν
1220 4430 1479 4503 χώρημα,
1517 4433 1618 4486 οὐκ
1653 4433 1766 4487 ἐστι
1801 4435 1889 4503 βε-

291 4516 466 4578 ϐαίως
511 4517 816 4583 ἐπιγνῶναι
868 4521 960 4572 τὴν
1017 4521 1350 4588 ἐνοικοῦντα,
1412 4523 1535 4578 οὔτε
1580 4525 1778 4577 εἰδέναι
1841 4527 1888 4577 εξ

290 4610 748 4679 προσεδέχθησαν
783 4615 839 4664 αἱ
869 4613 1086 4679 λογικαὶ
1122 4615 1282 4685 ἡμῶν
1317 4617 1521 4681 θυσίαι,
1556 4618 1589 4688 ἢ
1626 4616 1710 4672 οῦ.
1757 4637 1774 4668 ›

287 4748 460 4824 ΠερὶΔ
482 4748 706 4824 θερμοῦ
740 4748 950 4824 ομου,
986 4751 1220 4824 καί-τῆς
1249 4753 1319 4805 ἐν
1379 4755 1523 4822 ἡμῖν
1556 4756 1884 4824 ἐμφανείας

365 4817 678 4899 θείας-,βαι
723 4819 830 4873 τοῦ
878 4820 988 4890 τῆς
1035 4817 1278 4890 χάριτος
1308 4817 1730 4879 ἐνύποστὶίὲου
1763 4817 1886 4895 5:0);-

358 4905 606 4957 τισμου.

360 4999 428 5068 ξ’.
462 5001 623 5054 Οῦτω
654 5002 764 5075 γὰρ
787 5003 1030 5058 ἐκκλινεῖ
1066 5006 1286 5078 ῥᾳδίως,
1319 5008 1379 5060 οὐ
1406 5009 1512 5061 τῶν
1546 5008 1724 5078 ἔργων
1782 5011 1884 5064 τῶν

287 5095 552 5166 πονηρῶν
579 5095 763 5166 μόνον,
780 5097 916 5151 me
949 5099 1042 5152 καὶ
1071 5100 1178 5153 τῶν
1199 5101 1462 5170 ἒμπαθῶν
1479 5102 1883 5173 λογισμῶν,καὶ

280 5189 396 5240 τῶν
431 5187 703 5255 ἀπρεπῶν
734 5191 1068 5256 φαντασιῶν,
1099 5193 1241 5245 καθά
1272 5193 1582 5263 γέγραπται
1606 5212 1619 5225 ·
1658 5217 1674 5246 ι
1715 5196 1881 5249 "vs-J-

287 5295 422 5348 ματι
456 5281 840 5350 περιπατεῖτε,
870 5281 964 5334 καὶ
993 5281 1292 5348 ἐπιθυμίαν
1333 5284 1533 5352 σαρκὸς
1561 5285 1620 5337 οὐ
1677 5286 1751 5354 μὴ
1789 5303 1881 5338 τε-

284 5370 510 5439 λέαητε.
546 5388 566 5420 ι
616 5371 837 5425 Μᾶλλον
887 5372 943 5425 δὲ
984 5373 1186 5438 παντὸς
1238 5376 1521 5446 λογισμοῦ,
1557 5379 1650 5430 καὶ
1699 5379 1882 5449 πάσης

289 5464 603 5530 φαντασίας
649 5464 984 5536 ἐκστήσεται
1021 5466 1098 5530 ὡς
1155 5467 1233 5536 τῷ
1282 5469 1421 5540 ὑπὲρ
1471 5472 1671 5542 ἀρετῆς
1711 5471 1878 5524 αὐτοῦ

283 5553 481 5625 θερμῷ
523 5555 676 5624 ζήλῳ
726 5556 1110 5626 καταφλέγων,
1141 5560 1238 5612 καὶ
1276 5561 1530 5630 ἀφαντῶν
1566 5565 1748 5616 πᾶταν
1782 5582 1876 5617 πο-

281 5645 669 5717 νηροπραξίαν
715 5648 1014 5719 αἰσθητῶς,
1065 5651 1159 5703 καὶ
1196 5654 1422 5722 νοητῶς,
1458 5655 1519 5706 τὸ
1562 5656 1692 5726 πρὶν
1729 5659 1880 5728 ὲνερ-

279 5737 491 5804 γοῦταν
518 5739 577 5793 ὲν
609 5739 812 5809 ἑαυτῷ,
847 5742 944 5795 σὺν
973 5745 1084 5807 τοῖς
1116 5745 1375 5815 ἁρχηγοῖς
1397 5747 1576 5801 αὐτῶν
1605 5749 1881 5820 κακοχάρ-

377 5928 423 5959 a1
455 5927 498 5980 ιι
525 5924 648 5982 Cor.
688 5939 782 5983 vn,
826 5917 885 5973 ιι
997 5919 1036 5950 ³⁸
1069 5917 1225 5976 Rom.
1262 5933 1376 5989 Vin,
1411 5926 1477 5980 55
1515 5945 1528 5990 ;
1567 5927 1654 5983 56.

1753 5929 1794 5962 ³²
1829 5929 1958 5986 Ibid.
1997 5933 2081 5990 39.

1989 3336 2109 3371 vum
2139 3335 2153 3372 :
2184 3337 2202 3369 ι
2251 3319 2329 3373 Ne
2353 3321 2622 3388 inquiras,
2659 3321 2859 3388 inquit,
2898 3333 3022 3375 ante
3082 3331 3295 3390 tempus
3327 3338 3388 3376 ea
3437 3341 3563 3392 quae

1986 3413 2243 3482 temporis
2270 3415 2508 3483 alicujus
2541 3423 2693 3468 sunt.
2730 3415 2795 3468 Et
2843 3416 3044 3468 bonum
3081 3432 3187 3468 non
3219 3429 3300 3469 est
3333 3419 3557 3478 bonum,

1981 3509 2199 3573 quando
2242 3523 2348 3560 non
2402 3509 2543 3561 bene
2577 3509 2653 3560 iit.
2707 3506 2768 3560 Et
2798 3507 3097 3562 secundum
3132 3519 3380 3561 sanctum
3424 3509 3564 3562 Maro

1981 3615 2104 3652 cum
2142 3617 2155 3652 :
2191 3618 2211 3649 ι
2252 3597 2372 3652 Νοιι
2405 3600 2538 3654 utile
2571 3609 2652 3654 est
2690 3611 2981 3668 antequam
3014 3601 3192 3667 priora
3237 3599 3378 3653 facta
3417 3603 3550 3663 sint,

1981 3693 2283 3762 posteriora
2313 3693 2476 3746 scire.
2519 3692 2760 3746 Scientia
2799 3695 2944 3745 enim
2983 3691 3134 3746 inﬂat
3184 3708 3280 3761 per
3310 3697 3558 3748 otiosita.

1982 3795 2111 3851 tem,
2173 3786 2417 3839 charitas
2445 3797 2626 3839 autem
2664 3787 2896 3839 aediﬁcat
2937 3789 3119 3838 omnia
3168 3783 3436 3854 patienter
3476 3787 3561 3840 ie-

1980 3879 2169 3931 rendo.
2213 3895 2230 3928 ι
2265 3877 2494 3946 Oportet
2551 3876 2808 3930 festinare
2847 3887 2899 3931 et
2939 3892 3154 3944 semper
3188 3893 3463 3946 pugnare,
3499 3888 3559 3930 ut

1978 3970 2184 4024 dictum
2233 3978 2339 4034 est,
2394 3968 2604 4021 Domini
2640 3967 2767 4022 Jesu
2806 3968 3010 4021 Christi
3061 3971 3381 4022 metuat-iam
3435 3985 3564 4038 per-

1979 4069 2140 4125 petuo
2172 4058 2226 4111 in
2281 4059 2389 4111 imo
2431 4059 2597 4112 corde
2635 4058 2899 4126 perferre,
2937 4073 3114 4125 neque
3171 4069 3322 4112 extra
3363 4069 3458 4112 aut
3503 4060 3560 4112 in

1978 4151 2287 4220 superﬁcie,
2327 4160 2384 4204 ut
2435 4150 2509 4203 ait
2562 4160 2615 4204 et
2652 4151 2794 4204 idem
2845 4150 3035 4203 beatus
3093 4151 3305 4204 Marcus
3338 4167 3350 4210 ;
3385 4167 3404 4201 ι
3441 4149 3561 4203 ίῖίεί

1981 4259 2078 4312 per
2122 4244 2488 4296 universalem
2541 4258 2604 4296 ac
2643 4243 2985 4313 spiritualein
3022 4258 3171 4312 spem
3203 4252 3383 4312 pateat
3419 4244 3555 4296 inte-

1977 4337 2092 4392 rius
2118 4347 2169 4390 et
2190 4337 2464 4391 occultius
2499 4336 2682 4389 cordis
2710 4339 2878 4391 nostri
2909 4335 3114 4400 alveus,
3145 4345 3356 4390 nonest
3389 4337 3561 4388 tinni-

1976 4446 2058 4487 ter
2114 4448 2449 4502 tOgllOSCCl‘e
2499 4447 2626 4486 eum
2685 4433 2782 4500 qui
2843 4432 3134 4493 inhabitat,
3184 4446 3362 4499 neque
3413 4429 3560 4481 scire

1978 4535 2158 4578 utrum
2209 4533 2447 4579 accentu:
2497 4524 2611 4579 sint
2637 4509 2996 4578 rationabiles
3040 4534 3242 4577 nostra:
3295 4522 3559 4582 victima,

1973 4633 2175 4670 annon.
2223 4635 2239 4667 ι

1976 4752 2052 4808 De
2105 4754 2311 4807 ardenti
2363 4754 2474 4806 seio
2519 4763 2566 4804 et
2618 4751 2796 4804 divina
2834 4752 2888 4803 in
2920 4751 3068 4803 nobis
3115 4752 3446 4819 apparitione
3501 4757 3557 4806 et

2355 4823 2693 4876 substantiali
2730 4823 2919 4891 gratiae
2959 4823 3172 4874 lumine.

2048 5021 2138 5075 60.
2180 5019 2256 5074 lta
2315 5021 2462 5074 enim
2519 5020 2678 5075 facile
2738 5021 3054 5086 declinabit,
3110 5039 3218 5076 non
3271 5024 3435 5078 modo
3490 5025 3561 5082 ab

1976 5114 2232 5181 epes-ibus
2266 5114 2442 5174 malis,
2481 5114 2574 5166 sed
2611 5123 2665 5165 et
2700 5128 2730 5165 a
2785 5112 2997 5180 cupidis
3050 5116 3474 5184 cogitationibus
3504 5127 3560 5176 et

1977 5221 2081 5258 non
2105 5204 2422 5257 decentibus
2445 5205 2769 5273 pliautasiis,
2797 5216 2852 5259 ut
2874 5208 3135 5276 scriptum
3158 5219 3279 5262 est:
3316 5208 3559 5278 «Spiritu

1975 5296 2269 5361 ambulate,
2325 5308 2377 5351 et
2423 5297 2697 5350 desideria
2757 5300 2938 5352 carnis
2988 5314 3056 5352 ne
3105 5300 3447 5368 perleceritis
3481 5303 3548 5354 ⁸ο.

1977 5387 2087 5439 lino
2120 5402 2248 5441 vero
2281 5387 2350 5443 ab
2389 5390 2536 5440 omni
2568 5389 2900 5457 cegitatione
2930 5402 2994 5444 ac
3037 5389 3324 5459 phantasia
3357 5393 3546 5458 exibit,

1977 5476 2189 5531 ardenti
2247 5478 2462 5532 virtutis
2503 5478 2638 5542 zelo,
2702 5488 2758 5532 ut
2817 5479 2890 5533 ita
2923 5481 3100 5534 dicam
3156 5496 3248 5536 eas
3289 5484 3554 5549 adurens,

1977 5577 2028 5622 et
2062 5568 2335 5636 expellens
2367 5584 2582 5622 onmem
2624 5569 2840 5624 malitiae
2880 5586 2993 5625 sive
3041 5587 3136 5640 per
3192 5588 3385 5628 sensus
3439 5576 3556 5630 sive

1975 5677 2074 5729 per
2126 5671 2359 5714 mentem
2407 5671 2608 5725 actum,
2646 5662 2738 5730 qui
2800 5662 2952 5730 prius
2988 5661 3039 5715 in
3075 5663 3192 5732 ipso
3225 5664 3558 5732 operabatur

1974 5769 2096 5807 cum
2133 5754 2362 5806 ducibus
2391 5753 2563 5821 ipsius
2592 5755 2931 5809 daemonibus
2963 5754 3123 5809 alieni
3155 5755 3278 5808 mali
3311 5755 3556 5825 gauden-

2186 5933 2232 5963 ‘°
2263 5933 2436 5990 Calai.
2476 5950 2528 6000 ν,
2557 5935 2636 5990 l6.
