4278 6442
348 402 459 466 745

1556 404 1947 470 ΟΡΗΞΕῘΠΑ
1989 401 2362 463 ΑΞΟΕΤΙΟᾹ.

3503 407 3610 476 746

354 525 739 598 φιλάνθρωπον
768 525 1142 595 ἀπεργάζεται
1176 541 1187 553 ·
1220 525 1313 576 καὶ
1352 523 1528 593 ἕτεροι
1560 525 1613 575 δὲ
1655 525 1991 583 ὡσαύτω,.Λ
2028 517 2038 568 i

1923 529 1991 580 .A
2028 517 2269 588 illudque
2315 531 2558 589 tempore
2623 531 2929 589 opportuno
2961 523 3188 590 aulies;
3235 542 3376 580 nunc
3424 541 3602 583 autem

365 618 507 669 Ἀλλ’
551 621 702 687 ὅμως
737 619 830 672 ἆτε
875 620 944 672 τά
986 620 1360 688 προειρημένα
1401 618 1487 671 διὰ
1518 617 1696 686 ζώσης
1729 619 1940 687 ἤκουσα
2027 632 2052 663 ι·

1102 620 1360 688 ειρημένα
1401 618 1487 671 διὰ
1518 617 1696 686 ζώσης
1729 619 1940 687 ἤκουσα
2027 628 2129 664 I'OIl
2158 623 2239 666 cst
2274 626 2482 684 tempus
2513 615 2791 669 audiendi.

351 713 560 782 φωνῆς,
591 711 736 765 οὕτω
765 713 828 783 δὴ
861 715 954 764 καὶ
987 713 1118 780 περὶ
1165 713 1354 764 τούτου
1384 711 1523 765 κατά
1553 712 1744 782 καιρὸν
1773 712 1937 764 ἀκού-

351 819 467 864 σεις
491 818 504 832 ’
546 803 642 857 νῦν
677 806 784 874 γὰρ
813 805 872 857 ού
913 805 1128 874 καιρός.

347 885 488 954 Περί
547 890 889 958 φαντασίας
937 888 1249 954 ἀπρεποῦς
1291 905 1356 942 τε
1410 889 1511 943 καὶ
1571 890 1935 958 εὐπρεποῦς,

633 958 734 1012 καὶ
765 957 923 1023 ὅπως
959 959 1079 1027 χρὴ
1108 959 1376 1030 μετιέναι
1430 961 1645 1026 αὑτάς.

422 1073 513 1138 ξδ’.
595 1074 750 1127 Ἐπεὶ
803 1075 860 1127 δὲ
910 1074 1094 1146 μικρῷ
1144 1075 1382 1146 πρόσθεν
1445 1078 1575 1146 περὶ
1635 1077 1934 1145 φαντασία;

343 1166 720 1236 ἐμνήσθημεν,
776 1168 867 1219 καὶ
927 1168 1233 1234 φαντασίας
1298 1167 1601 1239 ἀπρεποῦς,
1657 1168 1934 1238 ὀνησιμὼο

341 1275 528 1322 τατον,
567 1256 642 1320 ῶς
675 1275 738 1326 γε
765 1260 899 1329 ἡμῖν
927 1259 1092 1324 δοκεῖ,
1130 1261 1188 1313 ὲν
1220 1260 1411 1332 βραχεῖ
1451 1261 1544 1314 καὶ
1571 1262 1700 1330 περί
1739 1263 1931 1327 αύτῆς,

344 1348 548 1416 μᾶλλον
576 1349 632 1400 δὲ
684 1350 814 1418 περί
865 1350 1046 1419 πάσης
1096 1351 1398 1418 φαντασίας
1437 1351 1511 1413 ὠς
1554 1352 1778 1405 δυνατὸν
1818 1351 1933 1404 δια⁴

340 1441 549 1494 λαϐεῖν.
582 1442 718 1493 Δίαν
771 1441 879 1511 γὰρ
938 1442 1255 1498 ἀνθίσταται
1311 1445 1344 1514 ἡ
1396 1446 1670 1514 ἐπάρατος
1723 1448 1785 1514 τῇ
1839 1463 1933 1499 κα·

338 1530 483 1601 θαρᾷ
569 1532 663 1583 καὶ
729 1531 1002 1603 καρδιακῇ
1068 1537 1395 1604 προσευχῇ,
1465 1535 1560 1587 καὶ
1606 1537 1671 1605 τῇ
1728 1535 1927 1605 ὲνιαίᾳ,

337 1623 436 1674 καὶ
467 1623 700 1676 ἀπλανεῖ
748 1624 841 1677 τοῦ
876 1623 966 1676 νοῦ
1027 1626 1281 1697 ἐργασία.
1323 1627 1486 1679 Ὅθεν
1542 1628 1636 1680 καὶ
1679 1628 1728 1680 οἰ
1793 1627 1929 1680 θεῖοι

337 1719 592 1788 Πατέρες
662 1719 948 1788 πολλαχῶς
998 1722 1128 1787 περὶ
1181 1723 1374 1792 αὐτῆς,
1431 1723 1523 1773 καὶ
1578 1724 1700 1776 κατ’
1755 1725 1929 1792 αὐτῆς

335 1806 802 1874 ἁποφθέγγονται.
846 1809 994 1879 Αὖτη
1025 1795 1226 1876 τοίνυν,
1271 1813 1303 1881 ἡ
1360 1812 1813 1883 ποικιλόμορφυς,
1852 1815 1927 1872 ὡς

2026 907 2101 959 De
2144 903 2426 974 phantasia
2478 907 2839 977 indecentique
2877 924 2937 960 ac
2985 909 3208 972 decenti,
3245 919 3292 964 et
3340 911 3599 978 quomodo

2456 987 2654 1044 oportet
2685 982 2751 1030 ad
2783 996 2869 1032 eas
2901 979 3164 1032 accedere.

2096 1068 2185 1123 64.
2229 1067 2498 1134 Quoniam
2555 1069 2718 1137 paulo
2750 1081 2876 1124 ante
2922 1070 2995 1126 De
3036 1072 3322 1141 phantasia
3361 1074 3595 1128 mentio-

2024 1177 2144 1214 nem
2206 1159 2436 1213 fecimus
2486 1169 2540 1214 et
2575 1161 2642 1213 de
2686 1162 2971 1229 phantasia
3025 1163 3338 1227 indecenti,
3375 1165 3600 1218 utilissi-

2025 1270 2198 1319 mum,
2246 1262 2307 1308 ut
2354 1253 2513 1308 nobis
2548 1253 2788 1316 videtur,
2823 1257 2926 1308 erit
2958 1257 3196 1312 breviter
3242 1256 3310 1312 de
3352 1272 3414 1312 ea
3447 1267 3500 1311 et
3534 1260 3599 1312 de

2023 1347 2283 1416 qualibet.
2318 1355 2374 1398 ut
2411 1346 2733 1413 poterimus,
2760 1347 2963 1401 dicere.
2993 1346 3227 1402 Nimium
3259 1349 3404 1402 enim
3442 1361 3597 1402 ηοω-ι

2021 1439 2400 1492 exsecraliillis
2436 1455 2585 1507 purae
2633 1440 2816 1492 cordis
2853 1440 3088 1493 orationi
3121 1482 3133 1504 ,
3175 1449 3228 1492 et
3259 1441 3492 1509 simplici
3535 1457 3598 1495 ac

2028 1538 2185 1582 recta:
2213 1529 2409 1583 mentis
2437 1530 2762 1599 operationi.
2803 1529 2955 1584 Unde
2995 1539 3049 1583 et
3074 1531 3239 1584 divini
3275 1529 3466 1586 Patres
3497 1551 3598 1585 εν-

2025 1622 2249 1691 pissime
2294 1623 2361 1676 de
2404 1639 2466 1677 ea
2517 1633 2571 1677 et
2625 1635 2820 1676 contra
2870 1639 2988 1677 eam
3045 1622 3222 1678 Verba
3259 1623 3486 1679 faciunt.
3522 1623 3594 1678 Ea

2019 1716 2188 1777 enim,
2231 1714 2607 1778 multiformis,
2637 1725 2694 1768 ut
2723 1714 3002 1770 fabulosus
3043 1715 3310 1778 Dmdalus,
3341 1726 3395 1771 et
3423 1718 3593 1770 multa

2021 1808 2197 1876 capita
2240 1807 2446 1862 habens
2472 1817 2528 1861 ut
2564 1806 2762 1878 Hydra,
2803 1789 3060 1877 tanquam
3087 1809 3396 1863 daemonum
3456 1825 3594 1876 pons

336 1900 362 1952 5
409 1899 779 1971 μυθευόμενος
827 1903 1091 1966 Δαίδαλος
1129 1944 1144 1968 ,
1214 1905 1306 1956 καὶ
1351 1904 1724 1972 πολυκέφαλος
1787 1895 2025 1958 nataui

1901 1906 1927 1957 ἀ
1953 1895 1990 1948 Β
2019 1899 2239 1967 quidam
2282 1892 2424 1952 (licia
2465 1909 2546 1953 est
2576 1914 2605 1953 a
2653 1903 2882 1955 sanctis.
2933 1900 3036 1955 Per
3065 1917 3183 1957 eam
3222 1903 3370 1956 enim
3415 1911 3590 1955 trans-

341 1992 436 2061 τὴν
487 1992 654 2061 ὕδραν
705 1995 1002 2062 φαντασία,
1036 1990 1148 2048 οἶόν
1214 2013 1298 2059 τις
1330 1997 1546 2068 γέφυρα
1578 1998 1688 2051 τῶν
1728 1999 1920 2068 δαιμόο

334 2100 464 2144 νων,
493 2088 608 2146 τοῖς
665 2085 845 2153 ἁγίοις
910 2089 1239 2158 προείρηται
1267 2107 1282 2121 ’
1323 2088 1390 2141 δι’
1416 2091 1586 2159 αὐτῆς
1637 2090 1746 2162 γὰρ
1779 2092 1926 2160 διερ-

331 2176 578 2246 χόμενοι,
605 2179 699 2231 καὶ
720 2179 806 2232 δια
819 2181 1091 2250 περῶντες
1122 2183 1169 2234 οἱ
1199 2182 1376 2250 φόνιοι
1395 2182 1713 2254 ἀλάστορες,
1729 2201 1924 2237 κοινω-

328 2266 488 2320 νοῦσί
515 2286 632 2332 πως
665 2271 759 2322 καὶ
806 2273 1212 2341 συμμίγνυνται
1243 2277 1308 2344 τῇ
1362 2275 1532 2344 ψυχῇ,
1567 2274 1792 2343 σίμϐλον
1827 2295 1925 2346 κη-

327 2362 520 2430 φήνων
551 2361 776 2431 ,ταύτην
833 2364 1299 2436 ἀπεργαζόμενοι,
1332 2367 1425 2419 καὶ
1479 2367 1697 2420 ἐννοιῶν
1748 2369 1923 2438 ἀκάρ-

327 2469 474 2513 πων,
507 2453 602 2505 καὶ
651 2454 916 2524 ὲμπαθῶν
956 2458 1273 2528 οἰκητήριον
1312 2475 1324 2487 ·
1380 2458 1447 2528 ἢν
1511 2459 1576 2530 δὴ
1621 2463 1920 2527 φαντασίαν

327 2539 672 2615 ἀπόὸλητέον
707 2546 989 2600 τοσύνολον
1020 2565 1034 2578 '
1072 2552 1120 2600 εί
1153 2550 1227 2618 μή
1255 2567 1357 2602 που
1390 2549 1594 2620 βούλει,
1631 2552 1794 2605 ἕνεκα
1828 2571 1923 2621 με·

329 2637 575 2702 τανοίας,
641 2637 738 2690 καὶ
792 2641 1110 2710 συντρισῆς,
1146 2642 1375 2705 πένθους
1434 2659 1493 2695 τε
1520 2644 1614 2697 καὶ
1669 2660 1922 2696 ταπεινο-

325 2730 633 2799 φροσύνης,
694 2731 801 2799 πρὸ
845 2733 902 2785 δὲ
949 2736 1044 2786 καὶ
1107 2733 1206 2803 τῆς
1268 2735 1377 2788 τῶν
1427 2736 1598 2789 ὄντων
1665 2737 1919 2808 μελέτης,

325 2823 417 2875 ναὶ
449 2822 558 2893 μὴν
610 2824 704 2876 καὶ
744 2827 903 2895 χάριν
955 2826 1239 2896 ἀπρεποῦς
1294 2829 1617 2895 φαντασίας,
1668 2831 1917 2902 εὐπρεπῆ

326 2913 637 2980 φαντασίαν
702 2917 1065 2985 παραὸαλεῖν,
1121 2918 1215 2969 καὶ
1275 2918 1690 2988 ἀντισηκῶσαι·
1729 2922 1920 2973 κάκεί-

325 3023 429 3075 νην
493 3007 670 3078 ταύτῃ
728 3009 1050 3077 συμμίξας,
1114 3012 1206 3061 καὶ
1274 3010 1914 3080 ἀντιπρατευσάμενος,

323 3098 426 3151 καὶ
458 3099 536 3163 ὼς
569 3099 837 3168 ῥίψασπιν
874 3102 972 3170 τὴν
995 3101 1250 3173 ἄσεμνον,
1277 3106 1371 3157 καὶ
1403 3103 1593 3175 ἰταμὸν
1626 3105 1768 3157 κατὰ
1792 3106 1915 3173 κράσ

321 3209 418 3256 τος
462 3192 665 3262 βαλὼν,
726 3193 873 3248 οὕτω
931 3196 1052 3249 κατ’
1106 3198 1279 3266 αὐτῆς
1332 3195 1464 3268 ἆραι
1510 3199 1580 3252 τὰ
1638 3202 1914 3270 νικτήρια.

326 3287 440 3340 Καὶ
499 3285 630 3354 γοῦν
684 3287 826 3340 οὕτω
893 3289 1061 3343 ποιῶν
1115 3293 1176 3345 οὑ
1243 3294 1404 3364 μόνον
1469 3297 1711 3367 ζημίας,
1774 3304 1909 3357 ἀλλὰ

326 3379 424 3431 καὶ
479 3377 706 3446 κέρδους
761 3379 944 3449 σαυτῷ
994 3381 1167 3445 αἴτιος
1222 3386 1339 3454 είης
1398 3388 1471 3452 ὡς
1523 3392 1578 3442 ὲν
1626 3395 1912 3465 ἀπταίστῳ

328 3473 516 3542 κρίσει
565 3472 635 3524 τὰ
700 3473 821 3525 κατ’
883 3475 1051 3528 αὐτὸν
1099 3476 1410 3543 διευθύνων,
1467 3482 1557 3534 its
1613 3491 1912 3550 φαντασίαν

2013 2003 2207 2047 etmtes
2237 2003 2290 2047 et
2323 2003 2671 2062 penetrantes
2705 1993 2994 2047 homicidae
3056 1994 3270 2049 sceleSIi
3297 2036 3310 2057 ,
3337 2009 3590 2049 commu-

2013 2088 2198 2140 nicant
2238 2096 2292 2140 ct
2334 2089 2760 2141 commiscentur
2806 2087 3042 2151 animae,
3075 2087 3323 2142 fucorum
3370 2090 3588 2142 alveare

2011 2197 2130 2235 eam
2163 2180 2445 2246 facientes,
2488 2193 2541 2236 et
2592 2183 2858 2237 sterilium
2901 2183 3336 2252 cupidarumque
3381 2184 3586 2253 cogita-

2014 2273 2221 2326 tionmn
2281 2272 2616 2326 domicilum.
2676 2272 2807 2337 Qua:
2854 2288 2984 2328 sane
3031 2274 3317 2343 phantasia
3367 2276 3589 2329 Omnino

2012 2363 2318 2428 repellenda
2352 2371 2435 2418 est
2463 2380 2477 2428 ;
2512 2363 2613 2418 nisi
2649 2365 2800 2426 velis,
2843 2366 3178 2433 poenitentia:
3207 2380 3372 2420 causa
3399 2377 3453 2422 et
3488 2371 3590 2421 tri-

2011 2452 2327 2512 bulationis.
2371 2454 2684 2524 dolorisque
2718 2465 2771 2509 et
2812 2456 3159 2519 humilitatis,
3209 2473 3272 2512 ac
3316 2459 3590 2527 pnncipne

2010 2560 2225 2613 propter
2253 2561 2442 2599 eorum
2482 2563 2602 2616 qu.e
2641 2559 2790 2611 sunt,
2813 2549 3250 2612 meditationem,
3280 2566 3404 2604 cum
3434 2551 3587 2604 inde-

2011 2635 2154 2690 centi
2208 2639 2494 2704 pfantasia
2543 2641 2825 2694 decentem
2874 2656 3198 2711 comparare
3243 2658 3304 2696 ac
3351 2643 3586 2705 librare.

2011 2727 2268 2796 illamque
2321 2745 2444 2782 cum
2490 2729 2594 2785 ista
2637 2732 2904 2796 miscere;
2950 2735 3026 2788 ita
3075 2743 3132 2787 ut
3164 2735 3425 2788 adversus
3462 2749 3585 2788 eam

2006 2819 2266 2875 incedens
2306 2833 2382 2886 et,
2409 2824 2477 2877 de
2504 2839 2564 2878 ea
2593 2825 2848 2894 turpiter,
2874 2826 3065 2896 clypeo
3092 2829 3322 2887 amisso.
3353 2831 3493 2881 victa
3523 2843 3586 2880 ac

2008 2913 2248 2982 deiecta,
2283 2916 2621 2985 triumphum
2680 2933 2841 2987 agere
2879 2936 3070 2989 queas.
3105 2922 3282 2991 Atque
3311 2922 3477 2991 igitur
3511 2922 3586 2973 ita

2008 3003 2234 3071 faciens.
2264 3023 2369 3061 non
2413 3009 2573 3064 modo
2622 3026 2728 3063 non
2763 3011 3075 3067 detrimenti
3103 3014 3453 3083 cujusquam.
3489 3016 3586 3068 sed

2008 3097 2142 3149 lucri
2177 3100 2275 3152 tibi
2302 3109 2490 3153 auctor
2516 3103 2660 3166 eris,
2692 3103 2892 3172 quippe
2933 3104 3027 3174 qui
3069 3107 3338 3160 constanti
3377 3102 3586 3173 judicio

2008 3199 2128 3244 tuas
2171 3207 2255 3244 res
2290 3193 2568 3260 direxeris,
2605 3196 2950 3264 phantasiam
2994 3197 3337 3253 indecentem
3366 3199 3583 3252 decenti

2007 3281 2286 3349 phantasia
2344 3287 2654 3353 destruens,
2705 3300 2758 3342 et
2807 3290 3210 3343 contrariorum
3260 3291 3431 3346 armis
3484 3306 3582 3345 eos

2004 3375 2190 3431 hostes
2214 3387 2521 3447 opportune
2561 3379 2759 3435 feriens
2795 3393 2848 3436 et
2881 3383 3178 3448 trucidans,
3217 3394 3280 3436 ut
3308 3386 3435 3439 olim
3473 3384 3586 3439 Go-

2003 3466 2132 3520 liath
2159 3468 2375 3522 divinus
2409 3469 2593 3524 David.

319 3573 559 3642 ἀπρεπῆ
616 3574 893 3643 φαντασίᾳ
946 3578 1216 3644 εὐπρεπεῖ
1250 3575 1565 3645 καταργῶν,
1608 3580 1702 3631 καὶ
1735 3582 1852 3640 τοῖς
1894 3579 2001 3631 τῶν
2038 3583 2294 3632 ἐναντίων
2345 3580 2530 3644 ὅπλοις
2563 3583 2788 3644 τούτους
2823 3583 2885 3651 δὴ
2919 3589 3040 3645 τους
3075 3587 3435 3649 ὑπεναντίους
3465 3604 3592 3640 και-ι

328 3673 466 3736 pitu;
503 3672 759 3740 πλήττων
787 3672 820 3742 ἢ
850 3673 1210 3736 ἀποκτείνων,
1250 3672 1324 3735 ὡς
1358 3675 1525 3727 πάλαι
1557 3675 1647 3726 τὸν
1678 3675 1869 3728 Γολιάθ
1905 3677 1931 3728 ό
1960 3677 2104 3739 θεῖος
2139 3681 2328 3732 Δαὸίδ.

323 3819 456 3870 Ὀτι
492 3818 565 3869 οὐ
599 3818 789 3884 μόνον
830 3818 865 3881 ἠ
916 3818 1188 3884 ἀπρεπὴς
1218 3819 1550 3886 φαντασία,
1582 3818 1747 3872 ἀλλὰ
1809 3816 1908 3869 καὶ

394 3888 432 3953 ἠ
489 3888 800 3954 εὐπρεπὴς
837 3888 1182 3950 ἀπόϐλητος
1247 3888 1370 3952 τοῖς
1429 3889 1620 3956 ἁγίοις
1675 3890 1760 3952 εἰς
1798 3888 1909 3956 τὴν

397 3959 673 4022 καθαρὰν
705 3957 1061 4023 προσευχὴν
1096 3998 1110 4021 ,
1151 3957 1246 4009 καὶ
1278 3960 1363 4021 εἰς
1402 3955 1516 4022 τὴν
1559 3957 1765 4024 ἁπλῆν
1812 3955 1908 4009 καί

397 4027 636 4079 ἑνιαίαν
663 4027 958 4095 ἐργασίαν
988 4027 1093 4079 τοῦ
1125 4028 1290 4092 νοός.

401 4135 496 4203 ξε’.
546 4135 718 4188 Τοῦτο
770 4136 850 4199 δὲ,
887 4136 994 4189 τῶν
1031 4136 1113 4188 ἔτι
1158 4136 1390 4206 νηπίων,
1421 4137 1540 4207 ἦτοι
1590 4137 1694 4188 τῶν
1742 4140 1910 4207 ἀρχα-

325 4229 463 4297 ρίων
490 4221 659 4279 ἆθλόν
708 4228 878 4281 ἐστιν.
911 4227 972 4278 Οί
1023 4227 1131 4297 γὰρ
1177 4225 1252 4296 τῷ
1278 4227 1452 4296 χρόνῳ
1488 4226 1907 4295 προϐεϐηκότες,

323 4316 528 4379 ὑλικῶς
547 4316 645 4387 τὴν
681 4319 903 4386 ἀπρεπῆ
935 4317 1239 4384 φαντασίαν
1268 4317 1364 4370 σὺν
1387 4321 1448 4387 τῇ
1481 4318 1746 4386 εὐπρεπεῖ
1777 4319 1911 4370 ἀπο·-

321 4407 639 4472 6άλλονται,
673 4408 768 4459 καὶ
812 4406 1049 4476 φρούδην
1078 4407 1402 4476 ἐργάζονται
1441 4423 1454 4436 ·
1490 4408 1563 4468 ὡς
1610 4409 1778 4476 κηρὸν
1811 4426 1908 4478 τη-

321 4499 560 4568 κόμενον
590 4497 702 4551 ἀπὸ
741 4497 1036 4570 προσώπου
1079 4499 1274 4567 πυρὸς,
1311 4497 1769 4567 ἀποτεφροῦντες,
1813 4482 1910 4552 καὶ

327 4591 671 4654 διαλύοντες,
702 4590 791 4643 διά
823 4591 922 4659 τὴν
947 4589 1192 4661 καθαρὰν
1217 4591 1548 4662 προσευχὴν,
1585 4592 1680 4644 καὶ
1725 4592 1823 4661 τὴν
1847 4594 1909 4644 ὲκ

322 4685 551 4739 πάντων
586 4682 681 4736 τοῦ
729 4683 848 4745 νοὸς
926 4682 1212 4735 ἀτύπωτον
1271 4683 1531 4735 ἀπόθεσιν
1581 4700 1638 4734 τε
1687 4684 1778 4735 καί
1813 4683 1912 4750 γύ-

335 4791 576 4846 μνωσιν,
619 4775 784 4827 ἕνεκα
833 4774 934 4848 τῆς
988 4775 1123 4844 πρὸς
1177 4773 1307 4826 Θεὸν
1357 4773 1532 4842 ἁπλῆς
1562 4774 1910 4843 ἐπιϐολῆς-εί

323 4868 514 4940 βούλει
561 4867 640 4932 δὲ,
676 4867 769 4920 καὶ
824 4866 1160 4936 παραδοχῆς,
1196 4866 1291 4920 καὶ
1343 4866 1777 4935 ἀσχηματίστου,
1812 4868 1908 4918 καὶ

321 4962 540 5023 ἑνιαίας
577 4959 845 5022 ἐνὼσεως.
884 4959 1046 5026 Λέγει
1075 4959 1168 5032 καί
1197 4959 1304 5029 γὰρ
1331 4959 1358 5011 ὁ
1392 4959 1544 5024 ἆγιος
1607 4957 1859 5028 Ἦσύχιος
1891 4976 1905 4990 ·

321 5049 442 5110 Πᾶς
482 5047 764 5116 λογισμὸς,
806 5047 1079 5114 φαντασία
1127 5047 1274 5099 ἐστὶν
1311 5048 1368 5100 ἐν
1402 5047 1479 5116 τῷ
1512 5046 1588 5117 νῷ
1644 5047 1907 5116 αἰσθητοῦ

318 5153 472 5198 τινος
505 5134 851 5206 πράγματος.
870 5135 1011 5198 Νοῦς
1033 5136 1140 5206 γὰρ
1165 5134 1281 5190 ἃ)νὸ
1297 5135 1582 5206 Ἀσσύριος
1607 5137 1707 5189 ούκ
1738 5136 1908 5197 ἄλλως

324 5227 555 5294 ἀπατᾷν
619 5225 880 5294 ὲξισχύει,
910 5225 958 5276 εἰ
1007 5224 1080 5294 μὴ
1115 5225 1389 5294 χρήσηται
1415 5227 1527 5287 τοῖς
1563 5225 1692 5296 παρ’
1742 5224 1900 5292 ήμῶν

321 5317 612 5388 αἰσθητοῖς
667 5316 762 5369 καὶ
819 5315 1096 5386 συνήθεσι.
1152 5316 1260 5367 Καὶ
1313 5315 1342 5367 ὁ
1392 5314 1548 5380 ἅγιος
1630 5314 1901 5384 Διάδοχος·

335 5407 565 5477 Ἐπειδὴ
589 5408 695 5470 πᾶς
726 5408 984 5476 λογισμὸς
1009 5405 1094 5458 διὰ
1121 5405 1420 5475 φαντασίας
1443 5405 1718 5475 αἰσθητῶν
1749 5424 1909 5457 τινων

323 5500 644 5570 εἰσέρχεται
704 5501 761 5552 ὲν
799 5501 864 5568 τῇ
917 5497 1139 5569 καρδίᾳ,
1199 5498 1324 5549 τότε
1374 5498 1605 5565 αὑγὰζει
1662 5498 1798 5566 αὐτῇ
1851 5498 1911 5549 τὸ

329 5589 606 5662 μακάριον
646 5587 763 5656 φῶς
801 5587 901 5656 τῆς
922 5587 1197 5654 θεότητος,
1230 5588 1358 5641 ὅταν
1381 5589 1555 5656 πάντη
1603 5587 1908 5658 εὐκαιρήσῃ

324 5682 438 5737 ἀπὸ
467 5681 708 5744 πάντων,
743 5681 837 5732 καὶ
876 5681 1290 5752 ἀσχημάτιστος
1321 5682 1387 5733 ἐκ
1427 5679 1631 5733 τούτων
1661 5681 1906 5748 γένηται,

327 5775 492 5843 εἴπερ
553 5775 587 5843 ἡ
642 5773 967 5841 λαμπρότης
1026 5773 1264 5841 ἐκείνης,
1303 5771 1444 5825 κατά
1496 5773 1750 5843 στέρησιν
1801 5772 1909 5822 τῶν

327 5865 550 5919 πάντων
592 5860 882 5930 νοημάτων
944 5863 1346 5933 παραφαίνεται
1398 5861 1475 5931 τῷ
1511 5862 1735 5932 καθαρῷ
1802 5864 1902 5914 νοΐ.

657 5987 923 6047 ΡΑῚἯΟΙ..
974 5989 1081 6046 Gtt.
1138 5987 1422 6048 CXLV”.

2017 3803 2173 3876 Quod
2203 3821 2304 3856 non
2329 3807 2480 3858 modo
2504 3806 2747 3860 inieceris
2774 3809 3080 3876 phantasia,
3107 3811 3196 3865 sed
3219 3824 3268 3866 et
3301 3815 3485 3868 decem
3515 3832 3591 3870 re-

2077 3874 2310 3939 jirienda
2351 3879 2551 3928 sanctis
2589 3888 2665 3930 est
2704 3874 3053 3931 inmundam
3101 3885 3396 3936 orationem
3438 3895 3485 3938 et
3537 3890 3593 3940 in

2085 3946 2374 4013 simplicem
2413 3956 2462 4000 et
2490 3963 2650 4000 unam
2683 3951 2870 4021 mentis
2906 3954 3282 4016 operationem,

2085 4128 2173 4182 65.
2216 4127 2350 4181 Illud
2381 4115 2508 4182 vero
2549 4137 2665 4193 est,
2698 4130 2984 4183 nutantium
3034 4133 3213 4186 adhuc
3241 4142 3292 4186 et
3329 4133 3591 4205 incipien-

2014 4223 2147 4273 tium
2195 4229 2490 4273 certamen.
2545 4219 2646 4284 Qui
2701 4223 2846 4273 enim
2900 4231 3141 4290 tempore
3181 4238 3587 4293 processerunt,

2013 4326 2236 4365 omnino
2279 4311 2616 4391 indecentem
2659 4311 3004 4379 phantasiam
3043 4329 3166 4368 cum
3199 4315 3409 4369 decenti
3461 4319 3587 4385 reji~

2010 4404 2182 4467 ciunt,
2226 4399 2286 4456 cf
2335 4403 2639 4470 expellunt,
2674 4413 2929 4472 tauquam
2972 4419 3152 4459 ceram
3181 4425 3206 4458 ιι
3244 4409 3381 4463 facie
3423 4411 3587 4478 ignis.

2011 4508 2129 4546 eam
2155 4496 2205 4547 iu
2230 4495 2464 4549 cinerem
2494 4494 2801 4564 rrdigentes
2823 4507 2874 4548 et
2898 4495 3284 4562 dissolveutes,
3313 4517 3405 4569 per
3430 4519 3587 4557 mun-

1924 4573 1986 4660 ὐ
2011 4578 2500 4651 dam'orationem,
2537 4601 2587 4641 ct
2622 4591 2821 4642 mentis
2866 4592 2934 4642 ab
2963 4593 3220 4644 ouinibus
3275 4597 3464 4648 rudem
3499 4613 3585 4650 se-

2012 4684 2349 4750 parationem
2383 4697 2447 4733 ac
2480 4683 2776 4734 nuditatem
2800 4722 2814 4745 ,
2865 4683 3131 4750 situplivis
3164 4685 3229 4736 ad
3271 4684 3436 4739 Deum
3471 4690 3583 4741 ele-

2012 4774 2243 4824 vationis
2262 4789 2424 4826 causa
2445 4789 2459 4838 ;
2480 4773 2520 4826 si.
2553 4775 2631 4826 vis
2652 4788 2888 4841 quoque,
2918 4777 3245 4842 receptionis
3274 4778 3366 4833 Dei
3393 4796 3581 4845 causa,

2009 4876 2062 4918 et
2105 4866 2367 4934 simplicis
2412 4875 2466 4918 ει
2504 4867 2714 4934 absque
2757 4867 2924 4932 figura
2967 4868 3204 4922 ultionis.
3260 4871 3398 4926 Dicit
3438 4876 3582 4928 cuitu

2008 4971 2061 5014 et
2085 4972 2308 5015 sanctus
2329 4960 2650 5030 Hesychius:
2682 4978 2698 5010 ι
2725 4958 2896 5014 Omne
2920 4962 3263 5016 ratiocinium
3293 4973 3376 5018 est
3402 4967 3576 5033 phan-

2010 5053 2147 5106 tasia
2188 5053 2240 5105 in
2290 5064 2472 5107 mente
2513 5052 2744 5119 alicujus
2792 5053 3066 5126 sensibilis
3092 5054 3191 5106 rei.
3246 5054 3378 5107 Cum
3425 5058 3568 5110 enim

2005 5145 2229 5213 spiritus
2273 5146 2342 5198 sit
2407 5147 2677 5214 Assyrius,
2725 5159 2833 5198 non
2883 5146 3040 5198 aliter
3085 5145 3337 5213 decipere
3377 5158 3574 5214 potest,

2004 5241 2110 5294 nisi
2161 5249 2342 5294 utatur
2403 5239 2469 5294 iis
2516 5255 2636 5308 quze
2689 5254 2717 5290 a
2771 5240 2925 5292 nobis
2960 5239 3272 5292 sentiuntur
3314 5251 3366 5293 et
3417 5242 3576 5293 nobis

2003 5334 2160 5387 solita
2192 5342 2337 5387 sunt.
2373 5351 2390 5383 ι
2431 5333 2494 5385 Et
2525 5345 2746 5385 sanctus
2801 5330 3115 5383 Diadochus
3160 5349 3173 5383 :
3215 5349 3232 5382 ι
3273 5330 3571 5400 Postquam

2001 5426 2179 5478 omnis
2219 5425 2476 5492 cogitatio
2510 5440 2604 5492 per
2652 5425 3013 5490 quorumdam
3049 5424 3389 5477 sensibilium
3441 5427 3576 5476 ima~

2001 5516 2328 5582 ginationem
2363 5516 2412 5566 in
2443 5531 2535 5567 cor
2569 5515 2858 5577 introierit,
2893 5525 3021 5568 tunc
3049 5516 3095 5567 ei
3123 5514 3324 5566 lucebit
3352 5517 3567 5566 beatum

2001 5608 2226 5662 Deitatis
2260 5607 2462 5669 lumen,
2506 5622 2628 5658 cum
2667 5606 2890 5658 omnino
2922 5607 2988 5657 ab
3031 5605 3285 5658 omnibus
3332 5622 3575 5659 recesse—

2000 5702 2090 5765 rit,
2125 5711 2178 5754 ει
2220 5715 2282 5752 cx
2318 5700 2382 5752 iis
2417 5697 2642 5750 minime
2695 5698 2986 5751 formatum
3043 5697 3236 5760 fuerit,
3299 5698 3568 5766 siquidem

1997 5795 2150 5848 illius
2185 5793 2439 5861 splendor
2473 5807 2566 5860 per
2595 5791 2953 5859 privationem
2992 5794 3236 5845 omnium
3286 5794 3573 5860 cogitatio-

1998 5901 2123 5943 num
2163 5901 2309 5954 pura:
2356 5884 2522 5938 tuenti
2548 5893 2791 5952 apparet.
2825 5901 2840 5932 ι
2884 5881 2946 5935 Et
2997 5898 3226 5948 magnus
3270 5881 3506 5938 Basilius
3542 5897 3562 5947 ζ

3102 5977 3177 6036 2‘4
