4278 6442
707 437 816 505 747

1560 438 1905 497 ΟΑΙΛΛδΤΙ
1945 438 2038 494 Ε“Ι¹
2086 433 2384 494 lGNATlI
2422 431 3117 496 XAN'i'HOPULORUM

3862 439 3967 504 748

714 574 733 604 ς
772 543 1236 617 Quemadmodum
1282 551 1353 622 igi
1385 568 1447 606 nr
1477 553 1530 605 in
1564 550 1892 605 mannfactis
1923 549 2140 617 templis
2177 563 2284 600 non
2320 551 2361 606 Α
2392 540 2403 591 1

2276 564 2284 598 ι
2320 551 2361 606 Α
2392 540 2499 592 Καὶ
2530 542 2557 591 ὁ
2590 540 2761 607 μέγας
2800 540 3076 603 Βασίλειος
3099 557 3110 570 ο
3145 541 3357 610 Ὠσπερ
3401 541 3504 593 οῦκ
3544 543 3603 594 ὲν
3657 544 3965 614 χειροποιή-

709 642 917 696 habitat
960 642 1241 705 Dominus,
1279 658 1453 711 neque
1495 643 1547 694 itt
1617 641 1926 695 iit-tionibus
1953 637 2284 709 quibusdam

707 743 763 788 et
801 735 1181 803 spiritualibus
1232 734 1438 802 ﬁguris.
1492 734 1754 803 Proiectae
1798 733 1943 787 enim
1991 732 2110 785 ista:
2138 740 2287 791 sunt,

714 843 828 897 qua:
858 827 1115 894 agitatam
1153 829 1389 880 animam
1426 835 1701 896 separent.
1732 840 1838 879 non
1868 823 1979 893 jam
2021 823 2286 877 valentem

716 933 850 987 pure
890 918 959 971 ad
991 924 1270 973 veritatem
1316 923 1558 980 tendere,
1616 916 1708 971 sed
1755 915 1934 969 adhuc
1975 914 2196 983 speculo
2237 921 2290 967 et

711 1014 997 1080 aenigmate
1040 1021 1326 1066 retentam.
1363 1029 1382 1063 ι
1445 1010 1507 1063 Et
1555 1008 1775 1063 divinus
1812 1007 2074 1077 Evagrius
2106 1026 2119 1061 :
2159 1026 2176 1058 ι
2212 1007 2288 1061 Ibi

708 1102 910 1156 dicitur
933 1104 1107 1157 Deum
1139 1106 1349 1167 sedere,
1381 1104 1469 1156 ubi
1501 1103 1882 1168 cognoscitur;
1914 1102 2036 1155 ideo
2065 1103 2291 1156 thronus

713 1193 799 1245 ltei
840 1195 1079 1257 dicitur,
1123 1211 1275 1247 utens
1328 1210 1487 1264 pura.
1542 1195 1634 1247 Dei
1680 1195 1845 1264 igitur
1887 1193 2145 1259 cegitatio
2182 1208 2288 1245 non

710 1285 981 1339 invenitur
1022 1287 1075 1339 in
1112 1289 1195 1341 his
1221 1275 1652 1355 cogitationibus
1686 1301 1807 1359 qute
1841 1296 2076 1339 mentem
2108 1283 2291 1351 ﬁguris

696 1387 927 1441 ornant,
959 1380 1050 1433 sed
1076 1381 1130 1433 in
1154 1381 1220 1434 iis
1246 1394 1368 1450 qua:
1400 1396 1518 1433 eam
1548 1395 1654 1432 non
1682 1387 1897 1432 ornant.
1932 1379 2056 1432 Ideo
2081 1388 2293 1447 oportet

709 1491 832 1527 eum
874 1473 967 1542 qui
1010 1482 1132 1527 orat
1158 1474 1382 1528 omnino
1412 1472 1479 1525 ab
1509 1471 1573 1524 iis
1608 1470 1881 1540 cogitatis,
1906 1486 2023 1539 quae
2053 1482 2290 1525 mentem

709 1566 895 1634 ﬁguris
948 1565 1179 1632 replent,
1239 1564 1523 1631 separari;
1577 1574 1631 1616 et
1676 1561 1833 1615 aliter
1868 1562 2089 1631 quidem
2123 1560 2295 1616 infor-

707 1658 943 1711 mabitur
972 1672 1127 1710 meus
1167 1666 1400 1709 mentem
1443 1670 1708 1717 cernens;
1746 1665 1799 1706 et
1833 1654 1995 1707 aliter
2037 1654 2295 1720 dispone-

710 1759 819 1814 tur,
849 1751 1069 1803 verbum
1097 1750 1217 1815 ejus
1251 1748 1649 1815 contemplans.
1679 1744 1834 1801 Unde
1862 1746 2129 1800 discimus
2158 1759 2292 1812 quo-

712 1841 876 1893 tnodo
911 1840 1215 1909 spiritualis
1246 1838 1475 1893 scientia
1506 1847 1740 1891 mentem
1778 1852 1808 1891 a
1843 1837 2284 1906 cogitationibus,

2389 649 2499 692 τοις
2524 635 2671 694 ναοῖς
2706 635 2947 684 κατοικεῖ
2985 633 3208 701 Κύριος,
3236 630 3409 690 οὕτως
3434 633 3556 684 οὐδὲ
3589 635 3647 684 ἐν
3691 633 3963 687 διατυπώ-

2392 721 2509 773 σεσί
2550 739 2657 775 τισι
2686 722 2782 775 καὶ
2830 722 3109 791 πλάσμασι
3157 724 3386 790 νοητοῖς.
3419 715 3827 791 Προὸέϐληνται
3850 723 3961 791 γὰρ

2385 813 2557 866 ταῦτα
2606 813 3017 882 ἀποτειχίζοντα
3065 814 3163 880 τὴν
3212 811 3709 884 κεκισδηλευμένην
3768 814 3956 883 ψυχὴν

2385 905 2485 975 τὴν
2534 905 2608 975 μὴ
2652 905 2956 974 δυναμένην
3000 904 3258 975 καθαρῶς
3301 904 3628 969 ὲνατενίζειν
3677 906 3813 976 πρὸς
3860 908 3959 976 τὴν

2386 997 2664 1067 ἀλήθειαν,
2706 997 2819 1051 ἀλλ’
2849 997 2931 1050 ἔτι
2968 997 3061 1050 τοῦ
3115 998 3384 1065 ἐσόπτρου
3420 998 3710 1068 ἐχομένην,
3762 998 3837 1051 cal
3861 998 3955 1051 τοῦ

2385 1090 2725 1160 αἰνίγματος.
2770 1089 2880 1143 Καὶ
2922 1091 2950 1143 ό
2979 1090 3137 1153 ιθεῖος
3170 1089 3478 1161 Εὐάγριος·
3538 1090 3684 1142 Ἐκεῖ
3737 1090 3956 1156 λέγεται

2385 1182 2712 1245 καθέζεσθαι
2767 1180 2859 1234 τὸν
2911 1181 3065 1244 Θεὸν,
3120 1179 3249 1234 ἔνθα
3293 1180 3669 1248 γινώσκεται·
3727 1181 3810 1234 διὸ
3864 1183 3957 1234 καὶ

2385 1274 2572 1343 θρόνος
2615 1273 2832 1341 λέγεται
2876 1274 2971 1328 τοῦ
3011 1274 3170 1338 Θεοῦ,
3206 1274 3329 1335 νοῦς
3361 1276 3621 1344 καθαρός.
3651 1276 3724 1327 Τὸ
3774 1277 3955 1329 τοίνυν

2384 1368 2560 1436 νόημα
2606 1368 2700 1419 τοῦ
2734 1366 2892 1433 Θεοῦ,
2925 1368 3024 1420 οὐκ
3053 1368 3112 1420 ὲν
3156 1370 3270 1429 τοῖς
3297 1370 3567 1438 νοήμασιν
3594 1369 3953 1439 εὑρεθήσεται

2382 1456 2493 1516 τοῖς
2546 1454 2776 1507 τυποῦσι
2826 1455 2917 1510 τὸν
2976 1455 3122 1518 νοῦν,
3157 1456 3274 1510 ἀλλ’
3307 1457 3661 1528 ἐννοήμασιν
3713 1462 3823 1522 τοῖς
3875 1460 3952 1530 μὴ

2380 1546 2633 1598 τυποῦσι.
2680 1547 2880 1617 Διόπερ
2921 1547 3016 1602 τὸν
3051 1549 3494 1619 προσευχόμενον
3522 1550 3605 1603 δεῖ
3635 1552 3950 1604 παντάπασι

2381 1635 2708 1705 χωρίζεσθαι
2742 1637 2851 1690 τῶν
2883 1639 3170 1708 νοημάτων
3194 1640 3303 1693 τῶν
3332 1640 3642 1694 τυπούντων
3664 1642 3758 1695 τὸν
3789 1642 3916 1697 νοῦν
3936 1659 3948 1673 ’

2379 1726 2473 1778 καὶ
2511 1726 2683 1790 ἄλλως
2714 1728 2811 1797 μὲν
2854 1730 3231 1798 τυπωθήσεται
3280 1733 3309 1784 ό
3339 1732 3461 1795 νοῦς
3486 1732 3631 1803 ὀρῶν
3648 1733 3772 1785 νοῦν
3799 1749 3814 1764 ο
3853 1736 3951 1786 καὶ

2380 1816 2551 1877 ἄλλως
2578 1818 2632 1871 δὲ
2678 1818 3056 1888 δια-τεθήσεται
3112 1822 3256 1893 δρῶν
3284 1825 3375 1875 τὸν
3404 1823 3562 1891 λόγον
3589 1824 3777 1877 αὑτοῦ.
3826 1826 3946 1877 Ἐν-

708 1946 827 1996 qua:
860 1904 1032 1996 ipsam
1081 1929 1269 1998 ﬁguris
1314 1928 1521 1997 replent
1548 1928 1816 1997 sejungat.
1852 1904 1984 1994 Quae
2017 1938 2193 1981 autem
2228 1942 2289 1983 se
2321 1904 2397 1962 B“

2259 1942 2289 1982 θ
2321 1904 2566 1962 Βτεῦθεν
2601 1909 2939 1979 μανθάνομεν
2961 1913 3077 1976 πῶς
3103 1917 3135 1984 ὴ
3165 1915 3417 1986 γνῶσιςή
3442 1916 3787 1987 πνευματικὴ
3820 1919 3948 1984 ἀερί-

710 2032 815 2070 non
854 2020 995 2072 circa
1023 2018 1285 2086 imagines
1314 2026 1552 2076 exercet.
1574 2033 1636 2070 ea
1670 2020 2069 2087 apprOpinquat
2103 2019 2227 2072 Deo.
2268 2037 2287 2071 ι

708 2112 773 2164 Et
822 2122 1045 2165 sanctus
1099 2110 1365 2163 Maximus
1399 2110 1452 2163 in
1512 2112 1689 2178 magni
1734 2110 1971 2181 Dionysii
2011 2110 2292 2170 Selioliis:

714 2226 730 2255 ι
770 2205 927 2257 Aliud
958 2213 1039 2255 est
1066 2204 1377 2271 phantasia,
1410 2212 1463 2256 et
1494 2204 1641 2256 aliud
1673 2203 1932 2270 cngitatio
1963 2214 2055 2257 aut
2087 2204 2292 2274 capita-

711 2305 845 2348 tum.
883 2295 919 2346 Α
952 2294 1183 2347 diversis
1210 2294 1354 2345 enim
1398 2292 1749 2347 facultatibus
1780 2296 2058 2356 oriuntur,
2092 2307 2145 2347 et
2178 2310 2295 2347 tnu-

709 2398 796 2440 tus
828 2387 1046 2455 propria
1071 2396 1263 2439 natura
1292 2386 1548 2439 diﬂ'eruut
1574 2387 1715 2438 inter
1745 2402 1823 2440 se.
1849 2386 2122 2454 Cogitatio
2146 2391 2291 2441 enim

707 2479 955 2542 qmedant
994 2477 1230 2530 etlicacia
1258 2485 1338 2529 est
1372 2485 1426 2529 et
1452 2476 1633 2538 actio;
1677 2476 1962 2543 phantasia
1995 2493 2143 2540 vero,
2174 2493 2293 2546 pas-

707 2571 811 2635 sio,
833 2578 886 2623 et
916 2571 1116 2637 imago,
1149 2568 1406 2622 sensibile
1426 2568 1696 2635 quoddam
1733 2575 2153 2636 repraesentans,
2203 2580 2296 2623 aut

708 2671 968 2726 tanquam
1008 2661 1288 2715 sensibile.
1319 2659 1385 2712 Et
1427 2675 1620 2713 sensus
1658 2660 1879 2728 quidem
1917 2677 1979 2713 ea
2015 2676 2136 2730 quae
2165 2672 2294 2715 sunt

709 2753 959 2822 percipit,
989 2769 1081 2821 per
1113 2754 1418 2807 universam
1445 2767 1632 2806 eorum
1656 2754 1908 2806 formam.
1933 2752 2083 2806 Mens
2110 2762 2291 2807 autem

706 2849 775 2903 lis
809 2849 1054 2912 accedit,
1084 2847 1135 2899 id
1194 2859 1302 2912 est,
1356 2862 1418 2900 ea
1473 2862 1593 2916 qua.
1616 2856 1745 2901 sunt
1786 2847 1891 2901 alio
1946 2848 2108 2901 modo
2144 2862 2293 2901 com-

706 2940 989 3008 prehendit
1017 2978 1030 2997 .
1090 2953 1266 3006 neque
1313 2949 1370 2992 ut
1412 2952 1628 2993 sensus.
1678 2938 1864 3005 Quoad
1913 2938 2058 2992 enim
2098 2953 2292 3007 corpo-

709 3044 857 3081 reum
888 3038 981 3081 aut
1014 3028 1319 3096 spitituale,
1356 3028 1502 3081 circa
1532 3030 1673 3097 quod
1703 3030 1866 3082 etiam
1900 3044 2096 3082 sensus
2140 3044 2296 3082 exer-

2380 2016 2537 2070 στησι
2562 2001 2653 2053 τὸν
2678 2001 2799 2054 νοῦν
2818 2001 2925 2055 τῶν
2959 2006 3249 2073 νοημάτων
3282 2006 3392 2079 τῶν
3412 2009 3730 2061 τυπούντων
3758 2011 3939 2079 αὐτόν,

2390 2090 2697 2145 ’Δτῦπωτον
2746 2092 2804 2145 δὲ
2844 2094 3107 2156 ἀσκοῦσα,
3141 2078 3441 2167 παρίστησι
3490 2098 3569 2169 τῷ
3607 2099 3746 2167 Θεῷ.
3779 2103 3887 2154 Καὶ

2376 2183 2529 2250 ἅγιος
2562 2185 2814 2255 Μάξιμος
2857 2188 2915 2240 ἐν
2945 2191 3058 2251 τοῖς
3090 2189 3325 2258 Σχολίοις
3360 2190 3451 2242 τοῦ
3489 2192 3726 2261 μεγάλου
3761 2197 3947 2246 Διονυ-

2380 2273 2494 2326 σίου
2519 2291 2532 2305 ’
2567 2275 2795 2345 Ἕτερόν
2828 2278 2943 2328 ἐστι
2992 2278 3284 2343 φαντασία,
3315 2282 3410 2332 καὶ
3448 2281 3633 2348 ἕτερόν
3672 2284 3788 2335 ἐστι
3823 2284 3949 2351 νόη-

2379 2383 2481 2428 σις,
2511 2367 2629 2435 ἦτοι
2675 2368 2874 2437 νόημα.
2941 2370 3072 2422 Ἀπό
3095 2386 3155 2422 τε
3202 2370 3311 2438 γὰρ
3343 2372 3617 2441 διαφόρων
3661 2374 3946 2443 δυνάμεων

2375 2458 2634 2523 γίνονται,
2664 2459 2757 2511 καὶ
2804 2460 3026 2528 ἰδιότητι
3076 2462 3340 2531 κινήσεως
3368 2461 3478 2535 [Im
3514 2465 3730 2527 λείπει,
3752 2464 3941 2533 διαφέ-

2379 2547 2573 2619 ρουσι].
2594 2550 2654 2601 Ἡ
2689 2551 2787 2621 μὲν
2816 2550 2922 2620 γὰρ
2940 2550 3146 2622 νόησις,
3166 2552 3417 2622 ἐνέργειά
3445 2556 3560 2607 ἐστι
3582 2555 3671 2607 καὶ
3692 2557 3905 2625 ποίησις
3925 2574 3941 2588 ο

2375 2645 2407 2711 ἠ
2433 2642 2489 2694 δὲ
2522 2643 2795 2709 φαντασία
2822 2644 3011 2705 πάθος,
3055 2645 3146 2697 καὶ
3181 2645 3425 2708 τύπωσις
3457 2648 3828 2720 ἁναγγελτικὴ
3854 2652 3934 2701 αἱ-

2375 2734 2573 2802 σθητοῦ
2629 2751 2796 2799 τινος,
2850 2737 2884 2807 ἢ
2932 2735 3010 2797 ὡς
3056 2735 3314 2804 αἰσθητοῦ
3375 2754 3539 2801 τινος.
3585 2740 3693 2792 Καὶ
3750 2742 3782 2808 ὴ
3843 2742 3941 2809 μὲν

2372 2825 2624 2897 αἴσθησις
2660 2826 3119 2895 ἀντιλαμϐάνεται
3162 2828 3270 2880 τῶν
3313 2828 3481 2881 δντων
3544 2832 3685 2883 κατὰ
3736 2833 3942 2902 ἁθρόαν

2378 2918 2678 2993 μόρφωσιν.
2724 2920 2782 2973 Ὀ
2806 2920 2861 2972 δὲ
2888 2920 3011 2982 νοῦς
3038 2921 3353 2988 ἐφάπτεται,
3377 2924 3656 2975 τουτέστιν
3671 2925 3938 2992 ἀντιλαμ-

2371 3008 2592 3062 εῖάνεται
2621 3009 2730 3061 τῶν
2767 3011 2937 3062 ὄντων
2966 3010 3136 3079 ἑτέρῳ
3179 3011 3383 3080 τρόπῳ,
3417 3015 3512 3065 καὶ
3558 3014 3657 3067 οὐκ
3682 3014 3758 3077 ὡς
3794 3017 3936 3085 ήαῖ-

706 3121 813 3172 νει-ἣ
847 3128 1105 3187 possunt,
1146 3129 1205 3172 ut
1246 3119 1361 3171 dixi
1402 3121 1551 3187 prius
1575 3157 1590 3183 ,
1626 3130 1805 3173 motus
1832 3127 1918 3173 est
1954 3118 2208 3187 passivus
2239 3132 2292 3176 et
2368 3119 2395 3154 °

2249 3132 2292 3176 ει
2368 3103 2577 3172 σθησις.
2604 3107 2741 3177 Περὶ
2773 3107 2871 3178 μὲν
2895 3106 2988 3163 οῦν
3010 3111 3071 3162 τὸ
3101 3112 3434 3182 σωματικὸν,
3467 3115 3499 3184 ἢ
3540 3114 3603 3166 τὸ
3630 3131 3938 3184 πνευματι-

709 3212 989 3279 iignratus.
1021 3209 1295 3262 Judicium
1331 3221 1511 3263 autem
1539 3219 1591 3263 et
1615 3210 1925 3263 intellectus
1960 3208 2125 3263 menti
2159 3224 2293 3263 con-
2317 3213 2398 3301 εκ

2251 3226 2293 3262 ι-
2317 3199 2480 3301 cuba,
2502 3201 2560 3251 ἐν
2660 3201 2754 3252 καὶ
2774 3200 2879 3301 τὰς
2912 3201 3366 3301 αἰσθήσειςᾲεῖναι
3389 3204 3582 3301 πρώην
3615 3205 3850 3301 {guttam
3877 3206 3940 3260 τὸ

708 3303 946 3355 «edenda
981 3311 1109 3355 sunt
1141 3315 1195 3356 et
1241 3302 1457 3355 animas.
1487 3301 1625 3355 lluic
1676 3302 1842 3370 igitur
1882 3302 2083 3356 mentis
2126 3301 2285 3355 intel-
2323 3290 2397 3343 "ll

2251 3303 2285 3353 [-
2323 3290 2671 3362 ⁷παθητικδν
2702 3293 2796 3345 καὶ
2821 3294 3164 3365 μορφωτικόν
3198 3298 3313 3348 ἐστι
3344 3296 3574 3366 κίνημα.
3624 3298 3697 3348 Τὸ
3727 3298 3779 3351 δὲ
3812 3315 3940 3366 κρι-

706 3394 870 3447 luctui
910 3394 1225 3463 ilnaginatio
1260 3393 1556 3448 auferenda
1586 3402 1686 3446 est.
1718 3393 2035 3458 lmaginatio
2066 3409 2197 3448 vero
2229 3394 2281 3446 iu

708 3497 818 3538 tres
857 3495 1037 3552 partes
1067 3485 1365 3547 dividitur;
1401 3484 1574 3553 prima
1605 3482 1824 3551 quidem
1858 3492 1944 3537 est
1974 3483 2055 3537 vis
2090 3483 2285 3551 imagi-

705 3575 869 3629 nandi
898 3590 983 3635 ea.
1015 3591 1134 3644 quae
1152 3576 1461 3631 seusibilem
1484 3575 1711 3629 formam
1739 3575 2015 3643 prebent;
2044 3573 2283 3630 secunda

706 3682 855 3730 \ero,
920 3683 980 3719 ca
1019 3667 1100 3719 \‘is
1133 3682 1255 3735 qua:
1294 3683 1359 3719 ex
1426 3666 1835 3720 remanentibns
1898 3666 2140 3736 reliquiis
2200 3675 2283 3737 ty-

705 3775 832 3827 pum
855 3758 1077 3827 eﬂiztgit,
1102 3757 1256 3827 cujus
1284 3757 1547 3825 imagines
1575 3773 1682 3812 non
1714 3760 1779 3812 ad
1811 3758 2015 3828 aliquid
2041 3761 2284 3815 referan-

705 3862 820 3917 tur;
855 3867 977 3919 qua:
1008 3853 1086 3905 \‘is
1110 3852 1327 3921 proprie
1350 3861 1433 3905 est
1458 3852 1776 3920 phantasia;
1808 3854 1963 3907 tertia
1990 3866 2168 3908 autem
2201 3866 2284 3909 est

702 3959 760 3994 ca
788 3944 864 3994 vis
894 3943 1076 4009 inqua
1102 3944 1280 3996 omnis
1304 3945 1485 3996 ltetitia
1513 3953 1565 3997 et
1590 3944 1905 4013 imaginatio
1932 3946 2113 4015 hujus.
2138 3947 2284 4015 quod

702 4036 902 4085 lmnum
934 4034 1165 4098 videtur,
1202 4045 1290 4087 aut
1315 4034 1533 4087 tristitia
1588 4036 1748 4102 hujus
1770 4037 1912 4104 quod
1935 4038 2145 4090 videtur
2172 4053 2285 4090 ma-

703 4124 850 4185 lunt,
900 4123 1285 4191 compingitur.
1327 4120 1481 4176 Nulla
1514 4125 1677 4190 igitur
1702 4166 1717 4188 ,
1750 4142 1810 4176 ex
1862 4126 1945 4179 Itis
1985 4140 2105 4194 qua:
2142 4126 2283 4182 dicta

699 4223 862 4277 sunt,
902 4214 1210 4281 phantasia,
1239 4213 1414 4269 locum
1450 4215 1610 4269 Labet
1643 4216 1709 4270 tie
1760 4216 1889 4273 Deo.
1934 4218 2283 4287 Simplicissi‘

700 4320 822 4355 mus.
866 4305 1008 4356 enim
1065 4320 1226 4373 supra
1253 4307 1637 4374 cogitationem
1696 4316 1779 4362 est
1834 4323 1897 4361 ac
1953 4310 2282 4380 superjacet,

707 4412 722 4442 ι
766 4394 828 4445 Et
859 4410 1070 4447 rursum
1115 4411 1343 4463 magnus
1386 4396 1619 4451 Basilius
1650 4416 1663 4452 :
1707 4418 1725 4450 ι
1768 4399 1917 4455 Mens
1943 4416 2065 4470 quae
2095 4404 2161 4455 ad
2193 4419 2286 4456 cx-

704 4496 854 4538 terna
897 4504 1002 4538 non
1044 4488 1362 4556 dissipatur,
1394 4505 1568 4557 neque
1602 4507 1696 4559 per
1740 4493 1998 4547 mundum
2032 4496 2280 4551 sensibus

2363 3386 2533 3449 τικδν,
2575 3384 2670 3439 καὶ
2729 3385 3137 3456 ἀντιληπτικὺν,
3167 3389 3233 3457 τῇ
3281 3386 3449 3457 ψυχῇ,
3482 3390 3575 3440 καὶ
3623 3388 3703 3458 τῷ
3739 3388 3813 3459 νῷ
3848 3390 3939 3443 δο-

2364 3478 2504 3531 τέον.
2536 3477 2724 3548 Τούτῳ
2745 3473 2837 3531 οῦν
2892 3478 2969 3548 τῷ
3001 3479 3101 3546 τῆς
3129 3479 3306 3549 ψυχῆς
3342 3480 3718 3550 ἀντιληπτικῴ
3744 3484 3838 3534 καὶ
3874 3484 3937 3535 τὸ

2364 3570 2731 3638 φανταστικὸν
2791 3572 3105 3625 ἀποστεῖλαι
3174 3571 3302 3644 [τσ.
3378 3574 3785 3627 ἀποδιαστεῖλαι
3824 3612 3841 3636 ,
3898 3574 3940 3643 ἢ

2368 3659 2704 3731 ὑποστεῖλαι]
2736 3660 2835 3714 δεῖ.
2872 3664 3171 3732 Διαιρεῖται
3190 3662 3246 3716 δὲ
3268 3665 3300 3732 ἡ
3326 3665 3665 3733 φανταστικὴ
3693 3666 3772 3727 είς
3788 3668 3942 3734 τρεῖς

2370 3754 2563 3824 μοίρας
2595 3772 2610 3786 ·
2640 3753 2862 3825 πρώτην
2889 3755 2987 3825 μὲν
3013 3757 3090 3819 εἰς
3117 3756 3213 3826 τὴν
3248 3757 3356 3810 τῶν
3376 3756 3711 3827 ἀντιλήψεων
3740 3759 3944 3811 εἰκονι-

2368 3848 2563 3918 στικὴν
2588 3847 2722 3917 πρός
2749 3847 2816 3901 τὰ
2859 3849 3116 3902 ποιοῦντα
3164 3848 3426 3919 αίσθητήν
3465 3851 3565 3920 τὴν
3609 3850 3895 3919 ἀντίληψιν
3931 3871 3942 3881 ι

2366 3939 2621 4010 δευτέραν
2669 3941 2744 4003 δὲ,
2799 3940 2898 4011 τὴν
2946 3942 3011 3993 ὲκ
3074 3941 3186 3995 τῶν
3241 3944 3514 4013 μενόντων
3565 3943 3942 4013 ὲγκαταλειμ-

2376 4030 2559 4099 μάτων
2602 4030 2711 4083 ἀπὸ
2742 4035 2949 4086 τούτων
2984 4035 3429 4106 ἀνατυπωτικὴν,
3458 4034 3556 4109 τὴν
3590 4040 3664 4107 μὴ
3710 4036 3945 4107 ἔχουσαν

2369 4124 2767 4193 ὲρηρεισμένας
2805 4123 2896 4175 ent
2918 4141 2969 4177 τι
3001 4124 3102 4189 τὰς
3131 4126 3369 4191 εἰκόνας,
3402 4128 3468 4198 ἥν
3490 4128 3584 4181 καὶ
3617 4129 3761 4191 ίδίως
3808 4146 3947 4197 φαν-

2368 4214 2631 4284 ταστικὴν
2687 4215 2944 4269 καλοῦσιν
2978 4232 2992 4247 °
3027 4216 3237 4287 τρίτην,
3274 4219 3333 4270 ὲν
3453 4221 3602 4272 πᾶσα
3634 4218 3816 4289 ἡδονὴ,
3847 4220 3948 4274 καὶ

2372 4305 2641 4371 φαντασία
2685 4304 2969 4370 δοκοῦντος
3012 4307 3239 4375 ἀγαθοῦ,
3273 4308 3307 4378 ἢ
3355 4308 3528 4361 κακοῦ
3576 4309 3716 4363 κατὰ
3760 4311 3945 4379 λυπην

2373 4397 2705 4452 συνίσταται.
2755 4398 2993 4469 Οὐδεμία
3049 4400 3251 4462 τοίνυν,
3287 4401 3429 4455 καθὰ
3460 4403 3694 4473 εἴρηται,
3733 4420 3947 4470 φαντα-

2374 4488 2462 4539 σία
2491 4488 2674 4558 χώραν
2725 4488 2835 4557 ἔχει
2876 4490 2970 4543 ἐπὶ
2998 4490 3133 4543 Θεοῦ
3159 4509 3173 4523 ·
3199 4493 3417 4546 πάντων
3444 4495 3554 4563 γὰρ
3582 4494 3730 4559 ἅπαξ
3754 4495 3946 4560 ἁπλῶς

702 4577 1037 4636 dili‘unditur.
1073 4580 1448 4647 reditquidem
1478 4581 1542 4634 ad
1580 4584 1848 4652 seipsam;
1901 4600 1995 4653 per
2045 4586 2278 4655 seipsam
2315 4578 2391 4654 [)‘3

2256 4602 2278 4641 ω
2315 4578 2510 4654 υῦπὲρ
2544 4578 2759 4632 ἔννοιάν
2791 4582 2929 4645 ἔστι,
2955 4582 3052 4633 καὶ
3081 4582 3420 4651 ὑπέρκειται.
3454 4583 3566 4636 Καὶ
3603 4580 3761 4648 αὖθις
3786 4587 3816 4637 ό
3844 4585 3945 4655 μέ-

702 4684 830 4720 γυιο
864 4670 927 4718 ad
959 4668 1044 4720 Dei
1077 4671 1463 4737 cogitationem
1505 4676 1783 4737 ascendit,
1830 4686 1990 4743 atque
2046 4677 2138 4731 illa
2164 4679 2281 4747 pul-

705 4760 879 4811 chritu
906 4760 1010 4811 line
1053 4761 1341 4826 illustrata,
1372 4763 1541 4832 ipsius
1573 4778 1779 4820 natura:
1813 4768 2144 4824 oblivionem
2194 4787 2283 4826 ac-

702 4850 849 4917 cipit.
878 4851 1002 4905 llaec
1038 4852 1202 4919 igitur
1232 4863 1283 4905 et
1316 4857 1426 4921 ipte
1453 4872 1573 4907 cum
1605 4860 1748 4912 scias
1773 4900 1801 4927 ,_
1834 4858 2009 4915 nitere
2034 4904 2047 4927 ,
2104 4865 2281 4917 omni-

703 4940 804 4993 bus
867 4942 1048 5004 heris,
1108 4959 1229 4998 eum
1263 4944 1389 5010 Deo,
1447 4952 1655 5016 absque
1703 4924 2028 5018 phantasia,
2076 4957 2280 5024 absque

705 5030 873 5096 ﬁgura
892 5044 945 5086 ct
962 5034 1153 5100 forma,
1175 5045 1317 5089 totus
1335 5048 1446 5090 tota
1475 5052 1654 5094 mente
1676 5057 1829 5108 pura,
1848 5053 1896 5097 et
1915 5046 2093 5098 anima
2122 5062 2277 5100 mun-

702 5120 770 5174 u'a
801 5122 1109 5174 omnimodo
1137 5140 1314 5178 orare.
1350 5124 1501 5181 Dicet
1527 5131 1669 5182 enim
1697 5144 1917 5186 sanctus
1952 5136 2238 5191 Maximus.

2369 4688 2468 4739 γας
2535 4670 2850 4735 Βασίλειοςο
2907 4673 3049 4735 Νοῦς
3115 4674 3189 4745 μὴ
3250 4675 3677 4746 σχεδαννύμενος
3719 4678 3813 4729 ἐπὶ
3875 4680 3944 4731 τὰ

2370 4764 2495 4829 ἔξω,
2536 4764 2669 4834 μηδὲ
2723 4765 2828 4817 ὑπὸ
2875 4766 2983 4817 τῶν
3030 4766 3397 4837 αἰσθητηρίων
3450 4770 3543 4822 ἐπὶ
3592 4770 3683 4822 τὸν
3736 4772 3947 4839 κόσμον

2369 4856 2733 4926 διαχεόμενος,
2765 4858 3010 4911 ἐπάνεισι
3060 4860 3159 4927 μὲν
3205 4859 3338 4930 πρὸς
3375 4860 3567 4914 ἑαυτὸν
3595 4879 3609 4892 ·
3641 4862 3709 4914 δι’
3745 4863 3943 4915 ἑαυτοῦ

2368 4947 2422 5000 δὲ
2458 4988 2472 5012 ,
2532 4950 2611 5011 είς
2659 4950 2757 5020 τὴν
2809 4951 2936 5020 περὶ
3005 4951 3141 5004 Θεοῦ
3192 4953 3398 5005 ἔννοιαν
3456 4952 3741 5007 ἀναϐαίνει
3772 4971 3787 4985 ⁸
3841 4957 3945 5010 κὰ-

2370 5041 2532 5108 κείνῳ
2568 5041 2646 5112 τῷ
2689 5041 2875 5095 κάλλει
2936 5043 3437 5119 περιλαμπόμενος,
3477 5046 3572 5098 καὶ
3628 5045 3803 5115 αὐτῆς
3842 5048 3945 5115 τῆς

2370 5133 2583 5199 φύσεως
2647 5134 2817 5204 λήθην
2869 5133 3155 5204 λαμϐάνει.
3217 5136 3404 5190 Ταῦτα
3458 5137 3787 5209 τοιγαροῦν,
3847 5140 3940 5193 χοι

705 5214 862 5271 αὐτὸς
896 5208 1077 5269 εἰδὼς,
1112 5210 1335 5277 ἐπείγου
1374 5212 1500 5265 ὅσοι
1529 5209 1693 5281 ὧραι,
1732 5215 1833 5268 σὺν
1857 5216 1978 5286 Βιῷ
2000 5219 2396 5287 ἁφαντόοτως,
2436 5223 2883 5290 ἀσχηματίστως,
2918 5226 3330 5293 ἀδιατυπὼτως,
3380 5229 3499 5291 ὅλος
3528 5208 3635 5302 δὶιμ
3660 5233 3745 5287 νά
3767 5237 3942 5289 καθα-

702 5307 801 5376 ρῷ,
837 5308 930 5358 καὶ
955 5304 1103 5374 ψυχῇ
1130 5304 1350 5375 καθαρᾷ
1388 5302 1451 5358 εὖ
1465 5307 1658 5374 χεσθαι
1687 5308 1998 5378 όλοτρόπως
2028 5327 2041 5342 ·
2071 5310 2219 5380 Mm
2247 5317 2343 5369 καὶ
2375 5315 2490 5382 γὰρ
2514 5314 2540 5366 ό
2570 5316 2726 5382 ἅγιος
2755 5316 3025 5388 Μάξιμος.

819 5534 892 5587 De
926 5546 1110 5598 mente,
1148 5535 1322 5586 anima
1356 5542 1404 5584 et
1435 5532 1587 5585 corde
1620 5534 1764 5601 puris
1802 5547 1863 5584 ac
1895 5532 2158 5600 perfectis.

782 5738 870 5787 εὖ.
912 5735 1058 5795 .‘deus
1097 5748 1227 5802 pura
1271 5742 1351 5784 est
1386 5746 1448 5785 ca
1478 5746 1598 5800 quae
1646 5746 1713 5784 an
1739 5730 2042 5802 Ignorantia
2070 5740 2277 5784 remuta

710 5845 787 5879 (tsi
819 5846 878 5880 ac
911 5826 1091 5880 divino
1122 5825 1329 5879 lumine
1370 5823 1694 5877 illustratur.

3067 5529 3166 5583 καὶ
3217 5529 3468 5597 καρδίας
3526 5525 3801 5596 καθαρῶν
3845 5528 3951 5583 καί

2378 5530 2515 5599 Περὶ
2562 5531 2719 5601 νοὸς,
2755 5529 2962 5601 ψυχῆς
3067 5529 3190 5653 κᾶτἐί
3217 5547 3277 5582 xc

3034 5616 3097 5652 τε
3194 5615 3277 5653 ων

2451 5716 2699 5783 ξς¹.Περί
2740 5717 2881 5782 νοὸς
2919 5713 3415 5784 καθαροῦ-Νοῦς
3446 5713 3685 5784 καθαρός
3736 5712 3889 5765 ἔστιν
3922 5714 3953 5784 δ

2380 5811 2599 5878 ἀγνοίας
2633 5808 2943 5879 χωρισθεὶς,
2980 5809 3072 5861 καὶ
3105 5806 3211 5861 ὑπὸ
3241 5806 3335 5861 τοῦ
3374 5804 3520 5859 θείου
3554 5805 3731 5875 φωτὸς
3778 5822 3953 5859 κατα-

2379 5903 2747 5973 λαμπόμενος.
