4266 6450
360 411 471 480 753

1581 419 1963 481 OPUSCULA
2003 429 2378 491 ASCETICA.

3503 452 3607 516 ττι

361 543 493 596 Θεὸν
527 548 587 596 ὲν
614 544 792 595 πίστει
824 541 1219 595 ἀνατείνεσθαι·
1245 542 1274 610 ἡ
1299 540 1374 601 δὲ,
1401 541 1566 608 ἤγουν
1600 540 1630 608 ή
1666 536 1805 590 κατά
1827 552 1930 586 παο
1955 539 1990 593 Α
2029 544 2039 584 l

1919 561 1930 573 -
1955 539 1990 593 Α
2029 544 2105 585 ter
2138 546 2299 594 moto.
2338 541 2486 605 juxta
2526 544 2992 607 sapientissimum
3033 550 3344 617 Maximum,
3385 572 3488 610 non
3514 574 3604 612 au-

363 636 616 704 ραδοχὴν,
643 635 862 702 ἁμέσως
894 633 1024 703 παρ’
1060 632 1226 686 αὑτοῦ
1267 631 1360 683 τοῦ
1391 630 1525 681 Θεοῦ
1554 627 1932 687 ὑποστατικῶς

359 729 507 780 ἔνδον
530 729 756 798 καρδίας
790 727 998 796 πέφυκε
1022 726 1289 793 γίνεσθαι,
1324 725 1432 776 ἐσθ’
1465 725 1551 776 ὅτε
1585 723 1678 774 καὶ
1709 721 1926 788 ἔξωθεν,

358 823 453 873 καὶ
495 821 568 889 τῷ
605 819 816 890 σώματι
852 819 1206 889 μεταδιδοῦσα
1242 817 1498 887 ἐμφανῶς
1546 817 1685 884 ὑπὲρ
1721 815 1928 869 ἔννοιαν

353 916 453 983 τῆς
499 914 706 974 οἰκείας
765 913 1082 982 ἑλλάμψεως
1130 914 1225 967 καὶ
1284 911 1375 964 τοῦ
1441 909 1715 963 θειοτάτου
1761 925 1927 977 φωτι-

357 1005 520 1075 σμοῦ,
557 1003 850 1074 ὑπερφυῶς
883 1003 1198 1072 πασχούσης
1224 1003 1330 1071 ίτῆς
1376 1002 1622 1069 καρδίας,
1655 1001 1794 1052 κατὰ
1839 1000 1929 1051 τὸν

356 1097 671 1167 σοφώτατον
727 1096 997 1164 Μάξιμον,
1056 1096 1115 1146 οὐ
1174 1093 1432 1162 ποιούσης
1483 1093 1581 1162 τήν
1634 1093 1928 1161 ἀγέννητον

354 1191 573 1244 θέωσιν.
609 1192 748 1258 Φησὶ
784 1188 893 1259 γὰρ
943 1181 1097 1249 οὗτος
1145 1191 1172 1240 6
1202 1188 1353 1254 ἅγιος
1377 1203 1388 1215 '
1433 1187 1753 1255 Ἀγέννητον
1786 1183 1931 1248 λέγω

351 1282 549 1335 θέωσιν
592 1283 692 1352 τὴν
754 1280 873 1333 κατ’
921 1276 1059 1341 εἶδος
1124 1280 1482 1332 ὲνυπόστατον
1535 1278 1632 1346 τῆς
1677 1279 1928 1348 θεότητος

350 1374 619 1444 ἔλλαμψιν
653 1391 666 1405 ’
701 1374 824 1443 ἥτις
855 1373 954 1426 οὐκ
1006 1371 1118 1441 ἔχει
1159 1372 1393 1439 γένεσιν,
1420 1371 1533 1424 ἀλλ’
1569 1372 1925 1442 ἁνεπινόητον

348 1469 409 1520 ὲν
455 1469 570 1528 τοῖς
624 1465 797 1530 ἀξίοις
845 1465 1171 1535 φανέρωσιν.
1204 1465 1507 1534 Συνᾴδοντα
1554 1466 1666 1525 τοῖς
1716 1464 1925 1532 ῥηθεῖσι

347 1558 498 1624 λέγει
555 1558 648 1610 καὶ
700 1558 728 1610 6
783 1554 958 1625 μέγας
1001 1554 1314 1616 Διονύσιος·
1348 1571 1366 1604 ι
1419 1554 1547 1606 Δέον
1597 1553 1925 1644 εἰδέναιτδν

346 1650 473 1702 καθ’
512 1650 656 1719 ἡμᾶς
688 1647 834 1713 νοῦν,
858 1647 956 1716 τὴν
995 1647 1094 1718 μὲν
1128 1645 1274 1716 ἔχειν
1301 1645 1532 1732 δύγαμιν
1565 1649 1644 1708 είς
1689 1647 1750 1698 τὸ
1777 1649 1917 1698 νοεῖν

345 1738 510 1812 δι’ἦς
565 1742 633 1794 τὰ
692 1741 858 1810 νοητὰ
926 1739 1111 1810 βλέπει
1143 1739 1280 1809 ’τὴν
1338 1739 1396 1791 δὲ
1449 1738 1643 1791 ἕνωσιν
1695 1737 1924 1806 ὑπεραί-

349 1852 553 1904 ρουσαν
613 1833 711 1903 τὴν
761 1833 856 1886 τοῦ
909 1832 999 1885 νοῦ
1060 1832 1266 1900 φύσιν,
1321 1832 1386 1884 δι’
1453 1825 1519 1900 ἧς
1589 1831 1919 1883 συνάπτεται

2028 637 2131 680 tem
2151 628 2263 682 "sibi
2292 631 2684 688 dedicationem
2706 648 2992 704 praestante
3025 659 3129 696 non
3166 661 3500 712 generatam.
3524 650 3608 704 Di-

2025 721 2096 769 cit
2136 723 2276 773 enim
2314 722 2399 775 hic
2434 735 2653 780 sanctus
2701 746 2714 782 :
2745 747 2762 779 ι
2800 730 2913 783 Non
2961 744 3271 800 generatam
3305 738 3427 791 dico
3453 740 3609 792 deili-

2025 814 2316 880 cntionem,
2349 831 2467 868 eam
2503 835 2622 886 qua:
2651 835 2743 888 per
2773 822 3078 880 Divinitatis
3105 829 3336 895 Speciem
3361 831 3437 897 iit,
3474 834 3608 885 illu-

2029 904 2376 959 minationem
2405 927 2418 962 :
2448 927 2568 978 qua:
2591 914 2808 980 quidem
2841 920 3250 986 generationem
3285 941 3389 977 non
3417 925 3600 989 habet,

2025 996 2116 1047 sed
2141 995 2192 1048 in
2214 996 2278 1049 iis
2302 1000 2390 1068 qui
2417 1002 2559 1070 digni
2588 1013 2736 1066 sunt,
2767 1008 3159 1076 incogitabilem
3185 1017 3596 1081 apparitionem.

2027 1086 2092 1137 lis
2119 1104 2237 1152 qua!
2272 1090 2413 1144 dieta
2446 1103 2571 1148 snnt
2627 1100 2993 1166 congruentia
3062 1104 3320 1169 exprimit
3372 1117 3594 1160 sant-tus

2029 1169 2321 1243 Dionysius
2354 1195 2365 1232 :
2416 1199 2431 1230 r
2468 1181 2765 1238 Sciendum
2797 1199 2878 1240 est
2922 1201 3155 1243 mentem
3192 1206 3452 1259 nostram,
3490 1197 3596 1248 vim

2024 1264 2244 1329 quidem
2301 1269 2501 1324 habere
2542 1275 2834 1342 cogitandi,
2897 1295 2992 1348 per
3029 1297 3195 1349 quam
3235 1283 3592 1348 intelligibilia

2023 1357 2232 1411 cernit:
2261 1362 2518 1416 unionem
2557 1381 2685 1419 vero
2717 1371 2930 1432 mentis,
2956 1383 3205 1426 naturam
3225 1376 3594 1445 extollentem,

2025 1461 2119 1514 per
2153 1463 2315 1516 quam
2357 1453 2420 1507 iis
2457 1471 2577 1524 qua:
2601 1459 2740 1513 ultra
2780 1462 2949 1530 ipsam
2981 1476 3130 1526 sunt,
3163 1466 3543 1537 coniungitur.
3576 1491 3593 1522 ι

2025 1537 2090 1592 Ει
2132 1543 2253 1608 pius
2285 1543 2473 1601 Isaac:
2509 1567 2526 1598 ι
2562 1551 2702 1606 Duos
2735 1553 2931 1608 animae
2992 1557 3181 1610 oculos
3219 1560 3590 1626 possidemus.

2026 1645 2081 1685 ut
2129 1633 2318 1690 dicunt
2351 1636 2560 1708 Patres,
2598 1660 2772 1713 neque
2831 1647 3022 1702 eadem
3094 1659 3178 1703 est
3229 1653 3437 1706 utilitas
3497 1670 3592 1723 per

2026 1735 2315 1796 utrumque
2355 1737 2994 1802 contemplationismno
3027 1742 3248 1810 quidem
3273 1745 3590 1815 oculo,qu:e

2025 1820 2076 1869 in
2119 1822 2328 1876 naturis
2360 1825 2675 1881 abscondita
2735 1839 2881 1894 sunt,
2916 1833 3191 1901 videmus;
3241 1851 3434 1904 nempe
3497 1838 3591 1892 Dei

345 1928 484 1996 πρὸς
516 1927 583 1978 τὰ
632 1925 890 1976 ἐπέκεινα
940 1921 1157 1976 ἑαυτοῦ.
1202 1940 1219 1972 ι
1261 1921 1371 1974 Καὶ
1423 1923 1451 1973 6
1498 1922 1643 1983 ὅσιος
1681 1921 1864 1972 Ἰσαάκ
1899 1937 1913 1951 ο
1951 1915 2030 1975 BI

1908 1938 1913 1951 .
1951 1915 1988 1966 ις
2019 1913 2312 1975 potentiam
2359 1926 2412 1967 et
2451 1919 2795 1986 sapientiam,
2828 1933 2882 1975 et
2912 1925 3031 1991 ejus
3063 1941 3190 1995 erga
3253 1944 3352 1984 nos
3403 1931 3593 1985 Provi-

351 2037 371 2070 ι
431 2017 534 2070 Δύο
625 2017 938 2085 ὀφθαλμοὺς
999 2014 1314 2084 κεκτήμεθα
1380 2012 1687 2081 ψυχικοὺς,
1737 2011 1919 2073 καθὼς

340 2109 595 2177 λέγουσιν
639 2110 686 2161 oi
721 2108 994 2177 Πατέρες,
1029 2106 1122 2158 καὶ
1168 2106 1268 2174 οὐχ
1325 2104 1358 2174 ἡ
1412 2103 1548 2172 αὑτὴ
1603 2104 1758 2173 χρεία
1819 2104 1916 2169 τῆς

335 2202 406 2255 δι’
461 2202 727 2270 ἑκατέρου
779 2199 1012 2269 θεωρίας
1049 2215 1064 2230 ·
1108 2200 1166 2251 ὲν
1197 2200 1277 2250 ἑνὶ
1325 2197 1422 2267 μὲν
1465 2197 1573 2266 γὰρ
1628 2193 1912 2263 ὀφθαλμῷ,

337 2296 404 2348 τά
424 2295 783 2364 κεκρυμμένα
823 2296 878 2346 ἐν
910 2296 1026 2354 ταῖς
1061 2291 1284 2360 φύσεσιν
1307 2291 1524 2360 ὁρῶμεν
1559 2305 1572 2317 °
1611 2290 1780 2355 ἧγουν
1814 2288 1910 2356 τὴν

333 2387 568 2456 δύναμιν
604 2385 700 2438 τοῦ
746 2385 1029 2451 Θεοῦ,’κα“ι
1083 2384 1181 2454 τὴν
1225 2383 1416 2452 σοφίαν
1451 2380 1636 2447 αὑτοῦ,
1667 2379 1763 2432 καὶ
1815 2377 1913 2450 τὴν

334 2479 468 2548 περὶ
504 2480 649 2548 ἡμᾶς
704 2479 961 2549 πρόνοιαν
994 2476 1184 2542 αὐτοῦ,
1220 2476 1318 2546 τὴν
1346 2473 1914 2545 καταλαμϐανομένην

332 2572 398 2622 ὲκ
427 2572 524 2640 τῆς
549 2573 840 2641 ἁγιότητος
871 2571 972 2641 τῆς
997 2572 1376 2641 κυϐερνήσεως
1401 2569 1566 2623 αὑτοῦ
1606 2571 1684 2631 είς
1716 2569 1862 2638 ἡμᾶς
1895 2581 1911 2598 °

329 2663 429 2715 καὶ
460 2665 517 2714 ἐν
550 2662 627 2731 τῷ
652 2665 825 2734 ἑτέρῳ
852 2663 1138 2733 ὀφθαλμῷ,
1166 2662 1477 2733 θεωροῦμεν
1509 2663 1605 2730 τὴν
1629 2661 1786 2724 δόξαν
1814 2660 1918 2727 τῆς

332 2753 554 2818 φύσεως
599 2753 764 2806 αὑτοῦ
815 2755 911 2821 τῆς
945 2755 1127 2819 ἁγίας,
1159 2756 1247 2806 ὅτε
1296 2755 1374 2815 είς
1402 2754 1470 2806 τὰ
1517 2757 1789 2822 μυστήρια
1848 2754 1914 2803 τὰ

334 2835 692 2904 πνευματικὰ
720 2836 1053 2906 εὐδοκήσειό
1083 2840 1214 2902 Θεὸς
1238 2842 1449 2906 είσάξαι
1485 2846 1648 2912 ἡμᾶς.
1684 2863 1701 2896 ι
1744 2847 1850 2898 Καὶ
1886 2848 1914 2900 6

329 2927 475 2987 θεῖος
509 2926 783 2996 Διάδοχοςο
815 2947 831 2977 ι
871 2929 977 2981 Τοῦ
1004 2932 1102 2999 μὲν
1135 2932 1250 2993 ἑνὸς
1283 2933 1441 2999 ἁγίου
1465 2934 1779 3005 Πνεύματος
1811 2939 1916 2990 είσὶ

325 3017 674 3086 χαρίσματα,
698 3018 732 3085 ἧ
771 3034 828 3068 τε
863 3019 1046 3086 σοφία,
1074 3022 1166 3071 καὶ
1255 3023 1474 3088 γνῶσις,
1522 3025 1595 3086 ὡς
1619 3025 1713 3078 καὶ
1741 3027 1914 3078 πάντα

322 3109 392 3160 τα
441 3109 561 3158 θεῖα
602 3107 916 3177 χαρίσματα
947 3125 960 3138 ο
1010 3110 1144 3162 ἰδίαν
1198 3113 1251 3164 δὲ
1300 3114 1487 3183 ὥσπερ
1528 3116 1756 3170 ἕκαστον
1815 3121 1914 3190 τὴν

2023 2002 2280 2068 dentiam,
2312 2020 2474 2072 quam
2511 2012 2838 2080 percipimus
2869 2032 2933 2070 ex
2969 2020 3263 2074 sanctitate
3296 2023 3592 2090 guberna-

2025 2094 2188 2148 tionis
2216 2096 2337 2164 ejus
2364 2097 2417 2152 in
2456 2116 2557 2156 nos
2582 2117 2597 2165 ;
2625 2103 2798 2160 altero
2827 2119 3006 2162 autem
3039 2112 3220 2173 oculo,
3248 2125 3447 2167 sanctaI
3476 2117 3594 2184 ejus

2022 2197 2228 2242 naturae
2265 2191 2489 2258 gloriam
2542 2201 2974 2267 contenplamur,
3032 2205 3257 2272 quando
3319 2206 3372 2259 in
3431 2206 3593 2276 spiri-

2023 2281 2184 2334 tualia
2219 2287 2470 2353 mysteria
2505 2303 2605 2341 nos
2643 2289 2784 2344 Deus
2815 2291 3167 2350 introducere
3200 2296 3536 2366 dignabitur.
3564 2317 3584 2351 ι

2024 2367 2083 2422 Et
2127 2372 2346 2430 divinus
2379 2377 2684 2433 Diadochus
2719 2397 2734 2436 :
2768 2400 2785 2433 ι
2820 2381 2990 2437 Unius
3015 2385 3233 2453 quidem
3267 2390 3443 2443 sancti
3475 2388 3598 2459 Spi-

2023 2465 2160 2517 ritus
2181 2467 2322 2519 dona
2349 2479 2544 2525 suntet
2568 2473 2834 2540 sapientia
2867 2485 2918 2527 et
2959 2477 3210 2541 scientia,
3239 2486 3298 2532 ut
3326 2489 3378 2533 et
3408 2481 3595 2536 omnia

2019 2555 2196 2609 divina
2239 2558 2395 2613 dona.
2438 2560 2658 2630 Singula
2698 2574 2876 2618 autem
2910 2568 3196 2636 propriam
3231 2570 3437 2625 habent
3468 2572 3588 2626 elli-

2019 2649 2244 2702 caciam.
2305 2651 2484 2721 Itaque
2538 2655 2627 2708 alii
2683 2657 2902 2724 quidem
2938 2660 3054 2711 dari
3091 2661 3444 2729 sapientiam,
3483 2665 3583 2729 alii

2022 2755 2153 2794 vero
2196 2743 2483 2797 scientiam
2515 2747 2568 2799 in
2619 2747 2813 2802 eodem
2856 2751 3048 2818 spiritu
3083 2764 3313 2808 testatur
3367 2755 3600 2824 Aposto-

2020 2831 2126 2887 lus.
2160 2834 2399 2889 Scientia
2424 2838 2569 2891 enim
2601 2839 2873 2894 hominem
2937 2846 3279 2912 experientia
3315 2845 3424 2901 Deo
3465 2865 3597 2902 cou-

2013 2925 2215 2993 jungit,
2248 2927 2483 2981 animam
2516 2945 2622 2983 non
2676 2947 2901 2987 movens
2934 2936 2999 2988 ad
3060 2953 3240 2990 rerum
3280 2939 3592 2996 ratiocinia.

2017 3016 2141 3070 Ideo
2157 3026 2210 3070 et
2237 3021 2480 3075 nonnulli
2501 3037 2687 3076 eorum
2713 3026 2805 3094 qui
2833 3031 3187 3083 monasticam
3216 3033 3378 3086 vitam
3404 3045 3590 3103 agunt.

2018 3124 2112 3177 per
2163 3125 2281 3164 eam
2309 3111 2360 3164 in
2415 3128 2577 3168 sensu
2613 3115 3019 3178 illuminantur:
3062 3137 3166 3175 non
3201 3129 3385 3179 autem"
3411 3125 3478 3180 ad
3512 3129 3592 3181 di-

325 3201 617 3268 ὲνέργειαν
668 3199 802 3269 ἔχει.
841 3203 1041 3272 Διόπερ
1081 3204 1224 3272 ἄλλῳ
1280 3210 1375 3274 μὲν
1409 3207 1645 3261 δίδοσθαι
1699 3211 1911 3278 σοφίαν,
1938 3248 1981 3304 c

1902 3248 1981 3304 ,ε
2019 3201 2142 3254 vina
2205 3203 2492 3258 ratiocinia
2565 3209 2906 3274 perveniunt.
2973 3211 3248 3281 Sapientia
3334 3233 3480 3280 vero,
3543 3222 3587 3274 si

336 3289 486 3359 ἄλλῳ
517 3290 571 3341 δὲ
610 3290 812 3357 γνῶσιν
851 3292 989 3343 κατὰ
1010 3293 1068 3344 τὸ
1100 3297 1229 3348 αὐτὸ
1263 3297 1549 3364 Ιινεῦμα,ὁ
1588 3299 1911 3362 Ἀπόστολος

325 3387 604 3453 μαρτυρεῖ
629 3399 642 3411 ’
673 3387 704 3452 ἡ
744 3385 844 3453 μὲν
887 3387 993 3456 γάρ
1024 3389 1245 3453 γνῶσις,
1280 3392 1417 3460 αὺτῇ
1454 3392 1617 3462 πείρᾳ
1647 3395 1910 3448 συνάπτει

320 3475 412 3525 τὸν
437 3474 747 3543 ’ἄνθρωπον
782 3475 859 3544 τῷ
894 3478 1031 3547 Θεῷ,
1067 3480 1144 3540 είς
1185 3481 1375 3548 λόγους
1416 3484 1520 3534 τῶν
1567 3486 1910 3555 πραγμάτων

319 3566 418 3631 τὴν
447 3563 627 3634 ψυχὴν
651 3565 736 3634 μὴ
762 3567 1010 3623 κινοῦσα.
1045 3571 1134 3621 Διὸ
1161 3572 1252 3622 καί
1278 3587 1417 3636 τινες
1442 3574 1548 3626 τῶν
1571 3576 1665 3627 τὸν
1699 3579 1908 3647 μονήρη

321 3655 439 3724 βίον
488 3657 953 3725 φιλοσοφούντων,
986 3663 1312 3727 φωτίζονται
1367 3666 1466 3734 μὲν
1520 3667 1612 3718 ὑπ’
1645 3668 1815 3734 αὐτῆς
1856 3673 1910 3722 ὲν

317 3749 576 3816 αἰσθήσει
611 3764 624 3776 ·
660 3751 739 3812 εἰς
788 3751 845 3803 δὲ
899 3752 1088 3819 λόγους
1133 3755 1310 3819 θείους
1360 3760 1458 3810 οὐκ
1526 3761 1798 3829 ἔρχονται.
1847 3762 1910 3814 Ἦ

317 3837 374 3889 δὲ
411 3839 595 3905 σοφία,
629 3841 787 3910 εἴπερ
820 3843 958 3910 μετὰ
981 3845 1180 3914 ταύτης
1204 3849 1262 3899 ἐν
1296 3847 1444 3918 φόϐῳ
1468 3851 1592 3919 δοθῇ
1619 3870 1720 3905 τινι
1755 3855 1910 3923 (σπά-

318 3944 431 3978 νιον
457 3927 512 3978 δὲ
547 3929 748 3997 τοῦτο),
780 3932 952 3994 αὑτὰς
976 3935 1072 3996 τὰς
1099 3937 1376 4005 ἐνεργείας
1401 3945 1622 4010 φανεροί
1643 3946 1738 4012 τῆς
1771 3945 1911 4010 γνώ-

319 4035 498 4079 σεως·
542 4021 730 4090 ἐπειδὴ
772 4024 804 4092 ὴ
855 4029 972 4093 μὲν,
1006 4029 1071 4095 τῇ
1109 4029 1406 4099 ἐνεργείᾳ·
1447 4034 1476 4099 ἡ
1527 4033 1604 4096 δὲ,
1634 4034 1710 4103 τῷ
1761 4036 1904 4105 λόγῳ

317 4110 580 4173 φωτίζειν
612 4112 822 4164 εἴωθεν.
865 4115 1026 4168 Ἀλλὰ
1046 4119 1142 4186 τὴν
1183 4121 1280 4188 μὲν
1307 4123 1510 4187 γνῶσιν
1541 4126 1672 4193 εὐχὴ
1722 4127 1901 4196 φέρει,

319 4201 412 4254 καὶ
456 4201 626 4272 πολλὴ
678 4204 878 4273 ἡσυχία
923 4208 978 4258 ἐν
1042 4209 1345 4281 ἀμεριμνίᾳ
1394 4215 1663 4268 παντελεῖ.
1699 4218 1811 4284 Τὴν
1851 4219 1907 4270 δὲ

321 4290 540 4355 σοφίαν,
576 4292 894 4359 ἀκενὸδοξος
945 4297 1145 4365 μελέτη
1201 4300 1307 4351 τῶν
1342 4302 1540 4368 λογίων
1594 4301 1689 4356 τοῦ
1748 4305 1905 4360 Θεοῦ.

313 4383 432 4452 ,Καὶ
469 4381 689 4450 πρῶτον
738 4386 770 4452 η
803 4384 963 4454 χάρις
999 4386 1090 4439 τοῦ
1117 4389 1350 4455 διδόντος
1382 4393 1539 4444 Θεοῦ.
1581 4413 1597 4444 ι
1640 4395 1780 4465 Πρὸς
1825 4397 1902 4461 δὲ,

317 4472 415 4523 καὶ
443 4475 471 4524 6
513 4474 669 4541 ἆγιός
718 4492 850 4543 φησι
887 4478 1142 4546 Μάξιμος
1199 4483 1255 4532 ἐν
1305 4487 1414 4545 τοῖς
1452 4485 1688 4553 Σχολίοις
1722 4503 1736 4516 ·
1778 4505 1796 4537 ι
1834 4488 1906 4539 Τὸ

2018 3293 2103 3346 cui
2161 3311 2284 3348 eum
2318 3311 2380 3350 ea
2439 3297 2493 3352 in
2537 3301 2733 3353 timore
2770 3301 3001 3357 donetur
3031 3308 3236 3370 (rarum
3274 3321 3454 3364 autem
3483 3314 3586 3368 hoc

2018 3383 2142 3450 est.)
2181 3385 2326 3452 ipsas
2362 3389 2603 3445 scientiae
2645 3392 2786 3447 vires
2833 3396 3086 3464 explicat,
3119 3403 3376 3468 quoniam
3413 3405 3586 3461 altera

2015 3476 2234 3543 quidem
2293 3479 2551 3544 eﬂicacia,
2608 3482 2776 3535 altera
2814 3500 2942 3538 vero
2999 3489 3207 3543 ratione
3273 3492 3582 3548 illuminare

2015 3567 2178 3621 solet.
2207 3567 2309 3622 Sed
2339 3570 2625 3627 scientiam
2665 3582 2842 3628 oratio
2872 3579 3036 3632 alTert
3062 3593 3114 3634 et
3162 3597 3355 3650 magna
3387 3588 3440 3638 in
3500 3600 3586 3639 se-

2015 3663 2245 3718 curitate
2296 3669 2678 3736 tranquillitas.
2738 3688 2849 3726 non
2902 3691 3052 3729 ranae
3110 3677 3296 3745 gloriae
3324 3691 3585 3748 appetens

2015 3757 2362 3810 oraculorum
2437 3761 2526 3814 Dei
2586 3764 2891 3818 meditatio.
2926 3768 2990 3820 Et
3054 3772 3228 3837 primo
3280 3771 3453 3841 gratia
3504 3783 3586 3829 est

2019 3845 2103 3898 Dei
2162 3849 2433 3905 donantis.
2475 3869 2493 3902 ι
2550 3855 2628 3907 Ad
2687 3857 2815 3921 luce,
2909 3859 3041 3912 dicit
3097 3877 3315 3931 quoque
3364 3874 3584 3919 sanctus

2014 3941 2279 3997 lllaximus
2300 3944 2352 3996 in
2383 3944 2653 4001 Scholiis:
2686 3967 2706 4000 ι
2739 3949 2938 4005 Puteus
2959 3951 3129 4008 Jacob
3152 3966 3234 4009 est
3260 3957 3583 4026 Scriptura:

2014 4047 2152 4098 aqua
2207 4050 2356 4101 vero,
2385 4052 2447 4091 ea
2479 4053 2600 4106 quia:
2631 4042 2681 4094 in
2716 4041 2993 4110 Scriptura
3041 4057 3122 4100 est
3155 4051 3383 4102 screntia
3417 4070 3430 4115 ;
3460 4055 3582 4119 pro-

2025 4120 2250 4176 fundum
2289 4140 2437 4193 \ero,
2473 4129 2770 4199 Scriptura:
2808 4136 3152 4204 aenigmatum
3183 4138 3416 4195 diﬂieilis
3447 4157 3580 4196 con-

2012 4219 2291 4286 templatio
2318 4238 2330 4273 :
2361 4222 2596 4280 haustus
2635 4237 2817 4282 autem
2855 4240 2939 4283 est
2970 4231 3138 4286 divini
3169 4235 3312 4288 verbi
3355 4251 3448 4306 per
3500 4237 3579 4292 lit-

2010 4318 2153 4365 teras
2177 4313 2462 4382 disciplina
2492 4357 2504 4379 ,
2544 4333 2710 4387 quam
2752 4334 2862 4374 non
2889 4323 3115 4377 habebat
3146 4325 3427 4392 Dominus,
3455 4345 3578 4384 cum

2008 4401 2124 4470 ipse
2146 4417 2289 4458 esset
2321 4405 2651 4474 ipsissimum
2694 4408 2934 4465 Verbum
2992 4429 3170 4484 neque
3203 4419 3487 4475 scientiam
3513 4436 3586 4475 ex-

2009 4493 2292 4563 disciplina
2353 4504 2404 4550 et
2440 4499 2791 4556 meditatione
2853 4504 3215 4560 credendibus
3262 4509 3448 4573 dedit,
3484 4512 3575 4565 sed

316 4566 498 4634 φρέαρ
529 4565 624 4617 τοῦ
667 4567 863 4619 Ἰακώϐ
887 4572 1037 4621 ἐστιν
1063 4573 1093 4640 ἡ
1134 4573 1320 4643 Γραφή
1349 4593 1360 4604 ·
1387 4576 1446 4627 τὸ
1478 4578 1531 4628 δὲ
1561 4578 1706 4647 ὕδωρ
1737 4580 1903 4644 ἐστὶν,
1933 4608 1974 4662 D

1891 4620 1903 4644 ,
1933 4608 1974 4662 υ
2006 4596 2123 4636 eam
2148 4601 2266 4651 quae
2286 4600 2349 4638 ex
2379 4590 2547 4656 gratia
2574 4604 2925 4658 permanente
2952 4604 3004 4646 et
3046 4597 3340 4664 spirituali,
3377 4615 3576 4670 peren-

316 4659 347 4724 ή
375 4674 436 4707 ιν
481 4658 546 4725 τῇ
574 4657 760 4728 Γραφῇ
789 4659 990 4726 γνῶσις
1027 4681 1038 4691 ι
1071 4663 1132 4714 τὸ
1161 4664 1216 4715 δὲ
1249 4665 1433 4733 βάθος,
1469 4669 1501 4735 ή
1535 4667 1642 4720 τῶν
1698 4671 1904 4739 Γραφι-

315 4744 431 4797 κὼν
476 4746 818 4816 αἰνιγμάτων
873 4749 1270 4824 δυσδιεξίτητος
1335 4757 1535 4825 θεωρία
1561 4775 1573 4788 ·
1612 4759 1671 4812 τὸ
1709 4760 1764 4813 δὲ
1807 4763 1903 4816 ἆν-

313 4839 506 4905 τλημά
550 4841 701 4894 ἐστιν
733 4843 766 4912 ή
805 4842 895 4895 διὰ
919 4844 1026 4896 τῶν
1061 4847 1402 4915 γραμμάτων
1432 4851 1524 4903 τοῦ
1574 4851 1716 4905 θείου
1747 4853 1902 4922 λόγου

317 4929 585 4998 μάθησις·
619 4932 685 5003 ήν
735 4936 835 4988 οὐκ
867 4932 1014 5006 εἶχεν
1058 4940 1085 4990 6
1132 4941 1358 5010 Κύριος,
1392 4943 1684 5012 αὑτολόγος
1725 4948 1904 5020 ὑπάρ-

315 5045 452 5093 χων,
488 5029 584 5080 καὶ
622 5029 684 5081 οὐ
714 5031 814 5101 τὴν
849 5035 914 5085 ἐκ
963 5034 1256 5104 μαθήσεως
1316 5040 1407 5091 καὶ
1444 5041 1673 5111 μελέτης
1706 5043 1904 5109 γνῶσιν

313 5117 500 5178 διδοὺς
547 5121 661 5184 τοῖς
708 5123 1086 5189 πιστεύουσιν,
1112 5127 1250 5181 ἀλλὰ
1307 5129 1402 5200 τήν
1443 5133 1504 5183 ἐκ
1532 5134 1752 5202 χάριτος
1781 5137 1903 5189 άεν-

313 5212 447 5265 νόου
507 5219 888 5285 πνευματικῆς
941 5218 1166 5271 ἀένναον
1209 5221 1421 5289 σοφίαν,
1454 5224 1548 5277 καὶ
1593 5225 1728 5294 μηδέ
1775 5242 1903 5280 ποτε

312 5305 596 5371 λήγουσαν
621 5308 731 5369 τοῖς
773 5305 944 5370 ἀξίοις
974 5309 1316 5381 δωρούμενος
1350 5330 1362 5343 '
1400 5316 1461 5366 τδ
1490 5316 1598 5386 γὰρ
1633 5318 1901 5387 ἄντλημα,

315 5395 670 5465 τούτεστινὴ
719 5398 979 5468 μάθησις,
1011 5402 1178 5472 μέρος
1226 5404 1506 5473 ἐλάχιστον
1552 5407 1903 5477 λαμϐάνουσα

314 5485 596 5551 γνώσεως,
625 5487 686 5539 τὸ
722 5489 829 5541 πᾶν
861 5490 948 5560 ἑᾷ,
985 5493 1179 5560 μηδενὶ
1215 5495 1360 5566 λόγῳ
1397 5500 1790 5569 κρατούμενον.
1839 5504 1903 5556 Ἡ

311 5577 368 5628 δὲ
399 5578 542 5628 κατὰ
595 5577 753 5647 χάριν
788 5581 1013 5646 γνῶσις,
1046 5583 1175 5651 ὃλην
1206 5585 1338 5656 ἔχει,
1374 5594 1465 5640 καὶ
1493 5591 1612 5659 δίχα
1651 5594 1898 5664 μελέτης,

313 5669 662 5739 τὴνὲφικτὴν
679 5671 986 5740 ἀνθρώποις
1014 5677 1225 5742 σοφίαν,
1257 5681 1391 5748 προς
1433 5683 1528 5742 τὰς
1556 5685 1745 5752 χρείας
1775 5704 1901 5738 ποι-

315 5760 484 5821 κέέιως
523 5760 921 5828 βλυστάνουσα.
964 5783 981 5814 ι
1015 5767 1123 5818 Καὶ
1157 5763 1311 5831 αὖθις
1347 5773 1372 5822 ὀ
1404 5770 1556 5838 ἅγιος
1603 5777 1857 5845 Διάδοχος
1884 5796 1897 5808 ·

322 5869 339 5900 ι
387 5849 447 5904 ’0
475 5852 602 5915 νοῦς
633 5854 810 5923 ἡμῶν,
845 5857 909 5909 τὰ
941 5858 1107 5910 πολλὰ
1160 5861 1282 5928 περὶ
1313 5864 1408 5932 μὲν
1447 5865 1542 5932 τὴν
1575 5869 1897 5938 προσευχὴν.

2008 4677 2092 4728 nis
2122 4688 2224 4739 est,
2264 4693 2441 4748 neque
2475 4696 2711 4749 unquam
2742 4696 2942 4751 cessat,
2964 4687 3141 4754 dignis
3160 4689 3402 4746 donavit.
3429 4693 3571 4748 llau-

2005 4776 2126 4819 eius
2161 4767 2328 4830 enim,
2367 4767 2416 4820 id
2471 4779 2555 4823 est
2626 4771 2937 4839 disciplina,
2996 4777 3290 4833 nonnullas
3339 4780 3571 4836 scientia!

2004 4867 2186 4925 partes
2228 4858 2660 4926 apprehendens,
2691 4869 2862 4915 totum
2889 4864 3166 4934 relinquit,
3187 4869 3336 4922 nulla
3367 4872 3569 4925 ratione

2003 4949 2134 5004 illud
2167 4965 2439 5020 occupare
2481 4953 2685 5007 valens.
2718 4952 2850 5019 Quae
2896 4966 3077 5010 autem
3121 4963 3419 5015 secundum
3452 4978 3571 5033 gra~

2004 5040 2131 5094 tiam
2197 5052 2280 5097 est
2365 5044 2619 5109 scientia,
2674 5054 2841 5100 totam
2903 5049 3066 5103 habet
3133 5052 3479 5120 sapientiam,
3520 5065 3567 5109 et

2003 5133 2209 5201 absque
2243 5136 2620 5203 meditatione,
2645 5153 2764 5191 eam
2798 5156 2917 5208 qua:
2946 5141 3260 5197 hominibus
3287 5148 3564 5216 competit,

2001 5224 2065 5278 ad
2092 5226 2376 5280 utilitatem
2401 5229 2629 5292 variam,
2661 5233 2910 5299 gignens.
2943 5251 2960 5283 ι
3018 5235 3078 5287 Ει
3102 5250 3318 5288 rursum
3342 5250 3562 5294 sanctus

1998 5317 2341 5376 Diadochus:
2383 5339 2401 5371 ι
2439 5320 2587 5377 Mens
2640 5332 2846 5385 nostra,
2892 5325 3086 5394 inquit,
3142 5327 3462 5398 plerumque
3497 5331 3562 5384 ad

1999 5411 2301 5463 orationem
2356 5411 2571 5468 dimcilc
2615 5424 2898 5480 movetur;
2953 5417 3078 5482 quia
3137 5432 3328 5486 nempe
3392 5420 3558 5474 virtus

1997 5504 2232 5569 Optativa
2266 5503 2432 5558 nimis
2455 5514 2602 5558 arcta
2629 5517 2680 5556 et
2714 5518 2943 5576 augusta
2976 5518 3093 5573 est;
3128 5511 3414 5580 theologia:
3435 5528 3558 5567 νει-ο

1997 5594 2168 5648 libens
2225 5595 2457 5663 seipsam
2510 5597 2693 5656 tradit,
2763 5598 2889 5665 quia
2958 5601 3136 5652 divina
3171 5604 3557 5671 contemplatic

1996 5684 2145 5752 larga
2183 5694 2237 5737 et
2288 5686 2462 5740 soluta
2510 5694 2613 5740 est.
2655 5685 2730 5740 Ne
2784 5697 2961 5740 autem
3018 5689 3118 5757 ipsi
3154 5692 3319 5744 inulta
3347 5694 3556 5749 dicendi

1997 5776 2328 5828 voluntatem
2386 5778 2598 5840 demus,
2651 5795 2711 5830 ac
2742 5796 2901 5847 supra
2940 5783 3159 5834 modum
3193 5785 3410 5837 evolare
3442 5802 3560 5840 eam

1995 5869 2260 5932 sinamus,
2302 5870 2516 5935 ltetitite,
2553 5873 2781 5925 orationi
2818 5871 3132 5944 plet-untque
3157 5886 3207 5927 ct
3251 5876 3552 5947 psalmodia
