4266 6450
749 406 853 472 759
1558 399 1889 461 CALLIS'I'I
1931 401 2025 459 ET
2071 399 2367 460 IGNATH
2413 399 3097 461 XANTHOPULORUM
3848 395 3954 455 760

747 542 864 579 nem
905 541 962 578 ac
1004 525 1405 577 similitudinem
1449 535 1597 572 mens
1624 518 1798 570 induit
1827 526 1879 571 et
1915 527 2115 581 servat,
2169 532 2291 571 cum
2323 525 2432 577 Ανε

2267 533 2291 570 tt
2323 525 2365 577 Δ
2387 539 2496 574 νειο
2523 521 2757 592 κάκείνῳ
2786 522 2862 591 τῷ
2893 521 3078 573 κάλλει
3109 522 3593 591 περιλαμπόμενός
3647 538 3704 573 τε
3735 522 3831 574 καὶ
3865 522 3952 574 ἐλ-

747 637 894 673 tnens
923 621 993 671 sit
1025 629 1179 684 etper
1214 633 1269 670 se
1322 615 1626 666 immediate
1659 613 2120 681 spiritualiterque
2165 624 2286 663 cum
2384 613 2432 666 λι

2266 624 2286 660 n
2384 613 2752 682 λαμπόμενος,
2779 615 2870 666 καὶ
2892 613 3060 682 αὐτῆς
3091 617 3186 682 τῆς
3209 615 3420 680 φύσεως
3441 613 3610 682 λήθην
3631 614 3914 683 λαμϐάνει.
3932 635 3951 667 ι

745 714 921 764 divina
965 718 1160 768 mente,
1193 724 1310 761 cum
1346 705 1451 759 Deo
1474 707 1674 759 scilicet
1697 709 1962 757 :tdunetur
1988 711 2038 754 et
2063 716 2291 754 contu-r-
2386 708 2429 757 κ

2270 728 2291 738 ·
2386 708 2497 757 Καὶ
2527 705 2669 758 οὕτω
2690 706 2829 773 -γοῦν
2865 709 2955 759 καὶ
2986 708 3044 758 τὸ
3083 707 3202 758 κατ’
3233 708 3418 758 εἰκόνα
3438 746 3453 769 ,
3491 709 3584 758 καὶ
3616 709 3736 760 καθ’
3759 709 3949 778 ὁμοίω-

747 814 911 858 setur.
946 797 1060 869 Ipsa
1091 800 1254 869 igitur
1283 797 1523 866 operatio
1550 806 1648 860 est,
1679 806 1731 848 et
1768 805 1942 847 motus
1972 808 2063 858 per
2086 790 2289 846 circui-
2383 813 2432 848 σι

2271 821 2289 831 -
2383 813 2466 848 σιν
2501 797 2664 848 αὑτοῦ
2708 800 2736 849 6
2790 797 2911 858 νοῦς
2959 796 3347 865 ἀναλαμϐάνει,
3389 798 3480 849 καὶ
3501 797 3796 862 ἀποσώζει,
3832 798 3956 861 νοῦς

746 903 854 946 tum
890 905 966 945 est
996 893 1195 944 reditus
1236 889 1431 942 mentis
1474 889 1539 941 ad
1577 889 1808 954 seipsam
1843 895 1894 937 et
1925 883 2208 936 conversio
2237 889 2290 935 et
2380 887 2431 940 ὼ

2271 889 2290 932 ι
2380 887 2476 949 ὣν,
2516 891 2608 941 καὶ
2653 889 2720 941 δι’
2755 888 2952 941 ἑαυτοῦ
3008 890 3226 958 ἀμέσως
3297 888 3519 958 νοερῶς,
3578 889 3655 956 τῷ
3693 889 3821 959 θείῳ
3856 888 3952 959 νῷ,

745 981 893 1042 unio,
919 988 1078 1046 atque
1109 976 1347 1046 ejusdem
1378 978 1574 1030 mentis
1603 991 1694 1042 per
1723 991 1779 1027 se
1802 989 1922 1027 cum
1959 972 2064 1026 Deo
2089 972 2293 1024 aduna-
2378 980 2430 1032 δτ

2270 998 2293 1011 ·
2378 979 2578 1050 δηλαδὴ
2599 979 2674 1046 τῷ
2692 979 2831 1048 Θεῷ,
2853 979 3138 1047 ἑνούμενός
3164 997 3222 1031 τε
3246 980 3340 1032 καὶ
3374 979 3784 1047 συγγινόμενος,
3807 979 3955 1051 Αὕτη

743 1075 849 1136 tio;
889 1086 1006 1139 qua:
1039 1071 1151 1123 sola
1208 1080 1288 1122 est
1328 1069 1531 1135 absque
1570 1082 1754 1120 ert-ure
1784 1074 1837 1117 et
1900 1061 2287 1124 inconstantia.
2378 1071 2428 1123 δέ

2271 1102 2287 1124 ο
2378 1071 2435 1123 δέ
2456 1072 2604 1124 ἐστιν
2633 1071 2663 1139 ἡ
2689 1070 2939 1140 ἐργασία,
2968 1072 3001 1141 ἡ
3033 1070 3172 1123 κατᾶ
3193 1069 3402 1124 κύκλον
3430 1071 3664 1142 κίνησις,
3685 1072 3951 1143 δηλονότι,

737 1179 855 1215 eum
905 1178 1007 1213 nou
1044 1162 1113 1213 sit
1181 1159 1452 1226 impedita,
1512 1158 1818 1210 imtut-diata
1862 1170 2006 1217 vero,
2041 1161 2094 1206 et
2127 1165 2287 1220 supra
2381 1169 2414 1236 ἡ

2270 1165 2287 1204 ³
2381 1169 2414 1236 ἡ
2444 1165 2581 1234 πρὸς
2603 1165 2764 1218 αὑτὸν
2787 1164 2874 1217 τὸν
2896 1163 3020 1218 νοῦν
3056 1164 3251 1218 ἑαυτοῦ
3284 1165 3559 1231 ἐπάνοδος,
3597 1167 3692 1218 καὶ
3723 1168 3955 1238 στροφὴ,

737 1253 1120 1322 cogitationem
1156 1253 1300 1313 unio,
1333 1261 1385 1303 et
1420 1264 1582 1315 supra
1612 1248 1785 1300 visum
1825 1247 1975 1298 visio.
2009 1263 2026 1294 ι
2068 1243 2131 1296 Ει
2160 1243 2291 1297 dicit
2381 1275 2422 1310 κ,

2273 1251 2291 1294 ι
2381 1259 2476 1311 καὶ
2501 1258 2713 1320 ἒνωσις,
2745 1256 2839 1310 καὶ
2859 1259 2892 1327 ὴ
2916 1257 2982 1310 δι’
3013 1257 3228 1323 ἑαυτοῦ,
3257 1258 3392 1328 πρός
3424 1259 3514 1310 τὸν
3533 1259 3688 1322 Θεὸν,
3711 1261 3831 1330 ἥτις
3861 1263 3956 1314 καὶ

735 1361 962 1414 n-agnus
995 1343 1279 1411 Dionysius
1320 1361 1334 1395 ι
1369 1359 1386 1391 ι
1421 1342 1625 1394 Anima:
1658 1349 1836 1391 motus
1886 1346 1966 1390 est
2006 1335 2290 1390 circularis
2383 1367 2420 1417 μ

2272 1350 2290 1389 5
2383 1348 2519 1418 μόνη
2553 1348 2633 1420 τῷ
2657 1349 2771 1402 δντι
2816 1350 3060 1415 πέφυκεν
3091 1347 3354 1418 ἀπλανὴς,
3389 1350 3483 1401 καὶ
3519 1351 3837 1415 ἄπταιστος,
3880 1353 3957 1415 ὡς

735 1437 975 1502 quidem,
1017 1448 1209 1500 nempe
1245 1433 1310 1485 ad
1343 1433 1579 1499 seipsam
1613 1430 1680 1481 ab
1711 1429 1952 1481 externis
1992 1425 2284 1487 introitus;
2380 1441 2414 1494 ἀ

2272 1440 2284 1487 ἶ
2380 1441 2606 1511 ἄσχετος
2639 1440 2795 1503 οὖσα,
2829 1442 2920 1492 καὶ
2949 1441 3172 1509 ἄμεσος,
3208 1441 3298 1492 καὶ
3329 1441 3470 1509 ὑπὲρ
3523 1443 3705 1511 νόησιν
3737 1443 3955 1510 ἓνωσις,

733 1539 783 1580 et
809 1527 1165 1596 spiritualium
1202 1528 1320 1594 ejus
1351 1525 1713 1593 potentiarum
1746 1521 1970 1590 simplex
2008 1519 2289 1585 involutio,
2379 1550 2414 1587 κ

2271 1559 2289 1585 ν
2379 1533 2477 1587 καὶ
2526 1534 2665 1602 ὑπὲρ
2711 1533 2902 1603 ὅρασιν
2935 1534 3146 1603 ὅρασις.
3197 1534 3302 1586 Καὶ
3328 1532 3474 1600 λέγει
3508 1536 3534 1584 ό
3558 1536 3730 1602 μέγας
3765 1536 3952 1588 Διονύ-

739 1630 992 1686 tanquam
1028 1619 1078 1671 in
1111 1617 1342 1686 quodam
1370 1615 1595 1678 circulo,
1626 1629 1746 1679 qua:
1803 1612 1902 1680 ipsi
1944 1625 2049 1664 non
2103 1624 2290 1666 errare
2383 1641 2424 1676 σι

2272 1625 2290 1664 3
2383 1640 2496 1686 σιος
2517 1641 2530 1653 ·
2570 1642 2586 1672 ι
2611 1624 2804 1693 Ψυχῆς
2835 1623 3049 1692 κίνησίς
3078 1626 3213 1688 ἐστι,
3245 1624 3475 1695 κυκλικὴ
3514 1626 3632 1694 μὲν,
3664 1630 3798 1697 ὴείς
3828 1630 3957 1682 ἑαυ-

734 1720 974 1779 prmstat,
1005 1723 1232 1777 eamque
1272 1722 1300 1760 a
1329 1706 1598 1774 plerisque
1633 1704 1875 1758 externis
1915 1703 2084 1758 rebus
2140 1703 2206 1755 ad
2233 1716 2291 1755 se
2377 1715 2419 1764 τέ

2270 1716 2291 1755 Β
2377 1713 2477 1779 τὴν
2530 1712 2731 1772 είσοδος
2784 1711 2890 1764 ἀπὸ
2941 1712 3051 1764 τῶν
3102 1711 3227 1777 ἔξω,
3262 1713 3501 1765 καὶτῶν
3549 1715 3752 1784 νοερῶν
3783 1717 3955 1786 αὐτῆς

731 1803 995 1856 convertit
1031 1816 1093 1854 ac
1127 1799 1369 1868 colligit;
1423 1797 1617 1851 deinde
1676 1811 1792 1848 eam
1832 1805 2086 1864 tanquam
2129 1794 2290 1847 unius
2377 1802 2416 1854 at

2268 1807 2290 1846 Β
2332 1877 2344 1878 7
2377 1802 2660 1872 δυνάμεων
2691 1805 2722 1873 ὴ
2751 1803 2985 1873 ένοειδὴς
3013 1803 3296 1866 συνέλιξις,
3319 1803 3502 1875 ὥσπερ
3531 1805 3590 1857 έν
3618 1823 3722 1858 τινι
3746 1807 3953 1878 κύκλῳ,

731 1895 923 1960 speciei
950 1892 1194 1948 eﬂ'eetam
1230 1892 1486 1961 potentiis
1538 1889 1762 1943 ﬁrmiter
1789 1888 2042 1942 adunatis
2088 1885 2294 1940 adunat
2328 1877 2416 1946 Βτὲ

2277 1897 2294 1938 ι
2328 1877 2439 1947 Βτὸ
2458 1895 2692 1957 ἀπλανὲς
2717 1895 2853 1965 αὐτῇ
2879 1895 3217 1965 δωρουμένη,
3237 1895 3329 1947 καὶ
3353 1896 3460 1948 ἀπὸ
3482 1897 3591 1949 τῶν
3612 1899 3822 1951 mare»;
3846 1877 3955 1955 τῶν

729 1999 782 2039 et
821 1988 891 2039 ita
921 1986 986 2040 ad
1044 1986 1327 2055 pulchrum
1370 1985 1677 2050 bonutnque
1711 1996 1872 2033 manu
1922 1978 2090 2041 ducit,
2145 1978 2289 2046 quod
2377 1987 2414 2037 Ei

2273 1978 2289 2032 1
2377 1985 2576 2050 ἔξωθεν
2602 1987 2772 2052 αὑτήν
2794 2004 2806 2016 ·
2862 1988 3287 2054 ἐπιστρέφουσα,
3324 1987 3420 2039 καὶ
3449 1989 3757 2055 συνάγουσα
3805 1991 3958 2060 πρῶ-

729 2091 808 2132 cst
837 2093 1000 2146 super
1035 2078 1212 2130 omnia
1250 2087 1303 2130 et
1329 2090 1495 2127 unum
1534 2082 1588 2126 et
1620 2073 1757 2125 idem
1792 2083 1843 2124 et
1903 2072 2205 2140 ingenitum
2240 2078 2293 2122 et
2379 2097 2414 2132 τι

2274 2078 2293 2120 ι
2379 2083 2470 2134 τον
2501 2080 2578 2142 είς
2609 2081 2827 2151 ἑαυτὴν,
2886 2075 3004 2132 εἶτα
3036 2081 3109 2142 ὡς
3157 2081 3329 2151 ένοιδῆ
3367 2084 3701 2153 γενομένην,
3759 2085 3955 2138 ἐνοῦσα

729 2169 1036 2222 immortale
1071 2185 1132 2222 ac
1183 2177 1470 2220 aeternum.
1497 2165 1598 2218 Per
1632 2164 1917 2216 circuitum
1961 2171 2138 2214 autem
2172 2160 2290 2212 aui—

730 2278 815 2315 ma
849 2270 1122 2323 movetur,
1161 2276 1215 2313 tn
1242 2250 1505 2326 quantum
1525 2256 1740 2325 proprie
1768 2270 1826 2308 se
1853 2254 2036 2308 divina
2065 2251 2290 2308 scientia

732 2358 1007 2418 illustrat;
1044 2368 1152 2408 non
1182 2352 1491 2406 mentaliter
1545 2361 1597 2403 et
1629 2350 1850 2412 unitive,
1888 2348 1981 2402 sed
2041 2346 2213 2415 logice
2241 2353 2295 2397 et

731 2447 1010 2516 perindice
1047 2455 1102 2499 et
1142 2455 1400 2511 tauquam
1457 2441 1760 2495 commistis
1791 2447 1845 2494 et
1884 2436 2182 2492 trausitivis
2213 2433 2294 2487 fa-

730 2540 1044 2593 cultatibus.
1074 2538 1235 2591 Recta
1279 2544 1456 2589 autem
1493 2534 1574 2586 via
1602 2543 1704 2596 est,
1733 2531 1950 2599 quando
1976 2545 2080 2580 non
2103 2535 2164 2581 ad
2189 2525 2294 2580 sei-

731 2646 882 2701 psam
935 2629 1259 2698 ingreditur,
1295 2635 1349 2680 et
1401 2640 1511 2678 uno
1554 2624 1827 2678 intellectu
1899 2632 2183 2683 movetur;
2218 2618 2293 2687 (id

733 2725 878 2777 enim
917 2723 1186 2790 posterius
1215 2728 1318 2784 est,
1349 2727 1407 2772 ut
1436 2719 1568 2783 dixi,
1610 2726 1792 2770 tnotus
1818 2730 1911 2783 per
1960 2711 2296 2779 circuitum),

735 2816 828 2869 sed
871 2816 937 2870 ad
969 2831 1030 2868 ea
1073 2829 1192 2881 qua:
1226 2823 1354 2868 sunt
1411 2813 1613 2865 circum
1664 2825 1720 2864 se
1753 2809 2073 2878 procedens,
2111 2807 2179 2859 ab
2206 2821 2297 2860 ex-

735 2907 925 2973 temis,
963 2915 1216 2974 tanquam
1246 2919 1273 2958 a
1305 2903 1470 2958 variis
1499 2901 1757 2968 symbolis
1788 2912 1842 2954 et
1888 2898 2299 2952 abundantibus

735 3002 799 3054 ad
835 2999 1133 3068 simplicem
1166 3007 1217 3052 et
1243 3012 1404 3050 unam
1427 2993 1938 3062 contemplationem
1966 2990 2292 3044 inducitur.»

735 3095 799 3148 Et
826 3103 1042 3146 «auctus
1068 3091 1376 3144 Maximus:
1411 3109 1427 3140 ι
1460 3088 1836 3142 lmmcdiatam
1863 3100 1984 3137 cum
2008 3083 2116 3136 Deo
2146 3084 2302 3136 unio-

2383 2195 2503 2255 ταῖς
2546 2191 2761 2251 ἑνιαίως
2791 2187 3101 2258 ἠνωμέναις
3134 2183 3418 2252 δυνάμεσι,
3457 2183 3550 2234 καὶ
3581 2180 3754 2241 οὕτως
3779 2180 3870 2232 ἐπὶ
3905 2178 3966 2231 τὺ

2382 2285 2565 2346 καλὸν,
2622 2281 2716 2334 καὶ
2752 2280 2954 2346 ἀγαθὸν
2990 2273 3428 2348 χειραγωγοῦσα,
3491 2272 3552 2324 τὸ
3606 2272 3747 2340 ὑπὲρ
3785 2271 3967 2323 πάντα

2380 2379 2446 2429 τά
2469 2376 2616 2438 ὄντα,
2648 2374 2742 2426 καὶ
2770 2373 2827 2424 ἓν
2849 2372 2943 2424 καὶ
2973 2369 3194 2431 ταυτὸν,
3215 2368 3307 2420 καὶ
3333 2368 3592 2435 ἄναρχον,
3623 2366 3715 2416 καὶ
3742 2362 3967 2415 ἀτελεύ.

2380 2486 2557 2537 τητον.
2600 2464 2936 2526 Ἐλικοειδῶς
2988 2463 3045 2515 δὲ
3077 2461 3224 2530 ψυχὴ
3277 2462 3527 2519 κινεῖται,
3577 2457 3699 2509 καθ’
3730 2458 3855 2507 ὅσον
3886 2456 3967 2508 ol-

2383 2561 2542 2622 κετως
2575 2560 2737 2628 ἑαυτῇ
2779 2555 2877 2619 τὰς
2923 2555 3078 2616 θείας
3104 2553 3437 2621 ὲλλάμπεται
3467 2549 3698 2618 γνώσεις
3720 2565 3731 2576 ο
3763 2549 3824 2601 οὐ
3848 2565 3966 2600 νοε-

2386 2653 2515 2720 ρῶς,
2550 2653 2640 2703 καὶ
2667 2649 2900 2712 ένιαίως,
2927 2647 3062 2700 ἀλλά
3092 2646 3348 2713 λογικῶς,
3390 2646 3482 2696 καὶ
3513 2642 3845 2708 διεξοδικῶς.
3869 2642 3968 2694 καὶ

2383 2739 2490 2796 οἷον
2522 2741 2872 2810 συμμίκτοις,
2907 2741 3000 2792 καὶ
3030 2736 3427 2808 μεταϐατικαίς
3479 2734 3801 2803 ἐνεργείαις.
3853 2734 3969 2804 Τὴν

2383 2837 2502 2887 κατ’
2533 2834 2758 2886 εὐθεῖαν
2790 2832 2869 2897 δὲ,
2899 2833 3027 2884 ὅταν
3057 2830 3157 2882 οὐκ
3195 2831 3275 2891 είς
3322 2828 3530 2897 ἑαυτὴν
3575 2827 3842 2892 εἰσιοῦσα,
3871 2825 3969 2879 καὶ

2382 2929 2535 2997 ἑνικῇ
2559 2927 2838 2997 νοερότητι
2865 2923 3158 2992 κινουμένη
3183 2938 3196 2953 ο
3229 2920 3389 2974 τοῦτο
3402 2921 3533 2988 γὰρ,
3559 2920 3635 2981 ὼς
3665 2919 3824 2987 ἔφην,
3851 2919 3969 2970 ἐστι

2379 3022 2442 3071 τὸ
2473 3021 2611 3072 κατὰ
2641 3019 2860 3072 κύκλον.
2900 3015 3061 3069 Ἀλλὰ
3091 3014 3229 3084 πρὸς
3263 3014 3334 3065 τὰ
3382 3017 3514 3083 περί⁵
3537 3011 3709 3084 αὐτὴν
3737 3010 3964 3081 προϊοῦ-

2386 3131 2456 3165 σα
2489 3155 2500 3176 ,
2528 3113 2623 3164 καὶ
2656 3111 2763 3163 ἀπὸ
2792 3111 2898 3162 τῶν
2935 3107 3155 3174 ἔξωθεν,
3198 3105 3386 3175 ὥσπερ
3424 3105 3534 3158 ἀπό
3579 3121 3742 3156 τινων
3765 3102 3970 3171 συμϐό-

736 3201 860 3239 ncm
898 3200 1049 3238 mens
1077 3183 1350 3251 accipiens
1379 3198 1391 3244 ;
1426 3181 1660 3249 cogitare
1714 3189 1766 3232 et
1797 3177 2022 3246 cogitati
2077 3178 2300 3229 omnino
2331 3206 2421 3263 Cl,

2286 3189 2492 3263 )thv
2542 3199 2980 3269 πεποικιλμένων
3030 3199 3127 3250 καὶ
3195 3195 3674 3264 πεπληθυσμένων
3727 3193 3822 3244 ἐπὶ
3869 3192 3971 3254 τὰς

737 3294 906 3332 γδιυο
944 3287 998 3330 et
1025 3278 1192 3330 libera
1231 3283 1427 3344 potest.
1463 3271 1690 3338 Quando
1725 3272 1888 3340 igitur
1925 3287 2039 3323 eam
2076 3269 2297 3323 facu'ta-

740 3379 845 3423 tem
882 3369 1059 3433 solvit,
1090 3367 1292 3434 aliquid
1321 3381 1509 3420 eorum
1540 3380 1659 3432 qua:
1695 3372 1814 3432 post
1839 3362 2005 3415 Deum
2036 3370 2183 3422 sunt,
2209 3375 2300 3412 co-

741 3467 939 3533 gitaus,
992 3461 1234 3529 arguitur
1281 3459 1532 3512 unionem
1583 3472 1701 3523 qute
1724 3472 1885 3523 supra
1912 3454 2298 3522 cogitationem

744 3564 847 3615 est,
870 3567 1140 3618 rumpere,
1170 3565 1261 3618 per
1285 3563 1446 3616 quam
1479 3547 1732 3616 quamdiu
1759 3562 1879 3599 cum
1916 3545 2024 3598 Deo
2051 3553 2154 3605 est,
2189 3553 2307 3596 tau-

746 3662 907 3714 quam
942 3642 1372 3712 supcruaturalis
1426 3649 1479 3694 et
1512 3643 1625 3708 ipsa
1695 3640 2109 3706 participatione
2166 3639 2305 3691 Deus

749 3737 958 3801 ellecta,
991 3745 1043 3788 ct
1081 3751 1198 3812 sua;
1245 3743 1448 3787 naturae
1482 3733 1674 3800 legem,
1714 3745 1968 3808 tanquam
2025 3733 2304 3782 immotum

750 3834 937 3895 finem,
979 3829 1305 3897 transponit.
1361 3826 1455 3880 »Ει
1483 3842 1700 3881 rursum
1737 3846 1751 3878 :
1782 3843 1799 3875 ι
1844 3825 1991 3878 Mcns
2029 3839 2181 3892 pura,
2215 3836 2309 3890 per

752 3941 902 3977 suam
937 3939 1056 3976 cum
1121 3919 1387 3989 principio
1445 3917 1693 3971 unionem
1730 3917 1968 3970 habitum
2024 3915 2113 3984 qtti
2147 3927 2307 3982 supra

755 4014 1137 4083 cogitationem
1168 4019 1272 4074 est,
1308 4008 1504 4073 induit,
1556 4009 1852 4062 secundum
1910 4022 2070 4076 quem
2130 4005 2310 4059 varios

757 4117 937 4160 motus
983 4115 1035 4157 et
1095 4104 1308 4158 habitus
1335 4103 1399 4156 ad
1457 4115 1517 4155 ea
1550 4116 1670 4169 qua!
1703 4110 1852 4156 extra
1913 4101 2081 4167 ipsius
2114 4099 2310 4167 princi-

758 4201 904 4268 pium
935 4209 1080 4260 sunt,
1116 4197 1352 4265 deponit,
1386 4204 1438 4249 et
1498 4195 1597 4248 soli
1630 4193 1894 4264 principio
1935 4191 2190 4257 adhaeret,
2219 4205 2314 4261 per

760 4291 1079 4345 int-ﬂabilem
1112 4289 1349 4358 requiem
1392 4288 1551 4356 hujus
1580 4287 1720 4356 quod
1749 4300 1913 4355 supra
1938 4284 2312 4354 cogitationem

761 4395 865 4446 est,
934 4381 1127 4436 silentii
1178 4379 1405 4445 effecta;
1463 4378 1607 4448 quod
1673 4377 1961 4432 ostendere
1989 4391 2168 4431 setmo
2210 4391 2313 4429 nou

762 4484 936 4544 potest
997 4487 1170 4542 neque
1236 4472 1508 4541 cogitatio,
1578 4471 1668 4524 sed
1724 4470 1836 4522 sola
1872 4482 1964 4534 per
2023 4465 2314 4534 participa-

763 4569 964 4620 tionem
1012 4565 1370 4635 experientia,
1424 4578 1609 4618 eorum
1657 4562 1747 4630 qui
1789 4563 1889 4614 hac
1916 4575 2081 4628 supra
2115 4559 2315 4627 cogita-

765 4663 966 4713 tionem
1004 4657 1264 4712 fruitioue
1296 4656 1440 4726 digni
1473 4654 1642 4708 habiti
1703 4663 1848 4716 sunt,
1884 4653 2039 4721 cujus
2103 4651 2316 4720 signum

767 4753 885 4804 "visu
921 4750 1075 4803 facile
1119 4758 1171 4802 et
1199 4747 1453 4801 omnibus
1485 4745 1854 4807 manifestum,
1890 4753 1974 4798 est
2005 4741 2315 4797 omminoda

768 4857 864 4907 per
901 4839 1302 4907 dispositionem
1330 4836 1394 4890 ad
1426 4838 1527 4890 hoc
1571 4851 1808 4905 praesens
1836 4834 2088 4888 smeulum
2125 4835 2318 4887 animat

773 4932 1160 4985 insensibilitas
1216 4940 1268 4984 et
1319 4931 1550 4997 requies.
1585 4947 1601 4977 ι
1638 4927 1714 4978 Ad
1765 4927 1814 4978 id
1864 4926 2025 4994 igitur
2079 4942 2228 4980 mens
2251 4940 2316 4978 ex

774 5026 949 5074 anima
982 5023 1200 5074 minime
1231 5035 1550 5088 cooperaus,
1584 5035 1756 5086 neque
1786 5018 2014 5086 seipsatn
2048 5019 2111 5070 ad
2152 5015 2314 5070 Deum

778 5127 997 5163 tumens
1027 5125 1200 5178 neque
1225 5125 1381 5163 suum
1412 5115 1476 5161 ad
1507 5123 1565 5162 se
1600 5107 1824 5160 reditum
1857 5105 2112 5170 eﬂieiens,
2147 5121 2319 5173 neque

775 5202 837 5253 ad
871 5203 956 5252 “t‘i
990 5202 1364 5268 cogitationem
1403 5200 1715 5261 ascendens,
1749 5200 1855 5251 imo
1881 5198 2079 5250 veroid
2107 5213 2168 5250 ex
2195 5213 2320 5251 neu-

775 5303 852 5343 tra
887 5301 1032 5354 parte
1066 5291 1384 5356 adimpleus,
1424 5291 1512 5342 sed
1551 5305 1669 5341 cum
1696 5290 1973 5356 phantasia
2012 5304 2066 5342 se
2091 5290 2319 5357 conjun-

776 5400 926 5449 geus.
946 5382 1052 5449 jam
1079 5380 1221 5432 vario
1242 5381 1396 5432 modo
1417 5395 1471 5432 se
1499 5379 1681 5443 habet,
1702 5391 1750 5431 et
1776 5394 1803 5432 ιι
1823 5378 1930 5432 Deo
1954 5379 2109 5447 longe
2136 5379 2316 5431 distat.

2390 3294 2566 3354 ἁπλᾶς
2602 3292 2695 3344 καὶ
2749 3289 3032 3360 ἠνωμένας
3101 3288 3371 3356 ἀνάγηται
3437 3285 3690 3352 θεωρίας.
3735 3302 3753 3334 ι
3798 3283 3908 3334 Καὶ
3944 3284 3975 3335 6

2385 3387 2538 3452 ἅγιος
2564 3383 2832 3452 Μάξιμος·
2862 3400 2881 3432 ι
2917 3383 3026 3452 Τὴν
3052 3383 3257 3450 ἄμεσον
3279 3379 3459 3434 λαϐὼν
3482 3379 3678 3430 ἕνωσιν
3709 3376 3844 3448 πρὸς
3877 3377 3974 3428 τὸν

2384 3479 2566 3531 θεὸνὸ
2599 3476 2742 3538 νοῦς,
2789 3475 2885 3544 τὴν
2921 3474 3015 3526 τοῦ
3047 3475 3184 3525 νοεῖν
3211 3512 3224 3533 ,
3268 3471 3362 3524 καὶ
3408 3469 3648 3523 νοεῖσθαι
3697 3468 3839 3521 κατά
3868 3466 3976 3535 φῦ-

2387 3589 2471 3622 σιν
2533 3568 2814 3630 παντελῶς
2869 3566 3104 3636 δύναμιν
3136 3566 3248 3634 ἔχει
3291 3563 3694 3632 σχολάζουσανο
3729 3561 3974 3629 ὁπηνίκα

2385 3662 2730 3729 γοῦνταύτην
2759 3659 2916 3729 λύσῃ,
2945 3659 3140 3727 νοήσας
3166 3674 3218 3709 τι
3241 3657 3349 3708 τῶν
3369 3656 3507 3725 μετά
3522 3653 3675 3715 Θεὸν,
3699 3651 3976 3720 διεκρίθη,

2383 3755 2565 3821 τεμὼν
2590 3753 2687 3823 τὴν
2719 3752 2857 3820 ὑπὲρ
2885 3752 3068 3820 νόησιν
3101 3749 3314 3813 ἕνωσιν,
3345 3748 3463 3800 καθ’
3496 3748 3563 3817 ἢν
3595 3745 3699 3808 ἕως
3746 3745 3866 3796 ἐστὶ
3893 3743 3975 3813 τῷ

2387 3847 2504 3914 Θεῴ
2538 3846 2899 3916 συνημμένος,
2919 3844 2993 3906 ὡς
3019 3844 3158 3912 ὑπὲρ
3185 3843 3365 3910 φύσιν,
3386 3841 3480 3894 καὶ
3499 3843 3566 3910 τῇ
3602 3838 3818 3909 μεθέξει
3839 3838 3977 3902 Θςές

2387 3939 2772 4007 γεγενημένος,
2816 3936 3068 4005 καθάπερ
3129 3935 3253 4004 ὅρος
3311 3933 3592 4002 ἀκίνητον,
3631 3928 3834 3982 ἑαυτοῦ
3879 3929 3976 3982 τὸν

2388 4031 2485 4100 τῆς
2501 4032 2712 4097 φύσεως
2734 4027 3248 4097 μετατίθησινὸμον.
3282 4044 3299 4075 ι
3324 4024 3432 4077 Καὶ
3455 4020 3634 4085 αὖθις·
3661 4041 3679 4073 ι
3699 4021 3845 4083 Νοῦς
3875 4038 3979 4073 κα·-

2390 4123 2586 4192 θαρδς,
2641 4123 2706 4192 τῇ
2744 4120 2870 4189 περὶ⁹
2913 4119 3011 4190 τὴν
3065 4119 3245 4170 αἰτίαν
3287 4117 3482 4169 ένώσει
3540 4115 3727 4184 σχέσιν
3777 4112 3977 4166 ἐλαϐεν

2391 4217 2528 4286 ὑπὲρ
2566 4215 2771 4282 νόησιν,
2818 4213 2938 4266 καθ’
2988 4213 3055 4281 ῆν
3094 4208 3426 4271 ἀποπαύσας
3452 4208 3549 4279 τὴν
3589 4206 3978 4260 πολυποίκιλον

2391 4306 2526 4377 πρὸς
2555 4306 2621 4357 τὰ
2672 4304 2808 4374 μετᾶ
2859 4307 2955 4371 τὴν
2985 4304 3162 4355 αίτίαν
3193 4301 3358 4353 αὑτοῦ
3403 4301 3636 4370 φυσικὴν
3669 4298 3885 4369 κίνησίν
3913 4314 3976 4349 τε

2394 4401 2486 4454 καὶ¹
2517 4401 2719 4468 σχέσιν,
2786 4397 2952 4466 μόνης
3001 4396 3293 4464 ἀγνώστως
3361 4393 3674 4462 ἀντέχεται,
3702 4391 3846 4443 κατά
3875 4391 3978 4461 τὴν

2392 4493 2694 4560 ἄφθεγκτον
2721 4489 2870 4557 λῆξιν
2899 4487 3284 4557 γεγενημένος,
3309 4487 3407 4554 τῆς
3445 4485 3584 4554 ὑπὲρ
3608 4485 3795 4552 νόησιν
3825 4499 3979 4554 mp-

2397 4582 2733 4654 μακαρίστου
2766 4580 2944 4648 σιγῆς,
2977 4580 3041 4648 ἣν
3074 4577 3312 4648 δηλῶσαι
3346 4575 3620 4637 πεντελῶς
3649 4575 3709 4626 ού
3739 4573 3975 4626 δύναται

2393 4678 2570 4745 λόγος,
2613 4679 2644 4747 ἢ
2681 4679 2883 4747 νόησις,
2915 4675 3054 4728 ἀλλά
3085 4676 3221 4745 μόνη
3251 4674 3389 4727 κατὰ
3447 4671 3664 4740 μέθεξιν
3693 4672 3727 4740 ἠ
3783 4670 3975 4736 πεῖρα,

2396 4769 2500 4822 τῶν
2535 4768 2871 4832 ἀξιωθέντων
2924 4768 3022 4835 τῆς
3072 4766 3211 4834 ὑπὲρ
3260 4765 3446 4833 νόησιν
3497 4762 3876 4827 ἀπολαύσεως,
3904 4755 3978 4832 ἦς

2400 4862 2623 4930 σημεῖόν
2649 4862 2795 4912 ἐστιν
2819 4857 3122 4927 εὔγνωστόν
3152 4875 3209 4909 τε
3263 4857 3359 4909 καὶ
3400 4859 3535 4908 πᾶσι
3575 4852 3900 4924 κατάδηλον,
3940 4854 3978 4923 ἡ

2400 4953 2538 5005 κατά
2559 4951 2796 5004 διάθεσιν
2829 4950 2961 5018 πρὸς
2986 4951 3076 5002 τὸν
3106 4949 3277 5001 αἰῶνα
3301 4948 3489 4999 τοῦτον
3522 4946 3791 5015 παντελὴς
3819 4946 3981 4997 ἀναισ-

2403 5044 2596 5114 σθησία
2626 5045 2722 5113 τῆς
2751 5043 2927 5112 ψυχῆς
2980 5043 3072 5095 καὶ
3109 5043 3407 5102 διάστασις.
3446 5059 3463 5090 ι
3515 5040 3657 5110 Πρὸς
3680 5038 3838 5091 τοῦτο
3862 5036 3980 5091 τοὶ-

2404 5154 2493 5190 νυν
2529 5135 2603 5204 μὴ
2636 5152 2756 5186 συνε
2769 5134 3065 5204 ργούμενος
3095 5135 3123 5184 6
3153 5133 3276 5194 νοῦς
3307 5131 3455 5200 παρά
3501 5133 3596 5198 τῆς
3625 5129 3828 5198 ψυχῆς,
3854 5130 3978 5196 ἢτοι

2403 5228 2462 5280 τὸ
2486 5229 2616 5296 πρὸς
2638 5226 2768 5278 Θεὸν
2799 5227 2884 5278 ἀεὶ
2917 5225 3205 5285 κινεῖσθαι,
3256 5225 3394 5290 μήτε
3427 5222 3520 5288 ἀφ’
3556 5219 3752 5273 ἑαυτοῦ
3777 5235 3983 5290 κατορ-

2405 5320 2532 5380 θῶν,
2569 5320 2663 5371 καὶ
2683 5316 3048 5385 διενεργῶντὸ
3076 5315 3501 5383 οίκεῖον,ήγουν,
3528 5313 3589 5364 τὸ
3615 5312 3752 5380 πρὸς
3782 5310 3983 5362 ἑαυτὸν

2404 5409 2816 5479 ἐπανέρχεσθαι.
2844 5409 2937 5459 καὶ
2971 5406 3142 5467 οὕτως
3176 5405 3417 5475 ἀσχέτως
3448 5406 3526 5465 εἰς
3554 5404 3654 5473 τὴν
3682 5402 3810 5470 περὶ
3840 5400 3984 5452 Θεοῦ

2407 5503 2610 5554 ἔννοιαν
2659 5499 2966 5552 ἀνοιδαίνει-ι
3006 5539 3018 5559 ,
3057 5498 3254 5566 μᾶλλον
3284 5496 3348 5548 ,δὲ
3403 5495 3477 5562 μὴ
3520 5493 3651 5562 παρ’
3701 5491 3985 5559 ἑκατέρων

2407 5593 2562 5645 τοῦτο
2616 5591 3010 5660 καρπούμενος,
3066 5589 3200 5640 ἀλλὰ
3246 5592 3308 5655 τῇ
3350 5586 3622 5655 φαντασία
3669 5583 3982 5653 ἑνούμενος,

2411 5686 2509 5753 ἤδη
2549 5682 2732 5734 λοιπὸν
2772 5681 2862 5732 καὶ
2898 5679 3252 5742 ποικίλλεται,
3279 5679 3368 5729 καὶ
3401 5676 3620 5746 μακρὰν
3651 5675 3847 5744 ἀπέχει
3882 5674 3985 5728 τοῦ

2412 5774 2566 5826 Θεοῦ.
