4266 6450
252 430 367 497 765

1460 434 1856 499 οιιυειῖυω.
1887 438 2270 505 ASCETICA.

3405 447 3511 517 766

260 579 351 614 ται
376 560 466 614 τὸν
490 560 709 630 Κύριον.
727 580 747 614 ι
775 562 882 615 Καί
900 561 1037 632 μετὰ
1064 561 1271 633 βραχέα
1296 575 1306 589 ⁸
1340 581 1357 614 1
1390 561 1573 619 Ταῦτα
1611 565 1677 618 τά
1697 565 1841 634 τρία,
1861 563 1895 618 Α
1932 576 1944 611 I

1828 563 1895 630 ,Α
1932 560 2391 627 misericordiam,
2428 564 2479 617 in
2536 579 2656 634 quae
2713 577 2863 618 arma
2915 577 2983 618 ne
3041 562 3231 619 oculos
3286 564 3504 633 quidem

259 654 668 723 ἀκαταμάχητα
697 654 837 706 ὅπλα
872 653 1014 707 κατὰ
1066 654 1159 706 τοῦ
1187 654 1453 719 διαϐόλου,
1481 658 1623 725 άπερ
1652 659 1682 725 ἡ
1712 658 1843 723 άγίκ

260 746 434 814 ἰ’ριὶς
464 747 595 813 ἡμῖν
627 745 960 813 ἐδωρήσατο,
1014 749 1341 799 ταπείνωσιν
1394 747 1557 815 λέγω,
1595 749 1840 817 ἀγάπην,

261 840 355 889 καὶ
383 838 550 897 ἕλεος,
587 838 666 900 εἰς
702 836 847 906 άπερ
880 838 1000 890 οὐδὲ
1027 840 1346 909 ἀντιϐλέψαι
1399 840 1622 897 δύναται
1672 846 1781 906 πᾶς
1817 846 1844 896 6

257 928 367 979 τῶν
393 928 665 996 δαιμόνων
687 929 873 997 ἐσμός.
910 931 1023 983 Οὐκ
1055 930 1300 1004 ἔστιγὰρ
1336 935 1483 1005 παρά
1514 938 1722 999 τούτοις
1746 955 1838 989 τας

259 1014 572 1077 πεινὼσεως
598 1018 762 1085 ἴχνος,
794 1017 848 1069 οἴ
871 1034 934 1085 γε
967 1018 1054 1072 διὰ
1081 1021 1180 1089 τὴν
1206 1021 1434 1092 ἔπαρσιν
1460 1023 1840 1095 ἐζοφὼθησαν,

258 1110 352 1160 καὶ
403 1107 516 1178 πῦρ
545 1111 725 1171 αὐτοῖς
756 1111 1063 1184 ήτοιμάσθη
1096 1113 1333 1169 αἰώνιον.
1385 1117 1493 1169 Ποῦ
1542 1119 1692 1188 παρὰ
1722 1120 1844 1172 τού-

257 1217 375 1262 τοις
422 1202 612 1268 ἀγάπη
630 1219 664 1262 ·,
721 1203 754 1270 ἦ
802 1201 984 1265 ἐλέους
1015 1204 1162 1272 σκιὰ,
1192 1206 1241 1258 οἳ
1272 1205 1407 1275 πρὸς
1456 1208 1517 1261 τὸ
1544 1211 1701 1277 γένος
1732 1210 1842 1265 τῶν

256 1289 587 1359 ἀνθρώπων,
613 1292 875 1343 ἄσπονδον
899 1294 996 1362 τὴν
1019 1294 1220 1365 ἔχθραν
1244 1298 1564 1373 ἐκτήσαντο,
1614 1300 1707 1353 καὶ
1758 1301 1841 1353 δι-

256 1384 473 1452 mimi»;
494 1383 761 1452 ’πολεμεῖν
792 1385 851 1436 οὐ
893 1386 1191 1454 παύονταις
1232 1389 1454 1454 Τούτοις
1498 1390 1683 1445 λοιπὸν
1729 1397 1841 1457 τοῖς

254 1478 440 1539 Enim;
474 1478 929 1549 θωρακισοῶμεν,
962 1482 1104 1553 ἅπερ
1132 1487 1158 1536 6
1203 1486 1529 1555 περιφέρων,
1567 1490 1839 1554 ἀνάλωτος

256 1571 369 1631 τοῖς
398 1569 675 1638 πολεμίοις
704 1572 1063 1643 καθέστηκε.»
1095 1576 1199 1627 Καὶ
1225 1577 1344 1645 μετ’
1375 1577 1529 1645 ὀλίγα
1548 1595 1593 1629 '1
1620 1580 1839 1649 Ταύτην

254 1664 355 1731 τὴν
390 1663 679 1732 τρεπλοκον
702 1664 911 1735 σειρὰν.
943 1666 1009 1736 ἦν
1039 1669 1071 1734 ὴ
1100 1667 1228 1734 ἁγία
1266 1669 1434 1739 Τριάς
1465 1671 1696 1738 ἐξύφανε
1746 1673 1840 1725 καὶ

255 1753 605 1817 συνέπλεξεν,
629 1755 845 1824 ὁρῶμεν
866 1756 961 1807 καὶ
985 1757 1111 1827 τρία
1136 1757 1321 1823 οὖσαν,
1350 1762 1444 1813 καὶ
1469 1762 1550 1815 ἓν.
1576 1763 1715 1832 Τρία
1739 1766 1839 1833 μὲν

253 1845 371 1906 τοῖς
406 1844 686 1912 ὀνόμασιν,
717 1847 763 1898 εἰ
791 1846 846 1896 δὲ
881 1845 1081 1915 βούλει,
1141 1851 1231 1901 καὶ
1266 1853 1384 1914 ταῖς
1437 1853 1801 1908 ὑποστάσεσιν
1822 1871 1835 1885 ·

252 1933 313 1987 ἓν
346 1934 426 1999 δὲ,
471 1908 538 2006 τῇ
569 1935 797 2005 δυνάμει
826 1908 917 1989 καὶ
957 1939 1227 2010 ἐνεργείᾳ,
1287 1908 1383 1995 καί
1405 1946 1470 2015 τῇ
1518 1947 1656 2013 πρὸς
1706 1948 1837 2001 Θεὸν
1864 1908 1905 1960 Β

252 2024 543 2093 ἐγγύτητι,
580 2027 673 2078 καὶ
707 2027 909 2092 νεύσει,
951 2030 1043 2081 καὶ
1063 2032 1377 2103 οἰκειότητι.
1416 2055 1435 2087 ι
1473 2036 1607 2106 Περὶ
1632 2038 1835 2091 τούτων

253 2117 479 2189 εἴρηκεν
534 2119 566 2170 6
599 2120 896 2190 Δεσπότης,
936 2121 1016 2173 ὃτι
1071 2140 1089 2173 1
1129 2124 1191 2177 Ὀ
1235 2123 1397 2195 ζυγός
1451 2147 1552 2198 μου
1601 2132 1836 2200 χρηστός

256 2223 400 2283 ἐστι,
432 2221 525 2274 καὶ
555 2220 615 2274 τὺ
641 2223 862 2291 φορτίον
889 2242 992 2293 μου
1019 2226 1281 2297 ἐλαφρόνο
1313 2247 1333 2280 ι
1373 2230 1464 2282 καὶ
1493 2234 1523 2284 6
1548 2233 1837 2305 ἠγαπημέ-

254 2330 347 2376 νος
370 2332 384 2345 ·
418 2333 438 2364 1
467 2314 576 2366 Καὶ
605 2316 660 2365 αἱ
688 2316 898 2368 ἐντολαὶ
940 2317 1106 2370 αὑτοῦ
1139 2318 1350 2389 βαρεῖαι
1392 2323 1491 2374 οὐκ
1520 2324 1647 2379 εἰσί.
1678 2344 1697 2376 ι
1731 2326 1839 2379 Καὶ

258 2406 403 2474 μετά
434 2421 578 2458 τινα’
617 2424 637 2457 1
674 2407 878 2459 Τούτου
902 2408 1062 2461 ἕνεκα
1081 2410 1226 2480 ψυχὴ
1257 2414 1287 2480 ἡ
1316 2414 1688 2482 ἀνακραθείσα
1718 2417 1840 2488 Θεῷ

253 2498 343 2549 διὰ
364 2497 483 2565 βίου
520 2497 890 2568 καθαρότητα,
923 2503 1014 2552 καὶ
1048 2503 1145 2568 τῆς
1181 2503 1288 2555 τῶν
1310 2506 1537 2558 ἐντολῶν
1564 2508 1835 2579 φυλακῆς,

256 2587 489 2638 καὶτῶν
518 2587 685 2657 τριῶν
733 2589 937 2642 τούτων
989 2591 1191 2657 ὃπλων,
1248 2593 1391 2663 ἅπερ
1423 2598 1566 2649 εἰσὶν
1599 2598 1759 2662 αὐτὸς
1809 2601 1838 2653 6

254 2678 415 2746 Θείας,
452 2679 542 2732 τὸν
588 2680 720 2733 Θεὸν
776 2681 939 2735 αὑτὸν
986 2684 1292 2748 ἐνεδύσατο,
1338 2689 1431 2741 καὶ
1473 2690 1660 2757 γέγονε
1692 2692 1837 2745 θέσει

256 2772 381 2841 0:6;
406 2812 419 2832 ,
451 2770 540 2824 διὰ
569 2773 970 2837 ταπεινώσεως,
1017 2776 1199 2839 ἐλέους
1245 2796 1305 2831 τε
1336 2782 1427 2833 καὶ
1455 2783 1695 2851 ἀγάπης,
1745 2785 1839 2837 καὶ

254 2863 355 2931 τὴν
389 2864 585 2932 ὑλικὴν
616 2864 784 2918 δυάδα
814 2869 1081 2936 περάσας.
1119 2869 1213 2922 καὶ
1263 2871 1615 2942 ὑπεραναόὰς
1641 2876 1701 2927 τὸ
1742 2876 1836 2928 τοῦ

253 2954 426 3020 νόμου
456 2953 776 3020 κεφάλαιον,
808 2955 905 3023 τὴν
954 2955 1176 3025 ἀγάπην
1220 2957 1380 3025 λέγω,
1420 2963 1486 3030 τῇ
1536 2960 1840 3031 ὕπερουσίῳ

256 3046 350 3096 καὶ
373 3044 657 3114 ζωαρχικῇ
693 3044 884 3113 Τριάδι
915 3047 1183 3118 συνήφθη,
1220 3050 1565 3119 ἐντυγχάνων
1594 3052 1835 3121 ἀμέσως,

255 3141 400 3203 φωτὶ
428 3136 546 3203 φῶς
579 3124 1040 3206 προσλαμϐάνων,
1091 3140 1185 3192 καὶ
1211 3140 1640 3211 εὐφραινόμενος
1663 3146 1839 3215 χαράν

1928 651 2093 705 audet
2122 665 2446 707 convertere
2477 655 2789 709 daemonum
2821 671 3069 710 examen.
3100 654 3218 708 Non
3249 664 3330 709 est
3362 656 3506 707 enim

1929 742 2067 809 apud
2119 757 2214 796 eos
2271 743 2591 797 humilitatis
2646 745 2953 813 vestigium,
2989 744 3083 813 qui
3131 743 3350 813 quidem
3416 754 3512 811 per

1929 834 2240 901 superbiam
2286 835 2337 887 in
2368 838 2623 889 tenebras
2656 836 2813 903 ejecti
2875 847 3025 901 sunt,
3073 836 3382 904 quibusque
3429 836 3510 905 ig-

1932 925 2017 978 nis
2052 938 2290 979 mternus
2318 938 2650 994 paratusest.
2685 927 2787 982 Ubi
2822 931 2961 997 apud
2992 944 3084 983 eos
3117 929 3380 993 charitas,
3418 937 3514 980 aut

1935 1017 2326 1072 misericordiae
2358 1021 2571 1084 umbra,
2600 1021 2693 1088 qui
2750 1021 2990 1075 humano
3018 1022 3197 1090 generi
3232 1022 3514 1074 incessans

1932 1111 2114 1164 odium
2144 1110 2346 1177 fovent,
2375 1119 2428 1163 et
2458 1112 2509 1164 in
2570 1112 2698 1165 illud
2754 1127 2995 1180 pugnare
3052 1127 3160 1164 non
3213 1106 3516 1163 desinunt?

1933 1203 2027 1257 llis
2058 1205 2222 1273 igitur
2258 1204 2427 1257 armis
2451 1205 2874 1266 circumdemur,
2940 1220 3062 1271 qua:
3115 1203 3209 1271 qui
3253 1202 3512 1262 induerit,

1935 1296 2369 1366 inexpugnabilis
2389 1297 2639 1350 hostibus
2662 1296 2769 1349 fiet.
2806 1315 2824 1347 ι
2852 1297 2914 1349 Et
2944 1297 3102 1365 paulo
3126 1305 3284 1363 post:
3313 1313 3330 1344 1
3366 1294 3517 1347 llunc

1932 1387 2200 1453 triplicem
2235 1386 2416 1441 funem
2466 1403 2626 1457 quem
2684 1388 2845 1441 nolzis
2894 1388 3239 1442 sanczissiina
3276 1386 3517 1440 Trinitas

1932 1477 2211 1529 contexuit
2236 1485 2290 1529 et
2315 1478 2629 1539 connexuit,
2683 1477 2931 1530 videmus
2958 1478 3060 1530 tria
3084 1489 3272 1531 esseet
3305 1493 3469 1530 unum
3499 1493 3514 1539 ;

1933 1570 2034 1622 tria
2070 1569 2291 1638 quidem
2320 1571 2653 1630 nominibus.
2689 1571 2733 1623 si
2771 1572 2904 1626 velis
2939 1580 2992 1625 et
3016 1572 3263 1638 personis
3293 1586 3307 1631 ;
3342 1587 3511 1622 tlltlttlt

1934 1670 2113 1714 autem
2150 1661 2388 1729 potentia
2429 1672 2481 1713 et
2512 1662 2751 1717 eﬂicacia
2782 1674 2836 1717 et
2867 1678 2928 1716 ea
2963 1677 3081 1729 quae
3110 1678 3234 1716 cum
3270 1662 3376 1714 Deo
3409 1672 3513 1720 est.

1934 1755 2339 1821 propinquitate
2365 1762 2419 1807 et
2439 1754 2791 1808 inclinatione
2806 1765 2858 1807 et
2882 1754 3272 1808 fatniliaritate.
3293 1773 3311 1804 ι
3339 1753 3411 1808 Dc
3433 1756 3518 1807 bis

1936 1846 2200 1901 Dominus
2230 1848 2368 1901 dixit
2400 1864 2414 1902 :
2453 1865 2471 1897 1
2507 1845 2701 1917 Iugum
2730 1864 2910 1901 meum
2954 1864 3120 1902 suave
3153 1859 3255 1911 est,
3288 1859 3342 1901 et
3376 1865 3517 1901 onus

1937 1953 2114 1991 meum
2181 1940 2294 1991 leve
2327 1940 2394 1992 δ’.
2445 1957 2463 1989 ι
2510 1938 2573 1991 Et
2632 1937 2921 2007 discipilus
2980 1956 3137 2005 quem
3208 1939 3517 2007 diligebat:

1939 2048 1958 2080 1
2006 2028 2067 2083 Et
2107 2030 2362 2084 mandata
2411 2030 2530 2099 ejus
2573 2031 2757 2101 gravia
2794 2046 2899 2084 non
2938 2040 3066 2084 sunt
3111 2030 3179 2083 “.
3218 2048 3238 2082 ι
3268 2027 3333 2085 Et
3361 2031 3531 2097 paulo

1933 2132 2055 2192 post
2088 2142 2099 2177 :
2140 2142 2157 2174 1
2192 2123 2317 2177 Ideo
2344 2124 2526 2177 anima
2568 2140 2687 2193 qua)
2715 2141 2837 2178 cum
2872 2123 2980 2178 Deo
3010 2140 3103 2191 per
3140 2124 3336 2177 animm
3367 2124 3519 2190 puri-

1933 2224 2098 2269 tatem
2129 2216 2413 2279 miscetur,
2448 2229 2503 2270 et
2527 2233 2626 2285 per
2671 2217 3052 2270 mandatorum
3081 2217 3517 2270 observationem

1930 2306 2056 2359 dum
2092 2309 2205 2361 lnrc
2234 2310 2336 2361 tria
2388 2324 2539 2361 arma
2572 2324 2679 2377 qua
2714 2318 2840 2362 sunt
2884 2308 3001 2376 ipse
3041 2308 3204 2369 Deus,
3254 2308 3518 2377 possidet.

1932 2395 2101 2451 Deum
2133 2400 2311 2465 ipsum
2366 2399 2542 2452 induit
2591 2409 2646 2453 et
2676 2400 2735 2452 [it
2760 2399 3164 2468 quodammodo
3216 2397 3381 2456 Deus.
3425 2413 3521 2468 per

1932 2492 2296 2544 humilitatem
2328 2508 2521 2561 nempe
2536 2494 2931 2547 etcliaritatem
2961 2504 3013 2547 et
3044 2491 3474 2547 misericordiam
3504 2508 3517 2555 ;

1929 2582 2258 2637 Materialem
2287 2585 2518 2656 Dyadem
2552 2595 2867 2649 transmeat,
2891 2597 3161 2654 caputque
3203 2586 3361 2654 legis,
3394 2584 3522 2636 elia-

1930 2676 2145 2730 ritatem
2189 2676 2332 2741 dico,
2376 2678 2793 2742 transcendeus,
2828 2694 2951 2732 cum
3007 2674 3521 2745 supersubstantiali

1930 2777 1984 2822 et
2036 2768 2251 2823 viviﬁca
2304 2769 2571 2823 Trinitate
2605 2770 2978 2839 conjungitur,
3034 2768 3346 2822 immediate
3398 2784 3519 2821 cum

1932 2860 2023 2915 illa
2060 2875 2424 2924 convcrsans,
2449 2862 2631 2915 lumen
2681 2861 2875 2915 lumini
2927 2860 3196 2930 adjiciens
3222 2870 3277 2914 et
3319 2859 3523 2913 indesi—

1932 2961 2093 3007 nente
2140 2967 2202 3007 ac
2231 2963 2435 3007 artemo
2459 2954 2656 3023 gaudio
2701 2955 2941 3022 perfusa.
2975 2972 2993 3001 ι
3024 2952 3127 3006 Sed
3157 2953 3223 3006 de
3264 2951 3347 3005 liis
3377 2952 3523 3005 solli-

1932 3048 2083 3103 ciunt
2107 3063 2229 3116 quae
2276 3047 2536 3101 diximus.
2572 3045 2763 3116 Opera:
2818 3057 2997 3101 autem
3052 3048 3287 3115 pretium
3340 3053 3423 3099 est
3466 3057 3521 3096 ut

1932 3139 2395 3209 quemadmodum
2465 3140 2531 3194 de
2600 3142 2806 3196 erroris
2862 3155 2927 3194 ac
2967 3140 3217 3194 veritatis
3266 3139 3437 3206 signis
3469 3147 3524 3190 et

251 3227 539 3294 ἁδιάδοχον
565 3230 661 3280 καὶ
704 3229 943 3283 αἰώνιον.
979 3250 998 3280 ι
1021 3231 1160 3282 Ἀλλ’
1194 3234 1407 3303 ἀπόχρη
1442 3236 1683 3302 καὶπερὶ
1715 3237 1808 3289 τού
1854 3245 1903 3310 c
1935 3250 1936 3253 ‘

1854 3245 1903 3310 ο
1935 3230 2206 3287 fructibus
2230 3247 2404 3302 pauca
2432 3246 2498 3286 ex
2527 3242 2679 3300 parte
2706 3233 3157 3295 memoravimus,
3186 3229 3353 3297 (unde
3373 3238 3425 3281 et
3455 3243 3521 3283 ex

249 3334 383 3369 των·
428 3319 578 3381 είκ“ρς
629 3319 686 3371 δὲ
736 3319 926 3389 ὥσπερ
983 3320 1091 3389 ἄρα
1159 3324 1287 3394 περὶ
1330 3326 1437 3378 τῶν
1479 3326 1576 3396 τῆς
1634 3327 1839 3399 πλάνης

253 3412 476 3480 καὶτῆς
516 3406 778 3478 ἀληθείας
803 3412 1347 3485 διεμνημονεύσαμεν
1376 3417 1451 3481 ὡς
1480 3418 1589 3471 ἀπὸ
1641 3420 1839 3490 μέρους

247 3504 655 3572 γνωρισμάτων
706 3505 797 3557 καὶ
845 3506 1073 3577 καρπῶν
1115 3508 1260 3577 ὅθεν
1286 3512 1377 3563 καὶ
1405 3510 1465 3575 ἐξ
1489 3511 1687 3572 αὐτῶν.
1722 3516 1839 3583 ἦτοι

246 3594 361 3644 τῶν
396 3594 652 3663 καρπῶν,
695 3594 835 3648 κατὰ
864 3598 956 3648 τὸν
988 3596 1129 3650 θεῖον
1160 3599 1376 3654 Παῦλον
1423 3603 1838 3673 ἐπιγνωσόμεθά

246 3703 370 3745 πως
396 3686 524 3747 τοὺς
556 3687 1120 3755 ἐνεργουμὲνους,οῐου
1147 3691 1451 3763 medim-:5;
1481 3696 1665 3762 εἰσιν),
1692 3695 1836 3749 οὕτω

1943 3321 2074 3390 ipsis
2100 3337 2293 3390 nempe
2326 3320 2621 3386 fructibus,
2671 3325 2975 3377 secundum
3014 3323 3258 3377 divinum
3293 3320 3521 3374 Paulum

1939 3422 2232 3483 cperantes
2259 3414 2598 3476 noverimus,
2628 3414 2789 3482 cujus
2827 3415 3055 3483 spiritus
3088 3412 3246 3483 sint),
3283 3413 3357 3468 ita
3374 3421 3427 3467 et
3455 3412 3522 3465 de

1940 3516 2169 3575 utraque
2199 3507 2529 3559 excitatione
2558 3506 2631 3563 de
2670 3507 2853 3560 divina
2880 3520 3072 3574 nempe
3102 3520 3166 3559 ac
3187 3520 3311 3559 vera
3348 3506 3521 3575 gratia

1938 3605 1993 3653 et
2033 3599 2101 3653 de
2129 3599 2261 3652 falsa
2284 3608 2339 3653 et
2362 3600 2642 3653 contraria
2671 3612 2846 3667 pauca
2891 3614 2956 3651 ex
2992 3597 3245 3652 Patribus
3290 3599 3525 3653 dissera-

1940 3708 2083 3748 mus.
2121 3693 2213 3748 Sic
2241 3693 2407 3763 igitur
2440 3694 2504 3747 de
2529 3707 2592 3747 ea
2624 3691 2867 3760 loquitur
2894 3691 3053 3745 divus
3085 3687 3415 3744 Diadochus.

253 3786 356 3838 καὶ
394 3790 527 3856 περὶ
572 3790 671 3857 τῆς
718 3790 777 3856 ἐξ
812 3791 1095 3857 ἑκατέρων
1143 3790 1571 3861 παρακλήσεως,
1625 3792 1727 3862 τῆς
1762 3795 1931 3860 θείας,
1965 3797 2167 3865 φαμὲν,
2210 3798 2305 3850 καὶ
2354 3797 2590 3868 ἀληθοῦς
2623 3801 2866 3869 χάριτος,
2903 3806 3121 3875 καὶτῆς
3151 3806 3526 3868 ἐπιπλάστου,

254 3881 353 3935 καὶ
387 3882 668 3948 ἐναντίας,
712 3884 946 3954 κρήσεσι
995 3886 1301 3954 Πατρικαῖς
1334 3886 1453 3939 δέον
1502 3887 1702 3955 μικρόν
1754 3906 1807 3941 τι
1853 3889 2211 3960 διασημᾶναι.
2264 3892 2430 3960 Λέγει
2481 3894 2659 3947 τοίνυν
2692 3894 2825 3960 περὶ
2878 3893 3087 3964 ταύτης
3115 3893 3289 3958 οὕτως
3324 3898 3351 3948 6
3377 3896 3529 3959 θεῖος

254 3984 295 4035 Δ
307 3983 519 4040 ιάδογος
530 3993 545 4010 ⁸

350 3999 424 4033 ιοο
465 3999 545 4040 σε’

350 3999 494 4127 Πεέι
540 4062 981 4131 παρακλήσεως
1003 4068 1190 4133 θείας,
1232 4070 1331 4122 καὶ
1356 4071 1754 4127 ἐπιπλάστου.

329 4150 426 4203 «ιδ’.
460 4171 479 4202 1
506 4151 674 4205 Ὅταν
703 4155 731 4205 6
756 4154 880 4216 νοῦς
933 4156 1093 4224 ἡμῶν
1129 4158 1357 4227 ἄρξηται
1392 4160 1491 4229 τῆς
1542 4162 1635 4214 τοῦ
1688 4163 1846 4230 ἀγίου

2225 4078 2297 4130 De
2328 4078 2507 4130 divina
2555 4088 2603 4129 et
2636 4078 2701 4131 de
2734 4078 2873 4144 [also
2897 4080 3239 4134 excitatione.

2011 4171 2098 4223 74.
2140 4170 2368 4236 Quando
2401 4186 2552 4223 mens
2597 4181 2784 4223 nostra
2820 4172 3012 4240 inclpit
3066 4169 3307 4239 Spiritus
3351 4174 3533 4225 sancti

258 4243 585 4313 Πνεῦματος
618 4245 979 4301 αἰσθάνεσθαι
1013 4252 1438 4322 παρακλήσεως,
1501 4255 1620 4307 τότε
1672 4257 1764 4308 καὶ
1819 4259 1849 4310 ό
1938 4286 1943 4310 ε

1835 4259 1849 4310 5
1938 4264 2323 4317 excitationem
2373 4262 2600 4326 sentire,
2660 4271 2791 4317 tunc
2820 4271 2873 4316 et
2932 4262 3165 4316 Satanas
3196 4263 3250 4315 in
3285 4263 3520 4331 quodam

257 4338 511 4398 Σατανᾶς
538 4338 596 4388 ἐν
627 4338 890 4408 ἡδυφανεῖ
910 4359 1017 4394 τινι
1048 4342 1323 4414 αἰσθήσει,
1362 4346 1420 4398 ἐν
1448 4350 1564 4410 ταῖς
1597 4366 1848 4421 νυκτερι-
1937 4374 1942 4407 :

1840 4379 1848 4392 -
1937 4370 2155 4411 amoeno
2196 4370 2357 4409 sensu
2412 4365 2466 4407 et
2519 4354 2752 4425 quadam
2803 4366 3068 4409 nocturna
3116 4357 3525 4426 tranquillitate,

256 4431 377 4490 ναῖς
407 4429 681 4499 ἡσυχίαις,
718 4432 810 4484 ὅτε
840 4449 924 4495 τις
949 4432 1139 4503 ὥσπερ
1168 4437 1248 4497 εἰς
1270 4436 1438 4489 ὕπνου
1485 4438 1629 4501 τινὸς
1658 4441 1848 4494 λεπτο-
1936 4471 1941 4498 ι

1839 4470 1848 4482 ·
1936 4450 2155 4519 quando
2178 4447 2655 4518 quisinlevissitni
2707 4464 2884 4503 somni
2927 4448 3332 4503 inclinationem
3357 4451 3524 4509 venit.

256 4522 424 4611 τάτου
456 4521 674 4591 ἔρχεται
713 4525 910 4594 ῥοπὴν,
972 4526 1070 4596 τὴν
1119 4526 1297 4598 ψυχὴν
1350 4533 1679 4598 παρακαλεῖ.
1724 4534 1847 4586 Ἐὰν
1871 4582 1941 4611 ..η

1871 4596 1910 4611 ._
1940 4540 2176 4593 animam
2216 4540 2435 4594 excitat.
2498 4558 2516 4589 1
2550 4538 2607 4593 Si
2641 4540 2805 4611 igitur
2838 4555 2988 4594 tuens
3013 4558 3065 4593 Ill
3098 4542 3310 4596 ardenti
3343 4542 3532 4595 minus

254 4607 354 4663 οἷν
392 4613 453 4662 ἐν
478 4611 656 4682 θερμῇ
691 4613 811 4665 λίαν
845 4616 1039 4684 μνήμῃ
1076 4596 1273 4685 εὑρεθῇ
1305 4596 1521 4687 κρατῶν
1556 4620 1584 4670 6
1615 4619 1738 4683 νοῦς
1785 4622 1846 4673 τὸ
1871 4596 1913 4649 D

254 4703 435 4769 ὄνομα
457 4701 518 4753 τὸ
543 4703 698 4770 ἅγιον
729 4704 824 4756 τοῦ
854 4706 1064 4776 Κυρίου
1110 4708 1307 4777 Ἰησοῦ,
1364 4710 1455 4761 καὶ
1488 4711 1676 4781 ὥσπερ
1697 4713 1844 4779 ὅπλῳ

256 4795 531 4863 κέχρηται
579 4795 721 4848 κατὰ
758 4796 857 4863 τῆς
904 4798 1121 4867 ἀπάτης
1170 4798 1249 4868 τῷ
1313 4801 1453 4870 ἁγίῳ
1502 4804 1595 4855 καὶ
1648 4804 1844 4874 ἐνδόξῳ

254 4888 459 4955 ἐκείνῳ
504 4886 751 4954 ὀνόματι.
783 4889 1057 4959 ἀναχωρεί
1104 4891 1203 4958 μὲν
1234 4892 1262 4943 ό
1295 4892 1491 4957 πλάνος
1523 4895 1616 4946 τοῦ
1643 4896 1795 4949 δόλου
1824 4911 1837 4923 ’

254 4984 339 5041 εἰς
388 4980 629 5048 πόλεμον
664 4982 720 5034 δὲ
773 4982 957 5035 λοιπὸν
1011 4984 1378 5039 ἐνυπόστατον
1409 4987 1700 5051 ἐξάπτεται
1743 4991 1840 5059 τῆς

252 5072 462 5141 ψυχῆς.
508 5072 669 5125 Ὅθεν
695 5066 1074 5140 ἐπιγίνὼσκων
1104 5077 1132 5127 6
1161 5077 1284 5140 νοῦς
1311 5077 1411 5148 τὴν
1439 5080 1653 5149 ἀπάτην
1678 5085 1838 5152 ἀκρι-

256 5167 371 5225 σῶς
425 5164 521 5216 τοῦ
554 5166 814 5234 πονηροῦ.
854 5165 1015 5218 πλέον
1050 5170 1130 5231 είς
1178 5168 1274 5238 τὴν
1314 5174 1508 5241 πεῖραν
1544 5174 1841 5243 προκόπτει

254 5258 355 5323 τῆς
382 5257 429 5308 δι
441 5256 763 5323 ικρίσεως.»
788 5258 897 5310 Καὶ
913 5256 1071 5321 αὖθις
1092 5274 1105 5289 ·
1126 5279 1146 5310 1
1171 5259 1235 5311 Ἦ
1260 5262 1438 5331 ἀγαθὴ
1473 5265 1837 5335 παράκλησις,

257 5348 630 5417 ἐγρηγορότας
658 5347 754 5400 τοῦ
800 5348 1055 5417 σώματος
1098 5350 1337 5417 γίνεται·
1371 5353 1401 5423 ἢ
1433 5354 1527 5407 καὶ
1554 5357 1633 5418 είς
1660 5356 1827 5410 ὕπνου

255 5438 401 5500 τινὸς
441 5438 727 5506 μέλλοντος
755 5440 1017 5510 ’ἔρχεσθαι
1072 5441 1329 5511 ἔμφασιν,
1365 5446 1450 5497 ὅτε
1475 5464 1559 5509 τις
1583 5449 1637 5500 ἐν
1661 5448 1836 5519 θερμῇ

259 5532 456 5598 μνήμῃ
481 5527 576 5579 τοῦ
613 5529 773 5594 Θεοῦ,
811 5534 876 5600 τῇ
906 5532 1073 5585 αὑτοῦ
1123 5533 1311 5603 ὥσπερ
1346 5536 1668 5605 κεκόλληται
1698 5539 1838 5599 ἁγά-

270 5636 347 5687 πῃ
385 5634 397 5646 ·
432 5622 466 5687 ἡ
496 5619 552 5670 δὲ
585 5620 684 5688 τῆς
710 5621 917 5689 πλάνης
950 5625 1031 5685 εἰς
1053 5624 1248 5677 λεπτόν
1276 5642 1397 5677 τινα
1416 5627 1522 5687 ἀεὶ,
1556 5627 1629 5689 ὡς
1663 5625 1833 5690 εἷπον,

261 5708 431 5761 ὕπνον
463 5708 711 5772 ἐλθόντος
742 5710 835 5763 τοῦ
865 5712 1219 5781 ἀγνωνιστοῦ,
1256 5717 1390 5784 μετὰ
1416 5717 1586 5786 μέσης
1619 5719 1836 5788 μνήμης

322 5894 363 5925 ⁸³
395 5892 589 5947 Matth.
628 5911 703 5959 xt,
747 5897 836 5950 ΞΟ.
942 5899 987 5928 ⁸⁸
1018 5899 1035 5951 l
1071 5898 1224 5955 Joan.
1265 5919 1316 5964 ν,
1349 5905 1403 5958 5.

1947 4633 2208 4686 memoria
2252 4632 2564 4686 inveniatur
2592 4648 2791 4686 nomen
2845 4642 3098 4687 sanctum
3141 4635 3351 4687 Domini
3398 4633 3524 4689 Jesu

1949 4740 2243 4792 occupans,
2275 4741 2447 4794 eoque
2484 4726 2836 4780 sanctissimo
2889 4736 2943 4778 et
2987 4726 3390 4793 gloriosissimo
3426 4743 3524 4781 uo~

1949 4818 2095 4869 mine
2129 4826 2321 4870 contra
2373 4817 2746 4883 deceptionem
2804 4826 3011 4877 utatur,
3050 4816 3173 4867 dolo
3222 4817 3381 4870 tinem
3428 4818 3523 4869 im-

1948 4907 2103 4975 ponit
2161 4906 2426 4971 dolosus;
2482 4906 2627 4958 bello
2684 4915 2866 4957 autem
2935 4902 3226 4956 manifesto
3284 4904 3529 4956 animam

1947 4999 2102 5063 petit.
2134 4996 2287 5051 Unde
2316 4996 2474 5051 dolos
2525 4996 2744 5063 maligni
2780 4996 3026 5065 apprime
3058 5010 3313 5062 noscens,
3355 4995 3527 5064 magis

1944 5092 1997 5144 in
2051 5089 2394 5144 discretionis
2424 5089 2761 5157 experientia
2796 5088 3031 5156 prolicit.
3089 5107 3109 5139 ι
3160 5087 3224 5142 Et
3259 5104 3478 5142 rursum
3508 5105 3535 5143 :-

1948 5201 1966 5233 1
2001 5183 2146 5236 Bona
2196 5181 2450 5236 excitatio
2503 5181 2583 5245 ﬁt,
2636 5180 2894 5248 vigilante
2945 5194 3223 5249 corpore;
3274 5192 3369 5234 aut
3399 5194 3535 5234 eum

1942 5273 2073 5327 illud
2103 5274 2155 5325 in
2183 5288 2248 5325 eo
2275 5280 2360 5327 est
2386 5281 2443 5326 ut
2470 5274 2525 5326 in
2573 5288 2753 5327 somm
2787 5270 3073 5339 cujusdam
3113 5271 3521 5325 simulationem

1941 5368 2197 5429 introeat,
2232 5364 2452 5433 quando
2478 5366 2600 5435 quis
2640 5366 2694 5418 in
2727 5364 2936 5418 ardenti
2982 5362 3072 5416 Dei
3114 5363 3375 5415 memoria
3406 5361 3528 5431 ejus

1942 5457 2198 5512 cltaritati
2228 5458 2340 5510 fere
2370 5458 2681 5517 adunatur;
2712 5456 2901 5509 dolosa
2937 5464 3117 5509 autem
3178 5455 3435 5509 excitatio
3464 5457 3524 5509 lit

1940 5551 2183 5619 quando,
2214 5560 2272 5603 ut
2296 5550 2429 5614 dixi,
2464 5554 2517 5604 in
2549 5550 2720 5603 levem
2756 5550 3045 5619 quemdam
3080 5564 3334 5602 somnum
3373 5548 3523 5601 venit

1943 5651 2181 5694 certator
2213 5655 2336 5694 cum
2373 5641 2552 5695 media
2590 5640 2681 5694 Dei
2736 5642 3021 5694 memoria.
3055 5639 3233 5693 Altera
3272 5640 3514 5708 quidem,

1945 5745 2198 5803 tanquam
2237 5749 2301 5787 ex
2332 5732 2439 5788 Deo
2467 5742 2613 5800 orta,
2646 5734 2931 5788 manifeste
2973 5735 3184 5787 animas
3212 5747 3398 5786 eorum
3426 5732 3523 5802 qui
