4266 6450
296 411 399 474 773

1497 414 1893 474 OPUSCULA
1931 415 2314 480 ASCE'I‘ICA.

3446 438 3548 496 774

297 531 408 580 Καὶ
442 529 547 596 πρό
581 545 641 595 γε
675 528 885 594 τούτου,
919 531 946 581 ὀ
979 529 1248 593 θειότατος
1285 531 1478 585 Δαδίδ·
1519 551 1537 583 ι
1586 534 1877 605 Ὀδηγήσει
1900 547 1947 606 Α
1975 544 1982 580 I

1864 547 1947 606 3A
1975 531 2132 584 mites
2167 530 2284 586 vias
2303 545 2430 586 snas
2457 529 2524 585 ".
2566 549 2583 583 ι
2619 532 2684 587 Et
2727 535 2868 592 illius
2922 537 3112 594 Siraclt
3149 560 3162 596 :
3203 563 3219 593 ι
3256 543 3549 605 Mansuetis

297 627 495 695 πραεῖς
534 627 593 677 ἐν
622 627 832 696 κρίσει⁹
866 626 1070 692 διδάξει
1094 629 1292 695 πραεῖς
1323 628 1479 690 ὁδοὺς
1501 630 1690 682 αὐτοῦ.
1722 650 1739 682 ι
1773 633 1881 684 Καὶ

291 717 322 767 ὁ
358 715 557 785 Σειράχ
582 728 595 741 ·
623 700 646 764 ι’
672 716 796 776 Τοῖς
825 717 1055 785 πραέσιν
1083 718 1562 771 ἀποκαλύπτονται
1587 720 1654 772 ea
1679 723 1882 791 μυστή-

294 825 408 878 ρια.
445 828 461 859 ι
510 810 617 861 Καὶ
646 808 1033 876 όγλυκύτατος
1080 809 1136 862 δὲ
1174 810 1378 880 Ἰησοῦς
1403 828 1417 841 ·
1454 831 1471 862 ι
1513 813 1729 870 Μάθετε
1783 815 1880 868 ἀπ’

291 899 455 968 ἐμοῦ,
485 901 566 952 ὅτι
597 901 768 969 πρᾶός
799 903 949 970 εἰμι,
987 902 1080 953 καὶ
1123 903 1380 966 ταπεινὸς
1427 906 1494 974 τῇ
1531 906 1751 976 καρδίᾳ,
1785 907 1880 959 καὶ

290 994 560 1061 εὑρήσετε
587 993 895 1046 ἀνάπαυσιν
919 995 1038 1055 ταῖς
1059 993 1258 1064 ψυχαῖς
1279 994 1454 1064 ὑμῶν.
1481 1014 1498 1046 ι
1523 996 1664 1051 Καί·
1696 1018 1714 1050 ι
1755 999 1880 1052 Ἐπὶ

289 1083 412 1136 τίνα
443 1083 746 1152 ἐπιθλέψω,
777 1083 892 1136 ἀλλ’
926 1084 959 1154 ἢ
1014 1085 1106 1136 ἐπὶ
1158 1086 1251 1139 τὸν
1292 1089 1467 1156 πρᾶον
1507 1092 1601 1141 καὶ
1630 1089 1873 1160 ἡσύχιον,

289 1176 383 1226 καὶ
412 1174 687 1244 τρέμοντα
708 1193 810 1244 μου
833 1175 1194 1244 τοὺςλόγουςς
1232 1195 1250 1228 ι
1292 1178 1398 1229 Καί
1421 1194 1434 1206 ⁸
1465 1197 1482 1229 ι
1521 1180 1796 1252 Μακάριοι
1823 1182 1872 1234 οἱ

290 1273 510 1339 πραεῖς,
535 1272 615 1322 ὅτι
646 1271 801 1323 αὐτοὶ
855 1271 1325 1343 κληρονομήσουσι
1367 1273 1464 1343 τὴν
1524 1274 1629 1343 γῆν
1653 1293 1664 1304 ·
1690 1295 1708 1326 ι
1733 1278 1874 1348 -ἧτοι

287 1363 390 1432 τὴν
411 1364 660 1432 καρδίαν,
705 1364 1166 1433 καρποφοροῦσαν
1197 1371 1262 1434 τῇ
1290 1367 1497 1435 χάριτι.
1536 1367 1594 1419 ἓν
1628 1370 1877 1437 τριὰκαν·

287 1471 378 1518 τα,
400 1457 494 1506 καὶ
519 1456 806 1524 ἐξήκοντα,
831 1457 925 1507 καὶ
952 1455 1167 1510 ἑκατόν.
1227 1457 1381 1509 Κατὰ
1412 1456 1526 1528 ξτὴν
1576 1460 1748 1524 τάξιν,
1772 1463 1874 1531 ἀρ-

285 1549 522 1617 χαρίων,
562 1549 742 1618 μέσων
776 1549 872 1602 καὶ
902 1549 1124 1602 τελείων
1149 1567 1162 1581 ·
1201 1550 1335 1619 μηδέ
1384 1569 1515 1603 ποτε
1573 1555 1633 1606 ἐν
1685 1555 1875 1623 μηδενὶ

284 1644 596 1713 ταράττων,
626 1642 1107 1714 ἢταραττόμενος,
1129 1645 1177 1695 εί
1213 1645 1286 1715 μή
1321 1662 1407 1697 πω
1442 1647 1568 1716 περὶ
1591 1648 1872 1712 εὐσεϐείας

281 1737 314 1786 6
343 1734 525 1802 λόγος.

284 1849 492 1911 Ὀπως
543 1847 620 1902 ἂν
671 1849 1064 1919 κᾳτορθωθείη
1115 1848 1353 1919 ἡμῖν-,ἠ
1414 1855 1710 1919 πραότης.
1769 1856 1867 1910 καὶ

357 1920 492 1985 περὶ
521 1919 630 1999 to?
661 1918 773 2000 τῆς
801 1918 1004 2000 αςυχῆς
1024 1913 1638 2000 τριιξεροῦςθυίιικοῦ,
1659 1913 1868 1982 ’ἐπιθυ-
1892 1913 1936 1970 Β

352 1989 636 2058 μητικσῦ,
677 1991 776 2040 καὶ
813 1990 1186 2053 λογιστικοῦ.

355 2108 459 2170 αι’.
509 2101 682 2154 Τοῦτο
728 2102 785 2155 δὲ
839 2102 1078 2166 εὐκόλως
1125 2104 1193 2158 ἂν
1233 2107 1631 2176 κατορθιῦσαις,
1686 2112 1865 2163 πάντα

279 2195 554 2248 ἐκκλίνων
598 2193 735 2264 ἅμα,
769 2199 862 2248 καὶ
908 2196 1045 2265 πρὸς
1086 2197 1310 2268 ἀγάπην
1338 2199 1437 2270 τὴν
1467 2200 1648 2270 ψυχὴν
1677 2203 1863 2266 κινῶν,

278 2289 350 2341 τὰ
394 2288 624 2342 πλεῖστά
674 2305 732 2340 τε
779 2289 1020 2354 σιωπῶν,
1073 2291 1364 2360 ἐμμέτρως
1417 2310 1476 2346 τε
1530 2295 1863 2365 σιτούμενος,

277 2383 376 2433 καὶ
424 2381 512 2432 ἀεὶ
553 2381 1010 2450 προσευχόμενος,
1041 2381 1115 2444 ὡς
1147 2383 1362 2452 εἴρηται
1399 2387 1512 2447 τοῖς
1543 2387 1821 2456 Πατράσιν
1845 2407 1860 2419 ·

283 2493 300 2525 ι
343 2476 471 2526 Ὅτι
523 2475 587 2526 τδ
615 2474 852 2543 θυμικὸν
901 2475 1001 2543 τῆς
1048 2474 1246 2544 ψυχῆς,
1296 2477 1486 2549 ἀγάπῃ
1531 2479 1860 2547 χαλίνωσον·

279 2572 377 2621 καὶ
409 2568 470 2620 τὸ
506 2565 908 2636 ἐπιθυμητικὸν
934 2565 1107 2635 αὐτῆς
1132 2567 1431 2638 ἐγκρατείᾳ
1463 2570 1702 2638 μάρανον
1722 2589 1736 2602 ο
1768 2573 1863 2624 καὶ

275 2663 680 2730 τδλογιστικὸν
716 2667 887 2734 αὐτῆς
918 2669 985 2737 τῇ
1017 2669 1294 2737 προσευχῇ
1330 2668 1609 2738 πτέρωσον
1629 2681 1644 2695 °
1682 2667 1773 2719 καὶ
1803 2667 1863 2717 τὸ

280 2757 402 2824 φῶς
429 2757 526 2810 τοῦ
549 2756 642 2809 νοῦ
693 2758 795 2810 οὐκ
828 2760 1171 2828 ἀμαυροῦται
1219 2777 1371 2813 ποτε.
1404 2777 1424 2811 ι
1463 2760 1592 2823 Καὶ,
1629 2777 1647 2809 ι
1680 2757 1865 2827 Θυμοῦ

285 2848 389 2917 μὲν
435 2850 678 2916 χαλινὸς,
730 2851 758 2919 ἡ
811 2849 1065 2921 εὔκαιρος
1109 2855 1325 2921 σιωπὴο
1358 2851 1555 2920 ἀλόγου
1583 2852 1640 2903 δὲ
1675 2851 1866 2904 ἐπιθυ-

286 2939 440 3008 μίας,
474 2941 508 3011 ἢ
546 2941 821 3010 ἔμμετρος
852 2941 1048 3012 ἐδωδὴ·
1078 2943 1448 2995 δυσκαθέκτου
1482 2943 1538 2995 δὲ
1582 2944 1866 3012 λογισμου,

281 3033 316 3099 ἡ
374 3031 756 3100 μονολόγιστος
807 3034 1107 3104 προσευχὴ.
1174 3052 1192 3084 r
1245 3035 1356 3087 Kal.
1405 3029 1597 3096 αὖθις’
1641 3051 1661 3084 t
1707 3035 1869 3103 Τρεῖς

282 3126 428 3176 εἰσιν
459 3124 676 3191 ἀρεταὶ,
706 3123 911 3178 αἵτινες
953 3124 1248 3194 χορηγοῦσι
1279 3125 1392 3194 φῶς
1421 3125 1498 3196 τῷ
1527 3125 1602 3195 νῷ
1637 3125 1868 3179 διαπαν-

1969 623 2281 678 revelantur
2344 626 2600 697 mysteria
2639 629 2703 681 ".
2748 648 2766 680 ι
2826 629 2893 684 Ει
2947 633 3300 692 dulcissimus
3347 639 3542 701 Jesns:

1972 733 1990 764 ι
2034 715 2230 769 Discite
2263 731 2291 770 a
2317 733 2401 772 me
2426 717 2550 785 quia
2585 719 2881 776 mitis-sum
2907 732 2962 776 et
2999 726 3220 782 humilis
3253 731 3440 793 corde,
3491 744 3544 787 et

1965 806 2258 862 invenietis
2288 811 2526 878 requiem
2569 811 2856 867 animabus
2888 817 3084 870 vestris
3111 819 3178 872 ³³.
3218 839 3236 871 ι
3269 821 3332 874 Ει
3361 843 3375 874 :
3405 841 3423 872 ι
3463 826 3540 881 Ad

1965 915 2125 968 quem
2183 901 2494 969 respiciam,
2531 904 2631 959 nisi
2673 908 2741 959 ad
2799 921 3143 963 mansuetum
3176 921 3226 967 et
3253 917 3538 982 paciﬁcum

1965 1003 2017 1047 et
2066 1003 2395 1050 metuentem
2449 1013 2732 1055 sermones
2782 1002 3002 1056 meos”
3033 1002 3055 1056 7
3088 1023 3106 1055 ι
3157 1006 3222 1060 Ει
3272 1023 3287 1060 ι
3331 1026 3349 1058 ι
3392 1009 3536 1063 Beati

1967 1085 2143 1149 mites,
2177 1088 2434 1154 quoniam
2473 1089 2574 1158 ipsi
2605 1094 3002 1148 lnnreditabuut
3061 1104 3258 1150 terram
3282 1100 3350 1155 ".
3385 1119 3402 1151 ι
3435 1101 3540 1156 Cor

1963 1177 2168 1231 scilicet
2201 1179 2346 1249 quod
2399 1182 2573 1248 gratia
2611 1184 2820 1240 fructus
2850 1186 3055 1254 afferet,
3090 1191 3160 1244 ita
3198 1200 3256 1245 ut
3306 1206 3533 1263 granum

1967 1285 2131 1322 unum
2160 1273 2373 1342 triginta
2411 1274 2512 1326 alia
2554 1284 2648 1329 aut
2676 1279 2977 1346 sexaginta,
3027 1291 3120 1334 aut
3148 1293 3363 1338 centum
3415 1287 3535 1339 redv

1966 1363 2073 1423 dat,
2102 1379 2196 1432 pro
2230 1367 2420 1419 ordine
2451 1368 2843 1436 incipientittm,
2871 1373 3172 1428 mediorum
3197 1389 3248 1429 et
3264 1380 3535 1443 perfecto-

1964 1467 2104 1506 rum.
2140 1452 2254 1506 Non
2285 1457 2428 1510 enim
2465 1460 2547 1510 vir
2583 1460 2669 1514 ille
2701 1461 2962 1530 turbabit,
2999 1480 3176 1535 neque
3205 1470 3532 1536 turbabitur,

1963 1545 2007 1598 si
2042 1546 2284 1600 nondum
2308 1549 2377 1601 sit
2416 1549 2482 1603 de
2514 1553 2715 1620 pietate
2743 1569 2945 1609 sermo.
2980 1575 2999 1608 ι

1967 1847 2237 1912 Quomodo
2277 1849 2548 1918 perﬁcitur
2585 1851 2639 1901 in
2673 1849 2822 1901 nobis
2853 1853 3198 1904 mansuetudo
3228 1861 3278 1904 et
3311 1851 3375 1905 de
3438 1850 3536 1902 tri-

2032 1921 2154 1986 plici
2174 1923 2389 1973 anima:
2425 1920 2706 1984 iracunda,
2737 1934 2884 1987 appet
2914 1923 3020 1974 tiva
3048 1934 3096 1975 et
3129 1923 3460 1977 rationabili.

2041 2103 2126 2156 7S.
2154 2101 2206 2155 ld
2236 2111 2418 2156 autem
2460 2103 2834 2171 consequeris,
2873 2103 2940 2155 ab
2979 2103 3235 2156 omnibus
3298 2103 3533 2156 animam

1965 2208 2115 2251 tuam
2142 2205 2393 2250 avertens
2417 2206 2469 2249 et
2490 2196 2554 2248 ad
2576 2196 2898 2249 cltaritatem
2939 2195 3537 2265 dirigens,plerumque

1964 2305 2094 2344 vero
2147 2290 2333 2351 silens,
2389 2288 2847 2356 mediocriterque
2877 2287 2996 2340 cibo
3036 2297 3192 2341 utens
3223 2299 3274 2341 et
3324 2303 3535 2356 semper

1964 2397 2152 2445 orans,
2202 2389 2261 2435 ut
2311 2398 2340 2435 a
2395 2379 2648 2434 Patribus
2706 2380 2908 2433 dictum
2971 2386 3096 2433 est:
3135 2399 3151 2430 ι
3195 2379 3534 2434 lracundiam

1966 2475 2158 2528 animae
2182 2473 2401 2528 frenans
2450 2484 2504 2528 et
2533 2474 2650 2542 ejus
2684 2474 2976 2542 appetitum
3033 2474 3388 2541 temperantia
3426 2489 3538 2525 ma-

1965 2583 2180 2632 cerans,
2213 2566 2332 2635 ejus
2364 2566 2560 2620 ratmni
2589 2566 2703 2620 alas
2757 2574 2929 2634 aptes.
2988 2566 3052 2619 Et
3113 2566 3308 2619 mentis
3359 2566 3535 2618 lnmcn

1964 2677 2240 2731 nunquam
2275 2662 2631 2716 ltebetabitnr.
2668 2679 2686 2712 ι
2721 2661 2822 2715 Et:
2855 2679 2873 2711 ‹
2905 2659 3000 2714 Ira
3062 2661 3277 2728 quidem
3325 2659 3536 2713 frenum

1965 2766 2046 2808 est
2063 2754 2738 2824 opportunnmsilentiom;
2763 2753 3150 2806 irrationabilis
3171 2761 3350 2806 autem
3374 2768 3537 2821 appe-

1966 2852 2119 2910 titus.
2173 2850 2486 2902 modcratus
2517 2848 2668 2900 cibus
2703 2861 2719 2911 ;
2749 2846 3016 2900 ratiocinii
3053 2860 3180 2899 vero
3201 2843 3310 2900 fere
3333 2847 3539 2899 cohibi-

1967 2949 2022 2994 tu
2053 2939 2306 3005 dillicilis,
2343 2939 2608 3008 soliloqua
2640 2939 2836 2993 oratio.
2878 2958 2896 2990 ι
2940 2937 3006 2991 Ει
3038 2953 3257 2993 rursum
3295 2955 3306 2990 :
3350 2956 3367 2988 t
3401 2936 3542 2991 Tres

1965 3046 2091 3088 sunt
2123 3034 2350 3086 virtutes
2373 3047 2495 3100 qua:
2526 3031 2692 3085 menti
2728 3031 2908 3084 lumen
2938 3029 3361 3084 subministrant
3421 3045 3541 3097 per-

1967 3137 2128 3195 petuo
2167 3142 2181 3179 :
2215 3125 2428 3180 Nullius
2448 3124 2686 3178 hominis
2721 3123 2979 3177 malitiam
3019 3123 3158 3176 scire
3215 3121 3332 3176 sine
3383 3123 3539 3175 turba

281 3215 400 3277 τός·
421 3214 481 3266 τὸ
509 3213 584 3284 μὴ
610 3215 807 3267 είδέναι
836 3214 1106 3285 πονηρίαν
1136 3215 1424 3285 ἀνθρώπου
1443 3219 1585 3278 τινός
1605 3232 1619 3246 °
1649 3216 1710 3268 τὸ
1735 3217 1866 3268 ὑποο
1887 3258 1931 3318 C

1852 3245 1866 3256 -
1887 3258 1931 3318 ϐ
1966 3239 2084 3290 qna:
2109 3223 2379 3282 accidunt.
2409 3221 2680 3274 sustinere
2709 3235 2724 3282 ;
2753 3227 2807 3271 et
2830 3219 3029 3271 bonum
3086 3216 3268 3270 facere
3299 3218 3384 3279 iis,
3447 3217 3537 3284 qui

285 3306 480 3374 φέρειν
504 3306 569 3359 τὰ
600 3307 943 3374 ἐπερχόμενα
967 3306 1258 3375 ἀταράχως
1277 3323 1291 3336 ’
1322 3308 1416 3358 καὶ⁵
1445 3307 1504 3358 τὸ
1534 3307 1868 3376 ἀγαθοποιῆ-

289 3412 378 3446 σαι
406 3394 537 3456 τοὺς
572 3393 1027 3456 κακοποιοῦντας.
1058 3394 1123 3445 Ai
1153 3395 1303 3463 τρεῖς
1330 3390 1489 3448 αὗται
1530 3397 1720 3464 ἀρεταὶ
1751 3412 1871 3463 γεν-

285 3486 458 3537 νῶσιν
505 3484 674 3547 ἀλλας
713 3488 862 3553 τρεῖς
903 3486 1106 3555 ἁρετάς
1146 3485 1397 3556 μείζονας
1434 3485 1650 3537 αὐτῶνθ
1704 3486 1763 3538 τὸ
1795 3485 1869 3554 μὴ

283 3577 489 3628 εἰδέναι
528 3579 794 3645 πονηρίαν
839 3579 1130 3648 ἀνθρώπου
1161 3579 1325 3648 γεννᾷ
1359 3579 1456 3649 τὴν
1487 3573 1707 3647 ἀγάπην
1728 3595 1740 3607 ·
1778 3578 1870 3629 καὶ

282 3667 346 3720 τὸ
378 3668 699 3736 ἐπενεγκεῖν
727 3668 795 3722 τὰ
837 3671 1179 3739 ἐπερχόμενα
1231 3669 1517 3739 ἀταράχως
1565 3671 1727 3738 γεννᾷ
1772 3668 1870 3738 τὴν

285 3759 574 3830 πραότητα
635 3760 730 3812 καὶ
761 3759 824 3812 τὸ
855 3759 1251 3830 ἀγαθοποιῆσαι
1286 3759 1409 3820 τοὺς
1442 3758 1870 3824 κακοποιοῦντας

285 3855 485 3905 κτᾶται
532 3854 631 3923 τὴν
661 3853 905 3923 εἰρήνην.
956 3872 975 3904 ι
1035 3854 1145 3906 Καὶ
1194 3853 1391 3905 πάλινο
1444 3871 1462 3902 ι
1519 3853 1679 3922 Τρεῖς
1729 3853 1870 3904 εἰσιν

281 3945 479 4012 ἠθικαὶ
522 3945 909 4008 καταστάσεις,
943 3944 1301 4014 γενικώτεραι
1337 3945 1395 3996 ἐν
1432 3947 1544 4006 τοῖς
1576 3945 1829 4012 μοναχοῖς
1851 3958 1866 3974 ο

281 4039 380 4089 καὶ
405 4036 600 4106 πρώτη
632 4037 732 4104 μέν
761 4038 877 4089 ἐστι
899 4037 959 4088 τὸ
987 4037 1153 4106 μηδὲν
1183 4036 1522 4105 ἁμαρτάνειν
1561 4037 1681 4088 κατ’
1711 4036 1856 4104 ἐνέρ-

282 4141 475 4194 γειαν·
527 4125 755 4194 δευτέρα
805 4126 882 4189 δὲ,
923 4125 984 4177 τὸ
1040 4124 1116 4194 μὴ
1163 4124 1495 4194 ἐγχρονίζειν
1525 4126 1582 4176 ἐν
1623 4126 1688 4193 τῇ
1720 4123 1865 4192 ψυχῇ

281 4219 414 4278 τοὺς
457 4213 729 4283 ἐμπαθεῖς
776 4211 1106 4283 λογισμούςσ
1152 4214 1246 4265 καὶ
1287 4213 1468 4282 τρίτη,
1507 4212 1566 4264 τὸ
1599 4213 1693 4273 τὰς
1736 4228 1871 4282 μορ-

282 4308 392 4375 φὰς
411 4307 526 4359 τῶν
561 4305 860 4372 γυναικῶν,
910 4307 1005 4358 καὶ
1051 4303 1163 4358 τῶν
1216 4304 1595 4370 λυπησάντων,
1645 4303 1868 4366 ἀπαθῶς

283 4399 516 4468 θεωρεῖν
547 4395 690 4451 κατὰ
717 4396 975 4451 διάνοιαν.
1017 4416 1038 4448 ι

283 4534 417 4584 Ὀτι
441 4531 671 4598 ταχέως
696 4529 792 4582 δεῖ
803 4529 1120 4596 μετανοεῖν
1141 4528 1212 4582 ἐν
1239 4529 1367 4596 ταῖς
1389 4530 1538 4583 κατὰ
1564 4531 1872 4597 σύμϐασιν

355 4600 703 4666 ἐκτροπαῖς,
726 4600 825 4652 καὶ
854 4599 1043 4664 οὕτως
1071 4602 1158 4666 εις
1185 4602 1251 4652 τὸ
1277 4600 1422 4664 ἑξῆς
1447 4599 1651 4668 σοφῶς
1678 4601 1871 4669 ἀσφα-

355 4671 654 4731 ἀέξεσθαι.

354 4781 455 4835 00'.
488 4782 551 4833 Ei
579 4781 634 4833 δέ
660 4798 713 4834 τι
745 4779 984 4851 συμϐαίη
1016 4779 1144 4832 πετέ
1170 4779 1596 4849 διαταραχθῆναί
1629 4797 1709 4843 σε,
1743 4780 1773 4850 ἢ
1813 4781 1869 4833 ἐν

281 4894 390 4931 τινι
438 4873 725 4944 ὀλισθῆσαι
774 4873 1163 4944 συμπτώματι,
1215 4874 1308 4925 καὶ
1353 4873 1449 4925 τοῦ
1498 4877 1869 4941 προσήκοντος

280 4967 631 5035 διαμαρτεῖν,
658 4965 862 5026 εὐθέως
885 4964 966 5015 δεῖ
996 4963 1408 5017 διαλλάττεσθαι
1438 4965 1570 5035 πρὸς
1609 4965 1698 5017 τὸν
1719 4964 1868 5016 λελυ-

283 5057 529 5127 πηκότα,
561 5054 594 5125 ἢ
629 5055 724 5107 καὶ
761 5054 1073 5125 λυπηθέντα
1093 5071 1108 5086 ·
1136 5057 1229 5107 καὶ
1263 5058 1540 5122 μετανοεῖν
1563 5057 1626 5109 ὲκ
1655 5056 1830 5126 ψυχῆς
1852 5074 1863 5086 ’

286 5149 510 5202 πενθεῖν
563 5164 623 5199 τε
669 5149 763 5200 καὶ⁷
805 5147 1083 5216 δακρύειν,
1130 5147 1222 5199 καὶ
1275 5147 1466 5200 ἐαυτοῦ
1507 5150 1866 5218 καταμέμφε-

285 5239 416 5292 σθαι
439 5255 454 5271 ο
488 5238 582 5292 καὶ
609 5236 782 5300 οὕτως
815 5241 896 5300 είς
924 5238 984 5290 τὸ
1013 5239 1137 5306 ἑξῆς
1172 5240 1481 5308 προσέχειν,
1516 5241 1608 5292 καὶ
1639 5242 1868 5310 ἀσφαλί-

284 5332 480 5395 ζεσθαι
510 5329 653 5382 πάνυ
686 5328 884 5397 σοφῶς,
917 5329 991 5391 ὡς
1019 5330 1258 5382 διδάσκει
1308 5331 1336 5381 ὁ
1386 5332 1587 5401 Κύριος
1636 5333 1863 5400 Ἰησοῦς,

284 5426 366 5477 ὅτι
404 5443 424 5475 ι
474 5423 603 5475 Ἐὰν
636 5423 956 5494 προσφέρῃς
1014 5424 1074 5475 τὺ
1117 5423 1289 5493 δῶρόν
1331 5441 1422 5476 σου
1456 5425 1546 5476 ἐπὶ
1583 5426 1642 5477 τὸ
1677 5424 1865 5477 θυσια-

289 5518 535 5586 στήριον,
570 5516 667 5567 καὶ
698 5518 814 5567 ἐκεῖ
845 5516 1088 5585 μνησθῇς
1118 5517 1198 5568 ὅτι
1237 5517 1262 5566 ὁ
1299 5515 1524 5584 ἀδελφός
1546 5534 1639 5568 σου
1670 5517 1867 5587 ἔχειμτι

286 5609 431 5662 κατὰ
465 5605 586 5671 σοῦ,
616 5606 753 5674 ἄφες
793 5609 912 5660 ἐκεῖ
947 5608 1008 5658 τὸ
1057 5607 1228 5677 δῶρόν
1277 5625 1366 5659 σου
1422 5608 1729 5677 ἔμπροσθεν
1772 5608 1865 5661 τοῦ

289 5697 728 5767 θυσιαστηρίου,
774 5697 871 5750 καὶ
923 5697 1100 5764 ὕπαγε
1157 5699 1371 5767 πρῶτον
1417 5698 1733 5769 διαλλάγηθι
1789 5701 1867 5771 τῷ

288 5789 506 5859 ἀδελφῷ
542 5805 669 5843 σου·
718 5789 812 5844 καὶ
864 5789 985 5841 τότε
1037 5788 1229 5854 ἐλθὼν,
1271 5792 1546 5860 πρόσφερε
1588 5795 1646 5843 τὸ
1697 5792 1867 5862 δῶρόν

361 5920 400 5949 ³¹
441 5916 588 5973 Psal.
622 5930 768 5979 mv,
829 5911 883 5966 9.
961 5910 1008 5943 "
1047 5909 1216 5965 Eccli.
1247 5925 1379 5977 uti,
1409 5909 1500 5963 Ἥ.

293 6009 346 6051 v.
369 5988 568 6051 23,21.

1599 5908 1642 5939 "
1670 5906 1859 5962 Matth.
1888 5921 1960 5970 ιι,
1988 5901 2077 5956 29.

1965 3318 2168 3370 faciunt
2190 3315 2412 3369 malutn.
2444 3312 2577 3366 Tres
2613 3312 2716 3365 illa:
2746 3312 2976 3364 virtutes
3014 3319 3123 3364 tres
3156 3311 3292 3364 alias
3315 3311 3540 3379 gignunt

1964 3407 2160 3475 seipsis
2190 3406 2462 3474 majores:
2500 3403 2757 3457 malitiam
2824 3402 3061 3455 nominis
3115 3402 3325 3454 nescire
3372 3401 3541 3470 gignit

1966 3499 2284 3556 cltaritatem
2317 3515 2332 3563 ;
2370 3497 2488 3552 sine
2511 3497 2664 3551 turba
2699 3496 2994 3550 accidentia
3026 3495 3298 3549 sustinere
3320 3504 3542 3563 generat

1965 3593 2460 3657 mansuetudinem,
2498 3601 2549 3646 et
2573 3592 2772 3644 bonum
2805 3588 2980 3643 facere
3034 3589 3234 3643 malum
3298 3587 3542 3642 facienti-

1965 3687 2069 3740 bus
2093 3701 2284 3756 pacem
2317 3687 2540 3754 praebet.
2573 3702 2591 3735 ι
2626 3682 2688 3736 Et
2713 3697 2927 3735 rursum
2960 3699 2972 3734 :
3022 3699 3040 3732 ι
3078 3679 3213 3734 Tres
3239 3689 3367 3736 sunt
3424 3695 3543 3733 mo-

1967 3779 2106 3833 ralcs
2142 3785 2317 3831 status
2355 3775 2637 3829 monachis
2685 3771 2961 3841 generales
2995 3789 3010 3836 ;
3059 3771 3267 3840 primus
3316 3769 3539 3840 quidem

1967 3889 2074 3926 non
2101 3886 2288 3925 errare
2312 3868 2608 3924 secundum
2643 3867 2894 3918 virtutem
2926 3881 2942 3928 ;
3001 3863 3290 3924 secundus,
3327 3876 3436 3914 non
3486 3861 3540 3913 in

1968 3965 2147 4019 anima
2176 3976 2393 4018 servare
2429 3959 2625 4013 aﬂectu
2665 3966 2975 4010 commotas
3028 3955 3386 4024 cogitationes
3421 3972 3434 4017 ;
3488 3964 3542 4006 et

1971 4054 2184 4118 tertius,
2215 4051 2502 4104 mulierum
2538 4047 2811 4101 formaset
2839 4061 3028 4100 eorum
3049 4060 3169 4114 quae
3194 4046 3546 4106 contristaut,

1969 4147 2173 4215 absque
2201 4143 2395 4197 allecto
2436 4156 2530 4210 per
2551 4140 2931 4209 cogitationem
2965 4137 3185 4191 intueri.

1971 4510 2120 4575 Quod
2149 4516 2349 4579 oportet
2384 4508 2488 4559 cito
2533 4504 2779 4579 paenitere
2833 4501 2884 4579 in
2913 4500 2976 4552 iis
3000 4513 3114 4565 qua:
3163 4498 3411 4579 accidunt
3437 4498 3554 4548 d53-

2043 4571 2407 4643 tractionibus,
2440 4585 2490 4630 et
2532 4577 2609 4628 ita
2641 4590 2696 4627 se
2736 4573 2788 4624 in
2844 4571 3079 4640 futurum
3111 4571 3373 4637 sapienter
3422 4585 3548 4621 con-

1893 4655 1944 4713 D
2042 4653 2276 4718 ﬁrmare.

2044 4766 2133 4820 79.
2161 4764 2310 4831 Quod
2336 4763 2382 4818 si
2416 4762 2625 4816 accidat
2654 4769 2704 4814 te
2738 4757 3030 4827 aliquando
3091 4757 3405 4810 conturbari
3452 4763 3544 4807 aut

1971 4862 2024 4914 in
2057 4860 2292 4929 aliquem
2322 4870 2508 4910 casum
2539 4851 2858 4918 circumagi,
2888 4861 2938 4902 et
2970 4864 2999 4902 a
3046 4849 3186 4902 bono
3238 4846 3540 4909 deﬂectere,

1968 4954 2077 5008 cito
2098 4957 2310 5021 oportet
2342 4958 2392 5002 te
2441 4944 2780 5000 reconciliari
2824 4957 2950 4995 cum
3003 4955 3067 4993 eo
3101 4939 3193 5008 qui
3247 4946 3298 4990 te
3349 4936 3540 4995 amisit

1969 5051 2241 5109 antquem
2274 5036 2555 5098 amisisti;
2611 5043 2663 5086 et
2720 5031 2960 5086 converti
3015 5045 3078 5082 ex
3123 5037 3235 5082 tota
3295 5029 3526 5087 anima;

1975 5134 2158 5187 dolere
2192 5142 2246 5185 et
2281 5130 2580 5198 lacrymare
2607 5133 2661 5179 et
2683 5125 2912 5192 teipsum
2950 5122 3253 5190 vituperare
3289 5137 3304 5185 ;
3372 5129 3536 5186 atque

1975 5226 2047 5281 ita
2083 5225 2174 5278 tibi
2193 5222 2243 5275 in
2267 5221 2508 5275 futurum
2537 5217 2821 5286 providere
2843 5225 3002 5282 teque
3018 5213 3341 5266 confirmare
3364 5211 3542 5262 omni-

1977 5335 2047 5373 no
2074 5317 2370 5386 sapienter,
2407 5324 2468 5368 ut
2496 5313 2654 5367 docet
2708 5309 2970 5363 Dominus
3011 5306 3169 5360 Jesns
3212 5323 3225 5358 :
3266 5325 3284 5355 ι
3319 5303 3548 5358 Siofl'ers

1976 5425 2178 5464 munus
2207 5419 2355 5463 tuum
2383 5407 2448 5460 ad
2482 5405 2650 5457 altare
2684 5410 2737 5456 et
2759 5396 3176 5455 ibi'recordatns
3208 5397 3372 5448 fueris
3400 5394 3542 5462 quod

1971 5506 2140 5560 frater
2164 5513 2290 5556 tuus
2324 5501 2489 5553 liabet
2512 5495 2714 5564 aliquid
2738 5494 3028 5547 adversum
3086 5498 3157 5549 te,
3193 5488 3436 5553 relinque
3471 5487 3541 5537 ibi

1971 5610 2170 5650 munus
2199 5605 2348 5646 tuutn
2380 5597 2502 5643 ante
2529 5588 2721 5647 altare,
2741 5594 2793 5637 et
2821 5583 2975 5646 vade,
3003 5581 3151 5649 prius
3192 5578 3552 5633 reconciliare

1971 5688 2123 5743 fratri
2155 5697 2266 5752 tuo,
2288 5695 2335 5738 et
2366 5692 2496 5736 tunc
2525 5682 2745 5736 veniens
2795 5677 2931 5732 oll‘cr
2976 5689 3179 5728 munus
3210 5683 3362 5724 tuum
3393 5673 3460 5724 “.
3522 5688 3538 5719 ι

1972 5782 2036 5834 lit
2072 5778 2349 5849 apostolus
2397 5773 2595 5828 Paulus
2629 5787 2642 5824 :
2672 5789 2690 5822 ι
2726 5769 2916 5823 O.nnis
2948 5764 3253 5818 amaritudo
3285 5769 3339 5815 et
3384 5761 3462 5812 ira
3488 5767 3548 5814 et

2172 5895 2219 5930 ”
2273 5894 2379 5949 lsa.
2431 5905 2581 5955 vat,
2619 5887 2672 5942 2.
2763 5879 3169 5945 "Mattlt.v,4.
3277 5877 3324 5910 ⁵⁸
3354 5873 3548 5929 Matth.
