4266 6450
761 392 869 455 ’175

1582 382 1936 446 GALLISTI
1980 381 2068 440 ET
2114 377 2408 438 lGNA'l‘ll
2469 371 3165 436 XANTHOI‘ULORUM

3904 363 4010 427 776

766 504 1083 572 agro-gaudia
1122 515 1171 554 ct
1202 503 1431 558 clamor.
1464 510 1510 551 et
1564 496 1899 566 blasphemia
1962 492 2277 559 rejitiautur
2308 502 2334 539 a
2366 487 2410 546 Α
2447 504 2451 530 :

2331 487 2410 546 ιΑ
2447 500 2555 536 σου.
2613 502 2630 534 ι
2670 482 2777 535 Καὶ
2823 485 2850 536 6
2885 482 3179 543 ἀπόστολος
3232 481 3471 542 Παῦλος·
3530 500 3546 532 ι
3606 483 3760 535 Πᾶσα
3800 486 4016 554 πικρία,

770 597 943 659 vobis,
979 610 1099 645 eum
1154 590 1303 643 onini
1359 590 1584 642 malitia.
1641 586 1825 640 Estole
1861 587 1912 639 in
1951 585 2180 637 invicem
2215 579 2339 633 boni

766 700 821 739 et
853 684 1265 745 misericordes;
1325 684 1489 752 gratis
1533 680 1761 734 invicem
1821 678 2130 743 largientes,
2163 686 2350 741 quem-

768 775 1061 828 admodum
1130 775 1299 842 gratis
1364 774 1504 824 Deus
1543 770 1696 824 nobis
1755 770 1808 822 in
1844 767 2063 821 Christo
2126 763 2350 831 largitus

769 880 849 920 est
876 866 943 918 ".
984 884 1000 916 ι
1039 864 1101 919 Ει
1138 883 1151 919 :
1195 884 1211 914 ι
1263 861 1587 923 lrascimiui,
1640 873 1695 915 et
1743 860 1911 913 nolite
1967 869 2191 925 peccare
2221 854 2288 904 ⁵⁸.
2325 871 2343 904 ι

771 960 837 1013 Ει
869 980 882 1014 :
909 960 1034 1013 «Sol
1073 975 1176 1011 non
1204 956 1415 1011 occidat
1436 971 1601 1024 super
1624 951 1962 1007 iracundiam
1983 959 2218 1003 vestram
2244 946 2345 996 ".i

772 1052 873 1106 Et:
909 1050 1112 1105 «Nolite
1141 1067 1235 1104 vos
1260 1050 1552 1114 vindicare,
1587 1045 1893 1101 charissinti
1926 1060 1941 1108 ;
1971 1043 2067 1098 scd
2111 1041 2234 1095 date
2270 1040 2353 1093 lo-

771 1162 893 1199 cum
921 1148 1012 1199 ira:
1044 1147 1107 1201 ".
1143 1164 1159 1196 ι
1196 1144 1255 1197 Et
1305 1161 1318 1197 :
1360 1162 1379 1195 ι
1404 1140 1519 1194 Noli
1552 1139 1691 1195 vinei
1721 1150 1749 1188 a
1778 1138 1957 1201 malo;
1992 1134 2083 1188 sed
2121 1132 2277 1184 vince
2300 1131 2353 1183 in

772 1239 916 1292 bono
942 1239 1139 1290 malmn
1170 1237 1235 1289 υ.
1274 1255 1292 1287 ι
1350 1235 1412 1287 Et
1462 1232 1591 1287 illud
1649 1230 1866 1299 quidem
1921 1226 2127 1281 dictum
2154 1228 2239 1278 est
2288 1222 2354 1276 dc

772 1342 959 1384 mutua
999 1329 1470 1384 reconciliatione.

1202 1551 1271 1602 De
1301 1552 1451 1617 lapsu
1500 1567 1561 1603 ac
1593 1552 1919 1621 paenitentia.

851 1643 938 1698 80.
976 1644 1045 1697 De
1075 1645 1227 1713 lapsu
1257 1644 1650 1714 quidem,dicil
1699 1656 1919 1699 sanctus
1948 1643 2099 1696 Isaac
2142 1662 2154 1695 :
2194 1662 2209 1692 ι
2248 1641 2360 1694 Non

773 1738 990 1804 quando
1015 1736 1066 1788 in
1098 1736 1334 1805 aliquam
1367 1736 1578 1805 culpam
1613 1737 1746 1806 lapsi
1780 1737 2008 1799 erimus,
2044 1748 2170 1789 tunc
2235 1751 2365 1788 Cun-

2445 580 2538 629 καὶ
2570 576 2761 646 θυμδις,
2796 576 2891 629 καλ⁵
2933 576 3092 646 ὀργὴ,
3134 576 3229 628 καὶ
3265 574 3501 644 κραυγὴ,
3536 577 3629 628 καὶ
3679 574 4019 643 βλασφημία,

2443 670 2666 740 ἀρθήτω
2712 669 2803 737 ἀφ’
2830 667 3003 738 ὑμῶν,
3038 669 3134 720 συν
3167 670 3312 738 πάσῃ
3346 667 3563 737 κακίᾳ.»
3606 666 3825 719 Γίνεσθε
3849 668 3905 720 δὲ
3940 670 4023 730 είς

2446 762 2710 835 ἀλλήλους
2740 762 2986 832 χρηστοὶ,
3022 760 3407 829 εῦσπλαγχνοι,
3450 780 3467 813 ι
3506 763 4023 831 Χαριζόμενοιέαυ-

2445 858 2581 919 τοῖς,
2618 854 2799 917 καθὼς
2826 854 2921 907 καὶ
2948 855 2977 906 6
3003 852 3136 916 Θεδς
3162 855 3217 906 ὲν
3250 853 3469 925 Χριστῷ
3499 854 3791 924 ἐχαρίσατο
3829 857 4016 926 ἡμῖν.»

2448 948 2590 1001 Καί’
2624 965 2641 998 ι
2685 944 3021 1015 Ὀργίζεσθε,
3049 944 3141 997 καί
3167 943 3239 1014 μὴ
3266 946 3631 1015 ἁμαρτάνετε.
3660 965 3678 996 ι
3715 946 3822 998 Καί
3848 962 3862 977 ·
3901 967 3918 997 ι
3963 947 4027 998 '0

2448 1041 2599 1111 ἥλιος
2628 1039 2702 1108 μὴ
2729 1038 2994 1091 ἐπιδυέτω
3017 1038 3110 1091 ἐπὶ
3142 1037 3217 1107 τῷ
3248 1038 3610 1109 παροργισμῷ
3628 1038 3803 1107 ὑμῶν.
3839 1058 3857 1089 ι
3891 1040 4025 1092 Καί·

2456 1134 2575 1200 «Μὴ
2606 1130 2943 1193 ἐκδικοῦντες
2981 1131 3225 1192 ἑαυτοὺς,
3251 1130 3556 1198 ἀγαπητοί·
3608 1129 3745 1181 ἀλλὰ
3793 1129 4030 1192 διδόντες

2448 1225 2615 1277 τόπον
2665 1227 2730 1294 τῇ
2759 1223 2919 1295 ὀργῇ.
2962 1241 2981 1274 ι
3019 1221 3158 1275 Καί·
3196 1240 3213 1272 t
3250 1222 3341 1292 Μὴ
3375 1222 3511 1274 νικῶ
3557 1222 3660 1274 ὑπὸ
3695 1220 3787 1274 τοῦ
3817 1223 3986 1274 κακοῦ
4013 1237 4028 1249 ·

2454 1314 2590 1369 ἀλλὰ
2618 1315 2742 1367 νίκα
2770 1316 2827 1367 ἐν
2860 1314 2939 1383 τῷ
2987 1314 3175 1383 ἀγαθῷ
3203 1313 3263 1364 τὸ
3296 1314 3487 1367 κακόν.
3535 1332 3552 1363 ι
3604 1313 3713 1365 Καὶ
3742 1312 3900 1366 τοῦτο
3929 1314 4030 1385 μὲν

2455 1406 2668 1476 εἴρηται
2700 1407 2827 1478 περὶ
2859 1407 2958 1473 τῆς
2992 1406 3127 1475 πρὸς
3155 1404 3413 1475 ἀλλήλους
3454 1404 3768 1473 διαλλαγῆς.

2771 1542 2907 1608 Περὶ
2941 1540 3212 1604 ὀλίσθου,
3250 1539 3348 1592 καὶ
3372 1539 3716 1608 μετανοίας.

2526 1660 2598 1706 π’.
2632 1654 2763 1723 Περὶ
2809 1652 2865 1705 δέ
2916 1669 2977 1719 γε
3029 1651 3263 1718 ὀλίσθου,
3311 1653 3477 1721 φησὶν
3525 1653 3553 1703 6
3599 1652 3751 1718 ἅγιος
3798 1653 4029 1706 Ἰσαάκ·

2460 1771 2479 1803 ι
2518 1752 2630 1821 Οὐχ
2663 1751 2788 1803 ὅταν
2816 1749 3192 1819 όλισθήσωμεν
3234 1747 3291 1801 ἐν
3331 1764 3459 1811 τινι,
3495 1747 3614 1799 τότε
3656 1746 4025 1817 λυηθὼμεν·

776 1829 1058 1882 tristemur
1092 1847 1105 1893 ;
1137 1830 1228 1882 sed
1260 1834 1477 1893 quando
1526 1830 1579 1881 in
1621 1829 1733 1897 ipsa
1788 1829 2210 1883 remanebimus.
2259 1827 2363 1880 La-
2402 1868 2461 1911 η,

2345 1854 2363 1867 ³
2402 1845 2570 1911 ,ἀλλ’
2602 1845 2730 1897 ὅταν
2778 1840 3125 1911 ἐμμείνωμεν
3175 1841 3231 1893 ἐν
3274 1839 3443 1909 αὐτῷ.
3479 1840 3551 1891 Τὸ
3591 1839 3699 1908 γάρ
3732 1839 4030 1910 ὀλίσθημα,

776 1937 906 1994 pars
960 1920 1105 1974 enim
1155 1921 1351 1974 accidit
1408 1922 1735 1990 frequenter,
1768 1930 1819 1974 et
1869 1919 2161 1990 perfectis;
2198 1934 2371 1973 rema-

774 2032 902 2070 nere
949 2030 1128 2071 autem
1188 2020 1241 2070 in
1292 2019 1448 2086 culpa
1501 2029 1581 2072 est
1629 2020 1897 2088 completa
1950 2020 2173 2075 occisio.
2246 2018 2371 2071 Tri-

771 2109 920 2163 stitia
952 2123 1098 2173 vero,
1136 2125 1296 2177 quam
1331 2110 1596 2163 sentimus
1638 2111 1706 2163 de
1739 2111 1969 2179 propriis
2010 2112 2270 2181 lapsibus,
2314 2112 2367 2165 in

782 2201 901 2254 IOt-o
930 2201 1142 2253 nnmdze
1191 2203 1525 2270 operationis
1550 2204 1708 2256 nobis
1741 2213 2044 2272 reputatur,
2077 2219 2141 2256 ex
2174 2203 2364 2271 gratia.

777 2295 878 2359 Qui
907 2309 1001 2362 spe
1033 2292 1364 2361 ptrniteutia:
1395 2293 1573 2348 denuo
1608 2294 1824 2358 labitur,
1862 2295 1947 2348 ille
1990 2309 2115 2349 cum
2159 2294 2366 2348 malitia

774 2402 899 2440 cum
934 2386 1280 2439 lieoiueedit.
1316 2387 1372 2438 ln
1404 2401 1550 2449 eum,
1605 2387 2007 2455 eximproviso,
2040 2403 2191 2442 mors
2233 2388 2368 2441 inci-

774 2478 855 2532 dit
890 2492 905 2544 ;
945 2493 1120 2545 neque
1156 2487 1370 2546 tempus
1401 2478 1511 2545 spei
1540 2493 1650 2530 suae
1680 2477 1922 2541 festinat,
1955 2494 2232 2548 operaque
2260 2479 2367 2531 vir-

774 2572 909 2629 tutis
936 2569 1268 2637 adimplere.
1309 2567 1371 2621 Ει
1397 2569 1573 2621 adhuc
1610 2587 1623 2621 :
1662 2587 1679 2620 ι
1715 2575 1958 2638 Oportet,
1987 2573 2183 2640 inquit,
2227 2578 2369 2627 scire

774 2676 875 2716 nos
923 2661 1073 2715 onmi
1108 2661 1265 2724 hora,
1303 2660 1447 2729 quod
1484 2660 1570 2714 bis
1599 2660 1794 2728 viginti
1827 2670 2066 2729 quatuor
2092 2667 2272 2719 noctis
2305 2680 2369 2720 ac

773 2753 881 2805 diei
918 2753 1092 2813 horis,
1123 2751 1439 2822 imuitentia
1486 2750 1815 2819 indigemus.
1847 2752 1967 2807 Idea
1992 2764 2169 2808 autem
2195 2758 2366 2825 ρατιιί-

782 2846 969 2900 tentia:
1004 2846 1259 2905 numinis,
1301 2852 1465 2913 prout
1525 2846 1689 2898 ullam
1711 2860 1775 2898 ex
1802 2860 1927 2899 vera
1961 2861 2143 2901 rerum
2171 2861 2369 2904 natura

790 2938 1074 3001 novimus,
1108 2936 1220 2989 haec
1258 2948 1341 2990 est
1372 2953 1386 2989 :
1420 2948 1677 3006 proteusa
1706 2938 1914 3005 rogatio
1944 2940 2095 2993 omni
2132 2941 2288 3007 hora,
2314 2944 2367 2997 in

778 3028 1024 3098 perfecta
1064 3030 1333 3094 oratione,
1388 3029 1853 3097 comptum-tionis,
1906 3029 2017 3085 Deo
2075 3036 2368 3100 accedens,

771 3120 841 3174 ad
868 3120 1264 3189 prteteritorum
1304 3119 1677 3173 remissionem
1706 3135 1721 3185 ;
1751 3128 1804 3172 et
1838 3120 2077 3188 tristitia,
2111 3139 2208 3192 pro
2228 3123 2369 3178 futu-

2457 1933 2743 2004 συμϐαίνει
2777 1932 3037 1994 πολλάκις
3075 1932 3167 1984 καὶ
3202 1933 3311 1993 τοῖς
3339 1929 3563 1993 τελείοις
3586 1946 3599 1958 '
3641 1932 3700 1983 τὸ
3748 1931 3805 1983 δὲ
3837 1934 4037 2001 artus?-

2458 2044 2547 2081 ναι
2580 2028 2637 2078 ἐν
2669 2024 2839 2095 αὐτῷ,
2882 2022 3146 2092 νέκρωσίς
3176 2022 3292 2073 ἐστι
3322 2019 3527 2073 τελείαδ
3566 2021 3628 2073 Ἦ
3670 2020 3815 2091 λύπη
3849 2022 3925 2081 δὲ,
3963 2024 4035 2089 ἦν

2459 2118 2776 2186 λυπούμεθα
2806 2118 2944 2187 ὑπὲρ
2980 2113 3088 2168 τῶν
3138 2113 3280 2166 ίδίων
3304 2111 3705 2182 όλισθημάτων,
3754 2115 3833 2175 είς
3864 2114 4035 2165 τόπον

2460 2209 2722 2280 ἐργασίας
2773 2206 3019 2276 καθαρᾶς
3054 2203 3327 2271 λογίζεται
3363 2204 3514 2273 ἡμῖν,
3550 2204 3613 2254 ἐκ
3656 2204 3755 2271 τῆς
3784 2204 4034 2272 χάριτος.

2470 2302 2531 2354 ὐ
2560 2301 2615 2353 ἐν
2653 2298 2826 2351 ἐλπίδι
2857 2294 3143 2367 μετανοίας
3173 2293 3494 2347 όλισθαίνων
3534 2296 3597 2346 ἐκ
3630 2292 3905 2362 δευτέρου,
3937 2288 4038 2345 οῦ-

2458 2408 2547 2452 τος
2598 2390 2735 2459 μετά
2787 2386 3123 2456 πανουργίας
3180 2383 3466 2454 πορεύεται
3517 2383 3657 2453 μετὰ
3701 2383 3796 2436 τοῦ
3854 2383 4036 2437 Θεοῦ.

2458 2480 2633 2548 τούτῳ
2666 2480 2978 2548 ἀγνώστως,
3016 2476 3297 2531 ἐπιπίπτει
3328 2479 3355 2529 6
3384 2476 3646 2538 θάνατος’
3680 2477 3773 2528 καὶ
3800 2476 3861 2528 οὐ
3892 2476 4037 2543 φθά-

2462 2591 2539 2627 νει
2562 2575 2657 2626 τὸν
2696 2575 2886 2643 καιρὸν
2925 2573 3023 2639 τῆς
3054 2570 3267 2633 ἐλπίδος
3297 2569 3483 2632 αὑτοῦ,
3516 2568 3583 2622 τὰ
3613 2569 3749 2637 ἔργα
3777 2570 3876 2636 τῆς
3905 2571 4041 2638 ἀρεο

2463 2668 2563 2737 τῆς
2588 2666 2931 2736 πληρῶσαι.»
2967 2665 3121 2718 Ἔτι·
3169 2684 3186 2716 ι
3230 2666 3340 2730 Δεῖ,
3372 2665 3527 2735 φησὶ,
3564 2664 3853 2731 γινώσκειν
3885 2666 4040 2734 ἡμᾶς

2459 2762 2518 2814 ἐν
2544 2760 2692 2830 πάσῃ
2726 2758 2865 2829 ὥρᾳ,
2918 2758 2999 2810 ὅτι
3028 2758 3086 2810 ἐν
3134 2756 3359 2819 ταύταις
3396 2757 3513 2818 ταῖς
3559 2755 4041 2824 είκοσιτέσσαρσιν

2460 2852 2630 2923 ὥραις
2672 2855 2770 2923 τῆς
2811 2851 3003 2915 νυκτὸς
3043 2851 3137 2903 καὶ
3179 2850 3279 2919 τῆς
3310 2848 3547 2920 ἡμέρας,
3592 2848 3693 2918 τῆς
3742 2848 4043 2917 μετανοίας

2460 2945 2753 3015 χρῄζομεν.
2802 2943 3009 3012 Nonae;
3060 2942 3115 2995 δὲ
3164 2940 3256 2995 τοῦ
3290 2940 3553 3011 όνόματος
3598 2940 3695 3009 τῆς
3741 2939 4043 3009 μετανοίας

2460 3033 2639 3096 καθὼς
2658 3036 2721 3086 ἐκ
2740 3032 2832 3086 τοῦ
2858 3031 3111 3102 ἀληθινοῦ
3138 3030 3341 3101 τρόπου
3364 3031 3473 3083 τῶν
3493 3030 3835 3102 πραγμάτων
3862 3031 4042 3096 ἐγνώ-

2460 3142 2656 3193 καμεν,
2680 3123 2835 3177 τοῦτό
2868 3124 3016 3175 ἐστι·
3050 3122 3231 3191 δέησις
3263 3123 3488 3191 ἐκτενὴς
3519 3123 3576 3173 ἐν
3613 3121 3762 3192 πάσῃ
3800 3120 3942 3191 ὥρᾳ,
3977 3120 4044 3171 ἐν

775 3229 961 3267 ι·υι·ιιιιι
996 3212 1260 3266 Custodia.
1294 3211 1359 3265 Et
1393 3227 1610 3264 rursum
1641 3229 1653 3264 :
1690 3228 1708 3262 ι
1743 3210 1927 3265 Gratia
1958 3225 2081 3283 post
2109 3217 2366 3286 gratiam,
2397 3238 2439 3299 ς

2357 3261 2366 3281 ,
2397 3218 2595 3299 ςεὺχῇ
2637 3215 3039 3285 πεπληρωμένη
3081 3212 3445 3278 κατανύξεως,
3489 3213 3927 3283 προσεγγίζουσα
3958 3210 4042 3280 τῷ

775 3305 1093 3375 ιιωιιὶιιτιιιὶιι
1129 3303 1441 3354 hominibus
1491 3301 1616 3354 data
1665 3311 1770 3356 est.
1826 3301 2157 3359 Ptnuitcntia
2212 3308 2358 3360 enini

771 3408 853 3449 est
888 3394 1225 3465 regeneratio
1255 3392 1498 3447 secunda
1531 3408 1595 3446 ex
1631 3393 1761 3459 Deo,
1798 3403 1852 3448 et
1882 3396 2025 3463 quod
2055 3397 2249 3465 pignus
2298 3414 2362 3450 ex

774 3488 878 3541 lide
907 3489 1240 3555 accepimus.
1274 3501 1368 3553 per
1394 3485 1767 3553 paenitentiam
1794 3500 2012 3538 rursum
2042 3496 2099 3538 ut
2132 3488 2361 3555 gratiam

773 3578 1095 3648 accipimus.
1162 3577 1489 3630 Paenitentia
1550 3587 1634 3630 est
1696 3567 2088 3632 misericorditn
2148 3579 2363 3646 janua,

774 3687 893 3739 quae
923 3670 1162 3739 aperitur
1191 3670 1255 3721 iis
1284 3668 1372 3737 qui
1406 3668 1579 3737 ipsam
1618 3679 2044 3739 persequuntur.
2092 3668 2197 3724 Per
2231 3670 2369 3724 hanc

776 3764 991 3830 ianuam
1025 3763 1292 3815 intramus
1334 3760 1397 3813 ad
1430 3761 1668 3815 divinam
1704 3762 2156 3822 misericordiam,
2190 3775 2242 3815 et
2272 3781 2365 3817 ex-

777 3865 855 3908 tra
891 3857 1032 3908 hune
1066 3856 1369 3915 introitum,
1416 3853 1843 3907 misericordiam
1875 3869 1979 3905 non
2013 3854 2369 3909 inveniemus.

778 3949 904 4003 Ideo
944 3962 1135 4000 omnes
1191 3954 1530 4009 ornaverunt,
1584 3946 1883 3999 secundum
1935 3946 2174 3999 divinam
2224 3951 2368 4001 Scri-

2460 3306 2599 3374 6εῷ,
2640 3306 2778 3373 ὑπὲρ
2824 3305 3073 3373 ἀφέσεως
3117 3303 3228 3355 τῶν
3283 3304 3692 3375 παρελθόντων·
3738 3304 3833 3355 καὶ
3865 3302 4043 3367 λύπη,

2461 3395 2601 3466 ὑπὲρ
2631 3396 2727 3463 τῆς
2748 3395 2857 3447 τῶν
2890 3394 3193 3464 μελλόντων
3210 3395 3510 3463 φυλακῆς.»
3536 3396 3642 3447 Καὶ
3665 3389 3823 3453 αὖθις
3841 3409 3857 3424 ο
3893 3411 3910 3441 ι
3935 3393 4049 3445 Χάο

2464 3506 2547 3559 ρις
2581 3488 2715 3557 μετὰ
2744 3489 2927 3557 χάριν,
2958 3488 2991 3555 ἡ
3036 3488 3297 3555 μετάνοια
3346 3486 3502 3555 ἐδόθη
3543 3487 3657 3548 τοῖς
3702 3483 4044 3554 ἀνθρώποις.

2460 3579 2735 3632 Μετάνοια
2764 3578 2871 3647 γάρ
2896 3579 3062 3641 ἐστιν,
3112 3577 3469 3644 άναγέννησις
3502 3577 3728 3645 δευτέρα
3764 3578 3827 3627 ἐκ
3876 3574 4048 3638 Θεοῦ,

2461 3674 2554 3724 καὶ
2583 3673 2753 3740 ὅνπερ
2784 3675 2847 3724 ἐκ
2879 3671 2982 3739 τῆς
3010 3671 3245 3729 πίστεως
3277 3669 3575 3741 ἀρραϐῶνα
3606 3669 3932 3738 ἐδεξάμεθα,
3956 3669 4052 3721 διὰ

2458 3765 2556 3833 τῆς
2587 3764 2875 3833 μετανοίας
2902 3764 2963 3815 τὸ
2992 3763 3239 3833 χάρισμα
3268 3763 3431 3816 αὑτοῦ
3475 3762 3828 3831 ἐκδεχόμεθα.
3859 3762 4052 3815 Μετά-

2460 3856 2577 3909 νοιά
2624 3858 2771 3907 ἐστιν
2818 3855 2849 3923 ὴ
2902 3853 3041 3924 θύρα
3086 3852 3180 3907 τοῦ
3232 3853 3437 3919 ἐλέους,
3482 3854 3515 3924 ἡ
3560 3854 3882 3923 ἀνεῳγμένη
3931 3856 4051 3916 τοῖς

2458 3948 2744 4000 διώκουσιν
2796 3946 2988 4016 αὐτήν.
3047 3946 3147 3997 Διὰ
3190 3946 3289 4013 τῆς
3328 3945 3500 4015 θύρας
3555 3945 3758 4014 ταύτης
3798 3946 4050 4014 εἰσερχό-

778 4047 1014 4109 pturam,
1048 4036 1321 4107 iustiﬁcati
1363 4037 1532 4105 gratis
1582 4034 1753 4103 gratia
1814 4036 2006 4104 ipsius.
2044 4036 2368 4092 l’cenitent‘a

2366 4084 2368 4091 ι
2463 4039 2601 4108 μεοα
2650 4039 2785 4108 πρὸς
2844 4038 2904 4091 τὸ
2940 4038 3082 4091 θεῖον
3140 4036 3307 4099 ἔλεος,
3352 4039 3445 4089 καὶ
3507 4038 3660 4099 ἐκτὸς
3704 4035 3907 4105 ταύτης
3949 4036 4051 4104 τῆς

775 4142 860 4184 est
910 4130 1144 4184 stcumla
1179 4130 1366 4197 gratéa,
1400 4136 1450 4180 et
1474 4135 1764 4196 generatur
1801 4130 1852 4180 in
1880 4131 2042 4182 corde
2068 4145 2133 4183 ex
2178 4130 2279 4184 inde
2321 4141 2373 4182 t-t

2365 4146 2373 4182 ι
2460 4128 2687 4191 εἰσόδου,
2727 4128 2825 4196 οὐχ
2868 4128 3174 4197 εὑρήσομεν
3208 4126 3376 4190 ἔλεος.
3426 4127 3572 4179 Διότι
3619 4127 3823 4187 πάντες
3857 4126 4050 4194 ἦμαρ-

778 4222 992 4275 timore.
1033 4219 1221 4271 Timor
1248 4230 1327 4272 est
1358 4220 1504 4287 virga
1541 4227 1768 4287 paterna
1813 4234 1930 4288 qua:
1956 4237 2057 4276 nos
2104 4222 2371 4290 gubernat
2459 4239 2463 4253 ί

2367 4260 2371 4274 .
2459 4236 2570 4281 τον,
2621 4219 2762 4271 κατὰ
2809 4218 2910 4287 τὴν
2946 4217 3097 4270 θείαν
3132 4217 3380 4287 Γραφὴν,
3421 4217 3795 4285 δικαιούμενοι
3834 4216 4052 4285 δωρεάν

776 4316 1132 4384 quoadusque
1166 4327 1517 4379 properemus
1544 4315 1608 4365 ad
1637 4313 1973 4379 spiritualem
2004 4316 2317 4382 paradisum
2352 4333 2367 4381 ;

777 4420 831 4463 et
866 4420 1146 4476 postquam
1182 4405 1580 4471 festum-imus,
1611 4422 1710 4458 nos
1742 4407 1998 4475 relinquit
2063 4421 2126 4460 ac
2186 4423 2367 4461 terer-

778 4503 930 4554 titur.
967 4499 1252 4551 l'aradisus
1282 4506 1363 4550 est
1389 4512 1542 4550 amor
1586 4496 1697 4561 Dei,
1734 4497 1787 4549 in
1819 4514 1928 4566 quo
1965 4501 2213 4551 omnium
2246 4501 2372 4552 feli-

2461 4311 2526 4379 τῇ
2558 4307 2719 4359 αὑτοῦ
2737 4307 2936 4378 χάριτι.
2970 4309 3034 4361 Ἥ
3058 4308 3317 4379 μετάνοιά.
3335 4310 3480 4360 ἐστιν
3503 4310 3535 4377 ἡ
3554 4307 3712 4378 χάρις
3733 4307 3765 4375 ὴ
3786 4306 4048 4375 δευτέρα,

2462 4398 2555 4450 καὶ
2584 4397 2826 4450 τίκτεται
2855 4400 2913 4450 ἑν
2943 4401 3008 4468 τῇ
3043 4398 3242 4470 καρδία
3302 4402 3364 4451 ἐκ
3404 4398 3501 4467 τῆς
3530 4398 3766 4458 πίστεως
3825 4404 3921 4449 καὶ
3950 4397 4048 4449 τοῦ

2464 4489 2648 4556 φόϐου.
2695 4490 2755 4541 ’0
2786 4489 2949 4557 φόϐος
2988 4488 3042 4541 δέ
3073 4490 3211 4553 ἐστι,
3249 4489 3443 4560 ῥάϐδος
3475 4487 3739 4559 πατρική,
3778 4490 3813 4557 ὴ
3844 4487 4051 4556 κυϐερ-

781 4592 1006 4645 citatum
1041 4602 1162 4642 sunt
1198 4588 1424 4644 delicto.
1461 4607 1479 4638 ι
1531 4588 1595 4641 Et
1628 4602 1843 4641 rursum
1883 4605 1896 4641 :
1934 4606 1951 4638 ι
1998 4587 2365 4653 Quemadmo-
2410 4581 2466 4632 D'

2410 4580 2608 4632 Βνῶσα
2633 4582 2798 4649 ἡμᾶς,
2825 4581 2929 4641 ἕως
2961 4582 3027 4633 ἂν
3052 4581 3346 4650 φθάσωμεν
3366 4582 3443 4642 εἰς
3475 4579 3566 4632 τὸν
3594 4581 3936 4650 παράδεισον
3957 4581 4050 4633 τὸν

781 4683 907 4736 dum
937 4681 1272 4749 impossibile
1309 4690 1388 4733 est
1420 4695 1566 4733 ntare
1618 4696 1896 4748 magnum,
1950 4685 2070 4737 sine
2121 4699 2258 4737 nave
2313 4695 2369 4739 ct

781 4773 998 4831 carabu,
1027 4772 1303 4834 transire;
1341 4772 1411 4824 ita
1464 4787 1623 4825 nemo
1674 4781 1849 4840 potest
1898 4775 2107 4843 absque
2176 4776 2372 4831 timore

782 4866 850 4919 ad
879 4864 1196 4916 charitatem
1226 4865 1481 4917 transire.
1517 4864 1664 4917 Mare
1692 4866 1939 4918 l'mtidum
1973 4868 2112 4920 inter
2171 4885 2268 4924 nos
2322 4883 2376 4926 et

785 4955 1120 5023 spiritttaletn
1143 4955 1452 5023 paradisum
1484 4964 1786 5021 extensum,
1822 4972 1913 5025 per
1937 4960 2265 5024 pmnitentia
2288 4977 2379 5013 ca-

786 5045 976 5097 rabum
1018 5046 1247 5096 transire
1312 5058 1617 5110 possumus,
1651 5061 1769 5112 qua:
1824 5048 2035 5102 timoris
2088 5052 2374 5119 remigium

789 5146 959 5191 tenet.
1000 5138 1055 5191 Si
1092 5146 1272 5189 autem
1304 5137 1462 5205 hujus
1491 5137 1701 5191 timoris
1737 5140 2018 5209 remigium
2043 5142 2375 5210 pwnitentim

785 5243 975 5281 navem
1013 5244 1116 5281 non
1150 5227 1436 5295 gubernat,
1475 5244 1569 5297 per
1597 5245 1763 5299 quam
1791 5232 1949 5300 hujus
1983 5235 2173 5288 mundi
2225 5252 2374 5292 mare

785 5319 851 5370 ad
895 5316 1058 5372 Deum
1091 5332 1454 5387 permeamus,
1487 5320 1542 5371 in
1574 5319 1762 5375 lcetido
1800 5321 1893 5375 illo
1920 5323 2379 5397 marisubmergi-

786 5424 930 5463 nzur.

2464 4671 2873 4739 πνευματικόν·
2929 4671 3024 4723 καὶ
3081 4672 3210 4723 ὅταν
3245 4671 3544 4739 φθάσωμεν
3579 4672 3779 4734 ἐκεῖσε,
3814 4671 4050 4740 ἀφίησιν

2464 4765 2631 4832 ἡμᾶς,
2672 4764 2766 4815 καὶ
2817 4763 3128 4831 στρέφεται.
3172 4763 3509 4832 Παράδεισός
3566 4764 3716 4814 ἐστιν
3771 4763 3805 4830 ή
3854 4763 4048 4833 ἀγάπη

2462 4854 2553 4907 τοῦ
2585 4853 2741 4921 Θεοῦ,
2776 4848 2892 4928 ἐνῇ
2925 4855 2957 4923 ὴ
2991 4853 3169 4923 τρυφὴ
3198 4855 3411 4907 πάντων
3443 4853 3552 4906 τῶν
3585 4851 3981 4923 μακαρισμῶν.
4022 4872 4039 4901 ι

2467 4946 2573 4997 Καὶ
2606 4944 2795 5007 αὖθις·
2831 4963 2850 4996 ι
2894 4945 3101 5015 Ὠσπερ
3136 4945 3197 4996 ού
3249 4944 3473 4997 δυνατόν
3507 4945 3621 4995 ἐστι
3672 4942 3919 5012 περάσαι
3947 4941 4050 5011 τὴν

2463 5037 2740 5089 θάλασσαν
2769 5034 2869 5105 τὴν
2897 5035 3164 5106 μεγάλην,
3201 5035 3370 5105 χωρὶς
3404 5034 3613 5095 πλοίου,
3648 5033 3742 5085 καὶ
3772 5032 4047 5099 καράϐου,

2461 5126 2636 5190 οὕτως
2665 5128 2725 5179 οὐ
2748 5126 2966 5179 δύναταί
3006 5144 3089 5186 τις
3113 5126 3280 5195 χωρὶς
3312 5124 3480 5193 φόϐου
3518 5124 3751 5194 περάσαι
3788 5122 3925 5192 πρὸς
3951 5124 4053 5192 τὴν

2463 5223 2707 5290 ἀγάπην.
2749 5219 2859 5289 Τὴν
2894 5219 3172 5272 θάλασσαν
3206 5218 3303 5287 τὴν
3335 5217 3633 5287 δεξομένην,
3663 5217 3765 5284 τὴν
3796 5215 4051 5269 τεθεῖσαν

2468 5313 2669 5383 μεταξὺ
2697 5312 2855 5382 ἡμῶν
2890 5312 2983 5364 καὶ
3005 5309 3099 5363 τοῦ
3127 5310 3318 5380 νοητοῦ
3352 5308 3714 5379 παραδείσου,
3747 5307 3836 5361 διὰ
3874 5308 4051 5377 καρὰ.-

2465 5406 2559 5457 6ου
2583 5407 2681 5473 τῆς
2714 5404 3002 5473 μετανοίας
3035 5402 3327 5472 παρελθεῖν
3361 5400 3658 5470 δυνάμεθα,
3694 5399 3791 5469 τῆς
3817 5399 4051 5468 ἐχούσης

782 5506 909 5570 τὼς
958 5504 1291 5569 κωπηλάτας
1348 5499 1443 5553 τοῦ
1486 5499 1677 5568 φόϐου.
1706 5496 1833 5552 Ἐὰν
1873 5500 1930 5550 δε
1965 5496 2015 5549 oi
2056 5494 2384 5563 κωπηλᾶται
2420 5492 2567 5545 οὗτοι
2605 5492 2698 5545 τοῦ
2751 5492 2939 5562 φόϐου,
2995 5495 3053 5546 οὗ
3093 5495 3405 5567 κυϐερνῶσι
3441 5497 3501 5549 τὸ
3534 5497 3724 5552 πλοῖον
3757 5500 3924 5553 τοῦτο
3954 5503 4053 5569 τῆς

787 5602 1100 5677 μετανοίας,
1150 5600 1214 5650 δι’
1277 5592 1344 5668 ἧς
1376 5597 1704 5668 διερχόμεθα
1746 5596 1845 5664 τὴν
1873 5593 2153 5648 θάλασσαν
2184 5594 2279 5646 τοῦ
2332 5592 2542 5659 κόσμου
2591 5589 2781 5642 τούτου
2820 5590 2955 5659 πρὸς
3011 5590 3103 5642 τὸν
3153 5590 3307 5657 Θεὸν,
3343 5594 3862 5664 καταποντιζόμιθα
3894 5598 3958 5649 ἐν
3986 5602 4052 5670 τῇ

783 5704 1021 5771 ὁζομένῃ
1056 5698 1322 5766 θαλάσσῃ.
1366 5714 1382 5745 ι

860 5816 908 5847 ⁸⁷
946 5812 1148 5883 Ephcs.
1184 5827 1260 5876 tv,
1292 5809 1379 5876 5|,
1416 5808 1505 5863 52.
1583 5807 1628 5839 ⁸⁸
1659 5786 1804 5863 Ρεαι.
1843 5823 1915 5875 tv,
1955 5808 2008 5864 5.
2089 5807 2133 5840 ”
2166 5805 2368 5876 Epltcs.
2406 5818 2479 5873 iv,
2514 5804 2605 5859 ‘26.
2687 5803 2731 5836 "
2767 5803 2923 5857 Itoni.
2969 5816 3065 5869 xu,
3098 5801 3183 5857 l9.
3262 5802 3305 5834 ⁶¹
3346 5802 3480 5859 Ibid.
3516 5802 3606 5857 2|.
