4266 6450
343 382 438 442 781

1546 385 1931 447 Ol’USCULA
1980 388 2021 443 Α
2031 387 2111 446 SC
2122 387 2236 444 ETI
2249 387 2328 444 CA

3471 391 3574 455 789

350 492 462 553 δ;ος
510 491 600 542 καὶ
632 489 945 551 ὲκστατικδς
978 489 1136 558 ἔρως.
1183 489 1276 542 καὶ
1307 490 1338 556 ἡ
1366 489 1521 559 όλικὴ
1551 489 1713 542 αὑτοῦ
1744 488 1891 542 areo:
1921 501 1966 557 Α
1996 497 2032 549 ri

1886 501 1966 557 1A
1996 497 2160 549 timus
2219 497 2616 566 cxstatictrsque
2668 512 2854 562 amor;
2903 512 2953 552 et
3009 510 3134 555 teta.
3172 502 3334 573 hujus
3391 505 3571 573 disp0~

350 601 455 645 σις,
481 583 616 651 πρὸς
648 582 709 632 τὸ
737 581 1044 650 ὑπέρκαλον
1076 581 1268 643 κάλλος
1299 582 1420 651 ὁρᾷ,
1451 582 1544 633 καὶ
1576 580 1920 650 μακαριώτα-

349 696 463 740 τον,
495 677 522 728 ὃ
549 677 642 728 καὶ
669 675 878 744 ἐφετῶν
900 677 1010 737 τοῖς
1040 675 1317 743 Πατράσιν
1346 675 1562 742 εἴρηται
1602 673 1657 724 τὸ
1696 674 1924 741 ἀκρότα-

347 789 464 824 τον.
502 771 611 824 Καί
640 787 806 840 φησιν
845 770 873 822 ὁ
923 769 1096 840 μέγας
1137 765 1451 828 Βασίλειοςο
1507 781 1526 815 ι
1565 764 1734 817 Ὅταν
1767 767 1794 816 ὁ
1826 765 1924 834 τῆς

347 861 634 924 εὐσεὸείας
667 861 805 931 ἔρως
834 860 932 928 τὴν
957 860 1135 929 ψυχὴν
1168 857 1435 928 κατάσχῃ,
1472 857 1618 911 ἅπαν
1649 857 1785 926 αὐτῇ
1823 874 1923 908 πο-

345 955 533 1020 λέμων
563 951 966 1020 καταγέλαστον
1003 945 1163 1013 εἶδος,
1208 949 1302 1001 καὶ
1344 950 1544 1010 πάντες
1589 946 1756 1013 αὐτὴν
1788 947 1927 1017 ὑπὲρ

345 1045 439 1097 τοῦ
471 1044 802 1112 ποθουμένου
838 1041 1277 1108 καταξαίνοντες,
1319 1041 1580 1109 τέρπουσι
1638 1039 1856 1108 μᾶλλον,
1893 1039 1920 1108 ἢ

348 1139 659 1203 πλήττουσι.
695 1155 711 1184 t
745 1137 852 1186 Καὶ
879 1130 1066 1195 αὖθις·
1109 1152 1128 1184 ι
1161 1133 1226 1185 Τί
1249 1131 1342 1185 τοῦ
1371 1132 1513 1183 θείου
1541 1129 1767 1192 κάλλους
1798 1129 1925 1181 Gau-

349 1228 730 1296 μασιιῖρτςρον;
769 1228 862 1284 Τίς
912 1226 1089 1278 ἔννοια
1135 1224 1235 1293 τῆς
1273 1222 1366 1276 τοῦ
1399 1222 1533 1275 Θεοῦ
1585 1221 1924 1290 μεγαλοπρε-

345 1320 480 1371 πεία
497 1299 529 1380 7‘,
563 1319 890 1386 χαριεστέρα
913 1335 925 1380 ;
959 1320 1112 1373 licio;
1142 1316 1303 1379 πόθος
1326 1316 1527 1384 ψυχῆς.
1549 1313 1919 1382 οὓτωδριμὺς,

346 1409 441 1458 καὶ
477 1408 768 1476 ἀφόρητος,
823 1408 895 1468 ὡς
944 1409 970 1458 ὁ
1022 1408 1129 1459 ἀπὸ
1158 1407 1292 1458 θεοῦ
1328 1407 1676 1474 ὲγγινὸμενος
1705 1406 1771 1473 τῇ
1813 1403 1922 1455 ἀπὸ

348 1506 532 1571 πάσης
567 1502 761 1558 κακίας
807 1499 1196 1568 κεκαθαρμένη
1247 1500 1417 1568 ψυχῇ,
1459 1499 1552 1550 καὶ
1581 1496 1692 1550 ἀπὸ
1734 1494 1919 1563 ἀληθι-

345 1596 445 1664 νῆς
493 1595 784 1654 διαθέσεως
831 1589 1099 1660 λεγούσῃ·
1170 1591 1499 1659 Τετρωμένη
1544 1589 1762 1658 ἀγάπης
1813 1584 1923 1654 ἐγώ

345 1691 531 1755 εἰμι;›

347 1797 489 1864 Περὶ
524 1796 810 1864 πολέμου,
854 1796 951 1848 καὶ
999 1791 1390 1864 παιδευτικῆς
1427 1790 1919 1864 παραχωρήσεως,

439 1870 535 1919 καὶ
575 1862 685 1932 τῆς
725 1867 873 1918 κατὰ
900 1865 1300 1932 ἀποστροφὴν
1329 1862 1821 1929 ἐγχαταλεὶψεως.

418 1963 522 2010 πε’.
590 1956 912 2024 Ιιολεμεῖται
960 1955 1015 2007 δὲ
1066 1954 1284 2015 λοιπὸν,
1339 1952 1476 2005 κατά
1528 1949 1922 2020 παραχώρησιν

343 2046 724 2114 παιδευτικὴν,
760 2047 821 2098 ού
871 2046 1012 2097 κατά
1057 2044 1408 2113 ἀποστροφὴν
1458 2041 1918 2107 έγκαταλείψεως.

345 2140 444 2190 Διὰ
475 2139 566 2202 τίς
605 2137 722 2189 Ἵνα
756 2139 830 2206 μὴ
857 2137 1044 2205 ὑψωθῇ
1070 2139 1097 2189 ὁ
1123 2136 1246 2198 νοῦς
1284 2135 1472 2194 αὑτοῦ,
1509 2135 1574 2186 δι’
1600 2136 1737 2201 ὅπερ
1765 2128 1921 2200 εὗρεν

339 2228 582 2296 ἀγαθόν·
619 2229 756 2281 ἀλλά
831 2227 1232 2297 πολεμούμενος
1265 2243 1324 2278 τε
1366 2227 1458 2277 καὶ
1513 2224 1917 2292 παιδευόμενος,

339 2317 757 2384 προσλαμϐάνει
796 2317 1129 2369 ταπείνωσιν
1156 2316 1263 2376 ἀεὶ,
1293 2315 1358 2366 δι’
1399 2311 1466 2382 ἦς
1503 2315 1692 2382 μόνης,
1726 2312 1788 2363 οὐ
1828 2311 1919 2379 μό-

340 2425 428 2459 νον
456 2409 582 2475 νικᾷ
607 2410 732 2470 τοὺς
764 2408 1129 2478 ὑπερηφάνως
1160 2405 1529 2474 πολεμοῦντας
1562 2405 1753 2458 αὐτόν·
1781 2401 1918 2455 ἀλλὰ.

341 2499 436 2550 καὶ
459 2500 683 2567 δωρεῶν
713 2500 982 2569 μειζόνων
1006 2499 1268 2568 διηνεκῶς
1298 2498 1561 2561 ἀξιοῦται,
1598 2496 1918 2566 προκόπτων

340 2590 466 2642 ὅσον
509 2590 735 2656 ἐφικτὸν
783 2591 1106 2657 ἀνθρωπίνῃ
1155 2589 1343 2656 φύσει,
1401 2593 1607 2656 σειραῖς
1659 2590 1917 2655 ἀφύκτοις

342 2685 438 2737 καὶ
491 2683 648 2754 βάρει
685 2688 886 2755 σαρκὸς
933 2688 1306 2755 πεπεδημένος
1338 2705 1396 2740 τε
1440 2687 1536 2739 καὶ
1581 2686 1918 2756 πιεζόμενος,

343 2778 440 2828 καὶ
470 2777 666 2846 χωρῶν
697 2778 833 2846 πρὸς
878 2778 977 2847 τὴν
1009 2778 1149 2830 κατά
1179 2779 1410 2849 Χριστὸν
1457 2779 1786 2845 τελειότητα,
1826 2778 1920 2831 καὶ.

343 2867 638 2918 ἀπάθειαν.
692 2869 800 2920 Καὶ⁸
825 2868 973 2935 λέγει
1016 2871 1044 2921 ὁ
1093 2868 1247 2935 ἅγιος
1289 2870 1572 2938 Διάδοχος*
1633 2889 1649 2919 ι
1709 2871 1764 2920 ’0
1814 2867 1924 2920 Κύ-

345 2975 464 3026 ριος
499 2958 663 3019 αὐτὸς
696 2958 862 3026 λέγει,
891 2961 980 3012 τὸν
1022 2962 1264 3013 Σατανᾶν
1296 2960 1371 3022 ὠς
1399 2961 1685 3031 ἀστραπὴν
1717 2963 1779 3012 ἐκ
1817 2959 1924 3011 τῶν

347 3047 596 3114 οὐρανῶν
649 3051 1020 3113 πεπτωκέναι,
1087 3052 1171 3104 ἵνα
1204 3052 1278 3121 μὴ
1338 3053 1518 3122 ἀφορᾷ
1571 3054 1650 3113 εἰς
1704 3051 1772 3103 τὰ
1816 3051 1925 3104 τῶν

348 3142 521 3206 ἁγίων
546 3142 798 3207 ἀγγέλων
825 3144 853 3194 ὁ
896 3144 1142 3214 δυσειδὴς
1173 3146 1581 3214 ὲνδιαιτήματα.
1618 3145 1740 3206 Πῶς
1778 3143 1870 3197 οῦν
1897 3145 1926 3196 ὁ

2007 589 2132 644 sitio
2163 589 2225 641 ad
2265 600 2561 642 extremam
2598 589 3056 657 pulchritudinem
3086 594 3568 665 beatissimamque

2007 682 2196 746 temlit,
2230 697 2350 749 qua:
2382 683 2823 737 desiderabiliurn
2885 701 3063 740 rerum
3117 705 3326 742 summa
3389 706 3415 742 a
3470 691 3570 744 Pa-

2006 773 2416 826 lribusdicitur.
2452 773 2514 826 Et
2541 775 2671 830 dir-it
2695 792 2930 847 magnus
2965 776 3226 834 Basilius:
3285 798 3303 831 ι
3342 780 3570 846 Quando

2005 865 2219 933 pietatis
2247 880 2400 920 amor
2420 867 2653 921 animam
2684 878 2855 936 tenet,
2911 877 3086 927 omnis
3118 873 3382 928 bellorum
3445 890 3570 945 spe-

2004 956 2118 1010 cies
2150 957 2370 1011 ridenda
2419 960 2518 1027 ipsi
2561 971 2665 1025 est,
2722 972 2775 1017 et
2817 965 3130 1033 quicunque
3196 983 3315 1020 eant
3357 983 3453 1036 pro
3502 984 3568 1021 eo

2007 1063 2166 1116 quem
2204 1050 2395 1118 diligit,
2457 1051 2778 1118 dilacerant,
2831 1057 3023 1123 juvant
3071 1059 3246 1126 potius
3281 1074 3442 1127 quam
3490 1059 3568 1112 fe-

2006 1137 2173 1191 riunt.
2215 1157 2232 1188 ι
2272 1139 2333 1192 Et
2370 1159 2586 1198 rursum
2619 1161 2631 1197 :
2666 1164 2683 1196 t
2742 1145 2878 1212 Qttid
2935 1149 3114 1200 divitia
3169 1149 3570 1216 pulchritudine

2011 1233 2313 1286 mirabilius
2337 1235 2357 1286 ?
2381 1253 2500 1304 qua:
2524 1239 2778 1307 cogitatio
2808 1240 3124 1306 jucundior,
3169 1257 3330 1310 quam
3371 1243 3563 1298 divina:

2009 1326 2466 1394 magnificentiae?
2515 1329 2796 1394 Quodnam
2850 1333 3044 1386 animae
3103 1333 3434 1388 desiderium
3493 1334 3562 1386 ita

2007 1417 2298 1470 vehemens
2331 1428 2384 1471 et
2413 1420 2771 1481 intolerabile.
2810 1432 2866 1476 ut
2908 1424 3034 1477 illttd
3088 1428 3232 1493 quod
3261 1442 3290 1480 a
3320 1426 3426 1481 Deo
3454 1426 3563 1479 eﬂi-

2007 1509 2146 1562 citur
2185 1512 2438 1565 inanima
2470 1514 2615 1565 omni
2654 1516 2856 1568 malitia
2889 1527 3139 1586 purgata.
3161 1528 3214 1573 et
3235 1537 3352 1590 quae
3381 1524 3561 1576 divina

2009 1603 2353 1670 dispositione
2384 1603 2543 1657 dicit:
2582 1621 2601 1654 ι
2632 1602 2920 1662 Vulnerata
2940 1610 3203 1664 charitate
3231 1627 3328 1676 ego
3349 1628 3468 1666 sum
3493 1615 3514 1664 7
3545 1639 3559 1662 ι

2014 1777 2085 1831 De
2120 1777 2272 1838 bello,
2309 1788 2355 1830 ct
2383 1779 2446 1832 de
2469 1779 2734 1901 erudiznle
2757 1795 2967 1900 [recessu
3017 1798 3078 1834 ac
3110 1796 3201 1845 per
3249 1787 3568 1838 eversionem

2666 1866 2753 1901 ere
2778 1861 2986 1901 tcltone.

2666 1861 2986 1903 ereltclwne.

2083 1939 2168 1992 85.
2202 1938 2477 2007 Pugnatur
2508 1941 2855 2009 ceteroquin.
2888 1957 2982 2010 Per
3012 1944 3346 1998 erudienletn
3400 1961 3573 2001 reces-

2015 2047 2160 2096 sum,
2201 2047 2304 2085 non
2335 2047 2425 2098 per
2457 2032 2796 2086 aversionem
2826 2036 3216 2090 derelictionis.
3253 2037 3472 2104 Quare?
3495 2041 3573 2095 Ne

2013 2125 2289 2192 superbiat
2319 2140 2468 2176 utens
2497 2125 2636 2194 ejus,
2668 2135 2888 2192 propter
2923 2128 3123 2181 bonum
3150 2131 3307 2196 quod.
3328 2132 3568 2197 invenit;

2012 2218 2103 2268 scd
2137 2215 2481 2283 impugnatus
2502 2225 2553 2269 et
2593 2215 2914 2277 instructus.
2960 2217 3318 2272 humilitatem
3356 2235 3573 2288 semper

2013 2309 2217 2374 induit,
2250 2323 2356 2377 qua
2385 2321 2491 2359 una
2523 2322 2627 2358 non
2647 2309 2808 2359 ntodo
2836 2321 2930 2360 eos
2962 2309 3233 2377 vincitqui
3255 2312 3353 2379 ipsi
3376 2312 3569 2366 bellum

2016 2402 2289 2465 inferunt,
2329 2398 2422 2452 sed
2455 2406 2508 2452 et
2531 2399 2825 2467 majoribus
2888 2400 3045 2455 donis
3083 2403 3343 2457 continue
3381 2405 3574 2474 dignus

2015 2492 2266 2555 afﬁcitur,
2303 2490 2590 2559 proﬁciens
2613 2500 2878 2559 quantum
2909 2492 3158 2547 humana:
3187 2502 3393 2549 naturis
3424 2496 3568 2552 licet.

2016 2588 2234 2642 funibus
2267 2586 2588 2642 necessariis
2616 2596 2669 2640 et
2719 2588 2898 2641 Carnis
2951 2592 3185 2656 pondere
3217 2603 3471 2661 gravatus
3523 2605 3576 2647 et

2015 2691 2276 2738 oneratus
2303 2689 2357 2733 et
2384 2679 2449 2732 ad
2481 2694 2598 2733 eam
2654 2697 2774 2748 qua:
2803 2682 3104 2735 secundum
3138 2683 3418 2739 Christum
3471 2698 3574 2749 est,

2020 2775 2404 2843 perfectionem
2441 2781 2494 2825 et
2531 2773 2802 2840 apatltiant
2837 2788 3151 2842 properans.
3189 2776 3327 2830 Dicit
3357 2778 3573 2845 quidem

2016 2876 2238 2921 sanctus
2262 2865 2602 2918 Diadocltus:
2637 2881 2655 2914 ι
2701 2867 2817 2932 Ipse
2858 2865 3120 2921 Dominus
3156 2868 3288 2922 dicit
3321 2870 3572 2922 Satanam

2019 2971 2274 3028 tanquam
2311 2957 2489 3025 fulgur
2512 2971 2541 3009 e
2572 2956 2726 3010 ctelis
2751 2957 3037 3019 decidisse,
3068 2973 3133 3011 ne
3177 2958 3438 3013 deformis
3484 2977 3578 3012 an-

2020 3050 2260 3120 gelorum
2289 3056 2602 3102 sanctorum
2637 3048 3026 3102 habitationem
3062 3049 3384 3105 intueretur.
3430 3054 3578 3117 Quo-

2021 3144 2184 3197 modo
2219 3143 2382 3210 igitur
2412 3141 2502 3209 qui
2535 3141 2800 3193 bonorum
2863 3157 3144 3195 servorum
3198 3145 3578 3197 communione

353 3234 444 3299 τῆς
474 3231 586 3282 τῶν
621 3231 801 3283 καλῶν
827 3233 1029 3286 δούλων
1061 3234 1345 3305 κοινωνίας
1384 3235 1457 3304 μὴ
1481 3235 1981 3318 καταξιούμενος,σ
2022 3257 2038 3288 ι

1889 3252 1981 3318 ;,c
2022 3235 2219 3302 dignus
2276 3246 2381 3284 non
2470 3231 2715 3284 habitues
2777 3241 2894 3292 est,
2963 3247 3305 3286 communem
3393 3248 3574 3303 posset

348 3321 528 3372 κοινὸν
553 3321 778 3374 δύναται
822 3323 966 3391 ἔχειν
1001 3324 1315 3394 οἰκητήριον
1353 3327 1488 3394 μετά
1520 3326 1612 3378 τοῦ
1650 3325 1805 3389 Θεοῦ,
1838 3326 1928 3378 τὸν
2016 3331 2033 3381 ι

1890 3346 1928 3378 ιν
2016 3331 2214 3381 habere
2241 3339 2363 3378 cum
2398 3323 2507 3378 Deo
2548 3325 2750 3386 sedem,
2786 3332 3021 3376 mentem
3074 3326 3415 3379 humanam?
3470 3326 3575 3381 Sed

348 3412 693 3482 ἀνθρώπινον
724 3414 878 3477 νοῦν;
927 3415 1067 3467 Ἀλλ’
1100 3416 1339 3483 ἐροῦσιν,
1381 3417 1460 3469 ὅτι
1501 3419 1643 3470 κατὰ
1673 3415 1928 3486 παραχώ-
2015 3438 2030 3472 t

1892 3436 1928 3468 ι-
2015 3420 2196 3473 dicent
2250 3417 2300 3469 id
2379 3432 2473 3484 per
2535 3431 2805 3470 recessum
2881 3416 2994 3468 fieri
3046 3431 3060 3479 ;
3116 3425 3170 3468 et
3232 3417 3401 3472 nihilo
3459 3421 3577 3487 plus

349 3519 512 3570 ρησιν
540 3501 725 3563 .,τοῦτο
775 3504 1006 3570 γίνεται,
1039 3506 1134 3557 καὶ
1169 3505 1333 3557 πλέον
1378 3506 1530 3559 οὐδὲν
1565 3507 1825 3569 λέξουσιν.
1865 3507 1928 3558 Ἢ
2015 3512 2034 3564 ε

1889 3507 1928 3558 H
2015 3511 2214 3565 dicent.
2251 3505 2508 3561 Eruditus
2558 3508 2703 3560 enim
2759 3522 3007 3561 recessus
3056 3509 3279 3562 minime
3339 3511 3574 3564 animam

350 3595 450 3660 μὲν
485 3596 597 3664 γάρ
625 3597 944 3665 παιδευτικὴ
990 3597 1385 3668 παραχώρησις
1417 3601 1667 3669 οὐδαμῶς
1695 3601 1792 3670 τὴν
1824 3601 1928 3668 ψυ-

350 3687 452 3756 χὴν
482 3688 578 3740 τοῦ
616 3689 773 3741 Θείου
807 3693 984 3756 φωτὸς
1027 3693 1358 3760 ἀποστερεῖ·
1401 3692 1633 3761 κρύπτει
1668 3693 1723 3744 δε
1751 3694 1926 3760 μόνον,

351 3779 425 3838 ώς
457 3779 554 3831 καὶ
587 3779 686 3849 ἤδη
711 3777 863 3832 εἷπον
892 3783 1154 3843 ταπολλά,
1178 3783 1412 3846 τὶνῖνοῦν
1442 3784 1538 3852 τὴν
1569 3785 1765 3852 ἑαυτῆς
1796 3801 1930 3852 παρ-

350 3871 546 3921 ουσίαν
598 3871 632 3939 ἠ
679 3872 857 3940 χάρις,
909 3875 993 3924 ἵνα
1041 3873 1360 3942 προωθοῖτο,
1388 3873 1576 3944 ὥσπερ
1625 3876 1720 3945 τὴν
1755 3877 1931 3945 ψυχὴν

350 3961 419 4029 τῇ
456 3961 653 4030 πικρίᾳ
679 3961 789 4014 τῶν
815 3963 1106 4032 δαιμόνων,
1134 3965 1224 4017 διὰ
1251 3966 1310 4017 τὸ
1345 3951 1710 4035 μεταπαντὸς
1742 3967 1928 4035 φόϐου,

355 4051 448 4102 καὶ
475 4051 681 4119 πολλῆς
705 4053 1086 4118 ταπεινώσεως
1116 4057 1364 4126 έκζητείν
1387 4059 1575 4124 αὐτὴν,
1596 4059 1693 4124 τὴν
1717 4061 1777 4110 ἐκ
1799 4057 1932 4110 Θεοῦ

356 4141 639 4210 βοήθειαν,
694 4144 792 4214 τὴν
829 4145 922 4198 τοῦ
981 4147 1178 4216 ἐχθροῦ
1237 4148 1408 4217 αὐτῆς
1469 4149 1933 4216 ὲπιγινώσκουσαν

356 4233 480 4284 κατ’
507 4234 691 4301 ὀλίγον
729 4237 947 4291 κακίαν.
994 4240 1089 4292 "Uv
1111 4241 1311 4309 τρόπον
1335 4241 1427 4292 ἐὰν
1459 4242 1640 4310 μήτηρ
1667 4241 1926 4293 deorum?»

355 4324 415 4375 τὸ
447 4326 647 4377 οἰκεῖον
677 4328 807 4394 περὶ
835 4330 959 4390 τοὺς
989 4329 1224 4398 Θεσμοὺς
1253 4334 1350 4401 τῆς
1380 4333 1673 4401 γαλουχίας
1712 4333 1932 4402 βρέφος,

357 4413 536 4484 βραχὺ
571 4416 680 4470 τῶν
715 4419 913 4488 ἑαυτῆς
938 4420 1166 4491 ὲξωθείη
1197 4422 1473 4488 ἀγκαλῶν,
1509 4424 1594 4475 ἵνα
1627 4423 1935 4491 καταπλητ-

356 4507 590 4575 τόμενον
637 4509 742 4561 ὑπό
785 4528 948 4563 τινων
989 4513 1374 4581 περιεστώτων
1417 4515 1562 4583 αὐτῷ
1606 4515 1937 4581 σαπροειδῶν

2019 3602 2110 3656 Dei
2139 3599 2339 3654 lumine
2374 3599 2627 3668 privabit.
2665 3599 2964 3653 Abscondit
2989 3609 3169 3653 autem
3211 3606 3575 3667 smunttttodo,

2019 3703 2074 3746 ttt
2130 3694 2240 3762 jam
2273 3694 2468 3761 saapius
2491 3691 2623 3753 dixi,
2654 3692 2817 3744 menti
2840 3707 2990 3746 suam
3020 3697 3354 3761 praesentiam
3383 3697 3572 3764 gratia.

2020 3795 2074 3838 ut
2105 3798 2222 3837 eam
2261 3782 2546 3849 propellat.
2579 3781 2775 3833 Anima
2803 3782 2972 3840 enim.
3003 3783 3312 3837 (hrntonum
3374 3786 3575 3837 atttari~

2020 3875 2222 3928 tudinis
2256 3888 2438 3934 causa,
2473 3872 2553 3924 sui
2595 3872 2796 3923 inimici
2868 3872 3019 3925 hreti
3079 3861 3334 3925 malitiam
3380 3888 3580 3942 cogno-

2019 3981 2199 4029 scens,
2224 3980 2345 4018 curn
2382 3965 2548 4016 multo
2586 3965 2777 4016 timore
2804 3972 2857 4016 et
2889 3964 3196 4016 humilitate
3241 3965 3304 4016 ad
3357 3962 3448 4017 Dei
3486 3981 3578 4015 au-

2019 4060 2203 4112 xilium
2238 4056 2621 4125 inquirendum
2656 4056 2971 4121 impellitur.
3038 4056 3498 4118 Quemadmodum
3533 4058 3574 4109 si

2019 4161 2190 4203 mater
2247 4145 2642 4200 inobedientcnt
2696 4155 2936 4213 tempore
3030 4148 3334 4201 Iactationis
3410 4147 3574 4200 filium

2021 4241 2222 4296 brevia
2250 4240 2361 4293 suis
2407 4237 2639 4291 brachiis
2680 4250 2939 4299 removet,
2979 4253 3034 4288 ιιι
3088 4238 3156 4289 ab
3215 4239 3542 4290 circurnsmn

2020 4333 2166 4386 tibus
2223 4329 2507 4384 horrendis
2575 4328 2885 4381 hominibus
2947 4327 3192 4386 territus,
3256 4339 3345 4380 aut
3395 4327 3579 4380 b"Sllls

2020 4423 2371 4495 quibuslibet,
2410 4436 2531 4473 cum
2569 4419 2735 4470 multo
2775 4418 2965 4470 timore
2997 4432 3057 4468 ac
3083 4417 3336 4486 lacrymis
3393 4417 3578 4469 multis

2020 4519 2084 4570 ad
2125 4526 2396 4568 maternos
2428 4514 2577 4565 sinus
2607 4519 2866 4562 recurrat.
2897 4507 3026 4573 Qua:
3087 4519 3263 4560 autem
3297 4523 3389 4572 per
3420 4525 3579 4560 avu-

357 4598 691 4669 ἀνθρώπων,
724 4602 756 4672 ἦ
796 4602 1002 4672 θηρίων
1047 4604 1396 4674 οίωνδήποτε,
1444 4605 1580 4673 μετὰ
1621 4605 1783 4672 φόϐου
1813 4605 1989 4661 πολ-ο
2019 4627 2042 4664 s

1900 4609 1989 4661 n-D
2019 4612 2223 4664 sionem
2265 4606 2319 4658 lit
2372 4619 2640 4666 recessus,
2684 4603 2950 4655 nolentem
3015 4602 3182 4653 Deum
3241 4600 3436 4654 habere
3466 4602 3585 4653 ani-

355 4689 476 4754 λοῦ,
511 4693 606 4745 καὶ
636 4693 913 4763 δακρύων,
941 4697 1021 4758 είς
1039 4699 1163 4759 τοὺς
1200 4696 1485 4768 μητρώους
1517 4697 1936 4768 ἁνθυποπτρέφῃ

358 4783 614 4846 κόλπους.
657 4785 720 4837 Ἦ
747 4786 803 4838 δὲ
834 4788 975 4840 κατά
1007 4790 1361 4859 ἀποστροφὴν
1395 4790 1652 4858 γινομένη
1682 4788 1937 4858 παραχώ-

359 4890 522 4942 ρησις
549 4874 751 4927 ὡσανεὶ
787 4877 1010 4946 δέσμιον
1059 4880 1392 4948 παραδίδωσι
1427 4879 1523 4949 τὴν
1569 4880 1642 4948 μὴ
1678 4879 1938 4933 Θέλουσαν

357 4965 543 5035 ψυχὴν
581 4967 726 5036 ἔχειν
754 4969 845 5020 τὸν
874 4970 1027 5034 Θεὸν,
1063 4973 1176 5033 τοῖς
1219 4971 1489 5040 δαίμοσιν.
1529 4971 1720 5041 Ἡμεῖς
1751 4971 1806 5022 δὲ
1842 4972 1939 5023 ούκ

357 5057 534 5124 ιαμ-ὲν
586 5059 889 5128 ὑποστολῆς
943 5063 1126 5123 τέκνα,
1182 5062 1255 5133 μὴ
1311 5064 1545 5131 γένοιτοῐ
1597 5064 1731 5117 ἀλλά
1767 5063 1938 5133 βρέφη

359 5153 566 5218 γνήσια
614 5151 712 5218 τῆς
774 5151 865 5205 τοῦ
922 5153 1055 5206 Θεοῦ
1117 5150 1255 5208 εἶναι
1293 5159 1512 5226 χάριτος
1573 5156 1935 5224 πιστεύομεν·

364 5247 594 5311 μικραῖς
628 5246 1083 5317 παραχωρήσεσι.
1142 5248 1233 5298 καὶ
1283 5248 1513 5307 πυκναῖς
1561 5249 1936 5319 παρακλήσεσι

363 5334 498 5401 παρ’
530 5334 704 5403 αὐτῆς
736 5337 1149 5406 γαλουχούμενα
1170 5355 1182 5367 ·
1219 5339 1305 5390 ἵνα
1337 5340 1422 5391 διὰ
1443 5339 1542 5406 τῆς
1576 5341 1942 5409 χρηστότητος

359 5425 458 5478 τοῦ
493 5425 656 5488 Θεοῦ,
691 5426 989 5496 φθάσωμεν
1029 5429 1223 5490 ἐλθεῖν,
1277 5431 1355 5490 είς
1400 5431 1566 5499 ἄνδρα
1609 5433 1830 5491 τέλειον,
1863 5433 1942 5491 είς

365 5518 570 5586 μέτρον
596 5518 831 5587 ἡλικίας.
866 5538 885 5571 ι
915 5521 1021 5574 Καὶ
1044 5518 1198 5584 αὖθις
1219 5537 1232 5552 ο
1273 5541 1290 5572 ι
1332 5521 1392 5575 'H
1418 5523 1732 5589 παιδευτική
1766 5541 1944 5593 παρα-

363 5610 609 5679 χώρησις
646 5612 800 5680 φέρει
838 5612 940 5680 μὲν
986 5613 1163 5682 λύπην
1214 5613 1413 5682 πολλὴν
1457 5616 1549 5665 καὶ
1596 5616 1942 5679 ταπείνωσιν,

365 5699 462 5752 καὶ
497 5699 851 5769 ἀπελπισμὸν
884 5703 1200 5771 σύμμετρον
1232 5707 1295 5772 τῇ
1325 5705 1493 5773 ψυχῇ.
1525 5706 1610 5756 ἵνα
1647 5705 1706 5756 τὸ
1736 5706 1942 5771 φιλόδο-

368 5792 456 5854 ξον
490 5791 664 5860 αὐτῆς
703 5793 797 5846 κα)⁵
832 5794 1106 5864 ἀπτόητον
1153 5795 1341 5864 μέρος,
1375 5797 1695 5864 πρεπόντως
1748 5799 1826 5857 είς
1857 5814 1927 5848 τα

370 5887 632 5938 πείνωσιν
684 5885 946 5956 ἔρχηται’
1004 5888 1207 5951 εὐθέως
1247 5890 1302 5940 δὲ
1338 5891 1500 5956 φόϐον
1547 5891 1693 5950 Θεοῦ,
1735 5893 1826 5943 καὶ
1856 5892 1941 5942 δατ

2024 4718 2188 4761 mam,
2224 4709 2279 4753 ut
2308 4699 2567 4760 vinctam,
2610 4696 2947 4748 dseruouihus
3009 4693 3209 4756 tradit;
3245 4708 3342 4745 nos
3402 4701 3580 4745 autent

2023 4812 2128 4850 non
2159 4808 2347 4848 sumus
2388 4792 2694 4844 desertores
2727 4788 2840 4852 filii,
2878 4789 3021 4853 quod
3080 4786 3282 4836 utinam
3329 4799 3433 4836 non
3489 4800 3576 4836 ac.

2021 4888 2165 4941 cidat
2199 4886 2212 4939 ι
2244 4886 2334 4939 sed
2369 4883 2633 4950 legitimos
2675 4878 2765 4931 Dei
2796 4886 2983 4947 gratiae
3012 4876 3146 4928 ﬁlios
3201 4889 3320 4926 eSSe
3357 4875 3581 4927 conlidi-

2021 4994 2161 5042 mus,
2191 4976 2372 5043 parvis
2419 4973 2854 5033 remissionibus,
2923 4967 3410 5036 frequentrhusque
3452 4980 3579 5016 con-

2022 5068 2379 5124 solationibus
2408 5067 2477 5119 ab
2529 5067 2640 5131 ipsa
2668 5065 2933 5124 laetatos;
2961 5069 3038 5125 ut,
3072 5059 3161 5109 Dei
3207 5054 3577 5109 misericordia

2025 5161 2346 5214 festinemus
2376 5157 2656 5226 pervenire
2699 5154 2751 5206 iit
2785 5155 2959 5205 virum
2993 5148 3311 5218 pet-fectum,
3343 5147 3392 5198 in
3429 5161 3580 5197 men-

2023 5265 2204 5304 suram
2231 5248 2422 5303 aetatis.
2464 5265 2482 5298 ι
2529 5247 2590 5297 Et
2627 5258 2888 5298 rursum:
2950 5259 2967 5290 ι
3009 5238 3275 5291 Et'udiens
3334 5249 3581 5288 recessus

2025 5343 2298 5394 tristitiam
2328 5338 2546 5407 quidem
2576 5337 2798 5390 multam
2827 5341 2879 5386 et
2908 5331 3267 5385 humilitatem
3301 5324 3476 5389 alIert,
3529 5333 3583 5376 (ι

2028 5436 2360 5487 moderatam
2399 5433 2591 5482 anima:
2643 5426 3017 5485 diffidentiam,
3073 5431 3130 5475 ut
3163 5422 3279 5486 ejus
3331 5417 3581 5484 superbia

2024 5537 2077 5579 et
2113 5523 2423 5593 arrogantia
2451 5522 2503 5574 in
2537 5521 2815 5572 decentem
2869 5516 3229 5569 humilitatem
3262 5517 3583 5562 convertan-

2027 5629 2138 5671 tur.
2177 5617 2295 5669 Mox
2351 5624 2529 5666 autem
2591 5610 2680 5663 Dei
2717 5611 2965 5662 timorem
3006 5616 3057 5658 et
3100 5602 3456 5656 confessionis
3509 5602 3580 5648 la-

2026 5723 2237 5779 crymas
2259 5709 2307 5759 itt
2342 5720 2436 5759 cor
2470 5703 2711 5766 adducit,
2759 5711 2811 5756 et
2843 5699 3028 5766 optimi
3055 5694 3252 5749 silentii
3291 5692 3582 5743 vehemens

2026 5778 2378 5856 desiderium.
2423 5796 2554 5861 Quae
2616 5806 2793 5846 autem
2861 5806 2952 5858 per
2994 5788 3084 5840 Dei
3141 5783 3469 5836 aversioncm
3527 5778 3578 5830 fit

2030 5893 2331 5956 derelictio,
2361 5889 2738 5956 desperatione
2771 5885 2928 5940 simul
2963 5892 3012 5937 et
3072 5873 3362 5934 difﬁdentia
3398 5881 3450 5926 et
3500 5871 3580 5925 ira
