4266 6450
766 339 871 403 783
1623 341 1960 401 CALIJSTI
2005 344 2099 402 ΕΤ
2144 343 2439 404 IGNATII
2485 346 3171 415 XANTHOPULORUM
3913 363 4011 425 784

769 465 1012 506 animam
1066 448 1280 516 impleri
1345 450 1492 506 sinit.
1552 451 1660 508 Dios
1721 454 1884 524 igitur
1947 456 2088 510 scire
2126 470 2340 527 oportet
2375 462 2454 521 Ai

2325 470 2340 512 ι
2375 470 2417 521 Α
2444 462 2611 551 κρμρν
2639 451 3076 528 ἐξομολογήσεως
3106 463 3304 533 ἐπάγει
3349 469 3415 540 τῇ
3475 471 3705 545 καρδίᾳ·
3771 479 3861 531 καὶ
3911 482 4009 551 τῆς

771 546 1059 612 utriusque
1107 541 1480 597 derelictionis
1543 546 2015 614 experimentum;
2049 561 2102 603 et
2152 565 2344 604 secnn-

2325 583 2344 590 _
2442 538 2733 632 καλλίστης
2769 549 2997 618 σιωπῆς,
3042 553 3242 626 πολλὴν
3297 538 3615 632 ἐπιθυμίαν.
3645 538 3729 619 ’Ἦ
3774 569 3830 622 δὲ
3870 538 4009 628 κατά

769 635 897 686 dum
970 634 1256 702 utriusque
1309 633 1531 687 modum
1581 636 1689 690 Deo
1739 640 2020 694 accedere.
2067 640 2141 694 lbi
2194 642 2340 696 enim
2438 628 2454 679 ε

2321 658 2340 695 η
2438 628 2789 732 ἀποστροφὴν
2818 638 2912 690 τοῦ
2959 641 3093 696 Θεοῦ
3141 649 3420 718 γινομένη,
3466 628 3818 728 ἀπελπισμοῦ
3849 663 4006 732 ὁμοῦ,

769 725 974 796 gratias
1013 739 1134 776 cum
1185 723 1565 778 satisfactione
1601 727 1664 779 ad
1724 744 1850 782 eum
1905 731 2130 785 reddere
2178 732 2341 786 debe-
2439 737 2454 771 ²

2323 763 2341 772 ,
2439 722 2533 773 καὶ
2560 724 2839 794 ἀπιστίας,
2873 735 2964 783 καὶ
2987 733 3176 804 όργῆς,
3207 741 3301 792 καὶ
3321 742 3511 808 τύφου,
3545 745 3642 816 τὴν
3672 722 3850 822 ψυχὴν
3876 722 4008 827 πληί

774 835 936 882 inus,
985 819 1182 886 quippe
1214 819 1305 886 qui
1363 829 1558 872 nostrae
1617 822 1816 875 mentis
1863 821 2339 892 intemperantiam
2442 830 2459 880 ι

2324 841 2339 879 ι
2442 814 2683 881 ρωοῆναι
2715 829 3052 892 παραχωρεῖ.
3087 829 3180 880 Δεῖ
3224 830 3315 883 οὖν
3355 835 3502 902 ἡμᾶς
3531 814 3727 894 ειδέναι
3891 814 4009 900 πεῖ-

770 908 1161 964 consolationis
1213 908 1474 962 dilatione
1528 910 1856 978 castigavit,
1913 921 1972 966 ut
2026 915 2247 968 virtutis
2289 925 2342 969 et
2441 922 2455 974 ί

2323 925 2342 969 ι
2441 921 2539 974 ραν
2565 909 2673 962 τῶν
2706 911 3032 985 ἀμφοτέρων
3063 928 3511 994 παραχωρήσεων
3536 946 3549 960 ·
3587 934 3682 984 καὶ
3728 908 3870 989 γατά
3916 940 4006 992 τὸν

771 1000 991 1054 malitia:
1043 998 1220 1063 nobis,
1269 1007 1326 1051 ut
1358 1000 1531 1054 bonus
1560 1012 1730 1070 pater,
1761 1003 2122 1059 differentiam
2151 1017 2342 1061 osten-
2434 999 2456 1048 ε

2325 1035 2342 1048 .
2434 999 2669 1072 ἑκάστης
2704 1005 2924 1074 τρόπον,
2960 1012 3241 1078 προσιέναι
3265 1016 3344 1087 τῷ
3381 1018 3518 1089 Θεῷ.
3580 1023 3729 1078 Ἐκεῖ
3755 1030 3856 1097 μὲν
3896 1033 4004 1103 γὰρ

769 1094 940 1145 deret.
983 1091 1082 1145 llic
1107 1100 1286 1145 autem
1322 1104 1669 1162 peccatorum
1723 1095 2122 1153 confessionem
2184 1101 2341 1157 inde-
2433 1107 2454 1142 ε

2318 1132 2341 1146 ,
2433 1092 2786 1164 εὐχαριστίαν
2819 1101 2957 1168 μετά
2995 1103 3095 1172 τῆς
3128 1106 3426 1176 ἀπολογίας
3458 1091 3834 1186 προσαγαγεῖν
3857 1091 4003 1192 aeui;

767 1185 1057 1248 sinentem,
1097 1184 1696 1256 continuaslacrymas,
1724 1188 1984 1258 majorem
2015 1191 2334 1251 abscessum
2428 1183 2452 1234 δ

2318 1211 2334 1248 ι
2428 1183 2736 1286 ὀφείλομεν,
2795 1190 2870 1254 ὡς
2911 1193 2972 1245 τὸ
3020 1196 3119 1264 τῆς
3173 1199 3397 1271 γνώμης
3432 1203 3543 1274 [70'-
3592 1208 3690 1277 τῆς
3723 1183 4003 1286 ΫνώσεωςΙ]

767 1277 1044 1343 facere,ut
1081 1278 1152 1328 ita
1193 1277 1468 1345 possimus
1531 1294 1814 1348 ptenarum
1869 1283 2140 1340 additione
2170 1286 2334 1342 Deum
2429 1279 2452 1346 ἦ

2320 1304 2334 1341 ι
2429 1277 2585 1346 ἡμῶν
2608 1280 2927 1347 ἀκόλαστον,
2970 1290 3034 1357 τῇ
3082 1290 3244 1361 σχολῇ
3277 1296 3375 1363 τῆς
3409 1298 3812 1368 παρακλήσεως
3843 1277 4005 1358 κολάί

767 1385 1007 1434 movere,
1041 1370 1327 1438 ipsumque
1372 1383 1422 1423 Ill
1459 1374 1611 1441 prius
1640 1414 1655 1438 ,
1719 1376 1771 1429 in
1823 1379 2083 1434 cordibus
2135 1383 2336 1438 nostris
2426 1368 2452 1431 ζ

2315 1399 2336 1438 ε
2426 1368 2571 1431 ζοντι
2605 1369 2713 1441 [ῑσ.
2751 1375 3084 1449 σχολάζοντι]
3106 1395 3119 1408 ·
3153 1380 3239 1434 ἵνα
3269 1382 3469 1454 ἀρετῆς
3493 1387 3642 1456 ἡμᾶς
3675 1392 3767 1442 καὶ
3802 1395 4000 1457 κακίας

766 1464 988 1517 intueri.
1024 1463 1127 1516 Sed
1183 1476 1358 1518 tamen
1415 1467 1697 1520 sciendum
1731 1478 1834 1529 est,
1892 1472 2062 1538 quod,
2116 1477 2334 1542 quando

768 1557 1244 1624 praeliantnrinter
1271 1558 1527 1612 scanima
1555 1575 1617 1613 ac
1681 1561 1848 1615 Satan
1907 1563 1996 1632 (de
2048 1568 2333 1624 erudiente

766 1651 1115 1703 derelictionc
1145 1651 1377 1719 loquor)
1421 1691 1436 1714 ,
1491 1653 1742 1706 subducit
1776 1670 1872 1719 se,
1927 1667 1982 1710 ut
2034 1660 2144 1727 jam
2197 1662 2331 1728 dixi,

767 1743 1350 1810 gratim;cooperatur
1411 1754 1588 1797 autem
1623 1746 1760 1798 clam
1829 1762 1952 1801 cum
2003 1751 2183 1806 anima
2235 1769 2330 1807 au-

2424 1460 2500 1522 ῶς
2523 1462 2713 1533 Πατὴρ
2751 1465 2974 1531 ἀγαθὸς,
3005 1468 3229 1543 διδάσκῃ
3273 1472 3371 1543 τὴν
3400 1475 3684 1547 διαφοράν.
3730 1479 4000 1538 Ἐνταῦθα

2423 1549 2500 1611 δὲ,
2550 1552 2905 1624 ὲξαγόρευσιν
2949 1558 3059 1610 τῶν
3098 1560 3516 1632 ἁμαρτημάτων
3549 1570 3847 1637 ἄπαυστον,
3904 1577 4000 1628 καὶ

2422 1640 2659 1712 δάκρυον
2695 1645 2998 1714 ἀνελλιπὲς,
3032 1653 3124 1703 καὶ
3162 1655 3512 1727 ἀναχώρησιν
3551 1661 3774 1714 πλείονα
3799 1681 3812 1693 ⁸
3847 1666 3996 1729 ὅπως

2425 1729 2490 1783 ἂν
2524 1732 2666 1786 οὕτω
2700 1736 3018 1808 δυνηθῶμεν
3048 1744 3112 1812 τῇ
3151 1746 3436 1818 προσθήκῃ
3483 1749 3592 1804 τῶν
3625 1753 3824 1820 πόνων,
3873 1756 3997 1809 δυσ-

763 1832 895 1885 xilio
931 1848 1050 1893 sun,
1084 1842 1141 1885 ut
1166 1834 1448 1887 vic:oriam
1477 1836 1673 1888 anima:
1715 1838 1883 1894 solius
1931 1856 2073 1905 esse,
2100 1843 2336 1900 inimicis
2369 1837 2448 1891 B"

2310 1860 2336 1900 8
2369 1824 2643 1893 Βωπῆσαί
2678 1846 2806 1881 ποτε
2835 1831 2924 1885 τὸν
2943 1832 3094 1898 Θεὸν,
3116 1837 3400 1907 ἐπιδλέψαι
3431 1841 3508 1906 ὡς
3539 1843 3599 1894 τὸ
3628 1847 3760 1914 πρὶν
3784 1849 3864 1911 είς
3895 1851 3995 1913 τὰς

762 1924 934 1992 ipsius
975 1927 1251 1977 ostendat.
1306 1944 1323 1976 ι
1363 1924 1425 1979 Et
1486 1940 1709 1982 sanctus
1743 1930 1928 1986 Isaac:
1968 1953 1986 1984 ι
2037 1933 2180 1990 Fieri
2229 1953 2337 1991 non
2425 1932 2447 1968 '

2306 1953 2337 1991 η
2425 1917 2653 1986 καρδίας
2679 1922 2853 1991 ἡμῶν.
2885 1926 3030 1996 Πλὴν
3058 1930 3137 1981 δεῖ
3169 1932 3369 1986 ειδέναι
3401 1935 3504 1996 ὅτι,
3551 1937 3681 1989 ὅταν
3714 1942 3855 1992 κατά
3901 1944 3991 1995 ού-

763 2024 944 2083 potest
973 2027 1032 2068 ut
1067 2017 1119 2067 in
1153 2018 1531 2082 spiritualibus
1572 2020 1754 2086 bellis,
1809 2024 1928 2077 sine
1988 2025 2054 2078 iis
2103 2042 2200 2096 per
2248 2029 2339 2084 de-
2425 2025 2448 2060 ο

2304 2045 2339 2083 ,-
2425 2009 2588 2080 σιώδη
2623 2015 2895 2087 συμϐολὴν
2937 2023 3003 2089 τῇ
3055 2022 3200 2093 ψυχῇ
3251 2024 3346 2076 καὶ
3402 2025 3481 2095 τῷ
3515 2028 3798 2102 Σατανᾷή
3840 2037 3989 2104 μάχη

763 2108 1099 2161 relictionem
1129 2109 1566 2179 tentationibusl.
1596 2115 1813 2181 sapiens
1846 2117 2059 2180 evadat,
2089 2129 2141 2171 et
2174 2135 2334 2174 suum

2301 2137 2334 2174 η
2424 2099 2651 2165 γίνεται,
2688 2105 2780 2157 ἐπὶ
2817 2107 2916 2176 τῆς
2949 2111 3295 2183 παιδευτικῆς
3327 2115 3471 2183 λέγω
3515 2099 3986 2192 παραχωρησεῶς,

763 2203 1100 2268 provisorem
1143 2212 1354 2266 noscat,
1384 2213 1436 2257 et
1471 2203 1637 2257 Deum
1681 2221 1841 2259 suum
1875 2212 2095 2275 sentiat,
2152 2212 2337 2268 firme-

2303 2238 2337 2262 γ,
2425 2188 2740 2246 ὐποστέλλει
2786 2197 2886 2265 μὲν
2917 2199 2990 2263 ὡς
3022 2202 3116 2255 καὶ
3149 2204 3246 2274 ήδη
3283 2204 3433 2259 εἷπον
3478 2188 3764 2282 ἑαυτὴνή⁷
3791 2188 3953 2283 χάρις
3973 2233 3988 2249 ·

765 2303 963 2360 tnrque
1000 2293 1051 2344 in
1085 2291 1189 2346 ride
1222 2294 1372 2348 illius
1422 2296 1761 2361 abscondite,
1814 2301 1916 2353 nisi
1967 2301 2018 2354 in
2052 2303 2197 2358 illius
2238 2321 2336 2359 ει·
2424 2280 2450 2332 δ

2311 2333 2336 2344 _
2424 2280 2714 2349 ἀγνώστως
2764 2287 2820 2340 δὲ
2869 2297 3122 2362 συνεργεῖ
3151 2300 3214 2365 τῇ
3256 2297 3400 2367 ψυχῇ
3455 2299 3698 2372 βοηθείᾳ,
3735 2280 3837 2356 ilva
3870 2280 3989 2376 ⁷τὴν

763 2385 1045 2450 perientia
1072 2385 1266 2437 virtute
1302 2401 1464 2452 quam
1505 2391 1763 2457 suscepit.
1795 2389 1854 2441 Et
1892 2396 2108 2460 quando
2138 2397 2336 2452 viderit
2419 2388 2448 2424 ν

2302 2399 2336 2452 il
2419 2371 2597 2471 νίκην,
2629 2379 2729 2446 τῆς
2755 2378 2932 2449 ψυχῆς
2966 2380 3106 2437 εἶναι
3154 2388 3312 2455 μόνον
3360 2391 3601 2462 ἐπιδείξῃ
3628 2371 3741 2456 τοῖς
3768 2371 3987 2466 ἐχθροίς

763 2476 933 2543 gratia
960 2477 1267 2544 opinionem
1297 2477 1362 2531 de
1399 2495 1457 2532 se
1476 2493 1817 2549 arrogantem
1856 2499 1980 2537 eum
2012 2487 2064 2540 in
2093 2490 2210 2544 suis
2240 2507 2335 2545 co-
2417 2475 2448 2512 α

2301 2520 2335 2534 _
2417 2459 2608 2531 αὐτῆς.
2645 2481 2666 2517 ι
2725 2469 2831 2521 Καὶ
2861 2472 2890 2522 ό
2922 2472 3076 2540 ἆγιος
3115 2474 3301 2529 Ἰσαάκ
3327 2493 3340 2507 ’
3388 2496 3407 2528 ι
3446 2479 3522 2532 υύ
3569 2459 3986 2548 ἑυωτδίὲέτδξ

759 2569 1116 2634 gitationibns
1146 2570 1456 2632 admittere,
1485 2579 1538 2622 et
1567 2572 1679 2639 jam
1719 2573 1785 2626 de
1847 2591 1905 2629 se
1943 2593 2133 2645 magna
2188 2584 2335 2650 cogi-
2409 2576 2438 2610 τ

2301 2584 2335 2633 i_
2409 2561 2518 2611 τῶν
2552 2560 2692 2612 κατὰ
2722 2562 3117 2634 παραχώρησιν
3148 2571 3488 2636 πειρασμῶν,
3527 2576 3848 2641 σοφισθῆναι
3893 2583 3986 2629 τὸν

761 2670 898 2723 tare,
951 2667 1082 2714 tunc
1146 2665 1408 2729 permittit
1473 2672 1529 2716 et
1584 2677 1775 2718 contra
1824 2684 1947 2720 cum
2010 2674 2334 2730 letitzitiones
2409 2653 2443 2704 ἀ

2299 2694 2334 2730 es
2409 2652 2693 2722 ἄνθρωπον
2724 2655 2781 2707 ἐν
2821 2658 2933 2718 τοῖς
2985 2657 3244 2727 πολέμοις
3284 2664 3392 2722 τοῖς
3428 2668 3840 2731 πνευματικοῖς,
3886 2670 3984 2721 καὶ

763 2749 1050 2803 firmentur
1078 2762 1129 2804 et
1161 2753 1352 2807 validae
1383 2753 1532 2817 fiant,
1569 2757 1743 2810 donec
1770 2761 2044 2827 proin-iani
2101 2763 2332 2820 infirmi-

762 2851 925 2894 tatem
952 2846 1187 2898 senserit
1217 2855 1269 2898 et
1307 2847 1525 2914 fugerit,
1562 2859 1618 2901 et
1678 2850 1844 2904 Deum
1912 2853 1964 2907 in
2031 2854 2334 2912 humilitate

756 2937 1063 3005 possideat.
1138 2938 1196 2991 Et
1226 2940 1309 2992 liis
1359 2943 1604 3008 pervenit
1656 2942 1818 2996 homo
1887 2947 1937 2997 in
1968 2949 2063 2999 viri
2108 2952 2330 3016 perfecti

753 3043 1094 3094 mensuram,
1129 3029 1244 3084 Filii
1279 3032 1368 3085 Dei
1405 3034 1508 3087 fide
1543 3048 1604 3088 ac
1649 3052 1764 3105 spe,
1824 3049 1877 3092 et
1911 3041 1974 3092 ad
2005 3043 2330 3098 cliaritatem

758 3121 1060 3173 extollitur.
1122 3121 1363 3174 Miranda
1427 3125 1571 3177 enim
1618 3128 1865 3180 noscitur
1919 3131 2009 3182 Dei
2066 3133 2327 3198 cliaritas,

751 3228 877 3264 cum
923 3212 1085 3264 homo
1115 3213 1166 3267 in
1228 3215 1421 3268 mediis
1469 3218 1726 3284 periculis
1782 3222 1944 3274 fuerit
1993 3237 2114 3291 qua:
2169 3239 2322 3279 suam

2406 2743 2609 2808 γνῶναι
2653 2744 2747 2797 τὸν
2788 2745 2980 2798 ἑαυτοῦ
3017 2751 3341 2820 προνοητὴν,
3393 2754 3486 2804 καὶ
3527 2755 3853 2825 αίσθηθῆναι
3885 2760 3982 2813 τοῦ

2404 2833 2541 2887 Θεοῦ
2589 2836 2776 2900 αὑτοῦ,
2829 2838 2924 2890 καὶ
2973 2842 3340 2910 στερεωθῆναι
3380 2845 3437 2896 ἐν
3473 2848 3536 2914 τῇ
3586 2847 3768 2899 πίστει
3810 2851 3978 2903 αὑτοῦ

2405 2929 2681 2992 κρυπτῶς,
2715 2930 2763 2981 εί
2798 2930 2872 2998 μὴ
2902 2932 2958 2982 ἐν
2986 2935 3048 3001 τῇ
3090 2934 3315 3001 δυνάμει
3357 2936 3452 3002 τῆς
3487 2939 3681 3005 πείρας
3713 2940 3875 2992 αὑτοῦ
3910 2938 3980 3012 ἦς

2404 3017 2652 3083 ἐδέξατο·
2709 3022 2799 3072 καὶ
2852 3023 3012 3092 ἡνίκα
3060 3025 3145 3095 ιδῃ
3177 3029 3210 3095 ἡ
3243 3027 3418 3097 χάρις,
3454 3029 3536 3080 ὅτι
3568 3030 3767 3100 ἤρξατο
3812 3034 3870 3083 ἐν
3896 3035 3978 3102 τῷ

2401 3107 2648 3179 λογισμῷ
2677 3111 2842 3164 αὑτοῦ
2872 3116 2902 3180 ἡ
2933 3117 3110 3184 οἴησις
3142 3118 3356 3185 μικρὸν,
3397 3120 3490 3171 καὶ
3532 3119 3732 3189 ἤρξατο
3765 3121 3979 3189 λογίζε-

2405 3199 2525 3252 σθαι
2554 3202 2693 3270 μέγα
2721 3206 2847 3272 περὶ
2870 3205 3087 3268 ἑαυτοῦ,
3120 3209 3320 3271 εὐθέως
3351 3215 3672 3281 παραχωρεῖ
3700 3215 3826 3277 τοὺς
3854 3235 3975 3268 πειε

753 3320 902 3373 spem
956 3306 1250 3373 prmcidere
1285 3308 1541 3366 valeant;
1598 3319 1652 3362 et
1704 3311 1775 3362 illi
1836 3313 1978 3366 Deus
2025 3319 2323 3384 potentiam

2282 3335 2323 3372 ω
2403 3293 2644 3360 ρασμοίις
2676 3297 2794 3345 κατ’
2819 3295 2982 3348 αὑτοῦ
3019 3300 3522 3371 ίσχυροποιηθῆναι,
3560 3305 3655 3356 καὶ
3693 3322 3967 3374 κραταιω-

751 3410 904 3449 suam
961 3413 1083 3448 enm
1141 3399 1405 3453 salvando
1457 3404 1776 3459 ostenderit.
1838 3403 2124 3475 Nunquam
2179 3411 2324 3464 enim
2400 3379 2436 3431 θ

2287 3427 2324 3464 ῃ
2400 3379 2576 3448 θῆναι,
2626 3383 2730 3447 ἓως
2761 3385 2826 3438 ἂν
2858 3389 3004 3458 μάθῃ
3034 3389 3133 3458 τὴν
3164 3391 3700 3460 ἐαυτοῦ,,ἀσθένειαν,
3743 3397 3836 3449 καὶ
3870 3399 3972 3466 φύ-

752 3486 919 3537 homo
953 3488 1252 3553 potentiam
1290 3487 1383 3541 Dei
1443 3489 1496 3541 in
1561 3492 1748 3558 requie
1796 3506 1859 3546 ac
1909 3494 2191 3548 latitudine
2237 3513 2322 3552 co-
2400 3487 2433 3537 Ὺ

2287 3513 2322 3550 )_
2400 3487 2506 3537 γει,
2543 3474 2636 3526 καὶ
2687 3476 2934 3547 κατάσχῃ
2967 3480 3057 3531 τὸν
3090 3480 3224 3534 Θεὸν
3274 3482 3333 3534 ἐν
3378 3485 3726 3541 ταπεινώσει.
3763 3489 3871 3540 Καὶ
3913 3491 3972 3542 ἐν

751 3577 959 3639 pnoscit
989 3596 1002 3642 ;
1033 3593 1130 3632 nec
1166 3595 1406 3648 unquam
1443 3579 1586 3636 Deus
1618 3585 1725 3638 vim
1779 3601 1933 3640 suam
1993 3590 2326 3644 sensibiliter
2397 3577 2436 3612 τ⁴

2284 3608 2326 3644 3r
2397 3561 2604 3624 τούτοις
2653 3563 2872 3632 ἔρχεται
2903 3569 2930 3618 ὁ
2976 3568 3280 3638 ἄνθρωπος,
3317 3573 3397 3634 είς
3433 3573 3502 3625 τά
3532 3575 3706 3644 μέτρα
3744 3577 3838 3628 τοῦ
3883 3595 3969 3630 τε.

745 3671 1004 3727 ιδ-ῑιιιιιίὶι.
1043 3671 1145 3723 ηἰςὶ
1181 3671 1232 3723 in
1266 3674 1414 3739 pacis
1447 3673 1565 3728 loco
1592 3685 1646 3728 et
1683 3678 1734 3728 in
1799 3679 2094 3733 solitudine.
2150 3694 2206 3736 et
2266 3685 2320 3736 in
2397 3668 2430 3701 λ

2291 3703 2320 3736 η
2396 3650 2538 3704 λείου
2583 3654 2794 3722 ἀνδρὸς,
2845 3658 2903 3708 ἐν
2933 3660 2996 3726 τῇ
3044 3661 3222 3713 πίστει
3258 3664 3352 3714 καὶ
3384 3666 3450 3733 τῇ
3497 3666 3672 3718 ἐλπίδι
3705 3669 3800 3721 τοῦ
3834 3670 3966 3723 Υίοῦ

747 3762 884 3814 locis
931 3776 1054 3830 qute
1104 3764 1422 3818 occursibus
1475 3774 1528 3819 et
1579 3772 1892 3824 commercii
1959 3786 2085 3826 cum
2148 3775 2326 3829 homi-
2396 3759 2432 3793 τ⁴

2284 3778 2326 3829 i_
2396 3745 2486 3793 τοῦ
2521 3745 2682 3796 Θεοῦ·
2718 3747 2809 3799 καὶ
2843 3747 3069 3814 ὑψοῦται
3101 3752 3234 3820 πρὸς
3270 3753 3368 3822 τὴν
3395 3756 3637 3824 ἀγάπην.
3665 3757 3969 3832 Θαυμαστὴ

747 3852 908 3905 nibus
932 3854 1163 3907 tumultu
1199 3870 1367 3909 vacua
1399 3868 1556 3912 sunt.
2401 3847 2432 3898 τ

2401 3831 2507 3901 γὰρ
2546 3835 2866 3904 γνωρίζεται
2896 3843 2925 3908 ὴ
2953 3841 3139 3911 ἀγάπη
3178 3843 3270 3895 τοῦ
3304 3845 3439 3898 Θεοῦ
3472 3848 3608 3918 πρὸς
3638 3850 3730 3902 τὸν
3757 3831 3969 3921 ἀνθρωέ

729 3969 852 4012 πον,
889 3950 1013 4000 ὅταν
1063 3945 1193 3998 ποτέ
1225 3947 1283 3996 ἐν
1317 3947 1469 4014 μέσῳ
1500 3944 1724 4012 γένηται
1772 3943 2139 4012 πραγμάτων,
2175 3943 2284 3994 τῶν
2333 3941 2734 3995 διακοπτόντων
2781 3941 2882 4011 τὴν
2915 3941 3107 3994 ἐλπίδα
3135 3943 3336 3995 αὐτοῦ·
3392 3947 3484 3996 καὶ
3514 3949 3695 3998 ἐκεῖσε
3724 3945 3976 4001 δεικνύει

732 4049 759 4097 ὁ
796 4046 924 4106 Θεὸς
954 4045 1052 4113 τὴν
1084 4044 1314 4108 δύναμιν
1345 4036 1563 4098 ἐαυτοῦ,
1597 4039 1652 4089 ἐν
1677 4039 1740 4106 τῇ
1769 4037 2016 4106 σωτηρίᾳ
2061 4038 2128 4105 τῇ
2158 4033 2244 4086 ἐπ’
2275 4034 2458 4087 αὐτόν.
2496 4037 2769 4088 οὐδέποτε
2801 4035 2910 4103 γὰρ
2943 4035 3208 4103 μανθάνει
3241 4038 3268 4082 ὁ
3301 4035 3580 4103 ίνθρωπος
3605 4037 3706 4107 τὴν
3732 4038 3974 4105 δύναμιν

733 4139 830 4208 τὴν
866 4136 1072 4204 θεῖκὴν,
1105 4135 1160 4186 ἐν
1197 4131 1502 4186 ἀναπαύσει
1533 4131 1629 4183 καὶ
1673 4127 1976 4197 πλατυσμῷ
1999 4143 2014 4158 ο
2046 4127 2140 4178 καὶ
2170 4126 2425 4179 οὐδέποτε
2465 4126 2666 4189 ἔδειξεν
2687 4129 2716 4177 ὀ
2751 4127 2883 4189 Θεὸς
2940 4129 3042 4196 τὴν
3073 4128 3268 4178 ἑαυτοῦ
3297 4128 3582 4195 ἐνέργειαν
3609 4132 3975 4196 αἰσθητικῶς,

732 4236 778 4287 εί
819 4233 890 4303 μὴ
915 4234 971 4284 ἐν
995 4232 1152 4302 χώρᾳ
1182 4230 1431 4300 ἡσυχίας,
1465 4225 1559 4280 καὶ
1583 4229 1638 4277 ἐν
1664 4225 1875 4294 ἐρήμῳ,
1909 4221 2005 4274 καὶ
2035 4222 2095 4275 ἐν
2128 4221 2322 4283 τύποις
2360 4222 2749 4291 ἐστερημένοις
2791 4221 2901 4274 τῶν
2938 4221 3275 4288 συντυχιῶν·
3321 4222 3414 4273 καὶ
3460 4221 3558 4290 τῆς
3587 4224 3840 4291 ταραχῆς
3873 4228 3976 4294 τῆς

735 4327 1205 4395 κατασκηνώσεως
1241 4326 1338 4393 τῆς
1366 4325 1504 4392 μετὰ
1540 4321 1648 4374 τῶν
1674 4317 1999 4388 ἀνθρώπων.
2039 4333 2058 4367 ι

911 4423 987 4476 De
1016 4424 1250 4486 auat/tia,
1282 4431 1328 4474 et
1356 4419 1481 4491 quid
1505 4430 1579 4473 est
1622 4420 1851 4472 humana
1878 4417 2118 4486 apalhia.

808 4578 896 4630 86.
927 4574 1056 4628 Post
1088 4572 1206 4625 haec
1234 4577 1416 4624 autem
1450 4576 1661 4638 Oportet
1690 4581 1756 4620 ex
1785 4572 1936 4634 parte
1963 4565 2066 4619 hoc
2101 4565 2153 4618 in
2190 4564 2310 4621 loco

739 4672 804 4721 de
839 4685 903 4734 ap
925 4669 1055 4719 nhia
1086 4675 1136 4717 et
1167 4663 1502 4732 perfectione
1528 4673 1840 4714 sermonem
1877 4657 2080 4721 facere,
2118 4664 2310 4726 etpost

739 4771 912 4832 pauca
938 4758 1183 4827 prmsetili
1218 4757 1293 4809 rei
1325 4756 1484 4809 finem
1519 4755 1818 4820 imponere.
1843 4751 1982 4804 Audi
2010 4751 2154 4820 quod
2181 4750 2312 4806 dicit

743 4867 973 4921 magnus
1030 4850 1304 4902 Basilius:
1347 4866 1364 4899 ι
1411 4846 1515 4913 Qui
1553 4846 1641 4898 Dei
1695 4859 1823 4898 vere
1875 4853 2084 4895 amator
2118 4851 2222 4906 est,
2257 4851 2313 4896 et

741 4945 890 4997 illius
933 4942 1346 5011 tranquillitatis
1379 4941 1459 4993 vel
1492 4938 1777 5009 paululum
1804 4935 2006 5004 aliquid
2034 4935 2146 4988 vult
2168 4949 2314 4988 com-

743 5036 1102 5106 prehende-re,
1139 5034 1597 5102 spiritualemque
1623 5030 1768 5083 illius
1809 5028 2178 5090 sanctitatem,
2219 5040 2314 5094 pa-

739 5140 882 5186 rem,
905 5124 1168 5192 quietem,
1195 5122 1559 5185 dulcedinem,
1586 5129 1640 5172 et
1669 5117 1909 5171 latitiam
1946 5117 2316 5186 gaudiumque

741 5217 886 5282 quod
930 5216 1056 5270 inde
1079 5224 1368 5286 generatur
1392 5222 1610 5282 gustare
1639 5210 1810 5280 cupit,
1847 5209 2004 5276 longe
2039 5208 2108 5260 ab
2165 5206 2312 5260 omni

744 5309 1011 5364 materiali
1064 5309 1261 5361 affectu
1315 5307 1408 5376 qui
1443 5306 1682 5357 animam
1746 5300 2018 5371 inquinat,
2075 5308 2309 5352 mentem

747 5404 1025 5458 retrahere
1085 5399 1327 5453 festinat.
1383 5398 1579 5451 Mundo
1623 5404 1802 5447 autem
1837 5403 1890 5446 et
1942 5393 2114 5444 nitido
2153 5390 2315 5443 oculo

746 5498 925 5550 divina
959 5497 1235 5555 intuetur;
1268 5490 1664 5558 inexplebiliter
1699 5488 1823 5538 inde
1863 5487 2074 5538 oriente
2119 5484 2319 5536 lumine

749 5587 1001 5644 vestitur.
1033 5593 1087 5635 ct
1120 5584 1182 5634 aal
1221 5581 1377 5635 talem
1408 5579 1651 5631 habitum
1713 5586 2033 5642 statumque
2080 5579 2316 5627 animam

750 5685 1034 5743 postquam
1113 5666 1378 5733 exercuit,
1429 5669 1560 5729 Dro,
1595 5678 1753 5736 piunt
1799 5665 2057 5735 possibile
2090 5673 2191 5724 cst.
2243 5664 2320 5717 si-

749 5769 893 5820 milis
930 5765 1006 5830 lit,
1067 5763 1323 5832 illumque
1347 5773 1488 5815 amat
1519 5773 1570 5815 et
1601 5761 1768 5828 cupit,
1813 5760 2012 5827 quippe
2069 5756 2163 5822 qni
2209 5772 2321 5811 ma-

2323 4422 2368 4477 Α
2402 4415 2538 4482 Περὶ
2568 4415 2882 4478 ἀπαθείας,
2949 4414 3048 4468 καί
3077 4416 3206 4476 τοῦ,
3236 4417 3296 4468 τί
3327 4414 3501 4467 ἐστιν
3558 4412 3596 4479 ἡ
3624 4413 3980 4482 ἀνθρωπίνη

3050 4485 3323 4540 ἀπάθεοα.

2474 4561 2592 4635 σις’.
2629 4564 2771 4635 Πρὸς
2795 4565 2850 4618 δὲ
2879 4566 3107 4629 τούτοις,
3149 4569 3268 4620 δέον
3303 4572 3367 4621 ἐκ
3397 4572 3598 4641 μέρους
3621 4573 3717 4627 καὶ
3751 4573 3846 4627 τὸν
3877 4576 3981 4645 τῆς

2403 4655 2668 4720 ἀπαθείας
2691 4658 2844 4724 λόγον
2880 4658 3112 4711 ἐνταῦθα
3144 4662 3464 4732 προσθῆναι,
3498 4665 3590 4716 καὶ
3617 4663 3977 4734 τελειότητος,

2402 4747 2495 4800 καὶ
2526 4749 2666 4816 μετά
2719 4749 2914 4818 μικρὸν
2965 4751 3108 4802 οὕτω
3161 4751 3331 4822 πέρας
3376 4753 3557 4806 δοῦναι
3607 4758 3670 4825 τῇ
3724 4757 3978 4829 παρούσῃ

2403 4841 2778 4910 πραγματείᾳ.
2817 4842 3006 4895 Ἔνθεν
3053 4843 3149 4896 καὶ
3178 4845 3325 4911 λέγει
3371 4847 3400 4898 ὁ
3432 4846 3607 4915 μέγας
3657 4847 3976 4914 Βασίλειοςο

2409 4946 2426 4978 ι
2475 4929 2534 4981 '0
2563 4929 2655 4981 τοῦ
2687 4930 2822 4982 Θεοῦ
2875 4934 3148 4997 καταστάς
3198 4935 3456 5005 ἐραστὴς,
3511 4937 3734 5006 καὶτῆς
3765 4940 3980 4994 ἐκείνου

2403 5023 2672 5086 ἀπαθείας
2702 5025 2794 5077 καὶ
2822 5026 2882 5078 τὸ
2924 5027 3290 5095 σμικρότατον
3321 5033 3616 5096 κατασχεῖν
3660 5031 3979 5100 ἐφιέμενος,

2405 5118 2496 5168 καὶ
2541 5115 2638 5186 τῆς
2674 5118 3050 5187 πνευματικῆς
3100 5119 3410 5190 ἁγιότητος,
3461 5121 3701 5192 γαλήνης
3753 5141 3836 5190 τε,
3882 5126 3982 5180 καὶ

2403 5208 2738 5278 ἀταραξίας,
2797 5211 2891 5261 καὶ
2949 5212 3307 5281 ⁴ἡμερότητος.
3359 5214 3453 5266 καὶ
3503 5214 3603 5284 τῆς
3655 5217 3720 5268 ἐκ
3771 5218 3982 5272 τούτων

2402 5300 2729 5368 τικτομένης
2785 5302 3126 5372 εὐφροσύνης
3182 5321 3264 5368 τε,
3318 5305 3415 5358 καὶ
3468 5309 3643 5376 χαρᾶς
3693 5308 3982 5378 ἐπιθυμῶν

2404 5391 2837 5458 ἀπογεύσασθαι,
2894 5395 3093 5457 παντὸς
3130 5397 3228 5464 μὲν
3260 5396 3447 5449 ὑλικοῦ
3503 5399 3710 5462 πάθους
3755 5401 3850 5454 τοῦ
3877 5403 3980 5474 τὴν

2404 5479 2580 5549 ψυχὴν
2607 5480 3003 5546 ἐπιθολοῦντος,
3041 5485 3230 5554 πόρρω
3259 5486 3383 5547 τοὺς
3414 5485 3706 5554 λογισμοὺς
3737 5490 3981 5557 ἀπάγειν

2405 5573 2728 5626 ἐσποίδακε.
2770 5575 3008 5644 Καθαρῷ
3043 5575 3120 5637 δέ,
3158 5578 3249 5628 καὶ
3284 5580 3691 5648 ἀνεπισκιάστῳ
3739 5581 3976 5651 ὄμματι,

2402 5664 2471 5717 τὰ
2525 5665 2641 5717 θεῖα
2684 5667 3002 5737 περιαθροῖ·
3059 5668 3351 5737 ἀπλήστως
3392 5670 3482 5722 τοῦ
3525 5671 3734 5725 ἐκεῖθεν
3797 5678 3980 5742 φωτδις

2404 5759 2808 5828 ἐμφορούμενος
2834 5778 2846 5790 ο
2879 5762 2958 5822 είς
2985 5760 3241 5831 τοιαύτην
3264 5780 3320 5814 τε
3346 5762 3481 5827 ἕξιν,
3521 5766 3613 5817 καὶ
3643 5767 3979 5821 κατάστασιν
