4266 6450
723 378 830 439 787

1574 393 1913 453 CALLISTI
1965 397 2058 454 ΕΤ
2095 395 2385 453 ῐϐἶλὲθιτίῐ
2429 397 3117 461 XANTlIOPULOth-t

3859 411 3972 478 788

729 496 920 545 tectam
974 493 1176 562 fugam.
1237 513 1331 566 per
1392 516 1552 568 quant
1608 505 1898 560 aﬂ'ectuum
1968 507 2057 561 ille
2120 510 2373 561 motus}!

2359 507 2566 578 ἰοπλίᾳ,
2629 507 2723 559 καὶ
2770 510 2835 578 τῇ
2904 507 3001 562 τοῦ
3062 510 3341 580 Σωτηρίου
3407 512 3826 586 περικεφαλαίᾳ,
3876 515 3964 568 διὰ

725 588 912 650 prima:
933 589 1134 651 speciei
1163 590 1382 653 deci-lit,
1410 592 1539 645 dum
1580 596 1755 648 anima
1783 599 2138 667 cogitationes
2190 617 2294 653 non

723 673 834 739 jam
879 677 1177 745 habetque
1196 695 1313 735 eam
1354 685 1420 738 ad
1451 686 1745 742 eilicaciam
1781 689 2002 747 ducant.
2055 694 2292 746 Tertiam

725 769 1173 836 tranquilﬁitatetn
1224 773 1347 829 dico
1378 791 1495 829 eam
1540 795 1662 849 quze
1702 781 1845 836 circa
1895 784 2122 840 affectus
2174 802 2294 855 per-

723 863 916 915 fectam
941 863 1100 917 habet
1127 866 1382 922 desiderii
1428 871 1863 929 immobilitatem
1895 918 1908 938 .
1936 893 1999 932 ex
2060 895 2166 949 qua
2210 895 2293 934 sc-

720 954 898 1008 cunda
942 956 1200 1025 gignitur.
1273 959 1398 1014 dum
1453 965 1846 1034 cogitationum
1894 970 2114 1037 puritati
2157 985 2291 1026 con-

716 1047 984 1115 jungitur.
1029 1050 1285 1115 Quartam
1347 1057 1791 1125 tranquillitatem
1820 1061 1944 1116 dico
1996 1078 2113 1116 eam
2168 1079 2290 1134 quae

719 1156 912 1194 omnes
941 1145 1231 1199 sensibiles
1276 1148 1544 1216 imagines
1571 1165 1634 1205 ex
1667 1153 1995 1223 cogitatione
2053 1156 2287 1224 repellit,

715 1248 779 1283 ex
807 1249 910 1300 qua
938 1237 1180 1290 nascitur
1213 1238 1393 1301 tertia,
1426 1240 1556 1294 dum
1617 1243 1761 1298 mille
1786 1255 1912 1299 sunt
1948 1249 2285 1304 sensibilium

718 1325 983 1393 imagines
1015 1344 1134 1396 qum
1164 1330 1356 1385 anima:
1395 1332 1686 1388 allectuum
1717 1337 1928 1403 objecta
1991 1356 2291 1408 repraesen-

715 1426 850 1472 tent.
885 1439 903 1470 )
941 1419 1057 1475 lluc
1109 1423 1246 1476 adde
1279 1426 1423 1495 quod
1456 1429 1823 1496 tranquillitas
1889 1443 1971 1487 est
2028 1436 2286 1502 paciﬁcus

714 1513 908 1566 :mimre
971 1525 1168 1582 status,
1230 1531 1450 1588 propter
1505 1537 1666 1591 quem
1716 1526 1781 1578 ad
1830 1528 2032 1580 malum
2078 1529 2285 1584 moveri

713 1617 909 1659 IICSCII.

2392 599 2610 651 πάντων
2647 599 2754 650 τῶν
2794 599 2975 652 καλῶν
3019 601 3500 672 καθοπλισάμενοι,
3540 606 3638 668 τάς
3685 609 3966 670 σκοτεινάς

2390 689 2500 742 τῶν
2530 689 2799 759 δαιμόνων
2824 690 3167 761 διακόψωμεν
3194 693 3500 762 φάλαγγας.
3524 697 3601 748 Οὐ
3630 696 3741 766 γάρ
3769 698 3829 749 τὸ
3858 717 3966 768 μη-

2391 783 2510 836 κέτι
2541 784 2745 852 πρᾶξαι
2775 785 2842 837 τά
2868 786 3015 838 κακά
3041 786 3201 856 μόνον
3233 788 3580 859 καθαρότητα
3621 791 3796 861 φέρει,
3830 793 3966 846 ἀλλὰ

2391 877 2485 928 καὶ
2517 875 2576 928 τὸ
2607 874 2892 945 ἐπιμελείᾳ
2934 877 3042 930 τῶν
3083 878 3284 942 καλῶν,
3331 883 3672 952 κατακράτος
3703 883 3964 951 ἀθετῆσαι

2388 967 2458 1019 τὰ
2485 968 2650 1021 κακά.
2699 985 2718 1018 ›
2760 969 2870 1020 Καὶ
2899 971 2926 1021 6
2955 968 3109 1036 ἅγιος
3139 972 3388 1041 Μάξιμος
3419 973 3473 1025 δὲ
3503 976 3786 1044 τετραχῶς
3828 993 3962 1029 ταυ·

2388 1076 2489 1128 την
2517 1060 2735 1128 διαιρεῖ,
2761 1059 2903 1113 οὕτω
2924 1061 3146 1130 φάσκων
3167 1080 3179 1092 ·
3205 1081 3223 1114 ι
3252 1064 3482 1134 Πρώτην
3507 1067 3778 1120 ἀπάθειαν
3801 1068 3961 1135 λέγω,

2389 1152 2490 1222 τὴν
2521 1153 2657 1223 πρὸς
2689 1153 2964 1224 ἁμαρτίαν
3009 1154 3103 1208 τοῦ
3137 1154 3388 1224 σώματος
3421 1159 3540 1211 κατ’
3567 1158 3846 1229 ἐνέργειαν
3872 1161 3965 1212 άν-

2393 1245 2600 1312 έπαφον
2644 1246 2876 1316 κίνησιν.
2903 1248 3172 1316 Δευτέραν
3202 1249 3467 1301 ἀπάθειαν
3496 1250 3660 1318 λέγω,
3696 1251 3792 1320 τὴν
3825 1253 3965 1304 κατὰ

2389 1335 2567 1405 ψυχὴν
2598 1337 2705 1389 τῶν
2731 1337 2990 1407 ἑμπαθῶν
3018 1338 3295 1408 λογισμῶν
3328 1340 3541 1392 τελείαν
3571 1341 3867 1413 ἀποϐολὴν,
3895 1343 3964 1394 δι’

2391 1421 2458 1498 ἦς
2495 1430 2527 1497 ἡ
2566 1429 2674 1480 τῶν
2719 1429 2908 1482 παθῶν
2956 1431 3392 1502 ἀπομαραίνεται
3439 1433 3581 1485 κατά
3608 1432 3705 1502 τὴν
3739 1432 3966 1503 πρώτην

2392 1519 2660 1572 ἀπάθειαν
2689 1521 2919 1588 κίνησις,
2947 1520 3276 1586 ὲξάπτοντας
3311 1524 3483 1593 αὐτὴν
3515 1524 3652 1593 πρὸς
3681 1524 3964 1594 ἐνέργειαν

2390 1611 2489 1664 οὐκ
2522 1611 2716 1680 ἔχουσα
2763 1615 2887 1675 τοὺς
2919 1613 3184 1682 ἐμπαθεῖς
3211 1615 3526 1684 λογισμούς.
3571 1616 3778 1685 Τρίτην
3809 1617 3956 1668 ἀπά-

715 1701 865 1750 θειαν
896 1694 1065 1759 λέγω,
1095 1691 1193 1762 τὴν
1223 1690 1353 1758 περὶ
1386 1689 1452 1742 τά
1506 1687 1655 1756 πάθη
1691 1687 1905 1740 τελείαν
1938 1688 2038 1757 τῆς
2080 1689 2374 1758 ἐπιθυμίας
2413 1692 2731 1759 ἀκινησιαν,
2768 1693 2837 1745 δι’
2867 1696 2932 1766 ἢν
2964 1700 3058 1752 καὶ
3111 1703 3144 1771 ἠ
3171 1702 3400 1773 δευτέρα
3435 1707 3682 1765 γίνεσθαι
3716 1712 3960 1778 πέφυκε,

717 1796 780 1862 τῇ
805 1793 910 1842 τῶν
949 1786 1228 1856 λογισμῶν
1276 1784 1611 1852 καθαρότητι
1662 1785 2056 1853 συνισταμένη.
2113 1786 2396 1855 Τετάρτην
2454 1787 2726 1842 ἀπάθειαν
2773 1790 2942 1858 λέγω,
3001 1794 3100 1865 τὴν
3138 1797 3283 1851 κατὰ
3334 1801 3578 1855 διάνοιαν
3629 1805 3821 1857 πασῶν
3850 1806 3961 1858 τῶν

716 1888 990 1956 αἰσθητῶν
1018 1886 1330 1954 φαντασιῶν
1365 1884 1576 1936 τελείαν
1624 1882 1911 1945 ἀπόθεσιν,
1949 1881 2071 1934 καθ’
2115 1881 2183 1952 ἦν
2214 1883 2246 1952 ἡ
2274 1884 2432 1954 τρίτη
2465 1886 2563 1952 τὴν
2594 1886 2808 1953 γένεσιν
2841 1888 3088 1958 εῐληφεν,
3132 1893 3233 1946 οὐκ
3259 1893 3492 1962 ἔχουσαν
3520 1898 3619 1958 τὰς
3651 1901 3959 1966 φαντασίας

717 1983 825 2035 τῶν
868 1981 1165 2050 αἰσθητῶν,
1208 1977 1580 2039 εἰδοποιούσας
1611 1979 1748 2047 αὐτῇ
1783 1976 1892 2028 τῶν
1918 1975 2103 2028 παθῶν
2129 1977 2228 2038 τάς
2266 1978 2499 2042 εἰκόνας.
2542 1999 2562 2031 ι
2603 1981 2724 2034 Ἔτι
2747 1997 2762 2013 ο
2797 1999 2816 2034 ι
2848 1982 3117 2040 ’Δπάθειά
3147 1988 3296 2042 ἐστιν
3324 1991 3579 2061 εἰρηνικὴ
3612 1993 3955 2055 κατάστασις

717 2077 926 2150 ψυχῆς,
955 2073 1077 2129 καθ’
1108 2073 1175 2140 ἢν
1205 2071 1526 2133 δυσκίνητος
1560 2069 1771 2134 γίνεται
1804 2067 1942 2138 πρὸς
1970 2068 2185 2120 κακίαν.
2218 2086 2236 2119 ι

1036 2242 1167 2292 Item
1201 2239 1266 2293 de
1310 2239 1525 2305 apathia
1578 2248 1628 2296 et
1691 2237 2025 2306 perfectione.

798 2367 884 2423 87.
942 2370 1106 2438 igitur
1147 2380 1368 2424 sanctus
1427 2369 1660 2438 Ephrem
1715 2369 1782 2422 de
1820 2369 2039 2436 apathia
2069 2379 2124 2423 et
2183 2383 2303 2436 per-

731 2461 965 2517 fectione
995 2463 1068 2516 ita
1100 2463 1324 2517 disserit
1363 2482 1374 2514 :
1418 2481 1436 2514 ι
1477 2461 1577 2527 Qui
1609 2461 1894 2517 affectibus
1953 2463 2137 2516 mundi
2179 2471 2306 2516 sunt

729 2564 783 2609 et
835 2555 903 2610 ad
964 2570 1236 2609 summum
1303 2556 1503 2609 bonum
1568 2557 1824 2610 ardenter
1879 2554 2126 2617 tendunt.
2180 2553 2304 2606 infi-

732 2645 900 2698 nitam
935 2659 1088 2701 suam
1112 2643 1494 2714 perfectionem
1514 2646 1745 2711 faciunt,
1771 2661 1838 2700 eo
1864 2646 2008 2714 quod
2036 2650 2304 2698 bonorum

731 2749 1054 2793 memorum
1089 2754 1195 2793 non
1228 2749 1307 2794 est
1340 2739 1481 2795 linis.
1508 2737 1685 2794 Finita
1721 2741 1936 2809 quidem
1975 2749 2080 2804 est,
2121 2753 2308 2808 respe-

733 2843 818 2886 ctu
843 2833 908 2886 ad
938 2834 1186 2886 humanae
1219 2834 1472 2903 potentia:
1498 2849 1809 2888 mensuram
1836 2850 1851 2898 ;
1883 2833 2094 2890 inﬁnita
2154 2849 2308 2898 vero,

739 2937 924 2994 utpote
988 2927 1225 2994 seipsam
1288 2926 1696 2994 transgrediens
1747 2925 2079 2993 quotidiauis
2133 2925 2309 2978 incre-

737 3020 958 3082 mentis.
1016 3021 1366 3088 seipsamque
1414 3029 1679 3087 perpetuo
1718 3019 1976 3072 attollens
2036 3018 2102 3072 ad
2141 3016 2310 3070 Deum

737 3113 1095 3168 ascendendo.
1118 3112 1379 3167 Similiter
1401 3123 1454 3166 et
1474 3122 1699 3168 sanctus
1724 3111 1876 3166 Nilus
1892 3112 1958 3166 de
1982 3111 2313 3182 perfectione

737 3207 809 3259 ita
843 3206 1083 3272 loquitur
1116 3204 1293 3258 «Duas
1345 3203 1711 3273 perfectiones
1766 3219 1892 3258 esse
1957 3202 2307 3272 cogitandum
2337 3208 2380 3267 α

737 3305 815 3350 est
858 3314 870 3349 :
931 3312 1094 3351 unam
1143 3295 1362 3366 quidem
1415 3296 1786 3362 temporalem,
1845 3295 2071 3349 alteram
2128 3303 2309 3348 autem

739 3397 994 3443 sternam
1027 3402 1039 3449 ς
1077 3385 1143 3438 de
1169 3398 1268 3452 qua
1303 3385 1493 3438 scribit
1522 3386 1816 3453 Apostolus
1840 3385 2102 3450 «Quando
2131 3394 2310 3440 autem

741 3481 943 3535 venerit
973 3479 1116 3545 quod
1139 3475 1434 3545 perfectum
1475 3486 1576 3538 est.
1631 3485 1761 3530 tunc
1788 3477 2144 3531 evacuabitur
2168 3478 2312 3544 quod

743 3579 820 3623 est
835 3586 896 3624 ex
924 3576 1075 3637 parte
1100 3567 1166 3621 ⁸³.
1183 3585 1201 3617 ι
1224 3566 1357 3619 illud
1377 3566 1545 3630 enim,
1575 3565 2169 3634 quandoveneritquod
2191 3579 2318 3634 per-

744 3662 940 3716 i2c2um
971 3668 1074 3724 est,
1116 3658 1384 3729 significat
1414 3674 1512 3712 nos
1530 3659 1616 3712 hic
1641 3658 1865 3725 nequire
1923 3656 2161 3711 divinam
2194 3672 2316 3726 per-

746 3751 1028 3805 fectionem
1065 3748 1311 3818 assequi.
1344 3765 1362 3798 ι
1402 3745 1468 3800 Ει
1494 3748 1693 3810 adhuc,
1724 3746 1901 3800 «Duas
1956 3747 2319 3815 perfectiones

747 3841 958 3895 divinus
993 3837 1194 3892 Paulus
1229 3836 1426 3900 noscit,
1478 3837 1804 3890 eteumdem
1857 3835 1960 3886 scit
2016 3833 2316 3902 perfectum

749 3941 923 3987 etnon
950 3928 1249 3996 perfectum
1274 3928 1572 3990 hominem,
1604 3926 1783 3996 q'mad
1805 3937 2123 3994 praesentem
2154 3925 2319 3977 vitam

751 4027 1020 4096 perfectus
1043 4026 1209 4078 homo
1248 4036 1369 4075 esse
1392 4021 1594 4075 dicitur
1630 4026 1917 4086 :respectu
1949 4026 2129 4071 autem
2167 4017 2233 4070 ad
2259 4017 2322 4069 il-

752 4133 856 4175 tum
880 4116 972 4186 qui
996 4128 1119 4168 vere
1147 4111 1532 4182 perfectusest,
1555 4106 2099 4175 diciturimperfectu
2117 4121 2165 4159 s.
2194 4103 2324 4158 Ideo

751 4210 946 4280 inquit,
977 4205 1123 4261 «Non
1155 4204 1299 4275 quod
1330 4203 1536 4271 accepi.
1572 4202 1692 4256 ideo
1727 4199 2004 4271 perfectus
2033 4215 2155 4256 sum
2189 4200 2256 4253 “.
2298 4220 2316 4250 ι

754 4309 816 4362 Et
845 4308 1006 4378 paulo
1025 4313 1166 4372 post:
1196 4321 1214 4354 ι
1248 4300 1585 4369 Quicumque
1608 4299 1830 4368 perfecti
1855 4314 2070 4362 sumus,
2091 4297 2324 4365 idipsum

753 4401 1059 4454 sentiamus
1080 4396 1180 4448 ⁸⁸.»

825 4514 900 4567 De
932 4511 1148 4580 affatu,
1180 4509 1243 4561 de
1269 4506 1640 4580 affectudulci.
1669 4506 1732 4557 de
1758 4504 1954 4580 affectu
2011 4505 2326 4565 vehementr,

1178 4589 1228 4632 et
1257 4579 1320 4631 de
1346 4578 1569 4645 aﬁ'ectus
1609 4577 1869 4628 carentia.

825 4675 914 4730 88.
955 4673 1092 4727 Dicit
1121 4680 1301 4726 autem
1331 4679 1555 4724 sanctus
1600 4668 1744 4722 Elias
1769 4666 1933 4736 judcx
1966 4685 1979 4721 ε
2014 4667 2182 4721 «Mala
2212 4681 2331 4719 ma-

759 4769 915 4831 teria,
954 4765 1200 4834 corporis
1239 4764 1480 4832 quidem,
1512 4762 1741 4816 affectus
1774 4769 1882 4827 est,
1916 4761 2115 4814 animas
2177 4774 2330 4822 vero,

758 4862 998 4916 affectus.
1030 4858 1208 4912 dulcis
1237 4896 1252 4921 ,
1275 4857 1472 4910 mentis
1515 4869 1718 4918 autem,
1751 4852 1981 4908 allectus
2019 4852 2330 4906 vehemens.

2597 2252 2722 2304 Ἔτι
2755 2251 2885 2318 περί
2915 2251 3206 2316 ἀπαθείας
3236 2248 3333 2303 καὶ
3362 2247 3748 2314 τελειότητος.

2477 2393 2588 2457 πζ’.
2625 2395 2734 2446 Καὶ
2764 2393 2894 2461 γοῦν
2920 2393 3015 2446 καὶ
3037 2393 3065 2445 6
3092 2392 3246 2460 άγιος
3285 2391 3549 2459 Ἐφραὶμ,
3583 2386 3713 2458 περί
3743 2402 3804 2439 τε
3837 2385 3986 2438 ἀπα-

2407 2487 2557 2549 θείας
2608 2485 2703 2540 καὶ⁵
2727 2487 3082 2557 τελειότητος,
3127 2485 3270 2538 οὕτω
3301 2480 3643 2551 διαγορεύει·
3681 2496 3700 2530 ι
3745 2478 3810 2530 Ui.
3843 2476 3988 2528 άπα-

2408 2581 2521 2648 θεῖς
2554 2583 2690 2652 πρδς
2718 2581 2780 2632 τὸ
2825 2579 2996 2648 ἄκρον
3039 2578 3228 2646 ἐφετὸν
3256 2574 3570 2644 ἀκορέστως
3602 2568 3990 2640 ὑπερεκτεινόο

2409 2695 2582 2748 μενοι,
2621 2673 2910 2728 ἀτέλεστον
2937 2669 3152 2722 ποιοῦσι
3197 2668 3296 2736 τὴν
3328 2665 3647 2734 τελειότητα
3669 2679 3686 2695 ο
3714 2661 3850 2713 διότι
3879 2660 3994 2710 τῶν

2410 2769 2641 2823 αἰωνίων
2672 2763 2895 2832 ἀγαθῶν
2933 2761 3087 2823 τέλος
3126 2761 3226 2812 οὐκ
3257 2758 3426 2812 ἐστιν.
3473 2757 3618 2817 Ἐτι,
3651 2752 3830 2806 τελεία
3868 2751 3991 2820 μὲν,

2409 2860 2531 2913 ὅσον
2580 2857 2716 2925 πρὸς
2764 2854 2825 2906 τὸ
2881 2853 3080 2922 μέτρον
3131 2852 3230 2917 τῆς
3282 2847 3631 2918 ἀνθρωπίνης
3679 2844 3991 2911 δυνάμεως.

2424 2949 2734 3007 Ἀτέλεστος
2757 2945 2834 3005 δὲ,
2858 2944 2932 3005 ὼς
2954 2941 3043 2994 ἀεὶ
3074 2939 3476 3008 ὑπερϐαίνουσα
3507 2935 3706 3004 ἑαυτὴν
3726 2935 3844 2995 ταῖς
3869 2930 3976 2984 καθ

2413 3044 2623 3113 ἡμέραν
2643 3034 3117 3108 προσθήκαις,καὶ
3138 3032 3273 3099 ὕψου
3283 3031 3418 3100 μένη
3441 3027 3702 3100 διηνεκῶς
3716 3027 3836 3086 ταῖς
3860 3022 3997 3092 πρὸς

2411 3136 2544 3189 Θεὸν
2575 3130 2924 3185 ἀναϐάσεσιν.
2962 3146 2982 3177 ι
3037 3125 3268 3194 Ὁμοίως
3297 3123 3354 3175 δὲ
3401 3121 3494 3173 καὶ
3538 3121 3568 3171 6
3611 3117 3766 3185 ἀγιος
3799 3114 3997 3174 Νεῖλος

2413 3228 2554 3281 οὕτω
2583 3224 2709 3291 περὶ
2739 3219 3078 3286 τελειότητός
3107 3231 3278 3285 φησι·
3319 3233 3336 3264 ι
3360 3212 3482 3264 Δύω
3509 3208 3854 3276 τελειότητας
3876 3222 3999 3273 νοη-

2414 3320 2561 3372 τέον·
2614 3316 2740 3383 μίαν
2775 3312 2872 3379 μὲν
2903 3309 3257 3377 πρόσκαιρον.
3311 3305 3439 3374 μίαν
3475 3303 3532 3356 δὲ
3582 3301 3829 3354 αἰώνων·
3868 3298 4003 3366 περὶ

2415 3403 2482 3479 ἧς
2512 3406 2712 3475 γράφει
2742 3406 2771 3456 6
2802 3399 3124 3459 ’Δπόστολος
3145 3414 3159 3428 ·
3197 3415 3216 3447 ι
3248 3397 3419 3448 Ὅταν
3443 3395 3499 3447 δὲ
3529 3393 3659 3464 ἔλθῃ
3687 3392 3748 3444 τδ
3772 3391 3998 3450 τέλειον,

2415 3500 2535 3551 τότε
2565 3497 2625 3548 τὸ
2671 3499 2733 3545 ὲκ
2771 3492 2970 3561 μέρους
3002 3486 3501 3557 καταργηθήσεται.
3540 3503 3560 3534 ι
3614 3483 3688 3534 Τὸ
3717 3481 3850 3550 γὰρ,
3868 3481 4005 3532 ὅταν

2419 3589 2550 3661 ἔλθῃ
2578 3586 2638 3640 τὸ
2670 3585 2898 3646 τέλειον,
2937 3580 3215 3651 σημαίνει,
3242 3580 3325 3631 ὅτι
3353 3573 3586 3629 ἐνταῦθα
3622 3573 3682 3626 οὐ
3714 3569 3997 3639 δυνάμεθα

2419 3682 2665 3750 χωρῆσαι
2709 3675 2808 3746 τὴν
2847 3673 2998 3725 θείαν
3041 3671 3376 3739 τελειότητα.
3421 3686 3441 3718 »
3479 3667 3632 3718 Ἔτι·
3685 3687 3704 3716 ε
3747 3663 3869 3715 Δύω
3912 3679 4005 3714 τεο

2421 3772 2698 3840 λειότητας
2732 3767 2941 3828 Παῦλος
2982 3767 3010 3818 6
3054 3763 3341 3825 θεσπέσιος
3391 3760 3712 3813 ἐπίσταται·
3759 3758 3855 3808 καὶ
3892 3751 4003 3807 οἶδε

2419 3865 2512 3917 τὸν
2574 3859 2735 3914 αὑτὸν
2785 3856 2989 3909 τέλειον
3015 3895 3030 3918 ,
3083 3853 3173 3906 καὶ
3202 3853 3264 3906 οὐ
3311 3851 3515 3904 τέλειον
3561 3847 3851 3917 ἄνθρωπον
3877 3860 3896 3878 ·
3927 3845 4007 3906 ὡς

2427 3957 2524 4026 μὲν
2554 3954 2691 4022 πρὸς
2737 3950 2830 4002 τὸν
2867 3947 3113 4016 παρόντα
3162 3944 3296 4014 βίον,
3343 3943 3548 3996 τέλειον
3579 3939 3876 4007 λεγόμενον
3909 3937 4008 3989 άν-

2429 4044 2646 4114 θρωπον
2672 4057 2684 4070 ·
2711 4039 2787 4101 ὼς
2819 4038 2877 4090 δὲ
2903 4037 3038 4104 πρὸς
3061 4035 3155 4086 τδν
3178 4032 3396 4101 ἀληθῶς
3424 4031 3650 4091 τέλειον,
3683 4029 3743 4081 οὑ
3776 4027 4008 4080 τέλειον.

2423 4133 2513 4187 Διό
2539 4148 2722 4200 φησιν,
2751 4129 2864 4197 Οὐχ
2906 4128 2990 4179 ὅτι
3031 4124 3223 4176 ἔλαϐον
3246 4122 3350 4194 ἠδη
3396 4120 3777 4188 τετελείωμαι.
3817 4136 3836 4168 ι
3894 4117 4010 4170 Καὶ

2428 4226 2545 4296 μετ’
2568 4223 2726 4291 ὀλίγα
2758 4221 2933 4289 λέγει·
2975 4237 2995 4270 ι
3024 4219 3178 4271 Ὂςοι
3205 4214 3300 4269 οὖν
3336 4213 3551 4278 τέλειοι,
3583 4211 3745 4265 τοῦτο
3789 4209 4011 4281 φρονῶ-

2430 4333 2550 4386 μεν.
2594 4337 2612 4368 ι·

2359 4554 2405 4610 D
2435 4521 2571 4587 Περί
2618 4517 2960 4588 ἐμπιιθείας,
3001 4514 3393 4610 ἠὸρίταέεἱίας,
3438 4516 3874 4585 προσπαθείας,
3911 4517 4016 4572 καὶ

3062 4586 3375 4652 ἀπαθείας.

2506 4707 2616 4771 πη’.
2677 4697 2841 4767 Λέγει
2898 4698 2955 4751 δὲ
3005 4697 3102 4751 καὶ
3153 4699 3181 4751 6
3233 4697 3389 4766 ἅγιος
3445 4698 3634 4762 Ἠλίας
3683 4700 3712 4753 6
3762 4698 4018 4761 ἔκδικος·

2441 4814 2459 4848 ι
2501 4793 2639 4863 Ὕλη
2671 4792 2904 4862 πονηρὰ,
2949 4790 3198 4860 σώματος
3239 4791 3357 4858 μὲν,
3388 4789 3665 4860 ὲμπάθεια
3686 4809 3699 4822 ο
3726 4790 3911 4860 ψυχῆς
3935 4791 4020 4854 δὲ,

2435 4884 2771 4954 ἡδυπάθεια·
2820 4881 3164 4951 προσπάθεια
3199 4879 3276 4943 δὲ,
3305 4878 3400 4931 τοῦ
3439 4879 3579 4943 νοός.
3616 4881 4024 4949 Κατηγορεῖται

760 4953 1092 5007 Praedicator
1123 4963 1286 5018 porro
1316 4949 1383 5002 de
1425 4947 1620 5016 prima,
1647 4957 1824 5001 tactus
1847 4987 1862 5011 ,
1892 4947 1959 5000 de
1979 4937 2241 5008 secunda,
2274 4959 2335 4998 re

2434 4937 2513 5040 ἐξ,
2542 4976 2642 5044 τῆς
2673 4976 2793 5044 μὲν,
2837 4937 2986 5043 ἐφη·
3031 4972 3130 5041 τῆς
3149 4971 3228 5035 δι,
3259 4937 3314 5024 in
3346 4937 3863 5040 λοιπαιαισθήσέιςζ
3905 4970 4023 5039 Τῆς

763 5045 892 5113 liqui
918 5057 1134 5097 sensus.
1165 5039 1237 5093 De
1257 5040 1416 5094 tertia
1438 5051 1640 5103 autem,
1667 5039 1942 5094 contraria
1975 5037 2325 5106 dispositio.»

765 5138 829 5190 Et
867 5135 1044 5189 adhuc
1073 5170 1089 5185 .
1143 5151 1162 5184 ι
1192 5133 1293 5199 Qui
1330 5131 1520 5186 dulces
1545 5132 1771 5186 affectus
1831 5133 2021 5194 sentit,
2050 5130 2333 5200 proximus

763 5239 846 5282 est
870 5229 918 5280 ei
945 5226 1036 5295 qui
1065 5239 1296 5294 corpore
1323 5223 1590 5288 allicitur;
1623 5224 1714 5291 qui
1739 5224 2111 5283 vehementes,
2145 5221 2334 5291 proxi-

768 5334 889 5374 mus
916 5321 963 5372 ei
997 5319 1090 5388 qui
1122 5318 1309 5372 dulces
1335 5317 1564 5381 habeat;
1599 5317 1755 5387 longe
1785 5325 1965 5370 autem
2005 5315 2075 5370 ab
2107 5323 2339 5382 utroque

768 5422 871 5474 est,
900 5413 992 5480 qui
1030 5412 1207 5465 nullos
1261 5411 1562 5480 experitur.

775 5507 907 5572 Quid
941 5515 1016 5557 est
1061 5519 1388 5572 corporeum,
1432 5502 1661 5563 dulcem.
1703 5500 2078 5560 vehementem,
2129 5498 2337 5551 nullum

874 5576 1122 5643 a/fectum
1155 5575 1407 5640 experiri,
1427 5584 1476 5626 et
1502 5574 1564 5624 de
1588 5572 1912 5641 singulorum
1940 5572 2231 5624 curatione.

840 5667 930 5724 89.
970 5665 1248 5736 Corporeo
1296 5663 1492 5719 an‘ectu
1525 5672 1629 5726 est,
1660 5661 1752 5730 qui
1786 5660 2047 5730 peccandi
2081 5661 2185 5714 vim
2220 5658 2333 5713 vio-

845 5851 888 5882 ⁶³
915 5847 934 5902 ι
960 5847 1084 5902 f‘or.
1129 5863 1248 5914 xm,
1285 5847 1369 5900 10.

2436 5069 2491 5121 δὲ
2512 5065 2849 5127 τελευταίας,
2886 5064 3108 5116 ἐναντία
3140 5059 3565 5124 διάθεσις.›⁶Ἐτι
3585 5077 3600 5090 ·
3632 5079 3650 5112 ι
3690 5060 3748 5115 '0
3770 5061 3872 5130 μὲν
3892 5061 4025 5131 ήδυο

2440 5156 2618 5225 ἀπαθὴς
2647 5154 2874 5223 πλησίον
2909 5152 3025 5204 ἔστι
3058 5151 3153 5204 τοῦ
3178 5151 3460 5222 ὲμπαθοῦς
3479 5167 3495 5182 ·
3520 5151 3548 5202 6
3578 5150 3635 5204 δὲ
3661 5150 4020 5221 προσπαθὴς,

2440 5249 2531 5302 τοῦ
2571 5245 2905 5318 ηδυπαθοῦς·
2943 5243 3159 5316 μακρὰν
3186 5242 3244 5296 δὲ
3273 5241 3619 5314 ἀμφοτέρων,
3650 5241 3679 5293 6
3709 5241 3954 5307 ἀπαθής.
3991 5262 4008 5293 ι

2448 5481 2506 5534 Τί
2556 5479 2726 5532 ἐστιν
2768 5468 3063 5541 ἐμπαθὴς,
3105 5461 3455 5541 ἡδυπαθὴς,
3503 5453 3885 5541 (mangone.
3919 5452 4024 5503 και

2881 5524 3142 5604 καῖἇτερὶ
3172 5524 3491 5600 θεραπείας
3519 5524 3889 5596 ἀμφοτέρων.

2517 5661 2623 5714 πθν.
2672 5675 2691 5708 ι
2749 5650 3030 5724 Ἐμπαθής
3076 5651 3224 5703 ἑστιν
3264 5647 3292 5700 6
3339 5645 3398 5698 τὸ
3448 5637 3828 5713 ἁμαρτητικὸν
3882 5634 4023 5702 ἔχων

1479 5846 1521 5878 ⁸·
1551 5843 1787 5914 Philipp.
1819 5856 1900 5911 tu,
1931 5841 2018 5896 12.
2096 5840 2142 5871 ⁸⁸
2172 5839 2306 5896 ibid.
2353 5839 2438 5893 15.
