4266 6450
225 432 329 491 ’789

1440 431 1822 496 OPUSCULA
1869 441 2244 507 ASCE'l‘lfI-\.

3373 447 3476 509 790

226 569 320 623 τοῦ
372 567 632 636 λογισμοῦ
692 565 1011 634 βιαιότερον,
1067 569 1166 616 κᾶν
1213 561 1349 621 τέως
1392 558 1466 630 μὴ
1513 557 1910 628 ἁμαρτάνῃΑΙ

1788 558 1863 626 ιΑ
1897 557 2177 613 lentiorem
2200 561 2364 616 sentit
2395 575 2555 630 quam
2582 562 2982 631 cogitationem.
3045 561 3213 616 Dulce
3245 560 3473 614 adicitur

222 663 404 723 ἐκτὸς.
463 657 772 727 Ἢδυπαθὴς
824 656 902 718 δὲ,
944 657 971 706 6
1014 656 1110 721 τὴν
1158 652 1437 718 ἐνέργειαν
1481 649 1578 715 τῆς
1623 648 1801 715 ἀμαρ-

220 751 341 814 τίας
389 749 528 819 ἔχων
581 745 978 816 ἀσθενεστέραν
1018 741 1108 795 τοῦ
1153 737 1438 809 λογισμοῦ,
1489 738 1592 790 κᾶν
1621 738 1805 808 πάσχῃ

220 842 374 904 ἐκτός
408 840 499 911 [ἐν
527 837 668 892 ἄλλ.
703 834 898 906 ἐντός].
933 833 1264 906 Προσπαθὴς
1303 832 1381 897 δὲ,
1419 833 1444 883 6
1483 831 1549 899 τῇ
1583 827 1800 879 ἐλευθε-

221 936 316 1005 ρίᾳ
353 933 576 1003 μᾶλλον,
622 931 655 1000 ἦ
698 933 764 1000 τῇ
792 929 1008 1000 δουλείᾳ
1033 928 1141 980 τῶν
1178 928 1356 995 μέσων
1387 923 1803 993 προσκείμενος.

231 1025 480 1094 Ἀπαθὴς
522 1024 566 1075 δ’
595 1022 659 1076 ἂν
707 1022 814 1091 εῐη,
843 1022 870 1072 ὁ
901 1020 1106 1073 τούτων
1147 1019 1364 1071 πάντων
1417 1016 1514 1084 τὴν
1544 1012 1807 1082 διαφορὰν

219 1118 452 1184 ἀγνοῶν.
503 1116 778 1178 Ὡσαύτως
830 1115 1012 1184 μέντοι
1059 1114 1152 1165 καὶ
1181 1113 1308 1181 περὶ
1337 1109 1437 1177 τῆς
1481 1106 1808 1176 ἀμφοτέρων

220 1209 544 1278 θεραπείας,
596 1207 719 1263 τάδε
763 1207 1050 1273 διασαφεῖ·
1104 1202 1401 1257 ἀπόλλυται
1470 1199 1535 1249 ἐκ
1607 1193 1805 1264 ψυχῆς.

218 1300 499 1369 ἐμπάθεια
543 1301 659 1368 μὲν,
690 1299 777 1352 διὰ
828 1297 1078 1367 νηστείας
1109 1295 1198 1346 καὶ
1231 1292 1538 1362 προσευχῆς
1562 1305 1573 1319 ·
1603 1286 1806 1357 ἡδυπά-

220 1393 345 1444 θεια
379 1392 457 1453 δὲ,
491 1392 558 1443 δι’
592 1390 922 1460 ἀγρυπνίας,
974 1389 1068 1439 καὶ
1121 1386 1330 1452 σιωπῆς
1358 1402 1368 1413 ·
1404 1384 1435 1446 ή
1467 1381 1522 1434 δὲ
1558 1378 1807 1448 προσπά-

219 1485 364 1547 θεια,
396 1485 485 1536 διά
536 1485 784 1554 ἡσυχίας,
834 1486 926 1536 καὶ
969 1481 1262 1552 προσοχῆς·
1319 1475 1554 1530 ἀπάθεια
1591 1473 1646 1524 δὲ
1680 1490 1802 1523 συνο

221 1575 460 1634 ίσταται,
492 1576 554 1626 ἐκ
587 1575 807 1643 μνήμης
837 1569 995 1624 Θεοῦ.
1034 1588 1051 1620 ι

434 1665 571 1732 Περὶ
600 1665 879 1726 πίστεως,
912 1659 1181 1724 ἐλπίδος,
1216 1657 1312 1711 καί
1345 1652 1601 1725 ἀγάπης.

290 1781 360 1847 ἰαί.
409 1777 550 1831 Ἀλλ’
599 1779 722 1831 ἐπεὶ
756 1779 975 1830 πάντων
1023 1773 1240 1841 ἀγαθῶν
1295 1770 1462 1841 ἀρχὴ,
1511 1767 1605 1820 καὶ
1641 1765 1804 1834 μεσό-

219 1889 344 1940 της,
397 1870 492 1922 καὶ
549 1868 720 1930 τέλος.
770 1867 817 1917 εί
853 1864 1057 1933 βούλοιο
1098 1864 1153 1916 δὲ
1181 1864 1382 1914 εἰπεῖν·
1421 1860 1515 1911 καὶ
1549 1856 1800 1928 χορηγὸς,

1909 651 1998 718 qui
2032 653 2238 721 peccati
2272 653 2570 708 efﬁcaciam
2613 655 2945 724 cogitatione
2985 652 3347 708 infirmiorem
3379 654 3477 706 ha—

1896 745 2005 810 bet,
2037 746 2139 805 etsi
2176 755 2324 799 extra
2360 747 2634 815 patiatur;
2673 748 3021 801 vehementer
3064 755 3270 810 autem,
3299 745 3389 813 qui
3412 745 3478 799 li-

1895 835 2084 888 bertati
2114 837 2283 905 magis
2296 853 2456 905 quam
2476 837 2722 892 servituti
2743 837 3186 891 intermediorum
3209 835 3471 905 subjacct.

1896 926 2109 980 Nullum
2134 939 2312 981 autem
2351 927 2599 982 affectum
2638 928 2936 998 experitur,
2969 929 3060 996 qui
3093 930 3336 980 ornuium
3374 930 3475 981 ho-

1901 1035 2022 1073 rum
2055 1019 2417 1073 differentiam
2448 1021 2682 1089 ignorat.
2724 1019 2990 1074 Similiter
3012 1020 3256 1085 porrude
3279 1034 3467 1071 eorum

1895 1114 2178 1169 curatione
2221 1115 2334 1168 hzec
2370 1115 2614 1181 exponit.
2656 1116 2760 1168 «Ex
2792 1115 2970 1167 anima
2993 1113 3236 1182 rcjicitur
3277 1127 3474 1180 corpo-

1899 1221 2020 1258 reus
2046 1205 2266 1259 aﬂ‘ectus
2296 1205 2669 1275 perjejunium
2696 1208 3102 1268 ctorationem;
3136 1204 3312 1257 dulcis
3342 1202 3474 1257 affe-

1897 1306 2147 1366 ctus,per
2179 1298 2413 1367 vigiliam
2447 1310 2500 1351 ct
2532 1299 2806 1354 silentium
2840 1316 2853 1361 ;
2885 1298 3174 1350 vehemens
3207 1311 3300 1364 per
3330 1307 3478 1348 tran-

1897 1388 2213 1465 quillitatem
2248 1399 2300 1443 et
2323 1391 2704 1455 attentionem;
2738 1389 3002 1442 formatur
3025 1405 3151 1442 vero
3181 1388 3472 1442 affectuum

1898 1483 2134 1536 carentia
2163 1497 2228 1536 ex
2265 1483 2354 1537 Dei
2387 1485 2647 1537 memoria

2254 1658 2324 1712 De
2379 1659 2686 1728 ﬁde.speet
2741 1661 3020 1713 charitafe.

1965 1748 2056 1805 90.
2095 1750 2199 1806 Sed
2256 1753 2513 1821 quoniam
2544 1753 2787 1807 onmium
2850 1754 3116 1806 honorum
3150 1751 3474 1820 principium

1891 1853 1946 1896 ct
1995 1843 2233 1898 medium
2293 1854 2345 1898 et
2394 1844 2549 1910 finis;
2585 1845 2627 1900 si
2659 1855 2840 1900 autem
2875 1846 2924 1898 id
2958 1847 3089 1899 velis
3114 1847 3314 1909 dicere,
3369 1846 3477 1896 dux

222 1920 320 2011 κάῖ
356 1959 642 2029 πρύτανις,
698 1920 900 2016 πίστις,
946 1955 1121 2015 ἐλπὶς,
1157 1952 1374 2019 ἀγάπη·
1414 1947 1475 2000 τὸ
1513 1920 1862 2015 τρίπλοκονΒ

1794 1920 1862 1992 ,Β
1893 1945 1946 1987 et
1982 1935 2230 2004 princeps
2269 1945 2351 1991 est
2384 1976 2399 2000 ,
2440 1936 2590 2002 fides,
2623 1953 2770 2006 spes.
2815 1938 3094 2002 Charitas;
3157 1938 3347 2005 triplex
3389 1936 3479 1988 ille

220 2052 512 2122 σπαρτίον,
571 2051 662 2101 καὶ
718 2048 1069 2113 θεοΰφαντον,
1121 2045 1215 2095 καὶ
1263 2041 1463 2111 μᾶλλον
1517 2040 1731 2091 πάντων
1773 2039 1803 2106 ή

217 2143 437 2208 ἀγάπη,
469 2144 549 2194 ὅτι
596 2144 621 2192 6
671 2139 804 2201 Θεὸς
837 2138 1024 2204 ἀγάπη
1063 2137 1178 2188 ἐστί
1228 2153 1285 2186 τε
1331 2136 1422 2186 καὶ
1474 2132 1710 2197 λέγεται,
1741 2130 1801 2180 ού

213 2241 450 2302 δίκαιον,
490 2237 564 2308 μὴ
599 2237 694 2290 καὶ
731 2237 818 2291 διά
858 2239 1064 2290 τούτων
1108 2252 1169 2289 το
1203 2235 1296 2288 τοῦ
1350 2234 1612 2304 παρόντος
1670 2249 1802 2301 συγ-

219 2333 552 2403 γράμματος
609 2330 855 2382 ἐλλεῖπον
906 2327 1300 2397 ἀναπληρῶσαι
1384 2346 1401 2376 ι
1466 2325 1680 2378 Μᾶλλον
1726 2322 1803 2387 δὲ,

214 2425 528 2494 ἐπειδήπερ
578 2424 672 2474 καὶ
718 2422 858 2473 κατὰ
891 2421 982 2471 τὸν
1035 2418 1191 2485 ἆγιον
1233 2419 1421 2470 Ἰσαὰκ
1469 2416 1566 2484 τὴν
1600 2413 1806 2467 τελειό-

215 2533 363 2586 τητα
397 2514 510 2568 τῶν
542 2514 756 2566 πολλῶν
809 2527 1037 2580 καρπων
1065 2509 1160 2561 τοῦ
1192 2508 1522 2576 πνεύματος,
1558 2505 1677 2558 τότε
1721 2519 1807 2565 τις

215 2611 458 2678 δέχεται,
487 2609 614 2660 ὅταν
646 2605 851 2674 ἀξιωθῇ
887 2605 983 2673 τῆς
1010 2603 1219 2664 τελείας
1253 2601 1494 2668 ἀγάπης.
1540 2618 1557 2650 ›

293 2702 433 2770 Φέρε
465 2700 557 2751 καὶ
603 2699 732 2766 περὶ
774 2697 944 2764 αὐτῆς
1004 2694 1197 2765 μικρὸν
1232 2691 1809 2763 διαμνημονεύσωμεν.

219 2791 338 2848 Καὶ
371 2788 504 2859 γοῦν
531 2790 732 2858 γράφει
761 2791 788 2840 6
820 2790 917 2857 τῆς
955 2785 1234 2853 Κλίμακος
1267 2802 1278 2815 ·
1313 2803 1330 2835 ι
1373 2785 1507 2837 Νυνὶ
1538 2783 1594 2836 δὲ
1625 2784 1812 2837 λοιπὸν

223 2883 370 2954 μετά
411 2881 592 2935 πάντα
637 2881 705 2932 τὰ
748 2880 1148 2950 προειρημένα,
1205 2877 1453 2944 μένειτά
1482 2875 1609 2944 τρία
1642 2874 1813 2929 ταῦτα

219 2972 319 3026 τὸν
356 2970 655 3040 σύνδεσμον
685 2971 902 3022 πάντων
930 2968 1344 3035 ὲπισφίγγοντα,
1370 2966 1462 3018 καὶ
1490 2955 1812 3035 κρατοῦντα,

225 3065 436 3127 πίστις,
470 3063 646 3124 ἐλπὶς,
677 3061 898 3128 ἀγάπη·
940 3057 1142 3127 μείζων
1175 3059 1230 3110 δὲ
1271 3059 1493 3117 τούτων,
1529 3058 1560 3125 ἡ
1602 3057 1808 3126 ἀγάπη·

1890 2027 2036 2084 funis
2066 2038 2121 2082 et
2145 2044 2173 2081 a
2209 2027 2316 2084 Deo
2373 2031 2490 2099 ipso
2518 2039 2823 2094 contextus,
2854 2039 2908 2082 et
2952 2030 3155 2098 optima
3189 2046 3252 2083 ex
3301 2030 3364 2081 iis
3397 2037 3481 2080 cst

1891 2122 2292 2187 charitas,cum
2329 2123 2472 2178 Deus
2495 2125 2736 2180 charitas
2774 2127 2843 2179 sit
2877 2134 2932 2179 et
2977 2125 3211 2188 dicatur,
3247 2141 3351 2178 non
3379 2127 3470 2189 ju-

1890 2224 2031 2267 stum
2062 2225 2206 2269 esset
2237 2232 2342 2270 non
2370 2233 2463 2285 per
2495 2233 2588 2271 eas
2631 2217 2856 2271 virtutes
2882 2217 3026 2286 quod
3045 2218 3168 2270 huic
3195 2218 3347 2286 operi
3385 2217 3478 2268 dc-

1892 2304 1964 2359 sit
1992 2304 2305 2373 adimplere.
2335 2305 2445 2361 «Eo
2481 2309 2866 2377 magis,.quod,
2901 2308 3056 2377 juxta
3088 2319 3338 2363 sanctum
3370 2305 3480 2360 lsa-

1896 2412 1958 2451 ac
1991 2396 2289 2452 multorum
2311 2398 2552 2468 Spiritus
2577 2402 2750 2455 sancti
2777 2401 3053 2455 fructuum
3085 2401 3477 2471 perfectionem

1894 2490 2092 2558 aliquis
2162 2493 2380 2562 accipit,
2440 2507 2562 2548 cum
2622 2494 2855 2563 perfecta
2909 2495 3185 2549 charitate
3264 2494 3465 2561 dignus

1898 2582 2118 2635 hahitus
2137 2593 2240 2638 est.

1966 2673 2145 2730 Pauca
2180 2677 2342 2744 igitur
2379 2689 2432 2732 et
2461 2677 2528 2734 de
2573 2693 2634 2734 ea
2679 2694 3071 2734 memoremus.
3109 2678 3314 2733 Scribit
3366 2678 3480 2732 Cl?-

1899 2782 2018 2821 max
2058 2785 2074 2822 :
2119 2786 2138 2820 ι
2169 2769 2325 2824 Nunc
2367 2781 2485 2841 post
2531 2774 2716 2826 omnia
2757 2788 2880 2842 qua:
2907 2773 3149 2826 diximus
3196 2781 3481 2825 remanent

1899 2858 1999 2913 tria
2026 2861 2139 2915 haec
2169 2863 2411 2916 omnium
2436 2864 2710 2919 vinculum
2747 2863 3175 2933 constringentia
3213 2873 3267 2915 et
3305 2862 3480 2916 domi-

1899 2954 2106 3018 nantia,
2143 2952 2276 3009 fldes
2308 2971 2520 3024 nempe,
2553 2971 2676 3024 spes
2701 2965 2754 3009 et
2779 2955 3016 3011 charitas
3044 2973 3058 3021 ;
3101 2956 3272 3025 major
3297 2965 3478 3009 autem

1903 3044 2117 3106 horum,
2150 3045 2434 3110 Charitas;
2476 3047 2721 3103 charitas
2769 3049 2916 3102 enim
2955 3047 3100 3102 Deus
3141 3047 3478 3101 nominatur.

223 3158 253 3209 ὁ
283 3155 421 3216 Θεὸς
445 3154 553 3222 γὰρ
575 3151 921 3220 ὀνομάζεται.
957 3149 1104 3219 Πλὴν
1131 3148 1327 3217 ἔγωγε,
1351 3149 1450 3217 τὴν
1476 3149 1594 3216 μὲν,
1623 3149 1816 3201 ἀκτῖνα
1904 3134 1908 3186 J

1790 3166 1816 3201 ,ι
1904 3133 2012 3205 Ego
2045 3147 2249 3199 tamen.
2290 3152 2455 3191 unam
2498 3140 2741 3208 quidem,
2783 3148 2841 3193 ut
2874 3141 3088 3193 radium
3127 3140 3304 3202 video,
3337 3139 3475 3192 alte-

221 3245 359 3315 όρῶ,
389 3245 490 3313 τὴν
517 3244 593 3305 δὲ,
619 3243 754 3311 φῶς,
781 3240 876 3312 τὴν
901 3241 980 3302 δέ,
1006 3239 1222 3304 κύκλον,
1244 3240 1419 3293 πάντα
1448 3239 1525 3304 δὲ,
1559 3240 1617 3291 ἓν
1642 3240 1869 3319 ἀπαύοο

1798 3265 1869 3319 -C
1908 3239 2048 3284 ram,
2086 3225 2289 3290 lumen,
2320 3229 2534 3282 tertiam
2559 3236 2741 3281 autem
2774 3228 3071 3290 circulum,
3109 3240 3298 3278 omnes
3329 3240 3478 3286 vero,

224 3354 443 3405 γασμα,
485 3335 580 3387 καὶ
619 3335 750 3403 μίαν
799 3333 1185 3402 λαμπρότητα.
1233 3332 1295 3383 Ἠ
1342 3332 1441 3401 μὲν
1487 3333 1592 3401 γὰρ
1643 3317 1868 3386 πάντα-

1795 3350 1818 3385 ι
1842 3317 1868 3319 ⁷
1910 3333 2075 3371 unum
2111 3318 2377 3388 fulgorem
2404 3331 2458 3375 et
2481 3321 2850 3386 splendorem.
2899 3317 3014 3372 Una
3049 3319 3269 3388 quidem
3301 3321 3480 3370 omnia

224 3426 457 3479 δύναται
503 3428 676 3478 ποιεῖν
715 3427 807 3476 καὶ
849 3424 1221 3494 δημιουργεῖν,
1269 3422 1368 3491 τὴν
1400 3423 1455 3474 δέ
1490 3423 1637 3486 ἔλεος
1683 3423 1818 3476 Θεοῦ

1794 3423 1818 3476 5
1917 3421 2095 3479 potest
2145 3414 2325 3468 facere
2352 3423 2407 3468 et
2443 3413 2657 3483 operari
2693 3430 2706 3477 ;
2770 3412 3066 3467 secundam
3104 3407 3479 3464 misericordia

225 3514 581 3582 περικυκλοῖ,
639 3514 734 3566 καὶ
774 3510 1206 3578 ἁκαταίσχυντον
1256 3509 1421 3569 ποιεῖ,
1472 3510 1502 3577 ἡ
1547 3510 1600 3560 δὲ
1632 3509 1690 3560 ού
1732 3508 1820 3559 πί-

230 3623 383 3666 πτει,
414 3604 535 3656 ούδὲ
590 3603 780 3671 στήκει
810 3600 904 3653 τοῦ
937 3599 1100 3660 θέειν,
1135 3598 1255 3651 ούδὲ
1285 3599 1375 3650 τὸν
1402 3597 1677 3663 τρωθέντα
1709 3598 1818 3649 λοι⁴

227 3695 332 3747 πὸν
367 3695 599 3762 ἠρεμεῖν
626 3692 724 3761 τῆς
758 3690 1035 3761 μακαρίας
1093 3688 1286 3755 μανίας
1315 3688 1397 3757 ἐᾷ.
1443 3706 1460 3738 ι
1493 3688 1610 3739 Ἔτι
1633 3702 1647 3717 ⁸
1692 3707 1707 3738 ι
1761 3686 1820 3739 '0

230 3786 366 3857 περὶ
404 3785 628 3852 ἀγάπης
658 3784 836 3850 λόγος,
870 3783 1126 3849 ἀγγέλοις
1178 3779 1475 3849 γνώριμος,
1526 3778 1816 3842 κάκείνοις,

228 3877 380 3930 κατὰ
427 3875 524 3945 τὴν
575 3874 858 3942 ἐνέργειαν
892 3874 986 3941 τῆς
1041 3871 1378 3940 ἐλλάμψεως,
1413 3871 1600 3938 ἀγάπη
1635 3871 1662 3921 6
1690 3870 1823 3933 Θεός

229 3971 408 4021 ἐστιν.
472 3966 532 4018 Ὃ
589 3967 712 4034 ὅρον
768 3967 822 4017 δὲ
879 3965 1070 4017 τούτου
1127 3963 1306 4030 λέγειν
1365 3962 1704 4031 βουλόμενος,
1764 3965 1821 4015 ἐν

227 4059 462 4128 deum,»
504 4058 835 4125 τυφλώττων
880 4055 977 4124 τὴν
1031 4055 1257 4124 ψάμμον
1310 4057 1518 4123 μετρεῖ.
1587 4054 1821 4124 Ἀγάπη,

230 4152 376 4204 κατά
425 4151 522 4217 μὲν
570 4150 668 4216 τὴν
726 4148 1010 4215 ποιότητα,
1059 4148 1318 4216 ὁμοίωσις
1374 4145 1531 4208 Θεοῦ,
1591 4144 1820 4198 καθόσον

228 4241 460 4311 δφικτδν
507 4240 748 4310 βροτοῖς·
788 4239 929 4290 κατά
970 4239 1025 4290 δὲ
1079 4238 1381 4308 ἐνέργειαν,
1439 4237 1576 4307 μέθη
1607 4237 1822 4306 ψυχῆς⁶

231 4336 376 4388 κατά
420 4334 476 4386 δὲ
508 4333 607 4402 τὴν
647 4332 906 4400 ἰδιότητα,
944 4331 1094 4398 πηγὴ
1147 4330 1403 4390 πίστεως,
1441 4329 1678 4390 ἄϐυσσος
1717 4347 1824 4398 μα-

230 4423 576 4495 κροθυμίας,
611 4422 854 4474 θάλασσα
895 4420 1296 4483 ταπεινώσεως.
1341 4421 1558 4491 Ἀγὰπη
1586 4423 1701 4474 ἐστὶ
1733 4440 1829 4474 κυ-

237 4515 373 4585 ρίως
431 4513 696 4574 ἀπόθεσις
739 4514 1000 4574 παντοίας
1047 4511 1294 4574 ἐναντίας
1329 4511 1535 4572 ἐννοίας
1557 4553 1570 4575 ,
1603 4512 1760 4580 εῖπερ
1793 4514 1828 4579 ἡ

1910 3501 1998 3555 Dei
2021 3502 2390 3559 circumdatet
2414 3519 2518 3557 non
2540 3504 2799 3558 confundi
2825 3503 2986 3568 sinit;
3020 3502 3178 3554 tertia
3203 3513 3476 3566 nunquam

1908 3593 2110 3657 deficit,
2163 3611 2340 3663 neque
2378 3612 2602 3651 currere
2637 3596 2865 3659 desinit,
2915 3609 3091 3663 neque
3144 3609 3271 3647 eum
3316 3607 3476 3661 quem

1910 3687 2283 3753 vulneravit,a
2340 3690 2501 3744 beato
2553 3689 2643 3743 illo
2683 3689 2880 3743 ardore
2923 3689 3208 3756 quiescere
3263 3686 3409 3740 sinit.
3461 3704 3477 3731 ι

1910 3775 1974 3828 Ει
2001 3776 2216 3831 adhuc:
2268 3797 2285 3828 ι
2320 3776 2508 3833 Sermo
2543 3780 2609 3833 de
2640 3779 2927 3844 charitate,
2962 3777 3171 3847 angelis
3207 3786 3389 3839 notus,
3433 3787 3484 3830 et

1909 3869 2015 3923 illis
2059 3885 2152 3936 per
2181 3870 2602 3926 illuminatiouis
2628 3873 2910 3935 virtutem,
2942 3869 3183 3925 charitas
3211 3868 3355 3922 Deus
3380 3880 3481 3923 cst.

1909 3960 2010 4026 Qui
2034 3961 2179 4016 illius
2209 3964 2501 4017 terminum
2530 3965 2645 4018 vult
2668 3966 2873 4027 dicere,
2896 3979 3074 4019 caecus
3098 3973 3180 4018 est
3207 3964 3260 4016 in
3285 3963 3485 4032 abysso

1910 4067 2133 4107 arenam
2168 4053 2420 4108 metiens.
2447 4054 2722 4120 Charitas,
2751 4070 2851 4125 pro
2883 4055 3000 4123 ejus
3029 4056 3308 4124 qualitate,
3337 4055 3488 4108 simi-

1911 4144 2080 4198 litudo
2111 4159 2235 4199 cum
2269 4144 2380 4198 Deo
2409 4155 2510 4209 est,
2568 4158 2836 4215 quantum
2872 4146 3199 4201 mortalibus
3228 4148 3488 4200 accedere

1909 4240 1974 4292 ad
2002 4253 2125 4292 eum
2152 4238 2308 4302 licet;
2341 4254 2436 4307 pro
2475 4238 2697 4304 virtute,
2731 4241 2928 4295 anima:
2962 4249 3046 4294 est
3074 4240 3312 4294 ebrietas
3342 4256 3356 4303 ;
3396 4255 3484 4294 so-

1909 4331 2146 4385 cundmn
2202 4329 2613 4399 proprietatem,
2653 4331 2776 4385 fons
2824 4343 2908 4385 est
2956 4331 3190 4394 fiducia‘,
3234 4331 3488 4399 longani-

1912 4422 2118 4476 mitatis
2174 4422 2428 4492 abyssus,
2488 4423 2818 4478 humilitatis
2873 4439 3046 4479 mare.
3088 4424 3344 4478 Charitas
3398 4435 3482 4477 est

1913 4531 2038 4570 vere
2080 4514 2326 4583 cujusvis
2396 4517 2688 4570 contraria:
2730 4517 3077 4586 cogitationis
3111 4517 3372 4584 repulsio,
3410 4517 3484 4570 si-

231 4609 454 4677 ἀγάπη,
478 4606 539 4657 οὑ
563 4605 841 4672 λογίζεται
869 4605 929 4656 τὸ
959 4604 1144 4656 κακόν.
1187 4603 1422 4669 Ἀγάπη,
1455 4604 1546 4656 καὶ
1571 4604 1825 4670 ἀπάθεια,
1847 4620 1888 4676 D

1802 4620 1888 4676 ,υ
1916 4611 2134 4677 quidem
2175 4609 2414 4663 charitas
2460 4625 2567 4663 non
2615 4611 2819 4678 cogitat
2856 4611 3084 4664 malum.
3122 4609 3400 4675 Charitas,
3432 4620 3487 4664 et

235 4704 334 4757 καὶ
361 4700 511 4754 υίοθε
522 4703 633 4764 σία,
653 4703 763 4759 τοῖς
782 4700 1005 4769 ὀνόμασι
1023 4699 1358 4767 διακρίνεται
1380 4699 1579 4766 μόνοις,
1598 4699 1670 4759 ῶς
1688 4701 1825 4767 φῶς,

237 4795 338 4849 καὶ
367 4793 504 4863 πῦρ,
533 4794 628 4845 καὶ
659 4791 814 4859 φλὸξ,
855 4793 932 4853 εἰς
961 4791 1090 4860 μίαν
1118 4790 1503 4861 συντρέχουσιν
1528 4791 1824 4860 ἐνέργειαν,

232 4886 396 4940 οὕτω
422 4885 518 4937 καὶ
546 4887 675 4953 περὶ
722 4885 929 4935 τούτων
969 4899 1059 4950 μοι
1097 4883 1229 4935 νόει.
1273 4901 1288 4932 ι
1325 4883 1431 4935 Καὶ
1465 4883 1492 4934 6
1527 4883 1679 4950 ἅγιος
1706 4886 1828 4939 Διά-

234 4981 426 5049 δοχος·
464 4996 482 5029 ι
522 4978 708 5044 ῐΙάσης
743 4975 1139 5044 πνευματικῆς,
1173 4975 1390 5044 ἀδελφοὶ
1413 4977 1673 5045 ,ἡγείσθω
1695 4977 1828 5030 θεω-

237 5071 391 5143 ρίας,
421 5069 623 5131 πίστις,
642 5069 818 5142 ἐλπὶς,
846 5068 1060 5135 ἀγάπη·
1082 5067 1246 5118 πλέον
1267 5067 1322 5119 δὲ
1345 5069 1374 5135 ἡ
1402 5068 1610 5137 ἀγάπη.
1635 5068 1699 5120 Αἱ
1731 5069 1830 5136 μὲν

239 5163 376 5232 γὰρ,
403 5161 772 5230 καταφρονεῖν
790 5158 899 5210 τῶν
925 5158 1216 5228 ὁρωμένων
1234 5158 1609 5212 ἐκδιδάσκουσι
1630 5159 1827 5225 καλῶν,

238 5257 272 5322 ἠ
299 5255 358 5305 δὲ
395 5253 614 5320 ἀγάπη,
642 5252 815 5318 αὐτὴν
841 5249 1102 5302 συνάπτει
1129 5249 1228 5318 τὴν
1257 5250 1435 5319 ψυχὴν
1467 5253 1585 5314 ταῖς
1613 5251 1831 5322 ἀρεταῖς

241 5344 340 5398 τοῦ
395 5342 555 5403 Θεοῦ,
608 5341 860 5409 αἰσθήσει
903 5341 1096 5410 νοερᾷ,
1142 5340 1230 5391 τὸν
1286 5341 1516 5409 ἀόρατον
1566 5343 1700 5393 θεὸν
1747 5343 1832 5408 ἐξ·

241 5436 556 5506 ιχνεύουσα.
597 5453 613 5482 ι
658 5434 776 5485 Ἔτι
804 5450 816 5463 ο
857 5450 874 5481 ι
924 5431 1089 5500 ’Λλλη
1128 5434 1334 5499 ἐστὶ.νὴ
1373 5431 1559 5499 ἀγάπη
1587 5432 1684 5501 τῆς
1729 5433 1831 5501 dm-

242 5529 350 5599 χῆς
381 5529 415 5596 ἡ
462 5526 700 5595 φυσικὴ,
739 5526 833 5577 καὶ
858 5524 1012 5590 άλλη,
1042 5527 1073 5592 ἡ
1111 5525 1174 5575 ἐκ
1210 5522 1302 5574 τοῦ
1334 5523 1489 5590 ἀγίου
1521 5523 1834 5593 Πνεῦματος

244 5622 386 5688 αύτῇ
424 5617 850 5687 προσγινομένη-
895 5616 955 5666 Ἦ
995 5615 1093 5682 μὲν
1125 5616 1251 5682 ’δ’ἀρν
1305 5616 1366 5664 ἐκ
1403 5615 1499 5681 τῆς
1536 5615 1832 5684 mutam"

245 5714 335 5765 ὅτε
373 5710 626 5778 θέλομεν,
677 5706 1007 5776 συμμέτρως
1044 5709 1271 5756 κινεῖται
1311 5705 1604 5775 θελήσεως,
1645 5707 1833 5774 διόπερ

246 5804 345 5854 καὶ
375 5800 622 5868 εὐχερῶς
653 5798 760 5850 ὑπὸ
787 5797 895 5847 τῶν
932 5795 1184 5862 πονηρῶν
1211 5795 1536 5860 πνευμάτων
1568 5795 1725 5864 ἡνίκα
1759 5797 1834 5865 μὴ

249 5893 342 5962 βία
393 5888 692 5961 κρατῶμεν
729 5890 828 5957 τῆς
886 5886 1094 5939 ἑαυτῶν
1145 5884 1546 5953 προαιρέσεως,
1605 5884 1834 5953 διαρπά-

1915 4701 2285 4770 tranquillitas
2331 4701 2398 4755 ab
2432 4701 2736 4766 affectibus,
2786 4712 2841 4757 et
2878 4704 3119 4772 adoptio,
3172 4704 3487 4757 nominibus

1917 4794 2048 4847 solis
2088 4793 2498 4859 discernuntur,
2536 4804 2592 4847 ut
2625 4794 2830 4857 lumen,
2869 4803 2922 4848 et
2961 4795 3122 4863 ignis,
3158 4806 3211 4850 et
3242 4795 3480 4860 flamma,

1919 4887 1971 4939 in
2003 4901 2164 4939 uuam
2197 4896 2533 4940 concurrunt
2561 4884 2881 4940 efficaciam.
2927 4884 3002 4939 Ita
3048 4886 3180 4939 mihi
3212 4888 3279 4940 de
3308 4887 3374 4940 iis
3403 4888 3484 4939 vi-

1918 4979 2096 5032 detur.
2130 4996 2148 5028 ι
2209 4977 2270 5030 Et
2309 4993 2531 5031 sanctus
2580 4977 2930 5030 Diadochus:
2979 4995 2996 5027 ι
3039 4975 3273 5030 Omnem
3321 4975 3485 5044 spiri-

1921 5071 2145 5135 tualem,
2203 5070 2420 5133 fratres,
2473 5069 2998 5139 contemplationem
3041 5070 3275 5137 dirigant
3329 5069 3484 5128 fides.

1919 5175 2068 5229 spes,
2118 5159 2398 5225 Charitas,
2453 5161 2689 5214 maxime
2740 5167 2920 5212 autem
2959 5159 3224 5213 Charitas.
3273 5159 3490 5213 Priores

1917 5253 2138 5321 quidem
2195 5252 2425 5305 visibilia
2464 5254 2604 5305 bona
2652 5252 2934 5319 dispicere
2967 5251 3200 5313 docent;
3247 5253 3491 5307 charitas

1923 5361 2050 5399 vero
2069 5347 2362 5400 virtutibus
2389 5346 2476 5399 Dei
2502 5347 2738 5398 animam
2763 5343 3007 5414 adaptat,
3031 5345 3299 5413 spirituali
3326 5361 3488 5399 sensu

1923 5438 2252 5492 lnvisibilem
2288 5437 2454 5490 Deum
2491 5438 2845 5504 investigans.
2885 5455 2902 5487 ι
2945 5435 3008 5488 Ει
3040 5437 3260 5489 adhuc:
3297 5457 3313 5487 ι
3360 5438 3482 5491 Alia

1919 5539 2004 5580 est
2034 5527 2276 5580 charitas
2306 5527 2501 5579 anima:
2533 5525 2820 5584 naturalis,
2891 5535 2906 5576 t
2938 5526 3040 5577 alia
3065 5539 3185 5593 quae
3205 5542 3264 5578 ea
3298 5538 3491 5580 sancto

1925 5621 2127 5688 Spiritu
2162 5621 2213 5672 in
2244 5619 2361 5687 ipsa
2393 5615 2640 5669 efficitur.
2678 5618 2794 5669 Alia
2818 5617 2982 5678 enim,
3011 5629 3221 5680 nostra,
3250 5634 3372 5669 cum
3402 5635 3491 5673 vo-

1925 5713 2128 5773 lumus,
2179 5711 2461 5763 voluntate
2524 5711 2800 5761 moderate
2835 5709 3128 5771 excitatur,
3166 5719 3218 5760 et
3283 5708 3491 5761 idcirco

1926 5803 2080 5857 facile
2111 5818 2138 5855 a
2173 5802 2329 5854 malis
2361 5801 2664 5867 spiritibus,
2700 5802 2917 5869 quando
2971 5816 3075 5852 non
3108 5802 3375 5854 violenter
3401 5819 3493 5852 no-

1922 5904 2089 5947 stram
2126 5892 2461 5945 voluntatem
2502 5890 2790 5953 vincimus,
2824 5887 3113 5958 abripitur.
3162 5888 3279 5954 Alia
3308 5897 3490 5941 autem
