4266 6450
717 425 818 486 ’Ῑθι

1579 409 1929 474 CALLISTI
1956 406 2052 466 ET
2099 395 2397 462 lGNATll
2445 385 3137 451 XANTHOPULORUM

3875 375 3982 440 792

723 544 858 596 adeo
890 543 1128 595 animam
1167 537 1408 592 incendit
1471 536 1535 589 ad
1566 534 1659 589 Dei
1695 544 1961 592 amorem,
1994 533 2055 579 ut
2100 535 2293 576 omnes
2328 524 2367 575 Λ
2408 516 2506 579 ζετι

2359 546 2367 571 ι
2408 516 2560 579 ζεται
2587 531 2601 546 ·
2635 515 2668 583 ἠ
2709 514 2788 579 δὲ,
2838 513 3092 568 τοσοῦτον
3141 514 3351 568 ἐκκαίει
3383 515 3480 585 τὴν
3514 516 3689 584 ψυχὴν
3721 514 3858 586 πρὸς
3885 518 3983 586 τὴν

720 635 918 688 anima:
949 642 1128 701 partes
1156 628 1414 683 ineiiabili
1451 627 1620 681 divini
1655 623 1914 678 desiderii
1958 614 2300 671 excellentiae

722 727 1035 780 adune'ntur
1063 723 1116 776 in
1142 724 1408 776 immensa
1456 718 1692 788 quadam
1721 710 2091 782 simplicitatis
2120 709 2300 775 dispo-

723 821 942 875 sitione.
973 817 1187 872 Referta
1210 817 1352 869 enim
1385 811 1653 882 spirituali
1681 810 1880 862 virtute
1909 820 2082 864 mens.
2110 817 2300 871 quem-

725 915 850 966 dam
911 909 1198 965 charitatis
1249 924 1312 960 ac
1372 905 1572 961 laetitiae
1628 902 1833 956 fontem
1890 898 2110 954 emittit.
2157 913 2174 945 ι
2236 893 2302 946 Ει

724 1012 948 1057 sanctus
970 1001 1155 1054 Isaac:
1201 1018 1218 1050 ι
1251 998 1506 1052 Charitas
1531 1010 1652 1065 quae
1687 1009 1751 1047 ex
1775 989 2106 1062 quibusdam
2137 987 2302 1040 rebus

727 1093 977 1153 eliieitur,
1026 1102 1108 1145 est
1154 1102 1410 1158 tanquam
1467 1103 1632 1157 parva
1663 1087 1888 1140 lucerna
1914 1083 2034 1136 oleo
2070 1081 2298 1142 nutrita,

725 1197 779 1240 et
825 1185 903 1238 sic
940 1185 1105 1236 alitur
1129 1182 1249 1251 ejus
1302 1182 1510 1244 lumen,
1547 1190 1641 1233 aut
1683 1188 1941 1245 tanquam
1973 1185 2190 1228 torrens
2236 1187 2300 1224 ex

730 1276 908 1344 pluria
940 1290 1128 1337 ruens,
1157 1273 1313 1340 cujus
1344 1270 1547 1325 ﬂuetus
1577 1277 1815 1331 cessant,
1851 1266 1942 1320 tibi
1975 1264 2160 1318 delicit
2186 1277 2305 1331 qua:

727 1383 824 1422 eos
874 1366 1127 1436 producit
1179 1365 1434 1418 materia.
1472 1361 1727 1417 Charitas
1791 1373 1922 1414 vero
1979 1372 2099 1427 qua:
2134 1353 2301 1408 Deum

730 1474 1009 1517 auctorem
1039 1462 1224 1526 habet,
1253 1471 1336 1517 est
1367 1470 1623 1528 tanquam
1667 1457 1791 1512 fons
1825 1457 2051 1519 saliens,
2089 1462 2144 1508 et
2167 1469 2307 1507 nun-

731 1570 895 1625 quam
937 1554 1140 1610 [luctus
1183 1555 1302 1621 ejus
1336 1554 1854 1619 interrumpuntur:
1891 1547 2006 1618 ipse
2037 1545 2181 1600 enim
2214 1560 2305 1599 so-

735 1647 819 1701 lus
841 1656 927 1702 est
960 1646 1084 1700 fons
1114 1644 1402 1700 charitatis
1429 1652 1484 1697 et
1509 1643 1628 1714 ejus
1651 1639 1974 1696 indeliciens
2000 1637 2248 1691 materia.
2282 1653 2300 1687 ι

745 1738 810 1792 Et
850 1755 1070 1792 rursum
1101 1739 1473 1805 interrogatus
1505 1748 1753 1805 quaenam
1780 1733 1850 1796 sit
1880 1730 2174 1784 multorum
2201 1727 2311 1795 spi—

736 1831 876 1886 iitus
907 1831 1183 1884 fructuum
1215 1829 1502 1899 perfectio,
1547 1827 1868 1896 respondit:
1909 1822 2169 1889 «Quando
2186 1819 2309 1890 quis

735 1927 935 1995 dignus
985 1923 1224 1993 perfecta
1288 1923 1378 1978 Dei
1434 1924 1703 1976 charitate
1761 1919 1986 1972 habitus
2038 1924 2145 1971 est.
2190 1933 2209 1967 ι
2248 1913 2313 1968 Ει

739 2020 919 2070 denuo
973 2017 1349 2083 interrogatus
1394 2016 1537 2067 unde
1567 2014 1767 2082 aliquis
1807 2010 1947 2065 sciat
1975 2025 2033 2063 se
2061 2009 2129 2061 ad
2169 2007 2313 2060 hanc

739 2113 993 2162 virtutem
1027 2109 1388 2176 processisse,
1417 2106 1592 2160 dixit:
1635 2124 1652 2155 ι
1681 2105 1813 2158 Cum
1848 2102 2108 2155 memoria
2141 2101 2232 2154 Dei
2262 2101 2312 2152 in

743 2204 863 2273 ejus
914 2203 1249 2273 cogitatione
1297 2200 1532 2255 excitata
1587 2199 1777 2260 fuerit,
1817 2197 2001 2253 statim
2050 2209 2151 2249 cor
2198 2192 2317 2260 ejus

747 2295 836 2348 Dei
863 2295 1135 2349 charitate
1162 2294 1459 2357 excitatur,
1494 2301 1548 2345 et
1576 2294 1698 2361 ejus
1724 2289 1870 2344 oculi
1908 2289 2109 2343 multas
2135 2286 2317 2341 cﬂun-

741 2389 880 2442 dunt
930 2389 1224 2458 lacrymas.
1260 2387 1413 2439 l-laue
1465 2386 1610 2440 enim
1646 2385 2102 2440 consuetudinem
2156 2381 2318 2435 habet

747 2480 1008 2544 charitas,
1060 2496 1126 2534 ex
1161 2481 1425 2532 memoria
1462 2479 1627 2546 hujus
1663 2494 1825 2547 quem
1862 2486 2007 2530 amat
2049 2476 2318 2544 lat-rymas

745 2572 996 2626 eliciendi
1033 2589 1046 2636 ;
1080 2582 1129 2625 et
1163 2573 1253 2640 qui
1284 2572 1607 2624 charitatem
1637 2571 1822 2633 habet,
1858 2583 2142 2638 nunquam
2184 2581 2213 2618 a
2237 2565 2318 2618 la-

749 2665 950 2735 crymis
1002 2663 1206 2718 deﬁcit.
1251 2661 1543 2730 Nunquam
1587 2664 1731 2715 enim
1766 2661 1839 2714 illi
1892 2662 2044 2714 deest
2089 2657 2318 2711 materia

749 2772 871 2825 qua:
902 2757 1079 2824 ipsum
1125 2755 1190 2808 ad
1230 2753 1318 2807 Dei
1356 2753 1491 2807 {erat
1535 2754 1876 2816 memoriam,
1930 2752 2000 2806 ita
2040 2759 2097 2803 ut
2129 2749 2209 2803 vel
2263 2748 2318 2801 in

749 2863 943 2901 somno
988 2862 1088 2900 suo
1112 2862 1235 2901 cmn
1263 2845 1371 2900 Deo
1401 2855 1771 2899 conversetur.
1795 2841 2147 2896 Consuetudo
2173 2840 2319 2894 enim

753 2940 1039 2994 chartiatis
1067 2947 1151 2992 est
1203 2938 1334 2992 talia
1364 2952 1523 3006 agere
1564 2947 1616 2988 et
1649 2936 1763 3005 ipsa
1817 2943 1900 2988 cst
1935 2934 2217 2986 hominum
2269 2931 2320 2984 in

751 3033 1128 3101 hujuscemodi
1197 3032 1312 3086 vita
1375 3031 1661 3101 perfectio.
1705 3047 1723 3080 ι
1763 3028 1825 3081 Ει
1860 3029 2076 3081 adhuc:
2125 3045 2143 3078 ι
2181 3024 2322 3079 Cha-

753 3126 885 3180 ritas
931 3126 1022 3179 Dei
1054 3134 1245 3178 natura
1297 3124 1473 3186 ardet,
1506 3131 1559 3176 et
1597 3121 1818 3192 quando
1865 3121 2216 3173 vehementer
2267 3118 2321 3170 in

754 3217 986 3283 aliquem
1021 3214 1231 3277 incidit,
1268 3216 1406 3268 hanc
1466 3217 1704 3268 animam
1739 3222 1889 3266 extra
1920 3226 1978 3266 se
2018 3225 2140 3265 esse
2174 3208 2321 3264 facit.
2351 3200 2506 3283 Cf“

755 3308 879 3362 Ideo
909 3322 1004 3361 cor
1030 3324 1136 3360 non
1170 3315 1345 3376 potest
1368 3320 1488 3360 eam
1515 3321 1542 3358 a
1575 3305 1843 3358 charitate
1864 3318 2028 3372 quam
2063 3300 2325 3370 percepit,

758 3401 1065 3470 sejungere,
1098 3410 1188 3453 aut
1225 3415 1340 3452 eam
1384 3408 1715 3466 temperare,
1751 3397 1843 3450 sed
1881 3410 1980 3464 pro
2008 3395 2124 3464 ejus
2155 3393 2330 3462 quali-

761 3496 888 3548 tatis
924 3495 1086 3548 modo
1111 3504 1164 3547 et
1210 3495 1261 3547 in
1310 3509 1430 3547 eam
1505 3492 1921 3561 superveniente
1950 3487 2241 3550 charitate,
2277 3488 2329 3538 in

762 3602 824 3640 ea
869 3595 1093 3655 apparet
1143 3587 1360 3640 insolita
1387 3585 1698 3640 conversio.
1749 3584 1816 3636 Et
1851 3585 1963 3635 haec
1997 3591 2124 3636 sunt
2153 3579 2329 3634 sensi-

764 3679 888 3732 bilia
913 3679 1030 3746 ejus
1067 3678 1255 3748 signa:
1294 3678 1350 3732 fit
1385 3678 1622 3732 hominis
1657 3680 1838 3730 vultus
1875 3677 2084 3744 igneus,
2125 3673 2280 3726 laetus
2313 3711 2327 3734 ,

764 3782 819 3826 et
873 3789 1071 3842 corpus
1121 3773 1241 3842 ejus
1282 3773 1482 3837 caleﬁt,
1540 3773 1608 3825 ab
1661 3787 1727 3824 eo
1765 3770 1928 3823 timor
1977 3767 2220 3830 recedit;
2277 3775 2333 3818 ut

769 3879 956 3918 amens
987 3864 1238 3928 elIicitur,
1277 3874 1510 3918 mortem
1553 3879 1675 3932 quae
1707 3873 1813 3916 tam
1841 3859 2112 3914 horrenda
2142 3869 2246 3922 est,
2278 3868 2336 3911 ut

767 3957 1009 4010 laetitiam
1053 3955 1236 4018 habet,
1286 3967 1339 4009 et
1378 3970 1658 4022 nunquam
1708 3953 1906 4006 mentis
1938 3950 2057 4018 ejus
2093 3957 2336 4002 contem-

769 4049 934 4118 platio
964 4063 991 4102 a
1024 4049 1324 4102 cmlestium
1358 4047 1686 4115 cogitatione
1712 4043 2071 4098 defectionem
2101 4042 2337 4109 patitur;

769 4150 822 4195 et
845 4142 1042 4194 absens
1065 4150 1322 4209 tanquam
1361 4153 1620 4208 praesens,
1650 4144 2028 4195 conversatur,
2061 4149 2090 4185 a
2117 4132 2336 4185 neruine

775 4235 944 4289 visus.
979 4235 1216 4289 Scientia
1268 4233 1388 4301 ejus
1413 4247 1474 4285 ac
1517 4233 1648 4285 visio
1681 4228 1943 4282 naturalis
1991 4233 2340 4294 praetereunt,

776 4342 952 4397 neque
989 4326 1321 4381 sensibiliter
1354 4333 1561 4377 motum
1589 4337 1750 4376 suum
1804 4317 2195 4374 animadvertit
2230 4331 2337 4382 quo

775 4422 829 4472 in
865 4419 1028 4473 rebus
1066 4427 1332 4471 movetur.
1371 4415 1433 4468 Iit
1461 4415 1506 4469 si
1550 4414 1679 4482 quid
1713 4424 1856 4482 agat,
1893 4427 2000 4463 non
2034 4408 2086 4461 id
2117 4408 2343 4459 omnino

779 4513 964 4576 sentit,
999 4520 1233 4564 mentem
1263 4509 1469 4563 habens
1506 4509 1556 4560 in
1591 4510 1690 4560 hac
1722 4502 2183 4570 contemplatione
2243 4498 2349 4551 llu-

773 4617 1075 4668 ctuantem,
1107 4616 1160 4658 et
1213 4603 1376 4672 hujus
1406 4603 1662 4672 cogitatio
1694 4614 1902 4667 semper
1937 4612 2060 4651 cum
2101 4595 2206 4648 alio
2240 4595 2339 4647 ali-

779 4716 889 4770 quo
915 4700 1266 4768 colloquitur.
1303 4697 1415 4750 llac
1457 4693 1727 4763 spirituali
1775 4693 2038 4746 ebrietate
2062 4689 2201 4743 ebrii
2229 4688 2349 4740 fue-

784 4800 910 4844 runt
933 4791 1060 4844 olim
1087 4787 1315 4858 apostoli
1343 4797 1392 4840 et
1422 4797 1723 4856 martyres;
1752 4793 1805 4837 et
1826 4784 1915 4837 alii
1947 4782 2165 4850 quidem
2192 4795 2353 4832 mun-

781 4886 910 4938 dum
950 4886 1266 4936 universum
1305 4889 1709 4948 percurrentes,
1759 4878 2094 4938 laborantes,
2133 4870 2352 4942 injuriis

782 4973 1032 5038 onerati;
1086 4972 1179 5026 alii
1219 4988 1366 5036 vero,
1405 4972 1656 5024 laceratis
1685 4968 1969 5033 membris,
2025 4966 2354 5036 sanguinem

787 5083 944 5119 suum
983 5065 1294 5119 elIuderunt
1323 5073 1581 5131 tanquam
1612 5077 1833 5129 aquam,
1867 5070 1922 5115 et
1948 5059 2220 5114 horrenda
2256 5073 2344 5128 pa-

789 5163 1004 5221 titntes,
1042 5174 1145 5210 non
1171 5157 1512 5218 deciderunt,
1541 5160 1634 5210 sed
1660 5171 1924 5224 generose
1950 5155 2352 5210 sustinuerunt.

787 5253 852 5303 lit
921 5266 1043 5303 cum
1091 5260 1271 5303 essent
1331 5249 1631 5318 sapientes,
1688 5257 1748 5302 ut
1804 5247 2130 5315 insipientes
2189 5244 2356 5298 habiti

789 5352 938 5406 sunt,
975 5352 1029 5395 et
1060 5344 1150 5395 alii
1189 5343 1243 5395 in
1274 5343 1509 5397 desertis
1542 5351 1863 5396 erraverunt
1887 5349 1941 5395 et
1974 5340 2274 5401 montibus,
2307 5345 2362 5391 et

789 5439 846 5490 in
877 5437 1150 5504 speluncis
1202 5445 1254 5489 ct
1309 5436 1360 5488 in
1389 5438 1636 5488 cavernis
1669 5445 1849 5498 terrze,
1880 5444 1933 5488 et
1966 5435 2018 5486 in
2059 5447 2122 5486 ea
2156 5431 2361 5486 tumul—

793 5531 1039 5583 litatione
1065 5545 1169 5581 non
1217 5527 1513 5597 perturbati
1543 5530 1781 5580 fuerunt.
1817 5526 1913 5580 Det
1940 5527 2099 5580 nobis
2132 5524 2274 5578 Deus
2297 5525 2362 5576 ad

798 5626 937 5676 hanc
970 5620 1264 5674 amentiam
1292 5619 1595 5689 pervenire,

2408 607 2632 675 ἀγάπην
2667 606 2761 659 τοῦ
2804 606 2963 670 Θεοῦ,
3013 607 3153 660 ὥστε
3194 606 3370 659 πάντα
3419 608 3484 659 τὰ
3515 609 3614 676 τῆς
3662 607 3837 678 ψυχῆς
3866 610 3989 662 τότε

2411 701 2579 770 μέρη,
2632 701 2702 769 τῇ
2750 697 2844 751 τοῦ
2893 697 3041 752 θείου
3101 698 3269 751 πόθου
3321 698 3573 768 ἀλαλήτῳ
3625 698 3990 765 ἐγκολλᾶσθαι

2409 793 2764 864 χρηστότητι,
2817 793 2875 843 ἐν
2928 791 3142 861 ἀπείρῳ
3198 791 3306 844 τινὶ
3351 790 3614 861 ἁπλότητι
3671 791 3987 856 διαθέσεωςο

2409 885 2666 955 ἐγκύμων
2695 887 2803 955 γὰρ
2847 884 3034 954 ὥσπερ
3067 886 3096 936 ό
3126 883 3247 946 νοῦς
3273 885 3395 937 τότε
3426 883 3531 938 ὑπὸ
3563 885 3662 956 τῆς
3690 901 3991 954 πνευματι-

2410 978 2512 1046 κῆς
2557 977 2834 1048 ἐνεργείας
2878 977 3182 1045 γινόμενος,
3238 978 3422 1046 πηγήν
3454 993 3572 1029 τινα
3603 977 3824 1047 ἀγάπης
3853 978 3992 1029 ἀνα-

2411 1068 2598 1132 ϐλύζει
2655 1069 2749 1120 καὶ
2797 1069 2993 1138 χαρᾶς.
3060 1085 3077 1118 ι
3134 1067 3245 1120 Kal
3293 1068 3322 1120 ὁ
3355 1066 3510 1135 ἆγιος
3577 1069 3798 1121 Ἰσαάκ·
3852 1087 3872 1119 ‹
3927 1068 3991 1125 Ἡ

2411 1160 2619 1227 ἀγάπη,
2649 1161 2681 1228 ή
2711 1158 2775 1211 ἐκ
2803 1175 2962 1211 τινων
2980 1157 3238 1228 γινομένη
3266 1159 3627 1236 πραγμάτων,
3658 1159 3732 1221 ὡς
3764 1158 3992 1227 λαμπάς

2409 1253 2524 1302 ἐστι
2561 1250 2753 1320 μικρά,
2788 1251 2852 1302 ἐκ
2874 1248 2966 1301 τοῦ
2995 1249 3175 1302 ἐλαίου
3195 1248 3525 1318 τρεφομένη,
3560 1248 3656 1301 καὶ
3685 1246 3830 1300 οὕτω
3865 1265 3993 1300 συν-

2411 1337 2624 1390 ίσταται
2651 1337 2710 1389 τδ
2745 1337 2860 1406 φῶς
2884 1337 3052 1406 αὐτῆς
3077 1353 3090 1369 ⁸
3120 1337 3153 1408 ἢ
3199 1339 3292 1390 καὶ
3323 1337 3397 1398 ὡς
3426 1337 3726 1407 χείμαρρος
3761 1337 3900 1406 ῥέων
3929 1341 3994 1391 ἐκ

2405 1430 2502 1484 τοῦ
2533 1429 2713 1492 ὑετοῦ,
2757 1421 2930 1500 οὕπερ
2966 1430 3000 1499 ὴ
3051 1429 3235 1500 ῥεῦσις
3277 1428 3678 1494 καταπαύεται,
3709 1429 3810 1498 τῆς
3866 1446 3996 1481 συν-

2412 1523 2651 1592 ιστώσης
2667 1523 2830 1576 αὐτὸν
2862 1522 3010 1592 ὕλης,
3037 1521 3210 1591 λεῖψιν
3239 1520 3538 1591 παθούσης.
3567 1520 3630 1573 Ἦ
3651 1521 3838 1592 ἀγάπη
3857 1521 3936 1585 δὲ,
3955 1523 3988 1591 ή

2406 1615 2497 1668 τὸν
2527 1616 2659 1668 Θεὸν
2705 1616 2875 1668 αἴτιον
2911 1615 3125 1684 ἔχουσα,
3153 1614 3228 1676 ὡς
3257 1613 3409 1684 πηγή
3446 1615 3562 1666 ἐστι
3596 1613 3858 1684 βρύουσα,
3894 1616 3993 1666 καὶ

2407 1707 2529 1760 οὐδέ
2563 1724 2693 1760 ποτε
2719 1708 2786 1760 τὰ
2812 1707 3059 1777 ῥεύματα
3081 1706 3254 1775 αὐτῆς
3275 1706 3665 1758 ἀνακόπτεται·
3692 1706 3852 1766 αὐτὸς
3881 1706 3993 1774 γὰρ

2415 1795 2575 1866 μόνος
2621 1798 2738 1850 ἐστὶ
2771 1797 2864 1867 τῆς
2905 1798 3124 1867 ἀγάπης
3157 1797 3330 1868 πηγὴ,
3364 1798 3457 1849 xal
3487 1797 3779 1865 ἀνελλιπὴς
3819 1797 3850 1866 ὴ
3886 1794 3990 1865 ὕλη

2345 1877 2383 1932 Β
2412 1889 2600 1959 αὐτῆς.
2628 1908 2646 1940 ι
2677 1889 2783 1941 Kal
2811 1886 2964 1952 αὖθις
2992 1889 3309 1960 ἐρωτηθεὶς,
3337 1889 3461 1941 ποία
3485 1890 3684 1958 ἐστὶνὴ
3715 1887 3993 1956 τελειότης

2411 1983 2522 2038 τῶν
2569 1984 2780 2037 πολλῶν
2843 1985 3069 2055 καρπῶν
3126 1984 3220 2037 τοῦ
3284 1983 3626 2054 πνεύματος,
3683 1982 3996 2052 ἀπεκρίθη·

2421 2092 2444 2128 ι
2479 2075 2647 2128 Ὅταν
2676 2093 2759 2138 τις
2785 2077 2990 2148 ἀξιωθῇ
3023 2078 3119 2147 τῆς
3151 2075 3363 2140 τελείας
3398 2077 3618 2144 ἀγάπης
3644 2074 3740 2127 τοῦ
3773 2073 3932 2126 Θεοῦ.
3976 2092 3996 2124 ι

2410 2189 2520 2243 Kal
2570 2181 2724 2247 αὖθις
2769 2177 3080 2251 ἐρωτηθεὶς,
3115 2174 3212 2228 καὶ
3264 2173 3427 2225 πόθεν
3457 2167 3718 2237 γινώσκει
3758 2180 3863 2228 τις,
3907 2163 3990 2215 ὅτι

2410 2279 2644 2346 ἔφθασεν
2674 2275 2753 2334 είς
2779 2270 2982 2337 ταύτην
3003 2308 3017 2331 ,
3054 2266 3156 2335 ἐφη
3176 2283 3188 2294 ·
3232 2282 3249 2314 ι
3291 2263 3462 2314 Ὅταν
3492 2257 3686 2329 κινηθῇ
3730 2256 3992 2346 ήῗμνήμη

2408 2343 2501 2416 τοῦ
2534 2361 2669 2414 Θεοῦ
2700 2364 2756 2413 ἐν
2801 2360 2867 2428 τῇ
2901 2354 3112 2425 διανοίᾳ
3146 2351 3332 2416 αὐτοῦ,
3364 2349 3566 2411 εὐθέως
3595 2349 3629 2418 ἠ
3660 2344 3856 2416 καρδία
3887 2343 3989 2394 a6-

2408 2454 2525 2516 τοῦ,
2571 2453 2801 2506 κινεῖται
2833 2453 2890 2503 ἐν
2930 2451 2995 2519 τῇ
3026 2447 3217 2516 ἀγάπῃ
3248 2442 3435 2506 αὐτοῦ,
3485 2441 3580 2494 καὶ
3629 2441 3678 2491 oi
3716 2435 3993 2505 ὀφθαλμοὶ

2411 2545 2575 2600 αὐτοῦ
2607 2542 2976 2612 καταφέρουσι
3008 2540 3218 2608 δάκρυα
3248 2533 3513 2604 δαψιλῶς·
3550 2532 3672 2595 ἔθος
3717 2529 3824 2600 γὰρ
3873 2527 3990 2596 ἔχει

2411 2640 2443 2708 ἡ
2476 2637 2684 2706 ἀγάπη,
2735 2636 2800 2687 ἐκ
2843 2633 2942 2700 τῆς
2989 2631 3207 2702 μνήμης
3245 2626 3354 2680 τῶν
3381 2623 3704 2694 ἀγαπητῶν,
3736 2620 3996 2684 ἐξάπτειν

2413 2729 2642 2798 δάκρυα,
2666 2728 2760 2780 καὶ
2787 2724 3024 2784 τοιοῦτος
3050 2721 3147 2785 ὢν,
3175 2719 3428 2772 οὐδέποτε
3454 2717 3762 2784 ὑστερετται
3793 2714 3856 2764 ἐκ
3881 2711 3995 2763 τῶν

2413 2821 2684 2892 δακρύων.
2719 2819 2863 2871 Διότι
2895 2817 2954 2869 οὕ
2987 2815 3162 2866 λείπει
3193 2811 3342 2881 αὐτῷ
3370 2809 3455 2862 ἀεὶ
3485 2808 3585 2878 ὕλη
3622 2808 3864 2876 φέρουσα
3895 2801 3996 2856 αύ-

2416 2915 2505 2966 τδν
2530 2913 2609 2974 είς
2648 2913 2869 2978 μνήμην
2896 2907 2990 2959 τοῦ
3026 2903 3182 2968 Θεοῦ,
3217 2902 3356 2954 ὥστε
3384 2901 3478 2953 καὶ
3513 2901 3572 2952 ἐν
3599 2897 3676 2967 τῷ
3707 2897 3861 2964 ὕπνῳ
3897 2894 3998 2946 αύο

2417 3003 2530 3066 τοῦ,
2565 2999 2841 3068 συνομιλεϊ
2870 2997 2945 3062 τῷ
2968 2995 3085 3065 Θεῷ
3107 3011 3119 3024 ·
3154 2993 3273 3056 ἔθος
3304 2992 3412 3060 γὰρ
3439 2992 3506 3059 τῇ
3541 2989 3753 3058 ἀγάπῃ.
3788 2984 4000 3051 πρᾶξαι

2417 3095 2484 3146 τά
2522 3092 2765 3152 τοιαῦτα,
2805 3089 2898 3141 καὶ
2929 3086 3065 3154 αὕτη
3096 3084 3243 3137 ἐστὶν
3274 3084 3308 3154 ἠ
3337 3081 3611 3149 τελειότης
3639 3079 3748 3132 τῶν
3783 3075 4000 3145 ἀνθρώ-

2509 3201 2534 3232 ν
2557 3183 2614 3233 ὲν
2639 3182 2702 3250 τῇ
2727 3180 2836 3248 ζωῇ
2861 3178 3040 3230 αὐτῶν
3059 3176 3248 3248 ταύτῃ.
3289 3193 3307 3225 ι
3341 3175 3485 3227 Ἔτιο
3525 3191 3543 3222 ι
3590 3172 3654 3223 Ἥ
3687 3169 3876 3237 ἀγάπη
3904 3167 4002 3219 τοῦ

2419 3275 2578 3340 Θεοῦ,
2608 3273 2783 3343 θερμή
2816 3273 2931 3324 ἐστι
2960 3273 3026 3340 τῇ
3072 3269 3266 3336 φύσει,
3309 3269 3402 3320 καὶ
3431 3266 3558 3319 ὅταν
3591 3263 3848 3332 ἀμέτρως
3875 3261 4004 3312 ἐπι⁶

2422 3368 2562 3438 πέσῃ
2609 3366 2734 3425 τινὶ,
2790 3365 2934 3416 ποιεῖ
2984 3360 3197 3430 ἐκείνην
3250 3358 3347 3428 τὴν
3395 3357 3594 3427 ψυχὴν,
3643 3353 3998 3422 ἐκστατικὴν.

2423 3460 2521 3513 Διά
2551 3457 2706 3510 τοῦτο
2733 3457 2794 3508 ού
2842 3454 3061 3507 δύναται
3104 3453 3137 3523 ὴ
3179 3451 3375 3522 καρδία
3402 3448 3496 3502 τοῦ
3528 3444 3877 3515 αἰσθηθέντος
3906 3444 4003 3494 αὑ-

2422 3551 2539 3618 τῆς,
2575 3547 2822 3618 χωρῆσαι
2857 3544 3047 3614 αὐτὴν,
3079 3543 3172 3595 καὶ
3203 3540 3565 3611 καρτερῆσαι,
3606 3537 3744 3589 ἀλλά
3773 3534 3916 3588 κατά
3944 3533 4007 3585 τὸ

2426 3642 2622 3711 μέτρον
2667 3641 2766 3708 τῆς
2825 3638 3110 3700 ποιότητος
3169 3633 3263 3688 καὶ
3308 3635 3407 3701 τῆς
3471 3628 3806 3697 ἐπελθούσης
3853 3623 4009 3693 αὐτῷ

2424 3733 2664 3800 ἀγάπης,
2693 3731 2886 3798 ὁρᾶται
2925 3729 2984 3781 ἐν
3018 3725 3165 3795 αὕτῷ
3206 3723 3490 3783 ἀλλοίωσις
3540 3719 3839 3789 ἀσυνήθης.
3895 3715 4008 3768 Καὶ

2423 3824 2597 3878 ταῦτα
2624 3821 2691 3874 τὰ
2717 3822 2916 3889 σημεῖα
2942 3818 3113 3886 αὐτῆς
3143 3816 3213 3869 τά
3239 3815 3489 3884 αἰσθητά·
3517 3812 3728 3880 γίνεται
3754 3809 3816 3861 τὸ
3838 3809 4008 3878 πρόσ-

2424 3934 2571 3970 ωπον
2632 3912 2726 3966 τοῦ
2777 3910 3088 3981 ἀνθρώπου,
3145 3908 3378 3978 πυρρὸν,
3428 3903 3750 3976 περιχαρὲς,
3804 3901 3901 3954 καὶ
3947 3898 4013 3950 τδ

2429 4009 2586 4075 σῶμα
2636 4002 2801 4059 αὑτοῦ
2851 4003 3225 4072 θερμαίνεται,
3270 3997 3566 4066 ἀφίσταται
3622 3995 3718 4048 ἀπ’
3763 3990 3931 4045 αὐτοῦ
3983 3993 4014 4043 ὁ

2429 4101 2612 4170 φόὸος,
2642 4098 2736 4149 καὶ
2764 4098 2798 4166 ὴ
2830 4095 3016 4156 αἰδὼς,
3049 4092 3374 4159 καὶγίνεται
3401 4088 3475 4151 ὡς
3525 4083 3873 4144 ἐκστατικδς,
3913 4082 4014 4134 καὶ

2429 4193 2461 4261 ἠ
2504 4190 2732 4257 δύναμις
2779 4188 2812 4256 ἠ
2863 4185 3171 4252 συνάγουσα
3205 4182 3297 4235 τὸν
3326 4180 3451 4233 νοῦν
3477 4177 3668 4246 φεύγει
3720 4174 3779 4238 ἐξ
3818 4173 4014 4239 αὐτοῦ,

2430 4281 2522 4336 καὶ
2544 4280 2618 4340 ὡς
2648 4278 2866 4347 ἔκφρων
2889 4277 3120 4343 γίνεται,
3147 4275 3238 4326 τὸν
3262 4271 3493 4341 φοὸερὸν
3537 4268 3767 4321 θάνατον
3792 4268 4015 4336 ἡγεῖται

2422 4371 2627 4446 χαρὰν,
2652 4370 2746 4421 καὶ
2778 4368 3035 4420 οὐδέποτε
3073 4367 3107 4435 ἡ
3140 4364 3346 4431 θεωρία
3387 4360 3483 4414 τοῦ
3514 4361 3632 4421 νοὸς
3665 4357 3856 4422 αὑτοῦ,
3901 4357 4020 4410 δια-

2434 4459 2607 4527 κοπήν
2624 4473 2743 4508 τινα
2769 4456 2975 4526 πάσχῃ,
3004 4457 3066 4506 ἐκ
3091 4454 3188 4522 τῆς
3215 4452 3323 4504 τῶν
3354 4450 3620 4520 οὐρανίων
3652 4449 4012 4516 διανοήσεως.

2373 4550 2544 4627 DKal
2574 4546 2749 4610 ἀπὼν,
2768 4546 2843 4608 ὡς
2866 4545 3057 4615 παρὼν
3083 4543 3279 4614 ὁμιλεῖ,
3307 4543 3380 4610 μὴ
3404 4540 3681 4612 ὁρώμενος
3709 4539 3816 4592 ὑπό
3845 4554 4020 4600 τινος.

2448 4640 2509 4694 Ἥ
2541 4639 2761 4707 γνῶσις,
2800 4637 2952 4706 καὶὴ
2999 4637 3188 4705 ὅρασις
3222 4633 3387 4688 αὐτοῦ
3411 4650 3424 4662 ·
3458 4632 3818 4703 παρέρχεται,
3852 4630 3888 4699 ἡ
3917 4646 4024 4698 φυο

2439 4732 2586 4802 σικὴ,
2634 4730 2728 4783 καὶ
2762 4730 2862 4782 οὐκ
2910 4728 3222 4784 αἰσθάνεται
3275 4725 3548 4794 αἰσθητῶς
3592 4725 3695 4792 τῆς
3749 4723 4025 4792 κινήσεως

2439 4821 2625 4886 αὑτοῦ,
2679 4815 2745 4891 ἦς
2804 4821 2863 4872 ἐν
2898 4820 3012 4880 τοῖς
3065 4817 3354 4886 πράγμασι
3409 4817 3662 4867 κινεῖται.
3731 4812 3852 4865 Κάν
3913 4810 4026 4879 γάρ

2441 4913 2659 4983 πράττῃ
2703 4929 2786 4974 τι,
2824 4910 2884 4962 ού
2921 4909 3139 4970 τελείως
3190 4905 3355 4960 αὑτοῦ
3406 4904 3743 4964 αἰσθάνεται,
3801 4901 3878 4963 ὡς
3929 4901 4027 4953 τὸν

2441 5003 2566 5058 νοῦν
2613 5003 2750 5073 έχων
2801 5003 2858 5053 ἐν
2904 5003 2970 5069 τῇ
3028 4997 3231 5069 θεωρίᾳ
3281 4996 3578 5066 μετέωρον,
3608 4994 3760 5062 καὶὴ
3812 4992 4027 5044 διάνοια

2443 5095 2631 5158 αὑτοῦ,
2689 5095 2775 5147 ἀεὶ
2824 5092 2898 5155 ὡς
2949 5091 3086 5160 μετὰ
3125 5089 3284 5142 ἀλλου
3314 5087 3615 5156 ἀδολεσχεῖ.
3650 5083 3872 5152 Ταύτην
3923 5084 4029 5152 τὴν

2447 5188 2820 5262 πνευματικὴν
2854 5187 3045 5255 μέθην,
3077 5181 3455 5253 ἐμεθύσθησάν
3477 5197 3608 5233 ποτε
3636 5179 3685 5231 oi
3709 5177 4028 5244 ἀπόστολοι,

2446 5284 2539 5337 καὶ
2565 5285 2612 5335 oi
2646 5282 2937 5351 μάρτυρες,
2974 5277 3067 5329 καὶ
3106 5278 3152 5328 οἱ
3189 5274 3307 5344 μὲν,
3338 5273 3459 5325 ὅλον
3508 5271 3602 5324 τὸν
3629 5271 3836 5338 κόσμον
3881 5268 4029 5321 διελ-

2448 5376 2656 5438 θόντες,
2685 5371 3003 5431 κοπιῶντες,
3033 5368 3127 5420 καὶ
3155 5364 3562 5434 ὀνειδιζόμενοι,
3594 5361 3644 5415 oi
3672 5361 3750 5423 δὲ,
3783 5359 3854 5412 τά
3889 5361 4029 5428 μέλη

2449 5463 2947 5532 κατακοπτόμενοι,
2999 5460 3221 5528 ἐξέχεαν
3273 5457 3340 5510 τὰ
3392 5457 3604 5524 αἵματα
3647 5453 3848 5516 αὐτῶν,
3899 5453 4032 5504 ὡσεὶ

2452 5561 2616 5631 ὕδωρ,
2646 5557 2742 5610 καὶ
2765 5557 2832 5608 τὰ
2859 5553 3137 5607 δεινότατα
3170 5551 3493 5618 πάσχοντες,
3518 5547 3618 5599 οὐκ
3640 5543 4034 5615 ὠλιγώρησαν,

798 5717 933 5770 ἀλλά
963 5712 1224 5780 γενναίως
1253 5688 1570 5775 ὑπήνεγκαν
1603 5721 1616 5735 ⁸
1670 5704 1764 5759 καὶ
1791 5705 1944 5768 ὄντες
1990 5703 2165 5772 σοφοὶ,
2225 5701 2299 5763 ὡς
2332 5696 2570 5766 ἄφρονες
2601 5694 2991 5764 ἐνομίσθησαν,
3028 5693 3123 5746 καὶ
3155 5691 3306 5745 ἄλλοι
3333 5692 3392 5744 ἐν
3423 5689 3685 5761 ἐρημίαις
3720 5688 4046 5758 ἐπλανήθη-

799 5830 923 5872 σαν,
954 5809 1049 5858 καὶ
1077 5807 1251 5875 δρεσι,
1285 5803 1378 5855 καὶ
1405 5805 1461 5853 ἐν
1498 5800 1805 5868 σπηλαίοις,
1833 5801 1928 5852 καὶ
1951 5799 2069 5860 ταῖς
2099 5797 2259 5856 ὀπαῖς
2304 5793 2400 5862 τῆς
2423 5793 2548 5860 γῆς,
2575 5792 2633 5842 ἐν
2669 5787 2939 5854 ἀταξίαις,
2976 5786 3226 5840 εὔτακτοι
3250 5785 3426 5848 ὄντες.
3465 5782 3684 5846 Ταύτην
3707 5781 3808 5852 τὴν
3827 5782 4044 5846 ἄνοιαν,

799 5904 1026 5965 ἀξιώσαι
1057 5903 1198 5964 ἡμᾶς
1228 5903 1252 5950 ό
1281 5896 1410 5960 Θεὸς
1445 5896 1669 5961 φθάσαι.
1711 5912 1727 5942 ι
1914 5885 1917 5888 ’
