4266 6450
257 461 360 526 793

1478 458 1871 520 OPUSCULA
1912 459 2299 521 ASCETICA.

3411 455 3516 517 794

263 599 402 666 Περὶ
437 595 547 664 τῆς
574 596 750 664 ἁγίας
776 593 1108 666 κοινωνίας,
1139 593 1237 666 καὶ
1273 593 1400 666 τοῦ,
1428 593 1590 647 ὅσων
1612 576 1900 666 ἀπαθῶνΑ
1935 575 1948 627 λ

1828 576 1900 636 ..Α
1935 575 2008 629 De
2045 589 2230 661 sancta
2263 579 2630 666 communione
2657 593 2675 638 ς
2717 586 2764 630 et
2795 574 2933 645 quod
2961 574 3095 657 botta
3127 573 3271 655 nobis
3298 573 3513 652 prmbet,

340 661 832 748 hpIr'éfpdé‘sroc',
863 665 901 729 ’ἡ
943 661 1231 748 συνεχως,
1251 665 1402 732 μετὰ
1432 661 1715 748 καθαροῦ,
1739 665 1845 718 τοῦ

333 735 690 801 σὺνειδότος
715 736 937 800 ταύτης
960 735 1320 802 μετάληψις,
1350 735 1447 786 καὶ
1476 736 1773 788 κοινωνία.

334 850 443 919 μα’.
479 851 646 903 Οὐδὲν
672 851 729 903 δὲ
774 847 915 902 οὓτω
945 847 1080 918 πρός
1114 865 1172 900 τε
1201 847 1383 917 ψυχῆς
1429 847 1718 918 κάθαρσιν,
1755 847 1847 901 καὶ

260 944 543 1014 φωτισμὸν
562 943 701 1006 νοὸς,
716 943 809 994 καὶ
823 940 1074 1010 σώματος
1093 939 1384 1009 άγιασμὸν,
1403 941 1498 992 καὶ
1521 941 1847 1011 ἀμφοτέρων

261 1038 400 1109 πρὸς
442 1038 503 1089 τὸ
533 1035 807 1104 θειότερον
846 1031 1331 1104 μεταστοιχείωσιν
1383 1031 1478 1085 atat
1509 1032 1809 1085 ἀθανασίαν
1831 1050 1847 1067 ο

259 1128 352 1180 ναὶ
388 1125 516 1196 μὴν,
549 1128 642 1180 καὶ
671 1124 809 1194 πρὸς
847 1122 1166 1192 ἀποτροπὴν
1206 1119 1397 1173 παθῶν
1430 1121 1523 1173 καὶ
1551 1119 1844 1189 δαιμόνων,

258 1221 292 1288 ἢ
325 1218 530 1289 μᾶλλον
555 1216 902 1284 οἰκειοτέρως
932 1215 1130 1278 εἰπεῖν,
1169 1212 1302 1283 πρὸς
1333 1213 1549 1277 ἕνωσιν,
1579 1213 1672 1265 καὶ
1709 1211 1846 1264 Θεοῦ

258 1310 413 1362 Θείαν
435 1310 692 1378 ὑπερφυᾶ
707 1325 766 1361 τε
795 1306 1092 1374 συνάφειαν
1113 1305 1207 1358 καὶ
1233 1304 1558 1374 ἀνάκρασιν,
1593 1308 1848 1374 συνεργεῖ

257 1402 354 1455 καὶ
386 1400 760 1469 συμϐάλλεται
807 1399 960 1468 ἡμῖν,
997 1397 1070 1459 th;
1101 1398 1134 1466 ὴ
1163 1396 1222 1460 ἐξ
1261 1394 1587 1466 εἰλικρινοῦς
1619 1396 1847 1465 καρδίας

254 1511 317 1544 τε
352 1492 450 1544 καὶ
485 1491 804 1555 διαθέσεως,
841 1488 961 1542 κατ’
1011 1488 1232 1557 ἐφικτὸν
1280 1487 1576 1557 ἀνθρώπῳ,
1619 1486 1848 1556 συνεχὴς

260 1585 567 1655 μετάληψις
595 1586 687 1637 καὶ
713 1583 991 1647 κοινωνία,
1038 1580 1148 1633 τῶν
1182 1580 1374 1648 ἁγίων,
1418 1581 1722 1651 ἀχράντων,
1754 1579 1848 1631 καὶ

254 1676 569 1740 ἀθανάτων,
619 1677 715 1726 καὶ
755 1673 1032 1738 ζωοποιῶν
1081 1673 1428 1742 μυστηρίωνο
1464 1670 1628 1726 αὑτοῦ
1662 1687 1847 1740 φαμεν

252 1767 348 1822 τοῦ
389 1767 578 1837 τιμίου
629 1765 907 1836 σώματος,
958 1763 1052 1818 καὶ
1081 1765 1313 1833 αἵματος
1357 1762 1450 1816 τοῦ
1491 1763 1718 1832 κυρίου,
1755 1764 1844 1815 καὶ

252 1859 418 1924 Θεοῦ,
455 1861 548 1911 καὶ
581 1858 830 1927 Σωτῆρος
885 1856 1042 1928 ήμῶν
1105 1854 1280 1925 Ἰησοῦ
1312 1852 1573 1924 Χριστοῦ.
1619 1853 1719 1905 Διά
1762 1869 1846 1905 τοι

255 1950 420 2006 τοῦτο
471 1951 770 2017 ἀναγκαῖον
811 1949 888 2012 ώς
937 1947 1174 2017 μάλιστα
1209 1947 1304 2001 καὶ
1348 1948 1478 2016 περὶ
1520 1945 1712 1999 τούτου
1742 1948 1850 2001 ἀπὸ

265 2058 475 2125 σάρκα,
502 2056 596 2106 καὶ
624 2053 793 2104 πίνων
825 2067 926 2120 μου
956 2050 1018 2100 τὸ
1048 2040 1208 2116 αἷμα,
1242 2047 1296 2096 ὲν
1328 2043 1448 2111 ἐμοὶ
1486 2041 1657 2111 μένει,
1692 2039 1847 2108 κάγὼ

265 2150 326 2200 ἐν
361 2144 537 2215 αὐτῷ.
573 2141 768 2204 Καθὼς
806 2137 1094 2193 ἀπέστειλέ
1142 2152 1208 2204 με
1235 2138 1263 2187 0
1295 2132 1402 2198 ζῶν
1448 2134 1654 2201 Πατὴρ,
1692 2131 1850 2198 κάγὼ

268 2238 351 2301 ζῶ
378 2237 468 2289 διὰ
491 2236 587 2287 τὸν
631 2233 849 2300 Πατέρα
870 2247 883 2260 ·
917 2231 1010 2282 καὶ
1040 2229 1069 2280 ὁ
1101 2229 1329 2297 τρώγων
1362 2243 1450 2296 με,
1478 2227 1728 2286 κάκεῖνος
1755 2223 1849 2293 ζὴ-

269 2345 431 2382 σεται
456 2327 523 2378 δι’
555 2325 676 2393 ὲμέ.
709 2318 877 2383 0610;
905 2323 1053 2373 ἐστιν
1085 2322 1113 2372 0
1143 2319 1328 2388 ἄρτος,
1360 2319 1387 2370 0
1416 2319 1478 2369 ὲκ
1503 2315 1593 2368 τοῦ
1623 2316 1850 2386 οὐρανοῦ

268 2417 541 2480 καταϐάς·
563 2415 659 2467 καὶ
676 2418 703 2466 0
719 2413 947 2482 τρώγων
968 2428 1070 2480 μου
1095 2409 1282 2461 τοῦτον
1302 2408 1391 2460 τὸν
1413 2408 1594 2476 ἄρτον,
1628 2405 1852 2477 ζήσεται

269 2511 353 2572 εἰς
374 2513 466 2562 τὸν
486 2508 675 2560 αἰῶνα.
719 2525 736 2556 ι
770 2507 878 2558 Kal.
898 2507 925 2557 0
956 2500 1398 2575 Χριστοφόροςδὲ
1423 2499 1652 2562 Παῦλος,
1678 2499 1855 2551 τοιάδε

271 2602 473 2670 φησίν·
506 2618 526 2650 ι
574 2597 845 2665 Ἀδελφοὶ,
888 2596 998 2662 ὲγὼ
1032 2593 1338 2664 παρέλαϐον
1373 2592 1480 2644 ἀπὸ
1511 2589 1604 2644 τοῦ
1633 2590 1855 2660 Κυρίου,

270 2696 301 2748 ὃ
341 2695 439 2747 καὶ
479 2691 776 2760 παρέδωκα
830 2690 978 2758 ὑμῖν,
1018 2688 1098 2739 ὅτι
1146 2689 1173 2740 0
1203 2685 1406 2755 Κύριος
1448 2681 1678 2752 Ἰησοῦς,
1707 2683 1765 2733 ὲν
1793 2684 1858 2751 τῇ

277 2779 496 2857 νυκτὶῇ
527 2783 866 2855 παρεδὶδοτο,
895 2779 1083 2832 ἐλαϐεν
1114 2779 1296 2847 ἄρτον,
1321 2778 1413 2830 καὶ
1436 2774 1859 2856 εὐχαριστήσας,

275 2875 502 2938 ἔκλεισε,
522 2876 616 2927 xat
637 2869 758 2925 εἷπε
785 2890 798 2901 ·
831 2871 1058 2934 Λάϐετε,
1083 2871 1306 2938 φάγετε,
1329 2867 1488 2920 τοῦτό
1521 2866 1620 2936 μού
1647 2868 1763 2918 ἐστι
1799 2866 1861 2914 τὸ

279 2967 445 3036 σῶμα
471 2966 533 3018 τὸ
559 2965 698 3031 ὑπὲρ
724 2964 753 3015 ὑ
764 2964 878 3032 μῶν
909 2960 1188 3029 κλώμενον
1208 2976 1222 2989 ·
1248 2958 1406 3011 τοῦτο
1431 2959 1632 3010 ποιεῖτε
1663 2958 1742 3019 είς
1768 2956 1865 3025 τὴν

277 3058 422 3128 ἐμὴν
453 3057 778 3125 ἀνάμνησιν.
823 3053 1094 3112 Ὡσαύτως
1147 3050 1243 3104 καὶ
1289 3049 1350 3102 10
1394 3049 1672 3118 ποτήριον,
1729 3048 1867 3118 μετὰ

279 3149 344 3202 τὸ
375 3148 683 3216 δειπνῆσαι,
725 3146 926 3213 λέγων’
975 3144 1144 3196 Τοῦτο
1196 3143 1256 3195 τὸ
1291 3142 1568 3210 ποτήριον,
1621 3143 1654 3210 ἡ
1706 3139 1866 3209 καινὴ

282 3241 525 3310 διαθήκη
569 3240 740 3299 ἐστὶν,
795 3240 852 3288 ὲν
883 3235 961 3305 τῷ
1015 3236 1134 3304 ὲμῷ
1187 3233 1408 3302 αῖματι·
1467 3231 1625 3283 τοῦτο
1665 3232 1865 3282 ποιεῖτε
1882 3272 1924 3325 c

281 3335 476 3391 ὁσάκις
511 3330 577 3381 ἂν
619 3329 834 3397 πίνητε,
868 3327 947 3388 είς
977 3325 1073 3394 τὴν
1106 3324 1242 3392 ἐμὴν
1283 3322 1604 3392 ἀνάμνησιν.
1649 3321 1868 3382 Ὁσάκις

283 3425 398 3492 γὰρ
430 3421 498 3474 ἂν
535 3419 751 3489 ἐσθίητε
795 3419 888 3470 τὸν
918 3418 1080 3484 ἄρτον
1112 3415 1321 3477 τοῦτον,
1377 3415 1468 3466 καὶ
1502 3414 1563 3464 τὸ
1612 3414 1870 3481 ποτήριον

283 3514 450 3567 τοῦτο
473 3511 665 3580 πίνητε
688 3551 702 3575 ,
731 3509 822 3562 τὸν
848 3507 1078 3560 θάνατον
1100 3503 1190 3556 τοῦ
1219 3503 1424 3575 Κυρίου
1447 3503 1866 3570 καταγγέλλετε,

285 3606 451 3674 ἄχρις
470 3597 533 3655 οῦ
560 3600 625 3654 ἂν
658 3599 807 3670 ἔλθῃ.
842 3598 1027 3662 Ὥστε,
1053 3596 1110 3658 ὃς
1141 3594 1205 3648 ἂν
1236 3594 1392 3664 ἐσθίῃ
1423 3593 1512 3646 τὸν
1544 3593 1708 3662 ἄρτον
1748 3592 1870 3645 τοῦ-

285 3711 404 3757 τον,
431 3693 465 3762 ἢ
503 3691 633 3759 πίνῃ
657 3689 717 3740 τδ
751 3687 1010 3757 ποτήριον
1042 3685 1134 3737 106
1158 3684 1362 3751 Κυρίου
1401 3682 1654 3748 ἀναξίως,
1685 3683 1870 3752 ἔνοχος

286 3786 446 3836 ἔσται
488 3780 583 3832 106
637 3777 910 3848 σώματος,
959 3775 1054 3828 καὶ
1093 3775 1186 3828 106
1233 3777 1463 3844 αἵματος
1500 3773 1594 3826 τοῦ
1642 3775 1868 3845 Κυρίου.

287 3872 650 3942 Δοκιμαζέτω
696 3870 753 3923 δὲ
788 3867 1076 3937 ἄνθρωπος
1106 3867 1320 3931 ἑαυτὸν,
1347 3867 1440 3920 καὶ
1481 3864 1654 3928 οὕτως
1685 3867 1748 3918 ὲκ
1779 3865 1871 3917 τοῦ

287 3967 462 4034 ἄρτου
499 3961 746 4025 ἐσθιέτω,
781 3961 876 4012 καὶ
909 3961 972 4010 ὲκ
997 3958 1089 4011 τοῦ
1117 3957 1379 4027 ποτηρίου
1411 3957 1634 4011 πινέτω.
1681 3956 1739 4008 '0
1763 3957 1874 4026 γὰρ

289 4054 493 4108 ἐσθίων
535 4054 633 4104 καὶ
670 4053 840 4104 πίνων
873 4049 1126 4115 ἀναξίως,
1162 4052 1337 4118 κρῖμα
1368 4049 1545 4118 ἑαυτῷ
1583 4047 1750 4101 ἐσθίει
1781 4050 1874 4102 καὶ

294 4143 463 4207 πίνει,
500 4143 577 4212 μὴ
607 4141 899 4210 διακρίνων
931 4141 992 4193 τὸ
1023 4140 1181 4207 σῶμα
1209 4140 1302 4193 τοῦ
1339 4140 1566 4210 Κυρίου.
1595 4143 1690 4193 Διὰ
1715 4141 1874 4192 τοῦτο

301 4243 506 4314 μέρους
533 4242 831 4305 διαλαϐεῖν,
857 4243 951 4293 καὶ
979 4242 1055 4310 τῷ
1087 4240 1275 4307 τοιῷδε
1311 4240 1565 4303 συντάξαι
1589 4241 1884 4311 πονήματι,

295 4337 396 4388 καὶ
419 4333 565 4386 οὕτω
591 4333 764 4403 πέρας
787 4333 967 4385 δοῦναι
993 4331 1069 4399 τῷ
1102 4331 1266 4401 λόγῳ.
1306 4333 1414 4384 Καὶ
1443 4330 1602 4384 τοῦτο
1641 4331 1771 4400 γοῦν
1795 4331 1887 4402 δῆ-

2013 651 2276 730 continua.
2312 649 2470 717 hujus
2512 664 2631 700 cum
2681 643 2815 715 pura
2864 645 3185 700 conscientia
3213 643 3436 706 receptio
3466 652 3513 694 et

2009 733 2120 770 com
2131 735 2330 772 munto.

2010 851 2101 906 91.
2134 850 2280 905 Nihil
2326 852 2513 921 utique
2539 851 2603 904 ad
2635 849 2830 904 animae
2865 848 3242 917 purgationem
3281 854 3330 900 et
3366 858 3516 898 men-

1943 941 2011 998 tis
2055 941 2511 996 illuminationem
2541 951 2594 996 et
2625 939 2872 1009 corporis
2920 936 3409 992 sanctiﬁcationem
3462 945 3520 986 et

1939 1034 2229 1089 amborum
2278 1033 2344 1087 ad
2407 1032 2576 1086 Deum
2635 1029 3048 1086 translationem
3129 1025 3517 1080 immortalita-

1941 1132 2158 1195 temque
2185 1126 2259 1180 ita
2286 1124 2532 1188 confert;
2560 1123 2670 1177 imo
2701 1138 2828 1177 vero
2854 1129 2908 1175 et
2938 1120 3002 1174 ad
3032 1117 3392 1188 cupiditatum
3417 1119 3521 1172 da!-

1943 1231 2279 1286 mooumque
2315 1216 2707 1286 repulsionem,
2770 1222 2886 1276 aut,
2924 1221 2983 1266 ut
3017 1212 3197 1281 aptius
3226 1210 3426 1275 dicam,
3454 1211 3522 1264 ad

1944 1310 2203 1363 unionem
2262 1317 2317 1364 et
2380 1307 2850 1378 supernaturalem
2895 1321 3016 1359 cum
3044 1304 3158 1358 Deo
3188 1301 3526 1370 conjunctio-

1945 1401 2070 1461 nem
2103 1415 2157 1460 et
2180 1404 2590 1465 immistionem,
2647 1401 2780 1456 nihil
2815 1401 2885 1455 ita
2926 1401 2978 1454 in
3013 1401 3170 1455 nobis
3202 1408 3529 1466 cooperatur

1945 1509 2000 1555 et
2035 1499 2354 1561 auxiliatur,
2411 1509 2468 1549 ut
2512 1496 2773 1549 continua
2825 1503 3169 1553 sanctorum,
3217 1489 3523 1545 mundissi-

1947 1606 2185 1655 morum,
2236 1587 2647 1653 immortalium,
2705 1585 3048 1640 vivillcorum
3131 1583 3520 1653 mysteriorum

1948 1680 2192 1745 receptio
2227 1693 2290 1732 ac
2336 1677 2672 1740 communio,
2725 1689 2850 1730 cum
2899 1688 3040 1743 puro
3076 1672 3245 1728 corde
3272 1686 3336 1726 ac
3379 1680 3529 1724 recta

1949 1773 2328 1840 dispositione,
2361 1767 2626 1838 quantum
2657 1767 2859 1822 homini
2898 1765 3158 1836 possibile
3185 1775 3292 1827 est,
3327 1763 3527 1832 ipsius.

1948 1864 2207 1927 dicimus,
2248 1863 2547 1917 venerandi
2603 1859 2853 1929 corporis
2892 1866 2947 1913 et
2993 1856 3277 1925 sanguinis
3313 1854 3526 1907 Domini

1951 1965 2004 2010 et
2039 1953 2134 2010 Dei
2188 1964 2241 2009 et
2294 1953 2602 2009 Salvatoris
2648 1951 2826 2005 nostri
2859 1947 3248 2004 Jesu-Christi.
3298 1944 3531 2013 Ideoque

1952 2046 2323 2099 necessarium
2352 2054 2433 2097 est
2474 2050 2531 2095 ut
2558 2051 2612 2095 et
2638 2041 2704 2096 de
2737 2054 2801 2094 eo
2851 2037 3114 2092 nonnulla
3165 2047 3532 2104 exponamus.

1949 2150 2004 2194 et
2054 2140 2180 2194 huic
2235 2155 2378 2194 cura:
2432 2148 2644 2206 tempus
2702 2134 3106 2205 impendamus,
3177 2132 3372 2202 sicque
3429 2142 3535 2187 ter-

1950 2232 2154 2285 minum
2187 2240 2370 2285 nostro
2404 2230 2636 2285 sermoni
2671 2229 3040 2297 imponamus.

2025 2325 2199 2392 Atque
2229 2322 2282 2377 id
2321 2323 2486 2390 igitur
2539 2320 2892 2375 manifestum
2933 2325 3043 2382 est,
3102 2333 3211 2372 non
3260 2317 3424 2372 modo
3468 2331 3532 2369 cx

1950 2417 2037 2471 his
2065 2429 2186 2485 quae
2215 2413 2389 2470 sancti
2421 2414 2634 2473 dicunt.
2692 2409 2786 2465 sed
2838 2409 3014 2462 multo
3050 2410 3225 2477 magis
3274 2423 3338 2460 ex
3397 2406 3535 2477 ipsis

1951 2513 2078 2564 vita:
2108 2525 2172 2565 ac
2197 2507 2445 2564 veritatis
2475 2507 2718 2560 auctoris
2753 2505 2999 2568 vocibus,
3043 2501 3406 2556 manifestius.
3443 2497 3539 2552 Di-

1951 2603 2025 2657 cit
2056 2602 2199 2656 enim
2234 2617 2249 2654 :
2281 2619 2300 2652 ι
2346 2599 2454 2669 Ego
2484 2613 2603 2653 sum
2637 2597 2792 2665 panis
2820 2595 2939 2648 vitae
2962 2595 3050 2658 “;
3088 2611 3106 2645 ι
3145 2602 3218 2654 ει,
3253 2611 3271 2642 ι
3308 2592 3414 2646 Iste
3458 2598 3541 2643 est

1952 2693 2110 2764 panis
2145 2692 2212 2745 de
2241 2690 2379 2746 coelo
2406 2689 2769 2750 descendens,
2802 2694 2861 2740 ut
2901 2685 2945 2741 si
2977 2685 3102 2755 quis
3133 2699 3196 2738 ex
3234 2683 3353 2753 ipso
3384 2697 3537 2735 man-

1953 2785 2258 2850 ducaverit,
2299 2797 2405 2836 non
2447 2780 2736 2835 moriatur.
2772 2776 2885 2850 Ego
2917 2793 3036 2832 sum
3068 2776 3223 2846 panis
3268 2775 3422 2828 vivus
3445 2774 3536 2843 qui

1954 2881 2020 2930 de
2053 2874 2194 2929 cazlo
2255 2871 2572 2935 descendit;
2610 2869 2653 2922 si
2687 2868 2810 2937 quis
2866 2865 3281 2921 manducaverit
3339 2879 3404 2916 ea
3439 2863 3542 2916 hoc

1956 2981 2114 3033 pane,
2148 2967 2292 3020 vivet
2352 2965 2407 3016 in
2438 2971 2723 3016 aeternum.
2763 2958 2828 3012 Et
2861 2961 3017 3028 panis
3065 2972 3227 3025 quem
3277 2972 3376 3025 ego
3403 2955 3546 3008 dabo

1955 3070 2086 3109 caro
2136 3071 2254 3108 mea
2276 3062 2359 3108 est
2387 3066 2485 3122 pro
2516 3048 2701 3104 mundi
2740 3049 2850 3102 vita
2881 3049 2948 3101 ⁸⁷.
2993 3067 3012 3098 ι
3059 3047 3142 3112 Ει,
3187 3065 3205 3098 ι
3244 3046 3360 3100 Nisi
3394 3059 3547 3098 man-

1956 3147 2289 3202 ducaveritis
2347 3162 2566 3201 carnem
2612 3144 2729 3200 Filii
2780 3141 3038 3208 hominis,
3069 3151 3122 3194 et
3155 3137 3403 3193 hiberitis
3429 3135 3548 3205 ejus

1957 3242 2298 3309 sanguinem,
2323 3258 2429 3296 non
2460 3242 2729 3296 habebitis
2752 3241 2920 3294 vitam
2953 3238 3007 3292 in
3041 3233 3232 3298 vobis;
3265 3231 3356 3300 qui
3388 3245 3547 3284 mau-

1958 3334 2124 3388 ducat
2173 3350 2352 3388 meam
2407 3348 2628 3387 carnem
2675 3344 2729 3387 et
2782 3331 2917 3386 bibit
2966 3338 3145 3383 meum
3200 3323 3546 3392 sanguinem,

1962 3426 2120 3480 habet
2169 3426 2332 3480 vitam
2384 3437 2642 3479 aeternam
2678 3425 2744 3476 ⁸⁸.
2788 3443 2806 3475 ι
2841 3422 2905 3476 Et
2942 3421 3121 3474 adhuc
3151 3433 3165 3470 :
3202 3435 3220 3468 ι
3257 3417 3400 3469 Caro
3431 3427 3546 3466 mea

1960 3531 2088 3571 vere
2114 3526 2196 3572 est
2218 3517 2394 3581 cibus,
2427 3523 2480 3570 et
2509 3515 2733 3584 sanguis
2766 3528 2919 3567 meus
2966 3525 3093 3564 vere
3115 3517 3198 3563 est
3224 3515 3425 3577 potus;
3455 3505 3546 3572 qui

1961 3610 2255 3665 manducat
2294 3623 2470 3662 meam
2503 3621 2722 3662 carnem
2751 3614 2806 3658 et
2833 3603 2965 3657 bibit
2992 3615 3169 3655 meum
3196 3597 3543 3668 sanguinem.

1963 3704 2016 3757 in
2056 3717 2140 3755 me
2174 3710 2392 3764 manet,
2428 3708 2482 3755 et
2510 3714 2612 3770 ego
2642 3700 2695 3752 iu
2735 3697 2850 3750 illo.
2886 3691 3355 3760 Quemadmodum
3404 3687 3554 3741 misit

1965 3812 2053 3851 me
2076 3797 2266 3850 vivens
2295 3794 2471 3857 Pater,
2521 3801 2576 3847 et
2616 3805 2715 3858 ego
2764 3789 2890 3841 vivo
2945 3793 3166 3856 pr0pter
3217 3782 3549 3844 Patrem;et

1965 3889 2058 3958 qui
2101 3885 2395 3942 mauducat
2425 3899 2530 3945 me,
2561 3893 2614 3937 et
2645 3883 2735 3936 ille
2781 3881 2924 3934 vivet
2959 3886 3176 3947 propter
3207 3890 3312 3928 me.
3349 3871 3446 3925 Hic
3467 3884 3554 3926 est

1965 3981 2122 4050 panis
2169 3980 2263 4048 qui
2324 3976 2394 4032 de
2443 3975 2584 4030 caelo
2641 3972 2966 4029 descendit:
3017 3980 3072 4024 et
3124 3968 3218 4038 qui
3260 3968 3556 4021 manducat

1967 4075 2112 4128 hunc
2147 4086 2360 4138 panem,
2400 4071 2543 4121 vivet
2573 4068 2626 4121 in
2656 4076 2916 4120 aeternum
2946 4065 3012 4118 ".
3050 4081 3068 4114 ι
3117 4062 3183 4115 Et
3244 4059 3446 4114 Christi
3477 4059 3559 4111 dir

1966 4165 2215 4234 scipulus
2272 4162 2472 4217 Paulus
2523 4158 2789 4213 baec’ait:
2827 4175 2844 4207 ι
2882 4155 3122 4218 Fratres,
3175 4166 3276 4220 ego
3307 4149 3490 4219 accepi
3525 4163 3556 4201 a

1969 4255 2202 4309 Domino
2247 4252 2373 4308 Jesu
2410 4252 2558 4322 quod
2588 4259 2640 4305 et
2672 4249 2868 4303 tradidi
2927 4245 3104 4307 vobis,
3146 4242 3402 4313 quoniam
3446 4240 3556 4293 D0-

1970 4350 2156 4402 miuus
2188 4345 2349 4400 Jesus
2371 4344 2426 4397 iu
2450 4358 2557 4414 qua
2587 4349 2744 4395 nocte
2770 4338 3101 4401 tradebatur,
3130 4334 3341 4403 accepit
3362 4346 3556 4414 panem

293 4427 415 4490 λον,
457 4425 522 4476 οὐ
577 4425 737 4493 μόνον
780 4423 839 4490 ἐξ
882 4416 956 4476 ὧν
1001 4423 1330 4491 φθέγγονται
1364 4424 1413 4476 οἱ
1449 4423 1616 4491 ἄγιοι,
1657 4425 1795 4478 ἀλλά
1824 4441 1887 4493 γε
1971 4460 1978 4492 η

1875 4442 1887 4477 ⁵
1971 4449 2027 4497 et
2066 4438 2270 4510 gratias
2300 4410 2486 4507 agens,
2523 4432 2684 4502 fregit
2723 4445 2787 4483 ac
2822 4428 2960 4482 dixit
2998 4444 3013 4480 :
3045 4425 3292 4494 Accipite
3321 4435 3376 4478 et
3406 4410 3560 4476 man-

297 4515 485 4584 πολλῷ
517 4515 700 4581 πλέον,
734 4514 794 4580 ἐξ
831 4513 1012 4566 αὐτῶν
1045 4514 1152 4566 τῶν
1181 4513 1281 4582 τῆς
1319 4513 1618 4582 αὑτοζωῆς,
1651 4515 1746 4568 καὶ
1786 4516 1886 4570 αὐ-

1975 4535 2175 4588 ducate
2208 4549 2224 4586 :
2259 4532 2361 4585 hoc
2398 4541 2479 4583 est
2503 4540 2702 4595 corpus
2733 4537 2932 4586 meum,
2964 4521 3108 4590 quod
3143 4532 3243 4587 pro
3266 4516 3422 4571 vobis
3448 4526 3558 4569 tra-

295 4605 628 4667 τοαληθείας
667 4605 950 4674 ῥημάτων,
983 4603 1234 4673 ὲκδηλότε
1247 4621 1356 4674 ρον.
1379 4624 1398 4656 ι
1432 4606 1595 4672 Λέγει
1621 4606 1713 4658 καὶ
1739 4606 1848 4675 γάρ
1870 4620 1883 4633 ⁸
1900 4605 1947 4663 D

1874 4605 1947 4663 ὐ
1982 4629 2136 4680 detur
2171 4640 2186 4679 :
2232 4625 2331 4678 hoc
2364 4622 2521 4674 facite
2553 4620 2606 4672 in
2644 4630 2816 4670 meam
2847 4609 3449 4668 commemorationem.
3475 4606 3559 4660 Si-

303 4719 323 4751 ι
379 4696 528 4764 Ἐγώ
561 4697 677 4765 εἰμι
704 4695 733 4745 0
766 4694 932 4764 ἄρτος
962 4694 1062 4764 τῆς
1096 4695 1260 4764 ζωῆς.
1293 4712 1311 4747 ι
1350 4695 1460 4749 Καὶ
1491 4690 1642 4758 οὗτός
1691 4697 1837 4750 ἐστιν
1858 4698 1887 4748 0

296 4793 471 4860 ἄρτος
498 4792 526 4841 0
558 4789 622 4839 ὲκ
652 4787 746 4838 τοῦ
772 4785 1004 4857 οὐρανοῦ
1051 4786 1417 4850 καταϐαίνων,
1449 4787 1537 4840 ἶνα
1573 4804 1657 4850 τις
1688 4787 1746 4854 ἐξ
1789 4789 1887 4841 αὺ-

295 4881 395 4935 τοῦ
427 4881 600 4950 φάγῃ,
626 4881 717 4931 καὶ
742 4878 816 4950 μὴ
842 4877 1108 4948 ἀποθάνῃ.
1150 4878 1294 4945 Ἐγώ
1320 4882 1434 4948 είμι
1458 4881 1486 4932 0
1511 4879 1673 4948 ἄρτος
1699 4881 1728 4931 0
1754 4879 1883 4946 ζῶν,

294 4977 324 5026 0
355 4975 425 5025 ὲκ
456 4972 550 5025 τοῦ
591 4970 825 5040 οὐρανοῦ
859 4969 1107 5030 καταϐάς
1131 4984 1142 4998 °
1175 4970 1269 5022 ἐάν
1308 4987 1390 5033 τις
1421 4970 1569 5041 φάγῃ
1608 4973 1673 5024 ὲκ
1697 4971 1886 5024 τούτου

294 5065 396 5119 τοῦ
459 5066 651 5132 ἄρτου,
698 5063 923 5133 ζήσεται
969 5065 1048 5125 είς
1094 5061 1184 5114 τὸν
1226 5063 1426 5115 αἰὼναο
1459 5063 1554 5114 καὶ
1582 5064 1610 5114 0
1639 5063 1799 5134 ἄρτος
1829 5063 1885 5117 ὃν

297 5157 416 5225 ἐγὼ
441 5155 622 5219 δώσω,
649 5157 681 5222 ή
705 5153 842 5223 σάρξ
872 5171 975 5223 μου
1003 5156 1170 5218 ἐστὶν,
1205 5153 1271 5223 ἢν
1296 5152 1406 5221 ἐγὼ
1429 5152 1604 5219 δώσω,
1628 5154 1768 5226 ὑπὲρ
1792 5157 1885 5223 τῆς

296 5248 396 5301 τοῦ
455 5247 664 5314 κόσμου
705 5245 872 5313 ζωῆς.
909 5264 926 5297 ι
990 5246 1141 5298 Καί·
1179 5264 1196 5296 ι
1244 5246 1370 5298 Ἐὰν
1418 5246 1490 5316 μὴ
1531 5248 1742 5314 φάγητε
1791 5246 1885 5316 τὴν

302 5341 492 5410 σάρκα
520 5337 614 5389 τοῦ
647 5337 776 5389 Υίοῦ
815 5337 909 5389 τοῦ
943 5337 1256 5407 ἀνθρώπου,
1291 5338 1386 5390 καὶ
1435 5338 1593 5406 πίητε
1631 5337 1796 5391 αὑτοῦ
1828 5339 1888 5391 τὸ

300 5427 472 5498 αἷμα,
501 5430 603 5481 οὐκ
634 5427 784 5498 ἔχετε
815 5426 958 5497 ζωὴν
992 5431 1047 5480 ὲν
1068 5428 1275 5490 ἑαυτοῖς
1295 5442 1309 5457 ⁶
1342 5429 1369 5480 0
1401 5428 1625 5495 τρώγων
1654 5447 1754 5496 μου
1788 5430 1885 5500 τὴν

302 5523 512 5590 σάρκα,
537 5521 634 5572 καὶ
665 5520 838 5571 πίνων
870 5537 970 5587 μου
998 5521 1058 5570 τὸ
1082 5515 1241 5587 αἷμα,
1272 5519 1385 5588 ἔχει
1417 5518 1561 5589 ζωὴν
1585 5521 1820 5573 αἰώνιον.
1857 5540 1875 5573 ι

302 5610 464 5661 Ἔτι·
505 5627 525 5660 ι
576 5609 641 5659 Ἢ
673 5609 781 5676 γὰρ
814 5606 954 5677 σάρξ
977 5625 1100 5677 μου,
1133 5609 1337 5678 ἀληθής
1370 5610 1484 5660 ἐστι
1516 5610 1749 5680 βρῶσις,
1791 5613 1884 5664 καὶ

300 5701 364 5754 τὸ
389 5693 538 5765 αἷμά
569 5715 690 5766 μου.
729 5697 938 5768 ἀληθής
968 5699 1084 5750 ἐστι
1121 5700 1308 5763 πόσιςο
1337 5701 1365 5752 0
1393 5705 1617 5768 τρώγων
1650 5718 1751 5771 μου
1785 5701 1884 5770 τὴν

385 5907 433 5938 ⁸⁸
463 5905 620 5960 .Ioan.
667 5917 741 5968 Vt,
784 5903 875 5958 35.
980 5904 1022 5937 "
1077 5902 1206 5956 ibid.
1261 5902 1453 5958 50-52.

1559 5907 1602 5938 "
1638 5906 1766 5963 ibid.
1812 5910 1995 5967 50-55.

1979 4718 2180 4772 militer
2212 4724 2266 4768 et
2300 4714 2547 4776 calicem,
2581 4719 2870 4778 postquam
2905 4703 3158 4766 ccenavit,
3197 4699 3388 4752 dicens
3420 4715 3433 4751 :
3462 4696 3562 4749 Hic

1977 4809 2116 4864 calix
2171 4820 2373 4861 novum
2430 4802 2839 4856 Testamentum
2873 4803 2957 4848 est
3007 4794 3058 4846 in
3109 4805 3230 4844 meo
3259 4787 3560 4858 sanguine;

1978 4901 2086 4956 hoc
2139 4899 2325 4962 facite,
2380 4895 2820 4966 quotiescunque
2851 4885 3073 4947 bibetis,
3109 4883 3162 4936 iu
3202 4894 3378 4934 meam
3412 4893 3564 4932 com-

1979 4992 2458 5047 memorationem.
2517 4983 2969 5050 Quotiescunque
2991 4977 3136 5030 enim
3163 4970 3562 5027 manducabitis

1979 5099 2170 5149 panem
2205 5086 2369 5149 hunc,
2402 5085 2458 5132 et
2487 5076 2713 5132 calicem
2746 5072 2896 5126 illum
2937 5070 3156 5131 bibetis,
3189 5073 3418 5118 mortem
3451 5062 3560 5116 Do—

1983 5178 2116 5232 mini
2143 5171 2565 5234 annuntiabitis,
2589 5168 2763 5223 donec
2788 5163 2991 5217 veniat.
3015 5159 3118 5225 Qui
3151 5155 3565 5211 manducaverit

1982 5284 2175 5340 panem
2208 5269 2372 5329 hunc,
2413 5263 2495 5337 vel
2544 5260 2742 5316 biberit
2791 5257 3014 5311 calicem
3054 5250 3269 5305 Domini
3325 5248 3563 5317 indigne,

1983 5376 2111 5415 reus
2144 5359 2250 5412 erit
2279 5355 2525 5425 corp0ris
2554 5364 2606 5407 et
2653 5348 2932 5418 sanguinis
2968 5344 3208 5397 Domini.
3244 5340 3444 5395 Probet
3467 5339 3565 5405 igi-

1983 5466 2070 5509 tur
2105 5453 2345 5520 seipsum
2395 5450 2580 5507 honto,
2621 5452 2674 5496 et
2703 5441 2784 5495 sic
2824 5438 2892 5493 de
2926 5454 3062 5507 pane
3105 5437 3196 5489 illo
3226 5433 3560 5488 comedatet

1981 5549 2050 5604 de
2081 5547 2255 5601 calice
2290 5543 2462 5597 bibat.
2497 5539 2600 5604 Qui
2659 5534 2958 5588 manducat
3010 5540 3063 5584 et
3124 5529 3261 5582 bibit
3326 5525 3566 5592 indigne,

1981 5640 2246 5713 judicium
2269 5635 2373 5689 sibi
2393 5631 2556 5687 mand
2574 5637 2704 5683 ucat
2723 5635 2777 5680 et
2795 5625 2948 5684 bibit,
2976 5637 3082 5675 non
3107 5619 3423 5688 dijudicans
3443 5629 3568 5668 cor-

1985 5707 2090 5805 pus
2124 5729 2363 5784 Domini.
2399 5724 2526 5779 Ideo
2557 5725 2700 5777 inter
2727 5733 2826 5774 vos
2869 5715 3024 5771 multi
3061 5711 3272 5766 infirmi
3315 5716 3370 5765 et
3394 5707 3570 5762 imbe-

2107 5907 2150 5939 “
2182 5904 2314 5961 ibid.
2342 5899 2528 5958 56-59.
