4266 6450
724 391 829 453 795

1562 390 1909 452 CALLISTI
1949 390 2046 451 ET
2097 387 2398 450 IGNATll
2435 380 3137 446 XANTHOPULORUM

3870 378 3974 442 796

726 504 880 558 ciltcs
932 514 979 556 et
1013 502 1293 557 dormiunt
1336 501 1511 557 multi.
1544 501 1600 556 Si
1635 505 2001 575 nosmetipsos
2034 502 2303 574 dijudica-
2335 506 2380 563 Α

2302 532 2303 537 η
2335 506 2380 563 Α
2420 496 2478 549 ἐν
2508 496 2637 565 ἡμῖν
2668 496 2850 549 πολλοὶ
2887 498 3133 561 ἀσθενεῖς
3166 504 3260 553 καὶ
3291 501 3584 572 ἄρρωστοι,
3621 505 3712 557 καὶ
3748 508 3987 575 κοιμῶν-

729 608 935 654 remus,
969 608 1076 647 non
1114 593 1299 663 utique
1323 594 1720 663 judicaremur.
1772 593 1909 648 Dum
1946 603 2125 646 autem
2153 594 2298 662 judi-

724 700 935 748 camur,
990 698 1019 738 a
1078 683 1308 738 Domino
1374 687 1721 757 corripimur,
1773 697 1831 741 ut
1881 701 1988 739 non
2036 700 2161 740 cum
2197 685 2303 739 hoc

727 774 931 827 mundo
958 773 1284 829 damnemur
1307 776 1373 829 '°.
1415 794 1432 828 ι

724 882 877 949 Quod
912 901 1116 957 necesse
1149 896 1225 940 est
1257 887 1456 940 discere
1482 904 1757 940 sacrorum
1792 888 2166 957 mysteriorum
2206 890 2305 939 mi—

798 955 1079 1028 raculum;
1104 967 1152 1010 et
1182 958 1308 1024 quid
1339 968 1436 1022 est,
1468 970 1516 1011 et
1549 974 1713 1028 quare
1739 955 1925 1013 datum
1960 969 2059 1023 est,
2088 966 2138 1011 et
2162 974 2306 1027 qua:-

798 1042 920 1077 nam
961 1027 1107 1080 illius
1142 1027 1368 1079 utilitas.

798 1140 887 1195 92.
917 1140 1123 1195 Scribit
1147 1152 1327 1195 autem
1360 1141 1788 1212 Cbrysostomus
1822 1160 1836 1196 :
1868 1161 1887 1195 ‹
1920 1142 2304 1213 Mysteriorum

728 1236 1052 1289 miraculum
1114 1235 1245 1305 quid
1278 1236 1351 1290 sit
1404 1236 1615 1290 discere
1674 1237 2045 1291 necessarium
2093 1246 2198 1301 est,
2252 1246 2308 1291 et

722 1342 971 1394 quaenam
1007 1326 1263 1395 sithujus
1286 1328 1363 1381 rei
1397 1328 1623 1381 utilitas.
1656 1325 1834 1381 Unum
1868 1344 2071 1398 corpus
2091 1344 2306 1389 sumus.

2417 605 2507 641 ται
2560 589 2751 642 ἱκανοί.
2800 589 2862 641 Εἰ
2912 590 3021 659 γάρ
3078 592 3303 655 ἑαυτοὺς
3356 594 3719 665 διεκρίνομεν,
3771 599 3870 650 οὐκ
3921 599 3988 652 ἂν

2419 682 2770 752 ἐκρινόμεθα·
2827 682 3137 751 κρινόμενοι
3187 683 3243 735 δὲ
3306 686 3411 736 ὑπὸ
3461 685 3553 737 τοῦ
3595 689 3800 756 Κυρίου
3860 706 3987 742 παι-

2418 771 2704 842 δευόμεθα,
2736 773 2821 825 ἵνα
2857 774 2931 843 μὴ
2960 773 3057 825 σὺν
3094 774 3161 843 τῷ
3193 775 3379 845 κόσμῳ
3403 777 3847 849 κατακριθῶμεν.
3888 799 3908 833 ι

2418 906 2548 959 Ὀτι
2609 907 2938 983 ἀναγκαῖον
2979 909 3200 983 μαθεῖν
3268 911 3334 983 τὸ
3388 910 3757 983 θαῦμαίτῶν
3811 916 3989 983 ἁγίων

2482 979 2864 1051 μυστηρίων-Δ·
2895 980 2992 1051 καὶ
3015 980 3071 1031 τί
3096 983 3242 1033 ποτέ
3266 981 3399 1035 ἐστι
3420 998 3432 1010 ’
3466 979 3562 1036 καί
3587 982 3684 1035 διὰ
3706 984 3763 1035 τί
3790 979 3991 1051 ἐδζρθη,

2489 1052 2586 1099 καί
2614 1050 2705 1112 τίς
2745 1048 2782 1115 ἠ
2823 1046 3100 1116 ὠφέλεια.

2489 1158 2596 1228 ιβ’.
2635 1159 2843 1230 Γράφει
2871 1159 2927 1212 δὲ
2954 1162 3048 1212 καὶ
3078 1161 3106 1211 ό
3133 1160 3576 1232 Χρυσορρήμων·
3607 1180 3626 1213 ι
3673 1163 3990 1231 Ἀναγκαῖον

2421 1251 2611 1320 μαθεῖν
2655 1250 2718 1302 τὸ
2765 1250 2950 1321 θαῦμα
2988 1252 3100 1303 τῶν
3142 1254 3455 1323 μυστηρίων
3482 1254 3534 1306 τί
3570 1256 3698 1307 ποτέ
3726 1257 3863 1320 ἐστι,
3900 1258 3991 1310 καὶ

2415 1341 2503 1393 διὰ
2531 1341 2583 1393 τί
2612 1341 2791 1410 ἐδόθη,
2821 1343 2914 1394 καὶ
2941 1343 3018 1403 τίς
3051 1344 3083 1411 ἡ
3124 1342 3363 1410 ὠφέλεια
3394 1345 3488 1396 τοῦ
3515 1345 3856 1415 πράγματος.
3899 1348 3995 1398 Ἐν

722 1424 777 1469 et
812 1417 1051 1469 membra
1094 1432 1159 1469 ex
1190 1431 1355 1471 carne
1389 1416 1601 1469 Domini
1641 1418 1811 1470 nostri
1848 1418 1974 1472 Jcsu
2004 1419 2231 1481 Christi,
2256 1428 2311 1473 et

2307 1457 2311 1471 ι
2420 1432 2579 1502 σῶμά
2626 1435 2814 1502 ἐσμεν,
2864 1433 2955 1485 καὶ
3001 1432 3161 1502 μέλη,
3194 1435 3257 1485 ἐκ
3301 1436 3400 1502 τῆς
3434 1435 3634 1505 σαρκὸς
3658 1435 3751 1487 τοῦ
3784 1437 3992 1505 Κυρίου

722 1525 785 1562 ex
813 1508 1030 1564 ossibus
1062 1509 1201 1578 ejus.
1245 1508 1348 1574 Qui
1396 1520 1575 1563 autem
1629 1510 1828 1565 initiati
1866 1523 2013 1574 sum,
2069 1511 2137 1564 iis
2186 1526 2310 1580 quae

2308 1535 2310 1561 ε
2417 1524 2574 1593 ήμῶν
2613 1523 2786 1593 Ἰησοῦ
2819 1522 3077 1594 Χριστοῦ,
3110 1524 3204 1576 καὶ
3236 1525 3299 1577 ἐκ
3347 1525 3454 1577 τῶν
3488 1526 3691 1578 ὀστέων
3717 1526 3901 1578 αὐτοῦ.
3931 1529 3993 1579 υἱ

723 1600 985 1655 dicuntur
1018 1615 1205 1654 aurem
1237 1610 1497 1669 praestent
1524 1642 1539 1664 ,
1570 1610 1628 1655 ut
1676 1618 1781 1655 non
1810 1602 1973 1655 modo
2001 1603 2308 1656 secundum

2305 1628 2308 1654 ι
2417 1615 2475 1667 δέ
2506 1615 2868 1683 μεμυημένοι,
2902 1614 3486 1685 παρακολουθείτωσαν
3518 1618 3627 1679 τοῖς
3657 1616 3990 1686 λεγομένοις·

723 1693 1047 1747 cbaritatem
1078 1693 1133 1747 id
1177 1694 1395 1758 ﬁamus,
1431 1695 1523 1749 sed
1558 1695 1728 1762 reipsa
1764 1694 1823 1759 in
1876 1709 2038 1749 unam
2091 1710 2308 1749 carnem

2422 1709 2510 1761 ινα
2547 1704 2640 1761 οὖν
2664 1708 2738 1777 μὴ
2768 1708 2926 1776 μόνον
2967 1709 3107 1760 κατὰ
3130 1708 3230 1775 τῆν
3260 1708 3480 1777 ἀγάπην
3505 1707 3663 1760 τοῦτο
3684 1708 3993 1776 γενώμεθα,
4050 1746 4060 1755 .

729 1784 1097 1850 misceamur;
1135 1785 1186 1838 id
1218 1800 1312 1853 per
1334 1786 1514 1838 cibum
1551 1784 1801 1839 eﬂ'ectum
1830 1796 1933 1849 est,
1963 1802 2125 1855 quem
2153 1786 2311 1841 nobis
2344 1848 2383 1867 ﬁ

2310 1824 2311 1829 η
2344 1848 2383 1867 ,ε
2422 1799 2559 1852 ἀλλὰ
2602 1800 2695 1852 καὶ
2728 1801 2845 1851 κατ’
2898 1799 3028 1850 αὐτὸ
3077 1798 3137 1850 τὸ
3166 1799 3401 1867 πρᾶγμα
3432 1802 3511 1860 εἰς
3549 1799 3766 1867 ἐκείνην
3794 1800 3995 1853 άνακε-

727 1874 953 1943 largitus
978 1884 1085 1941 est,
1126 1878 1284 1931 nobis
1313 1890 1552 1930 amorem
1577 1893 1737 1946 quem
1782 1878 1837 1932 in
1870 1895 1972 1935 nos
2015 1879 2197 1939 habet,
2217 1892 2309 1928 vo-

726 1968 847 2022 lens
904 1969 1216 2023 ostendere.
1249 1969 1371 2023 Ideo
1407 1972 1566 2025 nobis
1625 1972 1867 2041 seipsum
1904 1972 2225 2035 immiscuit,
2256 1980 2312 2027 et

726 2061 960 2116 inseruit
989 2062 1041 2115 in
1080 2063 1237 2117 nobis
1260 2078 1459 2131 corpus
1481 2078 1665 2127 suum,
1697 2072 1753 2116 ut
1788 2077 1957 2116 unum
1985 2062 2311 2130 eﬂiciamur,

728 2161 987 2223 tanquam
1022 2169 1223 2223 corpus
1273 2155 1439 2225 capiti
1480 2156 1715 2210 unitum.
1754 2154 1810 2211 Id
1837 2156 1983 2209 enim
2012 2164 2097 2210 est
2141 2154 2309 2208 vehe-

727 2257 935 2304 menter
980 2249 1347 2319 diligentium.
1385 2250 1539 2315 Quod
1578 2251 1811 2305 innuens
1840 2250 1945 2304 Job
1993 2249 2210 2304 dicebat
2242 2247 2312 2301 de

728 2339 901 2394 servis
936 2341 1072 2405 suis,
1098 2342 1299 2409 quibus
1342 2353 1461 2395 erat
1495 2342 1676 2396 vivide
1727 2341 2130 2404 desiderabilis,
2159 2338 2305 2409 quod

728 2444 969 2486 amorem
1007 2446 1167 2486 suum
1220 2433 1537 2487 ostendendi
1585 2448 1749 2487 causa
1783 2432 2039 2486 dicebant
2085 2448 2099 2484 :
2141 2428 2310 2496 «Quis

730 2524 822 2578 det
856 2524 1015 2579 nobis
1046 2524 1114 2579 de
1156 2526 1416 2580 carnibus
1440 2526 1558 2595 ejus
1602 2524 1887 2580 saturari?
1922 2524 2043 2578 Ideo
2073 2532 2129 2578 et
2151 2521 2311 2577 Chri—

729 2623 849 2672 stus
884 2616 1017 2672 illud
1043 2615 1242 2680 effecit,
1286 2617 1351 2671 ad
1403 2616 1664 2687 majorem
1712 2618 2008 2673 amicitiam
2057 2630 2157 2670 nos
2204 2614 2310 2668 du-

728 2723 881 2773 cens,
921 2720 974 2762 et
1029 2725 1191 2764 suum
1231 2712 1284 2764 in
1316 2726 1417 2765 nos
1462 2725 1704 2765 amorem
1754 2710 2069 2771 ostendens,
2107 2722 2214 2761 non
2248 2720 2310 2761 se

732 2802 1111 2854 tantummodo
1141 2802 1299 2856 nobis
1340 2801 1633 2856 videndum
1661 2800 1915 2873 praebuit,
1946 2798 2043 2855 sed
2069 2806 2123 2853 et
2157 2797 2311 2867 cupi—

734 2893 953 2945 entibus
983 2894 1311 2963 tangondum
1345 2909 1408 2949 ac
1436 2894 1912 2957 manducandum;
1942 2904 1995 2946 et
2020 2890 2173 2946 carni
2198 2904 2312 2945 sua:

744 3004 842 3044 nos
870 2990 1010 3043 uniri
1048 2990 1213 3044 volnit
1267 2999 1323 3045 et
1351 2993 1594 3047 connecti
1636 3000 1691 3047 et
1747 3002 1919 3044 totum
1974 2987 2309 3044 desiderium

739 3093 984 3137 nostrum
1013 3085 1293 3152 compleri.
1335 3102 1353 3135 ι
1391 3082 1456 3137 Et
1478 3084 1657 3139 adhuc
1684 3101 1701 3140 :
1734 3101 1755 3136 ι
1789 3083 1894 3150 Qui
1922 3082 2052 3137 huic
2079 3079 2315 3135 sanctis-

738 3176 878 3229 simo
914 3178 1132 3245 corpori
1165 3192 1228 3229 ac
1285 3178 1595 3232 venerando
1647 3176 1900 3247 sanguini
1959 3173 2309 3243 participant.
2344 3205 2384 3260 ρ

736 3283 860 3322 cum
912 3269 1120 3337 angelis
1150 3270 1565 3339 ctarchangelis
1602 3284 1664 3323 ac
1701 3268 2020 3323 cmlestibus
2050 3264 2312 3335 potentiis

744 3362 946 3417 sedent.
1008 3376 1205 3429 «cgiam
1244 3362 1445 3415 Christi
1500 3372 1704 3415 vestem
1759 3361 2041 3413 induentes
2069 3365 2125 3413 et
2162 3371 2311 3412 arma

740 3461 1000 3514 habentes
1042 3460 1301 3513 cmlestia.
1335 3454 1437 3513 Sed
1478 3470 1584 3511 non
1623 3456 1801 3509 adimo
1843 3451 2137 3519 quidquam
2166 3450 2315 3503 dixe-

746 3564 910 3621 runt;
944 3556 1117 3623 ipsum
1152 3552 1296 3605 enim
1345 3565 1525 3619 regem
1562 3550 1871 3603 induerunt.
1918 3545 2021 3603 Sed
2051 3544 2316 3616 quemad-

748 3651 969 3702 modum
1003 3647 1134 3699 illud
1164 3656 1245 3698 est
1279 3658 1534 3710 magnum
1565 3654 1617 3695 et
1654 3643 1994 3695 tremendum
2028 3650 2083 3693 et
2112 3639 2318 3691 miran-

744 3741 893 3803 dum,
937 3741 1007 3792 ita
1060 3739 1103 3791 si
1150 3753 1271 3793 cum
1331 3738 1566 3805 puritate
1606 3735 1858 3795 accedas,
1916 3731 2198 3784 accessisti
2250 3727 2317 3781 ad

741 3833 974 3886 salutem
1005 3847 1020 3895 ;
1052 3831 1095 3883 si
1129 3844 1257 3883 vero
1288 3843 1413 3881 cum
1455 3827 1594 3879 mala
1625 3823 1981 3884 conscientia,
2015 3826 2067 3875 in
2102 3833 2317 3890 poenam

739 3939 806 3979 ac
855 3922 1204 3992 supplicium.
1231 3919 1333 3985 Qui
1366 3918 1511 3971 enim
1548 3930 1750 3985 corpus
1774 3927 1829 3969 et
1859 3912 2179 3983 sanguinem
2216 3909 2319 3964 Do-

741 4015 875 4070 mini
900 4016 1191 4069 manducat
1219 4026 1282 4065 ac
1306 4008 1442 4065 bibit
1469 4009 1710 4077 indigne,
1733 4005 2003 4077 judicium
2032 4003 2137 4059 sibi
2165 4017 2321 4057 man-

737 4110 906 4164 ducat
938 4123 1002 4160 ac
1035 4106 1183 4159 bibit.
1224 4105 1282 4158 Si
1331 4103 1473 4155 enim
1515 4102 1607 4171 qni
1646 4100 1849 4169 regiam
1892 4110 2191 4168 purpuram
2238 4094 2321 4149 in-

740 4203 1130 4272 quinaveruut,
1171 4212 1277 4251 non
1324 4196 1503 4249 minus
1534 4193 1835 4262 puniuntur
1865 4203 2027 4261 quam
2072 4188 2166 4259 qui
2201 4201 2321 4242 eam

742 4296 1140 4350 laceraverunt,
1184 4287 1408 4341 omnino
1437 4294 1867 4341 consentaneum
1899 4292 1984 4338 est
2027 4291 2088 4336 ut
2130 4292 2186 4336 et
2227 4280 2323 4350 qui

742 4396 943 4452 corpus
971 4396 1095 4435 cum
1128 4379 1414 4447 inquinata
1454 4374 1788 4431 conscientia
1826 4373 2150 4442 receperint,
2178 4387 2327 4427 eam-

739 4478 858 4530 dem
886 4486 1100 4543 poenam
1132 4472 1359 4524 subeant
1402 4483 1468 4522 ac
1488 4469 1579 4536 qui
1605 4482 1701 4537 per
1732 4466 1912 4521 clavos
1938 4466 2066 4519 illud
2095 4466 2323 4535 fregere.

2424 1898 2710 1967 ρασθὼμεν
2739 1896 2837 1966 τὴν
2885 1896 3084 1964 σάρκα,
3112 1895 3199 1948 διὰ
3228 1894 3432 1965 τροφῆς
3461 1893 3621 1946 τοῦτο
3656 1894 3885 1961 γίνεται,
3929 1895 3996 1963 ἢν

2422 1989 2728 2058 ἐχαρίσατο,
2776 1986 3095 2057 βουλόμενος
3162 1988 3293 2055 ἡμῖν
3340 1985 3510 2049 δεῖξαι
3563 1986 3653 2037 τὸν
3699 1986 3883 2047 πόθον,
3933 1986 3995 2035 ὃν

2420 2080 2534 2151 εχει
2572 2080 2707 2149 πρὸς
2758 2079 2924 2148 ἡμᾶς.
2970 2078 3067 2131 Διὰ
3102 2077 3262 2130 τοῦτο
3297 2078 3555 2145 ἀνέμιξεν
3594 2078 3724 2145 ἡμῖν
3770 2077 3987 2137 ἑαυτὸν,

2417 2181 2512 2233 καὶ
2543 2181 2779 2249 άνέφυρε
2806 2179 2868 2232 τὸ
2894 2179 3053 2247 σῶμα
3083 2178 3250 2231 αὑτοῦ
3278 2178 3357 2240 είς
3393 2176 3563 2245 ἡμᾶς,
3603 2174 3689 2226 ἶνα
3722 2173 3779 2224 ἐν
3812 2171 3991 2238 γενώ-

2418 2271 2557 2341 μεθα
2595 2271 2848 2339 καθάπερ
2878 2271 3037 2339 σῶμα
3081 2269 3292 2338 κεφαλῇ
3335 2266 3704 2337 συνημμένον.
3730 2264 3851 2315 Τῶν
3882 2264 3994 2331 γάρ

2416 2364 2621 2432 σφόδρα
2665 2362 2972 2413 ποθούντων
3014 2361 3131 2413 ἐστὶ
3174 2359 3353 2415 τοῦτο.
3398 2359 3571 2413 Τοῦτο
3618 2358 3749 2427 γοῦν
3791 2359 3819 2410 ό
3867 2354 3993 2409 Ἰὼϐ

2414 2454 2806 2522 αἰνιττόμενος,
2834 2452 2987 2519 ἔλεγε
3034 2450 3165 2522 περὶ
3203 2451 3313 2503 τῶν
3364 2450 3616 2516 οἰκετῶν,
3648 2444 3730 2511 οἷς
3766 2444 3835 2517 ἦν
3871 2446 3993 2517 μεθ’

2415 2543 2723 2612 ὑπερϐολῆς
2746 2542 3012 2605 ποθεινὸς,
3042 2543 3124 2595 ὅτι
3152 2543 3217 2613 δὴ
3247 2542 3340 2594 τὸν
3369 2541 3533 2594 πόθον
3565 2538 3992 2607 ἐνδεικνύμενοι,

2414 2632 2599 2701 ελεγον
2620 2650 2634 2663 ·
2677 2632 2772 2696 Τίς
2802 2632 2867 2685 ἂν
2891 2632 3001 2701 δῴη
3034 2633 3165 2702 ἡμῖν
3196 2632 3257 2683 ἐκ
3282 2631 3392 2695 τῶν
3424 2629 3644 2700 σαρκῶν
3679 2628 3845 2680 αὐτοῦ
3892 2629 3997 2695 ἐμο

2415 2721 2719 2791 πλησθῆναι
2740 2738 2755 2787 ;
2780 2721 2872 2773 Διὸ
2899 2721 2963 2791 δὴ
2986 2722 3079 2773 καὶ
3100 2722 3129 2772 ό
3152 2720 3383 2789 Χριστὸς
3404 2719 3536 2773 αὐτὸ
3562 2718 3883 2785 πεποίηκεν,
3915 2716 3996 2777 είς

2416 2812 2598 2879 φιλίαν
2643 2812 2791 2880 ἡμᾶς
2835 2811 2985 2878 ἄγων
3034 2809 3290 2878 μείζονα,
3350 2808 3568 2860 καὶτὸν
3617 2804 3781 2858 αὑτοῦ
3827 2804 3997 2857 πόθον

2416 2902 2825 2971 ἐνδεικνύμενος
2878 2902 3008 2970 περὶ⁵
3047 2902 3218 2971 ἡμᾶς,
3266 2902 3364 2952 οὐκ
3427 2899 3556 2951 ίδεῖν
3607 2899 3767 2967 μόνον
3802 2896 3999 2948 ἑαυτὸν

2418 2996 2671 3063 παρέχων
2703 2994 2815 3054 τοῖς
2854 2990 3233 3060 ἐπιθυμοῦσιν,
3284 2990 3417 3043 ἀλλά
3465 2990 3560 3042 καὶ
3594 2988 3862 3056 ἅψασθαι,
3902 2988 3998 3039 καὶ

2416 3086 2644 3151 φαγεῖν
2686 3084 2781 3135 καὶ
2811 3083 3050 3152 ἐμπῆξαι
3092 3084 3156 3152 τῇ
3191 3082 3353 3150 σαρκί
3376 3098 3391 3114 ’
3425 3082 3516 3135 καὶ
3564 3080 3992 3150 συμπλακῆναι,

2418 3179 2512 3229 καὶ
2560 3176 2650 3227 τὸν
2685 3174 2848 3227 πόθον
2885 3175 3162 3243 ἐμπλῆσαι
3198 3176 3397 3227 πάντα.
3440 3192 3458 3224 ι
3513 3175 3659 3225 Ἔτι·
3705 3192 3721 3223 ι
3760 3174 3825 3225 Oi
3864 3190 3998 3241 μετ-

2417 3268 2631 3336 έχοντες
2662 3266 2756 3319 τοῦ
2786 3266 3054 3333 παναγίου
3089 3265 3361 3334 σώματος,
3383 3268 3477 3318 καί⁸
3505 3264 3597 3318 τοῦ
3625 3265 3806 3333 τιμίου
3826 3264 3997 3333 αἷμα-

2417 3379 2504 3421 τος,
2529 3400 2542 3420 ,
2583 3362 2721 3429 μετὰ
2766 3360 3013 3426 ἀγγέλων
3050 3362 3141 3411 καὶ
3188 3359 3565 3429 ἀρχαγγέλων,
3603 3358 3696 3410 καὶ
3738 3358 3845 3410 τῶν
3883 3358 3998 3410 ἂνω

2416 3452 2701 3518 δυνάμεων
2746 3452 3062 3519 ἑστήκασιν,
3098 3451 3268 3520 αὐτὴν
3305 3452 3677 3520 περικείμενοι
3726 3452 3816 3502 τοῦ
3860 3452 3998 3519 Χρι-

2420 3542 2547 3595 στοῦ
2599 3545 2697 3609 τὴν
2749 3542 3038 3611 βασιλικὴν
3089 3541 3318 3610 στολὴν,
3370 3542 3437 3593 τά
3472 3542 3615 3593 ὅπλα
3668 3540 3884 3609 ἔχοντες
3927 3542 3995 3592 τά

2417 3632 2776 3700 πνευματικά.
2822 3632 2963 3683 Ἀλλ’
3005 3630 3157 3683 οὐδὲν
3184 3625 3338 3682 εἷπον
3370 3631 3491 3681 οὐδέ
3522 3646 3608 3680 πω
3630 3647 3643 3660 ·
3687 3632 3846 3683 αὑτὸν
3883 3632 3993 3700 γάρ

2419 3724 2554 3776 εἰσιν
2598 3722 2938 3789 ἐνδεδυμένοι
2989 3723 3079 3773 τὸν
3129 3721 3371 3791 βασιλέα.
3440 3721 3578 3774 Ἀλλ’
3634 3722 3824 3790 ὥσπερ
3877 3724 3996 3774 ἐστὶ

2423 3819 2585 3886 μέγα,
2616 3818 2709 3870 καὶ
2742 3815 2989 3885 φρικτὸν,
3037 3816 3132 3868 καὶ
3167 3815 3501 3883 θαυμαστὴν,
3547 3814 3719 3877 οὕτως
3752 3814 3819 3866 ἂν
3855 3813 3999 3881 μετά

2420 3906 2791 3975 καθαρότητος
2814 3904 3137 3977 προσέλθῃς,
3160 3905 3238 3967 είς
3266 3905 3543 3973 σωτηρίαν
3566 3904 3897 3974 προσῆλθες,
3928 3903 3997 3957 ἂν

2418 4000 2476 4052 δέ
2517 4000 2654 4068 μετά
2685 3996 2921 4066 πονηροῦ
2964 3996 3282 4057 συνειδότος,
3317 3998 3395 4056 είς
3429 3994 3669 4057 κόλασιν,
3701 3996 3795 4048 καὶ
3819 4013 3998 4064 τιμω-

2426 4087 2565 4156 ρίαν.
2601 4088 2660 4138 Ὀ
2696 4086 2807 4153 γὰρ
2851 4085 3067 4149 ἐσθίων,
3112 4086 3210 4139 καὶ
3252 4086 3423 4137 πίνων
3449 4084 3682 4147 ἀναξίως
3732 4085 3793 4136 τὸ
3835 4085 3999 4153 σῶμα

2423 4183 2517 4234 καὶ
2550 4177 2685 4249 αἷμα
2735 4179 2829 4233 τοῦ
2858 4178 3086 4247 Κυρίου,
3121 4180 3297 4246 κρῖμα
3340 4175 3518 4245 ἐαυτῷ
3548 4176 3740 4241 ἐσθίει,
3773 4178 3869 4229 καὶ
3904 4176 4001 4228 πί-

2424 4289 2525 4326 νει.
2562 4273 2625 4324 Ει
2664 4271 2772 4339 γὰρ
2804 4275 2854 4322 οἱ
2897 4267 3197 4339 ῥυποῦντες
3238 4269 3338 4337 τῆν
3383 4271 3670 4337 πορφύραν
3702 4269 3801 4338 τὴν
3844 4269 4002 4337 βασι·-

2426 4363 2596 4433 λικὴν,
2634 4362 2951 4424 κολάζονται
2984 4363 3206 4431 ὁμοίως,
3241 4359 3431 4429 ὥσπερ
3464 4364 3515 4414 οι
3543 4360 3999 4431 διαρρηγνῦντες,

2426 4456 2576 4508 οὐδὲν
2602 4455 2826 4514 ἀπεικὸς
2846 4491 2862 4515 ,
2899 4453 2994 4505 καὶ
3032 4454 3157 4515 τοὺς
3185 4433 3479 4521 ἀκαθάρτῳ
3529 4453 3743 4523 διανοίᾳ
3772 4452 4003 4522 δεχομέ-

743 4565 876 4620 Vidc
922 4564 1087 4635 igitur
1113 4561 1389 4632 quomodo
1425 4558 1627 4614 Paulus
1659 4560 1798 4612 hanc
1826 4572 2043 4628 pmnam
2071 4558 2326 4612 ostende-
2361 4555 2406 4612 D

2319 4585 2326 4595 .
2361 4555 2406 4612 ι)
2428 4566 2549 4611 νους
2581 4548 2641 4599 τὸ
2688 4546 2869 4615 σῶμα,
2896 4547 2997 4616 τὴν
3021 4547 3193 4615 αὐτὴν
3228 4547 3519 4615 ὑπομεῖναι
3558 4545 3852 4614 τιμωρίαν,
3891 4550 4004 4610 τοῖς

742 4660 830 4724 rit,
856 4659 1043 4713 dicens
1069 4672 1085 4709 :
1120 4672 1142 4707 ι
1178 4654 1282 4721 Qui
1314 4655 1485 4725 legem
1509 4650 1710 4722 Moysis
1755 4652 2104 4719 contempsit,
2125 4650 2332 4721 absque

746 4746 1147 4809 misericordia.
1186 4746 1401 4801 duobus
1432 4746 1513 4800 vel
1546 4745 1723 4799 tribus
1755 4742 1985 4798 testibus
2014 4750 2332 4805 accusatus,

749 4838 1000 4893 moritur.
1052 4835 1269 4903 Quanto
1300 4836 1507 4906 majora
1563 4835 1765 4906 putatis
1814 4834 2009 4890 mereri
2041 4832 2331 4903 supplicia,

745 4930 840 5000 qui
868 4927 1066 4982 Filium
1121 4929 1213 4982 Dei
1244 4930 1667 4992 conculcaverit,
1702 4936 1757 4982 et
1802 4927 2121 4996 sanguinem
2171 4933 2312 4980 testa

750 5021 916 5076 menti
939 5020 1203 5090 pollutum
1229 5020 1464 5082 duxerit,
1488 5020 1541 5074 in
1565 5035 1675 5089 quo
1700 5021 2073 5074 sanctiticatus
2096 5026 2178 5073 est
2200 5017 2271 5070 ’Ὗ
2301 5036 2319 5069 ι

750 5113 1077 5181 Quicunque
1128 5111 1294 5181 igitur
1326 5110 1459 5166 buic
1495 5112 1710 5179 corpori
1745 5112 2162 5180 participamus,
2203 5109 2326 5178 qui—

750 5219 967 5274 cunque
1024 5203 1170 5258 hunc
1215 5203 1533 5273 sanguinem
1572 5212 1875 5273 gustamus,
1937 5202 2170 5270 cogitate
2230 5216 2329 5255 nos

753 5296 904 5350 illum
934 5295 1027 5365 qui
1063 5310 1282 5351 sursum
1329 5296 1500 5360 sedet,
1538 5295 1631 5365 qui
1680 5295 1748 5349 ab
1805 5294 2011 5367 angelis
2050 5295 2329 5358 adoratur,

754 5393 844 5459 qui
880 5390 1287 5459 omnipotentiae
1310 5390 1588 5458 proximus
1610 5397 1713 5451 est,
1737 5395 2044 5457 degustare.
2074 5386 2177 5442 0b!
2203 5396 2334 5455 quul

754 5481 821 5537 ad
856 5482 1086 5535 salutem
1110 5480 1208 5535 viae
1239 5480 1398 5536 nobis
1441 5490 1640 5549 apertae
1686 5482 1843 5534 sunt!
1879 5478 1988 5535 Nos
2021 5496 2179 5533 suum
2208 5495 2333 5533 cor-

759 5588 858 5642 pus
888 5571 1086 5635 eﬂ‘ecit.
1123 5588 1220 5626 Ims
1259 5572 1343 5628 sui
1392 5574 1642 5641 corporis
1672 5573 1961 5643 participes
1999 5573 2259 5639 reddidit,
2288 5580 2342 5627 et

758 5664 895 5723 nihil
928 5665 1126 5719 borum
1159 5680 1261 5720 nos
1296 5681 1325 5718 a
1363 5666 1508 5720 malo
1550 5666 1809 5720 retrahit!
1854 5668 1895 5719 0
1931 5665 2290 5721 indolentiam
2322 5666 2337 5723 ι

834 5848 925 5904 τοι
974 5846 1100 5903 Cur.
1160 5862 1233 5913 ιι,
1282 5846 1349 5900 25
1381 5847 1471 5901 δε.
1568 5847 1607 5877 τ’
1651 5846 1815 5903 llebr.
1856 5866 1908 5915 χ,
1938 5848 2030 5916 εδ,
2064 5849 2155 5902 ~29.

2427 4642 2558 4694 αὐτὸ
2588 4638 2913 4710 διαρῤήξασι
2949 4639 3038 4691 διά
3064 4640 3175 4692 τῶν
3201 4639 3364 4709 ῆλων.
3401 4640 3541 4709 Ὀρα
3572 4640 3720 4705 γοῦν,
3752 4638 3872 4701 πῶς
3908 4656 4007 4707 φο-

2428 4732 2596 4802 ϐεράν
2638 4730 2839 4795 ἔδειξεν
2869 4732 2897 4782 ὁ
2931 4728 3141 4793 Παῦλος
3166 4731 3265 4801 τὴν
3298 4731 3543 4796 κόλασιν,
3579 4731 3750 4783 εἰπών
3776 4749 3791 4762 ο
3849 4731 4007 4783 Ἀθε-

2425 4826 2596 4896 τήσας
2623 4841 2707 4884 τις
2736 4823 2899 4892 νόμον
2923 4823 3185 4888 Μωσέως,
3228 4824 3395 4893 χωρὶς
3426 4822 3750 4892 οἰκτιρμῶν,
3779 4823 3874 4875 ἐπὶ
3905 4824 4004 4877 δυ-

2427 4918 2533 4976 σὶν,
2582 4916 2615 4985 ῆ
2681 4913 2828 4985 τρισὶ
2879 4913 3149 4983 μάρτυσιν
3181 4912 3542 4983 ἀποθνήσκει.
3594 4914 3752 4983 Πόσῳ
3793 4912 4008 4966 δοκεῖτε

2425 5008 2668 5079 χείρονος
2701 5007 3042 5079 άξιωθήσετε
3070 5010 3366 5079 τιμωρίας,
3395 5010 3423 5061 ὁ
3462 5009 3553 5062 τὸν
3584 5009 3709 5061 Υίὸν
3738 5006 3831 5060 τοῦ
3864 5005 4007 5060 Θεοῦ

2425 5101 2841 5169 καταπατήσας,
2865 5101 2959 5152 καὶ
2980 5094 3212 5170 τδαῖμα
3233 5099 3335 5167 τῆς
3358 5098 3626 5170 διαθήκης
3653 5098 3833 5152 κοινὸν
3861 5101 3972 5168 ῆγη
3990 5128 4009 5139 -

2426 5192 2678 5260 σάμενος,
2725 5193 2785 5243 ἐν
2832 5188 2877 5259 ᾧ
2925 5192 3197 5262 iniciam};
3255 5192 3412 5244 Ὀσοι
3467 5191 3645 5244 τοίνυν
3692 5190 4007 5260 μετέχομεν

2424 5281 2613 5335 τούτου
2633 5282 2728 5335 τοῦ
2760 5283 3037 5353 σώματος,
3065 5286 3183 5338 ὅσοι
3204 5285 3296 5339 τοῦ
3324 5285 3557 5355 αἵματος
3587 5283 4003 5351 άπογευόμεθα,

2424 5374 2655 5426 ἐννοεῖτε
2680 5375 2763 5427 ὅτι
2786 5376 2996 5429 ἐκείνου
3020 5376 3114 5428 τοῦ
3138 5377 3250 5430 ἄνω
3278 5376 3613 5445 καθημένου,
3630 5373 3724 5426 τοῦ
3752 5390 4003 5443 προσκυ-

2425 5464 2683 5533 νουμένου
2710 5466 2861 5537 παρὰ
2879 5466 3148 5533 ἀγγέλων,
3170 5466 3264 5519 τοῦ
3286 5468 3383 5536 τῆς
3406 5468 3684 5536 ἀκηράτου
3716 5464 4005 5531 δυνάμεως

2425 5559 2613 5626 ἐγγὺς,
2640 5559 2830 5612 τούτου
2863 5559 3265 5629 άπογευόμεθα,
3305 5558 3488 5627 Οίμοι,
3523 5559 3686 5610 πόσαι
3726 5556 3863 5627 πρὸς
3895 5572 4005 5607 σω-

2425 5650 2616 5721 τηρίαν
2646 5652 2777 5719 ἡμῖν
2803 5648 2946 5705 ὁδοίί
2992 5650 3158 5721 Σῶμα
3190 5651 3336 5722 ἡμᾶς
3367 5648 3561 5703 ἐαυτοῦ
3606 5646 3855 5707 ἐποίησε,
3900 5647 4004 5699 αφ.
