  <div class='ocr_page' id='page_1' title='image "/cluster/home/n/w/nwhite01/storage/ocr_20150623/147/nnc1.0046980555/404.png"; bbox 0 0 4266 6450; ppageno 0'>
   <div class='ocr_carea' id='block_1_1' title="bbox 270 431 371 491">
    <p class='ocr_par' dir='ltr' id='par_1_1' title="bbox 270 431 371 491">
     <span class='ocr_line' id='line_1_1' title="bbox 270 431 371 491; baseline 0 0"><span class='ocrx_word' id='word_1_1' title='bbox 270 431 371 491; x_wconf 79' lang='lat'><strong>797</strong></span> 
     </span>
    </p>
   </div>
   <div class='ocr_carea' id='block_1_2' title="bbox 1460 442 2292 537">
    <p class='ocr_par' dir='ltr' id='par_1_2' title="bbox 1460 442 2292 537">
     <span class='ocr_line' id='line_1_2' title="bbox 1460 442 2292 537; baseline 0.018 -38"><span class='ocrx_word' id='word_1_2' title='bbox 1460 442 1866 504; x_wconf 84' lang='lat' dir='ltr'><strong>OPUSCULA</strong></span> <span class='ocrx_word' id='word_1_3' title='bbox 1921 447 2292 537; x_wconf 69' lang='lat' dir='ltr'><strong>tscmm.</strong></span> 
     </span>
    </p>
   </div>
   <div class='ocr_carea' id='block_1_3' title="bbox 3423 472 3522 535">
    <p class='ocr_par' dir='ltr' id='par_1_3' title="bbox 3423 472 3522 535">
     <span class='ocr_line' id='line_1_3' title="bbox 3423 472 3522 535; baseline 0.02 -3"><span class='ocrx_word' id='word_1_4' title='bbox 3423 472 3522 535; x_wconf 87' lang='lat'><strong>798</strong></span> 
     </span>
    </p>
   </div>
   <div class='ocr_carea' id='block_1_4' title="bbox 273 573 1958 673">
    <p class='ocr_par' dir='ltr' id='par_1_4' title="bbox 273 573 1958 673">
     <span class='ocr_line' id='line_1_4' title="bbox 273 573 1958 673; baseline -0.017 -18"><span class='ocrx_word' id='word_1_5' title='bbox 273 617 446 673; x_wconf 87' lang='grc' dir='ltr'><strong>ματος</strong></span> <span class='ocrx_word' id='word_1_6' title='bbox 479 601 614 671; x_wconf 71' lang='grc' dir='ltr'><strong>ἡμῖν</strong></span> <span class='ocrx_word' id='word_1_7' title='bbox 638 598 733 650; x_wconf 91' lang='grc' dir='ltr'><strong>τοῦ</strong></span> <span class='ocrx_word' id='word_1_8' title='bbox 775 594 970 650; x_wconf 71' lang='grc' dir='ltr'><strong>ἑαυτοῦ</strong></span> <span class='ocrx_word' id='word_1_9' title='bbox 1001 589 1298 663; x_wconf 75' lang='grc' dir='ltr'><strong>μετέδωκε,</strong></span> <span class='ocrx_word' id='word_1_10' title='bbox 1334 587 1428 640; x_wconf 79' lang='grc' dir='ltr'><strong>καὶ</strong></span> <span class='ocrx_word' id='word_1_11' title='bbox 1454 583 1605 636; x_wconf 81' lang='grc' dir='ltr'><strong>ούδὶν</strong></span> <span class='ocrx_word' id='word_1_12' title='bbox 1642 581 1847 673; x_wconf 83' lang='grc' dir='ltr'><strong>τούτων</strong></span> <span class='ocrx_word' id='word_1_13' title='bbox 1875 573 1918 628; x_wconf 78' lang='grc' dir='ltr'><strong>Δ</strong></span> <span class='ocrx_word' id='word_1_14' title='bbox 1948 591 1958 627; x_wconf 85' lang='lat' dir='ltr'><strong>t</strong></span> 
     </span>
    </p>
   </div>
   <div class='ocr_carea' id='block_1_5' title="bbox 1843 573 3528 673">
    <p class='ocr_par' dir='ltr' id='par_1_5' title="bbox 1843 573 3528 673">
     <span class='ocr_line' id='line_1_5' title="bbox 1843 573 3528 673; baseline 0.015 -46"><span class='ocrx_word' id='word_1_15' title='bbox 1843 596 1847 618; x_wconf 73' lang='grc' dir='ltr'>ν</span> <span class='ocrx_word' id='word_1_16' title='bbox 1875 573 1918 628; x_wconf 77' lang='grc' dir='ltr'><strong>Δ</strong></span> <span class='ocrx_word' id='word_1_17' title='bbox 1948 590 1982 629; x_wconf 94' lang='grc' dir='ltr'><strong>ο</strong></span> <span class='ocrx_word' id='word_1_18' title='bbox 2015 576 2443 673; x_wconf 78' lang='lat' dir='ltr'><strong>impudentiam!</strong></span> <span class='ocrx_word' id='word_1_19' title='bbox 2487 603 2505 636; x_wconf 73' lang='grc' dir='ltr'><strong>ι</strong></span> <span class='ocrx_word' id='word_1_20' title='bbox 2549 583 2614 639; x_wconf 87' lang='lat' dir='ltr'><strong>Et</strong></span> <span class='ocrx_word' id='word_1_21' title='bbox 2655 603 2871 644; x_wconf 85' lang='lat' dir='ltr'><strong>rursum</strong></span> <span class='ocrx_word' id='word_1_22' title='bbox 2902 608 2915 644; x_wconf 90' lang='lat'><strong>:</strong></span> <span class='ocrx_word' id='word_1_23' title='bbox 2948 611 2965 643; x_wconf 80' lang='grc' dir='ltr'><strong>ι</strong></span> <span class='ocrx_word' id='word_1_24' title='bbox 3003 591 3284 648; x_wconf 81' lang='lat' dir='ltr'><strong>Mirandus</strong></span> <span class='ocrx_word' id='word_1_25' title='bbox 3311 594 3528 662; x_wconf 88' lang='lat' dir='ltr'><strong>quidam</strong></span> 
     </span>
    </p>
   </div>
   <div class='ocr_carea' id='block_1_6' title="bbox 273 671 1850 766">
    <p class='ocr_par' dir='ltr' id='par_1_6' title="bbox 273 671 1850 766">
     <span class='ocr_line' id='line_1_6' title="bbox 273 671 1850 766; baseline -0.02 -13"><span class='ocrx_word' id='word_1_26' title='bbox 273 671 422 766; x_wconf 57' lang='grc' dir='ltr'><strong>ἡμᾶς</strong></span> <span class='ocrx_word' id='word_1_27' title='bbox 455 693 756 763; x_wconf 76' lang='grc' dir='ltr'><strong>ἀποτρέπει</strong></span> <span class='ocrx_word' id='word_1_28' title='bbox 779 689 888 742; x_wconf 85' lang='grc' dir='ltr'><strong>τῶν</strong></span> <span class='ocrx_word' id='word_1_29' title='bbox 917 685 1123 741; x_wconf 81' lang='grc' dir='ltr'><strong>κακῶν.</strong></span> <span class='ocrx_word' id='word_1_30' title='bbox 1157 683 1222 735; x_wconf 79' lang='grc' dir='ltr'><strong>Ὢ</strong></span> <span class='ocrx_word' id='word_1_31' title='bbox 1267 683 1364 749; x_wconf 82' lang='grc' dir='ltr'><strong>τῆς</strong></span> <span class='ocrx_word' id='word_1_32' title='bbox 1395 675 1728 747; x_wconf 75' lang='grc' dir='ltr'><strong>ἀναλγησίας</strong></span> <span class='ocrx_word' id='word_1_33' title='bbox 1754 675 1768 728; x_wconf 84' lang='grc' dir='ltr'><strong>ι</strong></span> <span class='ocrx_word' id='word_1_34' title='bbox 1805 671 1850 725; x_wconf 81' lang='grc' dir='ltr'>ὦ</span> 
     </span>
    </p>
   </div>
   <div class='ocr_carea' id='block_1_7' title="bbox 274 770 1848 858">
    <p class='ocr_par' dir='ltr' id='par_1_7' title="bbox 274 770 1848 858">
     <span class='ocr_line' id='line_1_7' title="bbox 274 770 1848 858; baseline -0.015 -15"><span class='ocrx_word' id='word_1_35' title='bbox 274 790 379 858; x_wconf 81' lang='grc' dir='ltr'><strong>τῆς</strong></span> <span class='ocrx_word' id='word_1_36' title='bbox 429 784 818 858; x_wconf 83' lang='grc' dir='ltr'><strong>ἀναισθησίαςί</strong></span> <span class='ocrx_word' id='word_1_37' title='bbox 856 801 874 834; x_wconf 69' lang='grc' dir='ltr'><strong>ι</strong></span> <span class='ocrx_word' id='word_1_38' title='bbox 935 781 1045 833; x_wconf 76' lang='grc' dir='ltr'><strong>Καὶ</strong></span> <span class='ocrx_word' id='word_1_39' title='bbox 1086 772 1262 838; x_wconf 80' lang='grc' dir='ltr'><strong>αὖθις·</strong></span> <span class='ocrx_word' id='word_1_40' title='bbox 1331 793 1349 825; x_wconf 82' lang='grc' dir='ltr'><strong>ι</strong></span> <span class='ocrx_word' id='word_1_41' title='bbox 1390 770 1709 844; x_wconf 78' lang='grc' dir='ltr'><strong>Πρεσῦύτης</strong></span> <span class='ocrx_word' id='word_1_42' title='bbox 1765 784 1848 829; x_wconf 87' lang='grc' dir='ltr'><strong>τις</strong></span> 
     </span>
    </p>
   </div>
   <div class='ocr_carea' id='block_1_8' title="bbox 278 860 1853 950">
    <p class='ocr_par' dir='ltr' id='par_1_8' title="bbox 278 860 1853 950">
     <span class='ocr_line' id='line_1_8' title="bbox 278 860 1853 950; baseline -0.015 -16"><span class='ocrx_word' id='word_1_43' title='bbox 278 881 612 950; x_wconf 82' lang='grc' dir='ltr'><strong>θαυμαπδς,</strong></span> <span class='ocrx_word' id='word_1_44' title='bbox 667 877 790 948; x_wconf 71' lang='grc' dir='ltr'><strong>ἐμοὶ</strong></span> <span class='ocrx_word' id='word_1_45' title='bbox 836 874 1154 944; x_wconf 85' lang='grc' dir='ltr'><strong>διηγήσατο,</strong></span> <span class='ocrx_word' id='word_1_46' title='bbox 1205 865 1444 923; x_wconf 85' lang='grc' dir='ltr'><strong>τοιοῦτόν</strong></span> <span class='ocrx_word' id='word_1_47' title='bbox 1500 881 1552 917; x_wconf 89' lang='grc' dir='ltr'><strong>τι</strong></span> <span class='ocrx_word' id='word_1_48' title='bbox 1603 860 1853 924; x_wconf 70' lang='grc' dir='ltr'><strong>ἀξιωθεὶς</strong></span> 
     </span>
    </p>
   </div>
   <div class='ocr_carea' id='block_1_9' title="bbox 281 950 1854 1037">
    <p class='ocr_par' dir='ltr' id='par_1_9' title="bbox 281 950 1854 1037">
     <span class='ocr_line' id='line_1_9' title="bbox 281 950 1854 1037; baseline -0.015 -9"><span class='ocrx_word' id='word_1_49' title='bbox 281 975 440 1037; x_wconf 82' lang='grc' dir='ltr'><strong>ίδεῖν,</strong></span> <span class='ocrx_word' id='word_1_50' title='bbox 473 974 565 1024; x_wconf 79' lang='grc' dir='ltr'><strong>καὶ</strong></span> <span class='ocrx_word' id='word_1_51' title='bbox 593 971 847 1030; x_wconf 86' lang='grc' dir='ltr'><strong>ἀκοῦσαι,</strong></span> <span class='ocrx_word' id='word_1_52' title='bbox 875 969 958 1020; x_wconf 83' lang='grc' dir='ltr'><strong>ὅτι</strong></span> <span class='ocrx_word' id='word_1_53' title='bbox 981 966 1106 1023; x_wconf 80' lang='grc' dir='ltr'><strong>τοὺς</strong></span> <span class='ocrx_word' id='word_1_54' title='bbox 1140 961 1432 1032; x_wconf 70' lang='grc' dir='ltr'><strong>μέλλοντας</strong></span> <span class='ocrx_word' id='word_1_55' title='bbox 1455 954 1664 1009; x_wconf 68' lang='grc' dir='ltr'><strong>ἐνθένδε</strong></span> <span class='ocrx_word' id='word_1_56' title='bbox 1687 950 1854 1007; x_wconf 84' lang='grc' dir='ltr'><strong>ἀπαί-</strong></span> 
     </span>
    </p>
   </div>
   <div class='ocr_carea' id='block_1_10' title="bbox 283 1053 1858 1141">
    <p class='ocr_par' dir='ltr' id='par_1_10' title="bbox 283 1053 1858 1141">
     <span class='ocr_line' id='line_1_10' title="bbox 283 1053 1858 1141; baseline -0.015 -17"><span class='ocrx_word' id='word_1_57' title='bbox 283 1088 422 1141; x_wconf 90' lang='grc' dir='ltr'><strong>ρειν,</strong></span> <span class='ocrx_word' id='word_1_58' title='bbox 453 1070 520 1122; x_wconf 83' lang='grc' dir='ltr'><strong>ἀν</strong></span> <span class='ocrx_word' id='word_1_59' title='bbox 539 1068 743 1138; x_wconf 89' lang='grc' dir='ltr'><strong>τύχωσι</strong></span> <span class='ocrx_word' id='word_1_60' title='bbox 772 1065 881 1118; x_wconf 81' lang='grc' dir='ltr'><strong>τῶν</strong></span> <span class='ocrx_word' id='word_1_61' title='bbox 902 1057 1217 1132; x_wconf 76' lang='grc' dir='ltr'><strong>μυστηρίων</strong></span> <span class='ocrx_word' id='word_1_62' title='bbox 1241 1054 1625 1128; x_wconf 83' lang='grc' dir='ltr'><strong>μετασχόντες,</strong></span> <span class='ocrx_word' id='word_1_63' title='bbox 1643 1053 1700 1105; x_wconf 81' lang='grc' dir='ltr'><strong>ὲν</strong></span> <span class='ocrx_word' id='word_1_64' title='bbox 1730 1067 1858 1101; x_wconf 85' lang='grc' dir='ltr'><strong>συν-</strong></span> 
     </span>
    </p>
   </div>
   <div class='ocr_carea' id='block_1_11' title="bbox 281 1143 1854 1234">
    <p class='ocr_par' dir='ltr' id='par_1_11' title="bbox 281 1143 1854 1234">
     <span class='ocr_line' id='line_1_11' title="bbox 281 1143 1854 1234; baseline -0.015 -17"><span class='ocrx_word' id='word_1_65' title='bbox 281 1164 493 1234; x_wconf 81' lang='grc' dir='ltr'><strong>ειδήσει</strong></span> <span class='ocrx_word' id='word_1_66' title='bbox 559 1160 803 1229; x_wconf 76' lang='grc' dir='ltr'><strong>καθαρᾷ,</strong></span> <span class='ocrx_word' id='word_1_67' title='bbox 854 1157 982 1210; x_wconf 84' lang='grc' dir='ltr'><strong>ὅταν</strong></span> <span class='ocrx_word' id='word_1_68' title='bbox 1049 1150 1338 1208; x_wconf 79' lang='grc' dir='ltr'><strong>ἀποθανεῖν</strong></span> <span class='ocrx_word' id='word_1_69' title='bbox 1394 1147 1646 1216; x_wconf 84' lang='grc' dir='ltr'><strong>μέλλωσι,</strong></span> <span class='ocrx_word' id='word_1_70' title='bbox 1696 1143 1854 1213; x_wconf 87' lang='grc' dir='ltr'><strong>δορυ-</strong></span> 
     </span>
    </p>
   </div>
   <div class='ocr_carea' id='block_1_12' title="bbox 282 1239 1860 1328">
    <p class='ocr_par' dir='ltr' id='par_1_12' title="bbox 282 1239 1860 1328">
     <span class='ocr_line' id='line_1_12' title="bbox 282 1239 1860 1328; baseline -0.013 -18"><span class='ocrx_word' id='word_1_71' title='bbox 282 1255 580 1328; x_wconf 82' lang='grc' dir='ltr'><strong>φοροῦντες</strong></span> <span class='ocrx_word' id='word_1_72' title='bbox 612 1255 660 1306; x_wconf 90' lang='grc' dir='ltr'><strong>οί</strong></span> <span class='ocrx_word' id='word_1_73' title='bbox 695 1251 920 1320; x_wconf 84' lang='grc' dir='ltr'><strong>ἀγγελοι</strong></span> <span class='ocrx_word' id='word_1_74' title='bbox 949 1251 1016 1303; x_wconf 81' lang='grc' dir='ltr'><strong>δι’</strong></span> <span class='ocrx_word' id='word_1_75' title='bbox 1056 1249 1231 1300; x_wconf 81' lang='grc' dir='ltr'><strong>έκεῖνο</strong></span> <span class='ocrx_word' id='word_1_76' title='bbox 1259 1244 1320 1296; x_wconf 80' lang='grc' dir='ltr'><strong>τὸ</strong></span> <span class='ocrx_word' id='word_1_77' title='bbox 1353 1242 1717 1311; x_wconf 82' lang='grc' dir='ltr'><strong>μεταληφθὲν,</strong></span> <span class='ocrx_word' id='word_1_78' title='bbox 1773 1239 1860 1290; x_wconf 80' lang='grc' dir='ltr'><strong>ἐν-</strong></span> 
     </span>
    </p>
   </div>
   <div class='ocr_carea' id='block_1_13' title="bbox 283 1336 1859 1416">
    <p class='ocr_par' dir='ltr' id='par_1_13' title="bbox 283 1336 1859 1416">
     <span class='ocr_line' id='line_1_13' title="bbox 283 1336 1859 1416; baseline -0.013 -12"><span class='ocrx_word' id='word_1_79' title='bbox 283 1351 438 1404; x_wconf 86' lang='grc' dir='ltr'><strong>θένδε</strong></span> <span class='ocrx_word' id='word_1_80' title='bbox 496 1348 794 1416; x_wconf 80' lang='grc' dir='ltr'><strong>ἀπάγουσι.</strong></span> <span class='ocrx_word' id='word_1_81' title='bbox 835 1365 853 1396; x_wconf 67' lang='grc' dir='ltr'><strong>ι</strong></span> <span class='ocrx_word' id='word_1_82' title='bbox 907 1344 1016 1397; x_wconf 75' lang='grc' dir='ltr'><strong>Καὶ</strong></span> <span class='ocrx_word' id='word_1_83' title='bbox 1081 1342 1110 1393; x_wconf 94' lang='lat'><strong>6</strong></span> <span class='ocrx_word' id='word_1_84' title='bbox 1157 1341 1297 1402; x_wconf 78' lang='grc' dir='ltr'><strong>θεῖος</strong></span> <span class='ocrx_word' id='word_1_85' title='bbox 1345 1336 1859 1416; x_wconf 80' lang='grc' dir='ltr'><strong>ἸωάννηςὸΔαμα-</strong></span> 
     </span>
    </p>
   </div>
   <div class='ocr_carea' id='block_1_14' title="bbox 284 1415 1858 1509">
    <p class='ocr_par' dir='ltr' id='par_1_14' title="bbox 284 1415 1858 1509">
     <span class='ocr_line' id='line_1_14' title="bbox 284 1415 1858 1509; baseline -0.014 -15"><span class='ocrx_word' id='word_1_86' title='bbox 284 1440 486 1509; x_wconf 86' lang='grc' dir='ltr'><strong>σκηνός</strong></span> <span class='ocrx_word' id='word_1_87' title='bbox 507 1451 523 1465; x_wconf 86' lang='grc'>⁶</span> <span class='ocrx_word' id='word_1_88' title='bbox 554 1459 573 1490; x_wconf 79' lang='grc' dir='ltr'><strong>ι</strong></span> <span class='ocrx_word' id='word_1_89' title='bbox 625 1435 848 1506; x_wconf 80' lang='grc' dir='ltr'><strong>Ἐπειδὴ</strong></span> <span class='ocrx_word' id='word_1_90' title='bbox 872 1435 1052 1488; x_wconf 75' lang='grc' dir='ltr'><strong>διπλοῖ</strong></span> <span class='ocrx_word' id='word_1_91' title='bbox 1078 1433 1220 1494; x_wconf 83' lang='grc' dir='ltr'><strong>τινές</strong></span> <span class='ocrx_word' id='word_1_92' title='bbox 1249 1415 1435 1500; x_wconf 79' lang='grc' dir='ltr'><strong>ἐσμεν,</strong></span> <span class='ocrx_word' id='word_1_93' title='bbox 1461 1427 1556 1480; x_wconf 69' lang='grc' dir='ltr'><strong>καὶ</strong></span> <span class='ocrx_word' id='word_1_94' title='bbox 1595 1424 1858 1486; x_wconf 77' lang='grc' dir='ltr'><strong>σύνθετοι,</strong></span> 
     </span>
    </p>
   </div>
   <div class='ocr_carea' id='block_1_15' title="bbox 282 1514 1863 1599">
    <p class='ocr_par' dir='ltr' id='par_1_15' title="bbox 282 1514 1863 1599">
     <span class='ocr_line' id='line_1_15' title="bbox 282 1514 1863 1599; baseline -0.015 -12"><span class='ocrx_word' id='word_1_95' title='bbox 282 1534 368 1587; x_wconf 86' lang='grc' dir='ltr'><strong>δεῖ</strong></span> <span class='ocrx_word' id='word_1_96' title='bbox 398 1534 495 1584; x_wconf 81' lang='grc' dir='ltr'><strong>καὶ</strong></span> <span class='ocrx_word' id='word_1_97' title='bbox 521 1531 620 1599; x_wconf 77' lang='grc' dir='ltr'><strong>τὴν</strong></span> <span class='ocrx_word' id='word_1_98' title='bbox 663 1529 922 1598; x_wconf 83' lang='grc' dir='ltr'><strong>γέννησιν</strong></span> <span class='ocrx_word' id='word_1_99' title='bbox 955 1524 1148 1593; x_wconf 79' lang='grc' dir='ltr'><strong>διπλῆν</strong></span> <span class='ocrx_word' id='word_1_100' title='bbox 1174 1517 1334 1586; x_wconf 86' lang='grc' dir='ltr'><strong>εἷναι,</strong></span> <span class='ocrx_word' id='word_1_101' title='bbox 1383 1520 1580 1589; x_wconf 79' lang='grc' dir='ltr'><strong>ὁμοίως</strong></span> <span class='ocrx_word' id='word_1_102' title='bbox 1625 1515 1718 1568; x_wconf 76' lang='grc' dir='ltr'><strong>καὶ</strong></span> <span class='ocrx_word' id='word_1_103' title='bbox 1765 1514 1863 1584; x_wconf 80' lang='grc' dir='ltr'><strong>τὴν</strong></span> 
     </span>
    </p>
   </div>
   <div class='ocr_carea' id='block_1_16' title="bbox 287 1605 1864 1694">
    <p class='ocr_par' dir='ltr' id='par_1_16' title="bbox 287 1605 1864 1694">
     <span class='ocr_line' id='line_1_16' title="bbox 287 1605 1864 1694; baseline -0.012 -20"><span class='ocrx_word' id='word_1_104' title='bbox 287 1622 517 1694; x_wconf 81' lang='grc' dir='ltr'><strong>βρῶσιν,</strong></span> <span class='ocrx_word' id='word_1_105' title='bbox 559 1619 835 1672; x_wconf 85' lang='grc' dir='ltr'><strong>σύνθετον.</strong></span> <span class='ocrx_word' id='word_1_106' title='bbox 876 1617 940 1671; x_wconf 84' lang='grc' dir='ltr'>Ἡ</span> <span class='ocrx_word' id='word_1_107' title='bbox 977 1618 1076 1685; x_wconf 78' lang='grc' dir='ltr'><strong>μὲν</strong></span> <span class='ocrx_word' id='word_1_108' title='bbox 1129 1609 1223 1666; x_wconf 86' lang='grc' dir='ltr'><strong>οῦν</strong></span> <span class='ocrx_word' id='word_1_109' title='bbox 1263 1611 1538 1680; x_wconf 81' lang='grc' dir='ltr'><strong>γέννησις,</strong></span> <span class='ocrx_word' id='word_1_110' title='bbox 1574 1606 1640 1659; x_wconf 81' lang='grc' dir='ltr'><strong>δι’</strong></span> <span class='ocrx_word' id='word_1_111' title='bbox 1675 1605 1864 1666; x_wconf 84' lang='grc' dir='ltr'><strong>ὓδατος</strong></span> 
     </span>
    </p>
   </div>
   <div class='ocr_carea' id='block_1_17' title="bbox 286 1697 1866 1784">
    <p class='ocr_par' dir='ltr' id='par_1_17' title="bbox 286 1697 1866 1784">
     <span class='ocr_line' id='line_1_17' title="bbox 286 1697 1866 1784; baseline -0.011 -19"><span class='ocrx_word' id='word_1_112' title='bbox 286 1716 446 1784; x_wconf 81' lang='grc' dir='ltr'><strong>ἡμῖν,</strong></span> <span class='ocrx_word' id='word_1_113' title='bbox 476 1713 573 1765; x_wconf 67' lang='grc' dir='ltr'><strong>καὶ</strong></span> <span class='ocrx_word' id='word_1_114' title='bbox 601 1709 915 1778; x_wconf 86' lang='grc' dir='ltr'><strong>πνεύματος</strong></span> <span class='ocrx_word' id='word_1_115' title='bbox 939 1706 1156 1768; x_wconf 87' lang='grc' dir='ltr'><strong>δίδοται,</strong></span> <span class='ocrx_word' id='word_1_116' title='bbox 1181 1705 1213 1772; x_wconf 81' lang='grc' dir='ltr'><strong>ἡ</strong></span> <span class='ocrx_word' id='word_1_117' title='bbox 1239 1702 1295 1754; x_wconf 83' lang='grc' dir='ltr'><strong>δὲ</strong></span> <span class='ocrx_word' id='word_1_118' title='bbox 1321 1701 1520 1771; x_wconf 84' lang='grc' dir='ltr'><strong>βρῶσις</strong></span> <span class='ocrx_word' id='word_1_119' title='bbox 1541 1697 1700 1759; x_wconf 84' lang='grc' dir='ltr'><strong>αὐτός</strong></span> <span class='ocrx_word' id='word_1_120' title='bbox 1721 1699 1866 1749; x_wconf 85' lang='grc' dir='ltr'><strong>ὲστιν</strong></span> 
     </span>
    </p>
   </div>
   <div class='ocr_carea' id='block_1_18' title="bbox 283 1786 1864 1874">
    <p class='ocr_par' dir='ltr' id='par_1_18' title="bbox 283 1786 1864 1874">
     <span class='ocr_line' id='line_1_18' title="bbox 283 1786 1864 1874; baseline -0.014 -14"><span class='ocrx_word' id='word_1_121' title='bbox 283 1809 314 1860; x_wconf 91' lang='lat'><strong>6</strong></span> <span class='ocrx_word' id='word_1_122' title='bbox 351 1805 515 1874; x_wconf 87' lang='grc' dir='ltr'><strong>ἄρτος</strong></span> <span class='ocrx_word' id='word_1_123' title='bbox 537 1804 635 1873; x_wconf 84' lang='grc' dir='ltr'><strong>τῆς</strong></span> <span class='ocrx_word' id='word_1_124' title='bbox 669 1801 837 1870; x_wconf 79' lang='grc' dir='ltr'><strong>ζωῆς,</strong></span> <span class='ocrx_word' id='word_1_125' title='bbox 870 1802 898 1852; x_wconf 97' lang='lat'><strong>6</strong></span> <span class='ocrx_word' id='word_1_126' title='bbox 926 1797 1130 1866; x_wconf 78' lang='grc' dir='ltr'><strong>Κύριος</strong></span> <span class='ocrx_word' id='word_1_127' title='bbox 1164 1795 1324 1865; x_wconf 78' lang='grc' dir='ltr'><strong>ἡμῶν</strong></span> <span class='ocrx_word' id='word_1_128' title='bbox 1370 1790 1577 1859; x_wconf 82' lang='grc' dir='ltr'><strong>Ἰησοῦς</strong></span> <span class='ocrx_word' id='word_1_129' title='bbox 1609 1786 1864 1858; x_wconf 75' lang='grc' dir='ltr'><strong>Χριστὸς,</strong></span> 
     </span>
    </p>
   </div>
   <div class='ocr_carea' id='block_1_19' title="bbox 284 1877 1866 1966">
    <p class='ocr_par' dir='ltr' id='par_1_19' title="bbox 284 1877 1866 1966">
     <span class='ocr_line' id='line_1_19' title="bbox 284 1877 1866 1966; baseline -0.015 -15"><span class='ocrx_word' id='word_1_130' title='bbox 284 1900 317 1952; x_wconf 90' lang='lat'><strong>6</strong></span> <span class='ocrx_word' id='word_1_131' title='bbox 357 1895 420 1962; x_wconf 80' lang='grc' dir='ltr'><strong>ἐξ</strong></span> <span class='ocrx_word' id='word_1_132' title='bbox 449 1893 681 1966; x_wconf 82' lang='grc' dir='ltr'><strong>οὐρανοῦ</strong></span> <span class='ocrx_word' id='word_1_133' title='bbox 726 1890 990 1953; x_wconf 77' lang='grc' dir='ltr'><strong>καταϐάς,</strong></span> <span class='ocrx_word' id='word_1_134' title='bbox 1025 1889 1118 1941; x_wconf 77' lang='grc' dir='ltr'><strong>καὶ</strong></span> <span class='ocrx_word' id='word_1_135' title='bbox 1160 1887 1349 1954; x_wconf 82' lang='grc' dir='ltr'><strong>ὥσπερ</strong></span> <span class='ocrx_word' id='word_1_136' title='bbox 1395 1881 1489 1934; x_wconf 76' lang='grc' dir='ltr'><strong>επὶ</strong></span> <span class='ocrx_word' id='word_1_137' title='bbox 1541 1878 1633 1932; x_wconf 85' lang='grc' dir='ltr'><strong>τοῦ</strong></span> <span class='ocrx_word' id='word_1_138' title='bbox 1670 1877 1866 1949; x_wconf 83' lang='grc' dir='ltr'><strong>βαπτί-</strong></span> 
     </span>
    </p>
   </div>
   <div class='ocr_carea' id='block_1_20' title="bbox 290 1967 1865 2057">
    <p class='ocr_par' dir='ltr' id='par_1_20' title="bbox 290 1967 1865 2057">
     <span class='ocr_line' id='line_1_20' title="bbox 290 1967 1865 2057; baseline -0.014 -18"><span class='ocrx_word' id='word_1_139' title='bbox 290 2002 524 2057; x_wconf 92' lang='grc' dir='ltr'><strong>σματος,</strong></span> <span class='ocrx_word' id='word_1_140' title='bbox 557 1982 748 2052; x_wconf 77' lang='grc' dir='ltr'><strong>ἐπειδὴ</strong></span> <span class='ocrx_word' id='word_1_141' title='bbox 776 1980 895 2043; x_wconf 72' lang='grc' dir='ltr'><strong>ἔθος</strong></span> <span class='ocrx_word' id='word_1_142' title='bbox 928 1979 1038 2042; x_wconf 86' lang='grc' dir='ltr'><strong>τοῖς</strong></span> <span class='ocrx_word' id='word_1_143' title='bbox 1066 1975 1373 2045; x_wconf 82' lang='grc' dir='ltr'><strong>ἀνθρώποις</strong></span> <span class='ocrx_word' id='word_1_144' title='bbox 1404 1971 1554 2023; x_wconf 79' lang='grc' dir='ltr'><strong>ὕδατι</strong></span> <span class='ocrx_word' id='word_1_145' title='bbox 1583 1967 1865 2057; x_wconf 51' lang='grc' dir='ltr'><strong>λούεσθαι,</strong></span> 
     </span>
    </p>
   </div>
   <div class='ocr_carea' id='block_1_21' title="bbox 288 2055 1866 2142">
    <p class='ocr_par' dir='ltr' id='par_1_21' title="bbox 288 2055 1866 2142">
     <span class='ocr_line' id='line_1_21' title="bbox 288 2055 1866 2142; baseline -0.015 -15"><span class='ocrx_word' id='word_1_146' title='bbox 288 2055 390 2127; x_wconf 72' lang='grc' dir='ltr'><strong>καὶ</strong></span> <span class='ocrx_word' id='word_1_147' title='bbox 445 2073 610 2142; x_wconf 82' lang='grc' dir='ltr'><strong>ἐλαίῳ</strong></span> <span class='ocrx_word' id='word_1_148' title='bbox 653 2067 937 2141; x_wconf 80' lang='grc' dir='ltr'><strong>χρίεσθαι,</strong></span> <span class='ocrx_word' id='word_1_149' title='bbox 991 2063 1278 2127; x_wconf 74' lang='grc' dir='ltr'><strong>συνέζευξε</strong></span> <span class='ocrx_word' id='word_1_150' title='bbox 1325 2059 1403 2130; x_wconf 84' lang='grc' dir='ltr'><strong>τῷ</strong></span> <span class='ocrx_word' id='word_1_151' title='bbox 1435 2057 1601 2126; x_wconf 77' lang='grc' dir='ltr'><strong>ἐλαίῳ</strong></span> <span class='ocrx_word' id='word_1_152' title='bbox 1653 2057 1745 2108; x_wconf 74' lang='grc' dir='ltr'><strong>καὶ</strong></span> <span class='ocrx_word' id='word_1_153' title='bbox 1789 2055 1866 2124; x_wconf 80' lang='grc' dir='ltr'><strong>τῷ</strong></span> 
     </span>
    </p>
   </div>
   <div class='ocr_carea' id='block_1_22' title="bbox 290 2146 1868 2232">
    <p class='ocr_par' dir='ltr' id='par_1_22' title="bbox 290 2146 1868 2232">
     <span class='ocr_line' id='line_1_22' title="bbox 290 2146 1868 2232; baseline -0.014 -13"><span class='ocrx_word' id='word_1_154' title='bbox 290 2166 475 2231; x_wconf 75' lang='grc' dir='ltr'><strong>ὕδατι,</strong></span> <span class='ocrx_word' id='word_1_155' title='bbox 506 2165 604 2232; x_wconf 82' lang='grc' dir='ltr'><strong>τὴν</strong></span> <span class='ocrx_word' id='word_1_156' title='bbox 630 2163 790 2231; x_wconf 85' lang='grc' dir='ltr'><strong>χάριν</strong></span> <span class='ocrx_word' id='word_1_157' title='bbox 815 2159 908 2212; x_wconf 89' lang='grc' dir='ltr'><strong>τοῦ</strong></span> <span class='ocrx_word' id='word_1_158' title='bbox 944 2155 1282 2225; x_wconf 82' lang='grc' dir='ltr'><strong>Πνεύματος,</strong></span> <span class='ocrx_word' id='word_1_159' title='bbox 1325 2153 1419 2204; x_wconf 69' lang='grc' dir='ltr'><strong>καὶ</strong></span> <span class='ocrx_word' id='word_1_160' title='bbox 1461 2149 1714 2218; x_wconf 78' lang='grc' dir='ltr'><strong>ἐποίησεν</strong></span> <span class='ocrx_word' id='word_1_161' title='bbox 1739 2146 1868 2200; x_wconf 73' lang='grc' dir='ltr'><strong>αὐτὸ</strong></span> 
     </span>
    </p>
   </div>
   <div class='ocr_carea' id='block_1_23' title="bbox 291 2240 1872 2325">
    <p class='ocr_par' dir='ltr' id='par_1_23' title="bbox 291 2240 1872 2325">
     <span class='ocr_line' id='line_1_23' title="bbox 291 2240 1872 2325; baseline -0.011 -15"><span class='ocrx_word' id='word_1_162' title='bbox 291 2257 523 2325; x_wconf 73' lang='grc' dir='ltr'><strong>λουτρὸν</strong></span> <span class='ocrx_word' id='word_1_163' title='bbox 587 2253 1031 2321; x_wconf 75' lang='grc' dir='ltr'><strong>ἀναγεννήσεως,</strong></span> <span class='ocrx_word' id='word_1_164' title='bbox 1094 2246 1266 2308; x_wconf 82' lang='grc' dir='ltr'><strong>οὕτως</strong></span> <span class='ocrx_word' id='word_1_165' title='bbox 1318 2241 1506 2313; x_wconf 68' lang='grc' dir='ltr'><strong>ἐπειδὴ</strong></span> <span class='ocrx_word' id='word_1_166' title='bbox 1562 2240 1682 2302; x_wconf 80' lang='grc' dir='ltr'><strong>ἔθος</strong></span> <span class='ocrx_word' id='word_1_167' title='bbox 1739 2240 1872 2309; x_wconf 72' lang='grc' dir='ltr'><strong>ἡμῖν</strong></span> 
     </span>
    </p>
   </div>
   <div class='ocr_carea' id='block_1_24' title="bbox 292 2331 1870 2417">
    <p class='ocr_par' dir='ltr' id='par_1_24' title="bbox 292 2331 1870 2417">
     <span class='ocr_line' id='line_1_24' title="bbox 292 2331 1870 2417; baseline -0.013 -14"><span class='ocrx_word' id='word_1_168' title='bbox 292 2351 464 2417; x_wconf 81' lang='grc' dir='ltr'><strong>ἄρτον</strong></span> <span class='ocrx_word' id='word_1_169' title='bbox 495 2346 718 2408; x_wconf 76' lang='grc' dir='ltr'><strong>ἐσθίειν,</strong></span> <span class='ocrx_word' id='word_1_170' title='bbox 747 2343 893 2411; x_wconf 80' lang='grc' dir='ltr'><strong>ὓδωρ</strong></span> <span class='ocrx_word' id='word_1_171' title='bbox 913 2342 971 2394; x_wconf 79' lang='grc' dir='ltr'><strong>δὲ</strong></span> <span class='ocrx_word' id='word_1_172' title='bbox 1020 2340 1117 2392; x_wconf 75' lang='grc' dir='ltr'><strong>καὶ</strong></span> <span class='ocrx_word' id='word_1_173' title='bbox 1147 2334 1290 2391; x_wconf 78' lang='grc' dir='ltr'><strong>οἶνον</strong></span> <span class='ocrx_word' id='word_1_174' title='bbox 1315 2336 1511 2398; x_wconf 82' lang='grc' dir='ltr'><strong>πίνειν,</strong></span> <span class='ocrx_word' id='word_1_175' title='bbox 1549 2331 1870 2394; x_wconf 76' lang='grc' dir='ltr'><strong>συνέζευξεν</strong></span> 
     </span>
    </p>
   </div>
   <div class='ocr_carea' id='block_1_25' title="bbox 284 2441 1854 2526">
    <p class='ocr_par' dir='ltr' id='par_1_25' title="bbox 284 2441 1854 2526">
     <span class='ocr_line' id='line_1_25' title="bbox 284 2441 1854 2526; baseline -0.011 -16"><span class='ocrx_word' id='word_1_176' title='bbox 284 2458 476 2520; x_wconf 77' lang='grc' dir='ltr'><strong>αὐτοῖς</strong></span> <span class='ocrx_word' id='word_1_177' title='bbox 513 2455 615 2526; x_wconf 81' lang='grc' dir='ltr'><strong>τὴν</strong></span> <span class='ocrx_word' id='word_1_178' title='bbox 663 2451 859 2508; x_wconf 78' lang='grc' dir='ltr'><strong>ιαυτοῦ</strong></span> <span class='ocrx_word' id='word_1_179' title='bbox 904 2451 1172 2520; x_wconf 80' lang='grc' dir='ltr'><strong>θεότητα·</strong></span> <span class='ocrx_word' id='word_1_180' title='bbox 1231 2446 1328 2500; x_wconf 80' lang='grc' dir='ltr'><strong>καὶ</strong></span> <span class='ocrx_word' id='word_1_181' title='bbox 1371 2443 1671 2512; x_wconf 85' lang='grc' dir='ltr'><strong>πεποίηκεν</strong></span> <span class='ocrx_word' id='word_1_182' title='bbox 1713 2441 1854 2495; x_wconf 85' lang='grc' dir='ltr'><strong>αὑτά</strong></span> 
     </span>
    </p>
   </div>
   <div class='ocr_carea' id='block_1_26' title="bbox 290 2533 1877 2617">
    <p class='ocr_par' dir='ltr' id='par_1_26' title="bbox 290 2533 1877 2617">
     <span class='ocr_line' id='line_1_26' title="bbox 290 2533 1877 2617; baseline -0.011 -15"><span class='ocrx_word' id='word_1_183' title='bbox 290 2549 458 2617; x_wconf 83' lang='grc' dir='ltr'><strong>σῶμα</strong></span> <span class='ocrx_word' id='word_1_184' title='bbox 501 2546 596 2600; x_wconf 79' lang='grc' dir='ltr'><strong>καὶ</strong></span> <span class='ocrx_word' id='word_1_185' title='bbox 649 2540 790 2615; x_wconf 75' lang='grc' dir='ltr'><strong>αἷμα</strong></span> <span class='ocrx_word' id='word_1_186' title='bbox 838 2542 1029 2607; x_wconf 83' lang='grc' dir='ltr'><strong>αὑτοῦ,</strong></span> <span class='ocrx_word' id='word_1_187' title='bbox 1064 2543 1150 2594; x_wconf 78' lang='grc' dir='ltr'><strong>ἵνα</strong></span> <span class='ocrx_word' id='word_1_188' title='bbox 1188 2540 1278 2592; x_wconf 82' lang='grc' dir='ltr'><strong>διὰ</strong></span> <span class='ocrx_word' id='word_1_189' title='bbox 1310 2538 1419 2590; x_wconf 83' lang='grc' dir='ltr'><strong>τῶν</strong></span> <span class='ocrx_word' id='word_1_190' title='bbox 1468 2536 1738 2606; x_wconf 82' lang='grc' dir='ltr'><strong>συνήθων,</strong></span> <span class='ocrx_word' id='word_1_191' title='bbox 1784 2533 1877 2586; x_wconf 64' lang='grc' dir='ltr'><strong>καὶ</strong></span> 
     </span>
    </p>
   </div>
   <div class='ocr_carea' id='block_1_27' title="bbox 289 2624 1878 2706">
    <p class='ocr_par' dir='ltr' id='par_1_27' title="bbox 289 2624 1878 2706">
     <span class='ocr_line' id='line_1_27' title="bbox 289 2624 1878 2706; baseline -0.008 -14"><span class='ocrx_word' id='word_1_192' title='bbox 289 2641 438 2693; x_wconf 88' lang='grc' dir='ltr'><strong>κατά</strong></span> <span class='ocrx_word' id='word_1_193' title='bbox 487 2638 673 2706; x_wconf 84' lang='grc' dir='ltr'><strong>φύσιν,</strong></span> <span class='ocrx_word' id='word_1_194' title='bbox 713 2639 771 2688; x_wconf 82' lang='grc' dir='ltr'><strong>ὲν</strong></span> <span class='ocrx_word' id='word_1_195' title='bbox 800 2638 914 2697; x_wconf 87' lang='grc' dir='ltr'><strong>τοῖς</strong></span> <span class='ocrx_word' id='word_1_196' title='bbox 966 2633 1107 2702; x_wconf 83' lang='grc' dir='ltr'><strong>ὑπὲρ</strong></span> <span class='ocrx_word' id='word_1_197' title='bbox 1140 2631 1302 2699; x_wconf 86' lang='grc' dir='ltr'><strong>φύσιν</strong></span> <span class='ocrx_word' id='word_1_198' title='bbox 1350 2627 1659 2698; x_wconf 87' lang='grc' dir='ltr'><strong>γενώμεθα.</strong></span> <span class='ocrx_word' id='word_1_199' title='bbox 1710 2624 1878 2696; x_wconf 81' lang='grc' dir='ltr'><strong>Σῶμά</strong></span> 
     </span>
    </p>
   </div>
   <div class='ocr_carea' id='block_1_28' title="bbox 291 2713 1874 2796">
    <p class='ocr_par' dir='ltr' id='par_1_28' title="bbox 291 2713 1874 2796">
     <span class='ocr_line' id='line_1_28' title="bbox 291 2713 1874 2796; baseline -0.011 -16"><span class='ocrx_word' id='word_1_200' title='bbox 291 2731 443 2782; x_wconf 75' lang='grc' dir='ltr'><strong>ἔστιν</strong></span> <span class='ocrx_word' id='word_1_201' title='bbox 489 2725 706 2796; x_wconf 82' lang='grc' dir='ltr'><strong>ἀληθῶς</strong></span> <span class='ocrx_word' id='word_1_202' title='bbox 755 2724 1034 2795; x_wconf 80' lang='grc' dir='ltr'><strong>ἡνωμένον</strong></span> <span class='ocrx_word' id='word_1_203' title='bbox 1080 2721 1294 2788; x_wconf 85' lang='grc' dir='ltr'><strong>θεότητι</strong></span> <span class='ocrx_word' id='word_1_204' title='bbox 1321 2758 1335 2782; x_wconf 90' lang='grc'><strong>,</strong></span> <span class='ocrx_word' id='word_1_205' title='bbox 1368 2718 1429 2770; x_wconf 82' lang='grc' dir='ltr'><strong>τὸ</strong></span> <span class='ocrx_word' id='word_1_206' title='bbox 1475 2718 1538 2768; x_wconf 83' lang='grc' dir='ltr'><strong>ὲκ</strong></span> <span class='ocrx_word' id='word_1_207' title='bbox 1575 2715 1672 2783; x_wconf 79' lang='grc' dir='ltr'><strong>τῆς</strong></span> <span class='ocrx_word' id='word_1_208' title='bbox 1715 2713 1874 2780; x_wconf 83' lang='grc' dir='ltr'>ἁγίας</span> 
     </span>
    </p>
   </div>
   <div class='ocr_carea' id='block_1_29' title="bbox 293 2801 1873 2890">
    <p class='ocr_par' dir='ltr' id='par_1_29' title="bbox 293 2801 1873 2890">
     <span class='ocr_line' id='line_1_29' title="bbox 293 2801 1873 2890; baseline -0.012 -18"><span class='ocrx_word' id='word_1_209' title='bbox 293 2819 582 2890; x_wconf 83' lang='grc' dir='ltr'><strong>Παρθένου</strong></span> <span class='ocrx_word' id='word_1_210' title='bbox 602 2817 782 2887; x_wconf 82' lang='grc' dir='ltr'><strong>σῶμα,</strong></span> <span class='ocrx_word' id='word_1_211' title='bbox 801 2816 900 2884; x_wconf 81' lang='grc' dir='ltr'><strong>οὐχ</strong></span> <span class='ocrx_word' id='word_1_212' title='bbox 925 2815 1004 2866; x_wconf 83' lang='grc' dir='ltr'><strong>ὅτι</strong></span> <span class='ocrx_word' id='word_1_213' title='bbox 1027 2813 1156 2863; x_wconf 73' lang='grc' dir='ltr'><strong>αὐτὸ</strong></span> <span class='ocrx_word' id='word_1_214' title='bbox 1173 2810 1234 2862; x_wconf 82' lang='grc' dir='ltr'><strong>τὸ</strong></span> <span class='ocrx_word' id='word_1_215' title='bbox 1257 2808 1438 2876; x_wconf 83' lang='grc' dir='ltr'><strong>σῶμα,</strong></span> <span class='ocrx_word' id='word_1_216' title='bbox 1462 2807 1520 2859; x_wconf 73' lang='grc' dir='ltr'><strong>τὸ</strong></span> <span class='ocrx_word' id='word_1_217' title='bbox 1542 2801 1873 2871; x_wconf 76' lang='grc' dir='ltr'><strong>ἀναληφθὲν,</strong></span> 
     </span>
    </p>
   </div>
   <div class='ocr_carea' id='block_1_30' title="bbox 291 2893 1872 2980">
    <p class='ocr_par' dir='ltr' id='par_1_30' title="bbox 291 2893 1872 2980">
     <span class='ocr_line' id='line_1_30' title="bbox 291 2893 1872 2980; baseline -0.013 -17"><span class='ocrx_word' id='word_1_218' title='bbox 291 2911 354 2974; x_wconf 69' lang='grc' dir='ltr'><strong>ἐξ</strong></span> <span class='ocrx_word' id='word_1_219' title='bbox 387 2907 636 2980; x_wconf 86' lang='grc' dir='ltr'><strong>οὐρανῶν</strong></span> <span class='ocrx_word' id='word_1_220' title='bbox 667 2907 1009 2976; x_wconf 82' lang='grc' dir='ltr'><strong>κατέρχεται,</strong></span> <span class='ocrx_word' id='word_1_221' title='bbox 1044 2902 1158 2955; x_wconf 82' lang='grc' dir='ltr'><strong>ἀλλ’</strong></span> <span class='ocrx_word' id='word_1_222' title='bbox 1190 2902 1272 2953; x_wconf 81' lang='grc' dir='ltr'><strong>ὅτι</strong></span> <span class='ocrx_word' id='word_1_223' title='bbox 1298 2898 1460 2959; x_wconf 81' lang='grc' dir='ltr'><strong>αὐτὸς</strong></span> <span class='ocrx_word' id='word_1_224' title='bbox 1496 2897 1524 2948; x_wconf 91' lang='lat'><strong>6</strong></span> <span class='ocrx_word' id='word_1_225' title='bbox 1559 2895 1742 2964; x_wconf 88' lang='grc' dir='ltr'><strong>ἄρτος,</strong></span> <span class='ocrx_word' id='word_1_226' title='bbox 1779 2893 1872 2944; x_wconf 82' lang='grc' dir='ltr'><strong>καὶ</strong></span> 
     </span>
    </p>
   </div>
   <div class='ocr_carea' id='block_1_31' title="bbox 292 2983 1880 3069">
    <p class='ocr_par' dir='ltr' id='par_1_31' title="bbox 292 2983 1880 3069">
     <span class='ocr_line' id='line_1_31' title="bbox 292 2983 1880 3069; baseline -0.011 -14"><span class='ocrx_word' id='word_1_227' title='bbox 292 3005 321 3056; x_wconf 90' lang='lat'><strong>6</strong></span> <span class='ocrx_word' id='word_1_228' title='bbox 351 2999 518 3064; x_wconf 75' lang='grc' dir='ltr'><strong>οἶνος,</strong></span> <span class='ocrx_word' id='word_1_229' title='bbox 555 3001 933 3069; x_wconf 84' lang='grc' dir='ltr'><strong>μεταποιεῖται</strong></span> <span class='ocrx_word' id='word_1_230' title='bbox 965 2997 1045 3058; x_wconf 89' lang='grc' dir='ltr'><strong>είς</strong></span> <span class='ocrx_word' id='word_1_231' title='bbox 1081 2994 1261 3062; x_wconf 83' lang='grc' dir='ltr'><strong>σῶμα,</strong></span> <span class='ocrx_word' id='word_1_232' title='bbox 1310 2990 1406 3043; x_wconf 78' lang='grc' dir='ltr'><strong>καὶ</strong></span> <span class='ocrx_word' id='word_1_233' title='bbox 1452 2983 1589 3058; x_wconf 75' lang='grc' dir='ltr'><strong>αἷμα</strong></span> <span class='ocrx_word' id='word_1_234' title='bbox 1619 2986 1777 3039; x_wconf 83' lang='grc' dir='ltr'><strong>Θεοῦ.</strong></span> <span class='ocrx_word' id='word_1_235' title='bbox 1818 2985 1880 3038; x_wconf 79' lang='lat' dir='ltr'><strong>Ei</strong></span> 
     </span>
    </p>
   </div>
   <div class='ocr_carea' id='block_1_32' title="bbox 293 3078 1877 3159">
    <p class='ocr_par' dir='ltr' id='par_1_32' title="bbox 293 3078 1877 3159">
     <span class='ocr_line' id='line_1_32' title="bbox 293 3078 1877 3159; baseline -0.013 -14"><span class='ocrx_word' id='word_1_236' title='bbox 293 3092 351 3145; x_wconf 84' lang='grc' dir='ltr'><strong>δὲ</strong></span> <span class='ocrx_word' id='word_1_237' title='bbox 386 3092 477 3142; x_wconf 72' lang='grc' dir='ltr'><strong>τὸν</strong></span> <span class='ocrx_word' id='word_1_238' title='bbox 525 3090 730 3159; x_wconf 79' lang='grc' dir='ltr'><strong>τρόπον</strong></span> <span class='ocrx_word' id='word_1_239' title='bbox 787 3087 1066 3156; x_wconf 76' lang='grc' dir='ltr'><strong>ἐπιζητεῖς</strong></span> <span class='ocrx_word' id='word_1_240' title='bbox 1120 3082 1237 3143; x_wconf 81' lang='grc' dir='ltr'><strong>πῶς</strong></span> <span class='ocrx_word' id='word_1_241' title='bbox 1288 3080 1518 3147; x_wconf 89' lang='grc' dir='ltr'><strong>γίνεται,</strong></span> <span class='ocrx_word' id='word_1_242' title='bbox 1580 3078 1741 3146; x_wconf 87' lang='grc' dir='ltr'><strong>ἀρκεῖ</strong></span> <span class='ocrx_word' id='word_1_243' title='bbox 1796 3090 1877 3126; x_wconf 93' lang='grc' dir='ltr'><strong>σοι</strong></span> 
     </span>
    </p>
   </div>
   <div class='ocr_carea' id='block_1_33' title="bbox 295 3160 1878 3242">
    <p class='ocr_par' dir='ltr' id='par_1_33' title="bbox 295 3160 1878 3242">
     <span class='ocr_line' id='line_1_33' title="bbox 295 3160 1878 3242; baseline -0.015 -9"><span class='ocrx_word' id='word_1_244' title='bbox 295 3179 556 3242; x_wconf 87' lang='grc' dir='ltr'><strong>ἀκοῦσαι,</strong></span> <span class='ocrx_word' id='word_1_245' title='bbox 602 3177 685 3229; x_wconf 84' lang='grc' dir='ltr'><strong>ὅτι</strong></span> <span class='ocrx_word' id='word_1_246' title='bbox 724 3175 813 3228; x_wconf 92' lang='grc' dir='ltr'><strong>διὰ</strong></span> <span class='ocrx_word' id='word_1_247' title='bbox 865 3171 1182 3240; x_wconf 86' lang='grc' dir='ltr'><strong>Πνεύματος</strong></span> <span class='ocrx_word' id='word_1_248' title='bbox 1237 3167 1415 3233; x_wconf 90' lang='grc' dir='ltr'><strong>ἁγίου,</strong></span> <span class='ocrx_word' id='word_1_249' title='bbox 1459 3163 1649 3232; x_wconf 82' lang='grc' dir='ltr'><strong>ὥσπερ</strong></span> <span class='ocrx_word' id='word_1_250' title='bbox 1690 3161 1754 3212; x_wconf 79' lang='grc' dir='ltr'><strong>ὲκ</strong></span> <span class='ocrx_word' id='word_1_251' title='bbox 1783 3160 1878 3229; x_wconf 83' lang='grc' dir='ltr'><strong>τῆς</strong></span> 
     </span>
    </p>
   </div>
   <div class='ocr_carea' id='block_1_34' title="bbox 1945 669 3533 750">
    <p class='ocr_par' dir='ltr' id='par_1_34' title="bbox 1945 669 3533 750">
     <span class='ocr_line' id='line_1_34' title="bbox 1945 669 3533 750; baseline 0.013 -31"><span class='ocrx_word' id='word_1_252' title='bbox 1945 681 2107 721; x_wconf 77' lang='lat' dir='ltr'><strong>senex</strong></span> <span class='ocrx_word' id='word_1_253' title='bbox 2133 669 2264 725; x_wconf 88' lang='lat' dir='ltr'><strong>mihi</strong></span> <span class='ocrx_word' id='word_1_254' title='bbox 2290 674 2532 728; x_wconf 82' lang='lat' dir='ltr'><strong>narravit</strong></span> <span class='ocrx_word' id='word_1_255' title='bbox 2562 675 2666 733; x_wconf 89' lang='lat' dir='ltr'><strong>sibi</strong></span> <span class='ocrx_word' id='word_1_256' title='bbox 2692 679 2796 732; x_wconf 98' lang='lat' dir='ltr'><strong>tale</strong></span> <span class='ocrx_word' id='word_1_257' title='bbox 2822 680 3023 750; x_wconf 86' lang='lat' dir='ltr'><strong>aliquid</strong></span> <span class='ocrx_word' id='word_1_258' title='bbox 3060 683 3243 738; x_wconf 86' lang='lat' dir='ltr'><strong>videre</strong></span> <span class='ocrx_word' id='word_1_259' title='bbox 3267 695 3321 738; x_wconf 79' lang='lat' dir='ltr'><strong>et</strong></span> <span class='ocrx_word' id='word_1_260' title='bbox 3344 685 3533 740; x_wconf 88' lang='lat' dir='ltr'><strong>audire</strong></span> 
     </span>
    </p>
   </div>
   <div class='ocr_carea' id='block_1_35' title="bbox 1945 760 3534 864">
    <p class='ocr_par' dir='ltr' id='par_1_35' title="bbox 1945 760 3534 864">
     <span class='ocr_line' id='line_1_35' title="bbox 1945 760 3534 864; baseline 0.014 -54"><span class='ocrx_word' id='word_1_261' title='bbox 1945 760 2241 864; x_wconf 76' lang='lat' dir='ltr'><strong>contigisse</strong></span> <span class='ocrx_word' id='word_1_262' title='bbox 2273 766 2552 860; x_wconf 49' lang='lat' dir='ltr'><strong>iscilicet,</strong></span> <span class='ocrx_word' id='word_1_263' title='bbox 2584 786 2680 825; x_wconf 77' lang='lat' dir='ltr'><strong>eos</strong></span> <span class='ocrx_word' id='word_1_264' title='bbox 2730 773 2824 842; x_wconf 88' lang='lat' dir='ltr'><strong>qui</strong></span> <span class='ocrx_word' id='word_1_265' title='bbox 2879 775 3006 830; x_wconf 88' lang='lat' dir='ltr'><strong>inde</strong></span> <span class='ocrx_word' id='word_1_266' title='bbox 3038 776 3274 846; x_wconf 83' lang='lat' dir='ltr'><strong>migrare</strong></span> <span class='ocrx_word' id='word_1_267' title='bbox 3308 779 3534 842; x_wconf 84' lang='lat' dir='ltr'><strong>debent,</strong></span> 
     </span>
    </p>
   </div>
   <div class='ocr_carea' id='block_1_36' title="bbox 1947 857 3534 934">
    <p class='ocr_par' dir='ltr' id='par_1_36' title="bbox 1947 857 3534 934">
     <span class='ocr_line' id='line_1_36' title="bbox 1947 857 3534 934; baseline 0.013 -30"><span class='ocrx_word' id='word_1_268' title='bbox 1947 857 1993 904; x_wconf 88' lang='lat' dir='ltr'><strong>si</strong></span> <span class='ocrx_word' id='word_1_269' title='bbox 2046 857 2431 923; x_wconf 85' lang='lat' dir='ltr'><strong>mysteriorum</strong></span> <span class='ocrx_word' id='word_1_270' title='bbox 2492 863 2785 934; x_wconf 77' lang='lat' dir='ltr'><strong>participes</strong></span> <span class='ocrx_word' id='word_1_271' title='bbox 2841 865 3022 922; x_wconf 71' lang='lat' dir='ltr'><strong>eﬂ‘vcti</strong></span> <span class='ocrx_word' id='word_1_272' title='bbox 3069 867 3178 923; x_wconf 90' lang='lat' dir='ltr'><strong>sint</strong></span> <span class='ocrx_word' id='word_1_273' title='bbox 3217 872 3269 923; x_wconf 91' lang='lat' dir='ltr'><strong>in</strong></span> <span class='ocrx_word' id='word_1_274' title='bbox 3331 872 3534 926; x_wconf 88' lang='lat' dir='ltr'><strong>munda</strong></span> 
     </span>
    </p>
   </div>
   <div class='ocr_carea' id='block_1_37' title="bbox 1949 948 3538 1034">
    <p class='ocr_par' dir='ltr' id='par_1_37' title="bbox 1949 948 3538 1034">
     <span class='ocr_line' id='line_1_37' title="bbox 1949 948 3538 1034; baseline 0.011 -34"><span class='ocrx_word' id='word_1_275' title='bbox 1949 948 2306 1014; x_wconf 78' lang='lat' dir='ltr'><strong>conscientia,</strong></span> <span class='ocrx_word' id='word_1_276' title='bbox 2341 955 2411 1008; x_wconf 90' lang='lat' dir='ltr'><strong>ab</strong></span> <span class='ocrx_word' id='word_1_277' title='bbox 2443 956 2673 1025; x_wconf 79' lang='lat' dir='ltr'><strong>angelis,</strong></span> <span class='ocrx_word' id='word_1_278' title='bbox 2710 961 2928 1028; x_wconf 83' lang='lat' dir='ltr'><strong>quando</strong></span> <span class='ocrx_word' id='word_1_279' title='bbox 2960 964 3294 1026; x_wconf 86' lang='lat' dir='ltr'><strong>moriuntur,</strong></span> <span class='ocrx_word' id='word_1_280' title='bbox 3318 975 3538 1034; x_wconf 79' lang='lat' dir='ltr'><strong>propter</strong></span> 
     </span>
    </p>
   </div>
   <div class='ocr_carea' id='block_1_38' title="bbox 1949 1039 3537 1119">
    <p class='ocr_par' dir='ltr' id='par_1_38' title="bbox 1949 1039 3537 1119">
     <span class='ocr_line' id='line_1_38' title="bbox 1949 1039 3537 1119; baseline 0.013 -28"><span class='ocrx_word' id='word_1_281' title='bbox 1949 1039 2081 1093; x_wconf 91' lang='lat' dir='ltr'><strong>illud</strong></span> <span class='ocrx_word' id='word_1_282' title='bbox 2146 1056 2426 1114; x_wconf 74' lang='lat' dir='ltr'><strong>acceptum</strong></span> <span class='ocrx_word' id='word_1_283' title='bbox 2485 1064 2705 1119; x_wconf 79' lang='lat' dir='ltr'><strong>corpus,</strong></span> <span class='ocrx_word' id='word_1_284' title='bbox 2763 1052 2888 1108; x_wconf 88' lang='lat' dir='ltr'><strong>inde</strong></span> <span class='ocrx_word' id='word_1_285' title='bbox 2924 1055 3146 1111; x_wconf 82' lang='lat' dir='ltr'><strong>abduci.</strong></span> <span class='ocrx_word' id='word_1_286' title='bbox 3188 1076 3207 1109; x_wconf 74' lang='grc' dir='ltr'><strong>ι</strong></span> <span class='ocrx_word' id='word_1_287' title='bbox 3261 1058 3331 1111; x_wconf 84' lang='grc' dir='ltr'><strong>Ει</strong></span> <span class='ocrx_word' id='word_1_288' title='bbox 3379 1059 3537 1112; x_wconf 84' lang='lat' dir='ltr'><strong>divus</strong></span> 
     </span>
    </p>
   </div>
   <div class='ocr_carea' id='block_1_39' title="bbox 1949 1130 3538 1217">
    <p class='ocr_par' dir='ltr' id='par_1_39' title="bbox 1949 1130 3538 1217">
     <span class='ocr_line' id='line_1_39' title="bbox 1949 1130 3538 1217; baseline 0.011 -31"><span class='ocrx_word' id='word_1_289' title='bbox 1949 1130 2185 1189; x_wconf 76' lang='lat' dir='ltr'><strong>Joannes</strong></span> <span class='ocrx_word' id='word_1_290' title='bbox 2225 1136 2636 1198; x_wconf 83' lang='lat' dir='ltr'><strong>Damasccnus:</strong></span> <span class='ocrx_word' id='word_1_291' title='bbox 2688 1163 2706 1195; x_wconf 82' lang='grc' dir='ltr'><strong>ι</strong></span> <span class='ocrx_word' id='word_1_292' title='bbox 2748 1145 3017 1211; x_wconf 83' lang='lat' dir='ltr'><strong>Quoniam</strong></span> <span class='ocrx_word' id='word_1_293' title='bbox 3054 1146 3300 1217; x_wconf 83' lang='lat' dir='ltr'><strong>duplices</strong></span> <span class='ocrx_word' id='word_1_294' title='bbox 3347 1165 3538 1204; x_wconf 89' lang='lat' dir='ltr'><strong>sumus</strong></span> 
     </span>
    </p>
   </div>
   <div class='ocr_carea' id='block_1_40' title="bbox 1953 1234 3540 1306">
    <p class='ocr_par' dir='ltr' id='par_1_40' title="bbox 1953 1234 3540 1306">
     <span class='ocr_line' id='line_1_40' title="bbox 1953 1234 3540 1306; baseline 0.011 -30"><span class='ocrx_word' id='word_1_295' title='bbox 1953 1239 2015 1278; x_wconf 91' lang='lat' dir='ltr'><strong>ac</strong></span> <span class='ocrx_word' id='word_1_296' title='bbox 2053 1234 2360 1298; x_wconf 90' lang='lat' dir='ltr'><strong>compositi,</strong></span> <span class='ocrx_word' id='word_1_297' title='bbox 2393 1245 2605 1302; x_wconf 87' lang='lat' dir='ltr'><strong>oportet</strong></span> <span class='ocrx_word' id='word_1_298' title='bbox 2633 1247 2685 1290; x_wconf 90' lang='lat' dir='ltr'><strong>et</strong></span> <span class='ocrx_word' id='word_1_299' title='bbox 2733 1239 3140 1306; x_wconf 72' lang='lat' dir='ltr'><strong>generationem</strong></span> <span class='ocrx_word' id='word_1_300' title='bbox 3184 1248 3428 1293; x_wconf 88' lang='lat' dir='ltr'><strong>nostram</strong></span> <span class='ocrx_word' id='word_1_301' title='bbox 3477 1257 3540 1293; x_wconf 91' lang='lat' dir='ltr'><strong>ac</strong></span> 
     </span>
    </p>
   </div>
   <div class='ocr_carea' id='block_1_41' title="bbox 1953 1317 3536 1400">
    <p class='ocr_par' dir='ltr' id='par_1_41' title="bbox 1953 1317 3536 1400">
     <span class='ocr_line' id='line_1_41' title="bbox 1953 1317 3536 1400; baseline 0.009 -32"><span class='ocrx_word' id='word_1_302' title='bbox 1953 1317 2202 1371; x_wconf 77' lang='lat' dir='ltr'><strong>similiter</strong></span> <span class='ocrx_word' id='word_1_303' title='bbox 2228 1324 2581 1378; x_wconf 72' lang='lat' dir='ltr'><strong>nutritiouem</strong></span> <span class='ocrx_word' id='word_1_304' title='bbox 2615 1328 2884 1395; x_wconf 82' lang='lat' dir='ltr'><strong>duplicem</strong></span> <span class='ocrx_word' id='word_1_305' title='bbox 2917 1346 3034 1384; x_wconf 85' lang='lat' dir='ltr'><strong>esse</strong></span> <span class='ocrx_word' id='word_1_306' title='bbox 3063 1339 3115 1384; x_wconf 90' lang='lat' dir='ltr'><strong>et</strong></span> <span class='ocrx_word' id='word_1_307' title='bbox 3145 1332 3536 1400; x_wconf 64' lang='lat' dir='ltr'><strong>compositam.</strong></span> 
     </span>
    </p>
   </div>
   <div class='ocr_carea' id='block_1_42' title="bbox 1953 1406 3542 1492">
    <p class='ocr_par' dir='ltr' id='par_1_42' title="bbox 1953 1406 3542 1492">
     <span class='ocr_line' id='line_1_42' title="bbox 1953 1406 3542 1492; baseline 0.011 -33"><span class='ocrx_word' id='word_1_308' title='bbox 1953 1406 2244 1466; x_wconf 77' lang='lat' dir='ltr'><strong>Generatio</strong></span> <span class='ocrx_word' id='word_1_309' title='bbox 2279 1415 2441 1484; x_wconf 77' lang='lat' dir='ltr'><strong>igitur</strong></span> <span class='ocrx_word' id='word_1_310' title='bbox 2477 1419 2636 1474; x_wconf 86' lang='lat' dir='ltr'><strong>nobis</strong></span> <span class='ocrx_word' id='word_1_311' title='bbox 2667 1437 2758 1488; x_wconf 92' lang='lat' dir='ltr'><strong>per</strong></span> <span class='ocrx_word' id='word_1_312' title='bbox 2785 1437 2980 1492; x_wconf 81' lang='lat' dir='ltr'><strong>aquam</strong></span> <span class='ocrx_word' id='word_1_313' title='bbox 3017 1438 3079 1475; x_wconf 88' lang='lat' dir='ltr'><strong>ac</strong></span> <span class='ocrx_word' id='word_1_314' title='bbox 3134 1425 3386 1490; x_wconf 78' lang='lat' dir='ltr'><strong>spiritum</strong></span> <span class='ocrx_word' id='word_1_315' title='bbox 3418 1423 3542 1476; x_wconf 83' lang='lat' dir='ltr'><strong>data</strong></span> 
     </span>
    </p>
   </div>
   <div class='ocr_carea' id='block_1_43' title="bbox 1954 1503 3543 1582">
    <p class='ocr_par' dir='ltr' id='par_1_43' title="bbox 1954 1503 3543 1582">
     <span class='ocr_line' id='line_1_43' title="bbox 1954 1503 3543 1582; baseline 0.008 -28"><span class='ocrx_word' id='word_1_316' title='bbox 1954 1511 2059 1565; x_wconf 83' lang='lat' dir='ltr'><strong>est,</strong></span> <span class='ocrx_word' id='word_1_317' title='bbox 2100 1503 2255 1558; x_wconf 83' lang='lat' dir='ltr'><strong>cibus</strong></span> <span class='ocrx_word' id='word_1_318' title='bbox 2291 1517 2471 1559; x_wconf 85' lang='lat' dir='ltr'><strong>autem</strong></span> <span class='ocrx_word' id='word_1_319' title='bbox 2519 1519 2705 1564; x_wconf 83' lang='lat' dir='ltr'><strong>noster</strong></span> <span class='ocrx_word' id='word_1_320' title='bbox 2743 1521 2824 1564; x_wconf 88' lang='lat' dir='ltr'><strong>est</strong></span> <span class='ocrx_word' id='word_1_321' title='bbox 2876 1513 3035 1582; x_wconf 90' lang='lat' dir='ltr'><strong>panis</strong></span> <span class='ocrx_word' id='word_1_322' title='bbox 3091 1515 3231 1575; x_wconf 72' lang='lat' dir='ltr'><strong>vitae,</strong></span> <span class='ocrx_word' id='word_1_323' title='bbox 3281 1512 3543 1567; x_wconf 87' lang='lat' dir='ltr'><strong>Dominus</strong></span> 
     </span>
    </p>
   </div>
   <div class='ocr_carea' id='block_1_44' title="bbox 1956 1592 3546 1671">
    <p class='ocr_par' dir='ltr' id='par_1_44' title="bbox 1956 1592 3546 1671">
     <span class='ocr_line' id='line_1_44' title="bbox 1956 1592 3546 1671; baseline 0.007 -26"><span class='ocrx_word' id='word_1_324' title='bbox 1956 1601 2143 1647; x_wconf 84' lang='lat' dir='ltr'><strong>noster</strong></span> <span class='ocrx_word' id='word_1_325' title='bbox 2177 1592 2337 1651; x_wconf 82' lang='lat' dir='ltr'><strong>Jesus</strong></span> <span class='ocrx_word' id='word_1_326' title='bbox 2370 1599 2622 1655; x_wconf 86' lang='lat' dir='ltr'><strong>Christus</strong></span> <span class='ocrx_word' id='word_1_327' title='bbox 2671 1603 2764 1671; x_wconf 91' lang='lat' dir='ltr'><strong>qui</strong></span> <span class='ocrx_word' id='word_1_328' title='bbox 2800 1603 2866 1658; x_wconf 91' lang='lat' dir='ltr'><strong>de</strong></span> <span class='ocrx_word' id='word_1_329' title='bbox 2923 1605 3062 1659; x_wconf 71' lang='lat' dir='ltr'><strong>coelo</strong></span> <span class='ocrx_word' id='word_1_330' title='bbox 3117 1605 3418 1659; x_wconf 85' lang='lat' dir='ltr'><strong>descendit.</strong></span> <span class='ocrx_word' id='word_1_331' title='bbox 3480 1604 3546 1657; x_wconf 87' lang='lat' dir='ltr'><strong>Et</strong></span> 
     </span>
    </p>
   </div>
   <div class='ocr_carea' id='block_1_45' title="bbox 1957 1689 3547 1765">
    <p class='ocr_par' dir='ltr' id='par_1_45' title="bbox 1957 1689 3547 1765">
     <span class='ocr_line' id='line_1_45' title="bbox 1957 1689 3547 1765; baseline 0.007 -26"><span class='ocrx_word' id='word_1_332' title='bbox 1957 1689 2416 1754; x_wconf 85' lang='lat' dir='ltr'><strong>quemadmodum</strong></span> <span class='ocrx_word' id='word_1_333' title='bbox 2464 1693 2514 1746; x_wconf 89' lang='lat' dir='ltr'><strong>in</strong></span> <span class='ocrx_word' id='word_1_334' title='bbox 2571 1695 2862 1762; x_wconf 82' lang='lat' dir='ltr'><strong>baptismo,</strong></span> <span class='ocrx_word' id='word_1_335' title='bbox 2923 1700 3179 1765; x_wconf 83' lang='lat' dir='ltr'><strong>quoniam</strong></span> <span class='ocrx_word' id='word_1_336' title='bbox 3230 1697 3547 1751; x_wconf 88' lang='lat' dir='ltr'><strong>hominibus</strong></span> 
     </span>
    </p>
   </div>
   <div class='ocr_carea' id='block_1_46' title="bbox 1957 1784 3548 1858">
    <p class='ocr_par' dir='ltr' id='par_1_46' title="bbox 1957 1784 3548 1858">
     <span class='ocr_line' id='line_1_46' title="bbox 1957 1784 3548 1858; baseline 0.008 -27"><span class='ocrx_word' id='word_1_337' title='bbox 1957 1784 2301 1835; x_wconf 86' lang='lat' dir='ltr'><strong>consuetudo</strong></span> <span class='ocrx_word' id='word_1_338' title='bbox 2331 1795 2414 1838; x_wconf 88' lang='lat' dir='ltr'><strong>est</strong></span> <span class='ocrx_word' id='word_1_339' title='bbox 2448 1800 2588 1855; x_wconf 85' lang='lat' dir='ltr'><strong>aqua</strong></span> <span class='ocrx_word' id='word_1_340' title='bbox 2625 1785 2792 1840; x_wconf 82' lang='lat' dir='ltr'><strong>lavari</strong></span> <span class='ocrx_word' id='word_1_341' title='bbox 2825 1797 2879 1842; x_wconf 90' lang='lat' dir='ltr'><strong>et</strong></span> <span class='ocrx_word' id='word_1_342' title='bbox 2908 1789 3029 1842; x_wconf 89' lang='lat' dir='ltr'><strong>oleo</strong></span> <span class='ocrx_word' id='word_1_343' title='bbox 3069 1789 3280 1858; x_wconf 81' lang='lat' dir='ltr'><strong>inungi,</strong></span> <span class='ocrx_word' id='word_1_344' title='bbox 3309 1800 3362 1843; x_wconf 90' lang='lat' dir='ltr'><strong>et</strong></span> <span class='ocrx_word' id='word_1_345' title='bbox 3392 1804 3548 1858; x_wconf 67' lang='lat' dir='ltr'><strong>aqua:</strong></span> 
     </span>
    </p>
   </div>
   <div class='ocr_carea' id='block_1_47' title="bbox 1961 1871 3548 1950">
    <p class='ocr_par' dir='ltr' id='par_1_47' title="bbox 1961 1871 3548 1950">
     <span class='ocr_line' id='line_1_47' title="bbox 1961 1871 3548 1950; baseline 0.006 -27"><span class='ocrx_word' id='word_1_346' title='bbox 1961 1871 2212 1926; x_wconf 83' lang='lat' dir='ltr'><strong>virtutem</strong></span> <span class='ocrx_word' id='word_1_347' title='bbox 2247 1875 2482 1944; x_wconf 88' lang='lat' dir='ltr'><strong>Spiritus</strong></span> <span class='ocrx_word' id='word_1_348' title='bbox 2513 1880 2683 1932; x_wconf 83' lang='lat' dir='ltr'><strong>sancti</strong></span> <span class='ocrx_word' id='word_1_349' title='bbox 2719 1880 3025 1946; x_wconf 79' lang='lat' dir='ltr'><strong>conjunxit,</strong></span> <span class='ocrx_word' id='word_1_350' title='bbox 3060 1895 3290 1950; x_wconf 80' lang='lat' dir='ltr'><strong>eamque</strong></span> <span class='ocrx_word' id='word_1_351' title='bbox 3322 1896 3548 1950; x_wconf 76' lang='lat' dir='ltr'><strong>regene-</strong></span> 
     </span>
    </p>
   </div>
   <div class='ocr_carea' id='block_1_48' title="bbox 1957 1966 3547 2042">
    <p class='ocr_par' dir='ltr' id='par_1_48' title="bbox 1957 1966 3547 2042">
     <span class='ocr_line' id='line_1_48' title="bbox 1957 1966 3547 2042; baseline 0.004 -25"><span class='ocrx_word' id='word_1_352' title='bbox 1957 1966 2185 2020; x_wconf 86' lang='lat' dir='ltr'><strong>rationis</strong></span> <span class='ocrx_word' id='word_1_353' title='bbox 2253 1969 2506 2022; x_wconf 85' lang='lat' dir='ltr'><strong>balneum</strong></span> <span class='ocrx_word' id='word_1_354' title='bbox 2576 1971 2774 2034; x_wconf 76' lang='lat' dir='ltr'><strong>effecit,</strong></span> <span class='ocrx_word' id='word_1_355' title='bbox 2855 1972 2928 2025; x_wconf 81' lang='lat' dir='ltr'><strong>ita</strong></span> <span class='ocrx_word' id='word_1_356' title='bbox 2983 1973 3244 2042; x_wconf 90' lang='lat' dir='ltr'><strong>quoniam</strong></span> <span class='ocrx_word' id='word_1_357' title='bbox 3307 1973 3547 2026; x_wconf 84' lang='lat' dir='ltr'><strong>solemus</strong></span> 
     </span>
    </p>
   </div>
   <div class='ocr_carea' id='block_1_49' title="bbox 1958 2062 3551 2132">
    <p class='ocr_par' dir='ltr' id='par_1_49' title="bbox 1958 2062 3551 2132">
     <span class='ocr_line' id='line_1_49' title="bbox 1958 2062 3551 2132; baseline 0.004 -22"><span class='ocrx_word' id='word_1_358' title='bbox 1958 2074 2094 2126; x_wconf 78' lang='lat' dir='ltr'><strong>pane</strong></span> <span class='ocrx_word' id='word_1_359' title='bbox 2122 2062 2286 2124; x_wconf 82' lang='lat' dir='ltr'><strong>vesci,</strong></span> <span class='ocrx_word' id='word_1_360' title='bbox 2324 2078 2520 2132; x_wconf 85' lang='lat' dir='ltr'><strong>aquam</strong></span> <span class='ocrx_word' id='word_1_361' title='bbox 2563 2081 2691 2119; x_wconf 85' lang='lat' dir='ltr'><strong>vero</strong></span> <span class='ocrx_word' id='word_1_362' title='bbox 2726 2077 2779 2120; x_wconf 91' lang='lat' dir='ltr'><strong>et</strong></span> <span class='ocrx_word' id='word_1_363' title='bbox 2818 2069 3001 2120; x_wconf 90' lang='lat' dir='ltr'><strong>vinum</strong></span> <span class='ocrx_word' id='word_1_364' title='bbox 3035 2065 3241 2128; x_wconf 88' lang='lat' dir='ltr'><strong>bibere,</strong></span> <span class='ocrx_word' id='word_1_365' title='bbox 3297 2066 3364 2120; x_wconf 90' lang='lat' dir='ltr'><strong>iis</strong></span> <span class='ocrx_word' id='word_1_366' title='bbox 3420 2079 3551 2118; x_wconf 87' lang='lat' dir='ltr'><strong>con-</strong></span> 
     </span>
    </p>
   </div>
   <div class='ocr_carea' id='block_1_50' title="bbox 1954 2145 3546 2230">
    <p class='ocr_par' dir='ltr' id='par_1_50' title="bbox 1954 2145 3546 2230">
     <span class='ocr_line' id='line_1_50' title="bbox 1954 2145 3546 2230; baseline 0.008 -30"><span class='ocrx_word' id='word_1_367' title='bbox 1954 2145 2132 2216; x_wconf 83' lang='lat' dir='ltr'><strong>juuxit</strong></span> <span class='ocrx_word' id='word_1_368' title='bbox 2161 2167 2313 2205; x_wconf 82' lang='lat' dir='ltr'><strong>suam</strong></span> <span class='ocrx_word' id='word_1_369' title='bbox 2351 2153 2644 2224; x_wconf 89' lang='lat' dir='ltr'><strong>Deitatem;</strong></span> <span class='ocrx_word' id='word_1_370' title='bbox 2679 2174 2853 2229; x_wconf 88' lang='lat' dir='ltr'><strong>eaque</strong></span> <span class='ocrx_word' id='word_1_371' title='bbox 2885 2175 3084 2230; x_wconf 82' lang='lat' dir='ltr'><strong>corpus</strong></span> <span class='ocrx_word' id='word_1_372' title='bbox 3115 2173 3168 2214; x_wconf 87' lang='lat' dir='ltr'><strong>et</strong></span> <span class='ocrx_word' id='word_1_373' title='bbox 3226 2162 3546 2228; x_wconf 85' lang='lat' dir='ltr'><strong>sanguinem</strong></span> 
     </span>
    </p>
   </div>
   <div class='ocr_carea' id='block_1_51' title="bbox 1957 2244 3547 2328">
    <p class='ocr_par' dir='ltr' id='par_1_51' title="bbox 1957 2244 3547 2328">
     <span class='ocr_line' id='line_1_51' title="bbox 1957 2244 3547 2328; baseline 0.006 -31"><span class='ocrx_word' id='word_1_374' title='bbox 1957 2260 2118 2298; x_wconf 89' lang='lat' dir='ltr'><strong>suum</strong></span> <span class='ocrx_word' id='word_1_375' title='bbox 2155 2244 2358 2310; x_wconf 79' lang='lat' dir='ltr'><strong>eﬂ‘ecit,</strong></span> <span class='ocrx_word' id='word_1_376' title='bbox 2397 2259 2456 2303; x_wconf 83' lang='grc' dir='ltr'><strong>ιιι</strong></span> <span class='ocrx_word' id='word_1_377' title='bbox 2489 2267 2586 2319; x_wconf 90' lang='lat' dir='ltr'><strong>per</strong></span> <span class='ocrx_word' id='word_1_378' title='bbox 2614 2261 2876 2328; x_wconf 68' lang='lat' dir='ltr'><strong>consueta</strong></span> <span class='ocrx_word' id='word_1_379' title='bbox 2903 2262 2957 2306; x_wconf 92' lang='lat' dir='ltr'><strong>et</strong></span> <span class='ocrx_word' id='word_1_380' title='bbox 2997 2253 3264 2306; x_wconf 81' lang='lat' dir='ltr'><strong>naturalia</strong></span> <span class='ocrx_word' id='word_1_381' title='bbox 3295 2253 3547 2307; x_wconf 86' lang='lat' dir='ltr'><strong>alimenta</strong></span> 
     </span>
    </p>
   </div>
   <div class='ocr_carea' id='block_1_52' title="bbox 1958 2339 3548 2414">
    <p class='ocr_par' dir='ltr' id='par_1_52' title="bbox 1958 2339 3548 2414">
     <span class='ocr_line' id='line_1_52' title="bbox 1958 2339 3548 2414; baseline 0.005 -23"><span class='ocrx_word' id='word_1_382' title='bbox 1958 2339 2024 2391; x_wconf 89' lang='lat' dir='ltr'><strong>ad</strong></span> <span class='ocrx_word' id='word_1_383' title='bbox 2091 2353 2152 2392; x_wconf 88' lang='lat' dir='ltr'><strong>ea</strong></span> <span class='ocrx_word' id='word_1_384' title='bbox 2223 2356 2345 2409; x_wconf 64' lang='lat' dir='ltr'><strong>quae</strong></span> <span class='ocrx_word' id='word_1_385' title='bbox 2405 2345 2840 2411; x_wconf 86' lang='lat' dir='ltr'><strong>supernaturalia</strong></span> <span class='ocrx_word' id='word_1_386' title='bbox 2930 2355 3078 2411; x_wconf 89' lang='lat' dir='ltr'><strong>sunt,</strong></span> <span class='ocrx_word' id='word_1_387' title='bbox 3147 2347 3548 2414; x_wconf 78' lang='lat' dir='ltr'><strong>perveniamus.</strong></span> 
     </span>
    </p>
   </div>
   <div class='ocr_carea' id='block_1_53' title="bbox 1958 2431 3549 2506">
    <p class='ocr_par' dir='ltr' id='par_1_53' title="bbox 1958 2431 3549 2506">
     <span class='ocr_line' id='line_1_53' title="bbox 1958 2431 3549 2506; baseline 0.003 -20"><span class='ocrx_word' id='word_1_388' title='bbox 1958 2431 2170 2502; x_wconf 90' lang='lat' dir='ltr'><strong>Corpus</strong></span> <span class='ocrx_word' id='word_1_389' title='bbox 2252 2443 2337 2489; x_wconf 76' lang='lat' dir='ltr'><strong>es:</strong></span> <span class='ocrx_word' id='word_1_390' title='bbox 2419 2452 2540 2490; x_wconf 84' lang='lat' dir='ltr'><strong>vere</strong></span> <span class='ocrx_word' id='word_1_391' title='bbox 2630 2437 2898 2491; x_wconf 65' lang='lat' dir='ltr'><strong>divinitati</strong></span> <span class='ocrx_word' id='word_1_392' title='bbox 2977 2437 3356 2506; x_wconf 74' lang='lat' dir='ltr'><strong>coniunctum,</strong></span> <span class='ocrx_word' id='word_1_393' title='bbox 3426 2452 3549 2491; x_wconf 40' lang='lat' dir='ltr'><strong>core</strong></span> 
     </span>
    </p>
   </div>
   <div class='ocr_carea' id='block_1_54' title="bbox 1959 2527 3549 2598">
    <p class='ocr_par' dir='ltr' id='par_1_54' title="bbox 1959 2527 3549 2598">
     <span class='ocr_line' id='line_1_54' title="bbox 1959 2527 3549 2598; baseline 0.003 -21"><span class='ocrx_word' id='word_1_394' title='bbox 1959 2539 2063 2595; x_wconf 89' lang='lat' dir='ltr'><strong>pus</strong></span> <span class='ocrx_word' id='word_1_395' title='bbox 2120 2539 2185 2578; x_wconf 80' lang='lat' dir='ltr'><strong>ex</strong></span> <span class='ocrx_word' id='word_1_396' title='bbox 2261 2539 2439 2582; x_wconf 67' lang='lat' dir='ltr'><strong>sancis</strong></span> <span class='ocrx_word' id='word_1_397' title='bbox 2506 2527 2725 2598; x_wconf 82' lang='lat' dir='ltr'><strong>Virgine</strong></span> <span class='ocrx_word' id='word_1_398' title='bbox 2793 2539 3002 2592; x_wconf 87' lang='lat' dir='ltr'><strong>natum.</strong></span> <span class='ocrx_word' id='word_1_399' title='bbox 3057 2546 3163 2583; x_wconf 92' lang='lat' dir='ltr'><strong>non</strong></span> <span class='ocrx_word' id='word_1_400' title='bbox 3214 2531 3357 2598; x_wconf 80' lang='lat' dir='ltr'><strong>quod</strong></span> <span class='ocrx_word' id='word_1_401' title='bbox 3418 2529 3549 2584; x_wconf 87' lang='lat' dir='ltr'><strong>illud</strong></span> 
     </span>
    </p>
   </div>
   <div class='ocr_carea' id='block_1_55' title="bbox 1960 2618 3551 2691">
    <p class='ocr_par' dir='ltr' id='par_1_55' title="bbox 1960 2618 3551 2691">
     <span class='ocr_line' id='line_1_55' title="bbox 1960 2618 3551 2691; baseline 0.004 -23"><span class='ocrx_word' id='word_1_402' title='bbox 1960 2630 2160 2685; x_wconf 89' lang='lat' dir='ltr'><strong>corpus</strong></span> <span class='ocrx_word' id='word_1_403' title='bbox 2222 2618 2366 2686; x_wconf 86' lang='lat' dir='ltr'><strong>quod</strong></span> <span class='ocrx_word' id='word_1_404' title='bbox 2421 2621 2721 2691; x_wconf 79' lang='lat' dir='ltr'><strong>accipmus</strong></span> <span class='ocrx_word' id='word_1_405' title='bbox 2773 2637 2802 2676; x_wconf 92' lang='lat' dir='ltr'><strong>e</strong></span> <span class='ocrx_word' id='word_1_406' title='bbox 2876 2623 3018 2677; x_wconf 56' lang='lat' dir='ltr'><strong>casio</strong></span> <span class='ocrx_word' id='word_1_407' title='bbox 3074 2622 3389 2685; x_wconf 84' lang='lat' dir='ltr'><strong>descendat,</strong></span> <span class='ocrx_word' id='word_1_408' title='bbox 3459 2623 3551 2676; x_wconf 86' lang='lat' dir='ltr'><strong>sed</strong></span> 
     </span>
    </p>
   </div>
   <div class='ocr_carea' id='block_1_56' title="bbox 1962 2712 3550 2786">
    <p class='ocr_par' dir='ltr' id='par_1_56' title="bbox 1962 2712 3550 2786">
     <span class='ocr_line' id='line_1_56' title="bbox 1962 2712 3550 2786; baseline 0.001 -21"><span class='ocrx_word' id='word_1_409' title='bbox 1962 2712 2105 2776; x_wconf 86' lang='lat' dir='ltr'><strong>quod</strong></span> <span class='ocrx_word' id='word_1_410' title='bbox 2160 2712 2317 2780; x_wconf 77' lang='lat' dir='ltr'><strong>panis</strong></span> <span class='ocrx_word' id='word_1_411' title='bbox 2375 2722 2430 2769; x_wconf 87' lang='lat' dir='ltr'><strong>et</strong></span> <span class='ocrx_word' id='word_1_412' title='bbox 2479 2715 2664 2769; x_wconf 79' lang='lat' dir='ltr'><strong>vinum</strong></span> <span class='ocrx_word' id='word_1_413' title='bbox 2732 2715 2787 2768; x_wconf 87' lang='lat' dir='ltr'><strong>in</strong></span> <span class='ocrx_word' id='word_1_414' title='bbox 2853 2731 3053 2786; x_wconf 88' lang='lat' dir='ltr'><strong>corpus</strong></span> <span class='ocrx_word' id='word_1_415' title='bbox 3105 2731 3170 2771; x_wconf 90' lang='lat' dir='ltr'><strong>ac</strong></span> <span class='ocrx_word' id='word_1_416' title='bbox 3229 2715 3550 2785; x_wconf 81' lang='lat' dir='ltr'><strong>sanguinem</strong></span> 
     </span>
    </p>
   </div>
   <div class='ocr_carea' id='block_1_57' title="bbox 1963 2802 3553 2879">
    <p class='ocr_par' dir='ltr' id='par_1_57' title="bbox 1963 2802 3553 2879">
     <span class='ocr_line' id='line_1_57' title="bbox 1963 2802 3553 2879; baseline 0.004 -23"><span class='ocrx_word' id='word_1_417' title='bbox 1963 2802 2056 2856; x_wconf 89' lang='lat' dir='ltr'><strong>Dei</strong></span> <span class='ocrx_word' id='word_1_418' title='bbox 2117 2815 2374 2859; x_wconf 89' lang='lat' dir='ltr'><strong>mutetur.</strong></span> <span class='ocrx_word' id='word_1_419' title='bbox 2436 2807 2488 2860; x_wconf 92' lang='lat' dir='ltr'><strong>Si</strong></span> <span class='ocrx_word' id='word_1_420' title='bbox 2542 2823 2652 2877; x_wconf 78' lang='lat' dir='ltr'><strong>quo</strong></span> <span class='ocrx_word' id='word_1_421' title='bbox 2712 2808 2871 2862; x_wconf 77' lang='lat' dir='ltr'><strong>modo</strong></span> <span class='ocrx_word' id='word_1_422' title='bbox 2963 2809 3017 2863; x_wconf 87' lang='lat' dir='ltr'><strong>id</strong></span> <span class='ocrx_word' id='word_1_423' title='bbox 3120 2809 3210 2864; x_wconf 73' lang='lat' dir='ltr'><strong>ﬂat</strong></span> <span class='ocrx_word' id='word_1_424' title='bbox 3302 2809 3553 2879; x_wconf 64' lang='lat' dir='ltr'><strong>inquiris,</strong></span> 
     </span>
    </p>
   </div>
   <div class='ocr_carea' id='block_1_58' title="bbox 1965 2895 3540 2971">
    <p class='ocr_par' dir='ltr' id='par_1_58' title="bbox 1965 2895 3540 2971">
     <span class='ocr_line' id='line_1_58' title="bbox 1965 2895 3540 2971; baseline 0.002 -23"><span class='ocrx_word' id='word_1_425' title='bbox 1965 2895 2060 2949; x_wconf 88' lang='lat' dir='ltr'><strong>tibi</strong></span> <span class='ocrx_word' id='word_1_426' title='bbox 2113 2896 2312 2951; x_wconf 78' lang='lat' dir='ltr'><strong>sulllcit</strong></span> <span class='ocrx_word' id='word_1_427' title='bbox 2359 2899 2571 2963; x_wconf 83' lang='lat' dir='ltr'><strong>audire,</strong></span> <span class='ocrx_word' id='word_1_428' title='bbox 2609 2901 2754 2966; x_wconf 86' lang='lat' dir='ltr'><strong>quod</strong></span> <span class='ocrx_word' id='word_1_429' title='bbox 2809 2917 2904 2970; x_wconf 84' lang='lat' dir='ltr'><strong>per</strong></span> <span class='ocrx_word' id='word_1_430' title='bbox 2957 2901 3224 2971; x_wconf 85' lang='lat' dir='ltr'><strong>Spiritum</strong></span> <span class='ocrx_word' id='word_1_431' title='bbox 3257 2910 3540 2963; x_wconf 74' lang='lat' dir='ltr'><strong>sanctum,</strong></span> 
     </span>
    </p>
   </div>
   <div class='ocr_carea' id='block_1_59' title="bbox 1964 2991 3550 3066">
    <p class='ocr_par' dir='ltr' id='par_1_59' title="bbox 1964 2991 3550 3066">
     <span class='ocr_line' id='line_1_59' title="bbox 1964 2991 3550 3066; baseline 0.002 -22"><span class='ocrx_word' id='word_1_432' title='bbox 1964 2991 2430 3060; x_wconf 89' lang='lat' dir='ltr'><strong>quemadmodum</strong></span> <span class='ocrx_word' id='word_1_433' title='bbox 2492 3008 2556 3048; x_wconf 79' lang='lat' dir='ltr'><strong>ex</strong></span> <span class='ocrx_word' id='word_1_434' title='bbox 2592 3003 2787 3050; x_wconf 83' lang='lat' dir='ltr'><strong>sancta</strong></span> <span class='ocrx_word' id='word_1_435' title='bbox 2833 2995 3064 3064; x_wconf 87' lang='lat' dir='ltr'><strong>Deipara</strong></span> <span class='ocrx_word' id='word_1_436' title='bbox 3128 3011 3226 3066; x_wconf 87' lang='lat' dir='ltr'><strong>per</strong></span> <span class='ocrx_word' id='word_1_437' title='bbox 3283 2993 3550 3065; x_wconf 86' lang='lat' dir='ltr'><strong>Spiritum</strong></span> 
     </span>
    </p>
   </div>
   <div class='ocr_carea' id='block_1_60' title="bbox 1966 3084 3550 3156">
    <p class='ocr_par' dir='ltr' id='par_1_60' title="bbox 1966 3084 3550 3156">
     <span class='ocr_line' id='line_1_60' title="bbox 1966 3084 3550 3156; baseline 0 -20"><span class='ocrx_word' id='word_1_438' title='bbox 1966 3091 2246 3151; x_wconf 88' lang='lat' dir='ltr'><strong>sanctum,</strong></span> <span class='ocrx_word' id='word_1_439' title='bbox 2306 3084 2410 3139; x_wconf 89' lang='lat' dir='ltr'><strong>sibi</strong></span> <span class='ocrx_word' id='word_1_440' title='bbox 2454 3094 2511 3139; x_wconf 87' lang='lat' dir='ltr'><strong>et</strong></span> <span class='ocrx_word' id='word_1_441' title='bbox 2567 3087 2619 3138; x_wconf 91' lang='lat' dir='ltr'><strong>iu</strong></span> <span class='ocrx_word' id='word_1_442' title='bbox 2667 3087 2770 3139; x_wconf 88' lang='lat' dir='ltr'><strong>hoc</strong></span> <span class='ocrx_word' id='word_1_443' title='bbox 2820 3100 2958 3156; x_wconf 90' lang='lat' dir='ltr'><strong>pane</strong></span> <span class='ocrx_word' id='word_1_444' title='bbox 3015 3084 3280 3140; x_wconf 89' lang='lat' dir='ltr'><strong>Dominus</strong></span> <span class='ocrx_word' id='word_1_445' title='bbox 3327 3100 3550 3138; x_wconf 86' lang='lat' dir='ltr'><strong>carnem</strong></span> 
     </span>
    </p>
   </div>
   <div class='ocr_carea' id='block_1_61' title="bbox 1967 3177 3550 3246">
    <p class='ocr_par' dir='ltr' id='par_1_61' title="bbox 1967 3177 3550 3246">
     <span class='ocr_line' id='line_1_61' title="bbox 1967 3177 3550 3246; baseline 0 -17"><span class='ocrx_word' id='word_1_446' title='bbox 1967 3177 2303 3244; x_wconf 87' lang='lat' dir='ltr'><strong>assumpsit;</strong></span> <span class='ocrx_word' id='word_1_447' title='bbox 2339 3186 2394 3231; x_wconf 86' lang='lat' dir='ltr'><strong>et</strong></span> <span class='ocrx_word' id='word_1_448' title='bbox 2448 3178 2584 3231; x_wconf 90' lang='lat' dir='ltr'><strong>nihil</strong></span> <span class='ocrx_word' id='word_1_449' title='bbox 2638 3178 2875 3246; x_wconf 85' lang='lat' dir='ltr'><strong>amplius</strong></span> <span class='ocrx_word' id='word_1_450' title='bbox 2927 3178 3202 3233; x_wconf 70' lang='lat' dir='ltr'><strong>novimus.</strong></span> <span class='ocrx_word' id='word_1_451' title='bbox 3259 3177 3365 3231; x_wconf 87' lang='lat' dir='ltr'><strong>Sed</strong></span> <span class='ocrx_word' id='word_1_452' title='bbox 3423 3177 3550 3246; x_wconf 82' lang='lat' dir='ltr'><strong>quia</strong></span> 
     </span>
    </p>
   </div>
   <div class='ocr_carea' id='block_1_62' title="bbox 297 3250 1982 3341">
    <p class='ocr_par' dir='ltr' id='par_1_62' title="bbox 297 3250 1982 3341">
     <span class='ocr_line' id='line_1_62' title="bbox 297 3250 1982 3341; baseline -0.017 -16"><span class='ocrx_word' id='word_1_453' title='bbox 297 3272 468 3340; x_wconf 84' lang='grc' dir='ltr'><strong>ἁγίας</strong></span> <span class='ocrx_word' id='word_1_454' title='bbox 497 3269 766 3322; x_wconf 88' lang='grc' dir='ltr'><strong>Θεοτόκου</strong></span> <span class='ocrx_word' id='word_1_455' title='bbox 795 3265 884 3318; x_wconf 85' lang='grc' dir='ltr'><strong>διὰ</strong></span> <span class='ocrx_word' id='word_1_456' title='bbox 911 3263 1225 3332; x_wconf 85' lang='grc' dir='ltr'><strong>Πνεύματος</strong></span> <span class='ocrx_word' id='word_1_457' title='bbox 1257 3259 1436 3327; x_wconf 80' lang='grc' dir='ltr'><strong>ἁγίου,</strong></span> <span class='ocrx_word' id='word_1_458' title='bbox 1468 3251 1664 3321; x_wconf 78' lang='grc' dir='ltr'><strong>ἐαυτῷ,</strong></span> <span class='ocrx_word' id='word_1_459' title='bbox 1701 3250 1795 3304; x_wconf 75' lang='grc' dir='ltr'><strong>καὶ</strong></span> <span class='ocrx_word' id='word_1_460' title='bbox 1822 3251 1934 3341; x_wconf 61' lang='grc' dir='ltr'><strong>ἕνα</strong></span> <span class='ocrx_word' id='word_1_461' title='bbox 1971 3268 1982 3297; x_wconf 62' lang='grc' dir='ltr'><strong>ι</strong></span> 
     </span>
    </p>
   </div>
   <div class='ocr_carea' id='block_1_63' title="bbox 1863 3250 3548 3341">
    <p class='ocr_par' dir='ltr' id='par_1_63' title="bbox 1863 3267 3548 3341">
     <span class='ocr_line' id='line_1_63' title="bbox 1863 3267 3548 3341; baseline 0.002 -21"><span class='ocrx_word' id='word_1_462' title='bbox 1863 3267 1934 3341; x_wconf 70' lang='grc' dir='ltr'><strong>νο</strong></span> <span class='ocrx_word' id='word_1_463' title='bbox 1971 3268 2208 3324; x_wconf 77' lang='lat' dir='ltr'><strong>Verbum</strong></span> <span class='ocrx_word' id='word_1_464' title='bbox 2255 3270 2348 3325; x_wconf 90' lang='lat' dir='ltr'><strong>Dei</strong></span> <span class='ocrx_word' id='word_1_465' title='bbox 2399 3285 2565 3325; x_wconf 80' lang='lat' dir='ltr'><strong>verax</strong></span> <span class='ocrx_word' id='word_1_466' title='bbox 2604 3281 2689 3325; x_wconf 89' lang='lat' dir='ltr'><strong>est</strong></span> <span class='ocrx_word' id='word_1_467' title='bbox 2743 3279 2798 3325; x_wconf 89' lang='lat' dir='ltr'><strong>et</strong></span> <span class='ocrx_word' id='word_1_468' title='bbox 2837 3268 3030 3325; x_wconf 73' lang='lat' dir='ltr'><strong>efﬁcax</strong></span> <span class='ocrx_word' id='word_1_469' title='bbox 3088 3279 3141 3325; x_wconf 75' lang='lat' dir='ltr'><strong>ct</strong></span> <span class='ocrx_word' id='word_1_470' title='bbox 3175 3273 3548 3339; x_wconf 73' lang='lat' dir='ltr'><strong>omnipotens.</strong></span> 
     </span>
    </p>
   </div>
   <div class='ocr_carea' id='block_1_64' title="bbox 289 3367 1876 3450">
    <p class='ocr_par' dir='ltr' id='par_1_64' title="bbox 289 3367 1876 3450">
     <span class='ocr_line' id='line_1_64' title="bbox 289 3367 1876 3450; baseline -0.01 -16"><span class='ocrx_word' id='word_1_471' title='bbox 289 3381 451 3450; x_wconf 85' lang='grc' dir='ltr'><strong>αὐτῷ</strong></span> <span class='ocrx_word' id='word_1_472' title='bbox 476 3382 506 3431; x_wconf 90' lang='lat'><strong>6</strong></span> <span class='ocrx_word' id='word_1_473' title='bbox 537 3378 742 3449; x_wconf 81' lang='grc' dir='ltr'><strong>Κύριος</strong></span> <span class='ocrx_word' id='word_1_474' title='bbox 785 3377 969 3446; x_wconf 84' lang='grc' dir='ltr'><strong>σάρκα</strong></span> <span class='ocrx_word' id='word_1_475' title='bbox 1003 3372 1380 3443; x_wconf 73' lang='grc' dir='ltr'><strong>ὑπετιήσατο,</strong></span> <span class='ocrx_word' id='word_1_476' title='bbox 1411 3372 1504 3424; x_wconf 74' lang='grc' dir='ltr'><strong>καὶ</strong></span> <span class='ocrx_word' id='word_1_477' title='bbox 1533 3369 1694 3422; x_wconf 83' lang='grc' dir='ltr'><strong>πλέον</strong></span> <span class='ocrx_word' id='word_1_478' title='bbox 1728 3367 1876 3420; x_wconf 79' lang='grc' dir='ltr'><strong>οῦδὲν</strong></span> 
     </span>
    </p>
   </div>
   <div class='ocr_carea' id='block_1_65' title="bbox 296 3456 1878 3534">
    <p class='ocr_par' dir='ltr' id='par_1_65' title="bbox 296 3456 1878 3534">
     <span class='ocr_line' id='line_1_65' title="bbox 296 3456 1878 3534; baseline -0.006 -16"><span class='ocrx_word' id='word_1_479' title='bbox 296 3466 672 3534; x_wconf 82' lang='grc' dir='ltr'><strong>γινώσκομεν.</strong></span> <span class='ocrx_word' id='word_1_480' title='bbox 709 3463 850 3517; x_wconf 81' lang='grc' dir='ltr'><strong>Ἀλλ’</strong></span> <span class='ocrx_word' id='word_1_481' title='bbox 877 3465 959 3517; x_wconf 85' lang='grc' dir='ltr'><strong>ὅτι</strong></span> <span class='ocrx_word' id='word_1_482' title='bbox 986 3465 1014 3516; x_wconf 88' lang='lat'><strong>6</strong></span> <span class='ocrx_word' id='word_1_483' title='bbox 1042 3463 1212 3530; x_wconf 85' lang='grc' dir='ltr'><strong>Λόγος</strong></span> <span class='ocrx_word' id='word_1_484' title='bbox 1236 3461 1329 3514; x_wconf 87' lang='grc' dir='ltr'><strong>τοῦ</strong></span> <span class='ocrx_word' id='word_1_485' title='bbox 1350 3459 1506 3519; x_wconf 64' lang='grc' dir='ltr'><strong>Θεοῦ,</strong></span> <span class='ocrx_word' id='word_1_486' title='bbox 1529 3458 1756 3528; x_wconf 82' lang='grc' dir='ltr'><strong>ἀληθὴς,</strong></span> <span class='ocrx_word' id='word_1_487' title='bbox 1785 3456 1878 3510; x_wconf 79' lang='grc' dir='ltr'><strong>καὶ</strong></span> 
     </span>
    </p>
   </div>
   <div class='ocr_carea' id='block_1_66' title="bbox 290 3549 1879 3629">
    <p class='ocr_par' dir='ltr' id='par_1_66' title="bbox 290 3549 1879 3629">
     <span class='ocr_line' id='line_1_66' title="bbox 290 3549 1879 3629; baseline -0.006 -19"><span class='ocrx_word' id='word_1_488' title='bbox 290 3560 530 3629; x_wconf 78' lang='grc' dir='ltr'><strong>ἐνεργής</strong></span> <span class='ocrx_word' id='word_1_489' title='bbox 561 3559 699 3621; x_wconf 75' lang='grc' dir='ltr'><strong>ἐστι,</strong></span> <span class='ocrx_word' id='word_1_490' title='bbox 748 3556 842 3610; x_wconf 79' lang='grc' dir='ltr'><strong>καὶ</strong></span> <span class='ocrx_word' id='word_1_491' title='bbox 891 3555 1321 3622; x_wconf 86' lang='grc' dir='ltr'><strong>παντοδύναμος,</strong></span> <span class='ocrx_word' id='word_1_492' title='bbox 1375 3556 1403 3606; x_wconf 88' lang='lat'><strong>6</strong></span> <span class='ocrx_word' id='word_1_493' title='bbox 1439 3552 1496 3604; x_wconf 83' lang='grc' dir='ltr'><strong>δὲ</strong></span> <span class='ocrx_word' id='word_1_494' title='bbox 1527 3551 1750 3620; x_wconf 76' lang='grc' dir='ltr'><strong>τρόπος,</strong></span> <span class='ocrx_word' id='word_1_495' title='bbox 1785 3549 1879 3601; x_wconf 92' lang='grc' dir='ltr'><strong>ἀν-</strong></span> 
     </span>
    </p>
   </div>
   <div class='ocr_carea' id='block_1_67' title="bbox 290 3641 1880 3719">
    <p class='ocr_par' dir='ltr' id='par_1_67' title="bbox 290 3641 1880 3719">
     <span class='ocr_line' id='line_1_67' title="bbox 290 3641 1880 3719; baseline -0.004 -18"><span class='ocrx_word' id='word_1_496' title='bbox 290 3649 674 3719; x_wconf 81' lang='grc' dir='ltr'><strong>εξερεύνητος,</strong></span> <span class='ocrx_word' id='word_1_497' title='bbox 703 3648 915 3716; x_wconf 84' lang='grc' dir='ltr'><strong>γίνεται</strong></span> <span class='ocrx_word' id='word_1_498' title='bbox 945 3647 1126 3700; x_wconf 90' lang='grc' dir='ltr'><strong>τοίνυν</strong></span> <span class='ocrx_word' id='word_1_499' title='bbox 1163 3648 1274 3709; x_wconf 82' lang='grc' dir='ltr'><strong>τοῖς</strong></span> <span class='ocrx_word' id='word_1_500' title='bbox 1306 3645 1487 3696; x_wconf 87' lang='grc' dir='ltr'><strong>πίστει</strong></span> <span class='ocrx_word' id='word_1_501' title='bbox 1515 3641 1681 3706; x_wconf 79' lang='grc' dir='ltr'><strong>ἀξίως</strong></span> <span class='ocrx_word' id='word_1_502' title='bbox 1717 3656 1880 3710; x_wconf 85' lang='grc' dir='ltr'><strong>μετα-</strong></span> 
     </span>
    </p>
   </div>
   <div class='ocr_carea' id='block_1_68' title="bbox 286 3731 1876 3808">
    <p class='ocr_par' dir='ltr' id='par_1_68' title="bbox 286 3731 1876 3808">
     <span class='ocr_line' id='line_1_68' title="bbox 286 3731 1876 3808; baseline -0.006 -17"><span class='ocrx_word' id='word_1_503' title='bbox 286 3739 690 3808; x_wconf 81' lang='grc' dir='ltr'><strong>λαμόάνουσιν,</strong></span> <span class='ocrx_word' id='word_1_504' title='bbox 741 3739 818 3802; x_wconf 85' lang='grc' dir='ltr'><strong>είς</strong></span> <span class='ocrx_word' id='word_1_505' title='bbox 867 3738 1060 3806; x_wconf 77' lang='grc' dir='ltr'><strong>ἄφεσιν</strong></span> <span class='ocrx_word' id='word_1_506' title='bbox 1112 3736 1422 3807; x_wconf 82' lang='grc' dir='ltr'><strong>ἁμαρτιῶν,</strong></span> <span class='ocrx_word' id='word_1_507' title='bbox 1475 3733 1570 3786; x_wconf 75' lang='grc' dir='ltr'><strong>καὶ</strong></span> <span class='ocrx_word' id='word_1_508' title='bbox 1621 3733 1698 3795; x_wconf 90' lang='grc' dir='ltr'><strong>είς</strong></span> <span class='ocrx_word' id='word_1_509' title='bbox 1732 3731 1876 3799; x_wconf 77' lang='grc' dir='ltr'><strong>ζωὴν</strong></span> 
     </span>
    </p>
   </div>
   <div class='ocr_carea' id='block_1_69' title="bbox 290 3821 1876 3900">
    <p class='ocr_par' dir='ltr' id='par_1_69' title="bbox 290 3821 1876 3900">
     <span class='ocr_line' id='line_1_69' title="bbox 290 3821 1876 3900; baseline -0.006 -16"><span class='ocrx_word' id='word_1_510' title='bbox 290 3830 541 3895; x_wconf 85' lang='grc' dir='ltr'><strong>αίώνιον,</strong></span> <span class='ocrx_word' id='word_1_511' title='bbox 568 3832 664 3882; x_wconf 76' lang='grc' dir='ltr'><strong>καὶ</strong></span> <span class='ocrx_word' id='word_1_512' title='bbox 697 3833 776 3892; x_wconf 88' lang='grc' dir='ltr'><strong>είς</strong></span> <span class='ocrx_word' id='word_1_513' title='bbox 805 3830 1172 3900; x_wconf 81' lang='grc' dir='ltr'><strong>φυλακτήριον</strong></span> <span class='ocrx_word' id='word_1_514' title='bbox 1201 3828 1378 3897; x_wconf 78' lang='grc' dir='ltr'><strong>ψυχῆς</strong></span> <span class='ocrx_word' id='word_1_515' title='bbox 1401 3843 1457 3879; x_wconf 83' lang='grc' dir='ltr'><strong>τε</strong></span> <span class='ocrx_word' id='word_1_516' title='bbox 1489 3826 1581 3879; x_wconf 73' lang='grc' dir='ltr'><strong>καὶ</strong></span> <span class='ocrx_word' id='word_1_517' title='bbox 1605 3821 1876 3894; x_wconf 81' lang='grc' dir='ltr'><strong>σώματος,</strong></span> 
     </span>
    </p>
   </div>
   <div class='ocr_carea' id='block_1_70' title="bbox 286 3916 1876 3991">
    <p class='ocr_par' dir='ltr' id='par_1_70' title="bbox 286 3916 1876 3991">
     <span class='ocr_line' id='line_1_70' title="bbox 286 3916 1876 3991; baseline -0.005 -17"><span class='ocrx_word' id='word_1_518' title='bbox 286 3926 406 3985; x_wconf 84' lang='grc' dir='ltr'><strong>τοῖς</strong></span> <span class='ocrx_word' id='word_1_519' title='bbox 433 3923 491 3974; x_wconf 80' lang='grc' dir='ltr'><strong>δὲ</strong></span> <span class='ocrx_word' id='word_1_520' title='bbox 526 3924 584 3974; x_wconf 84' lang='grc' dir='ltr'><strong>ὲν</strong></span> <span class='ocrx_word' id='word_1_521' title='bbox 615 3922 843 3991; x_wconf 77' lang='grc' dir='ltr'><strong>ἀπιστίᾳ</strong></span> <span class='ocrx_word' id='word_1_522' title='bbox 882 3920 1117 3984; x_wconf 83' lang='grc' dir='ltr'><strong>ἀναξίως</strong></span> <span class='ocrx_word' id='word_1_523' title='bbox 1145 3919 1488 3989; x_wconf 83' lang='grc' dir='ltr'><strong>μετέχουσιν,</strong></span> <span class='ocrx_word' id='word_1_524' title='bbox 1523 3917 1602 3978; x_wconf 87' lang='grc' dir='ltr'><strong>είς</strong></span> <span class='ocrx_word' id='word_1_525' title='bbox 1633 3916 1876 3980; x_wconf 84' lang='grc' dir='ltr'><strong>κόλασιν,</strong></span> 
     </span>
    </p>
   </div>
   <div class='ocr_carea' id='block_1_71' title="bbox 289 4005 1877 4083">
    <p class='ocr_par' dir='ltr' id='par_1_71' title="bbox 289 4005 1877 4083">
     <span class='ocr_line' id='line_1_71' title="bbox 289 4005 1877 4083; baseline -0.005 -16"><span class='ocrx_word' id='word_1_526' title='bbox 289 4015 390 4067; x_wconf 80' lang='grc' dir='ltr'><strong>καὶ</strong></span> <span class='ocrx_word' id='word_1_527' title='bbox 416 4013 716 4083; x_wconf 82' lang='grc' dir='ltr'><strong>τιμωρίαν,</strong></span> <span class='ocrx_word' id='word_1_528' title='bbox 761 4011 1012 4082; x_wconf 89' lang='grc' dir='ltr'><strong>καθάπερ</strong></span> <span class='ocrx_word' id='word_1_529' title='bbox 1063 4012 1154 4063; x_wconf 72' lang='grc' dir='ltr'><strong>καὶ</strong></span> <span class='ocrx_word' id='word_1_530' title='bbox 1192 4012 1221 4063; x_wconf 89' lang='lat'><strong>6</strong></span> <span class='ocrx_word' id='word_1_531' title='bbox 1253 4008 1349 4062; x_wconf 86' lang='grc' dir='ltr'><strong>τοῦ</strong></span> <span class='ocrx_word' id='word_1_532' title='bbox 1387 4008 1594 4078; x_wconf 81' lang='grc' dir='ltr'><strong>Κυρίου</strong></span> <span class='ocrx_word' id='word_1_533' title='bbox 1629 4005 1877 4069; x_wconf 82' lang='grc' dir='ltr'><strong>θάνατος.</strong></span> 
     </span>
    </p>
   </div>
   <div class='ocr_carea' id='block_1_72' title="bbox 289 4094 1879 4172">
    <p class='ocr_par' dir='ltr' id='par_1_72' title="bbox 289 4094 1879 4172">
     <span class='ocr_line' id='line_1_72' title="bbox 289 4094 1879 4172; baseline -0.003 -16"><span class='ocrx_word' id='word_1_534' title='bbox 289 4103 410 4156; x_wconf 79' lang='grc' dir='ltr'><strong>Καὶ</strong></span> <span class='ocrx_word' id='word_1_535' title='bbox 455 4103 556 4156; x_wconf 82' lang='grc' dir='ltr'><strong>οὐκ</strong></span> <span class='ocrx_word' id='word_1_536' title='bbox 600 4101 718 4154; x_wconf 74' lang='grc' dir='ltr'><strong>εστι</strong></span> <span class='ocrx_word' id='word_1_537' title='bbox 743 4103 912 4164; x_wconf 86' lang='grc' dir='ltr'><strong>τύπος</strong></span> <span class='ocrx_word' id='word_1_538' title='bbox 939 4102 968 4153; x_wconf 91' lang='lat'><strong>6</strong></span> <span class='ocrx_word' id='word_1_539' title='bbox 999 4101 1184 4172; x_wconf 87' lang='grc' dir='ltr'><strong>ἄρτος.</strong></span> <span class='ocrx_word' id='word_1_540' title='bbox 1221 4101 1315 4153; x_wconf 75' lang='grc' dir='ltr'><strong>καὶ</strong></span> <span class='ocrx_word' id='word_1_541' title='bbox 1343 4103 1371 4153; x_wconf 80' lang='lat'><em>6&#39;</em></span> <span class='ocrx_word' id='word_1_542' title='bbox 1399 4094 1540 4161; x_wconf 83' lang='grc' dir='ltr'><strong>οἶνος</strong></span> <span class='ocrx_word' id='word_1_543' title='bbox 1570 4098 1661 4150; x_wconf 88' lang='grc' dir='ltr'><strong>τοῦ</strong></span> <span class='ocrx_word' id='word_1_544' title='bbox 1692 4098 1879 4168; x_wconf 71' lang='grc' dir='ltr'><strong>σῶμα⁶</strong></span> 
     </span>
    </p>
   </div>
   <div class='ocr_carea' id='block_1_73' title="bbox 287 4186 1880 4261">
    <p class='ocr_par' dir='ltr' id='par_1_73' title="bbox 287 4186 1880 4261">
     <span class='ocr_line' id='line_1_73' title="bbox 287 4186 1880 4261; baseline -0.001 -19"><span class='ocrx_word' id='word_1_545' title='bbox 287 4209 407 4258; x_wconf 86' lang='grc' dir='ltr'><strong>τος,</strong></span> <span class='ocrx_word' id='word_1_546' title='bbox 446 4191 542 4244; x_wconf 81' lang='grc' dir='ltr'><strong>καὶ</strong></span> <span class='ocrx_word' id='word_1_547' title='bbox 589 4192 825 4261; x_wconf 73' lang='grc' dir='ltr'><strong>αἵματος</strong></span> <span class='ocrx_word' id='word_1_548' title='bbox 877 4193 972 4244; x_wconf 87' lang='grc' dir='ltr'><strong>τοῦ</strong></span> <span class='ocrx_word' id='word_1_549' title='bbox 1025 4191 1262 4260; x_wconf 81' lang='grc' dir='ltr'><strong>Χριστοῦ</strong></span> <span class='ocrx_word' id='word_1_550' title='bbox 1285 4206 1300 4221; x_wconf 77' lang='grc' dir='ltr'><strong>ο</strong></span> <span class='ocrx_word' id='word_1_551' title='bbox 1362 4189 1438 4261; x_wconf 79' lang='grc' dir='ltr'><strong>μὴ</strong></span> <span class='ocrx_word' id='word_1_552' title='bbox 1468 4191 1674 4257; x_wconf 83' lang='grc' dir='ltr'><strong>γένοιτο</strong></span> <span class='ocrx_word' id='word_1_553' title='bbox 1712 4203 1727 4219; x_wconf 74' lang='grc' dir='ltr'><strong>ο</strong></span> <span class='ocrx_word' id='word_1_554' title='bbox 1764 4186 1880 4241; x_wconf 84' lang='grc' dir='ltr'><strong>ἀλλ’</strong></span> 
     </span>
    </p>
   </div>
   <div class='ocr_carea' id='block_1_74' title="bbox 288 4278 1881 4352">
    <p class='ocr_par' dir='ltr' id='par_1_74' title="bbox 288 4278 1881 4352">
     <span class='ocr_line' id='line_1_74' title="bbox 288 4278 1881 4352; baseline -0.001 -18"><span class='ocrx_word' id='word_1_555' title='bbox 288 4281 432 4334; x_wconf 74' lang='grc' dir='ltr'><strong>αὐτὸ</strong></span> <span class='ocrx_word' id='word_1_556' title='bbox 461 4282 525 4335; x_wconf 78' lang='grc' dir='ltr'><strong>τὸ</strong></span> <span class='ocrx_word' id='word_1_557' title='bbox 560 4281 719 4351; x_wconf 88' lang='grc' dir='ltr'><strong>σῶμα</strong></span> <span class='ocrx_word' id='word_1_558' title='bbox 759 4281 854 4334; x_wconf 90' lang='grc' dir='ltr'><strong>τοῦ</strong></span> <span class='ocrx_word' id='word_1_559' title='bbox 904 4281 1165 4352; x_wconf 83' lang='grc' dir='ltr'><strong>Χριστοῦ,</strong></span> <span class='ocrx_word' id='word_1_560' title='bbox 1205 4279 1570 4350; x_wconf 83' lang='grc' dir='ltr'><strong>τεθεωμένον’</strong></span> <span class='ocrx_word' id='word_1_561' title='bbox 1611 4280 1704 4332; x_wconf 74' lang='grc' dir='ltr'><strong>καὶ</strong></span> <span class='ocrx_word' id='word_1_562' title='bbox 1750 4278 1881 4332; x_wconf 79' lang='grc' dir='ltr'><strong>αὐτὸ</strong></span> 
     </span>
    </p>
   </div>
   <div class='ocr_carea' id='block_1_75' title="bbox 288 4369 1879 4443">
    <p class='ocr_par' dir='ltr' id='par_1_75' title="bbox 288 4369 1879 4443">
     <span class='ocr_line' id='line_1_75' title="bbox 288 4369 1879 4443; baseline 0 -19"><span class='ocrx_word' id='word_1_563' title='bbox 288 4373 357 4424; x_wconf 82' lang='grc' dir='ltr'><strong>τὺ</strong></span> <span class='ocrx_word' id='word_1_564' title='bbox 397 4369 542 4441; x_wconf 78' lang='grc' dir='ltr'><strong>αἷμα</strong></span> <span class='ocrx_word' id='word_1_565' title='bbox 578 4388 594 4403; x_wconf 89' lang='grc'><strong>·</strong></span> <span class='ocrx_word' id='word_1_566' title='bbox 641 4372 708 4424; x_wconf 89' lang='grc' dir='ltr'><strong>Ἦ</strong></span> <span class='ocrx_word' id='word_1_567' title='bbox 757 4371 867 4443; x_wconf 87' lang='grc' dir='ltr'><strong>γάρ</strong></span> <span class='ocrx_word' id='word_1_568' title='bbox 921 4370 1059 4440; x_wconf 86' lang='grc' dir='ltr'><strong>σάρξ</strong></span> <span class='ocrx_word' id='word_1_569' title='bbox 1101 4387 1226 4440; x_wconf 87' lang='grc' dir='ltr'><strong>μου,</strong></span> <span class='ocrx_word' id='word_1_570' title='bbox 1275 4373 1462 4440; x_wconf 74' lang='grc' dir='ltr'><strong>φησιν,</strong></span> <span class='ocrx_word' id='word_1_571' title='bbox 1518 4370 1722 4440; x_wconf 84' lang='grc' dir='ltr'><strong>ἀληθής</strong></span> <span class='ocrx_word' id='word_1_572' title='bbox 1764 4371 1879 4424; x_wconf 71' lang='grc' dir='ltr'><strong>ἐστι</strong></span> 
     </span>
    </p>
   </div>
   <div class='ocr_carea' id='block_1_76' title="bbox 291 4457 1874 4533">
    <p class='ocr_par' dir='ltr' id='par_1_76' title="bbox 291 4457 1874 4533">
     <span class='ocr_line' id='line_1_76' title="bbox 291 4457 1874 4533; baseline 0.001 -19"><span class='ocrx_word' id='word_1_573' title='bbox 291 4461 538 4533; x_wconf 86' lang='grc' dir='ltr'><strong>βρῶσις,</strong></span> <span class='ocrx_word' id='word_1_574' title='bbox 588 4461 684 4514; x_wconf 74' lang='grc' dir='ltr'><strong>καὶ</strong></span> <span class='ocrx_word' id='word_1_575' title='bbox 737 4461 798 4513; x_wconf 78' lang='grc' dir='ltr'><strong>τὸ</strong></span> <span class='ocrx_word' id='word_1_576' title='bbox 851 4457 990 4530; x_wconf 79' lang='grc' dir='ltr'><strong>αἷμά</strong></span> <span class='ocrx_word' id='word_1_577' title='bbox 1069 4477 1170 4530; x_wconf 92' lang='grc' dir='ltr'><strong>μου</strong></span> <span class='ocrx_word' id='word_1_578' title='bbox 1233 4461 1438 4530; x_wconf 83' lang='grc' dir='ltr'><strong>ἀληθής</strong></span> <span class='ocrx_word' id='word_1_579' title='bbox 1506 4462 1622 4512; x_wconf 76' lang='grc' dir='ltr'><strong>ἐστι</strong></span> <span class='ocrx_word' id='word_1_580' title='bbox 1695 4461 1874 4522; x_wconf 80' lang='grc' dir='ltr'><strong>πόσις.</strong></span> 
     </span>
    </p>
   </div>
   <div class='ocr_carea' id='block_1_77' title="bbox 289 4547 1879 4621">
    <p class='ocr_par' dir='ltr' id='par_1_77' title="bbox 289 4547 1879 4621">
     <span class='ocr_line' id='line_1_77' title="bbox 289 4547 1879 4621; baseline -0.001 -17"><span class='ocrx_word' id='word_1_581' title='bbox 289 4551 468 4614; x_wconf 82' lang='grc' dir='ltr'><strong>Σῶμά</strong></span> <span class='ocrx_word' id='word_1_582' title='bbox 528 4553 643 4604; x_wconf 76' lang='grc' dir='ltr'><strong>ἑστι</strong></span> <span class='ocrx_word' id='word_1_583' title='bbox 693 4553 789 4603; x_wconf 78' lang='grc' dir='ltr'><strong>καὶ</strong></span> <span class='ocrx_word' id='word_1_584' title='bbox 838 4547 978 4621; x_wconf 77' lang='grc' dir='ltr'><strong>αἷμα</strong></span> <span class='ocrx_word' id='word_1_585' title='bbox 1039 4551 1315 4620; x_wconf 84' lang='grc' dir='ltr'><strong>Χριστοῦ,</strong></span> <span class='ocrx_word' id='word_1_586' title='bbox 1362 4552 1441 4614; x_wconf 89' lang='grc' dir='ltr'><strong>είς</strong></span> <span class='ocrx_word' id='word_1_587' title='bbox 1488 4551 1746 4603; x_wconf 84' lang='grc' dir='ltr'><strong>σύστασιν</strong></span> <span class='ocrx_word' id='word_1_588' title='bbox 1781 4551 1879 4621; x_wconf 87' lang='grc' dir='ltr'><strong>τῆς</strong></span> 
     </span>
    </p>
   </div>
   <div class='ocr_carea' id='block_1_78' title="bbox 294 4653 1882 4729">
    <p class='ocr_par' dir='ltr' id='par_1_78' title="bbox 294 4653 1882 4729">
     <span class='ocr_line' id='line_1_78' title="bbox 294 4653 1882 4729; baseline 0.006 -24"><span class='ocrx_word' id='word_1_589' title='bbox 294 4653 590 4724; x_wconf 70' lang='grc' dir='ltr'><strong>ἡμετέρας</strong></span> <span class='ocrx_word' id='word_1_590' title='bbox 634 4654 846 4726; x_wconf 80' lang='grc' dir='ltr'><strong>ψυχῆς,</strong></span> <span class='ocrx_word' id='word_1_591' title='bbox 876 4657 971 4709; x_wconf 75' lang='grc' dir='ltr'><strong>καὶ</strong></span> <span class='ocrx_word' id='word_1_592' title='bbox 1015 4657 1110 4710; x_wconf 85' lang='grc' dir='ltr'><strong>τοῦ</strong></span> <span class='ocrx_word' id='word_1_593' title='bbox 1151 4656 1403 4727; x_wconf 87' lang='grc' dir='ltr'><strong>σώματος</strong></span> <span class='ocrx_word' id='word_1_594' title='bbox 1431 4663 1664 4729; x_wconf 80' lang='grc' dir='ltr'><strong>χωροῦν,</strong></span> <span class='ocrx_word' id='word_1_595' title='bbox 1696 4661 1757 4713; x_wconf 82' lang='grc' dir='ltr'><strong>οὐ</strong></span> <span class='ocrx_word' id='word_1_596' title='bbox 1790 4661 1882 4716; x_wconf 83' lang='grc' dir='ltr'><strong>δα-</strong></span> 
     </span>
    </p>
   </div>
   <div class='ocr_carea' id='block_1_79' title="bbox 295 4743 1884 4821">
    <p class='ocr_par' dir='ltr' id='par_1_79' title="bbox 295 4743 1884 4821">
     <span class='ocr_line' id='line_1_79' title="bbox 295 4743 1884 4821; baseline 0.006 -26"><span class='ocrx_word' id='word_1_597' title='bbox 295 4743 648 4810; x_wconf 85' lang='grc' dir='ltr'><strong>πανώμενον,</strong></span> <span class='ocrx_word' id='word_1_598' title='bbox 674 4744 736 4797; x_wconf 85' lang='grc' dir='ltr'><strong>οὐ</strong></span> <span class='ocrx_word' id='word_1_599' title='bbox 773 4745 1153 4816; x_wconf 82' lang='grc' dir='ltr'><strong>φθειρόμενον,</strong></span> <span class='ocrx_word' id='word_1_600' title='bbox 1191 4748 1291 4800; x_wconf 83' lang='grc' dir='ltr'><strong>οὐκ</strong></span> <span class='ocrx_word' id='word_1_601' title='bbox 1319 4749 1398 4811; x_wconf 90' lang='grc' dir='ltr'><strong>είς</strong></span> <span class='ocrx_word' id='word_1_602' title='bbox 1449 4749 1734 4820; x_wconf 78' lang='grc' dir='ltr'><strong>ἀφεδρῶνα</strong></span> <span class='ocrx_word' id='word_1_603' title='bbox 1778 4768 1884 4821; x_wconf 88' lang='grc' dir='ltr'><strong>χω-</strong></span> 
     </span>
    </p>
   </div>
   <div class='ocr_carea' id='block_1_80' title="bbox 296 4834 1878 4911">
    <p class='ocr_par' dir='ltr' id='par_1_80' title="bbox 296 4834 1878 4911">
     <span class='ocr_line' id='line_1_80' title="bbox 296 4834 1878 4911; baseline 0.004 -25"><span class='ocrx_word' id='word_1_604' title='bbox 296 4834 456 4905; x_wconf 90' lang='grc' dir='ltr'><strong>ροῦν,</strong></span> <span class='ocrx_word' id='word_1_605' title='bbox 493 4835 608 4888; x_wconf 80' lang='grc' dir='ltr'><strong>ἀλλ’</strong></span> <span class='ocrx_word' id='word_1_606' title='bbox 639 4837 719 4900; x_wconf 86' lang='grc' dir='ltr'><strong>είς</strong></span> <span class='ocrx_word' id='word_1_607' title='bbox 750 4837 849 4908; x_wconf 77' lang='grc' dir='ltr'><strong>τὴν</strong></span> <span class='ocrx_word' id='word_1_608' title='bbox 883 4838 1042 4908; x_wconf 74' lang='grc' dir='ltr'><strong>ήμῶν</strong></span> <span class='ocrx_word' id='word_1_609' title='bbox 1077 4839 1266 4892; x_wconf 80' lang='grc' dir='ltr'><strong>οὐσίαν</strong></span> <span class='ocrx_word' id='word_1_610' title='bbox 1305 4857 1366 4892; x_wconf 86' lang='grc' dir='ltr'><strong>τε</strong></span> <span class='ocrx_word' id='word_1_611' title='bbox 1400 4841 1492 4891; x_wconf 81' lang='grc' dir='ltr'><strong>καὶ</strong></span> <span class='ocrx_word' id='word_1_612' title='bbox 1529 4843 1878 4911; x_wconf 82' lang='grc' dir='ltr'><strong>συντήρησιν,</strong></span> 
     </span>
    </p>
   </div>
   <div class='ocr_carea' id='block_1_81' title="bbox 292 4925 1878 5005">
    <p class='ocr_par' dir='ltr' id='par_1_81' title="bbox 292 4925 1878 5005">
     <span class='ocr_line' id='line_1_81' title="bbox 292 4925 1878 5005; baseline 0.006 -27"><span class='ocrx_word' id='word_1_613' title='bbox 292 4925 480 4996; x_wconf 75' lang='grc' dir='ltr'><strong>ῥύπου</strong></span> <span class='ocrx_word' id='word_1_614' title='bbox 511 4929 709 4990; x_wconf 82' lang='grc' dir='ltr'><strong>παντὸς</strong></span> <span class='ocrx_word' id='word_1_615' title='bbox 739 4929 1138 5001; x_wconf 73' lang='grc' dir='ltr'><strong>καθαρτήριονο</strong></span> <span class='ocrx_word' id='word_1_616' title='bbox 1171 4931 1271 4984; x_wconf 79' lang='grc' dir='ltr'><strong>κᾶν</strong></span> <span class='ocrx_word' id='word_1_617' title='bbox 1294 4932 1491 5002; x_wconf 81' lang='grc' dir='ltr'><strong>χρυσὸν</strong></span> <span class='ocrx_word' id='word_1_618' title='bbox 1528 4932 1664 5004; x_wconf 78' lang='grc' dir='ltr'><strong>λάϐῃ</strong></span> <span class='ocrx_word' id='word_1_619' title='bbox 1692 4933 1878 5005; x_wconf 77' lang='grc' dir='ltr'><strong>κίϐδη-</strong></span> 
     </span>
    </p>
   </div>
   <div class='ocr_carea' id='block_1_82' title="bbox 290 5017 1882 5094">
    <p class='ocr_par' dir='ltr' id='par_1_82' title="bbox 290 5017 1882 5094">
     <span class='ocr_line' id='line_1_82' title="bbox 290 5017 1882 5094; baseline 0.006 -25"><span class='ocrx_word' id='word_1_620' title='bbox 290 5017 412 5082; x_wconf 90' lang='grc' dir='ltr'><strong>λον,</strong></span> <span class='ocrx_word' id='word_1_621' title='bbox 447 5017 536 5070; x_wconf 75' lang='grc' dir='ltr'><strong>διὰ</strong></span> <span class='ocrx_word' id='word_1_622' title='bbox 569 5017 669 5087; x_wconf 82' lang='grc' dir='ltr'><strong>τῆς</strong></span> <span class='ocrx_word' id='word_1_623' title='bbox 700 5021 954 5090; x_wconf 85' lang='grc' dir='ltr'><strong>κριτικῆς</strong></span> <span class='ocrx_word' id='word_1_624' title='bbox 978 5037 1274 5091; x_wconf 80' lang='grc' dir='ltr'><strong>πυρωσεως</strong></span> <span class='ocrx_word' id='word_1_625' title='bbox 1302 5022 1571 5092; x_wconf 87' lang='grc' dir='ltr'><strong>καθαίρει,</strong></span> <span class='ocrx_word' id='word_1_626' title='bbox 1600 5023 1687 5076; x_wconf 87' lang='grc' dir='ltr'><strong>ῖνα</strong></span> <span class='ocrx_word' id='word_1_627' title='bbox 1719 5024 1794 5094; x_wconf 79' lang='grc' dir='ltr'><strong>μὴ</strong></span> <span class='ocrx_word' id='word_1_628' title='bbox 1824 5026 1882 5079; x_wconf 76' lang='grc' dir='ltr'><strong>ἐν</strong></span> 
     </span>
    </p>
   </div>
   <div class='ocr_carea' id='block_1_83' title="bbox 289 5107 1880 5184">
    <p class='ocr_par' dir='ltr' id='par_1_83' title="bbox 289 5107 1880 5184">
     <span class='ocr_line' id='line_1_83' title="bbox 289 5107 1880 5184; baseline 0.004 -22"><span class='ocrx_word' id='word_1_629' title='bbox 289 5107 378 5178; x_wconf 80' lang='grc' dir='ltr'><strong>τῷ</strong></span> <span class='ocrx_word' id='word_1_630' title='bbox 449 5108 722 5176; x_wconf 83' lang='grc' dir='ltr'><strong>μέλλοντι,</strong></span> <span class='ocrx_word' id='word_1_631' title='bbox 782 5111 880 5164; x_wconf 78' lang='grc' dir='ltr'><strong>σὺν</strong></span> <span class='ocrx_word' id='word_1_632' title='bbox 920 5110 999 5181; x_wconf 86' lang='grc' dir='ltr'>τῷ</span> <span class='ocrx_word' id='word_1_633' title='bbox 1058 5112 1251 5182; x_wconf 89' lang='grc' dir='ltr'><strong>κόσμῳ</strong></span> <span class='ocrx_word' id='word_1_634' title='bbox 1298 5115 1743 5184; x_wconf 83' lang='grc' dir='ltr'><strong>κατακριθῶμεν.</strong></span> <span class='ocrx_word' id='word_1_635' title='bbox 1803 5113 1880 5168; x_wconf 82' lang='grc' dir='ltr'><strong>Δι’</strong></span> 
     </span>
    </p>
   </div>
   <div class='ocr_carea' id='block_1_84' title="bbox 291 5196 1879 5275">
    <p class='ocr_par' dir='ltr' id='par_1_84' title="bbox 291 5196 1879 5275">
     <span class='ocr_line' id='line_1_84' title="bbox 291 5196 1879 5275; baseline 0.004 -25"><span class='ocrx_word' id='word_1_636' title='bbox 291 5196 470 5251; x_wconf 79' lang='grc' dir='ltr'><strong>αὑτοῦ</strong></span> <span class='ocrx_word' id='word_1_637' title='bbox 499 5197 888 5269; x_wconf 77' lang='grc' dir='ltr'><strong>καθαιρόμενοι</strong></span> <span class='ocrx_word' id='word_1_638' title='bbox 909 5239 926 5264; x_wconf 93' lang='grc'><strong>,</strong></span> <span class='ocrx_word' id='word_1_639' title='bbox 959 5200 1231 5269; x_wconf 80' lang='grc' dir='ltr'><strong>ἑνούμεθα</strong></span> <span class='ocrx_word' id='word_1_640' title='bbox 1264 5202 1342 5272; x_wconf 83' lang='grc' dir='ltr'><strong>τῷ</strong></span> <span class='ocrx_word' id='word_1_641' title='bbox 1374 5201 1589 5272; x_wconf 84' lang='grc' dir='ltr'><strong>σώματι</strong></span> <span class='ocrx_word' id='word_1_642' title='bbox 1623 5203 1879 5275; x_wconf 82' lang='grc' dir='ltr'><strong>Χριστοῦ,</strong></span> 
     </span>
    </p>
   </div>
   <div class='ocr_carea' id='block_1_85' title="bbox 292 5288 1881 5364">
    <p class='ocr_par' dir='ltr' id='par_1_85' title="bbox 292 5288 1881 5364">
     <span class='ocr_line' id='line_1_85' title="bbox 292 5288 1881 5364; baseline 0.004 -23"><span class='ocrx_word' id='word_1_643' title='bbox 292 5290 394 5341; x_wconf 80' lang='grc' dir='ltr'><strong>καὶ</strong></span> <span class='ocrx_word' id='word_1_644' title='bbox 424 5288 505 5358; x_wconf 86' lang='grc' dir='ltr'><strong>τῷ</strong></span> <span class='ocrx_word' id='word_1_645' title='bbox 536 5290 819 5362; x_wconf 87' lang='grc' dir='ltr'><strong>Πνεύματι</strong></span> <span class='ocrx_word' id='word_1_646' title='bbox 861 5292 1051 5356; x_wconf 84' lang='grc' dir='ltr'><strong>αὐτοῦ,</strong></span> <span class='ocrx_word' id='word_1_647' title='bbox 1106 5292 1203 5345; x_wconf 71' lang='grc' dir='ltr'><strong>καὶ</strong></span> <span class='ocrx_word' id='word_1_648' title='bbox 1255 5293 1520 5364; x_wconf 89' lang='grc' dir='ltr'><strong>γινόμεθα</strong></span> <span class='ocrx_word' id='word_1_649' title='bbox 1552 5294 1711 5364; x_wconf 87' lang='grc' dir='ltr'><strong>σῶμα</strong></span> <span class='ocrx_word' id='word_1_650' title='bbox 1748 5296 1881 5364; x_wconf 86' lang='grc' dir='ltr'><strong>Χρι-</strong></span> 
     </span>
    </p>
   </div>
   <div class='ocr_carea' id='block_1_86' title="bbox 296 5373 1882 5455">
    <p class='ocr_par' dir='ltr' id='par_1_86' title="bbox 296 5373 1882 5455">
     <span class='ocr_line' id='line_1_86' title="bbox 296 5373 1882 5455; baseline 0.004 -22"><span class='ocrx_word' id='word_1_651' title='bbox 296 5378 456 5434; x_wconf 89' lang='grc' dir='ltr'><strong>στοῦ.</strong></span> <span class='ocrx_word' id='word_1_652' title='bbox 490 5373 659 5444; x_wconf 79' lang='grc' dir='ltr'><strong>Οὗτος</strong></span> <span class='ocrx_word' id='word_1_653' title='bbox 685 5383 713 5435; x_wconf 93' lang='lat'><strong>6</strong></span> <span class='ocrx_word' id='word_1_654' title='bbox 742 5382 908 5453; x_wconf 79' lang='grc' dir='ltr'><strong>ἄρτος</strong></span> <span class='ocrx_word' id='word_1_655' title='bbox 953 5384 1124 5448; x_wconf 72' lang='grc' dir='ltr'><strong>ἐστὶν,</strong></span> <span class='ocrx_word' id='word_1_656' title='bbox 1155 5386 1189 5455; x_wconf 76' lang='grc' dir='ltr'>ἡ</span> <span class='ocrx_word' id='word_1_657' title='bbox 1217 5385 1440 5455; x_wconf 77' lang='grc' dir='ltr'><strong>ἀπαρχὴ</strong></span> <span class='ocrx_word' id='word_1_658' title='bbox 1470 5383 1563 5438; x_wconf 91' lang='grc' dir='ltr'><strong>τοῦ</strong></span> <span class='ocrx_word' id='word_1_659' title='bbox 1600 5385 1882 5454; x_wconf 88' lang='grc' dir='ltr'><strong>μέλλοντος</strong></span> 
     </span>
    </p>
   </div>
   <div class='ocr_carea' id='block_1_87' title="bbox 292 5471 1878 5543">
    <p class='ocr_par' dir='ltr' id='par_1_87' title="bbox 292 5471 1878 5543">
     <span class='ocr_line' id='line_1_87' title="bbox 292 5471 1878 5543; baseline 0.001 -17"><span class='ocrx_word' id='word_1_660' title='bbox 292 5474 493 5542; x_wconf 87' lang='grc' dir='ltr'><strong>ἄρτου,</strong></span> <span class='ocrx_word' id='word_1_661' title='bbox 522 5471 581 5533; x_wconf 80' lang='grc' dir='ltr'><strong>ὃς</strong></span> <span class='ocrx_word' id='word_1_662' title='bbox 613 5473 763 5524; x_wconf 72' lang='grc' dir='ltr'><strong>ἐστιν</strong></span> <span class='ocrx_word' id='word_1_663' title='bbox 793 5471 823 5523; x_wconf 88' lang='grc' dir='ltr'><strong>ό</strong></span> <span class='ocrx_word' id='word_1_664' title='bbox 849 5471 1146 5535; x_wconf 73' lang='grc' dir='ltr'><strong>επιούσιοςο</strong></span> <span class='ocrx_word' id='word_1_665' title='bbox 1181 5473 1243 5526; x_wconf 79' lang='grc' dir='ltr'><strong>τὸ</strong></span> <span class='ocrx_word' id='word_1_666' title='bbox 1269 5473 1378 5541; x_wconf 85' lang='grc' dir='ltr'><strong>γὰρ</strong></span> <span class='ocrx_word' id='word_1_667' title='bbox 1411 5473 1683 5526; x_wconf 76' lang='grc' dir='ltr'><strong>ἐπιούσιον</strong></span> <span class='ocrx_word' id='word_1_668' title='bbox 1711 5473 1878 5543; x_wconf 80' lang='grc' dir='ltr'><strong>δηλοῖ,</strong></span> 
     </span>
    </p>
   </div>
   <div class='ocr_carea' id='block_1_88' title="bbox 291 5561 1878 5633">
    <p class='ocr_par' dir='ltr' id='par_1_88' title="bbox 291 5561 1878 5633">
     <span class='ocr_line' id='line_1_88' title="bbox 291 5561 1878 5633; baseline 0.004 -21"><span class='ocrx_word' id='word_1_669' title='bbox 291 5563 327 5631; x_wconf 77' lang='grc' dir='ltr'>ἢ</span> <span class='ocrx_word' id='word_1_670' title='bbox 363 5561 462 5613; x_wconf 73' lang='grc' dir='ltr'><strong>τὸν</strong></span> <span class='ocrx_word' id='word_1_671' title='bbox 497 5561 784 5631; x_wconf 84' lang='grc' dir='ltr'><strong>μέλλοντα,</strong></span> <span class='ocrx_word' id='word_1_672' title='bbox 812 5563 1058 5617; x_wconf 85' lang='grc' dir='ltr'><strong>τουτέστι</strong></span> <span class='ocrx_word' id='word_1_673' title='bbox 1090 5564 1180 5617; x_wconf 83' lang='grc' dir='ltr'><strong>τὸν</strong></span> <span class='ocrx_word' id='word_1_674' title='bbox 1217 5563 1311 5616; x_wconf 92' lang='grc' dir='ltr'><strong>τοῦ</strong></span> <span class='ocrx_word' id='word_1_675' title='bbox 1346 5565 1628 5633; x_wconf 80' lang='grc' dir='ltr'><strong>μέλλοντος</strong></span> <span class='ocrx_word' id='word_1_676' title='bbox 1664 5565 1878 5632; x_wconf 85' lang='grc' dir='ltr'><strong>αίῶνος,</strong></span> 
     </span>
    </p>
   </div>
   <div class='ocr_carea' id='block_1_89' title="bbox 291 5653 1878 5726">
    <p class='ocr_par' dir='ltr' id='par_1_89' title="bbox 291 5653 1878 5726">
     <span class='ocr_line' id='line_1_89' title="bbox 291 5653 1878 5726; baseline 0.003 -21"><span class='ocrx_word' id='word_1_677' title='bbox 291 5654 328 5723; x_wconf 76' lang='grc' dir='ltr'>ἢ</span> <span class='ocrx_word' id='word_1_678' title='bbox 361 5653 460 5706; x_wconf 76' lang='grc' dir='ltr'><strong>τὸν</strong></span> <span class='ocrx_word' id='word_1_679' title='bbox 507 5655 647 5723; x_wconf 79' lang='grc' dir='ltr'><strong>πρὸς</strong></span> <span class='ocrx_word' id='word_1_680' title='bbox 694 5656 1026 5724; x_wconf 83' lang='grc' dir='ltr'><strong>συντήρησιν</strong></span> <span class='ocrx_word' id='word_1_681' title='bbox 1054 5656 1151 5724; x_wconf 82' lang='grc' dir='ltr'><strong>τῆς</strong></span> <span class='ocrx_word' id='word_1_682' title='bbox 1198 5656 1388 5719; x_wconf 87' lang='grc' dir='ltr'><strong>οὐσίας</strong></span> <span class='ocrx_word' id='word_1_683' title='bbox 1420 5656 1577 5726; x_wconf 74' lang='grc' dir='ltr'><strong>ἡμῶν</strong></span> <span class='ocrx_word' id='word_1_684' title='bbox 1604 5655 1878 5726; x_wconf 75' lang='grc' dir='ltr'><strong>λαμϐανό-</strong></span> 
     </span>
    </p>
   </div>
   <div class='ocr_carea' id='block_1_90' title="bbox 298 5740 1878 5818">
    <p class='ocr_par' dir='ltr' id='par_1_90' title="bbox 298 5740 1878 5818">
     <span class='ocr_line' id='line_1_90' title="bbox 298 5740 1878 5818; baseline 0.005 -27"><span class='ocrx_word' id='word_1_685' title='bbox 298 5757 491 5811; x_wconf 83' lang='grc' dir='ltr'><strong>μενον.</strong></span> <span class='ocrx_word' id='word_1_686' title='bbox 523 5740 752 5809; x_wconf 80' lang='grc' dir='ltr'><strong>Πνεῦμα</strong></span> <span class='ocrx_word' id='word_1_687' title='bbox 782 5741 1046 5806; x_wconf 75' lang='grc' dir='ltr'><strong>ζωοποιόν</strong></span> <span class='ocrx_word' id='word_1_688' title='bbox 1086 5745 1255 5810; x_wconf 74' lang='grc' dir='ltr'><strong>ἐστιν,</strong></span> <span class='ocrx_word' id='word_1_689' title='bbox 1291 5746 1325 5814; x_wconf 76' lang='grc' dir='ltr'>ἡ</span> <span class='ocrx_word' id='word_1_690' title='bbox 1357 5744 1492 5816; x_wconf 82' lang='grc' dir='ltr'><strong>σὰρξ</strong></span> <span class='ocrx_word' id='word_1_691' title='bbox 1527 5746 1620 5798; x_wconf 90' lang='grc' dir='ltr'><strong>τοῦ</strong></span> <span class='ocrx_word' id='word_1_692' title='bbox 1651 5747 1878 5818; x_wconf 80' lang='grc' dir='ltr'><strong>Κυρίου,</strong></span> 
     </span>
    </p>
   </div>
   <div class='ocr_carea' id='block_1_91' title="bbox 293 5831 1881 5912">
    <p class='ocr_par' dir='ltr' id='par_1_91' title="bbox 293 5831 1881 5912">
     <span class='ocr_line' id='line_1_91' title="bbox 293 5831 1881 5912; baseline 0.006 -28"><span class='ocrx_word' id='word_1_693' title='bbox 293 5833 436 5885; x_wconf 90' lang='grc' dir='ltr'><strong>διότι</strong></span> <span class='ocrx_word' id='word_1_694' title='bbox 468 5832 533 5886; x_wconf 79' lang='grc' dir='ltr'><strong>ὲκ</strong></span> <span class='ocrx_word' id='word_1_695' title='bbox 553 5831 650 5886; x_wconf 87' lang='grc' dir='ltr'><strong>τοῦ</strong></span> <span class='ocrx_word' id='word_1_696' title='bbox 683 5833 950 5898; x_wconf 81' lang='grc' dir='ltr'><strong>ζωοποιοῦ</strong></span> <span class='ocrx_word' id='word_1_697' title='bbox 983 5835 1300 5906; x_wconf 87' lang='grc' dir='ltr'><strong>Πνεύματος</strong></span> <span class='ocrx_word' id='word_1_698' title='bbox 1329 5835 1656 5908; x_wconf 76' lang='grc' dir='ltr'><strong>συνελήφθηο</strong></span> <span class='ocrx_word' id='word_1_699' title='bbox 1686 5844 1747 5892; x_wconf 82' lang='grc' dir='ltr'><strong>τὸ</strong></span> <span class='ocrx_word' id='word_1_700' title='bbox 1773 5841 1881 5912; x_wconf 82' lang='grc' dir='ltr'><strong>γὰρ</strong></span> 
     </span>
    </p>
   </div>
   <div class='ocr_carea' id='block_1_92' title="bbox 294 5924 1880 5999">
    <p class='ocr_par' dir='ltr' id='par_1_92' title="bbox 294 5924 1880 5999">
     <span class='ocr_line' id='line_1_92' title="bbox 294 5924 1880 5999; baseline 0.008 -23"><span class='ocrx_word' id='word_1_701' title='bbox 294 5924 707 5995; x_wconf 76' lang='grc' dir='ltr'><strong>γεγεννημένον</strong></span> <span class='ocrx_word' id='word_1_702' title='bbox 733 5925 799 5980; x_wconf 67' lang='lat' dir='ltr'><strong>lx</strong></span> <span class='ocrx_word' id='word_1_703' title='bbox 826 5925 921 5980; x_wconf 90' lang='grc' dir='ltr'><strong>τοῦ</strong></span> <span class='ocrx_word' id='word_1_704' title='bbox 945 5925 1277 5999; x_wconf 78' lang='grc' dir='ltr'><strong>πνεύματος,</strong></span> <span class='ocrx_word' id='word_1_705' title='bbox 1305 5927 1525 5999; x_wconf 83' lang='grc' dir='ltr'><strong>πνεῦμά</strong></span> <span class='ocrx_word' id='word_1_706' title='bbox 1552 5932 1685 5988; x_wconf 79' lang='grc' dir='ltr'><strong>ἐστι,</strong></span> <span class='ocrx_word' id='word_1_707' title='bbox 1713 5932 1880 5988; x_wconf 84' lang='grc' dir='ltr'><strong>Τοῦτο</strong></span> 
     </span>
    </p>
   </div>
   <div class='ocr_carea' id='block_1_93' title="bbox 1968 3363 3554 3435">
    <p class='ocr_par' dir='ltr' id='par_1_93' title="bbox 1968 3363 3554 3435">
     <span class='ocr_line' id='line_1_93' title="bbox 1968 3363 3554 3435; baseline 0.003 -22"><span class='ocrx_word' id='word_1_708' title='bbox 1968 3363 2165 3418; x_wconf 88' lang='lat' dir='ltr'><strong>modus</strong></span> <span class='ocrx_word' id='word_1_709' title='bbox 2199 3372 2385 3418; x_wconf 87' lang='lat' dir='ltr'><strong>autem</strong></span> <span class='ocrx_word' id='word_1_710' title='bbox 2425 3365 2828 3429; x_wconf 89' lang='lat' dir='ltr'><strong>inscrutahilis,</strong></span> <span class='ocrx_word' id='word_1_711' title='bbox 2883 3364 2942 3419; x_wconf 83' lang='lat' dir='ltr'><strong>ﬁt</strong></span> <span class='ocrx_word' id='word_1_712' title='bbox 2981 3365 3150 3434; x_wconf 78' lang='lat' dir='ltr'><strong>igitur</strong></span> <span class='ocrx_word' id='word_1_713' title='bbox 3199 3366 3286 3420; x_wconf 91' lang='lat' dir='ltr'><strong>his</strong></span> <span class='ocrx_word' id='word_1_714' title='bbox 3349 3367 3466 3435; x_wconf 89' lang='lat' dir='ltr'><strong>qui,</strong></span> <span class='ocrx_word' id='word_1_715' title='bbox 3498 3376 3554 3419; x_wconf 83' lang='lat' dir='ltr'><strong>nt</strong></span> 
     </span>
    </p>
   </div>
   <div class='ocr_carea' id='block_1_94' title="bbox 1968 3453 3556 3527">
    <p class='ocr_par' dir='ltr' id='par_1_94' title="bbox 1968 3453 3556 3527">
     <span class='ocr_line' id='line_1_94' title="bbox 1968 3453 3556 3527; baseline 0.003 -20"><span class='ocrx_word' id='word_1_716' title='bbox 1968 3453 2129 3508; x_wconf 87' lang='lat' dir='ltr'><strong>lldem</strong></span> <span class='ocrx_word' id='word_1_717' title='bbox 2169 3454 2350 3518; x_wconf 90' lang='lat' dir='ltr'><strong>decet,</strong></span> <span class='ocrx_word' id='word_1_718' title='bbox 2386 3456 2517 3509; x_wconf 87' lang='lat' dir='ltr'><strong>illud</strong></span> <span class='ocrx_word' id='word_1_719' title='bbox 2562 3456 2864 3526; x_wconf 86' lang='lat' dir='ltr'><strong>accipiunt,</strong></span> <span class='ocrx_word' id='word_1_720' title='bbox 2896 3457 2949 3510; x_wconf 93' lang='lat' dir='ltr'><strong>in</strong></span> <span class='ocrx_word' id='word_1_721' title='bbox 3013 3459 3398 3512; x_wconf 87' lang='lat' dir='ltr'><strong>remissionem</strong></span> <span class='ocrx_word' id='word_1_722' title='bbox 3434 3474 3556 3527; x_wconf 50' lang='lat' dir='ltr'><strong>pec-</strong></span> 
     </span>
    </p>
   </div>
   <div class='ocr_carea' id='block_1_95' title="bbox 1967 3549 3554 3613">
    <p class='ocr_par' dir='ltr' id='par_1_95' title="bbox 1967 3549 3554 3613">
     <span class='ocr_line' id='line_1_95' title="bbox 1967 3549 3554 3613; baseline 0.003 -15"><span class='ocrx_word' id='word_1_723' title='bbox 1967 3555 2214 3601; x_wconf 71' lang='lat' dir='ltr'><strong>ratorum</strong></span> <span class='ocrx_word' id='word_1_724' title='bbox 2235 3557 2288 3602; x_wconf 88' lang='lat' dir='ltr'><strong>et</strong></span> <span class='ocrx_word' id='word_1_725' title='bbox 2320 3549 2486 3602; x_wconf 90' lang='lat' dir='ltr'><strong>vitam</strong></span> <span class='ocrx_word' id='word_1_726' title='bbox 2518 3559 2807 3613; x_wconf 74' lang='lat' dir='ltr'><strong>aeternam,</strong></span> <span class='ocrx_word' id='word_1_727' title='bbox 2837 3558 2890 3604; x_wconf 88' lang='lat' dir='ltr'><strong>et</strong></span> <span class='ocrx_word' id='word_1_728' title='bbox 2923 3550 2976 3603; x_wconf 94' lang='lat' dir='ltr'><strong>in</strong></span> <span class='ocrx_word' id='word_1_729' title='bbox 3015 3549 3326 3603; x_wconf 86' lang='lat' dir='ltr'><strong>custodiam</strong></span> <span class='ocrx_word' id='word_1_730' title='bbox 3359 3551 3554 3602; x_wconf 69' lang='lat' dir='ltr'><strong>animm</strong></span> 
     </span>
    </p>
   </div>
   <div class='ocr_carea' id='block_1_96' title="bbox 1965 3639 3549 3710">
    <p class='ocr_par' dir='ltr' id='par_1_96' title="bbox 1965 3639 3549 3710">
     <span class='ocr_line' id='line_1_96' title="bbox 1965 3639 3549 3710; baseline 0 -20"><span class='ocrx_word' id='word_1_731' title='bbox 1965 3646 2022 3690; x_wconf 91' lang='lat' dir='ltr'><strong>et</strong></span> <span class='ocrx_word' id='word_1_732' title='bbox 2054 3639 2350 3707; x_wconf 72' lang='lat' dir='ltr'><strong>corporis:</strong></span> <span class='ocrx_word' id='word_1_733' title='bbox 2386 3640 2471 3693; x_wconf 87' lang='lat' dir='ltr'><strong>his</strong></span> <span class='ocrx_word' id='word_1_734' title='bbox 2514 3649 2696 3693; x_wconf 89' lang='lat' dir='ltr'><strong>autem</strong></span> <span class='ocrx_word' id='word_1_735' title='bbox 2727 3641 2820 3710; x_wconf 76' lang='lat' dir='ltr'><strong>qui</strong></span> <span class='ocrx_word' id='word_1_736' title='bbox 2858 3640 2912 3692; x_wconf 92' lang='lat' dir='ltr'><strong>in</strong></span> <span class='ocrx_word' id='word_1_737' title='bbox 2950 3639 3338 3693; x_wconf 83' lang='lat' dir='ltr'><strong>incredulitate</strong></span> <span class='ocrx_word' id='word_1_738' title='bbox 3365 3649 3418 3692; x_wconf 86' lang='lat' dir='ltr'><strong>et</strong></span> <span class='ocrx_word' id='word_1_739' title='bbox 3467 3641 3549 3691; x_wconf 88' lang='lat' dir='ltr'><strong>iu--</strong></span> 
     </span>
    </p>
   </div>
   <div class='ocr_carea' id='block_1_97' title="bbox 1967 3729 3554 3802">
    <p class='ocr_par' dir='ltr' id='par_1_97' title="bbox 1967 3729 3554 3802">
     <span class='ocr_line' id='line_1_97' title="bbox 1967 3729 3554 3802; baseline 0.001 -20"><span class='ocrx_word' id='word_1_740' title='bbox 1967 3729 2130 3799; x_wconf 83' lang='lat' dir='ltr'><strong>digne</strong></span> <span class='ocrx_word' id='word_1_741' title='bbox 2155 3731 2286 3784; x_wconf 87' lang='lat' dir='ltr'><strong>illud</strong></span> <span class='ocrx_word' id='word_1_742' title='bbox 2317 3732 2741 3801; x_wconf 86' lang='lat' dir='ltr'><strong>participant,in</strong></span> <span class='ocrx_word' id='word_1_743' title='bbox 2773 3747 2988 3802; x_wconf 66' lang='lat' dir='ltr'><strong>paenam</strong></span> <span class='ocrx_word' id='word_1_744' title='bbox 3015 3731 3554 3798; x_wconf 83' lang='lat' dir='ltr'><strong>suppliciumque,ut</strong></span> 
     </span>
    </p>
   </div>
   <div class='ocr_carea' id='block_1_98' title="bbox 1969 3823 3552 3894">
    <p class='ocr_par' dir='ltr' id='par_1_98' title="bbox 1969 3823 3552 3894">
     <span class='ocr_line' id='line_1_98' title="bbox 1969 3823 3552 3894; baseline 0 -16"><span class='ocrx_word' id='word_1_745' title='bbox 1969 3825 2088 3893; x_wconf 86' lang='lat' dir='ltr'><strong>ipsa</strong></span> <span class='ocrx_word' id='word_1_746' title='bbox 2130 3840 2279 3879; x_wconf 90' lang='lat' dir='ltr'><strong>mors</strong></span> <span class='ocrx_word' id='word_1_747' title='bbox 2306 3824 2545 3879; x_wconf 91' lang='lat' dir='ltr'><strong>Domini.</strong></span> <span class='ocrx_word' id='word_1_748' title='bbox 2585 3825 2698 3880; x_wconf 85' lang='lat' dir='ltr'><strong>Non</strong></span> <span class='ocrx_word' id='word_1_749' title='bbox 2732 3836 2815 3880; x_wconf 89' lang='lat' dir='ltr'><strong>est</strong></span> <span class='ocrx_word' id='word_1_750' title='bbox 2871 3824 3028 3893; x_wconf 86' lang='lat' dir='ltr'><strong>panis</strong></span> <span class='ocrx_word' id='word_1_751' title='bbox 3072 3823 3244 3893; x_wconf 83' lang='lat' dir='ltr'><strong>ﬁgura</strong></span> <span class='ocrx_word' id='word_1_752' title='bbox 3276 3826 3552 3894; x_wconf 87' lang='lat' dir='ltr'><strong>corporis.</strong></span> 
     </span>
    </p>
   </div>
   <div class='ocr_carea' id='block_1_99' title="bbox 1969 3913 3551 3985">
    <p class='ocr_par' dir='ltr' id='par_1_99' title="bbox 1969 3913 3551 3985">
     <span class='ocr_line' id='line_1_99' title="bbox 1969 3913 3551 3985; baseline 0.003 -21"><span class='ocrx_word' id='word_1_753' title='bbox 1969 3927 2069 3966; x_wconf 85' lang='lat' dir='ltr'><strong>nec</strong></span> <span class='ocrx_word' id='word_1_754' title='bbox 2130 3914 2315 3968; x_wconf 77' lang='lat' dir='ltr'><strong>Villllm</strong></span> <span class='ocrx_word' id='word_1_755' title='bbox 2367 3916 2540 3984; x_wconf 80' lang='lat' dir='ltr'><strong>ﬁgura</strong></span> <span class='ocrx_word' id='word_1_756' title='bbox 2596 3915 2882 3985; x_wconf 80' lang='lat' dir='ltr'><strong>sanguinis</strong></span> <span class='ocrx_word' id='word_1_757' title='bbox 2924 3933 2938 3968; x_wconf 90' lang='lat'><strong>:</strong></span> <span class='ocrx_word' id='word_1_758' title='bbox 2975 3913 3160 3966; x_wconf 87' lang='lat' dir='ltr'><strong>absitl</strong></span> <span class='ocrx_word' id='word_1_759' title='bbox 3223 3917 3314 3967; x_wconf 83' lang='lat' dir='ltr'><strong>sed</strong></span> <span class='ocrx_word' id='word_1_760' title='bbox 3372 3918 3551 3984; x_wconf 85' lang='lat' dir='ltr'><strong>ipsum</strong></span> 
     </span>
    </p>
   </div>
   <div class='ocr_carea' id='block_1_100' title="bbox 1966 4004 3553 4077">
    <p class='ocr_par' dir='ltr' id='par_1_100' title="bbox 1966 4004 3553 4077">
     <span class='ocr_line' id='line_1_100' title="bbox 1966 4004 3553 4077; baseline 0.003 -19"><span class='ocrx_word' id='word_1_761' title='bbox 1966 4004 2170 4060; x_wconf 83' lang='lat' dir='ltr'><strong>Christi</strong></span> <span class='ocrx_word' id='word_1_762' title='bbox 2223 4021 2427 4077; x_wconf 86' lang='lat' dir='ltr'><strong>corpus</strong></span> <span class='ocrx_word' id='word_1_763' title='bbox 2485 4008 2761 4063; x_wconf 87' lang='lat' dir='ltr'><strong>divinitati</strong></span> <span class='ocrx_word' id='word_1_764' title='bbox 2809 4011 3058 4077; x_wconf 87' lang='lat' dir='ltr'><strong>unitum;</strong></span> <span class='ocrx_word' id='word_1_765' title='bbox 3112 4018 3165 4062; x_wconf 88' lang='lat' dir='ltr'><strong>et</strong></span> <span class='ocrx_word' id='word_1_766' title='bbox 3195 4009 3312 4077; x_wconf 87' lang='lat' dir='ltr'><strong>ipse</strong></span> <span class='ocrx_word' id='word_1_767' title='bbox 3347 4008 3553 4064; x_wconf 85' lang='lat' dir='ltr'><strong>Christi</strong></span> 
     </span>
    </p>
   </div>
   <div class='ocr_carea' id='block_1_101' title="bbox 1969 4099 3552 4177">
    <p class='ocr_par' dir='ltr' id='par_1_101' title="bbox 1969 4099 3552 4177">
     <span class='ocr_line' id='line_1_101' title="bbox 1969 4099 3552 4177; baseline 0.003 -28"><span class='ocrx_word' id='word_1_768' title='bbox 1969 4099 2236 4166; x_wconf 81' lang='lat' dir='ltr'><strong>sanguis:</strong></span> <span class='ocrx_word' id='word_1_769' title='bbox 2271 4118 2290 4151; x_wconf 81' lang='grc' dir='ltr'><strong>ι</strong></span> <span class='ocrx_word' id='word_1_770' title='bbox 2320 4101 2461 4177; x_wconf 77' lang='lat' dir='ltr'><strong>caro</strong></span> <span class='ocrx_word' id='word_1_771' title='bbox 2496 4102 2640 4154; x_wconf 91' lang='lat' dir='ltr'><strong>enim</strong></span> <span class='ocrx_word' id='word_1_772' title='bbox 2689 4117 2833 4163; x_wconf 91' lang='lat' dir='ltr'><strong>mea,</strong></span> <span class='ocrx_word' id='word_1_773' title='bbox 2864 4102 3060 4170; x_wconf 90' lang='lat' dir='ltr'><strong>inquit,</strong></span> <span class='ocrx_word' id='word_1_774' title='bbox 3090 4117 3217 4156; x_wconf 88' lang='lat' dir='ltr'><strong>vere</strong></span> <span class='ocrx_word' id='word_1_775' title='bbox 3252 4111 3337 4156; x_wconf 89' lang='lat' dir='ltr'><strong>est</strong></span> <span class='ocrx_word' id='word_1_776' title='bbox 3372 4102 3552 4163; x_wconf 91' lang='lat' dir='ltr'><strong>cibus,</strong></span> 
     </span>
    </p>
   </div>
   <div class='ocr_carea' id='block_1_102' title="bbox 1969 4191 3555 4262">
    <p class='ocr_par' dir='ltr' id='par_1_102' title="bbox 1969 4191 3555 4262">
     <span class='ocr_line' id='line_1_102' title="bbox 1969 4191 3555 4262; baseline 0.003 -21"><span class='ocrx_word' id='word_1_777' title='bbox 1969 4200 2022 4241; x_wconf 88' lang='lat' dir='ltr'><strong>et</strong></span> <span class='ocrx_word' id='word_1_778' title='bbox 2058 4191 2283 4260; x_wconf 77' lang='lat' dir='ltr'><strong>sanguis</strong></span> <span class='ocrx_word' id='word_1_779' title='bbox 2322 4207 2479 4246; x_wconf 89' lang='lat' dir='ltr'><strong>meus</strong></span> <span class='ocrx_word' id='word_1_780' title='bbox 2517 4207 2643 4248; x_wconf 86' lang='lat' dir='ltr'><strong>vere</strong></span> <span class='ocrx_word' id='word_1_781' title='bbox 2678 4203 2763 4248; x_wconf 88' lang='lat' dir='ltr'><strong>est</strong></span> <span class='ocrx_word' id='word_1_782' title='bbox 2812 4202 2998 4262; x_wconf 87' lang='lat' dir='ltr'><strong>potus.</strong></span> <span class='ocrx_word' id='word_1_783' title='bbox 3043 4212 3060 4246; x_wconf 76' lang='grc' dir='ltr'><strong>ι</strong></span> <span class='ocrx_word' id='word_1_784' title='bbox 3096 4192 3312 4262; x_wconf 88' lang='lat' dir='ltr'><strong>Corpus</strong></span> <span class='ocrx_word' id='word_1_785' title='bbox 3365 4202 3450 4247; x_wconf 89' lang='lat' dir='ltr'><strong>cst</strong></span> <span class='ocrx_word' id='word_1_786' title='bbox 3499 4202 3555 4247; x_wconf 88' lang='lat' dir='ltr'><strong>et</strong></span> 
     </span>
    </p>
   </div>
   <div class='ocr_carea' id='block_1_103' title="bbox 1968 4282 3553 4356">
    <p class='ocr_par' dir='ltr' id='par_1_103' title="bbox 1968 4282 3553 4356">
     <span class='ocr_line' id='line_1_103' title="bbox 1968 4282 3553 4356; baseline 0.001 -24"><span class='ocrx_word' id='word_1_787' title='bbox 1968 4282 2194 4350; x_wconf 80' lang='lat' dir='ltr'><strong>sanguis</strong></span> <span class='ocrx_word' id='word_1_788' title='bbox 2227 4283 2460 4349; x_wconf 87' lang='lat' dir='ltr'><strong>Christi,</strong></span> <span class='ocrx_word' id='word_1_789' title='bbox 2501 4286 2554 4338; x_wconf 91' lang='lat' dir='ltr'><strong>in</strong></span> <span class='ocrx_word' id='word_1_790' title='bbox 2585 4294 2788 4340; x_wconf 72' lang='lat' dir='ltr'><strong>nostra:</strong></span> <span class='ocrx_word' id='word_1_791' title='bbox 2823 4287 3020 4341; x_wconf 71' lang='lat' dir='ltr'><strong>anima:</strong></span> <span class='ocrx_word' id='word_1_792' title='bbox 3055 4297 3107 4340; x_wconf 89' lang='lat' dir='ltr'><strong>et</strong></span> <span class='ocrx_word' id='word_1_793' title='bbox 3139 4286 3391 4356; x_wconf 90' lang='lat' dir='ltr'><strong>corporis</strong></span> <span class='ocrx_word' id='word_1_794' title='bbox 3420 4285 3553 4338; x_wconf 57' lang='lat' dir='ltr'><strong>sub»</strong></span> 
     </span>
    </p>
   </div>
   <div class='ocr_carea' id='block_1_104' title="bbox 1974 4373 3554 4448">
    <p class='ocr_par' dir='ltr' id='par_1_104' title="bbox 1974 4373 3554 4448">
     <span class='ocr_line' id='line_1_104' title="bbox 1974 4373 3554 4448; baseline 0.001 -21"><span class='ocrx_word' id='word_1_795' title='bbox 1974 4373 2237 4428; x_wconf 86' lang='lat' dir='ltr'><strong>stantiam</strong></span> <span class='ocrx_word' id='word_1_796' title='bbox 2270 4375 2636 4444; x_wconf 87' lang='lat' dir='ltr'><strong>descendens,</strong></span> <span class='ocrx_word' id='word_1_797' title='bbox 2689 4394 2798 4431; x_wconf 87' lang='lat' dir='ltr'><strong>non</strong></span> <span class='ocrx_word' id='word_1_798' title='bbox 2833 4379 3170 4448; x_wconf 85' lang='lat' dir='ltr'><strong>impensum,</strong></span> <span class='ocrx_word' id='word_1_799' title='bbox 3215 4393 3322 4431; x_wconf 92' lang='lat' dir='ltr'><strong>non</strong></span> <span class='ocrx_word' id='word_1_800' title='bbox 3358 4393 3554 4431; x_wconf 64' lang='lat' dir='ltr'><strong>corruu</strong></span> 
     </span>
    </p>
   </div>
   <div class='ocr_carea' id='block_1_105' title="bbox 1972 4469 3551 4535">
    <p class='ocr_par' dir='ltr' id='par_1_105' title="bbox 1972 4469 3551 4535">
     <span class='ocr_line' id='line_1_105' title="bbox 1972 4469 3551 4535; baseline 0.003 -16"><span class='ocrx_word' id='word_1_801' title='bbox 1972 4475 2157 4534; x_wconf 91' lang='lat' dir='ltr'><strong>ptum,</strong></span> <span class='ocrx_word' id='word_1_802' title='bbox 2191 4481 2298 4521; x_wconf 91' lang='lat' dir='ltr'><strong>non</strong></span> <span class='ocrx_word' id='word_1_803' title='bbox 2335 4469 2388 4523; x_wconf 89' lang='lat' dir='ltr'><strong>in</strong></span> <span class='ocrx_word' id='word_1_804' title='bbox 2427 4470 2682 4524; x_wconf 90' lang='lat' dir='ltr'><strong>latrinam</strong></span> <span class='ocrx_word' id='word_1_805' title='bbox 2709 4471 3028 4535; x_wconf 86' lang='lat' dir='ltr'><strong>deductum,</strong></span> <span class='ocrx_word' id='word_1_806' title='bbox 3064 4471 3157 4525; x_wconf 90' lang='lat' dir='ltr'><strong>sed</strong></span> <span class='ocrx_word' id='word_1_807' title='bbox 3207 4471 3261 4524; x_wconf 88' lang='lat' dir='ltr'><strong>itt</strong></span> <span class='ocrx_word' id='word_1_808' title='bbox 3307 4481 3551 4525; x_wconf 90' lang='lat' dir='ltr'><strong>nostram</strong></span> 
     </span>
    </p>
   </div>
   <div class='ocr_carea' id='block_1_106' title="bbox 1972 4560 3552 4624">
    <p class='ocr_par' dir='ltr' id='par_1_106' title="bbox 1972 4560 3552 4624">
     <span class='ocr_line' id='line_1_106' title="bbox 1972 4560 3552 4624; baseline 0.001 -11"><span class='ocrx_word' id='word_1_809' title='bbox 1972 4560 2342 4614; x_wconf 87' lang='lat' dir='ltr'><strong>substantiam</strong></span> <span class='ocrx_word' id='word_1_810' title='bbox 2396 4571 2454 4616; x_wconf 88' lang='lat' dir='ltr'><strong>et</strong></span> <span class='ocrx_word' id='word_1_811' title='bbox 2510 4563 2850 4624; x_wconf 89' lang='lat' dir='ltr'><strong>custodiam,</strong></span> <span class='ocrx_word' id='word_1_812' title='bbox 2885 4579 3076 4617; x_wconf 86' lang='lat' dir='ltr'><strong>omnes</strong></span> <span class='ocrx_word' id='word_1_813' title='bbox 3112 4563 3303 4618; x_wconf 88' lang='lat' dir='ltr'><strong>sordes</strong></span> <span class='ocrx_word' id='word_1_814' title='bbox 3337 4563 3552 4615; x_wconf 83' lang='lat' dir='ltr'><strong>abster-</strong></span> 
     </span>
    </p>
   </div>
   <div class='ocr_carea' id='block_1_107' title="bbox 1973 4651 3553 4722">
    <p class='ocr_par' dir='ltr' id='par_1_107' title="bbox 1973 4651 3553 4722">
     <span class='ocr_line' id='line_1_107' title="bbox 1973 4651 3553 4722; baseline 0.003 -19"><span class='ocrx_word' id='word_1_815' title='bbox 1973 4665 2128 4718; x_wconf 90' lang='lat' dir='ltr'><strong>gens.</strong></span> <span class='ocrx_word' id='word_1_816' title='bbox 2165 4651 2389 4706; x_wconf 81' lang='lat' dir='ltr'><strong>Etiamsi</strong></span> <span class='ocrx_word' id='word_1_817' title='bbox 2436 4667 2635 4707; x_wconf 91' lang='lat' dir='ltr'><strong>aurum</strong></span> <span class='ocrx_word' id='word_1_818' title='bbox 2669 4654 2847 4709; x_wconf 87' lang='lat' dir='ltr'><strong>scoria</strong></span> <span class='ocrx_word' id='word_1_819' title='bbox 2899 4655 3122 4709; x_wconf 84' lang='lat' dir='ltr'><strong>mistum</strong></span> <span class='ocrx_word' id='word_1_820' title='bbox 3164 4655 3423 4719; x_wconf 86' lang='lat' dir='ltr'><strong>inveniat,</strong></span> <span class='ocrx_word' id='word_1_821' title='bbox 3459 4671 3553 4722; x_wconf 85' lang='lat' dir='ltr'><strong>per</strong></span> 
     </span>
    </p>
   </div>
   <div class='ocr_carea' id='block_1_108' title="bbox 1972 4743 3548 4814">
    <p class='ocr_par' dir='ltr' id='par_1_108' title="bbox 1972 4743 3548 4814">
     <span class='ocr_line' id='line_1_108' title="bbox 1972 4743 3548 4814; baseline 0.004 -18"><span class='ocrx_word' id='word_1_822' title='bbox 1972 4743 2352 4812; x_wconf 80' lang='lat' dir='ltr'><strong>puriﬁcantem</strong></span> <span class='ocrx_word' id='word_1_823' title='bbox 2407 4745 2585 4814; x_wconf 89' lang='lat' dir='ltr'><strong>ignem</strong></span> <span class='ocrx_word' id='word_1_824' title='bbox 2648 4745 2779 4800; x_wconf 86' lang='lat' dir='ltr'><strong>illud</strong></span> <span class='ocrx_word' id='word_1_825' title='bbox 2815 4747 3077 4812; x_wconf 88' lang='lat' dir='ltr'><strong>mundat;</strong></span> <span class='ocrx_word' id='word_1_826' title='bbox 3113 4763 3183 4802; x_wconf 90' lang='lat' dir='ltr'><strong>ne</strong></span> <span class='ocrx_word' id='word_1_827' title='bbox 3229 4748 3283 4802; x_wconf 92' lang='lat' dir='ltr'><strong>in</strong></span> <span class='ocrx_word' id='word_1_828' title='bbox 3341 4749 3548 4812; x_wconf 81' lang='lat' dir='ltr'><strong>futuro,</strong></span> 
     </span>
    </p>
   </div>
   <div class='ocr_carea' id='block_1_109' title="bbox 1973 4836 3551 4909">
    <p class='ocr_par' dir='ltr' id='par_1_109' title="bbox 1973 4836 3551 4909">
     <span class='ocr_line' id='line_1_109' title="bbox 1973 4836 3551 4909; baseline 0.004 -21"><span class='ocrx_word' id='word_1_829' title='bbox 1973 4849 2099 4889; x_wconf 90' lang='lat' dir='ltr'><strong>cum</strong></span> <span class='ocrx_word' id='word_1_830' title='bbox 2140 4836 2245 4890; x_wconf 87' lang='lat' dir='ltr'><strong>hoc</strong></span> <span class='ocrx_word' id='word_1_831' title='bbox 2296 4837 2503 4891; x_wconf 88' lang='lat' dir='ltr'><strong>mundo</strong></span> <span class='ocrx_word' id='word_1_832' title='bbox 2548 4838 2897 4894; x_wconf 83' lang='lat' dir='ltr'><strong>datnnemur.</strong></span> <span class='ocrx_word' id='word_1_833' title='bbox 2929 4838 3028 4892; x_wconf 84' lang='lat' dir='ltr'><strong>Per</strong></span> <span class='ocrx_word' id='word_1_834' title='bbox 3065 4839 3114 4892; x_wconf 84' lang='lat' dir='ltr'><strong>id</strong></span> <span class='ocrx_word' id='word_1_835' title='bbox 3152 4855 3352 4909; x_wconf 89' lang='lat' dir='ltr'><strong>corpus</strong></span> <span class='ocrx_word' id='word_1_836' title='bbox 3393 4858 3551 4896; x_wconf 89' lang='lat' dir='ltr'><strong>mun-</strong></span> 
     </span>
    </p>
   </div>
   <div class='ocr_carea' id='block_1_110' title="bbox 1971 4927 3552 5002">
    <p class='ocr_par' dir='ltr' id='par_1_110' title="bbox 1971 4927 3552 5002">
     <span class='ocr_line' id='line_1_110' title="bbox 1971 4927 3552 5002; baseline 0.004 -22"><span class='ocrx_word' id='word_1_837' title='bbox 1971 4927 2102 4992; x_wconf 85' lang='lat' dir='ltr'><strong>dati,</strong></span> <span class='ocrx_word' id='word_1_838' title='bbox 2135 4927 2341 4983; x_wconf 88' lang='lat' dir='ltr'><strong>Christi</strong></span> <span class='ocrx_word' id='word_1_839' title='bbox 2399 4930 2617 4999; x_wconf 88' lang='lat' dir='ltr'><strong>corpori</strong></span> <span class='ocrx_word' id='word_1_840' title='bbox 2671 4932 2893 4985; x_wconf 91' lang='lat' dir='ltr'><strong>unimur</strong></span> <span class='ocrx_word' id='word_1_841' title='bbox 2934 4942 2987 4985; x_wconf 89' lang='lat' dir='ltr'><strong>et</strong></span> <span class='ocrx_word' id='word_1_842' title='bbox 3025 4932 3147 5002; x_wconf 88' lang='lat' dir='ltr'><strong>ejus</strong></span> <span class='ocrx_word' id='word_1_843' title='bbox 3181 4934 3433 5002; x_wconf 85' lang='lat' dir='ltr'><strong>Spiritui,</strong></span> <span class='ocrx_word' id='word_1_844' title='bbox 3496 4947 3552 4988; x_wconf 81' lang='lat' dir='ltr'><strong>et</strong></span> 
     </span>
    </p>
   </div>
   <div class='ocr_carea' id='block_1_111' title="bbox 1971 5019 3549 5096">
    <p class='ocr_par' dir='ltr' id='par_1_111' title="bbox 1971 5019 3549 5096">
     <span class='ocr_line' id='line_1_111' title="bbox 1971 5019 3549 5096; baseline 0.005 -23"><span class='ocrx_word' id='word_1_845' title='bbox 1971 5034 2178 5089; x_wconf 89' lang='lat' dir='ltr'><strong>corpus</strong></span> <span class='ocrx_word' id='word_1_846' title='bbox 2200 5019 2410 5076; x_wconf 88' lang='lat' dir='ltr'><strong>Christi</strong></span> <span class='ocrx_word' id='word_1_847' title='bbox 2443 5023 2734 5078; x_wconf 82' lang='lat' dir='ltr'><strong>efﬁcimur.</strong></span> <span class='ocrx_word' id='word_1_848' title='bbox 2771 5024 2877 5077; x_wconf 88' lang='lat' dir='ltr'><strong>Iste</strong></span> <span class='ocrx_word' id='word_1_849' title='bbox 2903 5025 3062 5093; x_wconf 88' lang='lat' dir='ltr'><strong>panis</strong></span> <span class='ocrx_word' id='word_1_850' title='bbox 3107 5035 3190 5080; x_wconf 87' lang='lat' dir='ltr'><strong>est</strong></span> <span class='ocrx_word' id='word_1_851' title='bbox 3221 5026 3549 5096; x_wconf 84' lang='lat' dir='ltr'><strong>principium</strong></span> 
     </span>
    </p>
   </div>
   <div class='ocr_carea' id='block_1_112' title="bbox 1972 5113 3552 5187">
    <p class='ocr_par' dir='ltr' id='par_1_112' title="bbox 1972 5113 3552 5187">
     <span class='ocr_line' id='line_1_112' title="bbox 1972 5113 3552 5187; baseline 0.004 -21"><span class='ocrx_word' id='word_1_852' title='bbox 1972 5113 2142 5168; x_wconf 82' lang='lat' dir='ltr'><strong>futuri</strong></span> <span class='ocrx_word' id='word_1_853' title='bbox 2176 5116 2356 5184; x_wconf 74' lang='lat' dir='ltr'><strong>panis,</strong></span> <span class='ocrx_word' id='word_1_854' title='bbox 2399 5116 2595 5184; x_wconf 78' lang='lat' dir='ltr'><strong>quiest</strong></span> <span class='ocrx_word' id='word_1_855' title='bbox 2642 5118 3123 5185; x_wconf 82' lang='lat' dir='ltr'><strong>supernaturalis:</strong></span> <span class='ocrx_word' id='word_1_856' title='bbox 3160 5129 3552 5187; x_wconf 82' lang='lat' dir='ltr'><strong>supernatura-</strong></span> 
     </span>
    </p>
   </div>
   <div class='ocr_carea' id='block_1_113' title="bbox 1974 5208 3553 5279">
    <p class='ocr_par' dir='ltr' id='par_1_113' title="bbox 1974 5208 3553 5279">
     <span class='ocr_line' id='line_1_113' title="bbox 1974 5208 3553 5279; baseline 0.003 -18"><span class='ocrx_word' id='word_1_857' title='bbox 1974 5208 2077 5262; x_wconf 89' lang='lat' dir='ltr'><strong>Iern</strong></span> <span class='ocrx_word' id='word_1_858' title='bbox 2113 5209 2258 5262; x_wconf 90' lang='lat' dir='ltr'><strong>enim</strong></span> <span class='ocrx_word' id='word_1_859' title='bbox 2308 5209 2551 5263; x_wconf 89' lang='lat' dir='ltr'><strong>ostendit</strong></span> <span class='ocrx_word' id='word_1_860' title='bbox 2588 5219 2683 5262; x_wconf 89' lang='lat' dir='ltr'><strong>aut</strong></span> <span class='ocrx_word' id='word_1_861' title='bbox 2723 5210 2966 5264; x_wconf 83' lang='lat' dir='ltr'><strong>futurum</strong></span> <span class='ocrx_word' id='word_1_862' title='bbox 3002 5226 3222 5279; x_wconf 85' lang='lat' dir='ltr'><strong>panem,</strong></span> <span class='ocrx_word' id='word_1_863' title='bbox 3251 5210 3303 5265; x_wconf 91' lang='lat' dir='ltr'><strong>id</strong></span> <span class='ocrx_word' id='word_1_864' title='bbox 3341 5219 3426 5266; x_wconf 88' lang='lat' dir='ltr'><strong>est</strong></span> <span class='ocrx_word' id='word_1_865' title='bbox 3459 5227 3553 5271; x_wconf 85' lang='lat' dir='ltr'><strong>na-</strong></span> 
     </span>
    </p>
   </div>
   <div class='ocr_carea' id='block_1_114' title="bbox 1971 5302 3550 5372">
    <p class='ocr_par' dir='ltr' id='par_1_114' title="bbox 1971 5302 3550 5372">
     <span class='ocr_line' id='line_1_114' title="bbox 1971 5302 3550 5372; baseline 0.001 -16"><span class='ocrx_word' id='word_1_866' title='bbox 1971 5317 2097 5356; x_wconf 87' lang='lat' dir='ltr'><strong>nem</strong></span> <span class='ocrx_word' id='word_1_867' title='bbox 2134 5302 2302 5355; x_wconf 86' lang='lat' dir='ltr'><strong>luturi</strong></span> <span class='ocrx_word' id='word_1_868' title='bbox 2333 5304 2540 5368; x_wconf 65' lang='lat' dir='ltr'><strong>saeculi,</strong></span> <span class='ocrx_word' id='word_1_869' title='bbox 2577 5311 2672 5358; x_wconf 89' lang='lat' dir='ltr'><strong>aut</strong></span> <span class='ocrx_word' id='word_1_870' title='bbox 2718 5319 2842 5358; x_wconf 89' lang='lat' dir='ltr'><strong>eum</strong></span> <span class='ocrx_word' id='word_1_871' title='bbox 2896 5319 3059 5372; x_wconf 88' lang='lat' dir='ltr'><strong>quem</strong></span> <span class='ocrx_word' id='word_1_872' title='bbox 3090 5304 3144 5358; x_wconf 91' lang='lat' dir='ltr'><strong>in</strong></span> <span class='ocrx_word' id='word_1_873' title='bbox 3174 5315 3371 5359; x_wconf 70' lang='lat' dir='ltr'><strong>nostra:</strong></span> <span class='ocrx_word' id='word_1_874' title='bbox 3414 5304 3550 5359; x_wconf 89' lang='lat' dir='ltr'><strong>sub-</strong></span> 
     </span>
    </p>
   </div>
   <div class='ocr_carea' id='block_1_115' title="bbox 1970 5395 3553 5466">
    <p class='ocr_par' dir='ltr' id='par_1_115' title="bbox 1970 5395 3553 5466">
     <span class='ocr_line' id='line_1_115' title="bbox 1970 5395 3553 5466; baseline 0.001 -17"><span class='ocrx_word' id='word_1_875' title='bbox 1970 5395 2186 5449; x_wconf 73' lang='lat' dir='ltr'><strong>stantia:</strong></span> <span class='ocrx_word' id='word_1_876' title='bbox 2200 5396 2675 5450; x_wconf 88' lang='lat' dir='ltr'><strong>conservationem</strong></span> <span class='ocrx_word' id='word_1_877' title='bbox 2702 5396 3024 5464; x_wconf 80' lang='lat' dir='ltr'><strong>accipimus.</strong></span> <span class='ocrx_word' id='word_1_878' title='bbox 3040 5395 3277 5466; x_wconf 75' lang='lat' dir='ltr'><strong>Spiritus</strong></span> <span class='ocrx_word' id='word_1_879' title='bbox 3298 5396 3553 5451; x_wconf 84' lang='lat' dir='ltr'><strong>viviﬁcus</strong></span> 
     </span>
    </p>
   </div>
   <div class='ocr_carea' id='block_1_116' title="bbox 1969 5487 3549 5559">
    <p class='ocr_par' dir='ltr' id='par_1_116' title="bbox 1969 5487 3549 5559">
     <span class='ocr_line' id='line_1_116' title="bbox 1969 5487 3549 5559; baseline -0.001 -17"><span class='ocrx_word' id='word_1_880' title='bbox 1969 5496 2058 5542; x_wconf 84' lang='lat' dir='ltr'><strong>est</strong></span> <span class='ocrx_word' id='word_1_881' title='bbox 2088 5502 2221 5541; x_wconf 88' lang='lat' dir='ltr'><strong>caro</strong></span> <span class='ocrx_word' id='word_1_882' title='bbox 2275 5488 2514 5553; x_wconf 88' lang='lat' dir='ltr'><strong>Domini,</strong></span> <span class='ocrx_word' id='word_1_883' title='bbox 2549 5504 2614 5543; x_wconf 92' lang='lat' dir='ltr'><strong>eo</strong></span> <span class='ocrx_word' id='word_1_884' title='bbox 2640 5489 2786 5559; x_wconf 93' lang='lat' dir='ltr'><strong>quod</strong></span> <span class='ocrx_word' id='word_1_885' title='bbox 2827 5504 2856 5542; x_wconf 90' lang='lat' dir='ltr'><strong>a</strong></span> <span class='ocrx_word' id='word_1_886' title='bbox 2889 5489 3107 5543; x_wconf 84' lang='lat' dir='ltr'><strong>vivitico</strong></span> <span class='ocrx_word' id='word_1_887' title='bbox 3140 5487 3353 5556; x_wconf 90' lang='lat' dir='ltr'><strong>Spiritu</strong></span> <span class='ocrx_word' id='word_1_888' title='bbox 3394 5502 3549 5543; x_wconf 83' lang='lat' dir='ltr'><strong>com-</strong></span> 
     </span>
    </p>
   </div>
   <div class='ocr_carea' id='block_1_117' title="bbox 1968 5578 3551 5647">
    <p class='ocr_par' dir='ltr' id='par_1_117' title="bbox 1968 5578 3551 5647">
     <span class='ocr_line' id='line_1_117' title="bbox 1968 5578 3551 5647; baseline 0.002 -19"><span class='ocrx_word' id='word_1_889' title='bbox 1968 5585 2132 5645; x_wconf 89' lang='lat' dir='ltr'><strong>pacta</strong></span> <span class='ocrx_word' id='word_1_890' title='bbox 2164 5585 2288 5640; x_wconf 87' lang='lat' dir='ltr'><strong>est;</strong></span> <span class='ocrx_word' id='word_1_891' title='bbox 2345 5579 2489 5645; x_wconf 88' lang='lat' dir='ltr'><strong>quod</strong></span> <span class='ocrx_word' id='word_1_892' title='bbox 2543 5579 2687 5631; x_wconf 86' lang='lat' dir='ltr'><strong>enim</strong></span> <span class='ocrx_word' id='word_1_893' title='bbox 2721 5589 2909 5632; x_wconf 90' lang='lat' dir='ltr'><strong>natum</strong></span> <span class='ocrx_word' id='word_1_894' title='bbox 2945 5588 3027 5632; x_wconf 88' lang='lat' dir='ltr'><strong>est</strong></span> <span class='ocrx_word' id='word_1_895' title='bbox 3074 5594 3139 5633; x_wconf 83' lang='lat' dir='ltr'><strong>ex</strong></span> <span class='ocrx_word' id='word_1_896' title='bbox 3186 5579 3404 5646; x_wconf 85' lang='lat' dir='ltr'><strong>spiritu,</strong></span> <span class='ocrx_word' id='word_1_897' title='bbox 3434 5578 3551 5647; x_wconf 67' lang='lat' dir='ltr'><strong>spi~</strong></span> 
     </span>
    </p>
   </div>
   <div class='ocr_carea' id='block_1_118' title="bbox 1950 5668 3551 5738">
    <p class='ocr_par' dir='ltr' id='par_1_118' title="bbox 1950 5668 3551 5738">
     <span class='ocr_line' id='line_1_118' title="bbox 1950 5668 3551 5738; baseline -0.002 -12"><span class='ocrx_word' id='word_1_898' title='bbox 1950 5668 2110 5726; x_wconf 76' lang='lat' dir='ltr'><strong>,ritus</strong></span> <span class='ocrx_word' id='word_1_899' title='bbox 2139 5677 2244 5724; x_wconf 80' lang='lat' dir='ltr'><strong>est.</strong></span> <span class='ocrx_word' id='word_1_900' title='bbox 2278 5668 2333 5722; x_wconf 90' lang='lat' dir='ltr'><strong>Id</strong></span> <span class='ocrx_word' id='word_1_901' title='bbox 2366 5681 2545 5723; x_wconf 88' lang='lat' dir='ltr'><strong>autem</strong></span> <span class='ocrx_word' id='word_1_902' title='bbox 2591 5669 2736 5732; x_wconf 91' lang='lat' dir='ltr'><strong>dico,</strong></span> <span class='ocrx_word' id='word_1_903' title='bbox 2773 5685 2879 5723; x_wconf 82' lang='lat' dir='ltr'><strong>nun</strong></span> <span class='ocrx_word' id='word_1_904' title='bbox 2905 5669 3152 5738; x_wconf 90' lang='lat' dir='ltr'><strong>corporis</strong></span> <span class='ocrx_word' id='word_1_905' title='bbox 3195 5679 3444 5722; x_wconf 90' lang='lat' dir='ltr'><strong>naturam</strong></span> <span class='ocrx_word' id='word_1_906' title='bbox 3478 5671 3551 5722; x_wconf 80' lang='lat' dir='ltr'><strong>de</strong></span> 
     </span>
    </p>
   </div>
   <div class='ocr_carea' id='block_1_119' title="bbox 1972 5759 3548 5831">
    <p class='ocr_par' dir='ltr' id='par_1_119' title="bbox 1972 5759 3548 5831">
     <span class='ocr_line' id='line_1_119' title="bbox 1972 5759 3548 5831; baseline 0 -17"><span class='ocrx_word' id='word_1_907' title='bbox 1972 5761 2153 5816; x_wconf 88' lang='lat' dir='ltr'><strong>medio</strong></span> <span class='ocrx_word' id='word_1_908' title='bbox 2184 5760 2404 5825; x_wconf 88' lang='lat' dir='ltr'><strong>tollens,</strong></span> <span class='ocrx_word' id='word_1_909' title='bbox 2429 5762 2526 5815; x_wconf 90' lang='lat' dir='ltr'><strong>sed</strong></span> <span class='ocrx_word' id='word_1_910' title='bbox 2560 5761 2610 5816; x_wconf 86' lang='lat' dir='ltr'><strong>id</strong></span> <span class='ocrx_word' id='word_1_911' title='bbox 2653 5762 2800 5831; x_wconf 88' lang='lat' dir='ltr'><strong>quod</strong></span> <span class='ocrx_word' id='word_1_912' title='bbox 2837 5761 3111 5814; x_wconf 79' lang='lat' dir='ltr'><strong>viviﬁcunt</strong></span> <span class='ocrx_word' id='word_1_913' title='bbox 3165 5760 3328 5814; x_wconf 88' lang='lat' dir='ltr'><strong>habet</strong></span> <span class='ocrx_word' id='word_1_914' title='bbox 3358 5775 3422 5814; x_wconf 90' lang='lat' dir='ltr'><strong>ac</strong></span> <span class='ocrx_word' id='word_1_915' title='bbox 3462 5759 3548 5814; x_wconf 83' lang='lat' dir='ltr'><strong>di-</strong></span> 
     </span>
    </p>
   </div>
   <div class='ocr_carea' id='block_1_120' title="bbox 1973 5845 3621 5915">
    <p class='ocr_par' dir='ltr' id='par_1_120' title="bbox 1973 5845 3621 5915">
     <span class='ocr_line' id='line_1_120' title="bbox 1973 5845 3621 5915; baseline 0.001 -13"><span class='ocrx_word' id='word_1_916' title='bbox 1973 5853 2183 5915; x_wconf 85' lang='lat' dir='ltr'><strong>vinum,</strong></span> <span class='ocrx_word' id='word_1_917' title='bbox 2215 5851 2566 5908; x_wconf 77' lang='lat' dir='ltr'><strong>manifestare</strong></span> <span class='ocrx_word' id='word_1_918' title='bbox 2601 5856 2813 5908; x_wconf 85' lang='lat' dir='ltr'><strong>volens.</strong></span> <span class='ocrx_word' id='word_1_919' title='bbox 2848 5854 2974 5906; x_wconf 71' lang='lat' dir='ltr'><strong>Haec</strong></span> <span class='ocrx_word' id='word_1_920' title='bbox 3013 5860 3194 5906; x_wconf 89' lang='lat' dir='ltr'><strong>autem</strong></span> <span class='ocrx_word' id='word_1_921' title='bbox 3231 5851 3549 5905; x_wconf 78' lang='lat' dir='ltr'><strong>futurorum.</strong></span> <span class='ocrx_word' id='word_1_922' title='bbox 3617 5845 3621 5849; x_wconf 6' lang='grc' dir='ltr'>ί</span> 
     </span>
    </p>
   </div>
   <div class='ocr_carea' id='block_1_121' title="bbox 1971 5943 3548 6016">
    <p class='ocr_par' dir='ltr' id='par_1_121' title="bbox 1971 5943 3548 6016">
     <span class='ocr_line' id='line_1_121' title="bbox 1971 5943 3548 6016; baseline -0.006 -15"><span class='ocrx_word' id='word_1_923' title='bbox 1971 5945 2161 6014; x_wconf 71' lang='lat' dir='ltr'><strong>figurae</strong></span> <span class='ocrx_word' id='word_1_924' title='bbox 2183 5943 2462 6012; x_wconf 89' lang='lat' dir='ltr'><strong>dicuntur,</strong></span> <span class='ocrx_word' id='word_1_925' title='bbox 2492 5961 2601 6001; x_wconf 88' lang='lat' dir='ltr'><strong>non</strong></span> <span class='ocrx_word' id='word_1_926' title='bbox 2627 5943 2773 6016; x_wconf 88' lang='lat' dir='ltr'><strong>quod</strong></span> <span class='ocrx_word' id='word_1_927' title='bbox 2799 5959 2906 6000; x_wconf 86' lang='lat' dir='ltr'><strong>non</strong></span> <span class='ocrx_word' id='word_1_928' title='bbox 2935 5959 3058 6000; x_wconf 73' lang='lat' dir='ltr'><strong>vet&#39;e</strong></span> <span class='ocrx_word' id='word_1_929' title='bbox 3087 5958 3288 6013; x_wconf 78' lang='lat' dir='ltr'><strong>corpus</strong></span> <span class='ocrx_word' id='word_1_930' title='bbox 3315 5953 3369 5999; x_wconf 90' lang='lat' dir='ltr'><strong>et</strong></span> <span class='ocrx_word' id='word_1_931' title='bbox 3409 5958 3548 6002; x_wconf 59' lang='lat' dir='ltr'><strong>san.</strong></span> 
     </span>
    </p>
   </div>
  </div>
