4266 6450
732 364 838 431 ’799

1554 367 1901 428 CALLISTI
1939 367 2036 425 ΕΤ
2082 361 2382 424 [GNATII
2427 359 3118 425 XANTHOPULOHUM

3884 359 3990 421 800

733 476 856 538 guis
891 477 1094 531 Christi
1148 477 1280 540 sint,
1315 478 1407 530 sed
1455 479 1600 547 quod
1646 495 1793 533 nunc
1824 478 2049 548 quidem
2114 492 2211 544 per
2244 489 2305 529 ea

2349 476 2381 527 Α
2412 468 2467 520 δὲ
2504 471 2666 539 λέγω,
2694 475 2794 527 οὐκ
2825 478 3063 546 ἀναιρῶν
3095 479 3191 550 τὴν
3222 482 3315 534 τοῦ
3351 481 3605 549 σώματος
3636 484 3817 554 φύσιν,
3849 490 3978 542 ἀλλὰ

732 569 938 623 Christi
994 569 1300 624 divinitatis
1338 572 1641 640 participes
1684 571 1979 631 efticimur,
2036 579 2165 622 tunc
2212 583 2312 620 an-

733 676 840 715 tem
873 663 1237 730 spiritualiter
1277 681 1373 734 per
1413 666 1583 718 solam
1619 663 2157 732 contemplationem.
2191 680 2209 712 ι
2247 660 2311 713 Et

731 754 889 807 dirus
916 753 1227 810 Macarius:
1275 774 1293 806 ι
1328 758 1797 821 Quemadmodum
1824 756 2007 808 vinum
2042 755 2093 807 iit
2122 752 2306 805 omnia

732 845 971 903 bibentis
1016 849 1258 903 membra
1288 849 1633 910 dilfunditur,
1673 859 1724 902 et
1756 859 1838 902 est
1866 849 2053 900 viuum
2087 848 2140 900 in
2161 861 2226 898 eo
2257 852 2309 897 et

732 941 779 992 is
832 940 884 991 in
933 939 1081 996 vino.
1139 940 1214 992 ita
1263 950 1317 994 et
1355 941 1445 1007 qui
1513 941 1651 994 bibit
1705 940 2030 1010 sanguinem
2078 938 2307 1000 Christi,

729 1031 921 1099 spiritu
964 1031 1272 1085 Divinitatis
1304 1042 1542 1101 potatur,
1578 1045 1629 1086 et
1676 1035 1768 1088 ille
1806 1031 2049 1101 Spiritus
2082 1031 2135 1085 iu
2184 1048 2305 1096 per-

733 1119 879 1175 fecta
909 1123 1089 1174 anima
1120 1121 1444 1177 diffunditur
1473 1132 1527 1178 et
1579 1126 1759 1177 anima
1802 1124 1855 1177 iu
1897 1123 2011 1184 illo,
2040 1132 2203 1192 atque
2238 1122 2309 1174 ita

732 1210 1070 1264 sanctificata
1107 1210 1336 1265 Domino
1371 1214 1531 1279 digna
1585 1214 1865 1268 consistit.
1903 1212 2107 1267 Omnes
2131 1212 2304 1276 enim,

733 1303 934 1371 inquit,
971 1305 1021 1357 in
1081 1321 1189 1358 uno
1241 1306 1442 1374 Spiritu
1493 1309 1658 1374 putati
1708 1323 1922 1369 smnus,
1982 1317 2031 1360 ct
2067 1306 2159 1375 qui
2215 1323 2308 1374 per

734 1399 889 1461 panis
929 1400 1321 1453 eucharistiam
1382 1400 1645 1468 Spiritum
1682 1410 1934 1455 sanctum
1991 1404 2042 1453 in
2078 1403 2307 1453 veritate

730 1490 1035 1559 recipiunt,
1071 1494 1217 1564 digiti
1252 1505 1377 1547 sunt
1410 1498 1501 1563 qui
1548 1498 1711 1565 huius
1748 1498 1875 1549 fiant
1907 1495 2220 1564 participes.
2255 1504 2307 1547 et

732 1585 813 1637 sic
874 1598 1107 1653 possunt
1142 1604 1234 1656 per
1299 1591 1497 1643 sarcula
1551 1592 1746 1644 animae
1777 1591 1951 1657 dignae
2001 1575 2202 1642 virdre.
2244 1587 2305 1641 Et

730 1678 1193 1744 quemadmodum
1237 1697 1437 1750 corpus
1473 1699 1579 1736 non
1610 1699 1671 1735 ex
1701 1684 1883 1750 seipso
1922 1682 2082 1734 vitam
2121 1684 2302 1744 habet,

729 1769 822 1833 sed
858 1770 1101 1834 aliunde,
1163 1772 1214 1825 id
1259 1784 1341 1825 est
1372 1790 1398 1825 a
1433 1785 1598 1838 terra,
1636 1774 1715 1827 sic
1752 1783 1804 1825 et
1860 1774 2097 1825 animam
2162 1772 2302 1824 Dens

728 1864 944 1930 probat,
984 1879 1088 1917 non
1136 1880 1198 1918 ex
1265 1867 1482 1935 propria
1545 1868 1665 1935 ejus
1725 1877 1944 1930 natura,
1978 1867 2070 1920 sed
2109 1882 2171 1918 ex
2212 1880 2308 1917 sna

731 1955 908 2022 ipsius
957 1956 1263 2019 divinitate,
1305 1975 1367 2011 ex
1421 1962 1644 2027 proprio
1701 1960 1875 2028 ipsius
1908 1958 2101 2026 spiritu
2140 1968 2190 2008 et
2228 1956 2308 2007 In-

736 2049 904 2113 miuc,
933 2049 1114 2102 cibum
1159 2049 1382 2112 habere,
1420 2061 1607 2118 potum
1639 2068 1701 2104 ac
1740 2053 2149 2113 vestimentum,
2187 2064 2310 2116 quae

730 2155 857 2192 vere
888 2149 1019 2194 sunt
1046 2140 1243 2194 anima:
1291 2142 1418 2195 vita.
1472 2142 1659 2196 Dii-ina
1693 2144 1837 2196 enim
1880 2152 2070 2196 natura
2115 2158 2305 2211 panem

731 2234 852 2287 vita:
894 2236 1050 2287 habet
1080 2250 1201 2287 eum
1225 2237 1315 2304 qui
1356 2236 1528 2289 dixit:
1566 2255 1584 2288 ι
1614 2237 1727 2303 Ego
1747 2252 1863 2289 sum
1908 2236 2060 2303 panis
2096 2237 2251 2293 Vim;
2285 2253 2301 2283 ι

732 2335 786 2378 et
822 2341 1017 2390 aquam
1076 2326 1342 2380 virentem
1376 2341 1427 2381 et
1464 2329 1646 2381 viuum
1694 2330 1997 2391 la-tilicans,
2029 2338 2076 2381 ct
2126 2328 2304 2380 oleum

729 2418 1135 2475 exsttltationis.
1187 2436 1204 2468 ι
1244 2411 1309 2472 Et
1357 2429 1582 2473 sanctus
1617 2420 1895 2475 Isidorus:
1935 2438 1951 2469 ι
1987 2420 2306 2472 Communis

731 2519 918 2562 vocata
943 2520 1024 2565 est
1047 2511 1356 2564 divinorum
1387 2517 1767 2583 mysteriarum
1790 2516 2050 2583 receptio,
2074 2531 2137 2565 eo
2159 2515 2303 2584 quod

733 2621 832 2656 nos
863 2620 987 2657 cum
1022 2605 1245 2662 Christo
1278 2609 1503 2672 adunct,
1533 2618 1588 2662 ct
1623 2611 1913 2679 participes
1947 2611 2121 2680 ipsius
2154 2611 2302 2680 regni

728 2696 943 2750 vinciat.
989 2716 1006 2749 ι
1043 2697 1108 2753 Ει
1148 2700 1270 2766 pius
1325 2699 1515 2756 Nilus:
1560 2721 1577 2753 ι
1611 2702 2035 2771 Νειιιιὶιεοιιιιιὶ
2084 2703 2306 2757 aliunde

732 2787 901 2842 fidelis
947 2798 1001 2841 et
1040 2790 1416 2845 remissionem
1456 2803 1804 2860 peccatorum
1835 2794 2083 2860 accipere
2116 2804 2166 2847 et
2206 2811 2291 2848 re-

728 2895 895 2945 gnum
946 2882 1211 2934 casiorum
1266 2882 1510 2951 assequi,
1549 2884 1655 2938 nisi
1703 2898 1826 2938 cum
1879 2895 2140 2948 tremore,
2175 2901 2300 2939 cum

733 2972 836 3023 fide
876 2981 929 3024 et
976 2973 1252 3026 desiderio
1306 2976 1597 3045 mySticum
1659 2985 1713 3030 ct
1757 2992 1951 3045 purum
1988 2992 2187 3042 corpus
2251 2985 2302 3029 tt

732 3065 1050 3132 sanguinem
1137 3064 1338 3119 Christi
1399 3067 1645 3134 accipiat.
1690 3086 1708 3118 ι
1778 3066 2046 3122 Similiter
2110 3066 2303 3120 scribit

730 3173 959 3226 magnus
1012 3157 1247 3213 Basilius
1293 3161 1344 3212 in
1394 3160 1622 3228 epistola
1674 3161 1739 3211 ad
1791 3159 2082 3213 Ca-sariam
2134 3160 2305 3228 patri-

729 3253 869 3305 ciam
914 3270 926 3305 :
965 3270 983 3302 ι
1016 3250 1273 3316 Quotidie
1295 3254 1710 3307 communicare
1746 3264 1799 3305 et
1827 3262 2080 3306 sanctum
2108 3268 2306 3320 c0tpttS

730 3359 794 3399 ac
824 3344 1145 3413 sanguinem
1181 3344 1397 3398 Domini
1432 3347 1701 3415 accipere,
1740 3345 2001 3410 Optimum
2028 3355 2081 3396 et
2131 3346 2304 3397 utilis-

732 3438 928 3491 simum
966 3448 1067 3503 est,
1111 3439 1230 3508 ipso
1261 3438 1489 3492 Domino
1530 3439 1781 3492 dicente:
1831 3457 1847 3489 ι
1882 3438 1981 3502 Qui
2014 3438 2305 3491 manducet

735 3546 907 3584 meam
942 3547 1158 3586 carnem
1216 3544 1269 3587 et
1303 3535 1441 3587 bibit
1500 3550 1677 3587 tneum
1714 3535 2059 3601 sanguinem,
2118 3533 2169 3584 in
2221 3546 2307 3585 me

735 3633 920 3676 manet
949 3632 1004 3676 et
1050 3637 1151 3691 ego
1201 3622 1253 3676 in
1294 3623 1410 3689 illo,
1446 3632 1499 3676 et
1533 3624 1693 3676 habet
1735 3622 1899 3675 vitam
1961 3628 2243 3673 aeternam.
2281 3640 2298 3671 ι

731 3715 867 3779 Quis
902 3717 1044 3769 enim
1075 3717 1300 3785 ambigit
1333 3718 1649 3770 continuam
1689 3717 1808 3769 vita:
1834 3716 2304 3785 participationem

735 3810 871 3862 nihil
923 3810 1069 3862 aliud
1118 3826 1261 3873 esse,
1305 3826 1467 3877 quam
1521 3808 1879 3862 multifariam
1939 3805 2161 3860 vivere?
2199 3806 2307 3859 Nos

732 3914 914 3957 tamen
942 3911 1134 3971 quater
1163 3902 1391 3972 singulis
1418 3902 1780 3957 hebdomadis
1807 3900 2305 3962 commnnicamus,

734 3993 1045 4055 Dominica,
1084 3994 1218 4048 feria
1266 4005 1481 4063 quarta,
1518 3994 1820 4048 Parascere
1852 4005 1903 4046 et
1960 3992 2221 4057 Sabbato,
2254 3999 2307 4049 ct

728 4089 853 4141 aliis
884 4088 1099 4151 diebus,
1149 4089 1195 4142 si
1248 4089 1391 4141 adsit
1447 4090 1683 4159 alicujus
1728 4089 1902 4143 sancti
1955 4092 2243 4143 memoria.
2284 4106 2300 4135 ι

730 4180 940 4246 Quibus
998 4181 1213 4243 diebus,
1275 4183 1490 4248 opinor,
1550 4198 1707 4237 sacra
1768 4181 2001 4237 faciebat
2044 4192 2307 4243 sanctus;

668 4268 677 4277 ’
733 4288 842 4327 non
884 4273 1026 4326 enim
1068 4274 1315 4343 quotidie
1349 4286 1588 4343 poterat.
1624 4277 1793 4329 tantis
1830 4276 1979 4329 curis
2025 4272 2305 4343 fatigatus.

732 4365 879 4419 Dixit
919 4373 1098 4421 autem
1135 4378 1187 4420 et
1224 4378 1449 4421 sanctus
1501 4368 1697 4435 Apollo
1729 4386 1741 4421 :
1780 4386 1799 4417 ‹
1846 4365 2071 4434 Oportet
2115 4381 2303 4419 mona-

731 4460 918 4524 chum,
956 4461 999 4513 si
1055 4463 1249 4530 possit,
1280 4463 1512 4530 singulis
1540 4462 1754 4527 diebus,
1782 4464 2055 4531 mysteriis
2099 4462 2304 4515 Christi

2410 560 2472 614 τὸ
2510 563 2769 627 ζωοποιδν
2820 572 2913 621 καὶ
2944 569 3084 623 θεῖον
3124 573 3313 626 τούτου
3352 575 3588 643 δηλῶσαι
3636 577 3981 649 βουλόμενος.

2410 652 2596 707 Ταῦτα
2647 659 2830 726 μέντοι
2875 663 3144 717 ἀντίτυπα
3197 667 3303 719 τῶν
3356 668 3657 737 μελλόντων
3711 671 3978 738 λέγονται,

2408 745 2504 813 οὐχ
2528 745 2602 805 ὡς
2628 749 2703 818 μὴ
2736 750 2861 803 ὄντα
2904 754 3116 822 ἀληθῶς
3160 758 3335 826 σῶμα,
3388 763 3480 813 καὶ
3529 757 3668 830 αἷμα
3719 764 3979 832 Χριστοῦ,

2408 836 2523 890 ἀλλ’
2550 840 2633 892 ὃτι
2664 841 2757 894 νῦν
2790 843 2909 913 μὲν,
2959 846 3025 899 δι’
3057 848 3234 900 αὐτῶν
3269 854 3571 923 μετέχομεν
3605 855 3704 924 τῆς
3740 857 3979 926 Χριστοῦ

2409 929 2683 1000 θεότητος,
2716 935 2832 986 τότε
2861 936 2937 1002 δὲ,
2965 940 3171 1009 νοητῶς
3200 941 3285 994 διὰ
3319 946 3483 1014 μόνης
3509 946 3606 1014 τῆς
3634 946 3780 1008 θέας.
3815 966 3831 997 ι
3870 948 3981 1001 Καὶ

2410 1022 2436 1074 6
2468 1021 2741 1087 Θειότατος
2785 1027 3097 1099 Μακάριος·
3144 1050 3163 1083 ι
3203 1034 3411 1107 Ὥσπερ
3445 1037 3471 1088 6
3497 1032 3659 1100 οἶνος,
3697 1040 3774 1101 είς
3806 1040 3980 1092 πάντα

2407 1113 2472 1163 τὰ
2511 1114 2649 1184 μέλη
2676 1116 2768 1167 τοῦ
2795 1117 3037 1183 πίνοντος
3060 1125 3333 1193 κιρνᾶται,
3366 1128 3458 1178 καὶ
3481 1128 3690 1194 γίνεται
3710 1132 3736 1182 6
3758 1125 3895 1191 οἶνος
3921 1132 3980 1184 ὲν

2405 1205 2585 1274 αὐτῷ,
2620 1209 2715 1259 καὶ
2740 1211 2900 1273 αὐτὸς
2929 1213 2986 1264 ὲν
3019 1214 3095 1284 τῷ
3124 1216 3273 1286 οἴνῳ,
3299 1219 3469 1282 οὕτως
3498 1224 3524 1272 6
3546 1222 3720 1273 πίνων
3756 1222 3815 1275 τὸ
3839 1219 3979 1292 αἷμα

2391 1297 2497 1349 τοῦ
2541 1298 2796 1369 Χριστοῦ,
2847 1304 2906 1354 τὸ
2957 1305 3178 1376 Πνεῦμα
3210 1313 3309 1373 τῆς
3368 1310 3631 1380 Θεὸτητος
3675 1315 3976 1380 ποτίζεται,

2404 1393 2496 1441 καὶ
2527 1396 2775 1460 κιρνᾶται
2798 1398 2854 1446 ὲν
2876 1400 2940 1466 τῇ
2970 1400 3150 1471 τελείᾳ
3170 1403 3337 1473 ψυχῇ,
3365 1408 3458 1457 καὶ
3487 1407 3518 1474 ἡ
3544 1407 3687 1475 ψυχὴ
3717 1409 3774 1460 ὲν
3805 1410 3975 1477 αὐτῷ,

2403 1483 2497 1531 καὶ
2527 1481 2699 1545 οὕτως
2728 1486 3055 1553 ἁγιασθεῖσα
3077 1531 3090 1555 ,
3125 1492 3249 1555 ἀξία
3271 1494 3365 1546 τοῦ
3394 1497 3597 1566 Κυρίου
3632 1498 3976 1554 καθίσταται.

2403 1570 2609 1635 Πάντες
2636 1574 2764 1644 γὰρ,
2795 1579 2950 1645 φησὶ,
2981 1582 3039 1632 τὸ
3065 1582 3196 1635 αὐτὸ
3219 1586 3441 1655 Πνεῦμα
3471 1588 3858 1658 ἐποτίσθημεν,
3884 1593 3979 1643 καὶ

2400 1662 2487 1713 διὰ
2518 1666 2613 1734 τῆς
2639 1668 2989 1738 εὐχαριστίας
3032 1673 3126 1726 τοῦ
3160 1676 3346 1745 ἄρτου,
3382 1679 3698 1751 Πνεῦματος
3728 1683 3885 1750 ἁγίου
3926 1684 3977 1736 οἱ

2402 1754 2541 1807 κατὰ
2573 1756 2831 1827 ἀλήθειαν
2866 1766 3376 1837 μεταλαμϐάνοντες
3429 1773 3814 1839 καταξιοῦνται
3849 1776 3979 1844 μέτ-

2347 1842 2512 1917 Βοχοι
2535 1852 2806 1920 γενέσθαι,
2840 1860 2931 1908 καὶ
2953 1859 3094 1913 οὕτω
3120 1862 3370 1917 δύνανται
3400 1868 3478 1928 εἰς
3510 1868 3712 1929 αίῶνας
3740 1869 3795 1919 αί
3827 1868 3976 1931 ἀξίαι

2400 1942 2566 2012 ψυχαὶ
2617 1945 2797 2012 ζῆσαι.
2842 1950 2947 2002 Καὶ
2976 1952 3163 2023 ὥσπερ
3204 1956 3281 2024 τῷ
3320 1956 3530 2026 σώματι
3576 1962 3607 2028 ὴ
3641 1960 3751 2028 ζωὴ
3783 1962 3885 2012 οὒκ
3919 1960 3978 2023 ἐξ

2400 2035 2591 2086 ἑαυτοῦ
2617 2038 2784 2105 ἐστιν,
2826 2041 2941 2092 ἀλλ’
2979 2043 3177 2106 ἔξωθεν
3210 2047 3397 2111 αὐτοῦ,
3426 2049 3706 2102 τουτέστιν
3740 2053 3846 2103 ἀπὸ
3877 2052 3978 2120 τῆς

2400 2126 2526 2195 γῆς.
2554 2127 2694 2182 οὕτω
2740 2132 2833 2185 καὶ
2867 2135 2963 2203 τὴν
2992 2135 3168 2206 ψυχὴν
3198 2140 3498 2209 εἰνδόκησεν
3531 2144 3558 2194 6
3594 2143 3745 2206 Θεὸς,
3775 2144 3873 2195 οὐκ
3914 2145 3980 2195 ὲκ

2401 2218 2501 2289 τῆς
2533 2220 2669 2284 ιδίας
2717 2222 2952 2291 φύσεως,
2985 2227 3099 2279 ἀλλ’
3126 2231 3188 2280 ὲκ
3221 2234 3315 2298 τῆς
3371 2232 3537 2283 αὑτοῦ
3577 2234 3861 2297 Θεόττητος,
3911 2237 3975 2285 ἐκ

2404 2326 2496 2377 τοῦ
2537 2326 2665 2377 ἰδίου
2703 2326 3036 2395 Πνεύματος,
3070 2328 3162 2378 καὶ
3196 2327 3394 2392 φωτὸς,
3430 2324 3571 2392 ἔχειν
3601 2322 3826 2393 βρῶσιν,
3877 2322 3979 2372 πό-

2405 2438 2507 2488 σιν,
2540 2422 2763 2491 ἔνδυμα,
2796 2421 2831 2474 ἆ
2863 2422 3009 2474 ἐστιν
3042 2423 3075 2490 ἡ
3106 2421 3272 2483 ὅντως
3304 2420 3417 2489 ζευὴ
3450 2418 3549 2486 τῆς
3586 2419 3784 2487 ψυχῆς.
3820 2418 3980 2485 Ἔχει

2401 2513 2568 2582 γάρὴ
2608 2512 2728 2565 θεία
2768 2511 2948 2579 φύσις,
2999 2513 3092 2565 καὶ
3141 2512 3304 2580 ἄρτον
3355 2510 3521 2579 ζωῆς,
3576 2510 3665 2561 τὸν
3715 2509 3978 2567 εἰπόντα,

2415 2604 2555 2673 Ἐγώ
2607 2605 2723 2674 ειμι
2771 2605 2798 2655 6
2826 2603 2987 2674 ἄρτος
3017 2604 3111 2672 τῆς
3154 2603 3332 2671 ζωῆς,
3367 2604 3459 2653 καὶ
3504 2601 3645 2669 ὕδωρ
3697 2601 3838 2665 ζῶν,
3883 2600 3980 2652 καὶ

2401 2697 2541 2752 οἶνον
2584 2698 2964 2768 εὐφραίνοντα,
3015 2697 3110 2750 καὶ
3144 2698 3318 2749 ἔλαιον
3358 2695 3752 2763 ἀγαλλιάσεως.
3796 2713 3812 2744 ι
3868 2692 3983 2746 Καὶ

2401 2796 2427 2845 ὁ
2459 2793 2612 2859 ἅγιος
2653 2791 2939 2859 Ἰσίδωρος·
2971 2809 2987 2839 ι
3032 2789 3297 2842 Κοινωνία
3326 2790 3588 2855 κέκληται
3617 2791 3648 2856 ή
3684 2786 3791 2838 τῶν
3816 2785 3983 2838 Θιίων

2401 2882 2735 2951 Μυστηρίων
2779 2881 3103 2950 μετάληψις,
3151 2881 3237 2932 διά
3269 2882 3349 2941 τὸ,
3400 2880 3499 2947 τὴν
3554 2880 3686 2947 πρὸς
3740 2879 3981 2947 Χριστὶν

2403 2979 2434 3027 ’ἡ

2398 3072 2495 3136 τῆς
2529 3068 2693 3120 αὑτοῦ
2736 3067 3029 3135 βασιλείας.
3069 3086 3086 3117 ι
3124 3068 3231 3119 Καὶ
3269 3069 3296 3118 6
3324 3068 3466 3128 ὅσιος
3494 3066 3713 3126 Νεῖλος·
3754 3084 3771 3114 ,
3822 3063 3980 3115 Ἀδύ-

2444 2979 2533 3045 μῖν
2560 2975 2880 3046 χαρίζεσθαι
2910 2975 3125 3036 ἕνωσιν,
3156 2975 3247 3026 καὶ
3296 2974 3581 3033 κοινωνοὺς
3619 2973 3764 3041 ἡμᾶς
3800 2973 3981 3022 ποιεῖν

2352 3194 2376 3216 -ι
2402 3179 2559 3214 νατον
2592 3162 2766 3222 ἄλλως
2815 3162 3054 3229 σωθῆναι
3094 3160 3185 3212 τὸν
3238 3159 3448 3221 πιστὸν,
3508 3159 3599 3210 καὶ
3650 3159 3843 3226 ἄφεσιν
3875 3156 3979 3225 τὴν

2400 3254 2889 3323 πλημμελημάτων
2945 3252 3166 3315 λαϐεῖν,
3233 3253 3325 3303 καὶ
3381 3251 3657 3319 βασιλείας
3725 3248 3981 3317 οὐρανῶν

2399 3350 2695 3415 ἐπιτυχεῖν,
2733 3348 2779 3395 εἰ
2825 3346 2897 3414 μὴ
2932 3345 3339 3413 μεταλαμϐάνει
3383 3345 3521 3411 μετά
3553 3344 3718 3410 φόϐου
3756 3343 3848 3393 καὶ
3882 3341 3977 3392 πί-

2401 3456 2567 3499 στεως
2621 3439 2714 3489 καὶ
2776 3438 2939 3488 πόθου
2988 3438 3095 3489 τῶν
3156 3440 3453 3506 μυστικῶν,
3512 3439 3605 3488 καὶ
3662 3434 3977 3504 ἀκράντων,

2402 3532 2649 3600 σώματος
2676 3535 2767 3582 καὶ
2795 3532 3023 3600 αἵματος
3043 3531 3137 3582 τοῦ
3163 3530 3418 3601 Χριστοῦ.
3454 3549 3473 3580 ι
3508 3529 3737 3597 Ὁμοίως
3771 3528 3978 3597 γράνρει

2400 3625 2492 3676 καὶ
2524 3627 2551 3676 ο
2583 3625 2752 3694 μέγας
2790 3625 3088 3689 Βασίλειος,
3121 3628 3178 3678 ὲν
3208 3628 3274 3694 τῇ
3308 3624 3442 3694 πρὸς
3478 3624 3785 3689 Καισαρίαν
3861 3621 3977 3671 lla.-

2396 3721 2613 3788 τριχίαν
2641 3720 2934 3789 ἐπιστολῇ·
2974 3738 2992 3770 ι
3032 3718 3141 3771 Καὶ
3173 3719 3234 3770 το
3269 3718 3543 3771 κοινωνεῖν
3580 3716 3637 3769 δὲ
3679 3716 3799 3768 καθ’
3837 3716 3977 3767 ἑκά-

2398 3829 2528 3881 στην
2553 3811 2785 3880 ἡμέραν,
2812 3812 2905 3863 καὶ
2932 3810 3364 3879 μεταλαμϐάνειν
3391 3807 3482 3860 τοῦ
3506 3809 3663 3874 ἁγίου
3692 3806 3974 3874 σώματος,

2397 3906 2488 3956 καὶ
2518 3892 2749 3973 αἵματος
2785 3903 2877 3955 τοῦ
2905 3902 3166 3973 Χριστοῦ,
3212 3903 3375 3955 καλὸν
3408 3902 3500 3952 καὶ
3541 3899 3841 3966 ἐπωζελὲς,
3873 3901 3977 3950 αὖ-

2394 3996 2488 4051 τοῦ
2540 3997 2727 4063 σαφῶς
2769 3995 3054 4064 λέγοντοςο
3116 3997 3173 4048 '0
3212 3995 3442 4065 τρώγων
3492 4012 3592 4064 μου
3633 3994 3733 4062 τὴν
3769 3994 3973 4060 σάρκα,

2396 4091 2487 4143 καὶ
2531 4090 2700 4141 πίνων
2748 4107 2849 4159 μου
2893 4091 2954 4141 τὸ
3009 4085 3170 4158 αἷμα,
3206 4091 3262 4140 ἐν
3306 4090 3431 4157 ἐμοὶ
3489 4090 3664 4156 μένει,
3724 4086 3879 4153 κάγὼ
3913 4090 3973 4137 ἐν

2394 4182 2563 4251 αὐτῷ,
2624 4182 2716 4234 καὶ
2754 4180 2866 4251 ἔχει
2917 4180 3061 4250 ζωὴν
3093 4182 3329 4234 αἰώνιον.
3373 4180 3464 4242 Τίς
3497 4180 3603 4248 γάρ
3635 4177 3975 4247 ἀμφιϐάλλει

2393 4278 2474 4329 ὅτι
2498 4277 2558 4327 τὸ
2589 4275 2834 4344 μετέχειν
2867 4276 3105 4343 συνεχῶς
3134 4276 3231 4342 τῆς
3263 4274 3429 4342 ζωῆς,
3456 4274 3607 4324 asas»
3633 4272 3760 4323 ἄλλο
3796 4273 3971 4332 ἐστὶν,

2394 4370 2426 4438 ἢ
2461 4368 2560 4439 ζῇν
2604 4368 2914 4435 πολλαχῶςς
2962 4368 3150 4436 Ἡμεῖς
3200 4368 3470 4433 μέντοιγε,
3525 4366 3784 4432 τέταρτον
3844 4362 3971 4414 καθ’

2394 4462 2631 4528 εκάστην
2674 4459 2939 4526 ἑϐδομάδα
2973 4459 3355 4525 κοινωνοῦμεν,
3394 4459 3451 4508 ἐν
3496 4460 3562 4525 τῇ
3597 4457 3876 4524 κυριακῇ,
3911 4456 3972 4506 ἐν

732 4553 1159 4606 communicare.
1193 4553 1294 4619 Qui
1336 4556 1479 4607 enim
1509 4570 1567 4608 se
1600 4556 1776 4609 abhis
1806 4556 2065 4617 abstinet,
2109 4569 2137 4608 a
2194 4552 2305 4606 Deo

2349 4554 2457 4622 ῡτῇ
2487 4552 2724 4620 τετράδι,
2753 4552 2810 4601 ἐν
2839 4555 2904 4620 τῇ
2940 4552 3283 4618 παρασκευῇ,
3326 4551 3417 4601 καὶ
3447 4548 3523 4617 τῷ
3556 4548 3836 4615 Σαϐϐάτῳ,
3874 4545 3975 4598 καὶ

734 4643 974 4708 recedit;
1012 4646 1106 4713 qui
1145 4655 1325 4699 autem
1353 4648 1403 4700 id
1434 4648 1693 4703 continue
1739 4646 1892 4709 facit,
1931 4661 2151 4700 carnem
2180 4661 2311 4700 cou-

733 4735 885 4790 tiuuc
940 4739 1150 4808 recipit.
1206 4739 1348 4794 Dicit
1392 4743 1535 4794 enim
1587 4758 1689 4794 vox
1738 4740 2071 4795 salutifera:
2129 4759 2143 4791 t
2206 4738 2304 4804 Qui

735 4833 1029 4886 manducat
1088 4847 1262 4887 meam
1306 4850 1528 4888 carnem
1582 4844 1636 4890 et
1675 4836 1809 4888 bibit
1856 4850 2036 4888 meum
2088 4832 2306 4903 sangui-

736 4940 880 4987 nem,
908 4926 960 4979 in
996 4941 1079 4979 me
1110 4935 1312 4991 manet,
1349 4937 1400 4981 et
1436 4942 1537 4993 ego
1563 4927 1616 4979 in
1646 4927 1754 4980 illo.
1785 4926 2172 4980 Monachorum
2208 4927 2309 4995 igi-

736 5028 824 5074 tur
860 5019 1027 5073 refcrt
1053 5020 1352 5075 salutifera:
1374 5019 1648 5089 passionis
1674 5022 1996 5073 memoriam
2040 5029 2308 5088 perpetuo

730 5111 935 5168 facere.
964 5112 1067 5168 Eos
1103 5114 1271 5183 igitur
1306 5129 1529 5182 semper
1561 5129 1687 5167 esse
1718 5124 1942 5182 paratos
1986 5124 2221 5181 oportet,
2256 5123 2308 5165 et

731 5204 940 5271 seipsos
975 5203 1047 5256 ita
1080 5204 1390 5272 disponere,
1420 5212 1477 5256 ut
1522 5204 1670 5272 digni
1702 5205 1829 5267 sint,
1865 5206 1959 5273 qui
1997 5222 2155 5259 sacra
2190 5221 2305 5275 my.

732 5297 895 5351 steria
931 5297 1227 5363 recipiant;
1282 5300 1541 5366 quoniam
1588 5298 1659 5350 ita
1716 5309 2065 5365 peccatorum
2106 5300 2307 5353 remis-

735 5389 891 5443 sione
941 5389 1085 5457 digni
1139 5388 1427 5444 ellicimur.
1468 5410 1486 5443 ι
1544 5390 1686 5445 Dicit
1722 5400 1905 5445 autem
1942 5402 1995 5446 et
2043 5392 2303 5446 Climax:

737 5500 757 5530 ‹
801 5480 856 5534 Si
892 5494 1092 5548 corpus
1128 5482 1273 5535 aliud
1323 5497 1525 5549 corpus
1579 5493 1879 5538 attrectans
1934 5484 2182 5537 efficacia
2216 5500 2308 5538 va—

738 5572 931 5639 riat-tr,
976 5574 1248 5641 quomodo
1296 5589 1402 5626 non
1458 5574 1756 5628 variabitur
1812 5575 1902 5644 qui
1965 5575 2056 5627 Dei
2104 5592 2304 5645 corpus

739 5665 981 5718 innoxiis
1019 5663 1269 5718 manibus
1298 5666 1644 5719 attrectabit?
1680 5685 1695 5716 ι
1735 5666 2010 5734 Scriptum
2040 5675 2220 5721 autem
2253 5680 2306 5721 et

738 5757 790 5809 iu
826 5754 1131 5808 Gcronltcos
1164 5771 1180 5807 :
1220 5775 1235 5805 ι
1268 5753 1508 5810 Joannes
1541 5755 1857 5821 Bostrenus,
1892 5760 1971 5811 vir
2004 5767 2221 5812 sanctus
2250 5771 2304 5811 ct

741 5857 1054 5913 potestatem
1091 5848 1295 5903 habens
1326 5867 1373 5902 tn
1403 5850 1624 5919 spiritus
1667 5849 1998 5915 immundos,
2032 5850 2305 5906 dmuoncs

2393 4645 2451 4695 ἐν
2492 4645 2611 4703 ταῖς
2640 4642 2823 4705 ἄλλαις
2874 4644 3127 4711 ἡμέραις,
3160 4644 3255 4693 ἐάν
3367 4642 3553 4710 μνήμη
3596 4640 3751 4704 ἁγίου
3784 4637 3968 4699 τινός·

2391 4739 2449 4788 ἐν
2478 4732 2562 4796 αἷς
2596 4731 2767 4803 οἶμαι,
2804 4737 2894 4786 καὶ
2944 4736 3275 4805 ἐλειτούργει
3312 4738 3339 4787 6
3374 4736 3524 4800 ἆγιος
3549 4750 3564 4764 ·
3604 4732 3665 4783 οὐ
3693 4734 3800 4801 γὰρ
3844 4729 3971 4782 καθ’

2397 4826 2634 4898 ἑκάστην
2659 4826 2906 4895 ἠδύνατο,
2934 4826 3039 4879 ὑπὸ
3064 4828 3333 4880 τοσούτων
3368 4827 3663 4895 φροντίδων
3698 4825 3971 4894 ὀχλούμε-

2396 4939 2504 4984 νος.
2545 4941 2563 4973 ι
2599 4917 2729 4974 Εἷπε
2785 4922 2839 4973 δὲ
2890 4921 2984 4972 καὶ
3012 4924 3038 4972 ὁ
3066 4921 3218 4988 ἅγιος
3278 4919 3538 4981 Ἀπολλὼ,
3568 4921 3647 4972 ὃτι
3687 4938 3704 4971 ι
3739 4921 3832 4971 Δεῖ
3874 4920 3970 4971 τὸν

2400 5015 2652 5085 μοναχὸν,
2695 5016 2741 5064 εἰ
2786 5014 3026 5075 δυνατὸν,
3060 5014 3179 5066 καθ’
3209 5015 3443 5081 ἑκάστην
3487 5013 3699 5081 ἡμέραν
3723 5013 3833 5065 τῶν
3866 5032 3973 5082 μυ-

2400 5109 2636 5179 στηρίων
2669 5106 2759 5159 τοῦ
2804 5107 3041 5177 Χριστοῦ
3079 5110 3371 5160 κοινωνεῖν.
3420 5109 3478 5157 ὐ
3523 5109 3632 5174 γὰρ
3673 5106 3972 5174 μακρύνων

2396 5205 2587 5256 ὲαντῖιν
2618 5202 2723 5254 ἀπὸ
2755 5203 2977 5266 τούτων,
3010 5203 3341 5271 μακρύνεται
3374 5201 3477 5251 ἀπὸ
3510 5200 3666 5264 θεοῦ,
3701 5202 3727 5251 6
3752 5200 3809 5252 δὲ
3842 5217 3971 5252 συν-

2399 5297 2536 5364 εχῶς
2570 5294 2726 5346 τοῦτο
2756 5294 3059 5361 ποιῶν,τὴν
3083 5295 3258 5361 σάρκα
3296 5292 3533 5360 συνεχῶς
3559 5292 3907 5366 ὑποδεχεται.
3946 5311 3965 5339 ι

2398 5393 2427 5459 ἡ
2462 5392 2567 5459 γὰρ
2602 5390 2861 5457 σωτήριος
2904 5391 3049 5455 grew-9}
3108 5404 3269 5454 φησιν
3292 5403 3304 5415 ο
3338 5405 3355 5434 ι
3414 5388 3471 5438 Ὀ
3510 5385 3703 5436 ἐσθίων
3736 5404 3838 5452 μου
3872 5387 3971 5454 τὴν

2400 5485 2598 5551 σάρκα,
2628 5486 2719 5535 καὶ
2752 5483 2919 5533 πίνων
2952 5499 3052 5549 μου
3090 5483 3146 5530 τὸ
3174 5476 3332 5548 αἷμα,
3368 5483 3424 5531 ἐν
3454 5481 3574 5547 ἐμοὶ
3609 5480 3780 5548 μένει,
3816 5479 3973 5546 κάγὼ

2400 5580 2457 5631 ὲν
2503 5577 2669 5645 αύτῷ.
2727 5575 2895 5628 Τοῦτο
2945 5575 3035 5627 οὖν
3082 5575 3349 5643 συμφέρει
3378 5576 3487 5633 τοῖς
3524 5575 3802 5640 μοναχῶς,
3839 5575 3974 5625 ὑπό-

2399 5687 2596 5741 μνησιν
2629 5668 2721 5720 τοῦ
2752 5669 3015 5737 σωτηρίου
3052 5668 3254 5728 πάθους
3306 5667 3545 5733 συνεχῶς
3604 5667 3971 5733 ποιουμένοις.

2400 5761 2535 5813 Ka')‘
2570 5760 2777 5829 ἡμέραν
2805 5755 2895 5810 οὖν
2934 5758 3147 5825 ἕτοιμον
3176 5754 3311 5808 εἶναι
3354 5757 3451 5821 δεῖ,
3488 5760 3578 5809 καὶ
3611 5760 3973 5826 παρασκευά-

2402 5855 2512 5908 ζειν
2543 5854 2731 5907 ἑαυτὸν
2758 5851 3014 5906 τοιοῦτον,
3049 5850 3186 5902 ὧντε
3218 5851 3364 5907 ἀξιον
3398 5848 3530 5903 sint
3565 5851 3817 5913 πάντοτε,
3846 5855 3971 5917 περὶ
