4266 6450
262 447 368 512 801
1458 453 1852 534 oryscum
1897 456 2285 522 ASCETICA.
3421 488 3528 555 302

273 569 374 637 τὴν
408 568 519 621 τῶν
551 569 724 636 ἁγίων
765 571 1081 641 μυστηρίων
1112 572 1379 646 ὑποδοχήν
1400 595 1412 608 ·
1446 581 1568 634 ἐπεὶ
1605 585 1699 636 καὶ
1740 585 1845 653 άφ-
1869 572 1919 631 Α
1948 574 1958 628 Ῐ

1839 572 1919 631 ,Α
1948 574 2299 647 interrogavit
2330 583 2423 652 qui
2484 585 2537 640 in
2582 587 2913 657 quibusdam
2968 595 3163 663 puellis
3215 596 3524 665 furentibus

273 660 446 722 έσεως
475 661 780 730 ἁμαρτιῶν,
810 661 952 715 οὕτω
980 666 1407 735 καταξιούμεθα.
1432 688 1450 721 ι
1482 672 1641 739 Λέγει
1666 673 1721 727 δὲ
1752 679 1846 731 καὶ
1952 688 1958 720 ι

1839 697 1846 731 ι
1952 677 2005 724 et
2044 674 2113 723 ab
2145 671 2279 740 Ipsis
2336 676 2476 730 male
2513 678 2757 735 multatis
2807 660 2984 751 erant,
3046 685 3274 745 dicens:
3328 712 3347 745 ι
3387 660 3524 761 Quid

270 751 300 801 ό
341 748 445 818 τῆς
489 751 807 818 Κλίμακος·
865 770 882 801 ι
924 752 985 803 Et
1029 752 1187 821 σῶμα
1238 754 1448 824 σώματι
1494 762 1842 829 προσψαύων,
1947 778 1955 814 t

1838 805 1842 825 ,
1947 777 1976 815 a
2006 763 2335 820 Christianis
2367 768 2567 825 timetis
2588 771 2639 825 τι
2676 772 2779 838 Qui
2811 748 3143 845 respondere
3171 799 3183 835 :
3215 802 3234 836 ι
3258 748 3523 845 γετοῖξὲξ

267 839 579 894 ἀλλοιοῦται
612 844 680 912 τῇ
729 844 999 913 ἐνεργείᾳ,
1052 845 1169 907 πῶς
1195 848 1293 900 οὐκ
1334 848 1779 921 ἀλλοιωθήσεται,
1813 856 1842 908 ό
1947 853 1952 905 1

1840 882 1842 900 .
1947 853 2159 909 habetis
2210 872 2440 926 magna;
2477 877 2645 917 unum
2679 839 2923 933 quidem,
2957 871 3103 935 quod
3153 873 3207 927 in
3244 839 3390 931 collo

266 930 407 983 Θεοῦ
457 930 669 999 σώματι
717 932 1046 1002 προσψαύων
1082 934 1279 999 ἀθώοις
1332 942 1485 1009 χερσί
1502 959 1518 1008 ;
1558 960 1579 994 ι
1631 943 1671 995 Γ
1674 944 1837 1014 έγρα-
1943 961 1951 999 l

1943 954 2060 999 stro
2096 950 2349 1016 portatis,
2381 961 2434 1005 et
2467 930 2724 1021 alterum,
2756 930 2918 1027 quod
2963 930 3016 1017 in
3062 963 3302 1023 Ecclesia
3350 930 3524 1028 ablui.

266 1041 404 1076 πται
433 1024 489 1076 δὲ
520 1026 615 1077 καὶ
646 1027 703 1076 ἐν
734 1026 811 1094 τῷ
844 1026 1147 1099 Γεροντικῷ
1167 1046 1179 1058 ·
1213 1048 1231 1080 ι
1273 1031 1519 1102 Ἰωάννης
1547 1038 1574 1087 ὁ
1598 1038 1839 1107 Βοστρη-
1942 1054 1951 1091 1

1834 1068 1839 1079 ι
1942 1038 2097 1101 mini,
2131 1049 2185 1093 et
2212 1044 2457 1109 tertium,
2489 1049 2636 1115 quod
2691 1049 2743 1102 in
2786 1064 3062 1109 conventu
3112 1068 3296 1113 vestro
3331 1077 3519 1119 come-

264 1114 376 1178 νὸς,
410 1115 551 1184 ἀνὴρ
582 1115 757 1184 ἅγιος,
784 1118 875 1168 καὶ
897 1119 1146 1183 ἐξουσίαν
1178 1120 1314 1190 ἔχων
1344 1126 1483 1179 κατὰ
1514 1128 1838 1195 πνευμάτων
1938 1148 1949 1185 t

1831 1148 1838 1174 ι
1938 1130 2086 1187 ditis.
2118 1132 2255 1188 Cum
2282 1152 2505 1193 rursum
2529 1140 2849 1213 interrogati
2883 1159 3092 1215 essent,
3123 1166 3188 1204 ex
3222 1151 3307 1207 his
3341 1155 3516 1213 tribus

261 1206 616 1277 ἀκαθάρτων,
644 1207 895 1278 ἠρώτησε
923 1210 1203 1281 δαίμονας,
1225 1215 1275 1267 οἳ
1300 1210 1437 1286 ἦσαν
1463 1219 1836 1285 κατοικοῦντες
1937 1243 1946 1278 t

1827 1240 1836 1284 ;
1937 1226 2212 1296 quodnam
2272 1231 2442 1300 magis
2471 1206 2853 1302 formidarent,
2906 1206 3315 1311 responderunt

261 1301 343 1362 είς
384 1300 553 1371 κόρας
610 1303 761 1367 τινὰς
803 1306 1135 1373 μαινομένας
1170 1307 1263 1361 καὶ
1307 1310 1707 1380 ἐνεργουμένων
1746 1316 1833 1368 ὑπ’
1935 1321 1946 1374 l

1824 1316 1833 1335 '
1935 1321 2075 1375 bene
2128 1325 2452 1382 custodiatis
2497 1334 2642 1397 quod
2702 1336 3014 1403 accepistis,
3072 1355 3233 1394 nemo
3268 1356 3509 1397 nostrum

260 1394 446 1446 αὐτῶν
490 1395 760 1463 πονηρῶς,
811 1398 1013 1450 εἰπών·
1065 1402 1189 1451 ποῖα
1236 1401 1531 1471 πράγματα
1586 1407 1835 1472 φοῢυῖσθε
1935 1428 1945 1453 π

1825 1424 1835 1459 ι
1935 1414 2077 1469 valet
2124 1415 2453 1475 Christianis
2507 1422 2760 1490 injuriam
2820 1394 3048 1485 inferre.
3116 1432 3257 1487 Sunt
3326 1447 3510 1492 autem

258 1486 373 1538 ἀπὸ
402 1487 522 1561 τῶν,
540 1489 882 1559 Χριστιανῶν
903 1490 983 1553 ςοῖ
1009 1490 1261 1560 λέγουσιν
1280 1508 1294 1522 '
1318 1494 1505 1563 Ἔχετε
1522 1497 1687 1559 ὅντως
1709 1499 1837 1569 τρία
1932 1521 1943 1558 4

1801 1516 1837 1552 α
1932 1519 2056 1575 qua:
2087 1508 2270 1565 hostes
2329 1512 2503 1567 nostri
2567 1514 2867 1574 formidant
2919 1522 3046 1591 plus
3095 1541 3255 1594 quam
3289 1540 3484 1584 cetera

259 1579 569 1649 πράγματα
619 1581 827 1650 μεγάλα
850 1620 865 1644 ,
916 1582 975 1635 ἓν
1029 1583 1149 1653 μὲν,
1186 1585 1320 1653 ὅπερ
1355 1590 1591 1657 φορεῖτε,
1627 1590 1707 1651 είς
1746 1590 1835 1643 τὸν
1929 1613 1944 1651 ε

1952 1571 1965 1575 ν
2919 1571 3045 1591 τ---
3291 1571 3485 1584 -..ημ-

1822 1608 1835 1641 I
1929 1613 2084 1664 crux,
2127 1602 2432 1672 baptismus
2455 1616 2510 1661 et
2541 1613 2880 1669 communio.
2917 1632 2936 1665 ι
3098 1571 3125 1594 Ἰ
3490 1571 3507 1596 ’

258 1672 525 1780 εοάχελον
557 1673 875 1780 ὑμῶν,.καὶ
904 1674 983 1780 ἐν,
1013 1677 1150 1780 ὅπερ
1193 1678 1416 1780 λούεσθε
1457 1681 1541 1744 είς
1586 1681 1686 1746 τὴν
1739 1681 2089 1753 Ἐκκλησίαν,
2141 1690 2233 1740 καὶ
2278 1690 2359 1754 ιν,
2389 1692 2527 1759 ὅπερ
2550 1696 2791 1762 τρῶγετε
2827 1702 2908 1762 είς
2941 1703 3042 1768 τὴν
3074 1703 3316 1772 σύναξιν.
3360 1708 3515 1780 Ἐρο-

257 1768 424 1875 μένου
531 1770 717 1833 πάλιν,
748 1771 811 1821 ἐκ
844 1770 1051 1875 τρύτων
1075 1770 1191 1875 τῶν.
1211 1774 1411 1875 -τριῶνί
1455 1779 1605 1829 ποῖον
1634 1777 1888 1845 φοϐεῖσθε
1926 1782 2122 1847 πλέονς
2156 1785 2557 1855 ἀπεκρίθησαν,
2593 1791 2641 1840 εί
2673 1792 3007 1855 ἐφυλάσσετε
3038 1768 3383 1875 καλῶίόπερ
3414 1768 3513 1875 με-

258 1866 668 1934 ταὶαμδάνετε,
722 1870 821 1920 οὐκ
874 1867 1097 1936 ἴσχυσεν
1141 1870 1313 1929 οὐδεὶς
1346 1869 1406 1932 ἐξ
1450 1872 1609 1938 ἡμῶν
1660 1874 1918 1943 ἀδικῆσαι
1961 1877 2289 1943 Χριστιανόν
2320 1899 2333 1911 ·
2380 1883 2489 1934 stat
2539 1883 2593 1934 δὲ
2641 1881 2676 1935 ἃ
2724 1883 3010 1954 δυσμενεῖς
3053 1866 3363 1960 φοϐοῦνται.
3398 1866 3505 1955 ἑῶν

258 1961 441 2015 ἄλλων
472 1960 658 2024 πλέον,
690 1963 717 2013 ὁ
750 1962 1007 2030 σταυρὸς,
1041 1966 1072 2031 ἡ
1103 1963 1385 2030 βάπτισις,
1422 1968 1512 2017 καὶ⁵
1540 1967 1571 2032 ή
1601 1971 1879 2025 κοινωνία.
1918 1989 1936 2021 ι

269 2046 454 2109 “Jac
486 2047 606 2098 τῶν
633 2044 782 2097 κατὰ
823 2045 1048 2109 πλάτος
1082 2045 1295 2098 πασῶν
1340 2048 1706 2114 ὑποθέσεων,
1738 2052 1834 2105 καὶ

331 2114 548 2185 μερικὴ
576 2115 929 2180 παραίνεσις
957 2114 1104 2181 πρὸς
1126 2117 1229 2167 τὸν
1253 2115 1730 2183 ἐπερωτήσαντα,

335 2226 448 2295 ια’.
486 2226 616 2279 Ἰδοὺ
637 2226 723 2297 δὴ,
740 2226 930 2279 τέκνον
954 2227 1227 2295 φίλτατον,
1252 2229 1560 2283 τετέλεσται
1586 2250 1679 2286 σου
1701 2236 1734 2304 ἡ
1758 2236 1841 2289 al-

263 2336 447 2387 τησις,
484 2319 583 2371 σὺν
601 2320 738 2388 Θεῷ·
760 2321 808 2370 εί
835 2319 932 2389 μὲν
959 2319 1101 2371 κατὰ
1124 2319 1347 2390 γνώμην
1368 2321 1466 2388 τὴν
1497 2322 1594 2392 σὴν
1621 2327 1714 2377 καὶ
1743 2326 1841 2395 τὴν

263 2411 552 2481 πρόθεσιν,
580 2411 827 2479 ἀκριϐῶς
854 2411 954 2464 οὐκ
983 2412 1223 2480 οἴδαμεν,
1259 2413 1439 2481 μέντοι
1470 2431 1531 2482 γε
1566 2417 1704 2468 κατὰ
1742 2420 1841 2489 τὴν

265 2504 548 2573 ἡμετέραν
581 2503 828 2572 δύναμιν,
867 2503 962 2556 καὶ
991 2504 1109 2573 Θεῴ
1138 2505 1193 2556 δὲ
1226 2504 1397 2573 φίλον,
1433 2508 1493 2558 τὸ
1523 2509 1663 2561 κατὰ
1686 2509 1843 2561 δύνα-

269 2611 384 2662 μιν.
432 2594 577 2662 Ὅρα
611 2594 808 2656 τοίνυν,
848 2594 935 2645 ἵνα
971 2595 1044 2663 μὴ
1079 2595 1238 2664 μέχρι
1291 2595 1481 2648 τούτου
1526 2600 1623 2667 στῇ
1664 2600 1723 2650 τὸ
1752 2598 1843 2652 σὺν

267 2684 594 2754 φιλομαθὲς,
624 2687 716 2737 καὶ
743 2687 1020 2749 ἐπίπονον,
1055 2687 1169 2738 ἀλλ’
1206 2688 1293 2739 ῖνα
1342 2690 1437 2742 καὶ
1463 2689 1643 2760 ἔργοις
1672 2690 1842 2760 ὀφθῇς

268 2776 602 2844 φιλομαθὴς,
652 2779 745 2829 καὶ
791 2778 1104 2841 σπουδαῖος.
1147 2781 1288 2849 Φησὶ
1317 2780 1410 2832 κα)⁸
1440 2782 1548 2851 γὰρ
1578 2783 1606 2833 ό
1636 2782 1843 2845 κλεινὸς

268 2867 594 2933 ἁδελφόθεος
618 2884 630 2897 ⁸
667 2887 684 2919 t
735 2868 976 2936 Ἀδελφοί
999 2888 1100 2939 μου
1126 2872 1420 2941 ἀγαπητοὶ,
1448 2871 1662 2939 γίνεσθε
1689 2891 1845 2941 ποιη-

267 2962 362 3012 ταὶ
392 2961 577 3026 λόγου,
609 2961 703 3013 καὶ
734 2962 807 3030 μὴ
841 2962 1000 3031 μόνον
1037 2964 1323 3033 ἀκροαταὶ,
1356 2965 1844 3035 παραλογιζόμενοι

268 3051 525 3113 ἑαυτοὺς,
558 3051 661 3114 ὅτι,
692 3050 745 3100 εἴ
786 3068 868 3112 τις
921 3052 1197 3121 ἀκροατὴς
1246 3053 1412 3121 νόμου
1462 3054 1597 3118 ἐστὶ,
1640 3054 1731 3105 καὶ
1783 3053 1844 3107 οὐ

268 3142 531 3212 ποιητὴς,
566 3136 719 3204 οὗτος
756 3142 931 3194 ἔοικεν
983 3143 1158 3213 ἀνδρὶ,
1202 3144 1551 3196 κατανοοῦντι
1583 3144 1643 3195 τὸ
1678 3147 1847 3213 πρόσ-

1943 2055 2100 2110 Finis
2132 2056 2365 2110 omnium
2398 2056 2687 2110 secundum
2716 2056 3055 2111 latitudinem
3097 2061 3439 2127 quresitorttm
3466 2071 3516 2115 et

2046 2129 2291 2195 specialis
2323 2128 2622 2180 exhortatio
2664 2129 2732 2180 ad
2777 2144 2893 2182 eum
2924 2130 3013 2199 qui
3040 2131 3406 2200 interrogavit.

2010 2220 2101 2275 93.
2134 2220 2271 2275 Ecce
2298 2221 2487 2291 igitur,
2515 2235 2550 2275 ο
2576 2221 2647 2274 liii
2679 2223 3060 2295 dilectissime,
3085 2223 3378 2292 adimpleta
3408 2233 3511 2289 est,

1944 2327 2070 2366 cum
2110 2312 2241 2378 Deo,
2279 2323 2369 2367 tua
2432 2314 2823 2383 interrogatio;
2876 2330 2944 2368 an
3002 2318 3305 2370 secundum
3362 2326 3510 2369 tuum

1941 2406 2281 2474 propositum
2312 2420 2377 2459 ac
2407 2404 2769 2467 desiderium.
2801 2422 2906 2460 non
2941 2409 3187 2476 apprime
3238 2408 3512 2471 novimus,

1938 2498 2031 2551 sed
2065 2506 2247 2551 tamen
2286 2513 2384 2566 pro
2419 2499 2627 2552 nostris
2657 2498 2907 2560 viribus;
2941 2510 2993 2552 et
3018 2510 3232 2567 gratum
3273 2500 3380 2553 Deo
3405 2513 3509 2565 est,

1938 2588 1985 2642 si
2013 2589 2138 2657 quis
2170 2598 2295 2656 agat
2328 2602 2425 2655 pro
2459 2587 2691 2643 viribus.
2726 2585 2859 2641 Vide
2903 2590 3085 2657 igitur,
3122 2605 3191 2643 ne
3236 2605 3409 2656 usque
3445 2589 3511 2642 ad

1937 2680 1990 2734 id
2020 2689 2227 2733 tantum
2263 2680 2532 2733 consistat
2561 2687 2652 2731 tua
2699 2678 2947 2733 discendi
2994 2681 3512 2751 aviditastuusque

1936 2774 2132 2839 ardor;
2162 2775 2255 2827 sed
2309 2783 2367 2826 ut
2408 2780 2462 2827 et
2496 2773 2755 2841 Oper-ibus
2792 2787 3061 2841 appareas
3109 2774 3354 2830 discendi
3411 2791 3511 2830 cu-

1936 2867 2095 2938 pidus
2131 2876 2181 2920 et
2231 2865 2471 2922 fervens.
2510 2866 2654 2921 Dicit
2712 2868 2858 2921 enim
2914 2868 3152 2923 illustris
3210 2870 3303 2923 ille
3345 2868 3513 2923 frater

1935 2963 2186 3017 Domini:
2219 2980 2239 3013 ι
2280 2962 2498 3016 Fratres
2527 2961 2632 3015 mei
2683 2961 3048 3025 dilectissimi,
3075 2972 3249 3017 estote
3275 2963 3511 3017 factores

1934 3054 2111 3117 verbi,
2144 3061 2199 3107 et
2229 3068 2335 3106 non
2375 3052 2657 3107 auditores
2710 3061 2946 3115 tantum,
2984 3056 3347 3123 vosmetipsos
3374 3071 3510 3110 con—

1934 3148 2261 3208 siderantes,
2296 3145 2445 3212 quia,
2488 3146 2533 3199 si
2583 3146 2707 3213 quis
2737 3146 2952 3198 auditor
2995 3158 3077 3200 est
3114 3149 3246 3215 legis
3286 3158 3341 3202 et
3396 3164 3505 3202 non

267 3252 423 3286 ωπον
460 3237 562 3303 τῆς
599 3236 867 3301 γενέσεως
909 3234 1095 3298 αὑτοῦ,
1147 3237 1204 3287 ἐν
1237 3236 1517 3305 ἐσόπτρῳο
1553 3236 1900 3314 κατενόησεο
1934 3240 1952 3292 f

1821 3252 1900 3314 ac
1934 3240 2123 3303 factor,
2148 3238 2343 3292 similis
2370 3246 2452 3290 est
2486 3236 2690 3289 homini
2723 3238 3097 3291 consideranti
3128 3240 3331 3291 vultum
3362 3241 3506 3292 nati-

267 3327 385 3395 γὰρ
417 3325 638 3389 ἑαυτὸν,
689 3327 784 3377 καὶ⁵
806 3325 1165 3395 ἀπελήλυθεν,
1202 3327 1295 3377 καὶ
1326 3325 1619 3378 ἐπελάθετο
1664 3328 1847 3387 ὁποῖος

265 3417 359 3488 ἦν,
387 3420 415 3468 ὁ
434 3419 492 3470 δέ
517 3417 847 3487 παρακύψας
872 3418 949 3479 είς
972 3418 1134 3485 νόμον
1160 3417 1363 3469 τέλειον
1387 3417 1482 3487 τῆς
1512 3417 1845 3487 ἐλευθερίας,

268 3511 368 3560 καὶ
406 3509 788 3577 παραμείνας,
838 3502 988 3568 οὗτος
1040 3507 1140 3559 οὐκ
1172 3509 1447 3578 ἀκροατὴς
1480 3508 1849 3577 ἐπιλησμονῆς

268 3599 595 3667 γενόμενος,
628 3598 764 3650 ἀλλὰ
807 3598 1036 3667 ποιητὴς
1080 3597 1264 3667 ἔργον,
1301 3592 1452 3661 οὗτος
1500 3598 1763 3668 μακάριος
1792 3600 1849 3650 ἐν

268 3693 341 3761 τῇ
374 3690 591 3756 ποιήσει
615 3687 780 3741 αὑτοῦ
811 3687 985 3742 ἔσται.
1024 3706 1042 3740 ι

270 3828 485 3892 Ὅπως
526 3824 613 3878 δεῖ
637 3824 884 3878 ἀκούειν
924 3824 1020 3876 καί
1049 3824 1445 3892 ἐκλαμϐάνειν
1483 3826 1555 3879 τὰ
1588 3823 1705 3879 τῶν
1735 3828 1853 3879 Πα-

636 3896 820 3961 τέρων
848 3900 1219 3963 πνευματικὰ
1233 3894 1491 3963 ῥήματα.

346 4034 449 4105 ιβ’.
494 4036 605 4087 Καὶ
645 4035 751 4103 πρό
800 4050 863 4102 γε
914 4032 1139 4096 τούτων,
1190 4032 1276 4085 ῐνα
1318 4033 1543 4096 πιστῶς,
1593 4032 1684 4085 καὶ
1717 4032 1855 4102 μετὰ

272 4133 377 4199 τῆς
435 4126 824 4198 προσηκούσης
872 4124 1180 4189 εὐλαϐείας,
1232 4124 1585 4194 ἐκλαμϐάνῃς
1628 4125 1722 4176 καὶ
1771 4126 1854 4177 δι-

272 4221 509 4292 ακούῃς,
531 4218 597 4270 τὰ
622 4216 728 4269 τῶν
744 4216 1003 4284 Πατέρων
1027 4215 1166 4277 θεῖα,
1189 4216 1283 4268 καὶ
1301 4217 1644 4285 πνευματικὰ
1664 4217 1758 4269 θεσ
1770 4216 1857 4267 πί-

275 4330 471 4383 σματα
498 4324 512 4339 ·
568 4310 703 4379 φησὶ
736 4311 843 4377 γὰρ
878 4310 905 4361 ὁ
947 4308 1101 4376 ἅγιος
1143 4309 1456 4378 Μακάριος·
1512 4327 1530 4360 ι
1574 4308 1859 4376 aeuum

276 4407 401 4457 tam
447 4403 560 4463 τοῖς
604 4399 873 4468 ἀπείροις,
912 4400 982 4451 τά
1023 4399 1396 4468 πνευματικά·
1428 4398 1574 4469 ψυχῇ
1619 4399 1674 4451 δὲ
1703 4400 1855 4468 ἁγίᾳ,

277 4496 381 4548 καὶ
435 4494 625 4562 πιστῇ,
670 4492 805 4560 πρὸς
855 4489 1161 4558 κατάληψιν
1216 4489 1491 4560 ἔρχεταιὴ
1544 4490 1638 4543 τοῦ
1700 4492 1857 4556 ἁγίου

278 4573 606 4653 Πνεῦματος
644 4580 932 4645 κοινωνία,
981 4581 1074 4633 καὶ
1112 4581 1160 4632 οἱ
1200 4581 1510 4649 ἐπουράνιοι
1558 4580 1649 4633 τοῦ
1687 4581 1855 4633 Πνεύ-

1933 3330 2117 3384 vitatis
2170 3344 2283 3383 suae
2324 3330 2376 3381 in
2435 3328 2693 3396 speculo;
2743 3330 3111 3383 consideravit
3151 3332 3293 3384 enim
3342 3347 3422 3395 se,
3454 3343 3505 3386 et

1930 3421 2101 3484 ahiit;
2132 3427 2187 3471 et
2245 3419 2451 3472 oblitus
2488 3427 2581 3471 est'
2608 3419 2787 3486 qualis
2844 3429 3026 3484 esset;
3086 3421 3181 3489 qui
3234 3431 3415 3475 autem
3446 3437 3507 3476 so

1931 3511 2213 3564 inclinavit
2251 3512 2303 3563 in
2360 3510 2533 3580 legem
2572 3511 2843 3564 libertatis
2900 3511 3217 3580 perfectam,
3269 3528 3334 3567 ac
3385 3530 3506 3582 per-

1930 3605 2151 3666 mansit,
2179 3604 2267 3656 hic
2296 3619 2402 3656 non
2425 3604 2644 3657 auditor
2662 3604 2965 3658 obliviosos
2985 3604 3183 3671 factus,
3208 3607 3302 3659 sed
3330 3608 3503 3660 factor

1928 3699 2131 3766 operis.
2169 3698 2356 3749 beatus
2387 3696 2442 3748 in
2470 3697 2596 3765 ejus
2626 3696 3025 3764 adimpletione
3060 3699 3185 3751 erit.
3232 3714 3250 3748 ι

1930 3812 2209 3879 Quomodo
2268 3820 2470 3880 oportet
2538 3811 2725 3865 audire
2791 3820 2839 3865 et
2893 3817 3131 3880 excipere
3183 3813 3495 3881 spiritualia

2482 3882 2705 3935 Patrum
2758 3883 2931 3936 verba.

2013 4011 2100 4064 9t.
2142 4012 2204 4063 Et
2238 4017 2362 4063 ante
2397 4009 2508 4062 lizec
2542 4008 2746 4069 omnia,
2785 4005 3017 4059 ﬁdeliter
3058 4014 3111 4059 et
3140 4022 3262 4060 cum
3301 4008 3510 4062 dect-nt:

1942 4104 2165 4175 pietate,
2224 4104 2464 4171 excipias
2515 4110 2571 4154 et
2605 4100 2798 4154 audias
2851 4099 3037 4153 divina
3091 4114 3155 4153 ac
3208 4101 3510 4168 spiritualia

1942 4199 2163 4253 Patrum
2206 4197 2450 4250 oracula.
2506 4193 2646 4247 Dicit
2694 4193 2839 4246 enim
2906 4202 3130 4246 sanctus
3190 4191 3510 4248 Macarius:

1946 4312 1965 4345 ‹
2003 4291 2369 4346 lntractabilia
2399 4300 2526 4341 sunt
2569 4287 2867 4355 inexpertis
2902 4284 3246 4354 spiritualia;
3273 4284 3511 4337 animam

1940 4403 2068 4441 vero
2092 4394 2337 4441 sanctam
2382 4398 2445 4435 ac
2476 4381 2686 4435 ﬁdelem
2715 4378 3131 4447 comprehendit
3164 4379 3337 4431 sancti
3390 4376 3510 4446 Spi-

1939 4481 2079 4535 ritus
2130 4475 2465 4540 communio,
2512 4483 2567 4527 et
2613 4473 2864 4527 ctelestes
2896 4470 3135 4539 Spiritus
3165 4469 3430 4533 thesauri,
3461 4470 3510 4525 ei

1939 4573 2042 4628 soli
2074 4572 2167 4642 qui
2198 4584 2294 4623 eos
2322 4576 2579 4636 expertus
2608 4574 2710 4627 est,
2770 4563 3164 4634 superveniunt
3198 4562 3468 4616 manifesti
3494 4578 3508 4627 ;

282 4644 463 4745 ματος
498 4673 787 4745 θησαυροὶ,
830 4673 911 4743 τῷ
948 4674 1113 4743 πείρα
1148 4644 1361 4725 λαϐόντῖ⁵
1420 4673 1565 4743 μόνῳ
1620 4644 1910 4739 γίνονταιο
1938 4683 1967 4719 n

1824 4644 1910 4725 nD
1938 4681 2049 4720 non
2083 4666 2298 4718 initiato
2332 4672 2537 4726 autem,
2578 4674 2758 4728 neque
2810 4672 2907 4711 eos
2954 4657 3198 4726 cogitare
3252 4656 3509 4724 possibile

280 4769 647 4834 καταφανεῖς,
680 4767 912 4835 ἀμυήτῳ
964 4765 1043 4827 δὲ,
1088 4764 1207 4816 οὐδὲ
1242 4764 1491 4831 ἐννοῆσαι
1526 4765 1748 4817 δυνατὸν
1771 4782 1860 4817 το-

281 4858 576 4929 παράπαν.
601 4853 859 4917 Εὑλαϐῶς
887 4854 1066 4906 τοίνυν
1096 4854 1222 4922 περὶ
1249 4853 1639 4919 αὐτῶν’άκουε,
1666 4856 1860 4925 μέχρις

282 4952 378 5014 ἂν,
416 4951 513 5002 καὶ
548 4950 631 5001 σοὶ
677 4949 889 5014 γένοιτο
930 4946 1260 5009 πιστεύοντι,
1296 4945 1696 5016 καταξιωθῆναι
1737 4947 1861 4998 τού-

280 5062 398 5097 των
428 5042 611 5111 τυχεῖν
633 5056 647 5069 ·
672 5040 794 5092 τότε
826 5038 935 5109 γὰρ
966 5037 1086 5108 εἴσῃ
1118 5039 1265 5108 ,αὐτῇ
1301 5038 1465 5108 πείρᾳ
1502 5037 1608 5089 τῶν
1637 5038 1732 5107 τῆς
1763 5037 1865 5106 ψυ-

281 5136 389 5207 χῆς
425 5132 746 5202 ὀφθαλμῶν,
782 5130 908 5183 οἴων
932 5129 1174 5197 ἀγαθῶν,
1204 5130 1299 5183 καὶ
1332 5130 1667 5201 μυστηρίων,
1697 5130 1864 5201 ψυχαὶ

284 5225 643 5299 Χριστιανῶν
680 5221 961 5277 κάνταῦθα
997 5224 1273 5275 κοινωνεῖν
1318 5221 1591 5274 δύνανται.
1649 5240 1666 5272 ι
1709 5221 1865 5274 Οὕτω

288 5321 402 5400 γὰρ
435 5319 596 5388 ἔχων,
630 5316 860 5385 τάχιστα
902 5314 999 5368 καὶ
1030 5314 1129 5384 τὴν
1174 5312 1283 5367 τῶν
1324 5314 1725 5383 γεγραμμένων
1771 5311 1865 5365 καὶ

284 5408 728 5467 ἀκουτισθέντων
797 5406 1166 5470 ἐπισυλλέξεις
1228 5408 1566 5475 ἐπικαρπίαν
1645 5423 1702 5459 τε
1771 5406 1865 5458 καὶ

284 5505 591 5573 ὠφέλειαν,
615 5502 708 5554 καὶ
730 5500 840 5554 ἀπὸ
861 5498 953 5553 τοῦ
982 5500 1291 5568 μανθάνειν,
1317 5502 1409 5552 καὶ
1431 5500 1711 5569 πράττειν,
1737 5514 1867 5568 προ-

286 5599 508 5666 κόψεις,
561 5597 642 5657 είς
691 5594 751 5646 τὸ
798 5595 894 5646 καὶ
937 5593 1129 5654 ἄλλους
1178 5594 1461 5661 παραινεῖν
1519 5594 1613 5645 καὶ
1656 5592 1869 5660 ὁδηγεῖν

288 5692 436 5760 αὐτῇ
491 5687 679 5756 πείρᾳ,
729 5685 865 5752 πρὸς
910 5686 978 5737 τὰ
1024 5683 1292 5755 θειότερα,
1348 5685 1438 5736 καὶ
1492 5686 1606 5745 τοῖς
1656 5684 1867 5747 πολλοῖς

289 5785 555 5855 ἀμύητα·
591 5781 621 5833 ὃ
656 5782 749 5833 καὶ
778 5779 987 5848 γένοιτό
1030 5795 1133 5844 σοι,
1167 5782 1231 5849 τῇ
1276 5778 1368 5832 τοῦ
1424 5780 1628 5848 Κυρίου
1695 5776 1868 5847 Ἰησοῦ

289 5874 538 5947 Χριστοῦ
593 5870 1010 5942 παναλκεστάτῃ
1045 5871 1271 5941 παλάμῃ
1303 5872 1716 5941 ἐπερειδομένῳ,
1772 5870 1866 5922 καὶ

293 5966 771 6031 κατευθυνομένῳ⁶
804 5963 855 6018 Ἀ
868 5964 992 6031 μήν.
1012 5965 1164 6018 Ἐπεὶ
1180 5963 1231 6016 δὲ
1258 5963 1413 6033 κόρος
1428 5963 1737 6030 Mysuan
1749 5978 1869 6028 μιος

1937 4766 2041 4812 est.
2092 4754 2167 4809 De
2196 4754 2261 4808 iis
2292 4754 2458 4819 igitur
2510 4750 2699 4803 Patres
2732 4748 2861 4802 audl
2894 4745 3167 4813 religiose.
3202 4745 3376 4799 donec
3416 4745 3508 4799 tibi

1939 4845 2183 4902 credenti
2221 4842 2498 4910 contingat
2537 4839 2760 4907 dignum
2806 4852 2927 4890 esse
2957 4834 3051 4904 qui
3096 4850 3191 4889 eos
3234 4837 3507 4889 obtineas.

1939 4939 2092 4992 Tunc
2121 4936 2265 4990 enim
2296 4933 2437 4987 scies
2466 4932 2582 5000 ipsa
2609 4928 2894 4983 oculorum
2925 4928 3122 4980 animae
3149 4928 3506 4995 experientia,

1938 5030 2156 5100 quantis
2189 5026 2351 5081 bonis
2399 5037 2463 5076 ac
2510 5020 2785 5091 mysteriis
2835 5018 3275 5073 Christianorum
3316 5019 3509 5074 anima:

1939 5133 2068 5177 tunc
2095 5117 2504 5174 communicare
2555 5114 2787 5181 possint.
2832 5126 2849 5159 ι
2898 5107 2989 5161 Sic
3023 5110 3253 5177 teipsum
3303 5110 3509 5163 habens

1939 5229 2102 5283 quam
2129 5209 2397 5263 citissime
2420 5220 2606 5259 eorum
2633 5216 2741 5270 qua
2769 5202 2971 5269 scripta
2996 5202 3106 5254 sint
3132 5201 3212 5252 vel
3243 5202 3507 5265 audieris,

1940 5308 2150 5361 fructus
2177 5313 2228 5357 et
2250 5300 2535 5357 commoda
2559 5297 2817 5367 colliges;
2848 5306 2901 5348 et
2934 5306 3221 5365 postquam
3248 5295 3508 5349 didiceris

1938 5410 1991 5457 et
2027 5400 2228 5467 egeris,
2260 5395 2509 5466 proficies
2548 5393 2622 5445 ita
2664 5400 2800 5445 utet
2844 5387 2979 5441 alsos
3020 5387 3228 5441 hortari
3289 5405 3351 5440 ac
3389 5390 3503 5455 ipsa

1938 5491 2271 5563 experientia
2311 5488 2551 5558 dirigere
2586 5483 2761 5552 possis
2796 5480 2861 5534 ad
2912 5494 2998 5534 res
3053 5480 3264 5533 divinas
3298 5490 3350 5533 et
3390 5480 3508 5550 ple-

1941 5588 2126 5655 risque
2159 5588 2390 5655 ignotas.
2424 5580 2575 5647 Quod
2602 5582 2808 5633 utinam
2838 5578 2933 5631 tibi
2978 5577 3258 5645 contingat
3292 5575 3506 5629 Domini

1934 5677 2064 5734 Jesu
2124 5677 2327 5731 Christi
2391 5690 2552 5728 manu
2607 5672 2898 5727 fortissima
2949 5672 3087 5726 freto
3134 5685 3197 5724 ac
3244 5666 3499 5722 directo!

1936 5773 2134 5828 Amen.
2168 5769 2434 5835 QuOniam
2472 5777 2653 5820 autem
2706 5767 2973 5820 Orationis
3022 5765 3244 5819 satietas
3280 5761 3504 5815 auribus

1939 5864 2159 5919 inimica
2191 5871 2292 5925 est,
2326 5860 2787 5929 quemadmodum
2834 5858 3049 5926 corpori
3094 5856 3297 5907 nimius
3328 5851 3503 5914 cibus,

1940 5958 2117 6013 cunnis
2147 5972 2272 6010 vero
2298 5969 2551 6008 mensura
2586 5952 2791 6016 optima
2821 5960 2926 6015 est,
2960 5958 3175 6015 oportet
3205 5962 3303 6002 nos
3335 5948 3502 6001 satie-
