4266 6450
709 413 809 480 803

1552 383 1895 451 CALLISTI
1922 384 2014 443 ET
2057 374 2356 440 [GNATII
2394 375 3088 465 xaxrupwmnuu

3850 373 3951 432 804-

712 542 874 583 tatem
929 520 1219 592 fugientes,
1262 512 1597 574 modumque
1646 512 1706 556 ut
1764 498 2026 569 optimum
2077 488 2283 558 aliquid
2318 495 2362 553 Α

2273 488 2283 542 ι
2318 495 2362 553 Α
2398 485 2605 592 ἀκοαῖς,
2640 485 2714 547 ὡς
2763 483 3177 554 ὑπερϐάλλουσα
3217 483 3389 554 τροφὴ
3424 482 3665 553 σώμασι,
3701 484 3814 549 καὶ,
3852 486 3958 537 πᾶν

713 621 1021 693 amplexos,
1078 606 1331 669 nonnihil
1368 606 1549 657 adhuc
1591 594 1835 652 sermoni
1871 586 2175 648 immorari,
2230 591 2283 637 et

718 680 977 785 tanquam
1008 680 1473 775 'compendiosam
1507 696 1668 763 hujus
1698 689 1939 746 materias
1970 680 2296 752 recapitula-

719 777 919 867 tionem
947 800 1371 875 perscribeutes,
1398 784 1759 855 ibiorationis
1780 781 2077 836 auchoram
2108 777 2298 843 (igere.

743 1074 1153 1149 Recapitulatio,
1197 1068 1527 1149 etquomodo
1551 1074 1766 1149 oportet
1797 1079 1972 1145 orare,
2000 1070 2051 1115 et
2094 1060 2159 1115 de
2194 1076 2317 1114 vero

1124 1136 1322 1198 lumine
1359 1158 1420 1194 ac
1459 1139 1637 1194 divina
1671 1136 1926 1207 potentia.

813 1352 904 1406 95.
937 1349 1136 1404 Dicunt
1177 1345 1365 1399 Patres
1394 1359 1410 1396 :
1443 1360 1464 1394 ι
1502 1339 1604 1405 Qui
1642 1351 1770 1392 vere
1799 1335 2025 1405 vigilare
2061 1332 2319 1395 intendit,

745 1458 958 1512 semper
1006 1456 1098 1511 per
1140 1438 1289 1493 naris
1343 1432 1764 1503 inspirationcm
1794 1430 1850 1483 in
1904 1428 2098 1483 intimo
2135 1427 2321 1492 corde,

2400 575 2595 645 μέτρον
2628 574 2868 646 ἄριστον,
2898 573 3016 627 δέον
3043 574 3137 627 καὶ
3167 575 3310 642 ἡμᾶς
3337 573 3427 625 τὸν
3452 573 3613 642 κόρον
3636 572 3956 641 φεύγοντας,

2399 672 2493 721 καὶ
2523 671 2583 721 τὸ
2613 667 2883 738 ἔμμετρον
2923 666 3335 735 ἀσπαζομένους
3366 664 3439 726 ὠς
3485 664 3729 735 ἄριστον,
3768 666 3965 734 μικρὸν

2400 761 2478 814 ἔτι
2504 760 2582 831 τῷ
2611 759 2754 829 λόγῳ
2785 758 3335 829 προσδιατρίψαντας,
3371 758 3466 811 καὶ
3492 757 3654 810 οἱονεί
3681 774 3806 810 τινα
3837 758 3966 809 σύν-

2396 870 2563 923 τομον
2608 851 3081 920 ἀνακεφαλαίωσιν
3124 849 3220 919 τῆς
3254 849 3533 919 παρούσης
3581 849 3967 917 πραγματείας

2399 941 2829 1011 διαγράψαντας,
2871 939 3041 1002 οὑτως
3075 942 3253 993 ἐκεῖσε
3281 939 3378 1007 τὴν
3424 939 3516 992 τοῦ
3559 939 3718 1004 λόγου
3755 942 3966 1008 ἐρεῖσαι

2402 1052 2539 1107 αγκυ
2548 1052 2669 1107 ραν.

2411 1170 2981 1239 Ἀνακεεραλαίωσις,
3014 1170 3111 1222 καί
3144 1169 3302 1234 ὅπως
3351 1168 3445 1222 δεῖ
3493 1171 3967 1239 προσεύχεσθαι,

2468 1242 2565 1293 καί
2603 1225 2736 1309 περὶ
2784 1225 3090 1311 φωτιίήιοῦ
3141 1225 3426 1307 ἀληθοῦς,
3455 1225 3552 1292 καῖ
3592 1225 3969 1301 θείαξῖδυνάέ

2466 1328 2639 1380 μεως·

2491 1428 2587 1499 ίιε⁹.
2630 1431 2797 1485 Φασὶν
2828 1431 2878 1484 οί
2908 1384 3173 1503 Πατέρες,
3210 1435 3238 1483 6
3267 1436 3324 1483 έν
3371 1432 3512 1501 λόγῳ
3542 1431 3731 1498 νήφειν
3761 1428 3985 1494 ἐθέλων,

748 1542 951 1594 nitatur
994 1550 1126 1605 pure
1180 1541 1237 1587 et
1289 1538 1606 1585 constanter
1636 1540 1819 1587 orare,
1882 1522 2018 1578 solis
2057 1521 2327 1574 orationis
2416 1526 2433 1579 ὲ

2301 1533 2327 1574 s
2416 1524 2505 1579 ἀεὶ
2556 1525 2624 1577 δι’
2674 1524 2929 1594 είσπνοῆς
2983 1523 3131 1593 ῥινὸς
3190 1524 3335 1577 ἔνδον
3395 1524 3622 1593 καρδίας
3676 1521 3986 1586 ἐπειγέσθω

749 1633 929 1685 verbis
969 1627 1278 1687 attendens,
1336 1621 1718 1689 meditansque
1752 1628 1806 1671 et
1836 1613 2172 1684 cogitatione
2206 1627 2330 1665 ver-
2419 1636 2434 1668 1

2304 1639 2330 1651 -
2419 1616 2812 1687 προσεύχεσθαι
2860 1607 3138 1686 καθᾶρῶς,
3169 1618 3260 1668 καὶ
3298 1617 3717 1687 ἀρρεμϐάστως,
3750 1617 3890 1687 μόνα
3920 1617 3988 1668 τὰ

749 1740 876 1778 satis
910 1726 1006 1775 has
1060 1734 1240 1781 voces,
1282 1730 1477 1785 nempe
1511 1728 1526 1765 :
1569 1730 1588 1763 ι
1625 1710 1850 1765 Domine
1892 1706 2023 1762 Jesu
2082 1702 2326 1767 Christe,
2415 1729 2434 1762 ιι

2311 1743 2326 1767 ν
2415 1712 2514 1779 τῆς
2544 1713 2705 1780 εὐχῆς
2736 1710 3038 1781 προσέχων,
3072 1715 3163 1762 καὶ
3196 1710 3456 1777 μελετῶν,
3486 1710 3579 1762 καὶ
3608 1709 3987 1777 διανοούμενος

754 1814 851 1869 Fili
882 1813 970 1865 Dei
1017 1810 1144 1875 vivi,
1179 1810 1445 1862 miserere
1475 1806 1616 1868 mei;
1650 1801 1823 1855 donec
1858 1814 2012 1852 mens
2061 1796 2116 1850 in
2162 1794 2328 1849 cordo
2368 1804 2439 1875 ηρ

2298 1809 2328 1847 0
2368 1802 2660 1875 “Maura,
2695 1803 2861 1872 ἦγουν
2911 1800 2990 1866 τὸ,
3045 1800 3215 1866 Κύριε
3256 1801 3424 1865 Ἰησοῦ
3477 1802 3696 1869 Χριστὲ,
3756 1801 3851 1852 Tit
3885 1801 3982 1853 τοῦ

754 1908 1115 1963 illuminetur,
1148 1913 1207 1954 ut
1269 1900 1348 1951 ait
1404 1906 1626 1951 sanctus
1678 1890 1988 1944 Diadocbus
2036 1907 2051 1943 :

756 2016 973 2069 cunque
1008 1993 1220 2050 Domini
1260 1989 1392 2046 Jesu
1428 1988 1729 2057 gloriosum
1763 1980 2170 2048 amandumque
2229 1993 2324 2031 no-

758 2112 885 2150 men
922 2094 973 2145 in
1019 2086 1285 2159 profundo
1342 2082 1509 2137 corde
1566 2076 1937 2132 indesinenter
1974 2071 2332 2135 meditantur,

760 2192 795 2241 ii
828 2195 1057 2257 possunt
1080 2190 1133 2235 et
1162 2178 1362 2233 mentis
1390 2176 1574 2228 lumen
1628 2167 1926 2235 aliquando
1983 2165 2187 2217 videre.
2215 2162 2336 2227 Quo

760 2256 946 2335 divina
991 2274 1165 2349 gratia
1204 2267 1417 2329 ell'ecto,
1467 2275 1599 2317 tunc
1650 2260 1919 2327 reliquum
1960 2256 2084 2308 vita:
2134 2262 2337 2306 nostra:

759 2384 980 2427 cursum
1031 2347 1330 2421 secundum
1367 2359 1556 2416 Deum,
1586 2364 1845 2422 tanquam
1877 2351 1930 2403 in
1964 2347 2172 2402 lumine
2216 2360 2333 2398 am-

764 2464 1038 2522 bulantes,
1069 2458 1180 2511 imo
1226 2468 1351 2507 vero
1383 2448 1604 2504 luminis
1635 2447 1730 2499 lilii
1762 2443 1966 2504 effecti,
2014 2441 2223 2508 absque
2251 2453 2337 2491 er-

766 2572 886 2611 rore
913 2563 968 2607 et
987 2547 1288 2606 ollensione
1313 2541 1704 2612 procedcmus,
1728 2546 1787 2588 ut
1810 2536 1885 2586 ait
1908 2531 2133 2585 luminis
2156 2531 2337 2593 dator,

764 2649 923 2705 Jesus
956 2661 971 2697 :
1001 2662 1020 2695 ι
1062 2642 1198 2695 Dum
1225 2639 1401 2692 lucem
1440 2632 1675 2694 habetis,
1705 2627 1913 2682 credite
1952 2626 2005 2679 in
2038 2625 2240 2686 lucem,
2282 2631 2341 2675 ut

767 2741 860 2797 ﬁlii
882 2738 1020 2793 lucis
1045 2733 1266 2798 sitis";
1299 2747 1318 2779 ι
1349 2736 1403 2787 et
1431 2725 1611 2780 adhuc
1636 2741 1649 2776 :
1682 2739 1702 2772 ι
1733 2722 1841 2788 Ego
1862 2732 1982 2773 sum
2003 2716 2092 2769 lux
2120 2712 2338 2777 mundi;

769 2833 863 2901 qui
910 2827 1157 2897 sequitur
1191 2838 1299 2885 me,
1335 2833 1445 2873 non
1490 2812 1792 2869 ambulabit
1835 2814 1889 2863 ln
1934 2806 2201 2868 tenebris,
2244 2806 2341 2859 sed

768 2899 1193 2980 liabebitlumen
1226 2915 1348 2969 vitae
1366 2913 1435 2964 ⁷³.
1459 2928 1477 2962 ι
1509 2908 1572 2962 Ει
1612 2906 1779 2960 David
1803 2904 1933 2958 talia
1958 2903 2025 2955 ad
2050 2899 2343 2953 Dominum

2112 1906 2129 1939 ⁸
2194 1886 2329 1952 Q‘ll'
2368 1860 2577 1962 "eas.
2628 1860 2848 1965 ἐλέησόν
2896 1860 2988 1966 με,
3020 1860 3146 1965 ἄχρι
3206 1860 3397 1963 καιροῦ
3448 1860 3730 1959 φωτισμοῦ
3764 1890 3883 1953 νοὸς
3929 1889 3994 1941 ὲν

2421 1993 2639 2063 καρδίᾳ,
2689 1988 2762 2052 ὥς
2798 2004 2962 2057 φησιν
3000 1989 3028 2038 6
3077 1988 3230 2051 ἅγιος
3272 1984 3542 2051 Διάδοχος.
3572 1982 3653 2033 ὅτι
3692 2003 3707 2029 ι
3743 1980 3899 2032 Ὅσοι
3930 1980 3996 2030 τὺ

2420 2086 2511 2138 τοῦ
2543 2084 2748 2153 Κυρίου
2800 2081 2973 2153 Ἰησοῦ
3006 2080 3233 2143 ἔνδοξον,
3270 2078 3359 2153 καὶ
3407 2074 3777 2135 πολυπόθητον
3820 2072 3995 2141 δνομα

2421 2182 2479 2231 ὲν
2504 2177 2580 2246 τῷ
2611 2138 2761 2245 βάθει
2787 2138 2887 2242 τῆς
2918 2172 3139 2241 καρδίας
3177 2138 3469 2238 μελειῆῦσιν
3498 2164 3812 2225 ἀπαύστως,
3844 2138 3994 2214 οὑτοι

2419 2268 2673 2321 δύνανται
2714 2268 2809 2320 καὶ
2851 2266 2913 2317 τὸ
2942 2264 3056 2331 φῶς
3105 2262 3195 2313 τοῦ
3244 2261 3326 2313 νοῦ
3375 2261 3505 2328 ορᾷν
3540 2274 3700 2308 ποτε-
3753 2275 3768 2305 ι
3810 2250 3872 2307 οὗ
3905 2270 3997 2321 γεο

2420 2360 2744 2429 γενημένου,
2778 2356 2913 2409 Θεοῦ
2946 2358 3109 2426 ῥοπῇ,
3142 2354 3326 2406 ἔκτοτε
3358 2352 3447 2403 τὸν
3478 2350 3769 2401 ὑπόλοιπον
3795 2345 3999 2413 δρόμον

2423 2456 2520 2521 τῆς
2553 2454 2693 2505 κατᾶ
2726 2451 2859 2503 Θεὸν
2895 2449 3168 2507 πολιτείας
3221 2446 3395 2514 ἡμῶν,
3436 2445 3511 2504 ὡς
3568 2442 3624 2492 ὲν
3677 2438 3812 2506 φωτὶ
3842 2453 4001 2506 περι-

2427 2546 2743 2608 πατοῦντες,
2777 2543 2977 2613 μᾶλλον
3024 2541 3079 2593 δὲ
3134 2538 3305 2605 φωτὸς
3359 2537 3461 2586 υἱοὶ
3494 2533 3664 2592 ὄντες,
3720 2526 4000 2588 ἀπλανῶς,

2425 2638 2519 2690 καὶ
2546 2636 2907 2706 ἀπροσκόπως
2928 2633 3240 2698 ὁδεύσομεν,
3270 2628 3344 2690 ὦς
3370 2644 3531 2696 φησιν
3555 2627 3582 2676 6
3608 2620 4001 2691 φωτοπάροχος

2437 2729 2662 2801 Ἰησοῦς,
2698 2748 2715 2779 ι
2757 2730 2899 2789 Ἕως
2927 2729 2984 2779 τὺ
3008 2728 3119 2791 φὼς
3152 2725 3323 2793 ἔχετε,
3352 2721 3630 2773 πιστεύετε
3663 2718 3741 2777 εἰς
3770 2715 3831 2767 τὸ
3858 2712 4003 2780 φῶς,

2431 2822 2520 2873 ἵνα
2542 2820 2646 2871 υἱοὶ
2676 2819 2852 2884 φωτὸς
2896 2815 3141 2884 γένησθε
3188 2833 3204 2864 ι
3246 2811 3356 2865 Kal
3406 2812 3506 2862 ὅτι⁶
3550 2827 3567 2859 ι
3620 2805 3760 2871 Ἐγὼ
3793 2805 3911 2872 εἰμι
3944 2802 4006 2854 τὸ

2430 2910 2548 2979 φῶς
2567 2910 2660 2962 τοῦ
2680 2910 2908 2977 κόσμου,
2925 2910 2953 2958 ὀ
2972 2903 3277 2958 ἀκολουθῶν
3297 2902 3437 2970 ἐμοὶ,
3458 2898 3518 2950 οὑ
3541 2898 3614 2966 μὴ
3635 2894 4007 2966 περιπατήσει

772 3018 1031 3070 inclamat
1063 3028 1077 3064 :
1112 3028 1131 3060 ι
1173 3008 1227 3060 In
1256 3003 1462 3059 lumine
1494 3011 1589 3053 tuo
1644 2997 1950 3051 videbimus
1994 2995 2176 3045 lumen
2200 2988 2269 3044 ".
2316 3004 2337 3040 ι
2430 3002 2454 3053 ε

2322 3004 2337 3040 ⁵
2430 3002 2488 3053 ὲν
2516 3002 2580 3066 τῇ
2615 2998 2825 3067 σκοτίᾳ,
2857 2997 2970 3049 ἀλλ’
3019 2993 3127 3057 ἕξει
3182 2992 3238 3044 τὸ
3282 2990 3393 3057 φῶς
3423 2986 3523 3053 τῆς
3559 2985 3715 3050 ζωῆς,
3763 2999 3781 3031 ι
3821 2980 3930 3032 Kal
3978 2980 4007 3029 6

772 3108 838 3163 Et
858 3106 1238 3164 divinissimus
1263 3099 1470 3153 Paulus
1501 3112 1516 3148 :
1551 3113 1570 3146 ι
1601 3093 1767 3154 Deus,
1800 3091 1895 3155 qui
1923 3089 2062 3143 dixit
2093 3087 2160 3140 de
2196 3094 2347 3139 teue-
2431 3096 2457 3145 Δ

2320 3112 2347 3124 -
2431 3091 2595 3145 Δαὸὶδ
2645 3091 2700 3143 δὲ
2756 3089 2929 3143 τοιάδε
2965 3088 3100 3156 προς
3135 3085 3336 3150 Κύριον
3372 3080 3496 3149 βοᾷ·
3540 3097 3557 3128 ι
3610 3076 3697 3127 Ἐν
3744 3072 3818 3143 τῷ
3863 3072 4005 3140 φωτί

772 3162 1091 3257 lumen
1134 3193 1544 3264 splendescere,
1582 3186 1701 3254 ipse
1747 3183 1926 3236 illuxit
1970 3180 2023 3233 in
2082 3177 2342 3233 cordibus
2370 3200 2457 3257 cu

2323 3191 2342 3229 Β
2370 3200 2414 3257 c
2435 3202 2527 3238 σου
2556 3181 2800 3251 ὀψόμεθα
2831 3182 2967 3249 φῶς.
3003 3200 3020 3228 ι
3053 3179 3160 3230 Καὶ
3187 3178 3214 3227 ὁ
3239 3174 3515 3230 θειότατος
3546 3167 3777 3229 Παῦλοςο
3825 3183 3842 3215 ι
3872 3162 4008 3223 Θεὸς

770 3291 973 3347 nostris
997 3289 1067 3341 ".
1097 3305 1115 3338 ι
1147 3287 1249 3339 Per
1279 3285 1457 3351 ipsum
1485 3280 1654 3342 enim,
1674 3276 1831 3345 quasi
1860 3288 1957 3344 per
1980 3269 2345 3340 iuexstingui-

770 3388 931 3440 bilem
961 3383 1242 3435 lucernam
1288 3384 1344 3429 et
1376 3369 1898 3441 splendidissimam,
1931 3364 2247 3433 diriguntur
2288 3368 2346 3415 et

770 3475 1071 3547 procedunt
1115 3471 1208 3540 qui
1248 3481 1376 3521 vere
1408 3463 1595 3517 ﬁdeles
1642 3467 1793 3523 sunt,
1850 3456 1992 3510 ultra
2029 3452 2345 3517 sensibilia;

772 3546 828 3623 et
861 3567 994 3636 ipsis
1033 3562 1365 3631 aperientur,
1416 3562 1609 3622 utpote
1662 3549 1881 3605 mundis
1942 3547 2128 3608 corde,
2165 3546 2348 3617 janua:

771 3658 1037 3717 caelestes,
1072 3653 1253 3721 ianua:
1281 3660 1475 3715 nempe
1506 3644 1667 3711 hujus
1720 3642 1843 3695 vita:
1868 3638 2187 3707 angelorum
2219 3637 2346 3690 vitae

773 3752 967 3805 similis
987 3756 1044 3802 et
1065 3744 1228 3813 hujus
1256 3739 1511 3796 sublimis
1528 3745 1724 3791 status.
1755 3731 1821 3786 Et
1844 3746 2062 3786 rursum
2104 3729 2191 3795 iis,
2228 3739 2349 3783 tan-

773 3854 935 3907 quam
965 3834 1129 3889 solari
1164 3832 1338 3893 disco,
1363 3829 1535 3881 oritur
1566 3834 1622 3880 et
1678 3824 1914 3879 scrutari
1940 3831 1995 3875 et
2043 3819 2349 3890 dijudicare

774 3942 825 3987 ct
855 3916 1166 3985 discernere
1205 3934 1258 3978 et
1314 3922 1632 3990 praevidere,
1672 3929 1724 3970 et
1755 3915 1977 3970 similia.
2014 3912 2082 3968 Et
2126 3911 2351 3966 omnino

778 4040 869 4093 per
900 4024 1077 4091 ipsum
1106 4026 1232 4071 ante
1261 4014 1454 4069 oculos
1480 4025 1669 4065 eorum
1705 4009 1991 4077 splendent
2020 4016 2349 4057 arcanorum

779 4116 1165 4186 mysteriorum
1222 4105 1481 4161 revelatio
1508 4114 1563 4157 et
1588 4099 1991 4161 manilestatio;
2024 4102 2350 4164 supernatu—

780 4208 875 4263 rali
902 4220 965 4259 ac
1003 4204 1187 4258 divina
1216 4200 1457 4269 potentia
1493 4194 1771 4264 replentur
1800 4193 1854 4244 in
1895 4198 2084 4242 sancto
2110 4186 2350 4256 Spiritu;

777 4308 831 4352 ct
872 4311 965 4367 per
1015 4295 1159 4347 hanc
1208 4287 1548 4359 spiritualem
1604 4283 1901 4354 potentiam
1958 4293 2120 4349 agger
2158 4290 2349 4331 eorum

779 4391 1086 4450 alleviatur,
1127 4385 1211 4439 vel
1241 4383 1426 4452 potius
1455 4378 1641 4432 carnis
1668 4375 1885 4447 poiidus
1929 4372 2216 4431 minuitur,
2253 4368 2355 4422 tol—

780 4483 908 4537 litur
970 4494 1034 4533 ac
1096 4473 1476 4545 supervolitat.
1505 4467 1681 4538 Hujus
1720 4465 1959 4535 Spiritus
2006 4461 2179 4517 sancti
2230 4458 2352 4512 illu-

2430 3277 2459 3329 ὁ
2492 3274 2660 3328 είπὼν
2693 3275 2755 3325 ὲκ
2782 3272 3003 3330 σκότους
3040 3268 3151 3335 φῶς
3180 3266 3411 3333 λάμψαι,
3445 3262 3503 3324 ὃς
3538 3258 3779 3326 ἔλαμψεν
3801 3258 3859 3307 έν
3885 3254 4011 3314 ταῖς

2433 3365 2688 3432 καρδίαις
2714 3363 2889 3432 ἡμῶν.
2929 3383 2944 3410 ι
2979 3362 3055 3412 Δι’
3084 3358 3248 3410 αὑτοῦ
3294 3357 3387 3408 καὶ
3420 3354 3547 3422 γὰρ,
3582 3352 3656 3412 ὡς
3686 3350 3775 3402 διὰ
3808 3346 4010 3415 λύχνου

2433 3457 2721 3518 ἀσῦέστου,
2755 3456 2848 3506 καὶ
2884 3449 3198 3519 παμφαοῦς,
3247 3443 3586 3516 ὁδηγοῦνται,
3636 3440 3729 3492 καὶ
3772 3434 4011 3490 ὲνατενί-

2436 3548 2621 3611 ζουσιν
2647 3545 2695 3594 οἱ
2726 3543 2801 3611 τῷ
2824 3544 2937 3595 δντι
2965 3541 3163 3596 πιστοὶ,
3199 3540 3277 3599 είς
3302 3538 3368 3588 τὰ
3400 3535 3657 3587 ἐπέκεινα
3679 3530 3788 3581 τῶν
3818 3526 4017 3596 αίσθή-

2439 3656 2598 3697 σεων,
2648 3639 2740 3688 καὶ
2790 3636 3067 3700 ἀνοίγεται
3095 3632 3301 3693 αὑτοῖς,
3334 3629 3409 3689 ὡς
3437 3626 3698 3694 καθαροῖς
3729 3622 3829 3691 τὴν
3878 3634 4015 3688 καρ-

2437 3732 2575 3791 δίαν,
2606 3733 2639 3797 ἡ
2683 3729 2932 3799 οὑρὰνιος
2972 3725 3137 3793 πύλη,
3174 3725 3356 3792 πάσης
3405 3721 3502 3790 τῆς
3552 3713 3868 3783 ίσαγγέλου,
3920 3711 4018 3764 καὶ

2440 3824 2645 3891 ὑψηλῆς
2680 3820 2976 3880 πολιτείας,
3009 3819 3103 3870 καὶ
3131 3814 3538 3873 καταστάσεως.
3578 3808 3687 3862 Καὶ
3721 3805 3878 3865 αὖθις
3920 3802 4018 3854 οῦ-

2438 3932 2545 3974 τως
2574 3913 2647 3973 ὡς
2702 3912 2760 3973 ἐξ
2813 3910 3039 3980 ἡλιακοῦ
3088 3908 3294 3967 δίσκου,
3334 3901 3614 3957 ἀνατέλλει
3672 3897 3900 3959 τούτοις,
3958 3893 4020 3945 τὸ

2442 4007 2768 4076 ἀνακρίνειν,
2813 4004 2869 4055 τὸ
2915 4002 3235 4068 διακρίνειν,
3288 3997 3345 4048 τὸ
3381 3995 3585 4062 διορᾷν,
3637 3991 3697 4042 τὸ
3748 3986 4017 4059 προορᾷ-δ.

2444 4100 2536 4151 καὶ
2561 4098 2629 4149 τὰ
2662 4096 3035 4167 παραπλήσια.
3066 4091 3174 4142 Καὶ
3200 4084 3535 4150 ἁπαξαπλῶς
3556 4083 3624 4135 δι’
3650 4078 3815 4135 αὑτοῦ
3838 4080 4022 4131 ἀπαυ-

2444 4188 2598 4255 γάζει
2639 4186 2845 4247 τούτοις
2896 4185 2926 4252 ὴ
2973 4181 3083 4233 τῶν
3124 4179 3335 4247 ἀδήλων
3392 4173 3707 4244 μυστηρίων
3742 4172 3893 4223 πᾶσα
3923 4168 4025 4236 δή·

2447 4281 2610 4342 λωσίς
2645 4296 2702 4332 τε
2732 4277 2827 4329 καὶ
2871 4271 3239 4339 ἀποκάλυψις,
3274 4265 3555 4337 δυνάμεώς
3585 4281 3643 4315 τε
3675 4258 4021 4330 ὑπερφυοῦς,

2446 4374 2540 4426 καὶ
2566 4372 2735 4434 θείας,
2781 4370 2838 4420 ἐν
2890 4366 3158 4434 πνεύματι
3211 4362 3602 4431 ἐμπίπλανται,
3647 4356 3742 4409 καὶ
3784 4353 3876 4406 διὰ
3922 4354 4028 4422 τῆς

2445 4461 2653 4515 τοιᾶσδε
2679 4456 2991 4529 ὑπερφυοῦς
3020 4455 3325 4523 δυνάμεως,
3349 4451 3443 4502 καὶ
3466 4451 3494 4502 6
3528 4448 3652 4517 χοῦς
3682 4444 3863 4497 αὑτῶν
3890 4459 4028 4494 κου-

780 4570 1042 4628 minantis
1088 4568 1342 4636 potentia:
1394 4562 1600 4633 gratia,
1661 4559 1914 4627 quamvis
1960 4555 2140 4607 adhuc
2186 4565 2352 4605 carne
2386 4530 2465 4619 ος

2341 4569 2352 4603 :
2386 4530 2756 4620 ιλῃζόμενος,
2806 4547 2838 4616 ἢ
2882 4545 3082 4615 μᾶλλον
3122 4543 3181 4595 τὸ
3230 4540 3410 4611 βρίθον
3456 4539 3553 4607 τῆς
3587 4535 3787 4605 σαρκὸς
3818 4530 4026 4586 ἀπολε-

779 4665 955 4720 induti
984 4661 1205 4724 iuerint,
1234 4656 1457 4727 quidam
1491 4650 1663 4708 sancti
1693 4648 1905 4713 Patres,
1942 4656 2200 4714 tanquam
2234 4657 2354 4696 ma-

802 4754 929 4810 erize
983 4760 1040 4807 et
1084 4748 1330 4816 corporis
1380 4755 1652 4813 expertes.
1712 4742 1988 4796 inaccessa
2045 4736 2268 4790 ﬂumina
2300 4742 2355 4786 et

781 4847 949 4901 maria
1003 4844 1235 4898 navibus
1291 4838 1562 4900 mcabilia,
1601 4834 1825 4906 pedibus
1891 4847 1997 4886 non
2056 4826 2349 4891 submersi,

782 4941 1083 5004 transiere;
1118 4949 1311 4991 cursus
1349 4933 1533 5001 longos
1562 4937 1616 5004 et
1648 4927 1936 4981 multorum
1974 4923 2183 4976 dierum
2242 4934 2355 4973 mo-

782 5040 1070 5089 mantanee
1102 5026 1463 5096 perfecerunt,
1499 5000 1696 5075 et'alia
1735 5018 1957 5071 modum
2009 5011 2352 5074 excedentia,

782 5125 838 5177 in
870 5122 1031 5183 caelo,
1064 5119 1118 5174 in
1160 5127 1327 5179 terra,
1357 5114 1408 5166 in
1461 5114 1595 5175 sole,
1628 5111 1680 5163 in
1716 5107 1877 5173 mari,
1915 5108 1967 5161 iu
2006 5103 2262 5168 desertis,
2297 5105 2350 5155 in

786 5215 1038 5274 urbibus,
1070 5211 1125 5263 in
1150 5208 1299 5262 omni
1336 5206 1452 5259 loco
1482 5213 1537 5258 et
1585 5202 1833 5272 regione,
1866 5200 1921 5252 in
1950 5198 2163 5259 bestiis,
2188 5198 2241 5250 in
2270 5211 2356 5249 re-

784 5302 1027 5374 ptilibus.
1053 5310 1107 5354 et
1159 5312 1267 5351 uno
1294 5294 1458 5348 verbo
1512 5294 1565 5345 in
1591 5291 1738 5345 omni
1773 5288 2050 5345 creatione
2104 5293 2159 5340 ct
2187 5284 2360 5338 omni-

786 5397 889 5449 bus
919 5390 1201 5447 elementis
1244 5387 1453 5457 operati
1506 5401 1600 5455 per
1648 5387 1827 5438 omnia
1874 5381 2157 5452 glorilicati
2212 5388 2360 5459 sunt,

2446 4640 2780 4709 πτυνόμενον
2829 4638 2922 4689 καὶ
2962 4632 3447 4703 μετεωριζόμενον,
3496 4626 3890 4696 ὑπερίπταται.
3924 4624 4028 4676 Διά

2444 4734 2646 4802 ταύτης
2672 4733 2769 4800 τῆς
2798 4731 2856 4782 ὲν
2887 4729 3024 4798 ἁγίῳ
3056 4725 3332 4794 Πνεύματι
3356 4720 3689 4791 φωτιστικῆς
3712 4717 4024 4786 δυνάμεως,

2446 4829 2525 4880 ἑτι
2560 4824 2698 4896 μετά
2736 4822 2933 4889 σαρκὸς
2979 4821 3157 4882 ὄντες·
3190 4818 3277 4870 καί
3322 4832 3466 4876 τινες
3496 4813 3603 4865 τῶν
3639 4809 3810 4879 ἁγίων
3846 4809 4029 4860 Πατέ-

2450 4938 2579 4991 ρων,
2607 4918 2679 4980 ὠς
2706 4916 2857 4971 ἆῦλοι
2882 4915 2972 4965 καὶ
3001 4912 3305 4977 ἀσώματοι,
3338 4907 3616 4975 ποταμοὺς
3641 4902 3901 4965 ἀῦάτους,
3932 4901 4031 4952 καὶ

2449 4990 2716 5069 θαλάττας
2746 5004 3124 5073 ναυσιπόρους,
3163 5003 3317 5051 ποσὶν
3347 4996 3597 5066 ἀῦρόχως
3619 4992 3859 5063 διῆλθον,
3898 4990 4027 5059 δρόν

2450 5116 2580 5167 γους
2618 5114 2677 5149 τε
2715 5096 2956 5166 μακροὺς
3006 5094 3098 5145 καὶ
3149 5088 3553 5159 πολυημέρους,
3594 5083 3903 5154 ἀκαριαίως
3946 5082 4030 5132 δι-

2451 5188 2710 5249 ώδευσαν,
2734 5185 2828 5237 καὶ
2849 5184 2934 5236 Et:
2946 5201 3011 5252 pa
3027 5182 3261 5247 ἐξαίσια,
3279 5180 3338 5231 ὲν
3351 5175 3589 5248 οὑρανῷ,
3612 5175 3779 5243 ὲνῗγῇ,
3793 5173 3852 5225 ἐν
3868 5172 4027 5243 ἡλίῳ·

2454 5284 2511 5336 έν
2531 5278 2798 5350 θαλάσσῃ,
2831 5278 2888 5329 ὲν
2919 5275 3200 5346 ἐρημίαις,
3228 5274 3285 5323 ὲν
3312 5271 3561 5331 πόλεσιν,
3592 5269 3650 5321 ιν
3682 5264 3847 5319 παντὶ
3876 5264 4032 5333 τόπῳ

2455 5373 2550 5426 καὶ
2574 5370 2748 5441 χώρᾳ,
2799 5372 2856 5422 ὲν
2890 5369 3120 5437 θηρίοις,
3169 5370 3262 5417 καὶ
3307 5364 3577 5430 ἑρπετοῖς,
3617 5359 3709 5413 καὶ
3740 5356 3931 5419 ἁπλῶς
3975 5358 4034 5407 ἐν

787 5493 841 5537 et
871 5484 997 5537 dum
1034 5481 1087 5534 in
1131 5480 1375 5532 oratione
1414 5477 1648 5541 stabant,
1682 5487 1872 5527 eorum
1913 5480 2100 5527 sancta
2128 5478 2181 5524 et
2208 5450 2366 5521 vene-
2458 5484 2472 5518 ι

2346 5491 2366 5506 -
2458 5466 2607 5535 πάσῃ
2641 5466 2709 5533 τῇ
2737 5462 2930 5524 κτίσει,
2984 5460 3078 5511 καὶ
3111 5460 3242 5509 πᾶσι
3278 5457 3388 5517 τοῖς
3419 5451 3725 5521 στοιχείοις,
3779 5448 4031 5517 ἐξειργά-

790 5575 957 5628 randa
989 5586 1240 5642 corpora,
1294 5586 1324 5624 e
1353 5579 1519 5629 terra,
1562 5578 1818 5634 tanquam
1852 5566 1965 5619 alas
2018 5564 2358 5623 habuissent,

790 5667 1251 5730 sublevabantur;
1285 5662 1468 5717 divino
1488 5661 1579 5715 illo
1604 5670 1657 5714 et
1678 5662 1998 5714 absumente
2024 5667 2079 5711 et
2107 5655 2362 5709 immate-

866 5848 1085 5905 "Joan.
1122 5867 1215 5916 xii,
1245 5848 1334 5901 36.
1444 5847 1489 5879 ⁷³
1520 5842 1680 5900 Joan.
1711 5861 1828 5913 vui,
1876 5846 1961 5899 l2.

2070 5844 2116 5875 ⁷⁸
2146 5840 2290 5898 Psal.
2320 5857 2482 5905 xxxv,
2520 5844 2599 5896 l0.

2460 5570 2642 5617 σαντο,
2675 5553 2768 5605 καὶ
2796 5551 2884 5603 διά
2933 5549 3150 5600 πάντων
3184 5545 3568 5610 ἑδοξάσθησαν,
3619 5540 3713 5592 καὶ
3753 5542 3812 5591 ἐν
3859 5556 4035 5605 προσ-

2460 5648 2642 5714 ευιαῖς
2670 5643 2727 5698 δὲ
2767 5642 2968 5695 τούτων
3017 5639 3342 5707 ἱσταμένων.
3372 5636 3465 5689 καὶ
3501 5636 3563 5685 τὰ
3613 5632 3797 5687 αὑτῶν
3836 5632 4037 5698 εὐαγῆ,

2703 5841 2746 5871 ⁷³
2789 5841 2830 5893 ll
2879 5838 3005 5892 Cor.
3040 5852 3111 5902 tv,
3173 5840 3223 5892 li.
