4266 6450
333 404 441 467 805

1521 424 1913 492 OPUSCULA
1963 428 2318 490 ASCETICA
2332 475 2347 491 .

3502 422 3609 485 806

342 550 436 601 καὶ
465 548 625 617 τίμια
651 545 900 616 σώματα,
941 545 1106 615 γῆθεν
1131 547 1204 609 ὡς
1235 545 1518 615 ὑπόπτερα
1548 544 1913 615 ὑπερῄροντο·

2030 547 2144 599 riali
2186 547 2376 617 gratim
2415 546 2558 613 igne,
2610 544 2886 616 corporali
2926 542 3296 601 crassitudine
3352 558 3417 599 ac
3471 560 3607 613 pon-

342 641 421 712 τῴ
460 638 805 707 ἁναλωτικῷ,
856 639 947 691 καὶ
1005 637 1194 707 ἐνθέῳ,
1240 638 1335 690 καὶ
1369 637 1517 707 ἀῢλῳ
1554 637 1689 708 πυρὶ
1718 635 1798 707 τῷ
1822 638 1920 708 τῆς

339 733 584 802 χάριτος,
612 729 673 782 τὸ
691 730 1007 798 σωματικὸν
1037 729 1231 797 πάχος,
1261 731 1348 780 να¹ι
1379 730 1488 798 μὴν
1518 730 1612 780 καὶ
1634 728 1696 781 τὸ
1731 727 1917 798 βάρος,

340 821 848 892 ἀποτεφρούμενοι,
881 818 1098 888 κούφως
1130 836 1189 870 τε
1223 818 1472 888 αἴρεσθαι
1505 819 1916 889 ἐνεργούμενοι.

348 917 415 968 Ὠ
443 915 537 968 τοῦ
563 914 869 983 θαύματοςι
894 911 1303 981 μεταστοιχειού
1313 929 1487 981 μενοι,
1523 912 1619 964 καὶ
1654 912 1921 981 μεταχαλ-

342 1010 633 1077 κευόμενοι
667 1007 803 1077 πρὸς
844 1005 905 1058 τὸ
960 1006 1253 1077 θειότερον,
1306 1008 1372 1074 τῇ
1403 1004 1647 1075 θεουργῷ
1693 1006 1921 1077 παλάμῃ

341 1102 441 1171 τῆς
502 1099 873 1171 ἐνσκηνούσης
920 1100 1101 1161 αὑτοῖς
1151 1098 1359 1169 ίσχύος,
1392 1100 1486 1151 καὶ
1534 1098 1776 1169 χάριτος.
1814 1099 1920 1151 Καὶ

343 1192 484 1261 μετά
535 1191 688 1254 τέλος
729 1191 806 1257 δέ,
844 1190 1003 1243 ἐνίων
1032 1192 1124 1243 καὶ⁵
1154 1190 1221 1244 τὰ
1253 1190 1522 1261 σεὸἀσμια
1563 1189 1789 1260 σώματα
1810 1231 1824 1254 ,
1859 1188 1921 1242 τὸ

338 1283 630 1336 ἀδιάλυτον
657 1284 907 1353 φέρουσι,
937 1283 1219 1353 προδήλως
1247 1284 1347 1353 τὴν
1371 1281 1685 1336 ἐνοικοῦσαν
1712 1280 1918 1345 αὐτοῖς,

338 1373 439 1428 καὶ
472 1376 609 1426 πᾶσι
655 1378 769 1436 τοῖς
819 1374 1219 1444 βεϐαιοπίστοις
1250 1374 1389 1444 ὑπὲρ
1439 1374 1600 1441 φύσιν
1630 1374 1790 1443 χάριν
1824 1375 1918 1425 καὶ

336 1464 571 1535 δύναμιν
624 1464 983 1535 πιστούμενα.
1029 1466 1140 1518 Καὶ
1180 1466 1323 1532 μετά
1368 1465 1466 1535 τὴν
1518 1467 1702 1535 κοινὴν
1736 1465 1919 1534 μέντοι

337 1572 427 1623 γε,
474 1556 569 1608 καὶ
600 1556 945 1624 παγκόσμιον
976 1556 1355 1620 ἐξανάστασιν,
1402 1557 1471 1609 δι’
1516 1558 1687 1624 αὑτῆς
1735 1556 1833 1626 τῆς
1863 1558 1920 1610 ἐν

338 1647 618 1718 πνεύματι
647 1649 981 1718 φωτιστικῆς
1006 1650 1311 1719 δύναμεως,
1337 1645 1447 1703 οἷόν
1472 1668 1588 1709 πως
1610 1652 1921 1720 πτεροφυήο

336 1758 557 1805 σαντες,
587 1742 1001 1811 ἀρπαγήσονται
1028 1744 1084 1795 ἐν
1111 1745 1360 1812 νεφέλαις
1389 1746 1466 1806 είς
1498 1743 1801 1813 ἀπάντησιν
1824 1741 1917 1797 τοῦ

337 1834 575 1902 Κυρίου,
612 1836 691 1895 είς
720 1836 880 1903 ἀέρα,
914 1834 989 1897 ῶς
1024 1853 1189 1905 φησιν
1216 1840 1243 1888 ὁ
1272 1836 1379 1887 τῶν
1418 1838 1671 1907 ἀρρήτων
1708 1837 1917 1906 μύστης

2026 640 2155 693 dere
2212 639 2519 705 exonerati,
2552 655 2717 709 seque
2766 639 2955 693 leviter
3017 636 3341 693 sustollendi
3392 635 3606 692 habiles

2023 731 2227 787 eﬂ‘ecti.
2273 730 2319 787 0
2359 746 2473 786 rem
2496 732 2832 785 mirandam!
2890 729 3170 784 reformati
3230 743 3295 784 ac
3341 726 3605 783 reﬂctiad

2024 822 2225 891 aliquid
2269 824 2527 887 divinius,
2594 832 2798 887 potenti
2836 822 3054 877 virtutis
3094 838 3158 876 ac
3214 821 3405 892 gratias
3459 822 3603 891 apud

2024 916 2172 987 ipsos
2190 917 2491 972 habitantis
2516 918 2727 972 dextra.
2751 916 2813 970 Et
2838 924 2956 983 post
2983 924 3211 969 mortem
3240 916 3603 984 quorumdam

2021 1015 2078 1063 et
2108 1018 2293 1061 sancta
2325 1024 2549 1077 corpora
2582 1008 2976 1063 indissoluliilia
3007 1008 3119 1062 visa
3146 1015 3297 1070 sunt,
3318 1006 3605 1063 manifeste

2021 1114 2167 1160 eam.
2202 1114 2323 1164 quae
2353 1102 2495 1170 apud
2523 1100 2673 1170 ipsos
2700 1099 2979 1154 habitabat
3018 1109 3070 1153 et
3094 1098 3238 1169 apud
3277 1113 3469 1154 omnes
3490 1099 3606 1154 sin-

2028 1208 2156 1247 cere
2190 1194 2396 1255 iidelt-s,
2429 1193 2904 1262 supernaturalem
2946 1192 3176 1264 gratiam
3240 1192 3607 1261 virtutemque

2025 1286 2304 1340 testantia.
2331 1284 2425 1340 Est
2451 1295 2570 1353 post
2588 1302 2934 1342 communem
2955 1298 3009 1342 et
3028 1286 3388 1342 universalem
3420 1299 3605 1339 resur-

2023 1378 2349 1443 rectionem,
2388 1394 2484 1448 per
2510 1380 2763 1454 eamdem
2799 1380 2946 1433 illam
2984 1379 3035 1432 in
3072 1379 3267 1448 spiritu
3311 1377 3602 1448 splenden-

2021 1475 2129 1522 tem
2165 1470 2441 1532 virtutem,
2476 1479 2733 1539 tauquam
2771 1472 2884 1524 alas
2911 1469 3354 1539 acquisivissent,
3380 1467 3601 1538 rapien-

2024 1570 2112 1614 tur
2144 1561 2196 1614 in
2237 1562 2473 1616 nubibus
2508 1561 2559 1614 in
2586 1577 2875 1615 occursum
2919 1561 3156 1626 Domini,
3189 1570 3246 1613 ut
3269 1559 3599 1613 aitarcano-

2021 1669 2141 1707 rum
2183 1654 2398 1719 doctor,
2441 1654 2820 1708 diviniSsimus
2847 1653 3046 1707 Paulus
3075 1670 3086 1706 :
3118 1670 3136 1703 ι
3176 1652 3241 1705 Ει
3269 1652 3349 1705 sic
3381 1663 3600 1719 semper

2020 1758 2144 1796 cum
2179 1743 2406 1798 Domino
2436 1755 2598 1799 erunt
2623 1746 2691 1798 ⁷⁸.
2726 1763 2744 1795 ›
2774 1744 2855 1800 Ad
2885 1745 3019 1810 haec,
3056 1752 3110 1799 et
3140 1743 3438 1812 inspiratus
3498 1748 3604 1796 tta-

2018 1832 2106 1885 vid
2136 1834 2315 1902 psallit
2340 1850 2354 1887 :
2384 1852 2402 1885 ι
2432 1835 2679 1899 Dmnine,
2719 1835 2770 1889 in
2798 1836 3010 1889 lumine
3040 1834 3220 1888 vultus
3248 1836 3321 1887 tui
3354 1833 3603 1887 ambula-

332 1926 619 1987 θειότατος
689 1927 929 1989 Παῦλος’
995 1947 1014 1978 ι
1058 1929 1166 1980 Καὶ
1208 1928 1353 1981 οῦτω
1412 1930 1643 1982 πάντοτε
1696 1930 1794 1982 σὺν
1842 1928 1916 1999 τῷ

2019 1925 2249 1989 bunt,et
2272 1927 2322 1979 in
2356 1929 2575 1981 nomine
2599 1938 2690 1981 tuo
2723 1928 3079 1983 exsultabuut
3113 1936 3226 1980 tota
3258 1926 3368 1990 die,
3406 1941 3601 1995 nempe

335 2016 531 2087 Κυρίῳ
574 2018 810 2073 ἔσονται.
854 2039 874 2071 ι
915 2019 1054 2087 Πρὸς
1095 2020 1160 2090 δὴ
1184 2020 1390 2086 ταῦτα,
1426 2023 1519 2073 καὶ
1550 2021 1579 2071 ὁ
1610 2036 1919 2087 πνευματο-

330 2106 574 2177 φθόγγος
628 2107 820 2176 ψάλλει
880 2109 1042 2163 Δαὸἱδ
1074 2127 1086 2140 ·
1130 2129 1147 2161 ι
1190 2111 1387 2179 Κύριε,
1424 2114 1482 2164 ἐν
1533 2112 1611 2185 τῷ
1665 2117 1803 2182 φωτὶ
1833 2116 1924 2169 τοῦ

333 2200 639 2269 προσώπου
671 2217 764 2253 σου
799 2202 1181 2270 πορεύσονται,
1237 2205 1327 2257 καὶ
1362 2207 1418 2258 ἐν
1442 2204 1519 2274 τῷ
1559 2205 1782 2275 ὀνόματί
1832 2227 1925 2263 σου

330 2292 760 2358 ἀγαλλιάσονται
783 2293 911 2361 ὃλην
941 2294 1040 2364 τὴν
1069 2296 1304 2364 ἡμέραν,
1332 2296 1535 2367 δηλαδὴ
1558 2298 1656 2368 τὴν
1683 2300 1922 2365 αἰώνιον,

333 2386 432 2438 καὶ
468 2386 527 2437 ἐν
550 2390 614 2456 τῇ
650 2387 967 2459 δικαιοσύνῃ
993 2406 1088 2442 σου
1122 2390 1515 2461 ὑψωθήσονται,
1548 2394 1628 2446 ὅτι
1660 2396 1922 2466 καύχημα

331 2476 431 2545 τῆς
462 2477 745 2547 δυνάμεως
774 2480 956 2532 αὑτῶν
990 2481 1055 2533 σὺ
1090 2478 1157 2535 εί.
1196 2502 1215 2533 ι
1257 2485 1393 2549 Καὶ,
1435 2503 1452 2535 ι
1503 2484 1589 2536 Ἐν
1618 2489 1681 2555 τῇ
1707 2488 1926 2560 εὑδοκίᾳ

333 2589 433 2624 σου
471 2572 821 2642 ὑψωθήσεται
866 2576 927 2627 τὸ
953 2577 1119 2646 κέρας
1154 2578 1335 2646 ήμῶν.
1380 2596 1397 2629 ι
1435 2579 1544 2632 Καὶ
1588 2576 1766 2643 αὖθις·
1806 2599 1825 2633 r
1858 2584 1926 2636 θί

330 2663 441 2716 τοῦ
480 2664 617 2718 Θεοῦ
665 2668 941 2735 κραταιοὶ,
986 2668 1087 2737 τῆς
1141 2670 1244 2737 γῆς
1273 2671 1477 2739 σφόδρα
1515 2673 1857 2743 ἐπήρθησαν.
1899 2693 1918 2725 ›

337 2759 454 2809 Καὶ
483 2760 513 2810 ὀ
540 2760 1057 2829 μεγαλοφωνότατος
1081 2763 1137 2815 δέ
1176 2754 1403 2825 Ἡσαΐας
1428 2764 1570 2818 οὕτω
1593 2766 1923 2836 διαγορεύει·

337 2869 359 2902 ι
400 2852 464 2904 Oi.
513 2851 885 2921 ὑπομένοντες
915 2853 1007 2905 τὸν
1038 2852 1262 2923 Κύριον,
1304 2858 1770 2927 πτεροφυήσουσιν
1792 2875 1805 2888 ·
1835 2858 1926 2910 ἀλ-

332 2942 595 3007 λάξουσιν
652 2942 804 3011 ίσχὺν
856 2942 1057 2999 αὑτῶν.
1103 2961 1122 2994 s
1176 2943 1287 2997 Καὶ
1335 2945 1364 2996 ὁ
1416 2945 1569 3011 ἅγιος
1620 2946 1925 3015 Μακάριος,

337 3054 359 3088 s
402 3037 562 3089 [lica
594 3034 742 3105 ψυχὴ
773 3036 807 3104 ἠ
839 3034 926 3088 διὰ
958 3036 1215 3098 πίστεως,
1244 3038 1337 3090 καὶ
1367 3038 1556 3091 πασῶν
1586 3039 1694 3091 τῶν
1718 3040 1930 3107 ἀρετῶν

331 3128 599 3194 σπουδῆς,
650 3127 874 3190 τελείως
917 3128 1007 3181 τὸν
1048 3129 1281 3199 Χριστὸν
1315 3131 1644 3184 ἐνδύσασθαι
1675 3133 1926 3187 ἐντεῦθεν

2018 2017 2072 2071 in
2104 2028 2396 2083 internum,
2424 2028 2479 2073 et
2519 2020 2572 2072 in
2608 2020 2823 2087 justitia
2859 2031 2950 2074 tua
3012 2020 3419 2083 exaltabuntur,
3456 2034 3599 2087 quo-

2019 2111 2162 2163 niam
2191 2112 2364 2181 gloria
2396 2112 2614 2166 virtutis
2651 2128 2842 2168 eorum
2874 2124 2927 2166 tu
2955 2128 3014 2168 es
3037 2112 3105 2164 ".
3139 2131 3157 2163 ι
3186 2113 3248 2168 Et
3276 2130 3289 2165 :
3323 2130 3341 2162 ι
3371 2110 3426 2165 In
3457 2112 3598 2166 bona

2014 2203 2296 2258 voluntate
2326 2213 2418 2258 tua
2442 2205 2772 2259 exaltabitur
2802 2221 2971 2259 cornu
3011 2219 3198 2260 eorum
3229 2204 3295 2258 ’⁸.
3337 2222 3355 2255 ι
3384 2203 3446 2257 Ει
3480 2219 3600 2255 rur-

2016 2308 2189 2348 sum:
2240 2313 2258 2345 ι
2299 2294 2490 2351 Fortes
2535 2297 2626 2351 Dei
2682 2313 2711 2351 e
2777 2307 2919 2351 terra
2984 2296 3345 2352 elerabuntur
3373 2296 3441 2349 ".
3477 2314 3496 2347 ι
3536 2296 3599 2349 Et

2018 2384 2266 2439 sublimis
2322 2386 2410 2438 ille
2444 2387 2612 2441 lsuias
2676 2387 2748 2440 ita
2800 2388 3085 2463 loquitur:
3131 2405 3149 2438 ι
3190 2386 3291 2453 Qui
3328 2390 3601 2441 sustinent

2017 2479 2334 2543 Dominum,
2368 2494 2573 2546 pennas
2607 2483 2907 2548 producent
2938 2496 2952 2531 :
2992 2485 3377 2549 permutabunt
3424 2481 3595 2533 virtue

2017 2580 2122 2624 tem
2156 2586 2308 2626 suam
2343 2572 2442 2625 ⁸⁸.»
2485 2572 2547 2625 Et
2586 2582 2809 2626 sanctus
2848 2574 3117 2627 Macarius
3148 2591 3162 2628 :
3188 2591 3206 2624 ι
3238 2572 3429 2628 Omnis
3478 2574 3596 2627 ani-

2016 2679 2103 2717 ma
2143 2680 2263 2733 quae
2307 2679 2399 2733 per
2428 2666 2587 2719 fidem
2624 2675 2677 2719 et
2724 2668 2970 2720 omnium
3025 2667 3287 2721 virtutum
3344 2667 3592 2723 ardorem

2016 2755 2257 2824 perfecte
2292 2754 2569 2808 Christum
2610 2757 2836 2810 induere
2869 2758 2921 2810 in
2963 2759 3163 2811 virtute
3196 2773 3258 2813 ac
3306 2758 3410 2814 [ide
3432 2761 3593 2829 digna

2014 2858 2097 2903 est
2120 2846 2330 2911 eﬂ’ecta,
2362 2860 2415 2901 et
2449 2850 2654 2903 caelesti
2691 2850 3122 2921 incorruptibilis
3147 2852 3401 2921 imaginis
3433 2853 3598 2907 lumio

2016 2940 2071 2994 ni
2141 2941 2291 2994 unita
2358 2954 2463 3007 est,
2505 2934 2809 2997 caa'lestium
2855 2947 3234 3016 mysteriorum
3303 2947 3590 3001 scientiam

2016 3032 2452 3089 substantialiter
2504 3037 2751 3105 accipere
2807 3049 3069 3103 meretur,
3106 3040 3159 3093 in
3214 3040 3302 3092 illa
3341 3054 3592 3094 resurre-

2014 3126 2215 3180 ctionis
2237 3127 2340 3182 dic.
2380 3128 2587 3182 caelesti
2621 3130 2709 3183 illa
2745 3131 2928 3200 gloria:
2966 3131 3197 3201 imagine
3242 3147 3367 3185 cum
3408 3132 3589 3185 anima

333 3224 394 3275 tv
423 3220 681 3290 δυνάμει,
734 3222 832 3273 καὶ
879 3221 1227 3294 πληροφορίᾳ
1254 3223 1675 3290 καταξιωθεϊσα,
1720 3227 1815 3278 καὶ
1850 3226 1920 3293 τῷ

2019 3214 2486 3284 congloriﬂratum
2516 3234 2740 3288 corpus,
2762 3230 2816 3274 et
2843 3221 2897 3273 in
2932 3222 3160 3285 ccelosa
3187 3230 3378 3275 sancto
3412 3218 3589 3291 Spiri-

333 3312 653 3381 ἐπουρανίῳ
699 3312 799 3380 τῆς
857 3312 1141 3381 ἀφθάρτου
1190 3314 1401 3378 είκόνος
1455 3318 1595 3384 φωτὶ
1641 3318 1922 3383 ἐνωθεῖσα,

334 3402 661 3472 μυστηρίων
691 3402 959 3472 οὐρανίων
986 3400 1190 3470 γνῶσιν
1216 3406 1273 3456 ἐν
1304 3404 1600 3460 ὑποστάσει
1629 3406 1924 3476 λαμϐάνειν

333 3493 573 3545 πάντοτε
604 3490 982 3555 καταξιοῦται.
1028 3492 1116 3545 Ἐν
1146 3493 1204 3545 δέ
1243 3495 1307 3562 τῇ
1340 3494 1521 3566 ήμέρᾳ
1552 3496 1648 3566 τῆς
1685 3496 1924 3549 ἀναστά-

2020 3316 2099 3372 ιυ,
2133 3316 2190 3362 ιιι
2216 3309 2479 3379 scriptum
2512 3322 2617 3374 est,
2650 3322 2862 3381 raptum
2888 3314 2941 3367 in
3008 3328 3300 3368 occursum
3351 3313 3592 3374 Domini,

2016 3400 2068 3455 in
2112 3416 2259 3465 aera,
2289 3412 2343 3456 et
2371 3403 2592 3473 dignun:
2620 3403 2875 3459 effectum
2911 3415 2967 3459 ut
2986 3406 3353 3460 conformetur
3373 3406 3592 3476 corpori

2013 3494 2203 3564 gloria
2223 3495 2366 3565 ejus,
2404 3497 2457 3549 in
2482 3498 2680 3551 saacula
2706 3513 2827 3551 cum
2858 3499 3039 3552 anima
3064 3498 3442 3570 conregnabit.
3470 3517 3493 3553 ιο

336 3638 510 3685 σεως,
542 3625 611 3693 τῇ
647 3623 787 3695 αὐτῇ
825 3626 1140 3698 ἐπουρανίῳ
1169 3629 1271 3699 τῆς
1291 3630 1449 3701 δόξης
1472 3632 1671 3699 εικόνι,
1699 3632 1759 3686 τὸ
1786 3633 1945 3703 σῶμα
1978 3638 2044 3707 τῇ
2069 3635 2214 3717 ψυχῇ
2245 3636 2626 3703 συνδοξασθὲν,
2658 3636 2753 3689 καὶ
2786 3637 2868 3700 είς
2891 3638 3156 3707 οὐρανοὺς
3180 3639 3283 3693 ὑπὸ
3308 3640 3401 3695 τοῦ
3424 3641 3595 3695 πνεύ-

334 3734 534 3787 ματοςῙΙ
563 3718 708 3778 κατὰ
735 3720 802 3774 τὸ
828 3725 1250 3795 γεγραμμένον,
1283 3726 1537 3795 άρπαγέν
1559 3727 1639 3788 είς
1660 3726 1971 3797 ἀπάντησιν
1995 3730 2086 3783 τοῦ
2114 3730 2345 3799 Κυρίου,
2375 3732 2456 3793 είς
2478 3731 2617 3800 ἀέρα
2642 3746 2655 3761 ’
2680 3717 2774 3783 κᾶὶ
2802 3732 3127 3803 σύμμορφον
3145 3734 3223 3804 τῷ
3256 3736 3468 3806 σώματι
3491 3740 3594 3808 τῆς

331 3808 504 3880 δόξης
542 3813 712 3866 αὐτοῦ
748 3815 1009 3883 γενέσθαι
1043 3816 1412 3883 καταξιωθέν,
1445 3818 1527 3881 είς
1557 3818 1761 3881 αἰῶνας
1791 3820 1907 3873 ἀξια
1932 3821 2078 3897 ψυχῇ
2110 3827 2200 3876 καὶ
2237 3823 2452 3898 σώματι
2481 3821 3027 3877 συιιόασιλεύσουσιν.
3071 3844 3091 3875 s

744 3946 944 4015 Ἑτέρα
973 3950 1521 4023 ἁνακεςραλαίωσις.

410 4086 530 4149 ιιςκ
571 4082 792 4136 Τούτων
830 4085 940 4137 τῶν
989 4089 1213 4151 καινῶν,
1249 4094 1342 4143 καὶ
1372 4092 1510 4162 ὑπὲρ
1546 4095 1702 4162 λόγον
1728 4095 1922 4163 λόγων,

335 4173 508 4244 ἀρχὴ,
550 4175 648 4226 καὶ
677 4176 991 4247 γεννήτρια,
1030 4180 1060 4249 ή
1108 4184 1656 4253 προμνημονευθεῖσα
1699 4189 1756 4238 tv
1786 4189 1922 4256 ἀμε-

334 4268 535 4338 ριμνίᾳ
564 4267 747 4338 ὀλικῇ,
791 4270 1025 4339 ⁴ήσυχία,
1071 4274 1315 4344 προσοχή
1367 4292 1427 4327 τε
1476 4277 1572 4328 καὶ
1626 4279 1922 4348 προσευχὴ,

333 4359 542 4429 βάθρον
590 4354 704 4412 οἶόν
753 4378 869 4424 πως
918 4362 1172 4433 βεϐηκὸς,
1216 4369 1310 4418 καὶ
1352 4366 1575 4432 ἔπαλξιν
1616 4371 1924 4441 ἀπόρθητον

333 4449 675 4503 πλουτοῦσαι
696 4467 710 4481 ·
747 4451 848 4521 τὴν
884 4456 1028 4505 κατὰ
1054 4454 1281 4524 δύναμιν
1303 4458 1494 4513 πασῶν
1522 4459 1630 4511 τῶν
1663 4460 1926 4515 θεοποιῶν

328 4542 568 4595 ἐντολῶν
595 4542 969 4613 ἐκπλήρωσιν.
1013 4545 1108 4599 Ἐκ
1139 4546 1195 4600 δέ
1225 4548 1325 4619 τῆς
1358 4550 1692 4621 ἀμεριμνίας
1724 4555 1923 4623 φαμὲν,

326 4635 590 4706 ἡσυχίας,
625 4638 902 4708 προσοχῆς
930 4655 1011 4704 τε,
1045 4639 1141 4692 καὶ
1176 4643 1508 4712 προσευχῆς,
1541 4646 1574 4715 ή
1616 4647 1676 4698 ἐν
1728 4647 1925 4719 καρδίᾳ

326 4728 554 4797 κίνησις
601 4729 695 4781 καὶ
742 4729 944 4800 θέρμη,
991 4733 1027 4800 ή
1070 4731 1137 4783 τὰ
1174 4733 1344 4804 πάθη.
1385 4736 1632 4798 καὶτοὺς
1663 4736 1925 4809 δαίμονας

326 4820 634 4888 eum“,
660 4822 755 4873 καὶ
778 4821 879 4893 τὴν
904 4824 1133 4894 καρδίαν
1159 4826 1230 4890 ὡς
1258 4828 1315 4878 ἐν
1343 4829 1543 4899 χωνείᾳ
1565 4831 1921 4903 καθαίρουσα·

329 4911 431 4965 καὶ
460 4912 527 4963 ἐκ
556 4910 789 4981 ταύτης,
836 4915 865 4966 ό
900 4914 1039 4984 πρὸς
1067 4916 1160 4967 τὸν
1195 4915 1398 4987 Κύριον
1448 4920 1658 4989 Ἰησοῦν
1689 4923 1923 4992 Χριστὸν

327 5003 528 5065 πόθος,
555 5004 651 5055 καὶ
672 5003 911 5075 ἄληκτος
954 5005 1114 5075 ἔρως.
1159 5008 1252 5060 Ἐκ
1278 5009 1342 5081 δὴ
1372 5011 1583 5076 τούτου,
1620 5015 1652 5083 ή
1682 5015 1921 5085 γλυκερά

320 5094 441 5147 τῶν
494 5095 811 5164 καρδιακῶν
843 5098 1097 5168 δακρύων
1123 5101 1356 5172 ἐπιρροὴ
1385 5105 1702 5174 κρουνηδὺν,
1746 5106 1813 5159 δι’
1846 5101 1921 5161 ὧν

321 5188 358 5256 ἠ
386 5186 564 5256 ψυχὴ,
592 5188 687 5239 καὶ
739 5188 801 5241 τὸ
839 5189 1019 5257 σῶμα,
1050 5191 1126 5255 ὼς
1164 5193 1421 5266 ὑσσώπῳ,
1448 5198 1513 5267 τῇ
1544 5199 1821 5269 μετανοίᾳ,
1851 5201 1917 5270 τῇ

321 5278 529 5348 ἀγάπῃ
559 5293 617 5329 τε
655 5279 750 5331 καὶ
778 5279 1123 5353 εὐχαριστίᾳ,
1155 5282 1248 5335 καὶ
1283 5283 1688 5354 ἐξομολογήσει,
1722 5288 1920 5341 καθαί-

324 5386 491 5439 ρεται
516 5370 612 5423 καὶ
638 5372 940 5426 πιαίνεται.
984 5373 1079 5427 Ἐκ
1120 5375 1176 5427 δὲ
1205 5375 1433 5443 τούτων,
1467 5381 1499 5448 ή
1526 5380 1766 5452 γαλήνη·
1794 5383 1829 5453 ἦ
1858 5400 1919 5436 τε

320 5461 527 5530 εἰρήνη
556 5460 667 5512 τῶν
692 5460 994 5533 λογισμῶν,
1021 5460 1090 5537 ἧς
1117 5468 1269 5520 οὐδὲν
1296 5470 1463 5539 ὄριον,
1491 5470 1563 5533 ὡς
1589 5474 1767 5528 πάντα
1793 5474 1918 5529 νοῦν

325 5551 703 5620 ὑπερέχουσα.
754 5553 849 5605 Ἐκ
871 5554 931 5607 δέ
959 5555 1187 5622 τούτων,
1220 5560 1252 5627 ή
1296 5562 1800 5632 χιονοφεγγόφωτος
1828 5564 1918 5618 ἐλ-

320 5642 572 5711 λαμψις·
601 5643 695 5694 καὶ
721 5644 896 5710 τέλος,
919 5647 953 5716 ή
980 5646 1125 5702 κατὰ
1160 5648 1445 5720 ἄνθρωπον
1479 5653 1713 5706 ἀπάθεια
1733 5672 1747 5685 ·
1778 5656 1813 5727 ἧ
1854 5672 1914 5709 τε

319 5729 425 5800 τῆς
455 5730 638 5802 ψυχῆς
662 5732 769 5803 πρὸ
793 5733 887 5787 τοῦ
936 5736 1186 5807 σώματος
1207 5738 1579 5805 ἐξανάστασις,
1614 5744 1707 5797 καὶ
1728 5747 1761 5814 ή
1785 5746 1919 5817 πρὸς

404 5927 446 5956 τ’
480 5926 495 5977 1
540 5922 736 5978 Thess.
764 5938 837 5992 tv,
873 5921 960 5977 16.
1059 5924 1105 5956 τ’
1134 5923 1281 5980 Psal.
1317 5940 1580 5994 uuvm,
1614 5928 1696 5995 17,
1735 5928 1817 5982 18.

1924 5928 2131 5985 "ibid.
2214 5929 2255 5959 ⁷⁸
2310 5928 2457 5982 Psal.
2510 5945 2651 5995 ιινι,
2714 5929 2795 5982 10.

2513 3948 2638 4002 Alia
2664 3946 3063 4017 recapituiau'oi,

2088 4084 2181 4139 96.
2214 4084 2418 4137 Harum
2446 4096 2707 4135 novarum
2730 4089 2785 4132 et
2832 4094 2995 4147 supra
3031 4078 3294 4133 rationem
3320 4077 3594 4132 rationum

2016 4178 2343 4249 principium
2380 4192 2441 4229 ac
2475 4175 2761 4243 generatio
2822 4183 2905 4226 est
2962 4174 3113 4241 prius
3176 4181 3474 4228 memorata
3538 4172 3594 4227 in

2018 4273 2166 4327 omni
2206 4272 2501 4325 securitate
2534 4268 2899 4337 tranquillitas
2929 4278 2984 4321 et
3007 4268 3239 4321 attentio
3268 4274 3323 4321 et
3390 4266 3589 4332 oratio,

2016 4364 2427 4419 fundamentum
2474 4361 2707 4415 solidum
2746 4368 2802 4414 et
2868 4362 3288 4424 munimentum,
3346 4359 3593 4414 omnium

2015 4457 2325 4511 divinorum
2362 4454 2743 4508 mandatorum
2772 4467 2871 4521 pro
2907 4452 3110 4506 tirihus
3145 4452 3590 4520 adimpletionem

2016 4546 2375 4617 possidentes.
2403 4546 2478 4598 Ex
2513 4545 2614 4597 hac
2669 4557 2833 4613 porro
2900 4542 3221 4603 securitate.
3278 4542 3593 4610 tranquilli—

2018 4650 2144 4706 tate,
2167 4640 2493 4698 attentione.
2528 4636 2795 4698 oratione,
2824 4633 2881 4687 lit
2906 4636 2957 4687 in
2981 4634 3144 4687 corde
3172 4643 3349 4688 motus
3374 4644 3428 4688 et
3468 4634 3579 4689 fer-

2016 4749 2115 4788 vor
2146 4734 2238 4802 qui
2266 4732 2491 4785 allectus
2517 4739 2569 4782 et
2598 4729 2870 4782 daemones
2897 4727 3097 4788 adurit,
3123 4737 3311 4793 etcor,
3332 4738 3592 4797 tanquam

2017 4825 2071 4879 in
2102 4825 2345 4887 fornace,
2410 4820 2677 4890 purificat.
2704 4817 2771 4871 Et
2794 4834 2859 4871 ex
2878 4820 2979 4871 hoc
3006 4818 3200 4873 ardore
3256 4820 3505 4887 sequitur
3525 4820 3595 4876 ad

2019 4917 2309 4971 Dominum
2335 4911 2522 4968 Jesnm
2557 4914 2837 4967 Christum
2874 4911 3210 4965 desiderium
3266 4922 3323 4965 et
3358 4912 3598 4968 iudefes-
3666 4954 3671 4957 ς

2015 5026 2111 5065 sus
2143 5024 2334 5065 amor:
2365 5023 2429 5062 es
2456 5006 2779 5076 quogdulces
2815 5006 2993 5060 cordis
3026 5008 3278 5076 lacryma
3308 5009 3595 5061 abundan-

2018 5113 2100 5160 ter
2132 5103 2327 5168 ﬂuunt,
2357 5117 2451 5172 per
2476 5116 2613 5168 quas
2642 5100 2824 5152 anima
2858 5108 2913 5153 et
2939 5114 3161 5169 corpus,
3189 5116 3253 5153 ex
3275 5101 3593 5168 pasnitentia

2018 5206 2275 5265 tanquam
2297 5210 2363 5247 ex
2387 5193 2639 5263 hy550po,
2698 5192 2961 5245 charitate
2988 5192 3352 5259 etgratiarum
3381 5193 3596 5247 actione

2020 5297 2075 5344 et
2109 5287 2455 5342 confessione
2472 5284 2772 5337 mundalur
2791 5292 2847 5337 et
2867 5284 3169 5351 saginatur.
3204 5280 3282 5335 Es
3314 5283 3415 5347 his,
3436 5284 3593 5353 quies

2019 5389 2074 5435 et
2104 5394 2208 5450 pax
2259 5377 2678 5446 cngitatioiium,
2745 5375 2905 5441 cujus
2968 5390 3076 5427 non
3139 5384 3221 5427 est
3279 5375 3588 5438 terminus;

2020 5472 2217 5543 quippe
2255 5483 2377 5539 qua!
2406 5478 2641 5522 mentem
2671 5481 2887 5519 omnem
2914 5478 3157 5535 superat.
3197 5466 3268 5519 Es
3325 5468 3407 5518 his
3436 5481 3589 5527 vero.

2022 5566 2181 5619 niveo
2242 5562 2531 5631 splendore
2594 5560 2946 5620 illuminatio,
3006 5573 3070 5612 ac
3118 5558 3368 5620 demum,
3418 5572 3597 5625 quan-

2025 5664 2143 5710 tum
2185 5655 2239 5708 iu
2270 5653 2491 5708 homine
2521 5661 2697 5721 potest
2732 5650 2872 5714 ﬁeri,
2906 5649 3146 5719 apathia,
3209 5659 3265 5703 et
3297 5649 3489 5702 animo:
3511 5664 3598 5703 re-

2027 5746 2322 5807 surrectio,
2363 5757 2487 5797 ante
2527 5742 2776 5812 corporis
2816 5741 3297 5803 resurrectionem.
3327 5740 3391 5793 ad
3429 5740 3593 5811 hujus

2902 5928 2947 5958 '°
3001 5930 3103 5985 lsa.
3169 5946 3255 5994 sn,
3321 5929 3409 5984 51.
