4266 6450
706 373 806 437 811

1882 370 1967 432 ΕΑ
1981 367 2222 434 LLISTl
2248 366 2534 425 PATRIA
2549 368 2772 429 “CILE

3845 362 3951 427 812

709 496 894 534 norem
919 480 1206 550 praebentis
1254 479 1520 533 inustrem
1552 491 1612 530 ac
1646 477 1888 531 Stahilem
1919 494 1931 540 ;
1999 492 2171 543 neque
2229 476 2277 528 id
2313 505 2352 559 Α
2381 483 2394 514 ³

2271 465 2472 559 ιΑκαὶ
2524 462 2889 534 Δημιουργοῦ,
2950 464 3042 515 xui
3077 463 3238 532 μόνου
3300 462 3580 533 ἀφθάρτου
3636 463 3729 514 xui
3783 464 3956 513 εἰσαεὶ

710 574 1080 637 solummodo,
1109 573 1200 626 sed
1230 581 1551 641 poteStatcnt
1607 569 1922 638 accepimus
1986 568 2121 621 ﬁlius
2184 568 2272 620 Dei

713 667 845 720 ﬁeri.
879 686 894 716 I
919 666 1196 734 Quotquot
1225 679 1349 717 eum
1392 673 1733 731 receperunt,
1779 663 1976 729 inquit.
2013 662 2155 714 dedit
2197 662 2275 714 cis

712 766 1030 828 potestatem
1069 755 1209 809 ﬁlios
1245 753 1338 810 Dei
1397 752 1536 818 ﬁeri,
1565 753 1634 806 iis
1663 754 1754 822 qui
1788 753 2018 806 credunt
2077 753 2129 804 in
2183 769 2272 804 no-

715 848 856 900 mine
887 845 1006 913 ejus
1029 845 1093 899 ⁸³.
1121 863 1139 895 ι
1176 843 1274 896 Dat
1301 852 1648 912 potestatein,
1680 856 1782 894 non
1814 842 2090 911 tyt-anniee
2116 840 2281 893 trahit

710 947 802 994 adt
842 948 1035 994 contra
1095 945 1342 989 nostrum
1412 934 1751 1004 propositum
1833 935 2009 1003 cogit;
2069 948 2281 1000 semper

713 1030 854 1085 enim
889 1032 1136 1098 tyrannis
1152 1042 1275 1081 eum
1301 1027 1391 1096 qui
1425 1026 1749 1095 opprimitur
1782 1035 1969 1078 contra
1994 1039 2284 1092 oppresso-

715 1136 823 1178 rem
857 1129 1052 1181 armat,
1087 1129 1144 1173 ut
1170 1118 1370 1173 malum
1408 1121 1548 1170 malo
1587 1127 1828 1172 curetur.
1866 1116 1977 1171 Iloe
2004 1116 2162 1169 modo
2187 1116 2283 1168 ho-

719 1223 872 1265 nat-at
908 1209 1239 1277 przreipuam
1274 1217 1478 1262 nostra:
1516 1209 1783 1261 libertatis
1843 1207 2178 1276 iignitatem,
2213 1206 2285 1259 ita

719 1312 777 1355 ut
808 1302 1010 1359 bonum
1043 1302 1133 1353 iiat
1163 1299 1387 1354 omnino
1425 1300 1514 1355 Dei
1571 1300 1850 1367 operantis
1911 1298 2285 1352 benevolentia

718 1403 773 1452 et
800 1393 969 1464 gratia
1005 1410 1018 1455 ;
1058 1402 1259 1446 nosme
1293 1402 1471 1446 tamen
1502 1392 1802 1445 voluntatis
1860 1402 1912 1444 et
1943 1406 2090 1443 cum:
2134 1399 2289 1442 actus

721 1486 811 1538 sit.
851 1485 911 1537 Et
957 1485 1044 1537 ille
1069 1484 1288 1550 quidem
1319 1498 1628 1550 quanquam
1692 1481 1832 1535 Dr'llS
1889 1491 1942 1534 et
2004 1480 2288 1543 Dominus,

723 1576 980 1648 quidquid
1017 1575 1117 1644 ipsi
1157 1575 1465 1630 faciendum
1500 1583 1639 1637 erat,
1672 1574 1794 1627 fecit
1826 1591 1840 1638 ;
1899 1590 2089 1626 omnes
2145 1576 2289 1628 enim

724 1671 977 1724 similiter
1003 1668 1267 1729 condidit,
1305 1678 1354 1720 et
1381 1684 1476 1736 pro
1511 1668 1764 1720 omnibus
1820 1677 2064 1719 mortuus
2093 1674 2192 1729 est,
2239 1675 2294 1716 ut

723 1762 1000 1830 :equaliter
1033 1775 1224 1813 omnes
1256 1760 1512 1812 salvarct.
1542 1756 1708 1811 Nobis
1749 1768 1929 1810 autem
1967 1757 2156 1810 relicta
2212 1761 2296 1807 est

2378 557 2744 625 διαμένοντος,
2800 556 2892 607 xui
2934 555 3091 620 δόξαν
3134 558 3228 608 xui
3261 556 3427 625 τιμὴν
3491 554 3823 622 παρέχοντος
3847 555 3958 610 τοῖς

2381 651 2621 712 οἰκείοις,
2678 650 2875 720 εὐκλεᾷ
2926 651 3020 701 xui
3061 650 3323 718 μόνιμονο
3369 648 3466 700 xui
3499 649 3558 700 οὐ
3600 648 3761 716 μόνον
3801 645 3959 697 τοῦτο

2381 745 2461 808 δὲ,
2483 743 2619 796 ἀλλά
2650 759 2711 810 γε
2747 745 2840 795 καὶ
2873 740 3122 808 ἐξουσίαν
3145 741 3437 809 εἰληφότας
3498 740 3667 792 τέκνα
3693 738 3828 790 Θεοῦ
3867 754 3956 804 γε·

2381 836 2590 888 νέσθαι.
2614 855 2631 886 ι
2663 836 2820 887 ’Ὅσοι
2851 836 2985 906 γὰρ,
3051 837 3240 903 φησὶν,
3291 833 3483 886 ἕλαὸον
3542 833 3729 894 αὑτὸν,
3759 833 3958 884 ἔδωκεν

2382 931 2563 991 αὐτοῖς
2616 928 2887 992 ἐξουσίαν,
2943 930 3110 981 τέκνα
3170 927 3306 980 Θεοῦ
3366 927 3644 994 γενέσθαι,
3702 930 3814 989 "oi;
3867 943 3959 977 πι-

2385 1021 2665 1072 στεύουσιν
2715 1021 2794 1081 είς
2833 1019 2893 1072 τὸ
2926 1019 3098 1088 ὄνομα
3133 1019 3318 1072 αὐτοῦ.
3341 1020 3356 1087 Ι
3378 1037 3395 1069 ι
3430 1020 3656 1071 Δίδωσιν
3690 1018 3958 1081 ἐξουσίαν.

2382 1114 2442 1166 οὐ
2491 1113 2825 1182 τυραννικῶς
2879 1113 3026 1165 ἕλκει
3064 1114 3156 1166 xui
3207 1113 3360 1183 παρὰ
3390 1111 3651 1181 πρόθεσιν
3682 1110 3960 1180 ἡμετέραν

2385 1205 2626 1276 βιάζεται
2658 1223 2670 1236 ⁸
2704 1205 2791 1258 ἀεὶ
2843 1207 2951 1276 γὰρ
2980 1207 3012 1276 ὴ
3046 1206 3320 1275 τυραννὶς,
3357 1203 3495 1256 κατά
3518 1204 3610 1256 τοῦ
3639 1203 3959 1274 τυραννοῦν-

2382 1316 2472 1360 τος
2501 1299 2591 1350 τὺν
2644 1296 3075 1367 τυραννούμενον
3125 1295 3358 1362 ὁπλίζει,
3389 1297 3476 1348 ἵνα
3531 1294 3687 1364 κακῷ
3707 1296 3764 1346 τὸ
3792 1294 3962 1346 κακὸν

2383 1387 2687 1457 ὲξιάσηται·
2712 1390 2814 1439 κάν
2874 1386 3048 1457 τούτῳ
3082 1387 3258 1457 τιμῶν
3300 1387 3458 1456 ήμῶν
3494 1386 3553 1438 τὸ
3590 1387 3818 1456 ἀρχαῖον
3866 1385 3961 1437 τοῦ

2383 1480 2732 1543 αύτεξουσίου
2782 1478 3023 1546 ἀξίωμα,
3071 1481 3166 1530 καί
3215 1479 3300 1530 ἵνα
3339 1482 3487 1539 ὅπως
3529 1477 3614 1547 εἴη
3638 1481 3698 1528 το
3728 1477 3960 1542 ἀγαθὸν,

2382 1573 2448 1640 τῇ
2481 1571 2644 1623 αὑτοῦ
2674 1571 2771 1638 μὲν
2801 1569 3225 1640 ἐξειργασμένον
3285 1570 3582 1623 τοκαθόλου
3617 1569 3838 1637 εὐδοκία
3865 1572 3962 1620 καὶ

2382 1664 2594 1733 χάριτι·
2646 1664 2743 1733 τῆς
2773 1663 2829 1716 δὲ
2853 1663 3129 1734 ἡμετέρας
3194 1665 3432 1733 σπουδῆς
3492 1666 3584 1716 xui
3639 1663 3961 1732 ἐπιμελείας

2380 1757 2647 1824 λογίζοιτο
2673 1757 2733 1808 τδ
2762 1756 3111 1827 κατόρθωμα
3149 1758 3402 1819 κάκεῖνος
3457 1757 3580 1825 μὲν,
3612 1757 3661 1808 εί
3700 1757 3794 1808 xui
3826 1755 3959 1816 Θεὸς

729 1856 949 1908 libertas
997 1851 1306 1915 accedendi,
1347 1850 1625 1913 credendi,
1679 1850 1971 1902 amicitiam
2015 1845 2300 1918 iungendi,
2332 1849 2407 1910 Βι

2270 1845 2300 1911 i,
2332 1849 2498 1910 Βιστι
2553 1849 2646 1901 καὶ
2696 1849 2993 1918 Δεσπότης,
3047 1848 3161 1901 ἀλλ’
3213 1848 3305 1902 οὖν
3353 1851 3499 1903 ἅπαν
3530 1850 3590 1902 τὸ
3633 1848 3828 1903 ἐαυτοῦ
3859 1865 3955 1898 πε-

729 1964 847 1999 cutu
876 1945 1062 1998 timore
1091 1952 1144 1996 ct
1174 1942 1369 1996 ardore
1401 1957 1454 1995 et
1475 1943 1743 1995 charitate
1774 1939 2002 1993 Dotnino
2034 1939 2107 1991 illi
2137 1937 2299 1992 mise-

729 2036 927 2090 rieordi
961 2035 1236 2089 serviendi
1270 2035 1360 2103 qui
1397 2049 1493 2088 nos
1526 2048 1648 2086 vero
1687 2048 1749 2085 ac
1798 2032 2030 2086 sollicite
2063 2030 2252 2083 dilexit
2281 2044 2295 2093 ;

731 2134 800 2184 ita
834 2140 889 2183 ut
917 2142 1012 2197 pro
1040 2128 1194 2180 nobis
1243 2127 1472 2180 libenter
1534 2139 1763 2180 mortem
1813 2123 2045 2176 voluerit
2091 2122 2296 2184 subire,

732 2229 958 2274 mortem
991 2233 1117 2272 vero
1150 2219 1491 2286 probrosam,
1552 2227 1609 2270 ut
1657 2233 1753 2272 nos
1787 2231 1817 2270 a
1847 2214 2067 2275 diaboli.
2095 2209 2300 2278 antiqui

730 2312 919 2376 hostis,
953 2308 1235 2379 tyrannide
1263 2309 1530 2368 libet-met,
1568 2317 1618 2360 et
1643 2324 1763 2361 cum
1799 2307 1954 2358 Patre
1977 2314 2027 2357 et
2053 2303 2160 2356 Deo
2187 2299 2303 2353 titti-

732 2409 849 2464 ret;
889 2410 940 2454 et
964 2398 1207 2454 haeredes
1237 2399 1452 2468 quidem
1492 2397 1607 2461 Dei,
1640 2397 1948 2452 colueredes
2000 2403 2182 2449 autem
2217 2391 2300 2447 sui

728 2490 963 2545 cliiceret
996 2509 1009 2556 ;
1040 2489 1186 2559 quod
1218 2489 1523 2542 mirabilius
1552 2498 1603 2541 et
1644 2488 1854 2541 beatius
1886 2494 1985 2539 est.
2031 2483 2103 2537 Ne
2140 2485 2298 2553 igitur

731 2599 895 2654 parva
923 2598 986 2636 ac
1015 2583 1166 2636 brevi
1197 2581 1518 2642 iudoientiu,
1549 2589 1600 2632 et
1624 2579 1854 2643 incuria,
1879 2587 1932 2632 et
1955 2575 2086 2629 falsa
2117 2575 2300 2629 ltetitia

733 2691 832 2729 nos
868 2675 1121 2745 indignos
1145 2673 1444 2728 eiliciamus
1467 2673 1634 2724 tantis
1667 2670 1821 2724 bonis
1853 2684 1916 2722 ac
1957 2669 2300 2721 mercedibus

732 2778 784 2821 et
815 2766 1072 2838 gaudiis;
1131 2765 1224 2820 sed
1253 2765 1386 2818 nihil
1420 2780 1524 2818 non
1559 2765 1843 2823 l'aciantus,
1867 2762 1999 2814 nihil
2030 2775 2132 2812 non
2171 2774 2300 2826 ope-

735 2876 956 2925 remur;
989 2872 1163 2928 neque
1198 2857 1299 2927 ipsi
1354 2856 1478 2909 vitae
1499 2865 1698 2908 nostra:
1741 2869 1836 2922 pro
1865 2853 1954 2905 illo
1992 2865 2298 2920 parcamus,

737 2955 993 3024 quoniam
1024 2962 1076 3007 et
1117 2952 1232 3020 ipse
1262 2958 1482 3019 propter
1508 2962 1630 3011 nos,
1666 2948 1714 3000 id
1751 2961 1872 2999 cum
1922 2953 2064 2999 esset
2127 2942 2296 3006 Deus,

737 3048 910 3100 facere
932 3059 1040 3099 non
1062 3041 1350 3107 dubitavit,
1387 3050 1445 3094 ut
1476 3040 1554 3094 sic
1581 3038 1664 3093 his
1695 3052 1922 3107 prorsus
1948 3046 2000 3090 et
2043 3035 2298 3089 omnihus

733 3138 892 3192 donis
932 3134 1263 3202 coronisque
1316 3133 1464 3200 digiti
1499 3131 1821 3184 eﬂieiamur.
1877 3130 2008 3195 Quze
2088 3129 2294 3180 utinam

736 3244 832 3280 nos
856 3241 1044 3280 omnes
1071 3224 1431 3294 accipiamus.
1462 3221 1840 3276 benevolentia
1873 3230 1927 3276 et
1956 3221 2130 3290 gratia
2155 3220 2292 3286 opti-

736 3322 806 3374 mi
833 3321 978 3374 illius
1001 3333 1065 3372 ac
1086 3316 1451 3372 misericordis
1486 3315 1696 3369 Domini
1727 3329 1790 3369 ac
1818 3313 1911 3368 Dei
1966 3324 2020 3367 et
2057 3312 2302 3366 Salvato-

735 3413 805 3464 ris
832 3407 1524 3477 nostriJesuChristi.qui
1579 3408 1716 3461 adeo
1770 3406 2120 3473 semetipsum
2181 3420 2304 3474 pro-

732 3511 851 3572 pter
887 3515 985 3556 nos
1013 3499 1340 3563 buuiiliavit,
1371 3514 1435 3552 ac
1467 3500 1559 3568 qui
1594 3515 1650 3552 se
1723 3497 2139 3552 humiliantibus
2213 3513 2307 3551 su-

730 3596 1130 3664 pernaturalem
1184 3605 1237 3648 et
1289 3594 1556 3648 viviﬁcatn
1588 3607 1739 3646 suam
1773 3592 1999 3660 gratiam
2052 3607 2118 3645 ex
2173 3603 2302 3644 tunc

728 3688 1016 3741 etlicaeiter
1073 3687 1520 3754 ahundanterque
1580 3685 1868 3751 concedit;
1914 3683 2171 3752 quoniam
2230 3682 2308 3736 illi

731 3779 960 3832 debetur
985 3777 1164 3831 omnis
1189 3777 1362 3846 gloria
1394 3786 1448 3830 et
1479 3775 1729 3830 honoret
1758 3776 2006 3830 aderatio
2057 3790 2181 3828 cum
2235 3775 2311 3828 iu-

2384 1939 2580 2008 ποίηκε
2599 1953 2614 1971 ’
2642 1938 2853 1998 πάντας
2881 1938 2991 2009 γὰρ
3028 1938 3122 1992 xui
3148 1936 3349 2007 ὁμοίως
3382 1935 3605 1998 ἔπλασε,
3654 1935 3748 1988 καὶ
3778 1936 3959 1988 ὡσαύ-

2378 2047 2487 2092 τως
2519 2030 2657 2098 ὑπὲρ
2716 2031 2936 2084 πάντων
2987 2030 3247 2097 ἀπέθανε,
3283 2031 3370 2085 ῐνα
3413 2031 3608 2101 ἐπίσης
3637 2029 3787 2100 σώσῃ
3833 2032 3962 2091 τοὺς

2380 2121 2645 2185 ἅπαντας.
2690 2121 2779 2174 Ἐν
2812 2124 2946 2193 ἡμῖν
2972 2123 3029 2177 δὲ
3066 2123 3374 2195 ἀπελείφθη
3429 2124 3492 2177 τὸ
3521 2124 3865 2195 προσελθεῖν,
3898 2127 3961 2176 τδ

2382 2213 2705 2276 πιστεῦσαι,
2757 2215 2818 2266 τὸ
2871 2215 3240 2286 οίκειωθῆναι,
3301 2216 3363 2270 τὸ
3419 2218 3557 2287 μετὰ
3615 2218 3805 2286 φόϐου,
3864 2220 3963 2271 xui

2382 2306 2636 2374 σπουδῆς,
2689 2309 2782 2360 xui
2828 2308 3050 2378 ἀγάπης
3079 2308 3363 2380 λατρεύειν
3399 2310 3478 2380 τῷ
3507 2311 3674 2374 ὄντως
3734 2314 3961 2382 ἀγαπή-

2381 2414 2533 2450 σαντι
2583 2400 2734 2470 ἡμᾶς
2789 2399 3158 2472 φιλανθρώπῳ
3209 2403 3477 2475 Δεσπότῃ,
3528 2405 3624 2456 xui
3674 2405 3958 2475 κηδεμόνι,

2385 2493 2526 2544 ὥστε
2583 2495 2679 2546 xui
2736 2492 2967 2550 θάνατον
3007 2495 3261 2566 ἐθελῆσαι
3316 2497 3640 2564 ὑπενεγκεῖν
3691 2498 3963 2560 ἑκουσίως

2380 2585 2520 2654 ὑπὲρ
2549 2586 2729 2655 ἡμῶν,
2791 2588 2885 2640 xui
2944 2587 3174 2640 θάνατον
3233 2589 3622 2653 ἐπονείδιστον,
3669 2591 3754 2642 ῖνα
3812 2594 3964 2660 ἡμᾶς

2379 2675 2476 2744 τῆς
2507 2676 2601 2728 τοῦ
2662 2676 2908 2730 διαϐόλου
2959 2678 3054 2732 xui
3093 2679 3408 2749 άρχεκάκου
3440 2680 3639 2749 ἐχθροῦ
3672 2681 3965 2753 ἀπαλλάξῃ

2379 2768 2708 2837 τυραννίδος,
2760 2770 2856 2822 xui
2891 2770 2968 2840 τῷ
2998 2771 3178 2840 [lu-cpi
3212 2772 3305 2825 xui
3330 2773 3452 2842 Θεῷ
3480 2773 3794 2846 καταλλάξῃ
3819 2791 3832 2804 ·
3867 2777 3965 2829 xui

2381 2861 2755 2930 κληρονόμους
2807 2864 2905 2931 μὲν
2958 2863 3119 2930 Θεοῦ,
3171 2865 3652 2936 συγκληρονόμους
3698 2868 3755 2920 δὲ
3791 2868 3963 2921 αὑτοῦ

2381 2955 2786 3022 ἀπεργάσηται,
2844 2957 2904 3007 τὸ
2936 2957 3393 3026 παραδοξότατον,
3447 2961 3542 3012 xui
3598 2962 3966 3031 μακαριώταο

2381 3045 2611 3114 τονομὴ
2660 3045 2724 3115 δὴ
2779 3046 2867 3098 διὰ
2931 3050 3134 3117 μικρᾶς
3185 3051 3280 3102 xui
3341 3052 3603 3120 βραχείας
3661 3053 3966 3122 ῥᾳθυμίας.

2383 3139 2473 3188 καὶ
2507 3138 2783 3212 ἀμελείας,
2846 3141 2937 3192 xui
2988 3141 3326 3195 ἐπιπλάστου
3352 3145 3544 3215 ἡδονῆς
3575 3145 3819 3208 οίασοῦν,
3854 3146 3968 3198 τῶν

2380 3228 2648 3280 τοσούτων
2732 3229 2859 3282 οἴων
2939 3231 3144 3300 ἡλίκων
3234 3232 3677 3304 ἀποξενώσωμεν
3714 3237 3966 3300 ,ἑαυτοὺς

2382 3316 2602 3382 ἀγαθῶν
2666 3321 2759 3372 καὶ
2814 3320 3011 3389 γερῶν,
3057 3321 3152 3374 xui
3195 3322 3553 3378 ἀπολαύσεων
3580 3343 3593 3354 ·
3625 3327 3761 3379 ἀλλά
3783 3328 3967 3381 πάντα

2382 3407 2700 3478 πράξωμεν,
2752 3411 2843 3464 xui
2900 3413 3477 3484 πραγματευσώμεθα·
3541 3418 3636 3470 καὶ
3686 3419 3882 3488 αὐτῆς,
3915 3423 3966 3473 εί

2381 3501 2506 3563 δέοι,
2565 3503 2662 3574 τῆς
2725 3503 2892 3574 ζωῆς,
2935 3505 3074 3575 ὑπὲρ
3134 3506 3302 3560 αὑτοῦ
3355 3509 3432 3579 μὴ
3489 3509 3831 3581 φεισώμεθα,
3887 3515 3966 3577 ὡς

2383 3595 2632 3659 κακεῖνος
2662 3597 2727 3648 δι’
2762 3599 2927 3666 ἡμᾶς,
2987 3599 3165 3651 καίτοι
3220 3599 3354 3663 Θεὸς
3388 3600 3462 3653 ῶν
3485 3603 3626 3674 ὑπὲρ
3657 3605 3820 3674 ἡμῶν
3860 3624 3966 3659 1t;—

2385 3687 2632 3755 ποίηκεν,
2674 3689 2740 3740 ἵν’
2769 3688 2945 3759 οὕτως
3002 3691 3098 3743 καὶ
3128 3691 3236 3744 τῶν
3272 3694 3501 3764 ἀπάρτι,
3529 3698 3624 3749 xui
3652 3696 3761 3749 τῶν
3786 3699 3966 3752 ἀπάν-

2385 3797 2491 3831 των
2543 3779 2758 3851 δωρεῶν
2811 3784 2906 3834 xui
2979 3785 3257 3853 στεφάνων
3329 3787 3810 3858 καταξιωθῶμεν·
3888 3788 3966 3845 ὧν

732 3867 916 3936 genito
950 3875 1003 3920 et
1029 3865 1335 3935 purissimo
1376 3864 1550 3932 ipsius
1608 3862 1788 3924 Patre,
1853 3872 1904 3916 et
1957 3873 2230 3916 coazteruo
2259 3867 2313 3912 et
2386 3887 2417 3938 γ

2278 3867 2313 3912 ει
2386 3871 2594 3938 γένοιτο
2647 3873 2855 3934 πάντας
2909 3876 3056 3944 ἡμᾶς
3116 3878 3413 3947 ἐπιτυχεῖν,
3451 3881 3669 3952 εὐδοκία
3714 3884 3807 3936 xui
3865 3887 3963 3955 χά-

735 3958 1089 4012 sanctissimo
1113 3970 1166 4011 et
1199 3957 1406 4025 optimo
1459 3966 1513 4010 et
1571 3954 1788 4011 viviﬁco
1838 3955 2010 4024 ipsius
2066 3953 2305 4022 Spiritu,
2390 3977 2420 4028 ρ

2287 3986 2305 4012 ο
2390 3977 2496 4028 pm
2526 3963 2689 4014 αὑτοῦ
2717 3964 2810 4015 τοῦ
2851 3965 3200 4035 ύπεραγάθου
3233 3969 3327 4021 xui
3370 3971 3684 4042 ἐλεήμονος,
3715 3975 3811 4028 τοῦ
3853 3953 3969 4031 Κυ-

734 4065 880 4103 nunc
899 4057 952 4102 et
984 4063 1198 4114 semper
1227 4058 1281 4102 et
1312 4049 1364 4100 in
1390 4047 1588 4101 szecula
1616 4047 1973 4102 saeculorum.
2005 4046 2204 4098 Amen.
2391 4072 2419 4121 ρ

2391 4056 2528 4121 ρίου,
2562 4058 2652 4108 xui
2678 4056 2832 4121 Θεοῦ,
2897 4061 2988 4111 xui
3022 4061 3274 4133 Σωτῆρος
3303 4067 3334 4134 ἡ
3346 4065 3464 4133 μῶν
3502 4067 3678 4136 Ἰησοῦ
3702 4070 3967 4139 Χριστοῦ,

725 4142 820 4195 τοῦ
859 4142 1305 4203 ταπεινώσαντος
1339 4141 1535 4194 ἐαυτὸν
1564 4140 1821 4195 τοσοῦτον
1859 4143 1999 4209 ὑπὲρ
2022 4143 2200 4212 ἡμῶν,
2233 4145 2324 4196 καὶ
2363 4150 2472 4211 τοῖς
2503 4148 2770 4212 τοιούτοις
2804 4155 3102 4218 ταπεινοῖς,
3140 4153 3240 4222 τὴν
3283 4155 3543 4223 ὑπερφυᾶ
3572 4155 3667 4208 xui
3719 4154 3975 4211 θεοποιδν

726 4235 894 4289 αὑτοῦ
927 4235 1089 4306 χάριν
1123 4236 1231 4288 ἀπὸ
1265 4235 1358 4289 τοῦ
1391 4235 1486 4289 νῦν
1516 4237 1761 4307 ἐνεργῶς
1790 4236 2065 4299 πλουσίως
2096 4237 2557 4306 ἐπιδραϐεύοντος
2578 4256 2592 4271 ο
2625 4241 2708 4294 δτι
2740 4241 2889 4312 αὐτῷ
2939 4245 3142 4312 πρέπει
3176 4247 3327 4298 πᾶσα
3361 4247 3393 4317 ἡ
3439 4246 3589 4310 δόξα,
3619 4246 3720 4299 xui‘
3749 4249 3781 4316 ἡ
3819 4250 3982 4318 τιμὴ,

730 4333 818 4383 καὶ
871 4333 902 4399 ἡ
944 4329 1336 4397 προσκύνησις,
1374 4330 1492 4399 ἅμα
1532 4329 1609 4399 τῷ
1643 4329 1866 4401 ἁνάρχῳ
1903 4331 1998 4383 xai
2049 4330 2302 4400 ἀχράντῳ
2341 4332 2507 4384 αὐτοῦ
2539 4334 2713 4402 Πατρί
2739 4350 2750 4363 ·
2807 4337 2903 4389 xui
2936 4337 3014 4406 τῷ
3060 4339 3344 4410 συναῑδίῳ,
3395 4342 3488 4392 xui
3539 4341 3818 4414 παναγίῳ,
3878 4345 3982 4398 xui

709 4427 940 4495 -ἀγαθῷ,
976 4425 1070 4478 καὶ
1101 4425 1354 4497 ζωοποιῷ
1386 4425 1555 4480 αὑτοῦ
1600 4427 1882 4498 Πνεύματι
1910 4445 1924 4460 ο
1959 4428 2055 4482 νῦν
2090 4429 2182 4482 καὶ
2214 4429 2323 4494 ἀεὶ,
2356 4432 2448 4482 xui
2487 4434 2566 4496 είς
2592 4434 2719 4497 τοὺς
2750 4434 2955 4500 αίῶνας
2989 4436 3096 4491 τῶν
3131 4437 3362 4493 αἰώνων.
3414 4437 3617 4509 ⁹Δμήν.

798 4571 844 4602 ⁸³
877 4570 1032 4626 Joan.
1073 4587 1110 4637 t,
1140 4572 1225 4624 19..
