4266 6450
750 394 851 458 815
1902 394 2246 452 CALUSTI
2289 393 2385 452 DE
2423 395 2925 466 PRECATIONE.
3877 401 3981 467 816

751 518 809 561 nt
836 510 904 560 ita
939 505 1139 570 dicam,
1172 521 1387 575 semper
1423 515 1668 561 "novetur
1715 522 1807 575 per
1863 506 2128 576 Spiritum
2189 522 2316 560 san-
2348 525 2436 572 Απ

2293 537 2316 546 -
2348 511 2585 577 Απ”ιιήρη
2651 510 2786 558 ποιεῖ
2836 510 2894 556 τὴ
2924 505 2980 557 δὲ
3013 505 3301 575 ἀλλόμῖνον
3366 506 3576 559 ἐκεῖθεν
3611 507 3675 558 ὲκ
3710 505 3807 574 τῆς
3843 523 3978 574 καρο

747 609 916 665 ctum,
956 607 1128 653 totum
1168 597 1486 653 interiorem
1524 599 1800 653 hominem
1862 597 2052 667 implet
2084 611 2207 652 rore
2235 598 2320 652 div
2406 601 2431 651 δ

2294 628 2320 645 ν
2406 601 2538 659 8.71;,
2576 600 2668 651 καὶ
2695 600 2769 662 ὡς
2796 600 2969 651 εἰπεῖν
3023 600 3348 666 άεικινήτως
3401 598 3719 668 κινούμενον
3775 596 3862 649 διὰ
3889 597 3979 647 τοῦ

747 693 876 743 vino
905 703 969 744 ac
1029 689 1222 759 spiritu
1261 745 1271 753 ,
1342 706 1403 744 ex
1433 690 1658 748 rriorem
1716 704 1843 745 vero
1895 694 2016 736 ἒη-’ῑμ
2047 703 2166 743 -ιεμλ
2213 691 2323 746 ειη·
2408 696 2432 746 ῐ

2309 719 2323 726 -
2408 693 2741 760 Πνεύματος.
2814 689 2934 743 ὅλον
2981 689 3070 742 τὸν
3112 691 3218 740 ἔσω
3289 688 3572 758 ἄνθρωπον
3607 688 3789 758 πλήρη
3842 690 3983 738 ποιεῖ

747 783 840 839 cit.
2406 784 2594 853 δρόσου
2658 782 2807 846 θείας
2854 783 2949 833 καὶ
3013 782 3324 849 πνεύματος
3347 797 3360 810 °
3391 781 3482 833 τὸν
3509 780 3572 834 δὲ
3601 780 3727 845 ἔξω,
3757 777 3982 847 πύρινον

2406 880 2509 932 ἀπε
2521 875 2804 948 ργάζεται.

821 964 869 1014 7.
919 960 1001 1015 Ab
1053 960 1295 1014 externis
1342 961 1600 1017 mundata
1652 977 1828 1023 mens.
1863 972 1918 1017 et
1950 980 2071 1033 qua:
2121 978 2320 1019 sensus
2475 971 2506 1032 ς

2295 978 2320 1019 S
2475 969 2541 1032 ζ’.
2575 967 2715 1028 Νοῦς
2734 965 3026 1035 καθαρθεὶς
3053 966 3116 1016 ὲκ
3146 963 3254 1016 τῶν
3279 963 3498 1027 ἔξωθεν,
3536 963 3630 1015 καὶ
3664 962 3764 1023 τὰς
3789 960 3979 1018 αἰσθῆ-

749 1051 976 1104 omnino
1025 1065 1124 1119 per
1176 1064 1496 1121 generosam
1547 1053 1798 1108 virtutem
1851 1055 2084 1124 subegit,
2135 1060 2321 1108 manet
2404 1083 2434 1113 c:

2301 1060 2321 1106 ι
2404 1082 2514 1124 σεις
2573 1060 2769 1123 όλικῶς
2831 1058 3104 1123 ὑποτάξας
3153 1056 3241 1109 διὰ
3287 1057 3385 1125 τῆς
3449 1053 3725 1123 πατρικῆς
3753 1053 3979 1122 ἀρετῆς,

750 1139 1068 1206 immobilis,
1102 1150 1359 1211 tanquam
1391 1143 1660 1198 caelorum
1693 1145 1831 1210 axis,
1877 1147 2062 1200 cordis
2093 1146 2318 1215 profun~
2402 1157 2435 1210 ἀ

2296 1176 2318 1191 δ
2402 1157 2655 1224 ἀκίνητος
2687 1154 2860 1221 μένει,
2899 1151 3194 1219 καθάπερὸ
3222 1150 3470 1220 οὐράνιος
3531 1147 3696 1214 ἄξων,
3730 1145 3806 1208 ὼς
3847 1145 3981 1211 πρὸς

750 1230 876 1285 dum
912 1247 1128 1302 semper
1160 1243 1472 1303 aspectans,
1512 1244 1570 1289 ut
1611 1237 1888 1305 quoddam
1939 1247 2211 1300 centrum,
2263 1245 2316 1291 ει
2404 1266 2435 1300 κ

2299 1245 2316 1291 ι
2404 1248 2630 1317 κέντρον
2671 1243 2890 1313 ἀφορῶν
2913 1241 2975 1294 τὸ
3045 1242 3145 1310 τῆς
3204 1241 3431 1311 καρδίας
3475 1237 3661 1308 βάθος,
3720 1237 3818 1290 καὶ
3849 1237 3977 1304 ἠγε-

752 1333 915 1391 caput
954 1323 1223 1393 dirigens,
1257 1324 1391 1379 illud
1424 1325 1489 1380 ad
1527 1326 1724 1380 cmlum
1758 1329 1935 1393 vertit,
1972 1329 2313 1383 curuseatio-
2408 1357 2437 1409 μ

2295 1356 2313 1368 ·
2408 1337 2648 1409 μονεύων
2721 1335 2817 1403 τῆς
2876 1332 3141 1401 κεφαλῆς,
3175 1330 3474 1383 ἀποϐλέπει
3509 1330 3710 1388 ἐκεῖσε,
3767 1326 3980 1396 βολίδας

751 1429 845 1469 nes
876 1415 1080 1468 habens
1107 1416 1452 1485 cogitationis
1487 1419 1693 1484 radios,
1726 1419 1847 1473 inde
1878 1420 2124 1474 coelestia
2163 1423 2313 1490 cogi-
2403 1429 2436 1495 ελ

2296 1451 2313 1459 -
2403 1429 2540 1496 ἔχων
2598 1429 2762 1478 οἱονεὶ
2833 1425 2931 1486 τὰς
2981 1424 3080 1491 τῆς
3147 1422 3388 1483 διανοίας
3422 1420 3617 1488 αὐγὰς,
3671 1418 3981 1489 ἀρυομένας

750 1515 861 1559 tata
923 1507 1225 1570 trahentes,
1267 1515 1320 1561 et
1349 1522 1543 1564 omnes
1575 1510 1825 1580 corporis
1855 1525 2050 1566 sensus
2087 1512 2317 1565 submit—
2403 1524 2428 1575 ι

2295 1540 2317 1550 '
2403 1520 2613 1575 ἐκεῖθεν
2640 1520 2707 1571 τὰ
2734 1519 2854 1571 θεῖα
2879 1518 3148 1586 νοήματα,
3185 1514 3278 1566 καὶ
3311 1513 3631 1565 ύποτάσσων
3655 1511 3752 1572 τὰς
3785 1508 3980 1578 ἀισθή-

748 1607 890 1653 tcns.
2406 1632 2520 1676 σεις
2549 1612 2766 1673 ἁπάσας
2796 1610 2888 1662 τοῦ
2917 1608 3191 1677 σώματος.

818 1688 870 1741 8.
926 1689 1116 1756 Nemo,
1168 1691 1412 1762 quandiu
1445 1693 1588 1748 inter
1634 1695 1871 1749 initiatos
1902 1705 1997 1750 aut
2034 1696 2172 1752 lacte
2231 1698 2317 1751 in-
2475 1725 2503 1776 η

2295 1726 2317 1739 -
2475 1713 2544 1776 η’,
2581 1704 2805 1773 Μηδεὶς,
2861 1700 3074 1754 ἀκούων
3128 1699 3238 1752 τῶν
3303 1699 3586 1767 ἀμυήτων,
3629 1696 3661 1766 ἥ
3709 1696 3980 1766 δεομένων

747 1781 994 1848 digentes
1029 1783 1163 1853 agit,
1210 1799 1271 1836 ea
1314 1801 1435 1854 qua:
1476 1787 1828 1854 prohibentur
1858 1797 2063 1858 tangat,
2095 1791 2316 1859 quando
2353 1865 2379 1867 ﬂ
2408 1819 2432 1867 γ

2296 1807 2316 1846 )
2353 1865 2379 1867 μ
2408 1801 2698 1867 γάλακτος,
2733 1795 2936 1865 ἅψηται
2961 1793 3069 1846 τῶν
3098 1791 3357 1844 τοιούτων
3393 1789 3881 1859 ἀπηγορευμένων,
3924 1791 3981 1840 ἐν

751 1883 857 1921 non
912 1878 1000 1923 est
1042 1882 1430 1941 opportunum.
1478 1872 1585 1928 Eos
1637 1877 1782 1929 enim
1835 1877 1929 1946 qui
1990 1889 2119 1934 ante
2179 1865 2431 1943 tem-Bs

2299 1911 2314 1920 ·
2343 1865 2463 1943 Bob
2491 1888 2685 1959 καιρῷ.
2737 1886 2876 1948 Τοὺς
2906 1885 3013 1955 γὰρ
3052 1883 3331 1946 τοιούτους
3364 1882 3412 1934 οί
3444 1881 3577 1934 θεῖοι
3602 1880 3843 1948 Πατέρςς
3874 1878 3981 1946 πρὸ

750 1975 849 2028 pus
899 1976 962 2015 ea
999 1978 1120 2031 quae
1158 1966 1320 2034 hujus
1348 1968 1610 2036 temporis
1655 1979 1783 2022 sunt
1822 1979 2075 2038 quaerunt
2105 1981 2158 2025 et
2183 1986 2316 2040 quo-
2403 2000 2429 2034 τ

2295 2004 2316 2014 ·
2403 1982 2496 2034 τοῦ
2535 1977 2729 2048 καιροῦ
2759 1977 2827 2029 τὰ
2856 1976 2948 2028 τοῦ
2987 1973 3176 2043 καιροῦ
3232 1973 3595 2043 ζητήσαντας,
3664 1971 3757 2022 κα)⁸
3813 1968 3980 2020 οἱονεὶ

745 2053 1038 2108 dammodo
1081 2055 1145 2107 ad
1195 2056 1426 2123 apathiw
1492 2067 1706 2126 portum
1769 2060 1974 2114 intrare
2036 2061 2313 2125 festinant,
2404 2090 2430 2123 τ

2299 2100 2313 2125 ι
2404 2072 2540 2141 πρὸς
2608 2071 2697 2122 τὸν
2731 2069 2829 2137 τῆς
2857 2067 3126 2130 ἀπαθείας
3159 2065 3353 2135 λιμένα
3375 2062 3770 2125 σπουδάζοντας
3802 2060 3979 2112 εἰσελ-

749 2157 856 2196 ηοη
888 2158 950 2198 ea
976 2143 1242 2200 habentes
1271 2161 1389 2213 quae
1430 2154 1642 2214 oportet
1668 2147 1888 2210 habere,
1921 2150 2092 2202 sancti
2129 2147 2316 2203 Patres
2404 2164 2431 2215 ο

2292 2165 2316 2203 5
2404 2162 2621 2226 θεῖν,ού
2661 2163 2796 2227 μετὰ
2853 2160 2947 2212 τοῦ
3003 2161 3392 2229 προσήκοντος,
3455 2156 3712 2206 ἔκστασιν
3767 2153 3977 2222 φρενῶν

751 2235 988 2305 αυοάιιη
1040 2237 1239 2292 ῐηθηίίδ
1287 2252 1475 2292 errore
1525 2238 1776 2293 laborare
1831 2240 2202 2294 οτθάίάθτυοῑο
2255 2240 2318 2293 Et
2404 2254 2662 2322 ἐνόμισαν
2698 2253 2757 2304 τὸ
2782 2252 3064 2303 τοιοῦτον·
3126 2251 3220 2302 καὶ
3270 2249 3432 2300 πλέον
3477 2246 3652 2298 οὐδέν.
3691 2244 3980 2295 Ἀδύνατον

748 2328 884 2381 nihil
919 2328 1177 2398 amplius.
1210 2327 1354 2382 Fieri
1390 2330 1532 2384 enim
1566 2332 1774 2399 nequit,
1809 2340 1868 2386 ut
1898 2331 1990 2401 qui
2025 2333 2202 2387 nescit
2228 2332 2317 2386 lit-
2403 2361 2433 2412 γ

2165 2333 2202 2386 ίῑ
2228 2332 2317 2386 ίίισ
2403 2345 2510 2415 γὰρ
2539 2345 2629 2396 τὸν
2666 2342 2740 2412 μὴ
2772 2339 2949 2393 εἰδότα
2973 2337 3278 2407 γράμματα
3308 2335 3365 2387 ὲν
3395 2332 3564 2396 δέλτῳ
3595 2329 3850 2401 μελετᾷν.

748 2434 891 2475 terr-2
922 2421 976 2474 in
1009 2421 1192 2475 tabula
1222 2421 1363 2490 legat

821 2510 872 2565 9.
917 2509 1071 2574 Quod
1096 2526 1161 2564 ex
1187 2512 1484 2567 certamine
1521 2513 1574 2568 in
1608 2514 1788 2568 anima
1820 2529 1849 2568 a
1892 2514 2074 2568 divino
2112 2512 2316 2582 Spiritu

1956 694 2016 736 έῑιι
2047 703 2126 743 te:
2141 711 2166 743 ιλ
2213 691 2323 746 etii-

2479 2512 2541 2562 0'.
2575 2509 2648 2562 Τὸ
2685 2506 2902 2576 κινηθὲν
2959 2503 3019 2568 ἐξ
3053 2503 3264 2570 ἀγῶνος
3329 2501 3385 2551 ἐν
3433 2500 3499 2568 τῇ
3532 2497 3678 2566 ψυχῇ
3731 2493 3837 2545 ύπδ
3889 2491 3986 2545 τοῦ

749 2611 1022 2665 movetur,
1047 2603 1397 2672 tranquillam
1433 2604 1593 2658 eﬂicit
1629 2615 1860 2659 mentem
1911 2621 2033 2674 qua:
2069 2612 2267 2658 clamat
2303 2622 2316 2658 :
2410 2603 2434 2655 6

2303 2622 2316 2658 :
2410 2602 2555 2655 θείου
2615 2599 2951 2667 Πνεύματος,
3013 2594 3253 2664 γαληνὴν
3307 2591 3518 2644 ἔκτελεῖ
3565 2589 3664 2659 τὴν
3721 2586 3984 2657 καρδίαν,

753 2692 926 2758 :aaba,
956 2693 1115 2747 Pater
1140 2710 1156 2760 ;
1189 2693 1282 2748 sed
1314 2695 1442 2749 illud
1471 2706 1554 2750 est
1580 2696 1786 2763 absque
1818 2697 1990 2751 forma
2018 2707 2071 2750 et
2109 2698 2276 2767 figura
2303 2713 2318 2762 ;
2408 2714 2438 2748 κ

2303 2713 2318 2762 ;
2408 2695 2632 2766 κράζον,
2677 2690 2867 2753 Ἀ66ᾶ,
2907 2689 2935 2739 ὁ
2977 2688 3186 2757 Πατήρ·
3244 2683 3358 2738 ἀλλ’
3392 2684 3568 2735 έκεῖνο
3600 2680 3698 2748 μὲν
3724 2677 3983 2747 ἀσχημά-

755 2799 856 2842 :ios
895 2794 1078 2840 autem
1122 2785 1292 2840 divini
1328 2786 1565 2856 Spiritus
1605 2788 1814 2858 fulgore
1851 2790 2226 2856 transformat,
2270 2799 2322 2844 et
2410 2804 2439 2838 τ

2303 2799 2322 2844 ι
2410 2797 2591 2838 τιστον
2623 2784 2652 2852 ἢ
2686 2784 2780 2835 καὶ
2810 2781 3075 2851 ἄμορφον·
3135 2779 3280 2847 ἡμᾶς
3304 2776 3360 2828 δὲ
3414 2770 3888 2844 μετασχηματίζειν
3917 2771 3984 2837 τῇ

753 2877 990 2948 reﬁngit,
1031 2891 1089 2934 ut
1141 2880 1316 2944 decet,
1370 2881 1539 2936 divini
1583 2881 1815 2951 Spiritus
1856 2883 2082 2948 ardore,
2142 2885 2233 2936 sed
2270 2893 2322 2937 et
2412 2896 2438 2932 α

2306 2893 2322 2936 ι
2412 2878 2573 2947 αἴγλῃ
2607 2874 2700 2928 τοῦ
2757 2873 2902 2925 θείου
2947 2870 3152 2941 φωτὸς,
3191 2869 3285 2920 καὶ
3336 2865 3665 2936 μορφοποιεί
3701 2863 3776 2924 ὼς
3816 2858 3985 2920 είκδς,

759 2973 1034 3039 immutat,
1066 2979 1124 3026 et
1152 2972 1332 3027 divina
1363 2983 1650 3042 potestate,
1671 2985 1729 3031 ut
1764 2976 1914 3031 solus
1951 2975 2066 3046 ipse
2099 2993 2197 3029 nos
2221 2990 2320 3045 po-
2411 2969 2444 3021 ἆ

2305 3003 2320 3015 -
2411 2969 2529 3036 ἃμα
2552 2968 2617 3036 τῇ
2650 2963 2893 3034 πυρώσει
2959 2961 3054 3013 τοῦ
3108 2958 3255 3011 θείου
3335 2957 3678 3024 Πνεῦματος,
3725 2951 3990 3004 ἀλλὰκαὶ

760 3071 863 3119 test
891 3062 1129 3129 etlicere,
1153 3062 1401 3121 diversos
1439 3063 1589 3120 facit.
1972 3043 1987 3046 ⁷
2222 3043 2232 3045 ἡ
2359 3123 2389 3129 ,
2409 3061 2442 3112 ἀ

2359 3059 2632 3129 ,ἀλλοιοῆ
2689 3055 2783 3108 καὶ
2833 3051 3180 3122 μεταμείϐει,
3203 3049 3278 3112 ὡς
3309 3048 3470 3118 μόνος
3523 3043 3666 3098 οῐδεν
3704 3043 3888 3106 αὐτὸς,
3919 3043 3986 3110 τῇ

2348 3123 2392 3183 C
2413 3151 2566 3220 θεῖκῇ
2587 3147 2822 3217 ἐξουσίᾳ.

834 3243 921 3298 10.
963 3241 1116 3298 Mens
1140 3256 1237 3312 per
1271 3240 1606 3310 vigilantiam
1642 3242 1946 3310 puriﬁcata,
1980 3242 2140 3297 facile
2171 3253 2321 3297 tene-
2486 3240 2516 3295 ι’

2305 3273 2321 3284 -
2486 3240 2535 3295 ι’.
2606 3238 2746 3300 Νοῦς
2796 3235 3086 3306 καθαρθεὶς
3114 3233 3202 3284 διὰ
3246 3231 3343 3299 τῆς
3385 3228 3618 3298 νὴψεως,
3647 3225 3841 3297 ῥᾳδίως
3873 3240 3990 3276 axo-

761 3336 876 3391 bris
907 3335 1256 3399 obscuratur,
1310 3334 1413 3389 nisi
1464 3334 1721 3388 continua
1770 3332 1898 3390 Jesu
1937 3337 2220 3407 memoria,
2257 3338 2327 3391 ab
2413 3353 2442 3388 τ

2306 3353 2327 3391 o
2413 3335 2640 3397 τίζεται,
2671 3333 2720 3384 εί
2763 3329 2836 3400 μὴ
2883 3331 2949 3398 τῇ
2983 3328 3193 3394 συνεχεῖ
3253 3324 3444 3394 μνήμῃ
3482 3318 3576 3372 τοῦ
3621 3316 3819 3387 Ἰησοῦ,
3850 3317 3991 3368 ἁπο-

762 3430 1003 3487 externis
1029 3429 1254 3485 omnino
1293 3429 1531 3484 recedat.
1569 3428 1701 3495 Quae
1730 3438 1912 3484 autem
1946 3438 2125 3484 actum
2151 3430 2325 3484 sociat
2416 3447 2447 3482 σ

2308 3441 2325 3482 ι
2416 3428 2684 3499 σχολεῖται
2749 3424 2926 3491 πάντη
2952 3419 3060 3471 τῶν
3090 3417 3311 3484 ἔξωθεν.
3360 3417 3419 3466 ὐ
3447 3414 3502 3465 δὲ
3543 3413 3643 3481 τὴν
3669 3408 3988 3481 πρακτικὴν

764 3521 1234 3592 contemplationi,
1260 3521 1312 3576 id
1344 3531 1448 3586 est,
1475 3521 1677 3577 mentis
1707 3522 1995 3588 custodiae,
2029 3523 2323 3576 tumultum
2417 3538 2449 3573 σ

2301 3537 2323 3575 o
2417 3517 2760 3588 συναρμόσας
2791 3516 2858 3584 τῇ
2886 3512 3113 3582 θεωρία,
3169 3508 3329 3560 οίονεὶ
3360 3509 3429 3576 τῇ
3457 3503 3552 3558 τοῦ
3582 3504 3702 3566 νοὸς
3731 3503 3986 3572 τηρήσει,

763 3631 871 3671 non
906 3615 1123 3685 rejicit:
1157 3614 1449 3669 tumultum
1487 3629 1681 3684 nempe
1713 3613 2005 3669 confusum
2045 3615 2126 3670 vel
2158 3616 2324 3669 etiam
2412 3615 2448 3682 ψ

2302 3632 2324 3669 a
2412 3613 2617 3682 ψόφους
2675 3609 2776 3661 οὐκ
2841 3604 3231 3660 ἀπαναίνεταιο
3265 3600 3507 3662 κτύπους
3563 3596 3894 3685 ἀνάρθρους,

760 3725 870 3765 non
917 3706 1208 3763 confusum
1255 3721 1366 3761 non
1399 3707 1642 3776 expellit.
1687 3707 1882 3760 Anima
1915 3707 2059 3761 enim
2091 3723 2212 3777 qua:
2244 3709 2325 3763 di-
2414 3721 2445 3756 κ

2304 3739 2325 3748 -
2414 3704 2510 3756 καὶ
2566 3699 2860 3768 ἐνάρθρους
2901 3697 3001 3749 οὐκ
3067 3692 3410 3747 ἀποσείεται.
3473 3688 3762 3758 Τρωθείσα
3811 3683 3923 3777 γὰρ
3951 3684 3985 3752 η

758 3804 888 3858 vino
917 3801 1122 3858 Christi
1151 3801 1351 3855 ardore
1391 3801 1674 3856 vulnerata
1707 3808 1815 3865 est,
1854 3815 1978 3854 eum
2034 3775 2325 3872 ut‘cogna-
2411 3795 2443 3865 ιι

2306 3830 2325 3842 -
2411 3793 2557 3865 ψυχὴ
2571 3793 2650 3864 τῷ
2680 3790 2807 3859 θείῳ
2835 3788 2998 3857 ἔρωτι
3015 3785 3108 3840 τοῦ
3137 3781 3393 3855 Χριστοῦ,
3421 3781 3497 3843 ὡς
3525 3777 3789 3847 ἀδελφιδῷ
3815 3775 3991 3844 τούτῳ

760 3911 873 3954 tum
909 3896 1176 3966 sequitur.
2415 3905 2445 3956 γ

2415 3903 2479 3956 γε
2509 3880 2920 3938 κατακολουθεῖ.

833 3991 922 4044 tl.
959 3956 1153 4044 (famis
1200 3987 1527 4058 cupiditates
1575 3989 1874 4059 reprimere
1918 3997 1975 4044 et
2019 4004 2208 4044 earum
2247 3993 2328 4045 in-
2489 3996 2518 4031 κ

2310 4019 2328 4030 .
2489 3983 2576 4031 ια’.
2631 3975 2832 4044 Στῆσαι
2905 3971 3003 4041 μὲν
3041 3968 3109 4022 τὰ
3142 3967 3238 4036 τῆς
3300 3962 3504 4035 σαρκὸς
3558 3961 3742 4029 πάθη,
3798 3958 3895 4059 καὶ
3919 3956 3991 4059 τά

764 4085 944 4141 sultus
974 4091 1191 4152 oportet
1234 4095 1330 4136 eos
1363 4082 1454 4152 qui
1508 4081 1563 4137 in
1614 4082 1818 4137 mundo
1853 4093 2141 4139 versantur
2168 4124 2184 4150 ,
2235 4095 2329 4141 aut
2419 4086 2449 4122 σ

2310 4095 2329 4140 ι
2419 4069 2767 4139 σκιρτήματα
2795 4063 2918 4126 τοὺς
2959 4063 3015 4113 ὲν
3048 4059 3240 4128 κόσμῳ
3271 4055 3680 4126 διατρίϐονταςο
3718 4051 3992 4152 ἥκω-σὺν

758 4193 882 4233 cum
918 4145 1129 4230 ratione
1174 4145 1537 4242 requiescere,
1568 4173 1725 4241 juxta
1763 4172 1936 4228 illud:
1980 4192 1999 4227 ι
2041 4145 2242 4229 Vacate
2271 4185 2327 4230 et
2419 4160 2443 4212 λ

2308 4185 2327 4230 ι
2419 4160 2562 4229 λόγῳ
2601 4155 2900 4226 σχολάζειν,
2956 4150 3099 4204 κατὰ
3127 4149 3188 4201 τό
3208 4162 3221 4175 ·
3253 4166 3271 4198 ι
3291 4146 3622 4215 Σχολάσατε,
3665 4145 3760 4196 καὶ
3788 4145 3990 4242 γνωτε,

761 4231 936 4323 ridete
963 4231 1286 4319 rationabile
1316 4277 1438 4318 esse
1471 4231 1694 4329 id'ti'eri;
1719 4281 1738 4315 ι
1772 4263 1990 4318 abolere
2020 4272 2202 4319 autem
2235 4273 2329 4319 aut
2420 4268 2446 4303 ε

2309 4273 2329 4318 ι
2420 4251 2564 4312 εἰκὸς
2621 4245 2760 4300 εἶναι
2810 4241 3080 4312 γενέσθαι.
3114 4259 3132 4291 ι
3172 4236 3484 4305 Ἐξαλεῖψαι
3540 4235 3599 4288 δὲ
3647 4231 3993 4329 ἢΑάῗανίσαι

762 4357 1032 4426 dissipare
1065 4352 1407 4423 impossibile
1430 4362 1530 4407 est.
1561 4352 1677 4409 Vita
1712 4363 1891 4409 autem
1929 4356 2208 4412 eremitica
2239 4371 2326 4412 so-
2419 4344 2447 4395 ἀ

2311 4387 2326 4398 .
2419 4342 2699 4396 ἀδύνατον.
2739 4340 2798 4391 Ὀ
2823 4337 2882 4390 δὲ
2915 4333 3178 4406 ὲρημικδς
3226 4331 3339 4401 βίος
3365 4328 3549 4396 σαφῶς
3575 4323 3828 4396 έκριζοῦν
3852 4320 3996 4376 οἶδεν

763 4453 836 4506 let
896 4447 1222 4520 cupiditates
1280 4445 1601 4515 exstirpare.
2363 4431 2577 4521 ῡαὺτὰ.

833 4541 921 4596 12.
965 4505 1041 4594 iit
1079 4539 1238 4608 aquis
1289 4505 1611 4594 salientibus
1653 4539 1824 4594 altera
1866 4540 2085 4609 quidem
2117 4542 2328 4597 violen-
2365 4505 2402 4521 υ
2489 4532 2518 4594 ι]

2310 4572 2328 4583 .
2365 4505 2402 4521 υ
2489 4525 2576 4594 ιβ’.
2625 4522 2748 4576 Ἐπὶ
2786 4517 2881 4571 τοῦ
2917 4517 3213 4586 ἁλλομένου
3251 4512 3439 4574 ὕδατος
3482 4509 3543 4563 τὸ
3576 4509 3694 4578 μὲν.
3728 4505 3995 4572 ὁξυτέοαν

765 4633 957 4688 tiorem
989 4631 1154 4685 habet
1193 4638 1444 4695 motum;
1489 4631 1658 4685 altera
1696 4646 1822 4686 vero
1869 4635 2225 4703 tranquillum
2275 4647 2329 4690 et
2419 4620 2450 4671 ε

2311 4647 2329 4690 ι
2419 4620 2531 4689 ἔχει
2584 4615 2678 4684 τὴν
2728 4612 2957 4679 κίνησιν·
2985 4607 3046 4660 τὸ
3082 4606 3162 4669 δὲ,
3192 4604 3436 4674 γαληνὴν
3495 4601 3592 4654 καί¹
3633 4599 3996 4703 βραδυτέραν.

769 4725 1079 4781 lentiorem.
1119 4722 1272 4776 Prior
1301 4730 1484 4776 autem
1519 4724 1726 4777 turbari
1755 4723 1868 4779 fere
1902 4727 2088 4795 nequit
2113 4729 2184 4781 ob
2213 4742 2331 4782 mo-

771 4821 859 4866 tus
891 4810 1230 4879 rapiditatem
1258 4825 1273 4874 ;
1301 4809 1444 4879 quod
1477 4809 1520 4864 si
1555 4812 1835 4879 paululum
1870 4816 2139 4878 turbetur,
2174 4814 2330 4872 facile

771 4915 987 4957 rursum
1037 4900 1356 4963 mundatur,
1387 4901 1589 4970 quippe
1625 4917 1745 4971 quae
1778 4908 1937 4957 talem
1983 4905 2180 4961 habeat
2217 4923 2330 4961 ωο-

767 5005 902 5046 tum.
937 4991 1231 5059 Postquam
1279 5006 1408 5048 VCI’O
1450 5003 1691 5050 mutatus
1723 5005 1807 5050 εει
1853 5012 2009 5066 aqua:
2040 5014 2235 5054 CUI‘SllS
2275 5009 2330 5056 ει

765 5097 965 5153 parvus
990 5081 1214 5137 eﬂectus
1243 5092 1348 5146 est,
1377 5099 1481 5143 non
1514 5087 1676 5140 modo
1702 5088 1975 5154 turbatur,
2009 5091 2104 5144 sed
2134 5102 2187 5144 et
2218 5093 2329 5148 fere

759 5178 1020 5230 immotus
1048 5184 1272 5230 manet:
1306 5178 1508 5247 indiget
1529 5179 1671 5232 enim
1720 5181 1952 5249 quadam
1996 5198 2135 5237 nova
2172 5201 2332 5238 mun-

769 5266 1009 5332 datione,
1043 5277 1101 5322 ut
1131 5268 1200 5321 ita
1242 5269 1439 5332 dicam,
1473 5279 1524 5323 ει
1555 5285 1692 5325 novo
1720 5283 1890 5328 motu.

837 5359 926 5412 13.
970 5357 1042 5412 lis
1059 5359 1151 5427 qui
1180 5359 1563 5429 ingrediuntur
1586 5375 1636 5414 et
1663 5378 1841 5418 mores
1863 5365 2160 5422 informant
2178 5383 2330 5434 suos,

766 5457 820 5503 ει
850 5459 1037 5520 agunt,
1082 5467 1176 5519 per
1209 5452 1500 5506 tumultum
1547 5455 1839 5510 confusum
1876 5459 1957 5511 vel
2005 5459 2167 5514 etiam
2223 5477 2329 5516 non

765 5539 1081 5604 confusum,
1123 5542 1333 5596 daemon
1389 5543 1714 5613 ingreditur.
1763 5547 1832 5600 lis
1866 5563 1996 5603 vero
2045 5552 2138 5619 qui
2194 5567 2330 5605 con-

768 5635 1121 5704 temptantur,
1155 5634 1418 5704 quasdam
1457 5637 1773 5705 phantasias
1799 5641 2024 5710 objicit;
2070 5643 2143 5696 ita
2178 5655 2234 5696 ut
2267 5643 2334 5699 iis

769 5727 1016 5780 \ideatur
1045 5741 1248 5791 aerem,
1287 5738 1541 5799 tanquam
1568 5730 1772 5797 lumen,
1803 5734 1989 5788 colore
2012 5749 2132 5790 csse
2162 5737 2331 5788 vesti-

766 5830 879 5874 tum
909 5837 922 5887 ;
958 5821 1091 5876 alias
1137 5831 1193 5875 ut
1234 5822 1434 5891 ignem,
1471 5839 1562 5881 eas
1592 5825 1824 5894 profert,
1859 5837 1916 5882 ut
1954 5845 2048 5900 per
2105 5841 2330 5886 contra~

2423 4710 2496 4761 Τὸ
2527 4707 2621 4778 μὲν
2649 4704 2740 4757 οὖν
2771 4702 3057 4772 πρότερον,
3091 4696 3211 4750 οὐδὲ
3255 4693 3558 4762 θολωθῆναι
3599 4690 3800 4761 ῥᾳδίως
3832 4689 3996 4742 δύναο

2423 4817 2512 4855 ται
2536 4797 2624 4851 διὰ
2646 4796 2707 4849 τὸ
2726 4794 2824 4862 τῆς
2845 4791 3112 4860 κινήσεως
3136 4786 3321 4854 τῆος.
3348 4785 3408 4837 Et
3429 4783 3486 4835 δὲ
3518 4783 3612 4834 καὶ
3635 4781 3771 4850 πρὸς
3800 4779 4001 4849 μικρὸν

2424 4909 2704 4978 θολωθείη,
2744 4907 2872 4977 ῥᾷον
2900 4901 3056 4963 αὖθις
3101 4898 3455 4967 καθαίρεταιο
3491 4894 3588 4948 an
3621 4889 3685 4958 δὴ
3736 4886 4006 4956 τοιαύτην

2426 5003 2549 5072 ἕχον
2586 4977 2686 5068 τὴν
2745 4997 2980 5064 κίνησιν.
3022 4990 3277 5044 Ἐπειδὰν
3305 4988 3361 5040 δὲ
3387 4987 3448 5038 τὸ
3475 4982 3653 5053 ῥεῦμα
3676 4979 3773 5033 τοῦ

2423 5069 2752 5153 ἁλαττωθὲν,
2819 5085 3182 5156 σμικρότατον
3216 5083 3438 5146 γένηται
3458 5095 3471 5110 ο
3501 5076 3562 5128 οὐ
3623 5072 3782 5143 μόνον
3815 5069 4007 5123 θολοῦ-

2425 5204 2531 5244 ται,
2565 5184 2699 5235 ἀλλὰ
2761 5180 2944 5249 σχεδὸν
3009 5177 3101 5228 καὶ
3165 5174 3420 5240 ἀκίνητον
3467 5169 3653 5237 μένει·
3683 5165 3855 5218 δεῖται
3894 5163 4008 5233 γάρ

2428 5293 2568 5338 τινος
2601 5273 3045 5339 ἀνακαθάρσεως,
3071 5267 3143 5328 ὼς
3175 5266 3373 5325 εἰπεῖν,
3399 5261 3492 5314 καὶ
3532 5259 3822 5324 κινήσεως.

2503 5373 2590 5434 ιγ’.
2637 5367 2761 5426 Τοῖς
2825 5362 2918 5430 μὲν
2969 5357 3380 5424 εἰσαγωγικοίς,
3440 5350 3536 5404 καὶ
3593 5349 3805 5417 ἠθικοῖς
3844 5387 3859 5406 ,
3912 5347 4010 5398 καὶ

2431 5458 2804 5531 πρακτικοῖςὸ
2833 5455 3040 5522 δαίμων
3097 5451 3181 5503 διὰ
3229 5447 3417 5516 ψόφων
3463 5441 3775 5511 άνάρθρων,
3826 5439 3859 5507 ἦ
3913 5440 4010 5490 καὶ

2433 5550 2713 5619 ἐνάρθρων
2764 5545 3164 5614 ἐπεισέρλεται.
3208 5539 3345 5599 Τοὺς
3373 5537 3428 5590 δὲ
3459 5535 3587 5606 περὶ
3615 5532 3714 5603 τὴν
3743 5531 4008 5599 θεωρίαν,

2433 5643 2728 5712 φαντασίας
2762 5637 2910 5699 τινὰς
2942 5635 3289 5689 είόωλοποιεί·
3322 5631 3394 5693 ὼς
3425 5631 3602 5683 δοκεῖν
3631 5622 4012 5694 χρωματίζειν

2433 5736 2520 5787 τὸν
2551 5735 2706 5802 ἀέρα,
2739 5732 2895 5801 δίκην
2952 5731 3149 5798 φωτός·
3182 5726 3310 5778 ποτὲ
3337 5723 3390 5776 δὲ
3433 5722 3530 5774 καὶ
3549 5719 3622 5782 ὡς
3652 5716 3763 5785 πῦρ
3795 5713 4013 5776 ταύτας

2437 5825 2722 5898 προφέρει,
2753 5825 2837 5876 ἵνα
2863 5821 2952 5874 διὰ
3005 5823 3101 5891 τῆς
3137 5816 3383 5878 ἐναντίας
3422 5814 3619 5884 μοίρας
3640 5806 4013 5874 ἀποτῖλαι-ήδη
