4266 6450
265 421 366 483 817

272 540 364 590 τὸν
390 537 485 590 τοῦ
520 537 760 608 Χριστοῦ
796 536 1060 607 ἀθλητήν.

347 733 427 788 ιδ’.
467 734 528 785 Ei
555 733 733 802 βούλει
772 733 964 803 μαθεῖν
997 734 1112 795 πῶς
1141 732 1222 785 δεῖ
1252 726 1675 801 προσεύχεσθαι,
1722 725 1850 776 σκό-

271 845 366 879 πει
393 828 455 879 τὸ
496 827 648 888 τέλος
695 827 797 895 τῆς
839 826 1135 896 προσοχῆς,
1182 822 1344 894 ἦκαὶ
1386 822 1485 890 τῆς
1516 817 1848 889 προσευχῆς.

268 920 365 972 καὶ
418 921 492 987 μὴ
552 918 770 972 ἁπατῶ.
830 918 1049 986 Ταύτης
1105 916 1213 986 γὰρ
1252 915 1313 968 τὸ
1359 914 1528 976 τέλος.
1580 912 1853 980 ἀγαπητὲ,

266 1010 571 1075 κατάνυξίς
606 1012 723 1062 ἐστι
754 1010 1031 1078 διηνεκὴς,
1086 1005 1349 1076 ωντριόὴ
1381 1003 1633 1073 καρδίας,
1667 1003 1855 1071 ἀγάπη

268 1105 409 1173 πρὸς
466 1103 560 1155 τὸν
632 1103 863 1173 πλησίον
903 1117 919 1133 ⁸
990 1100 1052 1153 τὸ
1115 1100 1172 1153 δὲ
1233 1096 1475 1152 ὲναντίον
1546 1096 1812 1165 πρόδηλον
1841 1133 1858 1158 ,

268 1194 576 1264 ἐπιθυμίας
639 1194 925 1264 λογισμὸς,
962 1191 1294 1255 καταλαλιᾶς
1320 1189 1675 1260 ψιθυρισμὸς,
1702 1189 1859 1258 μῖσος

987 423 1196 486 CALL.
1228 421 1634 485 TELICUDIE
1673 419 1768 479 DE
1804 416 2094 490 QUIETA
2128 412 2779 478 CONVERSA'I'IONE.

1866 536 1913 591 Α
1944 535 2079 584 riam
2115 538 2315 582 sortem
2351 544 2472 583 eum
2503 526 2712 579 Christi
2745 523 3010 576 athletam
3054 520 3104 573 in
3147 530 3392 573 errorem
3450 518 3527 568 in-

1953 625 2138 678 ducat.

3427 404 3532 472 818

2027 717 2113 772 Μ.
2184 714 2238 770 Si
2297 713 2380 768 vis
2437 712 2647 764 discere
2696 706 2971 779 quomodo
3026 720 3186 760 orare
3256 712 3528 772 oporteat.

1959 812 2174 865 intuere
2215 804 2537 861 attentionis
2584 802 2747 855 linem
2803 809 2899 854 aut
2951 797 3115 852 etiam
3156 797 3445 857 orationis,
3481 806 3535 849 et

1957 902 2066 955 noli
2123 913 2327 953 errare.
2383 895 2559 963 llnjus
2610 892 2755 947 enim
2825 892 2971 958 finis,
3022 888 3401 953 dilectissime,
3449 896 3535 943 est

1959 993 2282 1050 indesinens
2308 989 2683 1059 compunctio,
2713 987 2896 1041 cordis
2941 981 3227 1046 contritio,
3260 981 3313 1035 in
3348 981 3531 1050 proxi-

1958 1105 2108 1144 mum
2145 1086 2411 1141 charitas.
2441 1082 2793 1138 Contrarium
2823 1087 3004 1133 antem
3040 1074 3391 1131 manifestum
3422 1082 3530 1140 est,

1959 1181 2275 1251 cupiditatis
2327 1176 2610 1248 cogitatio,
2669 1173 2958 1229 calumniae
3008 1187 3294 1238 murmur,
3346 1169 3531 1226 odium

268 1290 409 1358 πρὸς
448 1292 541 1341 τὸν
564 1287 816 1359 πλησίον,
844 1288 939 1340 καὶ
968 1288 1067 1340 ὅσα
1093 1285 1304 1347 τούτοις
1338 1284 1635 1355 παρόμοια.
1959 1274 2013 1333 in
2049 1290 2144 1343 pro

1959 1274 2013 1333 in
2049 1274 2380 1343 proximum,
2424 1280 2478 1323 ct
2507 1269 2609 1322 alia
2645 1267 2976 1323 istiusmodi.

826 1654 1177 1788 ΤΟΥ
1252 1653 1888 1787 ΚΥΡΙοΥ
1982 1556 2971 1782 ΚΑΛΛΙΣΤΟΥ

1594 1891 1731 1946 ΤΟΥ
1794 1890 2201 1945 ΤΗΛΙΚυΥΔΙΙ

1084 2059 1343 2145 ΠΕΡΙ
1420 2055 2205 2147 ΗΣΥΧΑΣΤΙΚΗΣ
2279 2054 2697 2140 ΤΡΙΒΗΣ.

1219 2413 1770 2545 DOMINI
1834 2412 2559 2542 CALLISTI

1674 2658 2132 2722 TELICOUDAE

979 2831 1125 2920 DE
1183 2831 1633 2939 QUIETA
1708 2823 2711 2923 CONVERSATIONE
2781 2811 2815 2846 ⁸

350 3188 468 3239 Οὐκ
512 3186 630 3239 ἐστι
693 3184 1051 3254 μετανοῆσαι,
1087 3184 1257 3255 χωρὶς
1288 3182 1520 3251 ἡσυχίας
1552 3199 1567 3214 ⁸
1605 3182 1724 3236 οὐδὲ
1754 3180 1866 3233 ἔστι
1891 3183 1933 3239 Β
2033 3176 2144 3232 Non

1891 3183 1933 3239 Β
2033 3176 2150 3232 Non
2205 3178 2331 3233 licet
2377 3178 2645 3248 poenitere
2676 3178 2887 3249 absque
2936 3181 3370 3251 tranquillitate;
3419 3202 3529 3241 non

277 3281 374 3329 aut
425 3275 679 3329 ὁπωσοῦν
734 3276 1111 3344 καθαρότητος
1164 3273 1428 3343 ἅψασθαι,
1460 3274 1866 3343 ἀναχωρήσεως
1959 3266 2113 3324 licet

1959 3266 2438 3339 licet'puritatem
2497 3273 2711 3341 assequi
2774 3272 2893 3330 sine
2966 3276 3289 3341 solitudine;
3356 3292 3532 3346 neque

277 3370 408 3422 ἄνευ
430 3385 443 3397 ·
479 3366 602 3419 οὐδὲ
660 3364 798 3434 μετὰ
830 3364 929 3431 τῆς
963 3363 1181 3432 ὁμιλίας
1223 3361 1318 3414 καὶ
1367 3362 1610 3430 ὁράσεως
1646 3360 1753 3411 τῶν
1774 3359 1869 3411 ἀν·
1958 3376 2082 3416 cum
2116 3361 2144 3415 f1

1866 3388 1869 3396 ν
1958 3376 2082 3416 cum
2116 3361 2554 3431 frequentatione
2605 3378 2670 3417 ac
2716 3364 2836 3418 visu
2893 3366 3172 3420 hominum
3229 3383 3524 3437 possumus

278 3459 543 3526 θρώπων,
608 3454 833 3508 δυνατὸν
868 3454 967 3521 τῆς
1004 3453 1221 3521 ὁμιλίας
1259 3452 1352 3505 καὶ
1382 3452 1617 3522 θεωρίας
1638 3450 1870 3520 ὰξιωθῆ-
1960 3454 2107 3524 (ἥδηί

1866 3477 1870 3489 ι
1960 3454 2107 3524 digni
2160 3454 2349 3509 haberi
2404 3454 2498 3524 qui
2542 3470 2666 3510 cum
2719 3456 2829 3510 Deo
2862 3472 3250 3513 conversemur
3295 3475 3533 3530 eumque

276 3566 366 3599 vat
404 3546 500 3599 τοῦ
556 3545 717 3599 Θεοῦ,
752 3545 851 3597 Διὰ
899 3542 1061 3597 τοῦτο
1090 3538 1170 3606 οἷς
1204 3542 1421 3611 ἐγένετο
1443 3543 1529 3595 διὰ
1565 3541 1865 3612 φροντίδος,

279 3638 816 3709 μεταγνῶναιένεχα
851 3637 962 3689 τῶν
993 3634 1207 3688 ἑαυτῶν
1232 3634 1608 3704 ἐσφαλμένων,
1644 3633 1736 3686 καὶ⁸
1762 3632 1870 3686 τῶν

278 3730 477 3784 παθῶν
536 3729 918 3800 καθαρθῆναι,
977 3729 1073 3781 καὶ
1116 3729 1302 3797 τυχεῖν
1332 3768 1347 3790 ,
1414 3728 1508 3779 καὶ
1562 3723 1867 3778 ἀπολαῦσαι

273 3822 523 3892 ὁμιλίας,
571 3821 665 3873 καὶ
701 3820 939 3891 θεωρίας
974 3819 1133 3884 Θεοῦ,
1163 3819 1384 3887 ὃπέρας
1418 3820 1512 3870 καὶ
1543 3818 1741 3878 σκοπὸς
1760 3816 1869 3869 τῶν

275 3911 426 3965 κατὰ
476 3910 611 3962 Θεὸν
662 3908 1125 3980 πολιτευομένων,
1166 3910 1262 3961 καὶ
1287 3909 1566 3980 ἀρραϐὼν,
1604 3908 1671 3960 ἵν’
1701 3908 1864 3969 εἴπω,

274 4005 379 4070 τῆς
413 4002 636 4056 αἰωνίου
679 4002 1051 4072 κληρονομίας
1084 4002 1174 4053 καὶ
1206 3999 1299 4052 τοῦ
1338 3999 1498 4065 Θεοῦ,
1520 4001 1619 4070 ὅσῃ
1652 4002 1868 4069 μηχανῇ

276 4093 518 4162 ἡσυχίαν
582 4092 1009 4162 μεταδιώκουσι·
1072 4092 1169 4144 καὶ
1198 4093 1500 4160 ἀναχωρεῖν
1525 4094 1618 4143 καὶ
1646 4092 1871 4158 φεύγειν

272 4186 409 4247 τοὺς
458 4183 782 4255 ἀνθρώπους
840 4182 1117 4253 προῦργου
1172 4182 1469 4245 ποιοῦνται,
1546 4182 1683 4251 μετὰ
1736 4182 1870 4235 καθ-

275 4279 512 4345 ήκοντος
540 4276 635 4329 τοῦ
669 4277 769 4345 τῆς
795 4274 971 4344 ψυχῆς
998 4276 1344 4342 διακειμένου
1375 4275 1593 4340 παντὸς,
1622 4274 1871 4329 ἐντεῦθεν
1963 4291 2033 4345 ηε
2057 4308 2071 4355 ;
2109 4288 2144 4342 ί,

1866 4291 1871 4316 ’
1963 4291 2071 4355 tis;
2109 4288 2235 4342 inde
2269 4302 2402 4342 sane
2446 4287 2514 4341 iis
2541 4284 2866 4354 principium
2903 4293 3007 4349 est,
3038 4284 3089 4335 in
3131 4284 3537 4351 tranquillitate

270 4372 418 4439 δῆτα
455 4366 668 4429 τούτοις
719 4366 886 4436 ἀρχὴ,
921 4361 982 4418 ἒν
1020 4365 1223 4437 ἠσυχίᾳ
1279 4367 1339 4418 τὸ
1376 4365 1604 4428 πένθος·
1638 4368 1670 4437 ἡ
1706 4367 1867 4419 αὐτο·
1962 4381 2143 4444 (ιοιοιι1

1866 4398 1867 4405 ‘
1962 4381 2143 4444 dolor,
2174 4378 2453 4447 proprium
2484 4375 2566 4430 sui
2602 4374 2929 4444 vituperium
2957 4383 3012 4426 et
3045 4372 3347 4435 accusatio,
3376 4372 3448 4425 ita
3482 4382 3537 4425 ut

276 4461 523 4532 μεμψία,
548 4461 583 4529 ἡ
613 4458 825 4512 ἑαυτῶν
877 4457 1245 4525 κατάγνωσις,
1305 4458 1372 4511 δι’
1399 4458 1436 4512 ἃ.
1464 4458 1548 4511 ἵνα
1618 4458 1870 4531 καθαρώ-
1891 4519 1930 4537 Α
1966 4468 2139 4537 magis

1866 4487 1930 4537 ἠ
1966 4468 2139 4537 magis
2171 4465 2538 4527 mundentur;
2573 4461 2788 4532 vigiliae,
2815 4459 3081 4515 stabilitas
3104 4499 3119 4523 ,
3153 4460 3534 4527 temperantia,

1965 4572 2017 4616 et
2048 4558 2352 4627 corporalis
2382 4557 2555 4618 labor,
2582 4568 2813 4623 quorum
2844 4552 2964 4605 finis
3000 4549 3228 4605 omnino
3256 4560 3337 4604 est
3363 4551 3536 4620 lat-ry—

1965 4665 2181 4704 marum
2209 4647 2404 4702 effusio
2436 4662 2500 4701 ex
2534 4645 2711 4699 oculis
2745 4641 2964 4695 humilia
2997 4642 3358 4695 sentientibus
3390 4642 3538 4695 deci-

1964 4742 2119 4806 dens,
2156 4755 2352 4809 nempe
2391 4738 2445 4793 in
2486 4736 2669 4791 cordis
2703 4735 3150 4803 compunctione.
3194 4734 3261 4788 Et
3296 4733 3377 4788 sic
3422 4748 3535 4787 sua:

1964 4835 2295 4891 incumbunt
2340 4828 2704 4894 mundationi,
2736 4841 2965 4895 eamque
3016 4840 3111 4893 per
3143 4834 3300 4878 actus
3344 4837 3533 4876 consc-

1964 4936 2231 4997 quuntur.
2274 4926 2331 4977 ln
2366 4924 2435 4978 iis
2469 4922 2635 4992 igitur
2667 4921 2931 4975 terminus
2977 4916 3373 4988 cogitationum
3409 4930 3534 4984 pax,

1965 5030 2025 5073 ut
2068 5028 2122 5073 et
2170 5019 2223 5071 in
2258 5017 2383 5081 illis,
2416 5023 2474 5068 ut
2526 5014 2786 5077 diximus,
2822 5012 3184 5080 lacrymarum
3215 5006 3429 5062 eﬂusio.
3471 5005 3536 5060 Et

1970 5112 2096 5166 inde
2147 5125 2300 5164 mens
2335 5109 2525 5177 incipit
2576 5105 2738 5160 modo
2780 5104 3039 5168 naturali,
3092 5109 3319 5155 naturas
3352 5114 3531 5152 rerum

1968 5204 2301 5263 examinare,
2336 5208 2389 5254 et
2431 5198 2525 5252 Dei
2566 5205 2739 5252 artem
2782 5196 3149 5258 considerare,
3184 5192 3535 5258 divinamque

1969 5299 2351 5368 cognationem
2385 5294 2677 5363 concipere
2722 5301 2773 5345 et
2810 5288 3060 5359 potentia:
3091 5296 3144 5340 et
3170 5282 3455 5355 sapientia:
3480 5291 3534 5334 ct

1968 5390 2151 5459 glorizl'
2183 5398 2237 5442 et
2269 5385 2531 5441 bonitatis
2564 5393 2619 5439 et
2649 5383 2880 5437 aliorum
2918 5394 3040 5449 qua:
3070 5378 3136 5431 de
3168 5377 3279 5430 Deo
3305 5379 3535 5444 possunt

1969 5481 2171 5551 inquiri
2200 5499 2213 5545 ;
2254 5490 2307 5535 et
2340 5480 2391 5533 in
2423 5476 2723 5545 Scriptum
2756 5472 3009 5543 mysteria
3047 5470 3236 5534 intrat,
3265 5478 3317 5522 ct
3350 5480 3536 5534 super-

1969 5574 2240 5628 naturalia
2294 5577 2480 5641 gustat
2533 5569 2715 5631 bona,
2776 5576 2830 5620 et
2896 5561 3271 5633 supercmlesti
3335 5558 3535 5613 fruitur

1970 5662 2398 5735 pulchritudine,
2422 5670 2475 5715 et
2521 5660 2715 5713 divinm
2753 5657 3031 5712 charitatis
3072 5654 3335 5710 formatur
3373 5664 3535 5718 capa-

1961 3547 2416 3615 contemplemur.
2455 3546 2585 3602 Ideo
2615 3547 2708 3615 qui
2746 3548 3011 3615 poenitere
3040 3558 3233 3603 curant
3260 3551 3328 3605 de
3356 3552 3535 3621 culpis

1960 3654 2097 3710 quas
2126 3639 2419 3703 admisere,
2450 3647 2505 3692 et
2537 3654 2567 3692 a
2598 3638 2992 3707 cupidiwibus
3041 3641 3317 3708 mundari,
3343 3654 3395 3696 et
3443 3658 3536 3697 as-

1963 3731 2119 3801 sequi
2166 3740 2220 3786 et
2262 3740 2485 3801 gustare
2536 3729 2632 3785 Dei
2681 3731 3150 3786 conversationem
3201 3735 3535 3803 contempla-

1961 3826 2269 3894 tionemque
2333 3825 2447 3894 (qui
2498 3823 2762 3877 terminus
2811 3835 2894 3877 est
2931 3838 3120 3877 eorum
3184 3824 3274 3892 qui
3339 3838 3533 3879 secun-

1962 3919 2089 3974 dum
2125 3917 2294 3972 Deum
2326 3919 2535 3981 vivunt,
2560 3926 2614 3971 et
2640 3916 2859 3987 pignus,
2894 3927 2950 3971 ut
2982 3916 3053 3969 ita
3081 3916 3281 3982 dicam,
3314 3926 3535 3972 aeternae

1962 4010 2054 4065 Dei
2089 4009 2463 4078 hmreditatis),
2485 4008 2613 4063 totis
2648 4008 2853 4062 viribus
2881 4006 3328 4077 tranquillitatem
3355 4021 3535 4073 perse-

1962 4110 2241 4171 quuntur;
2289 4109 2344 4155 et
2404 4100 2656 4155 recedere
2710 4112 2775 4153 ac
2836 4098 3023 4167 fugere
3070 4098 3323 4152 homines
3378 4099 3534 4152 multi

1965 4195 2194 4256 faciunt,
2227 4194 2481 4249 omnibus
2509 4208 2629 4262 quaa
2665 4192 2717 4245 in
2758 4191 2936 4245 anima
2969 4200 3096 4244 sunt
3130 4200 3273 4244 recte
3303 4190 3535 4258 disposi-

273 4554 438 4625 τερον
499 4554 747 4623 γένηται·
784 4551 1107 4622 ὰγρυπνίαι,
1136 4551 1230 4605 καὶ
1284 4551 1523 4614 στάσεις,
1554 4550 1647 4604 καὶ
1670 4551 1870 4621 ἐγκρά-

270 4664 421 4708 τεια,
454 4646 550 4697 καὶ
572 4644 742 4706 κόπος
775 4643 1107 4712 σωματικὸς,
1142 4636 1217 4697 ῶν
1238 4642 1298 4695 τὸ
1333 4642 1507 4713 πέρας
1542 4642 1866 4713 συλλήϐδην,

268 4744 304 4809 ἡ
340 4738 453 4791 τῶν
515 4736 771 4805 δακρύων
824 4733 947 4806 ῥοὴ,
1016 4733 1284 4805 προϊοῦσα
1320 4735 1378 4800 ἐξ
1413 4733 1705 4803 ὀφθαλμῶν
1735 4752 1868 4804 φρο-

270 4831 519 4883 νούντων
560 4829 818 4893 ταπεινὰ,
851 4827 909 4879 ἐν
947 4824 1240 4890 κατανύξει
1273 4825 1429 4896 δήπω
1463 4825 1710 4897 καρδίας.
1759 4826 1869 4878 Καὶ

272 4924 415 4992 πρὸς
463 4921 736 4990 κάθαρσιν
798 4917 943 4972 οὕτω
992 4917 1355 4989 προσέχουσιν
1392 4959 1405 4981 ,
1464 4918 1608 4971 οὕτω
1666 4918 1868 4987 ταύτης

269 5011 746 5079 ἐπιτυγχάνουσιν
810 5006 902 5060 διὰ
972 5004 1246 5078 πράξεως.
1321 5008 1411 5060 Ἐν
1452 5006 1663 5069 τούτοις
1713 5006 1869 5069 αὖθις

270 5105 453 5174 πέρας
489 5103 523 5170 ἡ
550 5100 743 5170 εἰρήνη
799 5097 910 5151 τῶν
968 5098 1265 5166 λογισμῶν,
1315 5097 1502 5169 ὥσπερ
1536 5100 1595 5151 ὲν
1638 5097 1867 5160 ἐκείνοις

270 5202 306 5266 ἡ
356 5195 469 5249 τῶν
537 5191 813 5262 δακρύων,
840 5189 915 5255 ὡς
962 5188 1195 5259 ἔφημεν,
1253 5191 1507 5261 ὲπιρῤοή.
1557 5188 1867 5243 Κάντεῦθεν

269 5290 509 5358 ἄρχεται
537 5286 565 5337 ό
590 5284 737 5348 νοῦς,
800 5283 1085 5352 πεφυκότα
1132 5284 1353 5354 τρόπον,
1387 5283 1484 5344 τὰς
1529 5283 1717 5352 φύσεις
1759 5283 1866 5335 τῶν

266 5381 449 5431 ὄντων
488 5376 850 5440 ἀνασκοπεῖν,
878 5375 973 5427 καὶ
1002 5373 1102 5445 τὴν
1129 5374 1324 5444 τέχνην
1364 5375 1864 5445 καταστοχάζεσθαι

268 5468 369 5522 τοῦ
411 5466 573 5532 Θεοῦ,
610 5466 705 5518 καὶ
732 5463 885 5518 θείαν
914 5464 1123 5517 ἔννοιαν
1170 5464 1589 5534 ωλλαμόάνειν,
1634 5465 1729 5518 καὶ
1766 5466 1863 5535 τῆς

269 5560 587 5629 δυνάμεως,
632 5556 730 5610 καὶ
772 5555 990 5624 σοφίας,
1024 5556 1117 5609 καὶ
1141 5555 1319 5625 δόξης,
1350 5556 1443 5609 καὶ
1503 5557 1861 5626 ἀγαθότητος,

272 5653 370 5706 καὶ
394 5651 507 5705 τῶν
562 5648 737 5703 ἄλλων
758 5648 858 5702 ὅσα
910 5648 1040 5719 περὶ
1069 5647 1202 5701 Θεὸν
1226 5648 1570 5717 θεωρεῖσθαι,
1598 5648 1755 5720 ἔργον
1782 5650 1866 5718 γί-

347 5825 423 5887 (*)
455 5822 644 5893 "alii"
672 5821 951 5893 Ῑῗίζίίοσαθξη,
991 5826 1389 5893 ρταδεήίξᾴρηῑλὴυς
1439 5829 1671 5879 continue
1698 5829 2042 5884 adnectunlur,
2078 5824 2375 5883 interposito
2410 5823 2594 5869 tantum
2629 5814 2775 5866 titulo
2798 5826 2946 5876 quem
2981 5809 3357 5873 exscripsimus,
3379 5805 3537 5857 nulla-

347 5842 423 5887 (τι
457 5842 571 5873 ηπ
596 5842 644 5871 ιη
672 5842 943 5874 rmtocmm
991 5842 1267 5883 praecocem
1299 5842 1389 5874 nus
1439 5842 1671 5879 continue
1698 5842 2042 5884 aunccruntur,
2078 5842 2375 5883 Interposuu
2411 5842 2594 5869 till“.qu
2630 5842 2721 5866 ιιιυ

276 5899 381 5950 que
406 5885 662 5948 praemissa
698 5884 1011 5947 biographica
1046 5889 1235 5937 notitia.
1268 5842 1395 5939 ἑυιτ.
2716 5891 2723 5905 ‘
