4266 6450
706 413 809 478 819

1963 407 2309 469 CALLiSTl
2351 402 2761 466 TELlCUDA‘I

3853 394 3956 460 820

706 540 855 590 citas.
919 536 979 587 Et
1020 536 1097 588 sic
1143 547 1329 584 amore
1373 530 1587 599 capitur
1645 539 1699 582 et
1749 528 1949 599 gaudet
1999 537 2051 580 et
2102 528 2275 590 ardet,
2313 526 2391 577 A‘

2268 570 2275 590 ἱ
2313 526 2356 577 Α
2387 529 2554 571 νεται,
2586 509 2680 561 καὶ
2722 509 2801 570 εἰς
2830 506 2895 558 τὰ
2928 503 3162 574 μυστικὰ
3206 504 3375 572 χωρεῖ
3413 501 3515 570 τῆς
3568 500 3814 570 Γραφῆςν
3862 503 3953 554 καὶ

704 638 993 698 postquam
1017 626 1081 677 ad
1115 624 1403 676 terminum
1433 622 1744 690 pervenerit
1765 621 2052 685 virtutum,
2087 635 2279 689 nempe

706 721 949 772 omnium
983 732 1163 769 rerum
1201 712 1479 769 Cre'atoris
1516 713 1861 774 (baritatctn,
1884 714 2089 765 nullum
2117 712 2169 764 in
2213 712 2278 763 iis

712 825 957 863 errorem
1008 808 1124 862 sive
1155 807 1389 874 patiens,
1425 805 1542 858 sive
1591 803 1901 871 suspicans,
1936 799 2277 855 solummodo

707 917 869 969 apsus
917 909 969 952 et
1002 898 1419 968 peceaminosos
1458 904 1638 948 motus
1695 893 2119 962 indecentesque
2166 891 2276 959 agi-

710 996 941 1050 tationes
978 1009 1040 1047 ex
1074 990 1260 1045 multis
1309 988 1506 1051 causis,
1555 995 1738 1056 utpote
1772 985 1863 1054 qui
1919 984 2096 1038 adhuc
2137 984 2272 1037 verti

714 1098 914 1158 potest,
970 1085 1215 1139 subiens.
1250 1082 1307 1136 In
1345 1082 1545 1150 quibus
1576 1087 1786 1147 nportet
1824 1086 1883 1130 ut
1930 1078 2160 1146 seipsam
2191 1093 2275 1130 re-

713 1181 892 1248 cipiat,
935 1179 1095 1245 longe
1142 1185 1292 1244 staqs
1334 1190 1361 1225 a
1419 1173 1798 1240 desperatione
1852 1180 1906 1223 et
1963 1174 2027 1222 ad
2092 1168 2273 1222 divina

715 1271 1105 1326 misericordia:
1141 1283 1236 1335 spe
1277 1274 1481 1329 erecta,
1527 1262 1894 1332 lacrymisque
1938 1269 1990 1314 et
2023 1262 2274 1313 oratione

714 1372 764 1413 et
812 1361 932 1415 aliis
959 1361 1117 1414 dictis
1166 1359 1324 1413 bonis
1353 1366 1638 1423 occupata,
1673 1364 1726 1408 et
1761 1354 1945 1408 divino
1994 1354 2275 1406 charitatis

714 1451 964 1526 paradiso
994 1450 1195 1511 lmtata,
1229 1462 1335 1516 qua
1397 1446 1549 1506 licet,
1582 1444 1718 1497 nihil
1762 1443 1995 1511 amplius
2026 1457 2275 1502 cernens,

713 1557 889 1609 neque
935 1540 1247 1609 imaginem,
1282 1552 1459 1606 neque
1512 1535 1904 1599 substantiam,
1956 1549 2134 1603 neque
2170 1534 2277 1588 for-

713 1650 875 1699 mam,
905 1649 1095 1698 neque,
1134 1646 1241 1683 uno
1270 1631 1458 1690 verbo,
1496 1629 1795 1697 quidquam
1840 1627 2010 1691 aliud,
2044 1627 2146 1681 nisi
2198 1626 2275 1679 la-

711 1742 943 1795 rt'ytnas,
975 1735 1025 1777 et
1054 1723 1446 1792 cogitationum
1477 1735 1659 1788 pacem
1702 1729 1756 1773 et
1785 1718 1873 1772 Dei
1907 1717 2271 1772 dilectionem.

712 1816 766 1868 ln
803 1817 866 1869 iis
902 1817 1045 1868 enim
1074 1826 1127 1868 et
1159 1824 1301 1867 recta
1339 1814 1421 1865 via
1448 1821 1696 1865 servatur
1726 1822 1779 1865 et
1809 1812 2010 1864 animae
2049 1810 2273 1864 humilia

712 1910 996 1963 sentientis
1034 1909 1181 1960 salus
1219 1906 1544 1973 acquiritur,
1569 1913 1622 1957 et
1656 1902 1931 1972 vigilantis
1973 1911 2025 1954 et
2072 1901 2279 1953 orantis

714 2010 764 2058 ia
800 2005 1018 2059 Christo
1051 2003 1177 2056 Jestt
1213 2002 1442 2055 Domino
1472 2012 1677 2053 nostro.
1716 1998 1850 2052 Dum
1886 1998 1937 2050 itt
1965 1997 2160 2051 cellula
2192 2007 2280 2051 tua

712 2101 891 2153 sedes.
920 2099 1170 2151 liduriitn
1200 2098 1393 2149 habeat
1416 2095 1477 2146 ad
1507 2093 1671 2147 Deum
1703 2108 1854 2146 utens
1889 2091 1942 2144 iu
1979 2090 2282 2145 humilitate

713 2174 1006 2247 eotzstitnta
1044 2210 1059 2256 ;
1090 2190 1451 2243 humilitatem
1487 2190 1702 2255 quidem
1736 2202 1797 2238 ex
1834 2200 1931 2239 sua
1967 2184 2282 2238 infirmitate

721 2303 785 2340 ac
816 2286 1028 2348 nihilo;
1081 2282 1327 2336 Iidueiam
1367 2296 1495 2333 vero
1524 2288 1743 2348 propter
1783 2277 2280 2346 supereminenlcm

718 2377 809 2431 Dei
846 2376 1167 2429 rharitatetn
1195 2383 1250 2427 et
1286 2372 1626 2425 tolerantiam
1657 2383 1820 2437 quam
1855 2383 1980 2436 erga
2013 2369 2282 2421 hominem

717 2470 893 2520 habet.
936 2467 1029 2519 Sic
1070 2466 1216 2519 enim
1263 2465 1439 2517 anima
1490 2462 1553 2515 ad
1604 2461 1864 2514 honorem
1911 2460 2005 2514 Dei
2038 2458 2283 2525 ducitur,

713 2555 1147 2622 quandoquidem
1174 2554 1406 2621 seipsant
1436 2560 1689 2617 tanquam
1723 2550 2084 2619 peccatricem
2119 2564 2287 2617 agno-

714 2662 891 2711 scens,
928 2646 980 2698 in
1047 2644 1136 2697 Dei
1221 2642 1589 2697 misericordia
1660 2640 1883 2694 conﬁdit
1941 2649 1994 2695 et
2054 2639 2286 2709 seipsam

715 2741 932 2792 attollit.
1002 2738 1342 2806 Quapropter
1405 2736 1625 2789 divinus
1669 2733 1867 2786 Paulus
1938 2748 2037 2785 nos
2100 2732 2285 2784 horta-

720 2846 806 2883 ltll'
857 2830 1043 2883 dicens
1084 2848 1096 2881 :
1133 2846 1151 2878 ι
1194 2826 1467 2880 Adeamus
1517 2841 1639 2879 eum
1704 2825 1897 2878 ﬁducia
1928 2824 1993 2877 ad
2035 2825 2285 2877 thumum

721 2921 924 2991 gratite.
966 2939 983 2971 ι
1018 2919 1232 2972 Etenim
1267 2933 1391 2971 vere
1423 2916 1615 2971 oculus
1638 2925 1720 2969 est
1752 2916 2019 2968 orationis
2062 2927 2149 2967 ant
2195 2915 2279 2966 ala

716 3012 1047 3081 antquidam
1086 3009 1321 3071 habitus,
1368 3007 1434 3059 ad
1471 3007 1637 3061 Deum
1676 3006 1871 3060 lidueia
1904 3024 1917 3069 ;
1954 3022 2056 3057 non
2089 3005 2277 3071 ιιιίιιιιε

717 3104 935 3171 quando
969 3102 1093 3170 quis
1144 3101 1198 3154 in
1234 3099 1451 3169 prepria
1489 3098 1732 3152 bonitate
1779 3096 2039 3157 conlidit;
2084 3096 2223 3149 absit
2261 3137 2275 3155 ,

718 3207 766 3247 el
799 3198 957 3264 longe
988 3195 1054 3249 ab
1098 3194 1197 3247 hac
1238 3190 1595 3259 disttositione
1641 3189 1901 3252 recedas;
1932 3188 2023 3242 sed
2060 3187 2282 3257 quando
2311 3171 2392 3264 Cf

1399 3190 1595 3245 sitione
1641 3189 1901 3252 recedas;
1932 3152 2038 3242 sedc
2060 3152 2282 3257 quando
2608 3155 2852 3264 ἑέξτήνξ-

722 3284 1004 3339 ineﬂ‘abilis
1059 3283 1447 3338 misericordia:
1493 3290 1544 3335 et
1580 3280 1862 3333 charitatis
1904 3291 1957 3331 et
2011 3279 2285 3347 patientia.-

724 3379 815 3431 Dei
870 3378 1078 3431 ratione
1127 3378 1179 3429 itt
1251 3375 1491 3430 divinam
1527 3390 1675 3442 spem
1724 3374 1922 3427 evolat.
1972 3372 2076 3426 Ora
2124 3372 2287 3441 igitur

722 3487 846 3522 cum
894 3469 1128 3522 ﬁtluriali
1170 3467 1538 3520 familiaritate
1583 3465 1637 3519 in
1691 3466 1883 3519 humili
1932 3464 2281 3532 cogitatione,

646 3592 647 3597 η
724 3564 859 3614 bona
887 3575 982 3628 spe
1009 3561 1265 3624 nutritus,
1299 3558 1352 3611 in
1383 3557 1509 3621 Deo,
1531 3568 1589 3610 ut
1615 3557 1820 3610 dictum
1854 3565 1957 3619 est,
1986 3557 2037 3607 in
2068 3553 2286 3608 Chrism

721 3653 871 3715 Jesu,
925 3650 1154 3703 Domino
1186 3661 1395 3702 nostro.
1447 3648 1673 3718 Oportet
1726 3646 1893 3716 igitur
1936 3654 1987 3699 te
2033 3645 2282 3713 persequi

725 3760 786 3796 ea
831 3758 951 3811 qua:
981 3757 1179 3810 corpus
1208 3740 1450 3811 ainiguttt
1493 3747 1546 3794 et
1586 3750 1820 3794 tuentem
1877 3736 2287 3805 impedimentis

726 3834 983 3889 liberant.
1024 3832 1147 3887 llaec
1193 3843 1374 3886 autem
1418 3839 1569 3896 sunt,
1606 3829 1898 3884 mediocris
1940 3829 2117 3893 cibus,
2152 3826 2288 3881 levis

725 3935 905 3996 potus,
943 3940 1166 3979 somnus
1227 3924 1423 3987 brevis,
1477 3922 1742 3977 stabilitas
1783 3935 1880 3989 pro
1913 3918 2143 3981 viribus,
2189 3930 2286 3986 pro

726 4019 933 4072 viribus
980 4018 1145 4071 etiam
1180 4013 1579 4085 genttﬂexiones
1608 4013 1659 4065 itt
1688 4012 1880 4065 humili
1923 4008 2108 4063 habitu
2135 4025 2151 4070 ;
2179 4007 2293 4060 vile

728 4109 1131 4173 indumentum,
1194 4106 1374 4160 brevis
1415 4119 1597 4159 sermo
1640 4113 1696 4157 et
1739 4102 2099 4160 necessarius,
2138 4098 2284 4151 humi

725 4201 960 4265 cubatio,
989 4208 1041 4252 et
1088 4199 1192 4252 alia
1220 4211 1555 4266 quaecunque
1600 4210 1795 4264 corpus
1825 4196 2016 4262 partim
2060 4192 2285 4245 domare

728 4297 971 4356 possunt.
1003 4286 1137 4341 Cum
1190 4287 1259 4341 iis
1308 4297 1486 4339 autem
1532 4283 1904 4353 persequenda
1967 4293 2095 4335 sunt
2140 4294 2284 4349 qum-

728 4393 942 4445 cunque
978 4390 1208 4431 tuentem
1254 4376 1515 4438 excitant,
1548 4384 1601 4429 et
1641 4376 1705 4428 ad
1741 4372 1830 4429 Dei
1864 4372 2120 4426 unionem
2164 4368 2278 4423 elli-

727 4468 927 4522 oacitcr
955 4467 1200 4519 tendunt.
1241 4464 1365 4518 llaec
1403 4479 1566 4534 porro
1594 4472 1720 4517 sunt
1770 4476 1941 4515 sacrae
1986 4459 2285 4527 Scriptura:

2386 603 2493 654 τῶν
2543 600 2841 669 ὑπερφυῶν
2900 598 3121 665 γεύεται
3170 593 3412 663 ἀγαθῶν,
3442 594 3534 645 καὶ
3562 594 3955 663 ὑπερκοσμίων

2382 694 2644 748 ἀπολαύει
2701 691 2902 754 καλῶν,
2946 689 3167 757 καὶτῆς
3220 687 3314 738 τοῦ
3356 685 3491 738 Θεοῦ
3550 685 3773 754 ἀγάπης
3817 685 3953 737 καθ-

2386 786 2598 838 ίσταται
2638 783 2871 853 χὼρημα
2900 798 2912 810 ·
2967 782 3063 833 καὶ
3118 778 3292 840 οὕτως
3348 775 3830 848 ἑρωτοληπτεῑται,
3860 777 3956 828 καὶ

2383 876 2582 947 χαίρει,
2636 876 2732 926 καὶ
2782 873 3014 941 εὐθυμεῖ
3078 872 3157 933 είς
3182 869 3243 920 τὸ
3274 868 3446 938 πέρας
3485 865 3954 937 ἀναδεδραμηκὼς

2381 968 2491 1020 τῶν
2516 956 2744 1036 ἀρετῶν,
2777 964 2875 1033 τὴν
2901 962 3124 1031 ἀγάπην
3152 959 3246 1010 τοῦ
3272 958 3380 1010 τῶν
3416 956 3554 1011 ὅλων
3583 956 3952 1028 Δημιουργοῦ,

2386 1056 2655 1129 μηδεμίαν
2694 1054 2962 1123 πλάνησιν
2991 1054 3048 1103 ἐν
3087 1049 3294 1113 τούτοις
3334 1048 3367 1119 ἦ
3398 1049 3645 1119 πάσχων,
3688 1048 3956 1119 ἢύφοριὶι-

2385 1164 2564 1217 μενος,
2606 1145 2802 1215 μύνους
2836 1142 3085 1203 ὀλίσθους
3134 1141 3229 1192 καὶ
3264 1139 3731 1208 ἀμαρτηματικάς
3753 1140 3953 1209 ὁρμὰς,

2381 1241 2472 1291 καὶ
2525 1239 2791 1304 ἀπρεπεῖς
2873 1234 3115 1302 κινήσεις
3181 1233 3244 1283 ὲκ
3303 1230 3512 1283 πολλῶν
3575 1231 3767 1284 αἰτίων
3801 1272 3815 1294 ,
3875 1231 3952 1292 ὡς

2380 1328 2628 1397 τρεπτὸς,
2657 1326 2964 1393 ὑπομένων.
3020 1321 3108 1374 Ἐν
3138 1316 3219 1383 οἷς
3248 1321 3662 1374 ὲπανακτάσθαι
3700 1321 3803 1389 χρὴ
3822 1322 3953 1371 ἐαυ-

2377 1422 2492 1483 τὸν,
2552 1418 2742 1487 πόρρω
2805 1416 3094 1484 ἱστάμενον
3154 1412 3543 1479 ἀπογνώσεως,
3607 1413 3706 1465 καὶ
3733 1414 3801 1465 τά
3832 1411 3954 1465 θεῖα

2380 1508 2478 1577 τῆς
2533 1505 2945 1576 φιλανθρωπίας
2994 1503 3172 1555 ἑλπίδι
3213 1502 3607 1574 πτερούμενον,
3634 1502 3867 1573 δάκρυσί
3886 1517 3949 1555 τε

2370 1591 2466 1639 καὶ
2530 1593 2828 1660 προσευχῇ,
2891 1590 2986 1643 καὶ
3019 1593 3131 1652 τοῖς
3173 1590 3355 1652 ἀλλοις
3377 1589 3694 1660 εἰρημένοις
3726 1589 3955 1657 ἀγαθοῖς

2368 1680 2792 1752 ἀσχολούμενον,
2823 1682 2915 1735 καὶ
2938 1683 3017 1746 είς
3040 1682 3098 1735 τξ
3128 1680 3282 1735 Θεῖον
3309 1680 3405 1749 τῆς
3437 1674 3716 1753 ἀγάπηςῇ
3745 1681 3960 1745 ἔξεστιν

2370 1772 2723 1844 ἐντρυφῶντα
2768 1773 3120 1844 παράδεισον,
3166 1772 3345 1842 ’μηδὲν
3403 1772 3567 1825 πλέον
3614 1774 3850 1841 ὁρῶντα,
3883 1775 3960 1843 μὴ

2370 1861 2531 1926 εἶδος,
2560 1863 2636 1933 μὴ
2671 1863 2866 1933 πάχος,
2904 1864 2981 1933 μὴ
3010 1864 3219 1933 σχῆμα,
3267 1862 3403 1934 μηδέ
3429 1880 3481 1915 τι
3508 1863 3584 1925 ὼς
3614 1865 3674 1914 ὲν
3705 1865 3961 1934 συντόμῳ

2369 1956 2566 2020 είτιείν,
2617 1956 2757 2026 πλὴν
2786 1957 3061 2025 δακρύων,
3120 1956 3214 2009 καὶ
3245 1956 3476 2026 εἰρήνης
3529 1956 3833 2025 λογισμῶν,
3864 1958 3963 2011 καὶ

2370 2050 2601 2118 ἀγάπης
2655 2048 2817 2103 Θεοῦ.
2868 2049 2958 2100 Ἑν
2996 2047 3207 2110 τούτοις
3246 2047 3355 2118 γάρ
3387 2047 3566 2101 καὶτὸ
3591 2049 3834 2111 ἀπλανὲς
3861 2067 3960 2119 τη-

2373 2143 2573 2208 ρεῖται,
2636 2140 2729 2192 καὶ
2779 2140 2811 2209 ἡ
2864 2140 2963 2208 τῆς
3005 2139 3187 2209 ψυχῆς
3228 2140 3474 2209 σωτηρία
3532 2139 3960 2210 ἐπιϐραόεύεται

2373 2230 2894 2302 μετριοφρονούσης,
2927 2232 3021 2284 καὶ
3044 2230 3344 2300 νηφούσης,
3382 2230 3477 2282 καὶ
3505 2233 3960 2302 προσευχομένης

2372 2327 2430 2378 ἐν
2463 2325 2684 2395 Χριστῷ
2760 2325 2937 2395 Ἰησοῦ
2968 2325 3046 2396 τῷ
3088 2326 3278 2396 Κυρίῳ
3330 2324 3512 2394 ἡμῶν.
3568 2321 3961 2391 Καθεζόμενος

2371 2421 2429 2469 ἐν
2454 2418 2529 2486 τῷ
2561 2418 2758 2488 κελλίῳ
2805 2433 2929 2479 σου;
2988 2416 3304 2488 παρρησίαν
3326 2417 3465 2488 πρὸς
3491 2415 3584 2468 τὸν
3624 2415 3758 2468 Θεὸν
3786 2414 3961 2482 ἐχέτω

2375 2526 2467 2560 σου
2500 2512 2555 2561 ὲν
2580 2508 2910 2561 ταπεινώσει
2945 2511 2974 2561 ὁ
2993 2507 3136 2572 νοῦς·
3160 2509 3261 2577 τὴν
3289 2508 3387 2579 μὲν
3411 2506 3746 2560 ταπείνωσιν
3777 2506 3837 2569 ἐξ
3864 2507 3962 2558 εύ-

2370 2602 2582 2662 τελείας
2624 2604 2725 2669 τῆς
2790 2599 2988 2652 ἑαυτοῦ
3037 2601 3131 2653 καὶ
3170 2598 3560 2667 οῦθενότητος·
3591 2600 3693 2666 τὴν
3722 2598 3780 2649 δὲ
3814 2601 3959 2668 παῤ-

2374 2691 2588 2762 ρησίαν,
2654 2692 2741 2743 διά
2784 2692 2885 2761 τὴν
2947 2690 3366 2761 ἀνυπέρϐλητον
3399 2689 3495 2766 εοῦ
3545 2688 3681 2742 Θεοῦ
3712 2689 3959 2757 ἀγάπην,

2373 2785 2469 2837 καὶ
2509 2784 2884 2848 ἀνεξικακίαν,
2926 2784 2994 2853 ἢν
3019 2783 3132 2853 ἔχει
3168 2784 3300 2852 περὶ
3320 2783 3413 2837 τὸν
3461 2784 3770 2852 ἄνθρωπον.
3802 2783 3964 2835 Οῦτω

2372 2878 2535 2947 γάρὴ
2562 2877 2712 2947 ψυχὴ
2774 2878 2855 2941 είς
2926 2876 3093 2947 τιμὴν
3141 2875 3333 2944 ἄγεται
3376 2875 3474 2929 τοῦ
3519 2875 3679 2941 Θεοῦ,
3721 2880 3963 2945 ὁπηνίκα

2373 2969 2552 3025 καίτοι
2593 2987 2656 3037 γε
2705 2969 3034 3040 ἁμαρτωλὸν
3083 2970 3460 3036 σ’δνεγνωκεῖα
3523 2967 3749 3035 ἑαυτὴν,
3808 2969 3962 3037 ὅμως

2374 3063 2622 3131 μέντοιγε
2669 3064 2736 3132 τῇ
2786 3060 3171 3131 φιλανθρωπίᾳ
3214 3059 3315 3113 τοῦ
3368 3057 3508 3112 Θεοῦ
3560 3059 3797 3130 θαρρεῖ,
3868 3060 3965 3110 καὶ

3083 3153 3178 3206 ῦτο
3204 3153 3235 3205 ὁ
3264 3152 3410 3223 ίερδς
3446 3150 3659 3215 Παῦλος
3680 3151 3965 3205 ἐπιτάττει

2370 3243 2573 3309 λέγων·
2634 3261 2653 3293 ι
2678 3242 3110 3314 Προσεριόμεθα
3157 3243 3301 3312 μετά
3328 3242 3647 3314 παρρησίας
3670 3242 3751 3313 τῷ
3785 3241 3967 3312 θρόνῳ

2371 3337 2471 3403 τῆς
2529 3334 2786 3406 χάριτοςέ
2813 3353 2832 3384 ι
2909 3336 3004 3388 καὶ
3049 3335 3161 3405 γάρ
3194 3334 3412 3405 ἀληθῶς
3431 3334 3715 3405 ὀφθαλμός
3741 3334 3827 3396 τίς
3847 3335 3967 3385 ἐστι

2370 3428 2470 3496 τῆς
2501 3425 2887 3496 προσευχῆς,ἢ
2918 3427 3145 3497 πτερὸν,
3171 3426 3208 3497 ἢ
3247 3427 3435 3497 σχέσις
3471 3443 3558 3490 τις
3612 3426 3961 3495 ξενότροπος,

2372 3519 2407 3586 ἡ
2433 3519 2567 3588 πρὸς
2594 3518 2728 3572 Θεὸν
2758 3520 3070 3590 παρρησίαο
3110 3519 3213 3588 οὐχ
3234 3520 3365 3572 ὅταν
3380 3535 3468 3582 τις
3487 3518 3961 3588 παρρησιάζηται,

2374 3609 2469 3663 ἀτε
2491 3609 2714 3677 ἀγαθὸς,
2741 3609 2946 3677 ἄπαγε,
2975 3608 3073 3661 καὶ
3095 3609 3197 3679 τῆς
3217 3607 3513 3671 διαθέσεως
3541 3607 3748 3677 ταύτης
3771 3606 3967 3678 πόρρω

2372 3700 2556 3769 γενοῦ⁸
2609 3701 2725 3754 ἀλλ’
2774 3702 2905 3754 ὅταν
2972 3700 3054 3771 τῷ
3106 3698 3361 3770 λογισμῷ
3387 3698 3489 3769 τῆς
3516 3698 3731 3766 ἀφάτου
3763 3697 3963 3768 φιλαν-

2372 3789 2641 3861 θρωπίας,
2703 3791 2797 3843 καὶ
2834 3790 3082 3861 ἀγάπης,
3138 3791 3234 3843 καὶ
3296 3788 3657 3853 ἀνεξικακίας
3674 3788 3770 3840 τοῦ
3799 3787 3963 3853 Θεοῦ,

2372 3885 2451 3945 είς
2504 3883 2602 3943 τὰς
2644 3882 2795 3945 θείας
2840 3882 3066 3946 ἐλπίδας
3097 3881 3383 3952 πτερωθῇ.
3439 3879 3755 3951 Προσεύιου
3780 3881 3965 3933 τοίνυν

2376 3973 2513 4043 μετά
2566 3972 3137 4044 πεπαρῤησιασμινου
3187 3973 3285 4026 τοῦ
3311 3971 3481 4044 ἤθους
3509 3974 3569 4024 ἐν
3607 3972 3851 4042 ταπεινῷ
3884 3971 3967 4043 τῷ

2374 4068 2705 4137 φρονήματι,
2740 4066 2927 4120 ἐλπίσι
2955 4065 3295 4145 τρεφόμενος
3325 4069 3615 4136 χρησταῖς,
3656 4068 3715 4119 ὲν
3734 4066 3815 4135 τῷ
3840 4065 3967 4133 Θεῷ

2374 4160 2512 4212 κατὰ
2565 4160 2635 4211 τὰ
2691 4160 3054 4229 προκείμενα,
3115 4158 3313 4229 ὥσπερ
3361 4159 3601 4229 είρηται,
3644 4160 3705 4211 ὲν
3740 4158 3968 4229 Χριστῷ

2387 4252 2561 4319 Ἰησοῦ
2628 4250 2706 4321 τῷ
2764 4251 2953 4323 Κυρίῳ
3021 4250 3201 4323 ἡμῶν.
3267 4253 3364 4304 Δεῖ
3422 4267 3485 4303 σε
3540 4251 3630 4303 ἀεὶ
3682 4249 3965 4321 ἐπιμελῶς

2377 4344 2645 4412 μετιέναι,
2680 4346 2746 4397 τὰ
2783 4346 2844 4395 τὸ
2872 4344 3037 4414 σῶμα
3079 4340 3516 4409 κατευνάζοντα,
3567 4343 3662 4395 καὶ
3712 4344 3808 4395 τὸν
3837 4340 3967 4395 νοῦν

2374 4432 2714 4505 λυτρούμενα
2743 4436 2847 4507 τῆς
2903 4435 3205 4506 ὀχλήσεως*
3244 4436 3316 4489 τὰ
3377 4434 3437 4487 δέ
3470 4436 3611 4502 ἑστι,
3644 4434 3966 4504 σύμμετρος

730 4562 886 4615 lectio
934 4570 988 4614 et
1040 4568 1355 4614 sanctorum
1411 4557 1464 4609 in
1502 4571 1618 4609 eam
1666 4553 2204 4616 commentariorum,
2235 4562 2287 4605 et
2318 4528 2415 4601 οὲί

2281 4526 2565 4603 ⁵οὲδωδὴ,
2624 4527 2783 4589 πόσις
2839 4526 3076 4598 ἐλαφρὰ,
3120 4525 3291 4589 ὕπνος
3342 4525 3577 4596 βραχὺς.
3604 4526 3793 4587 στάσις
3821 4528 3966 4580 κατά

728 4656 840 4720 ipsa
878 4653 1180 4713 moderata,
1225 4648 1537 4716 intelligens
1583 4643 1904 4715 psalmodia,
1937 4658 2131 4698 eorum
2167 4657 2286 4710 qua:

729 4746 782 4798 in
827 4742 1128 4811 Scripturis
1172 4740 1313 4794 dicta
1347 4747 1497 4800 sunt,
1539 4736 1821 4791 meditatio
1856 4743 1909 4787 et
1942 4748 2129 4789 eorum
2166 4747 2287 4801 quae

730 4838 783 4888 in
807 4835 1005 4901 mundo
1040 4832 1557 4887 animadvertuntur
1588 4829 2003 4891 miraculorum,
2029 4840 2081 4881 et
2109 4827 2287 4883 orales

730 4940 942 4995 preces,
975 4924 1147 4977 donec
1178 4938 1269 4977 eas
1300 4937 1366 4977 ex
1416 4920 1580 4976 corde
1630 4920 1868 4988 Spiritus
1908 4920 2077 4974 sancti
2118 4922 2288 4989 gratia

731 5016 1017 5071 manifeste
1049 5024 1280 5070 moveat.
1318 5013 1471 5067 Tune
1505 5014 1649 5065 enim
1690 5012 1860 5065 altera
1907 5011 2174 5067 festivitas
2207 5021 2290 5067 est

730 5122 783 5162 et
814 5110 977 5163 altera
1015 5107 1349 5163 celebritatis
1382 5104 1618 5166 occasio,
1655 5104 1873 5172 quando
1916 5103 2027 5171 jam
2080 5119 2185 5156 non
2221 5119 2283 5158 ns

729 5202 1103 5268 loquitur,sed
1134 5200 1191 5254 in
1221 5198 1395 5253 corde-
1416 5212 1446 5251 a
1472 5206 1663 5251 sancto
1688 5194 1897 5264 Spiritu
1921 5196 2099 5249 oratio
2126 5193 2291 5250 σαισὶ-

732 5307 843 5348 tttr.
872 5294 1026 5348 Talia
1080 5293 1244 5362 igitur
1295 5290 1376 5344 sic
1433 5288 1774 5359 aggredere;
1815 5289 2110 5357 genntleete
2153 5302 2290 5356 quo-

730 5387 1048 5451 tiescunque
1116 5381 1361 5452 poteris,
1411 5387 1573 5449 atque
1639 5387 1825 5449 postea
1883 5380 2101 5439 sedens,
2174 5393 2287 5432 ora.

736 5472 791 5525 Si
836 5473 1084 5525 oratione
1128 5468 1397 5537 fatigaris,
1456 5474 1510 5521 te
1559 5467 1625 5521 ad
1676 5466 1962 5536 legendum
2008 5473 2289 5529 converte,

735 5577 790 5615 ιιι
815 5567 1018 5615 dictum
1060 5571 1141 5615 est
1169 5579 1182 5624 ;
1212 5571 1265 5615 et
1301 5574 1515 5613 rursum
1546 5559 1611 5612 ad
1639 5558 1939 5613 orationem
1974 5556 2106 5620 redi,
2133 5565 2292 5624 teque

734 5655 796 5708 ad
833 5652 1186 5721 νςςιΙιιιοιΙὶοῐι]
1216 5651 1600 5720 particularetn
1627 5651 1823 5704 excita.
1859 5648 1921 5701 Et
1945 5665 2160 5702 rursum
2191 5646 2286 5703 ad-

738 5747 843 5798 huc
894 5748 958 5799 ad
1008 5747 1308 5799 orationem
1361 5744 1512 5806 redi;
1568 5752 1622 5795 et
1677 5742 1933 5812 fatigatus
1985 5740 2184 5798 adhuc,
2237 5749 2294 5790 ut

740 5840 943 5895 diclum
984 5848 1084 5902 est,
1134 5838 1406 5913 paululum
1457 5837 1737 5898 meditare,
1787 5845 1837 5887 et
1890 5848 2073 5886 rursus
2116 5832 2292 5889 adhuc

2372 4618 2625 4689 δύναμιν,
2677 4618 2851 4681 κλίσις
2901 4618 3151 4688 γονάτων
3212 4618 3335 4671 κατ’
3379 4618 3605 4686 ἐφικτὸν
3625 4619 3685 4671 ὲν
3716 4623 3965 4687 σχήματι

2373 4718 2639 4789 ταπεινῷ,
2694 4717 2898 4787 ἔνδυμα
2944 4717 3186 4783 εὐτελὲς,
3237 4716 3399 4785 λόγος
3452 4714 3755 4783 ὀλιγοστὸς,
3794 4717 3969 4783 ἀναγ-

2374 4813 2544 4875 καῖος,
2598 4812 2893 4882 χαμευνία,
2949 4812 3044 4864 καὶ
3076 4813 3126 4864 τ’
3155 4808 3295 4864 ἀλλα
3316 4808 3504 4868 δσατὺ
3534 4807 3698 4877 σῶμα
3724 4807 3970 4877 δαμάζει

2377 4904 2637 4979 μερικῶς.
2670 4901 2827 4956 Μετά
2858 4900 2918 4955 δὲ
2956 4899 3165 4954 τούτων
3195 4900 3442 4970 μετιέναι
3457 4897 3589 4969 χρὴ,
3617 4898 3718 4949 ὅσα
3743 4894 3966 4950 διῦπνί-

2376 5001 2458 5065 ζει
2508 5000 2600 5050 τὸν
2633 4993 2783 5060 νοῦν,
2808 4994 2924 5062 ,καὶ
2971 4992 3109 5063 πρὸς
3140 4991 3279 5046 Θεοῦ
3311 4989 3744 5060 προσκολλήσεις
3770 5006 3964 5059 συνερ-

2374 5097 2481 5164 γεῖ.
2508 5092 2591 5145 Τὰ
2615 5090 2673 5145 δέ
2695 5092 2845 5144 ἐστιν
2866 5086 3178 5154 ἀνάγνωσις
3224 5084 3337 5138 τῶν
3387 5083 3551 5155 ιερῶν
3577 5082 3832 5155 Γραφῶν,
3863 5083 3966 5135 καὶ

2376 5188 2482 5240 τῶν
2514 5190 2593 5249 είς
2614 5185 2786 5246 αὑτὰς
2812 5182 2989 5250 ἀγίων
3008 5178 3329 5251 ἐξηγητῶν,
3370 5178 3466 5230 καὶ
3498 5176 3639 5247 αῦτη
3668 5176 3724 5229 δὲ
3745 5175 3967 5244 σύμμε-

2375 5300 2535 5353 τρος,
2585 5280 2878 5350 ψαλμῳδία
2947 5274 3261 5340 εὐσύνετος,
3322 5270 3523 5342 μελέτη
3586 5270 3697 5322 τῶν
3747 5271 3807 5321 ἐν
3840 5270 3966 5332 ταῖς

2378 5377 2620 5446 Γραφεῖς
2694 5371 3026 5441 λεγομένων,
3060 5369 3154 5420 καί¹
3180 5366 3291 5419 τῶν
3321 5367 3380 5419 ὲν
3406 5367 3475 5435 τῇ
3512 5364 3688 5417 κτίσει
3718 5361 3962 5432 θεωρου-

2384 5469 2559 5539 μένων
2613 5465 2927 5534 θαυμάτων,
2965 5479 3059 5513 και
3093 5457 3373 5528 προσευχὴ
3406 5457 3495 5510 διὶ
3526 5458 3818 5523 στόματος,
3853 5453 3965 5515 ἕως

2382 5559 2447 5613 ἂν
2468 5559 2671 5626 ταύτην
2732 5558 2839 5610 ἀπὸ
2893 5554 3122 5623 καρδίας
3166 5554 3199 5621 ἡ
3231 5551 3365 5618 ἁγία
3412 5551 3576 5619 χάρις
3604 5548 3805 5617 κινήσῃ
3864 5547 3963 5598 τοῦ

2386 5652 2693 5722 πνεύματος
2762 5647 3028 5719 ἐναργῶς.
3061 5639 3218 5697 ’Τότε
3255 5645 3364 5714 γὰρ
3412 5642 3579 5712 ἑτέρα
3632 5639 3833 5711 ἑορτὴ,
3868 5638 3966 5691 καὶ

2384 5747 2548 5816 ἄλλης
2578 5745 2766 5815 καιρὸς
2800 5740 3189 5808 πανηγύρεως,
3210 5739 3310 5790 οὐκ
3341 5736 3451 5789 ἀπὸ
3475 5736 3742 5805 στόματος
3772 5732 3939 5787 λαλου

2386 5841 2570 5921 μένης,
2603 5836 2720 5892 ἀλλ’
2776 5834 2885 5890 ἀπὸ
2943 5831 3171 5905 καρδίας
3227 5829 3629 5917 ἐνεργουμένης
3689 5827 3748 5879 ἐν
3807 5828 3973 5879 πνεύ-
