4266 6450
321 405 418 474 821

1350 411 1453 471 DE
1497 410 1777 481 QUiETA
1823 409 2491 478 CONVBRSATIONIL

3453 414 3566 483 822

324 536 477 583 ματι.
518 517 599 569 TI:
634 517 859 572 τοιαῦτα
909 520 966 572 δὲ
1027 520 1121 573 νῦν
1166 521 1310 576 οὕτω
1372 529 1671 599 μετέρχου·
1727 531 1900 584 κλῖνον

1898 531 1953 583 νᾹ
1988 533 2295 587 orationem
2330 541 2572 604 occupa.
2619 533 2846 592 Manuali
2894 536 3057 592 etiam
3091 550 3249 602 opere
3281 533 3559 605 paululum

318 610 378 660 τὸ
425 609 575 674 γόνυ,
629 612 822 673 ὁσάκις
881 612 948 665 ἂν
1011 610 1222 680 δύναιο,
1279 617 1371 669 καὶ
1427 618 1570 672 οὕτω
1624 622 1905 685 καθεσθεὶς

318 702 651 771 προσεύχου.
688 702 1013 774 ’Δκηδιάσας
1067 704 1178 760 ἀπὸ
1216 707 1309 760 τοῦ
1342 710 1762 779 προσεύχεσθαι,
1785 713 1905 768 ἐλθὲ

313 798 395 858 εἰς
427 799 761 865 ἀνάγνωσιν,
818 799 1001 862 καθὼς
1055 800 1273 873 εἴρηται
1296 819 1308 832 ·
1354 807 1448 857 καὶ
1473 807 1636 859 πάλιν
1660 807 1903 879 ἐπάνηκε

312 892 397 952 είς
436 891 499 943 τὸ
529 893 956 963 προσεύχεσθαι,
1018 897 1111 949 καὶ
1146 895 1303 961 αὖθις
1335 900 1640 969 άκηδιασας
1674 902 1782 956 ἀπὸ
1808 905 1902 957 τοῦ

310 985 747 1056 προσεύχεσθαι,
776 989 915 1058 πρὸς
945 989 1271 1061 ψαλμῳδίαν
1299 993 1609 1066 διεγέρθητι
1641 1001 1898 1071 μερικην.

310 1082 426 1135 Καὶ
474 1080 651 1142 οὓτως
716 1078 941 1143 ἐσαῦθις
972 1080 1235 1134 ὲπάνελθε
1272 1084 1351 1148 είς
1389 1084 1451 1136 τὸ
1475 1088 1896 1158 προσεύχεσθαι,

308 1175 406 1227 καὶ
446 1173 527 1226 ἐτι
559 1173 886 1242 άκηδιάσας,
914 1173 973 1224 ὲν
1014 1175 1080 1244 τῇ
1115 1175 1490 1247 προειρημένῃ
1515 1177 1713 1252 μελέτῃ
1737 1180 1897 1248 γενοῦ

309 1268 670 1337 συμμέτρως,
708 1268 806 1320 καὶ
841 1265 987 1318 οὓτω
1024 1266 1188 1319 πάλιν
1241 1268 1364 1338 ἔχου
1419 1273 1519 1340 τῆς
1565 1275 1894 1344 προσευχῆς.

311 1361 418 1412 Καὶ
484 1358 790 1430 ἑργοχείρῳ
828 1358 885 1409 δὲ
940 1357 1136 1428 βραχεῖ
1167 1361 1307 1428 χρῶ,
1331 1359 1430 1428 τῆς
1460 1363 1691 1431 άκηδίας
1722 1368 1900 1435 ὲμπο-

307 1452 429 1522 δίῳ,
461 1451 536 1513 ὼς
573 1451 728 1522 παρὰ
743 1450 853 1504 τῶν
888 1451 1152 1521 Πατέρων
1180 1452 1618 1522 ἀκήκοας.’ἂγιε.
1639 1458 1728 1510 Ἐν
1746 1461 1896 1532 πάσῃ

310 1561 409 1596 σου
465 1543 556 1595 ἀεὶ
581 1544 647 1613 τῇ
676 1543 818 1595 κατὰ
839 1542 974 1594 Θεὸν
1005 1542 1265 1613 ἐργασίᾳ,
1293 1545 1555 1617 ἀποπρωῖ
1581 1548 1684 1612 ἕως
1720 1553 1888 1619 πρωί,

1991 636 2165 688 utere,
2208 635 2467 693 tanquam
2505 627 2707 679 acetlim
2733 627 3034 693 obstaculo,
3071 636 3127 680 ttt
3163 642 3191 679 a
3236 626 3445 682 Sanctis
3465 625 3559 683 Pa

1991 722 2166 773 tribus
2220 721 2464 784 atttliisti,
2529 728 2741 774 sancte.
2813 717 2869 772 ltt
2916 719 3063 772 omni
3118 727 3209 772 tua
3265 720 3563 772 secundum

1993 815 2159 865 [leum
2190 814 2510 880 operatione
2541 813 2608 866 al)
2644 828 2844 865 aurora
2891 811 2957 865 ad
2993 826 3247 864 auroram
3301 811 3567 876 praecedat

1991 905 2187 957 oratio.
2223 906 2450 972 Propter
2474 905 2717 956 acetliatn
2745 904 2798 956 itt
2824 903 3053 962 orando.
3087 911 3283 957 extera
3312 902 3415 954 alia
3450 918 3571 967 quae

1991 998 2134 1050 dieta
2187 1009 2333 1061 sunt,
2393 997 2733 1049 inseruntur.
2797 995 3093 1063 Postquam
3137 994 3302 1062 igitur
3355 993 3571 1046 miscri-

1993 1089 2178 1144 cordia
2212 1089 2279 1142 ad
2308 1089 2547 1142 animam
2585 1086 2898 1151 accesserit,
2921 1097 2974 1140 et
3004 1101 3067 1139 ex
3096 1086 3281 1151 corde,
3310 1095 3567 1154 tanquam

1992 1199 2059 1239 ex
2111 1181 2276 1245 fonte,
2330 1182 2629 1235 orationem
2696 1177 3084 1248 fundetgratia
3156 1176 3385 1247 Spiritu,
3443 1187 3574 1229 tunc

1994 1278 2184 1330 amicae
2215 1275 2451 1328 orationi
2487 1287 2540 1329 et
2575 1272 3024 1343 contemplationi
3074 1286 3227 1326 mens
3273 1268 3571 1331 incumbet,

1997 1370 2234 1437 seipsant
2274 1371 2341 1420 alt
2377 1368 2636 1422 omnibus
2667 1382 2979 1426 removens.
3012 1373 3068 1421 et
3099 1367 3212 1421 sola
3244 1364 3493 1419 oratione
3523 1370 3576 1414 et

1996 1463 2457 1530 contemplatione
2484 1460 2748 1530 gaudens,
2775 1463 2826 1513 in
2856 1459 3055 1514 divina:
3085 1457 3367 1513 cltaritatis
3417 1471 3580 1526 para-

1999 1555 2197 1609 disunt.

313 1635 669 1701 προηγείσθω
709 1635 770 1686 τὸ
804 1635 1234 1706 προσεύχεσθαι.
1270 1637 1369 1689 Διὰ
1414 1639 1521 1706 γὰρ
1551 1639 1647 1708 τὴν
1683 1640 1818 1707 πρὸς
1854 1642 2170 1710 προσευχὴν
2215 1642 2466 1710 ἁκηδίαν,
2512 1643 2580 1694 τά
2630 1644 2792 1713 ἔτερα
2830 1646 2988 1710 ἄλλα,
3024 1646 3059 1699 ἃ
3093 1647 3310 1716 είρηται
3375 1663 3577 1717 μετερ-

308 1732 552 1799 χόμεναο
613 1728 738 1781 ἐπεὶ
789 1729 1029 1793 ὁπηνίκα
1076 1729 1136 1780 τὸ
1173 1729 1324 1793 ἔλεος
1370 1732 1434 1798 τῇ
1486 1733 1631 1800 ψυχῇ
1694 1732 2094 1802 παραγένηται,
2147 1735 2240 1786 καὶ
2293 1735 2476 1803 βλύσει
2533 1738 2640 1788 ἀπὸ
2695 1737 2922 1802 καρδίας
2977 1739 3166 1810 ὥσπερ
3218 1743 3326 1794 ἀπὸ
3392 1748 3577 1815 πηγῆς

309 1841 459 1886 τινος
503 1828 604 1892 τὴν
637 1825 947 1894 προσευχὴν
979 1828 1011 1894 η
1052 1826 1214 1898 χάρις
1262 1826 1357 1880 τοῦ
1397 1828 1735 1896 Πνεύμαῖος,
1784 1830 1841 1880 τὸ
1888 1832 2140 1898 τηνικάδε
2198 1833 2335 1900 μόιῃ
2373 1836 2437 1900 τῇ
2493 1839 2797 1902 προσευχῇ,
2847 1837 2939 1886 καὶ
2979 1840 3046 1902 τῇ
3083 1838 3287 1907 θεωρίᾳ
3327 1857 3577 1909 προσασ-

318 1918 570 1986 χολείται
600 1917 629 1968 ὀ
666 1917 814 1980 νοῦς,
850 1919 1110 1970 ἁπάντων
1147 1919 1383 1987 ἀφιστὰς
1421 1920 1640 1981 ἑαυτὸν,
1674 1923 1761 1972 καὶ
1797 1923 1933 1989 μόνῃ
1969 1925 2034 1988 τῇ
2062 1927 2342 1991 προσευχῂ
2377 1927 2467 1974 καί
2503 1929 2567 1989 τῇ,
2603 1923 2807 1995 θ;ωρ;ᾳ
2835 1929 3034 1995 τρυφᾷ,
3066 1930 3146 1988 είς
3181 1930 3269 1981 τὸν
3298 1930 3394 1997 τῆς
3424 1931 3578 1994 θ.ίας

308 2015 538 2084 ἀγάπης
569 2017 928 2084 παράδεισον.

389 2118 619 2172 Πάντων
640 2118 748 2171 τῶν
778 2121 1002 2187 ἀγαθῶν
1026 2123 1204 2194 ἔργων
1231 2124 1344 2194 ἔχει
1366 2125 1422 2177 τὸ
1445 2127 1642 2195 κράτος
1685 2132 1712 2196 ἡ
1745 2145 1913 2197 πρνισο

306 2211 451 2279 ευχὴ
477 2225 489 2239 ο
519 2212 620 2279 τῆς
662 2215 956 2280 μετανοίας
1004 2216 1067 2267 τὸ
1112 2217 1348 2287 δάκρυον
1395 2219 1532 2290 αὕτη
1595 2223 1798 2292 γεννᾷ·
1832 2224 1912 2286 είς

307 2305 414 2372 τὴν
445 2305 674 2374 εἰρήνην
711 2307 824 2360 τῶν
859 2308 1138 2379 λογισμῶν
1172 2313 1359 2381 ἄκρως
1391 2314 1784 2382 συμϐάλλεται,
1825 2318 1915 2382 μό-

310 2409 404 2449 νον
441 2396 580 2448 Θεὸν
607 2400 707 2469 τὴν
743 2402 923 2471 ἄκραν
951 2404 1178 2475 εἰρήνην
1199 2401 1534 2478 ἐπειγομένη
1567 2409 1876 2476 λογίζεσθαι
1895 2427 1908 2442 ’

308 2485 414 2552 τῆς
446 2486 542 2538 τοῦ
581 2489 720 2542 Θεοῦ
764 2493 987 2564 ἀγάπης
1018 2494 1158 2565 αῦτη
1201 2500 1500 2567 γεννήτρια
1526 2515 1538 2528 ·
1573 2500 1634 2549 τὸ
1672 2501 1910 2565 λογιστι-

314 2587 363 2628 κ“
385 2595 411 2630 ν
445 2581 544 2648 τῆς
575 2581 752 2652 ψυχῆς
777 2584 918 2652 αὕτη
961 2585 1097 2656 μόνη
1153 2589 1429 2659 καθαίρει,
1457 2591 1591 2646 Θεὸν
1643 2592 1910 2661 φανταζο-

314 2675 455 2739 μενη
485 2673 576 2724 τὸν
595 2675 896 2746 γεννήτορα
917 2678 1017 2746 τῆς
1043 2679 1138 2731 καὶ
1162 2679 1271 2733 τῶν
1295 2683 1544 2750 ἀγγέλων
1562 2684 1905 2757 καθάρσεως

306 2763 372 2812 τὸ
410 2763 818 2834 sucum-mm
852 2769 950 2838 τῆς
974 2770 1155 2840 ψυχῆς
1192 2773 1326 2842 πρὸς
1345 2773 1479 2826 Θεὸν
1506 2777 1748 2846 καθαρὸν
1769 2778 1908 2829 ἀπο-

309 2852 481 2915 σώζει
507 2871 517 2880 ·
567 2860 940 2928 προσκειμένῃ
972 2862 1080 2930 γάρ
1132 2864 1222 2914 καὶ
1254 2863 1612 2935 διαλεγομένη
1640 2866 1781 2936 Θεῷ,
1830 2868 1909 2938 τῷ

307 2948 558 3013 απείρως
596 2950 689 3000 καὶ
720 2950 1021 3020 ὑπερφυῶς
1052 2954 1243 3025 ἀγαθῷ
1275 2959 1367 3009 καὶ
1400 2958 1550 3028 καλῷ
1585 2962 1906 3026 πεφυκότως

307 3039 410 3105 τὴν
438 3039 744 3108 ἐπιθυμίαν
787 3045 972 3098 πᾶσαν
1007 3049 1319 3119 προσκολλᾷ
1347 3050 1427 3120 τῷ
1465 3051 1602 3122 Θεῷ.
1641 3053 1822 3122 Θυμὸν
1848 3054 1904 3106 δὲ

306 3128 573 3180 τοσοῦτον
626 3133 886 3200 πραΰνει.
918 3139 1041 3190 ὅσον
1095 3139 1414 3207 ὑποπίπτει,
1445 3146 1539 3196 καὶ
1583 3145 1776 3210 δεῖται,

308 3221 630 3287 παρακαλεῖ
655 3227 748 3276 τὸν
775 3225 909 3279 Θεὸν
937 3242 950 3255 ·
987 3228 1082 3283 καὶ
1107 3234 1357 3285 ταπεινοί
1379 3233 1478 3303 τὴν
1503 3234 1680 3305 ψυχὴν
1704 3236 1904 3306 διάτῆς

310 3313 450 3380 πρὸς
481 3315 618 3367 Θεὸν
673 3320 1122 3386 προσπτώσεως’
1158 3323 1334 3389 οὐδεὶς
1367 3326 1476 3396 γὰρ
1504 3327 1780 3396 δεόμενος,
1811 3330 1904 3380 καὶ

305 3407 659 3474 παρακαλῶν
695 3411 1093 3477 ἀταπείνωτον,
1127 3414 1159 3484 ἢ
1189 3416 1438 3485 θυμῶδες
1481 3418 1637 3488 φέρει
1676 3419 1736 3470 τὸ
1773 3419 1906 3490 φρόσ

303 3513 488 3565 νημα.
522 3499 626 3551 Διὰ
663 3504 823 3554 τοῦτο
853 3505 1148 3559 συνελόντα
1196 3512 1373 3563 είπείν
1407 3512 1589 3576 πάσας
1643 3514 1902 3584 δυνάμεις

299 3592 510 3662 ψυχῆς,
544 3594 639 3645 καὶ
669 3594 851 3659 πάσας
893 3601 1196 3670 ἐνεργείας,
1227 3610 1538 3673 πρακτικάς
1568 3625 1626 3660 τε
1668 3611 1760 3662 καὶ
1780 3627 1899 3662 νοε-

302 3686 410 3753 ρᾶς
446 3686 480 3756 ἡ
512 3686 638 3740 ὁσία
665 3690 945 3762 προσευχὴ
968 3692 1224 3764 καθαίρει
1270 3697 1364 3748 καὶ
1390 3699 1636 3769 ἁνορθοῖ’
1676 3704 1768 3753 καὶ
1797 3704 1901 3772 μά-

300 3777 465 3830 λιστα
501 3779 926 3855 προσλαϐομένη
962 3786 1085 3854 μεθ’
1110 3788 1315 3859 ἑαυτῆς
1348 3792 1443 3844 καὶ
1471 3792 1707 3862 θεωρίαν
1739 3797 1897 3863 Θεοῦ,

299 3868 398 3920 καὶ
432 3870 527 3922 τὸν
557 3871 830 3941 ἑπόμενον
862 3875 1005 3930 θεῖον
1038 3878 1218 3948 ἔρωτα
1257 3885 1316 3934 ὲν
1355 3884 1540 3954 ἡσύχῳ
1568 3886 1771 3960 διαίτῃ,
1807 3893 1900 3943 καὶ

295 3963 523 4031 ἀγωγῇ,
559 3965 704 4018 κατὰ
727 3966 796 4020 τά
826 3969 956 4038 πρὶν
985 3972 1272 4042 είρημένα.
1322 3975 1412 4039 Ἐξ
1441 3971 1502 4029 οὗ
1529 3978 1584 4030 δὲ
1614 3980 1777 4033 τόπου
1800 3984 1897 4053 τῆς

297 4053 537 4119 καρδίας
567 4055 723 4125 ἐκρεῖ
748 4059 811 4110 τὸ
846 4059 1107 4129 δάκρυον,
1140 4066 1260 4117 ἐκεῖ
1290 4068 1483 4121 νοείτω
1534 4072 1627 4124 καὶ
1657 4071 1838 4142 ὁράτω
1870 4077 1897 4129 δ

294 4142 565 4213 λογισμός
601 4161 696 4200 σου
757 4149 930 4204 νεύων
991 4155 1142 4218 ἐντός
1180 4173 1295 4225 σου,
1333 4160 1612 4232 ἀοχλήτως
1643 4165 1714 4217 δι’
1769 4169 1896 4220 είσ-

296 4236 474 4306 πνοῆς
517 4239 667 4307 ῥινὸς
693 4243 753 4295 ὲν
794 4243 874 4313 τῷ
903 4248 1338 4319 προσεύχεσθαι·
1371 4255 1462 4305 καὶ
1495 4258 1894 4328 παραμενέτω,

290 4329 426 4378 ὅσον
490 4329 740 4397 δυνατὸν,
785 4335 924 4390 ἐκεῖ.
973 4339 1111 4392 Δίαν
1168 4343 1277 4412 γάρ
1311 4343 1608 4417 ὠφέλιμον,
1661 4353 1893 4406 καὶτῶν

291 4419 544 4516 συνεχῶν
579 4422 675 4516 καὶ
696 4425 911 4480 πολλῶν
943 4429 1198 4502 δακρύων
1229 4436 1539 4506 ἐπαγωγὸν,
1566 4443 1657 4495 καὶ
1692 4445 1894 4516 αίχμα·

2072 2137 2125 2193 Ιιι
2174 2143 2432 2195 omnibus
2489 2143 2646 2196 bouis
2697 2145 2954 2202 opm-illus
3011 2147 3323 2197 dominatur
3376 2149 3576 2200 oratio.

2002 2237 2117 2300 Ipsa
2151 2237 2487 2304 pmnitentim
2527 2239 2797 2303 laetyutns
2833 2241 2997 2300 gignit
3034 2261 3045 2300 ;
3085 2241 3135 2293 in
3181 2243 3572 2301 cogitationum

2001 2342 2183 2394 pacem
2219 2327 2376 2379 valde
2411 2329 2650 2392 adjuvat.
2678 2332 2851 2380 solum
2889 2333 3052 2384 Deum
3083 2349 3353 2387 summam
3381 2349 3568 2404 pacem

1999 2435 2122 2472 esse
2149 2423 2372 2474 credere
2394 2435 2580 2474 coacta
2609 2439 2623 2483 ;
2649 2425 2763 2487 ip=a
2799 2439 3016 2491 quoque
3049 2436 3136 2480 est
3164 2427 3364 2480 (livinm
3393 2429 3575 2481 citari-

1999 2515 2128 2567 tatis
2154 2514 2386 2580 genitrix
2421 2531 2434 2578 ;
2472 2514 2584 2583 ἰῃςςι
2625 2516 2736 2566 ςσιίει
2774 2516 2970 2569 animo:
3010 2519 3275 2570 rationem
3322 2521 3572 2582 mundat.

2000 2607 2166 2660 Deum
2207 2617 2608 2676 repraesentans
2647 2616 2702 2658 ttt
2752 2610 3073 2673 angelorum
3130 2611 3372 2675 ipsorum
3423 2614 3573 2681 puri-

1998 2700 2126 2755 tatis
2172 2711 2494 2761 auctorem;
2542 2701 2738 2753 aninue
2789 2703 3063 2757 desideria
3110 2706 3174 2756 ad
3229 2705 3395 2759 Deum
3438 2721 3572 2773 pura

1997 2803 2305 2849 conservat.
2363 2795 2471 2847 Deo
2503 2797 2647 2847 enim
2687 2795 2974 2849 adhaerens
3001 2805 3054 2849 et
3083 2813 3205 2850 cum
3236 2812 3301 2850 eo
3339 2813 3572 2851 conver-

1997 2901 2148 2949 sans,
2183 2902 2304 2939 eum
2342 2886 2555 2938 infinito
2597 2888 2687 2940 illo
2728 2889 2874 2940 ltotto
2905 2898 2958 2941 et
2995 2889 3222 2955 puleltro
3251 2889 3573 2943 naturaliter

1997 2997 2159 3035 omne
2203 2980 2533 3034 desiderium
2570 2982 2872 3048 coniungit.
2922 2981 3178 3034 Animum
3215 2989 3395 3034 autem
3436 2980 3573 3034 adeo

1999 3083 2339 3128 mansuetum
2390 3073 2539 3141 facit,
2593 3083 2648 3126 ttt
2691 3069 2936 3143 procidat
2983 3085 3030 3128 et
3079 3085 3254 3145 egeat,
3311 3085 3364 3127 et
3404 3072 3570 3126 [leum

1808 3147 1960 3231 καλε
1999 3167 2257 3224 invocet:
2291 3175 2344 3217 rt
2378 3167 2616 3219 animam
2653 3166 2930 3229 ltutntliat,
2961 3165 3090 3219 dum
3123 3181 3186 3220 ea
3229 3173 3354 3220 ante
3403 3163 3569 3220 Deum

2000 3258 2273 3326 procidit;
2330 3273 2487 3310 nemo
2539 3259 2683 3311 enim
2743 3259 2996 3326 indigens
3039 3268 3092 3312 et
3130 3259 3430 3326 implorans
3465 3273 3570 3310 ttntt

1998 3348 2230 3400 humiles
2279 3357 2373 3401 aut
2424 3348 2691 3414 superbos
2741 3347 2918 3401 ittdttit
2968 3363 3184 3402 sensus.
3224 3346 3293 3402 Ut
3334 3349 3573 3402 breviter

1999 3444 2212 3510 loquar,
2244 3455 2434 3494 omnes
2469 3441 2665 3494 animae
2695 3441 2968 3507 potentias
3005 3449 3058 3494 et
3091 3441 3402 3503 facultates,
3437 3443 3566 3495 acti~

1994 3549 2089 3587 vas
2123 3546 2317 3600 nempe
2353 3542 2406 3586 et
2435 3531 2746 3600 spirituales
2780 3531 2866 3601 pia
2902 3531 3078 3586 oratio
3107 3533 3336 3586 mundat
3360 3541 3416 3586 et
3446 3547 3569 3586 eor-

1995 3626 2154 3692 rigit;
2191 3639 2255 3678 ac
2290 3625 2564 3694 prrccipue
2593 3639 2776 3679 secum
2822 3625 3062 3679 admittit
3093 3633 3146 3680 et
3192 3625 3284 3681 Dei
3313 3634 3566 3680 contem"-

1993 3719 2282 3788 plationem
2314 3727 2388 3779 et,
2443 3718 2532 3787 qui
2565 3734 2682 3772 eant
2717 3718 2990 3784 sequitur,
3026 3718 3270 3773 divinum
3321 3735 3565 3774 amorem

1993 3811 2045 3864 in
2101 3808 2397 3878 tranquilla
2451 3807 2645 3876 agendi
2698 3808 2912 3861 ratione
2975 3813 3030 3861 et
3090 3808 3244 3869 vita,
3309 3816 3366 3861 ut
3416 3807 3567 3873 prius

1992 3903 2197 3958 dictum
2228 3911 2332 3956 est.
2382 3900 2454 3954 Ex
2504 3915 2616 3971 quo
2650 3911 2829 3955 autem
2879 3902 3063 3956 cordis
3111 3902 3232 3955 loco
3282 3900 3457 3954 fluunt
3489 3901 3567 3953 la-

1989 4013 2213 4069 crymte,
2250 3996 2322 4051 illi
2373 3997 2444 4050 sit
2486 3996 2744 4065 cogitatio
2791 4007 2880 4049 tua
2923 4007 2977 4049 et
3021 3995 3252 4064 aspiciat
3298 4005 3388 4048 tua
3421 3994 3565 4049 ratio

1989 4093 2134 4146 intra
2165 4097 2217 4143 te
2249 4090 2426 4156 ipsum
2464 4102 2696 4154 vergens
2729 4087 3124 4150 indesinenter,
3160 4101 3254 4154 per
3290 4089 3443 4140 naris
3481 4087 3564 4139 in-
3592 4146 3610 4158 η

1988 4183 2366 4254 spirationem,
2405 4182 2458 4234 in
2493 4181 2782 4243 oratione;
2821 4187 2874 4231 et
2911 4178 3005 4240 ibi,
3038 4185 3301 4248 quantum
3333 4178 3558 4246 poteris,

1988 4291 2294 4331 remaneas.
2334 4273 2616 4327 Minimum
2649 4271 2792 4325 enim
2833 4272 2882 4325 id
2917 4272 3048 4324 utile
3079 4278 3162 4326 est
3189 4282 3240 4323 et
3269 4270 3559 4326 continuas

1988 4369 2295 4436 multasque
2323 4367 2592 4435 lacrymas
2616 4363 2784 4428 elicit,
2814 4374 2866 4416 et
2887 4365 3086 4417 mentis
3115 4362 3430 4416 servitutem
3464 4376 3563 4415 au-

1987 4460 2111 4516 fert.
2149 4469 2202 4512 et
2237 4452 2574 4526 spiritualem
2625 4455 2842 4508 confert
2899 4469 3106 4522 pacem,
3157 4462 3211 4507 et
3253 4454 3557 4507 orationem

288 4508 501 4615 λωσίας
534 4513 654 4576 νοὸς
683 4517 1053 4588 ἀναιρετικὸν,
1084 4525 1177 4576 καὶ
1197 4526 1423 4598 είρήνης
1474 4508 1891 4605 περιποιηττιυκὸν

1914 4533 1956 4588 D
1984 4549 2228 4618 adjuvat.
2262 4508 2314 4600 et
2349 4546 2402 4601 in
2438 4545 2621 4598 cordis
2664 4543 2929 4597 orationis
2971 4541 3342 4596 inventionem
3381 4542 3555 4605 ducit,

295 4605 511 4703 νοερᾶς,
535 4605 645 4707 καὶ.
664 4611 972 4707 προσευχῆς
989 4613 1232 4686 ἀφορμὴ,
1248 4621 1340 4672 καὶ
1365 4621 1447 4683 είς
1484 4623 1702 4693 εὕρεσιν
1723 4647 1889 4700 προσ-

1984 4659 2110 4697 cum
2149 4641 2259 4694 Deo
2309 4653 2565 4707 operans,
2604 4637 2780 4705 gratia
2834 4635 3166 4690 viviticantis
3219 4634 3453 4705 Spiritus
3507 4635 3558 4688 in

290 4695 461 4760 ευχῆς
505 4695 830 4768 καρδιακῆς,
852 4701 951 4753 σὺν
977 4702 1117 4773 Θεῷ,
1144 4710 1430 4777 συνεργόν·
1447 4713 1629 4781 χάριτι
1648 4717 1741 4768 τοῦ
1762 4695 1888 4780 ζωο-

1980 4735 2202 4792 Cltristo
2235 4730 2364 4786 Jesu
2403 4729 2630 4782 Domino
2660 4736 2871 4782 nostro.
3327 4777 3338 4789 ,

284 4785 452 4836 ποιῶ
475 4785 797 4857 “uagam;
829 4791 893 4844 ἐν
920 4794 1143 4868 Χριστῷ
1187 4799 1363 4870 Ἰησοῦ
1380 4803 1458 4873 τῷ
1487 4806 1678 4878 Κυρίῳ
1706 4812 1884 4882 ἡμῶν.
2242 4785 2245 4786 ν
3326 4785 3338 4803 ἶ
3398 4842 3412 4868 ι

361 4939 458 4988 Δεῖ
493 4953 550 4988 σε
585 4935 808 5001 εἰδέναι,
840 4941 869 4992 ὁ
899 4939 1126 5010 θεωρὸς,
1159 4943 1253 4996 καὶ
1271 4945 1380 4996 τῶν
1401 4948 1682 5014 μυστικῶν
1711 4951 1880 5004 ἐπόπ-

2046 4960 2270 5028 Oportet
2300 4967 2481 5012 autem
2518 4968 2566 5012 te
2583 4957 2741 5023 scire,
2771 4959 2863 5027 qui
2887 4959 3276 5026 contemplaris
3297 4969 3350 5013 et
3388 4945 3560 5017 inium

281 5046 390 5100 της
420 5030 518 5082 καὶ
544 5031 860 5103 τρυφητὴς,
885 5033 968 5085 ὅτι
994 5032 1186 5104 ὥσπερ
1211 5034 1340 5100 δύω,
1382 5038 1514 5102 Θεὸς
1546 5044 1639 5094 καὶ
1669 5042 1877 5112 ἄνθρω-

1977 5056 2049 5110 ris
2097 5054 2280 5106 divina
2308 5051 2560 5122 mysteria
2583 5051 2754 5117 iisque
2778 5049 2976 5104 uetaris
2997 5050 3162 5120 quod,
3199 5046 3551 5119 quemadmo~

283 5139 414 5187 πος,
439 5121 635 5193 οὕτως¹
665 5124 723 5190 ἐξ
781 5125 1053 5194 ἑπομένου
1103 5128 1199 5180 καὶ
1253 5129 1393 5194 δύω,-
1423 5129 1532 5200 τῷ,
1567 5136 1676 5187 εἴτε
1732 5136 1880 5203 γένει

285 5218 470 5279 θέλεις
499 5218 696 5281 είπεῖν,
739 5219 838 5271 εἰτ’
877 5217 969 5271 οὖν
1004 5220 1157 5286 είδει,
1195 5222 1264 5275 τά
1293 5239 1350 5274 τε
1386 5223 1579 5295 πένθη,
1619 5228 1710 5279 καὶ
1745 5201 1884 5282 νάκο-

283 5308 499 5368 λούθως
533 5309 599 5362 τὰ
631 5310 863 5380 δάκρυα.
891 5313 1244 5385 Διενηνόχασι
1272 5315 1327 5367 δὲ
1357 5316 1616 5388 ἑκάτερον
1643 5320 1737 5373 τοῦ
1756 5323 1884 5377 ἑκα-

283 5404 456 5472 τέρου
486 5402 670 5472 πολλῷ
702 5407 778 5476 τῷ
820 5409 1049 5474 μεταξὺ,
1087 5409 1136 5460 εἰ
1161 5407 1255 5461 καὶ
1277 5409 1565 5480 ἀμφότερα
1589 5413 1750 5476 καλὰ,
1789 5418 1884 5471 καὶ

286 5499 573 5563 θεόσδοτα,
600 5499 695 5552 καὶ
724 5499 825 5568 τῆς
852 5499 1002 5563 θείας
1025 5501 1339 5571 εὐμενείας,
1379 5505 1475 5557 καὶ
1501 5507 1599 5574 τῆς
1631 5509 1749 5560 κατ’
1780 5512 1881 5563 αὐ-

285 5591 390 5661 τὴν
450 5590 825 5662 κληρονομίας
874 5591 1133 5663 πρόξενα.
1182 5594 1265 5646 Τὰ
1301 5594 1403 5663 μὲν
1442 5597 1549 5666 γάρ
1587 5597 1699 5668 ἔχει
1743 5601 1882 5655 θεῖον

288 5685 464 5753 φόὸον
506 5684 608 5754 τὴν
641 5685 837 5756 ἀρχὴν,
875 5685 971 5738 καὶ
1016 5686 1108 5738 τὸν
1155 5687 1446 5740 πενθικόνο
1504 5692 1572 5743 τὰ
1617 5692 1672 5744 δὲ
1727 5694 1878 5748 θείαν

287 5779 543 5846 ἀγάπην.
572 5779 668 5831 καὶ
700 5779 793 5831 τὸν
817 5779 970 5831 Θεόν.
1027 5779 1138 5832 Καὶ
1168 5780 1236 5833 τὰ
1267 5781 1367 5850 μὲν
1408 5783 1467 5834 ού
1511 5785 1762 5838 τοσοῦτον
1792 5789 1882 5840 εύ-

291 5873 540 5942 φραίνει,
561 5875 628 5926 τὰ
649 5872 729 5937 δὲ,
753 5873 848 5926 καὶ
871 5873 1158 5943 εὐφραίνει
1179 5874 1369 5940 πολλὰ,
1395 5878 1484 5931 καὶ
1518 5879 1702 5950 tam;
1734 5883 1880 5952 ἐξαί-

1974 5149 2100 5200 dum
2127 5147 2235 5200 duo
2257 5155 2380 5199 sunt
2408 5142 2546 5196 Deus
2579 5154 2630 5196 et
2653 5144 2835 5208 ltouto,
2875 5152 2947 5195 tta
2978 5153 3032 5197 et
3049 5143 3175 5204 duo,
3196 5145 3309 5203 sive
3331 5147 3548 5212 genere,

1974 5242 2086 5294 sive
2107 5241 2241 5302 idea,
2266 5238 2481 5291 dolores
2502 5245 2552 5289 et
2588 5252 2708 5306 qum
2739 5246 3111 5305 consequntur
3142 5238 3416 5304 lacrymm.
3438 5238 3550 5294 Dif-

1974 5332 2154 5386 ferunt
2188 5339 2369 5383 autem
2404 5330 2631 5383 multum
2663 5339 2806 5384 inter
2833 5343 2889 5383 se
2911 5329 3091 5395 ambo,
3121 5334 3218 5386 etsi
3247 5334 3402 5387 ambo
3433 5334 3549 5403 pul-

1971 5426 2097 5480 chra
2121 5424 2230 5478 sint
2257 5431 2308 5476 et
2333 5423 2421 5476 Dei
2441 5425 2603 5484 dona,
2630 5422 2830 5496 Deique
2880 5424 3315 5482 benevolentiam
3368 5427 3544 5482 hare-

1972 5517 2304 5588 ditatemque
2377 5526 2653 5586 praestent.
2737 5515 2958 5572 Dolores
3013 5517 3228 5586 quidem
3299 5518 3543 5573 divinum

1974 5613 2223 5667 timorem
2271 5609 2596 5679 principium
2652 5609 2872 5670 habent,
2937 5618 2989 5663 ct
3052 5611 3194 5678 quod
3256 5610 3307 5664 itt
3366 5614 3546 5667 :tnima

1970 5707 2170 5761 doiorts
2199 5721 2366 5772 capax
2399 5713 2518 5768 est;
2549 5704 2800 5771 lact-ymo:
2856 5718 2982 5755 vero
3033 5704 3276 5758 divmam
3313 5707 3547 5762 chartta‘

1971 5797 2458 5860 temetDettm;alit
2517 5813 2621 5849 non
2661 5805 2863 5849 tantum
2899 5797 3091 5850 Iustitia:
3133 5798 3388 5864 prabent;
3430 5799 3549 5854 aha;

1969 5908 2096 5946 vero
2122 5905 2151 5958 ε
2192 5893 2373 5947 udium
2398 5889 2624 5944 alierum
2649 5892 2873 5944 multum
2894 5901 2946 5949 et
2967 5891 3196 5948 infausta
3234 5891 3542 5950 deturbant.
