4266 6450
278 438 385 501 829

1289 431 1385 490 DE
1424 429 1816 491 ORATIONE
1863 433 1953 490 ET
1994 435 2508 501 ΛΤΤΕΝΤΙΟΝΕ.

3415 427 3518 493 83θ

287 553 631 621 ἐκπέσωμεν,
643 554 778 606 ἀλλά
795 553 887 605 καὶ
902 554 1017 614 ταῖς
1037 551 1096 604 οὗ
1105 569 1178 602 τω
1193 549 1450 618 φοϐεραῖς
1467 550 1711 612 ἀπειλαῖς
1730 549 1860 601 ὕπο-
1874 543 1918 600 A
1951 555 1972 596 ιε

1830 543 1918 600 -Α
1951 547 2073 610 tela,
2113 563 2242 601 suas
2271 553 2638 619 cogitationes
2667 553 2720 604 iu
2754 553 2990 606 animam
3034 550 3254 617 pacillce
3280 556 3332 600 et
3366 557 3515 601 tran-

289 649 566 714 πέσωμεν.
594 645 762 698 Ὅταν
782 645 837 696 δὲ
862 645 890 695 ὀ
920 642 1158 703 διάϐολος
1197 641 1563 693 ἐπιϐουλεύειν
1587 642 1857 710 ἐπιχειρῇ,

289 739 382 790 καὶ
400 738 538 806 μετὰ
556 737 756 806 πολλῆς
769 736 866 804 τῆς
890 735 1265 804 σφοδρότητος,
1285 730 1434 784 ὥσπε
1443 750 1602 802 ρτινα
1623 731 1749 800 βέλη
1771 749 1856 782 πε-

293 829 617 898 πυρωμένα,
648 830 774 891 τοὺς
805 827 934 898 παρ’
961 827 1152 881 ἐαυτοῦ
1181 826 1468 894 λογισμοὺς
1498 827 1703 895 ἐνίησιν
1733 828 1864 894 ήσυ-

291 916 535 986 χαζούσῃ
560 917 654 968 καὶ
679 915 959 986 ἡρεμούσῃ
990 918 1053 983 τῇ
1070 915 1235 983 ψυχῇ,
1257 917 1350 967 καὶ
1367 918 1569 984 ταύτην
1590 915 1867 980 αἰφνιδίως

292 1007 571 1076 ἐμπιπρᾷ,
611 1007 704 1058 καὶ⁸
727 1005 944 1075 χρονίας
973 1008 1066 1057 καὶ.
1107 1004 1468 1067 δυσεκλύτους
1520 1008 1619 1067 τὰς
1650 1007 1868 1073 μνήμας

294 1099 405 1148 τῶν
435 1097 584 1160 ἅπαξ
613 1088 998 1166 ἐμόληθέντων
1022 1098 1338 1165 ἐργάζηται,
1359 1097 1658 1165 τηνικαῦτα
1687 1097 1866 1165 νήφει,

297 1192 393 1241 καὶ
427 1190 725 1259 προσεχείᾳ
764 1190 1134 1258 συντονωτέρᾳ
1175 1190 1268 1251 τὰς
1303 1190 1554 1250 τοιαύτας
1581 1190 1870 1253 ἐπιϐουλὰς

299 1281 696 1344 ὑπεξίστασθαι
761 1282 866 1334 δεῖ·
908 1282 1159 1350 καθάπερ
1210 1280 1443 1349 ἀθλητοῦ
1475 1298 1616 1342 τινος
1647 1282 1870 1349 άκριῦε-

299 1374 476 1442 στὰτῃ
501 1375 738 1442 φυλακῇ,
772 1373 866 1425 καὶ
891 1373 1046 1441 τάχει
1098 1372 1366 1441 σώματος,
1402 1373 1496 1434 τὰς
1529 1374 1721 1441 βουλός
1766 1376 1871 1426 τῶν

297 1467 611 1520 ἀντιπάλων
643 1467 1045 1534 ἐκτρεπομένου
1064 1482 1076 1496 ·
1111 1468 1201 1518 καὶ
1232 1466 1290 1517 τὸ
1327 1467 1436 1518 πᾶν
1460 1469 1524 1534 τῇ
1577 1471 1870 1536 προσευχῇ,

300 1561 398 1610 καὶ
439 1560 724 1627 ἐπικλήσει
764 1561 864 1628 τῆς
891 1558 1095 1612 ἀνωθεν
1133 1559 1450 1627 συμμαχίας
1486 1559 1713 1623 διδόναι,
1772 1561 1876 1631 τὴν

301 1647 396 1701 τοῦ
429 1649 672 1717 πολέμου
727 1649 1068 1718 καθαίρεσιν,
1111 1651 1204 1701 καὶ
1233 1651 1333 1718 τὴν
1385 1651 1495 1703 τῶν
1534 1651 1877 1719 τοξευμάτων

301 1743 649 1813 ἀποτροπήν.
697 1741 871 1794 Τοῦτο
895 1741 1002 1811 γὰρ
1062 1741 1209 1809 ήμᾶς
1257 1742 1286 1792 ὀ
1320 1740 1529 1804 Παῦλος
1563 1742 1766 1807 ἐδίδαξε
1791 1742 1878 1794 λέ-

1954 644 2119 712 qnille
2182 657 2451 709 agentem,
2507 646 2767 707 immittit,
2824 659 3054 711 eamque
3104 642 3287 696 subito
3324 640 3509 692 incen-

1955 739 2058 798 dit.
2093 748 2145 791 et
2170 739 2456 790 diuturnas
2485 747 2534 790 et
2558 737 2966 803 inexplicabiles
3013 732 3307 785 memorias
3329 746 3518 783 eorum

1957 845 2076 894 qua:
2110 829 2276 882 semel
2306 839 2682 890 occurrerunt,
2717 827 2764 878 ei
2793 827 2990 889 iuiieit,
3020 837 3148 878 tunc
3182 824 3374 888 majori
3429 823 3512 873 vi-

1961 920 2184 989 gilantia
2219 934 2279 970 ac
2313 919 2612 971 attentione.
2635 933 2771 983 opus
2798 926 2879 970 est
2906 926 2965 967 ut
3017 916 3097 968 hac
3129 915 3338 966 insidiae
3390 910 3523 976 deji-

1959 1013 2214 1076 ciantnr,
2265 1026 2519 1077 tauquam
2586 1011 2800 1063 athletae
2858 1009 3138 1071 cuiusdam
3181 1001 3526 1059 accuratiss’-

1961 1121 2045 1158 ma
2099 1105 2344 1157 custodia
2400 1114 2455 1156 et
2506 1105 2756 1170 corporis
2811 1104 3032 1155 levitate
3091 1099 3522 1152 adversariorum

1960 1196 2188 1250 insidias
2219 1197 2558 1250 deturbante.
2593 1196 2816 1250 Summa
2843 1196 3022 1259 operis
3057 1191 3292 1244 orationi
3321 1198 3375 1241 et
3430 1205 3524 1239 su-

1968 1289 2122 1356 perni
2185 1290 2373 1346 auxilii
2409 1288 2737 1342 invocationi
2773 1287 2947 1338 danda
2972 1295 3072 1341 est.
3108 1286 3160 1337 in
3212 1285 3353 1335 hono
3403 1280 3525 1333 belli

1968 1381 2134 1450 hujus
2163 1384 2309 1434 exitu
2333 1391 2384 1432 ct
2419 1383 2471 1434 in
2497 1382 2723 1433 telorum
2761 1379 3086 1446 repulsione.
3120 1377 3274 1441 Quod
3311 1375 3527 1428 nostin—

1963 1478 2074 1530 cnit
2108 1477 2304 1530 Paulus
2331 1477 2516 1528 dicens
2555 1493 2568 1525 :
2608 1493 2625 1525 ι
2660 1475 2714 1527 Ιιι
2779 1473 3035 1526 omnibus
3071 1479 3349 1524 sumentes
3405 1485 3531 1522 scu-

1965 1577 2078 1620 tum
2112 1569 2230 1619 titlei
2273 1566 2317 1598 ⁸⁷
2347 1584 2365 1616 ι
2403 1575 2456 1618 et
2497 1574 2712 1619 caetera.
2751 1563 2980 1628 Quando
3013 1563 3177 1627 igitur
3207 1561 3386 1614 anima
3439 1574 3530 1611 co-

1965 1660 2242 1729 gitationis
2280 1660 2384 1712 vim
2409 1657 2464 1713 e't
2518 1659 2875 1712 attentionem
2914 1657 3144 1720 relaxat,
3213 1653 3530 1707 memorias-

1969 1765 2075 1818 que
2105 1751 2374 1819 quaslihet
2401 1750 2594 1804 obvias
2617 1749 3024 1802 occurrentium
3057 1761 3241 1799 rerum
3273 1745 3529 1807 admittit,

303 1851 441 1894 γων·
481 1851 500 1885 ι
546 1835 670 1886 Ἐπὶ
722 1836 888 1886 πᾶσιν
918 1832 1277 1905 ᾀναλαόόντες
1312 1832 1403 1885 τὸν
1429 1832 1619 1902 θυρεὸν
1651 1833 1748 1902 τῆς
1787 1834 1876 1886 πίο
1894 1871 1938 1930 Β
1970 1852 1987 1892 ι

1858 1863 1938 1930 οΒ
1970 1852 2096 1894 tunc
2120 1842 2379 1909 cogitatio
2413 1841 2662 1908 imperite
2692 1848 2744 1891 et
2781 1839 2956 1892 inscie
2983 1837 3050 1891 ad
3085 1838 3184 1890 has
3203 1836 3533 1890 recordatio-

307 1939 504 1987 στεως,
545 1943 562 1975 ι
601 1923 696 1976 καὶ
730 1923 798 1974 τὰ
836 1922 981 1993 ἑξῆς.
1013 1923 1182 1975 ’Ὀταν
1213 1919 1307 1975 οὖν
1356 1923 1557 1992 ήψυκη
1590 1924 1652 1974 τὸ
1681 1919 1935 1977 πυκνδν“’
1973 1948 1992 1984 ι

1844 1919 1935 1977 ’ν’
1973 1948 2069 1986 nes
2099 1948 2156 1986 se
2190 1933 2388 1996 ferens,
2429 1932 2604 2000 iisque
2640 1934 2946 1994 adhaerens,
2983 1943 3200 1982 errores
3238 1943 3300 1980 ex
3323 1927 3529 1978 errori-

307 2015 406 2068 καὶ
459 2013 714 2066 σύντονον
760 2013 855 2082 τῆς
913 2013 1153 2073 διανοίας
1200 2012 1588 2081 ὑποχαλάσασα
1615 2052 1628 2073 ,
1662 2016 1880 2081 μνήμας

307 2107 410 2167 τὰς
442 2105 885 2175 παρατυχούσας.
913 2105 1007 2156 καλ⁵
1034 2103 1141 2155 τῶν
1169 2103 1442 2172 τυχόντων
1468 2104 1714 2172 ἀναφέρῃ
1744 2119 1882 2170 πρα-

307 2199 560 2266 γμάτων,
597 2197 943 2264 τηνικαῦταό
967 2195 1224 2264 λογισμὸς
1262 2193 1621 2259 ἀπαιδεύτως,
1646 2196 1738 2248 καὶ
1789 2195 1883 2247 ἀνι

311 2289 705 2358 επιστημόνως
738 2288 872 2358 πρὸς
905 2287 975 2339 τά
1005 2287 1468 2356 ςμνημονευθέντα
1494 2286 1601 2339 τῶν
1624 2286 1882 2355 πραγμά-

307 2397 419 2433 των
473 2380 794 2449 φερόμενος,
842 2379 1048 2440 τούτοις
1100 2376 1356 2430 ἐπιπλέον
1406 2377 1881 2446 ἐνασχολούμενος,

310 2474 550 2534 πλάνους
589 2475 656 2525 ἐκ
687 2472 902 2525 πλάνων
930 2470 1248 2541 μεταμείὸει
1281 2471 1546 2539 μακροὺς,
1579 2471 1671 2521 καὶ
1705 2473 1782 2531 είς
1809 2474 1887 2523 αἰ-

310 2566 620 2634 σχρότητας
641 2564 920 2626 πολλάκις,
939 2564 1268 2625 κα¹ιάτοπίας
1287 2563 1502 2615 ἐννοιῶν
1519 2565 1884 2632 καταστρέφει

309 2657 729 2710 τὸτελευταῖον.
772 2654 928 2707 Ἀλλά
967 2654 1067 2722 τήν
1131 2654 1230 2721 μὲν
1287 2653 1542 2722 τοιαύτην
1597 2655 1886 2723 ὀλιγωρίαν

309 2749 411 2815 τῆς
459 2747 660 2814 ψυχῆς,
714 2746 807 2797 καὶ
828 2746 1138 2806 διάστασιν,
1170 2743 1476 2813 πυκνοτέρα
1505 2745 1598 2795 καὶ
1637 2746 1887 2812 ἐπιστρε-

313 2841 567 2908 φεστὲρᾳ
595 2841 661 2908 τῇ
681 2839 776 2906 τῆς
801 2837 1038 2897 διανοίας
1068 2835 1312 2888 ἐπιτάσει
1335 2833 1678 2903 διορθοῦσθαι
1701 2835 1779 2885 δεῖ
1796 2835 1888 2886 καὶ

314 2932 639 2998 ἐπανάγειν,
676 2931 767 2982 καὶ
806 2932 874 2999 τῇ
908 2928 1046 2999 πρὸς
1072 2928 1133 2979 τὸ
1163 2926 1336 2996 παρὸν
1357 2926 1443 2979 ἀεὶ
1475 2929 1603 2996 περὶ
1656 2928 1723 2978 τὰ
1753 2928 1889 2982 καλά

312 3025 604 3092 διασκέψει
645 3021 1060 3091 προσασχολεῖν.
1095 3019 1152 3072 '0
1179 3018 1284 3087 γάρ
1322 3017 1552 3088 ἀκριδὴς
1603 3018 1889 3085 φιλόσοφος

317 3118 736 3187 φροντιστήριον
764 3115 901 3185 ἔχων
946 3115 1006 3166 τὸ
1053 3112 1228 3181 σῶμα.
1279 3112 1372 3166 καὶ
1421 3111 1760 3178 καταγώγιον
1794 3115 1888 3181 τῆς

1969 2025 2070 2079 butt
2107 2025 2296 2091 longos
2325 2025 2550 2092 patitur,
2583 2040 2644 2078 ac
2672 2023 2870 2092 sapius
2895 2022 2947 2073 in
2981 2020 3345 2087 turpitudines
3387 2019 3536 2070 inde-

1968 2128 2263 2184 centesqne
2308 2118 2667 2186 cogitationes
2696 2117 2911 2168 demum
2945 2114 3276 2168 devolvitur.
3318 2111 3421 2164 Sed
3454 2119 3538 2162 ta-

1970 2209 2072 2261 lem
2107 2212 2300 2262 anitna:
2322 2211 2730 2276 depressionem
2763 2219 2818 2262 et
2844 2207 3257 2274 dissipationem
3284 2203 3533 2256 vividiori

1969 2310 2021 2352 et
2055 2301 2445 2352 vehementiori
2478 2301 2828 2370 cogitationis
2860 2301 3162 2352 attentione
3225 2297 3419 2363 corrigi
3483 2309 3536 2347 et

1973 2393 2156 2444 reduci
2190 2402 2426 2460 oportet,
2461 2407 2691 2459 eamque
2720 2392 2905 2444 statim
2952 2389 3098 2444 circa
3127 2391 3328 2442 bonum
3382 2402 3535 2439 exer-

1972 2484 2105 2536 ceri.
2145 2485 2246 2547 Qui
2287 2484 2430 2536 cnim
2487 2499 2610 2536 vere
2667 2484 2884 2551 sapiens
2915 2489 3021 2541 est,
3077 2494 3272 2546 corpus
3334 2478 3538 2530 habens

1974 2585 2228 2642 tanquam
2260 2579 2452 2628 anima!
2501 2590 2720 2628 servum
2762 2586 3127 2637 securumque
3177 2569 3537 2628 domicilium,

1973 2669 2073 2721 etsi
2111 2670 2164 2721 in
2203 2667 2320 2720 foro
2359 2676 2624 2728 versetur,
2655 2676 2750 2718 aut
2784 2666 2834 2716 in
2881 2665 3162 2718 hominum
3213 2660 3539 2727 frequentia,

1977 2761 2142 2812 autin
2171 2771 2370 2822 monte,
2392 2760 2567 2812 autin
2605 2775 2754 2827 agro,
2776 2767 2865 2810 aut
2898 2758 2949 2809 in
2978 2756 3149 2814 media
3176 2754 3541 2808 multitudine.

1980 2853 2030 2904 in
2071 2854 2300 2905 naturali
2345 2853 2675 2905 monasterio
2705 2853 2878 2908 sedet.
2915 2850 3059 2902 intus
3083 2848 3348 2912 colligens
3381 2861 3536 2898 men-

1976 2951 2108 3007 tem,
2135 2954 2188 2996 et
2220 2945 2485 2996 meditans
2528 2957 2644 3009 quae
2688 2942 2928 3008 seipsum
2959 2939 3174 2992 decent.
3213 2937 3352 2990 Fieri
3401 2934 3542 2986 enim

1980 3045 2159 3106 potest
2213 3047 2266 3088 ιιι
2308 3036 2400 3102 qui
2463 3035 2604 3087 domi
2639 3033 2888 3086 indolens
2907 3032 3072 3094 sedet,
3123 3029 3365 3084 exterius
3403 3038 3546 3079 erret

1980 3128 2329 3196 cngitatiouc.
2365 3136 2420 3178 ut
2456 3126 2500 3178 is
2538 3141 2667 3177 vero
2698 3126 2788 3193 qui
2836 3124 2890 3175 in
2946 3121 3064 3176 foro
3100 3130 3201 3181 est,
3235 3129 3288 3174 et
3321 3119 3548 3183 vigilans

318 3209 501 3277 ψυχῆς
528 3206 786 3275 ἀσφαλὲς,
818 3205 917 3258 κᾶν
940 3204 1027 3256 ἔπ’
1049 3204 1253 3273 ἀγορᾶς
1275 3201 1431 3272 τύχῃ.
1451 3202 1555 3255 κᾶν
1575 3204 1633 3254 ἐν
1650 3202 1892 3269 πανηγύ-
1907 3231 1951 3290 c
1982 3235 2003 3271 ε

1860 3223 1951 3290 ’·ε
1982 3228 2084 3278 est.
2114 3229 2373 3288 tanquam
2402 3219 2453 3269 in
2482 3217 2703 3271 deserto
2729 3217 2847 3269 loco
2880 3216 2973 3274 sit,
3015 3212 3080 3265 ad
3117 3228 3175 3264 se.
3206 3222 3256 3262 et
3280 3209 3344 3262 ad
3377 3212 3545 3262 [leam

317 3320 428 3371 ρει,
452 3300 559 3353 κᾶν
602 3301 661 3352 ἐν
693 3298 829 3369 ὄρει,
852 3297 957 3350 κᾶν
998 3298 1056 3350 ἐν
1082 3294 1258 3366 ἀγρῷ,
1290 3295 1391 3347 κᾶν
1424 3294 1627 3363 μεταξὺ
1657 3294 1890 3363 πλήθους

319 3393 546 3453 πολλοῦ,
567 3395 624 3444 ἐν
653 3391 730 3460 τῷ
753 3389 969 3460 φυσικῷ
1001 3387 1345 3457 μοναστηρίῳ
1375 3386 1715 3454 καθίδρυται,
1746 3388 1892 3439 ἔνδον

319 3489 574 3554 συνάγων
595 3485 687 3536 τὸν
716 3482 859 3546 νοῦν,
879 3483 972 3535 καὶ
993 3479 1296 3549 φιλοσοφῶν
1331 3477 1401 3531 τά
1421 3477 1567 3545 αύτῷ
1595 3479 1890 3547 πρέποντα.

317 3576 558 3630 Δυνατδν
587 3574 696 3644 γὰρ
724 3573 818 3626 καὶ
846 3573 982 3624 οῐκοι
1026 3569 1329 3639 καθήμενον
1356 3567 1448 3619 τὸν
1483 3565 1742 3636 ῥᾴθυμον,
1787 3567 1891 3632 ἔξω

318 3672 768 3745 περιπλανᾶσθαι
790 3674 901 3733 τοῖς
920 3671 1224 3740 λογισμοῖς,
1243 3669 1336 3722 καὶ
1366 3669 1456 3721 τδν
1473 3669 1565 3722 ἐπὶ
1581 3668 1674 3737 τῆς
1703 3669 1910 3738 ἀγορᾶς

331 3768 489 3826 ὄντα,
517 3765 756 3832 νήφοντα
777 3761 858 3825 δὲ,
881 3761 956 3822 ὡς
991 3761 1076 3812 ἐπ’
1099 3759 1335 3830 ἐρημίας
1370 3755 1531 3821 εἶναι,
1561 3758 1693 3824 πρὸς
1719 3759 1908 3810 ἐαυτὸν

333 3874 393 3909 τε
430 3855 527 3908 καὶ
563 3855 698 3923 πρὸς
737 3853 832 3906 τὸν
858 3853 990 3905 Θεὸν
1027 3852 1189 3922 μόνον
1217 3851 1698 3920 ἐπιστρεφόμενον,
1723 3850 1817 3901 καὶ
1847 3848 1909 3900 ού

330 3948 626 4018 δεχόμενον
667 3948 786 4007 ταῖς
827 3944 1113 4013 αίσθήσεσι
1141 3943 1366 4008 τοὺςξέκ
1402 3941 1508 3994 τῶν
1530 3940 1803 4010 αἰσθητῶν
1841 3941 1908 4011 τῇ

327 4041 481 4109 ψυχῇ
510 4035 772 4108 θορύϐους
792 4034 1257 4104 προσπίπτοντας.
1279 4036 1370 4085 Δεῖ
1391 4031 1483 4085 οῦν
1512 4031 1600 4084 τὸν
1618 4031 1909 4100 προσιόντα

329 4130 414 4198 τῷ
444 4127 662 4196 σώματι
693 4127 788 4180 καὶ⁸
811 4125 888 4194 τῷ
929 4124 1119 4192 αἵματι
1158 4123 1253 4175 τοῦ
1289 4121 1525 4190 Χριστοῦ
1553 4123 1633 4183 είς
1667 4120 1912 4190 ἀνάμνη-

333 4240 424 4274 σιν
454 4219 623 4274 αὑτοῦ
649 4217 744 4271 τοῦ
775 4218 915 4286 ὑπὲρ
938 4217 1095 4284 ἡμῶν
1123 4215 1506 4275 ἀποθανόντος,
1537 4215 1629 4264 καὶ
1658 4212 1910 4280 ἐγερθέν-

332 4331 450 4375 τος,
480 4311 558 4381 μὴ
588 4311 747 4380 μόνον
773 4308 1099 4377 καθαρεύειν
1125 4307 1234 4359 ἀπὸ
1257 4307 1457 4368 παντὸς
1483 4305 1755 4374 μολυσμοῦ
1785 4320 1916 4372 σαρ-

334 4405 431 4463 κὸς
457 4403 553 4454 καὶ
584 4400 920 4470 πνεύματος,
955 4399 1042 4451 ἵνα
1069 4399 1142 4467 μὴ
1177 4401 1257 4460 είς
1290 4401 1462 4468 κρῖμα
1495 4398 1642 4467 φάγῃ
1672 4395 1765 4448 καὶ
1791 4395 1910 4465 πίῃ,

333 4494 474 4547 ἀλλά
507 4494 604 4546 καὶ
650 4493 900 4561 ἐναργῶς
955 4490 1222 4543 δεικνύειν
1267 4491 1366 4557 τὴν
1397 4489 1622 4556 γνώμην
1649 4487 1740 4538 τοῦ
1777 4488 1911 4554 ὑπὲρ

333 4589 368 4654 ἡ
379 4586 498 4652 μῶν
526 4584 893 4644 ἀποθανόντος
919 4583 1015 4635 καὶ
1037 4585 1124 4649 ἐγε
1137 4582 1375 4652 ρθέντος.
1415 4579 1491 4648 τῷ
1517 4579 1590 4648 μὴ
1625 4580 1786 4648 μόνον
1815 4595 1914 4630 κα-

333 4677 599 4747 θαρεύειν
633 4676 742 4730 άπὸ
770 4676 947 4743 πάσης
971 4675 1271 4745 ἁμαρτίας,
1301 4674 1438 4726 ἀλλά
1473 4672 1792 4742 νεκροῦσθαι
1817 4672 1914 4740 μὲν

331 4773 398 4840 τῇ
432 4767 705 4838 ἁμαρτίᾳ,
737 4769 831 4820 καὶ
880 4766 956 4834 τῷ
997 4767 1203 4835 κόσμῳ,
1242 4780 1334 4818 και
1369 4764 1567 4833 ἐαυτῷ,
1616 4766 1714 4832 ζῇν
1741 4764 1794 4816 δὲ
1833 4761 1912 4831 τῷ

330 4861 476 4930 Θεῷ.
523 4859 644 4911 Τῶν
670 4858 924 4927 πονηρῶν
952 4858 1227 4926 λογισμῶν
1270 4859 1318 4908 oi
1360 4857 1460 4925 μὲν
1492 4856 1719 4918 οὐδόλως
1760 4853 1916 4923 ἡμῶν

331 4949 684 5003 ἐπιῦαίνουσι
715 4949 810 5017 τῆς
838 4949 1038 5019 ψυχῆς,
1059 4948 1124 5000 ἂν
1148 4948 1315 5018 πολλῇ
1347 4947 1770 5017 περιφράξιιιμεν
1793 4949 1917 4999 ἐαυ-

328 5043 460 5099 τοὺς
491 5038 795 5109 ἀσφαλείαο
830 5039 878 5090 οἱ
908 5039 963 5090 δὲ
1004 5040 1278 5091 τίκτονται
1321 5040 1418 5108 μὲν
1469 5038 1617 5091 ἔνδον
1661 5037 1914 5108 ρᾳθυμη-

335 5133 552 5184 σάντων
579 5129 744 5199 ἡμῶν
776 5131 872 5181 καὶ
891 5129 1283 5198 βλαστάνουσιν
1300 5147 1311 5158 ·
1344 5129 1409 5183 ἂν
1427 5129 1481 5182 δέ
1509 5129 1914 5199 προληφθῶσιν,

331 5221 736 5290 ἀποπνίγονται
775 5222 984 5292 ταχέως
1006 5223 1100 5274 καὶ
1133 5222 1790 5291 καταχώννυνται.”Αλλοι
1820 5221 1916 5274 καὶ

331 5317 615 5366 τίκτονται
660 5315 751 5366 καὶ
786 5315 1111 5379 αὑξάνονται
1146 5317 1239 5367 καὶ
1270 5315 1405 5385 πρὸς
1429 5315 1526 5377 τὰς
1554 5315 1793 5385 πονηράς
1813 5316 1915 5384 ἐμ-

335 5408 585 5460 ϐαίνουσι
617 5405 865 5477 πράξεις,
897 5407 992 5459 καὶ⁵
1020 5408 1199 5459 πᾶσαν
1223 5406 1377 5476 ἡμῶν
1403 5407 1592 5482 ὑγείαν
1619 5409 1716 5475 τῆς
1739 5408 1917 5476 ψυχῆς

334 5497 771 5567 διαφθείρουσιν,
823 5499 958 5551 ὅταν
991 5500 1049 5551 ἐν
1103 5499 1273 5568 πολλῇ
1321 5499 1606 5568 γενώμεθα
1653 5500 1913 5571 ῥᾳθυμίᾳ.

337 5592 411 5642 Τὸ
448 5591 552 5657 μὲν
602 5585 696 5641 οὖν
730 5591 1030 5660 μακάριον,
1063 5591 1122 5642 τὸ
1158 5591 1404 5662 μηδὸλως
1438 5590 1690 5657 δέξασθαι
1746 5608 1916 5661 πονηα

338 5685 433 5751 ρδν
456 5682 722 5751 λογισμόν
756 5684 874 5735 ἐστι
903 5700 918 5714 ·
950 5683 1009 5736 τὸ
1031 5682 1086 5736 δέ
1114 5685 1231 5753 μετ’
1267 5685 1464 5748 ἐκεῖνο,
1507 5682 1916 5747 ἐπεισελθόντας

419 5891 466 5921 ⁸⁷
514 5889 714 5959 Ephcs.
741 5902 817 5956 vt,
852 5885 939 5939 16.

1982 3311 2154 3365 solum
2192 3326 2505 3371 conversus,
2549 3323 2720 3376 neque
2747 3307 2996 3361 sensibus
3021 3321 3118 3359 eos
3146 3305 3238 3372 ιιιιὶ
3270 3320 3333 3355 ex
3369 3303 3548 3355 sensi-

1985 3404 2180 3457 bilibus
2215 3404 2464 3454 oriuntur
2499 3403 2762 3452 tumultus
2792 3397 3125 3466 percipiens.
3179 3397 3404 3462 Oportet
3448 3395 3550 3461 igi-

1985 3499 2073 3541 tur
2097 3505 2218 3541 eum
2254 3490 2342 3555 qui
2368 3489 2574 3540 accedit
2611 3489 2676 3539 a.l
2697 3500 2896 3553 corpus
2920 3495 2972 3538 et
2995 3484 3316 3553 sanguinem
3345 3484 3547 3536 Christi

1988 3587 2040 3639 in
2080 3586 2396 3639 memoriam
2428 3586 2599 3654 ipsius
2647 3600 2745 3652 pro
2801 3583 2959 3636 nobis
2992 3580 3190 3635 mortui
3221 3594 3285 3633 ac
3317 3576 3552 3631 resusci-

1988 3679 2084 3733 ιιιιὶ
2116 3695 2220 3730 ιιοι
2272 3678 2433 3730 modo
2469 3693 2589 3731 csse
2623 3677 2691 3730 ab
2714 3675 2863 3728 omni
2905 3673 3152 3742 corporis
3202 3687 3268 3725 ac
3323 3670 3550 3738 Spiritus

1990 3769 2110 3822 labe
2143 3785 2358 3836 purum.
2399 3784 2464 3820 ne
2533 3769 2584 3820 in
2636 3767 2900 3834 judicium
2950 3766 3239 3817 manducet
3286 3771 3340 3815 et
3386 3762 3551 3822 bibat,

1991 3859 2086 3915 Sed
2135 3860 2465 3913 voluntatem
2504 3871 2762 3928 pra-stare
2793 3857 2958 3924 hujus
2989 3857 3080 3925 qui
3107 3872 3201 3922 pro
3224 3855 3382 3907 nobis
3412 3870 3556 3904 mur-

1993 3963 2113 4004 tuus
2146 3961 2226 4003 est
2249 3965 2310 4002 ac
2339 3948 2656 4010 resurrexit,
2695 3963 2800 3999 non
2838 3946 2998 3999 modo
3034 3961 3092 3998 se
3124 3945 3189 3997 ab
3217 3943 3366 3994 (ιιιιηί
3396 3941 3551 4009 culpa

1993 4044 2368 4106 ntundantem,
2401 4043 2494 4096 sed
2550 4051 2603 4094 et.
2635 4039 2976 4092 ostendendo
3012 4053 3070 4091 se
3115 4046 3389 4089 mortuum
3437 4051 3557 4089 esse

1991 4148 2043 4191 et
2095 4147 2317 4205 peccato
2351 4146 2401 4187 et
2435 4133 2638 4185 mundo
2676 4140 2730 4185 et
2775 4131 2897 4194 sibi,
2959 4128 3066 4182 Deo
3115 4139 3294 4181 autem
3353 4128 3556 4180 vivere.

1995 4229 2290 4283 Pravarum
2329 4224 2715 4292 cogitationum
2749 4221 2867 4274 alia:
2923 4220 3141 4289 quidem
3179 4233 3458 4285 nunquam
3504 4218 3558 4270 itt

1993 4320 2230 4372 animam
2266 4327 2506 4370 nostram
2547 4313 2868 4375 ascendunt,
2904 4311 2948 4364 si
2985 4325 3082 4363 nos
3136 4308 3298 4360 multa
3343 4308 3557 4360 securi-

1995 4420 2103 4465 tate
2124 4409 2462 4469 muniamus;
2496 4405 2614 4456 alia:
2643 4419 2771 4456 vero
2829 4402 2980 4454 intus
3011 4401 3306 4469 gignuntur
3364 4405 3563 4451 nostra:

1999 4504 2305 4557 indolentia:
2339 4516 2500 4553 causa
2521 4507 2570 4550 et
2601 4503 2855 4548 crescunt
2881 4510 2894 4555 ;
2933 4493 2977 4545 si
2998 4507 3126 4543 vero
3157 4490 3559 4558 praecipiantur,

1998 4597 2145 4651 brevi
2196 4594 2535 4646 snﬂocantur
2574 4600 2624 4642 et
2665 4589 2717 4640 in
2760 4585 3086 4654 profundum
3158 4584 3561 4648 demerguntur.

1993 4686 2123 4742 Alite
2162 4698 2344 4738 autem
2382 4693 2434 4736 et
2467 4683 2764 4750 gignuntur
2804 4687 2855 4729 et
2888 4685 3155 4743 augentur
3185 4682 3240 4725 et
3295 4673 3359 4724 ad
3397 4671 3566 4723 malos

1993 4789 2146 4836 actus
2188 4777 2510 4847 procedunt,
2542 4783 2594 4827 et
2621 4785 2837 4824 omnem
2871 4769 3063 4821 anima:
3117 4774 3313 4818 nostra:
3349 4767 3557 4816 sanita-

1997 4881 2100 4926 tem
2129 4874 2511 4935 corrumpunt,
2554 4864 2771 4933 quando
2818 4861 2877 4914 in
2917 4859 3082 4913 multa
3114 4856 3406 4909 indolentia
3441 4870 3562 4909 ver-

1993 4979 2198 5020 samur.
2236 4959 2609 5014 Beatissimutn
2662 4957 2824 5024 igitur
2849 4961 2950 5016 est,
3000 4951 3042 5004 si
3093 4949 3294 5001 nullam
3330 4948 3555 4999 omnino

2005 5065 2219 5121 pravam
2294 5048 2643 5121 admittamus
2708 5041 3132 5108 cogitationem;
3208 5037 3334 5090 huic
3388 5046 3565 5088 autem

2005 5120 2252 5198 felicitati
2313 5120 2617 5207 proximum
2665 5145 2746 5188 est
2780 5132 3147 5202 ingredientes
3203 5129 3568 5195 cegitationes

2005 5236 2266 5290 citissime
2297 5231 2552 5300 repellere
2583 5242 2757 5297 neque
2791 5242 2884 5279 eas
2937 5224 3140 5276 diutius
3174 5220 3458 5273 immorari
3494 5219 3568 5270 εἰς

2007 5343 2153 5393 nere,
2191 5327 2262 5378 ita
2293 5334 2349 5376 ut
2380 5331 2563 5376 nostra
2605 5335 2804 5388 pascua
2857 5315 2998 5368 mala
3032 5328 3138 5366 non
3166 5313 3471 5365 reddamus.
3511 5309 3566 5361 Si

2005 5435 2164 5490 porro
2188 5434 2253 5472 eo
2286 5432 2457 5486 usque
2482 5413 2777 5466 indolentes
2801 5411 2995 5471 simus,
3035 5405 3198 5472 hujus
3233 5400 3567 5464 indolentize,

2003 5511 2376 5566 misericordia
2425 5509 2536 5571 Dei,
2577 5506 2725 5558 adest
2752 5501 3055 5555 consolatio
3108 5505 3161 5549 et
3221 5494 3410 5557 multa,
3473 5493 3571 5545 hae

2001 5603 2258 5659 ineffabili
2295 5600 2552 5660 bonitate,
2585 5594 2744 5646 nobis
2799 5597 2985 5659 parata
3035 5595 3160 5638 sunt
3215 5582 3473 5634 remedia.
3499 5579 3574 5632 Te

2003 5701 2165 5770 igitur
2195 5697 2382 5749 hortor
2419 5699 2496 5753 ut,
2528 5695 2789 5755 quantum
2823 5694 3026 5749 corpus
3055 5679 3214 5740 sinit,
3271 5687 3363 5726 eor
3415 5682 3567 5724 tuum
