4266 6450
712 406 815 472 831

1660 395 2000 459 CALLlSTl
2050 385 2461 454 TELICL‘DE
2496 384 2592 445 DE
2625 381 3042 443 ORATIONE.

3864 373 3972 438 832

712 537 820 575 non
850 519 1140 573 dissolvas.
1183 515 1651 582 Quemadmodum
1699 513 1843 566 cnim
1886 507 2126 580 agricola
2177 517 2284 558 non
2318 501 2361 557 Α

2335 502 2361 556 ι
2389 490 2515 553 τοὺς
2541 492 2856 559 λογισμοὺς,
2897 491 3106 561 ταχέως
3139 490 3490 552 ἀπώσασθαι,
3517 490 3612 543 καὶ
3644 490 3718 561 μὴ
3750 508 3964 560 συγχω-

713 623 892 684 potest
939 615 1004 666 dc
1045 613 1226 665 fructu
1264 609 1355 679 qui
1401 609 1454 662 in
1508 624 1638 675 agro
1670 615 1753 660 est
1784 605 2084 674 quidquam
2138 600 2284 670 pati;

714 709 886 760 nescit
941 705 1084 757 cuint
1140 705 1266 772 quid
1318 713 1639 755 eventurum
1689 700 1800 764 sit,
1861 700 2182 767 priusquam
2233 693 2285 746 in

719 800 928 852 horreis
983 797 1100 866 ejus
1164 798 1558 860 concludatur;
1617 793 1687 846 ita
1744 793 1908 846 homo
1958 790 2148 858 nequit
2194 803 2290 841 cor

715 912 874 947 suum
904 893 1221 958 dissolvere,
1258 892 1498 962 qunndiu
1539 892 1594 944 in
1622 890 1849 944 naribus
1895 890 2017 958 ejus
2044 895 2128 940 est
2180 884 2291 951 spi-

719 989 972 1049 ritus.,Et
1001 985 1462 1053 quemadmodum
1521 986 1685 1037 homo
1719 983 1892 1036 nescit
1914 981 2044 1050 quid
2100 994 2292 1048 passu-

719 1095 808 1130 rus
843 1079 931 1142 sit,
974 1092 1144 1146 usque
1179 1077 1241 1128 ad
1277 1076 1530 1128 ultimum
1562 1075 1836 1144 spiritum,
1875 1073 1955 1128 sic
1987 1081 2040 1126 et
2097 1086 2291 1124 mona-

717 1171 821 1222 ε-Ιιυ
854 1187 960 1222 non
988 1171 1109 1223 licnt
1133 1185 1226 1222 cor
1255 1169 1572 1232 dissolvere,
1593 1166 1840 1234 quandiu
1895 1164 2287 1234 aspirationem

721 1264 882 1314 Iubet
921 1280 933 1314 :
968 1263 1061 1314 sed
1085 1274 1296 1329 oportet
1319 1264 1458 1323 '_enm
1479 1270 1737 1328 perpetuo
1768 1258 1835 1312 ad
1877 1257 2046 1311 Deum
2091 1258 2296 1310 clama-

722 1372 798 1421 re,
839 1367 1056 1424 propter
1093 1357 1318 1426 regnum
1351 1354 1469 1423 ejus
1510 1363 1563 1405 et
1630 1351 2088 1405 misericordiam.
2141 1348 2295 1404 Mali-

719 1466 856 1514 gnus
891 1459 1096 1514 autem,
1158 1464 1280 1502 cum
1322 1448 1566 1515 apprime
1638 1448 1773 1502 sciat
1825 1446 2060 1500 maxima
2132 1460 2297 1515 posse

719 1539 1018 1605 :ulilttplcl‘e
1043 1555 1166 1593 eum
1197 1541 1288 1608 qui
1322 1556 1430 1595 non
1478 1540 1736 1597 distracte
1772 1542 1940 1596 Deum
1965 1550 2106 1606 orat,
2169 1538 2298 1592 niti-

723 1643 811 1682 tur
843 1632 1146 1686 rationabili
1181 1642 1275 1686 aut
1309 1634 1669 1690 irrationabili
1721 1637 1881 1691 modo
1912 1643 2145 1689 mentem
2180 1633 2297 1688 dis-

722 1725 956 1778 tia'here.
990 1724 1095 1778 Sed
1139 1740 1238 1780 nos
1261 1727 1388 1780 illud
1414 1729 1611 1795 edocti,
1667 1738 1853 1782 nostro
1907 1728 2132 1782 inimlco
2191 1743 2294 1797 pu-

721 1827 948 1883 gnantes
980 1817 1333 1880 resistamus;
1375 1829 1427 1873 et
1460 1823 1678 1886 quando
1728 1821 1794 1875 ad
1850 1822 2118 1877 orandum
2189 1829 2299 1874 ειε-

726 1922 845 1958 mus
883 1915 936 1959 et
963 1923 1134 1976 genua
1162 1908 1451 1976 ﬂectimus,
1492 1911 1694 1964 nullam
1734 1913 1961 1966 omnino
2009 1910 2299 1981 cogitatio-

724 2014 845 2050 nem
881 2000 934 2051 in
958 2015 1051 2052 cor
1077 2011 1323 2054 nostrum
1358 2003 1562 2056 intrare
1591 2005 1857 2071 sinamus,
1891 2020 2066 2074 neque
2089 2005 2295 2069 albam,

724 2105 900 2157 neque
959 2092 1191 2158 nigram,
1247 2109 1421 2161 neque
1481 2099 1782 2163 desteram,
1844 2111 2018 2166 neque
2081 2097 2295 2163 laevam,

723 2197 898 2248 neque
950 2185 1208 2251 scriptam
1243 2201 1418 2252 neque
1446 2203 1552 2241 non
1600 2190 1894 2256 scriptam;
1929 2197 2153 2258 excepta
2206 2189 2300 2243 Dei

721 2275 1122 2341 supplicatione
1148 2287 1201 2330 et
1233 2292 1293 2329 ea
1328 2295 1448 2342 qme
1475 2281 1637 2333 tnettti
1681 2283 1991 2348 supervenit
2020 2281 2087 2336 de
2146 2280 2302 2336 caelis

723 2368 1118 2422 iiluntinatione
1148 2383 1210 2422 ac
1250 2370 1626 2427 irrudiuliom‘.
1647 2373 1809 2426 \lulto
1842 2386 2038 2428 conatu
2072 2389 2137 2431 ac
2167 2383 2302 2429 tem-

725 2475 853 2524 pore
901 2459 951 2511 in
979 2461 1322 2516 orationibus
1353 2479 1488 2531 opus
1517 2473 1623 2531 est,
1665 2479 1720 2519 ut
1758 2467 2107 2535 cogitationis
2137 2484 2305 2539 expeo

724 2552 894 2604 ditutn
946 2562 1147 2605 statum
1183 2555 1564 2622 inveniamus,
1595 2559 1739 2611 aliud
1780 2560 2052 2626 quoddam
2118 2561 2303 2615 cordis

724 2645 942 2710 corium,
981 2646 1070 2698 ubi
1125 2646 1326 2700 habitat
1380 2649 1664 2715 Christus,
1716 2660 1774 2703 ut
1828 2653 1904 2704 ait
1965 2653 2301 2720 Apostolus:

730 2754 748 2785 ι
779 2738 855 2787 An
891 2738 1110 2791 nescitis
1133 2741 1390 2806 quoniam
1434 2741 1682 2794 Christus
1727 2743 1934 2797 habitat
1964 2743 2016 2797 in
2055 2746 2253 2799 nobis?
2279 2764 2298 2797 ι

728 2825 781 2876 Si
819 2827 942 2894 quis
1002 2829 1129 2880 velit
1177 2832 1374 2884 mentis
1411 2841 1612 2885 statum
1670 2833 1872 2900 videre,
1935 2836 2177 2906 st-ipsum
2236 2837 2304 2891 ab

727 2919 979 2970 omnibus
1005 2918 1427 2985 cogitationibus
1449 2924 1742 2991 custodiat,
1791 2933 1845 2978 et
1896 2937 2006 2980 tum
2062 2929 2302 2995 St'ipsaltt

732 3025 886 3061 mens
922 3009 1122 3061 videbit
1154 3011 1412 3078 sapphiro
1450 3021 1503 3063 et
1545 3014 1751 3068 cmlesti
1801 3015 1972 3070 colori
2043 3017 2303 3072 similem.

729 3098 845 3150 Non
895 3098 1193 3151 intuebitur
1227 3115 1381 3154 meus
1433 3100 1524 3154 Dei
1583 3103 1760 3157 locum
1826 3105 1879 3158 in
1938 3108 2140 3175 seipsa,
2200 3109 2304 3162 nisi

728 3190 984 3241 omnibus
1015 3205 1192 3242 rerum
1234 3191 1659 3258 cogitationibus
1682 3197 1953 3250 excelsior
2007 3197 2147 3252 facta
2210 3199 2302 3253 sit.
2333 3190 2376 3248 C

731 3282 842 3332 Nm
875 3283 962 3333 (iet
987 3293 1162 3334 autem
1199 3285 1488 3349 excelsior,
1544 3286 1648 3340 nisi
1706 3289 2030 3355 cupiditates
2066 3291 2299 3357 exuerit,

729 3389 849 3439 quzc
917 3375 1084 3441 ipsam
1120 3390 1214 3441 per
1269 3392 1450 3429 rerum
1511 3380 1852 3433 sensibilium
1920 3383 2302 3450 cogitationem

733 3466 1064 3532 impediunt;
1106 3475 1162 3520 et
1217 3469 1543 3537 cupiditates
1596 3473 1893 3527 virtutibus
1924 3475 2299 3540 expellentur;

732 3560 961 3624 graciles
987 3570 1164 3614 autem
1214 3563 1576 3632 cogitationes
1631 3566 1904 3633 Spirituali
1951 3568 2300 3637 cogitatione,

733 3658 786 3700 et
817 3665 878 3701 ea
913 3666 1131 3748 rursum
1166 3653 1514 3709 manifestato
1547 3657 1665 3725 ipso
1707 3659 1930 3712 lumine.

2391 578 2558 651 ρῆσαι
2613 579 2954 648 ὲνδιατρίψαι
3018 579 3203 645 πλέον,
3240 579 3382 632 ὥστε
3419 579 3494 649 μὴ
3547 581 3790 650 πονηράν
3830 581 3971 650 ἡμῖν

2390 668 2726 737 ἐργάσασθαι
2759 669 2859 738 τὴν
2884 671 3075 739 νομήν.
3113 671 3173 722 Et
3221 670 3276 722 δὲ
3310 670 3402 722 καὶ
3432 671 3593 740 μέχρι
3628 670 3819 722 τούτου
3868 672 3966 740 ῥᾳ-

2394 760 2750 830 Ουμήσωμεν,
2782 761 2916 826 ἔστι,
2945 762 3032 814 διὰ
3056 763 3153 831 τῆς
3201 762 3293 814 τοῦ
3343 761 3478 814 Θεοῦ
3531 761 3964 830 φιλανθρωπίας,

2392 853 2485 904 καὶ
2515 853 2611 922 τῆς
2639 852 2912 924 ραθυμίας
2940 853 3142 923 ταύτης
3170 853 3516 922 παραμυθία,
3540 853 3632 905 καὶ
3660 851 3831 904 πολλὰ
3865 869 3970 906 πα·

2395 945 2466 1015 ρὰ
2517 945 2618 1012 τῆς
2650 944 2986 1012 ἀγαθότητος
3019 945 3234 1013 ἐκείνης
3267 947 3366 1013 τῆς
3410 945 3620 1012 άφάτου
3653 945 3764 1004 τοῖς
3793 941 3967 994 τοιού-

2391 1054 2504 1099 τοις
2538 1035 2818 1107 τραύμασι
2860 1037 3271 1105 κατεσκευάσθη
3301 1037 3369 1088 τὰ
3393 1037 3681 1105 φάρμακα.
3711 1037 3968 1103 Παρακα-

2392 1129 2468 1181 λῶ
2503 1145 2559 1180 σε
2590 1124 2702 1188 οὖν.
2747 1131 2806 1180 ὲν
2837 1130 2946 1198 ὅσῳ
2976 1123 3027 1180 εἴ
3055 1131 3112 1181 ἐν
3150 1128 3228 1198 τῷ
3284 1127 3520 1198 σώματι,
3558 1127 3634 1197 μὴ
3688 1125 3967 1199 ἀπολύσῃς

2395 1239 2488 1274 σου
2523 1223 2621 1290 τὴν
2653 1223 2896 1287 καρδίαν.
2933 1221 3144 1292 Ὥσπερ
3173 1221 3281 1290 γὰρ
3314 1225 3341 1274 6
3385 1221 3638 1291 γεωργὸς.
3691 1221 3753 1272 οὐ
3809 1219 3971 1273 δύνα-

2391 1332 2481 1368 ται
2548 1315 2860 1367 πεποιθέναι
2915 1315 3006 1367 ἐπί
3053 1331 3160 1367 τινι
3213 1314 3377 1367 αὐτοῦ
3454 1314 3678 1383 καρπῷ,
3737 1314 3974 1384 ἀνερχο-

2395 1409 2541 1478 μένῳ
2566 1410 2622 1460 ὲν
2648 1407 2724 1475 τῷ
2748 1407 2901 1476 ἀγρῷ
2920 1409 3082 1460 αὑτοῦ
3105 1425 3118 1438 ·
3149 1408 3212 1460 οὐ
3239 1409 3348 1476 γὰρ
3371 1403 3478 1459 οἶδε
3505 1408 3558 1458 τί
3580 1405 3727 1477 αὐτῷ
3743 1406 3974 1461 ἀποϐαί-

2392 1516 2493 1562 νει,
2550 1499 2679 1567 πρὶν
2739 1498 3120 1566 ὲγκλεισθῆναι
3175 1501 3232 1551 ὲν
3269 1502 3380 1560 τοῖς
3430 1497 3722 1567 θησαυροῖς
3753 1496 3920 1551 αὑτοῦ
3953 1512 3972 1528 °

2393 1592 2568 1654 οὕτως
2605 1591 2893 1661 ἄνθρωπος
2932 1590 2992 1642 οὐ
3051 1590 3273 1643 δύναται
3337 1590 3606 1643 ἀπολῦσαι
3651 1589 3816 1642 αὑτοῦ
3874 1591 3974 1659 τὴν

2395 1683 2643 1752 καρδίαν,
2697 1683 2889 1751 ἐφόσον
2941 1681 3055 1750 ἔχει
3118 1682 3285 1752 πνοὴν
3311 1682 3368 1733 ἐν
3402 1685 3468 1750 τῇ
3499 1682 3605 1751 ῥινὶ
3637 1681 3825 1735 αὐτοῦ.
3864 1683 3974 1734 Καὶ

2395 1773 2582 1843 ὥσπερ
2613 1773 2898 1840 ἄνθρωπος
2953 1773 3051 1832 οὐκ
3099 1769 3205 1824 οἶδε
3251 1775 3403 1825 ποῖον
3452 1773 3621 1834 πάθος
3666 1774 3972 1841 ἀπαντήσει

2335 1855 2566 1932 Βταὺτῷ,
2598 1863 2700 1923 ἕως
2731 1863 2967 1931 ἐσχάτης
3005 1861 3172 1916 αὑτοῦ
3217 1863 3514 1932 ἀναπνοῆς,
3568 1861 3742 1927 οὕτως
3781 1865 3842 1916 οὐ
3876 1866 3972 1917 δυ-

2395 1955 2556 2008 νατὸν
2581 1953 2659 2024 τῷ
2707 1951 2923 2024 μοναχῷ
2952 1953 3224 2008 ἀπολῦσαι
3273 1954 3438 2008 αὑτοῦ
3478 1954 3582 2024 τὴν
3628 1955 3876 2024 καρδίαν,
3915 1957 3974 2006 ὲν

2395 2047 2505 2116 ὅσῳ
2543 2045 2655 2114 ἔχει
2685 2047 2965 2114 ἀναπνοήν
2989 2061 3003 2076 °
3035 2044 3170 2098 ἀλλὰ
3220 2046 3326 2114 χρὴ
3369 2045 3530 2096 αὑτὸν
3563 2046 3800 2114 ἀναδοᾷν
3834 2046 3972 2098 πάν⁸

2396 2152 2517 2188 τοτε
2552 2134 2689 2204 πρὸς
2718 2136 2810 2188 τὸν
2836 2135 2989 2200 Θεὸν,
3011 2135 3100 2186 διὰ
3129 2134 3228 2202 τὴν
3260 2132 3539 2201 βασιλείαν
3567 2132 3757 2194 αὐτοῦ,
3785 2133 3879 2184 καὶ
3912 2131 3976 2183 τὸ

2399 2226 2567 2288 ἔλεος.
2595 2225 2767 2289 Εἰδὼς
2795 2225 2888 2278 οὖν
2910 2225 3155 2296 ἀκριϐῶς
3176 2225 3205 2276 6
3235 2223 3493 2293 πονηρὸς,
3521 2224 3604 2276 ὅτι
3636 2227 3866 2291 μέγιστα
3889 2223 3978 2275 δυο

2399 2320 2622 2388 νήσεται
2669 2317 2864 2371 άνῦσαι
2890 2318 2919 2370 6
2966 2315 3361 2387 ἀπερισπάστῳ
3399 2313 3478 2385 τῷ
3507 2315 3630 2382 Θεῷ
3676 2313 3976 2384 προσευχό-

2403 2427 2582 2479 μενος,
2617 2408 2841 2462 σπεύδει
2893 2409 3000 2461 τίνι
3033 2408 3223 2478 τρόπῳ
3258 2406 3489 2476 εὐλόγῳ,
3522 2405 3555 2476 ἢ
3592 2405 3772 2474 ἀλόγῳ
3837 2407 3976 2476 ῥέμ-

2402 2501 2517 2554 6ειν
2546 2500 2635 2554 τὸν
2665 2500 2812 2554 νοῦν.
2854 2499 2993 2552 Ἀλλ’
3037 2501 3199 2568 ἡμεῖς
3229 2498 3389 2551 τοῦτο
3419 2497 3798 2567 ἐπιστάμενοι,
3827 2497 3979 2549 ἀντιμ-

2402 2591 2863 2661 στρατευσώμεθα
2891 2592 2966 2659 τῷ
2982 2591 3236 2660 ἡμετέρῳ
3264 2588 3476 2659 ὲχθρῷο
3507 2591 3601 2642 καὶ
3617 2589 3747 2641 ὅταν
3759 2589 3978 2657 στῶμεν

2391 2687 2479 2748 ἐἰς
2506 2683 2691 2752 εὐχὴν,
2725 2685 2819 2735 καὶ
2847 2683 3054 2750 γόνατα
3085 2682 3378 2752 κλίνωμεν,
3413 2681 3618 2751 μηδένα
3657 2679 3977 2733 παντάπασι

2399 2778 2658 2848 λογισμὸν
2700 2779 2779 2840 είς
2807 2777 2907 2847 τὴν
2951 2776 3178 2846 καρδίαν
3211 2775 3662 2845 συγχωρήσωμεν
3690 2773 3976 2836 εἰσελθεῖν,

2405 2871 2480 2942 μὴ
2504 2871 2719 2933 λευκὸν,
2758 2870 2832 2939 μὴ
2871 2869 3096 2938 μέλανα,
3127 2866 3202 2936 μὴ
3225 2866 3423 2931 δεξιὸν,
3459 2866 3535 2936 μὴ
3557 2865 3869 2936 ἀριστερὸν,
3901 2865 3977 2933 μὴ

2401 2963 2722 3034 γραφικδνῆ
2748 2963 2996 3030 ἄγραφον
3017 2976 3031 2990 °
3078 2959 3215 3031 πλὴν
3246 2963 3345 3029 τῆς
3385 2959 3520 3029 πρὸς
3557 2959 3690 3011 Θεὸν
3740 2959 3975 3021 ἱκεσίας,

2403 3057 2495 3110 καὶ
2524 3057 2618 3125 τῆς
2654 3056 2716 3108 ὲκ
2742 3054 2836 3107 τοῦ
2869 3052 3100 3123 οὐρανοῦ
3151 3052 3513 3120 ἐγγινομένης
3543 3051 3622 3119 τῷ
3663 3051 3980 3120 ἡγεμονικῷ

2401 3147 2719 3216 ὲλλάμψεως
2754 3147 2849 3198 καὶ
2890 3144 3216 3215 ὴλιοὸολίας.
3253 3142 3456 3197 Πολλοῦ
3493 3142 3704 3209 ἀγῶνος
3727 3143 3825 3194 καὶ
3849 3143 3982 3212 χρό-

2403 3262 2495 3297 νου
2534 3241 2690 3313 χρεία
2729 3245 2785 3294 ὲν
2811 3244 2930 3303 ταῖς
2988 3241 3341 3310 προσευχαῖς,
3376 3238 3524 3300 ὅπως
3575 3236 3828 3306 εὕρωμεν
3879 3239 3981 3304 τὴν

2402 3335 2843 3404 ἀπαρενόχλητον
2872 3335 2967 3400 τῆς
3005 3332 3246 3394 διανοίας
3278 3330 3640 3390 κατάστασιν,
3677 3328 3867 3397 ἕτερόν
3901 3346 3984 3380 τι*

2403 3445 2468 3480 να
2496 3426 2783 3496 ἐγκάρδιον
2811 3422 3061 3493 οὐρανὸν,
3094 3422 3225 3474 ἔνθα
3248 3422 3389 3473 οἰκεῖ
3422 3422 3450 3472 6
3475 3418 3735 3489 Χριστὸς,
3765 3418 3840 3480 ῶς
3869 3436 3979 3487 φη-

2405 3535 2488 3570 σιν
2507 3520 2535 3569 6
2575 3515 2894 3575 ’Λπόστολος
2919 3531 2930 3543 ·
2968 3515 3067 3565 «Ἥ
3095 3513 3197 3565 οὐκ
3229 3510 3620 3578 ἐπιγινώσκετε
3642 3510 3722 3560 ὅτι
3747 3506 3982 3576 Χριστὸς

2404 3610 2543 3662 οἰκεῖ
2575 3609 2631 3657 ἐν
2682 3607 2851 3673 ὴμίν;
2888 3623 2904 3653 ι
2943 3603 3011 3656 Εἰ
3063 3620 3147 3664 τις
3191 3602 3433 3672 βούλοιτο
3473 3602 3602 3654 ἰδεῖν
3629 3600 3728 3670 τὴν
3762 3599 3857 3652 τοῦ
3886 3598 3981 3651 νοῦ

2417 3699 2771 3757 κατάστασιν,
2803 3695 3097 3762 τηρησάτω
3134 3693 3325 3747 ἑαυτὸν
3369 3695 3433 3746 ἐκ
3465 3693 3681 3746 πάντων
3705 3690 3814 3743 τῶν
3857 3707 3986 3760 vcn-

731 3782 1096 3842 κατάστασιν,
1136 3782 1436 3850 τηρησάτω
1469 3779 1662 3832 ἑαυτὸν
1703 3783 1768 3832 ὲκ
1799 3786 2016 3832 πάντων
2067 3781 2173 3832 τῶν
2209 3784 2523 3850 νοημάτων,
2559 3783 2654 3836 καὶ
2682 3785 2802 3835 τότε
2835 3782 3028 3851 ὄψεται
3064 3783 3261 3836 ἑαυτὸν
3288 3787 3316 3836 6
3349 3784 3476 3848 νοῦς
3501 3786 3794 3856 σαπφείρῳ
3815 3788 3986 3856 οὐράς

734 3878 831 3946 νίῳ
854 3876 1103 3945 χρώματι
1125 3874 1482 3945 παρεμφερῆ.
1513 3878 1625 3927 Οὐκ
1661 3875 1726 3927 ἂν
1749 3875 1846 3927 ἴδοι
1877 3873 1906 3924 6
1926 3877 2047 3936 νοῦς
2078 3874 2167 3928 τὸν
2190 3875 2283 3926 τοῦ
2308 3877 2444 3929 Θεοῦ
2466 3878 2629 3928 τόπον
2659 3861 2938 3943 ἐν’ὲαυτῷ,
2973 3876 3050 3946 μὴ
3083 3877 3301 3929 πάντων
3317 3878 3425 3930 τῶν
3448 3880 3508 3931 ιν
3537 3882 3652 3942 τοῖς
3689 3882 3985 3951 πράγμασι

734 3975 1026 4043 νοημάτων
1058 3973 1390 4041 ὑψηλότερος
1424 3973 1663 4038 γεγονώς
1688 3990 1700 4003 ”
1726 3973 1786 4026 οὐ
1815 3976 2105 4042 γενήσεται
2141 3976 2197 4027 δὲ
2231 3975 2586 4046 ὑψηλότερος,
2627 3975 2699 4044 μὴ
2736 3976 2801 4027 τὰ
2836 3975 2980 4044 πάθη
3017 3977 3492 4045 ἀπεκδυσάμενος,
3516 3977 3584 4029 τὰ
3614 3981 3984 4048 συνδεσμοῦνιι

733 4087 805 4120 τα
835 4066 998 4118 αὑτὸν
1029 4067 1116 4118 διὰ
1148 4065 1258 4117 τῶν
1294 4064 1587 4132 νοημάτων
1611 4068 1721 4126 τοῖς
1759 4067 2054 4135 πράγμασι
2081 4069 2193 4129 τοῖς
2219 4069 2521 4136 αἰσθητοῖς,
2555 4069 2649 4122 καὶ
2680 4068 2749 4121 τὰ
2776 4071 2874 4138 μὲν
2911 4069 3058 4139 πάθη
3085 4069 3440 4138 ἀπωθήσεται
3473 4071 3562 4125 διὰ
3588 4072 3697 4126 τῶν
3725 4072 3944 4142 ἀρετῶν
3967 4088 3984 4102 ’

736 4162 869 4225 τοὺς
901 4163 957 4214 δὲ
988 4161 1178 4230 ψιλοὺς
1208 4159 1503 4228 λογισμοὺς
1534 4159 1622 4212 διὰ
1648 4160 1746 4228 τῆς
1780 4163 2162 4232 πνευματικῆς
2191 4159 2444 4230 θεωρίας,
2481 4162 2576 4214 καὶ
2629 4160 2838 4228 ταύτην
2865 4162 3052 4229 πάλιν,
3081 4163 3442 4230 ιπιφανέντος
3471 4163 3638 4216 αὑτοῦ
3666 4161 3759 4216 τοῦ
3787 4164 3990 4232 φωτός.
