4266 6450
707 369 819 440 835

722 524 941 541 ..-ο-ι...

1829 373 2167 447 ΕᾹΙᾸΛΒΤΙ
2229 387 2836 451 ΩΑΤΔΡΙΙΟΘῙΟΤΑΞ

945 532 2819 562 Μ

3857 393 3963 454 836

2111 688 2202 741 ΕΚ
2248 688 2383 742 ΤΩΝ
2418 691 2553 743 ΤΟΥ

1142 847 2129 987 ΚΑΛΛΙΣΤΟΥ
2202 853 3424 995 ΚΑΤΑΦΥΓΙΩΤΟ
3450 861 3541 993 Υ

984 1090 1882 1182 ΣΥΛΛΟΓΙΣΤΙΚΩΝ
1989 1096 2182 1184 ΚΑΙ
2246 1099 3013 1189 ΥΦΙ-ΙΛΟΤΑΤΩΝ
3105 1105 3757 1215 ΚΕΦΛΛΑΙΩΝ

2076 1287 2157 1339 ΤΑ
2204 1289 2597 1343 ΣΩΖΟΜΕΚᾹ

1541 1439 1693 1492 ΠΕΡΙ
1721 1440 1919 1493 ΘΕΙΛΣ
1971 1441 2271 1493 ΕΝΩΣΕΩΣ
2317 1443 2433 1495 ΚΑΙ
2473 1443 2623 1496 mor
2650 1445 3155 1526 ‘GEQPEITIKUY.

1052 1772 1911 1929 CALLlSTl
2040 1778 3626 1955 CATAPHUGIOTXE

1033 2222 1938 2314 SYLLOGISTICIS

2108 2226 2253 2313 ET
2347 2228 2983 2321 AL'FIPETIS
3087 2230 3713 2321 CAPITULIS

2020 2420 2193 2488 ΟΙῙίΕ
2221 2419 2658 2476 SUPERSUNT

1383 2588 1478 2648 DE
1519 2587 1820 2648 UNIONE
1861 2588 2023 2647 CUM
2061 2589 2211 2648 DEO
2271 2591 2365 2649 ET
2401 2592 2578 2651 VlTA
2634 2589 3294 2656 CONTEMPLATIVA.

794 2887 843 2940 l.
900 2882 1257 2946 Naturaiiter,
1292 2883 1555 2952 quidquid
1596 2886 1744 2945 vivit,
1782 2882 2006 2937 meliore
2060 2883 2291 2937 naturali
2322 2886 2373 2947 Α
2460 2884 2527 2937 α’.
2570 2886 2664 2938 Ἐκ
2695 2886 2765 2939 τοὶ

2229 2883 2291 2937 ali
2322 2886 2373 2947 Α
2460 2884 2527 2937 α’.
2570 2886 2664 2938 Ἐκ
2695 2885 2788 2939 τοῦ
2821 2889 3123 2954 πεφυκότος
3157 2889 3263 2939 πᾶν
3316 2888 3424 2951 ζῶν
3459 2891 3523 2957 τῇ
3558 2889 3830 2957 κρείττονι
3860 2904 3969 2940 πε-

719 2996 817 3034 Sua
852 2979 1053 3031 virtute
1114 2976 1320 3030 ohtiuet
1361 2989 1414 3028 et
1448 2976 1681 3045 quietem
1729 2986 1785 3028 et
1838 2975 2079 3028 lat-titiam
2120 2991 2304 3045 a’qua-

2388 2973 2591 3043 φυκυίᾳ.
2628 2975 2793 3026 αὐτοῦ
2817 2975 3089 3045 ἐνεργείᾳ,
3116 2976 3208 3027 καὶ
3233 2975 3591 3037 ἀναπαύσεως
3622 2977 3971 3046 μεταλαγχά-

720 3072 840 3129 lem,
880 3086 984 3139 qua
1015 3069 1249 3131 lwtatur,
1279 3077 1330 3122 et
1385 3068 1454 3121 ob
1506 3068 1592 3120 illa
1654 3067 1844 3119 adiectu
1889 3078 2154 3123 movetur.
2204 3066 2307 3137 lgi-
2386 3081 2467 3119 νει
2506 3065 2600 3117 καὶ
2624 3066 2765 3135 ἠδονὶ

2229 3066 2307 3137 gi-
2386 3081 2467 3119 νει
2506 3065 2600 3117 καὶ
2624 3066 2812 3136 ἡδονῆς
2844 3067 3163 3137 ἐφαμίλλου,
3203 3067 3299 3120 καὶ
3321 3071 3493 3139 ταύτῃ
3518 3068 3612 3121 καὶ
3644 3069 3843 3137 χαίρει,
3872 3071 3969 3121 καὶ

709 3165 806 3213 ‘tur
842 3162 1001 3214 homo
1031 3160 1122 3229 qui
1161 3168 1393 3213 mentem
1427 3159 1610 3221 habet,
1637 3169 1691 3212 et
1735 3158 1826 3210 cui
1889 3159 2012 3211 licet
2067 3157 2303 3212 naturali

721 3253 883 3305 modo
914 3253 1033 3305 vita:
1080 3252 1342 3305 rationem
1379 3250 1679 3319 prza-sertim
1711 3249 1976 3318 cogitare,
2025 3251 2297 3320 przeeipue

723 3346 937 3399 laetatur
991 3352 1045 3398 et
1084 3346 1283 3412 quietis
1340 3343 1761 3412 participatione
1811 3342 2035 3405 fruitur,
2086 3344 2303 3411 quando

722 3437 949 3490 meliora
988 3438 1192 3505 cogitat
1220 3437 1285 3489 dc
1317 3436 1517 3504 seipso,
1544 3433 1657 3487 sive
1701 3433 1867 3495 bona.
1900 3436 2014 3488 sive
2067 3435 2301 3502 pulchra

719 3528 846 3596 quis
879 3528 1003 3580 velit
1025 3528 1225 3581 dicere.
1260 3527 1319 3590 ρ.
1356 3526 1424 3580 od
1446 3526 1734 3594 contingit,
1769 3528 1813 3578 si
1843 3526 2008 3578 Deum
2038 3528 2298 3581 intuente

724 3621 938 3678 habeat.
973 3628 1027 3671 et
1061 3620 1180 3687 ejus
1212 3619 1440 3672 virtutes
1466 3620 1663 3686 cogitet
1692 3618 1783 3685 qui
1825 3633 2074 3672 suinmus
2125 3630 2204 3671 est
2242 3627 2296 3673 et

721 3724 884 3776 supra
941 3709 1143 3764 mentis
1180 3710 1535 3771 intellectum,
1567 3719 1617 3761 et
1652 3722 1869 3762 summe
1928 3707 2158 3776 diligens
2207 3710 2303 3764 ho-

722 3799 922 3852 minem
954 3807 1006 3852 et
1036 3800 1323 3868 plusquam
1358 3801 1569 3870 concipi
1605 3810 1805 3870 potest,
1839 3812 1890 3855 et
1915 3817 2125 3857 summa
2164 3816 2300 3872 pra:-

722 3893 826 3943 mia
851 3900 903 3944 et
930 3906 1095 3960 supra
1136 3892 1472 3947 intellectum
1505 3894 1648 3948 bona
1678 3901 1733 3947 et
1757 3893 1981 3963 pulchra
2016 3895 2131 3948 suis
2163 3908 2300 3963 piae-

721 3991 868 4050 parat
894 4000 911 4046 -,
937 3991 988 4036 et
1019 3982 1109 4036 illa
1141 3986 1192 4037 in
1232 3991 1514 4037 internum.

789 4159 847 4209 ει.
879 4156 933 4210 Si
965 4159 1145 4214 omnis
1169 4160 1449 4229 generatio
1473 4171 1789 4230 generatum
1821 4163 2101 4232 generauti
2126 4162 2302 4217 simile

721 4249 869 4313 iacit,
907 4259 964 4303 ut
997 4254 1071 4304 ait
1104 4228 1364 4307 Dominus
1394 4228 1583 4307 dicens
1616 4267 1631 4305 :
1674 4272 1691 4304 ι
1721 4228 1873 4320 Quod
1904 4266 2088 4308 natum
2125 4265 2301 4309 estex
2334 4228 2376 4284 Β

721 4357 903 4405 carne,
944 4356 1073 4396 caro
1102 4352 1208 4407 est,
1229 4354 1282 4397 et
1306 4344 1451 4412 quod
1486 4352 1671 4397 natum
1703 4357 1786 4399 est
1823 4360 1890 4399 ex
1924 4344 2155 4415 Spiritu,
2182 4345 2307 4416 Spi-

722 4438 859 4489 ritus
888 4443 973 4489 est
996 4434 1082 4500 “;
1116 4452 1137 4485 ι
1177 4435 1223 4489 si
1259 4435 1427 4501 igitur
1467 4434 1709 4504 Spiritus
1738 4446 1820 4490 est
1856 4437 1946 4504 qui
2002 4446 2162 4493 natus
2219 4449 2304 4494 est

729 4541 790 4576 ex
823 4522 1053 4590 Spiritu,
1103 4532 1249 4592 patet
1287 4539 1411 4579 eum
1467 4533 1521 4578 et
1572 4526 1736 4580 Deum
1773 4526 2011 4580 futurum
2069 4542 2191 4582 esse
2217 4544 2307 4584 se-

729 4617 969 4671 cundum
1009 4627 1358 4687 generautem
1419 4617 1705 4687 Spiritum,
1754 4620 2013 4688 quoniam
2050 4629 2103 4673 et
2157 4620 2300 4677 Deus

725 4726 885 4763 verus
921 4718 1005 4763 est
1067 4708 1305 4779 Spiritus
1342 4709 1448 4773 ille,
1490 4726 1585 4780 per
1614 4727 1778 4781 quem
1833 4714 2132 4767 secundum
2187 4730 2308 4783 gra-

726 4802 855 4854 tiam
883 4802 1060 4855 factus
1087 4810 1172 4857 est
1196 4802 1362 4856 homo
1396 4801 1632 4872 Spiritus
1674 4806 1846 4858 sancti
1912 4806 2212 4875 particeps.
2250 4805 2306 4860 Si

727 4907 906 4947 autem
957 4894 1098 4949 Deus
1130 4895 1254 4948 talis
1312 4904 1420 4957 est,
1450 4896 1781 4950 theorcticus
1844 4911 2062 4964 quoque
2116 4900 2310 4950 merito

726 4994 891 5044 esset,
925 4998 990 5036 eo
1038 4983 1183 5051 quod
1246 4984 1675 5053 contempletur;
1734 4987 2108 5052 contemplatio
2164 4988 2309 5040 enim

726 5077 902 5127 dictus
933 5085 1014 5128 est
1043 5073 1182 5127 Deus
1212 5090 1230 5138 ;
1266 5076 1338 5128 ita
1372 5085 1431 5130 ut
1462 5076 1553 5145 qui
1588 5091 1694 5129 non
1739 5079 2159 5145 contemplatur,
2219 5087 2312 5131 aut

729 5166 1067 5234 spiritualem
1103 5167 1515 5237 generationem
1559 5178 1612 5222 et
1655 5170 2137 5238 participationem
2191 5187 2299 5225 non

729 5270 1019 5313 assecutus
1065 5268 1171 5323 est,
1213 5268 1309 5313 aut
1344 5275 1464 5315 eam
1496 5262 1715 5330 quidem
1747 5273 2039 5317 assecutus
2074 5272 2181 5325 est,
2217 5264 2310 5317 sed

730 5365 794 5402 ex
830 5351 1136 5418 ignorantia
1184 5352 1669 5421 contemplativam
1723 5356 1981 5408 virtutem
2037 5368 2315 5422 compres-

732 5443 823 5504 sit,
860 5441 1398 5512 iutellectualemque
1423 5445 1569 5500 circa
1622 5447 2019 5517 intelligibilem
2070 5447 2306 5515 iustitia:

2402 3166 2708 3233 προσπαθεῖ
2747 3165 2836 3218 διὰ
2864 3164 3053 3217 ταῦτα.
3095 3162 3303 3219 Οὐκοῦν
3350 3165 3443 3218 καὶ
3480 3166 3509 3217 6
3551 3163 3837 3233 ἄνθρωπος
3868 3164 3970 3219 ἅτε

2394 3258 2518 3310 νοῦν
2559 3257 2717 3327 ἔχων,
2751 3257 2845 3309 καὶ
2899 3256 2958 3307 τὸ
2989 3258 3129 3309 νοεῖν
3161 3256 3478 3323 πεφυκότως
3511 3255 3679 3325 ζωὴν,
3728 3255 3970 3324 μάλιστα

2393 3350 2602 3419 ἥδεται,
2649 3350 2741 3402 καὶ
2776 3348 3137 3409 ἀναπαύσεως
3183 3351 3239 3399 ὲν
3272 3349 3471 3417 μετοχῇ
3509 3348 3754 3414 γίγνεται
3785 3364 3972 3415 γιγνο-

2396 3442 2554 3511 μένη,
2585 3440 2824 3509 ὁπηνίκα
2870 3440 2936 3492 τὰ
2970 3442 3199 3509 κρείττω
3231 3443 3347 3510 νοῇ;
3394 3441 3600 3501 καὶτὰ,
3634 3442 3743 3492 εἴτε
3789 3441 3975 3506 ἀγαοά

2393 3549 2481 3594 τις
2504 3530 2645 3583 θέλει
2676 3531 2876 3598 λέγειν,
2910 3532 3021 3584 εἴτε
3064 3531 3226 3593 καλὰ,
3265 3532 3391 3600 περὶ
3430 3531 3650 3585 ἑαυτοῦ.
3690 3533 3754 3583 Ὀ
3788 3531 3977 3597 γίγνε-

2394 3638 2483 3674 ται
2522 3620 2759 3689 ἀληθῶς,
2792 3620 2884 3673 τὸν
2914 3620 3046 3673 Θεὸν
3083 3621 3221 3689 ἔχων
3244 3624 3324 3684 εἰς
3356 3622 3500 3685 νοῦν,
3525 3622 3617 3675 καὶ
3644 3623 3743 3683 τὰς
3773 3623 3978 3690 ἀρετὰς

2395 3713 2561 3767 αὑτοῦ
2621 3713 2988 3781 λογιζόμενος,
3020 3713 3201 3784 ἄκρου
3245 3730 3309 3781 γε
3358 3714 3512 3776 ὄντος
3550 3716 3643 3766 καὶ
3671 3713 3814 3782 ὑπὲρ
3846 3712 3976 3766 νοῦν

2350 3865 2354 3868 ς
2385 3803 2610 3875 νοητοῦ,
2647 3805 2743 3864 καὶ
2792 3805 2976 3875 ἄκρως
3008 3804 3362 3872 ἀγαπῶντος,
3392 3804 3515 3857 ,καὶ
3547 3804 3689 3870 ὑπὲρ
3732 3805 3857 3855 νοῦν
3883 3805 3979 3856 τὸν

2395 3895 2701 3967 ἄνθρωπον,
2736 3896 2832 3949 καὶ
2864 3897 3008 3966 ἄκρα
3038 3896 3198 3965 γέρα,
3232 3898 3323 3948 καὶ
3350 3897 3492 3966 ὑπὲρ
3514 3896 3639 3948 νοῦν
3669 3894 3854 3960 ἀγαθὰ
3880 3896 3981 3948 καὶ

2395 3990 2535 4042 καλὰ
2575 3990 2685 4051 τοῖς
2722 3988 2916 4042 ἑαυτοῦ
2952 3989 3353 4058 ἑτοιμάζοντος·
3407 3989 3502 4041 καὶ
3549 3986 3706 4040 ταῦτ’
3737 3988 3979 4049 αἱωνίως

2393 4098 2461 4134 τα
2469 4081 2569 4149 μά)
2581 4098 2724 4134 ιστα.

2467 4174 2532 4242 β’.
2561 4174 2621 4226 Et
2652 4173 2799 4225 πᾶσα
2818 4172 3067 4242 γέννησις
3091 4172 3468 4238 προσεοικέναι
3488 4172 3634 4222 ποιεῖ
3649 4169 3727 4238 τῷ
3749 4169 3985 4237 γεννῶν-

2397 4268 2534 4321 τιτὸ
2564 4266 2841 4337 γεννηθὲν,
2870 4264 2945 4327 ὡς
2980 4265 3083 4334 εφη
3119 4267 3148 4318 6
3179 4263 3404 4334 Κύριος,
3419 4263 3616 4316 ὃτιιΤὸ
3648 4262 3987 4331 γεγεννημέο

2397 4378 2485 4414 νον
2504 4361 2566 4412 ὲκ
2595 4359 2694 4427 τῆς
2720 4358 2943 4428 σαρκὸς,
2968 4354 3106 4426 σάρξ
3129 4358 3265 4418 ἐστι,
3293 4355 3388 4408 καὶ
3406 4352 3468 4407 τὸ
3488 4353 3891 4423 γεγεννημένον
3919 4356 3988 4406 ἐκ

2396 4451 2489 4505 τοῦ
2519 4450 2855 4519 ῐῙνεύματος,
2880 4446 3153 4516 Πνεῦμα»
3176 4448 3225 4498 εἰ
3254 4446 3433 4498 τοίνυν
3471 4444 3696 4512 Πνεῦμα
3725 4444 3756 4495 6
3794 4444 3862 4495 hc
3889 4441 3988 4494 τοῦ

2400 4542 2715 4611 Πνεῦματος
2753 4540 3171 4609 γεγεννημένος,
3207 4538 3370 4607 δῆλον
3394 4538 3478 4589 ὅτι
3509 4537 3605 4590 xui.
3631 4535 3765 4597 Θεὸς
3796 4536 3980 4593 ἔσται,

2401 4636 2541 4689 κατὰ
2561 4636 2623 4686 τὸ
2639 4634 2907 4702 γεννῆσαν
2937 4630 3182 4699 Πνεῦμα,
3216 4630 3336 4681 ἐπεὶ
3360 4629 3453 4681 καὶ
3482 4627 3616 4690 Θεὸς
3649 4625 3904 4694 ἀληθινὸς
3928 4625 3992 4676 τὸ

2402 4728 2625 4797 Πνεῦμα
2654 4726 2743 4793 ὑφ’
2765 4719 2828 4780 οὗ
2858 4723 2998 4778 κατὰ
3028 4724 3190 4794 χάριν
3215 4722 3542 4790 γεγέννηται
3602 4720 3631 4771 6
3681 4718 3775 4771 τοῦ
3813 4716 3991 4770 Πνεῦ-

2407 4838 2573 4892 ματος
2610 4819 2855 4889 μέτοχος.
2894 4819 2957 4871 Ei
2984 4816 3039 4868 δὲ
3065 4815 3200 4877 Θεὸς
3239 4816 3268 4866 6
3297 4811 3560 4876 τοιοῦτος,
3599 4811 3694 4863 καὶ
3721 4810 3994 4877 θεωρητι-

2402 4916 2495 4976 κὸς
2526 4912 2835 4981 περιφανῶς
2866 4911 2954 4981 εἴη
2989 4912 3039 4977 γ’
3075 4909 3142 4962 ἂν
3174 4906 3315 4960 κατὰ
3342 4906 3403 4957 τὸ
3422 4906 3594 4965 εἰκὸς,
3625 4905 3691 4956 ὲκ
3723 4901 3820 4954 τοῦ
3854 4901 3995 4953 θεω-

2408 5008 2540 5075 ρεῖν,
2563 5005 2656 5058 καὶ
2678 5004 2783 5071 γὰρ
2806 5003 3021 5074 εἴρηται
3041 5001 3173 5063 Θεὸς
3199 5001 3227 5053 6
3252 4999 3402 5061 Θεός·
3423 4996 3551 5050 ὥστ’
3577 4995 3685 5065 ἄρα
3700 4996 3728 5046 6
3758 4993 3833 5062 μὴ
3854 4992 3996 5045 θεω-

2409 5098 2536 5168 ρῶν,
2563 5098 2595 5167 ἢ
2628 5098 2726 5165 τῆς
2756 5095 3138 5165 πνευματικῆς
3164 5092 3475 5161 γεννήσεως
3506 5090 3603 5141 καὶ⁵
3626 5086 3861 5157 μετοχῆς
3890 5086 3995 5137 οὐκ

2407 5190 2673 5257 ἐπέτυχεν
2700 5186 2873 5251 οὔπω,
2913 5186 2945 5256 ἢ
2982 5183 3245 5254 ἐπιτυχὴς
3272 5181 3443 5249 αὐτῆς
3481 5178 3741 5248 γεγονὼς,
3783 5177 3909 5246 μύει
3937 5176 3999 5241 ἐξ

2406 5279 2679 5347 ἀμαθεὶας
2705 5277 2803 5346 τὴν
2827 5275 3059 5343 ὸπτικὴν
3085 5270 3251 5327 αὑτοῦ
3272 5271 3522 5337 δύναμιν,
3556 5267 3651 5320 καὶ
3668 5267 3767 5327 τὰς
3795 5263 3998 5333 νοητὰς

2410 5371 2537 5438 περὶ
2568 5369 2659 5422 τὸν
2692 5367 2881 5436 νοητὸν
2904 5366 3002 5433 τῆς
3027 5362 3373 5429 δικαιοσύνης
3395 5359 3548 5429 ἥλιον
3575 5357 3728 5418 θείας
3761 5356 3996 5416 ἀκτῖνας

2411 5458 2822 5529 ἀποστρέφεται
2876 5453 3237 5515 ἀπαιδεύτως,
3282 5453 3376 5503 καὶ
3410 5446 3678 5512 θεωτικῆς
3710 5443 4000 5513 δυνάμεως

734 5533 901 5584 solem
957 5533 1142 5585 radios
1173 5533 1424 5603 imperite
1466 5538 1681 5600 avertit,
1720 5548 1775 5593 et
1831 5538 2032 5593 divina:
2091 5538 2314 5592 virtutis
2344 5535 2386 5592 C
2419 5554 2641 5623 μέτοχος
2662 5566 2762 5616 γεγ

2229 5538 2314 5592 Itis
2344 5535 2386 5592 C
2419 5554 2641 5623 μέτοχος
2662 5547 2920 5616 γεγονὼς,
2944 5547 3043 5614 τὴν
3073 5545 3349 5613 ἐνέργειαν
3371 5539 3575 5607 ταύτης
3601 5534 3999 5607 στέρεταιδυσο

735 5624 1005 5693 particeps
1059 5624 1234 5679 iactus
1294 5626 1586 5683 infeliciter
1666 5631 1829 5699 hujus
1895 5630 2137 5684 eﬂieacia
2196 5631 2313 5699 pri-

736 5722 891 5765 vatus
914 5724 1016 5778 est,
1043 5716 1145 5770 etsi
1188 5718 1253 5769 ad
1289 5721 1630 5775 sanctitatem
1692 5722 2054 5777 nihilominus
2098 5721 2306 5775 tendat.

829 5826 874 5857 "
905 5824 1064 5883 Joau.
1105 5844 1188 5898 in,
1261 5831 1313 5885 6.

2413 5645 2609 5713 τυχῶς,
2632 5644 2724 5697 καὶ
2760 5642 2892 5711 πρὸς
2918 5637 3226 5709 ἁγιωσύνην
3257 5634 3431 5688 καίτοι
3476 5647 3540 5700 γε
3562 5626 3999 5697 ἀνατεινόμενος.
