4266 6450
272 362 380 426 837
1386 363 1482 423 DE
1525 363 1697 424 VITA
1739 359 1957 420 CONTJ

1838 359 2405 425 NTEMPLATIVA.
3400 363 3520 441 ,838

349 480 420 552 Υ.
454 483 640 536 Πάντα
674 485 742 535 τὰ
781 484 908 536 ὄντα
941 485 1005 536 ὲκ
1034 482 1127 536 τοῦ
1162 483 1525 553 πεποιηκότος
1558 485 1694 537 αὐτὰ
1717 479 1908 537 κατάΔ
2007 474 2034 527 3

1836 479 1908 537 ιλ
2007 474 2062 528 5.
2080 473 2425 542 Quaecunque
2449 480 2658 528 suntex
2677 485 2775 526 suo
2793 471 3059 542 principio
3078 473 3373 528 secundum
3394 491 3521 545 pro-

277 577 435 644 λόγον
493 578 592 646 τὴν
632 576 784 643 σφῶν
810 577 991 629 αὐτῶν
1032 577 1219 647 εἴληφε
1268 578 1501 648 κίνησιν,
1552 581 1641 630 καὶ
1675 579 1734 629 τὸ
1762 596 1860 646 φυ-
1949 581 1962 634 Ι

1838 608 1860 618 -
1949 566 2125 634 priam
2160 566 2659 629 rationem,motum
2684 578 2944 633 accepere
2995 575 3049 619 et
3105 568 3379 634 prapriam
3428 583 3523 621 na-

279 668 428 719 σικδν
469 668 620 730 ἴδιον,
654 668 774 720 ὅθεν
827 668 1136 730 ἀκολούθως
1207 669 1302 720 καὶ
1351 671 1380 722 ὁ
1442 668 1584 732 νοῦς.
1629 668 1768 720 Ἀλλ’
1822 669 1858 736 ἡ
1952 664 1964 707 Ι

1842 669 1858 736 5
1952 664 2153 718 turam;
2177 654 2318 708 unde
2342 663 2746 722 consequenter
2765 662 2816 706 et
2841 669 3016 708 mens.
3037 652 3141 708 Sed
3173 664 3355 708 motus
3377 671 3527 710 men-

276 758 369 809 τοῦ
400 759 492 810 νοῦ
525 759 739 826 κίνησις
790 758 902 829 ἔχει
954 759 1014 810 τὸ
1055 759 1162 821 ἀεὶ,
1194 761 1253 812 τὸ
1288 760 1332 813 δ’
1374 762 1459 813 ἀεὶ
1498 762 1722 829 ἄπειρον
1768 759 1860 812 καὶ
1948 755 1961 799 Ι

1839 759 1860 810 ι
1948 746 2014 799 tis
2039 745 2446 814 perpetuitatem
2466 746 2650 807 habet,
2683 760 2804 813 qua:
2851 755 2935 798 est
2973 746 3181 799 inﬁnita
3213 747 3524 800 etindeter-

277 847 553 912 ἀόριστον.
607 847 763 917 Παρὰ
808 848 904 916 τὴν
945 848 1080 900 ίδίαν
1112 849 1218 918 ἀρα
1270 849 1426 913 ἀξίαν
1479 851 1572 903 καὶ
1599 851 1659 902 τὺ
1689 867 1859 918 πεφυ-

277 939 373 1000 κὸς
416 939 622 1006 κυρίως
673 939 842 1006 αὐτῷ,
869 940 1018 991 ἔσται
1067 942 1371 1012 κινουμένῳ
1407 943 1857 1012 πεπερασμένως,

277 1031 309 1098 ἢ
343 1031 687 1098 ὡρισμένως.
741 1031 914 1083 Τοῦτο
956 1032 1012 1083 δὲ
1045 1032 1317 1097 πείσεται,
1349 1035 1508 1104 εἰπερ
1541 1038 1596 1085 ὲν
1628 1053 1861 1103 πεπερα-

279 1123 500 1187 σμένοις
536 1125 755 1187 κινοῖτο,
790 1125 880 1175 καὶ
909 1123 1260 1193 ὡρισμένοις·
1290 1127 1350 1179 οὐ
1388 1127 1494 1197 γάρ
1527 1128 1690 1188 ἔστιν,
1720 1123 1860 1178 εἶναι

279 1215 380 1282 μὲν
423 1214 486 1265 τὸ
512 1216 747 1284 πρᾶγμα
804 1218 1224 1286 πεπερασμένον
1273 1220 1368 1270 καὶ
1399 1219 1723 1289 ὡρισμένον,
1758 1220 1858 1290 ἡδ’

281 1308 369 1358 ἐπ’
400 1305 513 1376 [ισ.
569 1308 669 1374 τὴν
713 1307 761 1359 δ’
815 1309 900 1360 ἐπ’
940 1310 1293 1381 (ὀρθότερον)]
1327 1312 1480 1370 αὐτὸ,
1517 1311 1548 1380 ἦ
1579 1312 1700 1380 περὶ
1730 1311 1862 1363 αὐτὸ

279 1398 497 1466 κίνησις
525 1399 620 1450 τοῦ
651 1400 743 1451 νοῦ
775 1401 1026 1469 προϊέναι
1069 1401 1153 1453 ἐπ’
1176 1404 1424 1471 ἄπειρον.
1458 1405 1638 1454 Δεῐται
1665 1402 1726 1472 δὴ
1757 1401 1862 1471 ἄρα

275 1491 338 1542 τὸ
393 1492 488 1543 τοῦ
549 1493 666 1554 νοὸς
711 1494 1020 1561 ἀεικίνητον
1080 1495 1418 1563 γιγνομένως
1480 1495 1704 1564 ἀπείρου
1765 1496 1860 1545 κα)⁹

278 1583 538 1653 ἀορίστου
568 1586 732 1649 τινὸς,
765 1587 902 1654 πρὸς
950 1585 979 1637 ὃ
1024 1588 1164 1638 κατὰ
1193 1586 1350 1651 λόγον
1388 1587 1564 1638 καὶτὸ
1600 1588 1859 1655 σφέτερον

281 1676 553 1741 πεφυκὸς,
589 1678 675 1745 εἴη
704 1677 755 1743 γ’
794 1677 861 1730 ἂν
891 1677 1232 1745 κινούμενον.
1275 1679 1434 1730 ‘Am
1471 1679 1576 1747 μὴν
1610 1676 1857 1745 ιπειρον,

280 1771 376 1821 καὶ
424 1767 502 1837 τῷ
535 1770 650 1821 om
695 1769 951 1839 ἀόριστόν
995 1771 1141 1822 ἐστιν
1189 1770 1360 1832 οὐδὲν,
1398 1770 1534 1839 πλὴν
1563 1770 1654 1822 τοῦ
1700 1769 1858 1834 Θεοῦ,

277 1862 440 1928 φύσει
466 1862 560 1913 καὶ
579 1861 779 1931 κυρίως
794 1862 943 1924 δντος
967 1862 1102 1924 ἑνός·
1122 1863 1254 1931 πρὸς
1275 1863 1381 1932 ἀρα
1399 1862 1458 1912 τὸ
1482 1861 1680 1931 κυρίως
1704 1862 1862 1915 ἀπει-

278 1972 374 2021 ρον
406 1953 487 2015 ἓν,
509 1952 599 2006 τὸν
626 1954 780 2018 Θεὸν,
816 1953 1199 2015 ἀνατετάσθαι,
1231 1954 1563 2023 καὶάφορᾷν,
1584 1953 1676 2004 κα¹ι
1694 1955 1861 2004 κινεῖ-

277 2047 406 2099 σθαι
437 2047 528 2098 τὸν
560 2046 683 2099 νοῦν
724 2046 851 2116 χρὴ,
875 2046 1031 2098 τοῦτο
1057 2046 1164 2116 γὰρ
1188 2046 1389 2116 κυρίως
1421 2046 1663 2114 πέφυκεν
1687 2044 1857 2113 αὐτῷ.

348 2137 413 2191 δ’.
455 2139 694 2207 Ἀπειρά
731 2140 848 2190 ἔστι
897 2139 990 2191 καί
1024 2139 1251 2208 ἀόριστα
1301 2139 1368 2190 τὰ
1404 2139 1531 2206 περὶ⁷
1563 2138 1694 2190 Θεὸν
1723 2136 1859 2189 θεωυ

278 2227 546 2297 ροῦμενα.
595 2228 711 2280 ἀλλ’
761 2229 910 2295 ὅμως
959 2227 1067 2279 οὐδ’
1099 2229 1156 2278 ὲν
1187 2227 1395 2287 τούτοις
1438 2228 1620 2280 τέλεον
1650 2227 1861 2296 χαίρειν

275 2322 392 2389 εχει
422 2322 450 2372 ὁ
490 2320 612 2380 νοῦς
644 2319 823 2388 ζητῶν
850 2320 941 2371 τον
977 2320 1035 2385 ἐξ
1066 2314 1149 2379 οὗ,
1180 2321 1299 2371 ἐπεὶ
1333 2321 1424 2371 καὶ
1450 2319 1558 2388 γὰρ
1587 2321 1662 2385 τῷ
1692 2319 1861 2388 ὁμοίῳ

275 2411 476 2463 ἑαυτοῦ
530 2412 762 2463 ἕκαστον
809 2412 1129 2477 πεφυκότως
1193 2411 1394 2479 χαίρει·
1439 2407 1518 2472 εἷς
1576 2411 1648 2462 ὢν
1678 2413 1706 2463 ὁ
1736 2411 1860 2473 νοῦς

274 2503 374 2574 τὴν
407 2502 592 2569 φύσιν,
633 2503 682 2554 εί
729 2504 822 2555 καὶ
860 2503 1029 2555 πολλά
1069 2505 1185 2562 ταῖς
1222 2505 1489 2572 νοήσεσιν,
1516 2504 1861 2572 ἀνατεινόμε-

275 2615 390 2659 νος,
452 2597 547 2648 καὶ
603 2592 719 2647 οἷον
763 2595 1079 2664 κινούμενος
1113 2596 1244 2662 πρὸς
1284 2597 1436 2655 Θεὸν.
1491 2598 1581 2649 τὸν
1631 2596 1726 2649 ἕνα
1759 2597 1859 2664 τὴν

276 2689 465 2755 φύσιν,
511 2688 798 2739 καὶπολλὰ
820 2688 918 2754 τὴν
953 2687 1252 2755 ἐνέργειαν,
1298 2689 1614 2741 ἀνένδεκτον
1649 2690 1862 2758 χαίρειν

278 2780 615 2848 ὁλοσχερῶς,
655 2780 788 2848 πρὶν
829 2779 895 2832 ἂν
949 2781 1007 2830 ὲν
1055 2780 1131 2845 τῷ
1163 2783 1482 2847 πεφυκότως
1511 2781 1748 2852 ἀορίστῳ
1781 2783 1862 2835 ένὶ

281 2871 368 2923 sta:
403 2870 715 2937 πνεύματος
749 2870 977 2935 γένοιτο,
1018 2871 1124 2922 ἀπὸ
1156 2871 1262 2922 τῶν
1288 2872 1495 2924 πολλῶν
1526 2873 1712 2944 ῶσπερ
1740 2874 1859 2926 δια-

275 2964 404 3025 ϐάς.
427 2963 515 3015 Ἐν
546 2963 693 3030 μόνῳ
728 2963 835 3033 ἄρα
869 2963 896 3012 ὁ
923 2963 1046 3024 νοῦς
1064 2962 1140 3030 τῷ
1157 2963 1275 3031 Θεῷ
1306 2965 1626 3031 πεφυκότως
1657 2967 1864 3035 χαίρειν

277 3056 394 3123 ἔχει
421 3053 748 3122 ὁλοσχερῶς.
789 3052 944 3104 Ἀλλὰ
974 3053 1080 3121 μὴν
1104 3054 1212 3106 τῶν
1233 3054 1419 3119 ὄντων,
1443 3056 1670 3109 ἕκαστον
1703 3058 1865 3126 μάλι-

1953 837 2174 889 minata.
2196 835 2503 889 Secundum
2523 835 2796 904 propriam
2815 835 2974 903 igitur
2994 834 3304 904 dignitatem
3334 844 3380 888 et
3406 849 3526 901 pro-

1945 928 2117 997 priam
2156 935 2405 980 naturam
2439 927 2556 980 sine
2587 925 2690 979 line
2719 941 2782 979 ac
2821 925 3053 979 termino
3084 936 3353 978 movetur.
3387 925 3522 979 Illud

1946 1028 2126 1071 autem
2163 1020 2424 1088 patietur,
2451 1018 2495 1071 si
2535 1019 2587 1070 in
2629 1016 2854 1071 intinitis
2891 1025 2947 1070 et
2987 1017 3351 1070 interminatis
3409 1032 3524 1069 mo-

1945 1109 2178 1163 vebitur.
2243 1108 2361 1163 Non
2424 1110 2568 1163 enim
2629 1108 2742 1162 ﬁeri
2795 1119 2972 1178 potest
3028 1120 3086 1162 ut
3148 1121 3234 1162 res
3299 1109 3519 1178 quidem

1951 1200 2109 1255 ﬁnem
2175 1201 2368 1255 habeat
2405 1217 2466 1255 ac
2500 1205 2788 1255 terminum
2816 1238 2831 1261 .
2862 1202 3059 1255 mentis
3103 1215 3230 1254 vero
3279 1201 3342 1252 ad
3371 1192 3518 1252 illam

1948 1305 2038 1346 aut
2088 1293 2232 1347 circa
2278 1293 2422 1346 illam
2461 1304 2639 1347 motus
2686 1293 2740 1346 in
2785 1292 3050 1346 inﬁnitum
3103 1291 3378 1359 procedat.
3408 1289 3525 1342 Mo-

1945 1388 2024 1440 tni
2051 1389 2212 1456 igitur
2237 1388 2433 1440 mentis
2467 1386 2676 1438 inlinito
2717 1400 2854 1454 opus
2882 1394 2964 1438 cst
3017 1399 3075 1437 re
3105 1383 3339 1452 quadam
3402 1382 3524 1435 inli-

1948 1481 2057 1533 nita
2096 1496 2160 1533 ac
2214 1481 2329 1533 sine
2376 1480 2628 1539 termino,
2672 1477 2736 1530 ad
2795 1493 2958 1546 quam
3012 1475 3312 1529 secundum
3363 1473 3526 1526 ratio-

1948 1589 2068 1628 nem
2107 1587 2170 1626 ac
2217 1583 2454 1624 DOSH‘am
2510 1582 2755 1622 naturam
2822 1585 2972 1623 mens
3032 1583 3247 1636 semper
3307 1581 3525 1618 ιιιονειι-

1949 1675 2064 1740 tur.
2094 1667 2345 1717 Altamen
2391 1663 2519 1714 nihil
2550 1671 2628 1715 est
2664 1660 2932 1714 inlinitum
2964 1669 3016 1713 et
3056 1660 3233 1728 reipsa
3268 1659 3384 1712 sine
3416 1668 3526 1712 ter-

1950 1758 2115 1820 mino,
2141 1765 2366 1824 excepto
2400 1754 2528 1816 Deo,
2561 1757 2652 1822 qui
2683 1762 2871 1806 natura
2897 1761 2951 1806 et
2983 1767 3197 1820 pmprie
3220 1767 3358 1805 unus
3389 1762 3470 1806 est
3504 1793 3520 1815 ,

1950 1856 2161 1915 oportet
2201 1847 2364 1916 igitur
2395 1856 2623 1899 mentem
2663 1843 2728 1896 ad
2759 1843 2884 1896 illud
2930 1858 3096 1895 unum
3159 1858 3284 1896 vere
3350 1843 3527 1895 inlini-

1948 1949 2084 2000 tum,
2121 1938 2310 2000 Deum,
2331 1937 2551 1990 tendere
2577 1947 2629 1988 et
2650 1935 2893 2004 aspicere
2907 1944 2961 1987 et
2979 1932 3204 1986 moveri:
3226 1932 3355 1986 illud
3378 1931 3522 1986 enim

1948 2032 2046 2101 ipsi
2090 2046 2216 2083 vere
2247 2033 2524 2100 proprium
2556 2041 2660 2084 est.

2019 2121 2072 2173 4.
2116 2119 2331 2174 Inﬁnita
2356 2133 2484 2175 sunt
2509 2137 2572 2176 ac
2607 2122 2726 2176 sine
2747 2122 3000 2184 termino,
3022 2137 3141 2191 qua:
3171 2122 3311 2175 circa
3358 2122 3522 2173 Deum

1948 2214 2408 2277 considerantur;
2454 2213 2542 2266 sed
2597 2224 2776 2267 tamen
2812 2229 2984 2282 neque
3056 2215 3106 2266 in
3163 2213 3228 2267 iis
3287 2213 3525 2280 perfecte

1947 2304 2113 2358 laetari
2153 2321 2302 2358 mens
2337 2311 2512 2371 potest
2569 2305 2848 2372 inquirens
2892 2324 2909 2354 ι
2951 2319 3075 2357 eum
3119 2319 3184 2357 ex
3225 2318 3333 2371 quo
3361 2311 3467 2374 εει,
3502 2319 3520 2351 ι

1947 2397 2204 2465 quoniam
2236 2396 2414 2450 simile
2443 2397 2548 2451 sibi
2593 2399 3016 2472 unumquodque
3054 2405 3244 2449 natura
3307 2396 3525 2464 gaudet.

1947 2489 2080 2542 Cum
2122 2504 2274 2543 mens
2311 2499 2504 2541 natura
2536 2503 2640 2540 una
2677 2495 2769 2550 sit,
2795 2488 2894 2541 etsi
2957 2488 3129 2540 multa
3187 2485 3526 2552 cogitationi-

1947 2582 2064 2643 bus,
2101 2584 2329 2636 tendens
2358 2595 2441 2645 ac,
2477 2591 2536 2633 ut
2568 2581 2639 2633 ita
2675 2581 2879 2644 dicam,
2951 2590 3095 2632 mota
3133 2579 3195 2631 ad
3234 2578 3398 2630 Deum
3432 2577 3523 2642 qni

1948 2685 2138 2728 natura
2167 2689 2308 2728 unus
2337 2682 2419 2727 est
2451 2681 2504 2727 et
2541 2673 2742 2727 multus
2772 2688 2865 2740 per
2895 2673 3146 2725 virtutem
3169 2713 3184 2736 ,
3204 2671 3316 2724 ﬁeri
3345 2674 3530 2739 nequit

1948 2777 2006 2822 ut
2035 2769 2190 2837 plene
2253 2767 2483 2830 laetetur,
2539 2767 2851 2837 priusquam
2903 2765 2955 2818 in
3013 2767 3104 2819 illo
3154 2780 3279 2819 vere
3321 2765 3530 2817 infinito

1949 2878 2056 2915 uno
2083 2876 2183 2929 per
2208 2860 2470 2930 Spiritum
2493 2869 2741 2914 sanctum
2774 2859 2916 2914 facta
2938 2859 3026 2922 sit,
3053 2873 3148 2927 per
3195 2857 3364 2910 multa
3423 2858 3526 2910 alLa

1948 2965 2204 3023 tanquam
2239 2953 2532 3006 transiens.
2579 2953 2657 3005 Ex
2715 2952 2782 3005 iis
2835 2967 2954 3019 qua:
3009 2962 3136 3005 sunt
3187 2951 3532 3017 unumquod-

1948 3061 2052 3114 que
2086 3046 2386 3114 praesertim
2425 3045 2643 3113 proprio
2670 3044 2901 3097 naturali
2931 3044 3145 3109 gaudet;
3184 3042 3312 3093 illud
3350 3052 3526 3093 autem

278 3161 380 3195 στα
403 3143 482 3210 τῷ
508 3143 622 3210 ίδίῳ
637 3142 812 3211 χαίρει
830 3143 1064 3212 φυσικῷ·
1083 3145 1309 3211 φυσικόν
1331 3147 1476 3198 ἐστιν
1506 3145 1635 3199 [διον
1651 3147 1758 3218 ἀρα
1783 3149 1913 3231 ripa
1946 3156 1963 3207 ῐ

1844 3149 1913 3231 3C
1946 3141 2222 3207 proprium
2251 3137 2415 3190 menti
2465 3136 2708 3190 naturale
2736 3144 2841 3198 est,
2882 3134 2933 3187 in
2975 3132 3081 3186 Deo
3145 3133 3260 3186 solo
3321 3133 3529 3198 simpli-

278 3234 357 3302 νῷ
395 3235 493 3286 καὶ
527 3233 763 3301 μάλιστά
788 3250 874 3300 γε,
910 3233 970 3286 τὺ
1010 3234 1067 3285 έν
1102 3234 1180 3304 τῷ
1231 3236 1350 3306 Θεῷ
1388 3237 1533 3308 μόνῳ
1570 3236 1648 3307 τῷ
1673 3238 1859 3299 ἁπλῶς

273 3345 372 3396 καί
403 3345 678 3412 ἀορίστως
729 3345 830 3407 ἑνί,
864 3346 957 3397 καὶ
1009 3343 1298 3407 κινεῖσθαι,
1333 3345 1427 3396 καὶ
1456 3343 1858 3407 ἀνατείνεσθαι,

273 3436 372 3488 καὶ
406 3435 678 3504 γίνεσθαι,
712 3435 806 3490 καὶ
853 3437 1066 3506 χαίρειν
1092 3435 1414 3506 ὁλοσχερῶς.
1507 3499 1514 3503 _

349 3531 416 3581 ε’.
457 3527 616 3579 Πᾶσα
659 3529 990 3599 οίουδήτινος
1031 3528 1252 3582 κτιστοῦ
1295 3529 1514 3598 κίνησις
1546 3528 1640 3581 καὶ
1670 3528 1732 3596 δὴ
1771 3527 1866 3580 καὶ

268 3614 444 3667 αὐτοῦ
489 3614 620 3681 νοῦ,
659 3617 797 3685 πρὸς
852 3617 1040 3670 στάσιν
1089 3618 1183 3671 καὶ
1236 3617 1470 3686 ἠρεμίαν
1528 3617 1867 3684 γιγνομένως

274 3708 524 3772 σπεύδει,
563 3709 656 3761 καὶ
691 3712 889 3780 ἀφορᾷ·
943 3712 1036 3763 καὶ
1080 3711 1142 3762 τὸ
1187 3711 1374 3778 στῆναι
1433 3710 1706 3777 γενέσθαι,
1773 3710 1868 3761 καὶ

271 3799 562 3871 ἠρεμῆσαι
601 3803 721 3853 κατ’
751 3803 944 3870 αὐτὴν,
981 3803 1075 3855 καὶ
1123 3802 1296 3866 τέλος,
1339 3801 1434 3854 καὶ
1485 3801 1544 3866 ἐξ
1573 3803 1867 3870 ἐφαμίλλου

275 3894 594 3955 ἀνάπαυσις
647 3891 726 3962 τῷ
783 3893 1007 3963 κτιστῴ.
1059 3893 1217 3947 Ἀλλὰ
1253 3895 1358 3963 μὴν
1390 3895 1480 3960 ὅγε
1531 3893 1654 3952 νοῦς
1687 3887 1763 3955 εἷς
1794 3890 1869 3944 ὡν

275 3985 389 4037 τῶν
443 3985 703 4049 κτιστῶν,
761 3986 819 4037 ἐν
871 3988 1110 4049 κτιστοίς
1166 3987 1430 4048 στάσεως,
1494 3967 1588 4038 καὶ
1632 3985 1870 4054 ἠρεμίας

278 4073 668 4145 μετειληχέναι
723 4075 1042 4144 κινούμενος
1080 4077 1141 4129 οὐ
1188 4075 1496 4146 δεδύνηται,
1529 4073 1624 4127 τοῦ
1652 4077 1760 4144 γάρ
1786 4093 1869 4128 τοι

277 4165 508 4218 κτιστοῦ
569 4165 885 4237 κατάλληλα
912 4167 1236 4236 δεδεγμένου
1277 4168 1340 4219 τὸ
1379 4166 1742 4235 πεπεράνθαι,
1775 4165 1870 4218 an

275 4259 587 4329 ἠργμένον,
612 4259 674 4312 τὸ
709 4259 803 4312 τοῦ
832 4260 952 4323 νοὸς
1000 4260 1098 4311 σὺν
1149 4261 1272 4331 δίκῃ
1313 4260 1622 4328 ἀεικίνητον
1655 4258 1874 4312 ἀπολειὲ

1948 3233 2080 3285 eiter
2110 3241 2162 3283 et
2188 3231 2396 3282 inlinite
2427 3246 2534 3282 uno
2562 3239 2614 3282 et
2649 3228 2854 3281 moveri
2882 3235 2935 3281 et
2960 3227 3180 3281 tendere
3209 3235 3262 3279 et
3310 3226 3423 3277 lieri
3473 3235 3529 3276 et

1949 3324 2383 3377 omninolzetari.

2025 3526 2074 3579 5.
2109 3523 2298 3580 Omnis
2319 3523 2608 3599 cujush’bet
2644 3533 2846 3576 naturae
2867 3532 3045 3576 motus
3084 3531 3139 3575 et
3189 3537 3319 3575 sane
3362 3520 3531 3588 ipsius

1953 3625 2151 3675 mentis
2214 3621 2278 3668 ad
2340 3629 2542 3671 statum
2609 3615 3168 3682 tranquillitatemque
3243 3615 3530 3669 ellieaciter

1955 3714 2124 3779 [endit
2157 3721 2208 3766 et
2243 3710 2460 3764 festinat
2487 3721 2536 3763 et
2564 3709 2823 3777 prospicit
2857 3726 2871 3774 ;
2904 3717 2957 3761 et
2985 3710 3068 3761 hic
3099 3718 3272 3761 status
3307 3719 3356 3760 et
3387 3721 3532 3761 tran-

1953 3806 2193 3876 quillitas
2223 3804 2467 3870 inscipsn
2497 3802 2692 3856 etlinis
2726 3813 2777 3856 et
2822 3811 2942 3871 post
2996 3812 3270 3855 certamen
3317 3805 3529 3871 requies

1952 3909 2032 3952 est
2060 3907 2342 3951 creatum.
2375 3899 2622 3949 Attamen
2671 3894 2790 3962 ipsa
2820 3909 2998 3954 mens,
3023 3910 3142 3947 cum
3196 3899 3265 3948 sit
3321 3911 3423 3947 una
3461 3912 3529 3948 ex

1955 3990 2240 4052 creaturis,
2276 3989 2325 4042 in
2348 3989 2613 4041 creaturis
2648 3997 2789 4039 mota
2827 4004 2930 4040 non
2956 3995 3131 4054 potest
3157 4003 3338 4055 pacem
3383 3990 3535 4041 inve-

1956 4085 2072 4137 nire
2113 4100 2126 4134 :
2157 4098 2279 4134 eum
2314 4092 2565 4134 creatura
2602 4080 2913 4132 necessario
2967 4080 3307 4142 tertninetur,
3340 4083 3535 4151 quippe

1955 4190 2074 4245 quae
2107 4174 2340 4230 coercita
2371 4174 2458 4232 sit,
2512 4171 2872 4239 sempiternos
2900 4173 3096 4226 mentis
3126 4185 3298 4228 motus
3346 4177 3537 4228 merito

1954 4269 2303 4329 deliceret,et
2331 4275 2728 4332 consequenter
2750 4280 2902 4318 mens
2926 4277 3191 4331 quaereret
3216 4266 3303 4320 ubi
3327 4265 3384 4320 se
3414 4282 3536 4337 agr-

277 4354 445 4424 φθείη
473 4355 525 4421 γ’
560 4352 649 4421 ἀν,
680 4354 775 4406 καὶ
821 4353 1180 4418 έξακολούθου
1212 4355 1444 4424 ζητήσῃ.
1486 4345 1549 4405 οὗ
1582 4353 1878 4423 κινηθήσεε
1957 4379 1962 4415 ι

1849 4376 1878 4394 ι·
1957 4369 2057 4422 ret,
2085 4374 2263 4429 neque
2286 4372 2520 4428 unquam
2555 4358 2894 4426 requiescere
2915 4368 3125 4427 posset,
3145 4368 3237 4412 aut
3260 4360 3534 4428 preprinm

273 4467 389 4512 ται,
431 4449 527 4504 καὶ
553 4449 758 4519 ἥκιστα
801 4451 1126 4518 τοπαράπαν
1155 4450 1266 4515 ἕξει
1313 4450 1372 4503 τὸ
1414 4452 1662 4520 ἠρεμεῖν,
1701 4451 1733 4520 ἢ
1771 4450 1920 4520 τοὶῑΔ

1854 4450 1920 4520 ἰ,
1958 4453 2116 4506 linem
2154 4450 2440 4512 inveniret,
2471 4465 2648 4518 neque
2685 4465 2898 4516 semper
2969 4451 3167 4509 moveri
3231 4461 3435 4518 posset.
3481 4462 3539 4503 ut

276 4543 416 4594 ἰδίου
448 4514 638 4604 τέλους
671 4514 956 4611 ἐπιτυχεῖν⁷
983 4542 1014 4612 ἢ
1047 4542 1108 4595 τὸ
1142 4514 1570 4612 ἀεικίνητον-οῦκ
1599 4514 1733 4608 ἕξει.
1754 4514 1930 4613 μεθ’0
1959 4572 1961 4587 ι

1854 4514 1930 4592 ’ὀ
1959 4545 2217 4604 diximus,
2239 4542 2541 4597 terminatis
2569 4555 2631 4596 ac
2665 4543 2828 4594 tinitis
2859 4541 3214 4606 circumdata,
3245 4544 3388 4609 quod
3424 4546 3539 4596 lou-

275 4631 481 4685 ἑαυτοῦ
535 4634 676 4686 κατά
730 4634 798 4686 τά
845 4635 1221 4704 προκείμενα,
1261 4636 1374 4698 τοῖς
1420 4636 1745 4705 ὡρισμένοις
1779 4639 1878 4690 καὶ

272 4727 724 4795 πεπερασμένοις
783 4727 1276 4798 συμπεριληφθεὶς,
1324 4729 1462 4796 ὅπερ
1520 4729 1708 4798 πόρρω
1773 4728 1874 4782 τοῦ

273 4818 418 4870 κατά
459 4817 588 4870 νοῦν
619 4819 877 4886 φυσικοῦ,
937 4821 1254 4888 περιφανῶς
1310 4823 1620 4890 ἀεικινήτου
1670 4823 1875 4892 τυγχά-

271 4926 486 4970 νοντος.
522 4910 637 4962 Οὐκ
692 4911 798 4978 ἀρα
833 4911 981 4963 ἐστὶν
1031 4911 1177 4971 εἰκὸς
1213 4912 1505 4981 εὑρηκέναι
1535 4912 1595 4965 τὸ
1639 4913 1870 4982 ἤρεμον,

269 5003 301 5071 ἢ
335 5001 534 5069 στῆναι
563 5002 688 5054 νοῦν
713 5007 769 5054 ὲν
795 5004 967 5073 δήπου
1003 5009 1242 5067 κτιστοίς
1272 5007 1579 5074 γινόμενον.
1618 5005 1726 5058 Ποῦ
1762 5008 1874 5059 τοί-

270 5111 368 5146 νυν
398 5094 658 5163 χρήσαιτ’
693 5094 758 5147 ἂν
801 5096 829 5148 ὁ
885 5095 1009 5159 νοῦς
1057 5096 1134 5164 τῷ
1185 5097 1381 5149 ἑαυτοῦ
1436 5096 1610 5164 ίδικῷ,
1657 5095 1736 5164 τῷ
1785 5096 1873 5151 διά

269 5190 548 5253 κινήσεως
587 5187 842 5241 ῖστασθαι
883 5187 1084 5259 δηλαδὴ
1117 5230 1131 5252 ,
1170 5193 1263 5242 καὶ
1295 5189 1468 5251 οὕτως
1501 5191 1733 5258 ἠρεμεῖν
1780 5190 1873 5241 καὶ

269 5280 506 5348 εἰρήνην
569 5279 746 5347 ἄγειν,
801 5284 896 5334 καὶ
939 5283 1258 5352 ἀναπαύλης
1309 5283 1552 5353 δεδέχθαι
1614 5283 1874 5349 αἴσθησιν

268 5370 572 5438 ἀσφαλῶς,
614 5373 664 5423 εί
693 5371 770 5441 μὴ
826 5374 882 5425 ἐν
934 5391 996 5440 γε
1057 5375 1316 5444 ἀκτίστῳ,
1367 5376 1461 5428 καὶ
1501 5376 1872 5446 ἀπεριγράφῳ

268 5461 518 5526 γένοιτος
557 5461 718 5515 τοῦτο
746 5465 801 5516 δέ
851 5465 999 5517 ἐστιν
1025 5467 1054 5517 ὁ
1084 5466 1215 5528 Θεὸς
1246 5466 1475 5536 κυρίως,
1505 5469 1598 5520 καὶ
1631 5469 1868 5537 ὑπερκοο

272 5555 452 5620 σμίως
486 5552 548 5604 ἓν
578 5551 672 5607 ὢν.
727 5555 818 5607 Ἐν
865 5557 972 5627 ἄρα
1029 5557 1223 5628 τουτῳῒ
1254 5558 1330 5626 τῷ
1377 5559 1475 5620 ἑνὶ,
1530 5561 1627 5614 καὶ
1677 5561 1873 5629 ἀπερι-

269 5645 510 5715 γράπτῳ
548 5646 796 5712 γίνεσθαι
841 5649 930 5701 διὰ
958 5653 1225 5718 κινήσεως
1255 5653 1347 5704 τὶν
1376 5653 1500 5704 νοῦν
1539 5655 1640 5718 δεῖ,
1681 5654 1755 5716 ὡς
1804 5653 1872 5707 ἂν

269 5740 373 5808 τὴν
412 5741 688 5811 σφετέραν
721 5744 961 5813 φυσικὴν
999 5745 1235 5812 ⁴ἠρεμίαν
1269 5747 1627 5815 ἐξευρηκότα,
1657 5749 1714 5798 ὲν
1741 5748 1873 5800 ἀνα-

273 5831 479 5885 παύσει
518 5836 616 5904 στῇ
653 5837 814 5907 νοερᾷ
870 5837 1010 5894 κατὰ
1063 5838 1123 5889 τὸ
1161 5838 1335 5900 εἰκός·
1393 5841 1588 5907 στάσις
1638 5839 1747 5919 γὰρ
1779 5840 1868 5901 διὰ

1962 4651 2027 4704 ge
2058 4638 2215 4690 abest
2243 4650 2273 4687 a
2312 4634 2526 4702 propria
2563 4636 2759 4686 mentis
2785 4642 3000 4696 natura,
3041 4648 3162 4700 quae
3210 4647 3422 4702 semper
3484 4637 3535 4687 in

1963 4738 2106 4780 motu
2140 4740 2259 4779 esse
2281 4727 2462 4778 debet.
2494 4723 2633 4777 Fieri
2669 4707 2832 4791 igitur
2864 4725 3051 4792 nequit
3077 4732 3135 4776 ut
3180 4740 3330 4780 mens
3397 4733 3541 4778 tran-

1960 4819 2281 4886 quillitatem
2341 4818 2701 4870 inveniatant
2757 4818 2806 4869 in
2869 4816 3134 4871 creaturis
3204 4818 3536 4884 requiescat.

1963 4907 2196 4963 Ubinam
2227 4909 2392 4979 igitur
2427 4926 2576 4962 limits
2629 4908 2844 4977 propria
2903 4919 3095 4961 natura
3136 4923 3230 4962 sua
3275 4917 3537 4974 uteretur,

1962 5015 2254 5074 possetque
2283 5006 2365 5058 vel
2429 5017 2572 5058 mata
2596 5015 2766 5069 stare,
2804 5015 2964 5074 atque
2995 5007 3066 5060 ita
3091 5006 3537 5076 tranquillitatem

1962 5108 2020 5152 et
2049 5115 2232 5168 pacem
2258 5112 2437 5166 agere,
2461 5106 2514 5150 et
2534 5099 2733 5167 quietis
2760 5113 2977 5151 sensum
3025 5112 3215 5152 secure
3271 5100 3536 5164 accipere,

1963 5194 2061 5245 nisi
2096 5191 2149 5244 in
2174 5192 2414 5244 increato
2451 5202 2505 5242 et
2535 5191 3006 5257 incircutnscripto
3030 5187 3229 5241 fieret?
3265 5187 3415 5253 Quod
3453 5196 3536 5242 est

1964 5284 2269 5354 Deusipse,
2322 5284 2422 5352 qui
2470 5283 2882 5352 supernaturale
2933 5297 3097 5334 unum
3151 5292 3258 5336 est.
3316 5279 3539 5349 Oportet

1962 5380 2128 5448 igitur
2162 5386 2393 5431 mentem
2430 5376 2483 5430 in
2517 5375 2607 5430 illo
2657 5388 2767 5428 uno
2809 5383 2870 5427 et
2919 5373 3392 5441 incircumscripto
3418 5387 3538 5426 esse

1963 5487 2058 5540 per
2083 5480 2315 5531 motum,
2347 5479 2400 5522 et
2427 5476 2715 5536 postquam
2772 5481 2925 5521 suam
2997 5465 3297 5519 naturalem
3353 5479 3534 5531 pa:em

1966 5565 2255 5629 invenerit,
2293 5561 2487 5613 merito
2554 5559 2606 5612 in
2635 5574 2764 5628 pace
2796 5557 3060 5627 Spiritnali
3093 5567 3256 5611 stare.
3287 5556 3364 5612 lbi
3394 5557 3537 5610 enim

1967 5670 2062 5724 per
2078 5653 2326 5721 spiritum
2355 5651 2620 5704 stabilias
2647 5661 2700 5705 et
2733 5660 2950 5718 accepta
2966 5648 3199 5718 requies,
3220 5656 3273 5700 et
3295 5645 3537 5700 omnium

1965 5746 2258 5809 terminus,
2296 5744 2390 5812 qui
2422 5753 2505 5797 est
2536 5744 2654 5797 sine
2686 5742 2939 5807 termino,
2995 5751 3050 5794 et
3103 5752 3279 5794 motus
3345 5740 3394 5791 in
3446 5738 3543 5790 illo

1969 5852 2076 5892 uno
2100 5849 2374 5905 nunquam
2406 5835 2571 5891 menti
2592 5834 2792 5900 deﬁcit,
2819 5849 2940 5889 cum
2973 5834 3036 5888 ad
3055 5831 3325 5887 inﬁnitum
3361 5839 3540 5884 etnon
