4266 6450
740 395 845 461 839

1856 381 2211 443 CALLISTI
2268 382 2457 444 CATA
2470 383 2683 447 PHUG
2698 386 2889 448 lOT/E

3893 391 3997 454 840

745 509 1092 558 terminatum
1137 504 1447 572 pervenerit
1492 511 1543 553 et
1603 497 2136 564 incirCumscriptum
2167 504 2220 551 et
2250 495 2316 550 ad
2349 505 2430 560 Αιι

2315 538 2316 547 η
2349 505 2394 560 Α
2416 499 2728 569 πνεύματος
2760 502 2898 567 ἐκεῖ,
2925 502 3020 555 καὶ⁵
3049 501 3372 572 ξενότροπος
3397 499 3721 560 ἀνάπαυσις,
3751 499 3842 549 καὶ
3868 515 4000 549 παν-

740 599 870 651 illud
910 598 1055 666 quod
1092 601 1207 652 sine
1237 596 1428 658 forma,
1463 596 1580 648 sine
1615 593 1784 665 figura
1835 597 1920 645 est
1977 597 2032 644 et
2089 590 2316 644 omnino

741 691 1232 760 simp'icissimtnn.
1285 689 1411 742 Tale
1450 687 1593 741 enim
1644 694 1727 739 est
1779 683 1924 751 quod
1977 682 2181 737 dictum
2232 689 2320 736 "est

743 800 931 843 unum.
970 783 1020 836 id
1051 791 1132 836 est
1166 784 1328 836 Deus.

820 1059 873 1111 6.
913 1054 966 1107 Si
994 1054 1142 1120 facit,
1176 1054 1475 1109 secundum
1543 1053 1822 1114 Davidem,
1895 1049 2035 1104 Deus
2093 1048 2318 1117 angelos

740 1168 869 1206 suos
899 1151 1145 1219 spiritus,
1211 1149 1283 1201 ita
1343 1157 1396 1200 et
1437 1161 1534 1201 eos
1592 1145 1840 1200 homines
1873 1159 2013 1214 quos
2071 1143 2307 1208 Spiritus

742 1257 966 1298 sanctus
995 1242 1184 1312 gignit,
1215 1242 1440 1310 spiritus
1466 1239 1648 1302 etlicit,
1684 1250 1741 1291 ut
1795 1236 2054 1291 Dominus
2107 1234 2244 1286 dixit
2303 1247 2318 1284 :

745 1337 969 1403 angelus
991 1336 1134 1387 enim
1173 1332 1312 1385 alius
1364 1340 1446 1384 est
1482 1331 1642 1382 homo
1690 1328 1781 1397 qui
1841 1343 1906 1380 ex
1956 1325 2147 1393 spiritu
2213 1337 2321 1375 ma-

748 1427 938 1482 nifesta
973 1426 1134 1493 hujus
1163 1424 1577 1493 participatione
1625 1430 1914 1488 generatus
1944 1427 2061 1481 est;
2099 1417 2191 1469 sed
2227 1430 2324 1466 an-

747 1523 987 1588 gelorum
1022 1533 1158 1586 Opus
1187 1529 1263 1568 est
1293 1523 1552 1583 perpetuo
1583 1513 1750 1579 hujus
1814 1511 1903 1577 qui
1971 1510 2022 1561 in
2049 1507 2202 1560 caelis
2238 1515 2324 1560 est

743 1613 952 1663 vultum
1002 1607 1387 1675 conteml'tlari,
1453 1603 1914 1673 quemadmodum
1969 1610 2020 1652 et
2056 1599 2317 1651 Dominus

739 1703 1133 1770 dixitzigitur,
1159 1701 1248 1769 qui
1309 1699 1590 1753 manifeste
1624 1697 1857 1764 Spiritus
1918 1694 2091 1748 sancti
2152 1692 2326 1745 factus

739 1805 823 1847 est
901 1794 1211 1861 particeps,
1265 1799 1482 1858 Oportet
1561 1801 1618 1838 ut
1682 1785 1770 1838 Dei
1850 1783 2059 1835 vultum
2121 1787 2324 1831 attente

740 1886 1159 1951 contmnpletur,
1194 1896 1253 1937 ιιι
1290 1885 1498 1949 justum
1535 1890 1634 1932 est.
1667 1878 1791 1931 Ideo
1829 1889 1879 1928 et
1924 1877 2082 1929 docet
2127 1873 2318 1935 David,

749 1997 765 2028 ι
812 1979 1047 2042 ριιιιετίιε
1089 1976 1397 2035 Dominum,
1458 1974 1649 2025 dicens
1680 2012 1694 2032 ,
1752 1979 1806 2021 et
1860 1965 2263 2021 conlirmemini
2304 1983 2317 2018 :

739 2072 968 2136 qurerite
1029 2070 1221 2122 faciem
1278 2067 1398 2134 eius
1457 2080 1669 2130 Semper
1694 2063 1762 2114 ⁸⁹.
1808 2081 1824 2112 ι
1885 2059 2001 2113 Νοιι
2043 2061 2206 2127 igitur
2237 2074 2323 2110 ra-

743 2166 943 2218 tiuncm
1000 2163 1268 2232 sequitur,
1339 2159 1430 2228 qui
1495 2158 1768 2224 particeps
1822 2155 2001 2208 lactus
2056 2153 2229 2205 sancti
2258 2165 2322 2204 ac

742 2255 940 2306 vivifici
994 2264 1041 2306 et
1100 2251 1465 2306 illuntinantis
1521 2258 1576 2302 et
1634 2247 1982 2301 dilectionem
2042 2245 2322 2312 operantis

745 2345 1008 2413 Spiritus.
1033 2355 1088 2397 et
1139 2343 1433 2396 ineflaliilis
1465 2340 1834 2409 generationis
1863 2354 1983 2406 qua:
2009 2351 2072 2391 ex
2111 2337 2320 2404 Spiritu

740 2438 971 2489 ellicitnr
1009 2438 1059 2489 iit
1097 2444 1296 2489 sortem
1323 2436 1470 2486 venit
1497 2440 1551 2486 et
1585 2433 1636 2484 in
1667 2432 1967 2499 angelicam
2000 2429 2318 2497 dignitatem

744 2529 1048 2591 festinavit,
1098 2543 1163 2580 ac
1216 2526 1412 2579 deinde
1465 2541 1558 2594 per
1613 2527 1832 2578 nimiam
1900 2522 2317 2577 sollicitudinem

742 2621 1056 2687 comprimit
1105 2637 1260 2673 suum
1307 2620 1646 2687 spiritualetn
1702 2619 1766 2670 ad
1831 2616 1998 2669 Deum
2057 2631 2320 2678 sensum,

744 2730 917 2781 neque
984 2712 1097 2766 vult
1148 2713 1212 2765 ad
1277 2710 1446 2764 Deum
1503 2714 1723 2765 tendere
1783 2725 1846 2763 ac
1896 2710 2112 2771 divina;
2161 2710 2323 2776 idque

744 2805 1025 2859 Salvature
1079 2805 1306 2873 jubente
1355 2820 1454 2856 nos
1501 2803 1552 2855 in
1592 2804 1710 2871 ipso
1771 2817 2023 2863 manere,
2059 2803 2320 2870 quoniam

740 2911 796 2950 et
830 2903 945 2965 ipse
981 2898 1030 2948 in
1065 2895 1222 2948 nobis
1255 2902 1434 2946 manet
1465 2910 1478 2957 ;
1519 2904 1685 2960 atque
1734 2891 1846 2943 haec
1879 2889 2082 2943 Davide
2137 2890 2323 2942 dicen-

741 3001 796 3044 te
828 3005 840 3042 :
891 3007 908 3040 ι
947 2989 1203 3042 Accedite
1242 2988 1307 3040 ad
1351 3002 1509 3046 cum,
1548 2994 1600 3037 et
1665 2984 2049 3036 illuminemini
2091 2982 2157 3036 '°.
2208 2999 2226 3032 ι
2259 2981 2325 3036 Ει

745 3098 870 3136 vere
904 3084 945 3134 si
999 3098 1058 3133 ea
1102 3097 1222 3150 qua:
1257 3079 1565 3132 necessaria
1595 3085 1721 3129 sunt
1756 3086 1808 3127 et
1838 3090 2081 3142 congrua
2118 3073 2314 3126 facturi

2411 607 2520 642 των
2559 592 2730 660 πέρας
2756 593 2817 646 τὸ
2848 594 3093 664 ἄπειρον,
3132 594 3225 647 καὶ
3259 593 3473 662 κίνησις
3507 594 3566 645 ὲν
3600 592 3680 662 τῷ
3723 594 3803 645 ἐνὶ
3851 610 3968 658 γινο

2417 681 2563 750 μένῳ
2600 683 2794 752 ἐκείνῳ
2825 685 2928 736 οὐκ
2964 683 3322 737 ἀπολείπεται
3348 683 3602 754 οὐδαμῶς
3626 685 3788 736 παντὶ
3815 683 3909 752 νῷ,
3939 684 4002 734 τὸ

2414 774 2665 843 ἀόριστον
2692 777 2786 828 καὶ
2825 777 3130 846 ἀπέραντον
3165 776 3491 845 πεφθακότι,
3521 776 3582 828 τό
3605 794 3662 828 τε
3692 776 4002 845 ἀπερίγραο

2416 881 2572 928 πτον,
2634 867 2894 935 ἀνείδεον,
2936 869 3031 923 καὶ
3081 869 3514 939 ἀσχημάτιστον,
3566 869 3660 921 καὶ
3716 867 4005 929 ἀπολύτως

2415 959 2636 1012 ἁπλοῦν·
2662 961 2987 1033 τοιοῦτογάρ
3012 967 3071 1015 τὸ
3091 963 3379 1034 εἰρημένον
3403 961 3479 1026 ἓν,
3501 962 3778 1015 τουτέστιν
3798 965 3826 1014 6
3848 962 4006 1022 Θεός.

2491 1051 2564 1116 ς’.
2602 1054 2662 1106 El
2711 1057 2874 1117 ποιεί,
2911 1055 3053 1108 κατά
3103 1056 3195 1109 τὸν
3231 1056 3418 1117 Δαδὶδ,
3445 1057 3575 1118 τούς
3609 1056 3875 1123 ἀγγέλους
3904 1055 4009 1107 αὐ-

2415 1143 2508 1196 τοῦ
2533 1147 2561 1196 6
2590 1145 2722 1207 Θεὸς
2754 1145 3061 1217 πνεύματα,
3088 1148 3183 1200 καὶ
3211 1146 3306 1210 οὓς
3329 1147 3387 1200 δὲ
3410 1145 3516 1200 τῶν
3548 1145 3854 1216 ἀνθρώπων
3877 1163 4006 1212 γεν-

2416 1237 2483 1306 νᾷ
2510 1235 2570 1288 τὸ
2600 1237 2847 1308 Πνεῦμα,
2891 1238 3111 1309 πνεῦμα
3170 1239 3372 1300 αὐτοὺς
3427 1241 3591 1303 ποιεῖ,
3618 1239 3693 1302 ὡς
3740 1240 3768 1291 6
3799 1238 4009 1308 Κύριος

2418 1331 2638 1399 εἴρηκεν
2659 1345 2672 1358 ⁸
2706 1331 2937 1399 ἀγγελος
2970 1334 3077 1403 ἄρα
3107 1332 3266 1395 ἀλλος
3304 1332 3636 1402 χρηματίζει
3683 1333 3713 1384 6
3747 1348 4010 1400 γεγεννη-

2421 1422 2581 1489 μένος
2610 1423 2895 1491 ἀνορωπος
2951 1427 3015 1476 ὲκ
3061 1424 3155 1478 τοῦ
3197 1427 3427 1496 ὲναργεί
3455 1424 3765 1493 πνεύματος
3797 1428 4008 1492 μετοχῇ

2419 1514 2585 1566 αὐτοῦ
2617 1531 2628 1541 ·
2658 1516 2791 1567 ἀλλά
2827 1517 2934 1587 μὴν
2965 1517 3212 1584 ἀγγέλων
3241 1517 3401 1587 ἔργον
3440 1517 3500 1570 τὸ
3526 1517 3617 1571 διὰ
3638 1518 3840 1581 παντὸς
3881 1517 4013 1569 Gem-

2423 1608 2537 1676 ρείν
2566 1608 2628 1660 τὸ
2676 1608 2967 1678 πρόσωπον
3001 1609 3096 1662 τοῦ
3133 1613 3191 1662 ἐν
3247 1611 3519 1680 οὐρανοῖς,
3575 1610 3650 1674 ὼς
3701 1611 3798 1662 καὶ
3847 1610 4011 1663 τοῦτο

2419 1693 2572 1752 εἶπεν
2613 1703 2641 1753 6
2696 1701 2918 1770 Κύριος·
2944 1701 3139 1755 οὐκοῦν
3173 1701 3269 1756 καὶ
3301 1704 3328 1755 6
3362 1703 3676 1772 Πνεύματος
3707 1702 3863 1770 ἁγίου
3910 1720 4009 1754 πεο

2423 1792 2653 1862 ριφανὴς
2689 1793 2914 1863 μέτοχος
2943 1793 3056 1865 [ισ.
3087 1794 3178 1850 τὸν
3204 1794 3520 1862 Πνεύματος
3549 1795 3708 1863 ἀγίου
3727 1798 4006 1865 περιφανῆ

2425 1883 2674 1956 μέτοχον]
2716 1886 2822 1955 χρὴ
2866 1886 3094 1957 θεωρεῖν
3141 1887 3581 1955 ἀνατεινόμενος,
3610 1886 3685 1949 ὡς
3721 1888 3869 1949 είκὸς
3893 1927 3908 1949 ,
3945 1889 4012 1939 τὸ

2421 1978 2712 2046 πρόσωπον
2750 1979 2844 2032 τοῦ
2888 1978 3044 2032 Θεοῦ.
3105 1980 3195 2032 Διὸ
3235 1979 3476 2033 διδάσκει
3518 1978 3789 2049 δήπουθεν
3842 1984 3935 2034 καὶ
3979 1985 4012 2034 6

2421 2065 2605 2117 Aa6l6'
2663 2084 2682 2116 ι
2734 2068 3014 2137 Ζητήσατε
3065 2068 3156 2121 τὸν
3201 2069 3441 2137 Κύριον,
3494 2070 3692 2137 λέγων,
3729 2071 3824 2122 καὶ
3871 2088 4011 2140 κρα-

2419 2154 2708 2226 ταεώθητε,
2741 2156 3014 2228 ζητήσατε
3041 2161 3102 2212 τὸ
3130 2161 3420 2229 πρόσωπον
3445 2161 3614 2213 αὐτοῦ
3639 2162 3727 2214 διά
3746 2164 3964 2225 παντός.
3984 2183 4002 2212 ι

2421 2247 2534 2298 Οὐκ
2565 2248 2672 2317 ἄρα
2721 2251 2881 2319 τηρεῖ
2923 2251 2983 2302 τὸ
3009 2249 3156 2312 εἰκὸς
3210 2252 3301 2303 καὶ
3327 2253 3647 2320 γιγνόμενον
3673 2293 3687 2316 ,
3720 2255 3748 2305 6
3779 2253 4012 2322 μέτοχος

2419 2340 2660 2406 γεγονὼς
2696 2341 2788 2393 τοῦ
2821 2343 2996 2409 ἁγίου,
3030 2344 3123 2395 καὶ
3183 2342 3468 2407 ζωοποιοῦ,
3519 2345 3613 2396 καὶ
3649 2345 4007 2412 φωτιστικοῦ,

2419 2431 2515 2483 καὶ
2541 2433 2739 2498 ὲρωτοε
2751 2433 2881 2502 ργοῦ
2913 2433 3251 2503 Πνεύματος,
3269 2435 3363 2486 καὶ
3383 2435 3464 2496 είς
3492 2435 3689 2504 πεῖραν
3707 2435 3803 2502 τῆς
3823 2437 4010 2505 ἁρῤή-

2420 2541 2511 2575 του
2561 2525 2711 2595 ἥκων
2744 2526 3052 2595 γεννήσεως
3079 2526 3179 2594 τῆς
3221 2528 3284 2578 ὲκ
3313 2525 3404 2579 τοῦ
3439 2526 3781 2595 Πνεύματος,
3810 2527 3906 2579 καὶ
3928 2531 4011 2588 εἰς

2422 2615 2580 2680 ἀξίαν
2640 2618 2875 2685 ἀγγέλου
2938 2619 3405 2689 ἀναδεδραμηκὼς
3435 2660 3450 2682 ,
3496 2619 3671 2672 ἔπειθ’
3719 2620 3862 2673 οὕτω
3917 2622 4012 2673 διὰ

2424 2709 2683 2778 περιττὴν
2707 2709 2996 2764 εὐλάϐειαν
3041 2712 3198 2782 μύειν
3232 2712 3402 2764 ποιῶν
3429 2712 3529 2781 τοὴν
3560 2712 3694 2780 πρὸς
3727 2713 3860 2763 Θεὸν
3893 2731 4013 2764 νοε-

2426 2798 2523 2868 ράν
2554 2801 2805 2868 αἴσθησιν
2843 2803 3032 2867 αὐτοῦ,
3067 2805 3160 2856 καὶ
3194 2806 3266 2872 μὴ
3299 2805 3506 2856 ἐθέλειν
3542 2803 3678 2872 πρὸς
3717 2802 3851 2855 Θεὸν
3879 2804 4010 2856 ἀνα-

2420 2891 2712 2958 τείνεσθαι,
2745 2897 2838 2946 καὶ
2862 2895 2929 2948 τά
2960 2895 3101 2952 θεῖα,
3132 2898 3224 2948 καὶ
3266 2896 3435 2948 ταῦτα
3470 2895 3562 2947 τοῦ
3603 2896 3856 2964 Σωτῆρος
3887 2896 4014 2947 ἑπι-

2421 2984 2704 3049 τάττοντος
2740 2990 2921 3052 μεῖναι
2956 2991 3014 3040 ἐν
3059 2988 3229 3056 αὐτῷ,
3267 2990 3387 3040 ἐπεὶ
3423 2990 3515 3040 καὶ
3555 2987 3716 3049 αὐτὸς
3763 2989 3916 3057 μένει
3949 2990 4013 3039 ἐν

2421 3077 2591 3145 ἡμῖν·
2630 3078 2726 3129 καὶ
2756 3078 2849 3130 τοῦ
2893 3079 3056 3132 Δαδὶδ
3087 3081 3407 3147 φάσκοντος·
3447 3099 3465 3129 ι
3506 3079 3838 3149 Προσέλθετε
3869 3081 4013 3149 πρὸς

747 3190 1016 3236 essemus,
1050 3177 1100 3224 in
1134 3174 1250 3241 ipso
1289 3170 1378 3224 Dei
1413 3168 1589 3222 Patris
1621 3168 1846 3229 lumine,
1874 3165 2079 3218 scilicet
2114 3166 2165 3217 in
2201 3167 2322 3234 Spi-
2352 3187 2395 3245 ρ
2424 3189 2432 3221 ε

2352 3187 2395 3245 c
2424 3169 2581 3222 αὐτὸν
2605 3171 2698 3223 καὶ
2723 3171 3050 3238 φωτίσθητε.
3087 3193 3104 3224 ι
3147 3174 3254 3225 Καὶ
3282 3172 3498 3242 ἀληθῶς
3539 3173 3593 3224 εῐ
3617 3189 3678 3239 γε
3715 3172 4012 3240 μέλλοιμεν

752 3270 856 3320 ritu
905 3276 1118 3326 sam-to,
1147 3265 1458 3318 videremus
1488 3263 1668 3314 lumen
1701 3261 1842 3327 quod
1864 3267 1945 3311 est
1963 3259 2104 3310 circa
2131 3257 2323 3324 Deum,

744 3362 794 3411 ill
827 3367 908 3410 est
939 3359 1173 3410 divinam
1216 3357 1502 3410 veritatem
1531 3393 1545 3412 ,
1577 3353 1678 3406 nisi
1726 3352 1976 3420 imperite
2004 3352 2070 3405 ad
2105 3351 2326 3406 divinos

744 3455 925 3506 radios
955 3451 1198 3505 converti
1236 3450 1523 3503 nollemus.

821 3743 872 3795 7.
903 3741 1102 3797 Tribus
1154 3742 1330 3796 modis
1385 3758 1540 3794 mens
1581 3737 1644 3794 ad
1672 3741 1770 3800 Dei
1815 3744 2323 3812 contemplationem

745 3835 1014 3895 ascendit,
1073 3834 1293 3901 preprio
1338 3842 1507 3894 motu,
1549 3833 1775 3889 alterius
1802 3845 1972 3898 motu,
2003 3845 2055 3887 et
2086 3839 2322 3903 quodam

747 3929 886 3980 inter
936 3926 1123 3979 ambos
1164 3935 1332 3978 motu.
1378 3925 1452 3977 Ac
1502 3926 1678 3992 primo
1727 3927 1930 3995 proprii
1987 3936 2172 3981 motus
2209 3943 2328 3982 mo-

744 4021 847 4073 dus
900 4018 1098 4072 mentis
1155 4026 1348 4070 natura
1414 4016 1760 4070 solummodo
1826 4018 2145 4086 perficitur,
2203 4037 2326 4090 qua:

745 4129 844 4166 sua
897 4113 1173 4164 voluntate
1234 4124 1328 4176 per
1382 4110 1728 4176 phantasiam
1763 4109 1976 4173 utitur;
2012 4111 2322 4180 cujusmodi

745 4204 1010 4258 terminus
1031 4213 1112 4257 est
1140 4202 1452 4254 divinarum
1508 4217 1690 4254 rerum
1743 4205 2168 4271 contemplatio;
2204 4221 2325 4273 qua:

743 4304 797 4349 et
827 4294 1054 4363 gentiles
1099 4294 1198 4359 ipsi
1238 4293 1515 4359 imaginati
1545 4302 1674 4344 sunt
1705 4309 1721 4356 ;
1776 4295 2051 4349 secnudus
2088 4311 2218 4348 vero
2241 4307 2326 4351 est

744 4401 910 4455 Supra
941 4386 1291 4447 voluntatem,
1329 4397 1382 4438 et
1441 4386 1615 4439 solius
1648 4384 1738 4438 Dei
1776 4386 1984 4440 lumine
2007 4391 2321 4457 prastitus;

747 4481 890 4532 unde
919 4486 973 4531 et
999 4477 1183 4530 divino
1225 4475 1409 4529 amato
1454 4487 1662 4530 tantum
1691 4479 1989 4544 invenitur,
2014 4489 2069 4534 et
2096 4481 2148 4535 in
2182 4484 2322 4536 divi-

2422 3263 2596 3312 ποιεῖν
2619 3263 2682 3313 τὰ
2705 3261 2891 3314 δέοντα
2918 3265 3009 3314 καὶ
3035 3265 3295 3334 ἑπόμενα,
3322 3266 3378 3314 ὲν
3401 3264 3479 3315 τῶ
3503 3262 3596 3314 τοῦ
3625 3263 3757 3314 Θεοῦ
3791 3265 4011 3332 Πατρὸς

2414 3358 2579 3424 φωτὶ,
2612 3355 2754 3420 λέγω
2783 3354 2837 3406 δὲ
2879 3353 2940 3404 τὸ
2972 3353 3192 3420 Πνεῦμα
3225 3353 3286 3403 τὸ
3314 3351 3490 3418 ἇγιον,
3518 3351 3760 3420 ὀψόμεθα
3793 3369 3910 3421 φως
3945 3353 4013 3404 τὸ

2416 3450 2548 3517 περὶ
2582 3448 2672 3500 τὸν
2704 3446 2853 3507 Θεὸν,
2891 3445 3141 3497 τουτέστι
3194 3445 3293 3512 τὴν
3318 3444 3468 3496 θείαν
3493 3444 3779 3514 ἀλήθειαν,
3819 3446 3867 3496 εί
3926 3446 4007 3514 μή

2421 3557 2536 3598 πως
2593 3538 3043 3605 ἀνεπιστημόνως
3087 3536 3224 3604 πρὸς
3275 3535 3374 3599 τάς
3433 3536 3584 3600 θείας
3639 3537 3863 3599 ἀκτῖνας
3928 3538 4012 3606 μὴ

2417 3631 2770 3698 ὲπιστρὲφειν
2798 3628 3124 3698 αἱρούμεθα.

2487 3722 2550 3785 ζ’.
2588 3722 2748 3792 Τρισὶ
2798 3722 3020 3791 τρόποις
3067 3721 3338 3774 ἐπιϐαίνει
3386 3722 3415 3772 6
3457 3720 3581 3782 νοῦς
3609 3724 3673 3790 τῇ
3721 3721 3816 3773 τοῦ
3868 3720 4011 3772 Θεοῦ

2418 3814 2644 3886 θεωρία,
2693 3815 3090 3883 αὐτοκμινὴτως,
3146 3815 3598 3884 ἐτεροκινήτιιις,·
3631 3816 3726 3866 καὶ
3793 3813 4010 3881 μεταξύ

2416 3906 2638 3958 τούτων.
2670 3907 2827 3958 Καὶό
2858 3906 2956 3975 μὲν
2985 3905 3337 3974 αὐτοκίνητος
3385 3905 3588 3974 τρόπος
3623 3906 3728 3958 ὐπὸ
3761 3906 3864 3972 τῆς
3904 3908 4013 3971 φύ-

2419 4015 2555 4061 σεως
2585 3997 2679 4050 τοῦ
2711 3997 2803 4051 νοῦ
2840 3999 3001 4066 μόνον
3053 3999 3312 4060 τελεῖται,
3349 3997 3567 4067 θελήσει
3592 4001 3657 4068 τῇ
3691 3998 3890 4050 ἑαυτοῦ
3919 3999 4013 4050 διὰ

2418 4090 2718 4156 φαντασίας
2775 4089 3080 4159 χρώμενος,
3140 4083 3202 4142 οὗ
3245 4092 3418 4160 πέρας
3469 4092 3502 4158 ἡ
3555 4091 3665 4142 τῶν
3711 4091 3844 4160 περὶ
3873 4090 4014 4143 Θεὸν

2418 4183 2658 4252 θεωρία·
2711 4184 2746 4237 ἃ
2801 4183 2897 4236 καὶ
2938 4183 3214 4252 Ἐλλήνων
3271 4184 3535 4252 ἀμηγέπη
3585 4185 4014 4252 ἑφαντάσθησαν

2417 4278 2607 4338 παῖδες
2634 4292 2646 4304 ·
2701 4278 2729 4328 6
2769 4276 2814 4327 δ’
2853 4276 3042 4346 ἕτερός
3090 4277 3239 4327 ἔστιν
3297 4275 3584 4344 ὑπερφυὴς
3619 4277 3858 4342 θελήσει,
3915 4278 4015 4329 καὶ

2417 4367 2682 4437 φωτισμῷ
2718 4369 2884 4436 μόνου
2927 4367 3064 4420 Θεοῦ
3100 4367 3446 4437 γιγνόμενος·
3477 4367 3601 4420 ὅθεν
3634 4369 3729 4420 καὶ
3765 4369 3871 4419 ὐπὸ
3910 4370 4013 4437 τὴν

2418 4458 2570 4512 Θείαν
2605 4459 2842 4529 κατοχὴν
2888 4459 3010 4512 τότε
3059 4460 3196 4521 ὅλως
3248 4459 3586 4528 εὑρίσκεται,
3619 4459 3711 4510 καὶ
3749 4460 3830 4521 είς
3854 4460 4012 4521 θείας

748 4587 847 4626 nas
869 4569 1233 4626 revelationes
1250 4570 1545 4638 abripitur,
1582 4581 1637 4624 et
1685 4585 1887 4625 arcana
1925 4572 2019 4627 Dei
2062 4577 2322 4642 mysteria
2358 4541 2433 4603 De

2358 4541 2787 4619 Πάποκαλύψεις
2818 4552 3140 4620 ἁρπάζεται,
3180 4551 3274 4603 καὶ
3307 4553 3636 4621 ἀπορρήτων
3663 4551 3885 4618 γεύεται
3913 4554 4011 4604 τοῦ

751 4671 955 4732 gustat,
976 4670 1028 4714 et
1074 4661 1386 4714 futurorum
1412 4670 1638 4714 eventus
1665 4662 1828 4714 videt.
1855 4663 1960 4727 Qui
1984 4675 2166 4719 autem
2189 4667 2330 4720 inter

751 4758 942 4810 ambos
961 4755 1152 4808 modus
1172 4764 1274 4818 est,
1303 4755 1570 4807 ambobus
1588 4770 1807 4822 quoque
1829 4771 1894 4810 ex
1921 4768 2072 4826 parte
2096 4761 2330 4828 conjun-

747 4851 910 4918 gitur.
936 4846 1224 4900 Voluntate
1250 4848 1468 4915 quidem
1493 4857 1546 4898 et
1570 4847 1858 4914 phantasia
1887 4852 2106 4919 propria
2136 4867 2329 4920 opera-

752 4950 874 5004 tur;
904 4939 1134 5007 propria:
1157 4940 1419 4990 voluntati
1451 4955 1729 5007 congruos
1746 4943 2074 5006 Ostenditur,
2099 4944 2224 4997 alte:
2243 4947 2326 4999 ius

751 5045 930 5086 autem
1030 5032 1322 5084 voluntatis
1403 5043 1485 5085 est
1554 5034 1873 5102 particeps,
1937 5036 1990 5088 in
2057 5048 2323 5104 quantum

750 5127 929 5180 divina
964 5126 1359 5178 illuminatione
1399 5128 1464 5177 ad
1489 5128 1721 5193 seipsam
1749 5129 1957 5192 unitur,
2029 5141 2082 5184 et
2139 5133 2330 5188 inellao

752 5219 932 5273 biliter
959 5219 1128 5271 Deum
1164 5218 1309 5271 videt
1343 5219 1481 5270 ultra
1518 5220 1791 5287 pr0priain
1818 5223 2328 5289 Spiritualemuuio~

752 5325 896 5364 nem.
930 5309 1182 5362 Omnium
1206 5310 1350 5361 enim
1383 5325 1505 5378 qua:
1536 5312 1681 5364 circa
1723 5312 1891 5364 Deum
1962 5316 2217 5369 videntur
2272 5330 2325 5372 et

750 5403 1004 5455 dicuntur
1030 5407 1181 5452 extra
1205 5402 1338 5454 lines
1373 5405 1501 5462 exit,
1533 5418 1710 5470 neque
1755 5403 2177 5473 pruridentiam,
2226 5426 2322 5464 ne-

751 5510 856 5561 que
897 5493 1216 5561 potentiam,
1261 5509 1432 5560 neque
1459 5493 1802 5562 prudentiam
1866 5513 2040 5564 neque
2086 5501 2320 5557 aliorum

747 5585 1054 5639 divinorum
1113 5585 1407 5653 quidquam
1471 5587 1657 5651 videt;
1707 5589 1947 5656 repletus
2013 5596 2314 5660 praesertim

749 5679 1016 5747 Spirituali
1051 5679 1276 5741 lumine,
1311 5686 1362 5732 et
1394 5681 1572 5734 latitia
1604 5683 1884 5738 exsultans
1919 5686 2114 5741 divina.-
2144 5692 2320 5745 chari-

749 5773 882 5824 t'atis
926 5771 1046 5840 igne
1074 5771 1357 5840 producta.

819 5888 866 5919 "
897 5884 1043 5944 Psal.
1075 5903 1184 5958 Civ,
1228 5890 1280 5944 4.
1384 5893 1426 5925 ⁹⁰
1451 5890 1602 5948 Psal.
1637 5911 1825 5966 xxxiii,
1858 5897 1910 5956 6.

2415 4643 2548 4696 Θεοῦ
2572 4645 2907 4714 μυστηρίων,
2934 4645 3028 4696 καὶ
3063 4643 3366 4711 μελλόντων
3395 4643 3650 4702 ὲκῦάσεις
3687 4644 3810 4712 ὁρᾷ.
3863 4645 3922 4696 Ὀ
3951 4645 4010 4696 ὁὶ

2419 4734 2624 4803 μεταξύ
2673 4737 2902 4787 τουτωνὶ
2950 4735 3174 4801 τρόπος,
3221 4737 3336 4797 τοῖς
3382 4735 3537 4787 δυσὶν
3574 4737 3630 4786 ὲν
3669 4736 3827 4804 μέρει
3882 4753 4009 4787 συν-

2414 4829 2666 4880 duratur
2779 4828 2875 4895 μὲν
2906 4827 3017 4897 γὰρ
3053 4827 3273 4896 θελήσει
3320 4829 3415 4879 καὶ
3459 4829 3732 4898 φαντασίᾳ
3777 4829 3887 4895 ἰδία
3915 4831 4011 4897 ὲρυ

2415 4919 2660 4985 γάζεται,
2717 4919 2794 4988 τῷ
2841 4920 3181 4991 αὐτοκινήτῳ
3211 4920 3502 4990 σύμφωνος
3562 4922 3863 4984 δείκνυται,
3927 4926 4009 4992 τῷ

2415 5013 2774 5082 ἑτεροκινήτῳ
2829 5014 2884 5067 δὲ
2932 5017 3199 5076 κοινωνεῖ,
3254 5014 3340 5084 ἐφ’
3370 5016 3496 5068 ὅσον
3541 5017 3646 5068 ὐπὸ
3696 5017 3799 5084 τῆς
3852 5018 4009 5076 θείας

2414 5104 2626 5157 ἑνοῦται
2669 5105 2804 5176 πρὸς
2841 5107 3031 5158 ἑαυτὸν
3064 5106 3405 5175 ὲλλάμψεως,
3446 5109 3540 5160 καὶ
3592 5110 3849 5178 ἁρῤήτως
3905 5112 4010 5179 ὸρᾷ

2412 5199 2502 5250 τὸν
2559 5197 2713 5262 Θεὸν,
2773 5200 3032 5251 ἐπέκεινα
3089 5200 3186 5268 τῆς
3245 5200 3439 5253 ἑαυτοῦ
3488 5205 3680 5271 νοερᾶς
3729 5204 4003 5265 ἑνώσεως.

2413 5291 2637 5343 Πάντων
2670 5291 2778 5362 γὰρ
2801 5292 2911 5344 τῶν
2952 5293 3080 5360 περὶ
3119 5291 3254 5344 Θεὸν
3287 5293 3601 5361 ὁρωμένιιιν.
3645 5294 3742 5346 καὶ
3775 5293 4007 5363 λεγομέ-

2411 5403 2515 5437 νων
2555 5386 2660 5448 ἔξω
2690 5386 2903 5452 γίνεται
2935 5386 3214 5454 τηνικάδε,
3254 5384 3376 5437 οὔτε
3404 5386 3768 5453 ἀγαθαρχίαν,
3805 5386 3837 5455 ἥ
3870 5387 4003 5439 θέω·

2413 5495 2514 5534 σιν,
2547 5477 2669 5529 οὐτε
2711 5478 2922 5541 σοφίαν,
2953 5478 2984 5548 ἢ
3017 5477 3380 5547 δυναμοποιὸν
3403 5479 3624 5547 κράτος,
3651 5477 3682 5546 ἢ
3716 5479 4000 5546 πρόνοιαν,

2413 5572 2445 5640 ἢ
2475 5571 2600 5622 ἄλλο
2620 5589 2672 5620 τι
2699 5571 2808 5621 τῶν
2839 5571 2999 5622 θείων
3029 5571 3191 5640 ὁρῶν·
3224 5570 3473 5639 ἔμπλεως
3511 5570 3918 5637 καθιστάμενος
3948 5576 4001 5633 ἐς

2411 5663 2717 5730 ταμάλιστα
2743 5663 2931 5731 νοεροῦ
2961 5664 3159 5730 φωτὸς,
3191 5663 3287 5714 καὶ⁵
3313 5665 3411 5731 μέν
3448 5680 3509 5729 γε
3538 5663 3707 5732 χαρᾶς
3746 5665 3830 5715 tv:
3845 5682 4002 5734 ργου-

2415 5755 2584 5826 μένης
2626 5755 2731 5807 ὐπὸ
2767 5755 2913 5808 θείου
2944 5755 3116 5825 πυρὸς
3164 5757 3352 5825 ἀγάπῃ
3389 5754 3854 5824 συγκιρναμένου,
