4266 6450
283 406 391 475 845

1383 408 1474 466 DE
1524 409 1695 467 VITA
1737 408 2386 469 CON'l'EMPLA'i‘IVA.

3430 419 3534 482 846

276 541 411 609 πρὸς
468 539 529 591 τὸ
566 540 739 592 αἴτιον
770 535 1154 596 ὰνατετᾶσοαι,
1203 533 1298 586 καὶ
1356 533 1564 602 ἀφορᾷν
1615 532 1838 599 ima-.95

1863 521 1929 576 ,Α
1961 532 2078 571 tura
2103 529 2200 581 cst,
2240 529 2298 571 ut
2321 519 2386 571 ad
2438 535 2658 572 causam
2691 519 2934 586 tendant,
2966 523 3032 574 ad
3062 537 3292 592 eamque
3325 536 3529 581 attente

272 635 510 697 πτικᾶις,
545 633 606 698 ὲξ
643 633 822 692 αἰτίας
869 631 924 683 δὲ
963 631 1141 682 πάντα
1173 625 1457 697 παρῆκται
1492 623 1584 676 τοῦ
1617 620 1774 680 Θεοῦ,
1808 618 1866 684 ἐξ

270 720 334 779 οὗ
371 727 466 781 καὶ
516 727 545 778 ὁ
576 726 719 787 νοῦς,
757 727 784 777 ὁ
835 723 892 776 δὲ
946 722 1078 784 Θεὸς
1109 723 1226 774 ἐστι
1281 717 1343 771 τὸ
1395 717 1714 786 κορυφαῖον,
1771 711 1866 765 καὶ

273 821 462 879 ἁπ).ὦ;
506 820 587 870 ἓν·
622 820 784 886 φύσις
812 817 918 886 ἄρα
945 815 1021 885 τῷ
1059 813 1134 884 νῷ
1165 814 1304 884 πρὸς
1334 813 1393 867 τὸ
1440 814 1736 882 κορυφαῖον
1771 807 1868 863 καὶ

270 911 464 972 ἁπλῶς
503 908 584 972 ἓν,
638 909 712 970 ὡς
769 906 906 977 πρὸς
960 905 1134 959 αἴτιον
1169 905 1636 977 ἐπιστρεφομένῳ,
1673 905 1866 959 ἀνατε-

268 1008 370 1058 ti:
383 1007 491 1062 Οαι,
532 1004 626 1055 καὶ
654 1001 886 1071 αξξορᾷν.

348 1097 437 1162 ιγ’.
492 1098 553 1148 Ei
609 1095 667 1159 ἐξ
703 1092 894 1156 αὐτοῦ,
937 1093 1032 1146 καὶ
1086 1092 1153 1144 δι’
1210 1091 1399 1152 αὑτοῦ,
1435 1093 1528 1144 καὶ
1579 1093 1660 1153 εἰς
1704 1088 1868 1144 αὐτὸν

270 1192 340 1241 τὰ
378 1191 579 1247 πάντα,
614 1189 726 1240 εστι
763 1187 819 1239 δὲ
861 1186 956 1240 καὶ
995 1188 1022 1238 ὁ
1053 1185 1174 1248 νοῦς
1210 1186 1317 1237 τῶν
1360 1184 1614 1237 ἁπάντων
1647 1181 1724 1244 ἓν,
1758 1182 1867 1252 ἄρα

270 1279 331 1343 ἐξ
377 1278 566 1339 αὐτοῦ,
604 1278 698 1329 καὶ
734 1276 801 1329 δι’
835 1275 1000 1329 αὑτοῦ
1053 1278 1149 1327 καὶ
1204 1275 1388 1328 οὐτοσὶ
1415 1317 1427 1334 ,
1479 1273 1574 1326 καὶ
1632 1273 1868 1341 μάλιστα

273 1347 711 1441 προσεχέστερόν
739 1386 800 1434 γε
834 1369 890 1433 ἐξ
921 1366 1109 1430 αὑτοῦ,
1157 1368 1252 1420 καὶ
1282 1367 1348 1419 δι’
1379 1360 1543 1420 αἶ)τοῦ
1581 1367 1740 1430 αὐτὸς
1776 1365 1865 1420 διὰ

270 1466 330 1516 τ’)
369 1460 697 1515 Οεοείκελον·
731 1460 929 1513 οὐκοῦν
950 1463 1044 1512 καὶ
1079 1459 1280 1528 μᾶλλον
1305 1450 1459 1521 οὗτος
1483 1460 1690 1529 ἀφορᾷν
1719 1459 1867 1526 ὀφεί-

268 1559 353 1611 λει
391 1558 444 1625 γ’
473 1557 554 1618 είς
584 1555 771 1608 αὐτόν.
805 1554 879 1607 Τὸ
917 1554 974 1606 δὲ
1011 1555 1091 1617 είς
1125 1553 1290 1605 αὑτὶν
1318 1550 1633 1621 λεγόμενον,
1664 1552 1741 1614 είς
1769 1553 1866 1622 τὴν

267 1650 366 1704 τοῦ
394 1647 771 1719 ὑπερκοσμίου
801 1645 919 1709 ἑνὸς
937 1645 1134 1716 χρῆναι
1167 1644 1405 1714 ῑμφασιν
1427 1645 1866 1713 ὲπιστρεπτικῶς

268 1745 485 1813 ἀφορᾷν
527 1741 700 1812 δηλοῖ·
731 1740 812 1802 είς
852 1736 913 1791 τὸ
938 1736 997 1790 ἓν
1026 1737 1134 1808 ἄρα
1169 1739 1198 1789 6
1237 1734 1364 1798 νοῦς
1395 1733 1599 1803 ὀφείλει
1629 1736 1862 1806 ἀφορᾷν.

272 2008 490 2060 πολλῶν
517 2009 579 2061 τὸ
600 2007 677 2061 ἓν.
699 2008 1024 2080 ’Λλλαμὴνή
1047 2010 1224 2074 κτίσις
1247 2011 1360 2064 ἔστι
1381 2014 1449 2067 τὰ
1464 2013 1654 2076 πολλὰ,
1671 2014 1868 2068 οὐκοῦν

270 2102 330 2165 ἐξ
364 2101 488 2165 ἐνὸς
531 2105 564 2171 ἡ
616 2102 796 2164 κτίσις
853 2102 1122 2173 ἐναργῶς.
1179 2105 1335 2158 Ἔστι
1375 2105 1431 2159 δὲ
1476 2107 1567 2160 καί
1600 2109 1738 2181 ὑπὲρ
1766 2108 1866 2179 τὴν

268 2194 476 2258 κτίσιν,
515 2193 591 2256 ὡς
623 2193 865 2260 Κτίστης
897 2195 990 2246 καὶ
1025 2195 1370 2266 Δημιουργὸς
1401 2199 1576 2251 ἐκεῖνο
1613 2200 1673 2251 τὸ
1715 2200 1794 2251 ἓν*
1835 2202 1864 2253 ὁ

265 2287 378 2355 ἄρα
411 2285 513 2354 τὴν
553 2285 736 2337 κτίσιν
768 2285 845 2349 ὡς
870 2286 950 2338 δεῖ
977 2285 1219 2357 θεωρῶν,
1258 2285 1317 2353 ἐξ
1355 2289 1600 2359 ἀνάγκης
1641 2290 1776 2360 πρὸς
1802 2291 1864 2344 τὸ

264 2378 650 2449 ὑπερκόσμιον
683 2377 741 2431 ἓν
771 2377 883 2443 ἕξει
910 2378 970 2431 τὸ
996 2378 1192 2432 ἑαυτοῦ
1244 2381 1344 2450 τῆς
1385 2381 1618 2451 θεωρίας
1648 2384 1861 2452 συμπέο

262 2492 478 2547 ρασμα,
515 2475 750 2542 ἐπείπερ
799 2475 892 2528 καὶ
934 2475 1107 2527 ἔνεστι
1139 2477 1250 2538 τοῖς
1279 2477 1540 2540 αἱτιατοῖς
1567 2479 1860 2546 πάμπολλα

257 2565 356 2618 τοῦ
395 2566 572 2619 αἰτίου
607 2566 812 2618 ὡσανεὶ
844 2566 1209 2637 ἀπηχήματα,
1241 2567 1309 2620 δι’
1355 2561 1431 2622 ὧν
1478 2571 1803 2641 γνωρίζεται
1833 2574 1861 2625 ὁ

255 2657 451 2726 τέχνῃ,
484 2657 581 2710 καὶ
607 2656 792 2727 σοφίᾳ,
815 2655 1044 2726 δυνάμει
1078 2674 1138 2710 τε
1182 2658 1276 2710 καὶ
1302 2659 1599 2730 ἀγάθὸτητι
1621 2679 1857 2734 προνοη-

253 2748 432 2811 τικῶς
461 2747 531 2800 τὰ
587 2748 767 2801 πάντα
814 2748 1155 2819 παραγαγὼν
1190 2750 1264 2811 ὡς
1292 2750 1543 2821 ἠθέλησε.
1577 2754 1674 2806 Διὰ
1699 2753 1857 2809 τοῦτο

251 2841 352 2896 καὶ
390 2841 642 2905 Ἡσαΐας,
667 2843 724 2893 ἐν
754 2841 832 2910 τῷ
871 2843 1201 2911 Πνεύματι,‹
1227 2841 1520 2913 Ἐπάρατε,
1556 2847 1708 2915 φησὶ,
1730 2848 1856 2912 τοὺς

248 2935 579 3004 ὀφθαλμοὺς
637 2935 813 3004 ὑμῶν,
871 2937 967 2989 καὶ
1009 2937 1148 2990 ίδετε
1209 2938 1293 3000 τίς
1353 2938 1630 3003 κατέδειξε
1683 2941 1855 2995 ταῦτα

249 3028 460 3083 πάντα.
504 3046 521 3077 ι
553 3028 634 3079 Τὰ
666 3027 764 3096 μὲν
789 3027 962 3080 ταῦτα
994 3028 1172 3081 πάντα
1212 3027 1301 3081 διὰ
1324 3029 1393 3082 τὰ
1423 3029 1591 3083 πολλὰ
1614 3030 1854 3102 εἰρηκὼς

248 3117 502 3180 αἰτιατᾶ,
533 3117 595 3169 τὸ
621 3117 680 3168 δὲ
713 3116 815 3181 τίς,
854 3117 989 3187 πρὸς
1014 3118 1105 3170 τὸν
1135 3118 1194 3183 ἐξ
1225 3113 1286 3171 οὗ
1315 3117 1487 3173 ταῦτα
1514 3122 1672 3192 (ὅπερ
1704 3123 1852 3174 ἐστὶν

246 3209 444 3272 ἁπλῶς
475 3209 619 3265 κατὰ
657 3209 819 3277 φύσιν
855 3209 934 3269 ἓν)
966 3210 1183 3279 ἀνάγων
1224 3212 1315 3264 τὸν
1347 3212 1490 3269 νοῦν,

327 3501 408 3553 ιε’.
446 3497 752 3566 Συνάγεται
790 3496 884 3551 καὶ
916 3501 948 3569 ἡ
986 3499 1165 3560 κτίσις
1199 3501 1277 3561 είς
1313 3499 1392 3561 ἓν,
1422 3497 1557 3552 ἀλλὰ
1589 3498 1842 3551 σύνθετον

234 3592 334 3643 καὶ
385 3590 721 3661 πολυμερὲς,
774 3592 870 3644 καὶ
917 3592 1019 3644 οὐκ
1055 3591 1310 3663 ἄναρχον,
1347 3592 1442 3645 an
1483 3592 1718 3645 κτιστόν.
1757 3593 1830 3644 Τὸ

229 3684 289 3736 δὲ
335 3682 525 3746 κτίζον
572 3685 651 3750 ἓν,
685 3684 747 3737 οὑ
791 3685 952 3754 μόνον
987 3685 1046 3739 ἓν
1093 3684 1167 3747 ὡς
1202 3685 1412 3738 πολλῶν
1443 3685 1535 3738 καὶ
1564 3685 1838 3755 διαφόρων

234 3775 570 3845 συμφωνίας
628 3778 706 3839 εἰς
763 3777 892 3845 μίαν
953 3777 1258 3846 σύμπνίιαν
1313 3778 1408 3830 τοῦ
1469 3779 1686 3839 παντὸς,
1743 3777 1837 3828 καὶ

231 3869 446 3920 σκοπὸν
493 3870 800 3938 ποιητικὸν,
830 3871 946 3923 ἀλλ’
970 3871 1078 3941 ἠδη
1109 3873 1204 3924 καὶ
1242 3872 1497 3925 ἂκτιστον
1523 3872 1594 3933 ὼς
1628 3888 1835 3940 προκα-

227 3959 545 4028 ταρκτικὸν
597 3960 814 4025 αἴτιον,
861 3963 1029 4016 ἀνιὼν
1081 3965 1172 4018 ἐπὶ
1210 3963 1271 4016 τὸ
1329 3964 1559 4018 κατόπιν
1607 3966 1634 4016 ὁ
1687 3962 1834 4025 νοῦς,

229 4053 459 4120 ἀνάγκη
492 4051 828 4120 καταντῆσαι
859 4050 952 4102 ὲπί
980 4066 1032 4101 τι
1055 4049 1112 4101 ἓν
1142 4050 1404 4118 ἀρκτικὸν
1427 4064 1485 4098 τε
1517 4048 1612 4100 καὶ
1642 4062 1830 4097 τακτιο

229 4145 329 4198 κὸν
368 4144 538 4212 τῆσδε
571 4145 669 4212 τῆς
722 4141 1058 4210 φαινομένης
1101 4139 1210 4192 τῶν
1272 4139 1445 4190 ὀντων
1475 4138 1699 4203 τάξεως,
1735 4136 1830 4190 καὶ¹

229 4237 533 4303 γενέσεως,
565 4235 832 4304 ἁρμονίας
868 4250 925 4285 τε
956 4233 1052 4285 καὶ
1089 4231 1388 4300 συμπνοίας
1417 4232 1516 4300 τῆς
1546 4231 1624 4292 είς
1657 4231 1716 4281 τὸ
1748 4228 1826 4293 ἓν,

231 4330 290 4396 ἢ.
323 4331 373 4381 εί
412 4326 490 4396 μὴ
520 4326 700 4389 τοῦτο,
727 4325 814 4377 ἐπ’
844 4326 1073 4395 ἄπειρον
1113 4325 1281 4395 προΐῃ
1309 4321 1395 4385 ἂν,
1436 4324 1574 4392 ὅπερ
1609 4322 1826 4374 ἄτοπον.

232 4423 355 4476 Πᾶν
383 4419 497 4488 γὰρ
533 4419 595 4471 τὸ
625 4417 984 4488 κινούμενον,
1036 4416 1132 4469 καὶ
1185 4415 1532 4484 γιγνόμενον,
1571 4415 1718 4468 ἔστιν
1753 4415 1831 4466 ὅτ’

233 4515 340 4565 οὐκ
390 4508 484 4582 ἦν,
515 4509 612 4563 καὶ
645 4509 720 4580 μὴ
764 4509 845 4573 ὃν,
873 4508 1075 4578 ἤρξατο
1096 4548 1110 4571 ,
1144 4509 1192 4560 εί
1225 4507 1270 4559 δ’
1301 4508 1525 4578 ἦρξατο,
1559 4507 1653 4558 καὶ
1684 4506 1825 4559 κεκίι

232 4622 425 4673 νηται,
461 4603 527 4654 Τί
559 4601 620 4653 τὸ
647 4603 880 4669 κινῆσαν
907 4600 1089 4670 ζητεῖν
1118 4597 1307 4650 δεῖκαὶ
1337 4599 1417 4659 είς
1450 4597 1665 4665 γένεσιν
1696 4597 1833 4663 ἀγα-

231 4699 357 4766 γδν,
422 4697 564 4762 ὅπερ
620 4692 778 4744 ἔσται
838 4691 907 4744 ἂν
962 4689 1058 4742 καὶ
1103 4689 1380 4758 ἀκίνητον,
1418 4689 1505 4757 ἐφ’
1555 4689 1678 4740 ὅσον
1715 4687 1834 4740 ἐστὶ

233 4788 446 4842 κινοῦνι
480 4788 531 4839 εἰ
560 4786 671 4855 γὰρ
697 4781 782 4845 οὒ,
818 4782 868 4835 τί
901 4782 962 4835 τὸ
986 4780 1172 4836 κινοῦν
1197 4781 1256 4832 τὸ
1280 4780 1354 4850 μὴ
1383 4781 1488 4833 ὑπὸ
1518 4780 1709 4850 ἑτέραν
1736 4780 1833 4850 ἁρ-

234 4883 339 4950 χήν
359 4878 577 4941 τελοῦν,
601 4876 808 4929 ὲπείτοι
833 4892 895 4941 γε
925 4875 1023 4928 ἄνα
1037 4890 1193 4944 ρχονς
1226 4875 1273 4925 εί
1294 4872 1338 4925 δ’
1364 4871 1640 4944 ἀκίνητον,
1670 4872 1832 4942 ἄτρεο

238 4989 394 5028 πτον·
458 4973 506 5025 εἰ
543 4970 590 5024 δ’
642 4971 752 5040 ἄρα
779 4968 961 5029 τοῦτο,
1013 4968 1230 5028 πάντως
1262 4966 1351 5019 καὶ
1385 4965 1608 5031 ἁπλοῦν,
1643 4966 1728 5019 ἵνα
1760 4965 1834 5034 μὴ

241 5067 503 5119 σύνθετον
528 5062 590 5116 δν
615 5062 878 5132 τραπείη,
910 5061 1003 5128 ὃγε
1029 5059 1296 5129 ἄτρεπτον
1321 5059 1452 5127 ἡμῖν
1475 5057 1832 5124 ἐκπέφανται·

241 5157 498 5218 σύνθεσις
526 5154 661 5222 γὰρ,
696 5151 840 5222 ἀρχὴ
878 5151 1141 5212 στάσεως.
1185 5150 1247 5203 Ἥ
1281 5150 1361 5213 δὲ,
1385 5148 1612 5211 λύσεως,
1649 5146 1710 5200 τὺ
1737 5147 1837 5215 τῆς

239 5254 513 5322 κινήσεως
542 5250 794 5320 ἔσχατον.
831 5247 1043 5301 Οὖκουν
1073 5247 1250 5302 τοίνυν
1304 5247 1419 5298 ἐκεῖ
1454 5243 1723 5304 σύνθεσις,
1749 5242 1837 5294 ἵνα

245 5343 318 5409 μὴ
354 5342 450 5393 καὶ
477 5337 830 5398 στάσις,οὐδέ
855 5337 1065 5403 στάσις,
1099 5336 1186 5388 ἶνα
1223 5335 1295 5405 μὴ
1316 5336 1408 5388 καὶ
1433 5333 1607 5397 λύσις,
1628 5334 1746 5386 οὐδέ
1773 5349 1837 5399 γε

241 5433 417 5495 λύσις,
455 5433 547 5486 ἵνα
583 5431 659 5500 μὴ
682 5431 776 5482 καὶ
806 5429 1005 5502 τροπὴ,
1052 5428 1145 5481 καὶ
1175 5427 1388 5496 κίνησις
1420 5428 1548 5496 περὶ
1603 5426 1695 5479 τὸν
1724 5423 1834 5496 [ισ.

243 5524 326 5596 τὶ]
361 5525 643 5594 ἄτρεπτον
697 5522 1040 5592 ἀποφανοείη
1070 5521 1164 5574 καὶ
1192 5521 1466 5590 ἀκίνητον,
1492 5520 1564 5581 ὡς
1635 5516 1838 5577 κινοῦν,

245 5619 304 5668 οὐ
337 5616 690 5686 κινούμενον.
723 5615 817 5667 καὶ
847 5617 929 5678 είς
953 5615 1167 5683 γένεσιν
1196 5615 1348 5681 ἆγον,
1371 5614 1489 5682 οὐχὶ
1528 5610 1838 5679 γενόμενον,

248 5709 280 5773 ἦ
308 5709 618 5779 γι“·όμε·.ον.
649 5707 712 5759 Ei
736 5706 842 5776 ἄρα
874 5706 1143 5776 ἄτρεπτον
1173 5705 1568 5773 καὶτὰκίνητον,
1593 5702 1649 5768 ἐξ
1676 5700 1842 5770 ἀνάγ-

331 5880 512 5934 ’⁸1ςι.·
541 5892 628 5942 XL,
680 5873 769 5928 26.

1877 1869 1919 1924 Β

347 1915 430 1970 ιδ’.
473 1915 565 1982 Ἐξ
593 1916 711 1980 ἑνὸς
763 1916 988 1986 προΐασι
1027 1916 1098 1970 τὰ
1122 1917 1312 1977 πολλὰ.
1344 1920 1444 1972 οὐκ
1471 1920 1550 1973 ἔτι
1583 1921 1638 1974 δὲ
1666 1921 1729 1976 ὲκ
1760 1922 1869 1976 τῶν

1960 619 2225 682 spectent.
2255 613 2298 666 si
2325 626 2489 680 porro
2523 614 2703 667 omnia
2727 629 2790 668 ex
2827 613 2933 667 l)co
2969 624 3228 684 tauquam
3259 631 3324 670 ex
3360 632 3525 673 causa

1957 703 2251 772 pendeant,
2274 721 2335 760 et
2373 719 2480 771 quo
2512 720 2666 760 meus
2699 708 2810 775 ipsa
2839 723 2853 771 ;
2891 706 3032 761 Deus
3061 715 3240 762 autem
3273 721 3354 762 cst
3377 725 3519 764 sum~

1957 813 2105 851 mum
2163 812 2226 850 ac
2286 797 2607 866 simpliciter
2669 815 2874 863 unum;
2932 802 3097 853 menti
3133 801 3296 870 igitur
3327 810 3522 854 natura

1954 895 2038 941 est
2065 885 2129 940 ad
2161 902 2431 940 summum
2462 902 2525 942 ac
2560 888 2881 956 simpliciter
2910 906 3075 943 unum
3107 930 3122 949 ,
3161 902 3419 958 tanquam
3455 892 3521 944 ad

1953 991 2171 1032 causam
2205 993 2500 1042 conversae,
2526 981 2746 1035 tendere
2778 989 2832 1034 et
2867 994 3135 1050 spectare.

2027 1071 2114 1124 i3.
2153 1069 2208 1124 Si
2243 1088 2304 1124 ex
2342 1071 2481 1140 ipso,
2524 1083 2578 1126 et
2627 1074 2678 1126 in
2721 1073 2840 1142 ipso
2875 1087 2938 1127 ac
2980 1089 3074 1143 per
3104 1074 3284 1144 ipsum
3312 1079 3518 1137 omnia.

1955 1162 1999 1216 si
2034 1179 2194 1229 porro
2233 1180 2386 1219 mens
2418 1165 2610 1218 borum
2660 1167 2906 1219 omnium
2954 1181 3120 1218 unum
3183 1167 3389 1235 aliquid
3428 1167 3520 1231 sit,

1955 1255 2124 1323 igitur
2186 1273 2248 1310 cx
2292 1259 2410 1326 ipso
2444 1265 2495 1311 ct
2529 1273 2624 1325 per
2650 1257 2825 1327 ipsum
2855 1273 3009 1312 mens
3044 1273 3107 1311 ac
3140 1259 3414 1327 praecipue
3455 1275 3521 1314 ex

1954 1347 2076 1415 ipsi»
2119 1350 2316 1416 pendet
2359 1359 2412 1402 et
2455 1365 2548 1417 per
2575 1355 2751 1420 ipsum
2781 1358 2864 1404 est
2899 1362 3119 1421 propter
3151 1367 3275 1406 cum
3314 1351 3423 1406 Deo
3450 1355 3522 1406 si-

1953 1441 2357 1506 militudinem;
2397 1442 2558 1510 igitur
2603 1453 2657 1496 et
2705 1442 2878 1496 multo
2933 1445 3106 1512 magis
3157 1444 3241 1497 illa
3291 1444 3358 1497 ad
3393 1460 3518 1499 cum

1951 1533 2194 1600 aspicere
2227 1533 2416 1587 debet.
2443 1532 2597 1599 Quod
2629 1545 2807 1587 autem
2843 1534 3044 1588 dicitur
3077 1536 3145 1586 ad
3177 1551 3318 1600 eum,
3348 1535 3522 1595 signi.

1951 1627 2074 1680 ticat
2101 1641 2219 1680 eam
2247 1636 2497 1695 oportere
2543 1627 2608 1680 ad
2651 1626 3088 1695 supernaturalis
3141 1624 3318 1681 Unius
3351 1629 3521 1681 maui-

1950 1720 2290 1775 feStationem
2318 1720 2490 1774 vivide
2536 1719 2798 1790 aspicere.
2852 1719 2908 1773 In
2961 1735 3127 1775 unum
3164 1719 3326 1790 igitur
3366 1735 3519 1776 mens

1949 1815 2111 1867 debet
2141 1815 2406 1883 aspicere.

2023 1904 2108 1958 14.
2151 1904 2228 1958 Ex
2289 1921 2397 1958 uno
2440 1907 2621 1960 omnia
2672 1907 2996 1975 procedunt,
3057 1923 3163 1962 non
3219 1916 3399 1963 autem
3450 1921 3516 1961 ex

1950 1998 2134 2051 multis
2188 2013 2380 2052 unum.
2414 1997 2515 2051 Sed
2547 2000 2750 2051 creatio
2784 1999 2946 2052 multa
2973 2007 3054 2052 est
3087 2017 3100 2064 ;
3129 2015 3235 2053 non
3264 2001 3427 2070 igitur
3450 2015 3515 2051 ex

1948 2105 2058 2144 uno
2113 2098 2362 2142 creatura
2400 2090 2665 2158 procedit,
2715 2090 2859 2158 quod
2905 2089 3252 2144 manifestum
3289 2102 3392 2144 est.
3425 2090 3518 2144 Est

1947 2193 2126 2236 autem
2157 2197 2322 2252 supra
2354 2183 2712 2247 creationem,
2751 2198 3007 2252 tanquam
3037 2182 3272 2237 Creator
3301 2192 3354 2236 et
3386 2199 3519 2237 con-

1947 2276 2092 2330 ditor
2143 2276 2305 2339 Deus,
2341 2275 2520 2330 Unum
2547 2275 2701 2329 illud.
2734 2275 2838 2341 Qui
2864 2275 3030 2344 igitur
3061 2278 3418 2340 creationem,
3458 2288 3518 2329 ut

1948 2374 2180 2435 oportet,
2229 2367 2514 2430 intuetur,
2564 2381 2628 2420 ex
2667 2367 2993 2422 necessitate
3043 2370 3110 2422 ad
3170 2370 3297 2425 illud
3340 2369 3515 2425 Unum

1946 2458 2361 2527 supernaturale
2390 2473 2501 2511 suae
2531 2458 3004 2527 contemplationis
3022 2462 3316 2515 terminum
3351 2463 3518 2516 babe-

1947 2551 2027 2605 bit
2066 2591 2080 2608 .
2130 2552 2388 2620 quoniam
2440 2561 2494 2604 et
2526 2551 2714 2606 insunt
2755 2555 3000 2606 causatis
3036 2562 3294 2622 tanquam
3334 2556 3518 2609 multa:

1946 2659 2009 2697 ex
2049 2659 2212 2698 causa
2270 2645 2737 2713 repercussiones,
2774 2661 2867 2714 per
2905 2662 3024 2714 quae
3057 2648 3406 2716 cognoscitur
3429 2649 3517 2702 ille

1948 2737 2040 2805 qui
2073 2748 2188 2790 arte
2215 2745 2269 2789 et
2293 2737 2562 2804 sapientia
2587 2746 2639 2790 et
2664 2737 2904 2805 potentia
2935 2747 2987 2790 et
3015 2738 3257 2790 bonitate
3290 2739 3514 2803 provide

1949 2834 2169 2889 cuncta,
2205 2836 2264 2880 ut
2297 2827 2488 2893 voluit,
2529 2827 2806 2895 produxit.
2857 2827 2984 2881 Ideo
3017 2837 3070 2879 et
3103 2828 3270 2882 Isaias
3309 2828 3360 2879 in
3400 2827 3514 2895 spi-

1947 2919 2090 2973 ritu:
2129 2937 2146 2970 ι
2189 2918 2492 2982 Sustollite,
2531 2920 2728 2988 inquit,
2757 2922 2946 2974 oculos
2973 2932 3208 2984 vestros,
3245 2929 3300 2974 et
3329 2920 3509 2972 videte

1945 3012 2070 3082 quis
2132 3011 2316 3064 omnia
2366 3013 2481 3066 bare
2531 3013 2835 3066 ostenderit
2899 3015 2989 3067 °'.
3031 3034 3048 3066 ι
3107 3014 3334 3080 Quando
3385 3013 3517 3070 dicit

1946 3105 2142 3163 omnia,
2197 3118 2259 3157 ea
2324 3106 2486 3157 multa
2557 3119 2676 3170 qur.
2741 3116 2962 3159 causata
3019 3106 3510 3177 sunt,signilicat;

1863 3215 1910 3278 ε
1944 3197 2163 3266 quando
2203 3207 2382 3251 autem
2427 3199 2503 3250 ait
2550 3201 2689 3266 quis,
2727 3209 2960 3253 mentem
2999 3201 3063 3253 ad
3102 3216 3225 3253 eum
3261 3201 3411 3254 ducit
3446 3217 3511 3253 ex

1942 3305 2052 3359 quo
2078 3304 2138 3342 ca
2170 3299 2297 3343 sunt
2327 3307 2341 3355 ;
2369 3293 2513 3357 quod
2542 3298 2627 3344 est
2653 3291 2975 3359 sir‘upliciter
3004 3302 3059 3344 et
3083 3293 3380 3346 secundum
3419 3310 3514 3345 ua-

1943 3393 2117 3436 turam
2148 3379 2343 3434 Unum.

2012 3475 2098 3528 15.
2123 3473 2413 3543 Colligitur
2438 3474 2488 3527 in
2527 3490 2692 3527 unum
2734 3477 2937 3529 ereatio
2962 3517 2974 3538 ,
3009 3476 3103 3529 sed
3146 3477 3507 3545 compositum

1940 3583 2003 3622 ac
2035 3568 2335 3637 multiplex,
2367 3582 2474 3620 non
2506 3577 2683 3621 autem
2718 3568 2923 3636 absque
2951 3569 3219 3637 principio
3253 3609 3267 3634 ,
3325 3579 3509 3638 utpote

1937 3659 2347 3717 creatum.Cum
2369 3659 2532 3727 igitur
2560 3661 2780 3714 meusin
2809 3660 2937 3713 illud
2963 3658 3288 3730 Unumquod
3308 3662 3509 3714 creavit

1938 3762 1992 3806 et
2022 3754 2166 3822 quod
2200 3763 2284 3807 est
2318 3768 2510 3816 unum,
2543 3767 2649 3805 non
2693 3753 2856 3806 modo
2885 3769 2979 3822 per
3008 3768 3336 3806 concursum
3373 3754 3508 3805 mul-

1939 3856 2116 3901 torum
2147 3861 2208 3900 ac
2244 3846 2590 3899 diversorum
2625 3847 2678 3899 in
2717 3861 2880 3899 unam
2927 3847 3096 3900 totius
3125 3846 3359 3913 alicujus
3399 3845 3507 3898 for-

1939 3953 2084 3992 mam
2119 3952 2182 3992 ac
2209 3937 2456 3993 effectum
2488 3939 2806 3992 terminum.
2840 3937 2932 3990 sed
2965 3939 3273 3991 iucrcatum
3307 3954 3370 3990 ac
3397 3939 3507 4006 pri-

1936 4048 2079 4087 tuam
2111 4049 2332 4088 causam
2363 4033 2611 4087 ascendit
2635 4041 2692 4086 ut
2724 4034 3137 4101 contempletur,
3178 4049 3400 4088 necesse
3425 4044 3507 4085 est

1938 4135 1993 4178 ut
2028 4125 2094 4178 ad
2130 4125 2333 4194 aliquid
2367 4139 2532 4178 unum
2577 4124 2720 4193 quod
2767 4124 3036 4178 creaverit
3076 4138 3140 4177 ac
3172 4123 3506 4177 ordiuaverit

1931 4219 2202 4273 visibilem
2257 4217 2404 4272 hunc
2439 4231 2618 4272 rerum
2677 4217 2922 4271 ordinem
2973 4230 3038 4270 ac
3077 4215 3502 4285 generationem,

1933 4308 2275 4364 harmoniam
2316 4317 2368 4363 et
2407 4310 2866 4378 conspirationem
2916 4309 2970 4362 in
3032 4309 3202 4362 toxius
3271 4307 3505 4376 alicujus

1932 4403 2163 4459 formam
2191 4403 2337 4470 ;vel,
2362 4403 2408 4459 si
2434 4403 2506 4457 ita
2531 4419 2638 4459 non
2669 4411 2834 4466 esset,
2854 4402 2911 4456 in
2941 4401 3215 4455 inﬁnitum
3243 4401 3504 4470 procede-

1920 4505 2003 4551 rct.
2039 4512 2053 4550 :
2087 4493 2235 4564 quod
2269 4501 2354 4549 est
2383 4493 2680 4548 absurdum
2731 4492 3009 4561 Quidquid
3043 4500 3226 4546 autem
3261 4501 3512 4550 movetur

1915 4600 1965 4644 et
1997 4589 2199 4642 factum
2227 4597 2331 4650 est,
2355 4585 2652 4655 aliquando
2681 4601 2785 4640 non
2816 4595 2951 4650 erat,
2974 4593 3028 4638 et
3054 4599 3177 4638 cum
3203 4601 3312 4641 non
3336 4598 3505 4657 esset,

1917 4683 2083 4750 cmpit
2127 4695 2252 4735 esse
2287 4688 2342 4733 et.
2374 4688 2580 4734 motum
2614 4677 2737 4731 fuit.
2774 4676 2918 4742 Quid
2963 4692 3104 4746 opus
3134 4687 3238 4743 est,
3271 4678 3322 4732 id
3356 4681 3501 4748 quod

1917 4774 2087 4827 movit
2109 4781 2162 4828 et
2191 4773 2255 4827 ad
2290 4774 2702 4843 generationem
2733 4771 2978 4836 adducit,
3008 4772 3328 4842 inquirere?
3348 4773 3502 4840 Quod

1916 4873 2000 4918 est
2029 4872 2183 4919 certo
2214 4860 2517 4921 immobile,
2551 4875 2679 4914 cum
2735 4868 2973 4913 moveat.
3013 4860 3124 4914 Nisi
3175 4861 3321 4914 enim
3357 4870 3505 4916 esset

1918 4956 2221 5021 immobile,
2249 4955 2383 5026 quid
2419 4954 2586 5025 igitur
2620 4959 2861 5008 moveret
2897 4951 3032 5006 illud
3084 4954 3230 5021 quod
3265 4953 3331 5007 ad
3367 4954 3506 5007 altc-

1917 5066 2040 5104 rum
2072 5051 2403 5120 principium
2434 5064 2539 5104 non
2576 5056 2812 5117 spectat,
2848 5061 2974 5101 cum
3007 5047 3079 5100 sit
3108 5047 3317 5116 absque
3350 5047 3503 5116 prin-

1917 5147 2102 5216 cipio?
2135 5147 2190 5202 Si
2222 5158 2401 5202 autem
2436 5143 2716 5200 immobile
2739 5157 2845 5211 est,
2873 5159 3008 5216 ergo
3037 5155 3091 5197 et
3119 5143 3503 5210 immutabile;

1918 5244 1964 5298 si
1996 5243 2163 5313 igitur
2191 5251 2246 5295 et
2290 5239 2444 5303 illud,
2482 5238 2707 5292 omnino
2736 5252 2953 5307 quoque
2985 5236 3218 5306 simplex
3265 5246 3370 5303 est,
3408 5253 3500 5300 ne,

1918 5335 1962 5389 si
1988 5335 2350 5402 compositum
2391 5334 2487 5398 sit,
2517 5340 2894 5394 convertatur,
2925 5331 3069 5399 quod
3114 5330 3272 5385 nobis
3310 5338 3369 5384 ut
3400 5331 3502 5383 im-

1921 5427 2183 5481 mutabile
2213 5435 2462 5497 apparet.
2492 5423 2830 5492 Compositio
2863 5423 3008 5477 enim
3050 5422 3384 5492 principium
3420 5434 3505 5478 cst

1917 5519 2241 5584 discordiae;
2292 5521 2406 5573 lucc
2454 5530 2634 5571 autem
2686 5517 3098 5582 dissolutionis;
3145 5533 3262 5586 qua:
3312 5518 3499 5573 ultima

1920 5621 2099 5666 motus
2133 5612 2274 5665 linea
2311 5621 2414 5666 cst.
2451 5611 2569 5664 Non
2602 5622 2681 5665 cst
2717 5611 2880 5682 igitur
2923 5612 2975 5665 in
3011 5611 3100 5663 illo
3146 5611 3496 5680 compositio,

1925 5722 1991 5761 ne
2027 5703 2189 5760 simul
2223 5703 2353 5760 insit
2395 5705 2707 5772 discordia;
2760 5722 2934 5774 neque
2979 5703 3275 5769 discordia,
3311 5719 3378 5757 ne
3408 5703 3499 5762 ﬂat
