4266 6450
718 440 825 528 Bri

1847 456 2190 525 CALLISTI
2235 451 2685 517 CATAPHUGI:
2706 455 2838 515 lT.E

3861 430 3970 513 8&8

717 582 1030 649 dissolutio,
1087 596 1263 654 neque
1309 580 1622 647 dissolutio,
1672 594 1741 636 ne
1775 578 1985 634 accidat
2037 577 2285 639 mutatio,
2322 580 2402 634 Aa

2275 580 2481 639 ,Ακης
2529 570 2856 632 ἀσύνθετον,
2910 567 3000 622 καὶ
3061 568 3146 621 διὰ
3202 566 3358 620 τοῦτο
3412 564 3817 626 ἁπλούστατον,
3862 566 3960 617 καὶ

719 691 895 746 neque
927 678 1177 742 mutatio,
1201 691 1269 730 ne
1293 683 1473 730 motus
1502 683 1760 744 appareat
1791 672 1932 741 apud
1969 670 2121 737 illud,
2147 666 2291 738 quod

716 772 1056 827 immutabile
1083 774 1136 827 et
1179 773 1481 839 immobile,
1533 781 1789 843 tanquam
1826 783 2077 836 movens,
2114 780 2293 835 neque

722 862 948 929 motum,
979 874 1033 920 et
1060 866 1125 918 ad
1146 868 1555 934 generationem
1588 864 1888 927 adducens,
1909 876 2085 932 neque
2111 860 2289 930 ipsum

720 967 1059 1024 generatum.
1108 958 1163 1011 Si
1198 959 1363 1027 igitur
1408 957 1747 1012 immutabile
1796 965 1846 1007 ct
1885 956 2165 1007 immotum
2199 953 2291 1017 sit,

720 1048 1034 1101 necessario
1058 1060 1103 1101 et
1134 1049 1580 1119 incompositum,
1600 1057 1651 1101 et
1674 1048 1799 1102 ideo
1821 1045 2290 1114 shnplicis<imum

720 1150 774 1193 et
811 1156 977 1194 unum
1020 1142 1244 1195 omnino
1280 1141 1717 1211 supernaturale.
1773 1141 1852 1194 Ad
1889 1140 2029 1208 quod
2065 1155 2215 1193 mens
2247 1136 2291 1191 si

719 1232 925 1297 tendat,
960 1232 1273 1287 omnimodo
1322 1242 1473 1286 extra
1526 1233 1709 1287 omnia
1754 1232 2036 1291 statuitur,
2074 1240 2295 1297 propter

721 1326 866 1378 hunc
907 1341 1066 1395 quem
1099 1342 1289 1380 versus
1322 1325 1456 1379 illttd
1507 1325 1934 1395 pulcherrimum
1986 1337 2291 1392 respecmm

719 1418 883 1473 liabet
906 1430 958 1473 et
992 1436 1149 1474 suum
1180 1422 1244 1471 ad
1276 1420 1403 1472 illttd
1438 1420 1580 1489 quod
1616 1436 1782 1488 super
1804 1436 1965 1474 omne
1990 1427 2094 1479 est,
2127 1418 2297 1484 impe-

717 1523 875 1580 tttm;
926 1514 1035 1565 imo
1064 1530 1191 1566 vero
1223 1513 1285 1565 ad
1321 1512 1451 1566 illttd
1484 1530 1547 1567 ex
1581 1530 1691 1583 quo
1735 1514 1919 1567 omnia
1950 1521 2000 1566 el
2038 1512 2099 1562 ad
2149 1508 2292 1578 quod

721 1606 900 1656 omnia
947 1605 1195 1658 tendunt.
1251 1604 1306 1657 Si
1365 1620 1490 1657 vero
1541 1605 1590 1657 id
1645 1604 1945 1658 secundum
1997 1618 2291 1670 congruat:

725 1699 993 1751 rationem
1032 1698 1142 1754 Ilat,
1174 1706 1306 1751 tunc
1338 1713 1492 1751 meus
1521 1707 1672 1751 extra
1698 1698 2021 1765 cupiditates
2052 1696 2293 1761 ponitur.

721 1790 853 1855 Quae
899 1793 1042 1844 ιἸιῙιιι
1078 1804 1297 1844 Sursum
1330 1800 1384 1845 et
1414 1788 1479 1842 ad
1514 1790 1939 1858 pulcherrimum
1984 1790 2105 1842 tcnd
2138 1799 2173 1841 t.
2214 1788 2294 1839 id—

2376 662 2663 726 ἀπολύτως
2703 663 2760 716 ἒν
2795 661 3184 732 ὑπερκόσμιον.
3226 658 3369 729 Πρὸς
3397 658 3532 725 ὅπερ
3556 658 3583 709 ό
3609 655 3963 723 ἀνατεινόμε-

2377 771 2467 819 νος
2498 755 2642 821 νοῦς,
2671 754 2781 807 τῶν
2813 755 3051 812 πάντων,
3101 752 3275 803 πάντα
3302 749 3524 822 τρόπον,
3567 748 3671 810 ἔξω
3702 745 3965 799 καθίστα-

2377 864 2490 912 ται,
2524 846 2613 901 διὰ
2659 848 2759 919 τὴν
2790 847 2926 917 πρὸς
2951 846 3012 897 τὸ
3043 842 3350 914 ὑπέρκαλον
3398 843 3465 913 ἢν
3508 841 3618 910 ἔχει
3656 838 3963 906 ἀπόϐλεψιν

2382 940 2478 991 καὶ
2512 938 2611 1008 τὴν
2667 938 2856 1006 ἔφεσιν
2891 936 3020 1007 περὶ
3052 935 3112 988 τὸ
3144 935 3285 1004 ὑπὲρ
3342 934 3471 985 πᾶν·
3513 932 3714 1002 μᾶλλον
3746 931 3802 982 δὲ
3836 929 3966 999 περὶ

2380 1031 2442 1083 τὸ
2470 1031 2525 1095 ἐξ
2570 1024 2631 1082 οὗ
2661 1030 2721 1083 τὸ
2767 1031 2895 1092 πᾶν,
2936 1029 3030 1081 καὶ
3067 1030 3143 1090 είς
3181 1027 3209 1078 ὃ
3241 1026 3309 1079 τὰ.
3344 1025 3521 1079 πάντα
3556 1022 3802 1093 φυσικῶς
3834 1022 3967 1073 ἀνα-

2380 1124 2636 1177 τείνεται.
2682 1122 2885 1176 Τούτου
2940 1120 2995 1173 δὲ
3048 1119 3339 1189 γινομένου
3392 1117 3533 1170 κατὰ
3589 1115 3747 1182 λόγον
3799 1130 3968 1183 προσ-

2384 1217 2606 1287 ήκοντα,
2646 1218 2738 1268 καὶ
2770 1213 2956 1267 παθῶν
2986 1213 3090 1278 ἔξω
3120 1213 3350 1278 γίνεται·
3381 1212 3408 1263 ὁ
3436 1210 3545 1278 γὰρ
3584 1207 3841 1275 ὑπεράνω
3876 1204 3972 1256 καὶ

2384 1308 2494 1359 τῶν
2543 1308 2869 1377 ὑπερκὰλων
2914 1304 3433 1374 ὑπερεκτεινόμενος
3483 1302 3577 1354 καὶ
3623 1299 3971 1367 γιγνόμενος,

2389 1400 2551 1471 σχολῇ
2577 1401 2627 1466 γ’
2654 1398 2721 1452 ἂν
2750 1398 2959 1466 γένοιτο
2986 1397 3342 1463 ὲναπομεῖναι
3372 1393 3449 1463 τῷ
3483 1392 3663 1461 αἴσχει
3710 1391 3818 1441 τῶν
3864 1406 3974 1440 πα-

2388 1492 2519 1547 θῶν.
2555 1494 2652 1544 Διὰ
2696 1490 2877 1552 τοῦτο,
2923 1506 2941 1539 ι
2979 1487 3139 1558 Αὑτῷ
3174 1487 3319 1556 μόνῳ
3348 1483 3692 1553 λατρεύσεις,
3732 1502 3749 1532 ι
3787 1480 3865 1549 τῷ
3894 1480 3977 1531 ἐνὶ

2388 1585 2650 1655 δηλονότι,
2678 1586 2704 1636 ό
2756 1581 2900 1653 ἱερός
2942 1597 3076 1649 φησι
3132 1580 3315 1647 νόμος.
3369 1574 3513 1645 Πρὸς
3559 1575 3667 1643 ἄρα
3700 1574 3760 1626 τὸ
3811 1588 3976 1640 κορυ-

2391 1681 2549 1746 φαῖον
2580 1677 2636 1729 ἓν
2664 1672 3027 1729 ἁνατετᾶσθαι
3069 1671 3169 1734 δεῖ,
3200 1670 3248 1721 εί
3286 1668 3576 1739 μέλλοιμεν
3623 1666 3717 1718 καὶ
3755 1662 3848 1716 τὸν
3876 1662 3978 1714 τοῦ

2392 1770 2527 1823 θεοῦ
2582 1773 2744 1839 νόμον
2804 1763 3086 1836 πληροῦν,
3121 1764 3217 1817 καὶ
3273 1761 3529 1831 ὑπεράνω
3588 1756 3778 1811 παθῶν
3827 1754 3980 1825 εὑρίε-

721 1897 828 1951 que
865 1882 1197 1949 assequitur,
1236 1881 1511 1947 quomodo
1536 1880 1645 1945 jam
1694 1880 1747 1933 itt
1786 1879 2148 1947 cupiditatum
2184 1892 2293 1929 tur-
2333 1862 2643 1970 ησκεσθαιο

723 1973 970 2039 pitudine
1008 1988 1291 2028 remanere
1322 1973 1541 2043 posset?
1574 1973 1701 2027 ideo
1734 1972 1866 2025 illud
1903 1988 2057 2027 sacra
2096 1972 2178 2024 lt-x
2216 1971 2295 2021 di-

720 2064 794 2117 cit
826 2081 841 2117 :
880 2082 900 2115 ι
942 2063 1024 2118 Illi
1053 2063 1152 2117 soli
1181 2063 1423 2129 servies;
1473 2081 1490 2115 ι
1520 2064 1647 2126 Uni,
1682 2078 1897 2132 nempe.
1934 2062 2294 2116 Τριιειοιιςιιιτιι

721 2157 892 2226 igitur
924 2168 1008 2211 est
1043 2160 1106 2212 ad
1157 2158 1286 2212 illud
1325 2172 1598 2211 sumntum
1650 2173 1841 2220 unum,
1888 2158 1932 2212 si
1985 2154 2078 2211 Dei
2122 2157 2295 2225 legem

721 2251 1021 2316 adimplere
1048 2248 1299 2303 volumus
1331 2259 1383 2303 ct
1414 2265 1577 2317 ευριπ
1611 2251 1939 2318 cupiditates
1966 2250 2221 2304 inveniri.

796 2344 881 2398 16.
930 2362 949 2395 ι
993 2344 1277 2405 Dont‘nns,
1307 2336 1506 2412 inquit,
1532 2344 1683 2397 solus
1707 2343 1811 2396 dux
1835 2358 2022 2397 eorum
2050 2341 2174 2406 fuit,
2204 2357 2301 2395 nec

722 2438 823 2491 l'ttit
854 2454 975 2491 cum
1019 2438 1085 2490 iis
1143 2436 1279 2491 deus
1318 2436 1551 2490 alietttts.
1598 2454 1615 2488 ι
1660 2433 1825 2491 Vides
1864 2436 2027 2491 unius
2049 2446 2101 2492 et
2132 2438 2209 2489 sol
2239 2452 2302 2491 us

722 2532 1013 2599 potentiam
1032 2532 1055 2583 ?
1071 2528 1356 2596 Quomodo
1380 2545 1485 2582 non
1506 2539 1624 2583 erat
1644 2544 1767 2584 cum
1795 2529 1863 2584 iis
1908 2529 2044 2585 deus
2066 2529 2301 2590 alienus,

722 2628 774 2679 in
802 2634 1067 2694 quantum
1097 2624 1246 2677 solus
1274 2638 1368 2676 eos
1404 2622 1639 2677 ducebat
1671 2622 1980 2678 Dominus?
2036 2623 2302 2678 Dominus

723 2731 820 2772 eos
845 2716 936 2783 qui
969 2714 1145 2779 ipsum
1174 2724 1482 2780 sequuntur
1506 2730 1681 2781 neque
1703 2712 1773 2766 ab
1802 2706 1923 2782 ipso
1950 2722 2303 2781 separantur,

724 2808 897 2861 ducit.
936 2805 1088 2870 Quod
1143 2814 1322 2857 autem
1364 2804 1563 2873 ali-luis
1617 2816 1889 2872 sequitur,
1948 2805 2015 2859 ad
2065 2805 2195 2859 illttd
2253 2816 2307 2859 et

724 2908 1089 2951 convertitur.
1121 2896 1176 2950 Si
1215 2897 1381 2963 igitur
1414 2897 1655 2951 nolimus
1695 2896 1862 2950 Deum
1895 2895 2163 2963 alienum,
2212 2906 2309 2950 aut

726 2995 1030 3044 dmntonem
1064 3002 1155 3041 aut
1189 2991 1542 3055 cupiditatem
1576 2992 1858 3044 nobiscum
1891 2991 2114 3055 habere,
2146 2993 2302 3045 illum

728 3085 903 3137 solum
953 3097 1003 3137 ct
1043 3082 1217 3136 Unum
1268 3099 1362 3152 per
1397 3085 1596 3137 tuentis
1638 3087 2055 3139 conversionem
2109 3101 2309 3155 sequa-

728 3193 870 3237 ntur,
902 3176 972 3229 ita
1000 3187 1054 3227 ut
1089 3175 1220 3229 Illud
1254 3178 1318 3229 de
1346 3176 1505 3229 llOlllS
1538 3177 1911 3230 Vt‘l‘lsillllillt‘r
1941 3176 2148 3232 dictum
2185 3195 2309 3233 esse

2470 2336 2565 2402 ις’.
2605 2332 2829 2409 Κύριος,
2863 2337 3020 2408 φησι,
3055 2337 3216 2408 μόνος
3242 2335 3375 2408 ἦγεν
3402 2338 3620 2400 αὐτοὺς,
3654 2336 3751 2390 καλ⁸
3782 2336 3881 2390 οὐκ
3914 2332 3989 2407 ἦν

2398 2430 2516 2499 μετ’
2568 2430 2749 2484 αὐτῶν
2786 2430 2918 2494 Θεὸς
2952 2430 3249 2500 ἀλλότριος.
3296 2431 3462 2499 ὐρᾷς
3514 2428 3611 2483 τοῦ
3651 2430 3851 2483 ἐνιαίου
3890 2434 3991 2484 καὶ

2400 2523 2563 2591 μόνου
2628 2526 2728 2595 τὴν
2772 2524 3041 2593 δύναμιν;
3098 2524 3215 2587 πῶς
3255 2524 3354 2575 οὐκ
3394 2519 3462 2592 ἦν
3494 2523 3614 2591 μετ’
3647 2522 3828 2575 αὐτῶν
3855 2522 3993 2587 Θεὸς

2396 2614 2694 2686 ἀλλότριος,
2733 2616 2817 2683 ἐφ’
2871 2617 2995 2669 ὅσον
3028 2618 3188 2685 μόνος
3245 2616 3443 2679 αὐτοῦς
3492 2611 3626 2686 ἦγεν
3665 2616 3694 2668 ό
3745 2615 3989 2687 Κύριοςς

2394 2708 2645 2779 ἀλλαμὴν
2676 2714 2703 2763 ὀ
2726 2711 2927 2782 Κύριος
2956 2712 3278 2783 ἑπομένους,
3314 2712 3415 2763 ούκ
3439 2710 3928 2779 ἀποστρεφομένου
3941 2728 3990 2775 ς,

2396 2800 2539 2870 ἄγευ
2593 2793 2638 2870 ᾧ
2666 2802 2723 2856 δέ
2750 2819 2833 2866 τις
2875 2802 3089 2867 ἕπεται,
3122 2802 3259 2874 πρὸς
3290 2802 3423 2855 αὐτὸ
3455 2802 3551 2855 καὶ
3583 2801 3991 2870 ὲπέστραπταν

2396 2892 2595 2947 οὐκοῦν
2628 2894 2678 2946 εί
2714 2893 3004 2963 μέλλοιμεν
3057 2892 3190 2945 Θεὸν
3221 2892 3429 2962 ἕτερον,
3459 2891 3710 2960 δαίμονα,
3746 2889 3778 2962 ἢ
3816 2892 3995 2953 πάθος

2400 2984 2521 3055 μεθ’
2550 2985 2707 3055 ἡμῶν
2769 2984 2846 3056 μὴ
2903 2984 3064 3054 ἔχειν,
3092 2983 3350 3054 ὲψώμεθα
3395 2983 3472 3052 τῷ
3507 2984 3653 3054 μόνῳ
3688 2987 3781 3036 καὶ
3813 2982 3894 3036 ἑνὶ
3919 2976 3993 3035 δι’

2397 3079 2742 3148 ἐπιστροφῆς
2801 3080 3017 3147 νοερᾶς,
3051 3078 3199 3141 ὅπως
3245 3077 3311 3131 ἂν
3373 3077 3631 3143 καὶπερὶ
3688 3076 3845 3146 ἡμῶν
3888 3077 3995 3129 ούκ

2396 3169 2701 3232 ἀπεικότως
2752 3167 3005 3237 λελέχθαι
3056 3166 3226 3230 δόξειέ
3265 3167 3308 3231 γ’
3339 3166 3423 3219 ἄν·
3457 3166 3540 3217 ὅτι
3588 3163 3792 3232 Κύριος
3827 3163 3995 3230 μόνος

726 3272 1021 3325 videatur:
1058 3289 1077 3321 ι
1125 3269 1388 3324 Dominus
1428 3270 1581 3324 solus
1626 3271 1777 3323 ducit
1824 3284 1943 3333 eos,
1996 3285 2173 3340 neque
2224 3282 2304 3343 est
2332 3266 2411 3332 ϐξ

2332 3270 2377 3332 C
2398 3266 2518 3330 ἄγει
2554 3263 2773 3327 αὐτοὺς,
2806 3261 2929 3315 ὅθεν
2970 3260 3063 3314 καὶ
3092 3259 3225 3321 Θεὸς
3248 3259 3528 3329 ἀλλότριος
3561 3258 3663 3310 ούκ
3694 3255 3813 3308 ἔστι
3863 3256 3992 3323 μετ’

726 3374 848 3417 eum
872 3362 951 3415 eis
990 3362 1123 3414 deus
1154 3362 1388 3416 alienus.
1434 3379 1454 3412 ι

799 3456 887 3511 Π.
931 3457 1040 3511 Etsi
1085 3474 1147 3510 ex
1188 3472 1320 3519 uno.
1373 3457 1468 3512 sed
1513 3460 1696 3514 omnia
1741 3461 1903 3516 modo
1936 3460 2188 3517 dissimili
2241 3478 2308 3516 ex

722 3548 842 3604 Uno
862 3558 1026 3617 sunt;
1057 3565 1121 3603 eo
1154 3566 1351 3620 nempe
1382 3552 1527 3619 qqu
1563 3552 1818 3608 diversus
1859 3552 2056 3609 modus
2090 3563 2171 3609 est
2200 3570 2311 3623 quo

726 3643 874 3695 entia
901 3655 973 3697 ex
1021 3644 1195 3711 prima
1230 3643 1442 3697 unitate
1481 3644 1804 3712 procedunt.
1856 3645 1920 3699 Et
1948 3648 2051 3700 alia
2085 3648 2308 3717 quidem

726 3741 827 3789 cos
858 3739 919 3787 'ta
954 3745 1010 3790 et
1038 3741 1223 3789 'creata
1252 3744 1403 3795 sunt.
1444 3736 1546 3790 alia
1576 3752 1703 3791 vero
1732 3737 1976 3792 increata
2010 3748 2063 3792 et
2097 3750 2310 3808 tempo-

728 3823 858 3880 ralis
900 3825 1043 3879 inltil
1082 3826 1351 3881 rationem
1407 3824 1699 3894 fugientia,
1760 3837 1817 3882 et
1871 3829 2130 3883 omnibus
2186 3830 2311 3898 qui-

727 3920 851 3975 dem
881 3918 1106 3974 omnino
1136 3933 1301 3974 causa
1344 3930 1429 3975 est
1464 3919 1595 3973 illud
1631 3922 2054 3989 supernaturale
2089 3919 2311 3991 Unum;

727 4013 824 4069 sed
869 4007 991 4068 aliis
1019 4029 1083 4067 ex
1112 4009 1415 4077 creatione,
1449 4012 1570 4067 aliis
1602 4029 1732 4067 vero
1764 4030 1827 4067 ex
1868 4025 2102 4080 natura;
2136 4032 2314 4086 neque

728 4107 986 4160 omnibus
1011 4104 1331 4175 simpliciter
1363 4114 1445 4159 est
1475 4106 1885 4173 adlttercndutn,
1922 4123 2098 4177 neque
2125 4108 2311 4163 omnia

728 4198 1110 4269 amplectenda
1158 4206 1287 4253 sum
1331 4182 1524 4254 eodem
1565 4199 1764 4265 modo;
1818 4200 1914 4254 sed
1973 4200 2040 4254 iis
2088 4200 2311 4270 quidem

728 4307 849 4360 qua:
884 4290 1097 4344 initium
1148 4289 1352 4345 habent
1382 4275 1452 4342 ἐι
1487 4299 1673 4344 creata
1724 4299 1875 4355 sunt,
1926 4292 2312 4347 adltzereudum

729 4391 815 4441 est
847 4392 1067 4453 prepter
1096 4380 1246 4437 aliud
1274 4381 1571 4450 quoddam,
1599 4396 1777 4450 neque
1802 4390 2027 4451 propter
2048 4382 2189 4451 ipsa,
2215 4383 2312 4439 sed

734 4488 956 4547 prOpter
988 4474 1038 4530 id
1070 4475 1213 4545 quod
1248 4475 1302 4527 in
1335 4474 1713 4543 iis,.tanquam
1749 4470 1805 4529 itt
1838 4478 2088 4543 speculo,
2119 4493 2316 4547 reprae-

730 4578 1003 4624 sentatum
1059 4577 1113 4623 et
1166 4575 1450 4622 ostensum
1504 4577 1611 4623 est.
1671 4563 1789 4621 Non
1844 4567 2007 4622 a'iter
2063 4581 2314 4625 creatura

2396 3372 2597 3407 a'ittu‘).

2468 3447 2554 3508 ιζ’.
2602 3445 2664 3499 Ei
2719 3446 2816 3498 καὶ
2849 3443 2910 3510 ἐξ
2937 3443 3078 3506 ἐνὸς,
3111 3442 3247 3495 ἀλλὰ
3291 3441 3569 3512 διαφόρως
3600 3438 3738 3493 εἰσὶν
3768 3438 3826 3504 ἐξ
3870 3437 3996 3500 ὲνξς

2398 3536 2466 3589 τὰ
2486 3535 2675 3590 πολλάο
2705 3535 2786 3588 ὄτι
2832 3534 2970 3605 δῆτα
3014 3534 3108 3587 καὶ
3145 3534 3251 3586 τῶν
3279 3532 3450 3585 ὄντων
3476 3534 3505 3585 ό
3534 3531 3754 3603 τρόπος,
3782 3529 3903 3581 καθ’
3929 3529 3995 3581 ὃν

2395 3630 2569 3683 ταῦτα
2617 3631 2682 3682 ὲκ
2715 3628 2814 3693 τῆς
2843 3627 3067 3699 πρώτης
3115 3628 3298 3689 ὲνὰδος
3350 3625 3553 3697 προΐει,
3598 3623 3876 3693 διάφορος·
3922 3624 3996 3674 τὰ

2401 3724 2499 3792 μὲν
2540 3721 2648 3793 γὰρ
2689 3722 2896 3775 τούτων
2926 3720 3182 3790 ἠργμένα
3213 3719 3272 3772 τέ
3318 3721 3435 3772 ἐστι
3470 3717 3564 3770 καὶ
3589 3717 3810 3779 κτιστὰ,
3842 3716 3912 3765 τὰ
3944 3714 3994 3765 δ’

2394 3817 2650 3881 ἁκτιστα,
2690 3816 2785 3868 καὶ
2841 3814 2932 3867 τὸν
2980 3814 3080 3882 τῆς
3127 3813 3387 3884 χρονικῆς
3410 3812 3586 3882 ἀρχῆς
3616 3809 3775 3877 λόγον
3823 3810 3999 3859 ἐκπε-

2395 3906 2659 3977 φευγότα,
2697 3906 2789 3958 καὶ
2816 3907 2953 3958 πᾶσι
2983 3905 3083 3973 μὲν
3110 3903 3253 3957 κατὰ
3283 3902 3462 3957 πάντα
3487 3901 3693 3974 τρόπον
3723 3899 3901 3953 αἴτιον
3929 3898 3997 3951 τὸ

2395 4000 2721 4071 ὑπερούσιον
2774 3996 2853 4060 ἒν,
2888 3996 3025 4050 ἀλλὰ
3078 3999 3191 4061 τοῖς
3242 3995 3342 4064 μὲν
3403 3991 3838 4064 δημιουργικῶς,
3876 3992 3995 4054 τοῖς

2394 4091 2454 4145 δὲ
2482 4090 2751 4159 φυσικῶς,
2778 4091 2874 4142 καὶ
2904 4089 2963 4142 ού
2999 4090 3135 4141 πᾶσι
3168 4085 3424 4151 καθάπαξ
3454 4084 3542 4136 διὰ
3586 4083 3744 4137 τοῦτο
3775 4082 3995 4144 τούτοις

2395 4183 2596 4249 ἐπίσης
2628 4179 2969 4252 προσίεσθαι,
3022 4179 3113 4232 καὶ
3156 4175 3361 4231 τούτων
3408 4173 3731 4245 ἀντέχεσθαι
3778 4173 3990 4245 χρεὼν,

2397 4272 2534 4327 ἀλλὰ
2556 4274 2669 4337 τοῖς
2709 4273 2808 4343 μὲν
2844 4272 2949 4325 ὑπὸ
2976 4270 3151 4343 ἀρχὴν
3192 4270 3285 4322 καὶ
3325 4267 3501 4323 κτίσιν
3534 4266 3783 4332 τελοῦσι,
3814 4283 3994 4335 προσ-

2400 4365 2541 4420 ιτέον
2564 4365 2682 4418 ἐστὶ
2703 4363 2773 4417 δι’
2806 4362 2956 4429 ἄλλο,
2990 4365 3083 4415 καὶ
3110 4363 3170 4415 ού
3203 4361 3326 4415 καθ’
3348 4360 3501 4423 αὑτὸ,
3526 4360 3601 4423 ὡς
3627 4359 3705 4429 τῷ
3734 4359 3996 4427 ἐσόπτρῳ

2386 4451 2487 4513 διὰ
2518 4456 2582 4509 τὸ
2613 4457 2671 4509 ὲν
2704 4454 2853 4525 αὐτῷ
2909 4454 3345 4524 μορφαξόμενον,
3380 4452 3411 4522 ἢ
3453 4450 3991 4523 παραδεικνύμενον·

2398 4546 2627 4610 ἀλλοίως
2668 4546 2778 4617 γὰρ
2820 4546 2855 4616 ἡ
2895 4543 3076 4607 κτίσις
3124 4543 3262 4614 πρὸς
3296 4542 3580 4612 βελτίωσιν
3620 4544 3683 4596 οὐ
3715 4543 3989 4613 προσιτέα

731 4654 983 4721 ιιιθίιιιιιιι
1018 4670 1120 4727 est,
1158 4670 1217 4715 ut
1264 4661 1522 4716 meliores
1575 4661 1794 4724 ﬁamus,
1834 4662 1943 4715 nisi
1995 4672 2220 4732 propter
2262 4662 2317 4719 id
2349 4636 2416 4695 Di

2314 4694 2317 4718 γ
2349 4636 2577 4704 οὲστὶν,
2605 4642 2687 4696 ὅτι
2715 4642 2791 4713 μὴ
2822 4641 2909 4695 διὰ
2940 4642 3000 4695 τδ
3034 4642 3092 4695 ὲν
3123 4641 3260 4709 αὐτῇ
3289 4636 3385 4691 τοῦ
3414 4638 3584 4707 ἄκρου
3614 4633 3733 4698 ἑνδς
3759 4648 3999 4703 προφαι-

732 4758 876 4829 quod
909 4756 1087 4812 exillo
1118 4769 1337 4810 summo
1369 4752 1491 4809 Uno
1522 4753 1667 4822 apud
1700 4769 1819 4807 eam
1855 4767 2103 4824 apparet.
2139 4757 2221 4811 Al
2252 4772 2317 4811 ea

733 4866 866 4907 vero
889 4866 1010 4919 quae
1034 4849 1241 4916 absque
1263 4847 1419 4902 initio
1443 4857 1498 4902 et
1524 4847 1798 4902 naturalia
1827 4856 1979 4913 sunt,
2003 4849 2321 4905 accedimus

737 4959 847 4998 non
879 4952 1102 5013 propter
1132 4940 1303 5005 aliud,
1341 4939 1437 4993 sed
1476 4952 1696 5008 ptopter
1725 4955 1786 4993 ea
1835 4942 1969 5005 sola,
2012 4950 2066 4996 et
2101 4951 2324 5011 prepter

735 5038 868 5093 illud
894 5051 958 5091 ex
977 5051 1090 5105 quo
1110 5044 1257 5090 sunt.
1297 5032 1369 5086 Ea
1399 5036 1544 5086 enim
1575 5041 1703 5086 sunt
1727 5049 1845 5101 quan
1871 5045 2095 5103 propter
2110 5034 2325 5103 seipsas

738 5132 939 5185 debent
987 5128 1149 5189 adiri,
1184 5140 1488 5194 eorumque
1520 5134 1605 5180 est
1641 5126 1850 5180 unitive
1897 5135 1951 5180 et
2002 5129 2326 5183 naturaliter

740 5235 1017 5278 sumtnutn
1051 5219 1184 5274 illud
1217 5217 1438 5286 Unum;
1473 5222 1581 5273 ituo
1614 5234 1743 5273 vero
1773 5220 2003 5280 unitive.
2034 5232 2111 5282 et,
2149 5227 2207 5275 ut
2239 5218 2326 5275 di-

740 5328 890 5369 ctum
947 5320 1071 5378 est,
1118 5311 1453 5365 naturaliter
1507 5323 1637 5365 sunt
1692 5311 1841 5367 illius
1892 5313 2087 5366 summi
2129 5311 2325 5369 Unius.

739 5404 969 5474 Oportet
999 5419 1130 5459 sane
1156 5419 1265 5458 non
1303 5388 1554 5458 modoad
1579 5419 1642 5458 ea
1668 5403 1949 5468 accedere,
1987 5405 2082 5460 scd
2113 5413 2166 5459 et
2200 5420 2327 5461 cum

748 5500 859 5553 illis
885 5494 1244 5565 adunari,'et
1274 5495 1342 5550 ad
1387 5496 1547 5566 primi
1598 5506 1652 5550 et
1685 5496 1853 5553 unius
1899 5498 2059 5564 huius
2108 5498 2328 5568 pulchri

745 5590 1106 5645 imitationem
1154 5602 1252 5656 per
1283 5586 1372 5641 illa
1404 5586 1715 5654 informari,
1748 5595 1807 5641 ut
1843 5588 2033 5658 gratiae
2062 5605 2331 5658 coopera-

746 5685 897 5737 tiune
919 5690 973 5736 et
1001 5678 1231 5741 auxilio.
1258 5678 1355 5733 Dei
1391 5677 1581 5748 gloria:
1618 5693 1717 5748 per
1744 5679 2037 5749 imaginem
2074 5693 2140 5733 ac
2173 5678 2331 5733 simi-

746 5774 1033 5830 litudinem
1066 5772 1390 5843 dignitatem
1445 5772 1769 5827 habeamus.
1810 5774 2029 5827 Attente
2074 5772 2330 5828 conside-

746 5868 996 5923 rantibus
1025 5881 1087 5922 ea
1117 5879 1240 5935 qua
1284 5880 1380 5935 per
1409 5865 1737 5920 creationem
1769 5874 1990 5920 causata
2018 5873 2169 5932 sunt,
2205 5879 2336 5920 con-

750 5959 909 6018 tingit
934 5968 993 6011 ut
1013 5966 1245 6013 mentem
1270 5959 1335 6012 ad
1357 5956 2052 6025 uniuscontemplationem
2068 5966 2333 6026 tanquam

2404 4733 2651 4800 νόμενον.
2703 4733 2828 4794 Τοῖς
2876 4730 2922 4783 δ’
2954 4731 3213 4801 ἀνάρχοις
3246 4727 3535 4797 πρόσιμεν,
3569 4725 3665 4777 καὶ
3718 4723 3997 4791 φυσικοῖς,

2404 4824 2465 4876 ού
2497 4823 2563 4877 δι’
2591 4822 2739 4887 ἄλλο,
2765 4819 2900 4875 ἀλλὰ
2929 4820 2995 4874 δι’
3028 4817 3188 4881 αὐτὰ,
3225 4817 3319 4871 καὶ
3350 4817 3410 4868 τὸ
3439 4816 3498 4879 ἐξ
3532 4809 3592 4867 οὗ
3619 4829 3632 4844 ⁸
3670 4814 3855 4866 ὲκεῖνι
3888 4811 4000 4881 γάρ

2407 4919 2523 4971 ἐστι
2564 4917 2635 4969 τὰ
2672 4915 2750 4987 τῷ
2783 4915 2896 4968 ὄντι
2931 4912 3199 4984 προσιτέα
3231 4909 3355 4964 καθ’
3385 4907 3551 4968 αὑτὰ,
3575 4905 3845 4959 κάκείνων
3880 4905 4005 4955 ἐστὶ

2405 5009 2702 5081 προσεχῶς
2735 5025 2796 5061 τε
2854 5006 2952 5061 καὶ
2986 5004 3233 5075 φυσικῶς
3261 5002 3321 5055 τὸ
3352 5002 3649 5071 κορυφαῖον
3680 4997 3759 5057 ἓν,
3793 4997 4004 5066 μᾶλλον

2409 5103 2511 5172 μὲν
2540 5096 2633 5154 οῦν
2668 5099 2762 5152 τοῦ
2796 5098 2991 5169 ἄκρου,
3031 5096 3128 5149 καὶ
3158 5092 3461 5164 κορυφαίου
3497 5088 3650 5143 ταῦτ’
3677 5087 3815 5151 εἰσὶν
3854 5085 4002 5145 ἑνὸς.

2407 5193 2694 5265 προσεχῶς
2737 5192 2856 5255 καὶ,
2914 5191 2990 5253 ὼς
3034 5188 3311 5251 λέλεκται,
3367 5180 3636 5253 φυσικῶς.
3683 5180 3775 5232 Δεῖ
3821 5177 4003 5247 δὴ,οὑ

2411 5290 2573 5361 μόνον
2625 5286 2837 5349 τούτοις
2879 5281 3226 5355 προσίεσθαι,
3264 5276 3401 5333 ἀλλὰ
3462 5276 3558 5329 καὶ
3593 5270 4003 5345 προσφύεσθαι,

2408 5386 2505 5438 καὶ
2532 5383 2668 5453 πρὸς
2695 5380 2792 5451 τὴν
2830 5377 3135 5447 ὲκμίμησιν
3166 5372 3260 5427 τοῦ
3287 5369 3505 5443 πρώτου
3547 5367 3644 5421 καὶ
3676 5364 3795 5428 ἑνὸς
3829 5364 4005 5418 καλοῦ

2408 5478 2496 5531 διὰ
2524 5476 2730 5529 τούτων
2758 5470 3009 5525 σπεύδειν
3037 5462 3474 5525 ἀποτυποῦσθαι,
3518 5462 3719 5528 ἵναπερ
3770 5460 3838 5528 τῇ
3873 5474 4008 5509 συν-

2410 5568 2591 5641 εργῖα,
2634 5550 2745 5620 καὶη
2771 5563 3033 5633 ἐπαρωγῇ
3082 5559 3183 5628 τῆς
3213 5556 3436 5629 χάριτος
3461 5596 3476 5621 ,
3510 5553 3614 5623 τῆς
3654 5549 3781 5605 κατ’
3816 5550 4011 5602 elato-Ia

2412 5663 2508 5716 καὶ
2545 5659 2808 5731 ὁμοίωσιν
2862 5655 3022 5724 δόξης
3050 5649 3146 5708 τοῦ
3188 5649 3328 5704 Θεοῦ
3371 5647 3636 5721 σχοίημεν
3674 5645 3737 5700 τδ
3760 5644 4009 5714 ἀξίωμα.

2424 5751 2707 5809 Ἐντεῦθεν
2738 5734 3133 5817 σκοπουμένοις
3162 5744 3361 5817 ὀρθῶς,
3389 5745 3504 5806 τοῖς
3551 5741 3649 5811 μὲν
3678 5738 4012 5808 δημιουργι-

2413 5848 2528 5911 κῶς
2563 5845 2850 5906 αἱτιατοῖς,
2898 5838 3191 5911 συμϐαίνει
3249 5835 3605 5905 θεωρητικῶς
3654 5833 3885 5901 ἀνάγειν
3917 5831 4013 5881 τὴν

2414 5941 2540 5998 νοῦν
2566 5940 2701 6011 προς
2724 5938 2814 5991 τὸν
2841 5933 3206 6005 ὲνοπτρισμδν
3233 5929 3328 5985 τοῦ
3355 5928 3495 5997 ἑνὸς,
3523 5926 3621 5982 καὶ
3644 5924 3803 5980 ἑνοῦν
3838 5924 4008 5979 αὐτόν
