4266 6450
340 457 449 516 849

1483 457 1575 515 DE
1610 456 1649 512 \'
1665 456 1782 513 l'l'A
1818 454 2120 517 CONTEM
2135 460 2466 522 PLATIVA.

3477 482 3586 545 850

342 577 422 635 εἰς
451 574 550 643 τὴν
591 574 683 628 τοῦ
716 577 1090 646 ύπερκοσμιου
1144 579 1260 642 ἑνὸς
1299 581 1503 634 ἑνιαίαν
1535 583 1743 634 ἔννοιαν
1782 574 2021 634 ἀπο-ΑΙ

1898 574 1981 629 ,Α
2008 573 2060 625 in
2094 577 2313 641 speculo
2338 579 2562 644 ducant,
2593 591 2642 635 ct
2675 598 2792 638 eam
2829 603 2949 640 cum
2988 605 3088 642 una
3123 591 3208 644 illa
3246 606 3424 649 incute
3451 599 3583 652 situ-

340 666 516 728 λύτως
547 669 642 719 καὶ
687 669 898 733 ἁπλῶς,
941 669 995 720 εί
1031 687 1090 737 γε
1123 671 1333 734 τούτοις
1369 673 1395 724 6
1429 673 1551 735 νοῦς
1584 676 1744 744 ἐνορᾷ
1785 675 1924 727 κατά

338 756 401 807 τὸ
430 757 600 820 είκός.
635 753 729 820 Οἷς
768 759 822 810 δὲ
855 757 1012 827 φύσει
1044 760 1102 812 τὸ
1133 761 1327 823 αἴτιον,
1357 762 1450 814 καὶ
1486 764 1921 834 πρακτικευόμε-

339 865 428 899 νον
460 848 552 900 τὸν
596 848 722 901 νοῦν
756 850 844 903 διὰ
875 850 1102 914 τούτων,
1132 852 1162 922 ἢ
1195 855 1312 906 κατ’
1347 855 1483 908 αὑτά
1514 854 1924 926 μορφαζόμενον

335 939 549 1002 τούτοις
582 941 791 994 ἔνεστιν
839 942 991 996 ἑνοῦν
1018 947 1151 1014 πρδς
1186 947 1246 999 τὸ
1277 947 1480 1017 κυρίως
1507 951 1684 1002 ἐκεῖνο
1721 948 1777 1002 ἓν
1805 949 1924 1001 ἐαυ-

335 1033 450 1084 τόν·
483 1033 606 1086 ὅθεν
655 1035 717 1106 δὴ
761 1037 824 1088 ὲκ
853 1037 961 1090 τῶν
1006 1039 1304 1092 ὁποιωνοῦν
1353 1043 1629 1106 ἁπάντων,
1671 1045 1778 1096 εἴτε
1833 1061 1924 1112 φυ-

338 1131 531 1190 σικῶν,
566 1132 672 1183 εττε
703 1130 1113 1202 δημιουργικῶν
1159 1134 1328 1186 ὄντων
1372 1135 1653 1197 αίτιατῶν,
1685 1135 1820 1207 πρὸς
1863 1136 1925 1189 τὸ

333 1223 608 1294 διαφόρως
639 1223 697 1276 ἓν
731 1225 926 1286 αἴτιον,
973 1227 1001 1278 6
1039 1225 1162 1289 νοῦς
1191 1226 1522 1294 συνάγεσθαι
1555 1225 1713 1279 εἴωθε
1762 1244 1919 1293 φυσι-

333 1314 469 1376 κῶς,
522 1317 632 1368 εἴτε
679 1316 1002 1384 πρακτικῶς
1025 1357 1039 1378 ,
1075 1317 1107 1385 ἢ
1143 1318 1206 1387 δὴ
1241 1317 1610 1388 Οεωρητικῶς.
1645 1320 1754 1372 Καὶ
1787 1320 1922 1390 ὅπερ

332 1408 361 1457 6
398 1406 524 1469 νοῦς
559 1407 660 1459 εἶθ’
707 1408 808 1472 ἐνὶ,
868 1407 978 1461 εἴτε
1040 1409 1252 1462 πλείοσι
1287 1412 1718 1482 δημιουργικοῖς,
1753 1411 1785 1480 ἢ
1815 1430 1920 1480 φυ-

334 1502 509 1561 σικοῖς
548 1499 857 1569 χρώμενος,
892 1501 954 1554 οὐ
977 1501 1067 1553 διὰ
1095 1501 1156 1554 τὸ
1183 1501 1240 1555 ἒν
1264 1503 1485 1572 χρῆται,
1518 1503 1628 1557 οὐδ’
1663 1503 1749 1558 ἵνα
1783 1502 1920 1572 πρὸς

330 1589 392 1641 τὸ
420 1589 637 1660 πρῶτον
687 1590 748 1643 ἓν
792 1590 1145 1661 συναγηοχὼς
1195 1592 1386 1645 ἑαυτὸν
1443 1593 1606 1664 φέρῃ,
1645 1592 1921 1695 καὶ-ὅλως

331 1681 468 1749 πρὸς
502 1683 677 1734 ἐκεῖνο
710 1682 879 1751 ἀπίδῃ
935 1684 993 1735 ὲν
1049 1682 1183 1754 ἁγίᾳ¹
1232 1685 1455 1754 μετοχῇ,
1488 1686 1582 1737 καὶ
1636 1686 1775 1756 ῥοπῇ
1824 1683 1921 1737 τοῦ

329 1775 660 1842 φωτίζοντος
713 1775 1052 1846 Πνεύματος,
1089 1775 1296 1839 ἁπλῶς,
1330 1777 1574 1841 ἐνοειδῶς
1599 1795 1656 1831 τε
1692 1779 1787 1832 καὶ
1817 1796 1916 1848 μο-

326 1865 570 1931 νοειδῶς,
614 1868 694 1929 είς
755 1868 1031 1938 ἁμαρτίαν
1086 1869 1235 1936 αύτῷ
1290 1869 1448 1924 τοῦτο
1491 1870 1784 1939 λογίζεται,
1815 1871 1919 1924 κάν

2014 662 2224 730 pliciter
2255 668 2460 730 uniaut,
2486 671 2530 724 si
2564 673 2752 726 saltem
2785 694 2936 732 meus
2960 696 3043 742 ea,
3072 693 3128 736 ut
3152 684 3329 749 decet,
3373 686 3580 743 intuea-

2017 767 2124 808 tur.
2158 754 2286 821 Quae
2313 769 2486 815 autem
2521 766 2843 820 naturaliter
2862 781 3084 826 causata
3114 787 3262 837 sunt,
3299 777 3366 833 iis
3390 789 3473 832 est
3499 785 3580 836 vis

2011 856 2245 904 mentem
2299 867 2395 920 per
2451 854 2566 922 ipsa
2616 871 2929 924 occupatam
2971 875 3061 916 aut
3110 869 3408 924 secundum
3463 874 3577 941 ipsa

2011 939 2357 995 informatam
2407 961 2526 998 cum
2587 950 2680 1002 illo
2719 969 2826 1009 uno
2859 956 3246 1029 conjnngcudi.
3303 964 3452 1019 Unde
3507 982 3573 1020 ex

2007 1033 2278 1098 euntibus,
2301 1036 2413 1088 sive
2443 1043 2801 1105 naturalibus,
2823 1049 2936 1099 sive
2955 1065 2978 1102 a
3000 1048 3258 1107 Creatore
3280 1059 3579 1122 productis,

2007 1119 2072 1172 ad
2114 1121 2243 1174 illud
2278 1126 2421 1193 quod
2482 1144 2586 1181 una
2636 1147 2792 1186 causa
2840 1147 2942 1201 est,
3011 1156 3163 1195 mens
3215 1146 3392 1215 colligi
3442 1151 3582 1202 solet

2005 1212 2123 1265 sive
2165 1219 2502 1280 naturaliter,
2532 1222 2646 1275 sive
2682 1229 2940 1294 practice,
2991 1233 3104 1286 sive
3136 1241 3575 1305 contempla'irc.

2008 1304 2070 1357 Et
2091 1308 2306 1372 quando
2345 1327 2496 1366 uicus
2528 1315 2642 1369 sive
2671 1332 2798 1378 uno,
2837 1322 2952 1372 sive
2986 1325 3232 1391 pluribus
3260 1333 3458 1386 creatis
3488 1345 3582 1386 aut

2006 1397 2327 1450 naturaliter
2365 1403 2754 1460 exsistent'ibus
2799 1423 2979 1476 utens,
3026 1432 3128 1470 non
3177 1431 3395 1489 prOpter
3440 1424 3570 1476 illud

2005 1502 2169 1540 unum
2191 1492 2558 1561 utitur,ncque
2585 1509 2635 1548 ιιι
2656 1513 2711 1552 se
2733 1502 2901 1569 ipsam
2919 1507 2982 1561 ad
3001 1508 3124 1560 illud
3143 1513 3376 1578 primum
3404 1531 3572 1569 unum

2006 1573 2159 1641 ferat,
2190 1579 2430 1650 illudque
2484 1588 2708 1652 aspiciat
2740 1591 2788 1645 in
2817 1605 3000 1649 sancta
3049 1573 3481 1671 participatione,
3519 1619 3574 1662 et

2003 1669 2378 1728 illuminantis
2408 1676 2644 1747 Spiritus
2667 1688 2832 1738 sancti
2863 1695 3354 1762 motu,simpliciter
3379 1703 3425 1760 el
3454 1705 3570 1758 titti-

2003 1761 2274 1834 fortuiter,
2305 1777 2432 1822 tunc
2461 1773 2511 1824 in
2543 1786 2819 1842 peccatum
2857 1781 2904 1834 id
2934 1787 3033 1839 sibi
3086 1761 3298 1853 tribuit,
3351 1797 3565 1858 etiamsi

2005 1854 2092 1908 ille
2124 1873 2258 1912 usus
2308 1861 2408 1930 ipsi
2461 1866 2688 1931 pulcher
2726 1871 2990 1928 videatur.
3043 1876 3171 1943 Qua:
3202 1884 3440 1949 cuimex
3477 1888 3568 1942 illo

326 1957 635 2026 φαντασίαν
665 1958 765 2032 ῑχῃ
795 1959 961 2014 καλοῦ
982 1960 1077 2029 ἣδε
1107 1963 1140 2031 ἡ
1169 1961 1364 2052 χρῆσις
1391 1962 1560 2032 αὐτῷ.
1589 1962 1670 2016 Ti
1699 1963 1806 2034 γάρ
1834 1956 2011 2052 τοι”ξ

1880 1956 1974 2015 ,ιν
2002 1964 2108 2002 uno
2142 1964 2290 2017 sunt,
2323 1956 2387 2007 asl
2465 1956 2594 2011 illud
2642 1976 2804 2015 unum
2854 1967 3028 2020 solent
3082 1971 3279 2038 ducere
3325 1993 3419 2033 eos
3474 1983 3565 2052 Qui

330 2050 395 2103 ἑκ
425 2050 522 2103 τοῦ
555 2050 695 2113 ἑνὸς,
727 2053 806 2114 εἰς
834 2051 894 2104 τδ
921 2051 978 2104 ἓν
1014 2053 1168 2120 ἄγειν
1194 2051 1406 2121 πέφυκε
1447 2053 1764 2124 χρωμένους
1794 2054 1888 2108 τού

322 2155 462 2204 τοις,
501 2139 576 2203 ὡς
611 2141 716 2212 χρή
745 2156 758 2169 ⁶
793 2142 945 2195 πᾶσα
989 2143 1118 2214 γάρ,
1146 2144 1358 2214 φησὶνό
1394 2146 1565 2214 μέγας
1618 2146 1911 2211 Διονύσιος,

324 2234 737 2304 Πατροκινήτου
772 2235 1151 2304 φωτοφανείας
1182 2235 1406 2305 πρόοδος
1443 2239 1521 2300 εἰς
1579 2238 1723 2308 ἡμᾶς
1781 2240 1916 2305 ἀγα-

323 2324 559 2387 θοδὸτως
593 2325 858 2392 φοιτῶσα,
887 2327 1050 2379 πάλιν
1079 2327 1154 2390 ὡς
1181 2328 1423 2392 ένοποιδς
1448 2329 1674 2398 δύναμις
1708 2331 1912 2384 ἀναταο

321 2417 492 2478 τικῶς
528 2419 677 2487 ἡμᾶς
705 2419 1036 2489 ἀναπληροῖ,
1068 2421 1162 2472 καὶ
1198 2421 1512 2492 ἐπιστρέφει
1543 2421 1678 2491 πρὸς
1700 2422 1797 2490 τὴν
1820 2422 1912 2474 τοῦ

324 2509 653 2577 συναγωγοῦ
681 2509 893 2580 Πατρὸς
922 2511 1169 2583 ἑνότητα,
1207 2515 1300 2565 καὶ
1330 2514 1573 2566 Θεοποιὸν
1604 2515 1905 2585 ἁπλότητα·

319 2601 382 2664 ἐξ
427 2601 592 2654 αὑτοῦ
628 2603 736 2670 γὰρ
765 2604 857 2656 καὶ
881 2606 961 2667 είς
995 2606 1155 2658 αὐτὸν
1187 2607 1256 2659 τά
1292 2607 1488 2661 πάντα·
1527 2609 1572 2660 εί
1604 2608 1648 2661 δ’
1677 2609 1778 2661 οὐκ
1811 2611 1904 2661 ἀν-

319 2691 446 2758 ἁγει
473 2692 612 2762 πρὸς
638 2694 820 2758 τοῦτο,
850 2698 1235 2766 παραπέφυκε,
1262 2699 1354 2751 καὶ
1382 2699 1473 2752 τοῦ
1497 2700 1701 2763 εἰκότος
1724 2702 1756 2771 ἡ
1779 2700 1913 2771 χρῆ-

319 2800 406 2844 σις
452 2784 558 2847 ἔξω
588 2787 903 2856 γεγένηται,
939 2789 1012 2858 μὴ
1034 2789 1175 2842 οὕτω
1205 2791 1268 2861 δὴ
1305 2793 1627 2863 γιγνομένη.

393 2871 491 2940 ιη’.
526 2875 682 2926 Ἐστι
731 2877 930 2945 πρᾶξις
978 2880 1366 2951 προηγουμένη
1395 2881 1495 2949 τῆς
1531 2880 1782 2950 Θεωρίας,
1817 2882 1910 2935 καὶ

318 2963 437 3016 ἔστι
465 2965 662 3032 πρᾶξις
695 2966 936 3038 ἑπομένη
966 2967 1044 3036 τῷ
1071 2969 1413 3040 θεωρητικῷ.
1477 2971 1586 3024 Καὶ
1619 2974 1651 3041 ἡ
1690 2972 1787 3040 μὲν
1817 2990 1907 3025 τεο

316 3054 494 3106 λείται
534 3060 886 3125 σωματικῶς,
944 3059 1094 3122 ὅπως
1153 3060 1252 3123 τὰς
1299 3062 1475 3132 ὁρμὰς
1529 3063 1622 3116 τοῦ
1657 3062 1906 3132 σώματος

315 3146 852 3214 χαλιναγωγήσαντι,
891 3150 982 3200 καὶ
1031 3150 1310 3212 εὐτάκτως
1348 3151 1605 3221 φέρεσθαι
1639 3152 1761 3204 κατ’
1791 3153 1907 3206 ὀλί-

313 3255 412 3303 γον
447 3240 951 3306 παρασκευάσαντι,
977 3239 1161 3311 δῴη”γ’
1185 3242 1250 3295 ἂν
1277 3242 1418 3295 οὕτω
1448 3243 1522 3312 τῷ
1549 3243 1624 3314 νῷ
1641 3245 1954 3338 ἐλευθέρῳ(Ξ

315 3329 436 3380 ποδὶ
486 3328 740 3396 διαϐῆναι
783 3331 838 3382 ἐν
879 3333 991 3392 τοῖς
1027 3332 1198 3395 ἰδίοις,
1229 3332 1263 3385 ἆ
1289 3334 1402 3386 ἐστι
1433 3335 1500 3385 τὰ
1530 3336 1714 3402 νοητά,
1746 3337 1906 3390 κάκεῖ

310 3418 374 3468 τὸ
406 3419 670 3487 σφέτερον
701 3419 962 3488 διαφέρον
987 3421 1167 3485 καλῶς
1195 3422 1495 3491 ἐργάζοιτο,
1529 3425 1561 3494 ἡ
1591 3425 1646 3479 δὲ
1677 3426 1902 3495 δευτέρα

309 3509 421 3561 ἀπὸ
479 3509 571 3561 τοῦ
625 3511 743 3573 νοὸς
773 3514 1075 3583 ἀρχομένη,
1111 3515 1206 3567 καὶ
1236 3515 1328 3568 τοῦ
1360 3519 1498 3568 νοεῖν
1526 3520 1581 3569 ὲν
1612 3518 1896 3584 πνεύματι,

308 3600 610 3666 συνάγεται
665 3602 801 3671 πρὸς
848 3603 909 3654 τὸ
958 3605 1097 3674 ὑπὲρ
1127 3604 1289 3670 νοῦν,
1335 3605 1362 3657 ὃ
1425 3607 1572 3659 ἐστιν
1615 3609 1642 3660 ὁ
1678 3607 1827 3671 Θεὸς,
1855 3602 1900 3676 ᾧ

306 3690 688 3758 προσεγγίσας
743 3693 771 3744 6
816 3691 944 3757 νοῦς
981 3695 1074 3746 ἐπὶ
1133 3696 1192 3747 τὸ
1230 3695 1289 3748 ἓν
1328 3697 1555 3764 γίνεται.
1593 3700 1687 3752 Ἐν
1721 3698 1828 3768 γάρ
1871 3702 1899 3752 6

303 3784 461 3845 Θεὸς,
500 3786 590 3836 καὶ
623 3784 688 3853 δὴ
717 3785 809 3837 καὶ
844 3787 1004 3848 αὐτὸς
1036 3787 1250 3841 ἑνοῦται
1312 3789 1448 3860 πρὸς
1479 3791 1667 3844 ἑαυτὸν
1698 3791 1776 3853 εἰς
1817 3791 1895 3854 ἓν,

301 3875 400 3927 καὶ
436 3875 746 3943 ἀδιαίρετος
785 3878 1240 3933 ἀποκαθίσταται·
1274 3881 1458 3944 ὲνάδος
1499 3883 1605 3953 γὰρ
1639 3882 1897 3951 πρόξενον

299 3967 362 4017 τὸ
413 3965 492 4030 ἓν,
526 3969 620 4019 καὶ
652 3969 956 4037 ἁπλότητος
989 3970 1256 4032 θεοειδοῦς
1295 3971 1684 4043 Θεωρούμενονο
1715 3973 1895 4042 ἀσύμ-

299 4059 471 4110 ϐατον
503 4058 612 4128 γάρ
638 4060 722 4122 τὸ,
752 4059 810 4110 ἓν
844 4059 1156 4132 Θεωροῦντα
1195 4063 1286 4117 τὸν
1312 4065 1456 4127 νοῦν,
1490 4065 1564 4134 μὴ
1599 4065 1693 4117 καὶ
1732 4065 1894 4118 αὑτὸν

295 4143 444 4201 εἶναι
470 4149 526 4200 ἓν
560 4151 784 4216 ἁπλοῦν,
814 4151 1115 4224 διῃρημένα
1148 4155 1192 4207 δ’
1224 4155 1457 4226 ὁρῶντα,
1490 4161 1584 4209 κα)⁸
1632 4155 1886 4222 σύνθετα,

293 4242 514 4312 ἀνάγκη
549 4243 872 4314 διαιρεῖσθαί
920 4264 978 4298 τε
1026 4251 1120 4300 καὶ
1154 4249 1545 4302 ποικίλλεσθαι·
1577 4251 1789 4319 εἴρηται
1827 4250 1884 4302 δέ

291 4349 386 4400 μοι
415 4332 474 4384 ἓν
507 4335 715 4397 ἁπλῶς,
745 4337 799 4386 τὲ
827 4336 952 4389 καθ’
978 4339 1106 4395 αὐτὸ
1132 4339 1375 4407 ὑφεστὼς
1404 4342 1627 4398 ἁπλοῦν.
1669 4342 1887 4412 Ἐπειδὴ

284 4424 400 4492 γὰρ
433 4424 462 4476 ὅ
490 4424 543 4476 τί
597 4425 704 4495 πέρ
748 4429 894 4480 ἐστιν
935 4429 962 4480 6
1012 4430 1134 4494 νοῦς
1180 4434 1277 4494 τὰς
1313 4433 1625 4497 ἀλλοιώσεις
1679 4436 1880 4505 πάσχει

279 4514 411 4568 κατ’
449 4513 766 4584 ἐνέργειαν,
825 4518 988 4582 αὐτὸς
1031 4518 1089 4574 δέ
1121 4521 1270 4577 ἐστιν
1315 4521 1540 4585 ἁπλοῦς,
1573 4521 1785 4592 ἀνάγκη
1817 4520 1879 4575 ἓν

1993 2039 2126 2108 ipsis
2178 2052 2236 2098 ut
2289 2046 2443 2101 decet
2495 2057 2723 2106 utuntur
2777 2071 2790 2106 :
2844 2075 2864 2108 ι
2908 2058 3099 2115 Omnis
3148 2067 3337 2134 enim,
3392 2039 3567 2141 inquit

1995 2147 2224 2204 magnus
2303 2138 2633 2210 Dionysius,
2703 2163 3024 2218 progressus
3073 2157 3484 2222 iilttttlillulinnis
3535 2185 3562 2222 ει

2007 2223 2168 2278 Patre
2217 2233 2490 2296 prmstitie,
2535 2235 2590 2287 in
2657 2253 2756 2291 nos
2815 2242 3009 2306 divino
3051 2248 3193 2303 dono
3241 2254 3562 2323 adveniens,

2003 2329 2243 2381 rursum,
2278 2329 2335 2374 ut
2376 2324 2583 2380 unitiva
2620 2334 2861 2397 potentia
2918 2351 3017 2390 nos
3065 2340 3332 2398 intcnsive
3374 2351 3563 2420 replet,

1996 2415 2047 2460 et
2107 2413 2373 2466 convertit
2436 2417 2502 2468 ad
2557 2421 2939 2493 conjungenu's
2972 2429 3146 2487 Patris
3198 2413 3457 2497 unitatem
3511 2413 3567 2501 et

1997 2496 2242 2554 deificam
2294 2505 2722 2573 simplicitatem.
2769 2517 2843 2570 Ex
2879 2534 2942 2572 eo
2988 2525 3132 2578 enim
3179 2538 3233 2579 et
3285 2531 3337 2584 iu
3388 2535 3562 2603 ipsum

1998 2591 2220 2659 omnia;
2264 2593 2310 2647 si
2343 2610 2450 2650 non
2481 2601 2547 2653 ad
2581 2603 2710 2657 illud
2748 2622 2926 2660 rerum
2962 2629 3094 2668 usus
3119 2618 3319 2687 tlit‘igll,
3357 2640 3384 2676 a
3417 2639 3564 2690 recto

1999 2681 2219 2747 decidit,
2269 2697 2322 2741 et
2375 2689 2534 2744 aliter
2581 2701 2832 2765 procedit
2887 2721 3050 2772 quam
3086 2724 3317 2779 oportet,
3357 2734 3460 2773 non
3495 2722 3564 2786 ad

1999 2771 2133 2827 illud
2173 2778 2420 2837 tendens.

2069 2865 2156 2920 18.
2201 2869 2296 2924 Est
2329 2875 2478 2930 actio
2509 2884 2823 2947 praecedens
2849 2896 3365 2964 contemplationem
3397 2916 3448 2961 ct
3479 2921 3565 2968 est

1995 2957 2140 3011 actio
2170 2975 2403 3032 sequens
2439 2977 2974 3044 contemplationem.
3010 2985 3072 3038 Et
3123 2992 3291 3047 altera
3342 3000 3559 3065 quidem

1995 3053 2349 3117 corporaliter
2381 3062 2692 3131 perlicilur;
2731 3069 2801 3123 ita
2835 3084 2891 3126 ut
2921 3083 3168 3147 corporis
3223 3053 3405 3145 motus
3429 3093 3562 3148 diri-

1995 3144 2138 3208 gcnti
2185 3154 2239 3199 et
2270 3163 2366 3204 eos
2398 3157 2599 3210 St'llslm
2630 3161 2940 3230 disponenti
2978 3181 3034 3223 ut
3087 3188 3233 3233 recte
3284 3181 3558 3252 ferantur.

1997 3232 2079 3252 ΑΔ,
2265 3242 2296 3252 _.
2649 3249 2660 3252 -

1993 3232 2083 3285 det.
2134 3242 2297 3291 menti
2346 3241 2517 3299 libero
2562 3249 2694 3316 pede
2716 3253 2766 3307 lit
2819 3263 3052 3328 pmpriis
3101 3232 3555 3349 incedere-:qi-iit;

1988 3335 2113 3378 sunt
2141 3328 2519 3402 intelliglbilia,
2554 3352 2602 3393 et
2636 3343 2706 3397 ilii
2743 3354 3014 3420 propriam
3053 3362 3318 3418 actionem
3362 3328 3557 3440 opere.-

1989 3423 2078 3440 .....
2106 3433 2117 3440 .
2174 3421 2266 3440 -I-—
2320 3439 2328 3440 κ

1989 3423 2118 3483 ιυι·;
2171 3421 2348 3478 altera.
2398 3443 2542 3496 vero,
2584 3447 2611 3484 a
2649 3447 2826 3493 mente
2877 3443 3138 3514 incipiens
3181 3465 3234 3506 et
3282 3473 3310 3511 a
3346 3421 3554 3532 corgitaq

1988 3508 2135 3563 tione
2171 3511 2223 3564 in
2257 3516 2476 3583 spiritu,
2512 3524 2575 3573 ad
2630 3525 2758 3582 illttd
2793 3536 2936 3600 quod
2985 3552 3066 3595 est
3114 3559 3279 3615 supra
3319 3508 3553 3612 metitcm

1986 3601 2274 3672 colligitur,
2326 3612 2469 3676 quod
2508 3617 2601 3677 fest
2643 3616 2808 3688 Deus,
2844 3627 2929 3678 cui
2967 3644 3117 3688 mens
3146 3651 3265 3690 cum
3305 3646 3551 3712 accedat,

3307 3690 3551 3712 —v-‘-"—-v

1987 3690 2039 3743 in
2086 3710 2251 3750 unum
2301 3701 2588 3773 colligitur.
2638 3708 2807 3766 Unum
2843 3720 2985 3774 enim
3025 3721 3163 3780 Deus
3197 3740 3317 3798 cs‘,‘
3354 3745 3406 3788 et
3435 3737 3554 3808 ipso

1987 3798 2140 3839 mens
2169 3803 2351 3845 secum
2407 3799 2593 3852 uuitur
2623 3801 2674 3856 in
2724 3821 2890 3863 unum
2930 3822 2986 3867 et
3053 3816 3394 3883 indivistbilis
3428 3798 3556 3888 ι-ἒημ

1984 3876 2254 3933 stituitur.
2305 3883 2577 3944 Unitatem
2617 3895 2760 3949 enim
2829 3917 2992 3957 unum
3049 3923 3268 3980 praestat
3317 3928 3370 3971 et
3419 3923 3554 3976 divi-

1983 3982 2104 4023 nam
2170 3974 2611 4051 simplicitatem,
2676 4003 2797 4043 cum
2853 3974 3138 4066 aspicitur.
3212 4007 3551 4078 lmpossibilo

1979 4071 2063 4116 est
2095 4064 2240 4118 enim
2273 4083 2438 4125 unum
2470 4064 2929 4150 contemplantem
2963 4107 3068 4146 non
3100 4107 3152 4149 et
3208 4064 3379 4168 ipsam
3429 4122 3553 4164 esse

1981 4152 2308 4224 simplicem,
2337 4169 2793 4238 contemplantem
2841 4193 2971 4234 vero
3016 4184 3190 4243 divisa
3245 4201 3296 4245 et
3327 4211 3532 4267 compo-

1979 4245 2105 4311 sita,
2166 4265 2386 4308 necesse
2444 4268 2527 4312 est
2579 4276 2698 4316 eam
2734 4266 2901 4322 dividi
2934 4283 2988 4326 ct
3015 4286 3300 4353 componi;
3339 4245 3544 4347 dictiim

1980 4349 2110 4392 vero
2137 4349 2219 4394 est
2243 4355 2272 4394 a
2306 4359 2389 4398 me
2419 4347 2549 4401 illud
2595 4345 2761 4409 unum
2795 4363 2937 4426 quod
2968 4365 3020 4418 in
3056 4383 3113 4422 se
3142 4345 3389 4432 subsistit
3416 4383 3548 4436 sim-

1976 4431 2122 4500 plex.
2157 4436 2424 4501 Quoniam
2465 4446 2609 4500 cnim
2647 4451 2909 4521 quidquid
2946 4472 3025 4518 est
3061 4480 3236 4533 mcns,
3281 4477 3541 4532 mutatio~

1979 4541 2072 4580 nes
2129 4530 2329 4596 patitur
2385 4550 2480 4602 per
2533 4545 3093 4622 operationem;ipsa
3147 4575 3272 4615 vero
3301 4565 3533 4635 simplex

282 4598 431 4658 εἶναι
467 4605 561 4657 καὶ
598 4605 718 4657 κατ’
746 4608 1045 4675 ἐνέργειαν,
1078 4609 1136 4662 τὸ
1165 4610 1220 4662 ἓν
1246 4613 1404 4681 ὀρῶν.
1439 4615 1499 4668 Et
1526 4616 1580 4669 δὲ
1606 4617 1666 4670 τδ
1689 4619 1745 4671 ἓν
1781 4620 1880 4689 μὲν
1903 4662 1945 4716 D

1350 4632 1404 4667 ιν.
1439 4615 1499 4668 Et
1526 4616 1580 4669 δὲ
1606 4617 1666 4670 τδ
1689 4619 1745 4671 ἓν
1781 4620 1880 4689 μὲν
1903 4662 1945 4716 D
1975 4628 2086 4684 est;
2123 4622 2217 4676 sed
2249 4598 2473 4684 necesse
2498 4598 2583 4687 est
2616 4645 2674 4689 ut
2702 4598 3035 4707 siinplex’sit

3073 4654 3376 4711 secundum
3406 4677 3538 4729 ope.

279 4694 459 4765 ὁρῴη,
497 4696 657 4757 αὐτὸς
693 4697 748 4749 δὲ
781 4697 1036 4768 διῄρηται
1096 4702 1174 4764 είς
1207 4703 1375 4756 δυάδα
1425 4705 1795 4776 τοιὶλάχιστον,
1829 4694 1945 4763 ’τίυ

1373 4747 1375 4754 ,
1425 4705 1795 4776 τοιὶλάχιστον,
1829 4694 1945 4763 στίυ
1977 4711 2261 4776 rationem,
2295 4731 2416 4770 cum
2453 4737 2619 4778 unum
2652 4728 2819 4785 videt.
2863 4729 2917 4785 Si
2954 4750 3058 4789 γει(

281 4785 408 4839 ποτ’
463 4785 531 4839 ἀν
577 4788 662 4856 εἴη
698 4790 956 4857 ἐνεργοῦν
997 4792 1054 4844 τὸ
1106 4793 1295 4857 σκέλος
1324 4796 1512 4860 αὑτοῦ,
1555 4800 1885 4870 διῃρημένον

278 4880 393 4935 ἀπὸ
433 4880 529 4934 τοῦ
560 4881 794 4950 ὁρῶντος
848 4884 906 4935 τ’)
943 4884 1036 4947 'e'v;
1091 4887 1160 4939 Ἢ
1209 4887 1315 4958 γὰρ
1348 4890 1448 4961 ὁρᾷ
1493 4891 1678 4962 ἕτερόν
1724 4911 1797 4959 τι,
1846 4895 1879 4966 ἢ

276 4972 379 5040 οὐχ
419 4972 544 5042 δρᾷ,
581 4973 672 5023 καὶ
704 4971 860 5025 τοῦτο
887 4972 1104 5038 δισσῶς,
1136 4974 1168 5044 ἢ
1217 4976 1292 5046 μὴ
1329 4975 1674 5047 βουλόμενον,
1709 4981 1740 5050 ἢ
1783 4982 1886 5051 ἀμ-

278 5059 634 5127 σλυνόμεντν,
662 5061 692 5129 ἢ
747 5061 889 5128 τάχα
935 5062 1071 5131 πρὸς
1108 5063 1236 5116 ἀλλο
1266 5082 1316 5117 τι
1345 5065 1584 5135 δράσεως
1617 5070 1879 5136 πεφυκὸς,

275 5151 404 5219 οὐχὶ
438 5151 494 5203 δὲ
531 5152 668 5221 πρὸς
704 5152 763 5204 τὸ
795 5154 948 5222 όρᾷν⁴1
982 5154 1097 5206 ἀλλ’
1126 5157 1174 5208 εἰ
1207 5157 1304 5227 μὲν
1331 5158 1518 5228 ἕτερόν
1549 5178 1602 5212 τι
1631 5160 1882 5216 ὑπόθοιτό

273 5261 363 5305 τις
392 5244 552 5313 όρᾷν,
599 5245 674 5296 ἴδε
701 5245 783 5297 ὅτι
827 5248 854 5298 6
899 5246 1030 5306 νοῦς
1062 5247 1158 5316 οὐχ
1190 5249 1289 5318 ὁρᾷ
1319 5250 1380 5302 τὸ
1420 5249 1477 5302 ἓν
1504 5253 1710 5315 ἁπλῶς,
1745 5255 1879 5309 ἀλλά

272 5334 390 5388 δύω
431 5334 586 5404 παρά
620 5335 712 5386 τὸν
742 5335 920 5404 λόγον·
961 5338 1053 5389 καὶ
1081 5339 1193 5391 δύω
1234 5341 1396 5410 ὁρῶν,
1439 5342 1496 5393 ἓν
1524 5340 1660 5396 εἶναι
1691 5346 1750 5397 ού
1785 5346 1880 5399 δύ-

274 5443 439 5478 ναται
471 5438 487 5454 ⁶
525 5424 786 5494 τέμνεται
840 5427 973 5497 γὰρ,
1025 5428 1100 5490 ὡς
1135 5429 1423 5495 δέδεικται,
1457 5435 1534 5496 είς
1573 5435 1607 5488 ἃ
1661 5435 1874 5506 Θεωρεῖσ

272 5517 324 5569 εἰ
356 5517 412 5569 δὲ
435 5516 535 5585 οὐχ
586 5517 712 5587 ὁρᾷ,
763 5519 814 5569 εἰ
859 5518 962 5586 μὲν
1012 5520 1086 5590 μὴ
1121 5520 1380 5590 βούλοιτο,
1412 5525 1569 5592 τοῦτο
1593 5526 1873 5581 ἀδύνατονο

270 5607 377 5659 οὐκ
405 5605 522 5658 ἐστι
553 5607 664 5677 γὰρ
698 5608 920 5678 ἀργίαν,
953 5610 1046 5663 καὶ
1083 5611 1143 5664 τὸ
1174 5613 1462 5682 ἀκαριαῖον
1492 5616 1622 5668 αὐτὸ
1649 5618 1708 5670 τὸ
1740 5618 1873 5689 βρα-

3063 4753 3077 4787 )
3111 4756 3282 4796 unum
3330 4747 3532 4814 videat,

1972 4797 2089 4866 ipsa
2121 4818 2250 4858 vero
2280 4808 2332 4860 itt
2362 4810 2471 4863 duo
2504 4814 2696 4870 saltem
2730 4819 2902 4875 divisa
2932 4825 3021 4891 sit,
3057 4831 3183 4898 quid
3217 4850 3535 4903 operaretur

1971 4890 2060 4944 illa
2105 4909 2233 4962 pars
2266 4900 2402 4967 ejus,
2431 4918 2552 4971 quae
2585 4908 2652 4962 ab
2679 4925 2738 4964 ea
2763 4927 2882 4981 qua!
2909 4932 3071 4972 unum
3112 4923 3254 4978 videt
3281 4942 3530 4998 separata

1968 4985 2099 5039 est?
2141 4985 2351 5043 Etenim
2415 4995 2559 5049 videt
2591 4999 2736 5054 aliud
2777 5007 3046 5074 quoddam
3077 5023 3171 5067 aut
3207 5033 3312 5071 non
3344 4985 3531 5092 videt;

1967 5085 2020 5132 et
2052 5077 2152 5133 hoc
2179 5081 2379 5152 duplici
2417 5091 2595 5157 modo,
2631 5103 2721 5147 aut
2749 5112 2853 5151 non
2887 5104 3094 5168 volens,
3123 5110 3201 5163 vel
3233 5110 3529 5185 infirmata,

1968 5182 2057 5225 aut
2092 5176 2276 5244 rapide
2303 5182 2367 5233 ad
2403 5184 2562 5239 aliam
2597 5193 2889 5258 quamdam
2940 5201 3206 5261 actionem
3241 5218 3384 5277 apta,
3417 5228 3523 5279 non

1965 5286 2140 5328 autem
2163 5274 2228 5327 ad
2253 5280 2726 5347 centcntplandutn
2757 5301 2772 5351 ;
2800 5290 2891 5340 sed
2929 5292 2972 5342 si
3006 5309 3344 5367 supponatur
3370 5322 3532 5372 mg".-

1964 5378 2070 5420 tem
2123 5369 2269 5422 aliud
2319 5375 2588 5441 quoddam
2631 5376 2830 5445 videre,
2876 5382 2984 5450 jam
3026 5403 3176 5443 meus
3220 5408 3327 5447 non
3380 5369 3536 5466 videt,

1963 5474 2129 5510 unum
2161 5462 2526 5530 simpliciter;
2577 5467 2669 5519 sed
2722 5470 2829 5521 duo
2870 5483 3057 5528 contra
3114 5483 3414 5551 rationem;
3467 5499 3522 5544 et

1958 5562 2079 5601 Cum
2114 5551 2292 5604 videat
2332 5552 2459 5620 duo,
2482 5554 2594 5622 jam
2635 5574 2736 5611 ιιυῃ
2761 5576 2878 5614 esse
2903 5580 3063 5616 ιηιιιηι
3091 5569 3293 5639 aliqu“
3324 5589 3521 5645 μοιρει.

1961 5636 2228 5693 Dividitur
2258 5645 2422 5703 enim,
2476 5655 2529 5696 ut
2563 5659 2840 5703 ostensum
2876 5666 2974 5719 νει,
3034 5657 3086 5710 in
3121 5663 3199 5716 eis
3236 5646 3518 5734 qua-com.

271 5698 533 5770 χύτατον,
563 5699 687 5753 νοῦν
731 5700 952 5769 λογικὸν
983 5703 1196 5756 παθεῖν.
1239 5705 1376 5758 Ἀλλ’
1402 5707 1512 5759 οὐδ’
1539 5709 1872 5778 ἀμϐλύνεται

271 5791 435 5830 ιηιῆγῆ
503 5791 602 5830 inn-1
655 5791 774 5830 υνιλρ
851 5795 1012 5830 n-m'm-n
1054 5795 1098 5830 λ’
1132 5797 1224 5830 λετ.
1275 5801 1531 5830 νινε--.η
1596 5804 1664 5830 ‘ll
1708 5804 1870 5830 ..Β-,η

2415 5698 2421 5703 ,
2635 5698 2672 5700 γε
2706 5698 2712 5699 γ
2757 5698 2839 5703 .-.η
2879 5698 2974 5719 ππ,
3034 5698 3086 5710 ..ι
3121 5698 3199 5716 ua
3236 5698 3354 5733 qua:
3383 5698 3518 5734 ωηιξ-

1838 5730 1872 5765 ιι
1957 5731 2281 5798 ιοιιιρΙ;ιιυΙ”;
2314 5733 2355 5784 si
2390 5749 2514 5787 tero
2545 5753 2648 5790 non
2687 5740 2886 5803 videat,
2922 5743 2966 5795 si
3020 5750 3235 5816 quidem
3275 5757 3410 5810 nolit
3464 5760 3523 5830 id

270 5791 435 5845 τοῦτο
503 5791 602 5844 τοῦ
655 5791 794 5858 νοὸς,
851 5795 1012 5848 τοῦτο
1054 5795 1098 5847 δ’
1132 5797 1224 5863 ὀξὺ
1275 5801 1556 5871 κέκτηται.
1596 5804 1664 5856 ἸΙ
1707 5804 1870 5858 οὕτω·

1957 5818 2309 5887 impossibile
2337 5833 2458 5891 est;
2516 5843 2620 5881 non
2673 5833 2813 5883 enim
2863 5840 3043 5904 pussili
3071 5840 3117 5892 In
3166 5855 3248 5897 est
3281 5859 3515 5919 mentem

272 5881 534 5948 σύνθετος
592 5883 660 5937 ἂν
693 5885 777 5954 εἴη
831 5887 922 5940 καὶ
986 5889 1082 5964 οὐχ
1117 5887 1319 5953 ἁπλοῦς
1360 5893 1415 5956 ἐξ
1463 5893 1870 5967 ἀνομοιομεριῖκν
1952 5913 2024 5964 oti

2035 5929 2120 5965 uin
2183 5916 2313 5985 pati,
2366 5935 2429 5974 ne
2462 5936 2567 5975 nuo
2602 5923 2813 6003 quidem
2868 5935 3120 6000 tcmp'lris
3155 5916 3515 6003 ptttti'torSt‘ti
