4266 6450
742 442 836 505 851

1863 448 2203 504 CALLIS'l‘l
2248 448 2434 505 C.~\'l'.-\
2448 450 2862 510 l’llUGlUT.E

3881 423 3994 527 θέε

739 579 844 619 non
885 579 1024 618 nunc
1074 566 1293 633 quidem
1345 566 1587 620 hehcscit
1641 582 1814 623 mens.
1850 580 1995 619 nunc
2041 580 2170 618 vero
2219 572 2303 619 est
2338 569 2424 623 At

2338 569 2381 623 Α
2410 574 2569 611 τινων
2606 564 3018 632 συνιστάμενος,
3054 565 3243 635 ὥσπερ
3284 568 3620 636 συμϐήσεται
3645 611 3658 634 ,
3694 574 3787 625 καὶ
3833 576 3880 626 εἰ
3934 574 3998 625 τὸ

738 658 950 725 rapida.
984 684 1047 697 -
1083 654 1175 711 Vel
1210 658 1373 712 etiam
1411 658 1513 711 hoc
1569 657 1749 710 modo.
1805 657 2119 726 Composita
2164 665 2308 710 esset

737 760 789 803 et
843 766 949 802 non
1004 750 1232 817 simplex
1284 749 1642 805 dissimilibus
1693 750 1938 820 partibus
1989 749 2305 812 constituta,

738 858 957 911 quoquo
988 843 1145 896 modo
1180 844 1473 908 acciderit;
1506 853 1556 897 et
1588 843 1632 897 si
1665 859 1771 897 una
1804 856 1931 911 pars
1966 841 2169 904 videat,
2199 841 2306 894 alia

737 950 864 989 Vero
903 937 966 988 ad
1004 937 1162 989 aliam
1201 937 1488 1004 quamdam
1521 936 1856 1004 operationis
1889 936 2125 1003 speciem
2154 936 2304 989 ordi-

735 1040 928 1095 netur;
981 1045 1098 1084 eam
1145 1030 1287 1083 enim
1342 1029 1752 1099 compositionis
1789 1029 2203 1098 appellationem
2241 1028 2307 1082 de

739 1126 935 1175 mentis
956 1123 1301 1192 simplicitate
1326 1125 1431 1178 dici
1456 1120 2016 1192 nequit.Quapropter
2048 1120 2226 1172 unitas
2252 1129 2308 1172 et

712 1216 1297 1293 'simplicitas'nteutis.
1323 1219 1364 1270 si
1399 1216 1527 1269 illud
1563 1231 1726 1270 unum
1763 1214 2086 1285 simpliciter
2114 1210 2303 1266 consi-

733 1308 904 1370 deret,
951 1324 1053 1360 ntta
1098 1324 1316 1378 quoque
1363 1310 1478 1375 ipsa
1514 1306 1753 1361 ellicaeia
1788 1315 1892 1368 est,
1942 1315 1996 1360 et
2041 1306 2083 1359 si
2129 1320 2298 1358 unum

730 1412 868 1455 esset
900 1401 1239 1469 simpliciter,
1282 1402 1511 1468 simp’ex
1547 1414 1710 1452 unum
1743 1398 1908 1453 videt.
1948 1399 2103 1453 Actio
2143 1398 2306 1468 igitur

730 1506 1072 1561 qumcunque
1115 1492 1185 1545 sit
1236 1505 1330 1543 aut
1386 1490 1775 1557 contemplatio
1824 1506 1891 1544 ex
1956 1490 2306 1543 tteccssittate

733 1584 861 1638 ferri
892 1585 1051 1638 debet
1075 1583 1139 1637 ad
1173 1584 1307 1637 illttd
1350 1599 1515 1637 unum
1546 1582 1688 1652 quod
1722 1598 1885 1652 supra
1919 1584 2163 1636 mentem
2185 1589 2300 1647 est;

732 1680 777 1730 si
810 1677 1009 1742 minus,
1046 1676 1177 1730 nihil
1215 1687 1563 1743 assequetur,
1600 1675 1696 1730 sed
1730 1673 1933 1728 frustra
1969 1689 2124 1727 mens
2159 1674 2303 1726 vide-

733 1772 877 1823 hitnr
911 1785 1077 1839 agens
1123 1779 1211 1822 aut
1245 1770 1643 1836 contemplans.
1696 1767 1808 1819 Erit
1832 1768 1996 1836 igitur
2032 1766 2306 1834 cupidita-

732 1872 847 1919 tum
878 1863 1147 1925 ell'cctt-ix,
1195 1863 1239 1915 si
1288 1860 1543 1915 divisioni
1594 1857 1892 1925 suhjaceat,
1930 1874 2034 1911 non
2086 1858 2300 1911 suhlata

731 1958 925 2010 anitnte
952 1972 1112 2010 sensu
1145 1956 1209 2009 ad
1245 1956 1498 2009 unionem
1536 1971 1658 2008 cum
1691 1955 1781 2007 illo
1817 1968 1923 2008 uno
1954 1954 2098 2022 quod
2132 1968 2297 2022 supra

733 2062 964 2105 mentem
1013 2059 1130 2117 est;
1168 2065 1288 2117 quae
1336 2048 1465 2102 uuio
1507 2048 1834 2116 despumare
1868 2049 2008 2104 valet
2038 2056 2093 2101 et
2142 2063 2303 2101 mun-

730 2146 859 2198 dare
890 2146 994 2195 vim
1035 2143 1229 2196 mentis
1269 2140 1748 2210 contetnplativam
1780 2139 1909 2193 illud
1956 2155 2121 2193 unum
2157 2140 2302 2208 aspi-

730 2239 961 2292 cientem
998 2237 1439 2304 intuentemque,
1482 2248 1535 2287 et
1566 2232 1641 2285 illi
1688 2234 2053 2286 adhaerentem
2089 2246 2154 2286 ex
2192 2248 2300 2301 quo

729 2331 913 2384 omnia
949 2337 1003 2382 rt
1038 2330 1090 2382 itt
1124 2328 1265 2397 quod
1301 2328 1545 2397 pervenit
1575 2337 1629 2379 et
1663 2335 1742 2380 est
1774 2333 1827 2381 et
1857 2325 2129 2381 subsistit.

811 2422 895 2475 19.
930 2420 1185 2476 Omnium
1222 2418 1668 2473 desiderabiliutn
1698 2433 1970 2472 summum
2002 2426 2085 2471 est
2114 2417 2301 2477 divina

730 2527 850 2567 cunt
886 2514 1065 2564 anima
1097 2520 1151 2564 et
1202 2499 1378 2577 supra
1420 2519 1656 2563 mentem
1712 2509 1861 2561 unio.
1913 2508 2016 2562 Per
2058 2508 2295 2562 divinam

726 2607 866 2659 hanc
921 2605 1174 2656 unionem
1237 2602 1545 2657 necessaria
1596 2611 1681 2656 est
1730 2600 1911 2654 divina
1962 2600 2298 2667 similitudo;

727 2713 819 2767 per
850 2697 1087 2751 divinam
1118 2696 1253 2749 hanc
1282 2695 1362 2749 sin
1389 2692 1717 2758 ilitudincm,
1745 2707 1966 2747 necesse
1995 2703 2080 2747 est
2105 2706 2299 2746 secun-

723 2793 851 2845 dum
902 2797 1135 2843 mentem
1185 2790 1421 2857 operari,
1472 2786 1681 2840 scilicet
1737 2784 2119 2854 contemplati.
2168 2782 2299 2838 Tale

721 2884 867 2937 enittt
920 2893 1003 2936 est
1052 2881 1322 2943 divinum,
1364 2896 1428 2935 ex
1465 2895 1576 2950 quo
1605 2889 1659 2935 et
1708 2879 1839 2935 illud
1887 2880 2050 2947 Deus,
2098 2897 2296 2935 nomen

725 2978 827 3045 ipsi
864 2976 1093 3028 inditum
1136 2984 1238 3029 est.
1284 2975 1655 3042 Contetnplari
1702 2990 1828 3028 vero
1868 2975 2055 3043 rapide
2090 2976 2154 3027 ad
2204 2974 2297 3029 Dei

728 3069 1115 3137 cogitationem
1162 3066 1441 3135 pertingit.
1489 3062 1745 3134 Undique
1772 3066 1919 3120 enim
1953 3075 2006 3119 et
2040 3067 2090 3119 in
2121 3068 2298 3120 οηιιιίι

723 3161 849 3224 bus,
884 3160 1144 3228 quosdam
1193 3168 1448 3225 tanquam
1496 3157 1678 3211 radios
1709 3160 1766 3213 in
1815 3159 2293 3226 contetnplativam

2409 647 2508 716 μὲν
2542 650 2635 703 τοῦ
2690 653 2910 715 σκέλους
2939 656 3064 724 ὁρᾷ,
3102 655 3162 707 τὸ
3199 656 3255 708 δὲ
3300 657 3437 728 πρὸς
3471 658 3597 712 ἄλλο
3622 678 3673 713 τι
3714 662 3961 730 ὲνεργεὶιι

2406 735 2547 804 εἶδος
2575 743 2853 797 τέτακταιο
2904 747 3206 810 συνθέσεως
3260 748 3367 819 γὰρ
3407 751 3501 803 καὶ
3543 751 3701 804 τοῦτο
3751 760 3958 824 κατηγι’

2408 850 2579 902 ρημα,
2626 832 2654 887 ὃ
2688 836 2813 903 περὶ
2837 836 2897 888 τὸ
2935 837 3029 890 τοῦ
3080 839 3196 900 νοὸς
3224 837 3428 893 ἁπλοῦν
3449 844 3638 907 εἰπεῖν,
3668 844 3807 896 πάνυ
3833 848 3955 900 ἁνέν

2404 925 2611 978 δεκτον.
2650 927 2862 998 Δι’ἄρα
2910 930 3079 983 ταῦτα
3129 932 3187 982 τὸ
3236 934 3455 999 ἐνιαῖον,
3509 936 3603 988 καὶ
3660 937 3867 989 ἁπλοῦν
3897 957 3960 990 το

2403 1016 2542 1082 νοῖς,
2572 1021 2619 1069 εἰ
2648 1018 2708 1070 τὸ
2738 1020 2924 1083 ἁπλῶς
2956 1020 3012 1073 ἓν
3040 1024 3459 1092 κατασκέψοιτο,
3487 1024 3541 1078 ἓν
3569 1028 3661 1079 καὶ
3679 1031 3808 1080 αὐτὸ
3844 1031 3969 1098 ἐνερ

2401 1107 2525 1176 γεὶᾳ
2552 1109 2690 1173 ἐστὶ,
2737 1112 2831 1162 καὶ
2871 1116 2917 1163 εἰ
2978 1114 3038 1163 ἓν
3073 1113 3158 1182 εἴη
3188 1114 3394 1179 ἁπλῶς,
3424 1116 3486 1169 τὸ
3522 1116 3727 1170 ἁπλοῦν
3772 1119 3830 1170 ἓν
3868 1124 3971 1190 ὁρᾷ

2403 1199 2607 1268 Πρᾶξις
2624 1202 2917 1271 τοιγαροῦν
2947 1206 3319 1270 ὀποιατισοῦν,
3353 1207 3384 1277 ἢ
3412 1206 3637 1277 θεωρία,
3664 1209 3723 1272 ἐξ
3747 1212 3958 1281 ἀνάγκη

2404 1292 2668 1362 φέρεσθαι
2702 1295 2909 1361 ὀρείλει
2950 1296 3083 1367 πρὸς
3118 1299 3177 1350 τὸ
3202 1299 3341 1368 ὑπὲρ
3369 1302 3493 1352 νοῦν
3523 1300 3599 1366 ἓν,
3632 1304 3679 1353 εξ
3714 1303 3759 1354 δ’
3784 1302 3868 1369 οὗ,
3891 1306 3979 1357 οῦν.

2399 1383 2798 1449 ἀνύσειοὺδὲν,
2853 1386 2987 1439 ἀλλὰ
3043 1388 3221 1459 μάτην
3281 1392 3582 1460 ὀφθήσεται
3646 1396 3920 1462 πράττων,

2400 1474 2621 1545 θεωρῶν
2662 1477 2690 1529 ὁ
2730 1477 2875 1540 νοῦ,·
2912 1478 3067 1531 ἔσται
3100 1479 3206 1549 γὰρ
3240 1480 3429 1534 παθῶν
3457 1483 3677 1553 ἐνεργὸς
3710 1486 3815 1537 ὑπὸ
3852 1486 3964 1542 διαί

2401 1580 2554 1635 ρεσιν
2587 1566 2858 1631 κείμενος,
2919 1569 2993 1637 μὴ
3036 1570 3336 1639 φερόμενος
3398 1574 3652 1642 αἰσθήσει
3703 1575 3881 1646 ψυχῆς
3912 1583 3961 1630 ei

2403 1658 2503 1727 τὴν
2531 1657 2621 1710 τοῦ
2648 1659 2786 1729 ὑπ¹ρ
2815 1659 2936 1711 νοῦν
2968 1661 3081 1722 ἑνὸς
3107 1662 3355 1725 ἐνοειδῶς
3378 1664 3587 1726 ἕνωσιν,
3615 1667 3737 1736 ἥτις
3764 1668 3826 1736 δὴ
3860 1670 3966 1721 Evn;

2402 1766 2485 1810 σις
2538 1746 2795 1814 διυλίζειν
2831 1748 2959 1815 οἶδε,
3021 1752 3115 1805 καὶ
3167 1754 3455 1823 καθαίρειν
3497 1756 3558 1807 τὸ
3601 1757 3841 1826 θεωροῦν
3896 1779 3971 1814 τοι

2394 1840 2536 1903 νοὸς,
2567 1842 2704 1911 πρὸς
2736 1845 2911 1895 ἐκεῖνο
2942 1844 3001 1895 τὸ
3033 1843 3089 1897 ἓν
3127 1846 3599 1915 μετεωριζόμενον
3628 1853 3720 1901 καὶ
3746 1852 3968 1923 ἀφορῶν

2335 1914 2634 2001 Βκάκεξνῳ
2688 1937 3044 2002 προσπάσχον
3087 1934 3165 2004 τῷ
3199 1937 3289 2003 ἀφ’
3320 1930 3384 1990 οῦ
3426 1938 3497 1990 τὰ
3536 1939 3749 2005 πάντα,
3794 1946 3888 1995 καὶ
3921 1946 3977 1996 6-.

2394 2021 2476 2094 οὗ,
2502 2031 2595 2083 καὶ
2626 2033 2682 2083 ὲν
2714 2025 2758 2098 ᾧ
2793 2033 2860 2085 τὰ
2899 2036 3095 2101 πάντα,
3147 2036 3242 2089 καὶ
3275 2039 3354 2100 εἰς
3384 2036 3412 2089 ὃ
3456 2040 3545 2091 καὶ
3577 2040 3850 2108 γίγνεται,
3892 2041 3981 2092 καῖ

2394 2122 2509 2175 ἔστι
2522 2165 2535 2188 ,
2565 2123 2659 2177 καὶ
2691 2126 2791 2193 ὑφέ
2804 2142 3018 2194 στηκεν.

2463 2426 2548 2481 ιϐ’.
2578 2428 2700 2485 Τῶν
2728 2428 2946 2481 πάντων
2992 2429 3202 2497 ἐφετῶν
3237 2429 3427 2499 ἄκρον,
3465 2429 3497 2500 ἡ
3546 2429 3685 2499 μετὰ
3735 2430 3833 2497 τῆς
3891 2430 3987 2497 ,ἶνοά-

2385 2519 2485 2589 χῆς
2520 2517 2655 2581 θεία,
2691 2520 2785 2571 καὶ
2817 2520 2957 2588 ὑπὲρ
2993 2519 3117 2573 νοῦν
3162 2520 3375 2583 ἓνωσιςο
3408 2521 3497 2573 διὰ
3539 2521 3635 2591 τὴν
3664 2521 3811 2574 θείαν
3846 2523 3987 2574 ’ἐνω-

2386 2625 2495 2671 σιν,
2526 2610 2798 2676 ἀναγκαία
2889 2610 3008 2664 θεία
3041 2611 3319 2680 ὁμοίωσις.
3357 2611 3443 2664 διὰ
3470 2612 3566 2681 τὴν
3600 2613 3752 2667 θείαν
3782 2615 3989 2682 ὁμοίωι

2388 2716 2493 2763 σιν,
2522 2700 2821 2766 ἀναγκαῖον
2851 2702 2913 2754 τὸ
2944 2704 3085 2754 κατὰ
3119 2700 3244 2753 νοῦν
3280 2702 3544 2771 ἐνεργεῖν,
3580 2704 3698 2774 ἦτοι
3729 2705 3982 2774 θεωρεῖν.

2390 2792 2614 2847 Τοιοῦτο
2646 2796 2751 2863 γάρ
2786 2814 2863 2847 τοι
2898 2797 2989 2849 7.1".
3041 2797 3101 2848 τὸ
3170 2798 3312 2849 θεῖόν
3356 2800 3523 2858 ἐστιν,
3577 2799 3635 2861 ἐξ
3676 2794 3736 2851 οὗ
3774 2799 3867 2850 καὶ
3892 2798 3981 2861 τὸ,

2385 2886 2541 2954 Θεὸς,
2565 2888 2735 2956 ὄνομα
2760 2889 2934 2959 τούτῳ
2970 2891 3394 2960 ἀπονενὲμηται.
3449 2890 3721 2960 Ἀλλαμὴν
3752 2891 3811 2942 τὸ
3842 2893 3989 2943 θεω-

2389 2982 2523 3050 ρεῖν,
2551 2980 2713 3041 εὐθὺς
2755 2983 2836 3044 εἰς
2878 2981 2976 3050 τὴν
3005 2981 3098 3035 τοῦ
3132 2982 3268 3035 Θεοῦ
3302 2982 3511 3035 ἔννοιαν
3545 2982 3742 3035 ἄνεισιν
3780 2999 3991 3033 παντα-

2384 3070 2481 3141 χοῦ
2515 3073 2621 3142 γὰρ
2654 3074 2747 3125 καὶ
2774 3076 2830 3125 ὲν
2867 3075 3053 3139 πᾶσιν,
3095 3076 3319 3137 ἀκτῖνας
3343 3074 3539 3145 ὥσπερ
3581 3074 3741 3137 τινὰς
3771 3074 3988 3142 ἐνίησιν

2385 3165 2413 3217 ὁ
2446 3162 2578 3229 Θεὸς
2620 3166 2698 3235 τῷ
2729 3165 3053 3236 θεωρητικῷ
3087 3167 3182 3235 νῷ,
3218 3167 3313 3219 καὶ
3345 3166 3469 3231 νοῦς
3506 3167 3707 3237 θεωρὸς
3740 3165 3989 3218 ἀντικει-

723 3261 956 3306 tuentem
1006 3252 1191 3314 mittit,
1243 3259 1297 3304 et
1348 3266 1502 3304 meus
1551 3251 1932 3321 contemplans
1993 3266 2024 3305 e
2078 3255 2297 3321 regione
2325 3261 2408 3326 Ct.

2325 3261 2368 3318 ο
2389 3275 2549 3326 μενον
2584 3256 2698 3327 ἔχει
2731 3258 2823 3311 τὸν
2845 3258 3001 3323 Θεὸν,
3036 3258 3168 3333 Θρεὸς
3200 3259 3256 3312 δέ
3288 3260 3438 3311 ἐστιν
3480 3258 3539 3310 ἓν
3585 3258 3985 3327 ὑπερκόσμιον.

720 3346 955 3413 positum
980 3342 1143 3397 Deum
1174 3344 1369 3407 habet;
1406 3341 1545 3397 Deus
1578 3352 1760 3397 autem
1786 3354 1868 3397 est
1898 3360 2067 3398 unum
2098 3359 2293 3413 supcr-

723 3437 991 3490 naturale.
1055 3433 1149 3488 Est
1183 3446 1361 3488 autem
1393 3433 1591 3488 tuentis
1626 3442 1822 3487 natura
1866 3435 2023 3489 talem
2054 3437 2293 3491 eilicacEa

722 3529 857 3593 lieri,
893 3526 1074 3595 qualia
1124 3535 1253 3581 sunt
1300 3541 1361 3581 ea
1401 3542 1520 3595 qua:
1568 3526 1731 3591 videt,
1800 3535 1858 3580 ut
1887 3537 1941 3580 et
1989 3528 2293 3598 theologica

722 3622 831 3674 divi
872 3618 1119 3687 Gregorii
1156 3633 1256 3670 vox
1305 3619 1566 3683 ostendd,
1601 3618 1793 3672 dicens
1838 3630 2072 3673 mentem
2106 3623 2292 3689 spieu-

718 3714 906 3765 dorem
942 3711 1030 3765 Dei
1055 3720 1107 3764 et
1135 3709 1319 3762 videre
1348 3720 1399 3762 et
1431 3709 1559 3776 pati.
1590 3709 1743 3772 Quod
1774 3710 1922 3763 enim
1947 3725 2099 3765 mens
2128 3712 2294 3777 videt,

720 3801 770 3853 id
829 3809 881 3853 ct
941 3804 1165 3869 patitur,
1227 3810 1279 3852 et
1345 3801 1469 3852 tahs
1520 3799 1773 3854 ellicitnr.
1831 3798 2084 3869 Tingitur
2145 3803 2290 3856 enim

721 3910 894 3955 tuens,
925 3903 981 3946 ut
1015 3892 1206 3947 Petrus
1230 3892 1601 3946 Datnascenns
1630 3893 1726 3955 ait,
1754 3893 2057 3947 secundum
2079 3909 2138 3948 ea
2172 3910 2293 3962 quae

718 3987 1157 4054 contemplatur;
1213 3996 1265 4039 et
1317 3986 1464 4038 sicut
1531 3985 1750 4053 quando
1805 3986 1981 4038 divisa
2030 4002 2093 4041 ac
2138 3988 2289 4040 varia

721 4082 882 4143 videt,
923 4080 1161 4133 variatur
1212 4094 1275 4132 ac
1326 4079 1609 4143 dividitur,
1659 4081 1754 4145 ita,
1786 4094 1909 4132 cunt
1951 4080 2196 4132 ascendit
2226 4080 2292 4134 ad

718 4171 1231 4239 contemplationem
1296 4167 1729 4236 supernaturalis
1817 4184 1879 4221 ac
1971 4169 2290 4234 simpliciter

720 4262 904 4328 ttniu.=,
933 4272 1332 4330 consequenter
1377 4276 1542 4314 unum
1593 4261 1798 4331 aliquid
1848 4262 2105 4328 edicitur,
2156 4271 2215 4316 ut
2262 4276 2293 4315 a

720 4371 805 4407 me
868 4356 1019 4424 prius
1080 4355 1283 4407 dit-tum
1354 4362 1473 4419 est;
1521 4360 1813 4423 postquam
1872 4363 2055 4407 autem
2122 4370 2289 4409 unum

718 4447 903 4501 el‘fet-ta
932 4458 1034 4508 est,
1065 4446 1365 4514 ingenitum
1397 4460 1451 4500 et
1484 4447 1758 4499 iuliuitum
1779 4455 1832 4500 et
1856 4462 1961 4501 non
1997 4446 2290 4517 ﬁguratum

718 4556 769 4595 et
804 4543 1032 4611 simplex
1067 4543 1230 4594 videt.
1263 4539 1392 4596 Tale
1417 4541 1562 4595 enim
1597 4554 1677 4594 est
1712 4557 1904 4595 unum.
1969 4542 2123 4597 Unde
2157 4559 2292 4599 sane

2389 3350 2546 3403 Ἐστι
2573 3351 2629 3403 δὲ
2661 3350 2823 3419 φύσις
2850 3350 2945 3403 τοῦ
2976 3352 3093 3413 νοὸς
3127 3350 3379 3418 γίνεσθαι
3422 3350 3665 3414 τοιοῦτος
3699 3352 3984 3420 ἐνεργείᾳ,

2382 3439 2469 3498 οἷα
2494 3445 2619 3513 ὁρᾷ,
2650 3445 2725 3507 ὡς
2757 3446 2850 3497 καὶ
2882 3446 2914 3514 ὴ
2948 3444 3196 3511 θεολόγος
3231 3441 3327 3497 τοῦ
3358 3444 3637 3497 θειοτάτου
3677 3442 3986 3513 Γρηγορῐου

2384 3538 2534 3606 φωνὴ
2588 3536 2761 3605 δηλοῖ,
2795 3536 3160 3607 λαμπρότητα
3212 3536 3372 3601 Θεοῦ,
3423 3537 3680 3602 λέγουσα,
3716 3536 3813 3587 καὶ
3851 3535 3988 3588 ἰδεῖν

2383 3631 2478 3682 κει)⁵
2505 3629 2794 3683 παθεῖν.““0
2824 3633 2932 3699 γὰρ
2962 3630 3084 3693 νοῦς
3112 3629 3344 3699 ἑώρακε,
3380 3629 3539 3681 τοῦτο
3560 3629 3654 3681 καὶ
3685 3628 3986 3692 πέπονθεν,

2382 3724 2418 3796 ἢ
2443 3725 2506 3792 δὴ
2537 3724 2775 3786 τοιοῦτος
2806 3724 2900 3776 καὶ
2928 3723 3139 3790 γέγονε·
3175 3722 3409 3792 βάφεται
3441 3721 3549 3790 γὰρ
3582 3723 3608 3773 ὁ
3638 3720 3784 3783 νοῦς,
3813 3722 3987 3790 φησιν

2386 3821 2413 3872 ὁ
2438 3818 2545 3870 ἀπὸ
2570 3816 2868 3886 Δαμασκοῦ
2902 3817 3108 3887 Πέτρος
3138 3815 3280 3868 κατὰ
3317 3816 3384 3868 τὰ
3413 3815 3561 3882 αὐτῷ
3598 3813 3983 3885 θεωρούμενα,

2384 3908 2575 3970 καὶὼς
2611 3909 2668 3959 ὲν
2698 3908 3045 3977 διῃρημένοις
3101 3906 3245 3975 ὁρῶν
3299 3907 3389 3957 καὶ
3438 3904 3726 3966 ποικίλοις,
3773 3904 3989 3955 ποικίλ-

2386 4001 2560 4063 λεται,
2603 4005 2699 4053 καὶ
2746 4000 3057 4071 διαιρεῖται,
3093 3998 3234 4051 οῦτω
3262 4015 3345 4050 τοι
3385 3997 3519 4066 πρὸς
3550 3997 3648 4064 τὴν
3683 3996 3989 4062 ἀπόϐλεψ-ν

2389 4093 2482 4146 τοῦ
2516 4093 2891 4163 ὑπερκοσμίου
2925 4092 3021 4144 καὶ
3052 4090 3242 4152 ἁπλῶς
3267 4092 3385 4152 ἐνὸς
3419 4087 3802 4157 ἀναϐεϐηκὼς,
3849 4090 3990 4140 ἀκο-

2390 4186 2593 4249 λούθως
2636 4184 2694 4238 ἓν
2718 4185 2947 4253 γίνεται,
2970 4184 3045 4247 ὦς
3078 4201 3167 4254 μοι
3200 4183 3452 4236 λέλεκται
3492 4182 3752 4251 πρόσθεν,
3782 4182 3905 4234 ἐπεὶ
3925 4181 3986 4234 δὲ

2389 4282 2448 4332 ὲν
2473 4278 2551 4348 τῷ
2580 4279 2659 4330 ἐνὶ
2686 4281 2916 4345 γένοιτο,
2957 4277 3019 4329 τὸ
3059 4274 3316 4347 ἄναρχον,
3349 4277 3441 4328 καὶ
3469 4275 3697 4344 ἄπειρον
3727 4274 3850 4343 ὁρᾷ,
3888 4276 3988 4326 καὶ

2383 4370 2808 4442 ἀσχημάτιστον,
2837 4371 2934 4423 καὶ
2961 4369 3165 4422 ἁπλοῦν
3198 4384 3211 4399 ο
3248 4368 3457 4420 τοιοῦτο
3487 4366 3596 4436 γὰρ
3634 4367 3697 4419 τὸ
3728 4366 3787 4418 ἓν
3814 4382 3829 4397 ο
3859 4368 3988 4418 ὅθεν

2387 4465 2524 4535 δῆτα
2554 4465 2649 4516 καὶ
2684 4465 2843 4527 αὐτὸς
2878 4463 3133 4533 ἄναρχος,
3159 4463 3385 4531 ᾶπειρος
3409 4460 3507 4512 καὶ
3549 4459 3985 4529 ἀσχημάτιστος,

2388 4557 2483 4611 καὶ
2520 4556 2723 4618 ἁπλοῦς
2756 4557 2879 4610 κατ’
2916 4557 3197 4625 ἐνέργειαν
3246 4554 3702 4606 ἀποκαθίσταται·
3737 4550 3897 4603 τοῦτο
3925 4550 3987 4601 δὲ

719 4646 771 4689 et
821 4640 937 4704 ipsa
977 4651 1131 4688 mens
1185 4634 1339 4701 quasi
1385 4644 1588 4688 teterna
1633 4642 1687 4687 et
1733 4633 1943 4687 inﬁnita
1994 4642 2047 4689 et
2087 4635 2296 4705 absque
2333 4644 2404 4704 ι),

2289 4654 2296 4687 ⁵
2333 4644 2691 4711 Βπεπονθὼς,
2730 4649 2825 4702 καὶ
2850 4648 3022 4709 οὕτως
3050 4646 3379 4708 ἁλλοιωθεῖς,
3413 4646 3493 4707 εἰς
3521 4644 3620 4715 τὴν
3645 4642 3974 4710 ὲξομοίωσίν

720 4731 889 4793 Ιὶέιιιει
924 4739 977 4783 et
1007 4730 1235 4797 simpicx
1286 4745 1382 4796 per
1419 4728 1671 4781 virtutem
1700 4728 1957 4783 emt-itur.
2015 4727 2149 4782 Illud
2196 4745 2291 4782 au-

720 4832 826 4874 tem
876 4835 999 4873 cum
1052 4835 1212 4888 passa
1244 4829 1327 4873 cst
1374 4829 1538 4887 atque
1592 4819 1673 4873 sic
1730 4830 1960 4881 mutata,
2008 4819 2062 4873 in
2124 4819 2293 4874 divini

718 4913 1136 4967 similitudinem
1222 4913 1523 4966 secundum
1586 4912 1851 4968 unitatem
1920 4911 2181 4978 eﬂieitur;
2242 4921 2296 4966 et

720 5005 845 5058 inde
878 5004 1115 5058 accurrit
1147 5003 1209 5055 ad
1236 5005 1477 5057 omnium
1513 5005 1959 5059 desiderabiliunt
1989 5020 2293 5068 summum,

719 5098 962 5151 divinam
987 5109 1034 5151 et
1072 5114 1236 5168 supra
1275 5109 1513 5152 menteut
1551 5107 1603 5152 et
1637 5096 1969 5151 inell‘abiletn
1994 5100 2279 5160 unionem,

718 5192 807 5260 qni
845 5200 927 5245 est
965 5208 1217 5245 summus
1254 5192 1555 5245 secundum
1592 5191 1757 5244 Deum
1797 5190 2088 5245 terminus.
2120 5189 2296 5260 Opor-

719 5294 797 5337 tet
835 5286 1003 5353 igitur
1050 5296 1284 5338 mentem
1324 5285 1555 5351 intendi,
1601 5284 1865 5353 omnique
1898 5284 2061 5337 modo
2102 5285 2293 5337 conari

717 5389 771 5432 et
823 5376 1027 5447 Spiritu
1101 5385 1294 5433 sancto
1373 5377 1571 5431 intueri
1640 5377 2072 5447 supernaturalis
2132 5378 2293 5431 unius

718 5472 1229 5541 cantctnplationem
1259 5482 1309 5525 et
1338 5480 1641 5541 aspectum.

788 5564 876 5618 ΞΟ.
910 5564 1139 5629 Quando
1168 5580 1321 5618 mens
1354 5565 1405 5616 itt
1432 5565 1619 5618 multis
1649 5573 1742 5617 attt
1770 5565 1959 5619 saltem
1990 5567 2041 5619 itt
2074 5565 2291 5620 duobus

717 5668 820 5721 est,
869 5658 1216 5711 manifestum
1271 5667 1354 5712 est
1414 5674 1533 5711 eant
1590 5674 1696 5711 non
1752 5659 2072 5727 simpliciter
2125 5676 2293 5713 unum

718 5751 926 5806 videre.
962 5750 1089 5804 Ideo
1122 5751 1271 5803 ﬁnita
1301 5760 1383 5804 est
1408 5760 1461 5803 et
1500 5752 1795 5805 terminata
1827 5762 1883 5805 et
1918 5752 2133 5820 tenuis;
2174 5770 2296 5823 qua:

718 5845 858 5899 enim
886 5859 987 5895 non
1013 5842 1238 5896 omnino
1264 5843 1531 5913 simplicia
1557 5853 1707 5907 sunt,
1730 5845 1853 5899 talia
1885 5856 2034 5901 sunt.
2063 5846 2295 5911 Quando

721 5952 869 5992 mens
898 5936 1069 6007 reipsa
1090 5945 1173 5991 est
1199 5936 1250 5990 in
1286 5935 1446 6007 hujus
1473 5937 1634 5994 unius
1664 5940 2043 5996 contractione
2069 5941 2294 6010 intacta,

2390 4761 2493 4797 που
2516 4741 2614 4796 τοῦ
2656 4741 2804 4794 θείου
2851 4741 2990 4793 κατὰ
3023 4739 3085 4792 τὸ
3116 4738 3235 4791 ἐνὸν
3288 4736 3605 4805 εὑρίσκεται
3630 4774 3645 4798 ,
3679 4731 3984 4786 κάντεῦθεν

2379 4827 2664 4897 ἀνατρέχει
2696 4825 2830 4896 πρὸς
2860 4824 2920 4877 τὸ
2953 4823 3169 4877 πάντων
3201 4822 3407 4889 ἐφετῶν
3441 4821 3632 4892 ἄκρον,
3652 4820 3751 4888 τὴν
3787 4820 3975 4883 θείαν,

2378 4923 2471 4975 καὶ
2507 4921 2647 4989 ὑπὲρ
2682 4918 2827 4980 νοῦν,
2883 4917 2975 4968 καὶ
3021 4916 3257 4986 ἄρρητον
3318 4912 3534 4977 ἕνωσιν,
3583 4912 3723 4981 ὅπερ
3754 4912 3905 4963 ἐστὶν
3938 4913 3971 4965 ὁ

2380 5017 2547 5083 ἄκρος
2586 5014 2727 5067 κατὰ
2771 5012 2902 5064 Θεὸν
2929 5009 3149 5071 σκοπός.
3182 5009 3272 5060 Δεῖ
3303 5007 3365 5076 δὴ
3405 5006 3493 5059 διὰ.
3534 5004 3686 5058 ταῦτ’
3721 5004 3833 5075 ἄρα
3872 5007 3969 5058 τὸν

2381 5106 2506 5159 νοῦν
2563 5102 2948 5165 ἀνατετᾶσθαι,
3004 5102 3218 5171 μηχανῇ
3268 5100 3415 5168 πάσῃ
3474 5097 3814 5165 ἐπείγεσθαι,
3871 5098 3973 5150 καὶ

2384 5196 2594 5265 ἀφορᾷν
2625 5192 2900 5263 Πνεῦμα-ιι
2950 5191 3086 5261 πρὸς
3148 5190 3246 5262 τὴν
3299 5186 3399 5242 τοῦ
3439 5187 3815 5257 ὑπερκοσμιου
3847 5186 3974 5251 ἐνὸς

2384 5289 2617 5359 θεωρίαν
2640 5287 2733 5339 καὶ
2754 5283 3072 5353 ἀπὸὀλεψιν.

2453 5563 2521 5618 κ’.
2562 5562 2730 5615 Ὅταν
2755 5558 2784 5612 ὁ
2814 5555 2935 5620 νοῦς
2982 5555 3041 5609 ὲν
3083 5550 3316 5613 πολλοῖς,
3415 5537 3829 5615 τούλάχιστονῇ
3867 5541 3977 5594 κᾶν

2383 5661 2441 5710 ὲν
2470 5654 2611 5719 δυσὶ,
2660 5652 2819 5721 δῆλον
2853 5651 2933 5703 ὅτι
2971 5647 3091 5716 οὐχὶ
3133 5645 3193 5697 τὸ
3227 5641 3411 5702 ἁπλῶς
3440 5638 3498 5692 ἓν
3522 5638 3645 5708 ὁρᾷ.
3678 5634 3779 5687 Διὰ
3810 5632 3978 5687 τοῦτο

2385 5744 2687 5817 ὡρισμένος
2714 5743 2772 5794 τέ
2804 5743 2940 5803 ἐστι,
2970 5738 3066 5790 καὶ
3090 5731 3531 5803 πεπερασμένος,
3575 5726 3673 5779 καὶ
3701 5725 3975 5817 ἀμυδρὸςο

2384 5815 2455 5892 τὰ
2484 5838 2588 5907 γὰρ
2628 5835 2702 5905 μὴ
2735 5831 3014 5893 ἁπολῦτως
3040 5829 3208 5892 ἁπλᾶ,
3242 5822 3467 5879 τοιαῦτα
3499 5822 3657 5873 εισιν.
3696 5816 3892 5871 Ἦνίκα
3920 5815 3982 5869 ει

2388 5932 2479 5987 τοῦ
2520 5932 2592 6003 τῷ
2622 5930 2732 5983 ὄντι
2778 5927 2893 5989 ἐνὸς
2928 5926 2982 5979 ἐν
3018 5922 3202 5993 ἐπαφῇ
3252 5919 3475 5985 γένηται
3506 5913 3796 5983 aventis-dp,
3834 5909 3986 5965 κατὰ.
