4266 6450
327 415 436 486 853

1479 422 1573 484 DE
1611 421 1788 484 VITA
1828 424 2464 488 CON'I'EMPLATIV’A
2478 474 2491 486 .

3477 429 3584 491 85$

337 544 532 616 voapiv
569 547 746 618 τούτῳ
800 548 856 600 ἐν
910 548 1192 618 Πνεῦματι
1236 547 1536 617 sumam
1590 549 2022 618 ἀνσμμάτωςΑΙ

1899 565 1984 618 ςΑ
2014 557 2109 611 per
2168 543 2506 611 spiritualem
2556 542 2609 593 in
2678 542 2780 596 hoc
2842 543 3035 609 spiritu
3098 555 3402 609 respectum
3463 543 3584 597 sine

335 639 637 705 ἐπιϐαλὼν,
669 640 927 708 ἄναρχος,
954 642 1202 711 ἄπειρος,
1229 641 1500 712 ἀόριστος,
1517 639 1922 712 ἀσχημάτιστός

334 748 394 784 τε
426 733 522 785 καὶ
563 733 807 796 ἁνείδεος
846 734 1077 801 γίνεται,
1110 734 1206 786 καὶ
1251 734 1349 803 τὴν
1381 735 1620 804 ἀφασίαν
1653 733 1919 799 ἐνδύεται,

335 826 431 878 καὶ
457 825 519 878 τὸ
551 826 763 897 σιωπᾷν
797 828 958 879 ἀσκεῖ
1006 829 1122 897 μετ’
1154 825 1490 897 ἐκπλήξεως,
1522 829 1614 881 καὶ
1649 827 1922 896 ἐμπίπλα·

334 933 424 969 ται
455 919 766 988 τερπωλῆς,
793 919 887 972 καὶ
921 919 1118 988 πάσχει
1143 920 1211 974 τὰ
1239 920 1601 991 ἁνεκλὰλητα,’
1630 922 1762 973 Ἀνα
1775 937 1920 991 ρχον,

337 1011 431 1062 καὶ
483 1010 712 1079 ἄπειρον
757 1011 836 1075 δέ,
886 1013 982 1066 καὶ
1034 1013 1312 1083 ἀόριστον,
1352 1013 1425 1084 μὴ
1457 1014 1580 1066 κατ’
1612 1013 1802 1066 οὐσίαν
1855 1029 1921 1082 με

333 1100 500 1170 εἴπῃς
558 1101 790 1166 λέγοντα
850 1100 1177 1169 γίγνεσθαι,
1243 1103 1378 1156 ἀλλὰ
1439 1102 1560 1156 κατ’
1619 1103 1918 1172 ἐνέργειαν.

2013 635 2189 688 oculis
2222 651 2538 705 assurgens,
2597 647 2725 690 tunc
2775 643 3000 700 a:t'erna’,
3049 635 3284 700 infinita,
3337 637 3585 692 intermi-

2014 740 2170 792 nata,
2229 729 2353 783 sine
2405 727 2578 781 l‘onna
2632 738 2686 781 et
2737 727 2905 797 ﬁgura
2956 727 3034 792 tit,
3092 728 3580 798 impotentiamque

2014 820 2274 888 loquendi
2315 821 2510 884 induit,
2548 822 2709 874 silere
2734 836 2855 874 cum
2877 830 3098 890 stupore
3129 823 3310 884 discit.
3350 832 3405 877 et
3440 823 3582 877 inef-

2013 910 2196 965 fabilia
2239 911 2459 979 patitur.
2499 910 2576 965 Ne
2613 911 2767 965 dicas
2799 926 2884 965 me
2910 913 3117 967 dixisse
3140 928 3260 967 eam
3303 914 3419 968 ﬂeri
3455 914 3587 968 sub-

2009 1005 2345 1060 stantialiter
2366 1015 2620 1058 aeternam
2640 1017 2693 1060 et
2714 1005 2980 1058 infinitam
3009 1012 3059 1058 et
3083 1021 3189 1058 non
3212 1008 3584 1067 terminatam.

2010 1100 2105 1151 sed
2160 1097 2502 1150 solummodo
2561 1103 2656 1165 per
2689 1099 3089 1167 Operationem.
3144 1096 3300 1164 Quod
3348 1101 3492 1154 enim
3529 1102 3582 1153 in

349 1193 587 1247 Ἐπείτοι
641 1209 704 1260 γε
765 1193 864 1245 καὶ
907 1193 936 1246 δ
978 1194 1304 1264 μεταϐάλλει
1351 1196 1495 1260 νοῦς,
1541 1196 1638 1265 οὐχ
1677 1197 1708 1265 ἡ
1765 1193 1923 1248 οὐσία

334 1283 486 1335 ἐστὶν
510 1284 697 1346 αὑτοῦ,
729 1283 845 1337 ἀλλ’
868 1285 900 1352 ἡ
933 1281 1207 1354 ἐνέργεια.
1255 1286 1316 1338 El
1343 1287 1451 1355 γάρ
1479 1302 1560 1338 τοι
1590 1285 1710 1338 κατ’
1735 1283 1925 1337 οὐσίαν

333 1376 618 1444 ἠλλοίωτο,
659 1375 782 1430 ίδὼν
821 1377 920 1430 καὶ
950 1377 1137 1431 παθὼν
1160 1379 1258 1447 τὴν
1289 1378 1503 1441 θέωσιν,
1536 1377 1652 1448 ἦτοι
1677 1376 1922 1441 θεωθεὶς,

334 1470 401 1520 ἐκ
429 1469 527 1521 τοῦ
565 1471 659 1522 τὸν
705 1467 840 1523 Θεὸν
894 1469 1144 1541 θεωρεῖν,
1187 1467 1256 1538 ἦν
1283 1469 1349 1522 ἂν
1389 1470 1510 1523 κατ’
1545 1471 1735 1524 οὐσίαν
1769 1469 1923 1533 Θεὸς.

348 1560 630 1630 Ἀλλαμὴν
673 1561 772 1614 οὐκ
804 1562 917 1615 ἐστι
946 1562 1127 1626 τοῦτο,
1163 1556 1271 1616 οὐδ*
1304 1563 1370 1615 ἂν
1416 1562 1523 1615 τῶν
1559 1563 1807 1631 ἀγγέλων
1834 1563 1926 1615 οὐ·

331 1651 466 1715 δεῖς,
519 1651 659 1722 πλὴν
703 1653 797 1705 τοῦ
833 1654 1020 1722 μόνον,
1047 1654 1142 1708 καὶ
1174 1656 1366 1725 ἄκρου,
1393 1655 1489 1708 καὶ
1523 1655 1642 1718 ἐνὸς
1676 1654 1834 1718 Θεοῦ,
1864 1653 1925 1707 τὸ
2012 1679 2016 1701 ι

1900 1653 1925 1706 δ
2012 1656 2304 1722 contingit,
2344 1669 2443 1708 nec
2472 1666 2553 1706 est
2605 1653 2712 1707 nisi
2748 1653 2898 1708 solus
2951 1659 3005 1708 et
3052 1668 3303 1707 sumnms
3334 1663 3386 1706 et
3444 1668 3585 1706 unus

335 1743 459 1795 κατ’
496 1742 687 1795 οὐσίαν
725 1739 864 1796 εἶναι
889 1744 1045 1808 Θεός.
1098 1746 1157 1798 Ei
1186 1747 1367 1798 τοίνυν
1397 1748 1519 1799 κατ’
1553 1745 1742 1799 οὐσίαν
1773 1744 1926 1797 θεοῦ-
2014 1767 2020 1801 ε

1905 1773 1926 1783 -
2014 1747 2452 1802 substantialiter
2491 1746 2653 1799 Deus.
2686 1742 2745 1799 Si
2772 1744 2935 1813 igitur
2956 1744 3257 1798 absurdum
3295 1750 3375 1796 est
3401 1745 3583 1799 dicere

337 1834 464 1886 σθαι
498 1834 592 1888 τὸν
622 1835 748 1888 νοῦν
803 1838 980 1889 εἰπεῖν
1027 1838 1248 1901 ἄτοπον,
1281 1837 1526 1890 λείπεται
1554 1838 1734 1904 λέγειν
1766 1838 1924 1889 τοῦτο
2015 1857 2022 1891 ς

1897 1853 1924 1888 ο
2015 1851 2250 1893 mentem
2279 1840 2716 1893 substantialiter
2744 1838 3006 1898 deiﬁcari.
3039 1836 3329 1892 dicendum
3351 1846 3434 1891 est
3464 1851 3582 1890 eam

338 1927 573 1996 πάσχειν
623 1929 808 1992 αὑτὸν,
844 1929 994 1998 αὐτῷ
1027 1930 1104 2000 τῷ
1135 1931 1288 2000 ὁρᾷν.
1323 1931 1436 1982 Οὐκ
1467 1931 1574 2000 ἄρα
1606 1932 1768 1998 φύσιν
1813 1930 2023 1999 ἐχειΒ’ἱ

1909 1932 2065 1992 ιΒ’ἱ«Ι
2113 1935 2220 2001 pati
2273 1934 2392 2002 ipso
2424 1943 2670 2002 aspectu.
2727 1926 2846 1985 Non
2908 1931 3075 2001 igitur
3135 1941 3328 1984 natura
3392 1930 3588 1982 mentis

339 2020 686 2074 ἀλλοιοῦσθαι
724 2022 824 2091 τὴν
871 2022 1062 2075 οὐσίαν
1094 2023 1278 2088 αὑτὸν,
1312 2024 1450 2078 ἀλλὰ
1491 2025 1590 2094 τὴν
1619 2025 1920 2094 ἐνέργειαν,
2019 2043 2024 2077 l

1906 2065 1920 2088 ,
2019 2033 2302 2086 ululatur,
2325 2024 2416 2078 sed
2445 2023 2565 2092 ejus
2599 2023 2865 2091 operatio.
2891 2021 2944 2077 Si
2978 2021 3120 2075 enim
3147 2037 3298 2075 mens
3325 2030 3587 2079 mutatur,

337 2111 515 2175 ἄλλως
544 2130 626 2176 τε,
653 2115 701 2166 εἰ
734 2115 1128 2182 μεταϐάλλεται
1169 2117 1490 2184 πεφυκότως
1529 2118 1558 2169 ὁ
1599 2116 1743 2179 νοῦς,
1780 2113 1926 2190 ᾗπερ
2015 2133 2022 2169 t

1902 2135 1926 2187 ρ
2015 2126 2077 2173 ut
2114 2116 2318 2170 dictum
2375 2125 2479 2176 est,
2530 2115 2831 2169 secundum
2887 2131 2947 2167 ea
2985 2131 3106 2182 qua:
3162 2113 3587 2179 contemplatur,

338 2206 574 2274 είρηται,
606 2206 743 2258 κατὰ
767 2205 835 2259 τὰ
858 2207 1006 2275 αὑτῷ
1030 2208 1402 2279 θεωρούμενα,
1424 2211 1620 2281 θεωρεῖ
1644 2211 1700 2263 δέ
1722 2211 1924 2280 ἥκιστα
2016 2230 2023 2267 ι

1900 2227 1924 2261 ιι
2016 2214 2244 2267 minime
2276 2211 2418 2265 videt
2458 2210 2697 2263 divinam
2731 2211 3047 2273 essentiam,
3080 2208 3172 2262 sed
3215 2206 3585 2276 operation-un

338 2295 560 2347 πάντων
589 2297 689 2367 τὴν
735 2297 887 2349 Θείαν
936 2299 1147 2363 οὐσίαν,
1181 2301 1318 2354 ἀλλὰ
1351 2301 1450 2371 τὴν
1477 2302 1779 2370 ἐνέργειαν,
1813 2299 1924 2352 οὐδ’
2017 2326 2023 2354 ι

1903 2299 1924 2349 5'
2017 2305 2299 2370 divinam;
2339 2321 2513 2369 neque
2547 2305 2661 2373 ipsa
2696 2303 2863 2371 igitur
2883 2299 3321 2354 substantialitcr
3352 2297 3588 2352 mutabi-

339 2384 504 2447 αὐτὸς
552 2383 662 2454 ἄρα
692 2386 814 2439 κατ’
872 2385 1064 2440 οὐσίαν
1099 2387 1549 2456 ἀλλοιωθήσεται,
1607 2386 1744 2439 ἀλλὰ
1801 2385 1923 2439 κατ’
2019 2406 2024 2449 ι

1349 2389 1549 2456 ἧπται,
1607 2386 1744 2439 ἀλλά
1801 2385 1923 2439 κατ’
2019 2406 2129 2461 tur,
2165 2395 2258 2451 sed
2302 2400 2603 2452 secundum
2638 2394 3034 2465 operationem.

337 2477 648 2547 ἐνέργειαν.

413 2578 520 2624 κα’.
554 2570 637 2623 Τὰ
684 2571 861 2624 πάντα
908 2573 974 2624 ἐκ
1015 2571 1110 2624 τοῦ
1163 2571 1538 2642 ὑπερκοσμίου
1577 2573 1696 2634 ἐνὸς
1737 2571 1926 2642 ὥσπερ

337 2663 722 2732 ἐκλάμψαντα,
749 2665 850 2716 οὐκ
875 2665 1216 2734 ἀπέστησαν,
1247 2665 1371 2718 ὃθεν
1406 2666 1563 2734 ἔσχον
1584 2665 1685 2736 τὴν
1711 2666 1927 2734 γένεσιν

337 2755 530 2822 τρόπῳ
557 2756 743 2817 παντὶ,
776 2755 892 2807 ἀλλ’
943 2757 1000 2808 ἐν
1028 2756 1225 2826 ἐκείνῳ
1274 2755 1462 2826 ὥσπερ
1492 2757 1758 2824 ἐγένοντο,
1786 2754 1929 2809 οὕτω

339 2849 436 2900 καὶ
467 2848 803 2914 συνέχονται,
851 2847 944 2899 καὶ
983 2846 1337 2901 τελειοῦνται.
1383 2848 1492 2901 Καὶ
1517 2848 1670 2900 οὐδέν
1702 2850 1848 2900 ἐστιν
1872 2850 1929 2901 ἐν

332 2942 515 2994 οὐδενὶ
549 2940 657 2992 τῶν
693 2940 966 3002 ἁπάντων,
1023 2940 1080 2991 ἐν
1123 2933 1167 3007 ᾧ
1211 2940 1310 2992 οὒκ
1338 2941 1484 2992 ἔστιν
1513 2942 1803 3010 ἁπόρῤοια,
1836 2942 1930 2995 καὶ

2012 1199 2197 1246 tuente
2223 1197 2493 1254 mutatur,
2529 1205 2635 1243 non
2671 1205 2804 1245 sane
2833 1201 2917 1245 est
2942 1191 3276 1256 substantia,
3320 1193 3411 1245 sed
3449 1209 3584 1260 ope-

2015 1284 2174 1338 ratio.
2222 1282 2278 1338 Si
2320 1284 2467 1338 enim
2516 1283 2947 1337 substanttabter
2990 1291 3314 1348 mutaretur,
3366 1287 3587 1353 quando

2013 1374 2275 1430 Deitatem
2317 1374 2464 1428 videt
2511 1386 2563 1428 et
2597 1376 2825 1444 patitur,
2885 1374 3136 1428 deillcata
3187 1390 3402 1443 nempe,
3444 1384 3576 1427 tunc

2011 1483 2074 1521 ex
2111 1467 2204 1521 Dei
2241 1468 2724 1535 contemplatione,
2765 1467 2910 1521 Deus
2959 1465 3076 1535 ipsa
3111 1481 3206 1535 per
3240 1468 3584 1535 contempla-

2011 1557 2214 1613 tionem
2253 1558 2424 1612 ﬁeret.
2481 1557 2588 1612 Sed
2642 1575 2748 1613 non
2783 1560 2856 1612 ita
2893 1569 3000 1619 est.
3055 1574 3235 1628 neque
3271 1561 3320 1612 id
3377 1561 3585 1628 angelis

2087 2577 2178 2630 2i.
2206 2575 2400 2628 Omnia
2442 2589 2504 2627 ex
2540 2571 2943 2643 snpernaturali
2980 2587 3088 2624 uno
3113 2580 3370 2639 tanquam
3405 2571 3588 2639 splen-

2021 2669 2226 2735 dentia,
2255 2684 2362 2722 non
2397 2675 2741 2721 recesserunt
2781 2667 2850 2719 ab
2889 2681 2953 2718 eo
2989 2665 3133 2718 unde
3168 2665 3588 2734 generationem

2019 2762 2337 2817 omnimodo
2395 2760 2653 2821 habuere,
2719 2759 2814 2813 sed
2873 2759 2924 2811 in
2988 2758 3081 2811 illo
3132 2751 3588 2826 quemadmodum

2020 2866 2140 2907 acta
2203 2861 2351 2913 sunt,
2389 2851 2462 2904 ita
2520 2861 2574 2904 et
2644 2850 2934 2903 adluerent
2980 2857 3032 2903 et
3087 2849 3467 2917 perﬁciuntur.
3527 2847 3590 2901 Et

2022 2946 2160 2998 nihil
2193 2956 2275 2997 est
2312 2946 2362 2997 in
2397 2961 2506 3012 quo
2555 2960 2661 2996 non
2694 2945 2765 2998 sit
2790 2939 3044 3003 eiiiuxus,
3078 2951 3131 2994 et
3166 2952 3423 3010 tanquam
3460 2944 3593 2996 odor

337 3035 547 3086 ὡσανεί
600 3050 684 3095 τις
720 3032 865 3102 ὀσμὴ
911 3033 1122 3085 ἐκείνου
1157 3033 1250 3085 τοῦ
1312 3034 1618 3105 ποιητικοῦ,
1655 3038 1748 3090 καὶ
1777 3037 1927 3100 ὄντος

1908 3055 1927 3100 ς
2023 3037 2221 3104 aliquis
2247 3035 2409 3103 hujus
2454 3035 2731 3090 Creatoris
2775 3043 2828 3086 et
2861 3034 3043 3088 unius.
3103 3035 3169 3087 Et
3228 3033 3411 3087 omnia
3472 3050 3593 3102 qua:

338 3129 460 3190 ἐνός
485 3145 498 3158 ·
535 3127 629 3178 καὶ
663 3127 838 3178 πάντα
872 3125 939 3176 τὰ
985 3125 1133 3186 ὄντος
1165 3128 1456 3194 μετέχοντα
1493 3131 1775 3198 μονονουχὶ
1813 3148 1925 3199 φω-
2022 3161 2023 3164 η

1910 3159 1925 3170 -
2022 3129 2294 3182 exsistunt
2324 3127 2612 3181 manifeste
2643 3127 2941 3181 ostendunt
2972 3143 3079 3180 non
3112 3127 3291 3196 ipsum
3325 3143 3595 3197 superna-

337 3222 438 3289 νὴν
465 3220 679 3288 ἀφιᾶσι,
729 3217 1165 3286 παραδεικνύντα
1208 3219 1328 3288 οὐχὶ
1375 3219 1433 3270 τὺ
1460 3221 1829 3290 ὑπερκὸσμιον
1870 3220 1990 3290 ἕνη

1905 3239 1990 3290 νη
2025 3221 2200 3272 turale
2232 3232 2397 3272 unutn
2454 3219 2608 3285 (illud
2640 3219 2783 3272 enim
2843 3225 2928 3272 est
2987 3232 3154 3287 supra
3193 3233 3410 3271 onmem
3460 3235 3590 3272 cou-

339 3313 524 3374 (τοῦτο
570 3310 678 3380 γὰρ
731 3309 1084 3379 ὑπερίδρυται
1136 3309 1314 3379 πάσης
1343 3310 1444 3380 τῆς
1491 3311 1781 3364 ὁποιασοῦν
1817 3308 1991 3365 εἴτευ

1904 3308 1991 3365 εν
2029 3308 2432 3376 tetnplntionem
2494 3316 2587 3361 aut
2645 3308 3109 3377 COgitationem),
3176 3309 3268 3362 sed
3325 3310 3589 3377 quosdam

337 3407 602 3476 Θεωρίας,
638 3405 746 3455 εἴτε
778 3401 1061 3472 νοήσεως),
1091 3403 1223 3454 ἀλλά
1264 3420 1384 3455 τινα
1413 3405 1605 3456 ἀκτῖνα
1638 3405 1729 3456 τοῦ
1758 3406 1925 3475 ὑπερ⁴

1907 3435 1925 3447 -
2025 3400 2176 3456 illius
2204 3400 2406 3454 radios.
2440 3399 2617 3467 Unde,
2655 3415 2779 3452 cum
2807 3400 3065 3453 omnibus
3096 3400 3424 3454 inclametnr
3460 3401 3592 3453 illud

338 3495 573 3563 κοσμίου
628 3493 761 3554 ἐνός.
807 3491 969 3544 Ὀοεν
998 3493 1119 3544 ἐπεὶ
1160 3492 1247 3544 διὰ
1279 3492 1494 3545 πάντων
1545 3495 1830 3547 ἐπιϐοᾶται
1863 3497 1926 3548 τὸ

1909 3498 1926 3548 i
2027 3501 2192 3549 unum
2227 3504 2280 3549 et
2309 3495 2490 3547 omnia
2521 3493 2585 3546 ad
2621 3507 2788 3546 unum
2833 3492 3080 3558 tendant,
3120 3501 3173 3546 et
3196 3492 3370 3561 ipsum
3404 3507 3594 3558 super-

337 3581 421 3643 ἐν,
460 3580 556 3631 καὶ
594 3579 771 3631 πάντα
812 3578 955 3631 νεύει
1004 3581 1139 3648 πρὸς
1182 3579 1261 3641 ἓν,
1291 3581 1385 3633 καὶ
1413 3583 1543 3634 αὐτὸ
1595 3585 1658 3636 τὸ
1690 3585 1927 3655 ὑπερκό-

1910 3617 1927 3627 -
2023 3587 2271 3640 naturale
2327 3601 2494 3639 unum
2530 3586 2771 3653 seipsum
2809 3584 2975 3636 menti
3008 3600 3102 3652 per
3130 3599 3315 3638 omnia
3369 3584 3595 3638 manife-

339 3690 505 3739 σμιον
535 3671 594 3724 ἓν
632 3671 720 3724 διὰ
748 3671 968 3724 πάντων
1014 3673 1121 3723 τῶν
1151 3672 1318 3724 ὄντων
1353 3674 1642 3742 προφαίνει
1671 3679 1828 3730 ἐαυτδ
1851 3677 1928 3746 τῷ

1909 3677 1928 3729 3
2029 3691 2156 3743 stet,
2195 3693 2415 3733 necesse
2465 3686 2550 3732 εει
2583 3687 2640 3729 ιιι
2682 3692 2835 3730 mens
2864 3682 3017 3746 quasi
3061 3691 3222 3729 manu
3270 3676 3503 3729 ducatur
3539 3689 3594 3731 et

337 3765 422 3817 νοΐ
446 3780 460 3793 ο
507 3763 723 3831 ἀνάγκη
769 3765 1250 3832 χειραγωγεῖσθαι,
1303 3765 1392 3816 καὶ
1427 3765 1797 3837 ποδηγεῖσθαι,
1831 3771 1929 3824 καὶ

1908 3771 1929 3824 l.
2025 3775 2158 3845 pede
2221 3772 2287 3825 ad
2355 3771 2485 3826 illud
2539 3770 2961 3840 superuaturale
3025 3783 3236 3833 unum;
3300 3777 3413 3820 tum
3465 3769 3593 3837 quia

339 3857 576 3924 ἄγεσθαι
632 3857 771 3925 πρὸς
830 3856 892 3908 τὸ
938 3855 1314 3924 ὑπερκόσμιον
1358 3857 1416 3910 ἓν
1460 3858 1552 3911 τὸν
1581 3860 1739 3912 νοῦν·
1769 3862 1928 3915 τοῦτο
2023 3900 2024 3909 η

1906 3880 1928 3915 0
2023 3869 2269 3923 omnium
2329 3867 2685 3937 persuasione
2731 3863 2964 3935 cogitur,
3028 3875 3138 3916 tum
3208 3873 3262 3916 et
3321 3878 3385 3916 eo
3451 3863 3591 3931 quod

340 3951 470 4021 μὲν,
502 3952 569 4019 τῇ
598 3949 707 4000 τῶν
737 3948 945 4001 πολλῶν
978 3949 1148 4001 ὄντων
1195 3950 1370 4002 πειθοῖ
1401 3950 1740 4021 βιαζόμενον,
1773 3955 1928 4007 τοῦτο

1909 3973 1928 4007 3
2025 3963 2198 4030 ipsum
2241 3961 2368 4013 illud
2405 3975 2592 4022 unum,
2645 3959 2809 4010 nimia
2870 3971 2968 4010 sua
3022 3955 3283 4020 bonitate,
3337 3969 3367 4008 a
3417 3965 3594 4007 mente

323 4046 396 4098 .δέ
425 4043 522 4096 καὶ
561 4043 644 4094 ὅτι
674 4041 736 4092 τὸ
780 4037 968 4103 κτίξον
1007 4039 1085 4104 ἓν,
1126 4044 1251 4111 περὶ
1295 4036 1357 4094 οὗ
1391 4058 1460 4110 γε’
1491 4046 1620 4112 ἡμῖν
1657 4046 1754 4115 ἤδη
1785 4049 1812 4098 ὀ
1843 4047 1929 4099 λὸ..

1911 4080 1929 4092 -
2027 4053 2454 4121 vultaspeitan',
2482 4060 2537 4102 ut
2569 4064 2721 4103 mens
2753 4051 2806 4102 in
2840 4065 2907 4102 eo
2946 4059 3174 4115 aspectu
3218 4049 3382 4100 vitam
3427 4046 3596 4116 patia-

337 4154 434 4204 γος
466 4134 606 4194 ἐστὶ,
658 4132 905 4203 βούλεται
960 4133 1193 4201 ὁρᾶσθαι
1234 4134 1338 4186 ὑπὸ
1371 4135 1464 4186 τοῦ
1496 4135 1611 4198 νοὸς
1641 4138 1929 4208 περιουσίᾳ

1906 4152 1929 4208 ιι
2022 4156 2137 4206 tnr,
2202 4145 2655 4214 quotmulmodum
2719 4142 2851 4194 dicit
2908 4140 3039 4192 illud
3089 4138 3363 4193 inelIabile
3401 4155 3591 4202 unum,

335 4227 736 4300 χρηστότητος,
760 4225 826 4277 ἵν’
853 4227 881 4277 ὀ
914 4224 1036 4287 νοῦς
1065 4227 1121 4277 ἐν
1171 4225 1347 4294 τούτῳ
1381 4227 1564 4297 πάσχῃ
1617 4228 1677 4280 τὸ
1707 4227 1825 4298 ζῇν,
1852 4229 1928 4292 ὡς

1908 4247 1928 4292 ς
2029 4258 2048 4288 ι
2077 4239 2191 4307 Ego
2237 4252 2358 4290 sum
2395 4238 2540 4300 vita;
2591 4253 2608 4277 ι
2645 4243 2699 4288 et
2735 4253 2750 4289 :
2794 4252 2810 4283 ι
2841 4233 2962 4285 Ilaec
2994 4240 3080 4285 est
3131 4231 3241 4284 vita
3296 4239 3498 4284 aeterna
3535 4240 3593 4284 ut

335 4318 476 4372 αὐτὸ
510 4334 644 4386 φησι
687 4315 750 4368 τὸ
778 4317 1019 4386 ᾶρρητον
1049 4316 1109 4368 ἐν
1135 4333 1150 4349 ο
1188 4316 1359 4384 «Ἐγώ
1412 4319 1525 4386 εἰμι
1556 4321 1588 4389 ή
1636 4320 1777 4388 ζωή·
1833 4320 1929 4371 καὶ

1907 4320 1929 4370 i-
2024 4342 2359 4402 eognoscant
2416 4340 2469 4384 te
2523 4330 2699 4385 solum
2763 4326 2928 4380 Deum
2963 4340 3189 4393 verum;
3224 4344 3243 4376 ι
3297 4336 3351 4380 et
3416 4325 3592 4380 alibi:

333 4411 481 4479 αῦτη
509 4411 660 4462 ἐστὶν
687 4410 720 4479 ἡ
751 4408 971 4472 αἰώνιος
997 4408 1130 4478 ζωὴ,
1168 4410 1254 4462 ἶνα
1281 4409 1591 4476 γινώσκωσί
1617 4428 1676 4463 σε
1717 4411 1808 4464 τδν
1834 4412 1929 4482 μό-

1905 4441 1929 4451 ·
2031 4444 2048 4474 ι
2080 4425 2312 4487 Qtuerile
2362 4421 2648 4473 Dominum
2693 4428 2746 4472 et
2780 4420 2920 4470 Vivet
2967 4416 3145 4470 anima
3202 4427 3410 4471 vestra.
3448 4435 3467 4467 ι
3512 4415 3589 4471 Ex

333 4523 429 4556 νον
455 4501 710 4570 ἀληθινὸν
735 4500 920 4553 Θεόν.»
954 4502 1061 4554 Καὶ
1088 4501 1323 4572 ἀλλαχοῦ
1347 4519 1360 4531 '
1398 4522 1415 4554 ι
1439 4503 1809 4572 Ἐκζητήσατε
1839 4504 1930 4556 τὸν

1905 4520 1930 4556 ν
2028 4515 2382 4581 inquisitione
2431 4514 2575 4566 enim
2615 4511 2791 4577 visio;
2837 4526 2901 4563 ex
2932 4523 2993 4560 ea
3051 4519 3234 4562 autem
3295 4511 3426 4564 vita.
3492 4510 3590 4562 Et:

335 4595 570 4663 Κύριον.
606 4592 702 4645 καὶ
737 4589 966 4661 ζήσεται
999 4592 1032 4660 ὴ
1083 4590 1227 4660 ψυχὴ
1255 4590 1447 4660 ἡμῶν·
1501 4593 1562 4643 ἐκ
1617 4591 1724 4659 γὰρ
1769 4591 1931 4660 ζητή-
1955 4634 1996 4686 D

1913 4619 1996 4686 ὐ
2033 4628 2048 4657 ι
2075 4605 2434 4667 Exhilaretur,
2494 4612 2546 4657 et
2588 4602 2951 4663 illuminetnr,
3014 4609 3068 4654 et
3106 4601 3343 4666 lactetur,
3404 4611 3462 4654 ut
3514 4603 3591 4653 ait

335 4705 505 4749 σεως,
559 4688 592 4756 ἡ
649 4686 860 4755 ὅρασις.
925 4683 1020 4735 Ἐκ
1079 4683 1286 4752 ταύτης
1337 4681 1412 4745 δέ,
1482 4685 1512 4750 ἡ
1575 4682 1705 4752 ζωή.
1747 4701 1764 4732 ι
1798 4681 1985 4745 Καὶ,-

1913 4681 1985 4745 v-
2027 4699 2217 4763 David,
2253 4697 2396 4764 quod
2450 4696 2747 4748 laztantium
2801 4693 3039 4746 omnium
3085 4693 3348 4747 habitatio
3400 4703 3482 4746 est
3541 4693 3592 4744 in

341 4779 572 4839 «Ὅπως
608 4777 865 4842 γάννυτο,
923 4774 1019 4827 καὶ
1067 4773 1377 4842 φωτίζοιτο,
1425 4775 1521 4826 καὶ
1561 4773 1927 4843 εὐφραίνοι-ιο,

1902 4799 1927 4840 ’ν
2030 4800 2114 4855 te;
2142 4808 2160 4839 ι
2200 4797 2286 4843 et:
2322 4805 2339 4836 ι
2389 4786 2445 4838 In
2487 4785 2689 4838 lumine
2717 4793 2808 4837 tuo
2842 4783 3148 4836 vidi-bimus
3186 4783 3427 4837 lumen.»
3485 4781 3587 4835 Ant

327 4871 411 4932 ὡς
445 4871 472 4922 ὁ
503 4867 668 4920 Δαϐἰδ
724 4882 912 4936 φησιν,
945 4866 1028 4918 ὅτι
1074 4864 1182 4917 τῶν
1225 4865 1667 4936 εὐφραινομένων
1711 4864 1930 4917 πάντων

1904 4881 1930 4917 ν
2030 4880 2300 4949 quomodo
2332 4887 2565 4932 mentem
2608 4877 2825 4946 quidem
2874 4876 3274 4943 eonletnplantli
3335 4889 3589 4943 capacem

329 4973 364 5042 ἠ
396 4968 662 5027 κατοικία
690 4969 749 5020 ἐν
773 4966 876 5020 σοί.
910 4984 930 5017 ι
967 4965 1075 5018 Καί
1101 4980 1116 4995 ⁸
1161 4982 1180 5015 ι
1204 4966 1293 5016 Ἐν
1320 4965 1396 5035 τῷ
1433 4966 1574 5032 φωτί
1607 4982 1701 5018 σου
1737 4967 1937 5038 ὀψόμε-

1911 4998 1937 5009 ·
2027 4975 2255 5036 crearit,
2321 4983 2419 5025 sua
2452 4986 2580 5024 vero
2633 4971 2685 5023 iu
2737 4969 2992 5022 omnibus
3056 4983 3394 5035 quatcunque
3447 4979 3593 5030 sunt,

330 5065 408 5118 θα
435 5063 574 5132 φῶς.
606 5079 625 5112 ι
686 5059 759 5112 Ἦ
809 5058 928 5121 πῶς
956 5057 1047 5109 τὸν
1083 5057 1184 5126 μὲν
1235 5056 1360 5109 νοῦν
1405 5057 1588 5110 ἔκτισε
1618 5059 1842 5129 θεωρδν,
1870 5061 1940 5114 τὰ

1909 5061 1940 5114 ἀ
2027 5068 2307 5136 dispersit,
2345 5081 2439 5135 per
2485 5079 2606 5134 qua;
2645 5073 2900 5128 tauquam
2938 5075 3033 5128 per
3083 5061 3345 5129 quasdam
3402 5061 3594 5128 januas

334 5153 534 5208 ἑαυτοῦ
563 5151 621 5204 δέ
652 5153 713 5202 ἐν
739 5150 911 5201 ἅπασι
932 5141 1188 5211 τοῖς-οὖσι
1216 5147 1514 5218 διέσπειρε.
1541 5150 1607 5201 δι’
1634 5142 1729 5212 ὧν,
1748 5148 1938 5220 ὥσπερ

1908 5169 1938 5220 ρ
2031 5161 2082 5212 in
2118 5158 2406 5227 splendore
2472 5154 2736 5223 spiritueli
2794 5153 2959 5206 menti
3027 5154 3266 5220 seipsnm
3335 5152 3592 5216 osuettdtt,

331 5248 424 5302 διά
450 5262 617 5300 τινων
649 5243 883 5311 θυρίδων
903 5241 968 5293 ’ἐν
998 5240 1336 5310 διαυγασμῷ-
1353 5241 1525 5310 νοερῷ
1546 5241 1623 5310 τῷ
1649 5241 1731 5294 νοῒ
1760 5260 1939 5312 παρα-

1391 5241 1525 5310 θερῷ
1546 5241 1623 5310 τῷ
1649 5241 1731 5294 νοτ
1760 5260 1939 5312 παρα·
2030 5274 2144 5309 eam
2181 5254 2536 5307 illutttinntum
2565 5251 2630 5304 ad
2658 5264 2717 5304 se
2756 5249 3076 5303 attrahens?

334 5340 696 5405 δεικνύμενον
723 5334 908 5402 θέλγει
939 5332 1124 5385 κινοῦν
1156 5330 1347 5385 τοῦτον
1378 5333 1515 5403 πρὸς
1549 5333 1710 5386 ἑαυτὸ
1735 5333 1936 5405 ἐλλαμ-

334 5433 578 5504 πόμενον
605 5444 621 5494 ;

407 5523 516 5595 κβ’.
557 5522 618 5575 Ὀ
647 5520 802 5583 Θεὸς,
836 5520 975 5589 ὅπερ
997 5517 1117 5571 ἐστὶ
1143 5518 1204 5570 τὸ
1243 5519 1288 5571 Τ
1291 5517 1532 5590 ριαδικδν
1566 5518 1768 5585 ἀγαθὸν
1799 5517 1878 5581 ἓν,
1909 5518 1938 5571 ὃ

335 5614 636 5681 πεποίηκε,
688 5610 861 5662 θέλων
897 5607 1233 5678 πεποίηκενο
1266 5607 1518 5678 ἀλλαμὴν
1562 5607 1590 5661 ὃ
1619 5608 1646 5659 ὁ
1690 5607 1823 5671 Θεὸς
1851 5608 1938 5660 θέ-

333 5709 440 5770 λει,
476 5707 652 5775 ἄκρον
679 5705 831 5758 ἐστὶν
859 5703 1067 5770 ἀγαθόν
1091 5718 1107 5734 '
1139 5701 1301 5770 φύσις
1335 5702 1445 5774 γάρ
1483 5703 1690 5770 ἐστινὴ
1730 5702 1934 5770 ἀγαθά.

334 5818 435 5868 της
464 5795 641 5866 aurci»:
672 5794 950 5865 Πεποίηκε
993 5792 1276 5863 τοιγάρτοι
1311 5792 1406 5846 τὸν
1455 5792 1601 5854 νοῦν,
1653 5792 1871 5858 ἐαυτοῦ,
1905 5793 1937 5864 ἦ

335 5894 446 5948 τῶν
492 5891 697 5946 ἑαυτοῦ
733 5890 968 5961 θεωρόν*
1012 5889 1040 5944 ὃ
1075 5890 1329 5958 συνάγειν
1357 5884 1464 5944 οἶδε
1492 5888 1581 5942 τὸν
1629 5887 1939 5958 θεωροῦντα

2099 5527 2188 5581 9.2.
2234 5525 2397 5582 Deus.
2427 5526 2624 5590 nempe
2659 5533 2824 5571 unum
2860 5518 3062 5570 bonum
3097 5515 3149 5568 in
3173 5512 3350 5566 trih‘us
3401 5525 3595 5581 perso-

2029 5623 2112 5675 nis
2144 5621 2330 5671 voli-ns
2372 5614 2497 5668 fecit
2517 5610 2776 5680 quidquid
2815 5605 3071 5673 fecit;sed
3112 5605 3257 5674 quod
3290 5597 3432 5657 Deus
3456 5603 3596 5667 vult,

2031 5712 2160 5766 illud
2203 5721 2474 5761 summum
2513 5704 2716 5757 bonum
2749 5707 2855 5762 est;
2887 5707 3082 5752 natura
3125 5695 3271 5748 enim
3325 5692 3443 5760 eius
3509 5705 3594 5746 εει

2029 5803 2264 5856 bonitas.
2298 5797 2448 5850 Fecit
2473 5810 2602 5850 vero
2637 5804 2868 5847 mentem
2898 5790 3007 5854 sui,
3055 5796 3148 5841 aut
3181 5799 3402 5840 suorum
3458 5799 3595 5838 eon-

2029 5891 2327 5950 ιριιιυ1.ιιειίί
2354 5902 2606 5952 capacem
2639 5903 2652 5953 ;
2691 5884 2832 5955 quod
2861 5881 3312 5948 contemplantem
3368 5876 3432 5930 ad
3465 5875 3598 5931 illud
