4266 6450
701 408 822 471 355‘
1821 383 2168 450 CALLISTI
2198 377 2813 443 ΕΑΤΛΡΗΠΟΙΟΤᾹΞ
3880 393 3986 456 855

703 527 869 566 unum
902 509 1152 581 colligere
1207 508 1367 563 valet.
1401 507 1540 561 Deus
1599 511 1776 557 autem
1832 509 1885 555 et
1945 497 2170 552 omnino
2213 501 2266 546 et
2297 498 2388 553 At

2297 498 2344 553 Α
2376 483 2510 552 πρὸς
2550 485 2628 538 ἐν.
2651 484 2888 556 Θελητόν
2911 485 3058 538 ἐστιν
3083 485 3190 555 ἄρα
3220 484 3297 554 τῷ
3326 484 3467 556 Θεῷ,
3498 486 3558 539 τὸ
3598 485 3803 557 θεωρὸν
3823 486 3969 540 εἶναι

703 605 1020 672 simpliciter
1057 617 1221 656 unum
1253 616 1410 657 suum
1449 598 1652 654 bonum
1706 595 1772 649 ad
1818 593 1961 662 quod
2023 590 2267 659 aspicere
2370 597 2388 635 ι

2370 579 2462 636 τὸν
2497 579 2622 634 νοῦν
2649 578 2845 634 ἐαυτοῦ
2882 595 2894 608 ⁸
2938 580 3031 634 καὶ
3056 579 3215 633 τοῦτο
3242 579 3309 633 δι’
3350 579 3485 633 αὑτὸ
3515 581 3708 652 ἄκρως
3737 582 3966 648 ἀγαθόν.

704 708 757 750 ει
795 697 974 767 colligi
1000 694 1227 764 simplici
1263 692 1442 756 modo,
1471 691 1650 753 debet,
1688 697 1746 743 ut
1799 686 2001 749 dictum
2057 692 2162 736 est.
2380 671 2389 694 '

2380 671 2444 729 '0
2471 674 2602 737 Θεὸς
2629 674 2688 728 δέ
2744 676 2861 726 ἐστι
2894 674 2953 726 τὸ
3010 674 3214 744 κυρίως
3267 675 3362 726 καὶ
3409 673 3595 737 ἁπλῶς
3648 674 3706 727 ἐν
3729 718 3743 738 ,
3778 676 3914 745 πρὸς
3941 676 3971 729 δ

2372 766 2584 836 ἀφορᾷν
2618 767 2710 818 καὶ
2742 764 3076 834 συνάγεσθαι
3115 765 3387 830 ἐνοειδῶς,
3416 766 3604 836 ἄκρως
3635 767 3864 836 ἀγαθὸν,
3891 768 3970 831 ὡς

2369 859 2660 912 δέδεικται.

785 951 873 1006 25.
909 949 964 1006 Si
995 965 1134 1005 unus
1202 958 1367 1005 estet
1432 951 1788 1020 complicatus
1849 950 1901 1004 in
1957 951 2270 1003 universum
2443 970 2470 1006 κ

2443 952 2549 1022 κγ’.
2609 953 2670 1005 Εἰ
2722 946 2804 1016 εἷς
2851 954 2968 1005 ἐστι
3035 952 3129 1005 καὶ
3171 956 3617 1024 συνεπτυγμένος
3659 957 3682 1007 ἐ
3731 954 3968 1008 καθόλου

709 1061 880 1111 amor,
923 1055 979 1096 ιιι
1008 1044 1281 1112 sapientes
1333 1054 1635 1110 exponunt,
1681 1058 1847 1097 unum
1917 1056 2132 1110 quoque
2189 1049 2274 1095 est
2371 1046 2394 1098 ἐ

2371 1046 2530 1119 ἔρως,
2565 1044 2707 1098 κατὰ
2764 1045 2865 1116 τὴν
2899 1045 3008 1098 τῶν
3059 1046 3334 1113 θεοσὸφων
3390 1047 3684 1119 ὑφήγησιν,
3745 1047 3805 1100 ἔν
3849 1050 3966 1101 ἐστι

709 1151 760 1193 et
796 1137 1045 1190 amabile.
1081 1136 1136 1190 Si
1170 1136 1313 1190 enim
1354 1135 1463 1189 duo
1487 1144 1672 1189 essent
1720 1134 1972 1188 amabilia
2018 1142 2110 1191 aut
2160 1133 2272 1187 duo
2369 1139 2394 1192 δ

2369 1138 2612 1208 δηλονότι
2649 1139 2743 1189 καὶ
2793 1138 2852 1189 τὸ
2906 1137 3161 1208 ἐραστόν.
3211 1139 3274 1190 Et
3312 1139 3423 1206 γάρ
3452 1134 3596 1209 ἦσαν
3629 1138 3740 1191 δύω
3771 1139 3968 1192 τοὺλά-

710 1245 943 1292 amores,
1001 1228 1332 1282 divideretur
1391 1228 1578 1296 utique
1640 1226 1887 1280 bifariam
1965 1227 2054 1280 ille
2129 1242 2274 1281 unus
2371 1254 2395 1303 χ

2371 1250 2556 1303 χιστον
2585 1231 2653 1284 τὰ
2680 1231 2907 1302 ἐραστὰ,
2939 1231 2970 1301 ἢ
3004 1230 3116 1285 δύω
3147 1232 3391 1302 ὑπῆρχον
3422 1231 3489 1285 ἂν
3519 1232 3744 1301 ἔρωτες,
3781 1234 3814 1303 ἢ
3843 1234 3965 1302 διχῆ

711 1336 884 1382 amor,
951 1334 1048 1374 nec
1098 1320 1210 1389 jam
1274 1317 1553 1375 diceretur
1611 1334 1750 1372 unus
1788 1325 1840 1371 et
1893 1317 2274 1386 complicatus.
2368 1325 2396 1378 δ

2368 1323 2763 1394 διαμεμέριστο
2817 1324 2910 1389 ὅγε
2960 1317 3040 1385 εἷς
3071 1323 3234 1393 ἔρως,
3286 1325 3381 1376 καὶ
3433 1325 3636 1393 ἥκιστα
3678 1325 3969 1393 ὼνόμαστο

713 1412 864 1467 Νιιιιε
904 1423 1079 1466 autem
1119 1427 1241 1464 cum
1321 1427 1461 1466 unus
1515 1411 1728 1466 dicatur
1794 1418 1849 1463 et
1913 1410 2270 1478 complicatus
2371 1435 2394 1469 ε

2371 1413 2474 1483 εἷς,
2506 1417 2600 1470 καὶ
2625 1415 3087 1486 συνεπτυγμένος.
3117 1416 3256 1470 Νυνὶ
3286 1417 3343 1470 δὲ
3374 1413 3454 1482 εἷς
3480 1415 3621 1473 εἶναι
3647 1418 3968 1490 λεγόμενος,

714 1505 801 1558 ille
865 1505 916 1556 in
947 1503 1259 1557 universum
1295 1517 1469 1566 amor,
1510 1501 1800 1556 manifeste
1833 1516 2049 1571 quoque
2102 1501 2253 1568 cogi-
2371 1527 2399 1562 κ

2371 1509 2468 1562 καὶ
2502 1507 2946 1577 συνεπτυγμένος
2984 1509 3012 1561 6
3056 1509 3288 1561 καθόλου
3332 1509 3493 1580 ἔρως,
3527 1511 3718 1580 σαφῶς
3745 1514 3971 1580 νοητέον

715 1596 932 1648 tandum
973 1602 1056 1648 est
1095 1609 1260 1647 unum
1301 1606 1421 1646 esse
1463 1599 1518 1646 et
1578 1591 1829 1646 amabile.
1887 1591 1989 1646 Sed
2047 1592 2280 1645 amabile
2371 1599 2400 1653 ἃ

2371 1599 2436 1653 ἂν
2470 1602 2581 1668 εἴη,
2614 1599 2671 1652 ἔν
2694 1595 2835 1653 εἶναι
2871 1601 2964 1653 καὶ
2999 1599 3059 1653 τὸ
3097 1600 3349 1670 ἐραστόν.
3398 1600 3559 1656 Ἀλλά
3602 1605 3710 1672 μὴν
3742 1604 3969 1676 πρόεστι

717 1686 971 1753 pra-cedit
1002 1700 1124 1747 eum
1175 1683 1265 1752 qui
1301 1683 1444 1737 circa
1490 1682 1665 1752 ipsum
1700 1692 1969 1745 versatur,
2005 1695 2272 1749 amorem;
2370 1707 2401 1742 τ

2370 1689 2430 1742 τὸ
2475 1688 2706 1760 ἐραστὸν
2758 1689 2853 1742 τοῦ
2911 1691 3042 1760 περὶ
3079 1691 3214 1743 αὑτὸ
3262 1691 3486 1759 ἔρωτος,
3539 1693 3636 1746 καὶ
3688 1693 3971 1749 οὐκέστιν

716 1796 890 1848 neque
923 1778 1033 1832 ﬁeri
1063 1783 1240 1846 potest
1267 1782 1325 1828 ut
1347 1776 1663 1844 priusquam
1700 1773 1933 1826 amabile
1961 1781 2277 1842 perceptum
2371 1783 2398 1836 δ

2371 1783 2542 1846 ὅπως,
2576 1785 2707 1852 πρὶν
2740 1785 2807 1838 ἄν
2831 1800 2914 1846 τις
2950 1783 3170 1837 λάδοιτο
3200 1784 3293 1838 τοῦ
3334 1785 3566 1855 ἐραστοῦ
3627 1788 3969 1858 ὁπηδήποτε,

715 1876 803 1932 sit,
839 1873 980 1925 illius
1012 1886 1162 1923 amor
1192 1871 1475 1923 habeatur.
1506 1868 1674 1920 Amor
1723 1875 1902 1918 autem
1952 1874 2033 1918 est
2071 1864 2282 1919 intenta
2316 1876 2400 1932 Βτ

2316 1876 2461 1932 Βτὸν
2493 1876 2673 1945 ἔρωτα
2725 1875 2877 1945 σχοίη
2900 1864 3022 1946 ’[ισ,
3079 1875 3252 1946 σχεῖν]
3283 1877 3471 1929 αὑτοῦ.
3512 1877 3669 1931 Ἐστι
3694 1878 3737 1930 δ’
3767 1881 3794 1931 ὁ
3830 1879 3971 1948 ἔρως

715 1968 958 2020 Charitas
999 1979 1156 2032 quam
1209 1977 1309 2016 nos
1356 1963 1553 2015 habere
1585 1961 1635 2012 in
1668 1959 1833 2013 Deum
1862 1970 1912 2012 et
1942 1957 2200 2011 naturalis
2231 1963 2285 2009 et
2371 1974 2396 2024 ε

2284 1995 2285 2000 η
2371 1968 2736 2039 ἐπιτεταμένη
2767 1969 2981 2038 ἀγάπη,
3032 1970 3098 2040 ἦν
3130 1968 3268 2040 πρὸς
3309 1969 3442 2022 Θεὸν
3473 1970 3618 2040 ἔχειν
3643 1973 3813 2040 ἡμᾶς,
3851 1973 3879 2025 ὂ
3908 1990 3969 2023 τε

715 2058 914 2125 scripta
965 2062 1047 2110 lex
1079 2054 1272 2123 jubet;
1311 2069 1419 2105 una
1451 2052 1672 2120 quidem
1724 2050 1894 2102 menti
1937 2049 2063 2102 boni
2097 2051 2284 2103 amicas
2371 2079 2400 2131 ς

2371 2061 2622 2131 φυσικὸς,
2654 2061 2748 2114 καὶ
2771 2063 2799 2114 6
2829 2061 3076 2130 γραπτὸς
3114 2063 3278 2130 νόμος
3324 2061 3419 2115 τοῦ
3467 2063 3608 2115 θεοῦ
3638 2066 3901 2117 ἀπαιτεῖ·
3943 2067 3973 2115 6

718 2153 951 2210 suadens
987 2158 1044 2204 ιιι
1081 2147 1303 2201 meliore
1337 2146 1601 2215 capiatur,
1635 2143 1775 2210 quod
1805 2153 1886 2196 est
1920 2142 2082 2205 Deus;
2115 2141 2283 2194 altera
2373 2169 2403 2222 μ

2373 2154 2472 2222 μὲν
2503 2154 2687 2222 ἄκρως
2716 2151 2807 2204 τὸν
2842 2153 2966 2205 νοῦν
3011 2153 3301 2222 φιλόκαλον
3355 2155 3487 2207 ὄντα
3532 2156 3736 2208 πείθων
3761 2156 3973 2209 ἀντιλεο

715 2261 843 2298 vero
881 2243 1110 2300 dicens:
1149 2259 1167 2285 ι
1206 2240 1401 2308 Diliges
1451 2237 1736 2296 Dominum
1787 2234 1953 2288 Deum
2000 2243 2153 2287 tuum
2207 2247 2275 2286 ex
2368 2244 2399 2298 λ

2368 2244 2572 2314 λῆφθαι
2601 2245 2695 2298 τοῦ
2725 2246 3057 2315 κρείσσονος,
3088 2248 3116 2300 ὃ
3145 2249 3294 2300 ἐστιν
3328 2249 3356 2299 ὁ
3395 2249 3528 2312 Θεὸς
3547 2266 3560 2280 ·
3587 2251 3614 2302 6
3640 2251 3716 2311 δὲ,
3758 2269 3775 2300 ι
3801 2252 3970 2316 Ἀγα-

717 2347 825 2388 tota
885 2336 1064 2386 anima
1121 2341 1252 2393 tua,
1321 2339 1374 2382 et
1441 2344 1502 2383 ex
1561 2337 1674 2382 toto
1729 2327 1889 2381 corde
1942 2334 2077 2390 tuo,
2141 2332 2280 2378 etex
2370 2355 2402 2389 τι

2370 2339 2586 2408 πήσεις,
2644 2337 2839 2406 λέγων,
2893 2337 3099 2407 Κύριον
3134 2337 3388 2391 τὸνθεόν
3422 2358 3516 2392 σου
3575 2341 3634 2404 ἐξ
3687 2341 3814 2410 ὅλης
3867 2341 3970 2409 τῆς

716 2440 821 2482 tota
863 2435 1038 2480 mente
1073 2435 1186 2477 tua.
1215 2439 1342 2473 ι-ι
1373 2419 1631 2473 Dominus
1659 2420 1798 2473 Deus
1839 2425 1992 2478 tuus,
2025 2414 2283 2468 Dominus
2368 2429 2401 2498 4

2368 2429 2547 2499 ψυχῆς
2607 2448 2722 2494 σου,
2755 2432 2849 2482 καὶ
2899 2429 2958 2494 ἐξ
2995 2431 3124 2500 ὅλης
3179 2431 3280 2497 τῆς
3328 2433 3556 2498 καρδίας
3607 2449 3722 2496 σου,
3785 2434 3879 2486 καὶ
3909 2433 3971 2498 ἐξ

721 2537 860 2573 imus
901 2527 1004 2571 est.
1047 2534 1064 2568 ι
1108 2515 1288 2578 Unum
1340 2513 1504 2581 igitur
1554 2519 1637 2565 est
1679 2509 1934 2572 amabile,
1990 2507 2136 2576 quod
2193 2516 2280 2561 est
2369 2522 2406 2575 δ]

2369 2522 2496 2590 ὅλης
2527 2522 2624 2590 τῆς
2653 2521 2893 2583 διανοίας
2939 2539 3054 2576 σου.
3092 2541 3110 2572 ι
3165 2553 3235 2562 -
3295 2543 3310 2574 ι
3343 2521 3544 2592 Κύριος
3579 2526 3635 2577 δέ
3667 2543 3748 2577 τοι
3778 2527 3806 2578 6
3834 2526 3971 2587 936;

718 2612 999 2665 Trinitatis
1045 2609 1244 2662 unitas.
1298 2606 1428 2668 Quae
1482 2602 1645 2656 menti
1699 2602 1849 2669 prius
1899 2613 2020 2653 esse
2075 2599 2280 2660 debet,
2371 2631 2402 2668 σ

2371 2631 2486 2675 σου,
2545 2615 2746 2684 Κύριος
2780 2608 2860 2676 εἷς
2890 2614 3033 2669 ἐστι.
3069 2635 3085 2662 ι
3150 2617 3246 2668 Ἓν
3303 2617 3411 2684 ἄρα
3446 2619 3561 2670 ἐστὶ
3606 2619 3668 2670 τὸ
3710 2619 3967 2687 ἐραστὸν,

717 2717 880 2772 quam
918 2701 1090 2770 ipsius
1122 2715 1295 2752 amor.
1330 2695 1558 2749 Mentem
1609 2693 1774 2762 igitur
1815 2699 2030 2760 oportet
2077 2702 2278 2757 cupere
2369 2708 2396 2760 δ

2369 2708 2506 2776 ὅπερ
2537 2708 2687 2759 ἐστὶν
2737 2709 2769 2774 ὴ
2804 2706 3066 2777 Τριαδικὴ
3104 2708 3228 2770 ἐνάς
3253 2726 3267 2741 ·
3313 2709 3434 2778 ἥτις
3461 2709 3524 2778 δὴ
3579 2713 3671 2763 καὶ
3714 2713 3970 2777 προεῖναι

721 2807 778 2850 ιιι
807 2794 874 2849 ad
907 2792 1035 2858 illud
1064 2803 1227 2854 unum
1252 2786 1455 2851 tendat,
1489 2785 1660 2838 donec
1699 2781 1845 2835 illius
1878 2779 2194 2834 inventione
2227 2787 2281 2833 et
2369 2799 2406 2851 δε

2369 2797 2573 2866 ὀφείλει
2631 2799 2706 2866 τῷ
2755 2799 2831 2867 νῷ
2881 2798 2972 2851 τοῦ
3015 2801 3145 2869 περὶ
3198 2800 3370 2868 αὑτὴν
3421 2800 3662 2871 ἔρωτος·
3719 2803 3858 2872 πρὸς
3907 2805 3971 2856 τὸ

719 2886 1192 2958 contemplatione,
1220 2894 1370 2935 amor
1403 2875 1496 2933 Dei
1529 2874 1816 2934 illecescat
1845 2880 1895 2927 et
1923 2873 2080 2926 homo
2110 2870 2280 2940 possit
2371 2891 2401 2944 δ

2371 2891 2741 2961 ὑπερκόσμιον
2771 2890 2879 2960 ἄρα
2930 2890 2987 2943 ἓν
3027 2890 3391 2943 ἀνατετᾶσθαι
3436 2893 3526 2943 τὸν
3564 2893 3687 2945 νοῦν
3716 2895 3968 2960 ἐφίεσθαι

721 2984 832 3039 ﬁeri
870 2979 1105 3035 mandati
1143 2977 1303 3046 hujus
1343 2973 1678 3033 observator,
1710 2967 1962 3036 diligens,
1993 2974 2049 3018 ut
2078 2964 2278 3017 dictum
2368 2985 2406 3038 δη

2368 2985 2467 3047 δεῖ,
2525 2984 2600 3046 ὡς
2645 2983 2712 3036 ἂν
2759 2986 2823 3054 τῇ
2869 2983 3104 3052 εὑρέσει,
3156 2984 3246 3036 καὶ
3298 2984 3503 3054 θεωρία
3536 2986 3748 3053 τούτου,
3796 2989 3890 3039 καὶ
3940 2988 3971 3038 6

720 3084 823 3138 est,
861 3073 1143 3129 Dominum
1177 3068 1344 3122 Deum
1377 3081 1556 3120 suum.
2372 3094 2405 3127 π

2372 3076 2501 3145 περὶ
2553 3075 2686 3128 αὑτὸ
2717 3073 3014 3145 ἀναλάμψῃ
3043 3075 3203 3142 ἔρως,
3239 3076 3332 3126 καὶ
3367 3075 3659 3145 πληρωτὴς
3695 3083 3722 3128 ο
3753 3077 3967 3142 ἀιθρω-

717 3183 814 3226 ττος
843 3166 1094 3232 γενέσθαι
1122 3164 1380 3236 δυνηθείη
1403 3164 1495 3216 τοῦ
1528 3181 1586 3215 τε
1607 3165 1768 3232 κόμου
1797 3163 1890 3215 καὶ⁹
1929 3163 2027 3233 τῆς
2055 3166 2293 3233 ἐντολῆς,
2331 3161 2626 3229 ἀγαπήσας
2664 3155 2804 3210 κατά
2829 3156 2896 3206 τὰ
2933 3157 3201 3227 εἰρημένα
3240 3158 3444 3226 Κύριον
3469 3162 3560 3210 τὶν
3613 3157 3746 3206 σιὸν
3772 3154 3968 3219 αὑτοῦ,

790 3257 879 3310 24.
911 3253 1246 3321 ltnpossihile
1280 3261 1362 3305 est
1394 3259 1627 3303 mentem
1679 3251 1742 3301 ad
1776 3247 1908 3303 illud
1944 3264 2106 3316 supra
2135 3247 2283 3315 cogi-
2311 3252 2355 3310 ο
2451 3259 2475 3294 κ

2311 3252 2355 3310 c
2451 3241 2548 3296 κδ’.
2609 3241 2934 3312 Ἀμήχανον,
2985 3242 3366 3313 ἀναδεὸηκότα
3414 3243 3505 3295 τὸν
3562 3243 3689 3296 νοῦν
3746 3243 3883 3313 πρὸς
3917 3244 3983 3294 τὸ

724 3350 980 3402 tationem
1014 3362 1204 3407 unum,
1239 3342 1356 3397 sine
1393 3343 1551 3410 hujus
1585 3355 1769 3396 amore
1815 3353 2118 3394 remanere.
2147 3337 2285 3393 lnef-
2378 3336 2407 3386 ὑ

2378 3333 2523 3404 ὑπὲρ
2575 3333 2816 3394 διάνοιαν
2848 3332 2927 3396 ἓν,
2961 3334 3260 3403 ἅνέραστόν
3295 3350 3412 3397 πως
3455 3335 3739 3401 γεγονέναι
3781 3334 3975 3390 αὑτοῦ.

727 3441 902 3494 l'ahilis
946 3438 1088 3492 enitn
1141 3447 1192 3490 et
1237 3433 1606 3498 inscrutabilis
1658 3431 2007 3502 pulchritudo
2063 3447 2130 3488 ex
2165 3433 2284 3500 ipso
2379 3425 2412 3478 κ

2379 3423 2589 3486 Κάλλος
2647 3423 2755 3492 γὰρ
2800 3424 3072 3494 ἄρρητον,
3113 3424 3206 3476 καὶ
3245 3424 3600 3494 ἀνεπινόητον
3654 3429 3978 3493 προκῦπτον

728 3532 1020 3601 procedens
1061 3539 1314 3599 tauquam
1357 3541 1420 3583 ex
1459 3525 1814 3594 omnipotenti
1862 3524 2064 3587 radice,
2112 3523 2282 3577 menti
2378 3519 2413 3569 ὲι

2378 3519 2437 3584 ἐξ
2470 3517 2658 3580 αὑτοῦ,
2699 3517 2774 3582 ὡς
2816 3518 2922 3570 ἀπὸ
2953 3518 3460 3588 παντοκρατορικῆς
3512 3519 3668 3590 ῥίζης
3715 3522 3930 3590 ἀπαντᾷ
3960 3539 3971 3552 ·

724 3627 981 3678 occurrit.
1026 3622 1087 3675 Et
1119 3629 1375 3694 tanquam
1409 3624 1522 3670 rete
1556 3615 1700 3686 quod
1730 3625 2008 3685 captorum
2052 3614 2281 3682 piscium
2379 3612 2406 3664 ὅ

2379 3612 2467 3664 ὅτε
2524 3612 2617 3662 καὶ
2665 3610 2864 3662 ὡσανεὶ
2900 3608 3116 3661 δίκτυον
3163 3608 3531 3679 διαρραγῆναι
3566 3610 3875 3666 κινδυνεῦον
3908 3616 3975 3684 τῇ

726 3714 1067 3768 multitudine
1104 3711 1214 3780 jam
1264 3711 1315 3762 in
1364 3723 1429 3762 eo
1483 3715 1563 3761 est
1617 3717 1674 3760 ut
1730 3715 2037 3775 rumpatur,
2098 3706 2284 3759 divino
2381 3724 2400 3755 τ

2381 3705 2486 3756 τῶν
2517 3704 2726 3760 πολλῶν
2755 3704 2951 3772 ἰχθύων
2976 3702 3190 3772 εὑρέσει
3222 3705 3314 3756 καὶ
3344 3704 3506 3774 ὁλκῇ,
3543 3704 3648 3756 ὑπὸ
3671 3705 3780 3757 τῶν
3811 3707 3976 3760 θείων

722 3807 1009 3879 splendore
1035 3803 1249 3872 capitur
1275 3809 1327 3854 et
1359 3801 1612 3867 obstupet
1637 3796 2107 3867 supernaturaletn
2144 3796 2284 3850 hanc
2380 3799 2403 3850 ἐ

2380 3795 2700 3866 ἐλλάμψεων
2739 3797 2766 3850 6
2812 3795 2936 3859 νοῦς
2991 3795 3326 3866 εὑρίσκεται,
3390 3798 3482 3850 καὶ
3536 3799 3598 3850 τὸ
3648 3799 3786 3866 ὑπὲρ
3847 3800 3977 3852 νοῦν

725 3897 1176 3970 ιιιιιιιιιιὶιιιύίιιειιι
1201 3892 1596 3960 contemplans;
1617 3904 1669 3945 et
1701 3901 1958 3962 tanquam
1983 3890 2111 3944 Vino
2135 3888 2283 3943 ebria
2381 3907 2410 3942 κ

2381 3889 2574 3951 κάλλος
2608 3888 2969 3957 ἐκπλήττεται
3011 3887 3236 3954 θεωρῶν
3258 3906 3270 3920 ·
3316 3891 3412 3943 καὶ
3460 3890 3534 3953 ὠς
3563 3890 3670 3943 ἀπὸ
3696 3892 3840 3942 οἴνου
3877 3910 3977 3958 με-

723 4002 828 4056 est,
867 3999 919 4044 et
938 4001 1191 4060 tauquam
1212 3985 1437 4045 demens
1461 3983 1718 4047 exsultat,
1743 3993 1795 4036 et
1819 3997 1979 4050 supra
2007 3995 2169 4049 quam
2195 3994 2287 4034 co-
2381 3983 2408 4034 0

2381 3983 2638 4035 θύσκεται
2662 3999 2674 4011 ·
2709 3981 2803 4034 καὶ
2846 3981 2920 4045 ὡς
2948 3982 2977 4035 6
3026 3981 3214 4052 ἄφρων
3244 3981 3542 4046 ἐξίσταται,
3570 3984 3671 4035 ικαὶ
3710 3985 3800 4035 τὸν
3832 3985 3977 4055 ὑπὲρ

723 4084 876 4154 gitari
914 4088 1115 4154 potest,
1142 4077 1555 4131 admirationem
1585 4074 1809 4144 patitur,
1856 4075 2092 4143 ingentis
2128 4072 2276 4127 illius
2381 4074 2405 4127 ἔ

2381 4074 2589 4128 ἔννοιαν
2623 4074 2820 4143 πάσχει
2867 4075 3214 4144 θαυμασμὸν,
3259 4075 3352 4128 τοῦ
3380 4076 3616 4142 ἐξαισίου
3649 4077 3880 4140 κάλλους
3915 4079 3974 4128 τὸ

725 4171 1144 4243 pulchritudinis
1175 4167 1689 4236 contemplationem
1738 4180 1843 4218 non
1885 4165 2073 4220 valens
2122 4163 2286 4218 susti-
2382 4171 2410 4224 ὑ

2382 4170 2688 4240 ὑπέρκαλον
2746 4170 2926 4240 θέαμα
2979 4169 3054 4240 μὴ
3096 4171 3290 4240 χωρῶν
3332 4171 3592 4241 καθορᾷν.
3628 4172 3792 4224 Ὅθεν
3836 4173 3977 4242 δῆτα

724 4277 870 4316 nere.
925 4260 1077 4315 Unde
1123 4276 1255 4314 sane
1303 4268 1356 4313 ct
1411 4257 1698 4312 charitatis
1749 4256 1982 4310 vinculis
2034 4270 2286 4325 compre-
2381 4281 2409 4316 κ

2381 4264 2473 4316 καὶ
2504 4264 2722 4333 δεσμοῖς
2774 4263 2994 4333 ἀγάπης
3033 4265 3337 4333 συνέχεται,
3385 4265 3482 4315 καὶ
3518 4264 3594 4326 ὼς
3643 4265 3746 4316 ὑπὸ
3783 4265 3974 4328 δίψους

726 4351 996 4417 henditur,
1027 4349 1244 4418 etjacet
1269 4359 1523 4415 tanquam
1558 4345 1645 4400 siti
1667 4345 1880 4401 adusta.
1913 4343 2089 4399 Unum
2115 4346 2282 4412 enim,
2381 4355 2410 4407 δ

2381 4355 2648 4408 διάκειται
2699 4355 3197 4424 καταψλεγόμενος.
3251 4356 3346 4408 Ἐν
3399 4357 3510 4425 γάρ
3564 4358 3678 4408 ἐστι
3735 4360 3786 4409 τὸ
3832 4359 3976 4424 ὑπὲρ

722 4456 804 4497 est
845 4443 972 4495 illud
1010 4442 1419 4509 supernaturale
1481 4453 1685 4493 unum:
1739 4441 1831 4492 sed
1865 4437 2118 4492 omnibus
2160 4453 2284 4507 pro-
2380 4445 2407 4506 δ

2380 4445 2621 4506 διάνοιαν
2651 4444 2710 4498 ἐν
2735 4461 2749 4475 ’
2776 4444 2890 4498 ἀλλ’
2927 4445 3031 4498 ὑπὸ
3062 4446 3280 4499 πάντων
3315 4447 3672 4516 κηρύσσεται,
3709 4446 3780 4506 ὡς
3830 4448 3975 4499 παν.

723 4540 984 4603 clamatur
1043 4545 1101 4588 ut
1134 4535 1376 4590 onmium
1408 4537 1578 4605 prima
1627 4549 1814 4598 causa,
1846 4544 1905 4588 ut
1935 4535 2283 4605 principium,
2383 4554 2408 4589 τ

2383 4554 2489 4591 των
2521 4536 2997 4609 προκαταρκτικὸν
3039 4539 3234 4602 αἴτιον,
3271 4537 3346 4602 ὡς
3376 4540 3542 4608 ἀρχὴ,
3575 4540 3649 4601 ὡς
3677 4540 3853 4605 τέλος,
3894 4539 3975 4602 ὠς

726 4643 781 4685 ιιι
824 4631 965 4692 linis,
998 4636 1054 4682 ut
1095 4629 1332 4686 universi
1359 4629 1658 4683 vinculum.
1689 4627 1791 4682 Sed
1831 4637 2002 4686 totum
2038 4629 2283 4684 omnium
2317 4672 2360 4727 Β
2385 4645 2411 4683 ο

2317 4672 2360 4727 D
2385 4629 2585 4703 συνοχὴ
2625 4629 2721 4683 τοῦ
2768 4630 3001 4693 παντός·
3055 4628 3190 4683 ἀλλά
3226 4630 3338 4683 τῶν
3381 4630 3563 4683 καλῶν
3607 4633 3698 4683 καὶ
3743 4631 3974 4697 ἀγαθῶν

721 4740 842 4791 ηοω
897 4726 1119 4794 pulchra
1179 4729 1325 4791 sunt,
1390 4722 1820 4791 pulchritudines
1905 4729 1959 4777 et
1992 4723 2283 4792 bonitates,
2317 4717 2406 4776 ’ὁ

2317 4717 2353 4727 “’
2385 4723 2642 4776 ἀπάντων
2682 4719 2781 4782 τάς
2812 4717 3096 4783 καλλονάς,
3128 4719 3224 4771 καὶ
3264 4718 3610 4786 ἀγαθὸτητας
3641 4718 3980 4781 ὑπερϐλύσε.

726 4817 944 4886 pulchra
975 4827 1026 4870 et
1055 4817 1192 4873 bona
1232 4814 1523 4869 cﬂicientes
1580 4797 1835 4884 potentiae
1900 4817 2282 4884 redundantia,
2385 4836 2411 4872 ιι

2385 4815 2699 4880 καλοποιοῦ,
2749 4816 2842 4870 καὶ
2892 4813 3223 4882 ἀγαθοποιοῦ
3270 4813 3558 4882 δυνάμεως
3625 4813 3760 4867 αὐτὸ
3825 4830 3975 4885 παρ-

725 4907 840 4980 ipse
873 4905 1122 4978 pmduxit
1150 4907 1240 4976 qui
1274 4921 1437 4974 supra
1474 4923 1686 4960 omnem
1721 4908 2176 4977 pulchritudinem
2227 4917 2285 4964 et
2383 4911 2410 4979 ἡ

2383 4907 2769 4979 ήγαγεν,ὑπέρ
2790 4906 3055 4975 καλλονὴν
3085 4907 3286 4970 πᾶσαν,
3315 4907 3411 4959 καὶ
3439 4905 3753 4974 ἀγαθοτητα
3785 4907 3974 4959 πᾶσαν

727 5001 1018 5054 bonitatem
1082 4999 1286 5064 inﬁnite
1344 5000 1678 5067 constitutus
1746 5009 1798 5053 et
1883 5000 2284 5071 incomparabi-
2381 5003 2412 5055 ἀ

2381 5001 2676 5071 ἀπειράκις
2710 5001 2952 5069 ἀπείρως
2987 4998 3358 5068 ἐνιδρυμένον,
3399 4997 3498 5050 κα)⁸
3527 4997 3876 5067 ἀσυγκρίτως
3908 4997 3973 5050 ἓν

730 5091 848 5143 liter
885 5100 969 5147 est
1005 5103 1168 5141 unum
1209 5090 1658 5160 supernalurale;
1713 5105 1875 5143 unum
1929 5093 2070 5146 enim
2133 5108 2282 5146 ama-
2380 5093 2415 5156 δ

2380 5093 2438 5156 δν
2490 5093 2887 5163 ὑπερκύσμιον·
2952 5088 3112 5160 μόνον
3171 5090 3332 5158 φύσει
3391 5091 3622 5159 ἐραστδν
3670 5091 3811 5159 ὑπὲρ
3862 5092 3974 5144 πᾶν

729 5185 835 5238 hile
873 5198 1032 5251 supra
1059 5182 1242 5237 omnia
1272 5183 1544 5249 amabilia,
1568 5195 1822 5250 tanquam
1854 5187 2027 5248 solum
2061 5188 2285 5241 omnino
2383 5187 2404 5238 ἐ

2383 5186 2634 5257 ἐραστδν,
2664 5186 2738 5249 ὼς
2785 5186 2944 5254 μόνον
2970 5184 3175 5252 κυρίως
3225 5183 3391 5236 καλὸν
3418 5184 3514 5236 καὶ
3558 5183 3766 5252 ἀγαθὸν
3795 5184 3977 5254 ὑπερ-

728 5275 1010 5344 pulchrum
1051 5284 1102 5328 et
1129 5273 1330 5327 bonum
1368 5272 1589 5327 cuilibet
1615 5276 1838 5340 pulchro
1893 5289 1946 5330 et
1976 5277 2117 5332 bono
2151 5293 2286 5347 pm-
2380 5295 2413 5336 κ

2380 5277 2631 5346 κείμενον
2667 5277 2865 5338 παντὸς
2900 5273 3068 5330 καλοῦ
3092 5275 3184 5331 καὶ
3215 5273 3447 5342 ἀγαθοῦ,
3473 5274 3774 5344 καὶλμόνον
3818 5275 3979 5348 νόμῳ

730 5369 880 5414 stans
905 5367 957 5413 et
987 5359 1161 5413 solum
1197 5361 1311 5429 lege
1335 5370 1542 5415 naturze
1567 5371 1624 5414 et
1646 5362 1854 5417 ordinis
1906 5364 2081 5434 rcipsa
2135 5380 2287 5424 ama-
2381 5385 2415 5436 φ

2381 5367 2596 5436 φύσεώς
2623 5385 2682 5420 τε
2713 5367 2806 5420 καὶ
2838 5365 3042 5433 τάξεως
3079 5366 3272 5436 τῳόντι
3298 5365 3606 5434 ἀγαπητὸν,
3644 5366 3719 5429 ὡς
3749 5369 3978 5422 πάντων

729 5449 835 5504 bile
867 5489 881 5512 ,
943 5459 1198 5518 tanquam
1253 5449 1495 5503 omnium
1549 5467 1728 5505 rerum
1758 5468 1944 5522 causa,
1987 5465 2041 5509 et
2077 5466 2283 5522 tantum
2382 5480 2412 5514 α

2382 5463 2574 5526 αἴτιον,
2622 5462 2716 5514 καὶ
2758 5460 2834 5522 ῶς
2878 5459 3154 5521 τοσοῦτον,
3198 5460 3322 5512 ὅσον
3351 5459 3419 5513 τὰ
3455 5459 3718 5530 ἀγαπητά
3767 5462 3975 5526 πάντα,

729 5543 978 5595 amabilia
1010 5543 1190 5598 omnia
1222 5550 1274 5595 et
1322 5543 1706 5598 desiderabilia
1738 5546 2164 5614 pulchritudinis
2233 5561 2286 5605 et
2382 5571 2412 5608 κ

2382 5554 2476 5608 καὶ
2532 5552 2737 5624 ἐραστά
2797 5552 3072 5622 ὑπερδολῇ
3142 5551 3408 5621 καλλονῆς
3465 5552 3561 5604 καὶ
3627 5551 3977 5622 ἀγαθότητος

727 5635 984 5697 bonitatis
1027 5648 1250 5687 excessu
1302 5635 1703 5702 transgrediens
1745 5679 1760 5702 ,
1825 5649 1879 5692 et
1925 5657 2088 5694 unum
2163 5657 2288 5700 vere
2383 5647 2411 5700 ὑ

2383 5645 2897 5717 ὑπεραναὸεδηκὸς·
2951 5645 3042 5697 καὶ
3090 5643 3148 5696 ἐν
3194 5645 3565 5715 ὑπερκόσμιον
3619 5645 3860 5715 ἀληθῶς,
3895 5649 3979 5712 ὼς

728 5723 1165 5792 supernatnralc,
1205 5730 1464 5791 tauquam
1494 5725 1667 5778 solum
1693 5743 1786 5795 per
1843 5743 1903 5783 se
1955 5732 2285 5797 subsistens,
2386 5756 2413 5806 μ

2386 5738 2544 5806 μόνον
2570 5737 2733 5798 ὅντως
2775 5735 2856 5801 6v,
2892 5736 2987 5788 καὶ
3011 5735 3232 5788 πάντων
3271 5735 3382 5788 τῶν
3412 5736 3583 5789 ὄντων
3609 5740 3975 5807 παρεκτικόν.

728 5830 781 5870 ει
813 5815 1054 5866 omnium
1085 5829 1263 5867 renum
1299 5814 1556 5870 Creator:
1577 5815 1684 5873 Nos
1721 5820 1888 5888 igitur
1919 5834 2131 5889 oportet
2161 5840 2288 5878 con-
2395 5832 2413 5881 ⁸,

2395 5820 2818 5899 Ἐπιστρεπτέον
2867 5824 2982 5892 οὖν,
3013 5828 3192 5898 ἀγαθῇ
3247 5830 3408 5899 τύχῃ,
3453 5828 3482 5881 δ
3522 5828 3585 5900 δὴ
3632 5827 3878 5896 λέγεται,
3912 5831 3977 5884 ἐν

732 5907 888 5972 γεμί,
933 5907 1070 5962 bona
1109 5907 1342 5974 fortuna,
1378 5919 1431 5963 ut
1467 5909 1685 5980 dicitur,
1721 5915 1771 5966 in
1794 5916 1986 5984 spirilu
2021 5917 2080 5972 ad
2120 5918 2287 5988 solius
2386 5924 2417 5976 li

2386 5923 2658 5998 llvrtipau
2718 5920 2848 5991 πρὸς
2902 5921 2998 5992 τὴν
3048 5919 3141 5974 τοῦ
3195 5921 3357 5991 μόνον
3412 5919 3529 5982 ἐνὸς
3581 5918 3821 5991 εὕρεσιν,
3877 5921 3973 5976 καὶ
