4266 6450
270 398 370 465 857

1410 409 1504 467 DE
1550 410 1726 468 ὶἸἸἈ
1781 412 2443 488 CONTEMI‘LATIVA.

3412 441 3516 505 858

255 526 483 587 γλῶσιν,
516 523 639 575 ὅθεν
672 524 891 575 πάντων
926 523 981 576 αί
1024 523 1194 592 ἀρχαὶ
1224 524 1320 576 καὶ
1363 524 1498 576 ὅπου
1537 524 1753 577 πάντων
1782 524 1849 577 τὰ
1875 529 1919 584 Α

1836 528 2113 598 tAlnqus
2144 536 2307 589 unius
2366 534 2732 594 inventionem
2788 550 2843 595 et
2903 544 3296 613 cognitlunem.
3380 552 3521 605 unde

255 619 479 687 πέρατα
499 632 511 643 ·
544 616 637 667 καὶ
662 614 882 676 πάντως
916 615 1203 685 αὐτομάτη
1230 617 1261 685 ἡ
1292 618 1390 686 τῆς
1428 618 1579 679 θείας
1628 618 1849 687 ἀγάπης

254 713 401 779 πύλη
449 712 616 779 ἡμῖν,
673 710 856 779 χάριτι
884 708 977 761 τοῦ
1026 710 1302 780 Χριστοῦ,
1345 712 1714 783 ἀνοιγήσεται,
1757 714 1852 767 καὶ

253 802 687 871 εἰσελευσόμεθα
714 805 793 864 εἱς
829 803 930 871 τὴν
956 804 1301 857 κατάπαυσιν
1335 803 1429 856 τοῦ
1462 807 1665 876 Κυρίου
1694 805 1853 875 ἡμῶν

252 897 311 945 ἐν
365 892 677 962 εὐφροσύνῃ
722 892 815 945 καὶ
848 892 1193 960 ξάγαλλιάσει,
1230 892 1434 963 πολλῇ,
1483 896 1576 945 καὶ
1624 896 1725 964 τὴν
1754 894 1850 947 τοῦ

251 986 372 1047 ἐνὸς
405 984 712 1037 ἀπόλαυσιν
756 984 1198 1051 ὲπιγνωσόμεθα,
1241 986 1333 1037 καὶ
1366 985 1517 1049 θείας
1554 988 1764 1057 τρυφῆς
1794 988 1853 1041 ἐν

250 1078 441 1147 γεύσει
474 1078 733 1147 ἑπόμεθα,
767 1078 827 1152 ἓν
857 1079 953 1131 καὶ
988 1079 1144 1131 αὐτοὶ
1192 1080 1498 1146 γεγονότες,
1528 1080 1620 1132 καὶ
1650 1080 1749 1132 οὐκ
1774 1080 1850 1143 είς

253 1172 426 1225 πολλά
455 1171 786 1242 σχιζόμενοι,
819 1172 852 1241 ἢ
882 1171 1276 1241 διαιρούμενοι,
1310 1174 1449 1225 κατά
1477 1174 1574 1241 τὴν
1599 1174 1694 1225 τοῦ
1740 1174 1855 1226 Σω-

250 1268 416 1335 τῆρος
472 1266 609 1336 πρὸς
659 1266 750 1319 τὸν
805 1265 1027 1337 Πατέρα
1086 1264 1456 1335 παράκλησιν,
1509 1265 1675 1318 ιἹνα
1722 1257 1849 1327 ὦσι,

248 1363 579 1429 φάσκοντος,
620 1358 699 1422 ἒν,
756 1356 942 1421 καθὼς
974 1359 1136 1427 ἡμεῖς
1176 1358 1236 1410 ἓν
1278 1360 1468 1429 ισμεν.
1506 1377 1524 1410 ι
1574 1357 1710 1410 τότε
1735 1356 1849 1410 τοι·

246 1472 345 1504 νυν
388 1452 485 1505 καὶ
546 1452 641 1521 τῆς
699 1451 921 1521 ἐντολῆς
980 1450 1228 1521 ἀκριϐεῖς
1278 1449 1513 1519 ἑσόμεθα
1571 1448 1849 1519 φύλακες,

253 1547 662 1616 εἈγαπήσεις,
726 1544 1017 1613 λεγούσης,
1072 1543 1280 1613 Κύριον
1336 1542 1428 1595 τὸν
1469 1542 1605 1595 Θεόν
1649 1559 1743 1594 σου
1792 1539 1853 1606 ιε

246 1640 375 1709 ὅλης
410 1640 512 1708 τῆς
557 1637 741 1707 ψυχῆς
798 1654 913 1696 σου,
947 1636 1160 1688 καὶτὸν
1193 1635 1421 1703 πλησίον
1452 1651 1545 1686 σου
1578 1633 1652 1695 ὠς
1686 1650 1852 1685 σεαυ-

246 1733 359 1783 τόν·
392 1751 409 1781 ι
456 1731 550 1783 καὶ
581 1730 683 1797 τῆς
716 1729 857 1782 κατά
889 1728 1176 1797 ἄνθρωπον
1202 1726 1543 1795 τελειότητος
1580 1722 1849 1778 ἑπιλαόὡο

251 1818 415 1883 μεθα,
448 1820 572 1869 ὅσον
609 1816 851 1884 ἐφικτόν.
888 1816 1053 1879 Τέλος
1074 1817 1180 1884 γάρ
1206 1816 1369 1885 νόμου
1396 1817 1427 1884 ἠ
1464 1815 1649 1884 ἀγάπη
1677 1813 1846 1867 ἐστίν’

248 1916 304 1962 ἐν
417 1912 478 1963 οὐ
516 1912 678 1979 μόνον
721 1911 840 1972 ὅλος
876 1912 904 1964 6
947 1910 1110 1979 νόμος
1143 1911 1235 1962 καὶ
1268 1912 1315 1961 οί
1359 1909 1663 1980 προφῆται,
1712 1905 1851 1960 ἀλλά

248 2005 339 2053 καὶ
374 2003 580 2064 πάντες
607 2001 911 2071 γρέμανται
955 2000 1004 2053 0i
1033 2000 1413 2063 τελειωθέντες
1452 2000 1596 2052 κατά
1632 1998 1766 2051 Θεὸν
1794 1998 1853 2049 ιν

247 2092 499 2161 Χριστῷ.
568 2096 571 2099 ’

1940 625 2206 679 omnium
2238 628 2504 697 principia
2539 640 2669 684 sunt
2716 642 2769 687 et
2820 635 2912 688 ubi
2944 638 3188 689 omnium
3256 642 3471 693 tcrntiui
3507 659 3524 710 ;

1941 723 2001 767 et
2042 718 2268 772 omnino
2300 718 2535 777 libenter
2571 724 2727 778 nobis
2759 728 3029 794 aperietur
3063 730 3261 784 dixinm
3341 734 3523 786 θὴν-ιι

1938 808 2064 861 tatis
2090 809 2279 875 janua,
2300 812 2500 868 Christi
2531 818 2723 884 gratia,
2748 828 2800 872 et
2831 821 3173 875 iutroibimns
3200 827 3251 877 in
3280 826 3520 892 requiem

1942 897 2152 951 Domini
2220 902 2389 955 nostri
2424 942 2440 967 ,
2502 905 2555 957 in
2612 906 2791 961 laetitia
2839 918 2891 962 et
2931 914 3297 968 exsultatione.
3330 917 3521 979 multa,

1941 999 1994 1043 et
2048 992 2213 1047 unius
2242 992 2551 1050 fruitionem
2595 1014 2884 1061 noseemus
2927 1012 2978 1054 et
3034 1004 3246 1060 divinas
3296 1009 3520 1065 delicias

1945 1087 2307 1153 gustauimus,
2366 1107 2533 1145 ttnunt
2586 1101 2638 1146 et
2674 1110 2769 1147 nos
2823 1096 2998 1150 effecti
3043 1114 3218 1167 neque
3261 1101 3313 1153 in
3344 1103 3512 1157 multa

1942 1180 2159 1235 discissi
2198 1198 2259 1237 ac
2325 1184 2511 1247 divisi,
2564 1185 2865 1240 secundum
2924 1187 3228 1245 Salvaturis
3286 1193 3351 1246 sd
3420 1193 3522 1249 Pa-

1943 1278 2079 1325 trem
2108 1274 2451 1329 orationem:
2490 1297 2505 1327 ι
2548 1274 2617 1331 Ut
2657 1277 2767 1331 sint
2804 1318 2819 1344 ,
2862 1280 2959 1341 sit.
3018 1297 3186 1335 unum
3226 1327 3240 1350 ,
3284 1286 3429 1339 sicut
3466 1292 3521 1340 ct

1944 1375 2043 1415 nos
2080 1376 2248 1417 unum
2306 1378 2516 1420 sumus.
2570 1386 2591 1417 ο
2656 1365 2810 1422 Tunc
2863 1370 3023 1439 igitur
3088 1381 3143 1426 ct
3197 1375 3515 1431 mandatum

1942 1464 2197 1508 accurata
2228 1454 2645 1512 observabimus
2676 1475 2690 1512 :
2728 1477 2747 1510 ι
2781 1457 2978 1531 Diliges
3014 1461 3304 1519 Dominum
3338 1467 3508 1521 Deum

1944 1551 2093 1596 tuum
2124 1559 2187 1597 ex
2221 1554 2330 1599 tota
2358 1548 2538 1600 anima
2574 1556 2689 1610 tua.
2711 1560 2767 1604 et
2799 1554 3105 1618 proximum
3133 1564 3285 1608 tuum
3321 1598 3335 1619 ,
3370 1556 3517 1610 slcnt

1946 1636 2201 1702 teipsum.
2236 1656 2255 1689 ι
2292 1636 2357 1690 Et
2390 1638 2780 1705 perfectionem
2814 1641 3102 1695 humanam
3124 1658 3511 1713 assequamur,

1944 1740 2207 1795 quantum
2238 1745 2550 1799 possumus.
2586 1731 2737 1787 Finis
2770 1735 2912 1787 enim
2956 1736 3089 1806 legis
3120 1746 3203 1790 est
3232 1738 3468 1790 cltaritas
3497 1754 3514 1805 ;

1948 1820 2000 1871 in
2036 1838 2147 1889 qua
2188 1838 2293 1875 non
2326 1826 2487 1878 modo
2542 1835 2651 1879 tota
2693 1826 2775 1879 lex
2802 1836 2853 1880 et
2886 1830 3179 1896 prophetae,
3228 1839 3280 1883 et
3326 1844 3514 1883 omnes

1946 1913 2169 1981 perfecti
2202 1916 2505 1970 secundum
2544 1916 2711 1971 Deum
2746 1919 2797 1972 in
2836 1917 3056 1973 Christo
3092 1918 3353 1988 pendent.

329 2190 425 2236 κε’.
487 2184 695 2247 Παντὶς
744 2183 1017 2247 ἑνίζεσθαι
1068 2184 1375 2250 πεφυκότος
1420 2181 1503 2251 τῷ
1550 2180 1849 2250 Πνεύματι,
2013 2195 2014 2204 ‘

1833 2220 1849 2246 ,
2013 2181 2105 2237 25,
2148 2178 2521 2249 Quodcunque
2546 2184 2740 2252 spiritu
2771 2200 2936 2237 unum
2983 2184 3120 2239 efﬁci
3155 2193 3351 2254 potest.
3380 2186 3516 2240 sub-

250 2276 443 2343 ὖφεσίς
474 2279 621 2328 ἐστιν
652 2278 685 2345 ἠ
734 2275 999 2343 διαίρεσις
1027 2291 1037 2301 ⁸
1072 2276 1225 2327 ἔνθεν
1258 2292 1338 2327 τοι
1371 2274 1466 2325 καὶ
1493 2275 1521 2325 6
1544 2272 1666 2335 νοῦς
1697 2274 1853 2341 ἐνερ-

1825 2300 1853 2312 ο
1940 2275 2140 2343 jectum
2181 2284 2285 2332 est.
2317 2276 2406 2327 ubi
2441 2276 2721 2328 dividitur.
2763 2274 2915 2330 Unde
2962 2278 3004 2329 si
3039 2292 3191 2330 mens
3217 2276 3510 2341 dividatur.

243 2372 371 2439 γεία
404 2370 531 2421 εἴτι
560 2370 655 2422 καὶ
686 2370 970 2437 διαιροῖτο,
1003 2366 1106 2432 ἔξω
1133 2368 1227 2420 τοῦ
1260 2368 1401 2419 κατά
1434 2366 1595 2435 χάριν
1642 2364 1849 2433 ἑπομέ-

1824 2392 1849 2404 -
1944 2366 1995 2417 ﬂt
2035 2374 2187 2420 extra
2222 2366 2274 2418 id
2309 2366 2452 2434 quod
2486 2382 2581 2435 per
2626 2368 2854 2436 gratiam
2916 2368 3013 2435 ipsi
3076 2369 3350 2435 proprium
3405 2379 3509 2422 est.

243 2481 336 2514 νου
367 2461 519 2531 αὐτῷ
550 2464 689 2514 ἐστι.
720 2462 893 2513 Τοῦτο
921 2460 976 2513 δὲ
1011 2459 1210 2529 πάσχει
1241 2460 1455 2529 διάφορ’
1491 2458 1626 2511 άττα
1657 2457 1802 2527 ὀρῶν
1825 2472 1841 2487 ⁸

1827 2472 1841 2487 ’
1940 2456 2075 2509 Illud
2100 2469 2279 2511 autem
2318 2459 2538 2525 patitur,
2590 2458 2807 2524 quando
2841 2459 2985 2510 varia
3020 2460 3373 2524 considerat;
3405 2474 3512 2512 non

244 2556 347 2606 οὐκ
386 2553 563 2605 ἔνεστι
604 2554 714 2622 γὰρ
760 2554 818 2604 ἐν
856 2552 1135 2620 διαφόροις
1187 2550 1553 2618 ἀποδλέψεσιν
1584 2549 1757 2619 ῐσχειν
1785 2547 1851 2601 τὸ

1827 2547 1851 2601 6
1942 2550 2064 2601 licet
2090 2548 2233 2601 enim
2271 2549 2324 2601 in
2352 2549 2517 2602 variis
2546 2550 2854 2617 aspectibus-
2888 2564 2993 2601 non
3052 2550 3240 2602 dividi.
3279 2548 3333 2602 Si
3391 2550 3512 2617 quis

248 2648 580 2717 ἀδιαίρετον.
632 2646 692 2697 El
732 2645 839 2713 γάρ
890 2662 972 2697 τοι
1015 2642 1173 2696 τοῦτό
1216 2661 1300 2706 τις
1329 2642 1604 2705 ὑπόθοιτο,
1635 2643 1731 2710 οὐχ
1760 2641 1850 2695 εὑ-

1830 2672 1850 2683 -
1935 2641 2083 2693 enim
2115 2640 2165 2693 id
2188 2648 2480 2706 supponat,
2507 2656 2613 2692 non
2653 2641 2807 2693 facile
2836 2642 3036 2708 poterit
3064 2642 3325 2695 rationem
3392 2642 3515 2695 red—

249 2742 413 2809 ιτήσει
455 2742 521 2792 ὲκ
553 2738 646 2791 τοῦ
702 2739 902 2808 ῥᾴστου
936 2737 1246 2789 ἀποδιδόναι
1280 2736 1459 2803 λόγον,
1491 2735 1585 2786 τοῦ
1613 2735 1775 2806 χάριν
1816 2734 1848 2787 6

1827 2734 1848 2787 ό
1940 2732 2070 2785 dere
2093 2732 2367 2800 quomodo
2424 2733 2715 2800 tranquilla
2777 2748 2931 2785 mens
2981 2733 3200 2787 diﬂ‘erat
3267 2750 3293 2784 a
3334 2742 3512 2788 mente

246 2835 341 2901 τῆς
378 2832 616 2901 ἡσυχίας
641 2829 787 2892 νοῦς.
817 2829 967 2899 παρά
999 2829 1092 2881 τὸν
1133 2829 1235 2898 τῆς
1273 2826 1589 2897 συγχύσεως
1635 2826 1845 2897 ἕτερος.

1830 2865 1845 2880 .
1942 2824 2186 2881 confusa.
2226 2827 2291 2878 Et
2322 2827 2808 2893 contemplantium
2875 2837 3109 2880 montem
3163 2828 3328 2881 menti
3360 2829 3512 2895 cupi-

246 2929 359 2981 Καὶ
387 2926 481 2978 τὸν
516 2926 622 2978 τῶν
668 2921 1118 2991 θεοφορουμὲνων
1152 2919 1303 2984 νοῦν,
1350 2919 1429 2989 τῷ
1466 2919 1570 2971 ὑπὸ
1598 2917 1701 2987 τῆς
1737 2917 1851 2972 τῶν

1826 2932 1851 2972 ν
1936 2914 2169 2969 ditatum
2210 2926 2343 2970 testu
2384 2917 2612 2972 turbata
2646 2918 2877 2970 similtm
2912 2918 3087 2980 dicet;
3118 2921 3261 2987 quod
3322 2920 3511 2975 absur-

244 3020 441 3071 παθῶν
473 3016 796 3086 ἀνωμαλίας
825 3013 1201 3083 ἐνοχλουμένῳ
1234 3013 1421 3081 ὅμοιον
1447 3011 1841 3078 ἀποφανεϊται·

1826 3025 1841 3042 ·
1934 3009 2061 3063 dum
2098 3018 2198 3064 est.
2232 3008 2382 3063 Talis
2411 3010 2553 3063 enim
2628 3026 2781 3064 tuens
2853 3012 2967 3063 suis
3032 3012 3244 3067 actibus
3291 3013 3506 3079 en‘ecta,

246 3114 383 3177 ἰτερ
433 3090 653 3162 ἄτοπον.
690 3105 945 3167 Τοιοῦτος
974 3103 1085 3174 γὰρ
1126 3103 1443 3171 γιγνόμενος
1479 3104 1507 3155 6
1548 3100 1674 3164 νοῦς
1698 3102 1849 3168 ἐνερ-

1821 3130 1849 3143 -
1935 3101 2115 3168 qualia
2149 3109 2278 3155 sunt
2299 3114 2361 3154 ea
2384 3116 2506 3167 quae
2558 3102 2721 3162 videt,
2774 3102 3069 3169 composita
3111 3104 3156 3156 si
3215 3108 3506 3172 aspexerit,

242 3203 369 3271 γείᾳ
404 3202 568 3253 ὁποῖα
603 3201 725 3270 ὁρᾷ,
757 3197 815 3263 ἐξ
862 3198 1110 3266 ἀνάγκης
1158 3197 1300 3265 όρῶν
1346 3195 1597 3258 σύνθετα,
1628 3193 1722 3247 καὶ
1750 3192 1904 3271 aii-ﬂ

1824 3218 1904 3271 -η
1939 3193 2252 3247 necessario
2283 3202 2335 3247 et
2366 3193 2481 3262 ipsa
2513 3194 2792 3262 variatur;
2822 3205 2874 3246 et
2902 3196 3306 3270 simplicitatem
3345 3199 3509 3252 amit-

252 3243 369 3273 l"".'
414 3243 568 3253 """'
605 3243 725 3270 Ἴστν
758 3243 815 3263 ’τ
863 3243 1108 3266 “’”*“ι“ἰν
1163 3243 1291 3265 -ι---
1351 3243 1597 3258 νυν-’ν’
1634 3243 1721 3247 --νν

242 3298 333 3357 τος
371 3291 715 3344 ποικίλλεται
744 3306 758 3319 °
803 3289 899 3341 καὶ
931 3290 1029 3357 τῆς
1071 3287 1375 3355 ἁπλότητος
1412 3285 1721 3339 διαπίπτων
1744 3243 1904 3335 0i»:C

1941 3243 2245 3247 ,ηπ-,πη
2289 3243 2334 3247 --
2367 3243 2481 3262 -r-_
2527 3243 2744 3248 Ἥρην-
2776 3243 2792 3262 ,
2902 3243 3305 3270 -.---,τ-------ν.--
3345 3243 3477 3252 -....-

1819 3243 1904 3334 κο
1939 3292 2060 3338 tens
2092 3300 2194 3339 non
2225 3295 2405 3353 potest
2436 3286 2549 3339 ﬁeri
2584 3294 2640 3339 ιιι
2670 3302 2773 3340 non
2804 3289 2875 3342 sit
2904 3288 3101 3343 divisa.
3139 3289 3294 3355 Quod
3322 3301 3504 3347 autem

1934 3378 2189 3433 divisioni
2226 3380 2497 3447 subjacet,
2539 3380 2763 3435 minime
2830 3391 2913 3435 est
2963 3396 2990 3433 a
3017 3384 3172 3451 culpa
3232 3384 3505 3449 Ιίὺιϊιιηις

1932 3472 2187 3541 quoniam
2226 3481 2279 3526 et
2324 3475 2499 3539 ipsum
2532 3473 2739 3536 dividi,
2776 3475 2842 3528 ab
2896 3473 2963 3527 iis
3020 3475 3113 3543 qui
3178 3476 3227 3529 id
3277 3488 3508 3545 possunt

1934 3565 2257 3635 intelligere,
2304 3567 2462 3634 culpa
2496 3566 2795 3633 judicatur.
2858 3565 2914 3621 Si
2957 3568 3008 3622 id
3049 3570 3212 3622 menti
3255 3571 3389 3625 utile
3421 3581 3508 3627 est

240 3389 393 3439 εστιν
429 3386 577 3446 ὅπως
613 3383 679 3436 ἂν
713 3382 869 3451 σχοίη
906 3383 962 3433 ὲν
1002 3381 1178 3449 τούτῳ
1225 3382 1285 3431 1:6
1316 3377 1643 3447 ἀδιαίρετον.
1688 3376 1744 3428 Ὀ
1786 3374 1845 3429 66

242 3482 349 3533 ὕπὸ
397 3478 667 3547 διαίρεσιν
716 3475 987 3543 κείμενος,
1044 3472 1265 3525 πάντων
1299 3473 1447 3523 ἐστὶν
1495 3471 1695 3540 ἥκιστα
1735 3466 1845 3521 ἀπὸ

237 3570 523 3641 ἁμαρτίας
562 3567 838 3637 καθαρός·
880 3566 1043 3618 ὁπότε
1088 3566 1183 3617 καὶ
1226 3564 1358 3617 αὐτὸ
1402 3563 1462 3615 τὸ
1514 3562 1844 3632 διαιρεῖσθαι

236 3664 367 3717 καθ’
402 3661 556 3724 αὐτὸ,
604 3662 718 3721 τοῖς
770 3675 832 3725 γε
873 3658 1104 3727 συνορᾷν
1150 3655 1231 3717 είς
1261 3656 1327 3707 τά
1361 3653 1584 3707 τοιαῦτα
1621 3653 1844 3724 δεδυνη-

1821 3681 1844 3694 -
1931 3672 2025 3725 per
2046 3656 2286 3722 supremi
2323 3656 2467 3709 illius
2496 3665 2550 3710 et
2576 3658 3013 3725 supernaturalis
3040 3659 3202 3713 unius
3256 3670 3506 3713 contem-

241 3756 453 3817 μένοις,
491 3750 739 3820 ἁμαρτία
792 3750 1083 3819 κέκριται·
1116 3752 1165 3802 εί
1198 3749 1262 3817 δὴ
1292 3748 1353 3800 1:6
1382 3746 1569 3820 v0¢p6v
1594 3747 1690 3800 τοῦ
1722 3747 1843 3813 νοὸς

1814 3762 1843 3813 ς
1932 3745 2221 3813 platiouent
2255 3745 2531 3815 spirituali
2567 3762 2733 3800 sensu
2767 3751 3181 3816 supernaturale
3212 3752 3499 3817 pulchrum

239 3846 435 3913 χρῆμα
482 3842 572 3895 διὰ
613 3842 712 3911 τῆς
761 3841 897 3910 πρδς
933 3840 993 3893 τὸ
1034 3840 1297 3894 ἀνωτάτω
1341 3838 1432 3891 καὶ
1464 3838 1840 3908 ὑπιρκόσμιον

1816 3855 1840 3889 ν
1934 3836 2257 3904 simpliciter
2284 3837 2490 3898 videre.
2516 3846 2731 3905 oportet
2763 3845 2821 3889 ut
2854 3854 3007 3893 mens
3038 3854 3135 3908 per
3189 3841 3418 3909 gratiam
3469 3856 3501 3897 ι

235 3938 295 3985 ἐν
348 3932 706 3999 ἀναϐλέψεως
760 3930 857 3981 τοῦ
910 3929 1052 3997 ὑπὲρ
1102 3930 1264 3998 φύσιν
1320 3927 1623 3997 γεγεῦσθαι
1676 3928 1841 3999 νοιρᾷ

1813 3928 1841 3999 1
1926 3928 2193 3983 divisione
2214 3940 2391 3985 exeat.
2420 3928 2589 3985 Nobis
2613 3932 2773 3999 igitur
2794 3933 3227 4001 amplectendam
3253 3945 3335 3988 est
3366 3936 3498 3990 illud

238 4026 495 4094 αὲσθήσει
553 4022 722 4075 καλοῦ
777 4021 1026 4083 ἑνοειδῶς
1076 4019 1276 4090 χρεὼν,
1325 4022 1406 4085 είς
1448 4018 1511 4072 τὸ
1569 4022 1720 4089 παρά
1773 4020 1837 4089 (⁸)

1821 4020 1837 4081 )
1928 4039 2116 4087 unum,
2147 4032 2199 4077 et
2232 4023 2364 4077 illud
2398 4025 2753 4093 contemplari
2772 4026 2947 4079 solum
2972 4036 3025 4079 et
3050 4034 3163 4081 tota
3196 4031 3403 4095 amata,
3453 4046 3500 4086 st

237 4120 337 4186 τὴν
368 4116 531 4185 χάριν
558 4114 849 4184 ἐξεστηκδς
884 4114 969 4183 εἴη
1018 4113 1128 4184 [τσ.
1161 4108 1325 4184 εἶναι]
1353 4113 1451 4179 τῆς
1479 4113 1797 4182 διαιρέσεως
1820 4128 1834 4141 ·

1820 4128 1834 4141 ·
1923 4118 2176 4171 volumus
2206 4118 2528 4174 divisionem
2561 4128 2614 4173 ct
2672 4120 2989 4173 varietatem
3059 4119 3269 4191 fugere.
3313 4118 3500 4192 Neque

232 4213 316 4263 δεῖ
354 4211 422 4280 δὴ
454 4209 563 4278 ἄρα
597 4208 691 4260 τοῦ
729 4208 1105 4277 ὺπερκοσμίου
1141 4206 1259 4269 ἑνὸς
1306 4205 1546 4274 ἔχεσθαι,
1581 4206 1673 4257 καὶ
1733 4205 1836 4273 ἀφ-

1808 4232 1836 4245 ι-
1921 4208 1967 4263 si
2000 4225 2165 4261 unum
2196 4210 2410 4277 aliquod
2444 4226 2595 4278 mens
2622 4212 2875 4280 asptcint.
2914 4215 3017 4268 hoc
3043 4229 3172 4271 vero
3224 4224 3493 4282 creatum.

230 4305 373 4373 ορᾷν
408 4304 491 4363 εἰς
515 4301 665 4362 αὐτὸ,
711 4300 805 4352 καὶ
843 4301 1024 4370 μόνον,
1056 4300 1146 4351 καὶ
1172 4298 1417 4368 μοναχῶς
1461 4299 1556 4369 ὅλη
1583 4298 1751 4369 ψυχῇ,
1784 4299 1834 4351 εί

1809 4299 1834 4351 ί
1921 4300 2156 4353 indivisa
2189 4310 2367 4371 potest
2392 4317 2632 4358 manere.
2676 4304 2849 4359 Unum
2887 4306 3031 4361 eulil
3062 4307 3209 4377 quod
3252 4321 3494 4367 creatum

228 4396 529 4467 διαφυγεῖν
573 4392 866 4462 μέλλοιμεν
912 4390 1013 4463 τὴν
1054 4388 1320 4458 διαίρεσιν
1371 4391 1464 4441 καὶ
1518 4389 1831 4460 ἑτερότητα.

1805 4408 1831 4443 ι.
1918 4403 2022 4452 est,
2054 4406 2161 4447 non
2196 4401 2374 4461 potest
2403 4394 2509 4448 dici
2562 4394 2788 4462 simplex
2824 4398 3051 4451 omnino
3081 4416 3096 4463 ;
3126 4405 3219 4453 sed
3254 4411 3339 4455 est
3370 4403 3490 4455 liui-

226 4497 304 4538 υυ
343 4486 457 4551 μὴν
485 4480 603 4534 ἀλλ’
637 4482 758 4533 οὐδὲ
789 4482 839 4533 εί
872 4480 1009 4550 πρὸς
1042 4481 1098 4533 ἓν
1126 4483 1223 4550 μὲν
1256 4481 1707 4541 ἀπίδοι,·κτιστὸν
1743 4484 1824 4550 δὲ,

1810 4522 1824 4550 ,
1921 4494 2032 4539 tum
2065 4495 2118 4540 et
2147 4489 2508 4555 compositum
2578 4496 2633 4541 et
2694 4492 3206 4561 circumscriptum;
3263 4504 3317 4549 et
3371 4496 3495 4550 ideo

228 4574 552 4644 ἀδιαίρετος
580 4572 719 4642 ίσχει
748 4572 1000 4639 γενέσθαι
1029 4573 1057 4623 6
1085 4572 1209 4634 νοῦς
1232 4588 1247 4603 ·
1282 4572 1343 4624 τὸ
1364 4572 1470 4643 γάρ
1502 4572 1561 4627 ἓν
1586 4574 1825 4638 κτιστδν,
1848 4600 1894 4655 D

1810 4617 1825 4638 .
1848 4600 1894 4655 ι)
1925 4580 2109 4647 nequit
2137 4581 2399 4649 appellari
2438 4581 2761 4649 simpliciter
2821 4599 3025 4645 unum;
3062 4602 3237 4655 neque
3288 4588 3495 4655 simpli-

230 4674 332 4721 ουκ
389 4669 511 4720 ἐστι
563 4665 819 4733 λέγεσθαι
866 4676 1071 4735 κυρίως
1121 4663 1367 4730 ἁπλοῦν,
1416 4665 1723 4735 ὡρισμένον
1769 4667 1829 4720 τέ

1807 4667 1829 4719 ἐ
1923 4686 2038 4725 cem
2062 4681 2116 4725 et
2148 4672 2475 4726 uniformem
2506 4674 2760 4727 virtutem
2793 4678 3011 4730 habebit
3068 4695 3219 4733 mens
3245 4681 3310 4734 ad
3363 4682 3492 4735 illud

232 4768 373 4827 ἐστι,
414 4761 510 4814 καὶ
545 4759 817 4820 σύνθετον,
858 4758 952 4809 καὶ
982 4758 1380 4825 περιγραπτδν,
1417 4759 1510 4811 καὶ
1556 4758 1643 4811 διά
1674 4756 1831 4813 τοῦτο

1809 4778 1831 4813 ο
1920 4763 2147 4816 tendens
2174 4762 2565 4819 inﬂexibiliter.
2624 4767 2737 4819 Erit
2789 4762 2931 4820 enim
2984 4770 3135 4822 liuita
3176 4779 3229 4824 et
3260 4772 3494 4825 circum-

231 4858 360 4909 nos:
412 4858 477 4907 τὸ
528 4854 716 4915 ἁπλῶς
761 4853 818 4905 ἓν
865 4853 977 4921 εχει
1026 4852 1233 4905 δίκαιον
1264 4853 1662 4920 ὀνομάζεσθαι,
1709 4854 1831 4907 οὐδὲ

1806 4854 1831 4907 ὲ
1920 4856 2119 4922 scripta
2150 4855 2268 4923 ejus
2300 4858 2689 4925 contemplatio
2720 4874 2842 4911 cum
2872 4862 3291 4927 compositione,
3328 4864 3491 4929 quale

235 4951 423 5018 ἀπλῆν
464 4948 575 5013 ἕξει
626 4948 720 5001 καὶ
757 4947 998 5017 μονοειδῆ
1043 4947 1071 4999 6
1103 4945 1225 5008 νοῦς
1252 4946 1349 5016 τὴν
1388 4947 1656 5018 σφετέραν
1686 4949 1836 5020 ἐνέρ-

238 5063 401 5111 γειαν
437 5043 575 5111 πρὸς
625 5041 783 5093 τοῦτο
813 5039 1021 5102 ἀτενῶς
1060 5038 1288 5091 ἀπιδών.
1320 5040 1512 5091 Ἔσται
1564 5040 1671 5109 γὰρ
1704 5039 1835 5110 ὼρι-

241 5138 419 5205 σμένη
458 5136 554 5188 καὶ
586 5134 1074 5202 περιγεγραμμένη
1108 5131 1345 5201 ὴτούτου
1368 5130 1665 5201 ἀπόϐλεψις
1700 5132 1836 5201 μετά

243 5229 579 5292 συνδέσεως,
614 5222 728 5278 οἷόν
752 5228 871 5277 ἐστι
895 5224 1072 5276 καὶτὸ
1118 5224 1210 5276 ὑπ’
1240 5224 1407 5277 αὑτοῦ
1440 5224 1832 5295 Θεωρούμενον,

1915 4954 1996 4998 est
2052 4947 2103 4998 id
2143 4947 2286 5016 quod
2336 4950 2782 5015 contemplatur;
2820 4962 2871 5003 et
2904 4951 2972 5003 ab
3001 4952 3092 5004 illa
3149 4953 3323 5019 gratia
3370 4970 3492 5019 quae

1915 5036 2085 5104 ipsam
2121 5038 2421 5105 simplicem
2450 5050 2500 5091 et
2527 5050 2783 5093 aeternam
2837 5050 2891 5094 et
2950 5042 3217 5095 inﬁnitam
3243 5053 3297 5097 et
3323 5045 3489 5098 incir-

1915 5132 2303 5198 cnmscriptam
2361 5133 2689 5199 prrstabat,
2751 5132 3006 5196 decidet,
3063 5142 3116 5187 et
3179 5135 3281 5188 erit
3332 5148 3484 5189 extra

1916 5219 2041 5271 illud
2074 5221 2453 5275 absconditum
2482 5231 2534 5275 et
2558 5238 2726 5289 supra
2761 5225 3145 5293 Cogitationem
3195 5241 3383 5279 unum.
3425 5228 3488 5281 Et

248 5320 344 5369 xu".
374 5317 476 5383 τῆς
508 5316 776 5377 θεοειδοῦς
812 5316 1035 5385 χάριτος
1059 5316 1155 5384 τῆς
1185 5314 1413 5376 ἀπλοῦν,
1447 5316 1541 5369 καὶ
1578 5318 1833 5387 ἄναρχον,
1912 5326 1933 5369 Ιη

1800 5337 1833 5379 θ’
1912 5312 2128 5377 propria
2182 5327 2277 5365 sua
2334 5312 2530 5380 gloria,
2562 5329 2682 5382 qum
2740 5325 2820 5367 est
2883 5326 3097 5369 aeterna:
3165 5318 3485 5372 substantia

247 5409 507 5477 ἀόριστόν
551 5424 610 5459 τε
668 5407 762 5459 χαί
794 5407 1209 5475 ἀπερίγραπτον
1240 5406 1617 5473 διατιθεμένης
1651 5406 1835 5467 αὐτὸν,
1910 5405 1921 5452 l

1798 5423 1835 5467 ρ,
1910 5402 2097 5453 lruitio
2130 5412 2185 5456 et
2211 5404 2502 5459 inlinitndo
2569 5416 2622 5459 et
2686 5408 3025 5474 simplicitas.
3087 5417 3140 5463 et
3203 5411 3483 5467 varietatis

250 5502 602 5559 ἐκπεσεῖται,
659 5499 753 5549 καὶ
798 5497 894 5549 τοῦ
949 5497 1201 5566 κρυφίου,
1256 5497 1349 5547 καὶ
1406 5497 1544 5565 ὑπὲρ
1604 5496 1839 5549 διάνοιαν
1907 5506 1935 5543 (³

1799 5514 1839 5549 ιν
1907 5494 2174 5556 carentia,
2224 5496 2432 5563 privata
2460 5506 2567 5559 est,
2608 5516 2781 5567 neque
2816 5502 3092 5567 perveniet
3122 5504 3184 5555 ad
3241 5514 3484 5558 contem-

254 5594 374 5655 ἑνὸς
408 5591 567 5643 ἐσται
609 5590 812 5653 ἐκτός·
871 5590 966 5642 καὶ
1019 5591 1118 5658 τῆς
1173 5589 1440 5659 σφετέρας
1491 5588 1665 5657 δόξης,
1720 5590 1837 5655 ἦξε,

1908 5585 2157 5651 plaudam
2188 5591 2656 5656 superuaturalem
2689 5601 2742 5643 et
2774 5592 3107 5647 inelTabilcm
3174 5594 3481 5661 pulcltritu~

256 5684 410 5738 ἐπὶν
444 5682 744 5745 ἀπόλαυσις
774 5682 1074 5751 ὲναρχικῆς
1099 5681 1381 5749 ἰδιότητος,
1407 5679 1498 5732 καὶ
1533 5680 1840 5752 ἀναρχότη-
1903 5679 1935 5732 ιι

1793 5699 1840 5752 Ἰ-
1903 5679 2105 5734 dmem.
2135 5680 2362 5751 Oportet
2399 5684 2563 5753 igitur
2587 5698 2821 5742 mentem
2850 5686 2913 5739 ad
2940 5686 3068 5741 illud
3120 5696 3382 5744 aeternum
3422 5698 3478 5746 et

327 5830 391 5901 (α)
430 5830 492 5882 Ἥ
530 5826 687 5894 παρὰ
724 5824 844 5876 ἀντὶ
898 5823 983 5906 τῆς
1012 5823 1103 5880 διὰ
1137 5824 1512 5893 μετείληπται.
