4266 6450
749 389 857 451 859

1880 379 2225 440 CALLISTI
2258 372 2871 434 CATAPIIUGIOTAI

3903 377 4013 440 860

746 503 974 572 simplex
1012 511 1065 558 et
1095 502 1365 558 infinitum
1391 511 1446 556 et
1501 516 1691 557 revera
1756 514 1921 555 inium
1981 499 2229 565 aspicere
2271 510 2299 545 c

2355 499 2394 552 Α
2414 499 2526 548 τος,
2549 484 2821 554 ἀοριστία,
2857 485 2953 538 καὶ
2983 484 3246 558 ἁπλότης,
3286 487 3380 543 καὶ
3399 489 3463 544 τδ
3513 488 3690 553 ἀειδὲς
3754 491 4001 556 ἑνοειδῶς

747 598 994 664 tendere,
1041 606 1094 651 et
1149 597 1274 651 inde
1328 595 1613 658 illustrari,
1647 603 1702 648 et
1745 608 1868 648 cum
1906 592 1993 644 illa
2043 586 2325 643 collectiva

746 690 957 744 unitate
1017 690 1270 753 adunari,
1301 698 1354 742 et
1384 689 1506 742 ideo
1541 703 1726 742 secum
1764 704 1778 752 ;
1841 695 1900 740 ut
1959 701 2065 739 non
2099 682 2262 737 modo
2298 697 2327 736 a

744 783 970 835 meliore
996 782 1270 850 diligatur,
1306 791 1364 836 ut
1419 781 1747 843 consimilis,
1790 790 2056 850 quantum
2100 779 2202 848 ipsi
2259 776 2326 832 li-

743 882 850 933 cet,
879 884 930 926 et
961 873 1328 940 iuliuiludine,
1353 884 1405 928 et
1437 874 1784 942 simplicitate
1815 883 1866 928 et
1897 872 2322 941 spiritualitate;

744 965 839 1018 sed
873 975 929 1018 et
959 965 1074 1031 ipsa
1102 967 1340 1019 divinam
1378 977 1430 1020 et
1471 981 1737 1024 summam
1771 965 2230 1034 pulchritudinem
2273 971 2327 1016 et

745 1059 1220 1123 supernaturalem
1258 1058 1674 1128 passitdiligere
1700 1074 1715 1119 ;
1744 1057 1947 1126 quippe
1973 1072 2096 1124 qua:
2131 1070 2324 1109 cucur-

744 1151 876 1202 rerit
902 1150 1196 1204 secundum
1221 1167 1282 1203 ea
1307 1167 1428 1218 quae
1459 1152 1602 1206 dicta
1629 1159 1778 1216 sunt,
1799 1151 1867 1204 ad
1890 1149 2320 1204 similitudinem.

744 1240 1014 1305 Quoniam
1049 1243 1193 1294 enim
1237 1243 1508 1297 similibus
1561 1243 1760 1297 similia
1805 1243 2124 1296 naturaliter
2182 1239 2326 1294 solet

745 1347 866 1386 esse
895 1333 1155 1401 diligendi
1210 1332 1520 1403 dispositio,
1583 1343 1732 1404 patet
1796 1342 2032 1388 mentem
2081 1346 2319 1402 queque,

744 1424 1202 1489 quemadmodum
1238 1439 1269 1478 a
1306 1424 1417 1480 Deo
1465 1426 1746 1497 diligetur,
1787 1427 1958 1493 ipsam
1992 1427 2157 1478 Deum
2183 1424 2320 1477 ilileo

741 1523 950 1568 cturain
983 1532 1142 1584 esse;
1203 1517 1380 1572 simile
1442 1520 1587 1573 enim
1646 1518 1812 1572 simili
1864 1517 2220 1571 assimilatur.
2256 1515 2321 1570 Et

739 1608 1198 1673 quemadmodum
1270 1609 1571 1665 similitudo
1638 1610 2049 1665 conversionem
2129 1609 2314 1671 habet,

742 1695 812 1747 ita
835 1695 1052 1752 habebit
1070 1701 1294 1754 ortinirio
1313 1717 1549 1756 amorem
1571 1700 1663 1756 Dei
1685 1702 1855 1755 amori
1873 1701 2314 1769 respondentem;

742 1804 849 1853 quo
880 1790 1063 1844 nullus
1093 1793 1264 1860 major
1292 1801 1376 1847 est
1403 1793 1638 1848 alTectus
1699 1794 1839 1847 inter
1894 1793 2064 1847 Deum
2107 1800 2162 1848 et
2194 1792 2314 1846 ani-

743 1896 886 1931 ruam

2415 575 2738 646 γιγνομένη,
2769 577 3060 650 ἐστέρηται
3096 598 3109 610 ·
3138 580 3234 633 καὶ
3290 580 3385 634 τοῦ
3415 583 3732 652 ὑπερφυοῦς
3764 587 3859 638 καὶ
3896 589 4001 657 ἀρ-

2417 669 2717 738 ρητοτατου
2770 670 2997 734 κάλλους
3051 672 3152 725 οὐκ
3190 673 3496 743 ἐφικνεῖται
3557 675 3657 745 τὴν
3691 681 4003 745 φαντασίαν

2417 762 2625 816 παθεῖν.
2669 765 2762 816 Δεῖ
2809 764 2872 834 δὴ
2907 766 3015 835 ἄρα
3071 765 3164 818 τὸν
3229 767 3354 820 νοῦν
3414 769 3550 840 πρὸς
3611 772 3674 823 τὸ
3741 773 4003 842 ἄναρχον,

2415 854 2640 917 ἁπλοῦν,
2684 857 2776 910 καὶ
2815 859 3090 927 ἀόριστον,
3125 861 3220 914 καὶ
3261 863 3456 932 τῳόντι
3511 864 3569 916 ἓν
3622 866 3855 935 ἀφορᾷν.
3907 868 4008 919 καὶ

2413 945 2792 1002 ἀνατείνεσθαι
2822 966 2836 980 °
2859 953 3116 1005 κάκεῖθεν
3167 955 3484 1020 ἐπείγεσθαι
3519 960 4003 1027 καταλάμπεσθαι,

2417 1038 2510 1090 καὶ
2537 1040 2602 1110 τῇ
2638 1041 3076 1114 ἀρχισυναγώγῳ
3100 1046 3246 1099 ἐνάδι
3273 1047 3547 1113 ὲνοῦσθαι,
3593 1051 3688 1104 καὶ
3721 1052 3814 1104 διὰ
3847 1053 4010 1105 τοῦτο

2415 1129 2593 1197 ἑαυτῷ
2619 1148 2632 1161 ·
2665 1133 2731 1185 ἵν’
2762 1135 2822 1187 οὐ
2869 1137 3029 1205 μόνον
3065 1139 3378 1209 ἀγαπηθείη
3441 1142 3592 1210 παρὰ
3623 1142 3716 1194 τοῦ
3759 1145 4008 1213 κρείττο·

2415 1239 2523 1286 νος,
2545 1223 2619 1287 ὡς
2646 1224 2958 1295 όμοιωθεὶς,
3058 1231 3266 1284 ἔνεστιν
3293 1233 3464 1302 αὐτῷ,
3511 1237 3574 1305 τῇ
3621 1251 3678 1287 τε
3724 1236 4006 1306 ἀοριστία,

2415 1313 2511 1365 καὶ
2554 1315 2841 1388 ἁπλότητι,
2891 1321 2967 1391 τῷ
3027 1322 3249 1394 ἁνειδέῳ
3301 1341 3361 1376 τε
3433 1325 3527 1376 καὶ
3579 1327 4008 1397 ἀσχηματίστῳ,

2413 1403 2549 1460 ἀλλὰ
2618 1409 2712 1461 καὶ
2756 1410 2920 1474 αὐτὸς
2974 1412 3036 1464 τὸ
3086 1412 3228 1466 θεῖον
3274 1416 3369 1468 καὶ
3411 1415 3720 1485 ὑπέρκαλον
3787 1421 4010 1481 κάλλος.

2416 1499 2510 1550 καὶ
2539 1499 2815 1567 ὑπερφυὲς
2870 1503 3152 1573 ἀγαπῆσαι
3182 1505 3459 1578 δυνηθείη,
3493 1508 3568 1570 ὡς
3625 1509 4011 1577 ἀναδεδραμη-

2416 1588 2526 1649 κὼς
2577 1591 2716 1642 κατὰ
2774 1592 2841 1643 τὰ
2871 1595 3141 1664 εἰρημένα
3188 1597 3324 1666 πρὸς
3353 1599 3453 1667 τὴν
3498 1599 3782 1668 ὁμοίωσιν.
3855 1605 4011 1654 Ἐπεὶ

2415 1680 2524 1750 γὰρ
2561 1684 2674 1743 τοῖς
2704 1683 2911 1752 ὁμοίοις
2935 1684 3220 1753 γίγνεσθαι
3261 1689 3507 1756 φυσικῶς
3541 1689 3735 1743 εἴωθεν
3785 1694 4009 1762 ἀγαπη-

2414 1772 2540 1842 τικὴ
2566 1773 2806 1837 διάθεσις
2832 1776 2970 1848 πρὸς
3023 1779 3089 1830 τὰ
3131 1779 3313 1848 ὃμοια,
3351 1780 3584 1851 φανερὸν
3630 1783 3901 1852 δήπουθεν
3928 1786 4010 1850 ὡς

2350 1843 2392 1900 Β
2417 1866 2852 1938 ἀγαπηθήσεται,
2877 1843 2993 1928 ruat
3039 1843 3415 1940 ἀνταγαπήστι
3458 1843 3503 1927 ὁ.
3535 1874 3660 1938 νοῦς
3683 1843 3694 1852 Ι
3714 1879 3805 1932 τὸν
3850 1843 4008 1932 Θεόνῖ

747 1965 820 2015 Ta
848 1966 957 2034 γάρ
989 1983 1067 2017 τοι
1123 1965 1310 2034 ὅμοιον
1357 1963 1529 2033 ὁμοίῳ
1589 1963 1740 2014 ἔστιν
1782 1963 1988 2032 ὅμοιον.
2042 1962 2152 2015 Καὶ
2199 1963 2272 2023 ὡς
2333 1963 2365 2032 ἡ
2421 1964 2679 2033 ὁμοιότης
2733 1968 2848 2035 ἔχει
2897 1967 2959 2020 τὸ
3008 1969 3415 2036 ἁντιστρέφειν,
3449 1966 3562 2031 ἒξει
3613 1969 3830 2031 πάντως
3859 1966 4006 2020 οὕτω

743 2065 838 2112 καὶ
897 2061 1030 2126 πρὸς
1086 2061 1163 2130 τῷ
1201 2063 1423 2131 ἀγαπᾷν
1467 2059 1528 2111 τὺ
1557 2059 1977 2125 ἀνταγαπᾶσθαι
1999 2076 2012 2089 ·
2039 2058 2100 2110 οὐ
2134 2058 2321 2126 μεῖζον
2353 2058 2586 2130 πάθημα
2621 2066 2826 2133 μεταξὺ
2857 2063 2996 2116 Θεοῦ
3033 2064 3130 2115 καὶ
3158 2063 3338 2130 ψυχῆς
3371 2064 3520 2115 ἐστιν
3550 2063 3724 2116 οὐδέν.

814 2151 902 2206 26.
965 2153 1138 2221 Supra
1203 2156 1480 2224 propriam
1545 2167 1798 2212 naturam
1850 2173 2007 2214 mens
2056 2160 2319 2228 assurgit,

746 2245 967 2309 quando
992 2247 1059 2298 ad
1099 2247 1228 2300 illud
1260 2251 1524 2320 assurgit,
1551 2252 1692 2318 quod
1721 2258 1805 2306 est
1835 2266 2000 2320 supra
2035 2260 2271 2307 mentem
2299 2269 2318 2319 ;

743 2338 912 2402 lltque.
943 2337 1167 2406 siinplex
1198 2349 1250 2393 et
1281 2340 1491 2408 absque
1519 2341 1718 2405 forma,
1751 2351 1805 2397 et
1827 2342 2010 2397 divine
2043 2344 2162 2399 sine
2186 2344 2320 2413 tign-

741 2445 795 2479 l‘u
823 2431 1118 2483 constituta
1137 2443 1242 2493 est,
1272 2442 1470 2487 aeterna
1496 2434 1806 2500 acinlinita,
1837 2445 1912 2496 et.
1938 2445 1996 2489 ut
2022 2435 2094 2489 ita
2113 2435 2314 2502 dieam,

738 2532 906 2585 supra
941 2522 1215 2591 propriam
1256 2524 1540 2579 unitatem.
1576 2525 1804 2591 Quando
1837 2541 1966 2579 vero
2003 2527 2054 2580 id
2103 2528 2170 2581 de
2210 2539 2320 2596 quo

746 2613 951 2682 COgitat
983 2629 1166 2667 secum
1203 2615 1382 2678 liabet.
1422 2628 1499 2684 et,
1533 2619 1578 2672 si
1611 2619 1665 2672 in
1697 2619 1898 2672 divinis
1919 2629 1973 2672 et
1999 2619 2321 2690 iutelligibi-

740 2706 886 2759 libus
916 2717 1180 2775 occupata
1209 2709 1299 2774 sit,
1339 2717 1466 2764 tunc
1509 2711 1839 2766 naturaliter
1879 2712 2081 2768 dicitur
2107 2715 2316 2770 moveri

736 2808 790 2852 et
818 2804 1033 2868 operari
1066 2809 1117 2854 et
1146 2802 1200 2854 in
1240 2805 1514 2872 propriam
1553 2814 1805 2859 naturam
1833 2807 1998 2860 statui
2029 2823 2045 2874 ;
2082 2809 2314 2862 multum

736 2903 916 2944 autem
947 2902 1167 2960 prsestat
1190 2894 1421 2948 naturali
1453 2902 1894 2966 supernaturale,
1929 2909 1983 2954 et
2019 2903 2190 2955 multo
2215 2919 2318 2957 ex-

737 2984 935 3038 celsius
967 2995 1086 3041 est:
1121 2997 1333 3056 oportet
1368 2999 1548 3044 autem
1604 2996 2020 3060 supernaturale
2086 2996 2314 3065 assequi

736 3075 944 3139 conari,
1000 3086 1182 3145 utpote
1217 3079 1433 3142 melius,
1457 3082 1758 3134 secundum
1799 3085 2113 3137 mandatum
2179 3086 2311 3138 cha—

2493 2172 2607 2219 κς.
2652 2155 2831 2224 ’Υπὲρ
2856 2157 2952 2225 τὴν
2984 2155 3177 2208 ἑαυτοῦ
3211 2155 3373 2222 φύσιν
3400 2156 3520 2206 τότε
3551 2157 3581 2208 ὁ
3610 2154 3732 2216 νοῦς
3763 2156 3998 2221 γίνεται,

2418 2249 2550 2304 ὃταν
2595 2250 2676 2310 είς
2723 2250 2785 2302 τὸ
2837 2249 2982 2318 ὑπὲρ
3009 2248 3133 2302 νοῦν
3169 2248 3388 2318 γίνηται
3420 2247 3726 2312 παντελῶς,
3759 2249 4004 2308 ἀνείδεός

2417 2358 2475 2393 τε
2505 2343 2598 2394 καὶ
2630 2341 3063 2410 ἀσχημάτιστος,
3092 2341 3270 2394 καὶτὸ
3301 2341 3423 2394 ὅλον
3439 2341 3638 2402 ἑνθέως
3663 2341 3994 2410 ἀμόρφωτος

2419 2435 2724 2498 καταστὰς,
2781 2434 3018 2503 ἀναρχός
3068 2451 3128 2486 τε
3191 2433 3286 2486 καὶ
3330 2434 3578 2502 ἄπειρος,
3616 2437 3710 2486 καὶ
3742 2433 3818 2494 ῶς
3866 2432 4003 2496 ἔπος

2417 2526 2614 2588 είπεῖν,
2643 2525 2784 2595 ὑπὲρ
2808 2526 2907 2596 τὴν
2937 2527 3074 2579 ίδίαν
3103 2525 3323 2578 ἕνωσιν.
3353 2525 3524 2579 Ὀταν
3562 2523 3619 2576 δὲ
3643 2523 3705 2575 τὸ
3733 2523 4003 2591 σφέτερον

2416 2615 2799 2685 διανοούμενον
2859 2617 2958 2688 ἔχῃ
2998 2616 3120 2686 μεθ’
3148 2616 3342 2670 ἑαυτοῦ
3369 2656 3385 2679 ,
3424 2617 3528 2670 κᾶν
3563 2619 3676 2678 τοῖς
3713 2615 3875 2676 θείοις
3908 2616 3999 2684 εῐη

2416 2707 2510 2758 καὶ
2565 2709 2775 2777 νοητοῖς
2820 2707 3218 2775 ἀσχολούμενον
3245 2746 3261 2773 ,
3299 2710 3421 2760 τότε
3478 2707 3723 2774 φυσικῶς
3773 2705 3999 2772 λέγεται

2414 2800 2707 2861 κινεῖσθαι,
2747 2801 2843 2850 καὶ
2877 2800 3143 2869 ἐνεργεῖν,
3178 2800 3273 2854 καὶ
3331 2803 3411 2860 είς
3453 2801 3552 2870 τὴν
3584 2796 3780 2852 ἑαυτοῦ
3827 2798 3998 2866 φύσιν

2417 2889 2668 2942 ἵστασθαι
2694 2904 2710 2919 ⁶
2753 2890 2897 2942 κατά
2945 2891 3078 2944 πολὺ
3112 2891 3169 2944 δὲ
3204 2891 3527 2960 ὑπέρκειται
3559 2892 3618 2944 τὸ
3659 2893 3799 2959 ὑπὲρ
3829 2891 4000 2957 φύσιν

2412 2981 2508 3033 τοῦ
2543 2981 2683 3034 κατά
2718 2983 2884 3049 φύσιν
2907 3022 2922 3046 ,
2957 2983 3054 3036 καὶ
3104 2984 3221 3036 ἐστι
3282 2985 3423 3037 πάνυ
3479 2984 3774 3053 ἀνώτερον.
3801 2986 3893 3036 Δεῖ
3923 2984 3996 3053 δὴ

2413 3070 2586 3139 φιλεῖν
2616 3073 2708 3125 τοῦ
2738 3075 2877 3142 ὑπὲρ
2910 3074 3072 3141 φύσιν
3104 3076 3356 3143 γενέσθαι
3381 3078 3724 3145 ἐπείγεσθαι,
3747 3076 3820 3138 ὼς
3851 3077 4001 3144 μᾶλ-

735 3166 962 3222 rismata
1003 3170 1227 3236 meliora
1280 3187 1377 3224 nos
1433 3174 1675 3228 aemulari
1730 3176 1948 3244 jubens.
2007 3175 2110 3230 Sed
2170 3189 2306 3247 patet

2350 3163 2504 3249 ελόν
2539 3179 2604 3229 γε
2654 3165 2964 3233 κρείττονος
3021 3167 3165 3219 κατά
3225 3167 3324 3236 τὴν
3370 3169 3690 3237 φάσκουσαν
3741 3169 3994 3236 ἀντολὴν,

736 3272 973 3314 mentem
999 3261 1050 3314 in
1073 3265 1472 3332 supernaturali
1507 3270 1886 3330 constitutam,
1923 3271 1973 3322 in
2009 3272 2116 3324 Deo
2148 3287 2303 3328 esse:

735 3350 879 3404 Dcus
937 3355 1079 3405 enim
1139 3365 1222 3408 est
1248 3365 1400 3408 extra
1441 3373 1655 3411 omnem
1717 3367 2013 3426 naturam,
2083 3364 2175 3431 qui
2225 3375 2310 3418 est

734 3455 990 3497 a'lernum
1065 3460 1126 3499 ac
1156 3447 1477 3516 simpliciter
1525 3465 1710 3502 unum.
1775 3451 2001 3520 Oportet
2039 3454 2206 3523 igitur
2239 3457 2305 3508 ad

734 3545 997 3590 :etei’nom
1056 3548 1109 3592 et
1179 3541 1501 3609 simpliciter
1554 3557 1720 3596 unum
1759 3555 1991 3600 mentem
2044 3550 2303 3613 extendi,

734 3630 977 3700 illudque
1011 3635 1365 3702 contemplari
1409 3645 1462 3689 et
1513 3637 1576 3690 ad
1610 3639 1739 3693 illud
1789 3641 1936 3704 duci.
2003 3653 2063 3695 ut
2116 3643 2182 3696 ad
2214 3659 2308 3696 su-

675 3723 681 3729 '
736 3726 1082 3794 pernaturale
1157 3742 1325 3781 unum
1358 3767 1372 3790 ,
1419 3744 1715 3799 assurgens
1781 3732 1880 3788 hoc
1930 3734 2088 3789 modo
2140 3749 2306 3806 supra

736 3821 1011 3887 propriam
1049 3835 1111 3873 ac
1149 3823 1444 3874 naturalem
1475 3824 1729 3878 virtutem
1756 3863 1771 3889 ,
1839 3827 2035 3882 melius
2087 3830 2305 3890 habeat.

727 3925 996 3978 .ianquam
1035 3913 1086 3965 in
1127 3914 1362 3982 pi-Opriis
1412 3918 1713 3971 secundum
1777 3932 2032 3973 naturain
2095 3923 2305 3976 consti-

733 4013 871 4057 luta.

801 4094 890 4147 ‘27.
926 4092 1273 4164 Unaquaeque
1310 4111 1398 4150 res
1434 4099 1667 4166 propriis
1734 4101 1955 4156 dotibus
2011 4101 2226 4159 laetatur
2251 4114 2306 4161 et

731 4186 782 4238 in
812 4185 877 4237 iis
907 4186 1229 4239 naturaliter
1259 4190 1597 4256 requiescit;
1623 4207 1744 4260 qua:
1770 4195 1956 4247 omnia
1998 4195 2051 4248 in
2095 4207 2304 4252 aeterno

729 4289 972 4332 creatore
1007 4280 1307 4333 secundum
1344 4282 1671 4336 uniformem
1700 4300 1919 4340 causam
1953 4292 2297 4354 praeexstite-

732 4385 877 4426 runt.
907 4371 1058 4426 Tunc
1090 4375 1256 4442 igitur
1284 4377 1334 4427 in
1371 4393 1552 4430 veram
1588 4378 1828 4432 lanitium
1866 4396 2022 4436 tuens
2081 4394 2306 4437 natura-

730 4466 855 4518 liter
874 4468 1048 4519 veuii-t
1073 4477 1123 4520 et
1153 4468 1408 4537 gaudium
1443 4470 1665 4523 habebit
1699 4488 2048 4542 nequaquam
2091 4476 2255 4531 breve
2284 4519 2300 4543 ,

2414 3251 2608 3323 ζηλοῦν
2638 3272 2702 3322 γε
2731 3255 2799 3308 τὰ
2832 3258 3114 3322 κρείττονα
3134 3258 3241 3309 τῶν
3277 3260 3639 3328 χαρισμάτων
3670 3277 3684 3291 ο
3714 3260 3850 3312 ἀλλὰ
3880 3259 3998 3328 μὴν

2413 3349 2654 3416 δηλονότι
2688 3351 2717 3402 ὁ
2755 3350 2878 3413 νοῦς
2915 3355 2994 3413 εἰς
3026 3352 3088 3404 τὸ
3135 3353 3276 3423 ὑπὲρ
3327 3352 3489 3420 φύσιν
3512 3353 3608 3418 ὢν,
3647 3353 3793 3404 ἐστιν
3823 3353 3881 3403 ὲν
3909 3351 3991 3420 τῷ

2411 3439 2530 3506 Θεῴ
2551 3460 2564 3471 ·
2598 3439 2859 3509 ἐξώτερος
2890 3441 3000 3510 γάρ
3030 3458 3110 3493 τοι
3159 3443 3499 3510 γιγνομένως
3555 3441 3768 3508 φύσεως
3798 3443 3824 3492 ὁ
3858 3443 3996 3502 Θεὸς

2409 3533 2652 3600 ἀπάσης,
2702 3534 2761 3596 ὃς
2809 3533 2946 3603 δῆτά
3003 3537 3120 3587 ἐστι
3175 3535 3236 3586 τὸ
3264 3535 3616 3605 ἀρχαίτατον,
3651 3534 3745 3586 καὶ
3803 3535 3995 3595 ἁπλᾶς

2406 3625 2487 3678 ἓν.
2521 3628 2610 3676 Δεῖ
2660 3627 2760 3693 ὅρα
2811 3627 2950 3695 πρὸς
3005 3627 3067 3679 τὸ
3099 3625 3437 3696 ἀρχαίτατον
3473 3629 3569 3678 καὶ
3597 3627 3782 3687 ἁπλῶς
3808 3627 3867 3679 ἓν
3897 3629 3995 3679 τὸν

2403 3717 2526 3770 νοῦν
2585 3719 3000 3783 ἀνατείνεσθαι,
3062 3721 3157 3772 καὶ
3214 3719 3533 3786 ιπείγεσθαι
3593 3721 3852 3789 ἀφορᾷν,
3891 3722 3994 3771 καὶ

2402 3813 2704 3875 ἀνάγεσθαι
2739 3851 2754 3874 ,
2821 3812 2894 3873 ὼς
2957 3812 3026 3865 ἄν
3069 3814 3150 3874 είς
3202 3811 3265 3864 τδ
3337 3813 3619 3882 ὑπερφυὲς
3675 3813 3776 3876 ἓν,
3833 3814 3979 3881 ὑπὲρ

2399 3903 2498 3970 τὴν
2531 3905 2799 3970 σφετέραν
2833 3905 3072 3973 φυσικὴν
3118 3907 3406 3972 ἐνέργειαν
3434 3904 3812 3973 ἀναϐεϐηκὼς,
3852 3905 3976 3972 βέλ-

2399 4009 2512 4047 τιον
2546 3994 2658 4066 ἔξῃ,
2691 3997 2832 4064 ἦτερ
2863 4000 2940 4057 εἰς
2967 3998 3026 4049 τὸ
3061 3996 3254 4050 ἑαυτοῦ
3287 4000 3428 4050 κατά
3459 3997 3622 4065 φύσιν
3656 3999 3974 4065 ἱστάμενος,

2473 4084 2575 4148 κζ’.
2605 4087 2875 4139 Ἔκαστον
2907 4087 3020 4139 τῶν
3049 4089 3220 4140 ὅντων
3250 4091 3356 4148 τοῖς
3391 4089 3586 4140 ἑαυτοῦ
3621 4090 3808 4151 ἰδικοῖς
3839 4091 3972 4156 γάν-

2399 4181 2554 4232 νυταί
2609 4197 2666 4232 τε
2720 4182 2811 4232 καὶ
2867 4181 3253 4233 ἀναπέπαυται
3309 4181 3552 4248 φυσικῶς
3580 4197 3594 4210 ·
3635 4181 3671 4233 ἃ
3701 4183 3883 4234 πάντα
3915 4183 3977 4232 ὲν

2397 4271 2473 4338 τῷ
2505 4274 2816 4341 ἀρχ;ιτάτῳ
2843 4273 3003 4341 αίτίῳ
3031 4276 3420 4342 προϋφέστηκε
3447 4274 3567 4324 κατ’
3593 4273 3774 4325 αἰτίαν
3807 4274 3988 4324 Evect-

2397 4364 2482 4431 δῆ.
2525 4364 2660 4416 Τότε
2701 4363 2884 4417 τοίνυν
2930 4365 3013 4426 είς
3069 4364 3332 4432 ἀληθινὰς
3383 4365 3727 4434 εὐφροσύνας
3777 4366 3804 4416 ὁ
3858 4363 3987 4426 νοῦς

2397 4464 2675 4516 ἐλεύσεται
2719 4461 2986 4530 φυσικῶς,
3041 4462 3135 4514 καὶ
3180 4459 3378 4528 γάννος
3425 4460 3538 4525 ἕξει
3581 4461 3730 4516 οῦτοι
3781 4469 3989 4534 ppulo.

715 4566 779 4608 «et
817 4559 1122 4624 requiescet
1154 4571 1428 4627 potenter,
1508 4563 1726 4630 quando
1761 4571 1943 4617 ornnla
1988 4581 2303 4634 praetercur-

2350 4551 2488 4607 [ικαὶ
2518 4553 2889 4606 ἀναπαύσεται
2937 4553 3076 4605 κατὰ
3129 4555 3351 4622 κράτος,
3385 4553 3517 4606 ὅταν
3561 4555 3741 4608 πάντα
3787 4558 3991 4622 διαϐὰς

726 4663 854 4702 rens
891 4658 945 4702 et
977 4650 1306 4718 relinquens,
1339 4652 1390 4704 in
1425 4653 1776 4721 principalem
1813 4656 1959 4707 illam
1987 4673 2048 4711 ac
2068 4658 2305 4727 primam‘

720 4755 943 4794 causam
967 4754 1189 4797 extensa
1225 4745 1329 4798 erit
1357 4755 1411 4798 et
1459 4746 1528 4799 ibi
1569 4762 1663 4813 per
1689 4748 2029 4816 spiritualem
2065 4766 2298 4805 conver-

731 4834 940 4888 sionem
973 4835 1110 4905 lﬁct,
1143 4851 1260 4889 eam
1319 4853 1350 4892 a
1404 4853 1508 4908 qua
1542 4841 1725 4893 omnia
1759 4851 1813 4895 et
1863 4843 2107 4897 omnium
2136 4845 2292 4900 dotes

718 4928 863 4982 facta
891 4935 1038 4988 sunt.
1070 4930 1336 4999 principia
1362 4941 1416 4985 et
1439 4933 1615 4986 media
1646 4945 1700 4988 et
1747 4934 1931 4988 ultima
1957 4952 1972 5002 ;
2015 4947 2072 4990 et
2105 4937 2289 5007 inqua

715 5017 902 5071 omnia
929 5019 1235 5074 subsistunt
1272 5029 1326 5074 et
1354 5023 1743 5090 continentur;
1781 5033 1834 5077 et
1883 5040 1977 5094 per
2016 5041 2180 5096 quam
2220 5029 2287 5082 ad

720 5095 1001 5179 praprium
1047 5110 1205 5165 linem
1239 5115 1559 5181 perveniunt
1592 5117 1823 5184 perlecta
1854 5135 1870 5182 ;
1911 5129 1961 5171 et
1995 5095 2090 5187 per
2125 5136 2288 5188 quam

717 5200 856 5256 bene
881 5217 944 5257 se
979 5203 1177 5258 habent
1208 5219 1271 5258 ea
1303 5219 1422 5271 quae
1454 5205 1507 5258 in
1543 5206 1647 5260 hoc
1668 5208 1814 5262 bono
1869 5217 2014 5262 statu
2065 5225 2292 5263 versan-

720 5299 846 5354 tur;
911 5306 1006 5358 per
1056 5308 1216 5360 quam
1271 5305 1323 5347 et
1367 5295 1482 5362 ipsa
1515 5311 1692 5361 mens,
1730 5298 1906 5365 qualis
1937 5308 2040 5364 est,
2074 5313 2291 5354 creator

716 5381 843 5434 fuit.
884 5381 1130 5447 Quodam
1151 5385 1298 5438 enim
1328 5387 1490 5439 modo
1515 5387 1579 5440 ad
1612 5389 1848 5456 seipsam
1883 5404 2117 5444 mentem
2160 5407 2291 5444 con-

719 5471 882 5533 verti,
930 5481 1011 5526 est
1046 5473 1113 5526 ad
1157 5473 1301 5526 illam
1355 5491 1626 5529 summam
1667 5489 1717 5532 et
1783 5482 2032 5533 omnium
2067 5497 2288 5536 causam

712 5565 988 5630 converti,
1018 5578 1235 5636 quaeest
1269 5583 1454 5622 verum
1482 5571 1684 5623 mentis
1709 5573 1994 5640 originale.
2021 5575 2288 5639 Quoniam

716 5672 850 5710 vero
881 5672 1220 5727 unaquaeque
1247 5675 1333 5714 res
1363 5661 1597 5729 seipsam
1649 5667 1968 5719 naturaliter
2010 5667 2202 5736 diligit,
2239 5676 2294 5721 et

720 5751 1020 5817 praesertim
1049 5751 1101 5804 id
1149 5768 1304 5808 mens
1337 5754 1560 5820 patitur,
1587 5771 1708 5808 cum
1765 5758 1835 5811 sit
1869 5757 2123 5812 inc-reatu:
2155 5761 2280 5828 pul-

715 5836 1051 5895 chritudinis
1107 5851 1160 5896 ct
1225 5856 1388 5910 supra
1445 5843 1831 5914 cogitationem
1888 5847 2052 5903 unius
2109 5847 2287 5918 imago

2397 4650 2489 4701 καὶ
2514 4646 2852 4708 καταλιπὼν,
2885 4648 2966 4709 είς
2994 4647 3094 4712 τὴν
3125 4645 3423 4718 ἐναρχικὴν
3451 4647 3670 4716 ἐκείνην
3701 4650 3797 4700 καὶ
3825 4667 3986 4721 πρωο

2394 4737 2585 4805 τίστην
2616 4737 2795 4788 αἰτίαν
2833 4735 3147 4805 ἁναταθείη,
3185 4737 3348 4788 κάκεῖ
3374 4736 3586 4804 γένοιτο
3612 4737 3680 4789 δι’
3719 4739 3988 4811 interpo-

2395 4831 2502 4899 φῆς
2532 4831 2743 4898 νοερᾶς.
2791 4828 2890 4898 τὴν
2931 4828 2990 4893 ἐξ
3031 4824 3098 4899 ἧς
3153 4829 3330 4882 πάντα
3373 4846 3431 4881 τε
3504 4831 3599 4883 καὶ
3645 4831 3713 4883 τὰ
3764 4832 3992 4885 πάντων

2396 4923 2705 4991 γεγόνασιν,
2741 4923 2907 4992 ἀρχαί
2956 4939 3015 4974 τε
3077 4923 3172 4974 καὶ
3225 4923 3389 4991 μέσα,
3437 4924 3531 4976 καὶ
3573 4924 3644 4976 τὰ
3672 4925 3800 4994 τέλη
3829 4943 3844 4958 ο
3893 4927 3994 4978 καὶ

2395 5016 2454 5070 ὲν
2550 5016 2724 5069 πάντα
2756 5017 3055 5086 ὑφέστηκε,
3101 5017 3196 5070 καὶ
3227 5016 3630 5086 διακρατεῖται,
3659 5019 3754 5071 καὶ
3797 5019 3866 5073 δι’
3917 5014 3991 5091 ἧς

2397 5109 2533 5178 πρὸς
2559 5109 2709 5171 τέλος
2741 5110 2871 5161 ἴδιον
2914 5109 3106 5175 ἄγεται
3137 5110 3206 5162 τὰ
3237 5109 3612 5180 τελειοῦμενα.
3668 5114 3764 5164 καὶ
3804 5113 3875 5164 δι’
3920 5116 3992 5186 ἦν

2397 5203 2629 5255 εὑπαθεῖ
2661 5203 2726 5255 τὰ
2758 5203 2816 5254 εῦ
2855 5204 3134 5271 πάσχοντα
3161 5219 3175 5233 ο
3215 5204 3307 5272 ὑφ’
3353 5199 3422 5276 ἦς
3472 5205 3565 5258 καὶ
3605 5204 3770 5269 αὐτὸς
3817 5205 3922 5276 ἤδη
3961 5209 3992 5260 6

2396 5293 2544 5357 νοῦς,
2579 5289 2689 5356 οἷός
2737 5296 2907 5359 ἐστιν,
2963 5296 3232 5348 ἔκτισται.
3265 5296 3482 5365 Τρόπον
3520 5297 3633 5367 γάρ
3671 5315 3794 5350 τινα
3849 5299 3992 5368 πρὸς

2398 5385 2591 5436 ἑαυτὸν
2616 5385 2730 5437 ἔστι
2764 5385 2854 5437 τὸν
2882 5385 3006 5437 νοῦν
3028 5387 3406 5456 ἐπιστρέφειν,
3449 5388 3586 5457 πρὸς
3618 5391 3840 5458 εκείνην
3887 5392 3992 5460 τὴν

2400 5475 2595 5544 κυρίαν
2645 5475 2737 5528 καὶ
2788 5478 3006 5529 πάντων
3049 5479 3232 5530 αίτίαν
3284 5480 3772 5549 ἐπιστρεφόμενον,
3820 5478 3994 5536 οὖσαν

2399 5565 2566 5617 αὑτοῦ
2638 5567 2836 5634 ἀληθὲς
2903 5569 3287 5635 πρωτότυπον.
3349 5571 3568 5640 Ἐπειδὴ
3630 5571 3687 5622 δὲ
3751 5571 3994 5627 ἕκαστον

2400 5656 2563 5708 ἑαυτὸ
2587 5657 2732 5725 φιλεῖ
2759 5659 3026 5725 φυσικῶς,
3071 5661 3166 5714 καὶ
3202 5662 3439 5730 μάλιστά
3479 5679 3541 5729 γε
3587 5664 3748 5716 τοῦτο
3783 5666 3993 5734 πάσχει

2399 5750 2428 5800 ὁ
2455 5748 2598 5810 νοῦς,
2632 5745 2720 5802 οἷα
2753 5749 2846 5802 τοῦ
2870 5751 3158 5822 ἀμηχάνου
3188 5753 3420 5816 κάλλους
3449 5749 3544 5807 τόῦ
3575 5755 3717 5822 ὑπὲρ
3746 5757 3994 5809 διάνοιαν

2403 5843 2518 5904 ἐνὸς
2552 5841 2714 5896 εἰκὼν
2761 5843 3089 5914 ῦπέρκαλος,
3135 5846 3254 5900 λίαν
3309 5849 3496 5920 ἀγαπᾷ
3531 5848 3596 5901 δι’
3648 5851 3991 5921 ἐκστροφξς
