4266 6450
302 401 408 466 869

1439 403 1535 461 DE
1576 403 1746 462 V'lTA
1793 405 2451 480 CONTEMPLATIVA.

3441 422 3545 484 8Ἰο

295 527 520 595 δύνηται
553 523 679 588 νοῦς
740 524 800 576 τὺ
830 524 1199 594 ὕπερκὸσμιον
1231 522 1287 573 ἓν
1321 521 1652 589 ποιήσασθαι
1699 519 1939 588 ἀρχὴν,Α
1973 547 1980 578 ε

1861 524 1939 584 ’,Α
1973 526 2099 580 dere
2132 545 2146 595 ;
2178 533 2268 587 sed
2300 550 2330 589 e
2380 536 2654 592 contrario
2697 551 2727 590 a
2777 538 2986 593 czrtcris
3018 537 3084 591 ad
3130 537 3256 592 illud
3308 539 3451 591 Vadit
3484 551 3546 590 ac

299 619 396 669 xu".
420 617 530 671 ἀπὸ
561 615 718 669 τοῦδε
755 616 1008 686 προϊέναι
1039 614 1132 666 ἐπὶ
1175 613 1244 668 τὰ
1271 613 1469 667 πολλά’
1513 611 1649 664 ἀλλὰ
1672 611 1925 662 τούναν-’

303 709 436 768 τίον,
478 706 589 760 ἀπὸ
644 707 755 759 τῶν
818 705 1031 758 πολλῶν
1087 707 1166 767 είς
1197 705 1372 757 ἐκεῖνο
1403 704 1581 757 ἄνεισι
1627 701 1720 754 καλ⁵
1750 718 1895 771 ⁸συν-

298 803 517 867 άγεται.
558 799 738 851 Κάκεῖ
766 797 864 867 μὲν
889 797 1191 864 ἀναγκαῖον
1220 798 1286 866 τῇ
1306 796 1556 866 αἰσθήσει
1574 793 1631 845 τὸ
1653 791 1896 863 ἀριθμη-

297 892 390 946 τὸν
427 891 508 954 ἓν,
539 891 627 944 διὰ
651 892 750 958 τὴν
778 892 857 953 είς
884 890 954 943 τὰ
1003 889 1174 943 πολλά
1219 889 1466 960 πρόοδον,
1506 887 1681 949 άλλως
1718 887 1793 956 μὴ
1837 883 1898 938 ὃν

300 983 529 1037 δυνατὸν
575 983 854 1055 ἀριθμεῖν,
909 984 942 1054 ἦ
1000 983 1316 1053 προϐαίνειν
1455 981 1739 1052 βούλεται·
1793 973 1897 1034 ὧδε

298 1079 353 1131 δὲ
389 1079 666 1146 ἀναγκαῖα
702 1077 778 1146 τῷ
822 1077 897 1147 νῷ
942 1076 1010 1128 τὰ
1048 1075 1238 1141 πολλὰ,
1267 1076 1356 1129 διὰ
1389 1075 1488 1146 τὴν
1519 1077 1596 1138 είς
1637 1075 1695 1126 τὸ
1723 1075 1895 1143 ὑπερ-

297 1172 530 1240 κόσμιον
562 1171 620 1225 ἓν
640 1172 729 1225 διὰ
760 1172 967 1225 τούτων
993 1170 1314 1239 ἀναγωγὴν,
1332 1170 1426 1223 καὶ
1456 1169 1763 1239 σῦμπτυξιν
1786 1163 1898 1220 οἷον

305 1265 530 1329 ἐαυτοῦ,
563 1264 832 1334 ἑτέρωθεν
869 1264 1137 1328 ἀνελθεῖν,
1277 1261 1623 1332 βεϐούληται,
1650 1262 1749 1313 ἐπὶ
1798 1259 1897 1329 τὴν

295 1357 396 1410 τοῦ
447 1358 833 1429 ὑπερ-κοσμίου
885 1357 1191 1426 φαντασίαν
1248 1355 1365 1418 ἑνὸς
1398 1354 1698 1424 οὐδαμόθεν
1735 1353 1898 1406 δυνά-

299 1466 467 1517 μενος
503 1446 724 1519 [ὀρθότ.
768 1447 1098 1518 δυναμένου,
1145 1447 1182 1513 ἢ
1213 1444 1544 1516 δυναμένῳ].
1577 1443 1736 1496 Οῦτω
1786 1460 1900 1496 τοι-

301 1539 508 1608 γαροῦν
541 1540 568 1590 6
592 1539 718 1602 νοῦς
767 1540 923 1605 τάξει
949 1539 1042 1592 καὶ
1065 1537 1167 1606 ὀδῷ
1187 1537 1368 1605 ἑαυτῷ
1388 1537 1564 1606 οἰκείᾳ
1591 1534 1896 1605 χρώμενος.

295 1633 541 1703 ἄρχεται
588 1633 689 1704 μὲν
741 1632 854 1687 ἀπὸ
883 1634 990 1685 τῶν
1024 1631 1259 1697 πολλῶν,
1289 1631 1444 1694 τέλος
1479 1629 1535 1682 δὲ
1567 1631 1806 1682 ποιεῖται
1837 1626 1900 1681 τὸ

296 1727 680 1796 ὑπερκόσμιον
733 1726 828 1778 καὶ
875 1725 1306 1796 κορυφαιότατον
1371 1724 1459 1776 ἓν·
1496 1722 1621 1775 ἐπεὶ
1653 1723 1761 1794 γὰρ
1809 1721 1899 1775 εῦ-

295 1816 509 1884 ληπτόν
548 1819 666 1869 ἐστι
713 1817 809 1870 καὶ
836 1816 1119 1886 εὺόριστον
1153 1815 1214 1866 τὸ
1243 1812 1363 1866 κατ’
1387 1812 1638 1882 αἴσθησιν
1663 1812 1897 1882 ἀριθμηο

1970 622 2211 677 ducitur.
2243 624 2304 677 Et
2335 627 2406 680 'rbi
2446 628 2663 695 quidem
2707 630 3073 684 necessarium
3104 639 3186 682 est
3221 631 3406 684 sensui
3442 645 3541 682 nu-

1971 715 2231 768 merabile
2277 733 2439 770 unum
2502 720 2571 771 ob
2630 734 2975 788 progressum
3029 720 3093 775 ad
3125 721 3249 784 alia,
3275 736 3397 773 cum
3437 736 3544 772 non

1970 807 2125 861 aliter
2144 811 2313 877 possit
2339 826 2645 876 numerare,
2666 813 2790 877 nisi,
2813 829 2921 882 quo
2940 814 3084 877 velit,
3103 812 3541 882 progretliendo;

1975 899 2044 951 ita
2075 915 2200 954 vero
2229 903 2410 954 omnia
2438 906 2604 957 menti
2630 906 2935 958 necessaria
2961 915 3111 968 sunt,
3136 914 3359 972 propter
3384 918 3536 956 suam

1973 1006 2066 1058 per
2111 1007 2172 1045 ea
2200 994 2263 1045 ad
2297 997 2711 1062 supernatnrale
2752 1013 2916 1051 unum
2947 997 3338 1060 reductionem,
3370 1005 3444 1061 et,
3484 1004 3542 1048 ut

1977 1084 2045 1134 ita
2067 1083 2263 1149 dicam,
2291 1086 2787 1156 co'npliCationcm,
2817 1099 2871 1142 ut
2905 1088 3119 1142 aliunde
3143 1104 3250 1156 quo
3278 1087 3403 1140 velit
3424 1101 3549 1154 pro-

1976 1175 2166 1229 ccdere
2212 1189 2463 1246 nequeat,
2499 1180 2564 1232 ad
2621 1179 3120 1235 manifestationem
3155 1181 3317 1232 unius
3354 1193 3546 1245 super-

1977 1269 2260 1323 naturalis.
2313 1269 2402 1323 Sic
2439 1271 2602 1337 igitur
2639 1287 2792 1324 mens
2827 1271 3015 1324 ordine
3053 1281 3105 1323 et
3156 1273 3241 1321 via
3284 1271 3386 1323 sibi
3422 1285 3543 1335 pro-

1978 1362 2090 1426 pria
2133 1370 2314 1423 utens,
2359 1361 2548 1429 incipit
2583 1363 2799 1431 quidem
2842 1379 2869 1414 a
2917 1364 3121 1426 multis,
3155 1363 3312 1414 linem
3364 1371 3546 1414 autem

1979 1469 2140 1506 suum
2175 1453 2321 1507 sistit
2376 1454 2429 1505 in
2462 1456 2860 1521 supernaturali
2894 1471 2954 1508 ac
2989 1469 3201 1508 summo
3234 1469 3372 1516 uno;
3407 1468 3548 1520 quo-

1979 1547 2122 1598 niam
2149 1547 2293 1599 enim
2349 1555 2508 1613 captu
2569 1545 2723 1599 facile
2786 1557 2947 1601 estet
2980 1549 3116 1600 bene
3164 1546 3373 1598 finitum
3416 1543 3545 1596 illud

1978 1639 2275 1691 secundum
2327 1653 2520 1692 sensus
2581 1655 2770 1703 unmn,
2828 1640 3143 1693 naturaliter
3193 1653 3387 1692 sensus
3417 1638 3544 1690 illud

1981 1731 2152 1799 ponit,
2182 1732 2421 1802 ntcxigit
2454 1732 2571 1798 ejus
2596 1743 2808 1796 natura,
2863 1743 2917 1787 et
2961 1733 3111 1799 prius
3143 1732 3409 1800 positione
3439 1741 3550 1792 ,cst.

1987 1825 2173 1882 Unitas
2207 1842 2330 1878 vero
2363 1826 2793 1892 supernaturalis
2824 1826 3078 1894 quresita,
3105 1839 3227 1876 cum
3257 1825 3327 1874 sit
3363 1837 3550 1890 snper-

293 1912 391 1962 τὸν
410 1910 489 1972 ἓν,
528 1910 778 1980 φυσικῶς
821 1913 855 1980 ἡ
884 1909 1138 1978 αἴσθησις
1176 1907 1335 1961 τοῦτο
1360 1906 1597 1977 τίθησιν,
1649 1906 1722 1968 ὼς
1752 1906 1818 1957 ἂν
1864 1891 1949 1974 ὴη

1867 1891 1949 1974 ἠδ
1983 1917 2268 1983 naturalis,
2301 1926 2354 1969 et
2378 1917 2764 1984 cogitationem
2794 1915 2982 1985 fugiat,
3013 1916 3225 1983 longius
3247 1923 3330 1968 est
3364 1914 3432 1966 ab
3456 1928 3552 1966 sua

296 2003 467 2071 φύσις
491 2003 658 2055 αὐτοῦ
682 2005 911 2073 ἀπαιτῇ,
965 2002 1061 2058 καὶ
1099 2003 1166 2070 τῇ
1222 1999 1369 2052 θέσει
1415 1999 1708 2069 πρότερον.
1751 1997 1815 2050 Ἢ
1841 1996 1897 2051 δὲ

297 2095 446 2148 κατά
481 2096 606 2149 νοῦν
635 2094 946 2164 ζητουμένη
992 2094 1161 2163 μονὰς
1179 2093 1573 2163 ὑπερκόσμιος,
1606 2091 1900 2160 ὑπερφυής

293 2206 358 2241 τε
401 2188 563 2254 οὖσα,
617 2190 710 2242 καὶ
762 2187 824 2240 τὸ
881 2186 1122 2241 νοεῖσθαι
1183 2185 1764 2256 ὲκφεύγουσα,πόρρω
1793 2181 1895 2240 πού

294 2286 421 2338 ἐστι
468 2282 566 2334 καὶ
621 2283 720 2351 τῆς
761 2280 906 2333 κατὰ
947 2279 1110 2348 φύσιν
1132 2280 1333 2347 ἑαυτῆς
1368 2277 1589 2342 θέσεως,
1621 2277 1760 2330 ὥστε
1802 2278 1897 2329 ἀπ’

295 2376 526 2443 ἐκείνης
549 2374 642 2427 τὸν
687 2372 815 2426 νοῦν
865 2372 1153 2443 ἄρχεσθαι,
1185 2371 1320 2423 ἀλλὰ
1366 2370 1571 2441 μᾶλλον
1609 2365 1696 2423 οἷα
1732 2370 1899 2440 ὑπερ-

297 2467 438 2536 φυῆ,
471 2464 772 2536 ὑπερφυῶς
825 2466 926 2518 οὐκ
975 2464 1173 2535 ἀρχὴν,
1202 2463 1338 2517 ἀλλά
1370 2462 1522 2526 τέλος
1553 2462 1723 2532 αὐτὴν
1752 2461 1897 2532 εὐρίο

293 2575 422 2611 σκει
449 2559 477 2609 ὁ
508 2555 633 2618 νοῦς
663 2554 807 2625 μετὰ
857 2555 958 2625 τὴν
995 2554 1269 2616 διάϐασιν,
1300 2554 1391 2605 καὶ
1419 2553 1485 2606 ἵν’
1525 2553 1697 2616 οῦτως
1732 2554 1893 2620 εἴπω,

292 2649 670 2721 ἐξαρίθμησιν
721 2648 834 2701 τῶν
894 2649 1130 2702 πολλῶν.
1170 2647 1328 2702 Ἐπεὶ
1364 2649 1474 2718 γάρ
1512 2649 1539 2700 ό
1569 2646 1694 2710 νοῦς
1730 2647 1893 2716 φύσιν

290 2746 359 2800 τὸ
384 2745 530 2797 νοεῖν
567 2742 704 2812 εχει,
758 2742 820 2795 τὸ
847 2741 904 2794 δὲ
953 2741 1328 2812 ὑπερκόσμιον
1367 2741 1426 2793 ἓν
1459 2743 1576 2794 ἐστι
1612 2741 1732 2793 καθ’
1762 2740 1895 2794 αὐτὸ

291 2838 546 2907 ἄληπτον
581 2837 677 2888 καὶ
721 2835 1040 2905 ἀπρόσιτον,
1070 2833 1204 2907 πρὸς
1239 2834 1308 2886 τά
1344 2833 1514 2886 πολλὰ
1563 2833 1656 2885 καὶ
1686 2834 1895 2886 ἄκουσα

291 2932 329 3000 ἡ
375 2929 544 2999 τριϐὴ
579 2928 751 2983 κλίνει
798 2926 894 2980 τοῦ
925 2927 1074 2988 νοός·
1115 2929 1254 2998 μήτε
1290 2925 1461 2996 ἀργὸς
1502 2919 1641 2978 εἶναι
1668 2926 1776 2979 ἀπὸ
1798 2924 1892 2978 τοῦ

291 3023 445 3074 νοεῖν
472 3021 774 3089 δυνάμενος
803 3021 831 3073 ὁ
860 3019 1006 3084 νοῦς,
1035 3021 1172 3089 μήτε
1188 3019 1248 3070 τὸ
1274 3020 1590 3089 κορυφαῖον,
1609 3017 1703 3070 καὶ
1722 3018 1891 3088 ὑπερ-

293 3115 533 3182 κόσμιον
562 3112 621 3165 ἐν
649 3112 790 3180 ἔχων
821 3113 973 3181 ίσχὺν
1014 3111 1462 3181 περιδράξασθαι.
1515 3109 1750 3162 Ἀπιδὼν
1785 3110 1894 3163 τοί-

295 3227 392 3260 νυν
423 3209 504 3270 είς
536 3207 608 3260 τὰ
665 3206 859 3269 πολλὰ,
899 3209 956 3259 ὲν
987 3207 1206 3278 ἑκάστῳ
1230 3205 1338 3258 τῶν
1385 3204 1596 3257 πολλῶν
1635 3205 1892 3256 ἀπάντων

295 3301 464 3369 ἐνορᾷ
497 3299 712 3368 νοητὸν,
736 3300 837 3368 οὐχ
872 3300 1010 3369 ὅπερ
1044 3297 1161 3351 ὲστί
1184 3316 1236 3351 τι
1262 3292 1423 3361 εἶναι,
1441 3298 1557 3350 ἀλλ’
1588 3299 1726 3367 ὅπερ
1747 3300 1890 3363 τινὸς

292 3393 448 3455 ἑνός·
481 3393 719 3444 κᾶπειτα
778 3392 1118 3461 συναγείρων
1170 3389 1230 3457 ἐξ
1279 3389 1511 3444 ἑκάστου
1561 3392 1888 3462 φαινομένου

293 3485 534 3540 ἕκαστον
593 3482 789 3553 νοητόν
842 3482 1296 3552 προφαινόμενον,
1361 3483 1455 3535 καὶ
1503 3483 1637 3553 πρὸς
1684 3483 1888 3554 ἄλληλα

291 3578 472 3630 ταῦτα
499 3576 744 3646 ὁμόλογα
791 3575 942 3640 ὄντα,
1003 3576 1098 3627 καὶ
1127 3576 1226 3628 οὐκ
1253 3575 1471 3638 ἀντίξοα
1527 3575 1768 3644 θεωρῶν,
1794 3577 1888 3629 καὶ

292 3669 482 3724 πάντα
511 3669 642 3737 μιᾶς
668 3666 857 3737 ῶσπερ
885 3666 1041 3738 ῥίζης
1070 3666 1230 3737 ἄνθη,
1262 3667 1353 3719 καὶ
1384 3668 1543 3735 φυῆς,
1580 3668 1884 3730 ἀκολούθως

293 3760 554 3830 πρόεισιν
586 3760 696 3812 ἀπὸ
721 3759 830 3811 τῶν
869 3758 1107 3822 πολλῶν,
1134 3761 1228 3810 ἐπὶ
1255 3759 1316 3811 τὸ
1351 3761 1776 3828 κορυφαιότατοι)
1806 3760 1884 3824 ἰν,

291 3854 355 3918 ἐξ
377 3846 442 3905 οὗ
461 3853 530 3905 τὰ
563 3852 756 3916 πολλὰ,
798 3853 894 3905 καὶ
927 3851 1128 3914 πάντα,
1162 3850 1260 3903 καὶ
1303 3850 1548 3918 φυσικῶς
1600 3852 1886 3917 συνάγεται

289 3945 404 3997 ἀπὸ
431 3943 545 3996 τῶν
575 3942 824 4010 φυσικῶν
854 3941 1020 3994 ὄντων
1051 3944 1130 4002 εἰς
1157 3939 1309 4003 τάξιν
1331 3941 1605 4010 ὑπερφυᾶ,
1633 3942 1692 3992 τὸ
1719 3943 1885 4010 ὑπερ-

292 4036 430 4102 φυὲς
461 4036 556 4086 καὶ
582 4033 907 4102 ὑπεροῦσιον
938 4031 1390 4101 ἑνοπτριζὸμενος
1424 4031 1501 4095 ἓν,
1530 4032 1604 4093 ὡς
1634 4032 1746 4100 ἔχει
1787 4032 1887 4099 φύς

291 4147 435 4190 σεως
489 4128 550 4178 τὸ
587 4128 727 4196 ὑπὲρ
776 4126 961 4194 φύσιν,
995 4125 1102 4178 ἀπὸ
1134 4124 1242 4176 τῶν
1294 4122 1434 4175 κατὰ
1471 4123 1630 4191 φύσιν
1655 4125 1884 4192 ὁρᾶσθαι

291 4223 317 4274 ὲ
337 4214 567 4283 ιόειδῶς.
598 4219 733 4271 Τότε
754 4219 933 4270 τοίνυν
950 4219 977 4270 6
1002 4215 1125 4279 νοῦς
1152 4216 1248 4286 τὴν
1281 4217 1521 4284 πηγαίαν
1545 4217 1654 4269 τῶν
1687 4216 1887 4280 ἀγαιθο-

289 4315 500 4383 τήτων,
530 4312 625 4365 καὶ
656 4310 933 4368 καλλονῶν
955 4309 1214 4363 ἁπάντων
1245 4309 1563 4378 πρόϐλυσιν,
1604 4309 1696 4360 καὶ
1729 4311 1885 4379 ποιή-

288 4421 454 4472 τριαν
479 4404 737 4474 ἀρρήτως
773 4402 1007 4454 κατιδὼν
1050 4403 1144 4454 καὶ
1167 4403 1448 4472 τρυφήσας
1479 4401 1539 4453 τὸ
1561 4401 1882 4472 ὑπεροῦσιον

288 4497 374 4556 ἓν,
449 4493 554 4544 οὑκ
615 4492 899 4562 ἐθελοντὴς
949 4493 1339 4565 ἐπιστρέφεται
1395 4492 1531 4562 πρὸς
1568 4493 1635 4546 τὰ
1686 4495 1883 4566 πολλὰ,

1980 2012 2278 2063 secundum
2310 2018 2558 2060 naturam
2585 2009 2852 2076 positione
2885 2022 3043 2076 quam
3082 2016 3140 2059 ut
3174 2021 3328 2058 mens
3361 2006 3427 2056 ab
3465 2004 3554 2056 illa

1980 2101 2220 2168 incipiat,
2251 2101 2343 2155 sed
2380 2116 2498 2154 eam
2531 2110 2590 2154 ut
2615 2101 2773 2154 ﬁnem
2808 2116 2960 2154 mens
2990 2100 3219 2163 invenit,
3253 2108 3548 2166 postquam

1978 2209 2272 2262 progressa
2299 2202 2415 2257 est;
2453 2205 2527 2258 et,
2558 2205 2614 2249 ut
2645 2195 2718 2248 ita
2743 2195 2942 2256 dicam,
2968 2194 3195 2262 plurima
3218 2192 3546 2246 numeravit.

1979 2286 2246 2350 Quoniam
2301 2287 2446 2341 enim
2497 2304 2650 2342 mens
2682 2299 2883 2342 natura
2949 2296 3172 2356 cogitat,
3223 2295 3550 2361 supernatu-

1980 2379 2091 2434 rale
2125 2394 2254 2434 vero
2308 2395 2403 2448 per
2453 2395 2510 2434 se
2561 2397 2667 2434 non
2721 2381 2933 2448 capitur
2979 2395 3152 2448 neque
3207 2381 3423 2443 aditur,
3484 2379 3552 2431 all

1981 2471 2148 2524 multa
2202 2472 2286 2525 vel
2330 2471 2496 2524 invita
2544 2486 2696 2525 mens
2745 2471 3004 2536 int-linat;
3057 2481 3113 2525 et
3171 2465 3345 2538 neque
3402 2481 3555 2522 mens

1979 2573 2160 2632 potest
2227 2563 2518 2631 cogitando
2549 2579 2782 2628 cessare,
2837 2578 3013 2631 neque
3060 2578 3332 2617 sutnmnm
3369 2569 3422 2614 et
3461 2577 3555 2614 su—

1983 2656 2326 2728 pernaturale
2376 2656 2578 2711 bonum
2641 2658 2784 2711 valet
2848 2655 3339 2724 comprehendere.
3395 2654 3554 2722 Aspi-

1983 2753 2130 2805 ciens
2162 2749 2325 2817 igitur
2346 2749 2412 2802 ad
2457 2749 2645 2812 multa,
2713 2749 2766 2801 in
2826 2763 3157 2817 unoquoque
3193 2762 3381 2800 eorum
3421 2746 3556 2797 ntul-

1984 2852 2163 2897 torum
2215 2843 2497 2912 spirituale
2549 2843 2812 2908 intuetur,
2867 2858 2972 2894 non
3034 2842 3178 2910 quod
3217 2849 3298 2894 est
3352 2840 3554 2909 aliquid

1981 2951 2123 3001 esse,
2162 2937 2255 2990 sed
2289 2937 2431 3003 quod
2467 2935 2746 3004 cujusdam
2786 2935 2982 2998 unius;
3021 2943 3074 2987 et
3107 2933 3304 2986 deinde
3339 2949 3400 2986 ex
3439 2934 3555 2984 sin-

1987 3031 2128 3100 gulis
2167 3031 2546 3100 plnenomenis
2581 3029 2793 3097 singula
2826 3028 3180 3097 intelligiltilia
3213 3029 3474 3094 colligens
3504 3036 3558 3077 et

1985 3123 2090 3175 alia
2121 3137 2244 3174 cum
2287 3123 2408 3176 aliis
2442 3123 2642 3176 similia
2682 3138 2780 3175 nec
2830 3123 3076 3190 opposita
3116 3121 3555 3173 animadvertetis

1985 3224 2039 3268 et
2075 3215 2255 3267 omnia
2289 3224 2544 3281 tanquam
2581 3215 2741 3267 mlius
2777 3215 2975 3267 radicis
3007 3212 3186 3272 ﬂores,
3219 3224 3554 3276 consequen-

1990 3317 2073 3359 ter
2108 3307 2352 3374 procedit
2393 3321 2422 3358 a
2468 3306 2652 3359 multis
2691 3305 2798 3358 illis
2835 3305 2898 3358 ad
2952 3319 3222 3359 summum
3265 3318 3454 3363 unum,
3487 3315 3555 3353 ex

1982 3411 2092 3465 quo
2129 3397 2217 3449 illa
2255 3396 2420 3448 multa
2455 3406 2506 3448 et
2525 3395 2730 3459 omnia,
2756 3405 2808 3449 et
2837 3394 3157 3447 naturaliter
3186 3408 3253 3446 ex
3283 3391 3550 3445 naturali-

1983 3488 2085 3542 bus
2116 3487 2390 3555 colligitur
2418 3488 2469 3539 in
2528 3488 2775 3540 ordinem
2835 3484 3332 3554 supernaturalem,
3364 3497 3553 3549 super.

1980 3579 2228 3632 naturale
2261 3579 2388 3630 illud
2414 3588 2469 3630 et
2494 3577 3028 3646 super-substantiale
3055 3591 3220 3629 unum
3250 3578 3301 3627 in
3333 3573 3553 3643 speculo

1979 3671 2380 3737 contemplans,
2411 3685 2568 3737 quam
2610 3679 2859 3722 naturam
2895 3668 3093 3721 habeat
3126 3665 3255 3719 illud
3282 3679 3554 3728 superna~

1981 3760 2148 3813 turale
2173 3774 2237 3811 ex
2268 3759 2335 3812 iis
2367 3774 2486 3824 quae
2533 3760 2832 3812 smundum
2872 3767 3121 3810 naturam
3168 3765 3296 3809 sunt
3342 3755 3554 3823 simpli~

1979 3851 2116 3905 riter
2140 3851 2351 3904 videns.
2388 3850 2544 3903 Tunc
2595 3851 2760 3920 igitur
2804 3865 2957 3903 mens
2997 3849 3364 3902 abundantem
3401 3848 3547 3900 illam

1980 3943 2286 3998 bonitatum
2329 3951 2384 3995 el.
2438 3943 2902 4009 pulchritudinum
2942 3943 3182 3994 omnium
3227 3939 3547 3993 effusionem

1982 4047 2033 4090 et
2060 4037 2504 4089 conSIitutionem
2533 4035 2880 4088 iuclTabiliter
2904 4035 3109 4097 videns,
3141 4042 3193 4086 et
3229 4045 3555 4100 supernatu-

1981 4125 2077 4178 rali
2110 4141 2218 4177 uno
2251 4128 2517 4194 gaudens.
2546 4142 2653 4179 non
2697 4127 2869 4178 libens
2897 4125 3230 4178 convertitur
3262 4125 3325 4176 ad
3359 4124 3549 4184 multa,

1980 4217 2197 4270 e:iamsi
2242 4217 2468 4284 pulchra
2494 4218 2605 4269 sint
2640 4225 2691 4269 et
2726 4225 2931 4283 partem
2974 4216 3168 4267 bonam
3206 4215 3550 4282 participem.

1982 4308 2178 4360 Eorum
2206 4307 2351 4359 enim
2381 4309 2614 4361 amatrix
2643 4323 2762 4376 quae
2802 4307 3123 4361 naturaliter
3156 4307 3378 4375 pulchra
3402 4315 3550 4366 sunt,

1979 4413 2087 4451 non
2122 4399 2296 4452 libens
2327 4402 2394 4452 ab
2429 4399 2523 4451 illo
2579 4401 2720 4466 ιιιιοιΙ
2776 4415 2937 4466 supra
2985 4398 3165 4452 omnia
3205 4405 3288 4450 est
3326 4397 3548 4457 recedit,

1982 4489 2085 4544 nisi
2139 4490 2188 4542 id
2244 4490 2318 4542 illi
2373 4507 2500 4544 casu
2555 4491 2788 4558 quodam
2855 4491 3084 4541 accidat.
3125 4488 3227 4542 Sed
3290 4489 3547 4556 quoniam

293 4573 548 4644 καίτοιγε
581 4574 715 4628 ὅντα
745 4576 838 4632 καὶ
874 4574 1037 4639 καλὰ,
1073 4575 1167 4627 καὶ
1193 4575 1412 4648 μερίδος
1434 4576 1645 4646 ἀγαθῆς
1664 4581 1887 4649 μέτοχα.
1905 4597 1953 4656 ο

1860 4597 1953 4656 1-D
1982 4601 2160 4638 rerum
2219 4585 2364 4638 modi
2421 4586 2562 4636 inter
2620 4601 2678 4638 se
2732 4583 3031 4647 diﬂ'ernnt,
3096 4598 3158 4634 ac
3207 4581 3545 4635 dill'et'cnlcm

291 4666 592 4727 Φιλόκαλος
615 4670 728 4738 γὰρ
765 4669 841 4719 ῶν
868 4668 925 4730 ἐς
972 4667 1038 4729 τά
1067 4668 1302 4737 μάλιστα
1337 4669 1606 4736 φυσικῶς,
1625 4672 1721 4741 οὐχ
1751 4674 1891 4727 ἑκὼν

287 4755 583 4818 ἐξίσταται
614 4754 708 4809 τοῦ
737 4755 879 4826 ὑπὲρ
914 4757 1114 4820 πάντα,
1142 4760 1190 4812 εί
1224 4758 1297 4828 μή
1320 4776 1434 4820 πως
1465 4762 1605 4814 κατά
1628 4763 1892 4832 περίστα-

289 4849 379 4901 σίν
431 4865 560 4900 τινα
614 4848 860 4918 συμϐαίη
914 4849 1076 4902 τοῦτο
1113 4850 1286 4920 αὐτῷ.
1338 4852 1481 4904 Ἀλλ’
1542 4855 1892 4926 ὲπειδήπερό

287 4941 402 4994 τῶν
443 4941 618 4993 όντων
645 4941 846 5012 τρόπος
897 4942 1176 5013 διάφορος.
1227 4945 1322 4997 καὶ
1351 4945 1606 5014 διάφορον
1645 4947 1759 5017 ἔχει
1793 4949 1892 5021 τὴν

287 5035 493 5105 νοερὰν
523 5034 850 5103 ἀπόϐλεψιν,
905 5035 1003 5088 καὶ
1036 5036 1313 5106 διαφόρως
1344 5040 1372 5091 6
1399 5038 1522 5101 νοῦς
1557 5040 1646 5094 διὰ
1684 5041 1892 5095 τούτων

286 5129 371 5190 εἰς
397 5129 462 5179 τὺ
493 5127 867 5196 ὑπερκὸσμιον
893 5127 970 5193 ἓν,
995 5129 1090 5182 καὶ
1121 5129 1401 5200 ὑπερφυὲς
1424 5134 1735 5204 ἀνατρέχει,
1763 5137 1888 5204 χρὴ,

287 5219 552 5291 καθάπερ
605 5213 845 5288 ἐγῷμαι,
883 5221 1080 5291 μικρόν
1125 5239 1249 5274 τινα
1302 5223 1742 5292 διαμεθοδεῦσαι,
1791 5228 1890 5297 τῆς

287 5313 378 5366 διὰ
407 5311 521 5364 τῶν
562 5311 778 5364 πολλῶν
841 5314 936 5366 ἐπὶ
968 5313 1029 5365 τὸ
1055 5313 1398 5380 ὑπερουσίως
1427 5316 1796 5387 ῦπερκόσμιον
1830 5318 1890 5374 ἒν

286 5404 435 5468 ὁδοῦ,
465 5405 743 5473 πορισμόν
763 5422 777 5436 ·
811 5405 961 5468 ὅπως
996 5405 1085 5468 ἂν,
1118 5406 1318 5458 ὡσανεὶ
1348 5407 1684 5478 κλιμακηδὸν
1705 5413 1732 5462 ό
1765 5410 1892 5474 νοῦς

288 5496 487 5558 ἀνιὼν,
529 5497 955 5566 ἀσφαλεστάτην
973 5499 1074 5570 τὴν
1104 5500 1376 5570 σφετέραν
1399 5503 1623 5570 ποιῆται
1654 5503 1888 5572 κίνησιν,

287 5592 386 5643 καὶ
417 5590 580 5660 γνοίη
614 5592 667 5641 εἴ
697 5607 750 5642 τι
774 5590 842 5643 ἄν
863 5608 993 5643 ποτε
1028 5592 1152 5643 κατ’
1188 5593 1358 5661 αὐτὴν
1401 5592 1713 5665 ὲλλείποι,ἢ
1750 5598 1795 5647 εἰ
1828 5596 1889 5666 δή

288 5681 412 5734 ποτ’
484 5681 636 5733 εστιν
696 5684 753 5732 ἐν
796 5673 841 5748 ᾧ
905 5678 1047 5736 εἶναι
1074 5682 1204 5753 χρὴ,
1243 5685 1346 5737 κάν
1377 5683 1555 5755 τούτῳ
1601 5687 1693 5738 ἐπὶ
1728 5687 1893 5740 πόσον

287 5774 498 5843 τρυφᾷ,
525 5771 625 5826 καὶ
645 5773 700 5825 τί
722 5773 785 5826 τὸ
809 5773 1065 5841 σφάλλον,
1083 5777 1178 5828 καὶ
1194 5775 1439 5844 ἀφιστῶν
1458 5777 1619 5830 αὑτὸν
1640 5779 1736 5847 τῆς
1758 5780 1894 5832 καλο-

287 5868 450 5936 λονῆς
508 5867 751 5937 ἐκείνης,
800 5869 892 5921 καὶ
926 5868 1334 5939 ἀναδάσεως,ὴ
1377 5870 1522 5934 θείας
1576 5874 1892 5938 ἑστιάσεως,

1984 4679 2182 4731 habent
2220 4679 2557 4744 Spiritualem
2596 4689 2780 4745 aspmﬂ
2805 4693 2898 4739 un,
2925 4686 2975 4728 et
3007 4676 3151 4728 varie
3181 4690 3332 4728 mens
3364 4689 3457 4741 per
3482 4688 3543 4726 ea

1983 4769 2045 4821 ad
2098 4769 2512 4836 supernatutale
2566 4784 2625 4821 ac
2681 4767 3206 4833 supersumtantiale
3246 4781 3411 4818 unum
3459 4779 3551 4816 as-

1980 4862 2180 4922 ccmlit,
2224 4871 2457 4928 Oportet,
2511 4869 2565 4909 nl
2603 4874 2701 4927 ego
2743 4859 2973 4925 opinor,
3041 4859 3352 4908 tnclltodnm
3395 4856 3547 4914 dare.

1980 4966 2086 5018 qua
2130 4967 2224 5015 per
2263 4951 2428 5003 multa
2464 4950 2528 5001 ad
2569 4949 2698 5001 illud
2745 4947 3345 5017 SttpchUltSlnltliaiiler
3383 4961 3549 4998 unum

1983 5039 2496 5107 perveniatnus;ita
2531 5048 2606 5100 ut,
2657 5049 2909 5105 tanquam
2965 5053 3058 5106 per
3109 5036 3311 5088 scalam
3360 5048 3550 5087 δευου-

1980 5127 2137 5190 deus,
2179 5142 2332 5181 mens
2385 5127 2800 5181 securissimnm
2847 5127 3007 5178 faciat
3050 5138 3211 5176 suum
3256 5133 3458 5175 motum
3492 5131 3548 5174 et

1981 5218 2119 5271 sciat
2172 5231 2354 5271 utrum
2409 5219 2534 5285 quid
2601 5220 2724 5270 huic
2780 5218 2949 5270 motui
3003 5217 3163 5279 desit,
3205 5231 3270 5269 an
3314 5230 3442 5269 vero
3479 5217 3553 5270 sit

1984 5309 2074 5362 ubi
2107 5325 2226 5362 eum
2264 5325 2389 5364 esse
2418 5321 2652 5377 Oportet,
2677 5319 2730 5363 et
2766 5311 2819 5364 in
2877 5313 2977 5364 hoc
3017 5319 3278 5377 quantum
3318 5310 3548 5365 la-tetnr,

1981 5400 2185 5468 etquid
2222 5399 2684 5470 fallatipsamque
2735 5411 2946 5454 avertat
2995 5401 3064 5452 ab
3115 5400 3203 5453 illa
3252 5400 3554 5468 pulchritu-

1981 5493 2108 5545 dine
2134 5502 2187 5546 el.
2224 5495 2544 5547 aSCensione
2593 5503 2646 5547 et
2700 5494 3007 5562 epulatione
3041 5493 3248 5554 divina,
3303 5502 3358 5544 et
3410 5507 3552 5558 quo.

1986 5587 2146 5638 modo
2189 5602 2406 5639 rursum
2463 5589 2635 5656 possit
2670 5589 2863 5640 reverti
2901 5586 3044 5640 unde
3091 5585 3372 5638 deciderit.
3421 5586 3551 5637 Indo

1982 5692 2113 5730 sane
2139 5676 2337 5729 videbit
2355 5684 2409 5730 et
2427 5678 2778 5746 cupiditatum
2799 5679 3080 5744 caliginem
3098 5686 3149 5729 ct
3172 5677 3354 5729 mundi
3372 5677 3552 5730 cordis

1983 5766 2356 5834 splendorem,
2384 5769 2738 5837 veritatisque
2781 5767 3146 5835 cegnilionem
3177 5782 3295 5835 qua:
3327 5778 3553 5835 apparet

1987 5867 2242 5926 Unquam
2274 5859 2327 5912 in
2365 5860 2584 5928 speculo
2616 5859 2793 5928 qualis
2827 5871 2934 5923 est,
2981 5858 3284 5913 cmlestium
3339 5869 3554 5926 specta-
