4266 6450
289 431 402 496 8⁸73

1427 436 1520 494 DE
1561 433 1732 495 VITA
1777 431 2076 496 CONTEM
2091 439 2401 502 PLATIVA
2416 489 2428 504 .

3424 445 3529 512 874

352 543 677 614 Παχυτὲρας
724 542 782 596 δὲ
827 540 1197 611 ἐπιπεσούσης
1237 543 1465 612 ἀχλύος.
1513 546 1604 599 καὶ
1638 547 1698 602 τὸ
1725 545 1914 604 νοεῖνΑ
2017 546 2037 599 ῐ

1842 549 1914 604 νΑ
2017 546 2308 618 Postquam
2358 570 2484 608 vero
2516 555 2778 613 deciderit
2806 559 3044 615 crassior
3081 558 3254 628 caligo
3297 570 3527 615 mentem

273 639 770 703 ἐπισκοτιζούσης,
817 639 912 690 καὶ
960 637 1192 707 ἀκηδίαν
1243 638 1571 707 ἐπιχεούσης
1624 640 1758 706 πρός
1802 655 1866 706 γε

272 732 335 783 τὸ
369 732 604 800 θεωρεῖν
645 730 724 798 τῷ
765 729 877 798 νῷ,
909 729 986 792 είς
1032 730 1200 799 εὐχὰς
1230 729 1548 799 πρακτικῶς
1582 730 1640 781 ὲν
1675 730 1869 801 καρδίᾳ

272 827 508 891 ταπεινῇ
561 823 826 892 τρεπτέον
853 824 1000 892 ἡμᾶς
1029 824 1251 884 αὐτοὺς,
1289 823 1383 875 καὶ
1412 821 1506 874 τοῦ
1548 822 1770 884 σκότους
1799 825 1866 892 τῇ

271 918 370 984 τῆς
417 916 732 986 προσευχῆς
772 916 1000 982 δυνάμει
1042 914 1134 967 καὶ
1172 916 1282 976 τοῖς
1337 913 1568 983 δάκρυσι
1619 931 1870 984 μεταχω-

276 1011 567 1078 ρήσαντος,
602 1007 923 1078 ὑποϐάθραν
951 1007 1113 1060 πάλιν
1146 1003 1303 1068 αὖθις
1337 1005 1525 1076 ὥσπερ
1551 1007 1672 1059 τινὰ
1703 1007 1873 1058 ποιεῖ-

271 1103 422 1167 σθαι,
457 1102 697 1170 αἰσθητά
728 1101 944 1162 κτιστά,
978 1101 1427 1172 προενοικοῦντος
1460 1104 1526 1170 τῇ
1559 1102 1780 1171 καρδίᾳ,
1813 1101 1871 1154 ἐν

271 1197 530 1268 ἐνεργείᾳ.
569 1197 921 1266 πνευματικῇ
984 1196 1376 1262 ἐνυποστάτῳ,
1433 1193 1612 1260 φωτδς
1645 1192 1870 1264 νοεροῦ,

273 1290 366 1340 καὶ
399 1287 841 1356 προκατέχοντος
873 1284 970 1337 τοῦ
993 1284 1087 1336 νοῦ
1125 1284 1394 1352 δηλονότι,
1424 1283 1485 1335 τὸ
1513 1284 1613 1352 τῆς
1640 1301 1873 1353 πρακτι-

272 1383 375 1446 κῆς
410 1381 802 1449 ἐπιστημόνως
837 1394 901 1446 γε
933 1378 1054 1430 λίαν
1083 1378 1308 1448 κράτος,
1347 1378 1483 1429 καθὸ
1511 1376 1813 1430 ἐπιϐαίνειν
1841 1378 1871 1428 ό

273 1474 397 1536 νοῦς
439 1475 686 1542 πέφυκεν
721 1473 913 1544 ὥσπερ
949 1472 1040 1526 ἐπί
1091 1489 1236 1534 τινος
1285 1470 1632 1541 ἀκρωρείας,
1675 1471 1706 1540 ἦ
1748 1489 1874 1523 σκο-

271 1570 409 1630 πιᾶς
443 1566 754 1637 δήπουθεν,
796 1566 893 1618 καὶ
939 1564 1168 1635 θεωρεῖν
1217 1563 1285 1615 τά
1338 1562 1554 1624 πολλοῖς
1605 1563 1667 1615 οὐ
1714 1564 1873 1631 μόνον

271 1659 513 1720 ἀθέατα,
550 1658 687 1711 ἀλλὰ
723 1659 818 1711 καὶ
845 1655 1116 1726 ἀζήτητα,
1155 1657 1250 1708 καὶ
1288 1655 1642 1724 ἀνεπινόητα,
1677 1659 1769 1708 καὶ
1810 1649 1871 1711 οὗ

270 1754 445 1822 χωρὶς
482 1752 660 1814 οὐδεὶς
699 1750 926 1819 ὄψεται,
973 1748 1096 1801 οὔτε
1133 1749 1346 1809 ἑαυτὸν,
1385 1745 1509 1800 οὔτε
1544 1749 1638 1800 καὶ
1672 1750 1872 1818 μᾶλλον

268 1848 362 1896 τὸν
396 1844 550 1897 θεόν.
607 1844 740 1912 Περὶ
777 1837 843 1913 ἧς
884 1841 1197 1910 πρακτικῆς
1232 1839 1600 1911 ἐπιδρομάδην
1637 1839 1729 1892 νῦν
1770 1841 1869 1910 ἤδη

268 1937 449 1987 εἰπεῖν
472 1976 486 2000 ,
520 1935 662 2004 τάχα
690 1951 753 2001 γε
787 1935 849 1988 οὐ
883 1935 1073 2004 πόρῤω
1105 1930 1334 1984 σκοποῦ.

341 2027 452 2096 λς’.
499 2029 639 2098 Τρία
674 2030 706 2096 ἠ
743 2025 889 2096 ψυχὴ
933 2025 1137 2079 ἔσωθεν
1167 2025 1282 2094 εχει
1308 2025 1542 2095 δεόμενα
1583 2024 1867 2096 πράξεως,

267 2119 621 2185 λογιστικὸν,
673 2118 1109 2187 ἐπιθυμητικὸν,
1146 2120 1240 2172 καὶ
1288 2117 1519 2186 θυμικόν
1545 2134 1559 2149 ο
1604 2118 1698 2171 καὶ
1741 2114 1871 2186 τρία

267 2210 514 2275 ἔξωθεν,
569 2209 755 2278 ἔφεσιν
810 2210 1002 2279 δόξης,
1046 2208 1262 2277 ἡδονῆς,
1316 2210 1409 2261 καὶ
1462 2206 1554 2260 τοῦ
1603 2207 1867 2268 πλείονος.

265 2304 490 2365 Ταύτας
540 2304 605 2372 δὴ
653 2303 750 2364 τὰς
790 2303 885 2355 δύο
939 2302 1166 2370 τριάδας
1220 2301 1603 2370 ἐπιστημόνως
1648 2301 1681 2369 ή
1723 2299 1871 2368 ψυχὴ

264 2396 534 2465 ἀφορῶσα
578 2397 633 2447 ὲν
669 2398 735 2465 τῇ
778 2394 872 2448 τοῦ
933 2393 1108 2461 Ἰησοῦ
1139 2392 1376 2462 Χριστοῦ
1423 2393 1677 2462 ἐνσάρκῳ
1719 2390 1871 2442 πολι-

262 2489 423 2557 τεία,
475 2489 566 2542 διά
620 2489 728 2541 τῶν
772 2487 944 2554 αὐτῆς
996 2486 1278 2556 τεσσάρων
1323 2484 1558 2553 γενικῶν
1612 2483 1863 2555 ἀρετῶν,

264 2582 589 2650 φρονήσεως
644 2579 879 2649 δηλαδὴ,
911 2578 1297 2647 δικαιοσύνης,
1335 2575 1723 2648 σωφροσύνης,
1772 2575 1868 2628 καὶ

263 2673 549 2742 ἀνδρείας,
583 2673 641 2724 ἐν
674 2673 742 2740 τῇ
782 2672 966 2740 χάριτι
1009 2669 1223 2733 ὲξιᾶται
1263 2667 1358 2720 τοῦ
1409 2667 1615 2736 Κυρίου
1668 2664 1866 2734 Ἰησοῦν

261 2767 361 2817 καὶ
410 2764 597 2816 δίδωσι
631 2761 708 2831 τῷ
757 2763 958 2831 ἑαυτῆς
997 2761 1072 2830 νῷ
1105 2761 1554 2831 άπερισκοτήτως
1599 2757 1866 2828 μετεωρί-

263 2856 498 2921 ζεσθαι,
552 2857 648 2909 καὶ
689 2856 760 2907 τὰ
821 2856 942 2907 θεῖα
981 2853 1337 2922 περιαθρεῖν,
1387 2853 1479 2905 καὶ
1523 2850 1748 2918 θεωρεῖν
1776 2851 1870 2902 τὸν

263 2948 422 2999 Θεὸν.
459 2947 590 2998 Ὅτε
625 2947 736 3016 γάρ
773 2947 801 2997 ό
827 2944 1034 3014 Κύριος
1071 2943 1281 3012 Ἰησοῦς
1312 2942 1455 3012 ῆχθη
1492 2942 1550 2993 ἐν
1582 2942 1648 3010 τῇ
1677 2940 1868 3010 ἐρήμῳ

263 3039 373 3091 ὑπὸ
424 3037 519 3090 τοῦ
577 3037 900 3107 Πνεύματος
956 3034 1383 3088 καταπαλαίσων
1443 3034 1537 3086 τὸν
1585 3032 1864 3097 διάϐολον,

1879 1903 1921 1956 Β

1947 639 2328 706 obtenebrans,
2348 651 2402 699 et
2423 645 2662 698 acediam
2689 650 2858 703 menti
2885 648 3174 704 infundens
3197 649 3263 703 ad
3287 659 3528 703 contem-

1946 730 2228 795 plaudunt,
2278 748 2380 788 nos
2409 745 2622 802 oportet
2669 737 2733 790 ad
2771 754 2960 807 preces
3004 739 3246 808 practice
3277 737 3526 794 converti

1948 822 1998 875 in
2028 825 2218 878 humili
2251 829 2437 890 corde,
2467 841 2518 883 et
2549 838 2834 900 postquam
2870 832 2923 885 vi
2959 833 3223 887 orationis
3259 840 3315 886 et
3346 833 3529 900 lacry-

1947 918 2048 970 mis
2072 917 2305 970 tenebrae
2347 923 2690 987 recesserint,
2727 923 2897 977 basim
2936 925 3170 993 aliquam
3204 939 3423 980 rursum
3453 923 3531 977 fa-

1947 1022 2072 1063 cere
2133 1011 2412 1066 sensibilis
2465 1023 2668 1080 creata,
2707 1018 3099 1082 praehabitante
3146 1017 3198 1070 in
3235 1018 3400 1072 corde
3434 1033 3532 1087 per

1946 1101 2282 1166 spiritualem
2325 1105 2644 1167 efﬁcaciam,
2694 1109 2911 1162 trientali
2958 1110 3162 1162 lumine
3191 1110 3336 1179 quod
3374 1126 3531 1164 men-

1948 1201 2050 1246 tem
2083 1195 2360 1260 possideat
2386 1198 2619 1253 actionis
2650 1201 2869 1264 virtute,
2899 1219 3008 1270 qua
3043 1217 3197 1258 mens
3232 1203 3524 1256 ascendere

1947 1293 2126 1350 potest
2153 1296 2407 1356 tanquam
2436 1290 2487 1342 in
2507 1291 2799 1357 quamdam
2825 1295 3191 1348 summitatem
3215 1302 3308 1346 aut
3338 1310 3530 1365 Specu-

1949 1377 2051 1428 lam
2080 1387 2133 1430 et
2159 1379 2283 1433 inde
2311 1384 2664 1451 contemplari
2692 1399 2813 1453 quas
2840 1386 3144 1440 multisnon
3174 1398 3299 1443 sunt
3341 1389 3528 1442 visibi-

1950 1469 2041 1534 lia,
2077 1485 2175 1523 nec
2208 1485 2237 1523 a
2269 1473 2452 1525 multis
2479 1475 2786 1542 cogitantur
2835 1488 2929 1532 aut
2955 1490 3298 1546 qureruntur,
3333 1489 3385 1534 et
3408 1483 3528 1535 siue

1948 1575 2056 1629 quo
2085 1577 2246 1618 nemo
2276 1564 2474 1618 videbit
2513 1580 2690 1636 neque
2720 1570 2985 1638 seipsum,
3031 1587 3207 1640 neque
3237 1588 3266 1626 a
3317 1573 3526 1628 fortiori

1951 1653 2141 1707 Deum.
2175 1654 2247 1708 De
2280 1673 2384 1724 qua
2413 1659 2626 1714 actione
2672 1677 2813 1716 nunc
2845 1666 3048 1720 cursim
3098 1675 3183 1721 est
3215 1666 3524 1737 dicendum,

1950 1747 2136 1803 forsan
2163 1764 2268 1803 non
2296 1752 2482 1818 procul
2513 1767 2543 1806 a
2565 1767 2755 1824 scapo.

2026 2018 2115 2072 56.
2154 2016 2280 2073 Tria
2340 2020 2391 2073 in
2428 2037 2487 2076 se
2523 2022 2682 2077 habet
2721 2024 2900 2079 anima
2950 2043 3072 2096 quae
3122 2030 3335 2085 actione
3382 2030 3526 2085 iudi-

1954 2118 2101 2180 gent,
2139 2111 2423 2177 rationem,
2453 2115 2751 2183 appetitum
2779 2117 3104 2173 irascibilent
3138 2128 3190 2174 et
3219 2122 3521 2189 appetitum

1955 2204 2470 2273 concupiscibilem;
2503 2218 2553 2259 et
2578 2209 2676 2262 tria
2708 2219 2860 2264 extra
2888 2225 2967 2274 se,
2997 2212 3182 2281 gloria:
3203 2217 3525 2282 appetitum,

1957 2296 2268 2363 voluptatis,
2319 2311 2372 2352 et
2403 2299 2736 2353 divitiarum.
2776 2301 2923 2356 Hanc
2970 2303 3236 2372 duplicem
3294 2308 3522 2359 triadem

1961 2404 2136 2454 mens,
2172 2389 2378 2444 Domini
2400 2390 2522 2447 Jesu
2551 2395 2814 2448 incarnati
2842 2396 3003 2449 vitam
3026 2397 3240 2450 intuens
3267 2414 3365 2469 per
3391 2415 3525 2467 qua-

1960 2495 2081 2537 tuor
2141 2485 2240 2553 ipsi
2295 2485 2559 2553 ingenitas
2601 2487 2848 2552 virtutes,
2899 2489 3239 2555 prudentiam
3307 2470 3522 2559 nempe,

1955 2575 2245 2646 justitiam,
2271 2579 2682 2644 temperantiam
2707 2590 2759 2632 ct
2780 2578 3173 2641 fortitudinem.
3210 2585 3380 2649 gratia
3413 2585 3522 2638 Do-

1963 2669 2090 2722 mini
2142 2667 2267 2723 Jesu
2317 2679 2472 2723 sanat
2518 2683 2572 2725 et
2621 2686 2733 2724 suae
2788 2672 2954 2725 menti
2994 2688 3088 2727 eas
3131 2674 3224 2726 dat
3277 2685 3526 2727 contem-

1962 2759 2203 2827 plaudas,
2226 2768 2277 2813 et
2299 2760 2479 2814 divina
2501 2763 2891 2816 consideranda
2917 2770 2969 2815 et
2993 2755 3157 2816 Deum
3183 2766 3524 2818 intuendum.

1961 2851 2189 2916 Quando
2219 2852 2361 2904 enim
2398 2851 2654 2904 Dominus
2680 2850 2838 2907 Jesus
2870 2854 2920 2905 in
2951 2853 3227 2907 desertum
3258 2871 3284 2907 a
3320 2855 3525 2924 Spiritu

1961 2945 2159 2998 ductus
2204 2952 2287 2997 est
2340 2952 2528 2996 contra
2577 2944 2853 2998 diabolum
2907 2957 3262 3016 pugnaturus,
3313 2947 3522 3016 jejunio

1959 3033 2176 3104 quidem
2217 3033 2696 3102 coneupiscibilcm
2731 3036 3023 3103 appetitum
3060 3039 3306 3107 sanavit;
3345 3038 3524 3103 vigilia

261 3131 498 3200 νηστείᾳ
540 3130 640 3199 μὲν
692 3130 751 3180 τὸ
796 3127 1197 3198 ἐπιθυμητικὸν
1255 3125 1622 3196 ἐθεράπευσεν
1651 3141 1664 3155 ο
1697 3126 1868 3194 ἀγρυ-

1840 3157 1868 3168 -
1962 3138 2015 3181 et
2043 3125 2329 3191 tranquilla
2363 3126 2631 3190 oratione,
2673 3128 2971 3192 rationem;
3017 3128 3340 3182 iraseihilem
3372 3145 3523 3192 vero,

265 3224 402 3292 πνίᾳ
432 3238 494 3273 τε
554 3221 650 3272 καὶ
679 3220 866 3290 ἡσύχῳ
916 3222 1217 3288 προσευχῇ,
1249 3219 1308 3270 τὸ
1337 3219 1644 3286 λογιστικόν
1670 3234 1682 3247 ·
1723 3218 1785 3269 τὸ
1811 3218 1922 3288 δέο

1841 3218 1922 3288 ἐς
1956 3220 2416 3282 contradictione;
2457 3219 2748 3285 voluptatis
2781 3220 3112 3273 desiderium
3142 3229 3194 3274 et
3226 3236 3378 3276 vanae
3405 3224 3523 3291 glo-

261 3312 522 3380 θυμικὸν,
564 3313 886 3381 άντιρρήσει
914 3329 925 3340 ·
962 3309 1276 3380 φιληδονίαν
1303 3327 1364 3360 τε
1400 3311 1494 3362 καὶ
1541 3308 1862 3376 φιλοδοξίαν,

1833 3333 1862 3368 ν,
1955 3312 2046 3365 ri:e
2074 3319 2124 3364 et
2155 3310 2462 3371 avaritiam,
2486 3309 2613 3362 dum
2638 3309 2886 3364 esuriens
2910 3311 3086 3363 cibum
3118 3326 3223 3364 non
3249 3313 3518 3378 quazmvit,

263 3405 359 3454 καὶ
393 3402 785 3472 φιλαργυρίαν,
819 3404 878 3454 ἐν
917 3396 998 3463 οἷς
1041 3401 1242 3452 πεινῶν
1278 3403 1375 3452 οὐκ
1397 3398 1694 3469 ἐζήτησεν,
1734 3401 1809 3461 ὡς
1838 3402 1866 3453 ὀ

1838 3402 1866 3453 ὀ
1952 3410 2011 3454 ut
2040 3400 2283 3453 diabolus
2321 3399 2423 3468 ipsi
2471 3400 2803 3468 proponebat
2836 3417 2850 3453 :
2892 3417 2911 3450 ι
2954 3399 3048 3453 Dic
3078 3410 3135 3452 ut
3187 3401 3393 3469 lapides
3426 3402 3515 3455 isti

258 3498 513 3559 διάϐολος
549 3496 817 3556 ὑπετίθει,
854 3497 940 3548 ἵνα
969 3497 1018 3547 οἱ
1050 3495 1188 3548 λίθοι
1216 3497 1370 3564 ἄρτοι
1402 3495 1700 3561 γένωνται·
1741 3495 1864 3547 οὐδὲ

1838 3495 1864 3545 ὲ
1951 3509 2114 3561 panes
2149 3493 2306 3556 fiant;
2348 3512 2364 3544 ι
2401 3506 2572 3558 neque
2603 3494 2840 3559 seipsum
2873 3489 3012 3544 infra
3042 3491 3234 3560 dejecit
3266 3508 3295 3546 a
3330 3494 3520 3561 pinna-

259 3588 416 3639 κάτω
467 3587 661 3639 ἑαυτὸν
704 3585 898 3638 ἔϐαλεν
943 3585 1054 3638 ἀπὸ
1092 3585 1187 3638 τοῦ
1240 3584 1388 3653 ίεροῦ
1430 3585 1753 3654 πτερυγίου,
1795 3585 1862 3637 ἵν’

261 3682 370 3733 ὑπὸ
413 3682 508 3732 τοῦ
551 3681 711 3750 ὄχλου
759 3681 834 3743 ὡς
876 3681 1048 3751 μηδὲν
1089 3679 1374 3742 πεπονθὼς
1405 3682 1470 3749 τῇ
1514 3679 1863 3734 καταπτὼσει

257 3772 532 3841 δοξασθῇ,
573 3772 693 3824 οὐδὲ
736 3771 1122 3841 προσκυνῆσαι
1167 3770 1397 3839 ἐπείσθη
1444 3772 1536 3823 ἐπὶ
1571 3771 1862 3840 ὑποσχέσει

257 3864 478 3932 λήψεως
514 3863 611 3916 τοῦ
661 3864 898 3917 πλούτου
937 3863 1169 3917 ἁπασῶν
1208 3863 1317 3915 τῶν
1365 3861 1691 3932 βασιλειῶν,
1745 3859 1860 3914 ἀλλ’

256 3955 586 4024 ἀντιρῤήσει
627 3955 908 4022 θυμοειδεῖ
955 3956 1207 4024 φρονίμῳ
1233 3994 1247 4018 ,
1286 3955 1380 4007 καὶ
1410 3954 1602 4020 δικαίῳ
1642 3952 1752 4024 [10.
1783 3953 1861 4006 δι-

257 4043 455 4115 καίᾳῙ,
493 4043 733 4115 σώφρονι
779 4063 840 4098 τε
886 4047 982 4098 καὶ
1034 4045 1256 4114 ἀνδρείᾳ
1307 4044 1398 4097 τὴν
1455 4045 1702 4098 Σατανᾶν
1743 4044 1858 4097 άπ-

260 4133 604 4202 εκρούσατο,
653 4135 750 4187 καὶ
779 4129 952 4205 ’ἡμᾶς
991 4137 1050 4188 ἐν
1085 4135 1262 4204 τούτῳ
1297 4135 1565 4188 διδάσκων
1591 4134 1688 4202 τὴν
1721 4134 1861 4188 κατὰ

255 4226 360 4295 τῆς
399 4227 594 4294 ἐφόδου
643 4229 827 4296 πάσης
853 4224 1025 4300 ἧτταν
1071 4228 1255 4280 αὐτοῦ.
1300 4226 1470 4280 Τοῦτο
1513 4227 1576 4296 δή
1605 4243 1686 4280 τοι
1728 4228 1858 4281 αὐτό

255 4338 342 4381 τις
380 4321 485 4371 κάν
515 4319 594 4388 τῷ
628 4319 849 4390 σταυρῷ
887 4321 983 4374 τοῦ
1025 4322 1278 4391 Σωτῆρος
1326 4321 1524 4387 ὄψεται
1578 4319 1674 4372 καὶ
1702 4320 1855 4390 γνοίη

255 4413 345 4465 ἄν.
406 4413 781 4483 Προσεύχεται
816 4414 1052 4485 καὶγὰρ
1092 4414 1170 4484 τῷ
1211 4414 1333 4467 τότε
1375 4413 1567 4484 καιροῦ
1598 4416 1625 4466 ὁ
1665 4412 1857 4484 Σωτὴρ

260 4500 375 4549 τῶν
427 4495 690 4564 μαθητῶν
725 4498 919 4550 ἑαυτὸν
952 4502 1218 4568 ἀφιστάςο
1268 4501 1427 4557 τοῦτο
1461 4506 1596 4576 ἴαμα
1645 4507 1740 4559 τοῦ
1771 4505 1860 4558 λο-

1949 3585 2073 3638 culo
2099 3584 2309 3653 templi,
2334 3593 2392 3636 ut
2428 3599 2458 3636 a
2483 3583 2823 3636 multitudine
2863 3583 2999 3636 nihil
3028 3583 3098 3636 0|)
3131 3599 3290 3637 suum
3321 3598 3511 3638 casum

1949 3675 2072 3726 mali
2099 3689 2292 3740 passus
2323 3674 2654 3734 laudaretur.
2683 3688 2858 3742 neque
2880 3682 2938 3726 ut
2963 3673 3234 3728 diabolum
3263 3676 3518 3730 adoraret

1947 3768 2214 3820 adductus
2262 3767 2385 3828 fuit,
2416 3767 2515 3820 etsi
2548 3753 2789 3820 omnium
2840 3783 3126 3836 regnorum
3160 3770 3364 3824 divitiae
3409 3771 3513 3838 ipsi

1945 3860 2303 3924 offerrentur;
2331 3860 2422 3914 sed
2458 3859 2893 3915 cootradictione
2917 3861 3054 3914 irata
3087 3877 3151 3916 ac
3180 3865 3428 3931 prudenti
3459 3875 3514 3918 et

1937 3951 2106 4020 justa,
2139 3961 2192 4005 et
2224 3951 2454 4017 sapienti
2483 3950 2798 4004 fortitudine
2822 3952 3079 4006 Satanam
3113 3955 3313 4022 ropttlit
3335 3965 3387 4008 et
3409 3969 3509 4009 nos

1943 4047 1993 4098 in
2028 4045 2127 4098 hoc
2154 4044 2356 4099 docens
2392 4045 2608 4098 Satanas
2640 4055 2828 4098 contra
2861 4060 3076 4098 omnem
3111 4026 3369 4114 impetum
3401 4048 3511 4100 cla-

1941 4135 2083 4189 dem.
2119 4131 2254 4186 Illud
2285 4150 2414 4189 sane
2450 4136 2587 4189 idem
2624 4147 2678 4189 et
2707 4139 2759 4190 in
2784 4152 2945 4191 cruce
2975 4137 3187 4190 Domini
3213 4138 3414 4191 videbit
3447 4155 3510 4192 ac

1942 4237 2146 4285 uoscet.
2179 4229 2311 4283 Orat
2332 4230 2474 4282 enim
2513 4236 2640 4282 tunc
2667 4233 2927 4298 temporis
2959 4227 3240 4293 Salvator;
3281 4245 3311 4283 a
3343 4231 3511 4285 disci-

1939 4323 2079 4390 pulis
2103 4323 2363 4374 recedens
2394 4341 2408 4374 :
2449 4319 2569 4374 Haec
2595 4322 2819 4374 rationis
2848 4334 2932 4378 est
2962 4323 3171 4376 sanatio
3196 4341 3208 4386 ;
3244 4323 3428 4392 vigilat
3456 4334 3508 4376 et

1938 4428 2042 4465 non
2059 4412 2284 4473 dormit,
2312 4425 2365 4466 et
2387 4411 2544 4464 sicin
2567 4425 2726 4464 cruce
2749 4412 2990 4478 patitur:
3019 4412 3070 4465 id
3097 4419 3198 4474 est,
3231 4415 3506 4480 appetitus

1938 4502 2378 4569 concupiscibilis
2421 4504 2750 4568 remedium;
2787 4519 2893 4556 non
2933 4505 3280 4566 contradicit,
3329 4520 3505 4573 neque

267 4584 516 4652 γιστικοῢ
547 4601 562 4615 ·
591 4591 876 4656 γρηγορεϊ,
904 4566 1013 4642 καὶ.
1032 4591 1374 4661 διαγρυπνεῖ,
1408 4597 1503 4648 καὶ
1521 4566 1692 4666 ιδίψαν
1727 4566 1910 4651 ὑπο-θ
1941 4597 1952 4648 i

1821 4566 1910 4650 ισθ
1941 4595 2194 4648 irascitur
2252 4603 2346 4647 aut
2391 4600 2622 4660 clamat;
2672 4606 2726 4648 et
2772 4596 3024 4663 quamvis
3093 4595 3165 4648 ita
3215 4595 3356 4650 male
3409 4597 3506 4650 ha-

264 4677 421 4738 μένει
450 4678 510 4728 ἐν
547 4677 626 4747 τῷ
661 4681 883 4748 σταυρῷ
902 4696 916 4708 ·
944 4682 1103 4734 τοῦτο
1140 4684 1433 4754 φάρμακον
1456 4688 1550 4739 τοῦ
1577 4687 1856 4760 ἐπιθυμη-

258 4766 422 4819 τικοῦ
449 4783 462 4796 ·
496 4768 598 4820 οὐκ
629 4770 922 4837 ἀντιλέγει,
953 4771 1077 4825 οὔτε
1112 4775 1221 4844 μὴν
1247 4775 1439 4844 ἐρίζει,
1470 4777 1855 4848 ῆκραυγάζει,

261 4859 360 4907 καὶ
399 4855 576 4907 ταῦτα
613 4857 1059 4928 διαϐαλλόμενος,
1098 4863 1193 4914 καὶ
1216 4864 1358 4934 ὑπὲρ
1388 4865 1496 4917 τῶν
1523 4868 1858 4936 ἐπηρεαζόν-

258 4965 372 5000 των
409 4949 778 5017 προσεύχεται
801 4967 814 4981 ο
853 4951 1014 5033 ¹ιιοῖιτο
1049 4953 1149 5021 τῆς
1177 4954 1431 5019 εὐταξίας
1454 4958 1549 5010 τοῦ
1598 4959 1854 5030 θυμικοῦ,

261 5037 355 5089 τὸν
399 5037 502 5106 μὲν
557 5039 806 5092 διάϐολον
863 5041 1182 5114 ἀντιρρήσει
1236 5045 1480 5113 βάλλειν,
1546 5051 1856 5122 ἀνθρώποις

262 5133 320 5184 δέ
345 5134 461 5193 τοῖς
490 5133 915 5204 ἐπηρεάζουσιν,
946 5137 1020 5199 ὡς
1051 5137 1146 5191 καὶ
1179 5139 1363 5203 αὐτοῖς
1397 5142 1858 5215 ἐπηρεαζομένοις

263 5227 373 5278 ὑπὸ
431 5225 529 5277 τοῦ
581 5227 836 5292 Σατανᾶ,
888 5233 1101 5299 σιωπῇ,
1152 5234 1541 5305 μακροθυμίᾳ,
1577 5239 1672 5290 καὶ
1718 5239 1857 5309 ὑπὲρ

262 5317 452 5371 αὐτῶν
497 5319 830 5386 ἀμείϐεσθαι
883 5327 1195 5392 προσευχῇ·
1226 5327 1567 5393 ἐμπτύεται,
1606 5330 1857 5399 ῥάπισμα

261 5409 509 5478 δέχεται,
539 5411 803 5476 ὑπομένει
835 5414 1118 5483 εἰρωνείας
1175 5417 1267 5467 καὶ
1307 5418 1624 5488 ἐμπαιγμόν
1648 5437 1660 5450 ο
1702 5419 1858 5474 τοῦτο

265 5501 539 5569 θεραπεία
586 5502 893 5568 φιλοδοξίας
923 5521 935 5532 ·
977 5506 1097 5569 ὅξος
1147 5509 1471 5575 ποτίζεται,
1511 5511 1672 5580 χολὴν
1715 5513 1868 5580 βρωη

265 5592 601 5660 ματίζεται,
679 5595 1043 5665 σταυροῦται,
1099 5598 1270 5669 λόγχῃ
1336 5602 1631 5654 κεντᾶται⁹
1699 5603 1858 5656 τοῦτο

268 5680 488 5750 ἰατρεία
537 5681 848 5750 φιληδονίας
877 5701 888 5713 ·
927 5687 1132 5754 γυμνὸς
1187 5689 1586 5756 κοεμαννύεται
1622 5733 1637 5756 ,
1693 5691 1857 5745 ὕπαι-

265 5773 421 5840 θρος,
452 5772 703 5836 ἀνέστῑος
734 5775 826 5826 ἐπὶ
848 5776 940 5827 τὸν
972 5779 1225 5846 σταυρὸν,
1253 5783 1685 5852 παρεωραμένος
1717 5784 1857 5836 ᾶπα-

268 5879 376 5923 σιν,
409 5862 485 5926 ὡς
516 5863 583 5917 άν
616 5881 698 5926 τις
741 5868 956 5934 πτωχὸς
989 5871 1081 5920 καὶ
1111 5870 1280 5935 πένης
1301 5888 1316 5902 ο
1348 5873 1503 5926 τοῦτο
1534 5875 1632 5945 τῆς
1667 5877 1856 5945 φιλαρ-

602 5973 868 6030 ΡΛτιιοι.
900 5973 1015 6030 Gtt.
1054 5969 1346 6031 CXLV“.

1937 4687 2191 4749 beretur,
2241 4686 2404 4740 etiam
2462 4701 2557 4755 pro
2608 4685 3053 4755 persecutoribus
3127 4697 3416 4755 precatur;
3458 4688 3504 4741 is

1933 4778 2112 4833 bonus
2160 4788 2245 4831 est
2309 4777 2603 4831 irascibilis
2663 4777 2939 4846 appetitus
2992 4786 3166 4840 tenor,
3225 4779 3502 4833 diabolum

1936 4865 2366 4920 contradictione
2396 4863 2580 4925 ferire,
2624 4864 2872 4918 homines
2907 4881 3035 4919 vero
3093 4865 3500 4932 maledicentes,

1936 4960 2105 5030 quiet
2137 4959 2236 5027 ipsi
2283 4971 2312 5009 a
2340 4956 2538 5009 Satana
2583 4962 2927 5023 torquentur,
2980 4956 3216 5019 silentio,
3279 4972 3501 5025 magna-

1935 5049 2182 5104 nimitate
2213 5058 2262 5101 et
2292 5062 2389 5115 pro
2418 5046 2547 5114 ipsis
2578 5045 2784 5099 orando
2831 5059 3198 5099 remunerare.
3236 5045 3502 5114 Conspui-

1937 5149 2047 5204 tttr,
2102 5141 2410 5200 laceratur,
2477 5135 2623 5189 subit
2685 5136 2794 5189 imo
2871 5135 3356 5203 interrogationum
3426 5138 3505 5188 lu-

1935 5234 2192 5296 dibrium,
2253 5231 2302 5283 id
2335 5241 2416 5283 est
2448 5228 2633 5296 gloriae
2663 5227 2868 5281 amoris
2915 5229 3250 5293 remedium;
3286 5237 3498 5282 acetum

1933 5335 2099 5395 potus
2147 5323 2250 5391 ipsi
2303 5320 2618 5391 porrigitur,
2663 5319 2735 5373 fel
2783 5328 2844 5371 ut
2898 5318 3074 5383 cibus,
3133 5318 3497 5387 cruciﬁgitur,

1936 5420 2120 5472 lancea
2158 5414 2498 5484 perforatur;
2534 5413 2829 5480 voluptatis
2885 5412 3088 5466 amoris
3136 5413 3248 5465 haec
3279 5421 3360 5464 est
3407 5427 3499 5466 sa-

1939 5511 2122 5573 natio;
2156 5507 2333 5561 nudus
2365 5503 2716 5573 suspenditur
2759 5514 2813 5556 et
2862 5502 2962 5555 sub
2990 5503 3077 5554 dio
3110 5502 3270 5554 domo
3303 5515 3497 5555 carens

1935 5614 2098 5668 super
2156 5612 2395 5663 crucem,
2445 5597 2512 5649 ab
2540 5596 2793 5650 omnibus
2834 5593 3146 5662 despectus,
3191 5600 3247 5644 ut
3298 5593 3498 5660 aliquis

1938 5691 2216 5746 mendicus
2251 5699 2304 5744 et
2365 5704 2617 5758 pauper:
2659 5704 2833 5742 avarae
2884 5689 3260 5756 dispositionis
3311 5703 3372 5740 ea
3408 5697 3494 5740 est

1939 5783 2179 5835 abolitio.
2205 5779 2486 5840 Patieudo.
2511 5790 2622 5832 tum
2655 5780 2816 5840 intus,
2852 5789 2963 5831 tum
2987 5790 3160 5844 extra,
3190 5777 3491 5830 remedium

1941 5874 2185 5929 Salvator
2217 5871 2474 5940 ostendit,
2507 5872 2720 5941 quando
2771 5873 2971 5924 mundo
3003 5872 3169 5924 videri
3221 5885 3342 5923 cum
3374 5883 3494 5922 cor-

3081 5963 3154 6021 Ξ.ῖέ
