4266 6450
763 412 869 473 879

1895 415 2234 474 (SALHSTI
2275 411 2880 471 (ἶΛΤΑΡί-ἷιῙΟίΟΤπΕ

3893 397 3998 462 880

837 533 924 586 39.
963 530 1018 584 Si
1053 530 1390 599 cognitorum
1426 527 1663 582 rationes
1695 535 1842 590 sunt,
1891 527 2130 596 ignounn
2164 537 2324 597 tg.tur
2354 532 2397 584 Α
2491 529 2519 580 λ

2312 543 2324 577 7
2354 532 2397 584 Α
2491 526 2592 580 λο’.
2641 527 2701 581 El
2738 525 2848 578 τῶν
2901 522 3282 593 ἐγνωσμένων,
3316 523 3363 574 οἱ
3393 521 3561 587 λόγοι,
3607 521 3882 588 ἄγνωστον
3919 520 3997 583 δὲ,

767 621 1147 677 absconditum
1206 628 1308 680 est.
1369 628 1421 673 et
1476 626 1628 672 extra
1678 616 1939 671 rationem
1979 617 2234 686 positum.
2270 615 2325 669 Si

766 715 910 768 enim
936 728 1098 780 supra
1132 712 1514 780 cognitionem,
1545 709 1849 765 absconditi
1893 709 2194 778 ignorantia
2221 717 2326 773 est,

767 805 912 875 quod
954 821 1116 874 supra
1151 803 1514 873 cognitionem
1555 812 1639 856 est
1670 844 1685 867 ,
1739 803 1962 856 minime
2018 801 2331 870 cognitione

770 899 1008 968 indiget;
1037 898 1203 950 multo
1238 897 1417 950 minus
1449 895 1612 963 igitur
1636 895 1843 948 ratione
1877 894 2152 962 indigebit.
2183 893 2332 946 Mens

770 992 934 1058 igitur
974 997 1276 1056 postquam
1315 988 1380 1040 ad
1411 985 1788 1040 absconditum
1818 986 2118 1055 perveniat,
2157 984 2334 1038 silen-

770 1082 905 1133 tium
961 1080 1286 1132 naturaliter
1320 1087 1551 1132 exercet.
1599 1077 1662 1131 Et
1701 1076 1800 1131 nisi
1858 1085 2050 1130 natura
2103 1084 2157 1129 et
2218 1076 2334 1129 sine

770 1172 952 1225 labore
1001 1172 1175 1232 sileat,
1212 1169 1450 1222 nondum
1488 1169 1554 1222 ad
1591 1168 1720 1222 illud
1749 1183 1912 1222 uuutn
1953 1167 2331 1224 absconditum

767 1271 821 1316 et
852 1263 1075 1330 simplex
1119 1262 1382 1330 pervenit.

841 1355 926 1407 1.0.
970 1352 1435 1415 Quemadmodum
1469 1349 1720 1404 homines
1775 1366 1832 1405 se
1867 1351 1930 1404 ad
1963 1351 2330 1416 tranquillita-

771 1457 874 1499 tem
917 1456 1258 1507 exoret-mes,
1303 1443 1521 1511 quando
1553 1458 1581 1496 e
1613 1443 1745 1497 cella
1792 1451 2013 1502 exeunt,
2049 1443 2336 1511 ettperieu-

770 1541 841 1590 lia
899 1538 1114 1589 discunt
1146 1536 1272 1604 quid
1306 1534 1519 1588 intersit
1547 1535 1688 1588 inter
1713 1535 1904 1587 sedere
1929 1542 1982 1587 et
2009 1537 2329 1603 procedere,

768 1631 845 1683 sic
879 1630 967 1698 qui
1002 1626 1277 1682 silentium
1311 1633 1550 1692 servant,
1577 1636 1628 1678 et
1664 1625 1729 1678 ad
1759 1624 2049 1679 dicendum
2084 1625 2333 1688 redeunt,

771 1723 861 1789 qui
896 1718 1356 1786 contemplatione
1397 1717 1463 1769 ad
1520 1715 1612 1769 Dei
1649 1716 1876 1786 gloriam
1913 1716 2201 1781 accedunt,
2232 1732 2334 1771 no-

2420 621 2482 673 τδ
2511 618 2761 691 κρύφιον,
2796 617 2899 683 ἔξω
2929 615 3037 683 ἄρα
3072 615 3228 681 λόγου
3268 614 3328 666 τδ
3361 614 3626 682 κρύφιον
3658 616 3708 666 εί
3737 613 3845 682 γάρ
3865 613 4003 665 ἀνω-

2419 713 2562 783 τέρω
2603 709 2856 778 γνώσεως
2895 709 2928 778 ὴ
2975 706 3069 759 τοῦ
3103 705 3330 776 κρυφίου
3366 705 3609 770 ἀγνωσία
3658 705 3797 767 ἐστὶ,
3841 703 3902 756 τὸ
3943 702 4000 755 δὲ

2422 802 2699 873 ἀνώτερον
2734 798 2988 868 γνώσεως
3009 840 3023 863 ,
3063 798 3263 867 ἥκιστα
3291 795 3462 848 δεῖται
3504 795 3789 863 γνώσεως,
3819 794 4001 862 πολλῴ

2421 897 2641 950 ἔλαττον
2668 894 2826 962 λόγου
2855 891 3126 961 δεήσεται.
3175 888 3234 941 Ὀ
3265 891 3343 951 εἰς
3365 889 3426 940 τὸ
3457 887 3688 955 κρύφιον
3717 887 3906 947 ἀπλῶς
3941 885 4000 938 ἐν

2422 989 2532 1057 ἀρα
2561 983 2918 1053 ἀναϐεϐηκὼς
2959 979 3102 1042 νοῦς,
3153 979 3364 1050 σιωπὴν
3399 979 3559 1030 ἀσκεῖ
3600 976 3872 1046 φυσικῶς,
3907 977 4002 1029 καὶ

2421 1080 2564 1144 εἴγε
2600 1076 2676 1146 μὴ
2707 1074 2865 1144 φύσει
2905 1074 2998 1126 καὶ
3031 1069 3468 1140 ἀνεπιτηδεύτως
3507 1067 3703 1138 σιγῲη,
3749 1066 3904 1120 οὔπω
3945 1069 4001 1118 ἐν

2419 1169 2499 1238 τῷ
2548 1169 2764 1238 κρυφίῳ
2799 1166 2894 1220 καὶ
2938 1163 3393 1236 ὑπερηπλωμένῳ
3425 1162 3506 1214 ἐνὶ
3547 1162 3773 1230 γέγονεν
3806 1160 4002 1214 ἀναϐει

2421 1259 2604 1330 σηκώς
2615 1303 2626 1314 .

2497 1363 2568 1424 μ’.
2607 1356 2816 1422 Ὠσπερ
2845 1353 3075 1423 ἡσυχίαν
3105 1351 3403 1412 ἀσκοῦντες
3443 1349 3720 1418 ἄνθρωποι
3741 1387 3755 1410 ,
3786 1347 4002 1414 καὶτῆς

2424 1447 2618 1514 κέλλης
2673 1445 2784 1498 ἐσθ’
2826 1445 2914 1497 ὅτε
2947 1445 3332 1513 προϐαίνουσι,
3384 1444 3478 1495 καὶ
3510 1443 3649 1512 αὐτῇ
3705 1441 3873 1510 πείρᾳ⁵
3904 1441 4004 1508 τὴν

2423 1538 2518 1590 τοῦ
2573 1536 2842 1605 καθῆσθαι
2894 1537 2988 1586 καὶ
3042 1534 3291 1604 προϊέναι
3342 1533 3710 1602 διαφορότητα
3751 1531 4007 1598 διαγινώ-

2424 1644 2667 1690 σκουσιν,
2702 1623 2845 1678 οὕτω
2877 1625 3026 1695 δήτοι
3063 1624 3247 1678 καὶτὸ
3289 1626 3502 1694 σιωπᾷν
3549 1623 3872 1692 πάσχοντες,
3909 1624 4004 1674 καὶ

2422 1720 2517 1773 τοῦ
2546 1720 2725 1788 λέγειν
2751 1720 2806 1780 ἐς
2835 1713 2989 1780 αὖθις
3019 1719 3312 1788 γινόμενοι,
3339 1718 3388 1769 οἱ
3420 1716 3770 1788 θεωρητικῶς
3803 1718 3871 1785 τῇ
3908 1716 4002 1766 τοῦ

773 1821 967 1866 terunt
997 1827 1106 1880 quo
1154 1813 1206 1864 in
1240 1817 1380 1865 statu
1424 1809 1526 1878 ipsi
1559 1810 1669 1864 sint
1697 1810 1915 1877 quando
1953 1818 2166 1874 natura,
2225 1825 2331 1863 non
2362 1878 2387 1880 ᾗ
2425 1809 2458 1862 Θ

2316 1826 2331 1862 ι
2362 1878 2387 1880 ᾗ
2425 1809 2558 1862 Θεοῦ
2589 1809 2719 1880 δόξῃ
2749 1810 3186 1877 προσιζάνοντες,
3217 1809 3391 1862 οἴδασι
3420 1809 3559 1877 σφᾶς
3585 1807 3784 1871 αὐτοὺς
3800 1808 3853 1858 τί
3873 1824 4001 1859 ποτε

770 1878 1050 1959 voluntate
1092 1913 1313 1968 tacent,
1351 1911 1404 1956 et
1439 1903 1566 1971 quid
1605 1903 1737 1967 sint,
1786 1901 2004 1971 quando
2041 1903 2104 1955 ad
2148 1903 2332 1956 dicen-
2360 1878 2455 1956 Bx

2319 1878 2810 1965 -Βκαταστάσεως
2867 1902 3017 1964 ὅντες
3071 1900 3180 1972 [τσ.
3239 1899 3404 1972 citat],
3453 1901 3513 1954 τὸ
3569 1903 3779 1972 σιωπᾷν
3819 1901 4004 1962 αὐτοῖς

769 2001 895 2051 dum
929 1998 1177 2050 redeunt.
1211 1994 1418 2048 Etenim
1450 1993 1673 2063 quando
1707 1995 1772 2048 iis
1803 1994 2119 2062 Supervenit
2159 1994 2331 2048 silen-

772 2092 926 2150 tium,
963 2096 1253 2158 precantur
1287 2102 1354 2140 ne
1399 2101 1636 2155 unquam
1671 2085 1896 2138 omnino
1943 2085 2079 2154 ipsis
2125 2085 2335 2139 accidat

770 2196 832 2233 os
865 2182 1078 2249 aperire
1104 2181 1156 2232 in
1192 2180 1296 2233 hoc
1336 2187 1482 2232 statu
1525 2178 1887 2232 versantibus.
1920 2177 2198 2246 Tanquam
2239 2193 2335 2230 an-

772 2270 874 2338 geli
906 2279 1034 2323 sunt
1069 2284 1235 2338 super
1293 2280 1512 2322 terram.
1569 2267 1920 2337 Simpliciter,
1958 2267 2076 2322 sine
2118 2265 2290 2320 forma
2317 2306 2332 2331 ,

773 2361 1139 2425 invisibiliter,
1194 2360 1399 2430 absque
1469 2358 1682 2428 ﬁgura,
1749 2358 1997 2412 absolute
2049 2357 2102 2412 in
2163 2357 2334 2412 ﬁrmis

775 2453 966 2508 mentis
998 2452 1306 2521 aspectibus
1333 2451 1542 2505 veritati
1590 2452 1952 2514 adhaerentes,
1993 2452 2334 2504 solummodo

773 2559 955 2600 secum
1012 2545 1425 2598 admirationem
1469 2541 1730 2596 habentes
1759 2550 1812 2596 et
1853 2552 2164 2611 stuporem,
2200 2541 2330 2596 nihil

774 2635 998 2686 ottinino
1046 2634 1378 2701 cogitantes,
1420 2631 1531 2685 imo
1570 2647 1701 2686 vero
1744 2647 1851 2685 non
1905 2632 2151 2686 videntes
2183 2648 2241 2686 se
2271 2632 2336 2686 ad

772 2725 989 2778 divinas
1045 2732 1099 2778 et
1178 2733 1414 2778 aeternas
1484 2723 1915 2778 illuminationes
1969 2724 2334 2780 conferentes.

773 2818 900 2870 inde
937 2816 1079 2868 enim
1110 2815 1473 2871 descendente
1507 2824 1687 2871 mente
1713 2825 1896 2884 utpote
1914 2817 2334 2871 inconstantiam

773 2909 1028 2970 habente,
1060 2907 1125 2961 ad
1173 2907 1463 2964 dicendum
1499 2915 1869 2961 occurruntet
1910 2907 2096 2962 multis
2136 2909 2333 2962 variis-

774 3014 880 3068 que
907 2998 1358 3065 conversionibus
1387 3007 1813 3052 commutantur.
1845 2998 1910 3052 Et
1942 3007 2001 3052 ut
2027 2999 2092 3052 iis
2118 3014 2336 3053 rursum

774 3089 964 3145 silendi
998 3097 1175 3144 status
1199 3089 1404 3152 redeat,
1425 3090 1517 3158 qui
1543 3089 1697 3144 valde
1715 3089 1906 3144 melior
1928 3099 2013 3146 est
2041 3089 2336 3156 locutione,

2425 1994 2708 2047 ἐπιπίπτει
2748 1997 2944 2063 φύσει,
2992 1997 3052 2046 ού
3087 1994 3423 2064 προαιρέσει,
3473 1994 3568 2046 καὶ
3607 1994 3660 2045 τί
3693 2009 3821 2046 ποτε
3851 1992 4003 2054 ὄντες

2427 2086 2588 2150 εἰσὶν,
2625 2085 2748 2138 ὅθεν
2781 2085 2917 2156 πρὸς
2949 2085 3010 2138 τὸ
3058 2086 3235 2154 λέγειν
3279 2086 3540 2139 κλίνουσι.
3575 2085 3685 2139 Καί
3734 2102 3798 2153 γε
3824 2086 3884 2136 έν
3924 2079 4006 2146 οἷς

2429 2178 2612 2246 σφίσιν
2663 2178 2850 2239 αὐτοῖς
2888 2177 3089 2248 ἐπέλθῃ
3133 2179 3194 2230 τὸ
3231 2178 3478 2248 σιωπᾷν,
3529 2176 3783 2247 εὔχονταί
3822 2194 3921 2244 γε,
3959 2181 4006 2228 εἰ

2432 2269 2567 2338 μηδὲ
2589 2268 2648 2321 τὸ
2671 2269 2900 2322 καθόλου
2933 2271 3107 2339 στόμα
3141 2270 3330 2340 διᾶραι
3361 2269 3602 2339 ὑπῆρξεν
3632 2270 3816 2330 αὐτοῖς
3853 2285 4005 2332 ποτε,

2431 2359 2742 2429 ἱσταμένοις
2779 2360 2839 2412 ἐν
2896 2361 3090 2431 ἐκείνῳ
3131 2362 3228 2429 τῆς
3283 2363 3690 2424 καταστάσεως.
3746 2361 4005 2428 Ἄγγελοι

2428 2451 2534 2520 γάρ
2561 2451 2698 2503 εἰσιν
2724 2451 2818 2503 én‘t
2851 2451 2952 2520 γῆς
2982 2451 3159 2519 ἕτεροι
3179 2466 3194 2479 ⁸
3219 2451 3488 2514 ένοειδῶς,
3521 2452 3801 2513 ἀνειδέως,
3835 2453 4005 2519 ἀνομ-

2433 2542 2615 2610 μάτως
2638 2579 2654 2604 ,
2685 2543 3139 2611 ἀσχηματίστως,
3174 2543 3269 2594 καὶ
3319 2543 3504 2604 ἀπλῶς
3549 2544 3608 2594 ὲν
3639 2543 4006 2610 ἀμεταϐἀτοις

2428 2633 2546 2693 νοὸς
2596 2633 2928 2703 ἀποϐλέψεσι
2973 2637 3039 2704 τῇ
3083 2634 3313 2704 ἀληθείᾳ.
3361 2637 3794 2704 συναπτόμενοι;
3847 2635 4007 2705 μόνον

2432 2726 2549 2796 μεθ’
2592 2726 2799 2778 ἑαυτῶν
2845 2725 3061 2795 ἔχοντες
3087 2726 3185 2796 τὴν
3212 2726 3473 2796 ἔκπληξιν
3522 2728 3618 2780 καὶ
3659 2728 3749 2779 τὸν
3784 2726 4003 2796 θαυμα-

2432 2813 2568 2884 σμδν
2612 2816 2780 2885 χωρὶς
2821 2815 2915 2868 τοῦ
2950 2819 3090 2869 νοεῖν
3115 2833 3187 2882 τι,
3227 2817 3426 2887 μᾶλλον
3451 2816 3510 2870 δὲ
3542 2818 3682 2885 μετά
3700 2816 3792 2870 τοῦ
3833 2818 3994 2886 ἀνομ-

2433 2909 2617 2974 patet;
2647 2905 2960 2960 ὲπιϐἀλλειν
3001 2910 3120 2969 ταῖς
3153 2908 3410 2978 ἀνάρχοις
3455 2910 3548 2962 καὶ
3603 2909 3773 2970 θείαις
3807 2909 4004 2977 ἐλλάμ-

2428 2997 2606 3067 ψεσιν.
2653 2997 2894 3051 Ἐκείθέν
2925 3015 2982 3052 τε
3011 3000 3289 3061 κατιόντος
3312 2997 3404 3051 τοῦ
3437 2998 3528 3052 νοῦ
3553 2999 3630 3062 ὡς
3660 2999 3878 3069 ἔχοντος
3907 3000 4006 3068 τὴν

2427 3091 2790 3160 τρεπτότητα,
2828 3091 3170 3143 καταντῶσιν
3212 3091 3307 3144 ἐπὶ
3341 3092 3400 3143 τὸ
3441 3091 3642 3160 λέγειν,
3699 3095 3796 3144 καὶ
3832 3108 4002 3161 μεταο

775 3181 1223 3250 tranquillitatem
1257 3179 1676 3249 amplectuntur,
1709 3189 1763 3234 et
1800 3180 2116 3235 custodiunt
2141 3194 2339 3234 sensus
2364 3211 2408 3268 ο
2431 3183 2460 3236 6

2317 3195 2339 3233 s
2364 3211 2408 3268 ο
2431 3183 2635 3237 ϐαίνειν
2662 3183 2863 3254 νοερῶς
2891 3183 3110 3245 πολλαῖς
3144 3184 3237 3237 καὶ
3273 3185 3550 3248 ποικίλαις
3605 3187 3728 3248 ταῖς
3768 3185 4002 3255 μεταϐά-

773 3289 896 3327 cum
944 3271 1320 3338 sensibilibus,
1378 3283 1432 3325 et
1467 3272 1614 3326 omni
1665 3282 1782 3327 arte
1823 3282 2054 3328 utuntur
2099 3281 2154 3328 ut
2210 3288 2334 3328 cum
2433 3289 2458 3324 σ

2321 3289 2334 3326 t
2433 3289 2548 3324 σεσι
2569 3289 2582 3300 ·
2621 3273 2712 3324 καὶ
2741 3273 2808 3325 ἶν’
2830 3272 2985 3335 αὖθις
3019 3274 3204 3335 αὐτοῖς
3235 3275 3269 3343 ἠ
3295 3273 3391 3326 τοῦ
3421 3275 3635 3345 σιωπᾷν
3668 3277 4006 3338 κατάστασις

669 3426 684 3446 η
773 3365 1048 3419 locutione
1103 3371 1158 3418 et
1211 3364 1382 3433 ipsum
1439 3366 1679 3432 cogitare
1739 3364 1986 3434 fugiant,
2024 3375 2082 3419 ut
2127 3366 2338 3434 possint

2324 3373 2338 3418 t
2434 3363 2722 3436 ἐπανέλθῃ,
2751 3364 2826 3425 ὼς
2853 3364 3109 3433 κρείττων
3131 3363 3313 3434 πολλῷ
3338 3365 3431 3417 τοῦ
3460 3365 3641 3433 λέγειν
3661 3365 4009 3437 ὑπάρχουσα,

771 3471 896 3510 cum
943 3456 1143 3510 Davide
1173 3456 1392 3512 dicere:
1427 3475 1446 3508 ι
1485 3456 1743 3512 Obmutui
1781 3467 1834 3513 et
1864 3460 2182 3514 humiliatus
2206 3474 2328 3513 sum
2430 3470 2456 3505 τ

2324 3483 2328 3512 ι
2430 3455 2528 3523 τὴν
2559 3455 2790 3523 ἡσυχίαν
2819 3453 3174 3520 ἀσπάζονται,
3204 3456 3293 3506 καὶ
3328 3456 3694 3522 φυλάσσονται
3732 3460 3870 3528 μετά
3899 3459 4009 3510 τῶν

773 3557 826 3602 et
868 3547 992 3601 silui
1030 3547 1098 3601 de
1129 3548 1307 3602 bonis.
1347 3567 1365 3599 ι
1403 3549 1615 3604 Etenim
1662 3551 1828 3619 igitur
1873 3561 1928 3607 et
1978 3552 2118 3607 bona
2152 3552 2336 3606 dicere
2431 3564 2458 3599 α

2323 3565 2336 3606 3
2431 3546 2704 3616 αἰσθητῶν
2730 3548 2828 3612 τὰς
2860 3546 3162 3616 αίσθήσεις,
3194 3550 3289 3602 καὶ
3312 3550 3461 3618 πάσῃ
3496 3553 3713 3621 μηχανῇ
3741 3551 4008 3620 χρῶνται,

772 3647 855 3692 est
887 3637 1024 3690 intra
1057 3637 1332 3691 silentium
1369 3654 1491 3693 cum
1533 3641 1766 3696 ratione.
2431 3654 2457 3689 ιιι

2431 3639 2549 3701 πῶς
2579 3639 2644 3693 ἀν
2693 3639 2916 3708 φύγοιεν
2955 3638 3096 3708 μετά
3123 3639 3216 3692 τοῦ
3257 3639 3435 3708 λέγειν
3462 3642 3556 3693 καὶ
3584 3642 3715 3694 αὐτὸ
3753 3642 3815 3694 τὸ
3845 3647 4008 3703 νοεῖν,

763 3733 832 3786 (ν’
860 3734 1026 3802 ἔχωσι
1070 3734 1252 3799 λέγειν
1283 3736 1376 3784 καὶ
1407 3734 1562 3786 αὐτοὶ
1599 3735 1736 3804 μετὰ
1782 3734 1879 3796 τοῦ
1923 3735 2126 3788 Δαϐίδ⁸
2170 3755 2189 3787 ι
2235 3732 2602 3806 Ἐκωφώθην,
2633 3735 2729 3787 καὶ
2775 3734 3172 3804 ἑταπεινὼθην,
3223 3735 3317 3788 καὶ
3345 3737 3578 3807 έσίγησα
3605 3739 3667 3804 ἐξ
3695 3739 3948 3806 ἀγαθῶν.
3993 3761 4014 3792 ι

764 3826 866 3880 Καὶ
897 3826 1006 3894 γὰρ
1036 3818 1130 3875 οὖν
1169 3824 1262 3875 καὶ
1289 3823 1348 3875 τὸ
1369 3825 1551 3893 ἀγαθὰ
1581 3825 1764 3893 λέγειν
1795 3830 2094 3899 κατωτέρω
2123 3828 2239 3880 tati
2279 3827 2380 3898 τῆς
2413 3830 2552 3897 μετά
2585 3829 2745 3896 λόγου
2780 3830 2963 3895 σιγῆς.

839 3930 927 3984 tl.
957 3927 1142 3998 Neque
1175 3928 1401 3981 omnino
1431 3927 1678 3982 divinum
1714 3937 1797 3982 est
1830 3931 2202 3997 manilestum,
2237 3947 2338 3986 ne-
2507 3945 2524 3995 ι

2325 3959 2338 3972 -
2507 3933 2618 3995 μα’.
2668 3925 2797 3979 Οῦθ’
2837 3927 3036 3990 ὑλικῶς
3074 3929 3133 3982 τὸ
3165 3929 3319 3982 Θείον
3366 3931 3785 4000 έκπεφασμένον
3823 3928 4010 3994 ἐστὶν,

770 4036 876 4092 que
901 4035 1114 4075 rursum
1160 4019 1577 4085 absconditum;
1612 4021 1756 4090 quod
1790 4020 2037 4076 divinum
2083 4027 2331 4094 exsistat,
2433 4035 2455 4073 ε

2324 4070 2331 4092 ,
2433 4017 2548 4074 οὔτ’
2580 4018 2675 4072 οῦν
2695 4014 2852 4082 αὖθις
2877 4019 3128 4089 κρύφιον,
3157 4023 3274 4075 ἀλλ’
3306 4024 3388 4076 ὅτι
3422 4024 3522 4094 μὲν
3550 4023 3700 4076 ἐστιν
3730 4022 4009 4090 ὲκπέφανο

774 4114 966 4183 utique
995 4112 1337 4166 manifestum
1361 4121 1481 4175 est;
1517 4113 1642 4182 quid
1678 4124 1859 4168 autem
1894 4116 1965 4169 sit
1993 4117 2168 4186 ipsum
2191 4135 2334 4182 esse,
2432 4129 2459 4161 τ

2330 4163 2334 4179 ,
2432 4128 2524 4165 ται
2571 4112 2668 4164 καὶ
2711 4108 2832 4162 λίαν
2861 4109 3073 4180 τρανῶς
3097 4126 3112 4140 ’
3157 4112 3210 4164 τί
3238 4113 3294 4166 δέ
3338 4115 3486 4167 ἔστιν
3516 4110 3684 4178 εἶναι,
3719 4115 3834 4166 ἐστι
3871 4113 4015 4182 κρύ-

773 4215 854 4258 est
877 4203 1285 4257 absconditum.
1320 4203 1617 4256 Plurimum
1657 4219 1785 4258 vero
1809 4204 1984 4259 diﬁert
2029 4207 2170 4264 scire
2203 4209 2333 4278 quid
2431 4229 2458 4280 ᾳ

2325 4210 2333 4263 |
2431 4229 2574 4280 φιον.
2636 4210 2725 4272 Ἐς
2775 4208 2845 4262 τά
2885 4207 3119 4276 μάλιστα
3164 4207 3221 4260 δὲ
3254 4207 3562 4277 διενήνοχεν
3613 4208 3811 4262 εἰδέναι
3854 4211 3918 4264 τὸ
3955 4208 4010 4264 τί

775 4297 880 4360 sit,
934 4303 988 4350 et
1025 4297 1168 4350 scire
1218 4296 1361 4364 quod
1393 4295 1643 4349 exsistat.
1679 4297 1814 4350 lllml
1852 4299 1991 4352 enim
2025 4314 2092 4354 ex
2140 4316 2334 4369 opera-
2431 4303 2457 4354 ὲ

2326 4331 2334 4343 -
2431 4303 2575 4363 ὲστι,
2627 4299 2720 4351 τοῦ
2762 4299 2844 4352 ὅτι
2895 4297 3010 4350 ἔστι
3037 4316 3052 4330 ·
3087 4298 3147 4350 τὸ
3186 4298 3282 4367 μὲν
3333 4297 3440 4368 γάρ
3472 4301 3535 4351 ἐκ
3578 4299 3678 4370 τῆς
3723 4300 4011 4369 ἐνεργείας

777 4389 1020 4443 tionibus
1047 4397 1263 4442 constat
1291 4405 1305 4448 ;
1340 4387 1444 4443 hoc
1467 4399 1674 4452 autem,
1705 4392 1830 4458 quid
1862 4399 1965 4454 est,
1990 4406 2052 4446 ex
2083 4394 2335 4448 substan-
2430 4393 2459 4444 δ

2326 4423 2335 4434 -
2430 4393 2727 4456 δείκνυται,
2751 4390 2811 4441 τὸ
2840 4389 2915 4454 δὲ,
2949 4389 3002 4441 τί
3033 4390 3204 4453 ἔστιν,
3228 4390 3292 4440 ὲκ
3316 4389 3414 4458 τῆς
3443 4389 3634 4451 ούσίας
3663 4389 3834 4451 ἐστὶν,
3871 4390 4011 4459 ὅπερ

779 4483 848 4534 tia
892 4491 1006 4544 est,
1058 4482 1200 4549 quod
1258 4497 1432 4550 neque
1486 4483 1694 4550 angelis
1749 4485 1813 4537 de
1851 4484 1962 4538 Deo
2020 4486 2335 4542 seirelieet.
2377 4485 2464 4553 ,δι

2324 4526 2335 4542 .
2377 4544 2410 4553 _
2432 4485 2495 4553 δὴ
2520 4485 2610 4537 καὶ
2664 4482 2914 4550 ἀγγέλοις
2971 4481 3065 4533 ἐπὶ
3087 4480 3221 4534 Θεοῦ
3252 4480 3449 4533 εἰδέναι
3477 4480 3828 4544 ἀπέγνωσται
3851 4497 3868 4510 ο
3894 4481 4009 4534 ἔστι

781 4574 922 4628 Deus
958 4573 1102 4627 enim
1137 4583 1218 4626 est
1241 4588 1406 4643 super
1445 4576 1626 4628 omnia
1650 4576 1920 4642 inﬁnitum
1948 4585 2000 4630 et
2038 4593 2201 4647 super
2225 4596 2341 4634 ozn-
2377 4544 2466 4640 DY

2327 4610 2341 4620 .
2377 4544 2540 4642 θγάρ
2632 4544 2762 4635 est»;
2800 4573 2940 4642 ὑπὲρ
2971 4573 3079 4625 πᾶν
3105 4567 3244 4625 εἶναι
3278 4571 3572 4639 ἀπειράκις
3601 4571 3846 4641 ἀπείρως
3867 4611 3884 4632 ,
3917 4575 4012 4625 καὶ

785 4677 906 4715 nem
936 4671 1166 4716 mentem
1197 4663 1712 4732 cogitationemque.
1747 4663 1974 4730 Quando
1998 4667 2162 4736 igitur
2191 4685 2343 4725 ruens
2434 4665 2463 4718 ύ

2327 4685 2343 4725 3
2434 4665 2571 4734 ὑπὲρ
2601 4664 2723 4717 νοῦν
2756 4664 2955 4725 πάντα,
2985 4663 3084 4716 καὶ
3115 4663 3176 4715 τὸ
3214 4662 3466 4716 νοεῖσθαι.
3513 4661 3786 4730 Ὀπηνίκα
3825 4664 4012 4714 τοίνυν

782 4769 835 4807 m
877 4768 940 4808 ea
964 4768 1082 4822 quae
1116 4753 1284 4808 Deum
1329 4769 1451 4809 esse
1474 4755 1854 4819 demonstrant
1897 4760 2184 4826 ascendit,
2216 4770 2346 4819 tunc

785 4843 949 4897 multa
983 4853 1157 4912 potest
1213 4844 1395 4900 dicere
1434 4854 1489 4900 et
1537 4861 1725 4915 sapere
1776 4849 2022 4917 Optima;
2062 4860 2347 4922 potestque

783 4936 886 4990 dici
937 4935 1294 5004 philosophus
1348 4951 1412 4992 ac
1475 4938 1799 5008 theologus;
1849 4949 2132 5010 postquam
2163 4956 2345 4998 autem

787 5043 1134 5098 supergressa
1180 5037 1265 5083 est
1307 5039 1360 5084 et
1407 5029 1652 5084 ascendit
1676 5046 1738 5086 ex
1776 5032 1880 5088 hoc
1912 5035 2078 5104 gradu
2127 5037 2179 5092 itt
2239 5054 2349 5108 quo

787 5119 935 5169 novit
956 5131 1012 5171 se
1033 5131 1154 5171 esse
1171 5117 1350 5170 divina
1379 5118 1708 5173 obscuritate
1726 5121 2140 5187 circumdatam,
2166 5126 2346 5193 hujus,

788 5206 914 5276 quid
949 5210 1060 5270 sit,
1104 5207 1492 5278 imaginatione
1539 5221 1656 5265 acta
1699 5223 1752 5265 et
1787 5215 2010 5268 omnino
2037 5218 2154 5271 sine
2179 5219 2348 5287 ﬁgura

789 5309 841 5353 et
871 5299 1096 5362 intacta,
1131 5315 1194 5354 ac
1222 5315 1328 5354 non
1373 5301 1585 5367 videns,
1618 5311 1677 5356 ut
1709 5303 1930 5374 dignum
1972 5316 2074 5372 est,
2104 5324 2199 5376 per
2227 5325 2352 5379 gra-

793 5393 918 5444 tiam
959 5389 1148 5445 eﬂecta
1177 5401 1276 5458 est,
1315 5402 1445 5446 tunc
1473 5397 1651 5448 omnis
1681 5395 1816 5449 ratio
1853 5412 1975 5465 qua:
2005 5400 2072 5451 de
2116 5398 2224 5455 Deo
2259 5402 2352 5454 ali-

791 5481 920 5550 quid
957 5489 1129 5549 potest
1157 5479 1358 5544 dicere,
1397 5483 1572 5537 otiosa
1622 5496 1888 5553 remanet,
1922 5497 1974 5541 et
2019 5505 2172 5544 mens
2203 5493 2351 5547 unita

2433 4757 2463 4809 ὁ
2512 4753 2637 4818 νοῦς
2667 4757 2745 4817 είς
2781 4755 2849 4807 τὰ
2877 4755 2958 4808 ὃτι
2988 4755 3134 4808 ἐστιν
3170 4756 3198 4807 ό
3229 4753 3362 4820 Θεὸς
3400 4753 3714 4808 δεικνύοντα
3761 4754 4013 4821 γένοιτο,

2433 4846 2556 4900 τότε
2580 4845 2749 4897 πολλὰ
2774 4845 2886 4914 ἔχει
2912 4844 3110 4912 λέγειν,
3141 4844 3233 4897 καὶ
3259 4843 3570 4912 φιλοσοφεῖν
3597 4844 3796 4913 ἄριστα
3814 4857 3829 4870 ·
3862 4844 4017 4911 φιλόο

2437 4939 2600 5008 σοφός
2631 4955 2690 4990 τε
2728 4937 2952 4990 δύναται
2987 4936 3271 5004 λέγεσθαι,
3305 4935 3400 4988 καὶ
3439 4935 3706 5004 θεολόγος.
3759 4937 3930 4989 Ὅταν
3955 4937 4014 4989 δι

2435 5028 2776 5100 ὑπερκύψας,
2812 5028 2906 5081 καὶ
2950 5026 3450 5097 ύπεραναϐεϐηκὼς
3503 5027 3610 5080 ἀπὺ
3646 5025 3742 5080 τοῦ
3777 5027 3864 5080 ὅτι
3897 5029 4016 5084 ἐστὶ

2434 5125 2500 5192 τῇ
2527 5121 2648 5191 θείᾳ
2675 5119 3030 5190 περιληφθεὶς
3062 5118 3406 5187 κρυφιότητι,
3439 5121 3504 5189 τῇ
3533 5119 3808 5190 φαντασίᾳ
3833 5117 3930 5171 τοῦ
3960 5136 4013 5170 τι

2435 5212 2582 5264 ἐστιν
2617 5210 3028 5280 ὲνεργούμενος,
3061 5209 3158 5261 καὶ⁵
3192 5211 3427 5278 πάμπαν
3485 5209 3740 5273 ἀνείδεος,
3789 5211 3890 5262 καὶ
3917 5211 4013 5262 ἀν-

2437 5305 2667 5371 έπαφος,
2693 5303 2788 5354 καὶ
2836 5302 3151 5370 ἀνόμματος
3183 5301 3326 5354 κατά
3354 5299 3416 5352 ea
3458 5301 3604 5362 είκδς
3647 5301 3881 5370 γένηται
3926 5300 4016 5353 διὰ

2433 5395 2533 5462 τῆς
2571 5395 2814 5465 χάριτος,
2845 5395 2951 5455 πᾶς
2980 5392 3136 5460 λόγος
3166 5393 3345 5461 λέγειν
3374 5395 3503 5461 περὶ
3528 5391 3665 5445 Θεοῦ
3695 5409 3750 5444 τι
3771 5391 4009 5461 δυνὰμε-

2437 5502 2523 5546 νος
2553 5487 2704 5554 μένει
2736 5486 2904 5554 ἀργὸς
2929 5525 2944 5546 ,
2971 5485 3067 5536 καὶ
3096 5483 3398 5554 ἀκινητίζει
3443 5487 3472 5537 ὀ
3511 5482 3636 5546 νοῦς
3673 5484 4014 5552 ἐνιζόμενος,

800 5573 1023 5625 immota
1049 5579 1151 5636 est,
1194 5580 1246 5625 et
1291 5572 1342 5624 itt
1376 5589 1480 5626 non
1513 5575 1784 5644 cogitabili
1812 5578 2080 5647 ingressa.
2120 5580 2184 5635 Et
2224 5591 2355 5639 tunc
2437 5579 2485 5630 εἰ

2327 5599 2355 5639 c
2437 5578 2617 5642 τίσδὺς
2645 5580 2723 5642 είς
2754 5579 2813 5630 τὸ
2842 5579 3179 5647 ἀνεννόητον.
3214 5578 3324 5630 Καὶ
3365 5577 3489 5630 τότε
3530 5578 3642 5639 πᾶς
3669 5576 3766 5630 τοῦ
3796 5577 4012 5631 πάντων

799 5670 910 5715 tota
951 5661 1008 5714 ﬁt
1031 5661 1191 5730 hujus
1221 5665 1364 5732 quod
1396 5679 1557 5732 supra
1582 5667 1762 5721 omnia
1795 5678 1897 5732 est,
1926 5670 2015 5723 ubi
2053 5685 2160 5725 non
2191 5674 2353 5738 ratio,

793 5771 900 5808 non
947 5757 1226 5825 cogitatio,
1283 5774 1386 5812 non
1426 5763 1696 5828 reputatio
1739 5763 1803 5816 ad
1839 5764 2050 5820 diversa
2088 5768 2351 5833 procedit,

795 5849 887 5903 sed
920 5850 1072 5903 adest
1130 5852 1469 5920 simplicitas,
1501 5865 1553 5908 et
1581 5858 1941 5925 perceptionis
1993 5860 2349 5928 impossibili-

2438 5667 2697 5721 ἐπέκεινα
2729 5668 2958 5735 γίνεται,
2989 5668 3122 5720 ὅπου
3148 5667 3206 5718 ού
3232 5665 3408 5733 λόγος,
3439 5667 3499 5718 ού
3530 5667 3729 5736 νόημα,
3759 5667 3862 5719 ούκ
3894 5669 4013 5719 ἐπί-

2438 5761 2555 5815 νοιά
2586 5777 2669 5822 τις
2716 5762 2991 5829 προχωρεῖ
3041 5759 3413 5821 ποικίλλουσα,
3463 5759 3578 5812 ἀλλ’
3618 5759 3882 5826 ἁπλότης,
3921 5763 4010 5810 καὶ

2439 5850 2807 5919 ἀκαταληψία,
2853 5851 3057 5918 ἀφασία
3096 5867 3153 5901 τε
3194 5849 3287 5901 καὶ
3334 5847 3613 5917 ἔκπληξις.
3651 5848 3725 5900 Τὸ
3756 5849 4010 5918 ἀσχημά-
