4266 6450
346 452 445 513 881
1504 447 1599 507 DE
1632 446 1812 507 VITA
1845 444 2498 511 CONTEMPLATIVL
2648 487 2657 497 .
3490 453 3597 513 δερ

340 597 558 646 τιστον,
603 581 700 632 καὶ
742 577 1004 645 ἄπειρον,
1064 570 1158 624 καὶ
1218 572 1497 639 ἆέξίΊἿΟν,
1555 569 1646 620 καὶ
1693 568 1790 637 τὴν
1826 582 1918 618 του
1951 565 1993 620 Α

1910 583 1918 616 ι
1951 565 1993 620 Α
2028 576 2130 629 tas,
2163 567 2441 622 silentium
2477 577 2530 622 et
2554 576 2763 637 stupor.
2798 567 3006 622 Formm
3039 567 3358 625 carentiasn,
3385 574 3437 616 et
3472 565 3595 615 inti-

342 674 582 743 ἀοράτου
631 671 765 739 ξένῳ
817 667 1004 738 τρόπῳ
1043 665 1146 735 ὁρᾷ
1180 663 1399 732 ὅρασινο
1451 659 1545 711 καὶ
1574 659 1634 709 τὸ
1683 656 1920 710 ἀνείδεον

343 763 507 828 εἶδος,
541 762 809 823 ἀπόλυτος
842 760 931 810 καὶ
962 757 1141 818 αὐτὸς,
1176 753 1269 806 καὶ
1301 751 1540 812 ἀνείδεος
1571 750 1626 802 ὲν
1671 747 1924 815 εὐθύτητι

343 857 611 925 γεγονὼς,
642 856 737 907 καὶ
769 853 908 904 κατὰ
939 850 1005 901 τὰ
1053 846 1296 917 ἀοράτως
1345 841 1493 911 αὐτῷ
1521 839 1921 910 τεθεωρημένα,

345 951 440 1002 καὶ
494 946 828 1016 ἀνομμάτως
883 937 1309 1007 ἐπιϐεϐλημένα,
1348 936 1404 986 ἐν
1451 935 1685 1003 ἐπιτομῇ
1737 931 1924 998 φάναι,

348 1041 425 1100 εἰς
462 1037 654 1090 ἑαυτὸν
685 1035 746 1087 τὸ
774 1033 949 1093 Θεῖον,
986 1031 1074 1082 καὶ
1117 1027 1393 1096 ὑπερφυὲς
1423 1024 1615 1085 κάλλος
1654 1025 1927 1092 ἀναχρων-

347 1129 604 1198 νύμενος,
634 1126 728 1178 καὶ
756 1125 846 1177 τὸν
879 1122 1067 1174 τοῦτον
1091 1117 1330 1172 τοιοῦτον
1361 1116 1624 1168 κτίσαντα
1655 1114 1928 1182 γεραίρων

349 1223 505 1274 Θεόν.

420 1408 526 1479 μβ’.
572 1409 683 1478 Οὐχ
726 1408 806 1458 ὅτι
856 1407 1015 1477 μόνον
1049 1404 1252 1466 ἁπλοῦς
1293 1401 1548 1472 τυγχάνει
1581 1401 1654 1453 ῶν
1701 1405 1725 1453 ὁ
1771 1401 1921 1468 Θεὸς,

344 1502 490 1570 ὑπὲρ
524 1502 705 1553 πᾶσαν
735 1500 986 1568 κείμενος
1019 1495 1290 1559 σύνθεσιν,
1324 1495 1543 1562 λέγεται
1570 1492 1651 1558 ἓν,
1700 1493 1813 1546 ἀλλ’
1845 1495 1925 1548 ὅτι

343 1595 440 1647 καὶ
467 1593 672 1658 κυρίως
703 1592 778 1642 ὣν
805 1634 817 1656 ,
853 1591 1010 1661 μόνος
1046 1590 1207 1654 αὐτὸς
1241 1590 1297 1642 ὲν
1327 1589 1528 1641 ἅπασιν
1554 1582 1672 1640 οὖσι
1701 1586 1928 1657 λεγομέ-

343 1703 478 1749 νοις,
508 1683 689 1754 ἔχουσί
719 1700 782 1751 γε
813 1682 873 1735 τὸ
905 1678 1042 1734 εῖναι
1069 1682 1127 1746 ἐξ
1156 1679 1343 1735 αὑτοῦ.
1377 1678 1450 1733 Τὸ
1478 1680 1586 1750 γὰρ
1613 1679 1688 1750 μὴ
1720 1680 1926 1751 κυρίως

343 1779 441 1829 καὶ
477 1773 666 1836 ἁπλῶς
696 1773 773 1832 ὃν,
804 1773 924 1825 οὐδὲ
961 1772 1162 1842 κυρίως
1194 1773 1287 1826 καὶ
1319 1769 1504 1832 ἁπλῶς
1538 1771 1684 1822 ἐστιν
1712 1768 1773 1821 ’έν
1799 1787 1808 1798 ·
1837 1771 1928 1821 καὶ

342 1868 420 1928 ὼς
473 1866 737 1926 ὡσαύτως
786 1864 861 1915 ὢν
913 1861 1189 1931 πανταχοῦ
1225 1862 1651 1934 ἀπεριλήπτως,
1703 1860 1795 1913 καὶ
1855 1859 1994 1960 ὡςΒ

345 1962 509 2029 μόνος
564 1961 730 2011 πᾶσιν
761 1960 1034 2027 ἀνόμοιος,
1068 1957 1162 2008 καὶ
1190 1954 1445 2024 καθαρῶς
1497 1954 1715 2008 πάντων
1750 1953 1925 2016 ἐκτὸς,

345 2052 542 2114 καὶώς
587 2052 776 2113 ἀΐδιος,
839 2050 973 2120 μήτε
1028 2049 1331 2118 ἀρξάμενος
1385 2049 1522 2118 μήτε
1564 2045 1925 2114 παυσάμενος,

343 2148 439 2198 καὶ
458 2146 534 2208 ὼς
561 2146 618 2197 ὲν
640 2144 814 2197 ἅπασι
835 2143 931 2212 τὴν
962 2142 1110 2195 θείαν
1135 2142 1234 2209 τῆς
1261 2141 1518 2211 προνοίας
1540 2139 1706 2192 αὑτοῦ
1735 2140 1928 2191 ἀκτῖνα

343 2240 634 2308 ἁχράντως
694 2235 1018 2304 ὲπιλάμπων
1072 2233 1288 2302 ἐπίσης,
1347 2234 1395 2285 εί
1450 2233 1544 2285 καὶ
1597 2231 1674 2302 μὴ
1727 2229 1927 2301 ὁμοίως

341 2332 562 2383 ἅπαντα
603 2327 810 2395 ταύτην
840 2324 1136 2393 δεδεγμένα
1178 2322 1334 2374 εἰσίν
1371 2321 1449 2374 ἔτι
1481 2338 1541 2389 γε
1576 2320 1702 2392 μὴν,
1737 2320 1826 2371 καὶ
1853 2318 1926 2380 ὡς

343 2425 516 2475 πᾶσιν
537 2420 782 2490 ἀσχέτως
826 2417 1247 2489 γνιικριζόμενος,
1295 2413 1416 2467 νοῦν
1447 2413 1746 2475 ἁποίκιλον,
1782 2411 1923 2463 ἀνεί-

342 2517 464 2567 δεον
487 2555 500 2573 ,
533 2513 983 2582 ἀσχημάτιστον,
1018 2510 1233 2579 ἄχροον,
1285 2509 1505 2560 πάντων
1536 2505 1642 2559 τῶν
1680 2503 1926 2558 ὁπωσοῦν

341 2608 515 2659 ὄντων
545 2605 844 2671 ἀνέπαφον,
880 2603 972 2655 καὶ
995 2599 1327 2665 ἁπαξαπλῶς
1350 2599 1639 2664 ἀπόλυτον,
1665 2598 1743 2659 είς
1767 2598 1894 2649 ἀπει
1913 2630 1924 2639 -

344 2699 472 2768 ρίαν
506 2696 812 2767 ἀοριστίας,
855 2695 1048 2763 χρόνου
1093 2711 1151 2746 τε
1194 2695 1288 2746 καὶ
1321 2694 1510 2757 τόπου,
1558 2691 1650 2745 καὶ
1692 2690 1925 2760 φύσεως,

343 2791 440 2842 καὶ
491 2788 600 2840 τῶν
632 2789 761 2856 περὶ
817 2786 980 2854 φύσιν
1021 2783 1526 2851 ὑτιεραναόαίνοντα
1553 2783 1800 2836 ἁπαιτῶν
1847 2785 1926 2844 είς

340 2884 403 2934 τὸ
467 2880 733 2950 ἀμηγέπη
800 2877 1133 2932 ὁπτάνεσθαι
1200 2876 1445 2938 ένοειδῶς
1517 2876 1655 2946 ὑπὲρ
1732 2875 1927 2927 ἕνωσιν

341 2975 564 3045 νοεράν.

423 3066 535 3135 py’.
572 3068 738 3120 Ὅσον
766 3066 847 3118 ὅτι
880 3065 1018 3134 ὑπὲρ
1067 3063 1129 3115 τὸ
1157 3062 1397 3114 νοεῖσθαι
1447 3063 1480 3130 ἡ
1528 3059 1730 3129 μεταξὺ
1761 3055 1920 3121 Θεοῦ,

346 3162 446 3211 καὶ
474 3159 566 3210 τοῦ
601 3159 693 3211 νοῦ
724 3157 984 3227 γινομένη
1017 3156 1363 3224 πνευματικὴ
1401 3153 1613 3224 συναφὴ
1657 3153 1924 3220 γίγνεται,

2022 661 2352 724 nitudinem,
2382 672 2435 714 et
2465 662 2681 716 termini
2713 661 3012 715 carentiam
3036 671 3088 714 et
3116 658 3311 716 inﬁniti
3335 658 3595 710 visionem

2018 752 2159 804 miro
2192 752 2354 806 modo
2390 753 2556 809 videt.
2608 769 2662 807 et
2710 754 2884 806 ideam
2937 753 3055 805 sine
3083 753 3224 805 idea.
3259 749 3515 804 Absoluta
3547 754 3600 798 et

2027 844 2141 910 ipsa
2176 854 2227 894 et
2257 845 2486 914 simplex
2521 845 2572 896 in
2611 845 2937 897 rectitudine
2961 844 3192 907 ell‘ecla;
3225 853 3276 896 et
3298 839 3596 896 secundum

2021 950 2083 988 ea
2136 952 2257 1004 qua:
2288 937 2356 990 ab
2417 937 2530 1005 ipsa
2589 944 2822 1002 aspectat
2855 946 2982 989 sunt
3014 932 3363 989 invisibiliter
3390 941 3446 986 et
3480 931 3598 985 sine

2017 1029 2193 1082 oculis
2223 1031 2564 1082 considerata
2592 1072 2604 1093 ,
2635 1039 2710 1094 et,
2747 1041 2799 1082 ut
2840 1031 3028 1097 paucis
3087 1030 3284 1087 dicam,
3321 1027 3375 1080 in
3420 1025 3594 1092 scil)sa

2019 1117 2265 1172 divinam
2323 1134 2386 1172 ac
2455 1119 2926 1188 supernaturalem
2989 1117 3445 1187 pulchritudinem
3508 1130 3595 1170 as-

2023 1224 2256 1276 pergens
2286 1253 2300 1275 ,
2335 1220 2387 1264 et
2420 1226 2541 1264 eum
2595 1211 2785 1278 Deum,
2831 1211 2922 1280 qui
2959 1211 3131 1280 ipsam
3161 1211 3387 1274 creavit,
3423 1211 3595 1264 hono-

2021 1315 2172 1354 rans.

2091 1390 2178 1444 42.
2211 1390 2323 1445 Non
2372 1392 2548 1447 solum
2614 1395 2737 1460 quia
2793 1394 3016 1463 simplex
3064 1401 3148 1447 est
3209 1392 3368 1457 Dens,
3433 1405 3594 1460 supra

2018 1498 2235 1537 onmem
2264 1487 2718 1554 compositionem
2763 1486 2996 1554 positus,
3031 1501 3198 1541 unum
3236 1485 3472 1550 dicitur;
3504 1483 3596 1536 sed

2019 1575 2144 1642 quia
2184 1590 2278 1642 per
2317 1591 2374 1630 se
2406 1577 2642 1640 exsistit,
2687 1578 2841 1632 solus
2890 1577 3008 1644 ipse
3057 1578 3110 1630 iu
3165 1577 3422 1630 omnibus
3477 1589 3598 1641 qua:

2020 1681 2142 1720 esse
2177 1667 2458 1732 dicuntur,
2492 1675 2546 1721 et
2603 1669 2802 1722 habent
2848 1685 2944 1738 per
2968 1669 3141 1736 ipsum
3194 1667 3594 1723 exsistentiatn.

2022 1757 2176 1823 Quod
2202 1759 2349 1813 enim
2383 1775 2492 1814 non
2525 1761 2737 1815 exsistit
2769 1776 2869 1831 per
2897 1775 2955 1815 se
2989 1772 3042 1816 et
3092 1759 3435 1829 simpliciter,
3489 1774 3596 1813 non

2021 1861 2104 1907 est
2134 1867 2263 1907 vere
2293 1867 2356 1906 ac
2379 1854 2696 1922 simpliciter
2727 1870 2916 1909 unum.
2947 1853 3012 1908 Et
3039 1855 3111 1908 ita
3136 1854 3278 1908 Deus
3304 1862 3382 1908 est
3435 1853 3602 1907 incir-

2025 1945 2399 2013 cumscriptus
2427 1953 2480 1997 et
2516 1944 2667 1999 solus
2692 1945 2947 2000 omnibus
2990 1946 3299 2008 dissimilis,
3354 1953 3402 1998 et
3467 1960 3600 2013 pure

2023 2046 2176 2090 extra
2204 2037 2386 2090 omnia
2420 2035 2578 2101 situs,
2630 2044 2684 2091 et
2714 2045 2974 2100 aeternus,
3033 2037 3233 2107 quippe
3279 2037 3370 2107 qui
3426 2051 3600 2105 neque

2022 2128 2234 2183 initium
2267 2127 2513 2182 habuerit
2543 2144 2715 2199 neque
2749 2131 3032 2185 habiturus
3058 2131 3129 2184 sit
3162 2132 3342 2194 tinem,
3371 2141 3600 2196 etsuper

2022 2221 2203 2274 omnia
2229 2221 2474 2276 divinum
2513 2221 2866 2290 providentiae
2896 2238 3010 2277 suae
3061 2223 3272 2277 radium
3301 2222 3598 2276 immittt-ns

2023 2313 2323 2382 a'qttaliter,
2351 2315 2451 2367 etsi
2478 2328 2583 2367 non
2610 2313 2860 2367 similiter
2890 2317 3067 2368 omnia
3109 2329 3232 2368 eum
3287 2314 3552 2381 recipiant
3583 2328 3600 2378 ;

2023 2416 2077 2461 et
2104 2408 2360 2463 omnibus
2379 2409 2695 2462 necessario
2719 2416 2802 2460 net
2816 2424 2898 2470 us,
2921 2415 3152 2460 mentem
3182 2405 3597 2466 immutabilem,

2023 2501 2140 2555 sine
2193 2501 2392 2565 forma,
2447 2501 2704 2555 omnibus
2760 2501 3094 2570 quibuslibet
3152 2501 3433 2561 intactam,
3483 2499 3602 2553 sine

2025 2594 2193 2664 figura
2233 2602 2326 2648 aut
2352 2594 2556 2662 colore,
2595 2595 2817 2649 omnino
2870 2594 3166 2662 simplicem
3218 2603 3270 2647 et
3296 2594 3596 2645 absolutam

2030 2690 2083 2741 in
2123 2687 2660 2742 iudeterminatiotis
2692 2688 3091 2742 inﬁnitudinem
3139 2697 3193 2740 et
3255 2695 3496 2756 tempore
3549 2698 3602 2737 et

2025 2779 2144 2831 loco
2178 2793 2239 2831 :tc
2270 2788 2486 2843 natura,
2524 2790 2576 2832 et
2606 2782 2659 2832 in
2692 2795 2754 2831 ea
2785 2795 2903 2846 qua:
2935 2790 3183 2831 naturam
3211 2781 3603 2840 ιτσιιεουυιιιυιι

2024 2871 2267 2936 attrahit,
2289 2873 2352 2925 ad
2386 2871 2706 2940 simpliciter
2725 2888 2885 2940 supra
2914 2872 3167 2925 unionem
3211 2870 3600 2938 intelligihilent

2025 2961 2521 3030 contemplandam.

2100 3055 2186 3110 £5.
2209 3055 2480 3121 Quantum
2514 3073 2677 3125 supra
2708 3058 3086 3128 cogitationem
3139 3070 3221 3113 est
3245 3074 3304 3112 ea
3332 3075 3452 3127 qua:
3522 3059 3606 3116 iu-

2025 3158 2105 3202 ter
2128 3148 2298 3203 Deum
2327 3166 2391 3203 ac
2421 3161 2658 3204 utentem
2694 3150 2751 3204 lit
2789 3152 3090 3221 spiritualis
3124 3152 3437 3221 coniunctio
3469 3154 3604 3205 dici-

342 3250 566 3318 λέγεται
620 3247 761 3303 εῖναι
797 3251 855 3302 τὸ
901 3247 1154 3317 τηνικάδε
1203 3249 1283 3309 είς
1313 3246 1376 3298 τὸ
1411 3246 1550 3314 ὑπὲρ
1597 3243 1694 3314 τὴν
1735 3240 1988 3312 ὲαυτοῦρ
2024 3255 2027 3293 l

1917 3242 1988 3312 ὃς
2024 3252 2110 3296 tttr
2139 3258 2299 3298 mens
2338 3260 2458 3312 qua:
2481 3246 2735 3300 absolute
2790 3262 2953 3300 sensu
3018 3249 3286 3317 spirituali
3342 3264 3602 3315 superna-

342 3345 510 3414 φύσιν
559 3345 587 3396 6
618 3341 740 3404 νοῦς
775 3341 832 3393 τὸ
882 3340 1156 3408 ὑπερφυὲς
1197 3337 1518 3408 ἀπόκρυφον
1566 3335 1623 3387 ἓν
1675 3335 1926 3406 αἰσθήσει

341 3438 509 3507 νοερᾷ
559 3435 843 3495 ἀπολύτως
902 3431 1348 3509 φανταζόμενος⁶
1390 3428 1551 3490 αὐτὸς
1603 3427 1852 3496 μέντοιγε
1898 3430 1926 3480 6

340 3529 472 3591 νοῦς
507 3527 649 3580 κατά
680 3526 842 3594 φύσιν
888 3523 914 3576 ὁ
945 3525 1142 3592 πάσχει
1174 3521 1289 3573 ἐστὶ
1324 3518 1420 3590 τὴν
1469 3519 1682 3585 ἑαυτοῦ,
1719 3519 1923 3589 καθαρ-

341 3622 532 3673 θεῖσαν
561 3621 631 3688 τῇ
670 3619 872 3688 χάριτι.
909 3614 1080 3667 Τοῦτο
1125 3613 1233 3682 γάρ
1269 3617 1384 3664 ἐστι
1415 3610 1476 3663 τὸ
1529 3613 1666 3662 νοεῖν
1704 3610 1782 3680 τῷ
1825 3609 1919 3678 νῷ,

338 3712 482 3779 ὅπερ
510 3705 777 3775 ὀφθαλαῴ
811 3706 870 3757 τὸ
891 3706 1045 3774 ὁρᾷν.
1077 3704 1286 3770 Ὥσπερ
1315 3697 1409 3754 οῦν
1432 3703 1459 3754 ὁ
1488 3702 1554 3758 ὲν,
1573 3700 1759 3771 σκοτία
1794 3700 1924 3753 είσω

337 3802 509 3872 ὁρῶν,
545 3800 648 3870 ὁρᾷ
697 3799 796 3867 μὲν
826 3797 998 3858 οὐδὲν,
1040 3795 1178 3864 πλὴν
1206 3795 1307 3863 ὁρᾷ
1340 3795 1413 3856 ὡς
1456 3793 1521 3845 ἂν
1555 3793 1612 3845 ἒν
1657 3795 1831 3845 έκεῖνο
1863 3793 1924 3846 τὸ

341 3893 562 3953 σκότος,
593 3891 688 3943 καὶ
712 3889 813 3959 ὁρᾷ
845 3890 926 3941 ὅτι
956 3889 1054 3958 οὐχ
1081 3888 1184 3959 ὁρᾷ
1210 3905 1223 3918 ·
1258 3887 1305 3939 εί
1327 3885 1435 3956 γὰρ
1463 3886 1772 3938 κεκάλυπτο
1800 3887 1922 3948 τοὺς

337 3984 685 4053 ὀφθαλμοὺς,
722 3983 863 4052 τάχα
915 3982 981 4035 ἂν
1030 3982 1123 4034 καί⁵
1170 3981 1286 4049 φῶς
1341 3977 1483 4034 εἶναι
1536 3981 1756 4051 ἐνόμισε
1797 3984 1925 4053 περὶ

338 4077 533 4139 αὑτὸν,
560 4076 655 4128 καὶ
682 4074 1026 4145 πραγμάτων
1053 4072 1190 4125 ἄττα
1213 4072 1356 4125 τινά’
1382 4072 1474 4124 νῦν
1501 4073 1557 4125 δὲ
1582 4073 1742 4143 ὁρῶν,
1768 4072 1925 4142 έναρο

340 4169 462 4236 γὼς
490 4169 614 4237 ὁρᾷ,
647 4168 728 4218 ὅτι
755 4167 852 4234 οὐχ
883 4167 985 4235 ὁρᾷ
1008 4182 1020 4194 ·
1054 4165 1149 4218 καὶ
1184 4164 1244 4216 τὸ
1295 4164 1391 4233 μὲν
1421 4163 1552 4216 εἴσω
1584 4164 1675 4216 τοῦ
1705 4167 1927 4228 σκότους

348 4261 454 4328 τὴν
503 4258 737 4326 ὁπτικὴν
787 4256 1040 4324 διαϐῆναι
1072 4255 1323 4324 δύναμιν,
1362 4255 1456 4306 καὶ
1491 4252 1686 4306 εἰδέναι
1735 4259 1804 4307 τά
1839 4271 1933 4310 κε-

342 4347 670 4419 κρυμμένα,
723 4347 864 4418 ὑπὲρ
917 4347 1017 4417 τὴν
1077 4345 1169 4399 τοῦ
1210 4345 1491 4418 ὀφθαλμοῦ
1542 4348 1704 4417 φύσιν
1757 4349 1929 4414 ἐστὶν,

337 4443 544 4493 οῦκοον
579 4439 643 4507 γέ
666 4456 748 4491 τοι
780 4439 836 4490 τὸ
862 4438 1015 4510 ὁρᾷν,
1046 4439 1124 4491 ὅτι
1161 4439 1256 4508 οὐχ
1275 4441 1376 4510 ὁρᾷ
1399 4456 1412 4470 ⁸
1453 4439 1597 4493 οὕτω
1631 4441 1763 4512 δῆτα
1794 4441 1932 4495 κάπὶ

337 4533 440 4586 τοῦ
499 4530 637 4598 νοὸς,
675 4534 735 4583 ὲν
766 4533 834 4600 τῇ
887 4530 1008 4600 θεία
1044 4531 1554 4601 ἀναδεδραμηκότος
1592 4534 1932 4605 ἀποκρυφιό-

2030 3338 2204 3390 turale
2227 3351 2392 3390 unum
2433 3338 2660 3405 cogitat,
2697 3354 2819 3393 esse
2851 3341 2903 3392 in
2935 3342 3025 3395 illo
3051 3342 3191 3408 quod
3225 3357 3389 3410 supra
3433 3343 3604 3410 ipsius

2026 3435 2273 3481 naturam
2293 3439 2377 3482 est
2403 3445 2416 3494 ;
2449 3429 2565 3497 ipsa
2599 3437 2776 3482 tamen
2813 3447 2987 3495 mens,
3012 3432 3155 3501 quod
3179 3434 3384 3500 patitur
3413 3449 3604 3487 secun-

2028 3519 2156 3572 dum
2192 3521 2391 3574 mentis
2413 3529 2664 3574 naturain
2701 3522 2876 3591 gratia
2899 3524 3212 3578 mundatam
3239 3535 3338 3577 est.
3371 3508 3425 3578 ld
3459 3525 3602 3577 enim

2027 3612 2192 3665 menti
2232 3613 2471 3680 cogitare
2504 3621 2608 3678 est,
2645 3614 2788 3683 quod
2849 3616 3020 3668 oculis
3079 3616 3283 3670 videre.
3335 3614 3608 3682 ριιθιιιαιίσ

2024 3703 2246 3757 modum
2301 3704 2464 3773 igitur
2517 3705 2564 3759 is
2623 3705 2714 3774 qui
2781 3705 2834 3759 in
2899 3708 3140 3762 tenebris
3212 3709 3356 3760 intus
3436 3710 3602 3772 videt,

2027 3794 2159 3848 nihil
2224 3796 2444 3865 quidem
2518 3797 2683 3860 videt,
2744 3798 2843 3852 nisi
2906 3799 3248 3852 solummodo
3304 3799 3403 3853 has
3459 3810 3607 3853 tene-

2025 3888 2174 3951 bras,
2219 3896 2271 3942 et
2330 3888 2476 3942 videt
2525 3905 2584 3942 se
2637 3904 2742 3942 non
2804 3891 3023 3956 videre;
3078 3893 3127 3944 si
3206 3892 3350 3946 enim
3418 3894 3608 3948 oculos

2025 3978 2243 4033 clausos
2303 3978 2542 4044 haberet,
2576 3977 2763 4034 forsan
2817 3989 3030 4049 putaret
3098 3983 3277 4036 lumen
3316 3985 3518 4036 circum
3547 3985 3608 4036 se

2026 4087 2145 4126 esse
2207 4079 2263 4124 et
2330 4087 2417 4125 res
2480 4071 2742 4140 quasdam
2801 4089 2816 4133 ;
2896 4089 3039 4127 nunc
3088 4086 3264 4128 autem
3332 4077 3600 4144 aspit-iens

2025 4162 2170 4216 videt
2202 4179 2260 4218 se
2287 4179 2394 4219 non
2417 4165 2625 4217 videre.
2661 4166 2814 4229 Quod
2845 4166 2923 4218 vis
2954 4167 3130 4234 aptiea
3160 4168 3297 4222 intra
3356 4169 3608 4222 tenebras

2027 4263 2294 4320 penetret,
2360 4265 2413 4308 et
2477 4256 2789 4310 abscondita
2855 4267 3149 4325 cognoscat
3222 4275 3384 4328 supra
3462 4261 3605 4312 oeuli

2026 4355 2274 4401 naturam
2309 4358 2414 4412 εει,
2451 4363 2557 4401 non
2591 4357 2774 4401 autem
2846 4349 3029 4403 videre
3086 4365 3143 4404 se
3203 4368 3309 4405 non
3379 4352 3604 4416 videre;

2028 4439 2098 4490 ita
2157 4445 2347 4493 estet
2431 4439 2498 4493 de
2549 4452 2728 4495 mente
2791 4441 2843 4494 in
2907 4441 3147 4495 divinam
3213 4443 3603 4497 obscuritatem

2027 4530 2370 4602 conlug’ente
2399 4541 2454 4585 et
2501 4532 2638 4586 ultra
2682 4532 3065 4601 cogitationem
3097 4535 3390 4588 constituta
3421 4552 3434 4598 ;
3473 4537 3604 4588 nihil

337 4643 492 4694 τητι,
534 4625 629 4678 καὶ
661 4623 756 4678 τοῦ
807 4623 1044 4676 νοεῖσθαι
1084 4623 1341 4676 ἐπέκεινα
1377 4624 1696 4693 γενομένου,
1739 4618 2022 4694 θεωρεῖῡι

1918 4618 1993 4676 ἰῐ)
2019 4625 2164 4676 enim
2200 4624 2380 4688 videt;
2417 4625 2692 4694 quomodo
2725 4629 2870 4678 enim
2909 4625 3139 4692 possetg?
3173 4625 3420 4679 Altamen
3453 4626 3603 4678 videt

341 4719 447 4786 μὲν
481 4718 637 4771 οὐδέν
665 4735 678 4747 ·
712 4717 877 4770 πόθεν
903 4716 1045 4787 γάρ;
1074 4716 1325 4786 μέντοιγε
1350 4716 1566 4786 θεωρεῖ,
1595 4717 1677 4768 ὃτι
1705 4717 1769 4774 οῦ
1800 4715 1932 4768 θεω-

340 4811 469 4878 ρεῖ“
502 4811 596 4862 καὶ
634 4807 718 4861 ὅτι
748 4806 776 4860 ὁ
822 4808 883 4860 οὐ
916 4808 1132 4876 θεωρεῖ,
1171 4807 1228 4859 ἒν
1270 4809 1436 4871 ἐστιν,
1489 4808 1565 4870 ὼς
1608 4809 1790 4880 γνόφῳ
1827 4809 1934 4861 τινὶ

337 4905 687 4972 ἀπόκρυφον,
725 4900 784 4967 ἐξ
837 4893 898 4952 οὗ
951 4902 1236 4969 προχεῖται
1288 4902 1396 4953 πᾶν
1441 4901 1752 4971 ὁπηδὴττοτε
1788 4901 1930 4970 ὃν,ἢ

336 4995 647 5065 ὁρώμενον,
702 4992 735 5062 ἢ
771 4992 1085 5060 νοούμενον,
1116 4991 1224 5042 εἴτε
1255 4993 1320 5060 τῇ
1355 4991 1529 5043 κτίσει
1571 4991 1934 5062 συναριθμοῦ-

341 5100 530 5154 μενον,
561 5081 672 5134 εἴτε
707 5080 889 5143 ἀϊδίως
923 5078 980 5131 ὃν
1008 5080 1283 5132 ἄκτιστον.
1321 5081 1431 5131 Καὶ
1456 5080 1612 5148 εἴπερ
1657 5083 1731 5150 μὴ
1770 5081 1931 5132 ἐθεώ-

343 5193 457 5246 ρει,
500 5175 604 5224 οῦκ
658 5172 723 5225 ἂν
771 5171 968 5224 ἑαυτοῦ
1000 5173 1257 5222 ἐπέκεινα
1291 5171 1485 5224 ἑαυτὸν
1510 5171 1656 5241 ἑώρα
1697 5173 1932 5242 ὑπερεκ⁹

336 5265 661 5333 τεινόμενον
690 5279 703 5292 ·
763 5262 856 5314 νῦν
914 5261 971 5314 δὲ
1010 5260 1260 5330 θεωρῶν,
1297 5262 1673 5329 ἐκφανέστατα
1719 5263 1931 5331 θεωρεῖ,

337 5359 424 5409 ὅτι
462 5354 525 5406 οὐ
561 5352 799 5423 θεωρεῖ,
851 5351 927 5405 ὢν
967 5354 1105 5423 ὑπὲρ
1160 5353 1220 5404 τὸ
1261 5351 1510 5422 θεωρεῖν,
1548 5355 1640 5406 καὶ
1691 5356 1773 5407 ὃτι
1810 5355 1934 5408 θεω-

342 5447 566 5516 ρεῖσθαι
623 5443 886 5497 ἀδύνατον
937 5444 966 5496 ὃ
999 5445 1060 5495 οὺ
1108 5443 1337 5514 θεωρεῖ·
1392 5447 1484 5498 καὶ
1524 5447 1655 5499 είσω
1690 5447 1789 5516 μὲν
1834 5446 1933 5515 τῆς

339 5541 501 5601 θείας
533 5537 630 5589 καὶ
663 5535 802 5606 ὑπὲρ
833 5535 958 5588 νοῦν
987 5537 1170 5606 ένικῆς
1202 5538 1679 5608 ἀποκρυφιότητος
1706 5541 1933 5592 εἰσιέναι

338 5636 439 5686 καὶ
478 5630 802 5699 θεωρῆσαι,
861 5629 1001 5698 ὑπὲρ
1037 5628 1135 5696 τὴν
1186 5631 1281 5680 τοῦ
1331 5629 1447 5692 νοὸς
1483 5630 1645 5698 φύσιν
1694 5631 1839 5683 ὲστίο
1877 5631 1936 5683 τὸ

337 5725 398 5775 δὲ
431 5720 746 5789 ἀποϐλέψαι
777 5722 856 5783 είς
887 5720 976 5772 τὸν
1007 5719 1150 5771 θεῖον
1195 5720 1392 5789 γνόφον
1423 5721 1636 5792 ἐκείνης
1664 5722 1763 5792 τῆς
1803 5723 1937 5774 ἀπο-

340 5813 738 5885 κρυφιότητος.
771 5812 864 5864 καὶ
889 5810 1336 5879 φαντασιωθῆναι
1360 5811 1457 5880 τὴν
1488 5813 1726 5883 ἄρρητον
1753 5814 1932 5876 suasa,

346 5908 444 5973 τὴν
498 5907 556 5957 ὲν
607 5902 957 5970 ἀνεκλαλῆτιμ
1013 5903 1301 5973 μυστηρίῳ
1336 5903 1742 5976 ὑπερκειμέ-.ην
1795 5909 1933 5972 ὑπὲρ

2025 4733 2082 4771 se
2114 4733 2223 4771 non
2257 4718 2473 4784 videre;
2501 4726 2553 4771 et
2581 4718 2725 4771 videt
2756 4733 2975 4787 quoque
3006 4717 3057 4770 id
3116 4719 3260 4785 quod
3299 4735 3403 4772 non
3463 4720 3605 4773 videt

2025 4826 2144 4864 esse
2179 4825 2345 4863 unum
2375 4817 2634 4876 tanquam
2670 4809 2910 4863 tenebris
2946 4808 3271 4878 quibusdam
3306 4813 3603 4865 abscondi-

2026 4912 2165 4969 tum,
2198 4920 2262 4957 ex
2327 4917 2433 4971 qua
2465 4903 3109 4972 prollttnntqua'cunque
3167 4906 3440 4957 exsistunt
3491 4906 3606 4959 sive

2028 4996 2281 5061 visibilia,
2315 4995 2428 5049 sive
2455 4995 2713 5064 cogitata,
2749 4997 2864 5049 sive
2897 4997 2950 5047 itt
2984 4997 3255 5052 creaturis
3290 5011 3602 5060 numerata,

2029 5088 2142 5142 sive
2171 5098 2372 5141 interna
2404 5097 2454 5141 et
2479 5090 2737 5141 increata.
2786 5087 2847 5140 Et
2896 5089 2995 5143 nisi
3043 5090 3093 5141 id
3147 5091 3604 5158 contentplarzztur

2030 5195 2137 5232 non
2165 5193 2224 5232 se
2252 5179 2460 5232 videret
2489 5194 2654 5248 supra
2689 5179 2926 5247 seipsam
2955 5190 3254 5235 extensam.
3317 5181 3473 5235 Nuttc
3506 5198 3594 5234 an-

2033 5279 2135 5324 tem
2161 5271 2559 5340 contemplans,
2619 5271 3065 5326 manifestissme
3106 5276 3512 5343 contemplatur
3551 5290 3607 5328 se

2030 5377 2139 5415 non
2170 5363 2376 5427 videre,
2439 5378 2561 5416 cum
2623 5379 2792 5431 supra
2856 5367 3373 5435 contemplationem
3433 5367 3522 5429 sit,
3557 5379 3609 5421 et

2031 5454 2366 5522 impossibile
2399 5472 2521 5511 esse
2549 5459 2903 5527 contemplari
2936 5459 3081 5527 quod
3117 5475 3222 5511 non
3277 5461 3610 5526 coutetnpla~

2033 5555 2161 5612 tur;
2203 5555 2257 5600 et
2324 5549 2463 5601 intra
2519 5549 2754 5602 divinam
2816 5549 2960 5602 illam
3025 5565 3089 5604 ac
3149 5567 3310 5618 supra
3370 5563 3604 5606 mentem

2031 5637 2421 5694 obscuritatem
2489 5641 2801 5694 intrare.et
2849 5656 2966 5694 eam
3020 5641 3397 5710 contemplari,
3444 5657 3608 5707 supra

2033 5732 2234 5787 mentis
2271 5741 2517 5784 naturam
2555 5743 2681 5798 est;
2730 5733 2974 5801 aspicere
3030 5745 3208 5785 autem
3272 5735 3336 5786 ad
3393 5734 3608 5787 divinas

2035 5822 2195 5889 hujus
2250 5819 2606 5876 obscuritatis
2659 5823 2909 5877 tenebras
2969 5832 3022 5875 et
3074 5823 3400 5878 ineffabilem
3461 5825 3607 5878 illam

2037 5914 2294 5966 unitatem
2328 5910 2610 5984 iutaginari
2647 5913 2702 5968 in
2761 5913 3018 5969 iut-l'l‘ahili
3088 5916 3344 5983 mysterio
3377 5917 3607 5986 positam
