  <div class='ocr_page' id='page_1' title='image "/cluster/home/n/w/nwhite01/storage/ocr_20150623/147/nnc1.0046980555/448.png"; bbox 0 0 4266 6450; ppageno 0'>
   <div class='ocr_carea' id='block_1_1' title="bbox 263 413 370 476">
    <p class='ocr_par' dir='ltr' id='par_1_1' title="bbox 263 413 370 476">
     <span class='ocr_line' id='line_1_1' title="bbox 263 413 370 476; baseline -0.056 0"><span class='ocrx_word' id='word_1_1' title='bbox 263 413 370 476; x_wconf 78' lang='grc'><strong>885</strong></span> 
     </span>
    </p>
   </div>
   <div class='ocr_carea' id='block_1_2' title="bbox 1408 416 2400 482">
    <p class='ocr_par' dir='ltr' id='par_1_2' title="bbox 1408 416 2400 482">
     <span class='ocr_line' id='line_1_2' title="bbox 1408 416 2400 482; baseline 0.011 -11"><span class='ocrx_word' id='word_1_2' title='bbox 1408 416 1502 472; x_wconf 70' lang='grc' dir='ltr'><strong>[ης</strong></span> <span class='ocrx_word' id='word_1_3' title='bbox 1530 417 1704 476; x_wconf 78' lang='lat' dir='ltr'><strong>VlTA</strong></span> <span class='ocrx_word' id='word_1_4' title='bbox 1745 419 2400 482; x_wconf 72' lang='lat' dir='ltr'><strong>CONTEMPLATIVA.</strong></span> 
     </span>
    </p>
   </div>
   <div class='ocr_carea' id='block_1_3' title="bbox 3418 417 3524 483">
    <p class='ocr_par' dir='ltr' id='par_1_3' title="bbox 3418 417 3524 483">
     <span class='ocr_line' id='line_1_3' title="bbox 3418 417 3524 483; baseline -0.057 0"><span class='ocrx_word' id='word_1_5' title='bbox 3418 417 3524 483; x_wconf 81' lang='grc'><strong>886</strong></span> 
     </span>
    </p>
   </div>
   <div class='ocr_carea' id='block_1_4' title="bbox 259 535 1944 619">
    <p class='ocr_par' dir='ltr' id='par_1_4' title="bbox 259 540 1944 619">
     <span class='ocr_line' id='line_1_4' title="bbox 259 540 1944 619; baseline -0.008 -10"><span class='ocrx_word' id='word_1_6' title='bbox 259 555 452 609; x_wconf 88' lang='grc' dir='ltr'>νεσθαι</span> <span class='ocrx_word' id='word_1_7' title='bbox 492 553 779 615; x_wconf 83' lang='grc' dir='ltr'>ἀπολύτως</span> <span class='ocrx_word' id='word_1_8' title='bbox 812 553 905 605; x_wconf 87' lang='grc' dir='ltr'><strong>τὸν</strong></span> <span class='ocrx_word' id='word_1_9' title='bbox 953 551 1085 604; x_wconf 82' lang='grc' dir='ltr'><strong>Θεὸν</strong></span> <span class='ocrx_word' id='word_1_10' title='bbox 1117 549 1521 619; x_wconf 75' lang='grc' dir='ltr'><strong>φανταζόμενος</strong></span> <span class='ocrx_word' id='word_1_11' title='bbox 1542 563 1555 576; x_wconf 89' lang='grc'><strong>·</strong></span> <span class='ocrx_word' id='word_1_12' title='bbox 1604 549 1712 600; x_wconf 79' lang='grc' dir='ltr'><strong>πᾶν</strong></span> <span class='ocrx_word' id='word_1_13' title='bbox 1739 548 1848 616; x_wconf 79' lang='grc' dir='ltr'>γὰρ</span> <span class='ocrx_word' id='word_1_14' title='bbox 1874 540 1907 595; x_wconf 69' lang='grc' dir='ltr'><strong>Α</strong></span> <span class='ocrx_word' id='word_1_15' title='bbox 1941 559 1944 591; x_wconf 62' lang='lat'><strong>1</strong></span> 
     </span>
    </p>
   </div>
   <div class='ocr_carea' id='block_1_5' title="bbox 1837 535 3522 619">
    <p class='ocr_par' dir='ltr' id='par_1_5' title="bbox 1837 535 3522 610">
     <span class='ocr_line' id='line_1_5' title="bbox 1837 535 3522 610; baseline -0.004 -16"><span class='ocrx_word' id='word_1_16' title='bbox 1837 540 1907 599; x_wconf 64' lang='lat' dir='ltr'><strong>pA</strong></span> <span class='ocrx_word' id='word_1_17' title='bbox 1941 555 2095 592; x_wconf 70' lang='lat' dir='ltr'><strong>suam</strong></span> <span class='ocrx_word' id='word_1_18' title='bbox 2129 550 2376 592; x_wconf 76' lang='lat' dir='ltr'><strong>naturam</strong></span> <span class='ocrx_word' id='word_1_19' title='bbox 2426 541 2761 610; x_wconf 79' lang='lat' dir='ltr'><strong>pervenisse,</strong></span> <span class='ocrx_word' id='word_1_20' title='bbox 2795 539 2960 593; x_wconf 82' lang='lat' dir='ltr'><strong>Deum</strong></span> <span class='ocrx_word' id='word_1_21' title='bbox 3019 536 3267 592; x_wconf 85' lang='lat' dir='ltr'><strong>absolute</strong></span> <span class='ocrx_word' id='word_1_22' title='bbox 3333 535 3522 600; x_wconf 72' lang='lat' dir='ltr'><strong>imagi-</strong></span> 
     </span>
    </p>
   </div>
   <div class='ocr_carea' id='block_1_6' title="bbox 260 641 1845 718">
    <p class='ocr_par' dir='ltr' id='par_1_6' title="bbox 260 641 1845 718">
     <span class='ocr_line' id='line_1_6' title="bbox 260 641 1845 718; baseline -0.006 -18"><span class='ocrx_word' id='word_1_23' title='bbox 260 651 464 718; x_wconf 82' lang='grc' dir='ltr'>νόημα,</span> <span class='ocrx_word' id='word_1_24' title='bbox 508 648 670 718; x_wconf 79' lang='grc' dir='ltr'>δῆλον</span> <span class='ocrx_word' id='word_1_25' title='bbox 700 647 783 699; x_wconf 82' lang='grc' dir='ltr'>ὅτι</span> <span class='ocrx_word' id='word_1_26' title='bbox 829 647 893 696; x_wconf 81' lang='grc' dir='ltr'>ἐκ</span> <span class='ocrx_word' id='word_1_27' title='bbox 932 643 1260 714; x_wconf 88' lang='grc' dir='ltr'>πράγματος</span> <span class='ocrx_word' id='word_1_28' title='bbox 1291 642 1534 710; x_wconf 86' lang='grc' dir='ltr'>γίνεσθαι</span> <span class='ocrx_word' id='word_1_29' title='bbox 1570 641 1845 708; x_wconf 79' lang='grc' dir='ltr'>πέφυκεν·</span> 
     </span>
    </p>
   </div>
   <div class='ocr_carea' id='block_1_7' title="bbox 260 731 1849 811">
    <p class='ocr_par' dir='ltr' id='par_1_7' title="bbox 260 731 1849 811">
     <span class='ocr_line' id='line_1_7' title="bbox 260 731 1849 811; baseline -0.006 -17"><span class='ocrx_word' id='word_1_30' title='bbox 260 745 398 795; x_wconf 71' lang='grc' dir='ltr'>ὅπου</span> <span class='ocrx_word' id='word_1_31' title='bbox 452 742 508 794; x_wconf 79' lang='grc' dir='ltr'>δὲ</span> <span class='ocrx_word' id='word_1_32' title='bbox 550 742 784 811; x_wconf 81' lang='grc' dir='ltr'>πρᾶγμα</span> <span class='ocrx_word' id='word_1_33' title='bbox 819 738 881 790; x_wconf 87' lang='grc' dir='ltr'><strong>οὑ</strong></span> <span class='ocrx_word' id='word_1_34' title='bbox 914 739 1222 806; x_wconf 80' lang='grc' dir='ltr'><strong>θεωρεῖται,</strong></span> <span class='ocrx_word' id='word_1_35' title='bbox 1263 737 1444 806; x_wconf 83' lang='grc' dir='ltr'>νόημα</span> <span class='ocrx_word' id='word_1_36' title='bbox 1485 733 1608 788; x_wconf 80' lang='grc' dir='ltr'>οὕτε</span> <span class='ocrx_word' id='word_1_37' title='bbox 1655 731 1849 799; x_wconf 80' lang='grc' dir='ltr'>γεννᾶ-</span> 
     </span>
    </p>
   </div>
   <div class='ocr_carea' id='block_1_8' title="bbox 260 829 1853 903">
    <p class='ocr_par' dir='ltr' id='par_1_8' title="bbox 260 829 1853 903">
     <span class='ocr_line' id='line_1_8' title="bbox 260 829 1853 903; baseline -0.005 -17"><span class='ocrx_word' id='word_1_38' title='bbox 260 851 374 893; x_wconf 87' lang='grc' dir='ltr'>-ται,</span> <span class='ocrx_word' id='word_1_39' title='bbox 423 832 549 885; x_wconf 77' lang='grc' dir='ltr'>οὔτε</span> <span class='ocrx_word' id='word_1_40' title='bbox 605 832 712 903; x_wconf 84' lang='grc' dir='ltr'>μὴν</span> <span class='ocrx_word' id='word_1_41' title='bbox 741 830 1078 901; x_wconf 81' lang='grc' dir='ltr'>εὑρίσκεται.</span> <span class='ocrx_word' id='word_1_42' title='bbox 1117 830 1175 882; x_wconf 82' lang='lat'><strong>&#39;0</strong></span> <span class='ocrx_word' id='word_1_43' title='bbox 1202 829 1378 883; x_wconf 79' lang='grc' dir='ltr'>τοίνυν</span> <span class='ocrx_word' id='word_1_44' title='bbox 1407 829 1540 891; x_wconf 84' lang='grc' dir='ltr'><strong>Θεὸς</strong></span> <span class='ocrx_word' id='word_1_45' title='bbox 1565 829 1853 898; x_wconf 83' lang='grc' dir='ltr'>μηδοπωσ-</span> 
     </span>
    </p>
   </div>
   <div class='ocr_carea' id='block_1_9' title="bbox 262 916 1852 991">
    <p class='ocr_par' dir='ltr' id='par_1_9' title="bbox 262 916 1852 991">
     <span class='ocr_line' id='line_1_9' title="bbox 262 916 1852 991; baseline -0.005 -16"><span class='ocrx_word' id='word_1_46' title='bbox 262 923 416 976; x_wconf 81' lang='grc' dir='ltr'>τιοῦν</span> <span class='ocrx_word' id='word_1_47' title='bbox 491 924 632 991; x_wconf 80' lang='grc' dir='ltr'>ἔχων</span> <span class='ocrx_word' id='word_1_48' title='bbox 701 921 933 990; x_wconf 80' lang='grc' dir='ltr'>ὁρᾶσθαι</span> <span class='ocrx_word' id='word_1_49' title='bbox 993 918 1397 990; x_wconf 76' lang='grc' dir='ltr'><strong>πραγματικῶς</strong></span> <span class='ocrx_word' id='word_1_50' title='bbox 1453 916 1712 986; x_wconf 75' lang='grc' dir='ltr'>φαντάζει</span> <span class='ocrx_word' id='word_1_51' title='bbox 1760 916 1852 967; x_wconf 70' lang='grc' dir='ltr'><strong>τὸν</strong></span> 
     </span>
    </p>
   </div>
   <div class='ocr_carea' id='block_1_10' title="bbox 266 1005 1850 1082">
    <p class='ocr_par' dir='ltr' id='par_1_10' title="bbox 266 1005 1850 1082">
     <span class='ocr_line' id='line_1_10' title="bbox 266 1005 1850 1082; baseline -0.006 -15"><span class='ocrx_word' id='word_1_52' title='bbox 266 1013 394 1067; x_wconf 83' lang='grc' dir='ltr'>νοῦν</span> <span class='ocrx_word' id='word_1_53' title='bbox 425 1014 752 1082; x_wconf 85' lang='grc' dir='ltr'>πεφυκότως</span> <span class='ocrx_word' id='word_1_54' title='bbox 779 1015 842 1066; x_wconf 85' lang='grc' dir='ltr'>ὲκ</span> <span class='ocrx_word' id='word_1_55' title='bbox 871 1011 981 1065; x_wconf 85' lang='grc' dir='ltr'>τῶν</span> <span class='ocrx_word' id='word_1_56' title='bbox 1003 1011 1133 1082; x_wconf 73' lang='grc' dir='ltr'>περὶ</span> <span class='ocrx_word' id='word_1_57' title='bbox 1160 1010 1345 1074; x_wconf 84' lang='grc' dir='ltr'>αὑτὸν,</span> <span class='ocrx_word' id='word_1_58' title='bbox 1371 1005 1445 1064; x_wconf 81' lang='grc' dir='ltr'><strong>ὧν</strong></span> <span class='ocrx_word' id='word_1_59' title='bbox 1473 1008 1671 1078; x_wconf 72' lang='grc' dir='ltr'>δηλαδὴ</span> <span class='ocrx_word' id='word_1_60' title='bbox 1697 1008 1850 1077; x_wconf 78' lang='grc' dir='ltr'>ἐνερ-</span> 
     </span>
    </p>
   </div>
   <div class='ocr_carea' id='block_1_11' title="bbox 264 1097 1854 1174">
    <p class='ocr_par' dir='ltr' id='par_1_11' title="bbox 264 1097 1854 1174">
     <span class='ocr_line' id='line_1_11' title="bbox 264 1097 1854 1174; baseline -0.005 -16"><span class='ocrx_word' id='word_1_61' title='bbox 264 1109 355 1174; x_wconf 82' lang='grc' dir='ltr'><strong>γεῖ</strong></span> <span class='ocrx_word' id='word_1_62' title='bbox 384 1125 396 1137; x_wconf 73' lang='grc' dir='ltr'><strong>ο</strong></span> <span class='ocrx_word' id='word_1_63' title='bbox 446 1105 480 1159; x_wconf 75' lang='grc' dir='ltr'>ἃ.</span> <span class='ocrx_word' id='word_1_64' title='bbox 513 1106 678 1158; x_wconf 84' lang='grc' dir='ltr'>τόπον</span> <span class='ocrx_word' id='word_1_65' title='bbox 721 1105 905 1174; x_wconf 67' lang='grc' dir='ltr'>ἐπέχει</span> <span class='ocrx_word' id='word_1_66' title='bbox 937 1103 1239 1172; x_wconf 80' lang='grc' dir='ltr'>δυνάμεως,</span> <span class='ocrx_word' id='word_1_67' title='bbox 1276 1101 1338 1154; x_wconf 74' lang='grc' dir='ltr'>ἐκ</span> <span class='ocrx_word' id='word_1_68' title='bbox 1378 1117 1520 1161; x_wconf 87' lang='grc' dir='ltr'>τινος</span> <span class='ocrx_word' id='word_1_69' title='bbox 1559 1097 1854 1169; x_wconf 78' lang='grc' dir='ltr'><strong>προϊούσης</strong></span> 
     </span>
    </p>
   </div>
   <div class='ocr_carea' id='block_1_12' title="bbox 267 1190 1856 1266">
    <p class='ocr_par' dir='ltr' id='par_1_12' title="bbox 267 1190 1856 1266">
     <span class='ocr_line' id='line_1_12' title="bbox 267 1190 1856 1266; baseline -0.007 -14"><span class='ocrx_word' id='word_1_70' title='bbox 267 1199 522 1252; x_wconf 75' lang='grc' dir='ltr'><strong>δυνατοῦ.</strong></span> <span class='ocrx_word' id='word_1_71' title='bbox 557 1198 680 1266; x_wconf 82' lang='grc' dir='ltr'><strong>Ἐφ’</strong></span> <span class='ocrx_word' id='word_1_72' title='bbox 705 1198 830 1250; x_wconf 68' lang='grc' dir='ltr'>ὅσον</span> <span class='ocrx_word' id='word_1_73' title='bbox 853 1195 946 1255; x_wconf 80' lang='grc' dir='ltr'>οὖν</span> <span class='ocrx_word' id='word_1_74' title='bbox 975 1198 1004 1248; x_wconf 83' lang='grc' dir='ltr'>ὁ</span> <span class='ocrx_word' id='word_1_75' title='bbox 1027 1195 1152 1258; x_wconf 75' lang='grc' dir='ltr'>νοῦς</span> <span class='ocrx_word' id='word_1_76' title='bbox 1181 1195 1240 1247; x_wconf 83' lang='grc' dir='ltr'><strong>ὲν</strong></span> <span class='ocrx_word' id='word_1_77' title='bbox 1269 1193 1449 1254; x_wconf 77' lang='grc' dir='ltr'>ἄλλοις</span> <span class='ocrx_word' id='word_1_78' title='bbox 1472 1192 1676 1246; x_wconf 74' lang='grc' dir='ltr'>ἅπασιν</span> <span class='ocrx_word' id='word_1_79' title='bbox 1698 1190 1856 1244; x_wconf 73' lang='grc' dir='ltr'>εἴωθε</span> 
     </span>
    </p>
   </div>
   <div class='ocr_carea' id='block_1_13' title="bbox 270 1282 1857 1361">
    <p class='ocr_par' dir='ltr' id='par_1_13' title="bbox 270 1282 1857 1361">
     <span class='ocr_line' id='line_1_13' title="bbox 270 1282 1857 1361; baseline -0.006 -17"><span class='ocrx_word' id='word_1_80' title='bbox 270 1293 372 1354; x_wconf 70' lang='grc' dir='ltr'>τὰς</span> <span class='ocrx_word' id='word_1_81' title='bbox 422 1293 683 1361; x_wconf 78' lang='grc' dir='ltr'>δυνάμεις</span> <span class='ocrx_word' id='word_1_82' title='bbox 740 1292 878 1360; x_wconf 78' lang='grc' dir='ltr'>μετὰ</span> <span class='ocrx_word' id='word_1_83' title='bbox 931 1288 1038 1341; x_wconf 85' lang='grc' dir='ltr'><strong>τῶν</strong></span> <span class='ocrx_word' id='word_1_84' title='bbox 1090 1287 1332 1340; x_wconf 76' lang='grc' dir='ltr'><strong>δυνατῶν</strong></span> <span class='ocrx_word' id='word_1_85' title='bbox 1390 1285 1646 1354; x_wconf 81' lang='grc' dir='ltr'>θεωρεῖν,</span> <span class='ocrx_word' id='word_1_86' title='bbox 1699 1282 1857 1336; x_wconf 90' lang='grc' dir='ltr'>τοῦτο</span> 
     </span>
    </p>
   </div>
   <div class='ocr_carea' id='block_1_14' title="bbox 272 1363 1854 1453">
    <p class='ocr_par' dir='ltr' id='par_1_14' title="bbox 272 1363 1854 1453">
     <span class='ocr_line' id='line_1_14' title="bbox 272 1363 1854 1453; baseline -0.009 -15"><span class='ocrx_word' id='word_1_87' title='bbox 272 1386 431 1453; x_wconf 72' lang='grc' dir='ltr'><strong>ζητεί</strong></span> <span class='ocrx_word' id='word_1_88' title='bbox 463 1384 599 1436; x_wconf 79' lang='grc' dir='ltr'><strong>κάπὶ</strong></span> <span class='ocrx_word' id='word_1_89' title='bbox 622 1383 758 1436; x_wconf 85' lang='grc' dir='ltr'>Θεοῦ</span> <span class='ocrx_word' id='word_1_90' title='bbox 783 1380 978 1434; x_wconf 79' lang='grc' dir='ltr'>παθεῖν</span> <span class='ocrx_word' id='word_1_91' title='bbox 1003 1397 1016 1410; x_wconf 91' lang='grc'><strong>·</strong></span> <span class='ocrx_word' id='word_1_92' title='bbox 1053 1379 1147 1432; x_wconf 77' lang='grc' dir='ltr'><strong>καὶ</strong></span> <span class='ocrx_word' id='word_1_93' title='bbox 1169 1363 1445 1430; x_wconf 79' lang='grc' dir='ltr'>ἀδυνατῶν</span> <span class='ocrx_word' id='word_1_94' title='bbox 1474 1373 1815 1443; x_wconf 78' lang='grc' dir='ltr'>γιγνομὲνως</span> <span class='ocrx_word' id='word_1_95' title='bbox 1839 1387 1854 1404; x_wconf 78' lang='grc' dir='ltr'><strong>ο</strong></span> 
     </span>
    </p>
   </div>
   <div class='ocr_carea' id='block_1_15' title="bbox 275 1465 1859 1547">
    <p class='ocr_par' dir='ltr' id='par_1_15' title="bbox 275 1465 1859 1547">
     <span class='ocr_line' id='line_1_15' title="bbox 275 1465 1859 1547; baseline -0.006 -19"><span class='ocrx_word' id='word_1_96' title='bbox 275 1479 418 1547; x_wconf 79' lang='grc' dir='ltr'>ὑπὲρ</span> <span class='ocrx_word' id='word_1_97' title='bbox 451 1478 560 1545; x_wconf 76' lang='grc' dir='ltr'><strong>γὰρ</strong></span> <span class='ocrx_word' id='word_1_98' title='bbox 597 1476 696 1546; x_wconf 82' lang='grc' dir='ltr'><strong>τὴν</strong></span> <span class='ocrx_word' id='word_1_99' title='bbox 727 1475 890 1542; x_wconf 88' lang='grc' dir='ltr'>φύσιν</span> <span class='ocrx_word' id='word_1_100' title='bbox 925 1472 1086 1526; x_wconf 84' lang='grc' dir='ltr'>τοῦτο</span> <span class='ocrx_word' id='word_1_101' title='bbox 1119 1472 1318 1533; x_wconf 81' lang='grc' dir='ltr'>παντὸς</span> <span class='ocrx_word' id='word_1_102' title='bbox 1373 1467 1593 1522; x_wconf 88' lang='grc' dir='ltr'>κτιστοῦ</span> <span class='ocrx_word' id='word_1_103' title='bbox 1627 1467 1718 1520; x_wconf 91' lang='grc' dir='ltr'><strong>νοῦ</strong></span> <span class='ocrx_word' id='word_1_104' title='bbox 1744 1483 1759 1496; x_wconf 86' lang='grc'><strong>·</strong></span> <span class='ocrx_word' id='word_1_105' title='bbox 1789 1465 1859 1520; x_wconf 82' lang='grc' dir='ltr'>τὰ</span> 
     </span>
    </p>
   </div>
   <div class='ocr_carea' id='block_1_16' title="bbox 275 1561 1861 1639">
    <p class='ocr_par' dir='ltr' id='par_1_16' title="bbox 275 1561 1861 1639">
     <span class='ocr_line' id='line_1_16' title="bbox 275 1561 1861 1639; baseline -0.005 -18"><span class='ocrx_word' id='word_1_106' title='bbox 275 1571 406 1639; x_wconf 73' lang='grc' dir='ltr'>περὶ</span> <span class='ocrx_word' id='word_1_107' title='bbox 438 1569 570 1621; x_wconf 76' lang='grc' dir='ltr'>Θεὸν</span> <span class='ocrx_word' id='word_1_108' title='bbox 624 1568 839 1636; x_wconf 79' lang='grc' dir='ltr'><strong>θεωρεῖ.</strong></span> <span class='ocrx_word' id='word_1_109' title='bbox 876 1565 986 1618; x_wconf 80' lang='grc' dir='ltr'><strong>Καὶ</strong></span> <span class='ocrx_word' id='word_1_110' title='bbox 1018 1563 1108 1617; x_wconf 79' lang='grc' dir='ltr'>τὸν</span> <span class='ocrx_word' id='word_1_111' title='bbox 1138 1562 1272 1616; x_wconf 72' lang='grc' dir='ltr'>Θεὸν</span> <span class='ocrx_word' id='word_1_112' title='bbox 1319 1561 1675 1631; x_wconf 86' lang='grc' dir='ltr'>ἀνομμάτως,</span> <span class='ocrx_word' id='word_1_113' title='bbox 1716 1561 1745 1614; x_wconf 81' lang='grc' dir='ltr'><strong>ὃ</strong></span> <span class='ocrx_word' id='word_1_114' title='bbox 1774 1562 1861 1614; x_wconf 74' lang='grc' dir='ltr'>λέρ</span> 
     </span>
    </p>
   </div>
   <div class='ocr_carea' id='block_1_17' title="bbox 275 1654 1861 1730">
    <p class='ocr_par' dir='ltr' id='par_1_17' title="bbox 275 1654 1861 1730">
     <span class='ocr_line' id='line_1_17' title="bbox 275 1654 1861 1730; baseline -0.003 -17"><span class='ocrx_word' id='word_1_115' title='bbox 275 1679 457 1729; x_wconf 84' lang='grc' dir='ltr'>γεται,</span> <span class='ocrx_word' id='word_1_116' title='bbox 498 1660 642 1730; x_wconf 74' lang='grc' dir='ltr'>ἁπλῇ</span> <span class='ocrx_word' id='word_1_117' title='bbox 680 1658 1032 1725; x_wconf 79' lang='grc' dir='ltr'>φαντάζεται,</span> <span class='ocrx_word' id='word_1_118' title='bbox 1071 1657 1165 1708; x_wconf 74' lang='grc' dir='ltr'><strong>καὶ</strong></span> <span class='ocrx_word' id='word_1_119' title='bbox 1201 1655 1375 1726; x_wconf 74' lang='grc' dir='ltr'>ἀθρόᾳ</span> <span class='ocrx_word' id='word_1_120' title='bbox 1408 1655 1654 1725; x_wconf 73' lang='grc' dir='ltr'>ἐπιϐολῇ.</span> <span class='ocrx_word' id='word_1_121' title='bbox 1695 1654 1861 1708; x_wconf 83' lang='grc' dir='ltr'>Ἦσύ-</span> 
     </span>
    </p>
   </div>
   <div class='ocr_carea' id='block_1_18' title="bbox 277 1746 1863 1822">
    <p class='ocr_par' dir='ltr' id='par_1_18' title="bbox 277 1746 1863 1822">
     <span class='ocr_line' id='line_1_18' title="bbox 277 1746 1863 1822; baseline -0.001 -20"><span class='ocrx_word' id='word_1_122' title='bbox 277 1752 460 1822; x_wconf 71' lang='grc' dir='ltr'>χοῦ-δὲ</span> <span class='ocrx_word' id='word_1_123' title='bbox 498 1751 659 1819; x_wconf 80' lang='grc' dir='ltr'>ἀέρος</span> <span class='ocrx_word' id='word_1_124' title='bbox 690 1748 1049 1819; x_wconf 79' lang='grc' dir='ltr'><strong>δραξάμενος,</strong></span> <span class='ocrx_word' id='word_1_125' title='bbox 1085 1748 1179 1800; x_wconf 81' lang='grc' dir='ltr'><strong>καὶ</strong></span> <span class='ocrx_word' id='word_1_126' title='bbox 1207 1746 1356 1809; x_wconf 80' lang='grc' dir='ltr'>θείας</span> <span class='ocrx_word' id='word_1_127' title='bbox 1383 1746 1669 1816; x_wconf 80' lang='grc' dir='ltr'>εὐμενείας</span> <span class='ocrx_word' id='word_1_128' title='bbox 1707 1749 1863 1814; x_wconf 82' lang='grc' dir='ltr'>γενό-</span> 
     </span>
    </p>
   </div>
   <div class='ocr_carea' id='block_1_19' title="bbox 280 1836 1862 1913">
    <p class='ocr_par' dir='ltr' id='par_1_19' title="bbox 280 1836 1862 1913">
     <span class='ocr_line' id='line_1_19' title="bbox 280 1836 1862 1913; baseline -0.002 -19"><span class='ocrx_word' id='word_1_129' title='bbox 280 1860 445 1913; x_wconf 85' lang='grc' dir='ltr'>μενος</span> <span class='ocrx_word' id='word_1_130' title='bbox 473 1843 751 1910; x_wconf 76' lang='grc' dir='ltr'>ἐπιτυχὴς,</span> <span class='ocrx_word' id='word_1_131' title='bbox 789 1843 881 1891; x_wconf 78' lang='grc' dir='ltr'>καὶ</span> <span class='ocrx_word' id='word_1_132' title='bbox 912 1838 1260 1909; x_wconf 77' lang='grc' dir='ltr'>ἐνεργοῦντος</span> <span class='ocrx_word' id='word_1_133' title='bbox 1291 1840 1349 1890; x_wconf 84' lang='grc' dir='ltr'><strong>ὲν</strong></span> <span class='ocrx_word' id='word_1_134' title='bbox 1379 1836 1554 1906; x_wconf 81' lang='grc' dir='ltr'>ἐαυτῷ</span> <span class='ocrx_word' id='word_1_135' title='bbox 1594 1838 1684 1890; x_wconf 88' lang='grc' dir='ltr'><strong>τοῦ</strong></span> <span class='ocrx_word' id='word_1_136' title='bbox 1718 1838 1862 1891; x_wconf 89' lang='grc' dir='ltr'>θείου</span> 
     </span>
    </p>
   </div>
   <div class='ocr_carea' id='block_1_20' title="bbox 1948 629 3525 703">
    <p class='ocr_par' dir='ltr' id='par_1_20' title="bbox 1948 629 3525 703">
     <span class='ocr_line' id='line_1_20' title="bbox 1948 629 3525 703; baseline -0.001 -21"><span class='ocrx_word' id='word_1_137' title='bbox 1948 647 2121 698; x_wconf 88' lang='lat' dir='ltr'><strong>nans;</strong></span> <span class='ocrx_word' id='word_1_138' title='bbox 2159 647 2373 686; x_wconf 90' lang='lat' dir='ltr'><strong>omnem</strong></span> <span class='ocrx_word' id='word_1_139' title='bbox 2413 633 2554 686; x_wconf 91' lang='lat' dir='ltr'><strong>enim</strong></span> <span class='ocrx_word' id='word_1_140' title='bbox 2577 634 2960 703; x_wconf 83' lang='lat' dir='ltr'><strong>cogitationem</strong></span> <span class='ocrx_word' id='word_1_141' title='bbox 2986 647 3048 685; x_wconf 75' lang='lat' dir='ltr'><strong>ex</strong></span> <span class='ocrx_word' id='word_1_142' title='bbox 3077 647 3136 685; x_wconf 89' lang='lat' dir='ltr'><strong>re</strong></span> <span class='ocrx_word' id='word_1_143' title='bbox 3183 630 3296 683; x_wconf 88' lang='lat' dir='ltr'><strong>fieri</strong></span> <span class='ocrx_word' id='word_1_144' title='bbox 3355 629 3525 680; x_wconf 73' lang='lat' dir='ltr'><strong>lltztlll-</strong></span> 
     </span>
    </p>
   </div>
   <div class='ocr_carea' id='block_1_21' title="bbox 1947 722 3519 792">
    <p class='ocr_par' dir='ltr' id='par_1_21' title="bbox 1947 722 3519 792">
     <span class='ocr_line' id='line_1_21' title="bbox 1947 722 3519 792; baseline -0.002 -18"><span class='ocrx_word' id='word_1_145' title='bbox 1947 722 2143 776; x_wconf 86' lang='lat' dir='ltr'><strong>festum</strong></span> <span class='ocrx_word' id='word_1_146' title='bbox 2171 733 2275 780; x_wconf 86' lang='lat' dir='ltr'><strong>est.</strong></span> <span class='ocrx_word' id='word_1_147' title='bbox 2310 722 2411 779; x_wconf 86' lang='lat' dir='ltr'><strong>Ubi</strong></span> <span class='ocrx_word' id='word_1_148' title='bbox 2446 732 2627 778; x_wconf 90' lang='lat' dir='ltr'><strong>autem</strong></span> <span class='ocrx_word' id='word_1_149' title='bbox 2671 741 2759 779; x_wconf 82' lang='lat' dir='ltr'><strong>res</strong></span> <span class='ocrx_word' id='word_1_150' title='bbox 2789 740 2896 778; x_wconf 93' lang='lat' dir='ltr'><strong>non</strong></span> <span class='ocrx_word' id='word_1_151' title='bbox 2927 723 3289 792; x_wconf 89' lang='lat' dir='ltr'><strong>conspicitur,</strong></span> <span class='ocrx_word' id='word_1_152' title='bbox 3342 736 3519 788; x_wconf 82' lang='lat' dir='ltr'><strong>neque</strong></span> 
     </span>
    </p>
   </div>
   <div class='ocr_carea' id='block_1_22' title="bbox 1945 813 3518 884">
    <p class='ocr_par' dir='ltr' id='par_1_22' title="bbox 1945 813 3518 884">
     <span class='ocr_line' id='line_1_22' title="bbox 1945 813 3518 884; baseline -0.001 -18"><span class='ocrx_word' id='word_1_153' title='bbox 1945 815 2211 882; x_wconf 70' lang='lat' dir='ltr'><strong>cogitatio</strong></span> <span class='ocrx_word' id='word_1_154' title='bbox 2257 827 2569 884; x_wconf 83' lang='lat' dir='ltr'><strong>generatur,</strong></span> <span class='ocrx_word' id='word_1_155' title='bbox 2603 833 2778 883; x_wconf 87' lang='lat' dir='ltr'><strong>neque</strong></span> <span class='ocrx_word' id='word_1_156' title='bbox 2809 817 3112 870; x_wconf 81' lang='lat' dir='ltr'><strong>invenitur.</strong></span> <span class='ocrx_word' id='word_1_157' title='bbox 3172 814 3308 868; x_wconf 88' lang='lat' dir='ltr'><strong>Cum</strong></span> <span class='ocrx_word' id='word_1_158' title='bbox 3358 813 3518 880; x_wconf 79' lang='lat' dir='ltr'><strong>igitur</strong></span> 
     </span>
    </p>
   </div>
   <div class='ocr_carea' id='block_1_23' title="bbox 1946 903 3522 977">
    <p class='ocr_par' dir='ltr' id='par_1_23' title="bbox 1946 903 3522 977">
     <span class='ocr_line' id='line_1_23' title="bbox 1946 903 3522 977; baseline 0.001 -20"><span class='ocrx_word' id='word_1_159' title='bbox 1946 903 2090 959; x_wconf 85' lang='lat' dir='ltr'><strong>Deus</strong></span> <span class='ocrx_word' id='word_1_160' title='bbox 2128 906 2298 960; x_wconf 87' lang='lat' dir='ltr'><strong>videri</strong></span> <span class='ocrx_word' id='word_1_161' title='bbox 2329 919 2562 977; x_wconf 88' lang='lat' dir='ltr'><strong>nequeat</strong></span> <span class='ocrx_word' id='word_1_162' title='bbox 2618 908 2869 969; x_wconf 86' lang='lat' dir='ltr'><strong>realiter,</strong></span> <span class='ocrx_word' id='word_1_163' title='bbox 2905 907 3074 960; x_wconf 89' lang='lat' dir='ltr'><strong>menti</strong></span> <span class='ocrx_word' id='word_1_164' title='bbox 3141 921 3207 960; x_wconf 81' lang='lat' dir='ltr'><strong>ex</strong></span> <span class='ocrx_word' id='word_1_165' title='bbox 3266 906 3334 959; x_wconf 89' lang='lat' dir='ltr'><strong>iis</strong></span> <span class='ocrx_word' id='word_1_166' title='bbox 3399 920 3522 968; x_wconf 65' lang='lat' dir='ltr'><strong>quae</strong></span> 
     </span>
    </p>
   </div>
   <div class='ocr_carea' id='block_1_24' title="bbox 1947 995 3524 1068">
    <p class='ocr_par' dir='ltr' id='par_1_24' title="bbox 1947 995 3524 1068">
     <span class='ocr_line' id='line_1_24' title="bbox 1947 995 3524 1068; baseline 0.001 -22"><span class='ocrx_word' id='word_1_167' title='bbox 1947 996 2088 1048; x_wconf 87' lang='lat' dir='ltr'><strong>circa</strong></span> <span class='ocrx_word' id='word_1_168' title='bbox 2127 995 2297 1064; x_wconf 84' lang='lat' dir='ltr'><strong>ipsam</strong></span> <span class='ocrx_word' id='word_1_169' title='bbox 2334 1007 2481 1061; x_wconf 86' lang='lat' dir='ltr'><strong>sunt.</strong></span> <span class='ocrx_word' id='word_1_170' title='bbox 2508 1001 2746 1068; x_wconf 86' lang='lat' dir='ltr'><strong>seipsum</strong></span> <span class='ocrx_word' id='word_1_171' title='bbox 2780 1007 3158 1066; x_wconf 65' lang='lat' dir='ltr'><strong>repraesentat,</strong></span> <span class='ocrx_word' id='word_1_172' title='bbox 3184 1012 3306 1065; x_wconf 67' lang='lat' dir='ltr'><strong>qua:</strong></span> <span class='ocrx_word' id='word_1_173' title='bbox 3329 1012 3524 1064; x_wconf 81' lang='lat' dir='ltr'><strong>nempe</strong></span> 
     </span>
    </p>
   </div>
   <div class='ocr_carea' id='block_1_25' title="bbox 1949 1088 3521 1160">
    <p class='ocr_par' dir='ltr' id='par_1_25' title="bbox 1949 1088 3521 1160">
     <span class='ocr_line' id='line_1_25' title="bbox 1949 1088 3521 1160; baseline -0.002 -20"><span class='ocrx_word' id='word_1_174' title='bbox 1949 1095 2384 1157; x_wconf 73' lang='lat' dir='ltr'><strong>operatur;qua:</strong></span> <span class='ocrx_word' id='word_1_175' title='bbox 2432 1091 2609 1144; x_wconf 81' lang='lat' dir='ltr'><strong>locum</strong></span> <span class='ocrx_word' id='word_1_176' title='bbox 2646 1092 2902 1160; x_wconf 69' lang='lat' dir='ltr'><strong>potentia:</strong></span> <span class='ocrx_word' id='word_1_177' title='bbox 2937 1098 3116 1143; x_wconf 88' lang='lat' dir='ltr'><strong>tenent</strong></span> <span class='ocrx_word' id='word_1_178' title='bbox 3171 1105 3236 1143; x_wconf 81' lang='lat' dir='ltr'><strong>ex</strong></span> <span class='ocrx_word' id='word_1_179' title='bbox 3287 1088 3521 1156; x_wconf 86' lang='lat' dir='ltr'><strong>quodam</strong></span> 
     </span>
    </p>
   </div>
   <div class='ocr_carea' id='block_1_26' title="bbox 1948 1178 3524 1251">
    <p class='ocr_par' dir='ltr' id='par_1_26' title="bbox 1948 1178 3524 1251">
     <span class='ocr_line' id='line_1_26' title="bbox 1948 1178 3524 1251; baseline 0.001 -23"><span class='ocrx_word' id='word_1_180' title='bbox 1948 1179 2193 1246; x_wconf 82' lang='lat' dir='ltr'><strong>possibili</strong></span> <span class='ocrx_word' id='word_1_181' title='bbox 2223 1180 2588 1249; x_wconf 89' lang='lat' dir='ltr'><strong>procedentis.</strong></span> <span class='ocrx_word' id='word_1_182' title='bbox 2624 1181 2679 1235; x_wconf 94' lang='lat' dir='ltr'><strong>In</strong></span> <span class='ocrx_word' id='word_1_183' title='bbox 2720 1190 2989 1251; x_wconf 88' lang='lat' dir='ltr'><strong>quantum</strong></span> <span class='ocrx_word' id='word_1_184' title='bbox 3046 1197 3190 1234; x_wconf 86' lang='lat' dir='ltr'><strong>enim</strong></span> <span class='ocrx_word' id='word_1_185' title='bbox 3255 1195 3414 1234; x_wconf 87' lang='lat' dir='ltr'><strong>mens</strong></span> <span class='ocrx_word' id='word_1_186' title='bbox 3471 1178 3524 1230; x_wconf 93' lang='lat' dir='ltr'><strong>in</strong></span> 
     </span>
    </p>
   </div>
   <div class='ocr_carea' id='block_1_27' title="bbox 1949 1271 3527 1342">
    <p class='ocr_par' dir='ltr' id='par_1_27' title="bbox 1949 1271 3527 1342">
     <span class='ocr_line' id='line_1_27' title="bbox 1949 1271 3527 1342; baseline -0.003 -18"><span class='ocrx_word' id='word_1_187' title='bbox 1949 1271 2072 1326; x_wconf 88' lang='lat' dir='ltr'><strong>aliis</strong></span> <span class='ocrx_word' id='word_1_188' title='bbox 2106 1273 2362 1328; x_wconf 85' lang='lat' dir='ltr'><strong>omnibus</strong></span> <span class='ocrx_word' id='word_1_189' title='bbox 2391 1273 2662 1340; x_wconf 79' lang='lat' dir='ltr'><strong>potentias</strong></span> <span class='ocrx_word' id='word_1_190' title='bbox 2695 1290 2818 1326; x_wconf 84' lang='lat' dir='ltr'><strong>cum</strong></span> <span class='ocrx_word' id='word_1_191' title='bbox 2881 1272 3242 1342; x_wconf 82' lang='lat' dir='ltr'><strong>possihilibns</strong></span> <span class='ocrx_word' id='word_1_192' title='bbox 3287 1279 3527 1323; x_wconf 73' lang='lat' dir='ltr'><strong>centeni-</strong></span> 
     </span>
    </p>
   </div>
   <div class='ocr_carea' id='block_1_28' title="bbox 1950 1365 3524 1434">
    <p class='ocr_par' dir='ltr' id='par_1_28' title="bbox 1950 1365 3524 1434">
     <span class='ocr_line' id='line_1_28' title="bbox 1950 1365 3524 1434; baseline -0.002 -19"><span class='ocrx_word' id='word_1_193' title='bbox 1950 1365 2086 1434; x_wconf 90' lang='lat' dir='ltr'><strong>plari</strong></span> <span class='ocrx_word' id='word_1_194' title='bbox 2117 1366 2277 1424; x_wconf 85' lang='lat' dir='ltr'><strong>solet.</strong></span> <span class='ocrx_word' id='word_1_195' title='bbox 2313 1368 2362 1420; x_wconf 91' lang='lat' dir='ltr'><strong>id</strong></span> <span class='ocrx_word' id='word_1_196' title='bbox 2389 1367 2530 1420; x_wconf 90' lang='lat' dir='ltr'><strong>etde</strong></span> <span class='ocrx_word' id='word_1_197' title='bbox 2570 1367 2678 1420; x_wconf 84' lang='lat' dir='ltr'><strong>Deo</strong></span> <span class='ocrx_word' id='word_1_198' title='bbox 2703 1368 2809 1434; x_wconf 87' lang='lat' dir='ltr'><strong>pati</strong></span> <span class='ocrx_word' id='word_1_199' title='bbox 2856 1366 3086 1434; x_wconf 79' lang='lat' dir='ltr'><strong>inquirit</strong></span> <span class='ocrx_word' id='word_1_200' title='bbox 3118 1382 3131 1427; x_wconf 89' lang='lat'><strong>;</strong></span> <span class='ocrx_word' id='word_1_201' title='bbox 3175 1373 3229 1417; x_wconf 86' lang='lat' dir='ltr'><strong>et</strong></span> <span class='ocrx_word' id='word_1_202' title='bbox 3261 1379 3386 1416; x_wconf 88' lang='lat' dir='ltr'><strong>cum</strong></span> <span class='ocrx_word' id='word_1_203' title='bbox 3418 1376 3524 1414; x_wconf 90' lang='lat' dir='ltr'><strong>non</strong></span> 
     </span>
    </p>
   </div>
   <div class='ocr_carea' id='block_1_29' title="bbox 1952 1453 3530 1526">
    <p class='ocr_par' dir='ltr' id='par_1_29' title="bbox 1952 1453 3530 1526">
     <span class='ocr_line' id='line_1_29' title="bbox 1952 1453 3530 1526; baseline -0.002 -18"><span class='ocrx_word' id='word_1_204' title='bbox 1952 1455 2128 1524; x_wconf 91' lang='lat' dir='ltr'><strong>possit</strong></span> <span class='ocrx_word' id='word_1_205' title='bbox 2162 1459 2408 1525; x_wconf 87' lang='lat' dir='ltr'><strong>resipsas</strong></span> <span class='ocrx_word' id='word_1_206' title='bbox 2445 1458 2836 1526; x_wconf 75' lang='lat' dir='ltr'><strong>contemplari,</strong></span> <span class='ocrx_word' id='word_1_207' title='bbox 2867 1457 2916 1510; x_wconf 91' lang='lat' dir='ltr'><strong>id</strong></span> <span class='ocrx_word' id='word_1_208' title='bbox 2951 1457 3094 1510; x_wconf 92' lang='lat' dir='ltr'><strong>enim</strong></span> <span class='ocrx_word' id='word_1_209' title='bbox 3133 1471 3300 1524; x_wconf 88' lang='lat' dir='ltr'><strong>supra</strong></span> <span class='ocrx_word' id='word_1_210' title='bbox 3353 1453 3530 1507; x_wconf 84' lang='lat' dir='ltr'><strong>omnis</strong></span> 
     </span>
    </p>
   </div>
   <div class='ocr_carea' id='block_1_30' title="bbox 1951 1543 3524 1614">
    <p class='ocr_par' dir='ltr' id='par_1_30' title="bbox 1951 1543 3524 1614">
     <span class='ocr_line' id='line_1_30' title="bbox 1951 1543 3524 1614; baseline -0.003 -16"><span class='ocrx_word' id='word_1_211' title='bbox 1951 1557 2147 1600; x_wconf 72' lang='lat' dir='ltr'><strong>creatze</strong></span> <span class='ocrx_word' id='word_1_212' title='bbox 2212 1547 2414 1600; x_wconf 86' lang='lat' dir='ltr'><strong>mentis</strong></span> <span class='ocrx_word' id='word_1_213' title='bbox 2495 1556 2747 1599; x_wconf 76' lang='lat' dir='ltr'><strong>naturam</strong></span> <span class='ocrx_word' id='word_1_214' title='bbox 2805 1557 2908 1609; x_wconf 81' lang='lat' dir='ltr'><strong>est,</strong></span> <span class='ocrx_word' id='word_1_215' title='bbox 2972 1561 3090 1614; x_wconf 74' lang='lat' dir='ltr'><strong>qua:</strong></span> <span class='ocrx_word' id='word_1_216' title='bbox 3151 1545 3299 1599; x_wconf 87' lang='lat' dir='ltr'><strong>circa</strong></span> <span class='ocrx_word' id='word_1_217' title='bbox 3356 1543 3524 1596; x_wconf 89' lang='lat' dir='ltr'><strong>Deum</strong></span> 
     </span>
    </p>
   </div>
   <div class='ocr_carea' id='block_1_31' title="bbox 1953 1640 3526 1708">
    <p class='ocr_par' dir='ltr' id='par_1_31' title="bbox 1953 1640 3526 1708">
     <span class='ocr_line' id='line_1_31' title="bbox 1953 1640 3526 1708; baseline -0.003 -16"><span class='ocrx_word' id='word_1_218' title='bbox 1953 1651 2079 1694; x_wconf 82' lang='lat' dir='ltr'><strong>sunt</strong></span> <span class='ocrx_word' id='word_1_219' title='bbox 2103 1640 2522 1708; x_wconf 75' lang='lat' dir='ltr'><strong>contemplatur.</strong></span> <span class='ocrx_word' id='word_1_220' title='bbox 2554 1640 2616 1693; x_wconf 84' lang='lat' dir='ltr'><strong>Et</strong></span> <span class='ocrx_word' id='word_1_221' title='bbox 2649 1640 2842 1703; x_wconf 89' lang='lat' dir='ltr'><strong>Deum,</strong></span> <span class='ocrx_word' id='word_1_222' title='bbox 2877 1641 3161 1692; x_wconf 90' lang='lat' dir='ltr'><strong>oculorum</strong></span> <span class='ocrx_word' id='word_1_223' title='bbox 3188 1653 3407 1706; x_wconf 63' lang='lat' dir='ltr'><strong>expers,</strong></span> <span class='ocrx_word' id='word_1_224' title='bbox 3470 1647 3526 1688; x_wconf 93' lang='lat' dir='ltr'><strong>ut</strong></span> 
     </span>
    </p>
   </div>
   <div class='ocr_carea' id='block_1_32' title="bbox 1954 1731 3530 1800">
    <p class='ocr_par' dir='ltr' id='par_1_32' title="bbox 1954 1731 3530 1800">
     <span class='ocr_line' id='line_1_32' title="bbox 1954 1731 3530 1800; baseline -0.001 -16"><span class='ocrx_word' id='word_1_225' title='bbox 1954 1731 2154 1784; x_wconf 78' lang='lat' dir='ltr'><strong>dictum</strong></span> <span class='ocrx_word' id='word_1_226' title='bbox 2206 1740 2313 1792; x_wconf 88' lang='lat' dir='ltr'><strong>est,</strong></span> <span class='ocrx_word' id='word_1_227' title='bbox 2351 1743 2404 1787; x_wconf 91' lang='lat' dir='ltr'><strong>et</strong></span> <span class='ocrx_word' id='word_1_228' title='bbox 2481 1733 2748 1800; x_wconf 80' lang='lat' dir='ltr'><strong>frequenti</strong></span> <span class='ocrx_word' id='word_1_229' title='bbox 2816 1743 3038 1800; x_wconf 86' lang='lat' dir='ltr'><strong>aspectu</strong></span> <span class='ocrx_word' id='word_1_230' title='bbox 3095 1731 3422 1799; x_wconf 81' lang='lat' dir='ltr'><strong>imaginatur</strong></span> <span class='ocrx_word' id='word_1_231' title='bbox 3475 1738 3530 1782; x_wconf 83' lang='lat' dir='ltr'><strong>et</strong></span> 
     </span>
    </p>
   </div>
   <div class='ocr_carea' id='block_1_33' title="bbox 1959 1823 3531 1891">
    <p class='ocr_par' dir='ltr' id='par_1_33' title="bbox 1959 1823 3531 1891">
     <span class='ocr_line' id='line_1_33' title="bbox 1959 1823 3531 1891; baseline 0 -18"><span class='ocrx_word' id='word_1_232' title='bbox 1959 1824 2310 1890; x_wconf 84' lang='lat' dir='ltr'><strong>tranquillum</strong></span> <span class='ocrx_word' id='word_1_233' title='bbox 2365 1839 2490 1877; x_wconf 88' lang='lat' dir='ltr'><strong>aera</strong></span> <span class='ocrx_word' id='word_1_234' title='bbox 2553 1825 2891 1891; x_wconf 82' lang='lat' dir='ltr'><strong>prehendens</strong></span> <span class='ocrx_word' id='word_1_235' title='bbox 2941 1833 2995 1877; x_wconf 86' lang='lat' dir='ltr'><strong>et</strong></span> <span class='ocrx_word' id='word_1_236' title='bbox 3049 1823 3247 1876; x_wconf 67' lang='lat' dir='ltr'><strong>divinae</strong></span> <span class='ocrx_word' id='word_1_237' title='bbox 3298 1823 3531 1875; x_wconf 84' lang='lat' dir='ltr'><strong>benevo-</strong></span> 
     </span>
    </p>
   </div>
   <div class='ocr_carea' id='block_1_34' title="bbox 280 1902 1965 2004">
    <p class='ocr_par' dir='ltr' id='par_1_34' title="bbox 280 1902 1965 2004">
     <span class='ocr_line' id='line_1_34' title="bbox 280 1902 1965 2004; baseline -0.001 -18"><span class='ocrx_word' id='word_1_238' title='bbox 280 1937 378 1987; x_wconf 76' lang='grc' dir='ltr'><strong>καὶ</strong></span> <span class='ocrx_word' id='word_1_239' title='bbox 426 1931 805 2004; x_wconf 68' lang='grc' dir='ltr'>προσκυνητώ</span> <span class='ocrx_word' id='word_1_240' title='bbox 855 1930 1190 1999; x_wconf 86' lang='grc' dir='ltr'>Πνεύματος,</span> <span class='ocrx_word' id='word_1_241' title='bbox 1230 1931 1295 1982; x_wconf 79' lang='grc' dir='ltr'>ἐκ</span> <span class='ocrx_word' id='word_1_242' title='bbox 1325 1931 1418 1982; x_wconf 87' lang='grc' dir='ltr'><strong>τού</strong></span> <span class='ocrx_word' id='word_1_243' title='bbox 1458 1931 1597 1982; x_wconf 88' lang='grc' dir='ltr'>νοεῖν</span> <span class='ocrx_word' id='word_1_244' title='bbox 1639 1902 1919 2000; x_wconf 72' lang='grc' dir='ltr'><strong>συνεχεέ-Β</strong></span> <span class='ocrx_word' id='word_1_245' title='bbox 1951 1913 1965 1965; x_wconf 66' lang='grc' dir='ltr'><strong>Ι</strong></span> 
     </span>
    </p>
   </div>
   <div class='ocr_carea' id='block_1_35' title="bbox 1842 1902 3527 2004">
    <p class='ocr_par' dir='ltr' id='par_1_35' title="bbox 1842 1902 3527 1984">
     <span class='ocr_line' id='line_1_35' title="bbox 1842 1902 3527 1984; baseline 0.001 -19"><span class='ocrx_word' id='word_1_246' title='bbox 1842 1902 1919 1973; x_wconf 80' lang='grc' dir='ltr'>,Β</span> <span class='ocrx_word' id='word_1_247' title='bbox 1951 1913 2133 1966; x_wconf 69' lang='lat' dir='ltr'><strong>lentia:</strong></span> <span class='ocrx_word' id='word_1_248' title='bbox 2166 1917 2439 1984; x_wconf 84' lang='lat' dir='ltr'><strong>particeps</strong></span> <span class='ocrx_word' id='word_1_249' title='bbox 2477 1914 2692 1977; x_wconf 76' lang='lat' dir='ltr'><strong>ell&#39;ecta,</strong></span> <span class='ocrx_word' id='word_1_250' title='bbox 2727 1925 2780 1968; x_wconf 89' lang='lat' dir='ltr'><strong>ct</strong></span> <span class='ocrx_word' id='word_1_251' title='bbox 2809 1917 2861 1968; x_wconf 90' lang='lat' dir='ltr'><strong>in</strong></span> <span class='ocrx_word' id='word_1_252' title='bbox 2898 1916 3010 1984; x_wconf 88' lang='lat' dir='ltr'><strong>ipsa</strong></span> <span class='ocrx_word' id='word_1_253' title='bbox 3043 1923 3305 1984; x_wconf 85' lang='lat' dir='ltr'><strong>operante</strong></span> <span class='ocrx_word' id='word_1_254' title='bbox 3340 1914 3527 1967; x_wconf 87' lang='lat' dir='ltr'><strong>divino</strong></span> 
     </span>
    </p>
   </div>
   <div class='ocr_carea' id='block_1_36' title="bbox 282 2020 1865 2094">
    <p class='ocr_par' dir='ltr' id='par_1_36' title="bbox 282 2020 1865 2094">
     <span class='ocr_line' id='line_1_36' title="bbox 282 2020 1865 2094; baseline -0.003 -16"><span class='ocrx_word' id='word_1_255' title='bbox 282 2043 375 2078; x_wconf 84' lang='grc' dir='ltr'><strong>στε</strong></span> <span class='ocrx_word' id='word_1_256' title='bbox 385 2042 476 2094; x_wconf 89' lang='grc' dir='ltr'><strong>ρον</strong></span> <span class='ocrx_word' id='word_1_257' title='bbox 493 2022 800 2093; x_wconf 75' lang='grc' dir='ltr'>ἁρπάζεται</span> <span class='ocrx_word' id='word_1_258' title='bbox 824 2023 903 2084; x_wconf 86' lang='grc' dir='ltr'><strong>είς</strong></span> <span class='ocrx_word' id='word_1_259' title='bbox 931 2022 1189 2084; x_wconf 77' lang='grc' dir='ltr'>ἀνείδεον,</span> <span class='ocrx_word' id='word_1_260' title='bbox 1219 2020 1310 2072; x_wconf 75' lang='grc' dir='ltr'>καὶ</span> <span class='ocrx_word' id='word_1_261' title='bbox 1336 2020 1547 2084; x_wconf 80' lang='grc' dir='ltr'>ἄποιον,</span> <span class='ocrx_word' id='word_1_262' title='bbox 1570 2022 1665 2073; x_wconf 79' lang='grc' dir='ltr'>καὶ</span> <span class='ocrx_word' id='word_1_263' title='bbox 1689 2021 1865 2090; x_wconf 81' lang='grc' dir='ltr'>ἁπλῆν</span> 
     </span>
    </p>
   </div>
   <div class='ocr_carea' id='block_1_37' title="bbox 280 2113 1864 2184">
    <p class='ocr_par' dir='ltr' id='par_1_37' title="bbox 280 2113 1864 2184">
     <span class='ocr_line' id='line_1_37' title="bbox 280 2113 1864 2184; baseline -0.002 -15"><span class='ocrx_word' id='word_1_264' title='bbox 280 2118 643 2177; x_wconf 79' lang='grc' dir='ltr'>κατάστασιν,</span> <span class='ocrx_word' id='word_1_265' title='bbox 672 2115 804 2166; x_wconf 80' lang='grc' dir='ltr'>εἵσω</span> <span class='ocrx_word' id='word_1_266' title='bbox 846 2113 1074 2184; x_wconf 81' lang='grc' dir='ltr'>καρδίας</span> <span class='ocrx_word' id='word_1_267' title='bbox 1102 2113 1176 2176; x_wconf 85' lang='grc' dir='ltr'>ὠς</span> <span class='ocrx_word' id='word_1_268' title='bbox 1208 2113 1373 2182; x_wconf 84' lang='grc' dir='ltr'>τάχος</span> <span class='ocrx_word' id='word_1_269' title='bbox 1397 2113 1675 2179; x_wconf 83' lang='grc' dir='ltr'>εἰσδύνων,</span> <span class='ocrx_word' id='word_1_270' title='bbox 1705 2114 1864 2166; x_wconf 85' lang='grc' dir='ltr'>δυνά-</span> 
     </span>
    </p>
   </div>
   <div class='ocr_carea' id='block_1_38' title="bbox 283 2205 1865 2281">
    <p class='ocr_par' dir='ltr' id='par_1_38' title="bbox 283 2205 1865 2281">
     <span class='ocr_line' id='line_1_38' title="bbox 283 2205 1865 2281; baseline -0.001 -19"><span class='ocrx_word' id='word_1_271' title='bbox 283 2227 376 2281; x_wconf 89' lang='grc' dir='ltr'><strong>μει</strong></span> <span class='ocrx_word' id='word_1_272' title='bbox 428 2207 524 2261; x_wconf 85' lang='grc' dir='ltr'><strong>τοῦ</strong></span> <span class='ocrx_word' id='word_1_273' title='bbox 579 2207 899 2277; x_wconf 82' lang='grc' dir='ltr'>Ιινεύματος</span> <span class='ocrx_word' id='word_1_274' title='bbox 959 2207 1248 2277; x_wconf 83' lang='grc' dir='ltr'>ὑπερφυεῖ.</span> <span class='ocrx_word' id='word_1_275' title='bbox 1307 2207 1418 2258; x_wconf 75' lang='grc' dir='ltr'>Καὶ</span> <span class='ocrx_word' id='word_1_276' title='bbox 1476 2205 1759 2276; x_wconf 79' lang='grc' dir='ltr'>ἱστάμενος</span> <span class='ocrx_word' id='word_1_277' title='bbox 1806 2210 1865 2262; x_wconf 78' lang='grc' dir='ltr'>ὲν</span> 
     </span>
    </p>
   </div>
   <div class='ocr_carea' id='block_1_39' title="bbox 281 2297 1866 2371">
    <p class='ocr_par' dir='ltr' id='par_1_39' title="bbox 281 2297 1866 2371">
     <span class='ocr_line' id='line_1_39' title="bbox 281 2297 1866 2371; baseline -0.001 -17"><span class='ocrx_word' id='word_1_278' title='bbox 281 2301 562 2371; x_wconf 69' lang='grc' dir='ltr'>φαντασίᾳ.</span> <span class='ocrx_word' id='word_1_279' title='bbox 590 2300 751 2363; x_wconf 88' lang='grc' dir='ltr'>Θεοῦ,</span> <span class='ocrx_word' id='word_1_280' title='bbox 787 2301 880 2352; x_wconf 83' lang='grc' dir='ltr'>καὶ</span> <span class='ocrx_word' id='word_1_281' title='bbox 927 2299 1092 2368; x_wconf 73' lang='grc' dir='ltr'>μηδὲν</span> <span class='ocrx_word' id='word_1_282' title='bbox 1127 2298 1283 2360; x_wconf 84' lang='grc' dir='ltr'>νοῶν,</span> <span class='ocrx_word' id='word_1_283' title='bbox 1309 2297 1424 2349; x_wconf 81' lang='grc' dir='ltr'>ἀλλ’</span> <span class='ocrx_word' id='word_1_284' title='bbox 1452 2299 1591 2369; x_wconf 86' lang='grc' dir='ltr'>ὑπὲρ</span> <span class='ocrx_word' id='word_1_285' title='bbox 1620 2300 1682 2352; x_wconf 84' lang='grc' dir='ltr'><strong>τὸ</strong></span> <span class='ocrx_word' id='word_1_286' title='bbox 1727 2301 1866 2352; x_wconf 88' lang='grc' dir='ltr'>νοεῖν</span> 
     </span>
    </p>
   </div>
   <div class='ocr_carea' id='block_1_40' title="bbox 282 2387 1866 2464">
    <p class='ocr_par' dir='ltr' id='par_1_40' title="bbox 282 2387 1866 2464">
     <span class='ocr_line' id='line_1_40' title="bbox 282 2387 1866 2464; baseline -0.001 -16"><span class='ocrx_word' id='word_1_287' title='bbox 282 2397 640 2464; x_wconf 78' lang='grc' dir='ltr'>γιγνόμενος,</span> <span class='ocrx_word' id='word_1_288' title='bbox 693 2394 752 2458; x_wconf 83' lang='grc' dir='ltr'>ἐξ</span> <span class='ocrx_word' id='word_1_289' title='bbox 801 2387 973 2464; x_wconf 71' lang='grc' dir='ltr'>οὗπερ</span> <span class='ocrx_word' id='word_1_290' title='bbox 1030 2393 1113 2444; x_wconf 84' lang='grc' dir='ltr'>ὅτι</span> <span class='ocrx_word' id='word_1_291' title='bbox 1160 2392 1268 2444; x_wconf 62' lang='grc' dir='ltr'>ἀπὸ</span> <span class='ocrx_word' id='word_1_292' title='bbox 1309 2390 1403 2444; x_wconf 86' lang='grc' dir='ltr'><strong>τοῦ</strong></span> <span class='ocrx_word' id='word_1_293' title='bbox 1448 2392 1516 2446; x_wconf 84' lang='grc' dir='ltr'><strong>τὰ</strong></span> <span class='ocrx_word' id='word_1_294' title='bbox 1567 2395 1692 2463; x_wconf 77' lang='grc' dir='ltr'>περὶ</span> <span class='ocrx_word' id='word_1_295' title='bbox 1734 2394 1866 2446; x_wconf 81' lang='grc' dir='ltr'>Θεὸν</span> 
     </span>
    </p>
   </div>
   <div class='ocr_carea' id='block_1_41' title="bbox 285 2478 1861 2558">
    <p class='ocr_par' dir='ltr' id='par_1_41' title="bbox 285 2478 1861 2558">
     <span class='ocr_line' id='line_1_41' title="bbox 285 2478 1861 2558; baseline -0.001 -20"><span class='ocrx_word' id='word_1_296' title='bbox 285 2489 459 2551; x_wconf 89' lang='grc' dir='ltr'>νοεῖν,</span> <span class='ocrx_word' id='word_1_297' title='bbox 521 2486 728 2538; x_wconf 84' lang='grc' dir='ltr'>ἄνεισιν</span> <span class='ocrx_word' id='word_1_298' title='bbox 781 2486 860 2546; x_wconf 86' lang='grc' dir='ltr'><strong>είς</strong></span> <span class='ocrx_word' id='word_1_299' title='bbox 925 2484 1077 2536; x_wconf 85' lang='grc' dir='ltr'>θείαν</span> <span class='ocrx_word' id='word_1_300' title='bbox 1140 2482 1480 2552; x_wconf 80' lang='grc' dir='ltr'>φαντασίαν,</span> <span class='ocrx_word' id='word_1_301' title='bbox 1541 2478 1861 2558; x_wconf 75' lang='grc' dir='ltr'>ᾖεῖρηται,</span> 
     </span>
    </p>
   </div>
   <div class='ocr_carea' id='block_1_42' title="bbox 285 2576 1864 2647">
    <p class='ocr_par' dir='ltr' id='par_1_42' title="bbox 285 2576 1864 2647">
     <span class='ocr_line' id='line_1_42' title="bbox 285 2576 1864 2647; baseline 0 -15"><span class='ocrx_word' id='word_1_302' title='bbox 285 2577 496 2638; x_wconf 83' lang='grc' dir='ltr'>ἁπλοῦς</span> <span class='ocrx_word' id='word_1_303' title='bbox 528 2577 937 2640; x_wconf 83' lang='grc' dir='ltr'>ἀποκαταστὰς,</span> <span class='ocrx_word' id='word_1_304' title='bbox 965 2577 1182 2643; x_wconf 80' lang='grc' dir='ltr'>λέγεται</span> <span class='ocrx_word' id='word_1_305' title='bbox 1210 2577 1292 2629; x_wconf 87' lang='grc' dir='ltr'><strong>ὅτι</strong></span> <span class='ocrx_word' id='word_1_306' title='bbox 1323 2579 1401 2640; x_wconf 82' lang='grc' dir='ltr'><strong>είς</strong></span> <span class='ocrx_word' id='word_1_307' title='bbox 1447 2576 1508 2629; x_wconf 87' lang='grc' dir='ltr'><strong>τὸ</strong></span> <span class='ocrx_word' id='word_1_308' title='bbox 1539 2577 1677 2647; x_wconf 83' lang='grc' dir='ltr'>ὑπὲρ</span> <span class='ocrx_word' id='word_1_309' title='bbox 1707 2578 1864 2646; x_wconf 86' lang='grc' dir='ltr'>φύσιν</span> 
     </span>
    </p>
   </div>
   <div class='ocr_carea' id='block_1_43' title="bbox 275 2669 1513 2738">
    <p class='ocr_par' dir='ltr' id='par_1_43' title="bbox 275 2669 1513 2738">
     <span class='ocr_line' id='line_1_43' title="bbox 275 2669 1513 2738; baseline -0.002 -15"><span class='ocrx_word' id='word_1_310' title='bbox 275 2669 478 2724; x_wconf 78' lang='grc' dir='ltr'>ἑαυτοῦ</span> <span class='ocrx_word' id='word_1_311' title='bbox 500 2669 670 2734; x_wconf 86' lang='grc' dir='ltr'>τελεῖ,</span> <span class='ocrx_word' id='word_1_312' title='bbox 703 2669 783 2722; x_wconf 80' lang='grc' dir='ltr'>ὅτι</span> <span class='ocrx_word' id='word_1_313' title='bbox 817 2669 1062 2736; x_wconf 82' lang='grc' dir='ltr'>γίγνεται</span> <span class='ocrx_word' id='word_1_314' title='bbox 1096 2670 1233 2738; x_wconf 80' lang='grc' dir='ltr'>ὑπὲρ</span> <span class='ocrx_word' id='word_1_315' title='bbox 1262 2670 1322 2721; x_wconf 83' lang='grc' dir='ltr'><strong>τὸ</strong></span> <span class='ocrx_word' id='word_1_316' title='bbox 1353 2672 1513 2722; x_wconf 87' lang='grc' dir='ltr'>νοεῖν.</span> 
     </span>
    </p>
   </div>
   <div class='ocr_carea' id='block_1_44' title="bbox 347 2818 1860 2901">
    <p class='ocr_par' dir='ltr' id='par_1_44' title="bbox 347 2818 1860 2901">
     <span class='ocr_line' id='line_1_44' title="bbox 347 2818 1860 2901; baseline 0.002 -22"><span class='ocrx_word' id='word_1_317' title='bbox 347 2827 454 2898; x_wconf 87' lang='grc' dir='ltr'>με’.</span> <span class='ocrx_word' id='word_1_318' title='bbox 490 2827 604 2879; x_wconf 82' lang='grc' dir='ltr'><strong>Πᾶν</strong></span> <span class='ocrx_word' id='word_1_319' title='bbox 630 2826 658 2878; x_wconf 83' lang='grc' dir='ltr'><strong>ὅ</strong></span> <span class='ocrx_word' id='word_1_320' title='bbox 678 2843 731 2878; x_wconf 89' lang='grc' dir='ltr'><strong>τι</strong></span> <span class='ocrx_word' id='word_1_321' title='bbox 762 2826 858 2880; x_wconf 83' lang='grc' dir='ltr'><strong>οῦν</strong></span> <span class='ocrx_word' id='word_1_322' title='bbox 881 2827 1171 2897; x_wconf 80' lang='grc' dir='ltr'>λεγόμενον</span> <span class='ocrx_word' id='word_1_323' title='bbox 1195 2831 1448 2899; x_wconf 81' lang='grc' dir='ltr'>κρύφιον,</span> <span class='ocrx_word' id='word_1_324' title='bbox 1482 2833 1626 2900; x_wconf 74' lang='grc' dir='ltr'>ἔχειν</span> <span class='ocrx_word' id='word_1_325' title='bbox 1649 2818 1860 2901; x_wconf 75' lang='grc' dir='ltr'>ἀνάγκη</span> 
     </span>
    </p>
   </div>
   <div class='ocr_carea' id='block_1_45' title="bbox 273 2904 1858 2994">
    <p class='ocr_par' dir='ltr' id='par_1_45' title="bbox 273 2920 1858 2994">
     <span class='ocr_line' id='line_1_45' title="bbox 273 2920 1858 2994; baseline 0.002 -21"><span class='ocrx_word' id='word_1_326' title='bbox 273 2939 331 2973; x_wconf 86' lang='grc' dir='ltr'><strong>τι</strong></span> <span class='ocrx_word' id='word_1_327' title='bbox 365 2920 829 2989; x_wconf 78' lang='grc' dir='ltr'>προφαινόμενον,</span> <span class='ocrx_word' id='word_1_328' title='bbox 867 2921 990 2973; x_wconf 86' lang='grc' dir='ltr'>ὅθεν</span> <span class='ocrx_word' id='word_1_329' title='bbox 1020 2923 1100 2974; x_wconf 83' lang='grc' dir='ltr'><strong>ὅτι</strong></span> <span class='ocrx_word' id='word_1_330' title='bbox 1123 2923 1280 2975; x_wconf 89' lang='grc' dir='ltr'>τοῦτο</span> <span class='ocrx_word' id='word_1_331' title='bbox 1305 2923 1534 2994; x_wconf 82' lang='grc' dir='ltr'>κρύφιον</span> <span class='ocrx_word' id='word_1_332' title='bbox 1561 2926 1858 2992; x_wconf 71' lang='grc' dir='ltr'>ὑφορᾶται*</span> 
     </span>
    </p>
   </div>
   <div class='ocr_carea' id='block_1_46' title="bbox 274 3011 1862 3087">
    <p class='ocr_par' dir='ltr' id='par_1_46' title="bbox 274 3011 1862 3087">
     <span class='ocr_line' id='line_1_46' title="bbox 274 3011 1862 3087; baseline 0.004 -25"><span class='ocrx_word' id='word_1_333' title='bbox 274 3013 327 3063; x_wconf 87' lang='grc' dir='ltr'>εἰ</span> <span class='ocrx_word' id='word_1_334' title='bbox 365 3014 477 3080; x_wconf 83' lang='grc' dir='ltr'><strong>γάρ</strong></span> <span class='ocrx_word' id='word_1_335' title='bbox 515 3011 613 3080; x_wconf 83' lang='grc' dir='ltr'>μὴ,</span> <span class='ocrx_word' id='word_1_336' title='bbox 643 3011 721 3080; x_wconf 82' lang='grc' dir='ltr'>τῷ</span> <span class='ocrx_word' id='word_1_337' title='bbox 755 3011 829 3082; x_wconf 85' lang='grc' dir='ltr'>μὴ</span> <span class='ocrx_word' id='word_1_338' title='bbox 861 3011 975 3064; x_wconf 87' lang='grc' dir='ltr'>ὄντι</span> <span class='ocrx_word' id='word_1_339' title='bbox 1029 3015 1313 3083; x_wconf 84' lang='grc' dir='ltr'>προσέοικε</span> <span class='ocrx_word' id='word_1_340' title='bbox 1352 3016 1604 3083; x_wconf 75' lang='grc' dir='ltr'>μάλιστα..</span> <span class='ocrx_word' id='word_1_341' title='bbox 1640 3017 1711 3068; x_wconf 77' lang='grc' dir='ltr'><strong>Τὸ</strong></span> <span class='ocrx_word' id='word_1_342' title='bbox 1755 3017 1862 3087; x_wconf 73' lang='grc' dir='ltr'><strong>γάρ</strong></span> 
     </span>
    </p>
   </div>
   <div class='ocr_carea' id='block_1_47' title="bbox 273 3103 1863 3178">
    <p class='ocr_par' dir='ltr' id='par_1_47' title="bbox 273 3103 1863 3178">
     <span class='ocr_line' id='line_1_47' title="bbox 273 3103 1863 3178; baseline 0.004 -24"><span class='ocrx_word' id='word_1_343' title='bbox 273 3104 480 3164; x_wconf 73' lang='grc' dir='ltr'>ὀλικῶς</span> <span class='ocrx_word' id='word_1_344' title='bbox 497 3104 572 3172; x_wconf 78' lang='grc' dir='ltr'>μὴ</span> <span class='ocrx_word' id='word_1_345' title='bbox 596 3103 736 3155; x_wconf 68' lang='grc' dir='ltr'>διδὸν</span> <span class='ocrx_word' id='word_1_346' title='bbox 757 3104 994 3172; x_wconf 75' lang='grc' dir='ltr'>ἔμφασιν</span> <span class='ocrx_word' id='word_1_347' title='bbox 1025 3107 1330 3176; x_wconf 79' lang='grc' dir='ltr'>γνωστικὴν</span> <span class='ocrx_word' id='word_1_348' title='bbox 1359 3109 1640 3178; x_wconf 76' lang='grc' dir='ltr'>ὀντότητος</span> <span class='ocrx_word' id='word_1_349' title='bbox 1681 3111 1863 3160; x_wconf 83' lang='grc' dir='ltr'>ὁπωσ-</span> 
     </span>
    </p>
   </div>
   <div class='ocr_carea' id='block_1_48' title="bbox 271 3195 1862 3267">
    <p class='ocr_par' dir='ltr' id='par_1_48' title="bbox 271 3195 1862 3267">
     <span class='ocr_line' id='line_1_48' title="bbox 271 3195 1862 3267; baseline 0.002 -19"><span class='ocrx_word' id='word_1_350' title='bbox 271 3195 390 3257; x_wconf 87' lang='grc' dir='ltr'>οῦν,</span> <span class='ocrx_word' id='word_1_351' title='bbox 451 3196 564 3248; x_wconf 76' lang='grc' dir='ltr'>ἴσον</span> <span class='ocrx_word' id='word_1_352' title='bbox 620 3196 900 3265; x_wconf 77' lang='grc' dir='ltr'>νομισθείη</span> <span class='ocrx_word' id='word_1_353' title='bbox 972 3199 1036 3248; x_wconf 81' lang='grc' dir='ltr'>ἂν</span> <span class='ocrx_word' id='word_1_354' title='bbox 1079 3197 1157 3264; x_wconf 80' lang='grc' dir='ltr'><strong>τῷ</strong></span> <span class='ocrx_word' id='word_1_355' title='bbox 1210 3198 1388 3265; x_wconf 82' lang='grc' dir='ltr'>πάντη</span> <span class='ocrx_word' id='word_1_356' title='bbox 1433 3199 1695 3267; x_wconf 68' lang='grc' dir='ltr'>μηδαμῶς</span> <span class='ocrx_word' id='word_1_357' title='bbox 1729 3199 1862 3252; x_wconf 82' lang='grc' dir='ltr'>ὄντι.</span> 
     </span>
    </p>
   </div>
   <div class='ocr_carea' id='block_1_49' title="bbox 287 3289 1864 3361">
    <p class='ocr_par' dir='ltr' id='par_1_49' title="bbox 287 3289 1864 3361">
     <span class='ocr_line' id='line_1_49' title="bbox 287 3289 1864 3361; baseline 0.003 -21"><span class='ocrx_word' id='word_1_358' title='bbox 287 3290 512 3359; x_wconf 75' lang='grc' dir='ltr'>Ἀμέλει</span> <span class='ocrx_word' id='word_1_359' title='bbox 541 3289 679 3358; x_wconf 82' lang='grc' dir='ltr'>δῆτα</span> <span class='ocrx_word' id='word_1_360' title='bbox 709 3291 800 3341; x_wconf 80' lang='grc' dir='ltr'><strong>καὶ</strong></span> <span class='ocrx_word' id='word_1_361' title='bbox 851 3290 928 3358; x_wconf 79' lang='grc' dir='ltr'>τῷ</span> <span class='ocrx_word' id='word_1_362' title='bbox 963 3290 1056 3341; x_wconf 86' lang='grc' dir='ltr'><strong>τοῦ</strong></span> <span class='ocrx_word' id='word_1_363' title='bbox 1094 3289 1231 3342; x_wconf 83' lang='grc' dir='ltr'>Θεοῦ</span> <span class='ocrx_word' id='word_1_364' title='bbox 1276 3295 1494 3361; x_wconf 83' lang='grc' dir='ltr'>κρυφίῳ</span> <span class='ocrx_word' id='word_1_365' title='bbox 1532 3292 1864 3360; x_wconf 81' lang='grc' dir='ltr'>συνυπάρχει</span> 
     </span>
    </p>
   </div>
   <div class='ocr_carea' id='block_1_50' title="bbox 271 3377 1865 3452">
    <p class='ocr_par' dir='ltr' id='par_1_50' title="bbox 271 3377 1865 3452">
     <span class='ocr_line' id='line_1_50' title="bbox 271 3377 1865 3452; baseline 0.002 -20"><span class='ocrx_word' id='word_1_366' title='bbox 271 3382 401 3432; x_wconf 63' lang='grc' dir='ltr'>τινὰ</span> <span class='ocrx_word' id='word_1_367' title='bbox 437 3381 886 3450; x_wconf 70' lang='grc' dir='ltr'>προφαινόμενα,</span> <span class='ocrx_word' id='word_1_368' title='bbox 922 3377 1003 3442; x_wconf 78' lang='grc' dir='ltr'>οἷς</span> <span class='ocrx_word' id='word_1_369' title='bbox 1045 3378 1134 3434; x_wconf 77' lang='grc' dir='ltr'>οἷα</span> <span class='ocrx_word' id='word_1_370' title='bbox 1186 3383 1486 3452; x_wconf 83' lang='grc' dir='ltr'>ίχνηλατῶν</span> <span class='ocrx_word' id='word_1_371' title='bbox 1517 3387 1546 3436; x_wconf 89' lang='grc' dir='ltr'>ὁ</span> <span class='ocrx_word' id='word_1_372' title='bbox 1593 3385 1715 3446; x_wconf 89' lang='grc' dir='ltr'>νοῦς</span> <span class='ocrx_word' id='word_1_373' title='bbox 1765 3384 1865 3452; x_wconf 71' lang='grc' dir='ltr'>τῆς</span> 
     </span>
    </p>
   </div>
   <div class='ocr_carea' id='block_1_51' title="bbox 272 3472 1866 3545">
    <p class='ocr_par' dir='ltr' id='par_1_51' title="bbox 272 3472 1866 3545">
     <span class='ocr_line' id='line_1_51' title="bbox 272 3472 1866 3545; baseline 0.003 -21"><span class='ocrx_word' id='word_1_374' title='bbox 272 3472 430 3534; x_wconf 75' lang='grc' dir='ltr'>θείας</span> <span class='ocrx_word' id='word_1_375' title='bbox 480 3474 958 3542; x_wconf 79' lang='grc' dir='ltr'>ἀποκρυφιότητος</span> <span class='ocrx_word' id='word_1_376' title='bbox 993 3475 1247 3544; x_wconf 81' lang='grc' dir='ltr'>αἴσθησιν</span> <span class='ocrx_word' id='word_1_377' title='bbox 1298 3475 1536 3545; x_wconf 85' lang='grc' dir='ltr'>δέχεται,</span> <span class='ocrx_word' id='word_1_378' title='bbox 1574 3475 1650 3545; x_wconf 78' lang='grc' dir='ltr'>τῷ</span> <span class='ocrx_word' id='word_1_379' title='bbox 1694 3494 1866 3529; x_wconf 84' lang='grc' dir='ltr'>κατα-</span> 
     </span>
    </p>
   </div>
   <div class='ocr_carea' id='block_1_52' title="bbox 271 3562 1866 3638">
    <p class='ocr_par' dir='ltr' id='par_1_52' title="bbox 271 3562 1866 3638">
     <span class='ocr_line' id='line_1_52' title="bbox 271 3562 1866 3638; baseline 0.002 -24"><span class='ocrx_word' id='word_1_380' title='bbox 271 3564 469 3631; x_wconf 69' lang='grc' dir='ltr'>ληπτῴ</span> <span class='ocrx_word' id='word_1_381' title='bbox 501 3563 596 3615; x_wconf 86' lang='grc' dir='ltr'><strong>τοῦ</strong></span> <span class='ocrx_word' id='word_1_382' title='bbox 631 3563 766 3616; x_wconf 83' lang='grc' dir='ltr'>Θεοῦ</span> <span class='ocrx_word' id='word_1_383' title='bbox 812 3563 979 3617; x_wconf 84' lang='grc' dir='ltr'>ἀνιὼν</span> <span class='ocrx_word' id='word_1_384' title='bbox 1010 3567 1145 3634; x_wconf 85' lang='grc' dir='ltr'>πρὸς</span> <span class='ocrx_word' id='word_1_385' title='bbox 1175 3566 1235 3618; x_wconf 85' lang='grc' dir='ltr'>τὸ</span> <span class='ocrx_word' id='word_1_386' title='bbox 1265 3569 1653 3638; x_wconf 77' lang='grc' dir='ltr'>ἀκατάληπτον</span> <span class='ocrx_word' id='word_1_387' title='bbox 1680 3583 1692 3597; x_wconf 82' lang='grc'><em>’</em></span> <span class='ocrx_word' id='word_1_388' title='bbox 1735 3569 1793 3622; x_wconf 78' lang='grc' dir='ltr'><strong>ὲν</strong></span> <span class='ocrx_word' id='word_1_389' title='bbox 1822 3562 1866 3634; x_wconf 79' lang='grc' dir='ltr'>ᾧ</span> 
     </span>
    </p>
   </div>
   <div class='ocr_carea' id='block_1_53' title="bbox 273 3656 1867 3729">
    <p class='ocr_par' dir='ltr' id='par_1_53' title="bbox 273 3656 1867 3729">
     <span class='ocr_line' id='line_1_53' title="bbox 273 3656 1867 3729; baseline 0.004 -22"><span class='ocrx_word' id='word_1_390' title='bbox 273 3656 576 3724; x_wconf 54' lang='grc' dir='ltr'>γενόμενος</span> <span class='ocrx_word' id='word_1_391' title='bbox 604 3657 918 3722; x_wconf 75' lang='grc' dir='ltr'>ἐπίσταται,</span> <span class='ocrx_word' id='word_1_392' title='bbox 955 3659 1036 3710; x_wconf 83' lang='grc' dir='ltr'><strong>ὃτι</strong></span> <span class='ocrx_word' id='word_1_393' title='bbox 1064 3657 1179 3710; x_wconf 79' lang='grc' dir='ltr'>ἐστι</span> <span class='ocrx_word' id='word_1_394' title='bbox 1205 3676 1258 3711; x_wconf 86' lang='grc' dir='ltr'><strong>τι</strong></span> <span class='ocrx_word' id='word_1_395' title='bbox 1299 3659 1562 3729; x_wconf 79' lang='grc' dir='ltr'>ἀκριϐῶς,</span> <span class='ocrx_word' id='word_1_396' title='bbox 1591 3660 1619 3713; x_wconf 86' lang='grc' dir='ltr'>ὃ</span> <span class='ocrx_word' id='word_1_397' title='bbox 1649 3661 1867 3728; x_wconf 80' lang='grc' dir='ltr'>διαφεύ-</span> 
     </span>
    </p>
   </div>
   <div class='ocr_carea' id='block_1_54' title="bbox 272 3748 1868 3822">
    <p class='ocr_par' dir='ltr' id='par_1_54' title="bbox 272 3748 1868 3822">
     <span class='ocr_line' id='line_1_54' title="bbox 272 3748 1868 3822; baseline 0.006 -25"><span class='ocrx_word' id='word_1_398' title='bbox 272 3765 367 3815; x_wconf 83' lang='grc' dir='ltr'><strong>γει</strong></span> <span class='ocrx_word' id='word_1_399' title='bbox 402 3749 504 3818; x_wconf 73' lang='grc' dir='ltr'>τὴν</span> <span class='ocrx_word' id='word_1_400' title='bbox 547 3748 742 3801; x_wconf 78' lang='grc' dir='ltr'>ἑαυτοῦ</span> <span class='ocrx_word' id='word_1_401' title='bbox 774 3750 1013 3820; x_wconf 78' lang='grc' dir='ltr'>φυσικὴν</span> <span class='ocrx_word' id='word_1_402' title='bbox 1066 3752 1394 3822; x_wconf 79' lang='grc' dir='ltr'>κατάληψιν,</span> <span class='ocrx_word' id='word_1_403' title='bbox 1446 3755 1702 3822; x_wconf 81' lang='grc' dir='ltr'>ὑπεράνω</span> <span class='ocrx_word' id='word_1_404' title='bbox 1761 3756 1868 3806; x_wconf 82' lang='grc' dir='ltr'>κεί-</span> 
     </span>
    </p>
   </div>
   <div class='ocr_carea' id='block_1_55' title="bbox 279 3840 1868 3915">
    <p class='ocr_par' dir='ltr' id='par_1_55' title="bbox 279 3840 1868 3915">
     <span class='ocr_line' id='line_1_55' title="bbox 279 3840 1868 3915; baseline 0.006 -26"><span class='ocrx_word' id='word_1_405' title='bbox 279 3856 449 3907; x_wconf 84' lang='grc' dir='ltr'>μενον</span> <span class='ocrx_word' id='word_1_406' title='bbox 508 3840 690 3908; x_wconf 81' lang='grc' dir='ltr'>πάσης</span> <span class='ocrx_word' id='word_1_407' title='bbox 743 3843 935 3910; x_wconf 82' lang='grc' dir='ltr'>νοερᾶς</span> <span class='ocrx_word' id='word_1_408' title='bbox 995 3844 1389 3912; x_wconf 80' lang='grc' dir='ltr'>καταλήψεως,</span> <span class='ocrx_word' id='word_1_409' title='bbox 1431 3845 1525 3896; x_wconf 75' lang='grc' dir='ltr'><strong>καὶ</strong></span> <span class='ocrx_word' id='word_1_410' title='bbox 1573 3845 1868 3915; x_wconf 82' lang='grc' dir='ltr'>άγγελικῆς</span> 
     </span>
    </p>
   </div>
   <div class='ocr_carea' id='block_1_56' title="bbox 276 3928 1870 4006">
    <p class='ocr_par' dir='ltr' id='par_1_56' title="bbox 276 3928 1870 4006">
     <span class='ocr_line' id='line_1_56' title="bbox 276 3928 1870 4006; baseline 0.004 -26"><span class='ocrx_word' id='word_1_411' title='bbox 276 3928 628 3998; x_wconf 76' lang='grc' dir='ltr'>ἡστινοσοῦν,</span> <span class='ocrx_word' id='word_1_412' title='bbox 651 3929 727 3992; x_wconf 85' lang='grc' dir='ltr'>ὡς</span> <span class='ocrx_word' id='word_1_413' title='bbox 759 3931 1040 4001; x_wconf 66' lang='grc' dir='ltr'>ὑπερφαές</span> <span class='ocrx_word' id='word_1_414' title='bbox 1069 3931 1180 4003; x_wconf 76' lang='grc' dir='ltr'>[ἷσ.</span> <span class='ocrx_word' id='word_1_415' title='bbox 1206 3932 1505 4006; x_wconf 83' lang='grc' dir='ltr'>ὑπερφυές]</span> <span class='ocrx_word' id='word_1_416' title='bbox 1533 3951 1545 3964; x_wconf 89' lang='grc'><strong>·</strong></span> <span class='ocrx_word' id='word_1_417' title='bbox 1572 3935 1664 3986; x_wconf 75' lang='grc' dir='ltr'>καὶ</span> <span class='ocrx_word' id='word_1_418' title='bbox 1689 3934 1870 4005; x_wconf 82' lang='grc' dir='ltr'>πάσης</span> 
     </span>
    </p>
   </div>
   <div class='ocr_carea' id='block_1_57' title="bbox 276 4021 1865 4090">
    <p class='ocr_par' dir='ltr' id='par_1_57' title="bbox 276 4021 1865 4090">
     <span class='ocr_line' id='line_1_57' title="bbox 276 4021 1865 4090; baseline 0.004 -18"><span class='ocrx_word' id='word_1_419' title='bbox 276 4022 385 4090; x_wconf 84' lang='grc' dir='ltr'>μὲν</span> <span class='ocrx_word' id='word_1_420' title='bbox 436 4021 675 4090; x_wconf 84' lang='grc' dir='ltr'>φύσεως,</span> <span class='ocrx_word' id='word_1_421' title='bbox 728 4025 824 4074; x_wconf 76' lang='grc' dir='ltr'><strong>καὶ</strong></span> <span class='ocrx_word' id='word_1_422' title='bbox 857 4024 1065 4086; x_wconf 69' lang='grc' dir='ltr'>οὐσίας,</span> <span class='ocrx_word' id='word_1_423' title='bbox 1115 4027 1206 4078; x_wconf 80' lang='grc' dir='ltr'>καὶ</span> <span class='ocrx_word' id='word_1_424' title='bbox 1257 4025 1406 4089; x_wconf 89' lang='grc' dir='ltr'>ὄντος</span> <span class='ocrx_word' id='word_1_425' title='bbox 1442 4026 1643 4090; x_wconf 83' lang='grc' dir='ltr'>παντὸς</span> <span class='ocrx_word' id='word_1_426' title='bbox 1677 4028 1865 4090; x_wconf 86' lang='grc' dir='ltr'>αῐτιον,</span> 
     </span>
    </p>
   </div>
   <div class='ocr_carea' id='block_1_58' title="bbox 275 4114 1868 4188">
    <p class='ocr_par' dir='ltr' id='par_1_58' title="bbox 275 4114 1868 4188">
     <span class='ocr_line' id='line_1_58' title="bbox 275 4114 1868 4188; baseline 0.004 -24"><span class='ocrx_word' id='word_1_427' title='bbox 275 4115 377 4165; x_wconf 78' lang='grc' dir='ltr'><strong>καὶ</strong></span> <span class='ocrx_word' id='word_1_428' title='bbox 412 4114 579 4182; x_wconf 77' lang='grc' dir='ltr'>ἀρχὴ,</span> <span class='ocrx_word' id='word_1_429' title='bbox 614 4116 708 4168; x_wconf 77' lang='grc' dir='ltr'>καὶ</span> <span class='ocrx_word' id='word_1_430' title='bbox 744 4116 936 4183; x_wconf 82' lang='grc' dir='ltr'>πέρας,</span> <span class='ocrx_word' id='word_1_431' title='bbox 989 4118 1121 4168; x_wconf 76' lang='grc' dir='ltr'>αὐτὸ</span> <span class='ocrx_word' id='word_1_432' title='bbox 1153 4118 1209 4169; x_wconf 82' lang='grc' dir='ltr'>δὲ</span> <span class='ocrx_word' id='word_1_433' title='bbox 1233 4118 1527 4188; x_wconf 78' lang='grc' dir='ltr'>ὑπερφυὲς,</span> <span class='ocrx_word' id='word_1_434' title='bbox 1567 4120 1663 4172; x_wconf 70' lang='grc' dir='ltr'><strong>καὶ</strong></span> <span class='ocrx_word' id='word_1_435' title='bbox 1696 4118 1868 4185; x_wconf 82' lang='grc' dir='ltr'>ὑπερ-</span> 
     </span>
    </p>
   </div>
   <div class='ocr_carea' id='block_1_59' title="bbox 273 4204 1869 4273">
    <p class='ocr_par' dir='ltr' id='par_1_59' title="bbox 273 4204 1869 4273">
     <span class='ocr_line' id='line_1_59' title="bbox 273 4204 1869 4273; baseline 0.005 -19"><span class='ocrx_word' id='word_1_436' title='bbox 273 4204 491 4267; x_wconf 84' lang='grc' dir='ltr'>ούσιον,</span> <span class='ocrx_word' id='word_1_437' title='bbox 544 4205 768 4273; x_wconf 82' lang='grc' dir='ltr'>ἀπάσης</span> <span class='ocrx_word' id='word_1_438' title='bbox 825 4207 1346 4270; x_wconf 75' lang='grc' dir='ltr'>ὑπερανῳκισαένον</span> <span class='ocrx_word' id='word_1_439' title='bbox 1421 4209 1667 4273; x_wconf 70' lang='grc' dir='ltr'>ἀπείρως</span> <span class='ocrx_word' id='word_1_440' title='bbox 1720 4224 1869 4262; x_wconf 80' lang='grc' dir='ltr'>οντο-</span> 
     </span>
    </p>
   </div>
   <div class='ocr_carea' id='block_1_60' title="bbox 268 4297 1862 4373">
    <p class='ocr_par' dir='ltr' id='par_1_60' title="bbox 268 4297 1862 4373">
     <span class='ocr_line' id='line_1_60' title="bbox 268 4297 1862 4373; baseline 0.002 -22"><span class='ocrx_word' id='word_1_441' title='bbox 268 4314 445 4368; x_wconf 82' lang='grc' dir='ltr'>τητος</span> <span class='ocrx_word' id='word_1_442' title='bbox 465 4313 479 4326; x_wconf 90' lang='grc'><strong>·</strong></span> <span class='ocrx_word' id='word_1_443' title='bbox 508 4297 806 4366; x_wconf 82' lang='grc' dir='ltr'>άγέννητόν</span> <span class='ocrx_word' id='word_1_444' title='bbox 838 4316 897 4350; x_wconf 87' lang='grc' dir='ltr'><strong>τε</strong></span> <span class='ocrx_word' id='word_1_445' title='bbox 927 4299 1020 4352; x_wconf 82' lang='grc' dir='ltr'><strong>καὶ</strong></span> <span class='ocrx_word' id='word_1_446' title='bbox 1051 4300 1309 4370; x_wconf 82' lang='grc' dir='ltr'>ἄναρχον,</span> <span class='ocrx_word' id='word_1_447' title='bbox 1339 4304 1437 4356; x_wconf 77' lang='grc' dir='ltr'>καὶ</span> <span class='ocrx_word' id='word_1_448' title='bbox 1459 4302 1730 4373; x_wconf 86' lang='grc' dir='ltr'>ἀόριστον,</span> <span class='ocrx_word' id='word_1_449' title='bbox 1763 4302 1862 4355; x_wconf 71' lang='grc' dir='ltr'>καὶ</span> 
     </span>
    </p>
   </div>
   <div class='ocr_carea' id='block_1_61' title="bbox 273 4391 1865 4468">
    <p class='ocr_par' dir='ltr' id='par_1_61' title="bbox 273 4391 1865 4468">
     <span class='ocr_line' id='line_1_61' title="bbox 273 4391 1865 4468; baseline 0.006 -26"><span class='ocrx_word' id='word_1_450' title='bbox 273 4391 470 4458; x_wconf 79' lang='grc' dir='ltr'>φύσει,</span> <span class='ocrx_word' id='word_1_451' title='bbox 503 4391 598 4443; x_wconf 75' lang='grc' dir='ltr'><strong>καὶ</strong></span> <span class='ocrx_word' id='word_1_452' title='bbox 644 4392 818 4461; x_wconf 80' lang='grc' dir='ltr'>τόπῳ,</span> <span class='ocrx_word' id='word_1_453' title='bbox 867 4393 964 4446; x_wconf 82' lang='grc' dir='ltr'>καὶ</span> <span class='ocrx_word' id='word_1_454' title='bbox 994 4395 1171 4465; x_wconf 66' lang='grc' dir='ltr'>χρόνῳ</span> <span class='ocrx_word' id='word_1_455' title='bbox 1218 4396 1406 4458; x_wconf 84' lang='grc' dir='ltr'>ἁπλῶς</span> <span class='ocrx_word' id='word_1_456' title='bbox 1449 4398 1824 4468; x_wconf 82' lang='grc' dir='ltr'>ἀπερίληπτον</span> <span class='ocrx_word' id='word_1_457' title='bbox 1849 4413 1865 4429; x_wconf 89' lang='grc'><strong>·</strong></span> 
     </span>
    </p>
   </div>
   <div class='ocr_carea' id='block_1_62' title="bbox 1950 2005 3527 2074">
    <p class='ocr_par' dir='ltr' id='par_1_62' title="bbox 1950 2005 3527 2074">
     <span class='ocr_line' id='line_1_62' title="bbox 1950 2005 3527 2074; baseline -0.003 -15"><span class='ocrx_word' id='word_1_458' title='bbox 1950 2017 2005 2059; x_wconf 88' lang='lat' dir='ltr'><strong>et.</strong></span> <span class='ocrx_word' id='word_1_459' title='bbox 2035 2005 2314 2060; x_wconf 87' lang='lat' dir='ltr'><strong>adorando</strong></span> <span class='ocrx_word' id='word_1_460' title='bbox 2341 2007 2560 2074; x_wconf 87' lang='lat' dir='ltr'><strong>spiritu,</strong></span> <span class='ocrx_word' id='word_1_461' title='bbox 2590 2022 2654 2061; x_wconf 82' lang='lat' dir='ltr'><strong>ex</strong></span> <span class='ocrx_word' id='word_1_462' title='bbox 2691 2007 2977 2074; x_wconf 77' lang='lat' dir='ltr'><strong>cogitando</strong></span> <span class='ocrx_word' id='word_1_463' title='bbox 3011 2005 3357 2074; x_wconf 77' lang='lat' dir='ltr'><strong>frequentius</strong></span> <span class='ocrx_word' id='word_1_464' title='bbox 3397 2005 3527 2057; x_wconf 84' lang='lat' dir='ltr'><strong>sim-</strong></span> 
     </span>
    </p>
   </div>
   <div class='ocr_carea' id='block_1_63' title="bbox 1952 2097 3528 2168">
    <p class='ocr_par' dir='ltr' id='par_1_63' title="bbox 1952 2097 3528 2168">
     <span class='ocr_line' id='line_1_63' title="bbox 1952 2097 3528 2168; baseline -0.003 -17"><span class='ocrx_word' id='word_1_465' title='bbox 1952 2097 2143 2166; x_wconf 87' lang='lat' dir='ltr'><strong>plicem</strong></span> <span class='ocrx_word' id='word_1_466' title='bbox 2184 2108 2236 2154; x_wconf 90' lang='lat' dir='ltr'><strong>et</strong></span> <span class='ocrx_word' id='word_1_467' title='bbox 2269 2101 2385 2153; x_wconf 89' lang='lat' dir='ltr'><strong>sine</strong></span> <span class='ocrx_word' id='word_1_468' title='bbox 2417 2100 2590 2154; x_wconf 88' lang='lat' dir='ltr'><strong>forma</strong></span> <span class='ocrx_word' id='word_1_469' title='bbox 2626 2115 2686 2151; x_wconf 87' lang='lat' dir='ltr'><strong>ac</strong></span> <span class='ocrx_word' id='word_1_470' title='bbox 2721 2100 2890 2168; x_wconf 82' lang='lat' dir='ltr'><strong>figura</strong></span> <span class='ocrx_word' id='word_1_471' title='bbox 2924 2108 3126 2154; x_wconf 84' lang='lat' dir='ltr'><strong>statum</strong></span> <span class='ocrx_word' id='word_1_472' title='bbox 3158 2097 3528 2166; x_wconf 81' lang='lat' dir='ltr'><strong>amplectitur,</strong></span> 
     </span>
    </p>
   </div>
   <div class='ocr_carea' id='block_1_64' title="bbox 1950 2188 3531 2261">
    <p class='ocr_par' dir='ltr' id='par_1_64' title="bbox 1950 2188 3531 2261">
     <span class='ocr_line' id='line_1_64' title="bbox 1950 2188 3531 2261; baseline -0.001 -18"><span class='ocrx_word' id='word_1_473' title='bbox 1950 2188 2096 2244; x_wconf 85' lang='lat' dir='ltr'><strong>intra</strong></span> <span class='ocrx_word' id='word_1_474' title='bbox 2126 2205 2222 2245; x_wconf 90' lang='lat' dir='ltr'><strong>cor</strong></span> <span class='ocrx_word' id='word_1_475' title='bbox 2257 2192 2600 2261; x_wconf 83' lang='lat' dir='ltr'><strong>rapidissime</strong></span> <span class='ocrx_word' id='word_1_476' title='bbox 2642 2194 2874 2257; x_wconf 90' lang='lat' dir='ltr'><strong>intrans,</strong></span> <span class='ocrx_word' id='word_1_477' title='bbox 2912 2191 3318 2260; x_wconf 89' lang='lat' dir='ltr'><strong>supernaturali</strong></span> <span class='ocrx_word' id='word_1_478' title='bbox 3364 2188 3531 2258; x_wconf 85' lang='lat' dir='ltr'><strong>spiri-</strong></span> 
     </span>
    </p>
   </div>
   <div class='ocr_carea' id='block_1_65' title="bbox 1954 2283 3532 2354">
    <p class='ocr_par' dir='ltr' id='par_1_65' title="bbox 1954 2283 3532 2354">
     <span class='ocr_line' id='line_1_65' title="bbox 1954 2283 3532 2354; baseline -0.001 -19"><span class='ocrx_word' id='word_1_479' title='bbox 1954 2290 2041 2337; x_wconf 88' lang='lat' dir='ltr'><strong>tus</strong></span> <span class='ocrx_word' id='word_1_480' title='bbox 2086 2283 2305 2339; x_wconf 80' lang='lat' dir='ltr'><strong>virtute.</strong></span> <span class='ocrx_word' id='word_1_481' title='bbox 2339 2285 2405 2339; x_wconf 87' lang='lat' dir='ltr'><strong>Et</strong></span> <span class='ocrx_word' id='word_1_482' title='bbox 2450 2289 2504 2339; x_wconf 92' lang='lat' dir='ltr'><strong>in</strong></span> <span class='ocrx_word' id='word_1_483' title='bbox 2548 2286 2641 2340; x_wconf 86' lang='lat' dir='ltr'><strong>Dei</strong></span> <span class='ocrx_word' id='word_1_484' title='bbox 2712 2285 3101 2354; x_wconf 82' lang='lat' dir='ltr'><strong>imaginatione</strong></span> <span class='ocrx_word' id='word_1_485' title='bbox 3151 2291 3306 2338; x_wconf 89' lang='lat' dir='ltr'><strong>stans</strong></span> <span class='ocrx_word' id='word_1_486' title='bbox 3353 2295 3532 2351; x_wconf 87' lang='lat' dir='ltr'><strong>neque</strong></span> 
     </span>
    </p>
   </div>
   <div class='ocr_carea' id='block_1_66' title="bbox 1951 2374 3531 2446">
    <p class='ocr_par' dir='ltr' id='par_1_66' title="bbox 1951 2374 3531 2446">
     <span class='ocr_line' id='line_1_66' title="bbox 1951 2374 3531 2446; baseline 0 -18"><span class='ocrx_word' id='word_1_487' title='bbox 1951 2375 2249 2444; x_wconf 83' lang='lat' dir='ltr'><strong>quidquam</strong></span> <span class='ocrx_word' id='word_1_488' title='bbox 2285 2379 2557 2446; x_wconf 86' lang='lat' dir='ltr'><strong>cogitans,</strong></span> <span class='ocrx_word' id='word_1_489' title='bbox 2590 2380 2684 2434; x_wconf 87' lang='lat' dir='ltr'><strong>sed</strong></span> <span class='ocrx_word' id='word_1_490' title='bbox 2714 2392 2878 2446; x_wconf 86' lang='lat' dir='ltr'><strong>supra</strong></span> <span class='ocrx_word' id='word_1_491' title='bbox 2909 2377 3297 2446; x_wconf 81' lang='lat' dir='ltr'><strong>cogitationem</strong></span> <span class='ocrx_word' id='word_1_492' title='bbox 3319 2374 3531 2437; x_wconf 84' lang='lat' dir='ltr'><strong>ell&#39;ecta,</strong></span> 
     </span>
    </p>
   </div>
   <div class='ocr_carea' id='block_1_67' title="bbox 1952 2467 3529 2540">
    <p class='ocr_par' dir='ltr' id='par_1_67' title="bbox 1952 2467 3529 2540">
     <span class='ocr_line' id='line_1_67' title="bbox 1952 2467 3529 2540; baseline -0.002 -18"><span class='ocrx_word' id='word_1_493' title='bbox 1952 2470 2077 2538; x_wconf 86' lang='lat' dir='ltr'><strong>quia</strong></span> <span class='ocrx_word' id='word_1_494' title='bbox 2101 2484 2166 2523; x_wconf 78' lang='lat' dir='ltr'><strong>ex</strong></span> <span class='ocrx_word' id='word_1_495' title='bbox 2189 2484 2380 2524; x_wconf 88' lang='lat' dir='ltr'><strong>eorum</strong></span> <span class='ocrx_word' id='word_1_496' title='bbox 2413 2486 2533 2540; x_wconf 73' lang='lat' dir='ltr'><strong>qua:</strong></span> <span class='ocrx_word' id='word_1_497' title='bbox 2561 2471 2706 2525; x_wconf 89' lang='lat' dir='ltr'><strong>circa</strong></span> <span class='ocrx_word' id='word_1_498' title='bbox 2750 2470 2917 2524; x_wconf 90' lang='lat' dir='ltr'><strong>Deum</strong></span> <span class='ocrx_word' id='word_1_499' title='bbox 2984 2478 3110 2523; x_wconf 91' lang='lat' dir='ltr'><strong>sunt</strong></span> <span class='ocrx_word' id='word_1_500' title='bbox 3179 2467 3529 2537; x_wconf 78' lang='lat' dir='ltr'><strong>cogitatione,</strong></span> 
     </span>
    </p>
   </div>
   <div class='ocr_carea' id='block_1_68' title="bbox 1953 2557 3530 2630">
    <p class='ocr_par' dir='ltr' id='par_1_68' title="bbox 1953 2557 3530 2630">
     <span class='ocr_line' id='line_1_68' title="bbox 1953 2557 3530 2630; baseline -0.001 -19"><span class='ocrx_word' id='word_1_501' title='bbox 1953 2557 2018 2612; x_wconf 86' lang='lat' dir='ltr'><strong>ad</strong></span> <span class='ocrx_word' id='word_1_502' title='bbox 2054 2559 2294 2613; x_wconf 91' lang='lat' dir='ltr'><strong>divinam</strong></span> <span class='ocrx_word' id='word_1_503' title='bbox 2315 2560 2758 2630; x_wconf 86' lang='lat' dir='ltr'><strong>imaginationem</strong></span> <span class='ocrx_word' id='word_1_504' title='bbox 2787 2561 3057 2626; x_wconf 86' lang='lat' dir='ltr'><strong>ascendit,</strong></span> <span class='ocrx_word' id='word_1_505' title='bbox 3095 2569 3152 2614; x_wconf 92' lang='lat' dir='ltr'><strong>ut</strong></span> <span class='ocrx_word' id='word_1_506' title='bbox 3181 2560 3388 2613; x_wconf 88' lang='lat' dir='ltr'><strong>dictum</strong></span> <span class='ocrx_word' id='word_1_507' title='bbox 3422 2565 3530 2622; x_wconf 85' lang='lat' dir='ltr'><strong>est,</strong></span> 
     </span>
    </p>
   </div>
   <div class='ocr_carea' id='block_1_69' title="bbox 1953 2648 3530 2719">
    <p class='ocr_par' dir='ltr' id='par_1_69' title="bbox 1953 2648 3530 2719">
     <span class='ocr_line' id='line_1_69' title="bbox 1953 2648 3530 2719; baseline 0 -17"><span class='ocrx_word' id='word_1_508' title='bbox 1953 2648 2180 2718; x_wconf 84' lang='lat' dir='ltr'><strong>simplex</strong></span> <span class='ocrx_word' id='word_1_509' title='bbox 2211 2653 2529 2718; x_wconf 84' lang='lat' dir='ltr'><strong>constituta,</strong></span> <span class='ocrx_word' id='word_1_510' title='bbox 2555 2664 2604 2708; x_wconf 89' lang='lat' dir='ltr'><strong>et</strong></span> <span class='ocrx_word' id='word_1_511' title='bbox 2665 2653 2867 2707; x_wconf 90' lang='lat' dir='ltr'><strong>dicitur</strong></span> <span class='ocrx_word' id='word_1_512' title='bbox 2899 2667 2962 2706; x_wconf 87' lang='lat' dir='ltr'><strong>ea</strong></span> <span class='ocrx_word' id='word_1_513' title='bbox 3015 2668 3181 2719; x_wconf 87' lang='lat' dir='ltr'><strong>supra</strong></span> <span class='ocrx_word' id='word_1_514' title='bbox 3226 2666 3378 2706; x_wconf 85' lang='lat' dir='ltr'><strong>suam</strong></span> <span class='ocrx_word' id='word_1_515' title='bbox 3433 2665 3530 2702; x_wconf 87' lang='lat' dir='ltr'><strong>na-</strong></span> 
     </span>
    </p>
   </div>
   <div class='ocr_carea' id='block_1_70' title="bbox 1955 2742 3389 2812">
    <p class='ocr_par' dir='ltr' id='par_1_70' title="bbox 1955 2742 3389 2812">
     <span class='ocr_line' id='line_1_70' title="bbox 1955 2742 3389 2812; baseline 0.001 -20"><span class='ocrx_word' id='word_1_516' title='bbox 1955 2749 2130 2795; x_wconf 83' lang='lat' dir='ltr'><strong>turain</strong></span> <span class='ocrx_word' id='word_1_517' title='bbox 2171 2746 2500 2811; x_wconf 78' lang='lat' dir='ltr'><strong>pervenisse,</strong></span> <span class='ocrx_word' id='word_1_518' title='bbox 2533 2744 2656 2812; x_wconf 83' lang='lat' dir='ltr'><strong>quia</strong></span> <span class='ocrx_word' id='word_1_519' title='bbox 2693 2744 2751 2797; x_wconf 84' lang='lat' dir='ltr'><strong>ﬁt</strong></span> <span class='ocrx_word' id='word_1_520' title='bbox 2785 2758 2948 2812; x_wconf 87' lang='lat' dir='ltr'><strong>supra</strong></span> <span class='ocrx_word' id='word_1_521' title='bbox 2980 2742 3389 2812; x_wconf 77' lang='lat' dir='ltr'><strong>cogitationem.</strong></span> 
     </span>
    </p>
   </div>
   <div class='ocr_carea' id='block_1_71' title="bbox 2027 2831 3537 2903">
    <p class='ocr_par' dir='ltr' id='par_1_71' title="bbox 2027 2831 3537 2903">
     <span class='ocr_line' id='line_1_71' title="bbox 2027 2831 3537 2903; baseline -0.001 -19"><span class='ocrx_word' id='word_1_522' title='bbox 2027 2831 2116 2885; x_wconf 80' lang='grc'><strong>45.</strong></span> <span class='ocrx_word' id='word_1_523' title='bbox 2167 2831 2542 2903; x_wconf 77' lang='lat' dir='ltr'><strong>Quodcunque</strong></span> <span class='ocrx_word' id='word_1_524' title='bbox 2601 2833 2803 2887; x_wconf 86' lang='lat' dir='ltr'><strong>dicitur</strong></span> <span class='ocrx_word' id='word_1_525' title='bbox 2860 2834 3264 2895; x_wconf 89' lang='lat' dir='ltr'><strong>absconditum,</strong></span> <span class='ocrx_word' id='word_1_526' title='bbox 3309 2842 3537 2885; x_wconf 88' lang='lat' dir='ltr'><strong>necesse</strong></span> 
     </span>
    </p>
   </div>
   <div class='ocr_carea' id='block_1_72' title="bbox 1952 2923 3534 2995">
    <p class='ocr_par' dir='ltr' id='par_1_72' title="bbox 1952 2923 3534 2995">
     <span class='ocr_line' id='line_1_72' title="bbox 1952 2923 3534 2995; baseline -0.003 -15"><span class='ocrx_word' id='word_1_527' title='bbox 1952 2935 2034 2980; x_wconf 87' lang='lat' dir='ltr'><strong>cst</strong></span> <span class='ocrx_word' id='word_1_528' title='bbox 2069 2936 2126 2981; x_wconf 88' lang='lat' dir='ltr'><strong>ut</strong></span> <span class='ocrx_word' id='word_1_529' title='bbox 2176 2927 2382 2995; x_wconf 89' lang='lat' dir='ltr'><strong>aliquid</strong></span> <span class='ocrx_word' id='word_1_530' title='bbox 2446 2926 2852 2980; x_wconf 78' lang='lat' dir='ltr'><strong>manifestatum</strong></span> <span class='ocrx_word' id='word_1_531' title='bbox 2913 2927 3108 2981; x_wconf 82' lang='lat' dir='ltr'><strong>habeat</strong></span> <span class='ocrx_word' id='word_1_532' title='bbox 3141 2966 3156 2988; x_wconf 85' lang='lat'><strong><em>.</em></strong></span> <span class='ocrx_word' id='word_1_533' title='bbox 3218 2924 3359 2978; x_wconf 80' lang='lat' dir='ltr'><strong>unde</strong></span> <span class='ocrx_word' id='word_1_534' title='bbox 3400 2923 3534 2976; x_wconf 89' lang='lat' dir='ltr'><strong>illud</strong></span> 
     </span>
    </p>
   </div>
   <div class='ocr_carea' id='block_1_73' title="bbox 1954 3019 3530 3083">
    <p class='ocr_par' dir='ltr' id='par_1_73' title="bbox 1954 3019 3530 3083">
     <span class='ocr_line' id='line_1_73' title="bbox 1954 3019 3530 3083; baseline -0.001 -13"><span class='ocrx_word' id='word_1_535' title='bbox 1954 3019 2328 3072; x_wconf 74' lang='lat' dir='ltr'><strong>absconditum</strong></span> <span class='ocrx_word' id='word_1_536' title='bbox 2381 3020 3018 3083; x_wconf 51' lang='lat' dir='ltr'><strong>animadt&#39;crlatttt‘;nisi</strong></span> <span class='ocrx_word' id='word_1_537' title='bbox 3050 3021 3194 3072; x_wconf 86' lang='lat' dir='ltr'><strong>enim</strong></span> <span class='ocrx_word' id='word_1_538' title='bbox 3245 3019 3296 3072; x_wconf 87' lang='lat' dir='ltr'><strong>id</strong></span> <span class='ocrx_word' id='word_1_539' title='bbox 3363 3027 3530 3077; x_wconf 75' lang='lat' dir='ltr'><strong>esset,</strong></span> 
     </span>
    </p>
   </div>
   <div class='ocr_carea' id='block_1_74' title="bbox 1956 3108 3532 3179">
    <p class='ocr_par' dir='ltr' id='par_1_74' title="bbox 1956 3108 3532 3179">
     <span class='ocr_line' id='line_1_74' title="bbox 1956 3108 3532 3179; baseline -0.003 -19"><span class='ocrx_word' id='word_1_540' title='bbox 1956 3110 2126 3162; x_wconf 85' lang='lat' dir='ltr'><strong>nihilo</strong></span> <span class='ocrx_word' id='word_1_541' title='bbox 2170 3126 2396 3179; x_wconf 85' lang='lat' dir='ltr'><strong>prorsus</strong></span> <span class='ocrx_word' id='word_1_542' title='bbox 2439 3113 2616 3165; x_wconf 87' lang='lat' dir='ltr'><strong>simiie</strong></span> <span class='ocrx_word' id='word_1_543' title='bbox 2659 3121 2823 3164; x_wconf 80' lang='lat' dir='ltr'><strong>esset.</strong></span> <span class='ocrx_word' id='word_1_544' title='bbox 2885 3111 3042 3176; x_wconf 87' lang='lat' dir='ltr'><strong>Quod</strong></span> <span class='ocrx_word' id='word_1_545' title='bbox 3109 3109 3252 3162; x_wconf 87' lang='lat' dir='ltr'><strong>enim</strong></span> <span class='ocrx_word' id='word_1_546' title='bbox 3308 3108 3532 3160; x_wconf 92' lang='lat' dir='ltr'><strong>omnino</strong></span> 
     </span>
    </p>
   </div>
   <div class='ocr_carea' id='block_1_75' title="bbox 1955 3200 3533 3270">
    <p class='ocr_par' dir='ltr' id='par_1_75' title="bbox 1955 3200 3533 3270">
     <span class='ocr_line' id='line_1_75' title="bbox 1955 3200 3533 3270; baseline -0.002 -16"><span class='ocrx_word' id='word_1_547' title='bbox 1955 3217 2062 3254; x_wconf 91' lang='lat' dir='ltr'><strong>non</strong></span> <span class='ocrx_word' id='word_1_548' title='bbox 2096 3203 2186 3255; x_wconf 87' lang='lat' dir='ltr'><strong>dat.</strong></span> <span class='ocrx_word' id='word_1_549' title='bbox 2224 3204 2559 3256; x_wconf 73' lang='lat' dir='ltr'><strong>exsistentiae</strong></span> <span class='ocrx_word' id='word_1_550' title='bbox 2593 3203 3004 3270; x_wconf 69' lang='lat' dir='ltr'><strong>apparitionem,</strong></span> <span class='ocrx_word' id='word_1_551' title='bbox 3034 3200 3166 3254; x_wconf 89' lang='lat' dir='ltr'><strong>illud</strong></span> <span class='ocrx_word' id='word_1_552' title='bbox 3194 3201 3412 3252; x_wconf 87' lang='lat' dir='ltr'><strong>minime</strong></span> <span class='ocrx_word' id='word_1_553' title='bbox 3439 3216 3533 3251; x_wconf 65' lang='lat' dir='ltr'><strong>rx-</strong></span> 
     </span>
    </p>
   </div>
   <div class='ocr_carea' id='block_1_76' title="bbox 1951 3292 3532 3361">
    <p class='ocr_par' dir='ltr' id='par_1_76' title="bbox 1951 3292 3532 3361">
     <span class='ocr_line' id='line_1_76' title="bbox 1951 3292 3532 3361; baseline -0.001 -16"><span class='ocrx_word' id='word_1_554' title='bbox 1951 3293 2144 3346; x_wconf 83' lang='lat' dir='ltr'><strong>sistere</strong></span> <span class='ocrx_word' id='word_1_555' title='bbox 2169 3295 2501 3346; x_wconf 84' lang='lat' dir='ltr'><strong>crederetur.</strong></span> <span class='ocrx_word' id='word_1_556' title='bbox 2527 3293 2657 3346; x_wconf 85' lang='lat' dir='ltr'><strong>Sine</strong></span> <span class='ocrx_word' id='word_1_557' title='bbox 2694 3293 2857 3346; x_wconf 80' lang='lat' dir='ltr'><strong>du‘oio</strong></span> <span class='ocrx_word' id='word_1_558' title='bbox 2885 3294 3047 3361; x_wconf 77' lang='lat' dir='ltr'><strong>igitur</strong></span> <span class='ocrx_word' id='word_1_559' title='bbox 3081 3293 3170 3345; x_wconf 89' lang='lat' dir='ltr'><strong>Dei</strong></span> <span class='ocrx_word' id='word_1_560' title='bbox 3209 3292 3532 3344; x_wconf 56' lang='lat' dir='ltr'><strong>abscondat)</strong></span> 
     </span>
    </p>
   </div>
   <div class='ocr_carea' id='block_1_77' title="bbox 1951 3383 3534 3456">
    <p class='ocr_par' dir='ltr' id='par_1_77' title="bbox 1951 3383 3534 3456">
     <span class='ocr_line' id='line_1_77' title="bbox 1951 3383 3534 3456; baseline -0.004 -17"><span class='ocrx_word' id='word_1_561' title='bbox 1951 3387 2291 3440; x_wconf 74' lang='lat' dir='ltr'><strong>coexsistnnt</strong></span> <span class='ocrx_word' id='word_1_562' title='bbox 2323 3386 2566 3456; x_wconf 83' lang='lat' dir='ltr'><strong>qua-dam</strong></span> <span class='ocrx_word' id='word_1_563' title='bbox 2604 3387 2780 3454; x_wconf 81' lang='lat' dir='ltr'><strong>signa,</strong></span> <span class='ocrx_word' id='word_1_564' title='bbox 2813 3388 3011 3454; x_wconf 74' lang='lat' dir='ltr'><strong>quibus</strong></span> <span class='ocrx_word' id='word_1_565' title='bbox 3056 3393 3316 3452; x_wconf 86' lang='lat' dir='ltr'><strong>tauquam</strong></span> <span class='ocrx_word' id='word_1_566' title='bbox 3375 3383 3534 3435; x_wconf 83' lang='lat' dir='ltr'><strong>vesti-</strong></span> 
     </span>
    </p>
   </div>
   <div class='ocr_carea' id='block_1_78' title="bbox 1953 3476 3530 3548">
    <p class='ocr_par' dir='ltr' id='par_1_78' title="bbox 1953 3476 3530 3548">
     <span class='ocr_line' id='line_1_78' title="bbox 1953 3476 3530 3548; baseline -0.004 -17"><span class='ocrx_word' id='word_1_567' title='bbox 1953 3479 2057 3548; x_wconf 87' lang='lat' dir='ltr'><strong>giis</strong></span> <span class='ocrx_word' id='word_1_568' title='bbox 2091 3495 2248 3532; x_wconf 91' lang='lat' dir='ltr'><strong>meus</strong></span> <span class='ocrx_word' id='word_1_569' title='bbox 2281 3480 2506 3532; x_wconf 72' lang='lat' dir='ltr'><strong>inhaeret</strong></span> <span class='ocrx_word' id='word_1_570' title='bbox 2542 3489 2594 3530; x_wconf 89' lang='lat' dir='ltr'><strong>et</strong></span> <span class='ocrx_word' id='word_1_571' title='bbox 2654 3479 2849 3530; x_wconf 61' lang='lat' dir='ltr'><strong>nivime</strong></span> <span class='ocrx_word' id='word_1_572' title='bbox 2899 3476 3251 3529; x_wconf 79' lang='lat' dir='ltr'><strong>obscuritatis</strong></span> <span class='ocrx_word' id='word_1_573' title='bbox 3308 3489 3530 3529; x_wconf 85' lang='lat' dir='ltr'><strong>sensum</strong></span> 
     </span>
    </p>
   </div>
   <div class='ocr_carea' id='block_1_79' title="bbox 1952 3568 3532 3640">
    <p class='ocr_par' dir='ltr' id='par_1_79' title="bbox 1952 3568 3532 3640">
     <span class='ocr_line' id='line_1_79' title="bbox 1952 3568 3532 3640; baseline -0.003 -18"><span class='ocrx_word' id='word_1_574' title='bbox 1952 3569 2176 3639; x_wconf 81' lang='lat' dir='ltr'><strong>accipit,</strong></span> <span class='ocrx_word' id='word_1_575' title='bbox 2214 3586 2307 3638; x_wconf 90' lang='lat' dir='ltr'><strong>per</strong></span> <span class='ocrx_word' id='word_1_576' title='bbox 2342 3571 2391 3622; x_wconf 90' lang='lat' dir='ltr'><strong>id</strong></span> <span class='ocrx_word' id='word_1_577' title='bbox 2420 3572 2561 3640; x_wconf 89' lang='lat' dir='ltr'><strong>quod</strong></span> <span class='ocrx_word' id='word_1_578' title='bbox 2601 3579 2778 3638; x_wconf 76' lang='lat' dir='ltr'><strong>potest</strong></span> <span class='ocrx_word' id='word_1_579' title='bbox 2810 3569 3200 3637; x_wconf 78' lang='lat' dir='ltr'><strong>comprehendi</strong></span> <span class='ocrx_word' id='word_1_580' title='bbox 3228 3568 3532 3622; x_wconf 77' lang='lat' dir='ltr'><strong>ascendens</strong></span> 
     </span>
    </p>
   </div>
   <div class='ocr_carea' id='block_1_80' title="bbox 1951 3657 3529 3728">
    <p class='ocr_par' dir='ltr' id='par_1_80' title="bbox 1951 3657 3529 3728">
     <span class='ocr_line' id='line_1_80' title="bbox 1951 3657 3529 3728; baseline -0.007 -12"><span class='ocrx_word' id='word_1_581' title='bbox 1951 3663 2021 3716; x_wconf 84' lang='lat' dir='ltr'><strong>ad</strong></span> <span class='ocrx_word' id='word_1_582' title='bbox 2062 3659 2190 3712; x_wconf 88' lang='lat' dir='ltr'><strong>illud</strong></span> <span class='ocrx_word' id='word_1_583' title='bbox 2220 3660 2363 3728; x_wconf 90' lang='lat' dir='ltr'><strong>quod</strong></span> <span class='ocrx_word' id='word_1_584' title='bbox 2393 3661 2511 3727; x_wconf 83' lang='lat' dir='ltr'><strong>capi</strong></span> <span class='ocrx_word' id='word_1_585' title='bbox 2565 3661 2774 3727; x_wconf 87' lang='lat' dir='ltr'><strong>nequit.</strong></span> <span class='ocrx_word' id='word_1_586' title='bbox 2799 3659 2918 3722; x_wconf 75' lang='lat' dir='ltr'><strong>tao</strong></span> <span class='ocrx_word' id='word_1_587' title='bbox 2943 3667 3228 3726; x_wconf 71' lang='lat' dir='ltr'><strong>postquam</strong></span> <span class='ocrx_word' id='word_1_588' title='bbox 3260 3657 3529 3725; x_wconf 66' lang='lat' dir='ltr'><strong>pervenit,</strong></span> 
     </span>
    </p>
   </div>
   <div class='ocr_carea' id='block_1_81' title="bbox 1953 3751 3532 3824">
    <p class='ocr_par' dir='ltr' id='par_1_81' title="bbox 1953 3751 3532 3824">
     <span class='ocr_line' id='line_1_81' title="bbox 1953 3751 3532 3824; baseline -0.004 -17"><span class='ocrx_word' id='word_1_589' title='bbox 1953 3756 2199 3824; x_wconf 80' lang='lat' dir='ltr'><strong>apprime</strong></span> <span class='ocrx_word' id='word_1_590' title='bbox 2243 3755 2392 3806; x_wconf 82' lang='lat' dir='ltr'><strong>novit</strong></span> <span class='ocrx_word' id='word_1_591' title='bbox 2422 3769 2540 3806; x_wconf 80' lang='lat' dir='ltr'><strong>esse</strong></span> <span class='ocrx_word' id='word_1_592' title='bbox 2582 3751 2788 3820; x_wconf 76' lang='lat' dir='ltr'><strong>aliquid</strong></span> <span class='ocrx_word' id='word_1_593' title='bbox 2826 3753 2967 3820; x_wconf 77' lang='lat' dir='ltr'><strong>quod</strong></span> <span class='ocrx_word' id='word_1_594' title='bbox 3023 3767 3175 3804; x_wconf 86' lang='lat' dir='ltr'><strong>suam</strong></span> <span class='ocrx_word' id='word_1_595' title='bbox 3230 3751 3532 3803; x_wconf 89' lang='lat' dir='ltr'><strong>naturalem</strong></span> 
     </span>
    </p>
   </div>
   <div class='ocr_carea' id='block_1_82' title="bbox 1955 3841 3530 3912">
    <p class='ocr_par' dir='ltr' id='par_1_82' title="bbox 1955 3841 3530 3912">
     <span class='ocr_line' id='line_1_82' title="bbox 1955 3841 3530 3912; baseline -0.006 -9"><span class='ocrx_word' id='word_1_596' title='bbox 1955 3849 2493 3912; x_wconf 74' lang='lat' dir='ltr'><strong>comprehensionem</strong></span> <span class='ocrx_word' id='word_1_597' title='bbox 2516 3843 2686 3911; x_wconf 68' lang='lat' dir='ltr'><strong>fugiat</strong></span> <span class='ocrx_word' id='word_1_598' title='bbox 2718 3861 2838 3911; x_wconf 66' lang='lat' dir='ltr'><strong>sup:</strong></span> <span class='ocrx_word' id='word_1_599' title='bbox 2856 3860 2883 3895; x_wconf 91' lang='lat' dir='ltr'><strong>a</strong></span> <span class='ocrx_word' id='word_1_600' title='bbox 2908 3843 3206 3910; x_wconf 69' lang='lat' dir='ltr'><strong>(Illalllllllel</strong></span> <span class='ocrx_word' id='word_1_601' title='bbox 3227 3841 3530 3896; x_wconf 87' lang='lat' dir='ltr'><strong>naturalem</strong></span> 
     </span>
    </p>
   </div>
   <div class='ocr_carea' id='block_1_83' title="bbox 1956 3933 3532 4008">
    <p class='ocr_par' dir='ltr' id='par_1_83' title="bbox 1956 3933 3532 4008">
     <span class='ocr_line' id='line_1_83' title="bbox 1956 3933 3532 4008; baseline -0.007 -15"><span class='ocrx_word' id='word_1_602' title='bbox 1956 3951 2009 3994; x_wconf 91' lang='lat' dir='ltr'><strong>et</strong></span> <span class='ocrx_word' id='word_1_603' title='bbox 2041 3939 2363 4008; x_wconf 70' lang='lat' dir='ltr'><strong>angelicam,</strong></span> <span class='ocrx_word' id='word_1_604' title='bbox 2389 3936 2928 4003; x_wconf 76' lang='lat' dir='ltr'><strong>comprehensionetu</strong></span> <span class='ocrx_word' id='word_1_605' title='bbox 2978 3933 3166 3994; x_wconf 70' lang='lat' dir='ltr'><strong>situm,</strong></span> <span class='ocrx_word' id='word_1_606' title='bbox 3200 3943 3384 4001; x_wconf 80' lang='lat' dir='ltr'><strong>utpote</strong></span> <span class='ocrx_word' id='word_1_607' title='bbox 3442 3947 3532 3985; x_wconf 79' lang='lat' dir='ltr'><strong>Stl-</strong></span> 
     </span>
    </p>
   </div>
   <div class='ocr_carea' id='block_1_84' title="bbox 1956 4024 3528 4101">
    <p class='ocr_par' dir='ltr' id='par_1_84' title="bbox 1956 4024 3528 4101">
     <span class='ocr_line' id='line_1_84' title="bbox 1956 4024 3528 4101; baseline -0.007 -15"><span class='ocrx_word' id='word_1_608' title='bbox 1956 4032 2339 4101; x_wconf 80' lang='lat' dir='ltr'><strong>pcrnaturale;</strong></span> <span class='ocrx_word' id='word_1_609' title='bbox 2367 4039 2413 4081; x_wconf 70' lang='lat' dir='ltr'><strong>rt</strong></span> <span class='ocrx_word' id='word_1_610' title='bbox 2448 4029 2590 4096; x_wconf 86' lang='lat' dir='ltr'><strong>quod</strong></span> <span class='ocrx_word' id='word_1_611' title='bbox 2618 4037 2700 4079; x_wconf 67' lang='grc' dir='ltr'>εδι</span> <span class='ocrx_word' id='word_1_612' title='bbox 2731 4025 2908 4080; x_wconf 89' lang='lat' dir='ltr'><strong>omnis</strong></span> <span class='ocrx_word' id='word_1_613' title='bbox 2932 4036 3139 4077; x_wconf 73' lang='lat' dir='ltr'><strong>natura:</strong></span> <span class='ocrx_word' id='word_1_614' title='bbox 3175 4039 3237 4077; x_wconf 88' lang='lat' dir='ltr'><strong>ac</strong></span> <span class='ocrx_word' id='word_1_615' title='bbox 3280 4024 3528 4077; x_wconf 84' lang='lat' dir='ltr'><strong>substan—</strong></span> 
     </span>
    </p>
   </div>
   <div class='ocr_carea' id='block_1_85' title="bbox 1959 4115 3530 4186">
    <p class='ocr_par' dir='ltr' id='par_1_85' title="bbox 1959 4115 3530 4186">
     <span class='ocr_line' id='line_1_85' title="bbox 1959 4115 3530 4186; baseline -0.008 -8"><span class='ocrx_word' id='word_1_616' title='bbox 1959 4128 2043 4178; x_wconf 64' lang='lat' dir='ltr'><strong>tia:</strong></span> <span class='ocrx_word' id='word_1_617' title='bbox 2081 4132 2134 4176; x_wconf 84' lang='lat' dir='ltr'><strong>et</strong></span> <span class='ocrx_word' id='word_1_618' title='bbox 2191 4132 2457 4176; x_wconf 76' lang='lat' dir='ltr'><strong>creatura:</strong></span> <span class='ocrx_word' id='word_1_619' title='bbox 2490 4134 2658 4174; x_wconf 82' lang='lat' dir='ltr'><strong>causa</strong></span> <span class='ocrx_word' id='word_1_620' title='bbox 2716 4130 2767 4171; x_wconf 88' lang='lat' dir='ltr'><strong>et</strong></span> <span class='ocrx_word' id='word_1_621' title='bbox 2811 4117 3134 4186; x_wconf 84' lang='lat' dir='ltr'><strong>principium</strong></span> <span class='ocrx_word' id='word_1_622' title='bbox 3184 4125 3236 4167; x_wconf 91' lang='lat' dir='ltr'><strong>ct</strong></span> <span class='ocrx_word' id='word_1_623' title='bbox 3273 4115 3418 4178; x_wconf 89' lang='lat' dir='ltr'><strong>finis,</strong></span> <span class='ocrx_word' id='word_1_624' title='bbox 3466 4128 3530 4165; x_wconf 91' lang='lat' dir='ltr'><strong>ac</strong></span> 
     </span>
    </p>
   </div>
   <div class='ocr_carea' id='block_1_86' title="bbox 1956 4207 3532 4286">
    <p class='ocr_par' dir='ltr' id='par_1_86' title="bbox 1956 4207 3532 4286">
     <span class='ocr_line' id='line_1_86' title="bbox 1956 4207 3532 4286; baseline -0.008 -14"><span class='ocrx_word' id='word_1_625' title='bbox 1956 4215 2508 4286; x_wconf 87' lang='lat' dir='ltr'><strong>supersubstantiale,</strong></span> <span class='ocrx_word' id='word_1_626' title='bbox 2568 4212 2822 4265; x_wconf 83' lang='lat' dir='ltr'><strong>habitans</strong></span> <span class='ocrx_word' id='word_1_627' title='bbox 2870 4209 3084 4262; x_wconf 84' lang='lat' dir='ltr'><strong>infinito</strong></span> <span class='ocrx_word' id='word_1_628' title='bbox 3146 4207 3305 4260; x_wconf 90' lang='lat' dir='ltr'><strong>modo</strong></span> <span class='ocrx_word' id='word_1_629' title='bbox 3365 4222 3532 4275; x_wconf 87' lang='lat' dir='ltr'><strong>supra</strong></span> 
     </span>
    </p>
   </div>
   <div class='ocr_carea' id='block_1_87' title="bbox 1954 4299 3534 4380">
    <p class='ocr_par' dir='ltr' id='par_1_87' title="bbox 1954 4299 3534 4380">
     <span class='ocr_line' id='line_1_87' title="bbox 1954 4299 3534 4380; baseline -0.011 -13"><span class='ocrx_word' id='word_1_630' title='bbox 1954 4314 2135 4368; x_wconf 88' lang='lat' dir='ltr'><strong>omnia</strong></span> <span class='ocrx_word' id='word_1_631' title='bbox 2162 4324 2390 4380; x_wconf 66' lang='lat' dir='ltr'><strong>quaeque</strong></span> <span class='ocrx_word' id='word_1_632' title='bbox 2414 4306 2688 4362; x_wconf 78' lang='lat' dir='ltr'><strong>exsistunt</strong></span> <span class='ocrx_word' id='word_1_633' title='bbox 2729 4305 3060 4373; x_wconf 79' lang='lat' dir='ltr'><strong>;ingonitum</strong></span> <span class='ocrx_word' id='word_1_634' title='bbox 3093 4317 3157 4354; x_wconf 89' lang='lat' dir='ltr'><strong>ac</strong></span> <span class='ocrx_word' id='word_1_635' title='bbox 3183 4299 3301 4356; x_wconf 77' lang='lat' dir='ltr'><strong>sine</strong></span> <span class='ocrx_word' id='word_1_636' title='bbox 3332 4300 3534 4368; x_wconf 86' lang='lat' dir='ltr'><strong>princi--</strong></span> 
     </span>
    </p>
   </div>
   <div class='ocr_carea' id='block_1_88' title="bbox 1951 4393 3532 4476">
    <p class='ocr_par' dir='ltr' id='par_1_88' title="bbox 1951 4393 3532 4476">
     <span class='ocr_line' id='line_1_88' title="bbox 1951 4393 3532 4476; baseline -0.01 -17"><span class='ocrx_word' id='word_1_637' title='bbox 1951 4407 2062 4476; x_wconf 89' lang='lat' dir='ltr'><strong>pio,</strong></span> <span class='ocrx_word' id='word_1_638' title='bbox 2100 4413 2151 4458; x_wconf 92' lang='lat' dir='ltr'><strong>et</strong></span> <span class='ocrx_word' id='word_1_639' title='bbox 2205 4401 2496 4464; x_wconf 88' lang='lat' dir='ltr'><strong>infinitum,</strong></span> <span class='ocrx_word' id='word_1_640' title='bbox 2555 4406 2609 4452; x_wconf 88' lang='lat' dir='ltr'><strong>et</strong></span> <span class='ocrx_word' id='word_1_641' title='bbox 2653 4406 2849 4451; x_wconf 83' lang='lat' dir='ltr'><strong>natura</strong></span> <span class='ocrx_word' id='word_1_642' title='bbox 2907 4409 2970 4447; x_wconf 83' lang='lat' dir='ltr'><strong>ac</strong></span> <span class='ocrx_word' id='word_1_643' title='bbox 3021 4393 3137 4446; x_wconf 91' lang='lat' dir='ltr'><strong>loco</strong></span> <span class='ocrx_word' id='word_1_644' title='bbox 3191 4401 3245 4445; x_wconf 86' lang='lat' dir='ltr'><strong>ct</strong></span> <span class='ocrx_word' id='word_1_645' title='bbox 3292 4400 3532 4452; x_wconf 87' lang='lat' dir='ltr'><strong>tempore</strong></span> 
     </span>
    </p>
   </div>
   <div class='ocr_carea' id='block_1_89' title="bbox 271 4483 1956 4562">
    <p class='ocr_par' dir='ltr' id='par_1_89' title="bbox 271 4483 1956 4560">
     <span class='ocr_line' id='line_1_89' title="bbox 271 4483 1956 4560; baseline 0.006 -25"><span class='ocrx_word' id='word_1_646' title='bbox 271 4484 376 4535; x_wconf 79' lang='grc' dir='ltr'>καὶ</span> <span class='ocrx_word' id='word_1_647' title='bbox 436 4483 598 4536; x_wconf 85' lang='grc' dir='ltr'>τοῦτό</span> <span class='ocrx_word' id='word_1_648' title='bbox 643 4485 760 4537; x_wconf 72' lang='grc' dir='ltr'>ἐστι</span> <span class='ocrx_word' id='word_1_649' title='bbox 816 4486 878 4536; x_wconf 78' lang='grc' dir='ltr'>τὸ</span> <span class='ocrx_word' id='word_1_650' title='bbox 915 4488 1236 4558; x_wconf 79' lang='grc' dir='ltr'>ἀπόκρυφον</span> <span class='ocrx_word' id='word_1_651' title='bbox 1271 4489 1328 4540; x_wconf 81' lang='grc' dir='ltr'>ἒν</span> <span class='ocrx_word' id='word_1_652' title='bbox 1361 4489 1502 4560; x_wconf 84' lang='grc' dir='ltr'>ὑπὲρ</span> <span class='ocrx_word' id='word_1_653' title='bbox 1554 4490 1702 4545; x_wconf 93' lang='grc' dir='ltr'>νοῦν.</span> <span class='ocrx_word' id='word_1_654' title='bbox 1760 4493 1870 4545; x_wconf 74' lang='grc' dir='ltr'><strong>Καὶ</strong></span> <span class='ocrx_word' id='word_1_655' title='bbox 1950 4518 1956 4551; x_wconf 70' lang='grc' dir='ltr'><em>ε</em></span> 
     </span>
    </p>
   </div>
   <div class='ocr_carea' id='block_1_90' title="bbox 1846 4483 3531 4562">
    <p class='ocr_par' dir='ltr' id='par_1_90' title="bbox 1848 4484 3531 4562">
     <span class='ocr_line' id='line_1_90' title="bbox 1848 4484 3531 4562; baseline -0.011 -8"><span class='ocrx_word' id='word_1_656' title='bbox 1848 4495 1870 4545; x_wconf 70' lang='grc' dir='ltr'>ἱ</span> <span class='ocrx_word' id='word_1_657' title='bbox 1950 4495 2266 4562; x_wconf 83' lang='lat' dir='ltr'><strong>simpliciter</strong></span> <span class='ocrx_word' id='word_1_658' title='bbox 2296 4488 2829 4556; x_wconf 87' lang='lat' dir='ltr'><strong>incircumscriptum</strong></span> <span class='ocrx_word' id='word_1_659' title='bbox 2864 4505 2878 4549; x_wconf 84' lang='lat'><strong>;</strong></span> <span class='ocrx_word' id='word_1_660' title='bbox 2908 4495 2960 4541; x_wconf 84' lang='lat' dir='ltr'><strong>et</strong></span> <span class='ocrx_word' id='word_1_661' title='bbox 2993 4484 3120 4540; x_wconf 91' lang='lat' dir='ltr'><strong>illud</strong></span> <span class='ocrx_word' id='word_1_662' title='bbox 3164 4493 3248 4538; x_wconf 89' lang='lat' dir='ltr'><strong>est</strong></span> <span class='ocrx_word' id='word_1_663' title='bbox 3301 4484 3531 4536; x_wconf 60' lang='lat' dir='ltr'><strong>abscono</strong></span> 
     </span>
    </p>
   </div>
   <div class='ocr_carea' id='block_1_91' title="bbox 268 4575 1953 4650">
    <p class='ocr_par' dir='ltr' id='par_1_91' title="bbox 268 4575 1928 4650">
     <span class='ocr_line' id='line_1_91' title="bbox 268 4575 1928 4650; baseline 0.005 -21"><span class='ocrx_word' id='word_1_664' title='bbox 268 4577 429 4629; x_wconf 76' lang='grc' dir='ltr'>ἐστιν</span> <span class='ocrx_word' id='word_1_665' title='bbox 459 4576 492 4646; x_wconf 81' lang='grc' dir='ltr'>ή</span> <span class='ocrx_word' id='word_1_666' title='bbox 525 4575 644 4628; x_wconf 84' lang='grc' dir='ltr'>θεία</span> <span class='ocrx_word' id='word_1_667' title='bbox 673 4577 976 4648; x_wconf 76' lang='grc' dir='ltr'>κατάληψις</span> <span class='ocrx_word' id='word_1_668' title='bbox 1015 4579 1260 4647; x_wconf 80' lang='grc' dir='ltr'>φυσικῶς</span> <span class='ocrx_word' id='word_1_669' title='bbox 1293 4581 1352 4644; x_wconf 80' lang='grc' dir='ltr'>ἐξ</span> <span class='ocrx_word' id='word_1_670' title='bbox 1387 4582 1551 4635; x_wconf 84' lang='grc' dir='ltr'>αὐτοῦ</span> <span class='ocrx_word' id='word_1_671' title='bbox 1583 4582 1865 4650; x_wconf 82' lang='grc' dir='ltr'>προϊοῦσα,</span> <span class='ocrx_word' id='word_1_672' title='bbox 1886 4591 1928 4644; x_wconf 79' lang='grc' dir='ltr'>ι)</span> 
     </span>
    </p>
   </div>
   <div class='ocr_carea' id='block_1_92' title="bbox 1846 4575 3531 4650">
    <p class='ocr_par' dir='ltr' id='par_1_92' title="bbox 1850 4577 3531 4650">
     <span class='ocr_line' id='line_1_92' title="bbox 1850 4577 3531 4650; baseline -0.012 -3"><span class='ocrx_word' id='word_1_673' title='bbox 1850 4625 1865 4649; x_wconf 70' lang='grc' dir='ltr'><strong>ν</strong></span> <span class='ocrx_word' id='word_1_674' title='bbox 1886 4591 1928 4644; x_wconf 80' lang='grc' dir='ltr'>ι)</span> <span class='ocrx_word' id='word_1_675' title='bbox 1957 4591 2130 4644; x_wconf 89' lang='lat' dir='ltr'><strong>ditum</strong></span> <span class='ocrx_word' id='word_1_676' title='bbox 2171 4600 2340 4640; x_wconf 88' lang='lat' dir='ltr'><strong>unum</strong></span> <span class='ocrx_word' id='word_1_677' title='bbox 2377 4598 2536 4650; x_wconf 89' lang='lat' dir='ltr'><strong>supra</strong></span> <span class='ocrx_word' id='word_1_678' title='bbox 2567 4594 2824 4636; x_wconf 88' lang='lat' dir='ltr'><strong>mentem.</strong></span> <span class='ocrx_word' id='word_1_679' title='bbox 2858 4578 2922 4632; x_wconf 88' lang='lat' dir='ltr'><strong>Et</strong></span> <span class='ocrx_word' id='word_1_680' title='bbox 2953 4587 3038 4631; x_wconf 86' lang='lat' dir='ltr'><strong>est</strong></span> <span class='ocrx_word' id='word_1_681' title='bbox 3069 4577 3252 4631; x_wconf 86' lang='lat' dir='ltr'><strong>divina</strong></span> <span class='ocrx_word' id='word_1_682' title='bbox 3280 4589 3531 4644; x_wconf 91' lang='lat' dir='ltr'><strong>compre-</strong></span> 
     </span>
    </p>
   </div>
   <div class='ocr_carea' id='block_1_93' title="bbox 267 4666 1868 4742">
    <p class='ocr_par' dir='ltr' id='par_1_93' title="bbox 267 4666 1868 4742">
     <span class='ocr_line' id='line_1_93' title="bbox 267 4666 1868 4742; baseline 0.005 -24"><span class='ocrx_word' id='word_1_683' title='bbox 267 4666 577 4737; x_wconf 78' lang='grc' dir='ltr'>παμπόλλη</span> <span class='ocrx_word' id='word_1_684' title='bbox 614 4685 697 4728; x_wconf 80' lang='grc' dir='ltr'><strong>τις</strong></span> <span class='ocrx_word' id='word_1_685' title='bbox 728 4667 884 4731; x_wconf 82' lang='grc' dir='ltr'>οὖσα,</span> <span class='ocrx_word' id='word_1_686' title='bbox 919 4669 1016 4720; x_wconf 79' lang='grc' dir='ltr'><strong>καὶ</strong></span> <span class='ocrx_word' id='word_1_687' title='bbox 1048 4671 1194 4740; x_wconf 68' lang='grc' dir='ltr'><strong>⁴ἡμᾶς</strong></span> <span class='ocrx_word' id='word_1_688' title='bbox 1230 4667 1386 4734; x_wconf 78' lang='grc' dir='ltr'>αὖθις</span> <span class='ocrx_word' id='word_1_689' title='bbox 1413 4673 1500 4724; x_wconf 80' lang='grc' dir='ltr'><strong>ἐπ’</strong></span> <span class='ocrx_word' id='word_1_690' title='bbox 1535 4673 1707 4742; x_wconf 80' lang='grc' dir='ltr'>αὑτῆς</span> <span class='ocrx_word' id='word_1_691' title='bbox 1763 4676 1868 4726; x_wconf 82' lang='grc' dir='ltr'><strong>ἐπ-</strong></span> 
     </span>
    </p>
   </div>
   <div class='ocr_carea' id='block_1_94' title="bbox 267 4756 1867 4836">
    <p class='ocr_par' dir='ltr' id='par_1_94' title="bbox 267 4756 1867 4836">
     <span class='ocr_line' id='line_1_94' title="bbox 267 4756 1867 4836; baseline 0.003 -22"><span class='ocrx_word' id='word_1_692' title='bbox 267 4759 777 4823; x_wconf 73' lang='grc' dir='ltr'>ανατείνουσα,καὶ</span> <span class='ocrx_word' id='word_1_693' title='bbox 794 4756 903 4812; x_wconf 77' lang='grc' dir='ltr'>οἷον</span> <span class='ocrx_word' id='word_1_694' title='bbox 937 4761 1320 4814; x_wconf 88' lang='grc' dir='ltr'>ἀνακυκλοῦσα</span> <span class='ocrx_word' id='word_1_695' title='bbox 1350 4767 1564 4834; x_wconf 87' lang='grc' dir='ltr'>νοεραῖς</span> <span class='ocrx_word' id='word_1_696' title='bbox 1595 4782 1867 4836; x_wconf 81' lang='grc' dir='ltr'>χειραγω-</span> 
     </span>
    </p>
   </div>
   <div class='ocr_carea' id='block_1_95' title="bbox 267 4852 1870 4922">
    <p class='ocr_par' dir='ltr' id='par_1_95' title="bbox 267 4852 1870 4922">
     <span class='ocr_line' id='line_1_95' title="bbox 267 4852 1870 4922; baseline 0.006 -20"><span class='ocrx_word' id='word_1_697' title='bbox 267 4854 459 4919; x_wconf 82' lang='grc' dir='ltr'>γίαις,</span> <span class='ocrx_word' id='word_1_698' title='bbox 502 4852 598 4904; x_wconf 78' lang='grc' dir='ltr'>καὶ</span> <span class='ocrx_word' id='word_1_699' title='bbox 654 4854 1055 4922; x_wconf 77' lang='grc' dir='ltr'>ἐπιστροφαῖς,</span> <span class='ocrx_word' id='word_1_700' title='bbox 1110 4855 1206 4907; x_wconf 70' lang='grc' dir='ltr'>καὶ</span> <span class='ocrx_word' id='word_1_701' title='bbox 1257 4858 1608 4920; x_wconf 84' lang='grc' dir='ltr'>άνατάσεσιν,</span> <span class='ocrx_word' id='word_1_702' title='bbox 1655 4859 1778 4910; x_wconf 82' lang='grc' dir='ltr'>ἐπεὶ</span> <span class='ocrx_word' id='word_1_703' title='bbox 1810 4860 1870 4911; x_wconf 87' lang='grc' dir='ltr'><strong>τὸ</strong></span> 
     </span>
    </p>
   </div>
   <div class='ocr_carea' id='block_1_96' title="bbox 266 4942 1871 5012">
    <p class='ocr_par' dir='ltr' id='par_1_96' title="bbox 266 4942 1871 5012">
     <span class='ocr_line' id='line_1_96' title="bbox 266 4942 1871 5012; baseline 0.002 -16"><span class='ocrx_word' id='word_1_704' title='bbox 266 4943 505 5012; x_wconf 62' lang='grc' dir='ltr'>ἀρχικὸν</span> <span class='ocrx_word' id='word_1_705' title='bbox 554 4942 876 5010; x_wconf 67' lang='grc' dir='ltr'>ἀπῦκρυφον</span> <span class='ocrx_word' id='word_1_706' title='bbox 917 4943 1198 5012; x_wconf 82' lang='grc' dir='ltr'>ὑπερφυὲς</span> <span class='ocrx_word' id='word_1_707' title='bbox 1230 4943 1289 4996; x_wconf 80' lang='grc' dir='ltr'><strong>ἓν</strong></span> <span class='ocrx_word' id='word_1_708' title='bbox 1317 4959 1330 4972; x_wconf 73' lang='grc'><strong><em>⁸</em></strong></span> <span class='ocrx_word' id='word_1_709' title='bbox 1381 4945 1637 4999; x_wconf 82' lang='grc' dir='ltr'>τοσοῦτον</span> <span class='ocrx_word' id='word_1_710' title='bbox 1674 4947 1871 5001; x_wconf 76' lang='grc' dir='ltr'>ἐνοῦσα</span> 
     </span>
    </p>
   </div>
   <div class='ocr_carea' id='block_1_97' title="bbox 264 5029 1864 5103">
    <p class='ocr_par' dir='ltr' id='par_1_97' title="bbox 264 5029 1864 5103">
     <span class='ocr_line' id='line_1_97' title="bbox 264 5029 1864 5103; baseline 0.005 -21"><span class='ocrx_word' id='word_1_711' title='bbox 264 5034 429 5103; x_wconf 67' lang='grc' dir='ltr'>ἡμᾶς</span> <span class='ocrx_word' id='word_1_712' title='bbox 458 5029 660 5100; x_wconf 85' lang='grc' dir='ltr'>τούτῳ,</span> <span class='ocrx_word' id='word_1_713' title='bbox 685 5031 809 5082; x_wconf 81' lang='grc' dir='ltr'>ὅσον</span> <span class='ocrx_word' id='word_1_714' title='bbox 841 5033 1036 5102; x_wconf 80' lang='grc' dir='ltr'>νοῆσαι</span> <span class='ocrx_word' id='word_1_715' title='bbox 1065 5035 1148 5086; x_wconf 85' lang='grc' dir='ltr'>ὃτι</span> <span class='ocrx_word' id='word_1_716' title='bbox 1181 5033 1319 5100; x_wconf 75' lang='grc' dir='ltr'>ἔστι,</span> <span class='ocrx_word' id='word_1_717' title='bbox 1353 5037 1448 5088; x_wconf 74' lang='grc' dir='ltr'>καὶ</span> <span class='ocrx_word' id='word_1_718' title='bbox 1473 5036 1554 5088; x_wconf 81' lang='grc' dir='ltr'>ὅτι</span> <span class='ocrx_word' id='word_1_719' title='bbox 1591 5035 1650 5088; x_wconf 81' lang='grc' dir='ltr'><strong>ἓν</strong></span> <span class='ocrx_word' id='word_1_720' title='bbox 1679 5039 1827 5090; x_wconf 79' lang='grc' dir='ltr'>ἐστιν</span> <span class='ocrx_word' id='word_1_721' title='bbox 1850 5054 1864 5066; x_wconf 82' lang='lat'>&#39;</span> 
     </span>
    </p>
   </div>
   <div class='ocr_carea' id='block_1_98' title="bbox 267 5122 1868 5196">
    <p class='ocr_par' dir='ltr' id='par_1_98' title="bbox 267 5122 1868 5196">
     <span class='ocr_line' id='line_1_98' title="bbox 267 5122 1868 5196; baseline 0.001 -20"><span class='ocrx_word' id='word_1_722' title='bbox 267 5125 356 5177; x_wconf 78' lang='grc' dir='ltr'><strong>ἑτι</strong></span> <span class='ocrx_word' id='word_1_723' title='bbox 390 5140 458 5191; x_wconf 87' lang='grc' dir='ltr'><strong>γε</strong></span> <span class='ocrx_word' id='word_1_724' title='bbox 497 5123 604 5192; x_wconf 81' lang='grc' dir='ltr'>μὴν</span> <span class='ocrx_word' id='word_1_725' title='bbox 639 5122 732 5175; x_wconf 75' lang='grc' dir='ltr'><strong>καὶ</strong></span> <span class='ocrx_word' id='word_1_726' title='bbox 758 5124 840 5175; x_wconf 82' lang='grc' dir='ltr'>ὅτι</span> <span class='ocrx_word' id='word_1_727' title='bbox 872 5124 1061 5195; x_wconf 84' lang='grc' dir='ltr'>τρόπῳ</span> <span class='ocrx_word' id='word_1_728' title='bbox 1090 5124 1256 5177; x_wconf 77' lang='grc' dir='ltr'>παντὶ</span> <span class='ocrx_word' id='word_1_729' title='bbox 1296 5125 1609 5196; x_wconf 84' lang='grc' dir='ltr'>ἀδιανόητόν</span> <span class='ocrx_word' id='word_1_730' title='bbox 1639 5128 1778 5192; x_wconf 76' lang='grc' dir='ltr'>ἐστι,</span> <span class='ocrx_word' id='word_1_731' title='bbox 1809 5127 1868 5180; x_wconf 74' lang='grc' dir='ltr'>τὸ</span> 
     </span>
    </p>
   </div>
   <div class='ocr_carea' id='block_1_99' title="bbox 264 5210 1868 5290">
    <p class='ocr_par' dir='ltr' id='par_1_99' title="bbox 264 5210 1868 5290">
     <span class='ocr_line' id='line_1_99' title="bbox 264 5210 1868 5290; baseline 0.002 -22"><span class='ocrx_word' id='word_1_732' title='bbox 264 5217 320 5268; x_wconf 77' lang='grc' dir='ltr'><strong>τε</strong></span> <span class='ocrx_word' id='word_1_733' title='bbox 351 5219 505 5268; x_wconf 77' lang='grc' dir='ltr'>ἐστιν</span> <span class='ocrx_word' id='word_1_734' title='bbox 535 5210 675 5268; x_wconf 79' lang='grc' dir='ltr'>εἶναι</span> <span class='ocrx_word' id='word_1_735' title='bbox 712 5215 910 5268; x_wconf 77' lang='grc' dir='ltr'>εἰδέναι</span> <span class='ocrx_word' id='word_1_736' title='bbox 957 5216 1116 5269; x_wconf 88' lang='grc' dir='ltr'>τοῦτο</span> <span class='ocrx_word' id='word_1_737' title='bbox 1141 5217 1202 5270; x_wconf 78' lang='grc' dir='ltr'><strong>τὸ</strong></span> <span class='ocrx_word' id='word_1_738' title='bbox 1231 5218 1549 5290; x_wconf 73' lang='grc' dir='ltr'>ἀπόκρυφον</span> <span class='ocrx_word' id='word_1_739' title='bbox 1585 5218 1665 5273; x_wconf 73' lang='grc' dir='ltr'>ἓν.</span> <span class='ocrx_word' id='word_1_740' title='bbox 1699 5220 1771 5271; x_wconf 81' lang='grc' dir='ltr'>Τὸ</span> <span class='ocrx_word' id='word_1_741' title='bbox 1812 5221 1868 5271; x_wconf 87' lang='grc' dir='ltr'>δὲ</span> 
     </span>
    </p>
   </div>
   <div class='ocr_carea' id='block_1_100' title="bbox 267 5307 1869 5378">
    <p class='ocr_par' dir='ltr' id='par_1_100' title="bbox 267 5307 1869 5378">
     <span class='ocr_line' id='line_1_100' title="bbox 267 5307 1869 5378; baseline 0.001 -17"><span class='ocrx_word' id='word_1_742' title='bbox 267 5307 540 5377; x_wconf 83' lang='grc' dir='ltr'>ὑπεράνω</span> <span class='ocrx_word' id='word_1_743' title='bbox 568 5307 662 5360; x_wconf 89' lang='grc' dir='ltr'><strong>νοῦ</strong></span> <span class='ocrx_word' id='word_1_744' title='bbox 694 5309 998 5378; x_wconf 86' lang='grc' dir='ltr'>εὑρημένον</span> <span class='ocrx_word' id='word_1_745' title='bbox 1035 5310 1130 5361; x_wconf 76' lang='grc' dir='ltr'><strong>καὶ</strong></span> <span class='ocrx_word' id='word_1_746' title='bbox 1157 5309 1424 5378; x_wconf 80' lang='grc' dir='ltr'>ἐκφεῦγον</span> <span class='ocrx_word' id='word_1_747' title='bbox 1452 5310 1712 5376; x_wconf 86' lang='grc' dir='ltr'>διάνοιαν,</span> <span class='ocrx_word' id='word_1_748' title='bbox 1755 5311 1869 5373; x_wconf 82' lang='grc' dir='ltr'><strong>πῶς</strong></span> 
     </span>
    </p>
   </div>
   <div class='ocr_carea' id='block_1_101' title="bbox 264 5401 1868 5473">
    <p class='ocr_par' dir='ltr' id='par_1_101' title="bbox 264 5401 1868 5473">
     <span class='ocr_line' id='line_1_101' title="bbox 264 5401 1868 5473; baseline -0.001 -20"><span class='ocrx_word' id='word_1_749' title='bbox 264 5403 338 5454; x_wconf 81' lang='grc' dir='ltr'>ἂν</span> <span class='ocrx_word' id='word_1_750' title='bbox 376 5402 539 5468; x_wconf 80' lang='grc' dir='ltr'>λόγος</span> <span class='ocrx_word' id='word_1_751' title='bbox 590 5401 912 5467; x_wconf 79' lang='grc' dir='ltr'>διεξοδεύειν</span> <span class='ocrx_word' id='word_1_752' title='bbox 970 5403 1292 5473; x_wconf 86' lang='grc' dir='ltr'>δεδύνηται;</span> <span class='ocrx_word' id='word_1_753' title='bbox 1328 5403 1356 5455; x_wconf 88' lang='grc' dir='ltr'>ὃ</span> <span class='ocrx_word' id='word_1_754' title='bbox 1405 5403 1462 5455; x_wconf 82' lang='grc' dir='ltr'>δὲ</span> <span class='ocrx_word' id='word_1_755' title='bbox 1503 5403 1659 5470; x_wconf 87' lang='grc' dir='ltr'>λόγος</span> <span class='ocrx_word' id='word_1_756' title='bbox 1698 5403 1868 5466; x_wconf 75' lang='grc' dir='ltr'>διεξο-</span> 
     </span>
    </p>
   </div>
   <div class='ocr_carea' id='block_1_102' title="bbox 261 5492 1870 5564">
    <p class='ocr_par' dir='ltr' id='par_1_102' title="bbox 261 5492 1870 5564">
     <span class='ocr_line' id='line_1_102' title="bbox 261 5492 1870 5564; baseline 0.014 -22"><span class='ocrx_word' id='word_1_757' title='bbox 261 5495 454 5548; x_wconf 66' lang='lat' dir='ltr'><strong>(Se-Juv</strong></span> <span class='ocrx_word' id='word_1_758' title='bbox 498 5492 562 5544; x_wconf 83' lang='grc' dir='ltr'><strong>ού</strong></span> <span class='ocrx_word' id='word_1_759' title='bbox 611 5492 896 5562; x_wconf 83' lang='grc' dir='ltr'>δεδύνηται</span> <span class='ocrx_word' id='word_1_760' title='bbox 929 5497 1142 5563; x_wconf 79' lang='grc' dir='ltr'>νοητὸν,</span> <span class='ocrx_word' id='word_1_761' title='bbox 1179 5495 1525 5563; x_wconf 77' lang='grc' dir='ltr'>ἀφθέγκτως,</span> <span class='ocrx_word' id='word_1_762' title='bbox 1574 5498 1666 5548; x_wconf 77' lang='grc' dir='ltr'><strong>καί</strong></span> <span class='ocrx_word' id='word_1_763' title='bbox 1697 5496 1870 5564; x_wconf 59' lang='grc' dir='ltr'><strong>ἀρῤίΓ</strong></span> 
     </span>
    </p>
   </div>
   <div class='ocr_carea' id='block_1_103' title="bbox 263 5586 1864 5659">
    <p class='ocr_par' dir='ltr' id='par_1_103' title="bbox 263 5586 1864 5659">
     <span class='ocr_line' id='line_1_103' title="bbox 263 5586 1864 5659; baseline 0.001 -23"><span class='ocrx_word' id='word_1_764' title='bbox 263 5601 404 5648; x_wconf 73' lang='grc' dir='ltr'>τως,</span> <span class='ocrx_word' id='word_1_765' title='bbox 462 5586 560 5636; x_wconf 75' lang='grc' dir='ltr'>καὶ</span> <span class='ocrx_word' id='word_1_766' title='bbox 601 5587 656 5636; x_wconf 82' lang='grc' dir='ltr'>ὲν</span> <span class='ocrx_word' id='word_1_767' title='bbox 707 5589 886 5656; x_wconf 80' lang='grc' dir='ltr'>σιωπῇ</span> <span class='ocrx_word' id='word_1_768' title='bbox 928 5586 956 5636; x_wconf 84' lang='grc' dir='ltr'>ὁ</span> <span class='ocrx_word' id='word_1_769' title='bbox 1010 5587 1135 5649; x_wconf 84' lang='grc' dir='ltr'>νοῦς</span> <span class='ocrx_word' id='word_1_770' title='bbox 1175 5588 1316 5659; x_wconf 77' lang='grc' dir='ltr'>ὑπὲρ</span> <span class='ocrx_word' id='word_1_771' title='bbox 1350 5587 1559 5641; x_wconf 78' lang='grc' dir='ltr'>ἔννοιαν</span> <span class='ocrx_word' id='word_1_772' title='bbox 1619 5587 1864 5648; x_wconf 63' lang='grc' dir='ltr'>ὲνοειδεῖλς</span> 
     </span>
    </p>
   </div>
   <div class='ocr_carea' id='block_1_104' title="bbox 262 5674 1866 5747">
    <p class='ocr_par' dir='ltr' id='par_1_104' title="bbox 262 5674 1866 5747">
     <span class='ocr_line' id='line_1_104' title="bbox 262 5674 1866 5747; baseline -0.001 -20"><span class='ocrx_word' id='word_1_773' title='bbox 262 5674 491 5744; x_wconf 62' lang='grc' dir='ltr'>ἀφορᾷν</span> <span class='ocrx_word' id='word_1_774' title='bbox 539 5674 614 5736; x_wconf 81' lang='grc' dir='ltr'>ὡς</span> <span class='ocrx_word' id='word_1_775' title='bbox 670 5674 1007 5745; x_wconf 76' lang='grc' dir='ltr'>ἀπόκρυφον,</span> <span class='ocrx_word' id='word_1_776' title='bbox 1055 5678 1147 5728; x_wconf 84' lang='grc' dir='ltr'><strong>καὶ</strong></span> <span class='ocrx_word' id='word_1_777' title='bbox 1191 5678 1403 5747; x_wconf 83' lang='grc' dir='ltr'>χαίρειν</span> <span class='ocrx_word' id='word_1_778' title='bbox 1450 5679 1522 5739; x_wconf 80' lang='grc' dir='ltr'>ὡς</span> <span class='ocrx_word' id='word_1_779' title='bbox 1555 5678 1734 5745; x_wconf 75' lang='grc' dir='ltr'>αἰτίῳ,</span> <span class='ocrx_word' id='word_1_780' title='bbox 1773 5678 1866 5726; x_wconf 67' lang='grc' dir='ltr'><strong>καὶ</strong></span> 
     </span>
    </p>
   </div>
   <div class='ocr_carea' id='block_1_105' title="bbox 268 5765 1866 5839">
    <p class='ocr_par' dir='ltr' id='par_1_105' title="bbox 268 5765 1866 5839">
     <span class='ocr_line' id='line_1_105' title="bbox 268 5765 1866 5839; baseline 0 -22"><span class='ocrx_word' id='word_1_781' title='bbox 268 5765 597 5835; x_wconf 72' lang='grc' dir='ltr'>’προμηθείο</span> <span class='ocrx_word' id='word_1_782' title='bbox 662 5768 756 5818; x_wconf 74' lang='grc' dir='ltr'><strong>καὶ</strong></span> <span class='ocrx_word' id='word_1_783' title='bbox 794 5767 1196 5838; x_wconf 78' lang='grc' dir='ltr'>ἐκπλήττεσθαι</span> <span class='ocrx_word' id='word_1_784' title='bbox 1255 5769 1329 5832; x_wconf 85' lang='grc' dir='ltr'>ὼς</span> <span class='ocrx_word' id='word_1_785' title='bbox 1382 5769 1716 5839; x_wconf 71' lang='grc' dir='ltr'>ὑπερφώτῳ,</span> <span class='ocrx_word' id='word_1_786' title='bbox 1773 5769 1866 5820; x_wconf 75' lang='grc' dir='ltr'><strong>καὶ</strong></span> 
     </span>
    </p>
   </div>
   <div class='ocr_carea' id='block_1_106' title="bbox 271 5860 1864 5934">
    <p class='ocr_par' dir='ltr' id='par_1_106' title="bbox 271 5860 1864 5934">
     <span class='ocr_line' id='line_1_106' title="bbox 271 5860 1864 5934; baseline 0.002 -20"><span class='ocrx_word' id='word_1_787' title='bbox 271 5860 636 5931; x_wconf 78' lang='grc' dir='ltr'>ὑπεραγάθῳ,</span> <span class='ocrx_word' id='word_1_788' title='bbox 663 5863 958 5931; x_wconf 63' lang='grc' dir='ltr'>ὑπερσόφω</span> <span class='ocrx_word' id='word_1_789' title='bbox 981 5881 1036 5916; x_wconf 83' lang='grc' dir='ltr'><strong>τε</strong></span> <span class='ocrx_word' id='word_1_790' title='bbox 1067 5868 1158 5918; x_wconf 78' lang='grc' dir='ltr'><strong>καὶ</strong></span> <span class='ocrx_word' id='word_1_791' title='bbox 1189 5865 1570 5934; x_wconf 79' lang='grc' dir='ltr'>ὑπερὸυνοὶμῳ,</span> <span class='ocrx_word' id='word_1_792' title='bbox 1605 5866 1693 5919; x_wconf 72' lang='grc' dir='ltr'><strong>καὶ</strong></span> <span class='ocrx_word' id='word_1_793' title='bbox 1719 5867 1864 5926; x_wconf 55' lang='grc' dir='ltr'>θείας</span> 
     </span>
    </p>
   </div>
   <div class='ocr_carea' id='block_1_107' title="bbox 1957 4667 3529 4743">
    <p class='ocr_par' dir='ltr' id='par_1_107' title="bbox 1957 4667 3529 4743">
     <span class='ocr_line' id='line_1_107' title="bbox 1957 4667 3529 4743; baseline -0.013 -6"><span class='ocrx_word' id='word_1_794' title='bbox 1957 4683 2150 4741; x_wconf 83' lang='lat' dir='ltr'><strong>hensio</strong></span> <span class='ocrx_word' id='word_1_795' title='bbox 2175 4676 2497 4732; x_wconf 82' lang='lat' dir='ltr'><strong>naturaliter</strong></span> <span class='ocrx_word' id='word_1_796' title='bbox 2529 4690 2596 4729; x_wconf 80' lang='lat' dir='ltr'><strong>ex</strong></span> <span class='ocrx_word' id='word_1_797' title='bbox 2619 4675 2734 4743; x_wconf 91' lang='lat' dir='ltr'><strong>ipso</strong></span> <span class='ocrx_word' id='word_1_798' title='bbox 2754 4670 3074 4741; x_wconf 89' lang='lat' dir='ltr'><strong>procedens,</strong></span> <span class='ocrx_word' id='word_1_799' title='bbox 3101 4670 3268 4721; x_wconf 87' lang='lat' dir='ltr'><strong>multa</strong></span> <span class='ocrx_word' id='word_1_800' title='bbox 3287 4667 3529 4734; x_wconf 83' lang='lat' dir='ltr'><strong>quidem,</strong></span> 
     </span>
    </p>
   </div>
   <div class='ocr_carea' id='block_1_108' title="bbox 1957 4760 3525 4834">
    <p class='ocr_par' dir='ltr' id='par_1_108' title="bbox 1957 4760 3525 4834">
     <span class='ocr_line' id='line_1_108' title="bbox 1957 4760 3525 4834; baseline -0.013 -4"><span class='ocrx_word' id='word_1_801' title='bbox 1957 4788 2013 4830; x_wconf 88' lang='lat' dir='ltr'><strong>et</strong></span> <span class='ocrx_word' id='word_1_802' title='bbox 2046 4787 2144 4827; x_wconf 85' lang='lat' dir='ltr'><strong>nos</strong></span> <span class='ocrx_word' id='word_1_803' title='bbox 2172 4786 2389 4824; x_wconf 89' lang='lat' dir='ltr'><strong>rursum</strong></span> <span class='ocrx_word' id='word_1_804' title='bbox 2421 4781 2586 4830; x_wconf 89' lang='lat' dir='ltr'><strong>super</strong></span> <span class='ocrx_word' id='word_1_805' title='bbox 2615 4769 2849 4834; x_wconf 87' lang='lat' dir='ltr'><strong>seipsam</strong></span> <span class='ocrx_word' id='word_1_806' title='bbox 2880 4760 3525 4824; x_wconf 82' lang='lat' dir='ltr'><strong>extemlens,ctcireum-</strong></span> 
     </span>
    </p>
   </div>
   <div class='ocr_carea' id='block_1_109' title="bbox 1956 4853 3532 4936">
    <p class='ocr_par' dir='ltr' id='par_1_109' title="bbox 1956 4853 3532 4936">
     <span class='ocr_line' id='line_1_109' title="bbox 1956 4853 3532 4936; baseline -0.015 -14"><span class='ocrx_word' id='word_1_807' title='bbox 1956 4882 2122 4936; x_wconf 87' lang='lat' dir='ltr'><strong>agens</strong></span> <span class='ocrx_word' id='word_1_808' title='bbox 2149 4863 2416 4934; x_wconf 88' lang='lat' dir='ltr'><strong>spirituali</strong></span> <span class='ocrx_word' id='word_1_809' title='bbox 2443 4861 2608 4913; x_wconf 91' lang='lat' dir='ltr'><strong>ductu</strong></span> <span class='ocrx_word' id='word_1_810' title='bbox 2644 4867 2695 4911; x_wconf 91' lang='lat' dir='ltr'><strong>et</strong></span> <span class='ocrx_word' id='word_1_811' title='bbox 2721 4869 3077 4910; x_wconf 83' lang='lat' dir='ltr'><strong>conversione</strong></span> <span class='ocrx_word' id='word_1_812' title='bbox 3101 4862 3153 4906; x_wconf 88' lang='lat' dir='ltr'><strong>et</strong></span> <span class='ocrx_word' id='word_1_813' title='bbox 3184 4853 3532 4911; x_wconf 83' lang='lat' dir='ltr'><strong>extensione,</strong></span> 
     </span>
    </p>
   </div>
   <div class='ocr_carea' id='block_1_110' title="bbox 1957 4944 3527 5018">
    <p class='ocr_par' dir='ltr' id='par_1_110' title="bbox 1957 4944 3527 5018">
     <span class='ocr_line' id='line_1_110' title="bbox 1957 4944 3527 5018; baseline -0.013 -2"><span class='ocrx_word' id='word_1_814' title='bbox 1957 4974 2080 5016; x_wconf 90' lang='lat' dir='ltr'><strong>cum</strong></span> <span class='ocrx_word' id='word_1_815' title='bbox 2113 4958 2243 5012; x_wconf 90' lang='lat' dir='ltr'><strong>illud</strong></span> <span class='ocrx_word' id='word_1_816' title='bbox 2274 4953 2478 5008; x_wconf 83' lang='lat' dir='ltr'><strong>initiale</strong></span> <span class='ocrx_word' id='word_1_817' title='bbox 2497 4945 3183 5018; x_wconf 83' lang='lat' dir='ltr'><strong>arcanumsupernaturale</strong></span> <span class='ocrx_word' id='word_1_818' title='bbox 3210 4960 3378 4997; x_wconf 86' lang='lat' dir='ltr'><strong>unum</strong></span> <span class='ocrx_word' id='word_1_819' title='bbox 3416 4944 3527 5009; x_wconf 85' lang='lat' dir='ltr'><strong>sit;</strong></span> 
     </span>
    </p>
   </div>
   <div class='ocr_carea' id='block_1_111' title="bbox 1959 5043 3534 5112">
    <p class='ocr_par' dir='ltr' id='par_1_111' title="bbox 1959 5043 3534 5112">
     <span class='ocr_line' id='line_1_111' title="bbox 1959 5043 3534 5112; baseline -0.011 -6"><span class='ocrx_word' id='word_1_820' title='bbox 1959 5062 2170 5106; x_wconf 91' lang='lat' dir='ltr'><strong>tantum</strong></span> <span class='ocrx_word' id='word_1_821' title='bbox 2205 5065 2305 5103; x_wconf 86' lang='lat' dir='ltr'><strong>nos</strong></span> <span class='ocrx_word' id='word_1_822' title='bbox 2344 5062 2467 5102; x_wconf 90' lang='lat' dir='ltr'><strong>cum</strong></span> <span class='ocrx_word' id='word_1_823' title='bbox 2501 5047 2619 5112; x_wconf 85' lang='lat' dir='ltr'><strong>ipso</strong></span> <span class='ocrx_word' id='word_1_824' title='bbox 2661 5043 2948 5105; x_wconf 76' lang='lat' dir='ltr'><strong>umficans,</strong></span> <span class='ocrx_word' id='word_1_825' title='bbox 2997 5049 3259 5109; x_wconf 88' lang='lat' dir='ltr'><strong>quantum</strong></span> <span class='ocrx_word' id='word_1_826' title='bbox 3309 5051 3534 5090; x_wconf 84' lang='lat' dir='ltr'><strong>necesse</strong></span> 
     </span>
    </p>
   </div>
   <div class='ocr_carea' id='block_1_112' title="bbox 1958 5127 3530 5198">
    <p class='ocr_par' dir='ltr' id='par_1_112' title="bbox 1958 5127 3530 5198">
     <span class='ocr_line' id='line_1_112' title="bbox 1958 5127 3530 5198; baseline -0.012 -1"><span class='ocrx_word' id='word_1_827' title='bbox 1958 5156 2037 5198; x_wconf 80' lang='lat' dir='ltr'><strong>est</strong></span> <span class='ocrx_word' id='word_1_828' title='bbox 2079 5153 2135 5196; x_wconf 92' lang='lat' dir='ltr'><strong>ut</strong></span> <span class='ocrx_word' id='word_1_829' title='bbox 2160 5143 2397 5194; x_wconf 87' lang='lat' dir='ltr'><strong>sciamus</strong></span> <span class='ocrx_word' id='word_1_830' title='bbox 2426 5137 2552 5190; x_wconf 88' lang='lat' dir='ltr'><strong>illud</strong></span> <span class='ocrx_word' id='word_1_831' title='bbox 2579 5149 2700 5188; x_wconf 88' lang='lat' dir='ltr'><strong>esse</strong></span> <span class='ocrx_word' id='word_1_832' title='bbox 2734 5143 2788 5187; x_wconf 87' lang='lat' dir='ltr'><strong>et</strong></span> <span class='ocrx_word' id='word_1_833' title='bbox 2819 5147 2942 5187; x_wconf 84' lang='lat' dir='ltr'><strong>esse</strong></span> <span class='ocrx_word' id='word_1_834' title='bbox 2985 5145 3194 5195; x_wconf 87' lang='lat' dir='ltr'><strong>unum;</strong></span> <span class='ocrx_word' id='word_1_835' title='bbox 3242 5137 3296 5180; x_wconf 87' lang='lat' dir='ltr'><strong>ct</strong></span> <span class='ocrx_word' id='word_1_836' title='bbox 3353 5127 3530 5180; x_wconf 89' lang='lat' dir='ltr'><strong>adhuc</strong></span> 
     </span>
    </p>
   </div>
   <div class='ocr_carea' id='block_1_113' title="bbox 1958 5222 3532 5296">
    <p class='ocr_par' dir='ltr' id='par_1_113' title="bbox 1958 5222 3532 5296">
     <span class='ocr_line' id='line_1_113' title="bbox 1958 5222 3532 5296; baseline -0.009 -11"><span class='ocrx_word' id='word_1_837' title='bbox 1958 5238 2092 5292; x_wconf 84' lang='lat' dir='ltr'><strong>illud</strong></span> <span class='ocrx_word' id='word_1_838' title='bbox 2119 5250 2240 5289; x_wconf 83' lang='lat' dir='ltr'><strong>esse</strong></span> <span class='ocrx_word' id='word_1_839' title='bbox 2269 5232 2491 5285; x_wconf 84' lang='lat' dir='ltr'><strong>omnino</strong></span> <span class='ocrx_word' id='word_1_840' title='bbox 2532 5227 2900 5296; x_wconf 75' lang='lat' dir='ltr'><strong>incogitaltile,</strong></span> <span class='ocrx_word' id='word_1_841' title='bbox 2937 5233 2984 5276; x_wconf 87' lang='lat' dir='ltr'><strong>et</strong></span> <span class='ocrx_word' id='word_1_842' title='bbox 3020 5222 3355 5291; x_wconf 81' lang='lat' dir='ltr'><strong>impossibile</strong></span> <span class='ocrx_word' id='word_1_843' title='bbox 3409 5234 3532 5274; x_wconf 84' lang='lat' dir='ltr'><strong>esse</strong></span> 
     </span>
    </p>
   </div>
   <div class='ocr_carea' id='block_1_114' title="bbox 1960 5315 3526 5397">
    <p class='ocr_par' dir='ltr' id='par_1_114' title="bbox 1960 5315 3526 5397">
     <span class='ocr_line' id='line_1_114' title="bbox 1960 5315 3526 5397; baseline -0.011 -16"><span class='ocrx_word' id='word_1_844' title='bbox 1960 5342 2015 5382; x_wconf 91' lang='lat' dir='ltr'><strong>ut</strong></span> <span class='ocrx_word' id='word_1_845' title='bbox 2051 5327 2411 5397; x_wconf 88' lang='lat' dir='ltr'><strong>perpieiamus</strong></span> <span class='ocrx_word' id='word_1_846' title='bbox 2433 5319 2562 5390; x_wconf 91' lang='lat' dir='ltr'><strong>quid</strong></span> <span class='ocrx_word' id='word_1_847' title='bbox 2607 5321 2678 5373; x_wconf 89' lang='lat' dir='ltr'><strong>sit</strong></span> <span class='ocrx_word' id='word_1_848' title='bbox 2708 5319 2836 5371; x_wconf 91' lang='lat' dir='ltr'><strong>illud</strong></span> <span class='ocrx_word' id='word_1_849' title='bbox 2905 5315 3283 5370; x_wconf 86' lang='lat' dir='ltr'><strong>absconditum</strong></span> <span class='ocrx_word' id='word_1_850' title='bbox 3338 5328 3526 5365; x_wconf 90' lang='lat' dir='ltr'><strong>unum.</strong></span> 
     </span>
    </p>
   </div>
   <div class='ocr_carea' id='block_1_115' title="bbox 1959 5405 3530 5488">
    <p class='ocr_par' dir='ltr' id='par_1_115' title="bbox 1959 5405 3530 5488">
     <span class='ocr_line' id='line_1_115' title="bbox 1959 5405 3530 5488; baseline -0.011 -16"><span class='ocrx_word' id='word_1_851' title='bbox 1959 5422 2113 5488; x_wconf 85' lang='lat' dir='ltr'><strong>Quod</strong></span> <span class='ocrx_word' id='word_1_852' title='bbox 2146 5434 2308 5487; x_wconf 77' lang='lat' dir='ltr'><strong>supra</strong></span> <span class='ocrx_word' id='word_1_853' title='bbox 2344 5424 2583 5468; x_wconf 90' lang='lat' dir='ltr'><strong>mentum</strong></span> <span class='ocrx_word' id='word_1_854' title='bbox 2604 5414 2768 5465; x_wconf 75' lang='lat' dir='ltr'><strong>situ-ii</strong></span> <span class='ocrx_word' id='word_1_855' title='bbox 2799 5419 2879 5463; x_wconf 91' lang='lat' dir='ltr'><strong>est</strong></span> <span class='ocrx_word' id='word_1_856' title='bbox 2900 5422 2944 5461; x_wconf 87' lang='lat' dir='ltr'><strong>et</strong></span> <span class='ocrx_word' id='word_1_857' title='bbox 2965 5410 3100 5477; x_wconf 78' lang='lat' dir='ltr'><strong>fugit</strong></span> <span class='ocrx_word' id='word_1_858' title='bbox 3127 5405 3530 5476; x_wconf 75' lang='lat' dir='ltr'><strong>cogitationem,</strong></span> 
     </span>
    </p>
   </div>
   <div class='ocr_carea' id='block_1_116' title="bbox 1959 5497 3527 5585">
    <p class='ocr_par' dir='ltr' id='par_1_116' title="bbox 1959 5497 3527 5585">
     <span class='ocr_line' id='line_1_116' title="bbox 1959 5497 3527 5585; baseline -0.013 -19"><span class='ocrx_word' id='word_1_859' title='bbox 1959 5515 2228 5585; x_wconf 88' lang='lat' dir='ltr'><strong>quomodo</strong></span> <span class='ocrx_word' id='word_1_860' title='bbox 2259 5511 2386 5560; x_wconf 89' lang='lat' dir='ltr'><strong>illud</strong></span> <span class='ocrx_word' id='word_1_861' title='bbox 2413 5506 2548 5559; x_wconf 89' lang='lat' dir='ltr'><strong>ratio</strong></span> <span class='ocrx_word' id='word_1_862' title='bbox 2584 5505 2753 5573; x_wconf 83' lang='lat' dir='ltr'><strong>possit</strong></span> <span class='ocrx_word' id='word_1_863' title='bbox 2783 5511 3072 5570; x_wconf 79' lang='lat' dir='ltr'><strong>penetrare</strong></span> <span class='ocrx_word' id='word_1_864' title='bbox 3106 5499 3129 5551; x_wconf 84' lang='lat'><strong>?</strong></span> <span class='ocrx_word' id='word_1_865' title='bbox 3157 5497 3312 5562; x_wconf 82' lang='lat' dir='ltr'><strong>Quod</strong></span> <span class='ocrx_word' id='word_1_866' title='bbox 3348 5503 3527 5548; x_wconf 81' lang='lat' dir='ltr'><strong>autem</strong></span> 
     </span>
    </p>
   </div>
   <div class='ocr_carea' id='block_1_117' title="bbox 1961 5586 3531 5666">
    <p class='ocr_par' dir='ltr' id='par_1_117' title="bbox 1961 5586 3531 5666">
     <span class='ocr_line' id='line_1_117' title="bbox 1961 5586 3531 5666; baseline -0.013 -8"><span class='ocrx_word' id='word_1_867' title='bbox 1961 5604 2100 5659; x_wconf 77' lang='lat' dir='ltr'><strong>ratio</strong></span> <span class='ocrx_word' id='word_1_868' title='bbox 2134 5618 2238 5653; x_wconf 91' lang='lat' dir='ltr'><strong>non</strong></span> <span class='ocrx_word' id='word_1_869' title='bbox 2276 5607 2450 5666; x_wconf 81' lang='lat' dir='ltr'><strong>petest</strong></span> <span class='ocrx_word' id='word_1_870' title='bbox 2507 5596 2800 5662; x_wconf 86' lang='lat' dir='ltr'><strong>cogitatum</strong></span> <span class='ocrx_word' id='word_1_871' title='bbox 2850 5599 3152 5660; x_wconf 68' lang='lat' dir='ltr'><strong>penMrarc,</strong></span> <span class='ocrx_word' id='word_1_872' title='bbox 3197 5602 3350 5639; x_wconf 87' lang='lat' dir='ltr'><strong>mens</strong></span> <span class='ocrx_word' id='word_1_873' title='bbox 3407 5586 3531 5638; x_wconf 78' lang='lat' dir='ltr'><strong>abs-</strong></span> 
     </span>
    </p>
   </div>
   <div class='ocr_carea' id='block_1_118' title="bbox 1961 5676 3528 5762">
    <p class='ocr_par' dir='ltr' id='par_1_118' title="bbox 1961 5676 3528 5762">
     <span class='ocr_line' id='line_1_118' title="bbox 1961 5676 3528 5762; baseline -0.011 -17"><span class='ocrx_word' id='word_1_874' title='bbox 1961 5711 2066 5762; x_wconf 81' lang='lat' dir='ltr'><strong>que</strong></span> <span class='ocrx_word' id='word_1_875' title='bbox 2094 5708 2223 5744; x_wconf 73' lang='lat' dir='ltr'><strong>voce</strong></span> <span class='ocrx_word' id='word_1_876' title='bbox 2261 5702 2312 5741; x_wconf 87' lang='lat' dir='ltr'><strong>et</strong></span> <span class='ocrx_word' id='word_1_877' title='bbox 2354 5688 2518 5740; x_wconf 76' lang='lat' dir='ltr'><strong>verbo</strong></span> <span class='ocrx_word' id='word_1_878' title='bbox 2549 5695 2600 5738; x_wconf 87' lang='lat' dir='ltr'><strong>et</strong></span> <span class='ocrx_word' id='word_1_879' title='bbox 2626 5687 2676 5736; x_wconf 92' lang='lat' dir='ltr'><strong>in</strong></span> <span class='ocrx_word' id='word_1_880' title='bbox 2712 5683 2928 5739; x_wconf 81' lang='lat' dir='ltr'><strong>silentio</strong></span> <span class='ocrx_word' id='word_1_881' title='bbox 2955 5694 3116 5746; x_wconf 88' lang='lat' dir='ltr'><strong>supra</strong></span> <span class='ocrx_word' id='word_1_882' title='bbox 3145 5676 3528 5746; x_wconf 79' lang='lat' dir='ltr'><strong>cogitationem</strong></span> 
     </span>
    </p>
   </div>
   <div class='ocr_carea' id='block_1_119' title="bbox 1963 5769 3530 5852">
    <p class='ocr_par' dir='ltr' id='par_1_119' title="bbox 1963 5769 3530 5852">
     <span class='ocr_line' id='line_1_119' title="bbox 1963 5769 3530 5852; baseline -0.016 -10"><span class='ocrx_word' id='word_1_883' title='bbox 1963 5786 2278 5852; x_wconf 79' lang='lat' dir='ltr'><strong>simpliriter</strong></span> <span class='ocrx_word' id='word_1_884' title='bbox 2312 5780 2552 5849; x_wconf 75' lang='lat' dir='ltr'><strong>aspicere</strong></span> <span class='ocrx_word' id='word_1_885' title='bbox 2595 5785 2765 5843; x_wconf 79' lang='lat' dir='ltr'><strong>petest</strong></span> <span class='ocrx_word' id='word_1_886' title='bbox 2812 5783 2866 5824; x_wconf 89' lang='lat' dir='ltr'><strong>ut</strong></span> <span class='ocrx_word' id='word_1_887' title='bbox 2926 5769 3303 5823; x_wconf 59' lang='lat' dir='ltr'><strong>alisvouditum</strong></span> <span class='ocrx_word' id='word_1_888' title='bbox 3360 5775 3411 5817; x_wconf 79' lang='lat' dir='ltr'><strong>et</strong></span> <span class='ocrx_word' id='word_1_889' title='bbox 3465 5780 3530 5817; x_wconf 87' lang='lat' dir='ltr'><strong>e0</strong></span> 
     </span>
    </p>
   </div>
   <div class='ocr_carea' id='block_1_120' title="bbox 1966 5858 3530 5942">
    <p class='ocr_par' dir='ltr' id='par_1_120' title="bbox 1966 5858 3530 5942">
     <span class='ocr_line' id='line_1_120' title="bbox 1966 5858 3530 5942; baseline -0.019 -9"><span class='ocrx_word' id='word_1_890' title='bbox 1966 5879 2131 5933; x_wconf 64' lang='lat' dir='ltr'><strong>lmtazi</strong></span> <span class='ocrx_word' id='word_1_891' title='bbox 2175 5884 2430 5942; x_wconf 80' lang='lat' dir='ltr'><strong>tanquam</strong></span> <span class='ocrx_word' id='word_1_892' title='bbox 2465 5867 2730 5939; x_wconf 79' lang='lat' dir='ltr'><strong>principio</strong></span> <span class='ocrx_word' id='word_1_893' title='bbox 2761 5873 2811 5919; x_wconf 83' lang='lat' dir='ltr'><strong>et</strong></span> <span class='ocrx_word' id='word_1_894' title='bbox 2845 5858 3198 5932; x_wconf 80' lang='lat' dir='ltr'><strong>providentia,</strong></span> <span class='ocrx_word' id='word_1_895' title='bbox 3233 5867 3284 5909; x_wconf 82' lang='lat' dir='ltr'><strong>ct</strong></span> <span class='ocrx_word' id='word_1_896' title='bbox 3309 5867 3530 5924; x_wconf 84' lang='lat' dir='ltr'><strong>stupere</strong></span> 
     </span>
    </p>
   </div>
  </div>
