4266 6450
798 397 908 460 887

1936 386 2281 451 CAIJJSTI
2317 382 2936 445 CATAPHUGIOTJ'J

3955 387 4059 449 888

799 528 1057 585 tanquam
1099 510 1547 582 superspleudido
1574 521 1626 564 et
1660 512 2036 579 superoptimo
2087 519 2138 563 et
2173 521 2377 576 pra'po-
2407 501 2484 561 Ai

2366 533 2377 544 .
2407 509 2453 561 Α
2476 499 2769 553 ἀπολαύειν
2802 504 2866 557 ὲκ
2895 506 3086 558 τούτου
3117 508 3522 576 ἀγαλλιάσεως,
3563 513 3636 576 ὡς
3687 510 3840 566 οὖσιν
3891 517 4051 569 ἀπεί-

799 608 928 661 tenti
965 617 1018 662 et
1048 605 1226 658 divina
1261 621 1323 658 ex
1372 605 1489 672 ipso
1533 602 1890 658 exsultatione
1932 602 2060 666 frui,
2117 610 2374 669 tanquam

799 700 1025 754 inﬁnitis
1072 705 1126 751 et
1170 697 1540 750 interminatis
1599 695 1856 750 omnibus
1905 695 2103 762 quibus
2161 694 2376 749 videtur

796 791 1296 860 supersubtantiale
1349 804 1518 842 unum
1597 787 2012 852 absconditum;
2048 798 2103 841 et
2153 787 2377 841 omnino

797 881 1081 935 rationalis
1129 891 1335 933 natura:
1367 881 1758 949 consequentia
1808 888 1912 932 est.
1971 877 2376 947 lneonsequens

797 977 962 1044 igitur
995 982 1078 1027 est
1121 985 1352 1026 mentem
1401 988 1522 1042 quae
1557 975 1608 1026 in
1647 972 1714 1026 iis
1764 983 2037 1038 versatur,
2074 973 2377 1026 rationibus

803 1071 902 1129 uti,
952 1081 1123 1135 caque
1157 1075 1446 1136 penetrare
1503 1075 1895 1120 transeuntem.
1931 1064 2032 1130 Qui
2083 1065 2250 1134 igitur
2298 1065 2370 1119 si-

794 1158 960 1212 lentio
989 1173 1097 1210 non
1136 1159 1326 1217 utitur.
1353 1157 1448 1210 sed
1496 1171 1646 1222 voce,
1675 1171 1704 1210 a
1737 1170 1951 1209 smmno
1996 1158 2195 1209 mentis
2228 1165 2372 1208 statu

794 1254 1009 1306 deﬁcit:
1040 1254 1084 1306 is
1155 1253 1300 1306 enim
1336 1266 1587 1304 sunnnns
1617 1252 1736 1319 ejus
1771 1258 1949 1304 status
1977 1261 2081 1312 est.
2109 1259 2169 1302 ut
2195 1249 2229 1303 ii
2272 1250 2372 1318 ipsi

794 1346 885 1412 qui
921 1345 1050 1398 nihil
1095 1346 1344 1398 veritatis
1377 1358 1484 1409 pra:
1524 1359 1584 1397 se
1622 1343 1824 1404 lerunt,
1855 1342 2265 1408 confiterentur,
2317 1341 2372 1396 in

795 1458 1011 1496 summo
1039 1457 1157 1495 eam
1200 1456 1312 1494 sua:
1357 1440 1574 1493 virtutis
1599 1441 1770 1507 gradu
1803 1438 2082 1493 constitui.
2116 1439 2374 1494 Summus

795 1553 958 1603 porro
990 1536 1076 1588 ille
1105 1536 1308 1604 gradus
1341 1545 1422 1601 est
1455 1534 1520 1587 ad
1553 1532 1683 1586 illud
1715 1532 1860 1602 quod
1887 1547 2159 1586 summum
2181 1540 2266 1587 est
2288 1547 2372 1588 as-

799 1637 1004 1694 pectus,
1039 1628 1133 1696 qui
1161 1636 1214 1681 et
1238 1629 1355 1682 sine
1384 1625 1558 1681 oculis
1585 1625 1769 1695 perﬁci
1802 1626 1998 1679 dicitur
2029 1642 2045 1692 ;
2077 1627 2253 1680 multo
2275 1627 2373 1696 igi-

795 1734 880 1775 tur
907 1723 1106 1787 minus;
1141 1734 1193 1776 et
1223 1722 1337 1775 sine
1362 1736 1494 1774 voce
1528 1735 1590 1774 ac
1621 1720 1817 1774 verbis.

864 1815 954 1869 46.
996 1815 1223 1880 Quando
1256 1829 1411 1869 mens
1450 1813 1564 1867 sine
1589 1812 1764 1868 oculis
1799 1813 2010 1867 accedit
2056 1813 2122 1866 ad
2147 1813 2372 1868 divinis-

795 1903 1011 1967 simam,
1074 1917 1258 1967 unam,
1278 1913 1533 1957 aeternam
1567 1915 1629 1954 ac
1657 1915 1923 1954 summam
1951 1901 2365 1965 obscuritatem,

797 2011 1079 2059 assensus,
1106 2005 1159 2049 et
1197 1997 1282 2050 hic
1307 1997 1425 2049 sine
1455 1995 1630 2050 oculis
1664 1994 1791 2048 inde
1826 1995 1891 2048 ad
1945 2005 2177 2049 mentem
2235 1996 2368 2049 sim-

800 2091 990 2156 plicem
1032 2088 1332 2153 descendit,
1363 2087 1594 2155 simplex
1625 2100 1842 2156 quoque
1870 2094 1925 2140 et
1963 2086 2369 2157 pulchritudine

795 2196 858 2233 ac
900 2179 1016 2234 luce
1067 2179 1262 2232 eximia
1299 2189 1351 2232 et
1384 2177 1639 2231 ineﬁ‘ahlli
1694 2177 1980 2246 splendore
2040 2178 2269 2246 plenus;
2315 2188 2369 2232 et

794 2276 848 2326 in
880 2272 1255 2325 admirationis
1283 2270 1530 2339 abyssum
1565 2282 1618 2323 et
1653 2271 1889 2338 stuporis
1919 2279 2154 2325 mentem
2207 2272 2260 2325 in
2294 2272 2369 2325 si-

796 2367 964 2419 lentio
987 2366 1224 2418 inritans
1249 2382 1270 2430 ;-
1298 2363 1766 2433 comprehenderis
1798 2377 1893 2416 cor
1934 2363 2205 2432 spirituali
2249 2363 2366 2416 elﬁ-

797 2457 946 2512 cacia
973 2466 1026 2510 et
1050 2457 1195 2510 dulei
1223 2455 1438 2526 gaudio.
1483 2453 1561 2508 Fit
1601 2455 1768 2510 menti
1823 2454 2001 2509 dulcis
2039 2456 2365 2509 illuniinatio

795 2565 858 2602 ac
884 2550 1160 2618 Splendor,
1187 2558 1239 2603 ct
1286 2548 1539 2602 divinans
1583 2547 1884 2602 secundum
1952 2545 2364 2601 similitudinem

793 2657 966 2706 amor,
1003 2653 1055 2697 et
1089 2658 1222 2712 pura
1244 2642 1553 2697 exsultatio.
1589 2639 1922 2709 Principium
1946 2650 2124 2694 autem
2159 2656 2225 2696 ex
2256 2642 2365 2695 Deo

799 2738 977 2796 habet,
1023 2736 1164 2790 unde
1216 2751 1378 2790 omne
1448 2737 1648 2790 donum
1703 2736 1966 2804 optimum
2019 2749 2116 2804 per
2172 2735 2366 2788 utentis

795 2827 1113 2882 munditiam
1147 2847 1162 2894 ;
1199 2838 1251 2882 et
1284 2829 1464 2894 habet,
1490 2839 1545 2882 ut
1581 2831 1652 2881 ita
1699 2828 1900 2891 dicam,
1956 2828 2238 2881 materiam
2299 2843 2362 2880 ex

791 2922 994 2975 divinis
1024 2920 1457 2990 apparitionibus
1491 2936 1587 2988 per
1621 2920 1942 2988 scripturas,
1991 2930 2045 2973 et
2087 2931 2366 2973 creaturas

793 3013 1161 3083 Intelligentcr
1198 3029 1322 3066 cum
1358 3023 1503 3066 recto
1561 3013 1725 3066 corde
1751 3013 1804 3065 in
1859 3011 2256 3076 tranquillitate
2309 3022 2364 3065 ct

791 3107 1039 3160 oratione
1092 3106 1475 3172 consideratis,
1533 3103 1649 3160 Non
1707 3108 1852 3161 enim
1900 3106 2144 3176 quolibet
2201 3107 2363 3159 modo

2470 607 2608 661 ροις,
2645 597 2740 649 καὶ
2792 599 3060 666 ἀορίστοις
3103 602 3326 666 ἅπασιν,
3357 606 3438 666 οἱς
3486 606 3680 672 ὁρᾶται
3712 609 3772 658 τὸ
3821 609 4052 679 ὑπερθύ-

2471 700 2584 738 σιον
2641 689 2956 758 ἀπόκρυφον
2988 691 3047 743 ἓν
3075 732 3090 754 ,
3123 697 3214 746 καὶ
3263 696 3402 748 πάνυ
3440 713 3520 749 τοι
3571 699 3788 770 φύσεως
3826 700 4052 769 λογικῆς

2469 778 2840 850 ἀκολούθημα.
2901 784 3284 838 Ἀνακόλουθον
3310 787 3386 852 δὲ,
3419 791 3477 840 ὲν
3511 791 3775 854 τοιούτοις
3803 792 3936 846 ὄντα
3963 795 4054 846 τὸν

2467 873 2614 935 νοῦν,
2646 874 2825 942 λόγοις
2851 877 3108 947 χρῆσθαι,
3141 881 3233 932 καὶ
3263 879 3587 944 διεξοδεύειν
3629 884 4050 952 μεταϐαίνοντα.

2479 966 2539 1018 Ὀ
2586 967 2694 1032 ἀρα
2741 966 3024 1037 χρώμενος
3069 971 3191 1040 οὐχὶ
3220 971 3282 1023 τὸ
3322 975 3554 1045 σιωπᾷν,
3588 975 3724 1029 ἀλλὰ
3765 977 3816 1028 τὸ
3845 979 4049 1046 λέγειν,

2464 1055 2566 1125 τῆς
2595 1058 2770 1126 ἄκρας
2800 1058 3036 1113 ἐλλείπει
3064 1061 3157 1113 τοῦ
3189 1061 3282 1116 νοῦ
3313 1066 3704 1130 καταστάσεως
3723 1084 3736 1097 ·
3766 1069 3908 1140 αὕτη
3945 1073 4052 1138 γάρ

2465 1151 2614 1202 ἐστιν
2655 1151 2688 1219 ἡ
2728 1150 2875 1220 ἀκρα
2901 1153 3093 1206 τούτου
3128 1156 3489 1221 κατάστασις,
3517 1158 3591 1222 ὼς
3627 1162 3722 1212 καὶ
3757 1166 3909 1234 παρὰ
3944 1165 4054 1216 τῶν

2467 1242 2635 1311 μηδὲν
2668 1243 2925 1313 ἀληθείας
2964 1247 3331 1316 προτιθέντων
3366 1251 3729 1322 ὁμολογηθείη
3767 1256 3867 1308 ἀν·
3902 1257 3964 1309 τὸ
3998 1261 4054 1309 ἐν

2461 1335 2540 1402 τῷ
2595 1335 2881 1405 ἀκροτάτῳ
2937 1336 3036 1406 τῆς
3104 1338 3272 1393 αὑτοῦ
3349 1343 3630 1412 ἐνεργείας
3691 1346 4050 1415 γεγενῆσθαι.

2476 1427 2804 1497 Ἀκρότατον
2854 1427 2912 1480 δέ
2946 1430 3129 1496 ἐστιν,
3177 1433 3210 1502 ή
3266 1432 3402 1502 πρὸς
3435 1434 3495 1486 τὸ
3529 1437 3834 1503 ἀκρότατον
3881 1439 4050 1489 αὑτοῦ

2460 1519 2777 1589 ἁπόὸλεψις,
2809 1521 2934 1592 ἥτις
2979 1524 3078 1576 καὶ
3120 1526 3456 1594 ἀνομμάτως
3485 1527 3759 1583 τελεῖσθαι
3783 1530 4006 1598 λέγεται
4031 1547 4044 1559 ·

2463 1612 2643 1684 πολλῷ
2674 1615 2780 1683 ἄρα
2811 1615 3052 1684 ἔλαττον,
3086 1621 3177 1672 καὶ
3206 1619 3510 1690 ἀλαλὴτως.

2535 1800 2655 1873 μς¹.
2710 1802 3123 1867 Ἐπιδάλλοντος
3154 1802 3252 1857 τοῦ
3289 1802 3380 1857 νοῦ
3413 1803 3744 1874 ἀωμμάτως
3781 1807 3849 1877 τῇ
3903 1806 4045 1860 θειο-

2462 1898 2602 1966 τάτῃ
2628 1899 2805 1967 ἑνικῇ,
2831 1899 2927 1950 καὶ
2953 1898 3323 1968 ὐπεραρχικῇ,
3355 1913 3450 1950 και
3475 1900 3887 1972 κορυφαιοτάτῃ
3915 1901 4053 1952 ἀποο

2464 1989 2810 2057 κρυφιότητι,
2855 1989 3161 2060 παραδοχὴ.
3212 1990 3307 2041 καὶ
3345 1987 3483 2058 αῦτη
3525 1991 3863 2060 ἀνόμματος,
3908 1995 4054 2043 ἐκεῖ-

2465 2081 2557 2132 θεν
2614 2081 2824 2134 ἔπεισιν
2862 2081 2958 2133 ἐπὶ
3003 2083 3095 2134 τὸν
3132 2081 3258 2134 νοῦν
3309 2082 3585 2153 ὲνοειδὴ;,
3636 2084 3729 2136 καὶ
3769 2084 4052 2153 μονοειδὴς

2465 2174 2777 2241 ὐπερκάλου
2837 2174 2935 2226 καὶ
2988 2174 3342 2243 ὑπερφαοῦς,
3392 2175 3487 2227 καὶ
3539 2176 3782 2245 ἀρρήτου
3818 2175 4054 2243 ἀγλαῖας

2465 2267 2874 2337 πεπληρωμένη
2896 2283 2909 2296 ⁸
2969 2268 3065 2319 καὶ
3094 2270 3174 2330 εἰς
3224 2268 3384 2337 βυθὸν
3418 2268 3772 2337 θαυμασμοῦ,
3807 2271 3902 2320 καὶ
3954 2272 4049 2321 ἐκ·

2465 2357 2712 2426 πλήξεως
2749 2357 3169 2428 προκαλουμένη
3197 2359 3288 2410 τὸν
3347 2359 3470 2410 νοῦν
3517 2360 3575 2410 ὲν
3611 2361 3774 2428 σιγῇ·
3812 2375 4051 2429 προκατ-

2463 2447 2665 2517 έχουσά
2712 2465 2770 2500 τε
2806 2449 2904 2518 τὴν
2953 2449 3180 2518 καρδίαν
3220 2451 3472 2518 ἐνεργείᾳ
3530 2452 3915 2518 πνευματικῇ,
3959 2451 4053 2501 καὶ

2463 2542 2610 2611 χαρᾷ
2650 2539 2926 2610 γλυκερᾷ·
2963 2539 3146 2609 ὲκείνη
3177 2540 3389 2608 γίνεται
3433 2544 3512 2608 τῲ
3550 2539 3633 2592 νοῒ
3663 2541 3847 2609 νοερὸς
3887 2559 4055 2609 φωτι-

2466 2632 2622 2697 σμὸς,
2667 2631 2956 2700 ἐλλαμψις,
3008 2633 3102 2683 καὶ
3155 2631 3296 2693 θεῖος
3331 2631 3472 2683 κατά
3503 2632 3566 2682 τὸ
3597 2631 3863 2699 ἀνάλογον
3911 2633 4053 2702 ἔρως

2465 2722 2562 2772 κα)⁸
2613 2721 2839 2790 φαιδρὸν
2884 2721 3220 2791 ἀγαλλίαμα.
3283 2722 3436 2790 Ἔχει
3482 2721 3537 2774 δὲ
3567 2721 3666 2790 τὴν
3696 2723 3955 2793 ἀφορμὴν
3989 2727 4051 2775 ἐκ

2464 2817 2623 2884 θεοῦ,
2655 2816 2778 2869 ὅθεν
2807 2818 2957 2870 πᾶσα
2984 2817 3131 2879 δόσις
3175 2817 3356 2886 ἀγαθὴ
3384 2817 3470 2868 διὰ
3508 2817 3606 2886 τῆς
3633 2817 3726 2870 τοῦ
3759 2819 3853 2870 νοῦ
3888 2819 4053 2871 καθα-

2466 2911 2713 2980 ρότητος,
2743 2911 2834 2962 καὶ
2873 2911 2989 2980 τὴν,
3014 2909 3089 2971 ὡς
3121 2909 3187 2964 ἂν
3221 2909 3365 2962 εἴποι
3396 2927 3501 2973 τις,
3532 2909 3667 2979 ῦλην
3705 2912 3770 2962 ἐκ
3796 2913 3908 2963 τῶν
3947 2915 4052 2965 ἀνὰ

2467 3004 2632 3072 μέρος
2664 3002 2822 3056 θείων
2851 3004 3142 3073 ἐμφάσεων
3174 3002 3283 3054 τῶν
3319 3001 3574 3070 Γραφῶν,
3605 3005 3698 3055 καὶ
3730 3002 3843 3055 τῶν
3876 3003 4050 3056 ὀντων

2461 3096 2893 3167 τεθεωρημένων
2943 3097 3180 3159 συνετῶς
3239 3098 3357 3165 μετ’
3396 3096 3690 3165 εὐθύτητος
3738 3099 3798 3151 ἐν
3848 3100 4052 3170 ἡσυχίᾳ

792 3199 1057 3268 aspicitur
1120 3200 1499 3254 absconditum
1561 3210 1616 3255 et
1715 3199 1967 3254 intimum
2061 3198 2477 3255 liirinitatisci

2363 3213 2368 3248 ι
2393 3203 2436 3255 c
2465 3189 2557 3241 καὶ
2587 3191 2888 3258 προσευχῇ.
2920 3189 2997 3242 Οὐ
3032 3190 3141 3260 γὰρ
3169 3191 3243 3254 ὼς
3279 3191 3470 3263 ἔτυχεν
3500 3195 3770 3265 ἀφορᾶται
3815 3198 3878 3248 τὸ
3908 3197 4048 3250 ἀπό-

792 3309 959 3347 unum
1012 3309 1172 3362 supra
1209 3295 1614 3361 cogitationem,
1649 3293 1743 3348 sed
1778 3294 1830 3346 in
1870 3292 2197 3361 procedente
2239 3290 2366 3344 inde

789 3386 1079 3455 splendore
1124 3387 1360 3456 simplici
1423 3398 1700 3456 aspectum
1757 3398 1811 3442 et
1856 3387 2362 3455 contemplationem

791 3478 1130 3548 spirituaicm
1164 3480 1426 3549 replente.
1462 3479 1619 3546 Quod
1649 3482 1741 3550 qui
1772 3495 1880 3534 non
1922 3481 2148 3549 patitur,
2201 3479 2364 3532 ratio-

791 3573 1156 3641 nabiliter-que
1222 3583 1275 3626 et
1308 3575 1544 3627 scienter
1574 3573 1818 3628 exterius
1851 3572 2099 3627 ascendit
2151 3572 2215 3625 ad
2274 3588 2363 3626 su-

791 3668 1139 3735 pernaturale
1173 3667 1553 3723 absconditum
1591 3676 1643 3722 et
1671 3667 1896 3735 simplex
1926 3682 2117 3730 unum,
2151 3681 2257 3720 non
2307 3666 2362 3719 in

793 3760 960 3816 corde
989 3770 1192 3826 motus,
1217 3777 1391 3833 neque
1422 3762 1777 3833 spiritualiter
1803 3761 2166 3817 illuminatus.

875 3941 961 3995 ιτ.
991 3939 1468 4010 Splendidissima,
1502 3941 1731 4010 simplex
1769 3949 1824 3996 et
1849 3940 2140 3997 uniformis
2161 3941 2362 3997 mentis

789 4033 845 4090 in
877 4032 986 4087 Deo
1016 4035 1405 4105 contemplatio
1433 4049 1492 4089 se
1514 4033 1580 4088 ad
1611 4050 1772 4088 unam
1798 4035 1943 4089 illam
1975 4035 2208 4090 divinam
2235 4035 2363 4089 obs-

789 4127 1075 4181 curitatem
1108 4125 1287 4181 ferens
1333 4137 1388 4182 et
1414 4127 1482 4181 ad
1530 4127 1872 4198 splendorem
1911 4127 2033 4181 inde
2070 4129 2358 4180 micantem

789 4232 1006 4276 aeterna:
1040 4232 1090 4276 et
1118 4223 1341 4278 inﬁnitae
1369 4223 1528 4287 lueis,
1567 4239 1672 4277 non
1708 4225 1866 4276 modo
1917 4224 2030 4276 oris
2079 4225 2356 4278 silentium

792 4315 980 4383 exigit,
1011 4315 1105 4369 scd
1129 4327 1182 4370 et
1217 4317 1437 4371 mentis.
1468 4315 1621 4370 Licet
1643 4317 1813 4381 enim,
1843 4317 1922 4370 vel
1949 4331 2045 4369 ore
2078 4315 2356 4368 silentium

797 4419 1010 4476 agente,
1045 4408 1183 4461 intra
1220 4420 1452 4462 mentem
1505 4411 1578 4462 ita
1614 4408 1831 4479 disponi
1879 4419 1937 4462 ut
1983 4418 2036 4461 et
2076 4408 2358 4460 ratiocinia

2462 3295 2673 3348 κρυφον
2713 3279 2989 3331 ἑνδότατον
3035 3278 3130 3331 τοῦ
3165 3280 3323 3333 Θείου
3367 3282 3423 3333 ἒν
3479 3283 3619 3352 ὑπὲρ
3666 3285 3899 3347 ἔννοιαν,
3934 3285 4051 3337 ἀλλ’

2462 3373 2521 3422 ὲν
2575 3370 2838 3440 προῖούσῃ
2878 3371 3089 3423 ἐκεῖθεν
3122 3371 3285 3444 αἴγλῃ
3321 3374 3544 3426 ἐνοειδετ
3589 3374 3689 3446 τὴν
3717 3376 4048 3446 ἀπόϐλεψιν,

2463 3463 2559 3515 καὶ
2611 3461 2847 3532 θεωρίαν
2898 3463 3395 3538 ὑπερεκπληροῦσῃ
3434 3467 3534 3534 τὴν
3568 3466 3796 3535 νοεράν·
3838 3469 3981 3536 ὅπερ
4022 3471 4052 3520 ό

2467 3555 2541 3623 μὴ
2575 3553 2784 3617 παθὼν,
2827 3556 3064 3623 λογικῶς
3092 3574 3151 3608 τε
3185 3559 3279 3611 καὶ
3309 3558 3628 3625 γνωστικῶς
3662 3558 3863 3624 ἔξωθεν
3897 3561 4049 3613 ἀνει-

2465 3663 2550 3698 σιν
2618 3647 2696 3708 εἰς
2747 3649 2807 3699 τὸ
2866 3648 3143 3718 ὑπερφυὲς
3195 3650 3520 3720 ἀπόκρυφον
3579 3650 3786 3704 ἁπλοῦν
3842 3651 3933 3717 ἓν,
3990 3654 4052 3705 οὐ

2464 3742 2776 3813 καρδιακῶς
2807 3741 3200 3812 ὲνεργούμενος
3225 3781 3240 3807 ,
3273 3739 3396 3794 οὕτε
3431 3743 3496 3812 δὴ
3529 3743 3732 3815 νοερῶς
3767 3742 4048 3815 magno-

2467 3852 2647 3905 μενος.
2682 3844 2684 3846 ⁷

2538 3925 2645 3995 ρξ’.
2693 3927 2758 3979 Ἦ
2810 3926 3170 3996 διαυγεστάτη
3227 3925 3466 3995 ινοειδής
3504 3943 3564 3979 τε
3611 3929 3704 3979 καὶ
3761 3928 4048 3997 μονοειδὴς

2463 4022 2557 4076 τοῦ
2585 4023 2702 4085 νοὸς
2731 4025 2791 4076 ἐν
2820 4023 2898 4092 τῷ
2951 4023 3070 4093 Θεῷ
3112 4023 3333 4093 θεωρία,
3367 4022 3737 4076 ἐπιϐάλλουσα
3782 4029 3850 4093 τῇ
3889 4026 4048 4095 ἑνικῇ

2463 4114 2579 4186 θείᾳ
2611 4115 3066 4185 ἀποκρυφιότητι,
3093 4117 3185 4168 καὶ
3213 4120 3280 4185 τῇ
3305 4115 3364 4179 ἐξ
3385 4115 3554 4184 αὐτῆς
3587 4116 4056 4190 ἐξαστραπτούσῃ

2464 4208 2627 4278 αἴγλῃ
2653 4207 2802 4260 θείαν
2831 4206 3162 4274 τηλαύγειαν
3190 4205 3639 4276 παραδεδεγμένη
3675 4209 3914 4276 ἀνάρχου
3951 4211 4048 4260 καὶ

2467 4299 2696 4370 ἀπείρου
2747 4298 3108 4368 φωτοϐολίας,
3161 4299 3221 4349 οὐ
3288 4299 3446 4368 μόνον
3506 4300 3771 4367 στόματος
3828 4303 4047 4370 σιωπὴν

2464 4399 2709 4462 ἀπαιτεῖ,
2756 4393 2892 4450 ἀλλά
2923 4395 3017 4447 καὶ
3052 4395 3190 4457 νοός.
3243 4393 3462 4456 Ἔξεστι
3501 4393 3609 4462 γὰρ
3645 4392 3739 4444 καὶ
3774 4391 4050 4460 στόματος

791 4509 844 4550 et
892 4502 1247 4567 cogitationes
1284 4517 1687 4571 percurramus,
1744 4511 1797 4554 et
1844 4512 2140 4554 mutentur.
2202 4498 2361 4552 Ratio
2399 4465 2476 4542 1>‹

2399 4465 2445 4520 D
2467 4492 2676 4561 σιωπὴν
2714 4491 2958 4558 ἄγοντος,
2991 4491 3120 4542 εἵσω
3148 4488 3240 4540 τδν
3271 4486 3396 4538 νοῦν
3435 4479 3795 4547 διατίθεσθαι,
3837 4483 3935 4534 καὶ
3973 4485 4054 4540 είς

789 4602 936 4644 esset
960 4591 1192 4657 alicujus
1221 4593 1298 4645 rei
1324 4602 1501 4646 mente
1529 4605 1801 4664 conceptae
1835 4609 1862 4646 a
1894 4610 1997 4661 qua
2024 4607 2178 4646 mens
2207 4590 2356 4645 relu-

790 4683 944 4758 δίνης
992 4683 1145 4752 longe
1192 4683 1257 4737 ad
1295 4684 1664 4752 plenissimam
1709 4685 1912 4738 Divina:
1963 4686 2186 4739 unitatis
2250 4701 2356 4740 non

792 4777 1073 4845 ﬁguratam
1124 4777 1511 4830 obscuritatem
1560 4779 1830 4831 ascendit.
1873 4778 2031 4831 Aliud
2081 4778 2224 4831 enim
2273 4789 2359 4832 est

791 4869 1012 4921 nientis'
1035 4869 1420 4937 contemplatio
1447 4877 1502 4922 et
1535 4867 1847 4939 dispositio,
1877 4881 1928 4922 et
1961 4868 2108 4923 aliud
2157 4868 2360 4939 cogita-

791 4967 866 5018 tio
899 4977 1018 5029 quae
1049 4972 1133 5016 est
1171 4972 1445 5032 conceptae
1475 4964 1720 5019 rationis.
1766 4962 1921 5018 Unde
1960 4964 2012 5016 in
2048 4965 2242 5019 creatis
2297 4979 2361 5018 ac

790 5054 1053 5121 oppositis
1111 5065 1203 5106 aut
1232 5055 1388 5108 aliter
1447 5055 1610 5110 variis
1673 5057 1839 5109 rebus
1906 5067 2121 5111 versata
2181 5072 2356 5124 meus,

790 5149 1022 5214 primum
1078 5148 1500 5216 contemplatur.
1533 5163 1596 5204 ac
1623 5148 1821 5203 deinde
1858 5150 1930 5202 ita
1983 5151 2188 5219 cogitat
2239 5165 2360 5202 mu-

792 5249 922 5290 tata.
961 5237 1024 5290 Et
1054 5254 1185 5292 sane
1218 5240 1270 5291 in
1311 5254 1370 5292 re
1400 5254 1544 5308 saepe
1574 5254 1680 5294 una
1722 5240 1992 5299 inveniret
2023 5258 2127 5294 non
2161 5256 2361 5310 paucas

793 5331 1177 5399 cogitationes.
1211 5330 1313 5384 Sed
1353 5331 1405 5383 in
1434 5331 1522 5385 illa
1561 5347 1668 5384 una
1699 5341 1751 5385 et
1779 5331 2013 5399 simplici
2070 5341 2124 5386 et
2165 5334 2356 5385 intima

793 5425 1086 5491 divinaque
1112 5424 1467 5487 obscuritate,
1498 5425 1727 5478 intendit
1758 5425 1975 5498 quidem
2007 5434 2061 5478 et
2102 5424 2361 5492 expandit

793 5515 1070 5584 proprium
1120 5516 1360 5577 oculum,
1393 5525 1444 5569 et
1467 5516 1960 5585 divinisplendoris
2008 5517 2360 5584 simplicitate

793 5613 1116 5668 illuSti-atur.
1148 5611 1374 5664 Minime
1396 5619 1572 5664 autem
1607 5621 1781 5682 potest
1813 5613 2049 5682 cogitare
2076 5613 2157 5665 sic
2179 5612 2363 5681 dispo-

794 5705 920 5758 sita.
951 5703 1066 5757 Una
1095 5703 1240 5756 enim
1275 5703 1360 5756 illa
1395 5703 1714 5771 simplicitas
1758 5716 1811 5756 et
1841 5704 2144 5757 ohst-m-itas
2195 5703 2361 5772 spiti-

796 5800 992 5850 tnaiem
1044 5796 1454 5850 conversionem
1527 5805 1616 5847 aut
1676 5796 1877 5851 variam
1947 5795 2359 5865 dispositionem

796 5891 951 5964 fugit,
980 5898 1032 5944 et
1065 5904 1170 5944 non
1196 5897 1374 5960 potest
1399 5889 1632 5960 cogitata
1667 5887 1907 5945 describi
1935 5899 2026 5944 aut
2074 5906 2169 5944 ore
2225 5889 2356 5946 dici.

2464 4583 2757 4651 λογισμοὺς
2799 4583 2892 4635 καὶ
2941 4582 3187 4650 νοήματα
3223 4577 3571 4648 μεταϐαίνειν
3597 4617 3613 4641 ,
3643 4577 3737 4628 καὶ
3768 4575 4050 4627 ποικίλλε-

2468 4675 2591 4728 σθαι
2613 4692 2628 4706 ⁸
2660 4675 2688 4728 ὃ
2717 4675 2872 4742 λόγος
2903 4674 2969 4726 ἂν
2997 4673 3082 4744 εἴη
3114 4672 3208 4725 τοῦ
3239 4670 3568 4737 ἐνδιαθέτου,
3601 4665 3664 4724 οὗ
3706 4669 3898 4740 πόρρω
3927 4668 4054 4729 νοῦς

2466 4767 2925 4837 ἀναδεδραμηκὼς
2964 4769 3042 4829 είς
3091 4768 3190 4837 τὴν
3230 4765 3708 4834 ὑπερηπλωμένην
3745 4763 3846 4831 τῆς
3899 4762 4055 4823 θείας

2468 4863 2649 4924 ἐνάδος
2681 4862 2959 4914 ἀτύπωτον
2989 4860 3458 4930 ἀποκρυφίοτητα.
3499 4857 3662 4910 Ἀλλο
3699 4857 3807 4926 γάρ
3841 4859 3961 4909 ἐστι
3995 4858 4058 4908 τὸ

2469 4955 2709 5028 θεωροῦν
2742 4954 2836 5006 τοῦ
2889 4954 3027 5016 νοὸς,
3062 4953 3156 5006 καὶ
3189 4952 3248 5004 τὸ
3276 4950 3646 5010 διατίθεσθαι,
3679 4950 3774 5001 καὶ
3820 4949 4055 5000 διανοεῖ-

2472 5049 2616 5112 σθαι,
2666 5047 2804 5116 ὅπερ
2839 5047 2955 5098 ἐστὶ
2989 5045 3083 5097 τοῦ
3125 5043 3431 5096 ἐνδιαθέτου
3471 5042 3655 5110 λόγου,
3686 5041 3899 5108 ἕτερον.
3943 5041 4058 5092 Ἐν·

2469 5139 2661 5194 τεῦθεν
2714 5143 2772 5195 ὲν
2831 5142 3068 5202 κτιστοίς
3095 5179 3107 5202 ,
3147 5138 3241 5190 καὶ
3276 5136 3581 5199 συνθέτοις.
3622 5136 3655 5206 ἢ
3709 5136 3887 5199 ἄλλως
3942 5151 4060 5198 πως

2473 5237 2740 5296 ποικίλοις
2781 5232 3019 5303 γεγονὼς
3067 5232 3096 5282 ὁ
3145 5229 3268 5291 νοῦς
3314 5231 3629 5299 πράγμασι,
3666 5228 3888 5296 πρῶτον
3927 5227 4062 5280 θεω-

2478 5327 2580 5395 ρεῖ,
2635 5323 2852 5379 κᾶπειθ’
2903 5322 3044 5378 οὕτω
3080 5323 3369 5374 διανοεῖται
3427 5319 3866 5386 ποικιλλόμενος.
3925 5319 4065 5372 Καί.

2476 5435 2665 5470 πουτοι
2691 5419 2747 5469 ὲν
2779 5419 3065 5485 πράγματι
3095 5413 3352 5473 πολλάκις
3377 5411 3479 5473 ἑνὶ,
3507 5411 3659 5480 εὕροι
3685 5412 3752 5462 ἂν
3780 5411 3882 5462 οὐκ
3902 5411 4063 5478 ὀλίγα

2476 5509 2744 5578 νοήματα.
2779 5507 2864 5558 Ἑν
2888 5507 2943 5557 δέ
2961 5523 3021 5572 γε
3045 5509 3110 5575 τῇ
3141 5506 3313 5573 ἑνικῇ,
3337 5505 3428 5555 καὶ
3457 5503 3724 5571 μονοειδεῐ
3748 5503 3938 5575 ἐκείνῃ
3971 5506 4067 5555 καὶ

2479 5599 2746 5668 ἐνδοτάτω
2806 5597 2925 5667 θείᾳ⁴
2979 5597 3437 5665 ἀποκρυφιέτητι,
3496 5593 3770 5646 ἀνατείνει
3815 5595 3912 5663 μὲι
3971 5597 4068 5648 καὶ

2477 5693 2708 5746 ἀναπλοῖ
2735 5693 2795 5743 τὸ
2826 5690 3159 5760 θεωρητικὸν
3188 5689 3449 5759 σφέτερον
3475 5688 3650 5757 ὄμμα,
3682 5692 3779 5739 xui
3804 5691 3872 5757 τῇ
3902 5690 4067 5742 ἁπλό-

2478 5803 2599 5853 τητι
2651 5785 2748 5853 τῆς
2792 5783 2942 5845 θείας
2992 5783 3164 5852 αὐγῆς
3218 5782 3658 5850 καταλάμπεται.
3709 5783 3952 5834 "limata
4009 5784 4065 5835 δὲ

2481 5878 2592 5946 ἔχει
2616 5875 2941 5930 διανοεῖσθαι
2968 5875 3333 5948 διατιθέμενος
3356 5890 3372 5906 ·
3393 5874 3655 5944 ἐκφεύγει
3682 5875 3792 5946 γὰρ
3818 5876 3849 5947 ἡ
3883 5876 4062 5930 ὲνιαία
