4266 6450
227 411 337 474 889

1368 423 1461 509 DF.
1504 424 1672 481 VlTA
1718 422 2380 496 CONTEMPI..\TWA.

3371 444 3482 512 890

221 534 466 604 ἁπλότης
497 534 598 606 τὴν
630 534 825 606 vos.in
857 533 1073 588 οίανοῦν
1121 533 1442 603 μετάϐασιν,
1489 533 1522 604 ἢ
1560 536 1850 607 ποικίληνΑ
1893 539 1906 595 1

1792 543 1850 600 Ἀ
1893 539 1997 596 Per
2036 562 2155 613 qua:
2195 549 2480 605 silentium
2512 559 2727 607 exercet
2759 569 2912 610 mons
2945 557 3263 610 naturaliter
3295 571 3345 612 et
3379 576 3477 617 ore

219 627 488 689 διάθεσιν,
545 629 635 680 καὶ
675 630 706 699 ὴ
757 629 1078 699 κρυφιότης,
1128 626 1188 679 τὸ
1231 627 1280 679 τί
1309 645 1436 681 ποτε
1463 629 1812 697 διανοηθέντα

223 721 401 772 είπεῐν
433 721 676 774 διαθέσει
714 724 810 774 καὶ
846 723 1094 792 στόματι.
1133 725 1213 775 Δι’
1249 722 1285 776 ἀ
1315 723 1379 791 δὴ
1413 723 1623 792 σιωπὴν
1653 723 1817 776 ἀσκεῖ

224 811 482 878 φυσικῶς
513 812 608 864 καὶ
643 813 899 882 στόματι,
934 814 1024 866 καὶ
1059 812 1162 879 νοτ,
1203 814 1260 866 ὲν
1292 815 1358 883 τῇ
1406 815 1559 884 ἑνικῇ
1606 813 1814 880 ἐνδοξο-

221 899 372 968 τάτῳ
405 897 529 970 θείᾳ
574 900 1012 974 άποκρυφιότητι
1065 901 1268 974 νοερῶς
1296 903 1584 974 ἄνθρωπος
1625 904 1812 958 ἀναδε-

221 991 550 1061 δραμηκώς.

300 1081 414 1150 μη’.
462 1082 733 1152 ὐπηνίκα
788 1086 823 1155 ὴ
877 1085 1213 1158 στροφὴτοῦ
1253 1087 1374 1152 νοὸς
1423 1088 1586 1160 νεύσῃ
1621 1089 1820 1152 “mea;

224 1174 318 1226 ἐπὶ
347 1175 441 1226 τὸν
468 1173 624 1239 Θεὸν,
656 1179 748 1228 καὶ
785 1178 1068 1249 καταποθῇ
1098 1179 1160 1232 τὸ
1193 1179 1432 1249 θεωροῦν
1483 1180 1649 1234 αὑτοῦ
1699 1186 1821 1245 ταῖς

223 1264 321 1316 τοῦ
357 1265 505 1319 θείου
530 1268 761 1332 κάλλους
791 1271 1248 1340 παμφαεστάταις
1275 1272 1480 1334 ἀκτῖσι,
1520 1273 1616 1326 καὶ
1648 1274 1822 1342 ἀσχη-

228 1357 516 1426 ματίστως
577 1361 656 1422 είς
708 1359 807 1431 τὴν
865 1359 961 1413 τοῦ
1023 1361 1347 1431 ἀποκρύφου
1405 1359 1524 1426 ἐνὸς
1579 1364 1822 1418 ἀνειδέου

225 1452 434 1524 ἀνέλθῃ
463 1453 746 1522 ἁπλότητα
788 1455 881 1506 καὶ
912 1455 1215 1524 ἀοριστίαν,
1249 1456 1343 1508 καὶ
1401 1455 1627 1526 γένηται
1656 1457 1818 1520 αὐτὸς

226 1544 411 1613 ἑαυτῷ
444 1543 525 1607 ἓν,
567 1547 631 1615 τῇ
662 1546 798 1615 πρὸς
827 1545 886 1597 τὸ
921 1545 976 1597 ἓν
1005 1544 1202 1597 ἑαυτοῦ
1246 1545 1531 1607 ἀνατάσει,
1565 1546 1659 1598 καὶ
1689 1547 1824 1599 ἀπο·

228 1636 423 1705 ϐλέψει
456 1641 512 1689 ὲν
545 1638 802 1709 ἐπιπνοίᾳ
846 1637 940 1690 τοῦ
977 1639 1313 1707 Πνεῦματος,
1349 1637 1411 1690 τὸ
1434 1639 1689 1707 τηνικάδε
1724 1639 1826 1707 τῆς

229 1727 548 1798 νηπιώδους
579 1729 829 1797 γίγνεται
882 1729 1095 1800 τρανῶς
1149 1729 1568 1794 καταστάσεως,
1604 1729 1736 1780 αὐτὸ
1765 1730 1826 1781 τὸ

228 1825 493 1891 φρονεῖν,
530 1823 628 1875 καὶ
667 1823 764 1893 τῆς
807 1823 900 1876 τοῦ
951 1823 1088 1875 Θεοῦ
1136 1822 1412 1893 βασιλείας
1446 1821 1540 1875 τοῦ
1582 1823 1824 1893 ἀρρήτου

230 1917 327 1966 καὶ
365 1913 684 1985 ὑπερφυοῦς
711 1913 960 1982 γεύεται,
987 1915 1127 1966 κατά
1156 1913 1249 1967 τὸν
1276 1913 1370 1967 τοῦ
1411 1915 1614 1985 Κυρίου
1644 1915 1818 1983 λόγον,

235 2024 256 2054 ε
311 2005 444 2058 Ἐἀν
493 2005 569 2074 μὴ
602 2006 906 2076 στραφῆτε,
943 2005 1189 2072 λέγοντα,
1233 2006 1327 2057 καὶ
1370 2005 1600 2075 γένησθε
1645 2006 1720 2069 ὼς
1759 2008 1826 2060 τά

231 2097 449 2162 παιδία,
483 2099 544 2149 οὐ
580 2099 656 2166 μὴ
690 2097 972 2165 είσέλθητε
1004 2099 1084 2160 είς
1111 2097 1212 2167 τὴν
1252 2096 1533 2165 βασιλείαν
1577 2098 1687 2149 τῶν
1736 2100 1827 2151 οὐ·

236 2189 444 2260 ρανῶν.
504 2208 523 2240 ι
575 2189 867 2252 Ἀπόλυτος
911 2189 1020 2260 γάρ
1050 2190 1207 2252 τότε,
1242 2190 1338 2243 καὶ
1388 2191 1614 2259 ἄσχετος
1649 2194 1825 2262 πάντη

233 2286 302 2336 ὲκ
359 2284 582 2337 πάντων
613 2285 643 2335 δ
700 2283 822 2345 νοῦς
852 2282 1283 2335 ἀποκαθίσταται
1327 2283 1509 2349 πάσης
1549 2281 1824 2349 γνώσεως,

235 2374 610 2431 παντοιασοῦν
664 2377 926 2446 νοήσεως,
979 2377 1072 2428 καὶ
1124 2376 1305 2442 πάσης
1357 2373 1689 2437 συνθέσεως,
1730 2377 1827 2429 καὶ

239 2469 530 2530 ποικιλίας
583 2469 710 2528 τοὺς
759 2468 918 2537 ὅρους
979 2465 1515 2536 ὑπεραναὸεδηκὼς,
1551 2467 1645 2520 καὶ
1695 2470 1829 2522 ἀνα-

234 2563 558 2631 τεινόμενος
602 2563 682 2624 είς
714 2563 775 2614 τὸ
804 2559 1147 2628 ἄφθεγκτον,
1183 2561 1275 2612 καὶ
1305 2560 1447 2630 ὑπὲρ
1496 2560 1620 2613 νοῦν
1653 2562 1830 2629 ἀγνω-

238 2673 371 2709 στον
398 2672 410 2684 ⁸
443 2655 567 2708 ὅθεν
597 2655 737 2722 δῆτα
764 2655 860 2707 καὶ
896 2654 1106 2725 σιωπὴν
1137 2653 1261 2720 ἄγει
1302 2652 1567 2721 φυσικῶς,
1599 2653 1686 2707 διὰ
1729 2653 1829 2724 τὴν

235 2747 302 2797 οὐ
331 2743 494 2815 μόνον
520 2744 663 2814 ὑπὲρ
687 2743 866 2810 λόγον,
897 2744 1032 2796 ἀλλά
1053 2745 1146 2796 καὶ
1171 2743 1312 2814 ὑπὲρ
1334 2744 1527 2814 γοερὰν
1549 2744 1830 2814 ἐνέργειαν

239 2838 522 2908 σφετέραν
571 2838 929 2900 κατάστασιν,
977 2837 1208 2906 ἔχουσαν
1247 2836 1384 2904 μετὰ
1433 2835 1526 2888 τοῦ
1573 2837 1828 2904 κρυφίου,

236 2933 337 2985 καὶ
369 2930 634 2994 ἀνειδέου,
683 2931 743 2982 τὸ
773 2931 1069 2999 ὑπερφυὲς,
1104 2929 1199 2982 καὶ
1251 2928 1462 3000 χαρίεν,
1506 2930 1598 2981 καὶ
1633 2929 1825 2998 γλυκὺ,

234 3025 365 3077 ὅσον
405 3024 486 3084 εἰς
522 3021 716 3091 νοεράν
749 3021 1071 3074 ἀπόλαυσιν.

318 3115 428 3187 μθ’.
497 3117 586 3169 Ἐν
645 3116 776 3168 εἴδει
823 3114 902 3184 τῷ
941 3115 1188 3183 ἀνειδέῳ,
1250 3113 1344 3165 καὶ
1399 3113 1830 3185 ὑπερφαεστάτῳ

238 3211 418 3282 ἀῢλῳ,
481 3213 578 3263 καὶ
615 3209 898 3278 ἀσυνθέτῳ
938 3207 1144 3267 κάλλει,
1179 3210 1272 3259 καὶ
1309 3207 1588 3278 προσώπῳ
1633 3208 1880 3296 ἀπλουοο

241 3305 431 3373 στάτῳ
456 3303 549 3355 τὸν
571 3303 704 3354 Θεὸν
727 3299 1025 3371 θεωροῦσιν
1045 3301 1094 3352 oi
1128 3299 1454 3368 θεωρητικοὶ
1482 3299 1725 3361 ἐνοειδῶς
1749 3299 1829 3364 ἓν,

239 3396 501 3465 ἀπείροις
558 3393 806 3462 ἀγαθοῖς,
871 3394 1372 3463 περιεστεμμένον,
1439 3391 1830 3462 ἀναριθμήτοις

241 3486 435 3546 καλοῖς
469 3482 968 3554 κατηγλαῖσμένον,
1004 3481 1321 3549 φωτοειδέσι
1361 3481 1644 3545 καλλοναῖς
1678 3484 1831 3535 ἀκτιο

242 3578 468 3640 νοειδῶς
513 3577 704 3645 ὥσπερ
752 3576 1193 3646 περιαυγάζοντα
1247 3574 1371 3628 νοῦν
1409 3573 1618 3640 πάντα,
1676 3573 1831 3628 δλσον

243 3669 492 3740 ἄρρητον
546 3667 640 3720 καὶ
677 3667 1096 3736 ἀνεκδιήγητοψ
1137 3666 1360 3735 ἀγαθῶν
1388 3668 1480 3718 καὶ
1509 3665 1690 3718 καλῶν
1726 3682 1833 3736 πη-

246 3759 438 3825 γαίαν,
479 3757 744 3825 ἀφθονίαν
774 3756 1186 3826 ἀπειρόδλυτον,
1235 3757 1330 3808 καὶ
1380 3754 1630 3819 ἀένναον,
1672 3752 1831 3823 δόξης

245 3848 531 3918 θησαυρὸν
560 3847 920 3915 ὑπέραντλον,
946 3844 1320 3914 ἀπύθμαντον,
1354 3845 1623 3898 ἀκένωτον
1649 3861 1663 3875 ⁸
1696 3845 1829 3898 πολ-

250 3941 348 4009 ιῆς
414 3932 499 3991 ὅτι
558 3939 796 4010 μάλιστα
864 3937 1151 4008 τερπωλῆς
1205 3937 1658 4009 ὑπερπληροῦντα
1705 3937 1832 3998 τοὺς

255 4032 610 4102 ινομμάτους
667 4031 794 4092 νόας
824 4045 839 4060 ’
878 4030 1054 4101 χαρᾶς
1111 4045 1171 4081 τε
1227 4030 1324 4081 καὶ
1387 4028 1656 4098 θυμηδίας
1710 4027 1830 4096 μετ’

246 4125 599 4196 εὐφροσύνης
629 4123 910 4192 ἀκηράτου
956 4123 1098 4176 κατά
1126 4122 1254 4192 ῥοῦν
1283 4122 1570 4193 ἀείρῤυτον
1616 4120 1833 4191 προϊού-

244 4234 348 4287 σης
383 4215 665 4285 μυστικῶς
695 4216 759 4266 ἐκ
789 4215 886 4283 τῆς
917 4215 1068 4275 θείας
1111 4215 1323 4284 ἐκείνης
1371 4215 1467 4266 καὶ
1524 4211 1828 4280 ὑπερφυοῦς

242 4310 458 4370 ὲνάδος,
493 4309 593 4376 τῆς
629 4309 686 4360 ὲν
717 4307 898 4376 ἀδύτῳ
928 4307 1330 4377 ὑπερκειμένης
1363 4305 1794 4376 ἀποκρυφιότπτι
1813 4314 1830 4330 ⁸

244 4407 328 4460 ιτι
360 4418 422 4455 τε
455 4400 644 4470 ἡλίκον
678 4399 774 4452 καὶ
817 4399 943 4450 ὅσον
977 4397 1384 4466 ἀνεξιχνίαστον
1415 4398 1700 4466 προχεῖται
1732 4396 1834 4448 πέ-

242 4499 414 4563 λαγος
442 4490 750 4560 ὲξ¹ἐκείνης
781 4490 1175 4560 ἀπερίληπτον,
1205 4489 1570 4559 χρηστότητος
1601 4488 1830 4557 ἀφάτου,

1907 647 1959 690 ct
1991 650 2199 706 mente;
2229 653 2279 696 et
2316 645 2368 696 in
2421 643 2863 713 gloriosissimam
2921 664 3085 701 unam
3135 659 3186 702 et
3235 652 3474 708 divinam

1909 731 2297 788 obscuritatem
2326 745 2612 807 postquam
2650 739 2810 792 homo
2874 742 3227 811 spiritualitcr
3283 743 3478 801 contu.

1907 826 2004 894 git.

1980 1071 2069 1126 48.
2109 1072 2338 1137 Quando
2374 1078 2571 1132 mentis
2603 1083 2886 1136 conversio
2931 1099 3156 1152 prorsus
3201 1089 3267 1141 ad
3309 1090 3474 1144 Deum

1912 1165 2104 1230 tendit,
2134 1177 2188 1219 et
2216 1169 2364 1236 cupit
2400 1184 2525 1223 cum
2557 1176 2912 1244 contemplari
2950 1176 3147 1231 divina:
3176 1182 3476 1246 pulchritu-

1912 1258 2054 1310 diuis
2085 1259 2490 1325 splendentibus
2513 1264 2682 1318 radiis
2705 1265 2970 1322 illustrata
3003 1279 3055 1323 et
3086 1271 3136 1322 in
3167 1272 3476 1328 abseonditi

1912 1361 1975 1400 ac
2019 1348 2285 1415 simplicis
2318 1350 2481 1404 unius
2519 1353 2927 1418 simplicitatem
2981 1368 3033 1412 et
3077 1359 3476 1416 inﬁnitudinem

1913 1443 2244 1505 pervenerit,
2272 1451 2326 1496 et
2349 1445 2464 1512 ipsa
2493 1447 2594 1498 sibi
2629 1449 2728 1514 ipsi
2766 1465 2933 1502 unum
2962 1451 3152 1505 eﬁ'cctn
3189 1454 3351 1509 fuerit
3376 1471 3473 1510 sua

1913 1531 1977 1583 ad
2007 1531 2133 1584 illud
2157 1549 2321 1586 unum
2342 1536 2618 1589 tendentia
2641 1550 2693 1592 et
2711 1551 2928 1617 aspectu
2956 1544 3007 1596 in
3033 1545 3257 1612 spiritus
3279 1551 3454 1618 cogita

1916 1625 2085 1688 tione,
2120 1632 2251 1681 tunc
2281 1628 2569 1684 manifeste
2603 1631 2848 1688 silentem
2901 1636 3047 1690 hunc
3093 1649 3292 1693 statum
3327 1656 3482 1696 asse-

1913 1728 2036 1769 cuta
2067 1726 2174 1780 est,
2226 1734 2416 1787 nempe
2458 1722 2633 1790 ipsum
2669 1727 2977 1792 concipere,
3012 1738 3064 1781 et
3109 1745 3332 1799 regnum
3384 1733 3480 1788 Dei

1915 1809 2188 1865 inell'ahile
2239 1826 2304 1865 ac
2343 1817 2753 1882 supernaturalc
2802 1828 3005 1887 gustat,
3056 1821 3209 1888 juxta
3263 1825 3476 1878 Domini

1916 1903 2175 1957 verbum:
2216 1922 2234 1955 ι
2277 1905 2382 1960 nisi
2417 1912 2663 1964 conversi
2690 1910 2901 1967 fueritis
2928 1922 2981 1968 et
3005 1915 3310 1970 efﬁciamini
3340 1919 3483 1973 sicut

1914 1995 2147 2062 parvuli,
2202 2011 2310 2051 non
2369 1999 2647 2056 intrabitis
2717 2004 2767 2056 in
2829 2022 3054 2075 regnum
3125 2011 3410 2066 caelorum.
3456 2031 3474 2063 I

1912 2087 2178 2142 Absoluta
2214 2092 2358 2144 enim
2385 2101 2514 2147 tunc
2543 2103 2725 2148 etnon
2749 2099 2988 2152 cohibita
3023 2100 3090 2154 ab
3117 2103 3263 2156 omni
3295 2105 3482 2172 cogni-

1911 2186 2056 2239 tione
2074 2196 2134 2240 se
2154 2193 2415 2248 removet,
2433 2196 2487 2240 et
2509 2203 2536 2239 τι
2557 2189 2797 2258 qualibet
2818 2192 3166 2260 cogitatione,
3184 2203 3237 2248 et
3254 2196 3480 2250 diversi—

1913 2276 2043 2330 tatis
2074 2279 2338 2331 terminos
2386 2280 2780 2336 transcendcns
2806 2295 2858 2337 et
2888 2287 2954 2338 ad
2989 2286 3264 2342 incﬁ'abile
3305 2304 3483 2358 neque

1912 2367 2176 2422 noscihile
2206 2383 2265 2422 se
2299 2367 2478 2423 ferens
2522 2376 2666 2438 quod
2711 2383 2794 2427 est
2825 2389 2986 2443 supra
3035 2387 3294 2439 intentem,
3340 2382 3483 2433 unde

1912 2473 2044 2513 sane
2074 2469 2126 2512 et
2156 2460 2436 2515 silentium
2487 2466 2807 2521 naturaliter
2842 2470 2951 2537 agit
2997 2486 3092 2537 per
3116 2488 3240 2524 eum
3273 2473 3362 2538 qui
3399 2480 3484 2525 est

1914 2566 2020 2605 non
2053 2553 2212 2606 modo
2241 2569 2406 2622 supra
2432 2557 2722 2624 rationem,
2748 2562 2838 2615 sed
2863 2572 2917 2617 et
2948 2579 3112 2634 super
3143 2565 3479 2631 spiritualem

1912 2644 2232 2711 elﬁcaciam,
2260 2655 2460 2702 statum
2496 2651 2803 2714 habentem,
2838 2671 2942 2709 una
2973 2670 3098 2708 cum
3123 2657 3216 2710 illo
3251 2659 3484 2711 abscon-

1915 2737 2028 2788 dito
2054 2750 2118 2790 ac
2146 2738 2414 2808 simplice.
2446 2747 2860 2812 snpernaturale
2894 2757 2948 2802 et
2974 2759 3186 2817 gratum
3221 2756 3274 2803 ct
3304 2751 3482 2814 dulce,

1912 2838 2174 2896 quantum
2205 2846 2431 2888 necesse
2454 2845 2537 2888 est
2568 2837 2632 2890 ad
2663 2839 2995 2907 spiritualern
3030 2842 3354 2900 fruitiunem.

1981 3107 2074 3162 49.
2117 3108 2174 3162 1η
2206 3109 2382 3163 forma
2419 3110 2539 3164 sine
2565 3111 2735 3166 forma
2767 3124 2817 3168 et
2850 3129 3016 3183 super
3042 3115 3485 3182 splendidissimo

1915 3201 2259 3255 immateriali
2290 3208 2344 3256 et
2371 3202 2778 3272 simplicissimo
2825 3208 2975 3260 vultu
3019 3206 3188 3261 Deum
3235 3220 3486 3264 contem-

1913 3291 2132 3356 plantur
2179 3295 2585 3361 contemplativi
2629 3296 2975 3354 uniformiter
3023 3316 3213 3362 unum,
3254 3302 3485 3356 inﬁnitis

1915 3381 2073 3436 bonis
2124 3383 2549 3450 circumdatum,
2607 3387 2905 3443 innumeris
2987 3391 3486 3460 pnlchritudinibus

1916 3473 2270 3538 illustratum,
2313 3475 2506 3530 lucidis
2554 3479 2720 3534 radiis
2779 3481 3122 3549 splendidum
3169 3493 3224 3536 et
3266 3499 3486 3538 omnem

1916 3576 2151 3622 mentem
2200 3567 2322 3623 luce
2367 3567 2727 3638 perfundens,
2776 3571 3077 3626 incﬂ‘abiles
3122 3582 3174 3627 et
3206 3574 3488 3629 inenarra-

1916 3658 2050 3714 biles
2100 3659 2360 3727 divitias;
2413 3662 2682 3716 bonorum
2738 3672 2792 3718 et
2841 3665 3196 3733 pulchrorum
3256 3666 3486 3732 fontem,

1915 3752 2183 3808 inﬁnitam
2214 3753 2598 3810 abundantiam
2644 3768 2910 3826 perpetuo
2942 3759 3200 3812 ﬁnentem
3248 3769 3300 3813 et
3330 3770 3490 3815 aeter-

1912 3858 2060 3907 nam,
2077 3844 2260 3914 gloria:
2278 3845 2590 3900 thesaurum
2613 3848 2985 3916 plenissimum
3003 3858 3058 3903 et
3076 3850 3482 3915 inexhaustum,

1914 3937 2151 4004 plurimo
2179 3937 2376 4008 gaudio
2404 3939 2697 4007 replentem
2732 3950 2945 3995 mentes
2973 3941 3092 3995 sine
3117 3942 3313 4005 oculis,
3353 3944 3487 3996 huti-

1916 4030 1990 4083 tia
2023 4038 2077 4084 et
2105 4029 2471 4084 exsultatione
2504 4047 2625 4084 cum
2665 4033 2908 4087 immisto
2939 4049 3105 4089 sensu
3154 4036 3253 4089 hac
3303 4036 3485 4089 divina

1914 4131 1964 4174 et
1995 4121 2395 4189 snpernaturali
2428 4123 2639 4176 unitate
2667 4122 2899 4178 libenter
2925 4139 2983 4178 se
3006 4122 3338 4186 eﬂundente,
3372 4127 3486 4189 illa,

1914 4228 2036 4281 qua:
2069 4214 2120 4266 in
2153 4217 2434 4268 inaccessa
2465 4215 2795 4268 obscuritate
2825 4214 2989 4282 jacet.
3026 4217 3220 4269 Vi'lent
3271 4234 3490 4287 quoque

1913 4315 2177 4372 quantum
2218 4314 2335 4374 post
2388 4307 2862 4375 investigationem
2923 4307 3488 4382 profundaturuuarc

1914 4411 1979 4450 ex
2007 4397 2095 4450 illa
2122 4397 2419 4460 inﬁnitum,
2442 4412 2506 4450 ex
2534 4397 2648 4460 illa,
2675 4398 2918 4466 inquam,
2946 4399 3204 4454 ineﬂabili
3243 4401 3487 4458 bonitate

1915 4503 1969 4544 et
1998 4491 2368 4560 inexplicabili
2398 4490 2667 4544 charitate
2694 4500 2750 4545 et
2774 4493 3117 4559 providentia
3144 4495 3486 4550 inscrutabili

243 4589 343 4641 καὶ
377 4585 606 4653 ἀγάπης
642 4581 1051 4654 ἀνερμηνεύτου
1077 4621 1092 4646 ,
1121 4582 1218 4632 καὶ
1252 4578 1590 4648 προμηθείας
1643 4580 1928 4637 ἀνεπι-ῢῐ

1802 4581 1971 4637 ηοῢὶη
2017 4583 2229 4637 inﬁnita
2281 4583 2544 4653 potentia,
2595 4592 2648 4635 et
2699 4582 2956 4638 ineﬁ'ahili
3010 4587 3317 4652 sapientia;
3367 4605 3487 4656 qua:

243 4680 444 4749 νοήτου
479 4677 538 4728 ὲν
567 4674 795 4743 δυνάμει
821 4674 1081 4743 ἀορίστῳ,
1114 4675 1208 4724 καὶ
1235 4673 1398 4740 σοφίᾳ
1421 4672 1706 4742 ἀφράστῳ,
1738 4672 1835 4724 καὶ

243 4769 512 4837 ἀγγέλοις
582 4767 680 4818 καὶ
709 4765 893 4826 αὐτοῖς
925 4765 1180 4833 Σεραφὶμ
1209 4764 1559 4832 ἀπερινόητα,
1593 4763 1669 4824 ὡς
1694 4763 1835 4831 ὑπὲρ

247 4863 433 4914 πάντα
483 4859 612 4912 νοῦν
651 4855 1008 4909 καθεστῶτα*
1059 4855 1154 4908 καὶ
1202 4856 1308 4924 μὴν
1344 4856 1436 4907 καὶ
1472 4855 1541 4908 τὰ
1585 4855 1694 4909 ἀπὸ
1738 4855 1833 4908 τοῦ

249 4955 523 5024 παρόντος
557 4953 618 5004 ἑν
645 4953 776 5020 ἡμῖν
801 4943 889 5002 οἶα
915 4947 1400 5018 συλλαμϐανόμενα
1421 4948 1644 5019 ἀρρήτῳ
1666 4947 1830 5017 λόγῳ,

242 5047 392 5107 κατὰ
429 5044 484 5096 δὲ
526 5044 586 5095 τὸ
619 5042 814 5111 μέλλον
865 5039 1373 5109 ἀποκαθιστάμενα,
1425 5041 1518 5092 καὶ
1555 5033 1666 5091 οἷον
1698 5041 1834 5093 ἀπο-

246 5136 594 5206 γεννώμενα,
629 5135 722 5186 καὶ
748 5133 1103 5202 τελειούμενα
1124 5149 1137 5163 ·
1163 5132 1199 5186 ἃ.
1222 5133 1313 5184 καὶ
1339 5131 1672 5203 Χερουδικὸν
1706 5133 1832 5186 νοῦν

243 5233 461 5302 ἐξιστᾷ,
499 5230 596 5282 καὶ
649 5228 809 5297 μόνον
849 5243 966 5289 πως
1005 5226 1265 5296 ἀμυδρῶς
1306 5226 1435 5297 περὶ
1476 5226 1666 5280 τούτου
1715 5227 1834 5280 δια·

242 5323 516 5394 νοηθῆναι
568 5319 928 5392 προθέμενον.
986 5319 1050 5370 Ὢ
1081 5317 1422 5388 ἀγαθότητος
1447 5357 1462 5382 ,
1507 5318 1603 5371 καὶ
1636 5318 1835 5389 βουλῆς

242 5415 406 5480 Θεοῦ,
456 5414 554 5466 καὶ
601 5413 843 5482 ἀγάπη-ς,
882 5410 978 5464 καὶ
1009 5410 1400 5482 χρηστότητος,
1434 5409 1717 5479 δυνάμεως
1771 5427 1833 5463 τε

245 5509 344 5561 καὶ
376 5504 599 5573 σοφίας,
634 5505 730 5556 καὶ
757 5503 1101 5573 προμηθείας
1137 5501 1323 5564 θείαςί
1359 5501 1525 5564 ὅντως
1575 5501 1833 5572 μακάριοι

243 5595 321 5652 ὧν
349 5598 664 5668 ἀφείθησαν
689 5597 745 5650 αἱ
775 5597 1017 5666 ἀνομίαι,
1049 5596 1144 5648 καὶ
1178 5589 1253 5646 ὧν
1285 5593 1748 5665 ἀπεκαλύφθησαν
1775 5595 1831 5648 αί

245 5690 551 5760 ἀμαρτίαιί
597 5690 705 5741 Καὶ
741 5688 1010 5756 μακάριος
1042 5685 1349 5756 ἄνθρωπος,
1380 5685 1439 5736 ὃν
1468 5685 1533 5737 ἂν
1567 5684 1830 5755 παιδεύσῃ

243 5785 480 5853 Κύριος,
521 5783 616 5835 καὶ
647 5783 710 5832 ὲκ
740 5778 833 5832 τοῦ
865 5780 1029 5850 νόμου
1067 5777 1232 5832 αὑτοῦ
1261 5779 1356 5832 καὶ
1399 5777 1490 5831 τοῦ
1518 5777 1830 5850 Πνεύματος

242 5876 453 5943 διδάξει
484 5875 669 5930 αὑτόνῐ

1922 4675 2102 4729 omnia
2134 4684 2260 4730 sunt
2293 4675 2497 4744 angelis
2520 4684 2573 4729 et
2604 4675 2736 4743 ipsis
2759 4673 3043 4743 Seraphin:
3072 4678 3489 4746 incomprehen-

1922 4767 2128 4832 sibilia,
2165 4760 2351 4836 utpote
2380 4781 2543 4836 supra
2605 4766 2904 4834 quamlihet
2952 4778 3184 4822 mentem
3229 4772 3484 4836 excelsa;

1921 4877 2040 4930 qua:
2067 4861 2286 4931 quidem
2314 4875 2380 4915 ex
2403 4875 2467 4914 eo
2492 4870 2731 4929 tempore
2757 4860 2810 4913 in
2837 4861 2992 4916 nobis
3017 4871 3272 4931 tanquam
3300 4863 3488 4918 iucﬂ'a-

1919 4954 2011 5007 bili
2069 4954 2279 5008 ratione
2342 4953 2695 5021 colliguntur,
2763 4953 2947 5006 futuro
3005 4964 3187 5009 autem
3247 4965 3486 5026 tempore

1921 5043 2168 5096 restituta
2203 5050 2258 5096 ct
2293 5051 2606 5112 regenerata
2638 5050 2692 5095 et
2723 5041 2997 5111 perfecta;
3049 5058 3173 5112 qua:
3201 5042 3482 5096 cherubim

1921 5145 2155 5187 mentem
2188 5132 2472 5196 extollunt,
2524 5131 2722 5200 quibus
2778 5139 2959 5185 tamen
3009 5133 3075 5186 de
3122 5133 3212 5186 illo
3252 5133 3482 5186 obscure

1919 5235 2129 5280 tantum
2179 5223 2401 5294 cogitari
2453 5224 2638 5279 datum
2694 5231 2798 5280 est.
2853 5226 2894 5277 0
2939 5225 3273 5279 bonitatem!
3325 5240 3356 5280 ο
3389 5225 3481 5280 Dei

1917 5319 2202 5374 consilium
2236 5326 2289 5372 et
2319 5316 2681 5372 charitateml
2728 5332 2761 5371 o
2808 5316 3240 5380 beneﬁcentiam,
3291 5327 3478 5382 poten-

1920 5410 2158 5476 tiamque
2209 5417 2263 5463 et
2295 5409 2643 5475 sapientiam,
2674 5416 2728 5462 et
2770 5408 3161 5476 providentiam
3211 5408 3476 5464 divinam!

1917 5502 2053 5556 Vere
2103 5501 2244 5556 beati
2294 5514 2528 5570 quorum
2577 5500 2824 5554 remisse
2877 5509 3006 5553 sunt
3064 5500 3394 5567 iniquitates,
3427 5511 3479 5553 et

1914 5607 2145 5662 quorum
2177 5601 2315 5646 tecta
2347 5601 2470 5645 sunt
2505 5598 2760 5659 peccata;
2790 5601 2864 5658 et,
2899 5591 3090 5645 beatus
3124 5590 3287 5644 homo
3316 5606 3475 5658 quem

1916 5686 2059 5740 Deus
2105 5685 2367 5740 erudierit
2396 5693 2451 5739 et
2482 5684 2552 5740 de
2584 5683 2701 5757 lege
2742 5698 2838 5740 sua
2881 5697 2945 5739 ac
2990 5681 3187 5753 spiritu
3230 5682 3480 5739 docuerit

1913 5777 2068 5833 eum!
