4266 6450
272 434 378 495 893

1418 435 1515 494 DE
1556 433 1732 493 νιτΛ
1774 434 2428 505 CONTEMPLATIVA.

3422 449 3526 511 894

271 559 368 607 καὶ
420 556 532 609 τῶν
577 557 739 609 ϐείων
786 557 979 609 ἐαυτδν
1013 556 1254 628 Θεωρῶν,
1305 560 1558 629 τηνικάδε
1588 562 1784 621 ἔδεται,
1821 552 1921 632 ᾖΛ

1839 553 1921 631 5A
1958 562 2363 628 contemplans,
2397 572 2527 616 tunc
2564 562 2819 630 comedit,
2877 572 3141 633 quantum
3174 566 3317 629 licet,
3347 570 3524 621 scien-

272 653 469 721 Οέμις,
531 654 632 719 τῆς
693 651 1073 719 πνευματικῆς
1127 651 1381 718 γνώσεως
1436 655 1565 716 τοὺς
1627 654 1847 723 ἀληθεῖς

274 748 546 813 καρποὺς,
571 746 664 795 καὶ
701 742 1065 811 θεουργεῖται,
1099 746 1192 796 καὶ
1223 745 1427 814 χαίρει,
1458 748 1546 798 καὶ
1575 748 1653 808 είς
1679 746 1857 809 θείους

275 839 582 906 προκόπτει
610 839 843 906 ἔρωτας,
873 837 1053 890 λαλῶν
1083 838 1183 907 μὲν
1221 839 1471 908 οὐδαμῶς
1513 839 1689 903 οὐδὲν,
1732 839 1857 894 οὔτε

277 933 388 998 μήν
421 948 537 991 πως
577 928 921 993 ὅιεξῡδεύων,
966 928 1089 982 οὔτε
1115 931 1260 984 ἔνδον
1294 931 1405 984 οὔτ’
1436 932 1542 984 ἔσω
1572 934 1711 985 κατὰ
1741 934 1858 986 διά-

274 1023 446 1079 Οεσιν,
506 1022 621 1071 ἀλλ’
679 1021 800 1071 οὐδὲ
853 1020 1258 1091 διανοούμενος,
1291 1022 1406 1076 ἀλλ’
1465 1022 1607 1091 ὁρῶν
1658 1024 1857 1091 νοερῶς

274 1113 475 1175 ἑνικῶς
513 1115 571 1165 ἐν
606 1118 747 1178 φωτὶ
771 1112 1030 1183 ἀληθείας
1070 1116 1164 1166 καὶ
1196 1114 1504 1183 πνεύματος
1532 1156 1546 1177 ,

275 1206 383 1274 ςὴν
411 1204 762 1271 ἀμετάϐατον
790 1205 1111 1274 ποιούμενος
1134 1206 1198 1258 τὰ
1224 1206 1494 1275 ὁρώμενα.

346 1295 450 1365 νγ’.
490 1296 665 1351 Ὀταν
696 1297 754 1349 τὸ
781 1297 878 1349 τοῦ
922 1298 1039 1359 νοὸς
1069 1298 1365 1368 πρόσωπον
1392 1298 1542 1350 νεῦον
1568 1301 1697 1352 εῐσω
1726 1318 1863 1369 καρ-

272 1391 416 1451 δίας,
476 1392 576 1458 ὁρᾷ
626 1389 725 1456 τὴν
756 1389 850 1441 τοῦ
899 1389 1215 1458 Πνεύματος
1268 1389 1533 1459 ελλαμψιν
1584 1391 1643 1454 ἐξ
1690 1393 1860 1458 absit;

275 1483 543 1535 ἀείὸλυτα
588 1480 969 1549 πηγάζουσαν,
1005 1482 1125 1533 τότε
1162 1484 1303 1535 πάνυ
1340 1484 1527 1552 καιρὸς
1561 1483 1652 1535 τοῦ
1680 1484 1857 1554 σιγᾷν,

353 1575 448 1628 νδ’.
495 1575 667 1627 Ὅταν
692 1576 812 1626 ὅλον
842 1575 901 1626 τὸ
930 1592 1015 1626 νοε
1027 1575 1115 1643 ρδν
1162 1575 1454 1644 πρόσωπον
1479 1576 1567 1648 fon
1589 1576 1680 1628 τὸν
1706 1576 1859 1643 Θεὸν,

280 1666 485 1735 μᾶλλον
545 1665 642 1733 μὲν
689 1660 782 1716 οὖν
815 1666 945 1716 ὅταν
978 1666 1097 1727 ὅλος
1129 1667 1156 1717 ὁ
1183 1665 1306 1728 νοῦς
1346 1667 1478 1718 εἴσω
1515 1668 1738 1735 γένηται
1768 1665 1861 1717 τοῦ

276 1757 441 1819 θεοῦ,
474 1755 533 1823 ἦ,
575 1755 642 1807 ἵν’
679 1754 851 1815 οὕτως
882 1756 1041 1816 εἴπω,
1071 1755 1199 1807 ὅταν
1219 1758 1245 1807 ὁ
1276 1754 1409 1817 Θεὸς
1453 1757 1509 1806 ἐν
1546 1755 1651 1824 ὅλῳ
1677 1755 1752 1823 τῷ
1783 1753 1862 1806 vol

277 1852 532 1918 γένηται,
558 1850 680 1901 τότε
710 1850 851 1899 πάνυ
879 1864 929 1900 τι
958 1848 1051 1899 καὶ
1082 1846 1343 1916 μειζόνως
1390 1848 1707 1915 πεφυκότως
1737 1865 1864 1900 και-

280 1944 379 2013 ρὸς
403 1942 498 1994 τοῦ
530 1943 708 2011 σιγᾷν.

1598 1116 1691 1169 καὶ
1724 1132 1858 1185 τρυ-

355 2044 454 2091 νε’.
495 2040 665 2090 Ὅταν
695 2039 723 2089 δ
760 2036 885 2099 νοῦς
938 2038 995 2088 ὲν
1025 2040 1090 2105 τῇ
1145 2034 1236 2088 τοῦ
1288 2035 1599 2105 Πνεύματος
1664 2040 1863 2107 μετοχῇ

282 2132 642 2201 Θεωρητικῶς
693 2129 835 2181 κατὰ
877 2128 944 2181 τὰ
976 2130 1235 2198 γινόμενα
1276 2129 1396 2199 Θεῷ
1437 2130 1860 2197 παριστάμενος,

280 2224 447 2292 δόξης
498 2239 557 2275 τε
617 2225 680 2274 ὲκ
711 2220 1006 2291 προσώπου
1060 2219 1216 2284 Θεοῦ,
1268 2222 1361 2271 καὶ
1396 2220 1624 2286 ἀγλαΐας
1668 2221 1867 2291 τρόπον

282 2313 513 2381 θεμιτὸν
566 2312 839 2379 ἀπολαύῃ,
896 2312 999 2381 χρὴ
1056 2310 1150 2363 καλ⁵
1206 2310 1349 2378 μάλα
1399 2312 1621 2371 είκότως
1685 2312 1865 2380 σιγᾷν,

282 2408 462 2473 ἡσυχῇ
483 2421 541 2455 τε
575 2403 670 2455 καὶ
699 2403 1169 2472 ἁπερικτυπήτως
1198 2402 1350 2471 ὁρᾷν.
1388 2402 1445 2453 ΕΞ
1477 2401 1531 2453 δέ
1558 2419 1607 2452 τι
1640 2402 1867 2464 σκότους

280 2496 645 2564 ὁπωσδήποτε
706 2494 976 2563 ἀχλυῶδες
1012 2494 1218 2563 μεταξὺ
1254 2493 1346 2545 νοῦ
1405 2494 1501 2546 καὶ
1537 2493 1671 2545 Θεοῦ
1732 2510 1868 2562 παρ-

282 2590 531 2660 εμπὲσῃ,
592 2587 789 2657 ἀθρόον
814 2586 1005 2657 ὥσπερ
1063 2603 1115 2639 τι
1169 2587 1459 2655 φωτοειδὲς
1480 2626 1493 2648 ,
1526 2590 1617 2640 καὶ
1644 2588 1868 2653 διακαὲς

280 2683 559 2750 πεφυκότι
616 2680 760 2748 λόγῳ
804 2680 939 2750 πῦρ,
992 2679 1204 2748 βάλλειν
1245 2681 1408 2749 ὁμόσε
1438 2682 1661 2742 σκότους
1689 2682 1868 2748 λόγον,

284 2773 673 2842 ᾓραχύλεκτον
730 2771 851 2839 μὲν,
914 2772 1063 2841 ὅμως
1091 2771 1238 2831 Θείας
1273 2772 1598 2841 ἐμφάσεως,
1630 2773 1698 2826 ἵν’
1726 2774 1869 2826 οὕτω

281 2868 486 2917 θᾶττον
515 2864 574 2915 τὸ
602 2863 793 2925 σκότος
826 2863 1156 2931 ἐξαφανίσας
1184 2864 1261 2934 τῷ
1290 2868 1451 2932 φωτὶ,
1474 2868 1569 2918 καὶ
1591 2870 1655 2935 τῇ
1689 2867 1871 2939 θέρμῃ

279 2960 386 3027 τήν
421 2975 484 3024 γε
522 2958 715 3025 ἀχλὺν,
751 2957 843 3011 καὶ
873 2956 933 3021 ἐξ
964 2958 1261 3027 ἐφαμίλλου
1310 2960 1404 3011 τὸν
1448 2959 1571 3011 νοῦν
1629 2963 1871 3027 φωτίσας

280 3067 344 3100 τε
387 3050 486 3102 καὶ
546 3050 824 3120 θερμάνας
866 3050 1041 3119 τούτῳ
1091 3050 1260 3121 αὐτῷ,
1319 3051 1539 3113 ἐσαῦθις
1572 3052 1711 3123 ἴσχει
1744 3070 1871 3106 συν-

1959 654 2047 705 tiae
2081 654 2385 721 spiritualis
2413 656 2622 711 fructus
2657 671 2839 720 veros,
2869 666 2922 711 et
2950 657 3254 722 deificatur,
3291 666 3345 711 et
3378 660 3524 711 trcta-

1955 754 2077 809 tur;
2139 756 2191 800 ct
2245 747 2298 800 in
2340 747 2525 800 divino
2579 763 2765 804 amore
2814 750 3069 818 proficit,
3135 750 3270 804 nihil
3304 752 3522 816 quidem

1954 840 2181 891 omnino
2222 841 2451 907 loquens
2484 879 2497 899 ,
2555 856 2729 907 neque
2775 851 3090 911 penetrans.
3131 857 3306 909 neque
3338 843 3527 895 intime

1959 944 2138 998 neque
2162 934 2302 985 intra
2341 948 2433 1001 per
2466 932 2885 999 descriptionem
2912 975 2927 997 ,
2962 934 3055 987 sed
3091 949 3263 1003 neque
3303 934 3521 987 ratioci-

1956 1039 2115 1087 nans,
2145 1024 2238 1078 sed
2289 1024 2477 1079 videns
2504 1025 2858 1093 spiritualiter
2888 1042 2949 1081 ac
2977 1027 3183 1081 nnltive
3208 1028 3257 1079 in
3284 1026 3529 1080 veritatis

1956 1132 2018 1169 ac
2051 1104 2275 1185 Spiritus
2313 1118 2539 1184 lumine,
2573 1119 2676 1174 sibi
2723 1132 2784 1174 ea
2818 1136 2937 1188 qure
2966 1121 3111 1175 videt
3157 1119 3526 1173 indeflcientes

1956 1210 2171 1263 laetitias
2197 1210 2424 1265 faciens.

2032 1302 2123 1356 53.
2172 1304 2401 1368 Quando
2430 1306 2629 1359 mentis
2663 1307 2844 1361 vultus
2881 1305 3021 1358 intra
3052 1319 3148 1357 cor
3176 1311 3472 1371 penetrans
3509 1340 3524 1362 ,

1957 1396 2105 1449 vidct
2152 1396 2388 1463 Spiritus
2443 1398 2895 1451 illuminationem
2938 1413 3003 1451 ex
3055 1397 3218 1450 corde
3270 1404 3528 1463 perpetuo

1956 1487 2367 1549 scaturientern,
2400 1498 2528 1542 tunc
2567 1488 2759 1542 silendi
2802 1499 3041 1555 tempus;

2034 1578 2120 1631 54.
2156 1576 2386 1643 Quando
2417 1580 2718 1647 spiritualis
2748 1581 2926 1633 nullus
2965 1588 3137 1632 totum
3173 1578 3337 1632 Deum
3361 1578 3527 1640 videt,

1959 1673 2067 1726 imo
2097 1688 2231 1727 vero
2257 1674 2472 1741 quando
2504 1688 2661 1727 mens
2691 1682 2799 1726 tota
2833 1673 2969 1726 intra
2996 1673 3159 1725 Deum
3200 1679 3309 1734 est,
3332 1682 3447 1736 aut,
3472 1680 3532 1725 ut

1959 1762 2031 1815 ita
2075 1762 2275 1829 dicam,
2318 1764 2533 1830 quando
2602 1764 2742 1819 Deus
2805 1764 2857 1817 in
2905 1772 3016 1818 tota
3073 1773 3251 1817 mente
3300 1763 3530 1818 diffusus

1960 1863 2065 1919 est,
2097 1864 2227 1908 tunc
2282 1855 2508 1909 omnino
2561 1865 2615 1909 et
2670 1858 2905 1909 maxime
2961 1855 3282 1909 naturaliter
3334 1855 3530 1910 silendi

1958 1958 2172 2013 tempus
2204 1957 2304 2002 est.

2031 2040 2117 2093 55.
2147 2039 2377 2105 Quando
2409 2056 2563 2093 mens
2604 2040 2657 2093 in
2694 2038 2920 2107 spiritus
2957 2041 3373 2106 participatione
3401 2057 3533 2097 con-

1958 2132 2268 2196 tt-mplstivc
2300 2146 2397 2199 pro
2431 2130 2862 2184 circumstantiis
2906 2131 3012 2183 Deo
3038 2142 3204 2195 astat,
3266 2142 3319 2185 et
3349 2133 3533 2200 splen-

1957 2211 2093 2273 dore
2115 2220 2301 2275 debito
2340 2220 2501 2275 modo
2533 2219 2751 2282 fruitur,
2784 2219 3064 2289 gloriaque
3093 2235 3159 2273 ex
3203 2220 3353 2273 vultu
3398 2220 3487 2275 Del
3512 2264 3529 2288 ,

1958 2321 2175 2379 oportet
2225 2323 2352 2366 tunc
2403 2313 2701 2381 praesertim
2735 2314 2898 2369 silere
2930 2353 2945 2377 ,
2986 2324 3037 2367 et
3072 2314 3365 2380 tranquille
3396 2313 3531 2368 etin

1959 2403 2177 2455 silentio
2228 2403 2434 2456 videre.
2488 2402 2542 2456 Si
2576 2413 2757 2457 autem
2803 2404 3151 2456 tenebrarum
3189 2403 3359 2469 caligo
3388 2402 3533 2457 intra

1969 2508 2202 2548 utentem
2236 2510 2299 2547 ac
2343 2495 2509 2547 Deum
2564 2495 2833 2549 deciderit
2865 2537 2877 2559 ,
2913 2495 3226 2563 frequenter
3276 2505 3533 2561 tanquam

1962 2585 2166 2653 aliquid
2229 2586 2395 2639 luridi
2451 2596 2507 2639 et
2542 2587 2719 2653 ignem
2753 2586 2984 2640 naturali
3030 2586 3244 2639 ratione
3289 2596 3533 2638 urentem

1964 2686 2153 2729 contra
2190 2677 2291 2731 has
2321 2680 2572 2731 tenebras
2590 2677 2841 2731 emittere
2863 2686 3098 2743 oportet,
3122 2676 3343 2729 verbum
3374 2678 3536 2730 breve

1966 2768 2189 2833 quidem
2238 2770 2437 2823 divina:
2475 2770 2849 2831 revelationis,
2892 2779 2950 2822 ut
2984 2770 3055 2823 ita
3084 2770 3248 2823 citius
3280 2768 3536 2823 tenebras

1967 2858 2170 2913 lumine
2199 2859 2480 2930 dissipans
2516 2870 2572 2915 et
2613 2862 2784 2929 frigus
2825 2863 3005 2915 calore
3044 2861 3284 2921 solvens,
3315 2869 3367 2913 et
3392 2874 3537 2913 con-

1967 2951 2169 3004 trarius
2201 2964 2436 3007 merrtem
2472 2955 2787 3008 itluminans
2821 2953 3280 3021 calefaciensque,
3316 2969 3537 3007 rursum

1970 3056 2094 3093 cum
2133 3042 2260 3104 Deo,
2294 3055 2350 3096 ιιι
2382 3043 2533 3108 prius
2578 3045 2893 3097 conversari
2929 3044 3121 3111 possit.
3161 3042 3386 3110 ejusque
3421 3042 3536 3109 pul-

282 3146 430 3194 εἰναι
450 3143 528 3203 ὡς
552 3144 683 3212 πρὶν
716 3142 795 3212 τῷ
816 3144 956 3213 Θεῷ,
988 3144 1085 3197 καὶ
1123 3146 1348 3214 θεωρεῖν
1375 3145 1435 3195 τὸ
1462 3144 1655 3206 κάλλος
1679 3144 1866 3209 αὐτοῦ,
1892 3168 1939 3227 ο

1852 3188 1866 3209 ν
1892 3168 1939 3227 c
1968 3134 2331 3189 cbritudiucm
2402 3136 2755 3203 contemplari
2780 3174 2795 3197 ,
2832 3150 3009 3204 eaque
3058 3135 3187 3201 frui,
3217 3146 3273 3188 ut
3300 3136 3455 3189 decet
3484 3144 3537 3191 et

284 3232 383 3284 καὶ
408 3231 484 3293 ὡς
514 3234 661 3295 εἰκὸς
693 3234 990 3286 ἀπολαύειν
1017 3234 1207 3298 αὑτοῦ,
1246 3234 1339 3286 καὶ
1366 3235 1746 3299 καλλύνεσθαι,
1777 3239 1871 3289 καί¹

282 3325 550 3394 πάσχειν,
584 3326 890 3395 συλλήϐδην
915 3326 1081 3393 φάναι
1122 3327 1189 3378 τὰ
1220 3328 1362 3380 κατὰ
1392 3327 1585 3397 νοερὰν
1613 3327 1872 3397 ὲπιόολὴν

280 3420 376 3471 διὰ
420 3418 736 3487 παραδοχῆς
782 3417 878 3471 τοῦ
924 3418 1192 3482 ζωοποιοῦ
1246 3418 1562 3487 Πνεύματος
1607 3421 1669 3472 ἐκ
1712 3420 1871 3485 Θεοῦ,

259 3514 384 3564 ,καὶ
419 3513 522 3599 μέν
554 3529 619 3579 γε
649 3511 922 3581 δήπουθεν
965 3510 1274 3581 ἠπλῶσθαι,
1326 3512 1420 3564 καὶ
1449 3511 1781 3564 ἀπολύεσθαι
1813 3513 1871 3564 ἐν

282 3609 395 3671 ἄρα
432 3605 663 3674 ἀληθείᾳ
694 3606 786 3655 καὶ
811 3603 1089 3671 πνεύματι
1123 3605 1181 3656 ἐν
1203 3602 1281 3673 τῷ
1315 3602 1454 3671 Θεῷ,
1486 3603 1593 3655 ἀπὸ
1628 3602 1869 3666 πάντων,

281 3702 381 3751 καὶ
414 3696 730 3750 αὐτῶντῶν
762 3698 891 3765 περὶ
917 3696 1072 3749 Θεόν.
1118 3695 1289 3748 Τοῦτο
1344 3697 1444 3764 μὲν
1494 3695 1718 3757 εἰκότως
1764 3694 1873 3746 ’καὶ

284 3788 682 3854 προσηκόντως
712 3786 1136 3856 όθεωρητικός’
1194 3789 1223 3839 ὁ
1272 3787 1456 3853 μέντοι
1520 3786 1651 3856 μόνῃ
1700 3802 1873 3855 προσ-

284 3879 511 3946 ανέχων
568 3878 787 3947 πράξει,
852 3877 1048 3930 πολλοῦ
1083 3878 1166 3931 δεῖ
1204 3879 1302 3947 τῆς
1349 3880 1605 3948 τοιαύτης
1654 3878 1875 3947 ἔχεσθαι

288 3972 712 4036 καταστάσεως,
772 3970 998 4039 μηδέπω
1028 3971 1269 4039 δηλονότι
1318 3972 1397 4033 εἰς
1429 3971 1639 4032 ἑαυτὸν,
1670 3972 1763 4023 καὶ
1805 3968 1875 4023 δι’

291 4059 499 4114 ἑαυτοῦ
524 4062 605 4118 εἰς
628 4060 719 4112 τὸν
737 4060 871 4112 Θεὸν
904 4060 1144 4123 ἑνωθείς.
1165 4061 1239 4112 Οὐ
1265 4061 1444 4113 τοίνυν
1475 4060 1571 4113 Θαῦ
1582 4077 1656 4130 μα
1688 4060 1876 4114 τοῦτον

288 4154 362 4203 ἐκ
386 4151 499 4204 τῶν
540 4152 701 4202 θείων
728 4152 874 4221 ᾄδειν
893 4192 908 4217 ,
953 4152 985 4221 ἢ
1021 4150 1205 4204 λαλεῖν
1235 4154 1583 4221 ἀμωσγέπως
1613 4154 1784 4206 πολλά
1817 4170 1875 4206 τε

286 4243 358 4311 δὴ
387 4242 485 4294 καὶ
512 4242 755 4304 πυκνῶς,
791 4245 910 4305 ταῖς
942 4243 1191 4313 συνεχέσι
1233 4244 1450 4303 πάντως
1489 4244 1739 4296 ἐντεῦθεν
1760 4242 1875 4296 οἷόν

288 4350 410 4387 τισι
469 4333 673 4402 βολαῖς,
732 4335 828 4386 καὶ
886 4335 1088 4402 φοϐῶν,
1133 4336 1223 4388 καὶ
1254 4335 1539 4387 ἀποσοϐῶν
1594 4336 1686 4389 τὸν
1741 4338 1878 4405 ἡμῖν

288 4423 725 4491 δυσμεναίνοντα
755 4420 826 4472 τὰ
850 4419 1041 4482 πολλὰ,
1091 4422 1183 4473 καὶ
1216 4422 1554 4491 πολεμοῦντα
1583 4428 1837 4497 ἐκθύμως
1857 4447 1873 4463 ο

291 4513 423 4577 ἥξει
452 4513 562 4581 γὰρ
586 4512 679 4564 καί
712 4512 887 4581 τούτῳ
911 4510 1101 4580 καιρὸς
1130 4512 1475 4577 ὑπομένοντι,
1511 4515 1570 4580 ἐξ
1601 4518 1707 4587 ἄρα
1745 4520 1878 4587 δῆτα

1968 3227 2240 3288 decorari,
2296 3238 2385 3290 et,
2441 3238 2498 3281 ut
2537 3229 2768 3281 breviter
2831 3228 3031 3292 dicam,
3066 3243 3185 3295 quae
3233 3228 3535 3281 secundum

1964 3321 2307 3387 spiritualein
2388 3322 2649 3389 impetum
2712 3331 2841 3373 sunt
2893 3321 3039 3388 pati,
3076 3336 3168 3388 per
3216 3320 3540 3374 viviticantis

1969 3414 2201 3481 spiritus
2227 3429 2290 3465 ex
2323 3412 2432 3465 Deo
2458 3413 2824 3480 receptioneru
2854 3451 2868 3471 ,
2909 3422 2961 3465 et
2993 3412 3218 3476 simplex
3251 3414 3361 3466 fieri
3396 3421 3451 3465 et
3485 3413 3538 3464 in

1966 3507 2195 3559 veritate
2218 3520 2281 3557 ac
2313 3505 2507 3572 spiritu
2540 3505 2591 3556 in
2636 3504 2744 3557 Deo
2773 3503 2993 3556 di~solvi
3019 3505 3087 3557 ab
3117 3504 3369 3556 omuilms
3398 3512 3452 3555 et
3474 3501 3541 3555 iis

1969 3596 2224 3663 ipsisquze
2253 3597 2394 3649 circa
2446 3594 2611 3647 Deum
2639 3601 2786 3647 sunt.
2815 3594 2869 3647 Id
2904 3595 3213 3662 assequitur
3244 3593 3436 3646 merito
3474 3607 3539 3646 ac

1968 3688 2227 3739 decenter
2305 3685 2780 3755 contemplativus.
2833 3685 2936 3749 Qui
2999 3700 3133 3737 vero
3186 3685 3285 3738 soli
3335 3683 3537 3738 actioni

1969 3780 2258 3841 incumbit,
2293 3778 2519 3831 multum
2552 3779 2620 3830 ab
2654 3779 2754 3831 hac
2785 3778 3141 3831 restitutione
3179 3778 3371 3840 distat,
3399 3792 3539 3829 non-

1973 3867 2100 3918 dum
2144 3868 2196 3919 in
2230 3868 2412 3934 scipso
2445 3882 2509 3920 ac
2540 3882 2634 3934 per
2665 3868 2901 3935 seipsum
2938 3868 2991 3919 in
3042 3867 3150 3920 Deo
3179 3868 3383 3920 unitus.
3421 3866 3539 3920 Non

1972 3958 2137 4027 igitur
2165 3960 2362 4011 mirum
2397 3971 2480 4012 est
2516 3959 2665 4010 illum
2694 3968 2749 4012 et
2789 3957 2990 4011 divinis
3021 3972 3216 4011 canere
3254 3967 3347 4009 aut
3392 3958 3538 4026 loqui

1970 4051 2377 4120 quodammodo
2442 4052 2608 4105 multa
2664 4066 2729 4104 ac
2792 4049 3107 4117 frequenter
3169 4048 3543 4116 frequentibus

1972 4146 2197 4196 omnino
2239 4144 2570 4213 quibusdam
2608 4143 2924 4210 impetibus,
2949 4157 3010 4195 ac
3040 4141 3275 4194 fremens
3293 4149 3349 4194 et
3388 4156 3543 4194 reve-

1974 4254 2104 4291 rens
2134 4254 2258 4290 cum
2292 4230 2380 4305 qui
2420 4239 2471 4289 in
2504 4238 2664 4290 nobis
2698 4237 3017 4304 plerumque.
3050 4242 3104 4287 et
3132 4234 3389 4288 ardenter
3439 4250 3541 4304 pu-

1975 4336 2122 4397 gnat.

2056 4419 2246 4472 Veniet
2278 4418 2423 4471 enim
2461 4416 2535 4470 illi
2574 4425 2787 4484 tempus
2834 4416 3140 4481 sulferenti,
3177 4431 3240 4470 cx
3273 4414 3543 4482 spirituali

1983 4513 2362 4581 inSpiratione.
2395 4509 2615 4579 quando
2647 4510 2940 4562 multorum
2981 4516 3238 4564 cantuum
3281 4516 3336 4561 et
3372 4507 3545 4563 ratio-

291 4603 591 4664 ὲτιπνοίας
631 4604 1034 4671 πνευματικῆς,
1088 4603 1324 4671 ὁπηνίκα
1380 4606 1449 4656 τὰ
1496 4607 1605 4660 τῶν
1666 4608 1949 4671 πολλῶνυ

1859 4630 1878 4661 ν
1899 4609 1949 4671 υ
1976 4618 2101 4657 num
2125 4603 2484 4657 scintillantes
2511 4601 2747 4670 fulgores
2810 4601 2861 4651 in
2896 4615 3056 4653 unam
3090 4599 3258 4653 fact-In
3284 4599 3544 4667 colligen-

294 4697 466 4747 οεὲων
497 4694 674 4763 ᾠδῶν,
727 4694 823 4745 καὶ
856 4693 1141 4763 ᾀσμάτων,
1170 4695 1264 4747 καὶ
1299 4695 1470 4762 λόγων
1499 4699 1878 4771 σπινθηροειδῆ

293 4786 469 4839 οἱονεὶ
496 4785 893 4854 ὲναυγάσματα
917 4785 1261 4852 συναφθῶσιν
1303 4789 1379 4850 είς
1412 4788 1506 4840 ἕνα
1531 4789 1700 4858 δήπου
1742 4808 1881 4863 πυρ-

298 4880 418 4943 σδν,
476 4878 567 4930 ὅτε
618 4878 712 4929 καὶ
758 4877 850 4928 τὸν
878 4877 1071 4949 ἐχθρὸν
1102 4880 1232 4949 ῥᾷον
1264 4881 1357 4931 καὶ
1396 4884 1619 4949 καιρίαν
1674 4882 1877 4951 βάλλει,

296 4972 478 5023 καίων
508 4960 733 5038 δηλαδὴ.
762 4969 853 5021 καὶ
874 4969 1119 5039 διαιρῶν,
1162 4969 1195 5041 ἢ
1234 4972 1432 5040 μᾶλλον
1463 4974 1799 5042 ἐξαφανίζων
1821 4978 1881 5030 τὸ

300 5064 501 5125 σκότος
535 5062 766 5125 ἐκείνου,
800 5063 992 5115 ἑαυτὸν
1029 5064 1085 5116 δὲ
1120 5063 1194 5133 τῷ
1222 5065 1412 5133 πυρσῷ
1441 5069 1714 5134 φωτίζων,
1751 5069 1881 5138 Οερ-

301 5155 521 5225 μαίνων
579 5172 637 5207 τε
673 5154 765 5208 καὶ
823 5155 959 5223 πρὸς
1002 5154 1143 5207 θεῖον
1195 5156 1262 5208 τὰ
1322 5157 1552 5225 μάλιστα
1616 5161 1885 5221 ἀνακινῶν

297 5249 509 5311 ἔρωτα,
545 5246 682 5315 πρός
708 5262 769 5296 τε
798 5244 931 5297 Θεὸν
956 5244 1117 5297 αὑτὸν
1140 5246 1425 5314 ἐγκάρδιον
1451 5250 1508 5299 ὲν
1534 5253 1657 5319 σιγῇ
1689 5251 1717 5301 ὓ
1728 5269 1880 5316 μνον,

300 5338 400 5390 καὶ
440 5334 711 5403 ἔκπληξιν
758 5336 1072 5405 ἀναφέρων,
1126 5338 1221 5391 καὶ
1263 5341 1583 5408 μυστηρίων
1618 5344 1883 5409 παραδει-

304 5428 491 5481 κνύων
516 5427 729 5491 ἐξαίσια
752 5428 932 5496 ἑαυτῷ
959 5430 1026 5482 τὰ
1056 5430 1291 5498 μάλιστα
1317 5431 1590 5499 Θαύματα.
1634 5436 1747 5486 Οὐκ
1776 5439 1885 5489 ἁπ-

304 5521 539 5581 εικότως
568 5518 680 5589 γὰρ
700 5520 751 5571 ol
786 5520 1153 5589 ὑπομένοντες
1181 5522 1276 5574 τὸν
1318 5523 1516 5592 Κύριον
1560 5525 1889 5594 μακαρίζον-

303 5627 432 5663 ται·
464 5610 500 5679 ἢ
525 5611 631 5671 ὅτι,
656 5612 937 5681 προίόντος
964 5611 1179 5679 χρόνου,
1210 5613 1655 5683 κληρονομοῦσιν,
1689 5612 1886 5689 οἷάπερ

305 5706 513 5775 πραεῖς
555 5703 656 5773 τὴν
686 5705 889 5772 νοητὴν
942 5706 1038 5768 τῆς
1073 5706 1403 5774 ἐπαγγελίας
1430 5708 1553 5776 γῆν,
1582 5710 1640 5760 ὲν
1667 5711 1887 5780 Χριστῷ

306 5799 386 5869 τῷ
412 5798 607 5867 Κυρίῳ
637 5798 817 5866 ἡμῶν.

381 5894 498 5952 νς-’.
534 5889 706 5941 Ὅταν
750 5892 778 5942 ὁ
822 5888 968 5955 νοῦς,
995 5889 1200 5958 ἑκάστῃ
1260 5889 1367 5942 τῶν
1394 5891 1745 5959 φωτοχυσιῶν
1794 5892 1885 5946 τοῦ

1978 4705 2086 4760 tur,
2125 4696 2347 4762 quando
2380 4694 2664 4747 inimicum
2720 4689 2880 4744 facile
2920 4702 2973 4744 ct
3016 4698 3321 4762 opportune
3354 4688 3547 4747 feriet.

1978 4792 2278 4844 incendens
2310 4802 2372 4840 ac
2434 4786 2706 4849 dividens,
2761 4784 2871 4837 imo
2927 4798 3055 4853 vero
3105 4782 3379 4850 dissipans
3426 4781 3547 4848 eius

1980 4882 2258 4942 tenebras,
2288 4878 2532 4948 seipsum
2563 4891 2692 4930 vero
2725 4876 2847 4945 igne
2877 4873 3323 4927 illo‘illuminans
3349 4870 3548 4925 calefa-

1979 4974 2239 5039 ciensthe
2275 4979 2329 5024 et
2389 4970 2455 5023 ad
2509 4969 2750 5022 divinum
2809 4980 3049 5019 amorem
3110 4979 3271 5032 quam
3318 4961 3553 5015 maxime

1979 5078 2233 5129 movens,
2264 5062 2525 5131 hymnum
2555 5067 2608 5112 et
2640 5057 3057 5110 admirationem
3106 5054 3170 5105 ad
3208 5052 3372 5104 Deum
3418 5048 3552 5102 diri.

1977 5172 2110 5226 gens
2144 5157 2197 5208 in
2246 5154 2503 5214 silentio,
2563 5166 2627 5204 ac
2676 5150 2779 5203 sibi
2828 5147 3206 5218 mysteriorum
3253 5145 3551 5196 ostendens

1978 5249 2240 5317 srupenda
2283 5246 2571 5299 miracula.
2617 5243 2730 5297 Non
2763 5244 2906 5295 enim
2943 5236 3214 5291 immerito
3247 5235 3333 5303 qui
3368 5232 3551 5285 Domi-

1981 5358 2108 5394 num
2174 5338 2446 5393 susﬁuent
2508 5335 2916 5395 beatiticantur;
2948 5331 3029 5383 vel
3072 5328 3271 5396 potius,
3307 5334 3549 5393 tempore

1982 5433 2332 5503 procedente,
2393 5426 2810 5487 bwreditabuut,
2846 5435 3098 5488 tanquam
3153 5421 3345 5479 mites,
3392 5416 3549 5483 spiri-

1980 5528 2178 5582 tualem
2234 5521 2616 5593 promissionis
2660 5528 2884 5580 terram,
2941 5515 2996 5570 in
3046 5513 3267 5569 Christo
3322 5511 3551 5562 Domino

1981 5629 2189 5672 nostro.

2051 5888 2141 5942 56.
2178 5883 2412 5951 Quando
2453 5896 2605 5937 mens
2660 5877 2885 5949 singulis
2934 5872 3162 5929 luminis
3193 5866 3554 5927 effusionibus
