4266 6450
749 441 853 503 895

749 555 991 621 Spiritus
1034 555 1332 620 illustrata,
1372 561 1553 623 stupet
1593 567 1656 606 ac
1689 559 2025 620 penetratur,
2065 557 2118 598 et
2147 546 2212 598 ad
2247 544 2335 595 in-
2366 541 2407 597 Λ

754 648 964 702 ﬁnitum
998 659 1050 703 et
1080 649 1491 703 interminatum
1523 645 1756 713 seipsam
1789 644 1992 711 cogitat
2044 649 2326 693 cxtensant

750 750 800 794 et
834 751 1120 806 mutatam,
1157 752 1268 796 tum
1298 743 1490 798 silendi
1530 750 1762 810 tempus.

844 907 932 960 57.
968 905 1200 968 Quando
1238 914 1364 953 vero
1414 906 1731 963 asper-tuum
1772 876 2237 940 manifestissimis
2278 885 2338 926 se

1900 429 2246 494 CALL!ST|
2293 415 2911 482 CATlPHUGlOT/E

2435 526 2750 593 ῐινεύματος
2783 526 3298 596 καταλαμπόμενος,
3336 523 3562 594 ίλιγγιᾷ,
3609 525 3702 578 καὶ
3735 525 4012 594 διαπορεῖ-

3917 399 4020 459 896

2437 635 2549 681 ται,
2609 619 2704 670 καὶ
2737 620 2872 688 πρός
2897 636 2958 683 γε
3019 620 3079 670 τὸ
3130 619 3378 686 ἄπειρον,
3415 619 3507 669 καὶ
3535 617 3788 687 ἀόριστον
3820 619 4015 669 ἐαυτὸν

2445 713 2544 761 νοεῖ
2572 709 3036 778 ἐπεκτεινόμενον,
3089 709 3183 762 καὶ
3219 707 3620 776 ἀλλοιούμενον,
3664 709 3786 760 τότε
3823 709 4015 776 καιρὸς

2437 798 2528 850 τοῦ
2562 799 2742 866 σιγᾷν.

2514 885 2606 952 νίζ’.
2640 890 2808 940 Ὅταν
2837 888 2892 940 δὲ
2921 882 3032 941 οἷον
3083 889 3204 951 ταῖς
3229 889 3577 956 φανωτὰταις
3631 888 3739 941 τῶν
3774 886 4017 956 ἐποψιῶν

770 1005 1021 1059 laborare
1072 992 1459 1048 anitnatlw-rlit
1515 988 1595 1040 vel
1632 993 1914 1049 penetrare
1954 975 2249 1031 valentem.
2280 973 2341 1019 υι

2438 979 2796 1047 ἀποκαμόντα
2843 979 3185 1046 αίσθάνηται,
3233 980 3328 1032 καὶ
3375 979 3695 1044 διεξοδεύειν
3739 979 4018 1041 ἐθέλοντα,

768 1100 988 1140 (metu:
1046 1088 1245 1138 m-dens
1286 1079 1688 1150 quodammodo
1735 1073 1969 1141 quietem
2005 1062 2339 1132 experiatur,

777 1187 902 1229 rune
940 1188 1138 1231 mt‘t'lltt
1202 1175 1457 1240 Icum-udi
1487 1180 1699 1236 lt'mptls
1727 1207 1740 1228 ,
1783 1163 2021 1218 breviter
2079 1168 2256 1209 tamen
2290 1161 2345 1205 et

776 1267 976 1327 intum»
1015 1270 1400 1324 illuminationi
1435 1265 1678 1334 propria.

841 1366 928 1420 58.
975 1364 1205 1430 Quando
1238 1375 1391 1414 mens
1422 1372 1518 1426 per
1548 1354 1755 1408 medias
1780 1363 1947 1417 aquas
2007 1341 2344 1414 spiritualem

771 1458 1135 1519 Pharaonem,
1167 1453 1324 1524 fugit,
1359 1452 1619 1520 fugatque
1647 1444 1924 1515 propriam
1961 1448 2173 1492 noctem
2208 1433 2346 1503 ignis

775 1551 1171 1605 illuminatioue
1189 1559 1242 1602 et
1270 1563 1424 1602 suam
1451 1545 1594 1597 diem
1627 1540 1823 1593 transit
1860 1549 1984 1587 cum
2027 1531 2188 1584 nubis
2220 1542 2347 1595 pro-

774 1645 1046 1707 tectione,
1085 1652 1217 1696 tunc
1283 1655 1503 1693 rursum
1551 1633 1824 1690 benedicti
1884 1627 2083 1680 silentii
2139 1635 2351 1691 tempus

776 1737 929 1790 adest
974 1749 1025 1790 et
1058 1738 1244 1803 pacis,
1297 1745 1351 1787 et
1405 1733 1620 1786 initium
1679 1732 1874 1783 animae
1931 1721 2350 1794 pttrilicntionis.

775 1829 1006 1892 Quando
1041 1835 1221 1880 autem
1254 1824 1518 1879 terribilis
1548 1821 1847 1891 spiritualis
1878 1819 2116 1878 Amalec,
2153 1824 2205 1866 et
2233 1827 2353 1881 quae

778 1922 925 1972 illum
961 1929 1288 1988 sequuntur,
1324 1927 1511 1987 gentes
1535 1917 1818 1975 resistunt,
1839 1911 2190 1981 prohibentes
2220 1922 2355 1975 quo-

785 2014 965 2064 minus
1003 2027 1156 2066 mens
1193 2011 1572 2080 promissionis
1609 2019 1809 2062 terrain
1847 2004 2164 2074 possideat,
2229 2008 2359 2052 tunc

784 2115 994 2171 tempus
1051 2112 1133 2156 est
1165 2104 1212 2156 ei
1247 2101 1529 2170 loquendi,
1565 2100 1658 2154 sed
1692 2099 1757 2151 ad
1800 2098 1965 2150 Deum
2003 2097 2053 2147 in
2089 2089 2356 2161 spirituali

783 2198 996 2250 actione
1028 2207 1079 2250 et
1119 2196 1460 2250 convenienti
1499 2177 1962 2258 contemplatione
1985 2204 2041 2242 se
2064 2183 2358 2254 dirigendi,

782 2302 840 2342 ut
883 2289 1092 2359 Moyses
1131 2289 1260 2342 olim
1303 2291 1371 2342 ab
1426 2293 1640 2341 Aarone
1691 2295 1744 2338 et
1780 2282 2051 2339 Ormanus
2103 2281 2361 2335 extende-

782 2383 891 2437 Ital.

853 2477 940 2530 59.
986 2475 1214 2540 Quando
1246 2492 1309 2530 ex
1343 2477 1512 2530 divini
1558 2475 1722 2530 fontis
1745 2475 1942 2543 abysso
1988 2481 2040 2526 et
2081 2486 2143 2522 ex
2201 2467 2365 2536 spiri-

786 2573 913 2622 tuaii
967 2571 1148 2624 cordis
1200 2583 1419 2637 aspectu
1472 2570 1701 2624 scaturit
1756 2567 2064 2638 spiritualis
2102 2565 2363 2633 potentia,

787 2673 921 2714 tunc
997 2664 1188 2717 silendi
1238 2671 1454 2732 tempus
1510 2673 1612 2717 est.
1644 2664 1797 2716 'l‘uuc
1837 2662 1984 2715 enim
2022 2659 2369 2713 inelfahiliter

791 2753 1074 2823 perﬁcitur
1106 2753 1274 2805 menti
1305 2754 1479 2806 cultus
1517 2763 1570 2805 et
1603 2752 1850 2805 adoratio
1904 2750 1992 2803 Dei
2052 2749 2103 2802 in
2139 2746 2369 2801 veritate

789 2855 843 2898 et
875 2847 926 2896 in
961 2845 1155 2912 spiritu
1195 2859 1250 2900 et
1278 2846 1355 2906 id,
1386 2860 1514 2898 vero
1536 2843 1918 2913 spiritualique
1945 2858 2134 2897 sensu.

863 3026 952 3080 60.
998 3027 1228 3092 Quando
1259 3042 1321 3078 ex
1350 3025 1619 3096 spirituali
1647 3024 1712 3079 ad
1745 3025 1915 3078 Deum
1941 3031 2160 3091 aspectu
2196 3018 2374 3072 omnis

794 3123 988 3174 anima:
1044 3120 1212 3173 ratio
1242 3120 1428 3174 divino
1474 3131 1700 3188 stupore
1750 3118 2113 3185 adimpletnr.
2150 3114 2374 3183 spiritus

795 3222 974 3268 autem
1006 3215 1239 3275 vrsione,
1268 3223 1321 3265 et
1349 3213 1542 3264 animm
1573 3211 1958 3272 exs-rltatione,
2001 3208 2374 3260 indubitanter

794 3308 950 3360 adest
991 3304 1182 3360 silendi
1230 3315 1465 3372 tempus.
1503 3303 1560 3356 ln
1597 3303 1793 3370 spiritu
1844 3301 1990 3355 enim
2042 3299 2376 3353 sensibilitet'
2403 3340 2444 3390 ο

797 3400 1081 3452 veritatem
1115 3397 1374 3467 explicite
1410 3411 1563 3449 mens
1604 3395 2031 3461 contemplatur,
2064 3402 2120 3447 et
2153 3407 2376 3446 venera-

803 3498 889 3540 tur
911 3491 963 3540 in
997 3497 1224 3555 stupore
1249 3486 1490 3540 adorans
1519 3486 1690 3538 Deum
1740 3486 1832 3554 qui
1865 3486 1918 3539 in
1954 3487 2070 3554 ipsa
2107 3484 2376 3552 splendet.

870 3675 960 3730 6|.
999 3674 1102 3740 Qui
1130 3675 1183 3727 in
1218 3674 1410 3741 spiritu
1445 3682 1498 3726 et
1522 3673 1754 3726 veritate
1790 3671 1955 3723 Deum
1989 3671 2382 3724 convenienter

805 3771 1037 3822 adorant
1064 3777 1117 3822 et
1169 3768 1271 3836 ipsi
1303 3767 1572 3828 serviunt,
1626 3774 1685 3818 ut
1719 3766 1898 3831 decet,
1935 3779 2042 3817 non
2079 3762 2240 3816 modo
2270 3777 2380 3814 non

801 3865 854 3917 in
881 3863 1000 3916 loco
1023 3877 1146 3915 eum
1182 3861 1410 3914 adorant
1435 3861 1592 3927 eique
1613 3860 1882 3921 serviunt,
1909 3859 2002 3911 sed
2025 3855 2384 3910 nihilominus

803 3958 1073 4018 ardenter,
1104 3968 1278 4019 neque
1302 3968 1352 4006 ιη
1378 3952 1667 4006 ratiocinio
1691 3958 1763 4011 et.
1791 3949 2082 4004 locutione.
2111 3947 2384 4014 Quemad-

810 4049 1029 4102 modum
1080 4048 1224 4100 enim
1278 4047 1486 4100 directe
1527 4047 1764 4098 emissus
1822 4043 2125 4107 spiritualis
2165 4056 2383 4107 sensus,

811 4143 866 4194 in
904 4141 1379 4208 circumscriptum
1426 4147 1480 4191 et
1542 4138 1701 4206 cujus
1742 4138 1922 4190 nullus
1985 4146 2069 4189 est
2126 4135 2387 4201 requietis

811 4233 984 4297 locus,
1024 4247 1131 4285 non
1168 4230 1277 4283 vult
1312 4231 1362 4284 in
1399 4230 1516 4283 loco
1548 4231 1812 4294 adorare;
1856 4229 1927 4280 ita
1954 4241 2083 4280 sane
2115 4226 2190 4288 id,
2238 4225 2386 4292 quod

810 4327 984 4393 decet,
1018 4326 1336 4387 observans,
1374 4339 1528 4378 mens
1581 4323 1799 4376 veritati
1850 4320 2164 4399 conjuncta,
2205 4317 2388 4372 inlini-

807 4433 918 4474 tnm
991 4429 1044 4474 et
1112 4420 1556 4482 interminatum,
1597 4425 1860 4470 aeternum
1918 4426 1971 4468 et
2033 4414 2151 4466 sine
2215 4411 2387 4465 forma

809 4526 860 4570 et
892 4512 1133 4584 perfecte
1163 4512 1465 4581 simplicem
1488 4520 1567 4572 et.
1604 4521 1663 4564 ut
1689 4525 1797 4562 uno
1824 4509 1991 4561 verbo
2011 4507 2222 4568 dicam,
2253 4505 2387 4559 Eum

809 4610 1010 4670 quiest
1047 4618 1207 4673 supra
1242 4613 1497 4666 mentem,
1535 4600 1825 4656 verborum
1862 4598 2204 4651 varietatc'et
2239 4596 2392 4648 locu-

2442 1071 2529 1123 ἵνα
2571 1071 2665 1123 τοῦ
2695 1072 2847 1124 τόνου
2903 1071 3184 1138 καθυφεὶς,
3228 1074 3415 1142 τρόπῳ
3467 1071 3530 1137 γέ
3558 1088 3636 1140 τῳ
3662 1070 3798 1139 τύχῃ
3847 1071 4024 1122 διανα·

2446 1160 2723 1223 παύσεως,
2751 1159 2871 1212 τότε
2902 1161 3222 1229 πεφυκότως
3256 1162 3443 1229 καιρὸς
3477 1160 3570 1213 τοῦ
3597 1161 3800 1223 λαλεῖν,
3839 1161 4023 1229 μέντοι

2447 1251 2813 1322 βραχύλεκτα,
2853 1251 2946 1303 καὶ
2983 1253 3161 1302 οἰκεῖα
3193 1249 3342 1312 θείας
3374 1249 3711 1318 ἐλλάμψεως.

2524 1342 2625 1414 νη’.
2676 1342 2945 1412 Ὀπηνίκα
2996 1344 3023 1392 ὸ
3068 1342 3192 1404 νοῦς
3236 1342 3323 1393 διὰ
3355 1343 3536 1409 μέσων
3565 1343 3773 1394 ὑδάτων
3806 1343 4030 1410 Gurges-.5-

2454 1452 2565 1502 γων
2614 1435 2702 1488 τὸν
2759 1436 2947 1502 νοητὸν
3000 1431 3219 1502 Φαραὼ,
3246 1432 3406 1485 δίεισι
3445 1435 3545 1501 τὴν
3577 1432 3711 1485 ἰδίαν
3769 1433 3942 1486 νύκτα
3976 1437 4032 1486 ἐν

2451 1528 2718 1597 φωτισμῷ
2748 1531 2940 1596 πυρὸς,
2985 1530 3077 1580 καὶ
3130 1529 3188 1578 ἐν
3240 1516 3416 1596 σκέπῃ
3452 1527 3681 1597 νεφέλης
3706 1528 3804 1597 τὴν
3835 1529 4030 1580 ἐαυτοῦ

2453 1623 2685 1691 ἡμέραν,
2739 1622 2992 1689 τηνικάδε
3045 1621 3103 1687 ἐξ
3153 1622 3241 1690 ἄρ’
3297 1621 3521 1688 εὐλόγου
3578 1621 3788 1689 σιωπῆς
3841 1623 4032 1689 καιρὸς

2454 1714 2684 1781 πάρεστι
2715 1715 2808 1765 καὶ
2857 1712 3116 1783 ἡσυχίαςο
3180 1714 3272 1765 καὶ
3319 1713 3461 1781 ἀρχὴ
3504 1711 3582 1782 τῷ
3617 1713 3731 1764 ὄντι
3771 1715 3835 1782 τῇ
3888 1714 4034 1781 φυγῇ

2455 1805 2799 1874 καθάρσεως.
2835 1806 3002 1859 Ὅταν
3039 1804 3094 1858 δὲ
3119 1805 3294 1874 τούτῳ
3319 1806 3346 1858 ὁ
3376 1803 3546 1866 δεινὸς
3578 1804 3767 1873 νοητὸς
3785 1805 4036 1872 Ἀμαλὴκ

2461 1893 2778 1954 ἀντιϐαίνει,
2826 1896 2918 1946 καὶ
2975 1894 3041 1945 τὰ
3071 1896 3316 1963 ἐπόμενα
3369 1893 3520 1962 αὐτῷ
3573 1893 3724 1963 ἔθνη,
3759 1893 4038 1945 κωλύοντα

2391 1963 2432 2016 Β
2461 1986 2558 2056 τὴν
2610 1986 2741 2055 πρὸς
2789 1984 2894 2055 γῆν
2925 1986 3022 2053 τῆς
3071 1986 3402 2051 ἐπαγγελίας
3435 1983 3626 2048 δίοδον,
3685 1984 3804 2036 τότε
3846 1984 4038 2052 καιρὸς

2464 2075 2756 2142 προσήκων
2807 2073 2903 2126 τοῦ
2952 2073 3154 2139 λαλεῖν,
3205 2073 3342 2126 ἀλλὰ
3385 2076 3520 2144 προς
3559 2075 3691 2126 Θεὸν
3736 2077 3792 2125 ἐν
3840 2075 4040 2143 πράξει

2462 2169 2626 2236 νοερᾷ
2693 2168 2787 2218 καὶ
2855 2168 3066 2237 ἐοικυίξι
3117 2167 3320 2238 θεωρίᾳ
3375 2167 3890 2236 ὑποϐασταζομένῳ,
3955 2162 4042 2218 οἷα

2465 2260 2670 2330 Μωσῆς
2700 2261 2780 2330 τῷ
2809 2261 2975 2313 πάλαι
3013 2261 3117 2312 ὑπὸ
3159 2263 3367 2332 Ἀαρὼν
3393 2259 3471 2312 τὼ
3493 2264 3664 2330 χεῖρε,
3698 2263 3791 2312 καὶ
3824 2263 3948 2330 Ἤρ.

2531 2468 2630 2521 νθ’.
2679 2469 2848 2522 Ἐπὰν
2879 2471 2938 2534 ἐξ
2971 2469 3209 2525 ἀϐύσσου
3253 2473 3493 2542 πηγαίας
3521 2473 3690 2539 θείας,
3725 2475 3816 2526 καὶ
3843 2477 4040 2544 νοητῆς

2462 2560 2814 2631 ἀποϐλέψεως
2851 2563 3136 2633 καρδιόθεν
3173 2564 3413 2634 πηγὰζει
3439 2564 3669 2633 δύναμις
3694 2571 4040 2637 πνευματικὴ

2465 2652 2753 2722 βλύζουσα,
2824 2656 3059 2723 πάρεστι
3111 2658 3433 2723 πεφυκότως
3481 2657 3670 2726 καιρὸς
3709 2658 3802 2709 τοῦ
3859 2661 4040 2728 σιγᾷν.

2465 2746 2798 2815 Τοτηνικὰδε
2831 2748 2939 2817 γὰρ
2969 2749 3229 2819 ἀρρήτως
3270 2750 3504 2801 τελεῖται
3538 2749 3782 2818 λατρεία,
3820 2752 3914 2801 καὶ
3944 2752 4043 2818 μέν

2465 2854 2528 2904 γε
2561 2839 2930 2908 προσκύνησις
2981 2840 3057 2909 τῷ
3108 2840 3216 2908 Vg)”
3259 2840 3394 2893 Θεοῦ
3452 2843 3509 2892 ἐν
3564 2841 3792 2910 ἀληθείᾳ.
3841 2847 3934 2894 καὶ
3989 2846 4044 2895 ἐν

2467 2930 2763 3000 πνεύματι,
2795 2932 3072 2984 καὶτοῦτο
3111 2932 3338 3002 ἀληθινῇ
3371 2933 3622 3001 αἰσθήσει
3654 2935 3839 3003 νοερᾷ.

2540 3020 2604 3085 ξ’.
2655 3023 2903 3074 Ἐπειδὰν
2955 3023 3015 3087 ἐξ
3068 3024 3422 3092 ἁποϐλέψεως
3457 3024 3594 3093 πρὸς
3637 3023 3770 3075 Θεὸν
3829 3027 4045 3094 νοερᾶς,

2468 3114 2652 3180 ἐξόλου
2691 3116 2752 3167 τὸ
2785 3117 2885 3182 μὲν
2935 3116 3244 3182 λογιστικὸν
3287 3117 3386 3181 τῆς
3425 3117 3604 3184 ψυχῆς
3657 3117 4050 3186 ἐμπέπλησται

2470 3206 2621 3270 θείας
2658 3208 2994 3277 ἐκπλήξεως,
3025 3208 3084 3260 τὸ
3111 3208 3167 3260 δὲ
3191 3209 3376 3277 νοερὸν
3401 3209 3667 3278 ὁράσεως,
3694 3209 3787 3260 καὶ
3814 3209 3914 3275 μέν
3943 3225 4049 3259 που

2468 3300 2843 3366 ἀγαλλιάσεως
2866 3299 3095 3369 ήοψυχὴ,
3124 3300 3553 3370 ἀναμφηρίστως
3587 3300 3708 3351 τότε
3735 3301 3930 3368 καιρὸς
3954 3301 4052 3352 τοῦ

2472 3394 2649 3462 σιγᾷν.
2695 3391 2783 3443 Ἐν
2809 3392 3086 3461 Πνεύματι
3114 3393 3221 3462 γὰρ
3260 3391 3600 3460 εὐαισθήτως
3643 3391 3744 3462 τὴν
3790 3392 4055 3458 ἀλήθειαν

2476 3483 2937 3550 συνεπτυγμένως
2963 3485 2992 3534 ό
3017 3482 3140 3544 νοῦς
3167 3483 3365 3551 ἀφορᾷ,
3397 3483 3490 3534 καὶ
3524 3481 3777 3550 γεραίρει
3805 3497 4055 3548 προσκυ-

2476 3573 2584 3627 νῶν
2621 3575 2681 3626 ἐν
2716 3572 2977 3640 ἐκπλήξει
3025 3573 3116 3624 τὸν
3149 3572 3561 3641 ἐλλαμπόμενον
3612 3573 3669 3622 ἐν
3704 3569 3854 3637 αὐτῷ
3895 3570 4053 3621 Θεόν.

2548 3664 2648 3732 ξα’.
2700 3667 2765 3718 Oi
2805 3664 3086 3733 jnveépatr.
3142 3665 3233 3717 καὶ
3290 3663 3521 3732 ἀληθείᾳ
3556 3662 3919 3731 καταλλήλως
3965 3664 4057 3713 τὸν

2476 3760 2608 3813 Θεὸν
2659 3759 3111 3826 προσκυνοῦντες,
3167 3757 3261 3810 καὶ
3291 3756 3440 3826 αὐτῷ
3484 3755 3838 3825 λατρεύοντες
3871 3756 3948 3817 ὡς
3985 3759 4060 3806 εἱ-

2479 3852 2595 3916 κδς,
2617 3850 2678 3902 οὐ
2719 3849 2874 3917 μόνον
2905 3849 3003 3900 οὐκ
3032 3850 3089 3900 ἐν
3115 3848 3265 3915 τόπῳ
3292 3845 3660 3917 προσκυνοῦσι
3696 3845 3791 3897 καὶ
3821 3845 4059 3913 λατρεύ·

2480 3957 2619 4001 ουσι,
2651 3939 2768 3992 ἀλλ’
2799 3939 2951 3991 οὐδὲν
2981 3934 3145 4010 ἦττον
3185 3937 3245 4002 ἐξ
3286 3937 3606 4006 ἐφαμίλλου,
3665 3937 3777 3988 οὐδ’
3822 3939 3882 3988 ἐν
3915 3937 4062 4005 λόγῳ

2479 4029 2558 4100 τῷ
2587 4031 2727 4084 κατὰ
2760 4030 3063 4101 προφοράν.
3089 4030 3299 4099 Ὥσπερ
3333 4031 3441 4099 γὰρ
3470 4032 3502 4098 ὴ
3555 4028 3614 4092 ἐξ
3638 4028 3727 4096 ἄρ’
3759 4029 4065 4095 εὐθύτητος

2483 4123 2766 4192 ἀνηγμένη
2801 4122 2961 4190 νοερὰ
2989 4121 3264 4189 αἴσθησις,
3296 4120 3386 4172 τὸν
3409 4119 3845 4189 ἁπερίγραπτον,
3875 4122 3975 4170 καὶ
4006 4117 4063 4172 οὐ

2484 4213 2658 4272 οὐδεὶς
2694 4210 2856 4271 τόπος
2885 4208 2986 4278 τῆς
3021 4207 3421 4268 καταπαύσεως
3443 4246 3457 4267 ,
3509 4205 3708 4260 οὕκουν
3762 4207 3945 4259 ἐθέλει
4011 4211 4065 4260 ἐν

2483 4307 2633 4373 τόπῳ
2659 4304 3015 4373 προσκυνεῖν·
3048 4301 3192 4352 οὓτω
3238 4300 3509 4368 δήπουθεν
3557 4300 3617 4350 τὸ
3656 4297 3776 4350 δέον
3817 4298 4067 4366 τηροῦσα

2486 4398 2583 4464 τῆς
2637 4393 2895 4462 ἀληθείας
2946 4392 3190 4463 ἡμμένη,
3220 4391 3312 4442 τὸν
3345 4390 3600 4460 ἄπειρον,
3636 4388 3730 4439 καὶ
3785 4388 4066 4455 ἀόριστον,

2482 4491 2716 4561 ἇναρχόν
2757 4507 2816 4542 τε
2873 4489 2967 4541 καὶ
3019 4487 3273 4551 ἀνείδεον,
3313 4486 3408 4539 καὶ
3448 4486 3649 4548 τελέως
3702 4485 3939 4550 ἁπλοῦν,
3973 4489 4065 4540 καὶ

2482 4581 2676 4644 όλικῶς
2704 4581 2881 4634 εἰπεῖν
2901 4579 3041 4647 ὑπὲρ
3070 4578 3214 4642 νοῦν,
3244 4577 3418 4645 λόγων
3443 4577 3710 4647 ποικιλία,
3730 4578 3826 4630 καὶ
3851 4579 4070 4650 όρὶσμῷ

810 4702 975 4756 ιίοιιῐε
1035 4698 1412 4756 enuntiatione
1481 4695 1730 4760 adorare,
1787 4694 1951 4762 eique
1999 4697 2425 4758 consequenter,

2391 4706 2397 4718 ι
2421 4674 2763 4759 υτεροφορεῖς
2826 4672 3191 4741 προσκυνεῖν,
3249 4671 3342 4722 καὶ
3401 4670 3685 4738 ἑπομένοις
3737 4670 4068 4738 λατρεύειν,

811 4801 1016 4855 servire
1045 4796 1270 4851 minime
1301 4792 1570 4856 sustinet;
1603 4803 1726 4843 cum
1752 4794 1968 4854 tempus
1987 4783 2198 4838 venerit
2220 4781 2389 4836 menti

811 4911 876 4949 ev
909 4891 1270 4958 inspiratione
1294 4885 1552 4953 Spiritus,
1585 4882 1784 4936 divintr
1807 4878 2054 4933 veritatis
2084 4875 2392 4946 cognitione

816 4984 1137 5055 simpliciter
1199 4979 1501 5043 illustrari;
1556 4990 1666 5044 quo
1719 4985 1978 5041 tempore,
2028 4971 2096 5023 ab
2139 4969 2393 5022 omnibus

814 5082 1066 5136 absoluta
1109 5089 1262 5128 mens
1307 5086 1362 5125 et
1401 5071 1635 5139 seipsam
1692 5068 2008 5130 extrahens,
2062 5078 2173 5117 non
2236 5063 2395 5115 modo

805 5173 1186 5248 phantasiam,
1227 5169 1319 5223 sed
1353 5178 1407 5223 et
1437 5165 1819 5235 cogitationem
1851 5163 2024 5221 exuit,
2045 5161 2245 5229 quippe
2275 5172 2395 5225 qute

817 5274 883 5323 iis
908 5283 1026 5335 quae
1056 5280 1219 5333 supra
1264 5264 1524 5314 rationem
1561 5273 1624 5311 ac
1660 5265 1896 5310 mentem
1939 5263 2088 5317 sunt,
2122 5251 2395 5319 spirituali

819 5363 1026 5418 lumine
1089 5374 1208 5411 cum
1257 5356 1442 5409 la'titia
1507 5364 1560 5406 et
1582 5363 1830 5420 -.stupore
1863 5347 2174 5409 adlimserit,
2223 5360 2397 5413 eaque

821 5451 1183 5521 routemplata
1221 5449 1309 5508 sit,
1345 5445 1662 5508 immobilis,
1697 5442 2052 5496 immutabilis
2087 5440 2225 5493 [acta
2255 5454 2394 5508 quo-

822 5547 1112 5601 da.‘ntnodo
1159 5539 1424 5611 spirituali
1481 5538 1573 5591 illo
1621 5544 1820 5590 conatu
1862 5545 1915 5589 et
1961 5549 2125 5602 supra
2161 5532 2396 5600 seipsrtm

825 5654 1045 5695 υιὶ;οιιο.

898 5914 984 5966 0'2.
1029 5909 1251 5980 Oportet
1291 5915 1520 5960 tuentem
1566 5903 1666 5956 sibi
1706 5900 1805 5971 ipsi
1849 5899 2212 5952 adhaerentem
2247 5911 2401 5947 τιτι-ιι-

835 6018 946 6063 rate
1000 6002 1335 6068 spirituaiem
1373 6015 1526 6054 suam
1576 5994 1970 6052 restitutionem
2017 5989 2310 6061 prudenter
2345 6005 2403 6042 ac

2481 4766 2681 4836 ἥκιστα
2737 4765 2954 4817 πάντων
3018 4763 3342 4829 πεφυκότως
3386 4762 3669 4831 ἀνέχεταιο
3698 4765 3830 4816 ὅταν
3861 4764 4069 4832 δηλαδὴ

2486 4857 2680 4927 καιρὸς
2707 4855 2910 4928 ἐπέλθῃ
2939 4856 3017 4923 τῷ
3049 4855 3124 4924 νῷ
3156 4857 3219 4907 ἐκ
3259 4855 3360 4923 τῆς
3395 4853 3570 4926 ῥοπῆς
3624 4855 3719 4906 καὶ
3775 4855 4074 4916 ἐπιπνοίας

2485 4950 2580 5003 τοῦ
2612 4948 2953 5018 Πνεύματος,
2985 4949 3086 5015 τὴν
3135 4947 3430 5012 ἐπίγνωσιν
3476 4949 3577 5016 τῆς
3606 4945 3756 5008 θείας
3804 4947 4072 5013 ἀληθείας

2488 5042 2730 5105 ἐνοειδῶς
2787 5041 3219 5111 ἐναυγάζεσθαι·
3284 5040 3421 5092 καθὸ
3481 5039 3700 5109 καιροῦ,
3748 5042 4072 5092 παντάπασι

2490 5134 2718 5188 καθόλου
2745 5135 2962 5186 πάντων
2995 5133 3261 5194 ἀπόλυτος
3283 5133 3313 5184 ὁ
3341 5132 3469 5195 νοῦς
3496 5133 3778 5194 καταστὰς
3798 5171 3813 5192 ,
3840 5133 3940 5185 καὶ
3977 5133 4072 5200 μὲν

2489 5227 2553 5297 δὴ
2604 5227 2698 5279 καὶ
2746 5226 2936 5278 ἐαυτὸν
2969 5225 3136 5287 ἐκϐὰς
3171 5225 3459 5293 ἀμηγέπη,
3496 5225 3556 5276 οὐ
3588 5223 3748 5292 μόνον
3806 5226 4071 5292 ἀφασίαν,

2491 5316 2626 5369 ἀλλὰ
2673 5316 2767 5368 καὶ
2819 5317 3079 5382 ἀνοησίαν
3133 5315 3370 5381 εὐλόγως
3401 5314 3536 5382 δῆτα
3572 5315 3765 5376 ἀσκεῖ,
3793 5313 3873 5374 ὼς
3901 5316 3982 5375 εἰς
4010 5312 4074 5364 τὰ

2493 5409 2727 5478 κρείττω
2757 5409 2850 5460 καὶ
2886 5407 3066 5474 λόγου,
3105 5409 3200 5460 καὶ
3231 5405 3323 5460 νοῦ
3350 5406 3427 5475 τῷ
3451 5405 3624 5476 νοερῷ
3655 5409 3797 5474 φωτὶ
3840 5407 3959 5474 μετ’
3983 5407 4074 5457 εὐ-

2495 5501 2766 5572 φροσύνης
2802 5501 2898 5552 καὶ
2925 5498 3238 5569 ἐκπλήξεως
3261 5499 3657 5568 ἀσχολούμενος
3689 5499 3785 5550 καὶ
3828 5497 4073 5564 θεωρῶν,

2496 5595 2772 5663 ἀκίνητος,
2812 5595 2903 5646 καὶ
2935 5592 3278 5661 ἀμετάϐατος
3325 5591 3565 5660 ἀτεχνῶς
3617 5592 3682 5658 τῇ
3746 5589 4073 5658 ἀνομμάτῳ,

2499 5691 2722 5760 ἐπιϐολῇ
2773 5691 2959 5759 τρόπῳ
3019 5690 3081 5756 γέ
3111 5706 3188 5758 τῳ
3231 5687 3472 5756 γεγονὼς
3538 5686 3731 5738 ἐνὼσει
3789 5689 3858 5756 τῇ
3940 5686 4078 5753 ὑπὲρ

2500 5785 2707 5836 ἐαυτόν.

2578 5876 2671 5945 ξβ’.
2701 5877 2821 5946 Χρὴ
2847 5876 2938 5927 τὸν
2971 5875 3095 5928 νοῦν
3127 5873 3305 5942 ἐαυτῷ
3367 5873 3704 5942 προσέχοντα
3764 5888 4078 5938 παρατετη-

2509 5973 2759 6044 ρημένως
2817 5970 3071 6024 διιθύνειν
3136 5970 3233 6040 τὴν
3292 5968 3427 6024 ἰδία-.-
3481 5967 3673 6033 νοερὰν
3743 5966 4076 6020 κατάπασιν
