4266 6450
293 417 395 477 897

294 641 457 694 νηται
484 626 679 679 ἑαυτὸν
714 627 1025 698 θεωροῦντα
1049 633 1117 683 τὰ
1154 632 1322 695 ἁπλᾶ,
1356 635 1448 685 καὶ
1476 637 1738 689 ἀτύπωτα
1773 640 1873 706 τῆς

294 717 577 784 θεολογίας
608 721 905 790 μυστήρια,
936 724 995 774 ὲν
1024 727 1201 794 σιωπῇ
1246 727 1423 795 ἡσυχῆ
1488 727 1738 781 ἵστασθαι
1779 731 1875 781 αῦ-

291 812 422 864 τίκα
454 813 554 865 οὐκ
581 813 926 883 ἁθαυμαστὶ,
967 816 1087 869 οὔτε
1123 818 1178 870 δὲ
1206 820 1311 888 μὴν
1345 822 1531 891 πόρῤιιι
1558 823 1655 889 τῆς
1690 826 1877 892 σφετέ-

294 922 399 973 ρας
434 908 663 976 καρδίας
692 909 1096 980 ἐνεργουμένης
1131 913 1187 963 ἐν
1213 912 1612 980 «vstitu-umeri.
1648 917 1747 985 μέν
1772 935 1873 970 που

291 998 736 1067 ὲλλαμπομένης.
775 1002 979 1072 Καιρὺς
1017 1002 1125 1070 γὰρ
1166 1004 1287 1055 τότε
1324 1006 1384 1056 οῦ
1423 1008 1581 1076 μόνον
1644 1009 1875 1077 ἡσυχίας

292 1092 607 1161 αἰσθήσεων
646 1094 865 1146 πάντων
917 1098 976 1160 ἐξ
1029 1097 1306 1166 αἰσθητῶν
1346 1101 1406 1152 τὸ
1457 1101 1707 1161 καθόλου,
1740 1103 1877 1155 ἀλλὰ

294 1184 393 1235 καὶ
448 1186 664 1253 σιωπῆς
716 1187 869 1239 οῦδὲν
901 1184 1087 1259 ἦττον,
1140 1182 1451 1245 οὑτινοσοῦν
1491 1194 1877 1259 διεξοδεύοντος

293 1274 460 1339 λόγου
484 1293 496 1305 ·
536 1278 739 1345 μᾶλλον
773 1279 873 1348 μὲν
904 1276 998 1333 οῦν
1026 1284 1140 1345 τοῖς
1187 1287 1509 1351 γνωστικοῖς
1539 1286 1679 1344 τότε,
1730 1286 1783 1338 εί
1823 1301 1877 1337 τι

296 1366 402 1437 χρὴ
442 1369 634 1435 φάναι.
667 1370 763 1422 καὶ
803 1374 993 1441 νοερᾶς
1026 1374 1237 1443 τριῦἦς,
1298 1376 1525 1444 ἡσυχίας
1574 1377 1666 1429 καὶ
1720 1376 1878 1428 ἀϐλε-

294 1461 429 1525 ψίας
459 1462 670 1529 καιρός.
703 1462 882 1521 Ὀλως
914 1465 1023 1535 γάρ
1045 1482 1127 1516 τοι
1159 1466 1221 1517 τὸ
1245 1467 1498 1535 ἀκίνητον
1534 1467 1876 1537 ἐπιτηδεύειν

294 1551 398 1611 δεῖ,
429 1554 488 1603 ὲν
522 1553 863 1622 αἰσθήσεσιν.
895 1556 952 1606 ἐν
983 1556 1182 1623 λόγοις,
1217 1560 1275 1609 ἐν
1308 1560 1577 1623 νοήσεσιν,
1606 1560 1672 1611 ἶν’
1695 1563 1722 1612 6
1755 1561 1879 1625 νοῦς

298 1646 628 1710 εηὸθυὶῖὸλως,
699 1650 792 1700 καὶ
929 1651 1053 1720 χρὴ,
1108 1652 1413 1719 μονώτατος
1470 1656 1527 1705 ἐν
1582 1655 1878 1722 ἀποϐλέψει

297 1739 525 1791 ὲνοειδεί
576 1742 669 1793 καὶ
729 1744 994 1811 μονοειδΞί
1052 1745 1146 1797 τοῦ
1180 1746 1295 1807 ἑνὸς
1332 1746 1423 1797 καὶ
1458 1746 1619 1814 μόνου
1654 1745 1875 1811 τρισσοῦ

297 1829 436 1881 Θεοῦ
470 1831 565 1901 ἔχῃ
601 1833 943 1903 ἐλευθερίως,
965 1836 1104 1887 κατὰ
1133 1837 1332 1904 τρόπον
1354 1837 1593 1906 θεμιτὸν,
1615 1839 1711 1907 τὴν
1736 1839 1875 1907 ὑπὲρ

297 1924 513 1975 ἔννοιαν
543 1925 801 1994 ἀπειρίαν
835 1928 927 1979 καὶ
961 1929 1246 1997 ἀναρχίαν,
1275 1932 1367 1981 καὶ
1399 1932 1497 1994 μέν
1524 1948 1584 1995 γε
1610 1931 1876 1999 ἁπεριλη-

295 2016 449 2084 ψίαν,
494 2019 585 2069 καὶ
634 2019 681 2070 τ’
739 2019 873 2071 ἄλλα
929 2020 1178 2086 καθάπαξ
1227 2024 1423 2084 εἰπεῖν,
1470 2024 1540 2075 τὰ
1590 2022 1730 2085 θεῖα,
1782 2025 1879 2075 καὶ

297 2108 568 2178 ἄτρεπτα.
605 2112 699 2163 καὶ
727 2112 970 2164 ἀπόλυτα
1005 2112 1264 2182 καθορᾷν,
1325 2114 1420 2165 καὶ
1465 2112 1715 2166 ἑνοῦσθαι
1752 2130 1877 2166 συν-

298 2203 669 2272 ηλλοιωμένος
702 2208 766 2275 τῇ
794 2205 1021 2275 θεωρίᾳ.
1048 2210 1143 2259 καὶ
1173 2207 1518 2276 ήπλωμένος,
1549 2209 1643 2261 καὶ
1673 2208 1733 2260 τὸ
1756 2208 1877 2261 ὅλον

297 2296 543 2367 θεοειδὴς
596 2302 980 2369 γεγενημένος,
1015 2304 1079 2370 τῇ
1110 2301 1229 2371 θείᾳ
1287 2302 1487 2372 χάριτι,
1539 2303 1635 2354 σὺν
1674 2302 1878 2370 εὐφρο-

298 2389 437 2457 σύνῃ
503 2393 598 2443 καὶ
655 2392 915 2458 θαύματι.
966 2395 1121 2445 Ἐπεὶ
1157 2395 1213 2446 δὲ
1260 2397 1288 2447 6
1338 2394 1462 2455 νοῦς
1493 2396 1589 2461 τῆς
1622 2395 1879 2462 τοιαύτης

1430 426 1526 487 DE
1566 426 1741 485 ViTA
1783 422 2426 489 CONTEMPLATIVA

293 533 577 602 φρονίμως
634 552 691 587 τε
740 536 832 588 καὶ
879 537 1054 605 σοφῶς
1088 537 1181 591 σὺν
1209 539 1354 608 δίκῃ.
1389 542 1495 593 Καὶ
1529 545 1658 595 ὅταν
1682 545 1873 599 αίσθά-
1900 540 1940 592 Α
1973 555 1978 589 ε

1861 576 1873 585 .
1900 540 1940 592 Α
1973 548 2249 607 sapienter
2275 557 2399 597 cum
2425 542 2635 608 iustitia
2667 546 2939 619 dirigere;
2971 561 3025 606 et
3058 554 3277 621 quando
3314 564 3546 617 senserit

3441 449 3547 511 898

1969 630 2207 697 seipsam
2260 635 2530 702 simplicia
2584 642 3042 708 contemplantem
3076 653 3265 699 etnon
3321 646 3548 718 ﬁgurata

1967 722 2278 791 Tlivologia:
2328 732 2607 798 mysteria,
2658 732 2709 786 in
2754 734 2973 790 silentio
3020 739 3315 805 tranquille
3362 743 3545 801 statim

1968 827 2114 865 stare
2138 830 2244 867 non
2276 816 2395 869 sine
2422 828 2671 887 stupore,
2704 835 2878 890 neque
2915 825 3072 892 longe
3094 841 3121 878 a
3154 827 3322 881 corde
3351 830 3551 882 illumi-

1970 915 2098 959 nato
2129 908 2182 959 in
2217 910 2411 977 spiritu
2451 921 2719 981 agentem.
2757 916 2871 969 Non
2906 926 2988 971 est
3021 921 3366 973 solummodo
3413 933 3550 978 tem-

1968 1013 2067 1066 pus
2105 1016 2368 1054 sensuum
2395 1006 2635 1056 omnium
2661 1022 2723 1058 ex
2744 1008 3546 1080 sensibilibustranquillitatis,

1966 1091 2059 1143 Sed
2082 1101 2135 1145 et
2165 1094 2365 1147 silentii
2396 1110 2636 1165 queque,
2677 1098 2824 1150 nullo
2859 1100 3026 1153 verbo
3083 1101 3395 1157 accedente.
3434 1104 3549 1157 lino

1968 1196 2099 1233 vero
2134 1182 2296 1249 igitur
2346 1192 2419 1247 et,
2456 1186 2500 1237 si
2536 1184 2665 1252 quid
2696 1195 2945 1252 Oporteat
2991 1188 3193 1252 dicere,
3237 1190 3413 1245 doctis
3463 1202 3548 1245 est

1966 1273 2268 1340 spiritualis
2302 1276 2574 1339 exercitii,
2621 1277 2772 1344 pacis
2820 1286 2875 1330 ct
2918 1279 3276 1335 obseuritutis
3308 1293 3545 1352 tempus.

1966 1364 2205 1419 Ornniuo
2256 1367 2400 1419 enim
2455 1377 2585 1422 tunc
2626 1370 2976 1425 immobiliter
3023 1384 3168 1427 stare
3210 1386 3443 1443 oportet,
3494 1382 3544 1434 in

1967 1458 2241 1520 svttsibus,
2290 1458 2342 1510 in
2378 1460 2580 1523 verbis,
2614 1462 2666 1514 in
2700 1464 3145 1532 cogitationibus,
3181 1476 3237 1519 ιιι
3281 1483 3435 1523 mens
3465 1470 3547 1523 di-

1969 1562 2113 1605 recte
2144 1562 2196 1604 et
2242 1558 2519 1621 quomodo
2550 1566 2784 1623 oportet,
2818 1559 2934 1614 solo
2973 1562 3021 1611 in
3057 1561 3288 1627 simplici
3322 1574 3541 1631 aspectu

1969 1645 2126 1697 unius
2151 1654 2198 1695 et
2228 1645 2400 1698 solius
2424 1646 2552 1698 trini
2580 1646 2693 1709 Dei,
2714 1648 2898 1711 libere,
2924 1651 3087 1703 modo
3110 1653 3280 1716 licrto,
3301 1654 3546 1708 inlinitu-

1966 1735 2146 1788 dinem
2176 1748 2227 1789 et
2257 1738 2618 1791 mteruitatem
2648 1754 2811 1805 supra
2836 1743 3224 1812 cogitationem
3258 1754 3313 1799 ct
3341 1747 3546 1800 incom-

1967 1826 2518 1890 preltcnsiliilitatetn,
2576 1839 2631 1883 et
2677 1830 2806 1893 alia,
2850 1848 2955 1886 uno
3010 1835 3193 1901 verbo,
3254 1836 3437 1889 divina
3491 1846 3543 1889 et

1966 1917 2323 1970 immutabilia
2362 1929 2411 1971 et
2445 1920 2692 1973 absoluta
2744 1923 2927 1977 videre
2961 1935 3141 1993 queat,
3180 1936 3231 1978 et
3290 1943 3415 1980 eum
3477 1926 3541 1980 iis

1966 2016 2171 2061 mutata
2203 2011 2670 2077 contemplatione
2700 2014 2995 2070 uniatttret
3022 2018 3249 2089 simplex
3278 2018 3546 2073 elliciatur

1962 2110 2015 2154 et
2048 2101 2154 2154 Deo
2185 2102 2410 2163 similis,
2439 2103 2622 2158 divina
2652 2108 2821 2175 gratia
2850 2124 2973 2161 cum
3008 2109 3190 2163 lrctitia
3222 2120 3274 2164 et
3305 2114 3543 2165 adrnira-

1965 2192 2133 2245 tione.
2185 2194 2451 2260 Quoniam
2502 2206 2683 2250 autem
2724 2214 2876 2253 mens
2927 2201 3090 2256 talem
3134 2204 3539 2257 restitutionem

1966 2286 2099 2346 vult,
2136 2288 2179 2339 si
2227 2289 2383 2353 idipsi
2416 2290 2676 2355 possibile
2704 2291 2810 2355 sit;
2849 2308 2957 2344 non
2999 2304 3178 2347 autem
3224 2303 3421 2362 potest,
3460 2304 3544 2348 ut-

1965 2392 2088 2449 pote
2119 2382 2422 2443 mutabilis,
2451 2393 2503 2437 et
2537 2397 2661 2436 cum
2710 2384 3069 2440 mutabilibus
3107 2388 3298 2443 vivens
3325 2397 3378 2443 ει
3408 2403 3540 2442 con—

296 2480 523 2547 ἔχεσθαι
560 2484 947 2545 καταστάσεως
1000 2485 1190 2553 ἤθελεν
1227 2484 1312 2547 ἂν,
1346 2486 1504 2553 εἴπερ
1555 2486 1704 2547 ἐνὸν,
1760 2484 1878 2537 ἀλλ’
1959 2471 1976 2538 l

1851 2484 1878 2537 π
1959 2471 2173 2538 juncta.
2203 2483 2413 2527 etcum
2457 2489 2688 2544 corpore
2738 2478 2891 2531 unita
2940 2488 2993 2531 et
3036 2479 3252 2534 actibus
3286 2480 3536 2545 lunestis,

294 2571 498 2624 οῦκουν
530 2573 814 2642 δεδύνηται
844 2576 1077 2643 τρεπτός
1128 2592 1189 2626 τε
1218 2575 1315 2637 ῶν,
1374 2577 1465 2628 καὶ
1500 2578 1752 2645 τρεπτοῖς
1785 2593 1879 2628 συ-

297 2663 433 2727 ζῶν,
460 2665 553 2715 καὶ
577 2666 1018 2733 συνηρμοσμένος
1051 2667 1314 2736 ἀμηγέπη
1338 2666 1573 2736 σώματι,
1607 2668 1701 2719 καὶ
1731 2667 1877 2735 πρά-

295 2774 478 2825 γμασι
529 2762 958 2823 περιστατικοίς,
1020 2759 1460 2828 ὲπιστημονικιῖις
1505 2760 1588 2811 δεῖ
1641 2759 1716 2827 μὴ
1774 2761 1883 2811 ὀπ-

295 2849 638 2918 εσχοινίσθαι
673 2850 893 2920 μακρὰν
921 2852 1019 2919 τῆς
1058 2849 1305 2913 ὲνοειδῶς
1332 2846 1684 2917 ἀποϐλέψεως
1714 2852 1881 2901 ἐκπε-

298 2945 435 3006 σὼν,
473 2944 607 3011 μηδὲ
641 2943 1100 3011 πολυῤῥημονείν,
1140 2943 1275 2994 ἀλλὰ
1308 2943 1481 3011 μικρὰ
1533 2943 1631 3010 μὲν
1674 2942 1875 3008 λέγειν,

296 3037 394 3089 καὶ
426 3036 600 3089 ταῦτα
621 3036 677 3089 δὲ
707 3035 812 3088 τῶν
837 3036 995 3087 θείων
1018 3036 1468 3104 ὲναυγασμάτων,
1520 3036 1585 3087 ἵν’
1626 3036 1688 3087 οὐ
1724 3034 1881 3103 μόνον

296 3130 500 3183 θᾶττον
529 3128 629 3199 ἔχῃ
662 3128 799 3198 πρὸς
836 3128 935 3196 τὴν
997 3126 1091 3180 τοῦ
1144 3127 1279 3179 Θεοῦ
1321 3127 1463 3195 ὑπὲρ
1511 3125 1636 3178 νοῦν
1685 3126 1878 3176 ἕνωσιν

1965 2568 2137 2634 perite
2167 2573 2380 2632 oportet
2407 2580 2524 2619 eam
2559 2582 2666 2620 non
2711 2568 2869 2637 longe
2918 2570 3070 2625 abire
3116 2588 3145 2624 a
3177 2574 3413 2642 simplici
3448 2590 3542 2629 as-

1962 2668 2119 2728 pectu
2161 2656 2522 2720 decidentetn,
2554 2674 2730 2726 neque
2776 2660 2945 2713 multa
3007 2663 3151 2731 loqui
3180 2704 3192 2725 ,
3237 2665 3330 2719 sed
3370 2681 3538 2733 parte:

1962 2752 2182 2820 quidem
2220 2750 2401 2803 dicere
2439 2757 2494 2803 et
2528 2750 2639 2804 haec
2676 2752 2742 2804 de
2784 2753 2987 2807 divinis
3035 2756 3434 2822 splendorilius.
3481 2773 3540 2812 ιιι

1964 2858 2070 2897 nou
2104 2842 2265 2895 modo
2290 2842 2458 2896 citius
2493 2844 2666 2911 possit
2694 2844 2760 2896 ad
2795 2845 2886 2899 Dei
2919 2862 3081 2914 supra
3115 2864 3351 2902 memeru
3386 2853 3541 2904 unio-

1964 2948 2086 2984 nem
2131 2930 2444 2998 confugere,
2489 2933 2585 2986 sed
2630 2944 2680 2985 et
2716 2948 2838 2987 eam
2889 2936 3145 2991 unionem
3192 2941 3539 2997 manifestius

1963 3023 2166 3075 sentiat
2221 3033 2275 3077 et
2330 3029 2826 3091 permanentiorem
2887 3027 3106 3083 habeat.
3163 3027 3216 3082 lu
3269 3044 3533 3100 quantum

1962 3115 2107 3168 enim
2153 3131 2304 3170 utens
2353 3118 2606 3169 unionem
2644 3127 2699 3172 et
2742 3120 3194 3188 tranquillitatem
3242 3134 3444 3188 servat,
3483 3128 3533 3179 irt

294 3221 459 3285 αὖθις
494 3222 867 3290 ἐπιστρέφειν,
908 3221 1045 3273 ἀλλὰ
1076 3220 1171 3272 καὶ
1197 3219 1515 3289 φανωτέρας
1552 3215 1979 3285 ὲπαίσθηταιε]

1852 3215 2174 3277 ,ιειιειιιιιιιιι
2229 3209 2348 3275 ejus
2401 3208 2467 3260 ad
2527 3209 2767 3262 divinam
2821 3214 3079 3265 unionem
3132 3217 3419 3270 conversio
3482 3218 3537 3271 fit

292 3318 400 3386 τῆς
467 3316 737 3378 ὲνὼσεως,
797 3315 950 3367 οὐδὲν
988 3315 1046 3367 δὲ
1091 3309 1254 3385 ἦττον
1305 3315 1399 3367 καὶ
1448 3314 1880 3382 ἐπιμονωτέρας.

298 3413 553 3466 Καθόσον
585 3415 693 3479 γὰρ
722 3412 751 3463 6
776 3408 902 3471 νοῦς
926 3408 985 3460 τὸ
1013 3408 1453 3475 συνεπτυγμένον
1486 3407 1766 3473 φυλάσσει,
1786 3407 1882 3459 καὶ

1966 3299 2149 3361 citius,
2173 3308 2225 3351 et
2252 3300 2581 3355 clarioribus
2614 3302 2994 3370 splendet-ilius
3027 3308 3214 3358 uuitnr
3241 3318 3294 3362 et
3326 3308 3536 3363 facilio-

1963 3390 2137 3455 ribus,
2170 3391 2431 3445 continua
2464 3392 2554 3445 illa
2585 3407 2707 3447 cum
2735 3395 2935 3452 divinis
2960 3401 3394 3454 οοηνιιτετιιίοιιε.

290 3505 593 3573 ἁδιὰχυτον
638 3502 1017 3569 ὁπωσδήποτε,
1058 3503 1202 3556 κατὰ
1259 3503 1514 3557 τοσοῦτον
1545 3504 1578 3573 ἠ
1616 3504 1825 3573 στροφὴ
1858 3503 2028 3555 αὑτοῦ
2057 3504 2091 3573 ἦ
2127 3519 2189 3571 γε
2245 3503 2382 3573 πρὸς
2415 3505 2513 3573 τὴν
2544 3503 2698 3555 θείαν
2733 3502 2932 3553 ἕνωσιν
2966 3501 3156 3569 τάχιον
3186 3504 3422 3570 γίνεται,
3451 3506 3546 3559 καὶ

293 3601 659 3669 φανωτέραις
704 3596 922 3650 ἑνοῦται
967 3601 1087 3661 ταῖς
1117 3605 1536 3671 μαρμαρυγαῖς,
1572 3604 1665 3654 καὶ
1722 3604 1823 3671 μέν
1856 3615 1922 3667 γε
1959 3599 2360 3668 γονιμωτέραις
2399 3599 2477 3667 τῷ
2513 3600 2731 3666 συνεχεῖ
2763 3597 2983 3658 παντως
3007 3598 3144 3666 πρὸς
3176 3598 3246 3651 τὰ
3276 3600 3396 3651 θεία
3426 3616 3550 3653 συν-

293 3690 529 3758 ιθισμῷ.

371 3784 474 3851 ξγ’.
521 3785 772 3837 Ἐπειδὰν
792 3788 856 3853 τῇ
889 3785 1009 3855 θεία
1035 3786 1260 3837 ὲνοειδεῖ
1295 3786 1629 3855 ὲκφαντοριᾳ
1662 3786 1726 3839 ὲκ
1751 3802 1873 3837 vos-

292 3877 401 3945 ρᾶς
429 3875 787 3943 ἀποϐλέψεως
811 3878 839 3927 6
868 3875 992 3937 νοῦς
1041 3876 1410 3945 προσπάσχων
1435 3876 1749 3945 ἠλλοίωται,
1781 3876 1878 3929 καὶ

289 3966 375 4035 τῷ
423 3965 694 4037 ἀγνώστῳ
752 3967 1194 4037 περιαυγάζηται
1250 3970 1331 4038 τῷ
1377 3971 1558 4039 πάσης
1619 3968 1917 4023 ἐπέκεινα.

2046 3786 2137 3841 63.
2159 3786 2452 3853 Postquam
2477 3800 2630 3839 mens
2643 3784 2885 3839 divinam
2906 3801 2967 3842 ac
3007 3785 3307 3855 simplicem
3327 3786 3553 3840 manife-

1977 3879 2271 3933 stationem
2291 3893 2355 3932 ex
2387 3877 2656 3943 spirituali
2688 3885 2908 3945 aspectu
2968 3890 3131 3945 passa
3207 3885 3312 3941 est,
3346 3888 3399 3931 et
3463 3880 3551 3931 illa

1976 3969 2312 4023 obscuritate
2361 3967 2668 4023 illuminata
2711 3977 2815 4033 est,
2847 3984 2969 4039 qua:
3000 3984 3163 4038 supra
3210 3986 3429 4024 onmem
3462 3986 3553 4023 co-

290 4059 580 4127 γνὼσεως,
617 4059 925 4130 ἀδιαίρετός
958 4074 1017 4110 τε
1045 4059 1503 4121 ἀποκαθίσταται,
1532 4060 1625 4113 καὶ
1648 4060 1875 4125 ἁπλοῦς,

294 4150 396 4201 καὶ
426 4147 703 4214 ἀόριστοε.
729 4146 806 4209 ὡς
828 4146 894 4200 ἂν
928 4148 1034 4200 ὑπὸ
1055 4148 1254 4217 γνόφον
1281 4149 1495 4213 ἑνιαίως
1530 4153 1889 4223 καταλαμπό-

296 4254 504 4307 μενος,
568 4236 767 4299 κάλλος
830 4237 1250 4307 ἁπερίγραπτον
1312 4240 1531 4309 θεωρῶν
1584 4243 1887 4312 ἁπλότητος

293 4325 580 4396 ὐπερὸοῖῇ
605 4342 618 4355 ·
652 4326 893 4379 ἀνείδεον
927 4327 1130 4391 παντδς
1156 4329 1330 4391 εἴδους
1362 4331 1887 4403 ὑπεροχῇ,·ᾶναρχον

1977 4063 2278 4133 gnitionem
2330 4070 2435 4127 est,
2493 4060 2949 4125 indivisiliilisque
2999 4061 3295 4116 constituta
3336 4072 3438 4127 est,
3500 4072 3553 4115 et

1978 4156 2230 4224 simplex,
2262 4162 2315 4207 et
2359 4152 2802 4207 indeterminata.
2838 4161 3095 4218 tauquam
3130 4152 3451 4219 simpliciter
3498 4154 3549 4204 in

1978 4246 2218 4302 tenebris
2285 4244 2583 4309 illustrata,
2648 4242 3182 4309 incircumscriptam
3248 4242 3552 4310 pulchritu—

1978 4339 2159 4394 dinem
2191 4334 2562 4406 simplicitatis
2592 4349 2822 4388 excessu
2851 4334 3273 4401 coutemplatur.
3302 4333 3541 4388 Pulchri.

297 4415 605 4487 ὑπερθέσει
684 4416 867 4485 πάσης
940 4419 1119 4488 ἀρχῆς
1188 4421 1536 4491 ὁπηδήποτε’
1594 4424 1725 4475 αὐτὸ
1788 4423 1887 4493 μὲν
1980 4447 1982 4483 ι

1862 4441 1887 4476 ν
1980 4434 2223 4486 tudinem
2258 4430 2407 4483 videt
2436 4443 2555 4496 qua:
2582 4442 2799 4480 omnem
2840 4425 3071 4478 fortnam
3103 4436 3351 4493 supera',
3388 4436 3547 4477 arter-

292 4511 405 4562 ἀπε
413 4508 702 4579 ρίληπτον,
728 4509 983 4564 ἁπάντων
1005 4511 1197 4573 seeos;
1223 4513 1403 4581 ὄρους,
1428 4514 1524 4566 καὶ
1546 4514 1642 4582 τὴν
1657 4518 1887 4568 ὁποιαν-
1909 4588 1936 4592 _

1860 4543 1936 4592 -_
1979 4540 2126 4587 nam,
2157 4522 2357 4592 quippe
2402 4533 2522 4588 quae
2567 4533 2729 4572 omne
2760 4518 3086 4585 principium
3131 4524 3371 4583 superet.
3425 4514 3542 4584 Ipsa

292 4602 396 4654 οῦν
462 4601 734 4671 περιοχὴν
766 4602 956 4655 ἐνόντα
1004 4604 1063 4655 ὲν
1092 4603 1261 4673 αὐτῷ,
1312 4606 1488 4658 πάντα
1520 4605 1758 4675 πληροῦν
1811 4608 1887 4671 ὡς
1909 4588 1949 4640 D
1976 4648 1977 4661 ι

1860 4625 1887 4671 ς
1909 4588 1949 4640 D
1976 4588 2196 4687 quidem
2224 4588 2668 4683 eapulchritudo
2694 4608 3263 4677 incomprehensibilis
3289 4616 3394 4670 est,
3423 4624 3544 4659 om-

294 4694 690 4763 ὑπέρπληρες,
733 4693 865 4746 αὐτὸ
888 4694 946 4746 δὲ
984 4694 1213 4765 ἄπειρον
1254 4695 1333 4758 ὃν,
1367 4697 1658 4750 συνελόντα
1688 4700 1884 4763 εἰπεῖν,

1859 4716 1884 4763 ’ν
1981 4709 2130 4762 nium
2169 4706 2430 4761 terminos
2463 4713 2515 4758 et
2549 4702 2844 4772 quamlibet
2893 4700 3458 4769 comprehensionem,
3494 4699 3544 4751 in

294 4785 547 4855 ὁπηνίκα
598 4786 668 4854 τῇ
716 4785 935 4838 πάντων
958 4785 1066 4838 τῶν
1096 4787 1265 4839 ὄντων
1288 4788 1560 4859 ὑπεροψίᾳ
1600 4790 1660 4842 ὲν
1692 4792 1758 4860 τῇ
1791 4792 1886 4844 τοῦ

1863 4792 1886 4843 5
1980 4817 2039 4857 se
2070 4801 2287 4862 uniens,
2332 4795 2519 4850 omnia
2554 4793 2783 4863 impletis
2830 4804 3081 4857 tanquam
3124 4789 3460 4859 plenissima,
3495 4799 3548 4842 et

294 4877 425 4941 ἑνὸς
482 4875 692 4947 ὲποψίᾳ
744 4877 901 4930 πάντ’
933 4876 1135 4946 ὖψηται
1178 4880 1405 4952 ἀρρήτῳ
1435 4881 1577 4951 λόγῳ
1606 4882 1885 4950 δυνάμεως

1863 4901 1885 4946 ς
1979 4895 2098 4966 ipsa
2148 4890 2378 4952 inﬁnita,
2424 4899 2482 4943 ut
2528 4903 2636 4941 uno
2666 4888 2829 4940 vcrlio
2874 4883 3073 4937 dicam.
3120 4881 3350 4947 Quando
3381 4882 3548 4949 igitur

295 4966 631 5039 νοερότητος
657 4967 800 5037 ὑπὲρ
830 4968 1017 5039 νόησιν
1036 4982 1050 4997 ⁶
1085 4974 1205 5023 τότε
1235 4972 1422 5041 καιρὸς
1460 4973 1555 5027 τοῦ
1599 4976 1760 5045 σιγᾷν
1791 4978 1888 5029 καὶ

1859 4978 1888 5029 ιὶ
1982 5000 2137 5040 meus
2166 4982 2412 5038 omnium
2458 4993 2638 5034 rerum
2673 4984 2984 5043 contemptu
3017 4975 3068 5026 in
3120 4974 3282 5027 unius
3323 4985 3544 5041 aspectu

300 5061 593 5132 μυστικῶς
620 5061 713 5113 καὶ
745 5062 1151 5132 ὑπερκοσμίως,
1200 5064 1255 5135 ἢ,
1307 5065 1372 5117 ἵν’
1429 5066 1602 5131 οὕτως
1651 5067 1885 5138 εἴποιμι,

297 5150 648 5221 ἁνομμάτως
705 5153 802 5205 καὶ
833 5153 1117 5223 ἀλαλήτως
1146 5155 1245 5225 τὴν
1277 5158 1521 5229 μονοειδῆ
1572 5160 1786 5229 τρυφᾷν
1830 5162 1889 5211 ὲν

298 5244 563 5315 θειοτέρα
594 5247 794 5315 μυήσει
837 5246 940 5314 τῆς
979 5247 1239 5318 ἀληθείας
1274 5250 1593 5304 ἀπόλαυσιν.
1632 5252 1799 5304 Ἐπὰν
1832 5250 1889 5305 δὲ

300 5336 375 5389 τὰ
397 5338 673 5407 είρημένα
704 5338 819 5408 ἀπῇ
854 5338 963 5391 ἀπὸ
991 5338 1107 5404 νοῦ,
1155 5340 1251 5393 καὶ
1309 5341 1435 5407 περὶ
1482 5343 1647 5396 αὐτὸν
1695 5344 1888 5412 ὁρᾶται

299 5427 596 5498 διαίρεσις,
656 5428 973 5497 τοτηνικάδε
1004 5428 1197 5499 καιρὸς
1238 5429 1332 5482 τοῦ
1380 5430 1593 5485 λαλεῖν⁹
1635 5434 1886 5501 μέντοιγε

300 5519 492 5573 λαλεῖν
540 5519 643 5587 τῆς
685 5519 982 5587 ἀναγωγῆς
1029 5520 1165 5590 πρὸς
1225 5521 1385 5592 σιγῂν
1444 5522 1589 5586 ἄξια.
1642 5523 1891 5592 Κρείττω

301 5614 416 5681 γάρ
439 5628 523 5663 τοι
558 5611 623 5663 ὲκ
656 5610 853 5663 πολλοῦ
883 5610 977 5665 τοῦ
1003 5610 1345 5681 περιόντοςή
1378 5614 1519 5683 ὑπὲρ
1559 5615 1737 5681 λόγον,
1765 5617 1799 5686 ἦ
1827 5634 1888 5684 γε

303 5706 575 5773 ἔγκαιρος
604 5704 804 5771 λέγοιτ’
835 5704 902 5758 ἂν
933 5705 1028 5757 καὶ
1067 5706 1210 5773 μάλα
1235 5706 1493 5772 είκότως,
1538 5707 1684 5777 σιγὴ.
1729 5708 1889 5775 λόγου

305 5797 555 5860 παντὸς·
616 5797 756 5849 καθὸ
808 5797 903 5850 καὶ
952 5796 1206 5862 Σολομὼν
1264 5801 1294 5851 6
1348 5798 1489 5851 πάνυ
1544 5798 1891 5867 προτεταχὼς

306 5892 564 5959 ταυτηνὶ,
601 5889 808 5960 Καιρὸς
830 5888 926 5943 τοῦ
960 5891 1140 5957 σιγᾷν,
1171 5886 1289 5944 εἶτα
1323 5892 1510 5959 καιρὸς
1554 5890 1646 5943 τοῦ
1679 5891 1885 5954 λαλεῖν,

1972 5078 2153 5133 omnia
2210 5075 2357 5128 videt
2406 5069 2662 5125 ineﬂabili
2724 5067 3020 5136 spiritualis
3070 5064 3323 5134 potentize
3379 5079 3544 5132 supra

1971 5168 2353 5238 cogitationem
2378 5164 2605 5227 ratione,
2632 5169 2686 5213 ιιι
2696 5175 2760 5213 ηε
2789 5158 2979 5213 silendi
3006 5164 3225 5224 tempus
3242 5164 3298 5210 et
3316 5156 3543 5225 mystice

1972 5278 2037 5317 ac
2068 5256 2577 5329 supernaturaliter,
2606 5261 2721 5317 aut,
2764 5262 2822 5303 ιιι
2859 5252 2927 5303 ita
2975 5250 3176 5310 dicam,
3224 5249 3341 5303 sine
3371 5248 3545 5301 oculis

1971 5361 2025 5408 et
2049 5353 2166 5406 sine
2190 5364 2322 5403 voce
2346 5346 2684 5415 simplicibus
2706 5342 2915 5397 deliciis
2933 5342 2985 5394 in
3014 5338 3356 5395 divinissimo
3381 5338 3545 5392 silen-

1971 5443 2048 5496 tio
2098 5438 2330 5494 fruendi.
2390 5436 2617 5502 Quando
2648 5445 2776 5485 vero
2804 5429 3052 5498 pmdicta
3084 5428 3273 5481 absunt
3304 5442 3335 5480 a
3368 5436 3546 5480 mente

1972 5544 2023 5589 ει
2045 5534 2099 5587 iu
2125 5534 2237 5601 ipsa
2262 5532 2473 5584 videtur
2494 5524 2712 5589 divisio,
2740 5532 2868 5576 tunc
2894 5532 3105 5590 tempus
3128 5519 3382 5588 loquendi
3405 5534 3422 5585 ;
3448 5519 3542 5572 sed

1972 5642 2034 5681 ea
2068 5624 2318 5693 loquendi
2344 5635 2463 5689 qua:
2494 5619 2558 5671 ad
2590 5616 2867 5672 silentium
2892 5616 3091 5669 ducere
3125 5612 3350 5680 possint.
3375 5611 3544 5665 Multo

1974 5717 2119 5773 enim
2164 5714 2360 5767 melius
2384 5719 2469 5765 est
2507 5710 2557 5762 id
2605 5724 2767 5777 supra
2801 5706 3065 5759 rationem
3098 5712 3152 5757 et
3180 5714 3541 5772 opportunum

1976 5804 2279 5863 silentium.
2309 5802 2483 5855 multo
2508 5802 2751 5867 inquam,
2777 5795 2970 5849 melius
2997 5796 3143 5848 omni
3171 5795 3376 5847 ratione
3400 5792 3547 5848 dice-

1976 5907 2161 5959 retur;
2192 5903 2249 5949 ut
2274 5895 2345 5947 ait
2375 5893 2653 5955 Salomon,
2676 5889 2767 5957 qui
2795 5887 2937 5942 istud
2966 5886 3240 5942 silentium
3267 5898 3545 5939 commen-
