4266 6450
233 423 337 490 901

1387 431 1487 491 DE
1520 430 1695 489 VlTA
1741 425 2394 491 CONTETJPLATH'A.

3374 437 3481 501 902

236 547 401 607 τύπος
456 546 484 597 ὁ
521 544 620 613 τῆς
671 545 897 605 κτίτεως
940 542 1048 595 τῶν
1098 542 1268 593 ὄντων
1302 540 1683 608 σαϐϐατισμὸς
1716 538 1881 599 τοῦΛ
1912 556 1921 594 t

1795 538 1881 599 ΞΛ
1912 556 2067 596 smus
2090 544 2288 612 populo
2316 543 2427 605 Dei,
2451 544 2657 612 majore
2682 558 2744 597 ac
2771 542 2989 597 diverso
3013 544 3338 598 sabbatismo
3365 565 3480 599 ma-

230 637 395 689 Θεοῦ·
424 636 612 704 ἐτέρου
644 635 720 693 δὲ,
749 629 810 687 οῦ
841 632 1072 700 ἀψευδὲς
1109 631 1482 700 παράδειγμα,
1530 632 1556 682 ὁ
1582 629 1809 680 ἀπολει-

230 730 469 797 πόμενος
518 726 893 794 σαεὸατισμδς
944 725 1021 794 τῷ
1066 722 1179 792 λαῷ
1208 722 1304 776 τοῦ
1347 723 1506 788 Θεοῦ,
1544 722 1808 791 μείζονος,

1908 630 2102 687 nifeste
2137 648 2289 687 mens
2325 632 2544 693 fruitur,
2574 634 2626 685 in
2661 634 2895 699 seipsam
2927 649 2957 687 a
2998 633 3103 688 Deo
3129 648 3392 690 conversa
3426 646 3475 690 et

1906 725 2141 792 seipsam
2178 740 2413 778 noscens
2448 734 2531 777 est
2563 725 2854 791 imaginem
2908 733 3026 790 post
3078 733 3426 793 prototypum
3465 768 3479 786 ,

229 822 326 873 καὶ
368 821 712 889 ἁλλοιοτέρου
770 817 1149 886 σαϐϐατισμοῦ
1202 814 1499 887 προφανῶς
1526 812 1811 877 ἀπολαύει,
1908 834 1914 864 ι

1796 850 1811 877 ,
1908 824 1960 869 et
1989 816 2213 868 omnino
2243 817 2422 870 sciens
2455 832 2701 883 quaenam
2737 816 2847 869 sint
2897 816 3038 870 inter
3091 818 3258 871 Deum
3293 827 3348 871 et
3380 819 3478 869 ho-

228 917 307 975 είς
341 912 533 964 ἑαυτὸν
560 912 821 979 στραφεὶς
856 909 964 963 ἀπὸ
988 908 1079 961 τοῦ
1107 906 1265 967 Θεοῦ,
1302 908 1395 959 καὶ
1425 904 1615 959 ἑαυτὸν
1651 905 1813 972 γνοὺς

227 1007 303 1066 ὼς
341 1005 537 1059 εἰκόνα
575 1004 713 1072 μετὰ
750 1004 1141 1072 πρωτότυπον·
1199 1002 1293 1053 καὶ
1324 1000 1387 1052 τδ
1420 999 1558 1062 ὅλον,
1594 999 1661 1050 τὰ
1716 1013 1811 1067 με·

1908 907 2115 973 utines;
2152 923 2256 966 non
2292 910 2451 963 modo
2485 909 2551 963 ad
2584 924 2645 963 ea
2682 924 2803 978 qua:
2830 923 2995 977 supra
3031 921 3264 963 mentem
3297 926 3357 964 ac
3386 929 3481 965 co-

1905 1000 2221 1067 gitationem
2274 1010 2424 1062 sunt,
2484 1016 2722 1069 congrua
2787 1002 3000 1055 ratione
3052 1010 3300 1069 penetrat
3338 1009 3478 1059 miro

227 1099 363 1163 ταξὶ»
421 1096 559 1151 Θεοῦ
620 1096 713 1149 καὶ
769 1095 1076 1164 ἀνθρώπων
1118 1094 1299 1157 ὁποῖα,
1356 1093 1514 1145 ὁπότε
1544 1090 1655 1162 [ἷσ.
1718 1090 1812 1141 καὶ
1908 1115 1912 1140 ι

1793 1090 1812 1141 l.
1908 1108 2029 1145 cum
2063 1103 2307 1161 stupore.
2339 1098 2432 1147 sed
2470 1105 2527 1147 et
2550 1096 2749 1161 laetitia,
2787 1107 2847 1149 ut
2879 1096 2948 1147 ita
2978 1095 3179 1158 dicam,
3220 1104 3275 1147 et
3300 1094 3478 1161 spini-

229 1187 478 1256 aptissimi
511 1188 673 1257 μόνον
704 1187 783 1246 είς
810 1186 877 1237 τὰ
927 1184 1067 1253 ὑπὲρ
1108 1184 1233 1236 νοῦν
1296 1183 1389 1235 καὶ
1444 1179 1683 1233 διάνοιαν
1731 1179 1814 1231 δι·
1908 1195 1914 1235 ι

1790 1208 1814 1218 ·
1908 1185 2038 1238 tuali
2068 1186 2430 1239 exsultatione
2467 1187 2720 1253 repletur,
2749 1188 2911 1239 tacite
2934 1197 2990 1239 et
3019 1199 3144 1238 vere
3175 1184 3239 1236 iis
3270 1184 3475 1243 lrctans.

229 1281 436 1340 (δεύει,
468 1279 673 1350 τρόπον
728 1276 1082 1345 κατάλληλον,
1108 1276 1164 1327 ὲν
1216 1274 1498 1343 Θαυμασίᾳ
1536 1270 1813 1363 ἐκπλήξει,

228 1372 494 1425 ἀλλὰκαὶ
531 1372 731 1439 χαρᾶς,
786 1371 885 1437 οὑχ
943 1368 1018 1430 ὡς
1052 1369 1118 1421 ἄν
1174 1384 1255 1428 τις
1322 1368 1495 1418 εἰπεῖν
1555 1364 1674 1432 ἔχῃ.
1726 1364 1816 1413 καὶ

228 1461 619 1532 πνευματικῆς
684 1460 988 1528 πληροῦται
1046 1456 1442 1525 ἀγαλλιάσεως,
1479 1455 1814 1523 γαννὺμενος

1908 1292 2026 1343 quze
2060 1278 2126 1329 ad
2167 1282 2337 1341 ipsam
2368 1295 2533 1347 supra
2570 1280 2741 1345 ipsam
2774 1279 3085 1346 diriguntur
3122 1276 3477 1330 illuminatio-

1909 1368 2071 1422 nibus
2124 1378 2178 1422 t‘l
2213 1370 2411 1422 divinis
2459 1369 2889 1437 epeiatiunibus.
2932 1382 2983 1421 et
3028 1385 3151 1421 cum
3195 1383 3256 1424 ea
3291 1382 3479 1433 Super-

1912 1462 2179 1515 naturalis
2220 1462 2439 1514 deitatis
2470 1464 2672 1514 unitate
2706 1462 2757 1513 iu
2790 1460 3007 1514 Christo
3032 1460 3161 1513 Jesu
3189 1462 3363 1512 unita.

227 1557 574 1624 γιγνομένως
621 1556 677 1607 ὲν
710 1558 892 1624 σιωπῇ
928 1556 1049 1615 ταῖς
1078 1555 1167 1606 ὑπ’
1196 1555 1361 1607 αὑτὸν
1390 1557 1530 1624 ὑπὲρ
1568 1558 1763 1609 ἑαυτὸν
1812 1558 2130 1621 θεοπτικαῖς
2179 1559 2505 1629 ἐλλάμψεσι,
2558 1559 2650 1609 καὶ
2684 1556 3020 1627 θεευργίαις,
3066 1556 3161 1607 καὶ
3190 1554 3481 1618 ένούμενος

229 1648 411 1720 ταύτῃ
444 1650 507 1717 τῇ
538 1646 637 1715 τῆς
662 1647 813 1703 θείας
842 1648 933 1699 καὶ
956 1647 1267 1716 ὑπερφυοῦς
1298 1648 1547 1716 θεότητος
1583 1650 1749 1711 Evicit,
1779 1652 1833 1701 ἐν
1863 1652 2087 1721 Χριστῷ
2126 1652 2322 1721 Ἰησοῦ.

306 1780 374 1826 d.
422 1773 696 1841 Ὀπηνίκα
740 1774 956 1826 πάντων
1012 1774 1346 1836 ὑποθετικᾷς
1376 1775 1485 1828 τῶν
1516 1776 1707 1841 γεγονό
1741 1795 1815 1826 ων

226 1870 469 1919 ποιεῖται
502 1865 819 1934 ἀφαίρεσιν,
848 1867 923 1927 ὡς
954 1867 1029 1934 μὴ
1060 1865 1231 1917 ὄντων
1269 1866 1375 1917 τῶν
1405 1865 1593 1927 ὄντων,
1641 1868 1703 1921 τὸ
1732 1867 1810 1918 6v-

224 1980 334 2022 τως
368 1960 426 2011 ὃν
466 1960 724 2029 τηνικάδε
756 1960 1012 2029 ἀρρήτως
1058 1959 1412 2026 φαντάζεται,
1446 1960 1581 2028 ὑπὲρ
1620 1961 1816 2027 νοερὰ.ν

226 2052 521 2123 ἑνέργειάν
578 2069 638 2103 τε
673 2052 770 2103 καὶ
802 2051 1018 2113 ἕνωσιν,
1068 2051 1190 2113 νοῦς
1245 2050 1467 2121 θεωρῶν
1496 2054 1554 2103 ὲν
1587 2050 1817 2122 ἀληθείᾳ

223 2147 323 2197 καὶ
374 2143 652 2212 πνεύματι
699 2142 769 2194 δι’
821 2143 1097 2212 ὑπεροχῆς
1158 2143 1391 2213 ἀπείρου
1434 2144 1541 2196 τῶν
1588 2144 1711 2213 περὶ
1748 2145 1815 2195 τά

222 2237 358 2289 ὄντα
394 2235 559 2287 θείων
590 2234 941 2303 ἀμωσγέπως
979 2233 1375 2304 θεωρουμένων
1398 2250 1411 2264 ·
1448 2236 1539 2287 καὶ
1566 2238 1813 2303 γίγνεται

227 2329 501 2395 ὲνοειδὴς,
530 2328 562 2389 ἢ
594 2327 673 2388 ἓν,
708 2327 776 2378 ἵν’
803 2326 949 2379 οὕτω
1008 2327 1113 2395 φῶ,
1162 2329 1385 2397 ἀφάτως
1432 2329 1641 2396 ἀφασίᾳ
1683 2328 1817 2380 κάτ-

223 2436 373 2486 οχος,
394 2420 608 2488 πλήρης
628 2418 871 2488 ἀγάπης,
894 2418 1102 2488 πλήρης
1121 2422 1312 2488 χαρᾶς,
1332 2420 1593 2488 οὐμενοῦν
1606 2410 1813 2483 ἁπλῶς,

224 2512 366 2562 ἀλλὰ
402 2510 511 2562 τῶν
540 2511 650 2562 ἀπὸ
694 2511 791 2579 τῆς
841 2511 1127 2581 ἐνεργείας
1182 2512 1277 2564 τοῦ
1335 2513 1645 2581 Πνεῦματος
1671 2552 1684 2571 ,
1717 2514 1815 2580 τῆς

224 2602 534 2670 ἐφαμίλλου
565 2601 673 2653 τῶν
696 2602 944 2668 ἀγγέλων
974 2602 1207 2673 τρυφῆς.

299 2700 405 2744 οα’.
434 2693 649 2760 Ὠσπερ
679 2692 933 2760 οὐδαμῶς
962 2693 1194 2755 οὑδόλως
1228 2694 1287 2745 τὸ
1323 2694 1598 2762 παράπαν,
1618 2694 1812 2762 Κύριε,

224 2778 279 2834 εἶ
300 2786 400 2849 τὴν
434 2782 623 2833 οὐσίαν
655 2780 859 2848 ληπτὸς
885 2780 1058 2831 οὐδενί
1092 2798 1197 2832 τινι
1249 2780 1408 2850 ὁποίᾳ
1433 2782 1495 2848 δὴ
1531 2780 1690 2848 φύσει
1721 2780 1813 2832 λοι

223 2878 361 2941 τικῇ
393 2890 452 2924 τε
490 2873 584 2923 καὶ
612 2873 797 2941 νοερᾴκ
830 2872 863 2941 ἦ
898 2872 1155 2935 καθάπαξ
1194 2872 1393 2940 γνώσει
1433 2875 1646 2941 κτιστῇ,
1690 2872 1811 2925 οὐδὲ

222 2973 357 3039 γοῦν
382 2970 718 3038 Χερουϐικῇ,
748 2969 858 3021 ἀλλ’
884 2969 1308 3038 ὑπερεξίσταται
1337 2968 1631 3036 ἀπειράκις
1648 2968 1810 3019 ἀπεί-

222 3082 337 3133 ρως
401 3063 625 3129 ἀπάσης
683 3060 957 3127 γνώσεως,
978 3060 1142 3124 οῦτω,
1167 3061 1437 3117 Δέσποτα.
1468 3062 1561 3111 καὶ
1588 3058 1656 3109 τά
1682 3057 1812 3126 περὶ

223 3156 290 3207 σὲ
349 3154 706 3206 παντάπασιν
733 3152 938 3222 ἄπειρα
970 3153 1063 3204 καὶ
1086 3152 1339 3220 ἀόριστα.
1395 3148 1600 3200 Αὐτίκα
1629 3148 1809 3199 τοίνυν

1993 1773 2075 1823 70.
2115 1770 2342 1835 Quando
2376 1771 2717 1839 hypotbetice
2750 1786 3091 1838 qumcunquc
3127 1777 3254 1824 sunt
3287 1768 3487 1823 sustol-

1922 1865 2002 1926 lit,
2035 1874 2290 1931 tauquam
2327 1882 2430 1916 uuu
2466 1865 2854 1917 cxsisteutibtts
2884 1879 3003 1931 qua:
3031 1864 3329 1925 exsistunt,
3357 1875 3490 1915 tunc

1916 1957 2262 2010 iuell'abilitcr
2298 1958 2426 2009 illud
2459 1956 2602 2020 quod
2637 1965 2720 2008 est
2752 1957 3102 2021 imaginatur,
3135 1969 3299 2022 supra
3327 1956 3485 2006 intelc

1916 2051 2170 2118 ligibilem
2212 2048 2505 2101 emcaciam
2541 2057 2593 2099 et
2634 2048 2893 2101 unionem
2946 2063 3101 2102 uzeus
3157 2047 3211 2100 in
3258 2049 3489 2100 veritate

1916 2158 1977 2197 ac
2021 2143 2215 2212 spiritu
2246 2141 2646 2208 contemplans.
2680 2155 2773 2207 per
2804 2139 3072 2192 inﬁnitam
3106 2140 3481 2202 eminentiam,

1914 2235 2095 2287 divina
2118 2249 2179 2288 ea
2210 2250 2330 2302 qua!
2358 2234 2504 2286 circa
2534 2242 2816 2286 creaturas
2846 2231 3016 2283 videri
3051 2246 3311 2298 possunt;
3345 2241 3399 2283 et
3432 2234 3487 2281 lit

1915 2326 2224 2386 unilormis,
2259 2337 2351 2377 aut
2406 2340 2592 2385 unum,
2620 2331 2677 2376 ut
2706 2324 2778 2378 ita
2803 2323 3002 2382 dicam.
3035 2322 3325 2391 possidens
3352 2321 3491 2375 inef-

1914 2418 2151 2471 ῐειιιειὶιετ
2183 2431 2246 2469 ac
2282 2416 2461 2477 tacite,
2508 2413 2662 2481 plena
2704 2415 2922 2481 gaudio,
2959 2429 3066 2467 non
3097 2414 3314 2483 quidem
3350 2415 3489 2465 sim-

1914 2509 2145 2575 pliciter,
2188 2507 2280 2561 sed
2326 2522 2391 2559 ex
2442 2505 2678 2572 Spiritus
2726 2506 2897 2558 sancti
2960 2505 3222 2570 emcacia,
3275 2505 3486 2561 deliciis

1916 2601 2101 2653 fruens
2129 2614 2247 2665 quae
2272 2600 2588 2669 angelorum
2623 2596 2833 2649 deliciis
2864 2599 3073 2651 similes
3102 2608 3252 2653 sunt.

1987 2693 2075 2746 71.
2107 2690 2581 2757 Quemadmodum
2622 2692 2770 2743 nullo
2800 2690 2985 2749 modo,
3020 2690 3268 2757 Domine,
3296 2707 3487 2744 essen-

1916 2785 1989 2840 tia
2037 2795 2128 2838 tua
2182 2784 2695 2852 comprehensibilis
2745 2792 2829 2837 est
2877 2784 3098 2835 cuilibet
3153 2784 3403 2836 rationali
3436 2793 3490 2833 «ιι

1914 2877 2187 2945 spirituali
2216 2886 2426 2929 naturae
2456 2883 2550 2927 aut
2580 2874 2908 2942 simpliciter
2936 2885 3118 2928 creato
3150 2874 3444 2927 intellectui
3470 2915 3487 2934 ,

1914 2989 1983 3027 ne
2024 2972 2325 3025 cberubiuo
2364 2969 2606 3039 quidem.
2632 2970 2726 3021 sed
2759 2983 2990 3037 superas
3024 2968 3234 3022 infinite
3266 2984 3427 3022 omne
3454 2988 3481 3017 ιι

1918 3064 2279 3127 intellectum,
2317 3063 2415 3127 ita,
2444 3061 2669 3113 Domine
2695 3074 2930 3124 summe,
2963 3076 3024 3113 ea
3052 3076 3172 3128 quze
3203 3060 3405 3114 circum
3437 3074 3486 3111 te

1918 3166 2068 3219 sunt,
2092 3155 2323 3212 omnino
2355 3153 2560 3206 inﬁnita
2592 3160 2796 3207 suntet
2823 3151 3193 3208 interminata.
3229 3151 3363 3205 Eum
3388 3153 3480 3223 qui

214 3249 376 3309 ὄντα,
413 3246 508 3297 καὶ
539 3246 768 3311 λέγοντα
801 3244 1029 3296 σεαυτὸν
1069 3242 1467 3313 ἀνυπερϐλήτῳ
1511 3240 1808 3309 κηδεμονίᾳ.
1843 3264 1884 3320 c

1803 3278 1808 3291 ›
1843 3264 1884 3320 c
1916 3262 2001 3305 est
2026 3258 2079 3303 et
2112 3248 2341 3316 teipsutn
2376 3245 2455 3300 sic
2490 3246 2885 3307 uomiuantem,
2921 3244 3275 3312 insuperabili
3324 3260 3488 3304 cura.

214 3343 315 3393 τὸν
345 3339 651 3407 νομοθέτην
680 3337 780 3405 τῆς
807 3337 1049 3399 Παλαιᾶς
1071 3336 1345 3405 Διαθήκης
1374 3335 1580 3387 Μωσέα
1608 3332 1810 3402 κηρύτ-

212 3450 338 3485 τειν
369 3430 669 3494 ἐπέταξας.
718 3427 880 3480 Ἀλλὰ
929 3429 1023 3480 καὶ
1077 3426 1221 3479 οῦτω
1255 3427 1319 3479 σὺ
1354 3424 1534 3487 πάλιν,
1568 3422 1804 3491 ἀψευδές

216 3538 413 3583 στατε,
450 3518 548 3571 καὶ
577 3518 714 3587 μόνη
748 3516 897 3585 ἄκρα
931 3517 1181 3585 ἀλήθεια.
1211 3515 1440 3586 είρηκας
1480 3515 1609 3584 περί
1645 3530 1807 3566 τινων

212 3613 333 3665 Ιτῶν
374 3611 511 3673 σῶν,
548 3611 633 3662 ὅτι
663 3608 849 3678 ὀφθεὶς
872 3610 1078 3673 αὐτοῖς,
1116 3611 1265 3679 ὅμως
1298 3608 1357 3661 τὸ
1379 3607 1549 3675 ὄνομά
1576 3623 1671 3659 σου
1706 3606 1808 3657 οὐκ

218 3700 778 3770 ἀπεκάλυψας.”Εστι
806 3700 915 3770 γὰρ
946 3701 1086 3770 ὑπὲρ
1116 3702 1223 3753 πᾶν
1247 3698 1593 3768 άσυγκρίτως
1612 3697 1802 3767 δνομα,

216 3777 360 3857 τῶν,
414 3793 477 3845 οὺ
514 3792 676 3862 μόνον
719 3793 821 3845 ὅσα
849 3792 945 3843 ἐπὶ
990 3793 1091 3858 τῆς
1121 3793 1251 3862 γῆς,
1285 3791 1420 3843 ἀλλὰ
1453 3788 1677 3842 καὶτῶν
1705 3789 1806 3841 ὅσα

216 3884 283 3936 ὲν
318 3884 596 3953 οὐρανοῖς.
654 3882 858 3934 Οὐσίαν
887 3882 995 3952 γάρ
1042 3898 1101 3935 σε
1130 3882 1460 3951 παριστᾶσιν
1487 3880 1536 3933 ol
1574 3879 1669 3933 τοῦ
1708 3878 1804 3931 σοῦ

215 3970 407 4040 φωτὸς
448 3970 722 4039 εμπλεοι,
772 3969 909 4023 ἀλλά
959 3968 1060 4022 τοῦ
1113 3970 1537 4040 ενυποκειμένου
1596 3969 1805 4038 χωρίς·

221 4064 452 4126 πάντως
486 4063 552 4116 ἶν’
583 4062 759 4127 οὕτως
781 4066 1084 4134 ἑπομένως,
1108 4066 1433 4137 ὕπερούσιος
1466 4070 1808 4141 ἀποφανθῇς,

220 4158 325 4210 καὶ
359 4156 551 4224 νόησιν
586 4156 662 4226 μὴ
690 4156 918 4225 έχουσαν
956 4158 1212 4224 καθάπαξ
1244 4178 1296 4213 τι
1322 4161 1699 4232 ὑποκείμενον·
1724 4164 1813 4217 ἵνα

224 4248 578 4318 περιφανῶς,
622 4248 717 4302 καὶ
739 4248 879 4319 ὑπὲρ
910 4251 1114 4319 νόησιν,
1152 4254 1247 4306 καὶ
1285 4256 1499 4307 πάντων
1538 4256 1647 4308 τῶν
1674 4274 1813 4322 γνω-

226 4340 435 4410 σθῆναι
469 4339 703 4408 δύναμιν
731 4340 963 4408 ἑχόντων
1013 4343 1308 4413 ἀπειράκις
1362 4345 1662 4411 ἄγνωστος,
1719 4349 1813 4400 καὶ

227 4433 544 4501 ὑπέρτερος
572 4432 915 4501 γνωρισθῇς“
973 4434 1166 4503 χρόνου
1197 4436 1418 4499 τελείως
1447 4440 1644 4507 ὁρᾶσαι
1668 4439 1810 4492 ἀνώ-

226 4539 419 4593 τερος,
448 4522 709 4593 ἄναρχος,
741 4524 992 4593 αὑτοζωὴ
1026 4524 1121 4589 ὢν,
1159 4528 1254 4579 καὶ
1296 4529 1601 4599 ἀπέραντος
1621 4549 1635 4563 ο
1666 4549 1816 4585 τοπι-

1920 3342 2119 3394 veteris
2136 3338 2465 3392 Testamenti
2490 3336 2849 3404 legislaturem
2870 3335 3105 3405 Moysem
3147 3337 3487 3403 proclamare

1914 3431 2154 3500 iussisti.
2189 3431 2295 3483 Sed
2332 3443 2382 3483 et
2421 3429 2501 3483 sic
2538 3439 2593 3481 tu
2625 3443 2867 3489 rursum,
2903 3441 2937 3480 ο
2968 3428 3249 3480 verissima
3282 3437 3335 3480 et
3368 3430 3489 3483 sola

1915 3538 2128 3580 summa
2168 3523 2389 3585 veritas,
2425 3520 2611 3575 dixisti
2644 3522 2712 3574 de
2747 3519 3021 3587 aliquibus
3062 3520 3190 3583 tuis,
3225 3520 3369 3589 quod
3414 3524 3483 3575 ab

1919 3614 2059 3684 ipsis
2099 3614 2270 3675 visus,
2313 3628 2421 3667 non
2456 3622 2634 3665 tamen
2664 3627 2862 3665 nomen
2900 3621 3049 3664 ttttuu
3099 3614 3167 3666 iis
3215 3613 3487 3667 revelasti.

1916 3708 2011 3763 Est
2039 3705 2187 3762 enim
2227 3720 2392 3772 supra
2419 3720 2579 3758 oume
2608 3705 2886 3772 quodlibet
2917 3720 3139 3763 nomen.
3178 3720 3283 3757 non
3329 3711 3493 3757 modo

1915 3815 2105 3854 eorum
2139 3813 2258 3867 quze
2284 3805 2410 3850 sunt
2452 3811 2616 3864 super
2646 3804 2871 3858 terram,
2915 3796 3011 3850 sed
3060 3808 3111 3850 et
3147 3812 3335 3849 eorum
3364 3813 3493 3864 qua:

1919 3891 1971 3944 in
1992 3891 2149 3943 cmlis
2172 3898 2321 3942 sunt.
2346 3885 2423 3940 Te
2446 3887 2588 3941 enim
2612 3887 2903 3940 essentiam
2929 3901 3051 3941 esse
3072 3886 3487 3951 demonstrant,

1918 3983 2011 4051 qui
2046 3992 2141 4035 tuo
2176 3980 2376 4034 lumine
2409 3978 2551 4047 pleni
2580 3988 2729 4039 sunt,
2768 3978 2861 4032 sed
2890 3978 3098 4047 absque
3130 3980 3238 4034 ullo
3281 3998 3484 4050 suppo—

1918 4077 2063 4139 aito;
2096 4084 2153 4127 ιιι
2199 4073 2280 4127 sic
2311 4082 2713 4140 consequenter
2737 4072 3169 4139 superuaturalis
3195 4089 3482 4143 appareas,

1918 4178 1971 4221 et
2003 4163 2359 4233 intelligentia
2390 4163 2732 4231 suppositum
2762 4177 2868 4214 nou
2896 4162 3143 4229 h'rbeus;
3178 4170 3248 4217 ita
3282 4179 3342 4218 ut
3371 4183 3487 4220 ma-

1921 4259 2137 4317 niieste,
2179 4266 2232 4310 et
2265 4271 2430 4324 supra
2459 4256 2844 4330 cogitationem
2891 4265 2943 4310 et
2977 4257 3162 4310 omnia
3187 4274 3307 4326 qum
3334 4263 3484 4314 nosci

1923 4361 2171 4419 possunt,
2222 4349 2431 4400 lullnite
2490 4345 2706 4416 ignotus
2754 4357 2812 4401 et
2854 4362 3147 4417 supremus
3195 4352 3485 4409 uoscaris:

1927 4453 2169 4509 tempore
2197 4442 2343 4507 prior
2373 4453 2625 4507 appares,
2668 4439 3237 4507 arternus,‘ipsissima
3269 4444 3401 4509 vita,
3434 4455 3489 4498 et

1928 4533 2208 4597 inlluitus;
2242 4532 2467 4586 localem
2492 4532 2715 4585 omnino
2743 4529 2936 4599 eﬂ’ugis
2960 4533 3365 4601 cogitationem,
3392 4539 3481 4605 qui

228 4614 340 4685 κήν
382 4615 691 4685 ὁλοσχερῶς
746 4616 1117 4685 ὑπεκφεῦγεις
1175 4619 1406 4684 ἔννοιαν,
1456 4624 1485 4674 ὁ
1537 4625 1813 4694 πανταχοῦ
1848 4612 1891 4668 υ

1797 4626 1813 4678 5
1848 4612 1891 4668 υ
1923 4626 2121 4693 ubique
2152 4626 2313 4677 simul
2346 4624 2474 4676 ades
2500 4630 2554 4675 et
2585 4636 2748 4691 supra
2792 4624 3093 4692 quodlibet,
3124 4634 3180 4677 ut
3236 4629 3482 4682 omnium

224 4705 450 4773 ἀθρόως
482 4704 698 4776 παρὼν,
751 4707 848 4759 καὶ
881 4708 1021 4778 ὑπὲρ
1058 4710 1120 4762 τὸ
1161 4711 1291 4771 πᾶν,
1344 4711 1419 4773 ὠς
1466 4713 1561 4765 τοῦ
1618 4717 1815 4779 παντὸς

1921 4717 2071 4793 solus
2098 4726 2329 4770 creator.
2364 4714 2466 4769 Sed
2495 4724 2674 4767 tamen
2702 4729 2824 4768 eum
2866 4715 2942 4769 sis
2974 4716 3342 4783 spiritualium
3382 4737 3484 4774 na-

227 4797 438 4869 ἀθρόον
471 4798 704 4868 ποιητὴς
752 4800 847 4853 καὶ
883 4800 1065 4869 μόνος.
1112 4804 1371 4871 Καίτοιγε
1421 4807 1657 4858 καὶτῶν
1705 4826 1820 4860 νοε-

1801 4839 1820 4849 -
1922 4818 2169 4860 tttrarutn
2217 4808 2455 4858 ambitus
2503 4816 2559 4858 et
2591 4805 2744 4859 locus
2788 4805 3221 4874 impenetrabilis
3251 4820 3486 4865 mentem

232 4890 350 4961 ρῶν
378 4890 602 4959 φύσεων
634 4892 892 4962 περιοχὴ,
954 4893 1050 4946 καὶ
1077 4894 1242 4957 τόπος
1268 4894 1345 4947 ὢν
1375 4897 1685 4961 άδιάϐατος.
1725 4900 1816 4953 νοῦ

228 4982 402 5051 τάχος
435 4982 804 5053 ὑπερϐαίνων,
836 4985 930 5037 καὶ
956 4986 1177 5051 φθάνων
1228 4987 1392 5039 αὑτοῦ
1418 4988 1516 5057 τὴν
1555 4990 1817 5055 ἐπίνοιαν,

1925 4900 2111 4954 statim
2141 4896 2585 4967 supergredlcns.
2618 4906 2671 4950 et
2738 4897 2900 4966 hujus
2934 4900 3321 4968 cogitationem
3352 4918 3490 4971 pra:-

1919 4996 2165 5057 venieus,
2193 4994 2393 5061 quippe
2420 4995 2512 5059 qui
2542 4991 2618 5044 sis
2645 5004 2811 5058 super
2839 4994 3022 5045 omnia
3049 5000 3097 5045 et
3136 4995 3488 5064 omnipotens

228 5074 333 5129 ἅτε
392 5074 538 5143 ὑπὲρ
586 5076 647 5127 τὸ
710 5078 839 5139 πᾶν,
892 5078 985 5129 καὶ
1029 5078 1152 5148 χεὶρ
1200 5083 1675 5152 παντοκρατορικὴ
1725 5083 1817 5135 τοῦ

1806 5084 1817 5135 i
1917 5099 2113 5138 manus
2140 5083 2382 5137 omnium
2414 5082 2631 5133 modum
2664 5080 3133 5147 impenetrabilem
3166 5084 3491 5144 inveniens:

243 5164 447 5227 παντὸς
477 5164 873 5235 εὑρισκόμενος
906 5168 1107 5238 τρόπον
1132 5170 1465 5241 ἁδιεξίτητον
1488 5189 1499 5200 ·
1560 5174 1654 5226 καὶ
1715 5176 1821 5245 μὴν
1916 5192 1928 5230 l

1807 5192 1821 5226 ι
1916 5191 2027 5231 non
2073 5177 2219 5230 enim
2262 5183 2469 5227 natura:
2520 5174 2771 5227 terminis
2805 5190 3046 5243 unquam
3100 5176 3370 5246 subiacet.
3408 5179 3492 5237 Tu

233 5257 364 5311 οὐδὲ
392 5255 638 5325 φύσεως.
680 5258 772 5311 καὶ
795 5258 856 5311 τὸ
880 5259 1065 5330 τυχὸν,
1119 5260 1267 5331 ὅροις
1324 5265 1609 5319 ὑπόκειται
1630 5282 1644 5297 ·
1674 5266 1823 5336 ἀόρι-

1913 5268 2058 5323 enim
2116 5266 2369 5321 inﬁnitus
2399 5281 2481 5331 es,
2514 5282 2621 5321 non
2663 5267 2825 5322 modo
2877 5276 3070 5323 natura
3104 5278 3360 5340 tanquam
3395 5289 3489 5327 su.

236 5364 367 5411 στος
407 5348 475 5401 σὺ
502 5347 755 5418 καὶγὰρ,
799 5348 861 5401 οὑ
897 5349 1059 5418 μόνον
1084 5350 1181 5421 τὴν
1207 5353 1390 5421 φύσιν,
1420 5356 1494 5419 ὡς
1526 5357 1821 5427 ὑπερφυῶς
1914 5376 1921 5428 1

1801 5374 1821 5419 ς
1914 5356 2335 5428 pet-naturaliter
2362 5356 3070 5424 iucomprebensibilis,sed
3117 5370 3173 5415 et
3217 5364 3486 5417 naturali‘

244 5440 658 5509 iutélqmoc,
688 5441 825 5494 ἀλλά
863 5441 957 5494 καὶ
1007 5447 1123 5506 τοῖς
1160 5446 1289 5515 περὶ
1345 5448 1404 5499 σὲ
1448 5453 1715 5516 φυσικοῖς,
1746 5451 1823 5514 ὡς
1915 5450 1929 5506 1

1800 5468 1823 5514 ς
1915 5450 2043 5514 bus,
2072 5465 2193 5518 qua:
2216 5449 2424 5503 circum
2452 5456 2503 5501 te
2529 5457 2678 5513 sunt,
2703 5458 2760 5501 ut
2783 5450 3047 5518 sapientia
3078 5456 3485 5521 supersapiens,

239 5531 410 5597 σοφία
463 5530 806 5599 ὑπέρσοφος,
861 5532 957 5585 καὶ
1000 5534 1231 5603 δύναμις
1273 5536 1681 5608 ὑπερᾶύναμος,
1730 5544 1823 5593 καὶ
1918 5561 1924 5588 ι

1791 5544 1823 5593 ιι
1918 5549 1973 5594 et
2010 5541 2251 5607 potentia
2290 5548 2595 5608 pra-potens
2621 5545 2677 5592 et
2722 5539 2941 5593 dilectio
2966 5555 3028 5593 ac
3069 5543 3280 5598 bonitas
3312 5558 3476 5614 supra

238 5624 461 5691 ἀγάπη.
500 5625 595 5675 καὶ
645 5624 923 5695 ἀγαθότης
955 5626 1095 5698 ὑπὲρ
1133 5630 1312 5690 πᾶσαν
1338 5629 1828 5700 διάνοιανηάγάπης
1917 5655 1923 5678 ς

1791 5649 1828 5696 ,ς
1917 5646 2132 5683 omnem
2163 5630 2473 5684 dilectionis
2498 5644 2563 5683 ac
2602 5629 2863 5684 bonitatis
2894 5632 3301 5699 cogitationem.
3332 5634 3476 5701 Quid

244 5717 339 5769 καὶ
368 5716 733 5786 ἀγαθότητος.
765 5718 833 5770 Τί
856 5718 923 5771 ἂν
941 5736 1026 5781 τις
1056 5720 1205 5771 εἴποι
1248 5737 1345 5783 ac;
1373 5721 1487 5782 Φῶς
1512 5704 1824 5791 λεγόμενον,

1917 5730 1968 5775 te
1989 5737 2110 5775 esse
2144 5721 2344 5790 aliquis
2375 5721 2557 5775 dicat?
2585 5722 2739 5788 Quod
2784 5722 2965 5778 lumen
2994 5724 3213 5791 dicitur,
3247 5742 3356 5781 non
3395 5735 3484 5782 est

244 5808 347 5861 οὐκ
380 5806 726 5875 ἀπρόσιτονς
761 5808 911 5860 Ὠστ’
948 5807 1038 5879 ἄρ’
1064 5809 1214 5877 ὑπὲρ·
1231 5808 1365 5875 φῶς.
1393 5810 1491 5877 Τί,
1520 5813 1733 5882 κριτὴν,
1763 5814 1825 5865 οὑ
1910 5812 1924 5865 i

1799 5814 1825 5865 ὑ
1910 5811 2327 5879 inaccessibile;
2355 5815 2425 5867 ita
2452 5823 2512 5867 ut
2545 5813 2621 5867 sis
2662 5828 2828 5882 supra
2857 5815 3065 5870 lumen.
3115 5816 3217 5883 Qui
3271 5817 3484 5874 dicitut'

246 5898 435 5950 πάντα
477 5896 816 5961 γινώσκοντα
860 5898 955 5951 καὶ
1015 5898 1119 5966 πρὸ
1162 5899 1458 5966 γενέσεωςς
1511 5886 1619 5955 Ποῦ
1640 5892 1825 5958 ’ταῦτα
1903 5906 1923 5976 j

1793 5922 1825 5958 α
1903 5904 2064 5976 juch
2087 5940 2103 5969 ,
2143 5918 2249 5959 non
2278 5905 2425 5960 novit
2455 5906 2659 5973 omnia,
2684 5907 2846 5962 etiam
2872 5918 2999 5964 ante
3027 5911 3433 5977 generationem
3458 5928 3478 5972 :
