4266 6450
768 441 872 504 903

1944 428 2297 492 C-\1-LlSTl
2337 425 2627 483 CATAPH
2645 426 2741 485 UG
2758 425 2952 485 IOT/‘E

3927 409 4029 472 904

768 557 916 612 hunc
938 573 1000 611 ea
1033 556 1257 611 scientia
1280 547 1629 621 cstjndicis?
1660 549 1737 601 Ita
1767 553 1825 599 ut
1857 546 2084 597 multum
2120 552 2352 611 praestes
2392 546 2453 598 D1

2332 557 2352 595 ε
2392 533 2670 600 οκριτοῦς
2707 534 2856 587 Ὤστ⁸
2906 536 2995 603 ἄρ’
3028 537 3171 607 ὑπὲρ
3206 538 3397 609 κριτὴν
3444 538 3624 609 πολλῷ
3669 540 3746 611 τῷ
3779 542 4017 611 μεταξύ·

769 652 1006 716 iudicem
1040 649 1252 717 qualem
1306 653 1610 698 creatorem
1652 656 1777 694 esse
1804 640 1950 692 dicat
1980 639 2074 707 qui
2111 639 2230 693 solo
2257 656 2358 693 vo-

775 747 1004 800 luntatis
1035 753 1183 797 motu
1210 757 1367 794 creas
1396 748 1449 793 et
1479 754 1607 797 nuo.
1639 736 1875 806 plurima
1901 750 1963 787 ac
1989 733 2205 787 diversa
2236 746 2357 785 ma-

773 838 1025 893 terialia?
1057 836 1172 888 Non
1208 832 1505 887 materialia
1543 845 1690 893 vero,
1724 842 1755 877 ο
1787 827 2021 880 altitudo
2052 824 2357 893 superemi-

776 931 994 993 nentize,
1027 930 1080 981 in
1115 943 1223 980 uno
1253 926 1491 994 Spiriltts
1529 935 1675 977 motu
1706 964 1721 988 ,
1757 938 1817 976 ea
1860 936 1982 990 quae
2029 926 2159 973 sunt
2187 920 2356 971 unius

777 1034 1006 1083 naturze,
1043 1023 1092 1071 id
1125 1031 1233 1078 est.
1267 1017 1575 1088 spiritualia
1608 1058 1623 1081 ,
1651 1015 1815 1068 Innlta
1848 1014 1992 1066 enim
2029 1026 2092 1065 ac
2123 1011 2357 1077 plurima

777 1122 907 1166 sunt
936 1110 1392 1179 dispositionum.
1428 1109 1471 1161 si
1509 1108 1682 1169 velis,
1713 1120 1775 1159 ac
1812 1118 2169 1169 personarum
2205 1100 2359 1154 diﬁ'e-

776 1207 1008 1267 tentiis,
1042 1205 1187 1274 quod
1233 1201 1469 1254 maxime
1502 1210 1586 1253 est
1628 1198 1957 1251 mirandum.
1992 1195 2054 1248 Et
2094 1194 2359 1264 quidquid

781 1314 998 1351 omnem
1035 1294 1338 1364 reputantis
1371 1294 1761 1362 cogitationem
1798 1308 1901 1343 suo
1948 1306 2180 1344 excessu
2219 1305 2359 1357 pra:-

782 1392 929 1449 terit.
955 1406 1081 1442 Itlllll
1122 1390 1170 1440 id
1202 1398 1418 1440 creator
1440 1387 1564 1439 eSI?
1595 1385 1832 1437 Minime.
1868 1384 1944 1437 lta
1973 1396 2025 1435 ut
2055 1399 2163 1437 non
2197 1384 2360 1436 modo

781 1486 968 1537 mundi
1004 1483 1280 1541 cenditor,
1320 1482 1414 1535 sed
1449 1491 1667 1534 creator
1716 1480 2017 1533 uomineris
2063 1490 2113 1532 et
2160 1479 2358 1533 artifex

782 1578 1177 1643 proclamcris?
1226 1578 1317 1629 Est
1369 1575 1494 1643 quis
1526 1574 1775 1633 Creator.
1823 1574 1943 1627 sine
1978 1572 2358 1636 fundamento.

781 1668 901 1720 sine
930 1668 1066 1730 basi,
1097 1678 1247 1719 creat
1280 1666 1359 1718 vel
1391 1664 1673 1717 minimam
1711 1678 1845 1726 rem,
1885 1674 1943 1717 ut
1976 1676 2029 1717 ttt
2061 1708 2075 1729 ,
2112 1664 2360 1729 Domine,

785 1760 932 1813 hanc
966 1768 1169 1815 tantam
1216 1771 1417 1811 terram
1455 1772 1579 1811 eum
1619 1757 1741 1826 ejus
1792 1757 2069 1809 montibus
2100 1765 2153 1809 et
2189 1757 2363 1822 saxis,

782 1863 837 1905 ct
872 1852 1015 1904 varia
1050 1852 1300 1905 materia.
1332 1850 1540 1919 absque
1572 1849 1699 1903 ullis
1748 1849 2143 1912 fuudamentis.
2173 1859 2228 1903 et
2254 1860 2362 1904 tam

789 1946 983 2000 solide.
1026 1947 1131 1996 Aut
1162 1946 1339 2011 qualis
1365 1943 1559 1997 artifex
1592 1959 1657 1996 ex
1693 1942 1867 1997 nihilo
1903 1960 1989 1998 res
2029 1944 2279 2004 deducit,
2317 1957 2371 1997 et

789 2048 941 2092 tanta
984 2039 1215 2102 ratione,
1256 2045 1403 2090 tanta
1461 2046 1576 2090 arte
1605 2045 1810 2104 quanta
1866 2045 1923 2089 tu
1977 2037 2243 2091 mundum
2277 2039 2374 2089 dv-

793 2131 1042 2186 duxisti?
1069 2130 1206 2184 Nunt
1238 2132 1283 2184 si
1323 2129 1412 2181 illa
1437 2128 1584 2182 dicit
1616 2144 1739 2183 esse
1771 2130 2034 2183 creatoris
2063 2137 2160 2183 aut
2195 2129 2371 2182 artiﬁ-

792 2228 897 2287 cis.
939 2224 1287 2279 rationabilia
1323 2222 1506 2275 dicet?
1544 2221 1765 2276 Minime
1797 2239 1949 2276 vero.
2000 2223 2171 2291 igitur
2203 2238 2369 2291 supra

786 2330 1092 2372 creatorem
1119 2328 1172 2370 et
1198 2316 1465 2368 artiﬁcem
1502 2315 1710 2368 inﬁnite
1741 2325 1877 2377 stas,
1910 2330 1944 2370 0
1977 2314 2141 2371 Dens!
2171 2315 2374 2380 Quant-

797 2430 918 2467 nam
954 2424 1131 2465 autem
1169 2412 1454 2465 tharitatis
1494 2410 1729 2478 speciem
1772 2422 1960 2479 posset
1996 2412 2122 2479 quis
2146 2426 2375 2465 noscere

791 2503 1096 2558 autaudirc
1121 2512 1215 2555 aut
1260 2502 1461 2570 ﬁngere
1491 2510 1695 2554 tantam
1726 2511 1986 2570 quantam
2024 2511 2115 2555 tua
2150 2503 2376 2558 mirabi-

791 2596 999 2648 lissima
1032 2593 1257 2645 bonitas.
1278 2591 1518 2646 ostendit
1546 2594 1706 2645 nobis
1747 2592 1800 2645 in
1839 2601 1928 2645 tua
1960 2592 2369 2661 lncarnatione,

792 2687 1017 2740 omnino
1047 2694 1099 2739 et
1132 2700 1297 2753 supra
1332 2700 1489 2753 spem
1539 2683 2010 2738 misericorditer?
2042 2687 2195 2750 Quod
2240 2702 2375 2743 sane

793 2779 1250 2845 tontemplantes,
1285 2776 1376 2844 qui
1418 2776 1773 2841 contemplari
1810 2792 1905 2845 per
1932 2780 2168 2845 gratiattt
2202 2782 2331 2834 liret
2356 2822 2369 2843 ,

795 2872 848 2923 in
877 2871 1201 2926 inuuensnm
1220 2886 1278 2923 ea
1291 2871 1467 2922 ritatis
1481 2878 1534 2923 et
1557 2871 1708 2924 mira:
1729 2872 2088 2938 providentia:
2110 2887 2373 2928 oet-auum

796 2964 1102 3028 introeunt,
1140 2972 1195 3015 et
1234 2978 1359 3015 vere
1391 2962 1535 3015 intra
1583 2965 1799 3031 seipsos
1835 2966 1994 3029 ﬁunt,
2026 2966 2371 3022 viridissimo

799 3070 985 3108 arnore
1016 3070 1112 3109 sua
1144 3056 1259 3109 vice
1293 3055 1457 3124 pleni,
1496 3071 1674 3125 neque
1707 3058 2064 3126 providentia:
2105 3060 2268 3129 hujus
2290 3077 2382 3117 ac.

798 3159 888 3204 tus
923 3151 1099 3217 reipsa
1146 3150 1434 3203 nominare
1462 3160 1687 3218 possunt
1734 3168 1748 3204 :
1786 3155 2186 3205 transcendunt
2230 3156 2375 3206 enim

2440 627 2683 678 ποταπὸν
2725 628 2779 679 δέ
2808 646 2865 680 σε
2899 629 3235 700 δημιουργὸν
3295 634 3392 685 καὶ
3424 636 3522 703 φῇ,
3554 634 3645 687 τὸν
3685 638 3825 706 ῥοπῇ
3859 637 4024 705 θελή·

2443 734 2614 785 ματος
2640 720 2773 792 μόνῃ
2797 719 3072 785 κτίζοντα,
3107 725 3198 776 καὶ
3231 726 3408 778 ταῦτα
3453 727 3571 797 μιᾷ,
3628 729 3697 780 τά
3726 729 3898 781 πολλά
3930 731 4026 783 καὶ

2441 808 2676 880 διάφορα
2704 812 2901 877 ἔνυλανς
2945 816 3003 867 ὲν
3027 815 3070 867 δ’
3100 816 3286 875 ἀΰλοιε
3306 860 3319 879 ,
3361 816 3526 886 βαϐαὶ
3553 817 3649 870 τοῦ
3702 817 3903 887 βάθους
3928 820 4027 887 τῆς

2443 901 2742 975 ὑπεροχῆς,
2775 905 2841 958 ἵν’
2871 905 3016 959 οὕτω
3035 907 3140 975 φῶ,
3175 910 3272 978 μιᾷ
3291 910 3432 979 ῥοπῇ
3465 910 3776 979 πνεύματος
3798 913 3866 965 τε
3900 915 4029 982 μιᾶς

2443 1001 2684 1069 φύσεως.
2721 998 3070 1067 πνευματικᾶ
3105 1000 3213 1068 γάρ
3236 1016 3250 1030 ο
3284 998 3454 1052 πολλὰ
3489 1000 3543 1053 δὲ
3587 1001 3682 1053 καὶ
3709 1001 4031 1070 πάμπολλα,

2443 1096 2565 1156 ταῖς
2589 1092 2697 1144 τῶν
2726 1090 3038 1152 διαθέσεων,
3073 1093 3121 1144 εί
3172 1091 3381 1162 βούλοιο
3441 1093 3521 1156 δὲ,
3580 1094 3673 1145 καὶ
3720 1094 4034 1162 προσώπων

2446 1184 2756 1253 διαφοραῖς,
2781 1184 2842 1236 τὸ
2870 1184 3102 1253 πάμπαν
3130 1183 3439 1252 θαυμάσιον
3462 1202 3476 1248 ;
3507 1184 3616 1237 Καὶ
3648 1187 3830 1238 πᾶσαν
3854 1184 4037 1237 νοοῦν-

2446 1298 2540 1343 τος
2572 1278 2697 1332 καθ’
2729 1280 3041 1351 ὑπερϐολὴν
3066 1281 3271 1349 φεῦγον
3303 1280 3569 1340 διάνοιαν,
3600 1281 3707 1352 ἄρα
3738 1283 3915 1333 ταῦτα
3939 1282 4036 1349 δη-

2450 1371 2716 1441 μιουργοῦ
2740 1388 2755 1435 ;
2790 1372 3074 1439 Οὐδαμῶς.
3103 1374 3253 1424 Ὧστ*
3276 1373 3363 1442 ἄρ’
3397 1373 3538 1441 ὑπὲρ
3557 1374 3893 1442 δημιουργδν
3922 1375 4039 1425 κτί-

2449 1481 2583 1533 στης
2610 1462 2851 1533 ὀνομάζῃ
2882 1464 2975 1516 καὶ
3004 1465 3259 1533 τεχνίτης
3282 1464 3561 1535 κηρύττῃ;
3588 1465 3695 1517 Καὶ
3730 1468 3885 1526 ποῖος
3920 1466 4036 1515 κτί-

2450 1576 2582 1627 στης
2604 1557 2773 1627 χωρὶς
2803 1556 3056 1627 θεμελίου
3090 1557 3182 1609 ἐπὶ
3223 1557 3497 1625 μηδεμιᾶς
3519 1556 3680 1627 ἕδρας
3709 1558 3907 1622 κτίζει,
3948 1559 4039 1609 καί

2449 1652 2509 1702 τ’)
2543 1649 2883 1719 βραχύτατον
2906 1648 3057 1713 γοῦν,
3082 1649 3158 1711 ῶς
3184 1648 3247 1700 σύ
3280 1666 3364 1715 γε,
3394 1648 3664 1709 Δέσποτα,
3684 1650 3782 1719 τὴν
3815 1649 4040 1717 τοσήνδε

2451 1743 2555 1809 γῆν
2586 1740 2726 1811 μετὰ
2754 1741 2986 1794 τοσῶνδε
3018 1740 3191 1809 ὀρέων
3216 1740 3407 1809 αὐτῆς,
3437 1741 3531 1792 καὶ
3562 1740 3749 1794 λίθων.
3785 1739 3887 1793 καὶ
3910 1739 4042 1808 ὕλης

2454 1835 2689 1900 ἀλλοίας,
2720 1832 2988 1902 θεμελιῶν
3015 1833 3187 1902 αὐτὴν
3207 1833 3296 1884 ἐπ’
3321 1831 3557 1896 οὐδενὸς,
3590 1832 3684 1886 καὶ
3707 1847 3905 1898 ταυτα,
3923 1850 4042 1885 τοσ-

2453 1928 2606 1980 οῦτον
2632 1926 2895 1996 ἀσφαλῶς
2916 1944 2930 1991 ;
2954 1926 3025 1977 Ἦ
3048 1927 3197 1987 ποῖος
3220 1923 3469 1995 τεχνίτης
3501 1926 3566 1977 ὲκ
3604 1923 3830 1994 μηδαμῆ
3870 1926 4043 1994 μηὸαο

2458 2020 2574 2089 μῶς
2614 2021 2786 2075 ὅντων
2820 2020 3082 2088 παράγει,
3129 2018 3223 2071 καί
3255 2016 3431 2070 ταῦτα
3460 2018 3643 2088 ἀκαρῇ
3697 2017 3840 2070 κατά
3881 2016 4043 2086 λόγον

2456 2118 2638 2188 ἡλίκα,
2655 2110 2747 2168 οἷα
2773 2114 2843 2166 τά
2872 2112 3129 2182 τεχνητὰ,
3152 2109 3340 2180 ῶσπερ
3372 2109 3641 2180 παράγεις
3677 2111 3741 2164 σύ
3767 2106 3953 2179 ςτΑρά
3981 2129 4042 2178 γε

2456 2208 2701 2272 κτίστου,
2733 2207 2767 2277 ἢ
2794 2204 3040 2274 τεχνίτου
3072 2204 3139 2258 τά
3172 2204 3239 2257 σά
3260 2220 3343 2265 τις
3376 2201 3660 2267 εἰπὼν,τὰ
3685 2204 3876 2257 εἰκότα
3902 2206 4042 2274 ipsi;

2460 2305 2701 2356 Ἶικιστα
2730 2300 2951 2353 πάντων
2984 2298 3222 2363 ἀληθῶς.
3255 2296 3467 2351 Οὐκοῦν
3501 2297 3645 2367 ὑπὲρ
3674 2298 3907 2368 κτίστην
3954 2299 4048 2350 καὶ

2459 2399 2713 2466 τεχνίτην
2748 2394 2928 2462 πολλῷ
2958 2391 3036 2462 τῷ
3064 2391 3279 2461 ἀπείρῳ
3331 2393 3620 2461 τυγχάνεις
3663 2390 3761 2455 ῶν,
3798 2392 3828 2443 ὁ
3876 2391 4045 2453 6:6;-

2463 2494 2614 2543 ποῖον
2654 2482 2793 2550 εἶδος
2823 2486 3044 2555 ἀγάπης
3078 2484 3232 2548 ποτὲ,
3297 2484 3391 2535 καὶ
3415 2484 3449 2554 ἢ
3478 2482 3679 2537 εἰδέναι
3705 2501 3791 2546 τις
3818 2485 3934 2553 ἔχοι
3958 2482 4046 2544 ἂν,

2464 2584 2495 2651 ἢ
2532 2580 2791 2643 ἀκοῦσαι,
2825 2578 2860 2648 ἦ
2891 2576 3228 2637 ἀναπλάσαι,
3262 2576 3355 2629 καὶ
3386 2575 3641 2629 ὁπωσοῦν
3672 2575 3826 2644 γοῦν,
3860 2576 4047 2631 ὁποῖον

2466 2678 2498 2743 ὴ
2533 2670 2961 2741 πανθαύμαστὸς
3016 2687 3109 2722 σου
3162 2668 3464 2738 χρηστότης
3507 2668 3647 2737 μετά
3680 2669 3886 2737 σφόδρα
3919 2687 4053 2737 σφο-

2470 2766 2614 2837 δρῶν
2634 2765 2742 2817 τῶν
2763 2761 3122 2831 διακειμένων
3149 2761 3385 2829 δέὂειχεν
3418 2762 3549 2829 ἡμῖν
3579 2761 3637 2813 ἐν
3658 2764 3722 2830 τῇ
3756 2760 3882 2812 καθ’
3906 2764 4057 2831 ἡμεῖς

2470 2856 2775 2931 προσλήψει
2808 2854 2949 2906 πάνυ
2980 2869 3064 2905 τοι
3100 2852 3220 2905 λίαν
3253 2851 3654 2921 φιλανθρώπως
3700 2854 3842 2922 ὑπὲρ
3875 2854 4057 2917 πάσας

2469 2950 2691 3011 ἐλπίδας
2712 2947 2925 3015 ;”Οπερ
2954 2944 3224 3015 δήπουθεν
3258 2942 3613 3011 θεωροῦντες,
3638 2939 3717 3006 οἷς
3745 2945 3804 2995 τὸ
3825 2944 4061 3013 θεωρεῖν

2471 3042 2647 3105 ἔξεστι
2699 3038 2791 3091 διὰ
2838 3037 3080 3107 χάριτος,
3132 3038 3212 3098 εἰς
3270 3036 3468 3104 ἀχανὲς
3513 3035 3746 3087 εἰσίασιν
3791 3038 4061 3103 ἄντικρυς

2471 3139 2696 3205 ἀγάπης
2744 3135 2839 3187 καὶ
2870 3132 3125 3203 προνοίας
3169 3128 3493 3195 ﬂevere/mou
3550 3129 3807 3194 πέλαγος,
3844 3130 3945 3181 καὶ
3976 3147 4063 3195 γι-

800 3242 963 3297 valde
1001 3252 1235 3297 mentem
1268 3251 1322 3297 et
1366 3243 1633 3297 rationem
1667 3253 1715 3297 et
1768 3259 1987 3297 omnem
2027 3246 2275 3299 auditum
2328 3256 2375 3301 et
2407 3249 2485 3310 ρ’

2407 3228 2751 3310 ργνομένως
2785 3226 2892 3290 ἕξω
2923 3222 3137 3276 ἑαυτῶν
3169 3221 3481 3288 γίγνονται,
3516 3221 3655 3288 μετά
3705 3222 4062 3291 δριμυτάτων

799 3337 1189 3406 cogitationem
1224 3345 1329 3390 ture
1360 3335 1761 3390 lncarnationis
1791 3338 2044 3407 mysteria
2069 3376 2084 3399 ,
2114 3354 2147 3390 o
2176 3340 2382 3407 optime

803 3428 980 3481 Dens!
1015 3426 1272 3482 Omnium
1307 3438 1459 3495 pater
1492 3443 1553 3485 es
1587 3438 1641 3482 et
1690 3430 2016 3485 nominaris.
2051 3430 2155 3483 Sed
2185 3432 2380 3485 ineﬂ'a-

800 3520 983 3573 biliter
1016 3535 1232 3575 omnem
1274 3520 1573 3588 quamlibet
1612 3523 1996 3588 paternitatem
2043 3537 2292 3589 superas,
2329 3534 2383 3577 et

800 3628 964 3665 causa
998 3623 1045 3665 et
1078 3615 1337 3681 patientia
1373 3625 1424 3665 et
1456 3613 1827 3666 sollicitudine.
1845 3623 1899 3668 et
1922 3614 2158 3669 consilio
2184 3626 2235 3671 et
2269 3632 2384 3670 ma-

801 3705 1161 3767 gnanimitate
1195 3714 1249 3758 et
1286 3706 1567 3773 patientia.
1612 3703 1725 3758 Rex
1761 3707 2090 3761 nominaris.
2132 3707 2238 3761 Sed
2276 3727 2381 3763 non

803 3798 1061 3864 praesenti
1094 3806 1342 3865 tempore
1384 3799 1578 3865 magis,
1608 3798 1661 3850 in
1707 3797 1955 3853 futurum
2002 3816 2131 3855 vero
2180 3803 2383 3867 minus,

804 3901 982 3954 neque
1003 3886 1115 3954 jam
1167 3902 1263 3955 pro
1297 3896 1541 3953 tempore
1573 3890 1849 3956 prmterito
1891 3906 1904 3941 :
1937 3890 2034 3944 sed
2066 3892 2386 3959 quomodo?

806 3975 1002 4029 Mirum
1039 3978 1091 4029 in
1124 3979 1367 4039 modum.
1406 3980 1658 4032 absolute
1688 3993 1751 4032 ac
1773 3980 2116 4049 simpliciter.
2140 3981 2383 4052 Regnum

804 4069 950 4120 cnim
986 4081 1160 4129 tuum,
1205 4083 1432 4135 regnum
1470 4069 1714 4123 omnium
1750 4071 2099 4135 sazt‘ulorum,
2134 4081 2186 4126 et
2216 4088 2386 4138 nunc,

806 4171 857 4213 et
903 4162 1179 4228 prieterito
1210 4168 1452 4227 tempore
1495 4176 1559 4215 ac
1606 4161 1829 4228 futuro;
1864 4169 1916 4217 et
1944 4163 2245 4217 dominatio
2294 4172 2387 4219 tua

811 4256 864 4307 in
898 4256 1047 4306 omni
1077 4255 1428 4321 generatione
1457 4265 1512 4308 et
1541 4256 1917 4323 generatione.
1941 4253 2015 4309 Ita
2050 4256 2107 4310 in
2132 4259 2389 4312 omnibus

812 4346 1137 4413 simpliciter
1203 4330 1299 4412 per
1343 4346 1529 4399 omnia
1586 4345 1800 4400 inﬁnite
1846 4357 2072 4417 praestas
2123 4351 2389 4413 absolute,

812 4453 1026 4489 onmem
1061 4437 1472 4505 cogitationem,
1506 4446 1563 4492 ut
1600 4437 1840 4492 breviter
1874 4437 2050 4493 dicam
2074 4479 2090 4503 ,
2138 4441 2303 4497 nimis
2339 4453 2395 4496 et

818 4532 1054 4595 inﬁnite,
1102 4531 1608 4599 incomparabiliter
1639 4534 1918 4598 excelsus,
1951 4545 2005 4589 et
2042 4544 2123 4597 tu,
2183 4537 2390 4590 incom-

2475 3322 2696 3395 ὲρὼτων
2727 3317 3056 3386 κατάλληλα,
3087 3316 3184 3367 καὶ
3236 3318 3302 3366 τα
3346 3312 3445 3381 τῆς
3490 3312 3808 3383 οἰκονομίας
3839 3316 4065 3375 οἰκείως

2476 3412 2740 3482 ὀνομάσαι
2761 3408 2964 3477 ταύτης
2984 3405 3062 3476 τῷ
3079 3405 3193 3456 ὄντι
3222 3403 3322 3456 οὐκ
3353 3406 3534 3457 ίσασιν
3558 3420 3571 3433 ·
3598 3403 3933 3472 ὑπερϐάλλει
3957 3404 4066 3472 γάρ

2479 3513 2543 3563 ὲκ
2582 3507 2836 3560 πλείστου
2866 3502 2962 3557 τοῦ
2997 3500 3301 3570 περιόντος,
3328 3498 3424 3550 καὶ
3456 3498 3602 3559 νοῦν,
3642 3498 3736 3550 καὶ
3761 3496 3947 3562 λόγον,
3974 3500 4071 3549 καὶ

2482 3602 2663 3654 πᾶσαν
2698 3597 2891 3665 ἀκοὴν,
2935 3596 3031 3648 καὶ
3056 3592 3299 3645 διάνοιαν
3330 3589 3400 3642 τὰ
3446 3591 3546 3658 τῆς
3592 3587 4069 3655 ὲνανθρωπήσεώς

2484 3710 2599 3753 σου,
2635 3690 2739 3742 Gai;
2790 3684 3130 3756 ύπεράγαθε,
3161 3682 3508 3751 διακείμενα.
3538 3678 3728 3748 Πατὴρ
3761 3679 3992 3730 πάντων
4024 3675 4071 3730 εἷ

2482 3785 2579 3838 καὶ
2639 3781 2814 3851 καλῇ;
2876 3778 3016 3832 ’Δλλ⁹
3075 3777 3299 3844 ἀφάτως
3373 3769 3723 3841 πατροσύνην
3773 3769 4072 3822 ὁποιανοῦν

2486 3859 2921 3944 ύπερέχειςξκαὶ
2951 3868 3121 3939 αἰτίᾳ,
3164 3868 3258 3921 καὶ
3312 3863 3555 3933 ἐξουσίᾳ,
3586 3861 3682 3914 καὶ
3728 3860 4072 3930 προμηθείᾳ,

2486 3969 2583 4023 καὶ
2604 3964 2878 4034 νουθεσίᾳ,
2912 3963 3008 4015 καὶ
3037 3957 3391 4031 μακροθυμίᾳ
3412 3996 3428 4020 ,
3456 3957 3551 4008 καὶ
3577 3953 3766 4020 ἀνοχῇ.
3800 3950 4073 4010 Βασιλεὺς

2486 4064 2764 4136 ὀνομάζεις
2829 4058 2970 4113 Ἀλλ’
3016 4055 3213 4109 οὔκουν
3250 4053 3392 4108 κατά
3434 4051 3499 4104 τὺ
3549 4048 3783 4111 ἐνεστὼς
3839 4046 4071 4116 μᾶλλον,

2487 4152 2650 4227 ἦττον
2679 4154 2737 4207 δὲ
2756 4151 2817 4203 τὸ
2845 4149 3058 4220 μέλλον,
3091 4146 3200 4199 οὐδ’
3233 4141 3539 4195 ὁπωστιοῦν
3583 4138 3769 4207 μέντοι
3836 4137 3991 4188 κατὰ
4018 4139 4075 4186 τὸ

2493 4244 2887 4317 παρεληλυθός.
2927 4242 3089 4295 Ἀλλὰ
3132 4239 3285 4302 urbe;
3344 4232 3708 4301 Θαυμαστῶς,
3756 4229 4075 4287 ἀπολύτως,

2495 4343 2590 4395 καὶ
2623 4339 2829 4401 ἁπλῶς.
2868 4335 2931 4388 Ἦ
2964 4332 3205 4403 βασιλεία
3259 4333 3367 4399 γάρ
3416 4345 3509 4380 σου
3555 4322 3805 4394 βασιλεία
3855 4321 4079 4374 πάντων

2496 4436 2603 4488 τῶν
2628 4431 2839 4486 αἰώνων
2867 4425 3230 4498 ὁμοθυμαδὸν,
3261 4423 3458 4491 ἐπίσης
3481 4416 3799 4478 ἐνεστῶτος.
3834 4414 4082 4483 παρελη-

2498 4528 2739 4588 λυθότος,
2775 4524 3079 4593 μέλλοντος,
3132 4520 3228 4571 καὶ
3276 4519 3310 4587 ὴ
3360 4512 3648 4567 δεσποτεία
3683 4527 3776 4563 σου
3824 4510 3885 4561 ὲν
3934 4507 4086 4574 πάσῃ

815 4623 1199 4692 prehensibilis
1221 4622 1449 4678 Domine
1471 4632 1525 4679 et
1545 4639 1606 4679 ea
1626 4640 1746 4693 quae
1768 4630 1977 4680 circum
2008 4635 2061 4681 te
2083 4636 2235 4682 sunt.
2256 4627 2390 4694 Qua:
2422 4654 2469 4707 ι)

2422 4654 2469 4707 ιι)
2500 4620 2664 4689 γενεᾷ
2690 4618 2784 4669 καὶ
2810 4616 2988 4686 γενεᾷ..
3025 4613 3216 4673 Οῦτως
3264 4611 3323 4663 ὲν
3367 4610 3532 4661 πᾶσιν
3565 4601 3909 4707 ἁπαξαπλῶς
3948 4602 4089 4707 κατα

816 4716 1112 4787 imaginata
1163 4733 1319 4771 mens
1368 4728 1456 4770 tua
1501 4720 1841 4775 accessibilis
1870 4722 2101 4778 visionis
2134 4725 2392 4780 introdu-

819 4806 1058 4859 ctionem
1095 4806 1254 4860 habet
1288 4818 1341 4860 et
1378 4805 1618 4877 Spiritus
1667 4812 1840 4864 sancti
1895 4812 2258 4882 inspiratione
2290 4818 2393 4870 ad-

818 4900 932 4965 juta
964 4899 1016 4950 in
1044 4901 1313 4969 .mysticas
1341 4901 1593 4956 tenebras
1628 4902 1838 4967 introit,
1872 4906 2114 4961 nondum
2154 4906 2398 4975 perfecte

826 4990 1015 5043 videre
1047 4998 1100 5043 te
1141 4992 1348 5057 valens,
1383 5001 1611 5062 propter
1655 5002 1801 5048 tuam
1837 4996 2108 5051 inﬁnitam
2154 5008 2209 5053 et
2247 5000 2399 5054 inac-

822 5096 1035 5137 cessam
1089 5082 1338 5151 gloriam.
1386 5082 1499 5138 Hoc
1555 5085 1717 5141 modo
1766 5090 2172 5155 supernaturali
2210 5091 2397 5161 quiete

824 5176 1261 5244 contemplantes
1298 5174 1637 5231 ineli‘abiliter
1665 5194 1880 5236 recreas
1909 5190 1967 5235 et
2008 5183 2143 5237 mire
2171 5199 2268 5241 eos
2306 5186 2399 5255 qui

828 5274 881 5319 te
917 5266 1165 5335 diligunt.
1216 5283 1323 5321 non
1370 5283 1465 5322 eos
1501 5271 1810 5338 perﬁciens.
1864 5274 1973 5327 nisi
2019 5286 2285 5341 quantum
2350 5289 2401 5334 te

828 5360 1120 5426 aSpiciunt.
1149 5356 1300 5412 Unde
1327 5361 1509 5415 divina
1545 5378 1608 5417 ac
1642 5368 2051 5432 supernaturali
2084 5370 2274 5435 requie
2296 5384 2393 5422 eos

830 5451 1033 5513 reﬁcis,
1060 5467 1092 5504 ο
1118 5449 1428 5515 inell‘abilis,
1457 5453 1845 5522 incogitabilis,
1896 5457 2402 5528 incircumscripte,

829 5543 1423 5611 incomprehensibilis,
1448 5554 1522 5609 et,
1552 5561 1659 5598 uno
1688 5548 1852 5601 verbo
1875 5548 2185 5603 substantia
2212 5561 2265 5603 et
2288 5550 2401 5603 elﬁ-

829 5636 979 5694 cacia
1022 5634 1255 5687 inliuite.
1295 5634 1488 5687 Amen.

2504 4713 2681 4765 πάντα
2721 4707 2969 4777 ἀπείροις
3037 4704 3263 4773 μέτροις
3317 4700 3666 4769 ὑπέρκειται,
3722 4693 3939 4756 ἁπλῶς,
3999 4690 4093 4743 καὶ

2504 4800 2789 4859 ἀπολύτως
2847 4797 3028 4863 πάσης
3094 4790 3397 4862 περινοίας.
3449 4786 3518 4841 ἶν’
3571 4787 3713 4839 εἴπω
3762 4782 4093 4853 causam,

2508 4890 2822 4961 ἐφαμίλλως
2879 4888 3000 4940 λίαν
3043 4886 3137 4938 καὶ
3180 4882 3423 4950 ἀπείρως
3448 4873 3972 4947 ὑπερεξῃρημὲνος,
4004 4871 4095 4924 καὶ

2512 4986 2599 5045 σῦ,
2642 4978 2998 5047 ἀκατάληπτε
3025 4975 3220 5045 Κύριε,
3255 4971 3351 5025 καὶ
3382 4969 3453 5023 τὰ
3490 4967 3623 5037 περὶ⁸
3669 4965 3765 5018 σί·
3822 4964 3860 5016 ἃ
3892 4980 4103 5032 φαντί-ιο

2515 5073 2801 5144 σιούμενος
2845 5066 3067 5135 ὁπωσδὴ
3108 5063 3239 5126 ,νοῦς
3275 5059 3639 5131 ψυχαγωγίαν
3695 5056 3811 5125 ἔχει
3850 5055 3955 5122 τῆς
4006 5055 4106 5120 ις-

2518 5168 2676 5235 ικτῆς
2700 5181 2794 5217 σου
2819 5162 3085 5230 ὁράσεως,
3102 5155 3199 5210 καὶ
3219 5155 3357 5216 ὅλως
3393 5152 3532 5223 μετὰ
3559 5150 3660 5218 τῆς
3688 5146 3986 5209 ἐπιπνοίας
4010 5144 4103 5198 τοῦ

2518 5258 2833 5326 ΙΙνεύματος
2885 5249 3146 5320 γεγονὼς,
3174 5248 3248 5309 ὡς
3282 5247 3362 5308 εἰς
3394 5243 3594 5312 γνόφον
3649 5238 3890 5294 είσδύνει
3924 5254 4110 5307 μυστι-

2514 5352 2631 5415 κὸν,
2666 5350 2806 5419 μήτε
2834 5343 3058 5404 τελείως
3098 5341 3237 5410 ἔχων
3277 5340 3411 5407 ὁρᾷν
3472 5352 3533 5388 σε
3566 5332 3653 5386 διὰ
3700 5331 3762 5384 τὸ
3814 5332 3919 5398 τῆς
3950 5330 4107 5394 δὸξτις

2518 5438 2744 5510 ἄπειρον
2771 5440 2864 5493 καὶ
2889 5436 3185 5505 ἀπρόσιτον
3208 5449 3220 5461 ο
3248 5431 3308 5495 ἐξ
3337 5423 3399 5483 οῦ
3422 5445 3485 5495 γε
3508 5426 3714 5497 τρόπον
3741 5420 4109 5491 ὑπερκοσμίῳ

2522 5529 2869 5585 καταπαύσει
2912 5521 3253 5582 καταπαύεις
3284 5519 3543 5588 ἀρρήτως
3584 5515 3711 5575 τοὺς
3738 5512 4107 5581 θεωροῦντας,

2523 5624 2621 5675 καὶ
2644 5621 2710 5689 δὴ
2742 5618 3030 5689 φιλοῦντάς
3060 5632 3119 5667 σε
3145 5610 3482 5681 θαυμαστῶς
3502 5648 3517 5671 ,
3554 5609 3692 5678 μήτε
3735 5606 3980 5675 πάμπαν
4008 5620 4113 5671 χω·

835 5727 917 5795 ρὶς
946 5725 1039 5776 τοῦ
1088 5727 1219 5794 ὁρᾷν
1271 5740 1329 5777 σε
1364 5720 1566 5772 τελῶνο
1624 5719 1746 5773 ὅθεν
1777 5716 2086 5773 ἀνάπαυσιν
2132 5714 2284 5767 θείαν
2328 5717 2425 5768 καὶ
2455 5715 2716 5785 ὑπερφυᾶ
2766 5708 2925 5772 αὖθις
3001 5702 3309 5764 ἀναπαύεις
3356 5699 3579 5795 αὗῖοξθςν
3621 5698 3860 5795 ἇρῤητο,
3914 5699 4111 5751 ἀνεπι-

834 5822 1019 5883 νόητε,
1052 5820 1447 5887 ἀνερίγραπτε,
1482 5814 1843 5882 ἀπερίληπτε,
1900 5811 1997 5864 καὶ
2033 5807 2320 5873 ξυνελόντα
2372 5807 2568 5867 εἰπεῖν,
2616 5807 2980 5873 παντάπειρε,

834 5913 1073 5980 έργειαν.
1118 5911 1313 5980 Ἀμήν.

911 6000 996 6054 ‘12.
1026 5999 1254 6064 Quando
1285 6010 1437 6051 mens
1469 5995 1627 6066 longe
1652 6010 1679 6050 a
1714 5995 2100 6065 cogitationum
2126 5995 2409 6060 varietate,

3061 5797 3161 5867 τὴν
3190 5797 3382 5850 οὐσίαν
3433 5793 3702 5864 δηλονότι,
3740 5792 3840 5845 καὶ
3893 5795 3993 5858 τὴν
4024 5795 4109 5843 ἂν·

2601 5985 2696 6057 οβ’,
2742 5984 2910 6036 Ὅταν
2940 5983 2971 6037 ὁ
3001 5981 3123 6043 νοῦς
3153 5978 3341 6047 πόρρω
3377 5972 3664 6032 πολυνοίας
3719 5970 3975 6040 γένηται,
4022 5971 4110 6031 τάς
