4266 6450
301 441 410 506 90')

304 547 340 611 ἡ
373 544 636 605 άνάτασις
669 542 846 594 εἰπεῖν
872 541 1219 609 οἰκειότερον,
1274 540 1521 603 ἐξέλιπεν
1549 540 1646 594 οὐκ
1672 537 1892 590 ἀπειχό-

304 654 436 694 τως,
489 637 585 686 καὶ
638 637 717 696 είς
776 633 938 703 βάθος
969 635 1176 703 ἥκομεν
1214 633 1407 685 οὔκουν
1439 632 1658 698 μετρίου
1697 628 1890 688 κακηῦ,

305 729 401 779 καὶ
431 728 499 778 τά
529 727 679 778 κάτω
732 727 782 777 οἱ
815 725 950 777 θεοῦ
982 726 1214 785 εἰκόνος,
1270 724 1362 776 καὶ
1394 722 1490 791 τῆς
1518 722 1631 775 ἄνω
1654 721 1890 788 διαίτης,

304 820 399 874 καὶ
457 818 713 888 οὐρανίου
745 817 980 880 ἐπάξιοι,
1042 817 1293 885 aest-6‘20»;
1348 818 1562 885 φρονεῖν
1607 814 1888 879 εἱλόμεθα.

313 898 539 966 Ἐπειδὴ
574 897 630 949 δὲ
657 898 756 949 οὐκ
788 896 1084 967 ἄτρεπτον.
1134 900 1256 951 οὺδέ
1307 918 1366 968 γε
1418 903 1524 969 μὴν
1579 901 1794 965 ἁκλινὲς
1828 902 1888 954 τὸ

296 991 594 1056 ἡμέτερον,
624 990 801 1053 ἔξεστι
835 991 1054 1053 πάντως
1086 994 1178 1044 καὶ
1207 993 1364 1046 τοῦτο
1413 995 1673 1060 εὐλόγως,
1700 995 1889 1064 ὥσπερ

298 1082 409 1131 ἀπο
441 1082 540 1148 τῆς
577 1081 903 1148 παμπόλλου
931 1075 1090 1149 δόξης
1119 1083 1331 1152 ἐκείνης
1369 1086 1445 1144 εἰς
1483 1085 1581 1154 τὴν
1613 1086 1888 1138 ἀπωτάτω

297 1173 521 1236 ἀδοξίαν
559 1173 826 1242 σχετλίως
859 1173 1370 1244 κατωλισθήσαμεν,
1429 1176 1888 1247 παλινδρομῆσαι,

297 1265 395 1314 καὶ
440 1265 759 1322 ἀνανεῦσαι.
799 1267 894 1319 καὶ
948 1267 1111 1319 πάλιν
1145 1267 1271 1319 ἰδεῖν
1304 1269 1364 1321 τὸ
1396 1270 1489 1321 τοῦ
1536 1270 1672 1322 Θεοῦ
1729 1270 1891 1322 056a—

296 1357 610 1426 σμιιῖηατον
648 1358 936 1426 πρόσωπον
956 1377 966 1387 ·
1003 1359 1270 1428 οὐμενοῦν
1287 1362 1361 1422 ὡς
1384 1362 1443 1413 τὸ
1476 1363 1604 1430 πρὶν
1632 1362 1888 1415 τοσοῦτον

293 1449 552 1514 ἔγγιστα,
617 1451 867 1516 μέντοιγε
907 1451 1263 1520 πορρωτέρω,
1313 1452 1406 1504 καὶ
1455 1451 1582 1504 ἰδεῖν
1643 1454 1737 1504 καὶ
1790 1453 1885 1506 τοῦ

297 1543 540 1605 κάλλους
596 1543 761 1595 αὑτοῦ
821 1543 1016 1596 παθεῖν
1045 1546 1144 1612 τὴν
1180 1545 1563 1615 λαμπρότητα.
1595 1547 1887 1616 Τοιγάρτοι

293 1639 392 1688 καὶ
422 1629 632 1704 ’Μωσῆς
658 1639 685 1687 6
717 1635 1014 1699 θειότατος,
1052 1640 1145 1689 καὶ
1176 1626 1421 1690 ἁπασοῦν
1469 1642 1496 1692 ὁ
1534 1641 1642 1692 τῶν
1675 1657 1889 1710 προφη·

296 1730 409 1780 τιῗν
449 1730 771 1795 κατάλογος,
810 1731 903 1783 καὶ
929 1731 976 1781 οί
1006 1731 1111 1799 πρὸ
1141 1731 1347 1782 τούτων
1377 1749 1439 1797 γε
1483 1735 1612 1801 μὴν,
1639 1733 1935 1833 ἈδραάμΒ

294 1814 546 1889 δηλονότι
582 1824 675 1874 καὶ
703 1824 752 1873 οἱ
795 1825 913 1874 κατ’
943 1825 1128 1888 αὐτὸν,
1182 1821 1319 1876 εἶδον
1346 1825 1420 1886 ὡς
1459 1825 1682 1891 ἐφικτὸν
1709 1825 1886 1889 τοῦτο,

294 1917 392 1966 καὶ
447 1915 570 1966 λίαν
621 1915 860 1984 τρανῶς,
910 1918 1004 1967 καὶ
1045 1918 1142 1983 τὴν
1193 1916 1252 1980 ἐξ
1283 1916 1491 1968 ἐκείνου
1520 1917 1612 1969 τοῦ
1659 1919 1887 1978 κάλλους

293 2007 538 2073 ἀγλαΐαν
603 2007 923 2076 ἐτρύφησαν
976 2006 1367 2078 ἀποχρώντως,
1406 2009 1501 2061 καὶ
1563 2011 1667 2077 μέν
1702 2027 1762 2074 γε
1794 2010 1888 2062 καὶ

295 2100 673 2165 ἐκπλαγέντες
707 2101 770 2168 τῇ
804 2099 1086 2169 ἀπροσίτῳ
1121 2099 1248 2172 δόξῃ
1293 2101 1458 2152 αὑτοῦ
1483 2117 1495 2129 ’
1539 2103 1587 2152 οἱ
1615 2102 1712 2168 μὲν
1748 2102 1886 2166 σῳᾶς

291 2192 497 2253 αὐτοὺς
533 2190 915 2252 τεταλάνικαν,
970 2194 1017 2243 oi
1050 2191 1105 2242 δὲ
1140 2191 1245 2258 γῆν
1290 2193 1516 2253 ἑαυτοὺς
1551 2193 1643 2244 καὶ
1695 2192 1886 2243 σποδῦν

290 2283 560 2352 ἐνόμισαν
594 2285 688 2336 καὶ
721 2283 1010 2346 ἐκάλεσαν,
1059 2283 1239 2353 ἕτεροι
1289 2283 1344 2338 δὲ
1396 2283 1515 2335 οὐδὲ
1570 2285 1728 2352 χᾶναι
1758 2284 1886 2349 γοῦν

292 2379 556 2437 ἴσχυσαν,
617 2378 680 2446 τῇ
715 2377 812 2444 τῆς
845 2375 938 2428 τοῦ
995 2376 1365 2445 θεωρηθέντος
1394 2374 1550 2444 δόξης
1586 2377 1882 2446 ὑπερόολῇ.

291 2464 431 2520 Τότε
448 2487 510 2536 γε
538 2467 918 2535 ἱσχνοιρωνίαν,
941 2469 1034 2519 καὶ
1061 2466 1505 2536 βραδυγλωττίαν
1533 2474 1882 2534 κατέγνωσαν

290 2563 532 2618 ἑαυτῶν,
570 2561 666 2613 καὶ
701 2561 846 2627 ἕτερ’
875 2561 1011 2613 ἄττα
1045 2554 1294 2620 πλεῖστα,
1337 2558 1431 2612 καὶ
1458 2559 1703 2628 μακάρια
1735 2560 1880 2629 πάθη

296 2654 641 2706 πεπόνθασιν
682 2651 941 2708 εὐκλεῶς.

383 2744 665 2798 Ἐντεῦθεν
708 2744 845 2812 δῆτα
893 2744 987 2794 καὶ
1019 2742 1185 2796 Δαΰὶδ
1213 2744 1240 2794 6
1271 2742 1556 2806 Θεσπέσιος
1594 2744 1877 2812 {innodas-

290 2855 383 2898 νος
411 2837 514 2902 τῆς
545 2836 742 2904 αἴγλης
774 2834 867 2887 τοῦ
900 2834 1129 2895 κάλλους
1161 2833 1256 2886 τοῦ
1301 2833 1591 2904 προσώπου
1647 2835 1876 2904 Κυρίου,

290 2931 396 2998 βοᾷ
427 2928 564 2997 πρὸς
598 2927 734 2979 Θεὸν
759 2928 1125 2992 ποτνιώμενος
1151 2941 1164 2954 ·
1201 2945 1217 2976 ι
1257 2926 1394 2978 Πότε
1421 2927 1555 2996 ἥξω,
1590 2928 1683 2979 καὶ
1713 2926 1878 2995 ὀφθή-

287 3038 462 3088 σομαι
494 3020 570 3089 τῷ
599 3018 880 3088 προσώπῳ
905 3017 998 3070 τοῦ
1027 3018 1162 3070 Θεοῦ
1193 3035 1334 3086 μους
1365 3037 1382 3069 ι
1423 3020 1532 3071 Καὶ
1560 3019 1661 3086 μέν
1680 3037 1756 3084 πη
1779 3021 1875 3086 τὴν

1435 410 1535 470 ιλιι
1580 407 1752 468 VITA
1794 406 2332 469 CONTEMPLATI
2348 412 2465 471 νΑ.

3445 415 3550 480 910

1981 523 2148 575 timus
2185 540 2199 588 ;
2231 533 2285 574 et
2331 526 2422 592 qui
2461 526 2722 591 imagines
2753 525 2840 581 Dei
2871 539 3090 579 eramus
3145 541 3453 597 etsnperna
3485 547 3549 584 ac

1972 616 2184 670 (διειπειί
2243 620 2347 670 Vill
2419 619 2588 684 digni,
2653 619 2916 672 inferiora
2973 623 3257 675 dementer
3305 624 3548 690 cogitare

1973 711 2394 775 praetulerimus.
2423 711 2690 776 Quoniam
2719 723 2896 766 autem
2950 729 3058 767 non
3103 716 3543 769 inconvertihilt-s

1972 811 2068 853 aut
2096 802 2418 856 intlexihilcs
2451 820 2665 869 sumus,
2696 805 2920 858 omnino
2965 806 3090 860 licet
3127 817 3180 860 et
3211 817 3294 861 est
3350 810 3544 861 raiimi

1971 906 2508 962 consentanenmut,
2563 897 3022 965 quemadmodum
3078 913 3106 951 a
3169 900 3400 968 plurima
3458 900 3546 953 il.a

1969 989 2138 1058 gloria
2177 989 2229 1042 in
2257 999 2459 1042 tantam
2525 989 2880 1057 ignominiam
2936 989 3143 1058 delapsi
3175 1007 3387 1053 sumus,
3425 1007 3546 1043 rur-

1971 1093 2090 1131 sum
2122 1094 2413 1133 curramus
2433 1090 2486 1132 et
2511 1093 2731 1132 sursum
2761 1081 3068 1141 tendamus.
3100 1090 3154 1133 et
3177 1082 3538 1134 venerahih-m

1972 1168 2064 1222 Dei
2118 1172 2323 1224 vultum
2386 1187 2604 1226 rursum
2667 1171 2990 1234 videamus;
3040 1186 3150 1224 non
3209 1174 3450 1239 quidem,
3487 1183 3544 1223 ιιι

1971 1265 2142 1331 prius,
2192 1265 2455 1330 prmime,
2487 1267 2577 1318 sed
2603 1274 2784 1317 tamen
2822 1263 3034 1332 longius
3063 1279 3159 1317 nos
3207 1279 3331 1317 cum
3367 1265 3545 1315 vidi-re

1968 1367 2182 1426 Oportet
2243 1367 2295 1411 et
2351 1357 2769 1424 pulchritudinis
2825 1356 2954 1426 Ejus
3006 1357 3347 1425 splendorem
3411 1359 3542 1424 pati.

1970 1451 2366 1504 Sanctissimus
2393 1467 2523 1505 sane
2553 1451 2640 1504 ille
2673 1450 2906 1523 Moyses,
2940 1462 2992 1504 et
3033 1451 3214 1504 omnis
3246 1452 3538 1519 prnpltt'lzt-

1971 1559 2092 1596 rum
2118 1545 2274 1606 ordo,
2305 1554 2358 1596 et
2383 1544 2476 1611 qui
2497 1553 2621 1596 ante
2649 1558 2742 1596 ρος
2773 1543 2944 1607 luere,
2995 1543 3268 1596 Abraham
3325 1555 3378 1596 et
3446 1544 3538 1595 alii

1970 1635 2130 1702 hujus
2195 1636 2478 1703 temporis,
2541 1635 2694 1686 Illum
2740 1636 2973 1697 vultum,
3020 1643 3078 1687 ut
3141 1635 3256 1688 lieri
3307 1646 3538 1701 poterat,

1972 1729 2244 1792 videmnt,
2283 1742 2332 1779 et
2369 1728 2587 1794 quidem
2621 1728 2791 1787 clare,
2843 1739 2893 1779 et
2926 1728 3071 1780 illius
3121 1729 3543 1796 pulchritmlinis

1965 1819 2253 1886 splendore
2276 1819 2426 1870 fruiti
2460 1828 2583 1871 sunt.
2616 1818 2974 1879 abundanter,
3004 1828 3058 1870 et
3093 1817 3371 1868 inuncet-85a
3423 1816 3543 1885 ejus

1963 1914 2133 1981 gloria
2184 1912 2421 1981 perculsi
2489 1919 2654 1977 sunt;
2717 1911 2806 1964 alii
2838 1911 3056 1978 quidem
3133 1911 3541 1977 ingemuerunt,

1966 2005 2058 2057 alii
2093 2020 2220 2056 vero
2255 2020 2312 2058 se
2346 2014 2542 2057 terram
2574 2018 2639 2056 ac
2656 2005 2891 2056 cinerem
2924 2011 3250 2071 putaverunt
3274 2019 3336 2055 ac
3366 2003 3542 2054 nomi-

1963 2107 2263 2162 naverunt;
2298 2097 2386 2150 alii
2445 2107 2622 2150 autem
2683 2112 2751 2150 ne
2800 2112 2862 2151 os
2892 2096 3107 2166 quidem
3161 2097 3373 2164 aperire
3422 2097 3537 2149 ausi

1963 2198 2114 2247 sunt.
2144 2199 2327 2243 tantus
2360 2191 2812 2258 eratapparentis
2873 2189 2963 2242 Dci
3023 2189 3207 2256 gloria:
3257 2202 3537 2242 excessus.

1963 2280 2117 2336 Tunc
2144 2298 2272 2335 sane
2309 2297 2462 2336 suam
2515 2280 2769 2350 loquendi
2825 2280 3192 2335 difﬁcultatem
3246 2295 3310 2333 ac
3343 2280 3537 2348 lingua:

1965 2377 2273 2428 tarditatem
2309 2383 2682 2444 cognoverunt
2730 2383 2783 2427 et
2818 2377 3018 2429 multos
3044 2375 3179 2428 alios
3230 2389 3294 2428 ac
3346 2376 3534 2428 beatos

1962 2483 2157 2523 sensus
2181 2469 2413 2536 gloriose
2443 2469 2589 2535 passi
2622 2480 2768 2521 sunt.

2036 2735 2187 2790 Unde
2214 2751 2346 2790 sane
2371 2745 2423 2788 et
2449 2735 2614 2788 David
2639 2735 2918 2803 propin-ta,
2958 2735 3135 2787 Vultus
3169 2734 3258 2787 Dei
3287 2736 3531 2802 puli-nrt-

1963 2828 2164 2881 tudinis
2191 2829 2529 2896 splendorem
2559 2829 2806 2895 cupiens,
2855 2827 2920 2880 ad
2961 2825 3126 2880 Deum
3192 2828 3384 2881 sitiens
3427 2829 3538 2880 cla-

1964 2934 2118 2976 mat:
2183 2942 2201 2973 ι
2243 2921 2472 2988 Quando
2504 2924 2714 2974 veniam
2752 2930 2805 2973 et
2858 2922 3128 2990 apparebo
3170 2932 3298 2976 ante
3341 2923 3533 2979 faciem

1965 3014 2058 3066 Dei
2085 3015 2184 3066 mei
2210 3012 2270 3065 7»
2307 3011 2368 3065 Et
2397 3013 2613 3081 quidem
2649 3012 2835 3066 volens
2911 3014 3095 3066 statim
3157 3015 3442 3068 ostendere
3472 3019 3527 3068 In

296 3114 402 3177 τῆς
434 3112 615 3181 ψυχῆς
645 3111 766 3163 καθ’
793 3113 859 3180 ἣν
895 3104 1076 3163 ὦπται
1111 3111 1446 3164 κατάστασιν
1478 3111 1538 3164 τὸ
1572 3112 1927 3180 πρόσωπονο
1964 3125 1981 3160 ι

1835 3122 1927 3176 ινο
1964 3125 2070 3174 quo
2098 3109 2276 3161 anima
2308 3108 2513 3162 vultum
2573 3107 2662 3159 Dei
2728 3109 2871 3161 videt
2903 3124 2916 3159 :
2957 3126 2974 3157 t
3006 3108 3337 3162 llahitabunt
3390 3107 3520 3160 recti

282 3207 383 3257 τοῦ
430 3205 638 3274 Κυρίου
697 3205 1021 3272 παραδεῖξαι
1083 3203 1501 3273 βεϐουλημένος,
1547 3225 1563 3254 ι
1604 3206 1873 3272 Κατοική-

285 3315 478 3354 σουσιν
507 3297 704 3357 εὐθεῖς,
737 3297 890 3363 φησι,
926 3297 1022 3348 σὺν
1056 3295 1134 3364 τῷ
1157 3297 1433 3366 προσώπῳ
1459 3313 1572 3349 σου.
1606 3316 1623 3346 ι
1643 3297 1749 3349 Καὶ
1773 3297 1871 3364 τήν

281 3406 346 3453 γε
386 3390 562 3456 ἰσχὺν,
593 3389 725 3455 ὅσην
747 3389 812 3456 τῇ
844 3388 989 3456 ψυχῇ
1024 3388 1323 3457 παρέχεται
1353 3386 1413 3439 τὸ
1441 3388 1534 3440 τοῦ
1571 3387 1703 3440 Θεοῦ
1733 3388 1868 3440 θεω-

282 3479 557 3548 ρούμενον
592 3481 882 3548 πρόσωπον
915 3479 1192 3547 φρονίμως
1251 3479 1631 3548 παραδεικνὺς.
1674 3498 1692 3529 ι
1738 3479 1867 3530 Ἀπ-

281 3573 772 3638 ἐέτοςσζιαςλέγει.
804 3571 863 3623 τὸ
896 3571 1186 3634 πρόσωπόν
1213 3589 1330 3629 σου.
1367 3573 1459 3624 καὶ
1483 3573 1746 3638 ἐγενήθην
1778 3589 1869 3622 τε-

277 3650 658 3718 ταραγμένος.
687 3667 704 3700 ι
730 3651 787 3702 ΕΞ
806 3651 861 3701 δὲ
879 3654 943 3721 τῇ
963 3652 1055 3703 τοῦ
1075 3653 1223 3706 θείου
1245 3660 1537 3724 προσώπου
1556 3661 1728 3712 ἀποστ
1740 3665 1877 3732 ροςῇ

283 3741 585 3806 συμϐαίνει
617 3743 643 3794 6
674 3744 933 3814 τάραχος,
965 3747 1028 3814 τῇ
1069 3745 1261 3798 τούτου
1299 3750 1576 3820 παρουσίᾳ
1631 3757 1724 3804 καὶ
1774 3757 1877 3806 ὲπ-

273 3835 412 3904 οψίᾳ
445 3833 533 3901 ἄρ’
569 3835 762 3905 εἰρήνη
798 3832 993 3889 ἕπεται
1027 3837 1372 3908 πνευματικὴ
1404 3845 1468 3910 τῇ
1507 3844 1655 3912 ψυχῇ
1707 3846 1878 3915 δώρον

270 3925 510 3978 ’τοσοῦτο
539 3925 797 3994 μέγιστον
820 3925 898 3989 ὃν,
929 3927 1005 3990 ὡς
1041 3928 1178 3995 μετά
1203 3929 1301 3999 τὴν
1331 3930 1481 3984 θείαν
1507 3935 1751 4003 ἀγάπην,
1786 3941 1877 3990 καὶ

277 4017 460 4087 χαρὰν
500 4017 888 4085 ἐπιφαίνεσθαι
933 4018 1000 4071 τὰ
1037 4019 1129 4072 τοῦ
1177 4021 1514 4091 Πνεῦματος,
1563 4028 1671 4078 εἴτε
1704 4030 1874 4098 χαρίσ-

278 4127 471 4170 σματα
523 4110 630 4179 χρὴ
680 4110 883 4178 λέγειν,
930 4111 1040 4164 εἴτε
1102 4113 1236 4181 γοῦν
1287 4117 1558 4186 καρπούς.
1616 4118 1724 4172 Καὶ
1750 4125 1874 4184 τοὺς

274 4203 460 4270 ἀγίως
492 4202 549 4253 δὲ
581 4203 1016 4268 διαζ’ὦντας,καὶ
1039 4206 1200 4267 ὁσίως
1233 4207 1288 4257 ὲν
1314 4206 1390 4276 τῷ
1421 4209 1561 4276 φωτὶ
1578 4209 1671 4262 τοῦ
1701 4227 1873 4280 προσ-

1960 3217 2080 3255 etim
2107 3201 2253 3253 vultu
2279 3209 2393 3262 tuo,
2425 3219 2445 3251 t
2489 3211 2542 3254 et
2582 3211 2838 3269 quantam
2887 3203 2992 3253 vim
3040 3202 3233 3254 anima:
3293 3202 3529 3270 pra-beat

1962 3290 2138 3344 vultus
2164 3291 2253 3344 Dei
2287 3293 2697 3360 contemplatio,
2725 3293 3002 3358 explicans
3034 3310 3047 3344 :
3075 3311 3094 3343 ι
3126 3297 3406 3357 Ανει-ιιιςιί,
3441 3296 3522 3346 in-

1957 3384 2095 3446 quit.
2137 3384 2342 3434 vultum
2371 3391 2543 3440 tuum.
2576 3393 2630 3435 et
2687 3381 2864 3436 factus
2927 3400 3046 3436 sum
3092 3389 3472 3438 t-onturlmttls.
3499 3404 3518 3437 ο

1957 3472 2010 3527 Si
2038 3486 2214 3527 autem
2250 3475 2422 3527 Divini
2456 3478 2638 3527 vultus
2680 3476 3026 3544 elongatione
3078 3478 3273 3530 accidit
3305 3490 3528 3531 contur-

1956 3569 2118 3629 hatio,
2149 3568 2298 3620 Illius
2331 3571 2615 3633 prmsentio
2641 3578 2688 3621 et
2756 3572 3212 3632 ('Ontemplatiune
3257 3573 3420 3639 igitur
3470 3575 3522 3625 in

1955 3656 2189 3710 animam
2223 3661 2368 3710 venit
2391 3674 2488 3724 pax
2545 3660 2868 3725 spiritualis.
2919 3662 3212 3712 maximum
3265 3664 3392 3715 iiltll
3428 3665 3525 3716 dn—

1953 3755 2200 3814 nnm,ita
2241 3764 2314 3813 ut,
2385 3764 2503 3816 pust
2561 3756 2797 3807 divinam
2857 3758 3138 3811 caritatem
3182 3768 3230 3809 et
3279 3758 3516 3810 ltBlilialll

1950 3859 2011 3897 ea
2071 3861 2192 3913 quze
2238 3847 2460 3912 spiritus
2498 3858 2624 3899 sunt
2707 3851 3030 3915 revelemus,
3093 3851 3205 3903 sive
3251 3859 3516 3916 Oporteat,

1949 3951 2010 3989 ea
2090 3937 2194 3989 dici
2259 3938 2611 3999 charismata,
2689 3940 2805 3992 sive
2858 3938 3088 3994 irin-tus.
3157 3941 3222 3995 Et
3280 3958 3375 3997 eos
3430 3941 3523 4012 qui

1949 4037 2136 4080 sancte
2209 4027 2419 4088 vivunt,
2473 4029 2559 4088 pie
2608 4030 2661 4081 in
2725 4031 2929 4083 lumine
3015 4033 3195 4085 vultus
3261 4034 3349 4087 Dei
3406 4050 3521 4087 am-

1949 4116 2137 4171 bulare
2191 4121 2427 4173 ostendit
2498 4138 2509 4172 :
2593 4139 2610 4170 ‹
2652 4122 2893 4184 Domine,
2944 4123 3150 4188 dicens,
3206 4125 3258 4177 in
3314 4125 3521 4179 lumine

1948 4209 2128 4263 vultus
2147 4210 2223 4262 tui
2249 4211 2622 4275 ambulabunt,
2654 4223 2703 4263 et
2730 4213 2782 4265 in
2806 4216 3024 4267 nomine
3052 4225 3144 4268 tuo
3170 4217 3521 4272 exsultabunt

270 4295 436 4346 ὡπου
466 4294 675 4363 Κυρίου
707 4295 965 4363 ἐμφαίνει
994 4298 1349 4366 πορεύεσθαι,
1392 4319 1409 4350 t
1445 4301 1642 4372 Κύριε,
1677 4303 1871 4370 λέγων,
1946 4309 1955 4352 1

1831 4322 1871 4368 ν,
1946 4309 2054 4352 tota
2088 4302 2194 4364 die,
2238 4325 2254 4352 ο
2310 4305 2410 4356 hac
2440 4319 2630 4372 nempe
2684 4304 2772 4358 die
2822 4306 3111 4368 spirituali.
3179 4309 3230 4360 in
3259 4319 3516 4377 quantum

271 4389 331 4439 ἐν
362 4387 442 4455 τῷ
474 4388 615 4452 φωτὶ
665 4384 760 4438 τοῦ
810 4404 1105 4457 προσώπου
1151 4407 1246 4441 σου
1278 4392 1656 4462 πορεύσονται,
1694 4397 1786 4449 καὶ
1816 4399 1872 4449 ὲν
1949 4392 1956 4440 Ῐ

1833 4415 1872 4449 ;ν
1949 4392 2196 4446 interiori
2228 4394 2432 4447 homini
2475 4396 2776 4460 spiritualts
2819 4409 2872 4449 et
2914 4398 3203 4454 im~lTahi|is
3236 4405 3315 4453 sol
3353 4417 3518 4469 puros

266 4480 356 4548 τῷ
391 4477 627 4548 ὀνόματί
673 4495 768 4531 σου
819 4479 1246 4546 ἀγαλλιάσονται
1277 4482 1407 4552 ὃλην
1441 4485 1540 4553 τὴν
1571 4488 1805 4559 ἡμέραν,
1848 4481 1951 4540 »οὲ

1848 4481 1921 4540 »1)
1947 4499 2008 4535 ac
2042 4486 2375 4539 viviticantes
2428 4486 2607 4539 radios
2643 4502 2776 4542 suos
2823 4490 3087 4552 immittit,
3137 4506 3199 4542 ac
3240 4495 3403 4544 menti
3437 4493 3517 4545 in-

264 4573 374 4641 τὴν
413 4572 797 4643 πνευματικὴν
828 4574 1045 4645 ἐκείνην
1073 4574 1339 4644 δηλονότι,
1376 4579 1606 4633 καθόσον
1637 4583 1872 4654 διαπέμ-
1937 4573 1949 4626 1

1829 4603 1872 4636 ι-
1937 4573 2180 4628 l'ntnlilur
2225 4577 2721 4645 supernatnralium
2780 4594 3014 4644 sensus;
3077 4594 3447 4651 qnolenipore
3485 4600 3514 4636 e

265 4680 369 4718 πει
404 4664 481 4734 τῷ
524 4664 633 4717 ἔσω
691 4665 968 4736 ἀνθρώπῳ
1000 4669 1027 4719 6
1057 4671 1246 4740 νοητὸς
1295 4673 1388 4723 καὶ
1433 4673 1671 4745 ἀρῥητος
1719 4677 1870 4747 ἥλιος
1940 4677 1950 4720 t

1829 4695 1870 4740 ,ς
1940 4677 2085 4720 terra
2128 4668 2337 4720 luililur
2372 4685 2433 4721 ac
2477 4668 2527 4720 in
2563 4672 2760 4722 (telum
2814 4676 3144 4726 transfertur
3184 4676 3359 4728 omnis
3398 4676 3514 4728 ani-

262 4756 368 4815 τὰς
420 4754 728 4823 ἀχράντους
776 4757 870 4807 καὶ
921 4756 1223 4821 ζωοποιοὺς
1272 4760 1497 4824 ἀκτῖνας
1545 4764 1732 4827 αὑτοῦ,
1775 4769 1868 4819 xai.

261 4849 674 4916 Cia;adaxatat
706 4849 783 4919 τῷ
810 4849 889 4902 νοῒ
930 4851 1037 4902 τών
1088 4852 1476 4922 ὑπερκοσμίων
1513 4858 1543 4924 ή
1575 4857 1828 4926 αἴσθησις
1850 4876 1863 4890 ⁶

259 4943 394 4995 καθ’
425 4941 486 4994 ὃν
519 4943 711 5012 καιρὸν
747 4942 965 5010 αἴρεται
994 4944 1057 4995 ἐκ
1086 4945 1182 5012 τῆς
1220 4949 1343 5016 γῆς,
1394 4949 1485 4999 καὶ
1523 4951 1602 5010 εἰς
1632 4951 1863 5020 οὐρανὸν

261 5035 630 5105 μετατίθεται
664 5036 721 5087 τὸ
751 5037 849 5104 τῆς
884 5037 1062 5104 ψυχῆς
1111 5038 1259 5091 ἆπαν
1293 5040 1656 5109 μνημόσυνον.
1701 5045 1808 5097 Καὶ
1837 5046 1864 5098 ὁ

256 5129 555 5192 ἄνθρωπος
606 5125 810 5194 χαίρει,
866 5128 959 5178 καὶ
1014 5130 1231 5197 σκιρτᾷ,
1287 5133 1379 5182 καὶ
1409 5135 1650 5196 παιᾶνας
1700 5133 1859 5204 [δηλ.

257 5218 496 5290 ὕπνους]
527 5219 597 5281 ώς
628 5220 775 5281 εἰκὸς
822 5220 969 5289 ἱστᾷ,
1002 5224 1095 5272 καὶ
1127 5223 1480 5292 εὐφραίνεται
1512 5229 1568 5278 ἐν
1600 5228 1860 5294 ἀγαλλιά-

257 5330 366 5376 σει,
407 5313 502 5364 καὶ
548 5311 762 5381 τέρψει,
791 5314 886 5364 καὶ
943 5313 1234 5383 θυμηδεία,
1292 5315 1430 5388 πόσῃ
1473 5336 1564 5379 τις
1596 5319 1660 5372 ἂν
1692 5321 1857 5393 sint";

256 5403 697 5472 φαιδρυνάμενος
754 5405 849 5456 καὶ
910 5406 1247 5475 γαννύμενος
1298 5412 1362 5478 τῇ
1413 5410 1508 5461 τοῦ
1564 5412 1858 5480 προσώπου

255 5497 474 5566 Κυρίου
513 5494 887 5566 λαμπρότητι.
932 5497 1096 5550 Ὅθεν
1127 5499 1363 5568 ἑτέρωσε
1417 5503 1651 5554 ἱκετεύει
1683 5503 1816 5556 Θεόν
1841 5522 1856 5536 ο

257 5609 277 5639 ι
321 5589 419 5656 Μὴ
469 5588 847 5659 ἁποστρέψῃς,
898 5589 1099 5654 λέγων,
1148 5591 1208 5642 τὸ
1258 5593 1552 5661 πρόσωπόν
1607 5612 1700 5647 σου
1763 5598 1856 5647 ἀπ’

253 5679 430 5750 ἐμοῦ,
487 5682 587 5732 καὶ
642 5681 1061 5750 ὁμοιωθήσομαι
1127 5687 1239 5745 τοῖς
1296 5685 1718 5739 καταϐαίνουσιν
1778 5690 1857 5751 εἰς

251 5774 489 5828 λάκκον.
532 5792 550 5824 ι
585 5775 823 5837 Σκότους
847 5776 956 5844 γάρ
985 5777 1135 5828 αἰτία
1156 5777 1186 5846 ἡ
1207 5777 1298 5829 τοῦ
1327 5777 1617 5847 προσώπου
1649 5783 1854 5848 Κυρίου

253 5866 616 5938 ἀποστροφή·
662 5867 767 5935 ἡδ’
815 5869 1145 5937 ἐπιστροφὴ,
1183 5869 1383 5930 παντὸς
1418 5871 1604 5939 νοεροῦ
1652 5874 1852 5939 φωτός.

1934 4775 2037 4814 mae
2063 4762 2338 4813 memoria.
2378 4760 2439 4813 Et
2476 4764 2636 4814 homo
2666 4764 2879 4816 Imtatur
2908 4775 2960 4818 et
2994 4768 3254 4830 exsultat,
3287 4780 3338 4820 et
3364 4769 3508 4837 hym-

1934 4869 2032 4906 nos
2069 4856 2238 4917 canit,
2273 4865 2326 4907 et
2351 4855 2716 4908 exsultatione
2756 4856 2976 4920 fruitur,
3042 4869 3095 4911 et
3141 4861 3322 4915 cordis
3357 4862 3515 4916 volu-

1935 4955 2082 5014 ptate
2109 4957 2254 4999 tanta
2309 4949 2879 5016 delectaturquantam
2912 4966 3068 5004 nemo
3091 4961 3273 5019 posset
3304 4954 3508 5016 dicere.

1935 5035 2117 5094 Vultus
2156 5039 2367 5092 Domini
2413 5040 2703 5106 splendore
2732 5044 3070 5098 exhilaratus
3105 5056 3159 5098 ct
3196 5047 3507 5100 det-oratus.

1937 5131 2091 5184 Unde
2121 5134 2281 5183 etiam
2324 5131 2486 5183 Deum
2522 5143 2778 5198 precatur
2812 5153 2825 5187 :
2863 5153 2880 5184 ι
2922 5133 2996 5187 Ne
3029 5148 3265 5199 avertas,
3295 5138 3507 5201 dicens,

1937 5221 2126 5276 faciem
2163 5232 2307 5275 tuam
2351 5238 2381 5275 λ
2423 5241 2548 5283 me.
2589 5239 2642 5278 et
2677 5227 2870 5279 similis
2906 5243 2999 5280 cro
3051 5229 3510 5284 dest-cudentibus

1939 5316 1990 5367 in
2037 5318 2235 5369 lacum.
2281 5336 2298 5368 ι
2353 5316 2727 5370 Tenebrarum
2781 5323 2923 5373 enim
2980 5335 3145 5373 causa
3189 5332 3272 5375 est
3329 5325 3509 5377 vultus

1939 5405 2152 5459 Domini
2189 5408 2463 5478 elongatio
2493 5425 2506 5472 ;
2535 5410 2777 5478 ejusdem
2815 5426 2944 5462 vero
2991 5415 3299 5474 conversio,
3329 5419 3508 5469 turritis

1938 5498 2242 5566 spiritualis
2303 5500 2522 5554 luminis
2560 5516 2765 5567 causa;
2800 5518 2862 5554 ac
2913 5505 3140 5572 proinde
3172 5505 3369 5560 Ιαιιιιίειθ
3399 5510 3510 5574 Spi-

1938 5593 2172 5656 ritualis,
2203 5602 2260 5644 ut
2291 5594 2357 5647 de
2389 5593 2570 5662 seipse
2602 5595 2736 5648 dicit
2767 5612 2779 5647 :
2820 5613 2837 5645 ι
2879 5597 3163 5665 Signatum
3213 5607 3296 5652 est.
3348 5616 3509 5666 super

1936 5700 2017 5735 me
2064 5684 2242 5735 lumen
2288 5685 2472 5736 vultus
2506 5685 2603 5744 tui.
2661 5684 2903 5739 Domine.
2965 5705 2982 5736 ι
3023 5685 3085 5738 Ει
3119 5687 3269 5741 addit
3303 5707 3314 5741 :
3343 5709 3358 5738 ι
3402 5690 3475 5743 De

1931 5774 2055 5826 disli
2090 5776 2328 5827 laetitiam
2380 5776 2433 5828 in
2490 5777 2656 5830 corde
2709 5793 2849 5830 meo.
2880 5797 2896 5827 ι
2938 5776 3173 5832 Rursum
3206 5796 3268 5832 ex
3326 5782 3508 5835 vultus

1933 5862 2143 5918 Domini
2179 5867 2599 5934 illuminatione,
2627 5869 2911 5937 spirituale
2953 5869 3151 5925 divinae
3195 5872 3382 5939 gratia:
3406 5872 3505 5928 do-
