4266 6450
791 369 848 430 11
1873 367 2218 433 CA‘LLISTI
2256 373 2868 438 CATAPHUGIOT£

3882 396 3990 465 912

759 498 891 536 num
924 484 1031 539 sibi
1063 484 1261 540 factum
1297 498 1419 542 esse
1451 488 1781 555 testilirans;
1817 500 1872 543 et
1902 493 2121 560 quinam
2171 501 2312 544 stant
2348 504 2386 551 Α

2407 514 2572 566 Ὅθεν
2600 512 2823 574 είκότως
2876 511 2968 563 καὶ
3005 509 3181 579 χαρᾶς
3225 506 3628 574 πνευματικῆς,
3677 505 3750 564 ὡς
3795 506 3861 558 ἂν
3892 509 3996 561 καὶ

751 584 878 628 ante
923 575 1114 630 faciem
1143 576 1382 641 Domini,
1407 593 1636 648 eamque
1667 589 1849 646 orant,
1880 581 2072 650 inquit,
2101 583 2201 636 nisi
2228 583 2318 652 qui

755 669 1112 736 Spiritualiter
1166 684 1232 724 ex
1267 671 1466 740 populo
1501 673 1592 726 Dei
1642 673 1836 726 divites
1896 675 2060 727 sunt?
2125 674 2310 728 Sancti

737 760 976 828 ‘quidem
1005 768 1061 814 et
1081 761 1326 816 homines
1355 763 1444 817 Dei
1473 765 1646 826 multi,
1667 763 1757 833 qui
1784 767 2056 835 tantisper
2077 767 2131 820 in
2159 766 2317 820 terris

758 853 966 912 vivunt,
1005 869 1131 906 nutu
1165 869 1354 910 omnes
1392 856 1582 909 faciem
1637 857 1728 912 Dei
1762 859 1944 911 videre
1988 869 2218 927 possunt
2265 874 2318 911 et

758 945 939 997 vivere
965 945 1252 1012 angelice?
1283 946 1504 1000 Multum
1535 963 1665 1002 sane
1694 950 1866 1005 abest.
1910 948 2052 1002 Solis
2077 951 2221 1002 enim
2251 950 2317 1004 iis

756 1040 941 1091 datum
983 1047 1087 1101 est,
1127 1041 1215 1109 qui
1270 1041 1497 1094 credunt
1553 1042 1814 1096 Deitatem
1849 1056 1972 1096 cum
2012 1043 2192 1096 divina
2235 1058 2320 1098 sa-

757 1132 956 1198 pientia
983 1143 1034 1184 et
1072 1133 1298 1186 scientia
1318 1132 1802 1188 adoraudam-esse
1849 1145 1903 1188 et
1952 1136 2232 1190 colendam
2261 1136 2316 1189 in

756 1222 983 1274 veritate
1031 1236 1093 1275 ac
1137 1223 1374 1290 spiritu;
1437 1226 1528 1293 qui
1583 1240 1711 1278 Sane
1749 1225 1942 1279 divites
1973 1227 2148 1294 populi
2212 1226 2317 1280 dici

757 1322 1019 1373 possunt,
1054 1314 1239 1366 multis
1291 1317 1843 1382 contemplationilins
1886 1318 2029 1370 circa
2062 1318 2316 1387 mysteria

759 1402 1045 1455 illuminati
1075 1419 1091 1469 ;
1125 1418 1188 1457 ac
1219 1407 1402 1459 multa
1440 1409 1718 1475 sapientiae
1759 1424 1821 1461 ac
1887 1408 2144 1471 scientiie,
2175 1425 2315 1478 quae,

756 1495 1054 1548 secundum
1093 1496 1344 1560 Paulum,
1397 1511 1501 1549 non
1563 1499 1804 1551 omnium
1851 1509 1968 1564 est,
2011 1500 2208 1552 divinae
2255 1516 2318 1553 ac

753 1590 1054 1655 spiritualis
1101 1589 1430 1657 prol'uudum
1475 1590 1753 1652 habentes,
1778 1592 1996 1647 divitias
2020 1592 2316 1661 possident.

755 1677 908 1733 Unde
941 1698 956 1730 t
995 1679 1198 1732 vultunt
1256 1688 1448 1745 tuum,
1487 1682 1748 1736 mirabilis
1788 1683 1876 1735 ille
1910 1683 2076 1737 David
2110 1685 2174 1737 ad
2213 1684 2317 1737 Do-

757 1772 962 1823 minum
1000 1773 1152 1834 dicit,
1185 1772 1623 1840 deprecabuntur
1650 1790 1840 1828 omnes
1863 1776 2058 1828 divites
2085 1775 2311 1844 plebis.»

754 1859 880 1914 llaec
911 1877 1074 1929 porro
1105 1863 1308 1930 optime
1336 1865 1519 1917 sciens
1541 1905 1555 1928 ,
1593 1874 1650 1918 ut
1711 1881 1818 1934 prie
1847 1866 2102 1919 omnibus
2133 1865 2314 1920 divina
2349 1858 2388 1911 Β

754 1954 1019 2020 sapientia
1058 1955 1246 2020 plenus
1285 1953 1562 2018 Salomon,
1599 1957 1734 2008 miro
1767 1961 1926 2010 modo
1956 1956 2160 2011 docens
2193 1958 2268 2008 ait
2302 1974 2313 2008 :

759 2042 896 2104 tNe
934 2045 1155 2098 festines
1211 2045 1374 2098 verba
1429 2047 1570 2114 loqui
1627 2057 1751 2100 ante
1810 2048 1999 2100 faciem
2061 2048 2316 2109 Domini,

753 2136 878 2202 quia
905 2135 1044 2188 Deus
1074 2136 1126 2187 itt
1153 2137 1291 2189 caalo
1320 2151 1558 2200 sursum,
1587 2145 1639 2190 et
1671 2149 1724 2190 tu
1750 2139 1799 2190 in
1828 2149 1968 2192 terra
2006 2141 2308 2193 deorsum.)

755 2226 986 2292 Quando
1023 2227 1206 2281 divino
1236 2229 1380 2282 dono
1431 2229 1482 2280 in
1515 2230 1695 2282 divina
1745 2241 1799 2284 cl
1830 2233 2084 2284 uuifornti
2129 2234 2317 2300 imagi-

755 2325 1112 2374 natEOueantc
1142 2319 1328 2372 faciem
1352 2318 1556 2372 Domini
1580 2320 1754 2374 factus
1779 2321 1886 2374 eris
1931 2337 2316 2390 postquamas-

759 2413 1007 2464 conderit
1037 2413 1237 2464 mentis
1270 2412 1654 2480 contemplatio
1680 2451 1694 2472 ,
1726 2423 1933 2481 tempus
1963 2425 2047 2468 est
2077 2415 2312 2468 tacendi.

755 2504 834 2557 Ne
865 2505 1029 2573 igitur
1059 2506 1282 2558 verbum
1315 2504 1585 2573 proferre,
1619 2519 1686 2556 ne
1714 2521 1879 2557 unum
1913 2507 2130 2573 quidem
2166 2506 2316 2559 festi—

756 2613 874 2662 nes,
942 2606 1145 2651 temere
1205 2613 1441 2665 sequens
1513 2598 1767 2666 laquendi
1829 2603 2314 2664 consuetudinem,

759 2690 885 2756 quia
916 2704 1023 2742 non
1057 2697 1141 2740 est
1172 2697 1304 2742 tunc
1337 2688 1593 2756 loquendi
1633 2698 1862 2757 tempus.
1901 2692 2043 2744 Deus
2073 2693 2218 2746 cuitu
2253 2696 2317 2746 tis

759 2789 813 2833 ct
847 2791 926 2845 ιιι,
960 2779 1042 2834 vel
1093 2781 1145 2831 in
1184 2789 1323 2832 terra
1355 2795 1610 2845 manens,
1667 2781 1756 2833 Dei
1795 2782 1963 2849 quiin
2007 2784 2160 2837 caelis
2196 2795 2318 2851 est,

757 2873 967 2927 vultum
1012 2875 1325 2942 angelorum
1365 2874 1526 2926 modo
1593 2875 1990 2942 contemplans.
2029 2878 2235 2930 Etenim
2262 2888 2316 2931 et

761 2965 960 3032 angeli,
993 2977 1049 3018 ut
1081 2964 1327 3018 Salvator
1356 2965 1511 3030 dixit,
1544 2980 1756 3034 semper
1787 2968 1967 3019 vident
1991 2967 2177 3020 faciem
2210 2968 2315 3022 Pa-

762 3057 882 3120 tris,
912 3056 1004 3125 qui
1038 3057 1089 3110 in
1127 3059 1281 3111 etelis
1307 3067 1412 3111 est.
1443 3055 1595 3111 Unde
1635 3070 1686 3112 et
1719 3061 1934 3126 quando
1968 3058 2314 3116 Salontouem

758 3147 812 3201 in
847 3148 952 3201 alio
1005 3148 1124 3201 loco
1165 3149 1437 3202 dicentem
1476 3148 1665 3212 audis,
1714 3151 1894 3204 lumen
1923 3151 2090 3218 justis
2122 3138 2316 3221 perpe-

759 3251 910 3296 tuum
938 3258 958 3308 ;
986 3241 1037 3295 id
1069 3257 1164 3296 eos
1189 3244 1526 3310 pati‘credas
1562 3245 1876 3298 examinans
1905 3260 1968 3298 ex
1999 3248 2179 3300 vultus
2212 3247 2314 3299 Do-

763 3333 891 3386 tttitti
926 3333 1061 3385 lucis
1093 3333 1383 3399 cﬂusione,
1434 3335 1749 3402 angelorum
1782 3336 1909 3396 ritu,
1933 3335 2115 3388 divina
2147 3338 2317 3405 gratia

765 3439 979 3493 semper
1015 3426 1207 3479 laeiem
1263 3427 1471 3479 Domini
1503 3427 1748 3480 videntes
1777 3443 1840 3479 ex
1883 3443 1988 3496 qua
2016 3430 2320 3482 sea-turiens

761 3517 943 3569 lumen
991 3518 1219 3570 diosum
1261 3526 1364 3572 est.
1394 3519 1633 3586 Angelus
1668 3521 1812 3572 enim
1845 3521 2002 3583 alter,
2038 3536 2104 3574 ne
2140 3521 2317 3572 dicam

761 3608 928 3674 Deus,
965 3611 1127 3661 ltotno
1161 3622 1246 3664 est
1302 3626 1468 3677 super
1514 3622 1737 3664 terram.
1771 3613 1900 3665 Sine
1926 3613 2091 3665 dubio
2132 3615 2184 3665 iu
2225 3615 2322 3666 do-

763 3711 888 3748 num
921 3739 934 3759 ,
1007 3697 1191 3764 gratite
1240 3695 1449 3750 Domini
1487 3701 1989 3766 repra'seutativum
2013 3741 2032 3765 ,
2064 3702 2266 3755 rediisti
2301 3746 2316 3768 ,

760 3787 985 3840 eﬂectus
1034 3790 1084 3839 id
1133 3789 1274 3855 quod
1332 3799 1418 3842 est
1454 3789 1596 3842 Deus
1649 3783 1906 3853 sursum,
1966 3792 2109 3845 tuin
2162 3795 2322 3846 terris

763 3881 1043 3941 deorsum,
1092 3879 1230 3932 licus
1284 3895 1498 3947 nempe,
1533 3880 1675 3949 quod
1711 3881 2068 3935 admiratione
2097 3884 2318 3951 dignum

764 3977 887 4032 est;
920 3983 1026 4020 non
1054 3970 1267 4035 quidem
1302 3969 1512 4020 ratione
1550 3969 1845 4035 procedens
1868 4007 1882 4030 ,
1919 3984 2095 4036 neque
2121 3971 2323 4036 cogita-

764 4065 912 4114 tione
943 4075 1260 4124 accurrens,
1286 4072 1338 4113 et
1375 4062 1589 4128 propria
1625 4061 1907 4113 ratiocinia
1935 4075 2180 4125 movens,
2205 4071 2322 4114 tan-

763 4165 924 4219 quam
959 4150 1319 4218 Spiritnaliter
1348 4151 1556 4203 divisus
1579 4189 1595 4214 ,
1627 4151 1718 4203 sed
1752 4151 2098 4203 uniformiter
2134 4166 2321 4204 assur-

762 4258 918 4310 gens,
951 4253 1005 4294 et
1039 4242 1130 4295 llei
1185 4257 1334 4294 more
1377 4244 1494 4294 sine
1526 4243 1697 4296 oculis
1743 4243 1960 4308 videns,
1998 4259 2059 4295 ac
2105 4244 2324 4296 immote

771 4349 864 4401 per
927 4335 1228 4402 simplicem
1281 4343 1333 4387 et
1372 4349 1538 4385 unum
1577 4347 1876 4399 aspectum,
1907 4343 1962 4385 et
1993 4334 2173 4387 vultus
2221 4335 2325 4411 Dp-

769 4423 900 4475 mini
933 4422 1132 4488 l‘ulgido
1169 4432 1487 4490 erumpente
1535 4423 1825 4489 splendore
1854 4434 1905 4473 et
1937 4424 2319 4477 inaccessibili.

768 4515 837 4566 I'La
890 4515 1048 4582 igitur
1095 4521 1177 4566 est
1229 4529 1437 4565 summa
1493 4522 1546 4565 et
1625 4513 1923 4566 aemulanda
1976 4515 2327 4580 prudentibus
2360 4523 2408 4583 υ

766 4609 963 4658 mentis
996 4605 1060 4655 ad
1093 4603 1258 4656 Deum
1293 4607 1594 4668 restitutio;
1640 4614 1692 4656 et
1735 4614 1789 4656 ut
1823 4607 1892 4656 ita
1930 4605 2126 4669 dicant,
2164 4606 2324 4673 spiri-

767 4702 924 4754 tualis
977 4703 1228 4768 puritatis
1288 4699 1418 4765 llos;
1447 4702 1676 4768 optanda
1733 4702 1851 4755 lidci
1887 4704 2089 4766 unitas,
2128 4703 2178 4755 in
2208 4719 2327 4771 per-

769 4793 906 4845 ieeta
959 4794 1185 4861 spiritus
1215 4796 1628 4857 communione;
1661 4797 1857 4848 divina:
1915 4811 1980 4848 ac
2023 4795 2323 4850 deilicantis

766 4883 1049 4952 sapientia
1093 4883 1363 4950 gloriosus
1401 4883 1639 4950 fructus;
1673 4886 1971 4954 spiritttalis
2022 4888 2173 4955 pacis
2239 4886 2322 4938 fa-

766 4977 984 5044 stigium
1010 4991 1024 5039 ;
1054 4975 1281 5029 sincera:
1313 4976 1506 5028 laztitite
1535 4977 1890 5044 domicilium;
1924 4979 2118 5031 divina:
2145 4979 2317 5034 chari-

771 5067 1135 5136 taiisjanua;
1190 5057 1608 5122 illutuinatiouis
1667 5085 1926 5138 germen;
2005 5072 2322 5126 indelirien-

772 5163 908 5211 tium
942 5158 1177 5229 Spiritus
1205 5174 1466 5227 aquarum
1513 5176 1578 5213 ex
1611 5162 1770 5214 corde
1799 5163 2096 5231 eruptionis
2123 5165 2326 5232 princi-

776 5265 956 5316 pium;
1017 5252 1210 5303 animai
1267 5252 1377 5303 VCt'i
1436 5266 1628 5304 manna
1662 5253 1814 5306 cilius
1846 5268 1908 5306 ac
1958 5255 2163 5308 delicia
2196 5294 2212 5317 ,
2271 5265 2325 5308 et

773 5342 1167 5394 incrementum
1194 5354 1255 5393 ac
1293 5342 1735 5408 translorumtio;
1768 5344 2074 5398 divinorum
2110 5354 2164 5398 et
2188 5347 2325 5399 inei-

772 5431 1012 5483 labilium
1065 5432 1443 5500 mysteriorum
1479 5434 1821 5487 revelationis
1875 5435 2121 5500 iuitiutn;
2170 5438 2327 5490 unius

770 5537 839 5577 ae
885 5521 1071 5588 prima:
1132 5523 1372 5573 veritatis
1411 5525 1835 5591 consequentia;
1892 5526 2133 5578 omnium
2166 5528 2329 5579 ratio-

771 5613 1039 5664 riuiorutu
1068 5612 1383 5680 dissipatio;
1406 5617 1646 5667 omnium
1672 5615 2060 5683 cogitationum
2075 5620 2325 5684 cessatio;

775 5715 940 5768 sopra
997 5703 1384 5769 cegitationem
1452 5706 1787 5774 assumptio;
1835 5710 2073 5778 stuporis
2129 5725 2324 5776 ortus;

773 5794 966 5848 animo:
1011 5811 1174 5865 supra
1226 5808 1458 5851 mentem
1515 5803 1806 5856 conversio
1855 5802 1921 5856 ad
1976 5804 2242 5872 simplex,
2274 5816 2330 5859 et

2408 609 2537 675 περὶ
2594 602 2789 657 ἑαυτοῦ
2824 619 2990 673 φησιν
3018 619 3029 630 ·
3084 620 3101 652 t
3145 597 3495 670 Ἐσημειώθη
3539 599 3626 650 ἐπ’
3659 597 3760 668 ἐμὲ
3793 598 3852 649 τὸ
3880 599 3999 667 φῶς

2402 696 2498 752 τοῦ
2561 694 2853 766 προσώπου
2903 709 3030 745 σου·
3074 711 3093 744 ι
3136 694 3228 744 καὶ
3277 691 3616 754 συνεπάγεν
3671 707 3689 739 ι
3741 689 3995 751 Ἐδωκας

2403 789 2746 861 εὐφροσύνην
2799 788 2879 848 είς
2923 785 3022 855 τὴν
3069 783 3298 854 καρδίαν
3356 799 3479 852 μου.
3522 801 3540 831 ι
3585 780 3757 833 Πάλιν
3806 782 3869 832 ὲκ
3897 780 3995 833 τοῦ

2404 882 2688 952 φωτισμοῦ
2723 879 2817 932 τοῦ
2851 878 3145 948 πεπισώπου
3185 874 3415 945 Κυρίου,
3467 872 3568 944 τὴν
3614 873 3998 941 πνευματικὴν

2403 977 2504 1046 τῆς
2538 974 2689 1036 Θείας
2717 974 2939 1042 χάριτος
2975 966 3310 1038 γεγενῆσθαι
3341 965 3521 1036 ἑαυτῷ
3555 965 3858 1037 μαρτυρῶν
3891 965 3998 1016 δω-

2409 1067 2560 1139 ρεὰν,
2589 1067 2685 1121 καὶ
2715 1068 2860 1128 τίνες
2907 1063 3026 1117 ποτ’
3073 1063 3180 1133 ἄρα
3208 1061 3257 1112 οί
3288 1061 3442 1130 παρὰ
3478 1057 3554 1129 τῷ
3586 1058 3868 1128 προσώπῳ
3902 1058 4000 1109 τοῦ

2407 1161 2613 1233 Κυρίου
2668 1160 2969 1228 ἱστάμενοι,
3020 1158 3117 1209 καὶ
3167 1153 3300 1206 αὐτὸ
3345 1152 3743 1214 λιτανεύοντες,
3801 1151 4000 1219 φησιν,

2403 1254 2485 1307 ὅτι
2515 1253 2653 1305 είσὶν
2689 1253 2738 1304 οί
2786 1249 3004 1318 νοητῶς
3049 1246 3143 1299 τοῦ
3195 1245 3327 1298 λαοῦ
3375 1243 3471 1297 τοῦ
3511 1243 3649 1297 Θεοῦ
3702 1243 3956 1295 πλούσιοι
3983 1257 3996 1269 ·

2402 1345 2548 1415 ἅγιοι
2607 1345 2706 1414 μὲν
2756 1345 2863 1410 γάρ
2912 1338 3182 1408 δήπουθεν
3238 1338 3334 1390 καὶ⁹
3387 1337 3667 1408 ἄνθρωποι
3716 1336 3809 1389 τοῦ
3860 1335 4001 1388 Θεοῦ

2403 1438 2610 1502 πολλοὶ,
2663 1437 2725 1488 οὐ
2763 1436 2870 1504 μὴν
2923 1432 3171 1494 ἅπαντας
3229 1428 3570 1496 ἁπαξαπλῶς
3614 1429 3675 1482 τὸ
3707 1428 3804 1481 τοῦ
3862 1426 4004 1481 Θεοῦ

2404 1529 2632 1597 θεωρεῖν
2672 1525 2849 1590 ἔξεστι
2881 1524 3198 1594 πρόσωπον,
3229 1522 3325 1574 καὶ
3355 1521 3505 1592 βιοῦν
3532 1520 3648 1591 βίον
3677 1520 4003 1589 άγγελικὸν,

2404 1623 2498 1674 ἐπὶ
2515 1623 2614 1691 γῆς
2650 1619 2836 1690 ἀκμήν
2868 1616 3205 1682 summe;
3239 1615 3444 1668 Πολλοῦ
3466 1631 3528 1683 γε
3554 1615 3648 1666 καὶ
3673 1613 3785 1666 δεῖ·
3823 1614 4002 1683 μόνων

2405 1717 2514 1787 γάρ
2543 1733 2627 1768 τοι
2665 1713 2845 1767 τουτοϊ
2874 1711 2982 1764 τῶν
3025 1710 3164 1780 μετὰ
3203 1707 3396 1778 σοφίας
3427 1706 3580 1770 θείας
3613 1707 3711 1759 καὶ
3741 1707 4002 1774 γνώσεως

2405 1806 2730 1878 λατρευτέον
2786 1799 2925 1856 εἶναι
2971 1803 3030 1854 τὸ
3075 1801 3230 1853 Θείον
3283 1799 3641 1869 νομιζόντων,
3694 1800 3788 1851 καὶ
3837 1815 4002 1867 προσ-

2406 1900 2669 1970 κυνητέον
2734 1896 2964 1968 ἀληθείᾳ.
3017 1895 3113 1947 καὶ
3185 1892 3494 1960 πνεύματιο
3567 1891 3730 1961 οἵπερ
3783 1891 3848 1958 δὴ
3910 1893 4004 1942 καὶ

2407 1995 2657 2047 πλούσιοι
2699 1989 2795 2042 τοῦ
2839 1988 2972 2041 λαοῦ
3005 1985 3236 2054 λέγοιντ’
3285 1984 3351 2038 ἂν
3388 1984 3614 2045 εἰκότως
3639 2023 3653 2045 ,
3685 1981 3780 2035 τοῦ
3841 1981 4004 2045 Θεοῦ,

2408 2086 2617 2139 πολλῶν
2655 2081 3029 2154 θεωρημάτων
3064 2077 3494 2142 ὲναυγασθέντες
3524 2077 3825 2147 μυστήρια,
3862 2075 4002 2127 πολ-

2403 2182 2500 2251 λῆς
2535 2197 2594 2232 τε
2640 2178 2835 2246 σοφίας
2888 2174 2982 2228 καὶ
3039 2173 3319 2241 γνώσεως,
3355 2172 3500 2241 ἥτις,
3555 2169 3698 2223 κατὰ
3753 2169 3997 2231 Παῦλον,

2404 2274 2601 2328 οὔκουν
2656 2271 2873 2323 πάντων
2908 2266 3051 2329 ἐστὶ,
3087 2264 3238 2328 Θείας
3277 2265 3371 2318 καὶ
3421 2265 3798 2331 πνευματικῆς
3831 2261 4002 2332 βάθος

2404 2363 2589 2435 ἔχουσι
2618 2359 2870 2414 πλοῦτον.
2909 2357 3076 2409 Ὅθεν
3118 2374 3135 2406 ι
3166 2356 3239 2406 Τὸ
3270 2354 3563 2424 πρόσωπόν
3591 2371 3706 2415 σου,
3751 2373 3768 2404 ι
3807 2356 3836 2405 ό
3861 2354 3999 2434 θειο-

2408 2455 2601 2525 μάπιος
2627 2451 2776 2516 λέγει
2810 2448 2946 2518 πρὸς
2980 2445 3136 2506 Θεὸν,
3165 2443 3239 2505 ὡς
3269 2444 3510 2511 εἴρηται,
3564 2442 3748 2503 Δαὸιδ,
3787 2461 3805 2491 ι
3843 2442 3996 2493 λιτα-

2406 2544 2690 2596 νεύσουσιν
2722 2542 2770 2594 οἱ
2806 2538 3053 2592 πλούσιοι
3084 2537 3178 2588 τοῦ
3210 2535 3363 2587 λαοῦ.
3405 2554 3421 2584 ι
3461 2534 3650 2604 Ταύτῃ
3695 2551 3778 2584 τοι
3811 2538 3994 2593 ταυτὶ,

2412 2636 2647 2703 μάλιστα
2696 2633 2912 2684 πάντων
2947 2628 3124 2691 εἰδὼς,
3165 2626 3241 2688 ὡς
3293 2625 3528 2692 μάλιστα
3581 2627 3800 2678 πάντων
3843 2624 3999 2686 θείας

2410 2726 2601 2795 σοφίας
2632 2721 3066 2792 πεπληρωμένος
3121 2717 3376 2787 Σολομὼν
3426 2718 3453 2769 ό
3482 2717 3646 2778 πάνυ,
3674 2717 3893 2784 εὐφυῶς
3931 2718 4000 2767 τὰ

2409 2817 2644 2884 μάλιστα
2698 2812 2966 2866 διδάσκων
3019 2808 3185 2878 φησί·
3232 2827 3248 2857 ι
3299 2807 3389 2876 Μὴ
3449 2807 3696 2877 σπεύσῃς
3745 2808 4004 2872 ἐνεγκεῖν

2413 2912 2562 2980 ῥῆμα
2591 2906 2699 2977 πρὸ
2734 2903 3030 2975 προσώπου
3086 2900 3313 2972 Κυρίου,
3356 2900 3440 2952 ὅτι
3469 2902 3497 2950 ὁ
3527 2900 3659 2961 θεὸς
3686 2901 3744 2951 ὲν
3778 2899 4000 2968 οὐρανῷ

2410 3004 2543 3064 ἄνω,
2595 3001 2689 3053 καὶ
2742 3000 2806 3051 σὺ
2851 2999 2943 3050 ἐπὶ
2992 2995 3090 3060 τῆς
3135 2997 3238 3064 γῆς
3271 2994 3442 3046 κάτω.
3487 3010 3503 3040 ι
3556 2991 3826 3059 Ὀπηνίκα
3855 2994 4000 3043 κατὰ

2412 3095 2563 3148 θείαν
2590 3092 2800 3161 δωρεὰν
2837 3088 3017 3156 γένοιο
3046 3086 3153 3157 πρὸ
3202 3085 3500 3154 προσώπου
3539 3083 3746 3153 Κυρίου
3788 3085 3847 3135 ἐν
3879 3083 4007 3152 θείᾳ

2345 3199 2385 3252 c
2413 3189 2506 3239 καὶ
2556 3185 2782 3239 ὲνοειδεῖ
2813 3180 3089 3251 φαντασία
3112 3221 3127 3246 ,
3166 3177 3574 3248 ἀναϐεϐηκυίας
3606 3177 3708 3246 τῆς
3757 3176 3853 3230 τοῦ
3905 3178 4002 3229 νοῦ

2414 3279 2648 3348 θεωρίας
2687 3276 2948 3345 δηλονότι,
2981 3273 3172 3344 καιρὸς
3203 3270 3294 3323 τοῦ
3321 3271 3502 3340 σιγᾷν.
3526 3271 3617 3339 Μὴ
3650 3269 3831 3322 τοίνυν
3862 3287 4002 3340 προ-

2414 3372 2660 3439 ενεγκεῖν
2679 3369 2851 3441 ῥῆμα,
2886 3366 3020 3437 μηδὲ
3052 3362 3183 3433 γοῦν
3205 3363 3263 3415 ἓν
3286 3363 3549 3433 σπευσῃς,
3571 3362 3795 3425 είκαίως
3822 3364 4007 3433 ῥημα-

2415 3467 2543 3533 τικῇ
2598 3462 2858 3531 συνηθείᾳ
2901 3459 3201 3527 ἑπόμενος,
3249 3458 3330 3509 ὅτι
3376 3456 3438 3508 οὐ
3494 3455 3686 3525 καιρὸς
3732 3455 3858 3507 τότε
3906 3456 4002 3507 τοῦ

2418 3556 2621 3612 λαλεῖν.
2669 3553 2811 3616 Θεὸς
2853 3550 2964 3621 γάρ
2993 3549 3122 3622 γίνῃ
3159 3548 3253 3602 καὶ
3281 3549 3344 3601 σὺ
3378 3548 3469 3601 ἐπὶ
3511 3548 3611 3618 τῆς
3655 3549 3754 3615 γῆς
3789 3546 3871 3599 ἔτι
3903 3546 4001 3602 ῶν.

2411 3637 2507 3689 τοῦ
2556 3639 2616 3689 ὲν
2664 3636 2917 3705 οὐρανοῖς
2957 3635 3180 3706 θεωρῶν
3240 3635 3378 3688 Θεοῦ
3435 3636 3902 3708 ἁγγελομιμήτως
3945 3643 4014 3694 τὸ

2415 3729 2730 3798 πρόσωπον.
2763 3727 2874 3778 Καὶ
2900 3727 3010 3796 γάρ
3043 3725 3136 3779 οὗν
3166 3727 3263 3779 καὶ
3283 3729 3329 3779 οί
3359 3728 3604 3796 ἄγγελοι,
3640 3729 3716 3792 ὡς
3751 3732 3781 3783 ό
3809 3732 4008 3802 Σωτὴρ

2413 3822 2624 3890 εἴρηκε,
2661 3819 2750 3871 διὰ
2780 3818 2980 3881 παντὸς
3009 3818 3178 3887 ὁρῶσι
3209 3819 3269 3871 τὸ
3299 3819 3593 3890 πρόσωπον
3619 3821 3715 3873 τοῦ
3747 3823 3807 3873 ἐν
3842 3801 4007 3892 οὖρα-

2414 3915 2522 3975 νοῖς
2551 3913 2710 3981 ἡμῶν
2754 3911 2989 3981 Πατρός.
3046 3910 3214 3962 ’Όθεν
3263 3912 3357 3963 καὶ
3407 3913 3536 3964 ὅταν
3581 3914 3640 3964 ἐν
3671 3914 3820 3983 ἄλλῳ
3853 3916 4017 3984 τόπῳ

2412 4006 2664 4072 λέγοντος
2695 4001 2902 4073 ἀκούῃς
2931 4002 3026 4054 τοῦ
3051 4003 3418 4072 Σολομῶντος,
3440 4023 3460 4054 ι
3485 4003 3602 4067 Φῶς
3629 4004 3865 4068 δικαίοις
3887 4007 4008 4058 δια-

2415 4098 2637 4162 παντὸς,
2666 4117 2685 4149 ι
2723 4099 2785 4149 ἐκ
2816 4097 2917 4164 τῆς
2940 4095 3033 4148 τοῦ
3066 4094 3362 4166 προσώπου
3387 4096 3596 4168 Κυρίου
3626 4099 4002 4168 φωτοχυσίας.

2413 4190 2573 4242 τοῦτο
2596 4189 2831 4259 πάσχειν
2866 4188 3064 4251 αὐτοὺς
3093 4186 3154 4240 τδ
3193 4188 3339 4250 είκὺς
3369 4188 3561 4259 λογίσῃ
3601 4190 4010 4259 σκοπούμενος.

2412 4282 2773 4349 άγγελοειδῶς
2821 4280 2964 4333 κατὰ
2998 4279 3152 4332 θείαν
3184 4279 3347 4350 χάριν
3384 4279 3472 4333 διὰ
3519 4281 3721 4342 παντὸς
3760 4281 4005 4350 ὁρῶντες

2413 4379 2474 4429 τὸ
2509 4377 2602 4429 τοῦ
2635 4376 2840 4445 Κυρίου
2874 4366 3186 4444 πρόσωπον,
3222 4372 3282 4437 ἐξ
3317 4367 3379 4427 οὗ
3407 4372 3468 4426 τὸ
3499 4377 3734 4440 πηγαῖον
3766 4375 4006 4442 ἐκκέχυο

2413 4488 2504 4522 ται
2533 4469 2671 4537 φῶς.
2712 4466 2982 4534 Ἄγγελος
3022 4465 3131 4536 γὰρ
3159 4464 3337 4528 ἀλλος,
3374 4466 3461 4517 ἵνα
3499 4465 3574 4536 μὴ
3615 4465 3757 4532 λέγω
3791 4465 3938 4528 θεὸς,
3980 4469 4015 4518 ό

2413 4563 2703 4632 ἄνθρωπος
2732 4561 2944 4628 γίνεται
2990 4560 3087 4612 καὶ
3140 4558 3289 4611 ἔστιν
3319 4559 3412 4610 ἐπὶ
3445 4560 3544 4628 τῆς
3592 4559 3717 4626 γῆς.
3781 4558 4007 4627 Ἀμέλει

2412 4659 2502 4708 καί
2540 4657 2623 4718 είς
2647 4655 2747 4724 τὴν
2792 4651 3071 4722 είκονικὴν
3103 4651 3202 4720 τῆς
3237 4651 3330 4703 τοῦ
3380 4652 3588 4720 Κυρίου
3642 4650 3870 4720 χάριτος
3898 4650 4006 4702 δω-

2417 4747 2545 4813 ρεάν
2607 4744 2886 4813 ὲπανέρχῃ
2916 4783 2930 4804 ,
2974 4740 3374 4810 καθιστάμενος
3443 4741 3583 4810 ὅπερ
3624 4741 3652 4792 ὁ
3681 4738 3817 4799 Θεὸς
3867 4738 4005 4792 ἄνω.

2412 4839 2569 4891 τοῦτο
2601 4837 2664 4888 σὺ
2695 4834 2786 4887 ἐπὶ
2824 4834 2924 4902 γῆς
2956 4833 3127 4888 κάτω.
3160 4832 3279 4895 θεὸς
3318 4831 3540 4900 δηλαδὴ,
3571 4832 3631 4884 τὸ
3660 4831 4006 4898 θαυμάσιονο

2411 4934 2471 4984 οὐ
2500 4925 2814 4994 διεξοδεύων
2858 4925 3024 4993 λόγῳ,
3056 4925 3178 4976 οὐδὲ
3224 4929 3458 4993 νοήματι
3504 4923 3878 4990 μεταϐαίνων,
3911 4923 4009 4974 καὶ

2412 5022 2578 5074 κινῶν
2615 5019 2675 5070 τὸ
2702 5018 2834 5070 ίδιον
2882 5015 3256 5086 λογιζόμενον,
3294 5016 3368 5076 ώς
3408 5015 3472 5067 ἂν
3506 5014 3711 5084 νοερῶς
3757 5015 4009 5084 διαιρού-

2416 5131 2599 5185 μενος,
2648 5111 2766 5165 amr
2822 5109 3070 5172 ἑνοειδῶς
3110 5107 3444 5170 ἐπιϐάλλων,
3495 5108 3590 5159 καὶ
3643 5106 3806 5174 δίκην
3868 5106 4009 5158 Θεοῦ

2413 5207 2638 5276 Bernuini
2684 5203 3042 5271 ἀνομμάτως,
3074 5200 3172 5254 καὶ
3221 5201 3497 5268 ἀκινήτως
3530 5199 3672 5251 κατὰ
3699 5199 3883 5261 ἁπλῆν
3918 5201 4011 5251 καὶ

2414 5299 2620 5354 ἑνιαίαν
2670 5295 2970 5364 ἀπόϐλεψιν
2995 5335 3008 5356 ,
3060 5294 3159 5347 καὶ
3203 5293 3302 5361 μέν
3332 5309 3395 5359 γε
3434 5291 3791 5361 ἐπεντρυερῶν
3841 5295 3910 5361 τῇ
3947 5293 4011 5342 ὲκ

2416 5391 2710 5462 προσώπου
2745 5388 2948 5457 Κυρίου
2976 5384 3403 5453 άποπαλλομένῃ
3439 5384 3808 5454 διαυγεστάτῃ
3841 5383 4011 5454 αἴγλῃ

2414 5487 2509 5538 καὶ
2545 5482 2852 5553 άπροσίτῳ.
2891 5477 3051 5530 Τοῦτ’
3075 5477 3168 5530 οὖν
3211 5477 3361 5527 ἐστιν
3398 5476 3430 5543 ὴ
3463 5474 3743 5544 κορυφαία
3772 5474 3872 5526 καὶ
3909 5473 4009 5542 ζη-

2413 5576 2557 5642 λωτὴ
2587 5575 2699 5635 τοῖς
2730 5571 3008 5640 ὲχέφροσι,
3038 5567 3133 5621 τοῦ
3160 5566 3254 5619 νοῦ
3288 5566 3424 5635 πρὸς
3458 5565 3590 5616 Θεὸν
3627 5566 3970 5626 κατάστασις
3993 5583 4007 5596 ο

2413 5669 2471 5721 τὸ
2484 5661 2594 5718 οἷον
2611 5667 2786 5717 εἰπεῖν
2803 5661 2962 5724 ἄνθος
2983 5661 3080 5728 τῆς
3098 5659 3290 5730 νοερᾶς
3308 5658 3750 5728 καθαρότητος’ή
3776 5657 4011 5708 εὐκταία

2415 5759 2602 5824 ἑνότης
2651 5755 2749 5822 τῆς
2790 5753 3049 5813 πίστεως,
3097 5748 3402 5818 τελουμένη
3435 5750 3493 5800 ὲν
3522 5749 3586 5816 τῇ
3617 5746 3882 5816 κοινωνίᾳ.
3912 5742 4008 5797 τοῦ

2417 5847 2553 5902 [laeti
2564 5861 2731 5917 ματος
2756 5861 2769 5874 ·
2802 5844 2900 5912 τῆς
2926 5840 3076 5903 θείας
3107 5839 3201 5892 καὶ
3224 5835 3474 5891 θεοποιοῦ
3497 5835 3689 5905 σοφίας
3718 5835 3746 5886 ό
3773 5834 4006 5904 εὐκλεὴς
