4266 6450
290 431 396 493 913
1421 452 1514 510 DE
1559 449 1733 509 \‘l'l‘A
1781 448 2442 512 CONTEMPLATWA.
3446 444 3553 506 9M

296 561 507 624 καρπός
534 578 545 588 -
591 561 622 628 ἠ
661 558 761 626 τῆς
817 556 1198 626 πνευματικῆς
1261 557 1483 626 εἰρήνης
1544 573 1744 624 κρηπις
1772 569 1786 582 .
1829 554 1921 618 τδλ

2011 561 2404 614 nterminatum
2461 560 2828 630 undeqnaque
2861 560 3131 614 inﬁnitum
3163 566 3216 613 et
3263 558 3558 612 incircum-

296 655 648 718 καταγώγιον
687 651 787 716 τῆς
835 649 1187 716 ἀφαντάοτου
1227 649 1403 718 χαρᾶς
1431 664 1443 678 ·
1482 647 1582 715 τῆς
1616 646 1712 698 τοῦ
1754 644 1891 698 Θεοῦ

2014 651 2249 721 criptum
2277 693 2292 716 ,
2338 654 2457 707 sine
2488 652 2664 707 forma
2697 667 2759 706 ac
2799 653 2964 723 ﬁgura
2991 694 3005 716 ,
3038 652 3158 706 sine
3207 651 3470 720 qualitate
3499 664 3562 703 ac

294 743 576 811 ἀγάπηςὴ
615 741 790 811 πύληο
837 740 898 792 τὸ
943 743 1040 809 τῆς
1098 740 1420 810 ἐλλάμψεως
1470 739 1794 807 βλάστημα·
1827 737 1890 789 τὸ

2011 744 2254 799 νοτίοισιε
2305 760 2366 800 ac
2401 747 2741 814 quantitate.
2798 746 3104 799 absolutum
3149 752 3204 798 et
3235 751 3564 810 supernatu-

291 834 462 886 αἴτιον
495 835 595 901 τῆς
621 836 686 886 ἐκ
709 833 950 904 καρδίας
978 834 1292 902 ὲκῦλύσεως
1317 835 1428 887 τῶν
1454 832 1746 885 άκενώτων
1773 831 1896 886 ὑδά-

2011 834 2141 898 ale;
2174 836 2369 888 animae
2394 839 2624 888 mutatio
2655 851 2715 889 ac
2753 850 2977 905 prorsus
3007 835 3072 887 ad
3123 833 3368 888 divinum
3406 831 3564 885 resti-

293 945 400 978 των
439 928 537 980 τοῦ
574 927 905 995 Πνεῦματος
929 942 942 956 ’
977 930 1009 996 ἠ
1057 928 1152 981 τοῦ
1185 926 1423 980 τυπικοῦ
1469 927 1645 996 μάννα
1680 925 1895 996 άληθῶς

2015 927 2148 980 utio.
2192 927 2268 982 Ne
2300 929 2466 1000 igitur
2501 944 2566 981 ex
2602 927 2993 997 imprudentia.
3025 942 3149 980 cum
3199 927 3263 980 ad
3297 941 3420 979 eum
3453 935 3562 977 sta-

287 1023 464 1092 τροφή
494 1040 552 1074 τε
580 1023 675 1073 καὶ
724 1023 908 1091 τρυφὴ
952 1023 1049 1092 τῆς
1092 1021 1295 1091 ψυχῆς,
1346 1021 1444 1073 ιιιαλ⁸
1490 1019 1742 1090 αῦξησις,
1795 1020 1891 1072 καὶ

2015 1036 2102 1072 um
2141 1022 2474 1089 perveneris,
2504 1031 2558 1076 et
2583 1020 2988 1092 quodammodo
3033 1021 3220 1086 gratia:
3252 1018 3565 1071 misericor-

288 1115 580 1176 ἀλλοίωσις
601 1133 616 1145 ο
654 1114 764 1166 τῶν
791 1114 953 1168 θείων
981 1116 1077 1167 καὶ
1103 1115 1389 1183 άλαλήτων
1424 1113 1764 1182 μυστηρίων,
1799 1108 1894 1166 καὶ

2011 1111 2078 1166 lia
2115 1111 2255 1169 Deus
2288 1114 2514 1170 eil‘eetus
2539 1115 2670 1176 eris.
2692 1129 2757 1168 ne
2788 1112 3008 1168 festines
3034 1113 3117 1167 vel
3142 1126 3308 1163 unum
3343 1110 3565 1163 verbum

288 1207 695 1276 ἀποκαλύψεων
725 1209 756 1276 ἠ
790 1209 933 1276 ἀρχή
961 1225 974 1238 ·
1005 1208 1104 1276 τῆς
1136 1224 1197 1274 γε
1234 1209 1361 1276 μιᾶς
1395 1207 1489 1259 καὶ
1515 1205 1739 1273 πρώτης
1764 1205 1895 1275 άλη-

2011 1215 2120 1258 ιοιθ
2181 1203 2376 1259 faciem
2431 1208 2644 1260 Domini
2703 1204 2981 1275 proferre;
3031 1202 3156 1273 quia
3215 1200 3319 1270 ipsi
3371 1214 3477 1253 una
3519 1207 3564 1252 et

288 1300 446 1362 θείας
476 1300 538 1352 τὸ
585 1301 998 1371 συμπέρασμα’
1055 1299 1162 1353 τῶν
1207 1297 1507 1354 ὁποιωνοῦν
1554 1297 1836 1367 λογισμῶν.
1866 1300 1895 1349 ὁ

2011 1294 2223 1364 simplex
2257 1297 2430 1366 gloria
2460 1299 2512 1350 in
2545 1299 2741 1353 saecula
2771 1297 2898 1352 erit.

302 1384 624 1453 ἀφανισμός
645 1399 656 1411 ·
689 1385 720 1450 ὴ
770 1384 961 1437 πασῶν
992 1384 1102 1437 τῶν
1129 1385 1370 1454 νοήσεων
1401 1386 1714 1448 ἁπόπαυσις
1735 1399 1750 1415 ο
1782 1387 1814 1454 ἡ
1851 1385 1992 1452 ὑπὲρ
2033 1386 2097 1438 τὸ
2151 1390 2291 1437 νοεῖν
2328 1383 2655 1437 ἐπιστασίαο
2688 1383 2720 1450 ἠ
2761 1375 2990 1448 ἀφορμὴ
3050 1376 3145 1443 τῆς
3200 1373 3519 1444 ἐκπλήξεως
3548 1387 3563 1404 ·

306 1485 339 1550 ἡ
379 1486 516 1550 πρὸς
549 1498 610 1547 γε
643 1480 702 1531 τὸ
751 1478 984 1543 ἁπλοῦν,
1023 1481 1119 1532 καὶ
1162 1485 1417 1550 ἀοριστον
1456 1480 1744 1535 καθοτιοῦν
1780 1484 2034 1550 ἄπειρον,
2066 1483 2162 1534 καὶ
2221 1478 2616 1546 ἀπερίληπτον,
2651 1474 2886 1528 ἀνείδεον
2917 1489 2974 1524 τε
3004 1473 3096 1523 καὶ
3127 1471 3562 1538 ἀσχημάτιστον,

306 1581 527 1641 ἄποιον,
563 1577 871 1640 άποίκιλον,
903 1577 1128 1641 άποσον,
1166 1577 1391 1643 ἀναφὲς,
1421 1580 1514 1630 καὶ
1546 1577 1938 1646 ὑπερκόσμιον,
1981 1577 2077 1630 τοῦ
2119 1576 2209 1628 νοῦ
2243 1573 2605 1641 μεταποίησις
2638 1569 2779 1638 ὑπὲρ
2812 1566 2959 1627 νοῦν,
2995 1566 3088 1618 καὶ
3120 1564 3428 1626 ἀλλοίωσις,
3467 1559 3563 1612 καὶ

300 1676 447 1736 ὅλως
478 1674 616 1743 πρὸς
644 1673 704 1725 τὸ
735 1672 968 1734 θεοειδὴς
1008 1674 1486 1732 ἀποκατάστασις.
1514 1670 1607 1739 Μὴ
1638 1670 1702 1738 δὴ
1727 1671 1784 1735 ἐξ
1816 1671 1904 1737 ἄρ’
1934 1669 2207 1738 ἁμαθείας
2241 1670 2297 1718 ἐν
2325 1665 2501 1735 τούτῳ
2538 1662 2780 1732 γεγονὼς
2812 1660 3228 1722 κκταστάσεως,
3263 1657 3355 1709 καὶ
3384 1657 3570 1724 τρόπῳ

307 1772 368 1836 γέ
400 1788 476 1837 τῳ
508 1766 944 1838 θεουργούμενος
977 1769 1044 1836 τῇ
1081 1766 1474 1835 φιλανθρωπίᾳ
1508 1767 1604 1835 τῆς
1655 1767 1902 1834 χάριτος,
1951 1763 2194 1833 σπεύσῃς
2228 1761 2472 1828 ἐνεγκεῖν
2526 1758 2678 1828 ῥῆμα
2723 1756 2782 1813 ἓν
2811 1753 2944 1823 γοῦν
2985 1753 3094 1821 πρὸ
3123 1751 3419 1819 προσώπου
3453 1749 3570 1801 Κυ-

307 1867 430 1934 ρίου
453 1881 465 1894 ⁸
499 1868 585 1917 ὅτι
616 1867 766 1934 αὐτῷ
793 1868 826 1935 ή
857 1868 956 1934 μία
988 1868 1082 1918 καὶ
1107 1864 1254 1932 ἁπλῆ
1293 1862 1420 1925 δόξα
1455 1863 1534 1923 εις
1559 1863 1685 1922 τοὺς
1714 1862 1920 1920 αίῶνας
1948 1857 2124 1911 ἔσται.

386 1967 484 2037 οζθ.
524 1971 583 2022 '0
606 1966 733 2029 νοῦς
762 1964 993 2033 θεωρεῖν
1025 1961 1228 2014 ἐθέλων
1260 1959 1329 2010 τά
1361 1955 1500 2024 ὑπὲρ
1530 1952 1694 2005 αὐτον
1727 1949 1916 2016 νοητὰ,

315 2068 366 2119 εί
397 2065 474 2134 μὴ
501 2062 591 2115 διὰ
618 2059 719 2128 τῆς
748 2057 900 2119 θείας
931 2055 1154 2124 χάριτος
1197 2046 1570 2117 συνεργοῦσαν
1600 2041 1737 2134 πρὸς
1760 2037 1922 2092 τοῦτο

316 2131 434 2227 ἔχοι
462 2131 564 2209 οιαὶ
591 2153 692 2219 τὴν
727 2150 863 2203 ίδίαν
898 2146 1150 2217 καρδίαν,
1207 2141 1432 2212 ἀδρανῆ,
1480 2136 1577 2190 καὶ
1602 2131 1918 2227 άφώᾼτισταέ

317 2221 416 2300 καὶ
462 2241 855 2311 συγκεχυμένα
911 2238 1034 2309 ὁρᾷ.
1077 2237 1176 2289 Διὰ
1222 2233 1382 2286 τοῦτο
1430 2229 1525 2281 καὶ
1567 2224 1667 2293 τῆς
1719 2221 1918 2276 ἐαυτοῦ

315 2340 514 2410 ἡδονῆς
542 2338 644 2405 τῆς
669 2353 732 2402 γε
762 2333 1107 2401 κυριωτέρας
1136 2329 1298 2391 ἐνδεῖ,
1326 2323 1426 2378 κᾶν
1456 2321 1522 2374 δι’
1548 2317 1923 2410 ἄγνοιαν-δοκῇ

317 2406 546 2497 ἥδεσθαι
597 2418 686 2476 οἷα
721 2421 948 2493 μηδέπω
993 2416 1326 2486 γεγευμένος
1361 2411 1566 2479 ταύτης
1609 2406 1920 2476 τυγχάνων·

318 2521 515 2588 ὥσπερ
567 2517 633 2585 δὴ
681 2515 832 2569 δοκεῖ
870 2529 987 2574 πως
1036 2508 1267 2580 ἥδεσθαι
1319 2505 1414 2557 καὶ
1459 2505 1487 2555 ὁ
1515 2502 1605 2555 τὸν
1635 2497 1920 2588 ὁλλυρίτην

319 2587 526 2664 ἐσθίων
548 2609 738 2676 ἄρτον,
765 2605 946 2658 καίτοι
969 2618 1034 2669 γε
1061 2597 1319 2669 πάμπολυ
1344 2595 1444 2664 τῆς
1472 2594 1616 2645 κατὰ
1639 2589 1729 2642 τὸν
1753 2587 1920 2652 ἄρτον

315 2706 524 2773 ἡδονῆς
556 2699 757 2763 ἐνδεῶς
807 2696 1026 2766 ἔχοντα,
1059 2693 1148 2746 διὰ
1199 2691 1384 2761 μέντοι
1412 2687 1509 2757 τὴν
1558 2684 1781 2751 ἄγνοιαν
1818 2676 1920 2746 τῆς

317 2797 579 2867 γεύσεως
616 2792 714 2847 τοῦ
747 2791 836 2844 διὰ
872 2786 1210 2856 σεμιδάλεως
1243 2785 1433 2853 ἄρτου.

392 2888 498 2958 οη’.
531 2885 689 2942 Μετὰ
736 2888 839 2953 τὴν
873 2881 1070 2950 νοεράν
1113 2879 1212 2945 τῆς
1251 2873 1480 2945 καρδίας
1511 2870 1598 2924 διὰ
1628 2872 1728 2936 τῆς
1762 2867 1921 2958 χάρις

315 2998 414 3043 τος
440 2956 640 3032 ’ἕνωσιν
666 2973 925 3036 ἀπλανῶς
955 2975 1014 3025 ἐν
1047 2971 1187 3039 φωτὶ
1214 2962 1574 3034 πνευματικῷ
1602 2961 1630 3012 ὁ
1650 2958 1773 3021 νοῦς
1795 2956 1919 3026 ὁρᾷ,

316 3075 418 3128 καὶ
445 3070 754 3125 ἐκτείνεται
779 3067 859 3128 είς
885 3063 946 3117 τὸ
975 3063 1105 3116 ῑδιον
1127 3057 1342 3130 ἐφετὸν,
1371 3058 1510 3124 ὅπερ
1535 3052 1684 3105 ἐστὶν
1709 3049 1738 3102 ὁ
1762 3048 1922 3110 Θεὸς,

326 3179 438 3244 ἔξω
460 3178 639 3243 πάντη
668 3172 960 3240 γενόμενος
991 3170 1087 3237 τῆς
1117 3167 1448 3231 αἰσθήσεως,
1477 3166 1669 3232 ἄχροος
1694 3163 1915 3233 δηλαδὴ,

2074 1955 2162 2007 ἹἹ.
2197 1953 2346 2011 Mens
2381 1970 2500 2024 qua:
2530 1970 2592 2011 ea
2622 1972 2744 2028 qua:
2773 1973 2941 2027 supra
2971 1974 3031 2014 se
3065 1959 3291 2028 cogitari
3323 1969 3575 2028 possunt.

2002 2044 2120 2097 vult
2159 2046 2517 2116 contemplari
2551 2091 2566 2114 ,
2622 2048 2725 2103 nisi
2763 2064 2859 2102 eor
2890 2066 3048 2104 suum
3095 2049 3276 2104 divina
3306 2051 3479 2120 gratia
3511 2055 3578 2104 ad

2003 2139 2135 2192 illud
2175 2148 2382 2194 motum
2418 2142 2642 2204 sentiat,
2673 2143 2881 2196 incerta
2914 2155 2967 2198 et
3007 2145 3240 2199 obscura
3271 2154 3323 2198 et
3346 2143 3578 2198 confusa

2001 2231 2168 2286 videt.
2211 2231 2334 2288 Ideo
2363 2236 2583 2303 gaudio,
2611 2237 2755 2304 quod
2805 2251 2964 2304 supra
2995 2239 3270 2305 proprium
3319 2237 3577 2306 gaudium

2001 2324 2093 2386 sit,
2154 2326 2396 2393 indiget,
2461 2329 2562 2382 etsi
2623 2343 2718 2396 per
2767 2329 3128 2395 ignorantiam
3188 2338 3333 2398 putet
3377 2329 3582 2382 sentire

2001 2418 2180 2486 qualia
2213 2419 2450 2473 nondmn
2480 2424 2735 2486 senserit,
2769 2422 2871 2476 hac
2903 2421 3087 2476 laetitia
3113 2424 3347 2490 nonjam
3381 2424 3579 2490 fruita,

2004 2512 2467 2580 quemadmodum
2509 2528 2569 2567 se
2609 2515 2785 2569 credit
2815 2515 2952 2568 attici
2992 2516 3085 2584 qui
3117 2532 3310 2586 panem
3344 2519 3582 2572 crassio-

2007 2618 2120 2657 rem
2154 2605 2439 2668 comedit,
2479 2607 2710 2661 multum
2743 2617 2925 2661 tamen
2978 2624 3005 2661 a
3056 2609 3215 2676 panis
3268 2610 3580 2664 delectabili

2007 2713 2202 2764 sapore
2222 2698 2515 2753 distantem
2543 2738 2557 2762 ,
2595 2701 2722 2769 quia
2757 2701 3001 2755 nondum
3054 2717 3246 2770 panem
3310 2704 3580 2758 triticeum

2007 2793 2328 2860 gustaverit.

2081 2885 2166 2939 78.
2206 2887 2332 2940 Post
2367 2887 2711 2952 Spit-ltnalem
2771 2889 2954 2943 cordis
2992 2905 3088 2959 per
3146 2893 3373 2960 gratiam
3428 2895 3586 2948 unio-

2010 2994 2155 3043 nem,
2178 2980 2382 3046 absque
2407 2994 2596 3035 errore
2623 2980 2676 3034 in
2708 2982 2978 3050 spirituali
3004 2983 3209 3039 lumine
3234 3000 3390 3040 mens
3412 2987 3577 3053 videt,

2008 3082 2059 3126 et
2090 3074 2158 3124 ad
2195 3072 2244 3125 id
2299 3073 2445 3140 quod
2487 3073 2635 3142 cupit
2663 3075 3002 3139 extenditur,
3035 3077 3101 3131 ad
3152 3075 3320 3132 Deum
3370 3094 3582 3147 nempe,

2013 3172 2236 3217 omnino
2268 3174 2419 3217 extra
2455 3180 2653 3220 sensus
2704 3169 3028 3232 constituta,
3070 3169 3280 3238 absque
3317 3170 3506 3225 colore
3534 3182 3587 3226 et

329 3268 432 3322 καὶ
461 3263 809 3330 άποιος,’καὶ
849 3262 1192 3329 άφάνταστος
1245 3258 1757 3325 άποκαθιστάμενος
1798 3259 1917 3316 ταῖς

2011 3255 2311 3321 quantitate
2338 3293 2352 3316 ,
2411 3263 2466 3309 et
2498 3256 2754 3310 omnibus
2812 3257 3152 3312 sensibilium
3187 3259 3590 3330 imaginationi-

331 3359 669 3430 φαντασίαις
697 3356 807 3408 τῶν
835 3351 1132 3420 αἰσθητῶν.

403 3451 503 3504 οθθ.
541 3449 685 3509 Νοῦς
719 3447 826 3498 ὑπὸ
853 3444 955 3514 τῆς
983 3443 1203 3512 χάριτος
1231 3442 1310 3502 είς
1336 3441 1395 3492 τὸ
1429 3440 1654 3509 θεωρεῖν
1693 3441 1918 3509 ὁδηγού-

335 3561 522 3613 μενης,
566 3541 644 3603 ὡς
677 3538 895 3608 άληθῶς
930 3537 1105 3605 μάννα
1131 3534 1222 3586 διὰ
1254 3533 1451 3595 παντὸς
1482 3531 1650 3586 ἐσθίεί
1682 3551 1920 3602 πνευμα-

328 3637 506 3689 τικόν.
544 3634 619 3686 Τὸ
649 3633 759 3702 γὰρ
808 3632 871 3700 δὴ
906 3628 1164 3697 αἰσθητὸν
1217 3628 1412 3695 μάννα,
1466 3628 1602 3694 ὅπερ
1634 3629 1662 3678 ὁ
1705 3626 1920 3694 Ἰσραὴλ

325 3729 548 3798 ἢσθιεν,
587 3723 737 3792 εἶχεν
773 3723 1023 3792 ἐνήδονον
1052 3719 1330 3785 ἀξιόλογον
1355 3719 1586 3787 δύναμιν
1613 3719 1771 3787 σῶμα
1796 3718 1920 3787 τρέ.

330 3838 546 3887 φουσαν
566 3837 580 3850 ·
603 3817 734 3870 τίδὲ
766 3818 865 3885 τὴν
896 3813 1085 3867 οὐσίαν
1115 3815 1293 3865 ἐκεῖνο
1322 3807 1411 3879 ἦν,
1445 3813 1807 3879 ἀγνοούμενον
1829 3807 1919 3879 ἧν.

329 3913 508 3964 Ὀθεν
532 3911 627 3962 καὶ
657 3909 834 3978 μάννα
869 3906 1300 3977 προσηγόρευτο,
1321 3905 1586 3972 δηλούσης
1612 3905 1707 3972 τῆς
1727 3903 1924 3966 λέξεως

327 4004 392 4055 τὸ
450 4002 820 4070 ἀγνώριστον.
855 3999 921 4050 Τί
968 4000 1078 4067 γάρ
1120 3996 1316 4059 τοῦτο;
1354 3985 1559 4064 ἠλέξις
1601 3995 1772 4062 δηλοῖ.
1816 3994 1925 4046 Καὶ

331 4096 479 4159 ὅπερ
508 4092 698 4162 ἑώρων
727 4089 1024 4151 ἐσθίοντες,
1060 4087 1251 4140 τούτου
1283 4087 1381 4155 τὴν
1428 4086 1617 4138 ούσίαν
1653 4085 1725 4154 μὴ
1757 4088 1924 4152 ἐγνω-

330 4185 520 4246 κότες,
552 4181 1012 4250 ἀπορηματικῶς,
1050 4180 1114 4233 Τί
1148 4179 1306 4232 τοῦτό
1355 4182 1545 4243 ἐστιν;
1586 4179 1789 4247 ἔλεγον.
1827 4180 1926 4232 Διά

330 4274 546 4334 παντὸς
578 4274 643 4342 δὴ
690 4275 786 4324 καὶ
815 4275 842 4325 ὁ
869 4269 1208 4340 θεωρητικὸς
1261 4269 1539 4332 ἐξίσταται
1589 4269 1730 4322 κατὰ
1776 4269 1922 4334 νοῦν,

331 4371 431 4421 καὶ
463 4367 597 4436 πρὸς
630 4367 844 4431 ἑαυτὸν,
878 4365 944 4417 Τί
989 4364 1186 4426 τοῦτος
1224 4363 1387 4429 φησίν
1408 4379 1422 4394 ο
1467 4363 1605 4431 ὅπερ
1642 4361 1924 4431 εὐφραίνει

335 4461 443 4526 μὲν
479 4458 882 4526 θεωρούμενον,
918 4455 1011 4507 καὶ
1043 4455 1243 4506 πιαίνει
1273 4452 1363 4503 τὸν
1385 4451 1509 4504 νοῦν
1541 4451 1926 4520 πνευματικῶς

331 4550 686 4616 ἐσθιόμενον,
721 4546 1111 4618 ὑπερεκσαίνει
1140 4544 1197 4596 δὲ
1232 4544 1291 4597 τὸ
1324 4542 1560 4595 νοεῖσθαι
1595 4544 1716 4594 καθ’
1743 4544 1924 4603 ἑαυτὸ,

2008 3347 2109 3401 bus
2137 3347 2328 3400 libera.

2078 3441 2163 3494 79.
2211 3441 2365 3494 Mens
2414 3445 2585 3511 gratia
2637 3445 2702 3498 ad
2760 3447 3241 3513 contemplandum
3332 3449 3588 3515 adducta,

2008 3549 2130 3587 vere
2157 3551 2351 3589 manna
2385 3537 2665 3604 spirituale
2687 3539 2941 3594 comedit.
2977 3537 3242 3595 Sensibile
3274 3541 3418 3596 enim
3444 3557 3590 3595 manv

2010 3641 2077 3679 na
2107 3627 2250 3694 quod
2295 3627 2640 3682 manducavit
2687 3628 2876 3692 Israel,
2933 3629 3165 3686 habebat
3217 3631 3588 3686 delectabilem

2009 3720 2228 3787 quidem
2265 3730 2316 3774 et
2343 3721 2560 3787 dignam
2595 3723 2852 3776 virtutem
2878 3733 3074 3792 corpus
3098 3725 3378 3780 nutriendi
3413 3742 3426 3791 ;
3461 3726 3588 3794 quid

2013 3829 2140 3866 vero
2172 3814 2304 3867 illud
2339 3815 2773 3869 substantialiter
2801 3825 2971 3882 esset,
2998 3818 3306 3884 ignorabat.
3347 3818 3500 3906 que
3541 3829 3596 3873 et

2016 3922 2216 3960 manna
2260 3909 2669 3972 nominabatur,
2704 3923 2813 3976 quo
2847 3911 3067 3963 nomine
3101 3907 3428 3980 ignorantia’
3451 3913 3593 3966 indi-

2012 4013 2185 4055 catur.
2251 4000 2393 4066 Quid
2431 4002 2568 4054 enim
2592 4001 2738 4053 hoc?
2794 4003 3019 4057 verbum
3077 4005 3378 4073 signiﬁcat.
3435 4006 3592 4072 Quod

2014 4093 2269 4147 videbant
2295 4092 2666 4156 comedentes,
2692 4093 2856 4161 hujus
2874 4095 3238 4148 substantiam
3263 4097 3594 4163 nescientes.

2019 4199 2115 4237 nec
2129 4198 2247 4236 eam
2275 4182 2558 4236 nominare
2590 4187 2864 4249 volentes,
2895 4186 3022 4252 quid
3042 4195 3119 4242 est
3149 4193 3243 4240 hoc
3271 4189 3295 4240 Ρ
3321 4189 3592 4242 dicebant.
3637 4205 3648 4213 -

1989 4251 2249 4344 {Semper
2279 4276 2494 4344 quidem
2527 4285 2579 4329 et
2607 4251 3069 4346 contemplativus
3102 4295 3280 4333 mente
3311 4283 3514 4345 deﬁcit,
3543 4291 3599 4334 et

2018 4370 2082 4422 ad
2142 4369 2380 4438 seipsunt
2416 4386 2428 4422 :
2463 4369 2590 4437 quid
2621 4381 2695 4422 est
2720 4370 3054 4439 hoc?dicit;
3100 4375 3245 4441 quod
3317 4383 3595 4442 aspectum

2021 4461 2254 4516 lattiiicat
2287 4471 2340 4516 et
2364 4463 2525 4517 satiat
2563 4472 2795 4516 mentem
2816 4463 3177 4532 spiritualiter
3198 4468 3597 4532 contedentetn,

2020 4555 2109 4614 sed
2160 4557 2540 4623 cegitationem
2601 4563 3050 4628 superat,utpote
3101 4558 3343 4613 divimnn
3401 4569 3453 4614 et
3502 4575 3598 4614 su-

331 4643 417 4701 ὡς
455 4640 604 4692 θεῖον
629 4640 690 4692 ὃν
724 4641 818 4692 καὶ
853 4638 1154 4706 ὑπερφυὲς,
1189 4637 1283 4688 καὶ
1331 4635 1530 4703 τρέφον
1586 4635 1921 4702 παραδόξως.

2021 4655 2386 4724 petmturalc,
2460 4662 2508 4706 el
2574 4654 2713 4706 miro
2773 4652 2934 4706 modo
2992 4651 3247 4706 nutriens
3303 4657 3357 4706 et
3406 4662 3599 4721 potans

331 4733 433 4784 καὶ
458 4730 622 4796 άςμδον
645 4730 738 4782 τὸν
761 4729 906 4790 νοῦν,
934 4729 1032 4797 τὴν
1051 4727 1144 4780 τοῦ
1169 4726 1260 4778 νοῦ
1287 4726 1622 4779 κατάστασιν
1653 4727 1928 4794 ὑπεκφεύ-

329 4838 451 4887 γει,
492 4822 552 4872 οὗ
598 4824 758 4888 μόνον
786 4821 860 4874 t'o:
891 4821 1278 4888 ἀκατάληπτον
1304 4819 1404 4890 τὴν
1430 4818 1640 4884 οὐσίαν,
1674 4820 1809 4872 ἀλλά
1837 4824 1930 4873 καὶ

330 4912 416 4971 ὠς
450 4913 684 4980 ἄπειρον
711 4913 806 4965 καὶ
832 4912 1102 4978 ἀόριστον.

423 5017 502 5070 π’.
539 5017 680 5086 Τρία
714 5018 823 5070 eisi.
853 5019 918 5069 τά
943 5018 1325 5086 μαρτυροῦντα
1346 5022 1412 5089 τῇ
1444 5021 1692 5093 ἀληθείᾳ,
1730 5024 1935 5095 εἴποιμ’

337 5110 411 5163 ἂν
452 5108 547 5160 καὶ
594 5109 757 5170 αὐτὸς
803 5111 943 5161 κατὰ
973 5110 1034 5160 τὸ
1073 5110 1252 5172 εἰκός*
1291 5115 1322 5180 ἡ
1358 5113 1616 5185 κτίσις,ή
1656 5118 1846 5189 Γραφὴ
1879 5122 1936 5173 ὲν

337 5199 426 5268 τῷ
463 5192 737 5267 πνεύματί
769 5201 877 5270 (ἐκ
907 5201 1015 5267 γὰρ
1047 5204 1148 5270 τῆς
1181 5202 1402 5272 Γραφῆς
1437 5206 1532 5258 καὶ
1564 5209 1662 5276 τῆς
1707 5210 1936 5274 κτίσεως

341 5290 752 5358 πνευματικῶς
817 5291 1110 5359 ὁρωμένων
1190 5291 1538 5366 θεωρεῖταιή
1593 5298 1729 5366 μόνη
1789 5301 1935 5371 ἁπλῆ

343 5379 650 5450 ἀλήθεια),
690 5381 783 5432 καὶ
817 5382 849 5449 ἠ
880 5383 942 5433 ἐκ
987 5381 1192 5450 ταύτης
1243 5385 1515 5448 σύνθετος.
1554 5389 1661 5440 Καὶ
1701 5390 1789 5442 διὰ
1829 5392 1937 5444 τῶν

341 5471 669 5539 εἰρημένων
705 5471 874 5540 τριῶν
900 5472 1190 5541 γενόμενος
1218 5476 1276 5526 ὲν
1301 5479 1412 5537 τοῖς
1445 5477 1643 5545 ἐφεξῆς
1672 5478 1812 5543 δυσὶ,
1843 5483 1937 5535 καὶ

343 5564 651 5631 ἱστάμενος
677 5564 734 5613 ἐν
782 5563 987 5626 αὐτοῖς,
1036 5564 1251 5633 ἀπλανῆ
1295 5565 1515 5634 εὕρατο,
1568 5570 1802 5639 Χριστοῦ
1838 5575 1934 5641 χά-

343 5676 481 5728 ριτι,
520 5660 620 5725 τὴν
649 5658 767 5711 ὁδόν
786 5675 798 5689 ο
834 5659 1063 5729 ἐπέτυχε
1101 5660 1211 5730 γὰρ
1239 5663 1300 5714 ἐκ
1331 5664 1428 5731 μὲν
1457 5663 1560 5732 τῆς
1590 5666 1771 5734 ἁπλῆς
1797 5668 1931 5735 άλη-

345 5751 528 5812 θείας,
565 5747 735 5817 ὕψους
767 5750 982 5818 νοητοῦ,
1018 5753 1110 5804 καὶ
1135 5751 1353 5820 βάθους,
1389 5753 1467 5806 ἔτι
1493 5772 1550 5807 τε
1579 5757 1671 5808 καὶ
1698 5757 1935 5822 πλάτους

342 5830 586 5908 ἀπείρου
610 5855 622 5867 '
655 5839 722 5890 δι’
747 5839 783 5892 ἃ
814 5841 907 5892 καὶ
943 5842 1021 5903 είς
1057 5841 1320 5910 ἔκπληξιν
1369 5847 1662 5909 καταστάς,
1697 5847 1935 5917 ἔμφοϐος

344 5931 547 5998 ὑμνεῖ·
584 5931 647 5982 ἐκ
673 5931 729 5983 δέ
763 5948 824 5999 γε
850 5935 950 6001 τῆς
982 5933 1263 6000 συνθέτου,
1294 5935 1427 6006 πρὸς
1463 5941 1572 6001 τοῖς
1598 5938 1932 6010 λεγομένοις,

2023 4754 2312 4810 mentem;
2379 4745 2496 4812 ejus
2549 4758 2676 4796 vero
2737 4741 3103 4795 conditionem
3160 4743 3596 4811 supergreditur.

2023 4853 2127 4891 non
2166 4837 2328 4890 modo
2361 4837 2483 4905 quia
2533 4844 2723 4888 tutttra
2791 4832 3339 4928 incomprehensier
3367 4841 3471 4894 est,
3503 4831 3597 4884 sed

2022 4937 2075 4982 et
2104 4929 2228 4996 quia
2262 4927 2533 4981 inﬁnitum
2562 4941 2624 4980 ac
2671 4924 3108 4979 interminatum.
3274 4924 3300 4928 ”
3583 4926 3593 4936 ⁸

2092 5018 2180 5073 80.
2217 5018 2341 5072 Tria
2374 5026 2502 5072 sunt
2533 5032 2654 5085 qua:
2689 5015 2900 5071 veritati
2947 5013 3313 5068 testimonium
3345 5012 3597 5076 reddunt,

2026 5113 2199 5167 dicam
2224 5127 2324 5181 ego
2355 5127 2416 5164 ac
2442 5112 2633 5164 merito
2662 5125 2676 5174 ;
2707 5109 2932 5173 creatio,
2969 5107 3254 5176 Scriptura
3287 5107 3340 5159 in
3403 5107 3597 5175 spiritu

2026 5203 2110 5272 (ex
2154 5201 2436 5270 Scriptura
2456 5202 2601 5254 enim
2630 5211 2684 5255 et
2722 5201 3003 5254 creatione
3055 5197 3410 5269 spiritualiter
3470 5201 3600 5254 visis

2027 5296 2290 5364 aspicitur
2336 5295 2449 5346 sola
2507 5293 2736 5361 simplex
2782 5293 2983 5346 veritas
3006 5290 3048 5360 ),
3099 5300 3152 5345 et
3200 5306 3321 5360 quae
3368 5306 3435 5344 ex
3483 5291 3600 5360 ipsa
3649 5310 3651 5314 ·

2026 5387 2393 5454 componitur.
2424 5387 2486 5440 Et
2509 5386 2600 5455 qui
2627 5401 2719 5454 per
2753 5386 2863 5438 haec
2892 5383 2992 5438 tria
3048 5385 3100 5437 in
3130 5384 3346 5440 duobus
3379 5399 3601 5440 succes-

2027 5481 2138 5534 sive
2168 5479 2343 5533 lactus
2373 5488 2480 5542 est,
2541 5479 2593 5531 in
2624 5478 2801 5546 iisque
2858 5485 2988 5540 stat,
3064 5492 3333 5540 securam,
3393 5474 3598 5531 Christi

2025 5573 2220 5640 gratia,
2268 5573 2407 5624 viam
2457 5569 2694 5624 invenit:
2751 5571 2988 5624 occurrit
3043 5569 3184 5623 enim
3240 5583 3309 5622 ex
3368 5569 3600 5638 simplici

2028 5665 2275 5726 veritate,
2296 5663 2566 5732 apiritnali
2599 5661 2912 5717 celsitudini
2943 5673 2996 5716 et
3023 5661 3296 5716 altitudini
3333 5671 3384 5716 et
3416 5661 3597 5714 inlini-

2027 5754 2247 5821 tu'dini;
2288 5756 2557 5824 quibusin
2605 5755 3017 5809 admirationem
3050 5754 3405 5815 constitutus.
3447 5770 3600 5808 reve-

2031 5865 2154 5904 rcns
2197 5850 2423 5918 hymnos
2453 5848 2616 5902 canit.
2651 5846 2725 5900 Ex
2761 5862 2824 5901 ea
2856 5857 3035 5900 autent
3083 5861 3202 5914 qum
3232 5845 3597 5915 componitur,

2027 5947 2223 6010 praeter
2255 5937 2363 5994 duo
2390 5939 2492 5994 alia
2527 5939 2590 5995 de
2619 5937 2818 6012 quibus
2856 5938 3017 5994 locuti
3067 5953 3273 6002 sumus.
3327 5945 3380 5993 et
3419 5937 3598 5992 cordis
