4266 6450
321 406 424 468 917

1453 406 1551 467 DE
1580 408 1756 468 VlTA
1780 407 2408 472 CONTEMPLATIVA
2426 443 2442 460 ο

3472 406 3576 472 918

320 540 485 591 quam
507 523 560 574 in
590 537 812 592 pignore
832 522 1149 577 futurorum
1172 533 1612 593 meritorumque
1636 525 1901 578 bonorum
1933 534 1977 588 Α

1897 543 1901 575 ι
1933 534 1977 588 Α
2010 540 2197 592 γηται,
2228 528 2283 577 ἐν
2320 524 2690 592 ταπεινότητι,
2728 523 2820 576 καὶ
2853 523 3136 593 ἁπλότητι,
3158 522 3255 576 καὶ
3283 526 3462 576 πίστει
3493 524 3582 578 διὰ

321 618 357 668 l-.
375 617 638 668 ultionem
683 625 886 685 gustat.

2011 618 2112 687 τῆς
2161 620 2466 687 μαρτυρίας
2510 618 2608 687 τῆς
2659 617 2904 687 Γραφῆς,
2946 620 3038 671 καὶ
3089 617 3190 686 τῆς
3245 617 3474 678 κτίσεως
3527 621 3582 669 ὲν

321 713 606 783 πνεύματι
640 714 866 786 θεωρῶν
909 718 1009 785 τὴν
1057 715 1341 786 ἀλήθειαν,
1387 716 1482 771 καὶ
1534 715 1695 770 πάλιν
1729 714 2179 782 ὲπανακάμπτων
2223 715 2309 776 είς
2361 716 2427 768 τά
2474 716 2598 768 ὅθεν
2651 715 2958 784 κεκίνηται.
3010 718 3120 771 Καὶ
3159 716 3301 770 οὕτω
3345 718 3574 786 θεούμεο

321 826 411 868 νος
444 810 722 878 ὁσημέραι
767 809 856 862 διὰ
900 808 1000 878 τῆς
1038 810 1281 880 χάριτος,
1332 813 1427 864 καὶ
1475 811 1544 865 τά
1591 811 1732 881 ὑπὲρ
1778 811 1904 864 νοῦν
1932 810 2368 880 ὲλλαμπόμενος,
2419 811 2510 862 καὶ
2554 812 2701 880 ζωὴν
2745 811 2855 876 ζῶν
2904 812 3084 882 πάσης
3132 816 3310 883 χαρᾶς
3360 812 3587 884 ἔμπλεω

321 907 382 962 ὲν
450 908 672 978 Χριστῷ
731 907 809 978 τῷ
867 907 1058 979 Κυρίῳ
1099 909 1280 978 ἡμῶν,
1336 909 1411 971 ὡς
1478 908 2165 980 ὲῃάρῤαὸῶνιξγεὺεται
2235 907 2336 976 τῆς
2393 907 2750 972 ἀπολαύσεως
2799 907 2909 962 τῶν
2961 908 3270 979 μελλόντων
3342 913 3582 964 αἰωνίων

322 1001 572 1054 ἀγαθῶν.

405 1019 572 1054 αυων.

362 1019 483 1133 γει.
512 1082 945 1150 Contemplativa
979 1084 1082 1137 vita
1112 1085 1195 1139 his
1228 1085 1402 1141 tribus
1464 1098 1715 1144 constare
1760 1091 1918 1153 solet,

319 1173 537 1224 sincera
595 1183 650 1226 et
710 1176 1238 1244 irt'ept-eltensibilis;
1302 1179 1426 1243 lide,
1479 1181 1622 1248 dico,
1685 1181 1921 1250 Spiritus

320 1265 500 1316 sancti
531 1266 678 1318 clara
712 1269 1128 1337 participatione
1167 1280 1220 1324 et
1250 1270 1535 1339 sapientiae
1583 1273 1918 1342 cognitione.

321 1355 727 1424 Contemplatio
758 1376 902 1410 l'llllll
936 1371 1038 1426 est,
1073 1370 1130 1415 ut
1180 1364 1334 1432 quasi
1396 1379 1493 1432 per
1545 1364 1916 1419 deﬁnitionem

323 1445 541 1515 loquar.
576 1451 950 1518 cogitabilintn
1004 1454 1057 1506 in
1121 1455 1473 1511 sensibilibus
1522 1459 1780 1526 cognitio.
1814 1459 1920 1512 Ali-

331 1541 558 1604 quando
593 1557 718 1595 vero
749 1553 801 1596 ct
835 1547 983 1610 put-is
1015 1546 1397 1614 cogitabililius
1429 1563 1459 1600 a
1495 1563 1658 1603 sensu
1701 1565 1919 1618 separa-

324 1631 394 1684 tis
428 1634 479 1684 in
513 1634 577 1687 iis
603 1635 694 1703 qui
735 1636 1066 1703 proﬁciunt:
1105 1643 1248 1691 ttnde
1282 1654 1419 1706 opus
1457 1650 1541 1694 est
1575 1645 1698 1695 title.
1759 1661 1776 1693 ι
1805 1641 1917 1698 Nisi

319 1725 686 1787 credideritis,
731 1727 928 1796 inquit,
960 1745 1064 1782 non
1127 1731 1476 1800 intelligetis;
1507 1753 1524 1785 ι
1557 1750 1696 1803 OpIIS
1744 1743 1826 1790 est
1867 1746 1920 1790 et

319 1817 619 1884 spirittt,litt
641 1829 907 1882 quantum
937 1823 1208 1889 tSpititns
1229 1827 1412 1878 omnia
1435 1834 1731 1890 scrutatur,
1755 1829 1918 1880 etiam

319 1909 594 1976 ptofunda
628 1911 743 1966 Dei.
771 1931 790 1963 ι
838 1913 988 1967 Unde
1023 1915 1244 1971 divinus
1271 1915 1374 1970 Job
1401 1918 1577 1970 dixit:
1613 1937 1629 1968 ι
1661 1918 1918 1987 Omnipo-

322 2004 494 2055 tentis
544 2004 828 2072 inspiratio
861 2020 1090 2075 cstquu:
1135 2025 1220 2063 me
1261 2009 1502 2064 docuit.»
1567 2011 1771 2065 Deinde
1829 2013 1916 2066 illa

320 2095 510 2148 divina
545 2097 814 2162 enicacia,
847 2101 898 2152 in
931 2101 1094 2153 corde
1129 2102 1427 2166 iu~olilans,
1454 2114 1527 2169 et,
1563 2107 1710 2158 utita
1741 2105 1916 2158 dicam

321 2186 516 2241 vivens
555 2200 605 2243 et
636 2201 1041 2261 consequenter
1083 2196 1578 2263 supernaturaliter
1606 2197 1915 2262 vivilicans,

315 2277 383 2330 ad
415 2278 654 2347 Seipsam
695 2296 929 2336 mentem
948 2284 1224 2338 adducens
1254 2301 1371 2339 eam
1401 2286 1748 2341 ineﬂ‘abiliter
1792 2304 1916 2358 per-

325 2371 503 2436 cellit,
556 2381 609 2425 et
649 2389 769 2426 eam
807 2392 1098 2431 removens
1153 2377 1220 2430 ab
1254 2381 1404 2432 omni
1447 2382 1688 2434 vanitate
1751 2382 1916 2450 eique

319 2479 513 2527 pacem
550 2477 604 2519 et
654 2470 916 2534 gaudium
973 2482 1027 2524 et
1077 2473 1510 2526 consolationem
1560 2484 1616 2529 et
1672 2477 1916 2529 divinant

315 2556 642 2613 that‘itatem
680 2573 1042 2630 przcstanswt
1067 2565 1224 2618 facile
1249 2566 1430 2622 divina
1471 2567 1650 2623 videre
1680 2569 1919 2638 possitet

314 2654 528 2708 circum
551 2656 640 2709 illa
663 2658 866 2712 vertiet
889 2659 1052 2712 Deuat
1074 2678 1213 2714 novo
1244 2663 1403 2716 modo
1428 2663 1715 2733 itnaginari
1742 2680 1920 2733 eoque

317 2761 726 2813 consequenter
755 2753 924 2804 ltezari
957 2771 1080 2806 cum
1131 2757 1334 2822 majore
1366 2757 1632 2811 citaritate
1660 2767 1711 2812 et
1747 2757 1916 2811 simili

317 2842 716 2895 exsultatione.
746 2843 900 2912 Opus
935 2855 1017 2897 est
1051 2857 1106 2899 et
1143 2848 1436 2914 sapientia,
1490 2860 1546 2900 ut
1572 2849 1681 2902 dixi
1713 2870 1726 2914 ;
1788 2852 1916 2918 quia

324 2952 342 2984 ι
357 2935 652 3001 sapientia,
674 2937 854 3004 inquit
874 2937 1181 3005 Scriptura,
1204 2943 1476 2995 illuminat
1508 2946 1714 2996 vultum
1744 2946 1920 2997 ltotni-

321 3025 429 3077 nis.
459 3044 475 3074 ι
501 3025 780 3080 llluntittat
800 3045 921 3080 ettttt
950 3041 1005 3080 ut
1033 3049 1057 3081 a
1101 3033 1360 3086 sensibus
1423 3033 1490 3086 ad
1530 3035 1916 3101 cogitationem

321 3119 514 3187 rapide
538 3121 784 3187 feratur;
811 3130 907 3175 cta
928 3124 1286 3178 sensibililius
1305 3127 1369 3179 ad
1398 3126 1710 3195 cogitabilia
1754 3139 1808 3183 et
1832 3129 1915 3182 di-

322 3213 450 3262 vina
492 3215 804 3279 spectacula
845 3215 1070 3282 redeat;
1115 3217 1235 3271 etin
1263 3218 1534 3286 spirituali
1584 3223 1919 3278 revelatione

321 3304 625 3356 ineli‘abiiia
648 3305 870 3371 videat;
899 3308 1175 3360 illuminat
1203 3309 1356 3362 illum
1384 3324 1444 3365 ut
1467 3311 1763 3367 manifeste
1788 3329 1921 3368 con-

323 3397 628 3460 templetur
649 3408 705 3450 et
725 3400 1074 3454 unifortniter
1102 3401 1696 3470 snpersubstantialem
1754 3407 1925 3460 Deum

316 3489 672 3556 imaginetur.
694 3490 1060 3544 Diciturenim
1077 3493 1277 3548 alicubi
1301 3513 1350 3549 ιι
1373 3495 1572 3552 Beatus
1594 3497 1753 3551 homo
1769 3515 1925 3568 quem

317 3582 698 3648 ttterudieris,
727 3581 1125 3649 Domine,elde
1176 3589 1290 3657 lege
1331 3597 1444 3650 tua,
1473 3589 1730 3644 docueris
1773 3605 1920 3644 eunt:

315 3677 448 3742 quia
469 3676 586 3743 ipse
604 3686 684 3729 cst
713 3693 899 3730 revera
925 3679 1165 3745 sapiens,
1194 3693 1284 3747 per
1327 3681 1628 3735 doclt'inazn
1679 3685 1743 3737 ad
1769 3685 1924 3738 fidem

323 3769 634 3838 procedens
661 3780 716 3822 et
737 3769 975 3838 Spiritus
999 3773 1306 3825 eruditione
1332 3790 1530 3829 arcana
1561 3773 1650 3830 Det
1673 3777 1923 3845 discens;

323 3877 524 3932 magna
569 3876 696 3915 vere
733 3878 818 3916 res
841 3875 944 3928 ρει,
986 3863 1205 3929 sapiens
1277 3881 1369 3931 per
1421 3867 1582 3921 [idem
1639 3875 1688 3921 itt
1718 3870 1922 3924 unione

317 3961 376 4006 et
439 3953 869 4020 participatione
932 3957 1338 4020 supernaturali
1408 3960 1585 4012 sancti
1658 3961 1916 4030 Spiritus.

318 4046 387 4099 Et
425 4059 553 4097 Vere
588 4044 693 4096 tria
728 4054 877 4109 sunt,
912 4054 968 4098 ut
1033 4047 1259 4107 dicitur.
1297 4049 1679 4106 invincibilia:
1745 4054 1916 4121 Deus,

314 4137 572 4203 angelus,
631 4143 685 4189 et
720 4137 801 4189 vir
831 4139 1077 4202 Sapiens,
1141 4140 1270 4208 quia
1300 4143 1526 4213 angelus
1580 4146 1717 4200 alter
1752 4159 1834 4201 cst
1865 4151 1915 4203 iu

317 4240 472 4282 terra
511 4245 656 4282 novo
678 4230 877 4293 modo;
909 4233 1310 4298 contemplator
1339 4236 1566 4288 omnino
1592 4241 1916 4299 creatiouis.

313 4332 371 4372 et
403 4323 664 4373 sincerus
703 4319 796 4372 Dei
833 4320 1200 4374 increatarum
1238 4323 1448 4377 viarum
1473 4326 1688 4393 doctor,
1724 4330 1827 4392 Vel,
1870 4331 1914 4385 si

316 4414 521 4468 melius
552 4412 846 4466 dicendum
876 4421 982 4477 est,
1008 4412 1319 4468 divinorum
1352 4416 1648 4484 donorum,
1671 4422 1770 4475 sibi
1797 4421 1916 4477 sine

313 4506 493 4558 dubio
529 4503 827 4572 providens
857 4503 1157 4559 invisibilis
1187 4506 1360 4574 ipsius
1395 4505 1486 4561 Dei
1523 4525 1617 4577 per
1654 4510 1913 4578 frequen-

2094 1100 2204 1144 πα’.
2249 1092 2307 1143 Ὀ
2352 1089 2684 1160 θεωρητικὸς
2738 1089 2848 1155 βίος
2887 1090 2974 1140 διὰ
3005 1087 3173 1157 τριῶν
3201 1088 3429 1139 τουτωνὶ
3464 1103 3589 1138 συν-

2027 1185 2271 1237 ίστασθαι
2324 1184 2568 1251 πέφυκεν
2619 1181 2876 1250 ἀκέραιός
2935 1198 2991 1232 τε
3040 1182 3132 1233 καὶ
3182 1179 3588 1247 ἀνεπίληπτος·

2019 1277 2160 1341 λέγω
2188 1274 2250 1339 δὴ
2284 1272 2536 1335 πίστεως,
2566 1271 2799 1340 μετοχῆς
2820 1269 3082 1338 ἐναργοῦς
3105 1269 3196 1323 τοῦ
3230 1271 3385 1336 ἁγίου
3421 1268 3589 1321 Πνεῦ-

2021 1385 2209 1437 ματος,
2243 1365 2337 1416 καὶ
2371 1365 2562 1432 σοφίας
2610 1365 2888 1434 είδήσεως.
2924 1362 3138 1431 Θεωρία
3165 1363 3272 1430 γάρ
3311 1364 3481 1423 ἐστιν,
3516 1362 3590 1422 ὡς

2019 1464 2074 1511 ἐν
2106 1461 2216 1529 ὅρῳ
2249 1458 2433 1524 φάναι,
2468 1456 2664 1522 γνῶσις
2697 1457 2903 1523 νοητῶν
2933 1457 2989 1507 ὲν
3023 1455 3129 1522 ἄρα
3152 1457 3263 1515 τοῖς
3289 1456 3589 1522 αἰσθητοῖς,

2014 1554 2182 1604 ἐνίοτε
2217 1552 2272 1604 δὲ
2313 1552 2407 1604 καὶ
2424 1548 2596 1619 ψιλῶν
2611 1549 2813 1617 νοητῶν
2835 1549 3255 1617 κεχωρισμένων
3286 1549 3592 1616 αίσθήσεως

2015 1649 2104 1696 ἐπὶ
2167 1644 2274 1695 τῶν
2315 1643 2500 1695 ἰόντων
2552 1642 2632 1704 είς
2678 1642 2996 1708 προκοπὰς·
3049 1637 3368 1692 τούντεῦθεν
3413 1641 3491 1693 δεῖ
3524 1642 3589 1709 δὴ

2018 1735 2282 1796 πίστεως·
2327 1754 2342 1784 ι
2398 1733 2522 1786 Ἐὰν
2553 1732 2660 1802 γὰρ
2695 1731 2769 1801 μὴ
2821 1732 3169 1800 πιστεύσητε,
3230 1733 3418 1801 φησιν,
3480 1733 3588 1784 οὐδ’

2013 1829 2074 1880 οὐ
2110 1827 2184 1895 μὴ
2215 1826 2410 1894 συνῆτε
2433 1841 2446 1855 ’
2481 1842 2498 1875 ι
2533 1825 2608 1886 ὠς
2637 1824 2692 1876 δὲ
2721 1823 2785 1894 δὴ
2812 1825 2904 1877 καὶ
2936 1823 3275 1892 Πνεῦματος,
3308 1824 3501 1891 ἐφόσον
3530 1824 3590 1876 τὸ

2018 1920 2240 1986 Πνεῦμα
2267 1920 2445 1970 πάντα
2475 1917 2695 1988 ἐρευνᾷ,
2729 1917 2823 1969 καὶ
2852 1916 2918 1969 τὰ
2949 1915 3084 1985 βάθη
3120 1915 3213 1969 τοῦ
3240 1916 3400 1969 Θεοῦ.
3425 1917 3589 1970 Ὀθεν

2014 2014 2039 2064 ὁ
2062 2012 2202 2073 θεῖος
2228 2010 2330 2079 ἔφη
2377 2007 2526 2061 Ἰώσ-
2561 2028 2576 2059 ι
2611 2007 2753 2076 Πνοὴ
2782 2008 3228 2077 Παντοκράτορος
3255 2008 3588 2078 ὴδιδάσκου-

2015 2103 2083 2154 σά
2119 2118 2203 2170 με.
2239 2121 2256 2151 ι
2301 2102 2533 2154 Ἔπειτα
2567 2099 2942 2167 πεφυκότωςὴ
2975 2099 3117 2151 τοῦδ’
3151 2102 3205 2151 ἐν
3263 2100 3458 2171 καρδίᾳ
3492 2101 3584 2169 δή·

2015 2194 2214 2249 πουθεν
2245 2191 2572 2256 ἀναζέουσα.
2602 2192 2666 2244 ἵν’
2690 2192 2832 2245 οὕτω
2859 2209 2962 2259 φω,
2991 2193 3160 2256 ζῶσα,
3190 2195 3280 2245 καὶ
3304 2193 3359 2259 ἐξ
3387 2195 3588 2263 ἐπομέ-

2014 2305 2102 2340 νου
2135 2286 2349 2350 ζωοῦσα
2379 2286 2764 2355 ὐπερκοσμίως
2791 2285 2912 2338 θεία
2943 2286 3191 2357 ἐνέργεια
3221 2287 3356 2356 πρὸς
3381 2288 3585 2358 ἑαυτήν

2016 2399 2079 2433 συ
2089 2381 2360 2450 μπτήσσει
2385 2379 2638 2448 ἀρρήτως
2666 2378 2976 2446 συνάγουσα
2995 2378 3084 2430 τὸν
3107 2376 3252 2442 νοῦν,
3272 2379 3363 2430 καὶ
3383 2379 3584 2442 παντὸς

2015 2471 2268 2542 ἀπείργει
2320 2471 2509 2524 τοῦτον
2568 2469 2976 2539 μετεωρισμοῦ,
3036 2469 3128 2522 καὶ
3181 2469 3410 2540 παρέχει
3449 2471 3586 2538 μετά

2015 2562 2277 2630 γαλήνης,
2313 2561 2402 2613 καὶ
2436 2559 2637 2628 ποῗλῆς
2679 2558 2968 2628 θυμηδίας,
3019 2558 3113 2611 καὶ
3161 2560 3584 2630 παρακλήσεως,

2014 2653 2112 2706 καὶ
2141 2651 2365 2721 προσέτι
2393 2650 2543 2713 Θείας
2571 2651 2790 2720 ἀγάπης
2818 2667 2832 2680 ’
2869 2652 3042 2722 ῥᾷστα
3075 2650 3142 2703 τά
3168 2650 3286 2703 θεῖα
3314 2651 3465 2723 όρᾷν,
3491 2653 3587 2706 καὶ

2021 2747 2148 2813 περὶ
2175 2742 2314 2795 αὐτά
2345 2739 2692 2812 στρέφεσθαι,
2727 2742 2820 2793 καὶ
2847 2743 2978 2794 Θεὸν
3009 2742 3373 2807 φαντάζεσθαι
3405 2760 3586 2795 καινο-

2009 2832 2256 2901 πρεπῶς,
2283 2833 2373 2884 καὶ
2401 2833 2458 2899 ἐξ
2482 2832 2780 2902 ἐφαμίλλου
2809 2836 2958 2906 αὑτῷ
2986 2839 3432 2908 ὲνευφραίνεσθκιι
3457 2848 3595 2916 μετὰ

2014 2924 2280 2993 μειζόνων
2311 2925 2604 2994 ἀφορήτων
2639 2926 2879 2996 ἐρώτων,
2930 2929 3022 2980 καὶ
3055 2931 3392 3002 καταλλήλου
3424 2940 3596 3005 ἀγα).-

2011 3016 2308 3082 λιάματος·
2357 3019 2527 3071 δεῖται
2554 3018 2612 3070 δὲ
2650 3018 2744 3070 καὶ
2788 3019 3006 3089 σοφίας,
3039 3022 3113 3086 ὡς
3151 3024 3306 3096 ἔφην,
3341 3030 3422 3082 ὅτι
3462 3051 3478 3082 t
3528 3032 3593 3086 Ἢ

2009 3111 2188 3175 σοφία,
2211 3111 2372 3177 φησὶν
2391 3111 2424 3178 ή
2449 3111 2656 3180 Γραφὴ,
2682 3115 2872 3178 φωτιεῖ
2888 3113 3175 3180 πρόσωπον
3204 3119 3493 3187 ἀνθρώπου
3519 3141 3531 3154 ο
3565 3146 3582 3173 ι

2009 3204 2202 3266 φωτιεῖ
2236 3203 2371 3270 πρὸς
2416 3202 2475 3252 τὸ
2521 3203 2627 3254 ἀπὸ
2677 3203 2773 3271 τῆς
2806 3205 3111 3274 αἰσθήσεως
3155 3213 3589 3283 μεταϐεϐηκέναι

2009 3297 2085 3354 εἰς
2119 3294 2301 3360 νόησιν
2354 3295 2622 3358 εὐπετῶς,
2684 3299 2776 3349 καὶ
2808 3297 2915 3350 ἀπὸ
2946 3299 3053 3352 τῶν
3094 3303 3368 3372 αἰσθητῶν
3416 3309 3494 3368 είς
3521 3307 3590 3359 τὰ

2007 3386 2192 3453 νοητὰ,
2217 3386 2307 3436 καὶ
2329 3385 2444 3437 θεῖα
2469 3386 2715 3455 θεάματα
2735 3387 3001 3451 ἀνελθεῖν,
3039 3393 3131 3443 καὶ
3161 3396 3217 3444 ἐν
3245 3395 3588 3466 ἀποκαλύψει

2006 3476 2164 3543 νοερᾷ
2185 3475 2366 3542 ἄφατα
2390 3478 2625 3528 κατιδεῖν
2650 3495 2662 3507 ·
2697 3484 2890 3546 φωτιεί
2914 3483 3046 3553 πρὸς
3087 3483 3146 3535 τὸ
3183 3484 3460 3557 θεωρῆσαι
3488 3491 3588 3541 ὲπ-

2003 3567 2267 3629 οπτικῶς,
2301 3569 2391 3618 καὶ
2412 3569 2656 3630 ὲνοειδώς
2688 3573 3058 3642 φαντασθῆναι
3082 3575 3214 3628 Θεὸν
3240 3578 3582 3647 ὑπεροῦσιον.

2008 3651 2080 3708 Ἦ
2115 3676 2216 3710 που
2257 3660 2318 3728 ἰὴ
2356 3661 2621 3732 μακάριος
2677 3664 2981 3733 ἄιθρωπος,
3039 3667 3097 3718 ὃν
3153 3669 3218 3722 ἂν
3263 3671 3583 3744 παιδεύσῃς,

2009 3749 2195 3818 Κύριε,
2234 3754 2326 3802 καὶ
2350 3753 2412 3803 ἐκ
2435 3753 2527 3804 τοῦ
2549 3754 2716 3821 νόμον
2743 3773 2836 3807 σου
2869 3757 3086 3827 διδάξῃς
3113 3762 3273 3814 αὐτόν
3292 3781 3302 3791 ·
3324 3764 3405 3816 ὃτι
3429 3760 3586 3825 οὗτός

2004 3843 2151 3894 ἐστιν
2188 3844 2214 3893 ὁ
2245 3843 2319 3912 τῷ
2361 3845 2472 3896 ὃντι
2502 3847 2684 3912 σοφὸς,
2731 3848 2818 3900 διά
2853 3851 3102 3905 παιδείας
3131 3853 3209 3915 είς
3248 3855 3428 3907 πίστιν
3466 3857 3580 3917 ἰὼν,

2004 3937 2095 3989 καὶ
2127 3939 2192 4005 τῇ
2222 3936 2315 3988 τοῦ
2350 3938 2660 4007 Πνεῦματος
2685 3941 2872 4011 διδαχῇ
2896 3943 3291 4012 διδασκόμενος
3321 3948 3386 3999 τά
3411 3951 3584 4021 ἀπόρ-

2005 4029 2143 4095 ρητα
2191 4027 2283 4079 τοῦ
2335 4029 2508 4081 Θεοῦ·
2564 4031 2708 4099 μέγα
2765 4033 2954 4104 χρῆμα
3010 4036 3225 4105 ἀληθῶς
3279 4039 3441 4106 σοφὸς
3491 4042 3578 4093 διὰ

2002 4118 2237 4180 πίστεως
2265 4121 2582 4187 περιπατῶν
2609 4125 2665 4174 ὲν
2684 4124 2873 4174 ὲνῶσει
2902 4126 2992 4177 καὶ
3026 4127 3281 4198 κοινωνίᾳ
3310 4130 3579 4199 ὑπερφυεῖ

1997 4210 2092 4261 τοῦ
2140 4211 2474 4281 Πνεῦματος.
2530 4215 2637 4266 Καὶ
2694 4215 2863 4278 ὅντως
2929 4218 3057 4286 τρία
3116 4221 3233 4272 ἐστὶ
3286 4223 3426 4275 κατὰ
3484 4224 3577 4276 τὸν

1997 4302 2222 4355 εἰπόντα
2274 4305 2596 4374 ἀκράτητα·
2635 4307 2787 4372 Θεὸς,
2845 4311 2936 4361 καὶ
2990 4311 3243 4378 ἄγγελος,
3302 4316 3398 4367 καὶ
3436 4317 3577 4388 ἀνὴρ

1998 4392 2323 4460 φιλόσοφος’
2363 4397 2595 4462 ἄγγελος
2643 4398 2800 4461 ἄλλος
2832 4401 2924 4452 ἐπὶ
2956 4403 3054 4472 τῆς
3081 4403 3186 4472 γῆς
3221 4403 3571 4477 ξενότροποςο

1997 4484 2242 4553 ἐπόπτης
2280 4487 2496 4549 πάντως
2534 4490 2634 4558 τῆς
2662 4492 2867 4561 ὁρατῆς
2921 4493 3174 4560 κτίσεως,
3208 4497 3304 4549 καὶ
3353 4501 3577 4570 γνήσιος

314 4611 400 4650 ινδ
434 4608 643 4659 motus,
676 4597 1000 4666 angelorum
1029 4613 1178 4650 more
1196 4601 1590 4669 cognitionem.
1626 4601 1774 4656 Talis
1803 4613 1906 4672 est,
1943 4630 1991 4690 υ

1891 4645 1906 4672 ’
1943 4578 2210 4690 υμύστης
2242 4583 2348 4635 τῶν
2380 4585 2540 4637 θείων
2562 4586 2694 4638 Θεοῦ
2729 4576 3004 4643 ἀκτίστων
3034 4593 3296 4661 προόδων,
3327 4595 3436 4646 εἴτε
3467 4595 3573 4665 μὴν

311 4707 482 4760 quem
519 4690 945 4758 descripsimus,
987 4690 1080 4761 qui
1111 4705 1205 4760 per
1239 4694 1396 4746 lldeut
1435 4694 1489 4748 in
1517 4709 1706 4750 saneto
1737 4696 1910 4766 Spiri-
1943 4675 1996 4714 v‘

1892 4730 1910 4740 ,
1943 4675 2216 4744 ’δωρεῶν
2256 4677 2430 4731 ἐθέλει
2459 4696 2539 4740 τις
2571 4679 2773 4747 λέγειν,
2812 4683 3270 4754 ὲπιδραττόμενος
3309 4687 3569 4760 ἀμηγέπη

314 4800 396 4846 tzt,
433 4793 517 4837 est
555 4785 797 4853 sapiens,
830 4791 997 4853 atque
1043 4785 1115 4838 ita
1175 4785 1389 4844 beati“.
1457 4789 1524 4842 Et
1580 4804 1709 4845 vero
1778 4793 1912 4847 mihi

312 4877 627 4940 S'lilicilllll,
692 4883 750 4929 ut
803 4877 954 4930 omni
1018 4893 1150 4930 cura
1225 4879 1429 4944 solvar,
1487 4884 1771 4951 sapientia:
1858 4893 1914 4939 et

309 4973 509 5041 gratia:
540 4970 650 5022 vim
679 4979 732 5022 et
755 4972 947 5025 Iaudes
968 4984 1258 5036 enarratis,
1293 4989 1414 5041 quae
1442 4976 1622 5031 Lucas
1655 4978 1708 5030 itt
1731 4979 1913 5032 Evan-

307 5081 478 5134 gt-tns
521 5064 689 5116 rei-tt
716 5063 785 5116 de
816 5061 946 5117 Jesu
977 5064 1234 5117 Domino.
1299 5067 1375 5118 Ita
1409 5067 1556 5122 enim
1590 5068 1641 5123 in
1675 5071 1910 5138 quodam

307 5157 616 5226 Scriptura-
639 5157 1024 5226 locoloquitur
1052 5175 1066 5213 :
1096 5176 1114 5209 ι
1151 5158 1207 5213 In
1241 5161 1442 5228 quibus
1480 5163 1791 5230 proﬁciebat
1826 5183 1912 5222 sa—

310 5249 524 5317 pientia
549 5256 776 5303 ctazlate
796 5259 849 5303 et
872 5253 1101 5320 gratia.»
1141 5253 1201 5307 Et
1229 5270 1442 5308 rursum
1471 5274 1518 5308 ιι
1546 5256 1913 5317 Ctescebatet

308 5338 694 5392 invalescebat
717 5341 948 5408 Spiritu,
987 5342 1180 5409 plenus
1218 5348 1542 5411 sapientia»
1595 5348 1747 5403 Nune
1785 5367 1911 5406 vero

306 5432 522 5485 clarius
554 5433 622 5485 de
653 5435 948 5501 propositis
996 5436 1390 5504 loquitupiens
1457 5456 1519 5496 ex
1567 5444 1714 5498 τοίοι-
1737 5445 1802 5496 ab
1843 5446 1911 5499 iis

307 5540 433 5590 qth
461 5524 593 5576 dicit
621 5523 880 5578 Salomon
910 5528 974 5579 ad
1006 5526 1197 5582 Deum.
1232 5549 1246 5577 ι
1277 5534 1407 5594 Qua:
1453 5536 1499 5583 in
1563 5536 1717 5588 cmlis
1780 5545 1911 5592 sunt

306 5620 436 5684 quis
467 5617 856 5685 investigavit?
885 5617 1183 5673 Consilium
1225 5632 1402 5674 autem
1441 5631 1591 5677 tuuzn
1643 5643 1763 5693 quis
1816 5645 1911 5682 co-

306 5711 543 5779 gnovit;
573 5710 679 5763 nisi
712 5719 767 5762 tu
799 5711 1017 5767 dederis
1036 5714 1384 5781 sapientiam,
1412 5724 1464 5767 et
1498 5718 1712 5772 miseris
1737 5722 1912 5790 Spiri-

307 5796 423 5854 iuttt
465 5814 722 5856 sanctum
756 5813 911 5857 tuum
959 5805 1026 5860 de
1093 5809 1355 5875 excelsis,
1406 5819 1456 5863 et
1491 5812 1569 5865 sic
1629 5814 1909 5870 salventur

303 5908 504 5950 eorum
545 5895 639 5964 qui
669 5893 725 5950 in
757 5904 904 5953 terra
934 5908 1061 5954 sunt
1097 5900 1305 5956 semitae
1335 5919 1348 5967 ί
1385 5914 1438 5957 et
1474 5919 1594 5972 qu.c
1659 5906 1756 5960 tibi
1790 5908 1907 5978 pla-

1996 4770 2088 4820 καὶ
2120 4769 2288 4822 αὐτοῦ
2321 4770 2415 4822 τοῦ
2469 4772 2702 4825 ἀθεάτου
2744 4779 2930 4845 τρόπῳ
2981 4778 3164 4843 παντὶ,
3199 4781 3339 4833 κατά
3370 4781 3574 4849 ἀθρόαν

1995 4860 2253 4930 επιϐολὴν
2285 4865 2743 4935 ἀγγελομιμήτως
2767 4868 3180 4937 τὴνὲπίγνωσιν
3206 4872 3361 4927 Θεοῦ.
3391 4875 3573 4927 Τοιοῦ·

1998 4953 2086 5014 τός
2117 4957 2287 5016 ὲστιν,
2321 4955 2395 5019 ὡς
2426 4958 2483 5008 ἐν
2510 4959 2799 5030 ὑπογραφῇ
2843 4962 3034 5026 φάναι,
3071 4963 3097 5014 ὁ
3125 4963 3211 5016 διὰ
3244 4966 3483 5029 πίστεως
3515 4971 3570 5019 ἐν

1994 5044 2135 5112 ἁγίῳ
2168 5047 2445 5116 Πνεῦματι
2472 5049 2656 5117 σοφὸς,
2691 5053 2784 5102 καὶ
2809 5052 2951 5105 οὕτω
2978 5055 3272 5125 μακάριος.
3311 5059 3569 5124 Καίτοιγε

1993 5136 2152 5204 ἢρκει
2193 5137 2635 5206 ἀναμφιλέκτως.
2673 5139 2707 5192 ἂ
2743 5142 2955 5203 Λουκᾶς
2980 5146 3036 5194 ἒν
3067 5147 3414 5212 Εὑαγγελίοις
3442 5153 3568 5202 δίει-

1996 5246 2080 5280 σιν
2117 5230 2323 5281 εἰπόντι
2357 5247 2468 5298 μοι,
2506 5235 2634 5300 περί
2681 5251 2739 5298 γε
2785 5233 2959 5300 Ἰησοῦ
2995 5236 3086 5288 τοῦ
3121 5238 3348 5306 Κυρίου,
3391 5242 3565 5309 ἀπηλ-

1993 5319 2186 5389 λάχθαι
2220 5322 2581 5390 πραγμάτων,
2616 5323 2688 5384 ὡς
2723 5324 2977 5386 διεξιέναι
3006 5327 3194 5395 σοφίας
3225 5331 3315 5381 καὶ
3346 5332 3565 5400 χάριτος

1990 5409 2242 5481 δύναμιν,
2279 5414 2372 5466 καὶ
2405 5413 2675 5483 ἐγκώμια.
2729 5416 2886 5468 Οῦτω
2915 5418 3022 5486 γὰρ
3049 5413 3202 5482 οὗτος
3230 5422 3287 5472 ὲν
3311 5422 3458 5492 τόπῳ
3484 5425 3565 5476 τί-

1992 5502 2117 5570 θησι
2147 5503 2390 5573 γράφων,
2421 5524 2437 5554 ι
2465 5507 2550 5556 Ἔν
2577 5500 2655 5568 οἷς
2680 5508 2984 5576 προέκοπτε
3011 5510 3193 5580 σοφίᾳ,
3245 5515 3562 5586 καὶὴλικίᾳ,

1993 5597 2086 5648 καὶ
2138 5597 2340 5666 χάριτι.
2387 5616 2403 5646 t
2444 5599 2552 5650 Καὶ
2601 5598 2782 5660 πάλιν,
2818 5600 2898 5652 ὅτι
2936 5620 2952 5650 t
2995 5600 3202 5666 Ηῦεανε
3252 5607 3345 5657 καὶ
3401 5609 3561 5674 Expa-

1989 5687 2204 5741 ταιοῦτο
2250 5688 2548 5759 πνεύματι,
2597 5688 2976 5760 πληρούμενον
3026 5693 3237 5760 σοφίας.
3288 5715 3304 5746 ι
3344 5697 3479 5748 Νυνὶ
3508 5698 3559 5751 δὲ

1993 5781 2453 5851 περιφανέστερον
2485 5784 2610 5852 περὶ
2638 5783 2744 5834 τῶν
2770 5784 3146 5852 προκειμένων
3171 5787 3344 5838 εἰπεῖν
3373 5787 3552 5857 ὡρμη-

1993 5870 2161 5941 μένῳ,
2192 5870 2487 5942 προτίθημι
2521 5872 2614 5925 καὶ
2657 5873 2684 5924 ὅ
2732 5888 2895 5942 φησιν
2929 5873 2954 5925 ό
2987 5872 3128 5945 ἱερὸς
3156 5873 3404 5944 Σολομὼν
3431 5875 3560 5944 πρὸς
