  <div class='ocr_page' id='page_1' title='image "/cluster/home/n/w/nwhite01/storage/ocr_20150623/147/nnc1.0046980555/469.png"; bbox 0 0 4266 6450; ppageno 0'>
   <div class='ocr_carea' id='block_1_1' title="bbox 738 407 841 467">
    <p class='ocr_par' dir='ltr' id='par_1_1' title="bbox 738 407 841 467">
     <span class='ocr_line' id='line_1_1' title="bbox 738 407 841 467; baseline -0.019 0"><span class='ocrx_word' id='word_1_1' title='bbox 738 407 841 467; x_wconf 70' lang='lat'><strong>927</strong></span> 
     </span>
    </p>
   </div>
   <div class='ocr_carea' id='block_1_2' title="bbox 1880 382 2883 458">
    <p class='ocr_par' dir='ltr' id='par_1_2' title="bbox 1880 382 2883 458">
     <span class='ocr_line' id='line_1_2' title="bbox 1880 382 2883 458; baseline -0.015 0"><span class='ocrx_word' id='word_1_2' title='bbox 1880 390 2226 458; x_wconf 78' lang='lat' dir='ltr'><strong>CALLISTI</strong></span> <span class='ocrx_word' id='word_1_3' title='bbox 2271 382 2883 447; x_wconf 61' lang='lat' dir='ltr'><strong>CATAPHUGIO’I‘E</strong></span> 
     </span>
    </p>
   </div>
   <div class='ocr_carea' id='block_1_3' title="bbox 3903 412 4010 473">
    <p class='ocr_par' dir='ltr' id='par_1_3' title="bbox 3903 412 4010 473">
     <span class='ocr_line' id='line_1_3' title="bbox 3903 412 4010 473; baseline 0 0"><span class='ocrx_word' id='word_1_4' title='bbox 3903 412 4010 473; x_wconf 74' lang='grc'><strong>998</strong></span> 
     </span>
    </p>
   </div>
   <div class='ocr_carea' id='block_1_4' title="bbox 743 507 2428 598">
    <p class='ocr_par' dir='ltr' id='par_1_4' title="bbox 743 507 2428 588">
     <span class='ocr_line' id='line_1_4' title="bbox 743 507 2428 588; baseline -0.007 -15"><span class='ocrx_word' id='word_1_5' title='bbox 743 542 769 573; x_wconf 86' lang='lat' dir='ltr'><strong>r</strong></span> <span class='ocrx_word' id='word_1_6' title='bbox 798 523 959 576; x_wconf 88' lang='lat' dir='ltr'><strong>tualis</strong></span> <span class='ocrx_word' id='word_1_7' title='bbox 994 532 1156 579; x_wconf 83' lang='lat' dir='ltr'><strong>terra.</strong></span> <span class='ocrx_word' id='word_1_8' title='bbox 1209 542 1225 572; x_wconf 69' lang='grc' dir='ltr'><strong>ι</strong></span> <span class='ocrx_word' id='word_1_9' title='bbox 1268 535 1460 588; x_wconf 77' lang='lat' dir='ltr'><strong>nempe</strong></span> <span class='ocrx_word' id='word_1_10' title='bbox 1501 534 1595 571; x_wconf 83' lang='lat' dir='ltr'><strong>cor</strong></span> <span class='ocrx_word' id='word_1_11' title='bbox 1639 526 1908 578; x_wconf 88' lang='lat' dir='ltr'><strong>nostrum,</strong></span> <span class='ocrx_word' id='word_1_12' title='bbox 1943 507 2321 566; x_wconf 76' lang='lat' dir='ltr'><strong>misericordia</strong></span> <span class='ocrx_word' id='word_1_13' title='bbox 2355 507 2428 561; x_wconf 48' lang='lat' dir='ltr'><strong>An</strong></span> 
     </span>
    </p>
   </div>
   <div class='ocr_carea' id='block_1_5' title="bbox 2322 507 4007 598">
    <p class='ocr_par' dir='ltr' id='par_1_5' title="bbox 2355 507 4007 598">
     <span class='ocr_line' id='line_1_5' title="bbox 2355 507 4007 598; baseline 0.012 -31"><span class='ocrx_word' id='word_1_14' title='bbox 2355 507 2396 561; x_wconf 77' lang='grc' dir='ltr'>Α</span> <span class='ocrx_word' id='word_1_15' title='bbox 2424 518 2690 588; x_wconf 83' lang='grc' dir='ltr'>πνεύματι</span> <span class='ocrx_word' id='word_1_16' title='bbox 2724 522 2819 571; x_wconf 82' lang='grc' dir='ltr'><strong>του</strong></span> <span class='ocrx_word' id='word_1_17' title='bbox 2847 533 3111 590; x_wconf 83' lang='grc' dir='ltr'>στοματος</span> <span class='ocrx_word' id='word_1_18' title='bbox 3137 524 3321 577; x_wconf 73' lang='grc' dir='ltr'>αὐτοῦ·</span> <span class='ocrx_word' id='word_1_19' title='bbox 3355 548 3371 578; x_wconf 74' lang='grc' dir='ltr'><strong>ι</strong></span> <span class='ocrx_word' id='word_1_20' title='bbox 3406 527 3532 580; x_wconf 73' lang='grc' dir='ltr'>ποτε</span> <span class='ocrx_word' id='word_1_21' title='bbox 3563 528 3649 598; x_wconf 75' lang='grc' dir='ltr'><strong>δήο</strong></span> <span class='ocrx_word' id='word_1_22' title='bbox 3684 551 3700 582; x_wconf 79' lang='grc' dir='ltr'><strong>ι</strong></span> <span class='ocrx_word' id='word_1_23' title='bbox 3738 533 4007 596; x_wconf 76' lang='grc' dir='ltr'>Ὀπηνίκα</span> 
     </span>
    </p>
   </div>
   <div class='ocr_carea' id='block_1_6' title="bbox 746 605 2326 682">
    <p class='ocr_par' dir='ltr' id='par_1_6' title="bbox 746 605 2326 682">
     <span class='ocr_line' id='line_1_6' title="bbox 746 605 2326 682; baseline -0.008 -14"><span class='ocrx_word' id='word_1_24' title='bbox 746 615 1001 682; x_wconf 81' lang='lat' dir='ltr'><strong>Domini;</strong></span> <span class='ocrx_word' id='word_1_25' title='bbox 1049 633 1069 667; x_wconf 69' lang='grc' dir='ltr'><strong>ι</strong></span> <span class='ocrx_word' id='word_1_26' title='bbox 1107 614 1377 682; x_wconf 86' lang='lat' dir='ltr'><strong>spirituali</strong></span> <span class='ocrx_word' id='word_1_27' title='bbox 1416 627 1611 678; x_wconf 77' lang='lat' dir='ltr'><strong>nempe</strong></span> <span class='ocrx_word' id='word_1_28' title='bbox 1655 612 1856 666; x_wconf 84' lang='lat' dir='ltr'><strong>virtute</strong></span> <span class='ocrx_word' id='word_1_29' title='bbox 1904 617 1957 660; x_wconf 77' lang='lat' dir='ltr'><strong>et</strong></span> <span class='ocrx_word' id='word_1_30' title='bbox 2008 605 2243 660; x_wconf 81' lang='lat' dir='ltr'><strong>cﬂicacia</strong></span> <span class='ocrx_word' id='word_1_31' title='bbox 2275 613 2326 655; x_wconf 76' lang='lat' dir='ltr'><strong>et</strong></span> 
     </span>
    </p>
   </div>
   <div class='ocr_carea' id='block_1_7' title="bbox 748 705 2324 772">
    <p class='ocr_par' dir='ltr' id='par_1_7' title="bbox 748 705 2324 772">
     <span class='ocr_line' id='line_1_7' title="bbox 748 705 2324 772; baseline -0.006 -11"><span class='ocrx_word' id='word_1_32' title='bbox 748 719 892 763; x_wconf 86' lang='lat' dir='ltr'><strong>nqu</strong></span> <span class='ocrx_word' id='word_1_33' title='bbox 927 710 1258 765; x_wconf 79' lang='lat' dir='ltr'><strong>sensibiliu-r</strong></span> <span class='ocrx_word' id='word_1_34' title='bbox 1297 726 1358 762; x_wconf 86' lang='lat' dir='ltr'><strong>ac</strong></span> <span class='ocrx_word' id='word_1_35' title='bbox 1409 707 1719 762; x_wconf 79' lang='lat' dir='ltr'><strong>manifeste.</strong></span> <span class='ocrx_word' id='word_1_36' title='bbox 1770 705 2094 772; x_wconf 82' lang='lat' dir='ltr'><strong>Priusquam</strong></span> <span class='ocrx_word' id='word_1_37' title='bbox 2143 709 2324 753; x_wconf 89' lang='lat' dir='ltr'><strong>autem</strong></span> 
     </span>
    </p>
   </div>
   <div class='ocr_carea' id='block_1_8' title="bbox 748 801 2324 857">
    <p class='ocr_par' dir='ltr' id='par_1_8' title="bbox 748 801 2324 857">
     <span class='ocr_line' id='line_1_8' title="bbox 748 801 2324 857; baseline -0.003 -7"><span class='ocrx_word' id='word_1_38' title='bbox 748 823 865 854; x_wconf 70' lang='lat' dir='ltr'><strong>nam</strong></span> <span class='ocrx_word' id='word_1_39' title='bbox 893 805 944 856; x_wconf 93' lang='lat' dir='ltr'><strong>in</strong></span> <span class='ocrx_word' id='word_1_40' title='bbox 974 804 1138 857; x_wconf 74' lang='lat' dir='ltr'><strong>corde</strong></span> <span class='ocrx_word' id='word_1_41' title='bbox 1161 803 1454 855; x_wconf 70' lang='lat' dir='ltr'><strong>t-ﬂieariain</strong></span> <span class='ocrx_word' id='word_1_42' title='bbox 1494 811 1548 857; x_wconf 87' lang='lat' dir='ltr'><strong>et</strong></span> <span class='ocrx_word' id='word_1_43' title='bbox 1584 801 1844 854; x_wconf 91' lang='lat' dir='ltr'><strong>virtutem</strong></span> <span class='ocrx_word' id='word_1_44' title='bbox 1875 807 1928 854; x_wconf 90' lang='lat' dir='ltr'><strong>et</strong></span> <span class='ocrx_word' id='word_1_45' title='bbox 1963 806 2169 850; x_wconf 83' lang='lat' dir='ltr'><strong>motum</strong></span> <span class='ocrx_word' id='word_1_46' title='bbox 2199 808 2324 848; x_wconf 78' lang='lat' dir='ltr'><strong>sen-</strong></span> 
     </span>
    </p>
   </div>
   <div class='ocr_carea' id='block_1_9' title="bbox 743 884 2328 959">
    <p class='ocr_par' dir='ltr' id='par_1_9' title="bbox 743 884 2328 959">
     <span class='ocr_line' id='line_1_9' title="bbox 743 884 2328 959; baseline -0.007 -11"><span class='ocrx_word' id='word_1_47' title='bbox 743 895 838 948; x_wconf 86' lang='lat' dir='ltr'><strong>tiat</strong></span> <span class='ocrx_word' id='word_1_48' title='bbox 875 911 1047 959; x_wconf 87' lang='lat' dir='ltr'><strong>meus,</strong></span> <span class='ocrx_word' id='word_1_49' title='bbox 1081 912 1189 948; x_wconf 88' lang='lat' dir='ltr'><strong>non</strong></span> <span class='ocrx_word' id='word_1_50' title='bbox 1228 895 1386 946; x_wconf 86' lang='lat' dir='ltr'><strong>modo</strong></span> <span class='ocrx_word' id='word_1_51' title='bbox 1417 911 1534 946; x_wconf 86' lang='lat' dir='ltr'><strong>eam</strong></span> <span class='ocrx_word' id='word_1_52' title='bbox 1585 893 1914 947; x_wconf 82' lang='lat' dir='ltr'><strong>soliditatem</strong></span> <span class='ocrx_word' id='word_1_53' title='bbox 1950 905 2056 943; x_wconf 89' lang='lat' dir='ltr'><strong>non</strong></span> <span class='ocrx_word' id='word_1_54' title='bbox 2104 884 2328 942; x_wconf 87' lang='lat' dir='ltr'><strong>habehit</strong></span> 
     </span>
    </p>
   </div>
   <div class='ocr_carea' id='block_1_10' title="bbox 749 980 2326 1054">
    <p class='ocr_par' dir='ltr' id='par_1_10' title="bbox 749 980 2326 1054">
     <span class='ocr_line' id='line_1_10' title="bbox 749 980 2326 1054; baseline -0.008 -15"><span class='ocrx_word' id='word_1_55' title='bbox 749 1005 868 1054; x_wconf 75' lang='lat' dir='ltr'><strong>quae</strong></span> <span class='ocrx_word' id='word_1_56' title='bbox 923 1004 987 1040; x_wconf 81' lang='lat' dir='ltr'><strong>ex</strong></span> <span class='ocrx_word' id='word_1_57' title='bbox 1048 990 1341 1040; x_wconf 75' lang='lat' dir='ltr'><strong>ert-atmiis</strong></span> <span class='ocrx_word' id='word_1_58' title='bbox 1392 987 1800 1054; x_wconf 67' lang='lat' dir='ltr'><strong>Scripturazque</strong></span> <span class='ocrx_word' id='word_1_59' title='bbox 1861 980 2126 1050; x_wconf 87' lang='lat' dir='ltr'><strong>spirituali</strong></span> <span class='ocrx_word' id='word_1_60' title='bbox 2194 993 2326 1030; x_wconf 79' lang='lat' dir='ltr'><strong>eon-</strong></span> 
     </span>
    </p>
   </div>
   <div class='ocr_carea' id='block_1_11' title="bbox 751 1075 2327 1148">
    <p class='ocr_par' dir='ltr' id='par_1_11' title="bbox 751 1075 2327 1148">
     <span class='ocr_line' id='line_1_11' title="bbox 751 1075 2327 1148; baseline 0.004 -19"><span class='ocrx_word' id='word_1_61' title='bbox 751 1080 1097 1148; x_wconf 77' lang='lat' dir='ltr'><strong>tmnplatione</strong></span> <span class='ocrx_word' id='word_1_62' title='bbox 1130 1080 1377 1142; x_wconf 74' lang='lat' dir='ltr'><strong>t-llicitnr,</strong></span> <span class='ocrx_word' id='word_1_63' title='bbox 1415 1081 1542 1132; x_wconf 90' lang='lat' dir='ltr'><strong>dum</strong></span> <span class='ocrx_word' id='word_1_64' title='bbox 1595 1081 1646 1131; x_wconf 93' lang='lat' dir='ltr'><strong>in</strong></span> <span class='ocrx_word' id='word_1_65' title='bbox 1683 1093 1842 1130; x_wconf 86' lang='lat' dir='ltr'><strong>unam</strong></span> <span class='ocrx_word' id='word_1_66' title='bbox 1891 1075 2152 1127; x_wconf 87' lang='lat' dir='ltr'><strong>rationem</strong></span> <span class='ocrx_word' id='word_1_67' title='bbox 2208 1084 2327 1135; x_wconf 63' lang='lat' dir='ltr'><strong>tl“?c</strong></span> 
     </span>
    </p>
   </div>
   <div class='ocr_carea' id='block_1_12' title="bbox 749 1166 2328 1238">
    <p class='ocr_par' dir='ltr' id='par_1_12' title="bbox 749 1166 2328 1238">
     <span class='ocr_line' id='line_1_12' title="bbox 749 1166 2328 1238; baseline -0.004 -16"><span class='ocrx_word' id='word_1_68' title='bbox 749 1173 800 1224; x_wconf 92' lang='lat' dir='ltr'><strong>iu</strong></span> <span class='ocrx_word' id='word_1_69' title='bbox 834 1174 966 1238; x_wconf 86' lang='lat' dir='ltr'><strong>ipsis</strong></span> <span class='ocrx_word' id='word_1_70' title='bbox 1002 1184 1128 1226; x_wconf 90' lang='lat' dir='ltr'><strong>sunt</strong></span> <span class='ocrx_word' id='word_1_71' title='bbox 1167 1174 1498 1235; x_wconf 80' lang='lat' dir='ltr'><strong>reducimus,</strong></span> <span class='ocrx_word' id='word_1_72' title='bbox 1533 1173 1626 1225; x_wconf 88' lang='lat' dir='ltr'><strong>sed</strong></span> <span class='ocrx_word' id='word_1_73' title='bbox 1670 1171 1820 1223; x_wconf 80' lang='lat' dir='ltr'><strong>valde</strong></span> <span class='ocrx_word' id='word_1_74' title='bbox 1861 1166 2210 1221; x_wconf 87' lang='lat' dir='ltr'><strong>metuendum</strong></span> <span class='ocrx_word' id='word_1_75' title='bbox 2243 1171 2328 1217; x_wconf 87' lang='lat' dir='ltr'><strong>est</strong></span> 
     </span>
    </p>
   </div>
   <div class='ocr_carea' id='block_1_13' title="bbox 750 1259 2328 1334">
    <p class='ocr_par' dir='ltr' id='par_1_13' title="bbox 750 1259 2328 1334">
     <span class='ocr_line' id='line_1_13' title="bbox 750 1259 2328 1334; baseline -0.003 -21"><span class='ocrx_word' id='word_1_76' title='bbox 750 1281 813 1313; x_wconf 84' lang='grc' dir='ltr'>Ιιι·</span> <span class='ocrx_word' id='word_1_77' title='bbox 840 1265 1124 1330; x_wconf 81' lang='lat' dir='ltr'><strong>phantasia</strong></span> <span class='ocrx_word' id='word_1_78' title='bbox 1154 1265 1382 1333; x_wconf 76' lang='lat' dir='ltr'><strong>decepta</strong></span> <span class='ocrx_word' id='word_1_79' title='bbox 1420 1273 1626 1334; x_wconf 65' lang='lat' dir='ltr'><strong>pereat.</strong></span> <span class='ocrx_word' id='word_1_80' title='bbox 1664 1262 1787 1316; x_wconf 85' lang='lat' dir='ltr'><strong>Ideo</strong></span> <span class='ocrx_word' id='word_1_81' title='bbox 1818 1263 1859 1315; x_wconf 83' lang='lat' dir='ltr'><strong>si</strong></span> <span class='ocrx_word' id='word_1_82' title='bbox 1893 1277 2035 1314; x_wconf 76' lang='lat' dir='ltr'><strong>cura:</strong></span> <span class='ocrx_word' id='word_1_83' title='bbox 2065 1259 2223 1312; x_wconf 87' lang='lat' dir='ltr'><strong>nobis</strong></span> <span class='ocrx_word' id='word_1_84' title='bbox 2257 1259 2328 1310; x_wconf 85' lang='lat' dir='ltr'><strong>sit</strong></span> 
     </span>
    </p>
   </div>
   <div class='ocr_carea' id='block_1_14' title="bbox 755 1349 2326 1421">
    <p class='ocr_par' dir='ltr' id='par_1_14' title="bbox 755 1349 2326 1421">
     <span class='ocr_line' id='line_1_14' title="bbox 755 1349 2326 1421; baseline -0.001 -23"><span class='ocrx_word' id='word_1_85' title='bbox 755 1354 916 1404; x_wconf 78' lang='lat' dir='ltr'><strong>t‘eum</strong></span> <span class='ocrx_word' id='word_1_86' title='bbox 957 1370 1018 1405; x_wconf 81' lang='lat' dir='ltr'><strong>ex</strong></span> <span class='ocrx_word' id='word_1_87' title='bbox 1060 1355 1342 1421; x_wconf 73' lang='lat' dir='ltr'><strong>Scriptura</strong></span> <span class='ocrx_word' id='word_1_88' title='bbox 1383 1367 1429 1408; x_wconf 89' lang='lat' dir='ltr'><strong>et</strong></span> <span class='ocrx_word' id='word_1_89' title='bbox 1468 1357 1742 1407; x_wconf 81' lang='lat' dir='ltr'><strong>creatione</strong></span> <span class='ocrx_word' id='word_1_90' title='bbox 1777 1350 2154 1421; x_wconf 79' lang='lat' dir='ltr'><strong>contemplari,</strong></span> <span class='ocrx_word' id='word_1_91' title='bbox 2194 1349 2326 1401; x_wconf 83' lang='lat' dir='ltr'><strong>sim-</strong></span> 
     </span>
    </p>
   </div>
   <div class='ocr_carea' id='block_1_15' title="bbox 753 1443 2329 1515">
    <p class='ocr_par' dir='ltr' id='par_1_15' title="bbox 753 1443 2329 1515">
     <span class='ocr_line' id='line_1_15' title="bbox 753 1443 2329 1515; baseline 0.001 -22"><span class='ocrx_word' id='word_1_92' title='bbox 753 1445 1076 1512; x_wconf 79' lang='lat' dir='ltr'><strong>pliciterque</strong></span> <span class='ocrx_word' id='word_1_93' title='bbox 1106 1458 1159 1501; x_wconf 82' lang='lat' dir='ltr'><strong>et</strong></span> <span class='ocrx_word' id='word_1_94' title='bbox 1185 1448 1532 1502; x_wconf 77' lang='lat' dir='ltr'><strong>ouilormiter</strong></span> <span class='ocrx_word' id='word_1_95' title='bbox 1573 1448 1838 1515; x_wconf 90' lang='lat' dir='ltr'><strong>plurimas</strong></span> <span class='ocrx_word' id='word_1_96' title='bbox 1878 1462 2056 1498; x_wconf 88' lang='lat' dir='ltr'><strong>rerum</strong></span> <span class='ocrx_word' id='word_1_97' title='bbox 2088 1443 2329 1498; x_wconf 76' lang='lat' dir='ltr'><strong>rationes</strong></span> 
     </span>
    </p>
   </div>
   <div class='ocr_carea' id='block_1_16' title="bbox 751 1537 2330 1607">
    <p class='ocr_par' dir='ltr' id='par_1_16' title="bbox 751 1537 2330 1607">
     <span class='ocr_line' id='line_1_16' title="bbox 751 1537 2330 1607; baseline 0 -18"><span class='ocrx_word' id='word_1_98' title='bbox 751 1545 804 1589; x_wconf 72' lang='lat' dir='ltr'><strong>vt</strong></span> <span class='ocrx_word' id='word_1_99' title='bbox 834 1540 1148 1605; x_wconf 84' lang='lat' dir='ltr'><strong>spectacula</strong></span> <span class='ocrx_word' id='word_1_100' title='bbox 1186 1544 1238 1594; x_wconf 91' lang='lat' dir='ltr'><strong>in</strong></span> <span class='ocrx_word' id='word_1_101' title='bbox 1279 1558 1438 1594; x_wconf 87' lang='lat' dir='ltr'><strong>uuam</strong></span> <span class='ocrx_word' id='word_1_102' title='bbox 1484 1543 1750 1593; x_wconf 87' lang='lat' dir='ltr'><strong>rationem</strong></span> <span class='ocrx_word' id='word_1_103' title='bbox 1788 1548 1841 1591; x_wconf 89' lang='lat' dir='ltr'><strong>et</strong></span> <span class='ocrx_word' id='word_1_104' title='bbox 1880 1539 2132 1607; x_wconf 74' lang='lat' dir='ltr'><strong>spiritum</strong></span> <span class='ocrx_word' id='word_1_105' title='bbox 2172 1537 2330 1604; x_wconf 87' lang='lat' dir='ltr'><strong>repli-</strong></span> 
     </span>
    </p>
   </div>
   <div class='ocr_carea' id='block_1_17' title="bbox 754 1630 2304 1702">
    <p class='ocr_par' dir='ltr' id='par_1_17' title="bbox 754 1630 2304 1702">
     <span class='ocr_line' id='line_1_17' title="bbox 754 1630 2304 1702; baseline 0.005 -27"><span class='ocrx_word' id='word_1_106' title='bbox 754 1639 961 1688; x_wconf 68' lang='lat' dir='ltr'><strong>i-antes.</strong></span> <span class='ocrx_word' id='word_1_107' title='bbox 998 1632 1280 1695; x_wconf 81' lang='lat' dir='ltr'><strong>uniformi,</strong></span> <span class='ocrx_word' id='word_1_108' title='bbox 1313 1633 1570 1700; x_wconf 77' lang='lat' dir='ltr'><strong>simplici,</strong></span> <span class='ocrx_word' id='word_1_109' title='bbox 1606 1650 1711 1686; x_wconf 92' lang='lat' dir='ltr'><strong>non</strong></span> <span class='ocrx_word' id='word_1_110' title='bbox 1741 1634 1970 1702; x_wconf 81' lang='lat' dir='ltr'><strong>tigurata</strong></span> <span class='ocrx_word' id='word_1_111' title='bbox 1995 1630 2304 1700; x_wconf 77' lang='lat' dir='ltr'><strong>contempla</strong></span> 
     </span>
    </p>
   </div>
   <div class='ocr_carea' id='block_1_18' title="bbox 749 1721 2331 1791">
    <p class='ocr_par' dir='ltr' id='par_1_18' title="bbox 749 1721 2331 1791">
     <span class='ocr_line' id='line_1_18' title="bbox 749 1721 2331 1791; baseline 0.005 -23"><span class='ocrx_word' id='word_1_112' title='bbox 749 1721 898 1775; x_wconf 90' lang='lat' dir='ltr'><strong>tione</strong></span> <span class='ocrx_word' id='word_1_113' title='bbox 949 1734 1167 1778; x_wconf 63' lang='lat' dir='ltr'><strong>utentes</strong></span> <span class='ocrx_word' id='word_1_114' title='bbox 1217 1726 1268 1778; x_wconf 91' lang='lat' dir='ltr'><strong>in</strong></span> <span class='ocrx_word' id='word_1_115' title='bbox 1322 1726 1691 1791; x_wconf 89' lang='lat' dir='ltr'><strong>inlinitudine,</strong></span> <span class='ocrx_word' id='word_1_116' title='bbox 1745 1726 1800 1778; x_wconf 86' lang='lat' dir='ltr'><strong>in</strong></span> <span class='ocrx_word' id='word_1_117' title='bbox 1855 1727 2223 1779; x_wconf 80' lang='lat' dir='ltr'><strong>immensitate</strong></span> <span class='ocrx_word' id='word_1_118' title='bbox 2267 1739 2331 1777; x_wconf 89' lang='lat' dir='ltr'><strong>ac</strong></span> 
     </span>
    </p>
   </div>
   <div class='ocr_carea' id='block_1_19' title="bbox 2424 609 4006 694">
    <p class='ocr_par' dir='ltr' id='par_1_19' title="bbox 2424 609 4006 694">
     <span class='ocr_line' id='line_1_19' title="bbox 2424 609 4006 694; baseline 0.012 -35"><span class='ocrx_word' id='word_1_119' title='bbox 2424 609 2673 678; x_wconf 85' lang='grc' dir='ltr'>φαίνεται</span> <span class='ocrx_word' id='word_1_120' title='bbox 2710 611 2922 680; x_wconf 87' lang='grc' dir='ltr'>πλήρης</span> <span class='ocrx_word' id='word_1_121' title='bbox 2951 615 2983 684; x_wconf 82' lang='grc' dir='ltr'><strong>ή</strong></span> <span class='ocrx_word' id='word_1_122' title='bbox 3011 615 3173 686; x_wconf 83' lang='grc' dir='ltr'>νοητὴ</span> <span class='ocrx_word' id='word_1_123' title='bbox 3209 620 3302 687; x_wconf 81' lang='grc' dir='ltr'>γῆ,</span> <span class='ocrx_word' id='word_1_124' title='bbox 3348 637 3364 668; x_wconf 74' lang='grc' dir='ltr'><strong>ι</strong></span> <span class='ocrx_word' id='word_1_125' title='bbox 3399 621 3515 689; x_wconf 81' lang='grc' dir='ltr'>ἦτοι</span> <span class='ocrx_word' id='word_1_126' title='bbox 3545 623 3577 690; x_wconf 78' lang='grc' dir='ltr'>ἡ</span> <span class='ocrx_word' id='word_1_127' title='bbox 3603 622 3800 692; x_wconf 85' lang='grc' dir='ltr'>καρδία</span> <span class='ocrx_word' id='word_1_128' title='bbox 3823 625 4006 694; x_wconf 81' lang='grc' dir='ltr'>ἡμῶν,</span> 
     </span>
    </p>
   </div>
   <div class='ocr_carea' id='block_1_20' title="bbox 2429 703 4008 786">
    <p class='ocr_par' dir='ltr' id='par_1_20' title="bbox 2429 703 4008 786">
     <span class='ocr_line' id='line_1_20' title="bbox 2429 703 4008 786; baseline 0.01 -32"><span class='ocrx_word' id='word_1_129' title='bbox 2429 724 2446 754; x_wconf 78' lang='grc' dir='ltr'><strong>ι</strong></span> <span class='ocrx_word' id='word_1_130' title='bbox 2483 703 2578 756; x_wconf 90' lang='grc' dir='ltr'><strong>τοῦ</strong></span> <span class='ocrx_word' id='word_1_131' title='bbox 2609 705 2793 766; x_wconf 78' lang='grc' dir='ltr'><strong>ἐλέους</strong></span> <span class='ocrx_word' id='word_1_132' title='bbox 2821 707 3050 776; x_wconf 85' lang='grc' dir='ltr'>Κυρίου,</span> <span class='ocrx_word' id='word_1_133' title='bbox 3085 726 3103 759; x_wconf 77' lang='grc' dir='ltr'><strong>ι</strong></span> <span class='ocrx_word' id='word_1_134' title='bbox 3134 710 3231 778; x_wconf 83' lang='grc' dir='ltr'>τῆς</span> <span class='ocrx_word' id='word_1_135' title='bbox 3261 716 3771 784; x_wconf 75' lang='grc' dir='ltr'>πνευματοκινήτου</span> <span class='ocrx_word' id='word_1_136' title='bbox 3797 717 4008 786; x_wconf 78' lang='grc' dir='ltr'>δηλαδὴ</span> 
     </span>
    </p>
   </div>
   <div class='ocr_carea' id='block_1_21' title="bbox 2423 796 4008 876">
    <p class='ocr_par' dir='ltr' id='par_1_21' title="bbox 2423 796 4008 876">
     <span class='ocr_line' id='line_1_21' title="bbox 2423 796 4008 876; baseline 0.008 -28"><span class='ocrx_word' id='word_1_137' title='bbox 2423 796 2725 867; x_wconf 82' lang='grc' dir='ltr'>δυνάμεως,</span> <span class='ocrx_word' id='word_1_138' title='bbox 2743 799 2837 851; x_wconf 77' lang='grc' dir='ltr'>καὶ</span> <span class='ocrx_word' id='word_1_139' title='bbox 2851 800 3130 870; x_wconf 73' lang='grc' dir='ltr'><strong>ἐνεργείας</strong></span> <span class='ocrx_word' id='word_1_140' title='bbox 3153 803 3248 854; x_wconf 75' lang='grc' dir='ltr'>καὶ</span> <span class='ocrx_word' id='word_1_141' title='bbox 3263 805 3529 872; x_wconf 71' lang='grc' dir='ltr'>κινήσεως</span> <span class='ocrx_word' id='word_1_142' title='bbox 3548 806 3890 876; x_wconf 75' lang='grc' dir='ltr'><strong>εὐαισθήτως</strong></span> <span class='ocrx_word' id='word_1_143' title='bbox 3909 811 4008 860; x_wconf 82' lang='grc' dir='ltr'>καὶ</span> 
     </span>
    </p>
   </div>
   <div class='ocr_carea' id='block_1_22' title="bbox 2424 889 4010 969">
    <p class='ocr_par' dir='ltr' id='par_1_22' title="bbox 2424 889 4010 969">
     <span class='ocr_line' id='line_1_22' title="bbox 2424 889 4010 969; baseline 0.006 -27"><span class='ocrx_word' id='word_1_144' title='bbox 2424 889 2701 958; x_wconf 77' lang='grc' dir='ltr'>ἐμφανῶς.</span> <span class='ocrx_word' id='word_1_145' title='bbox 2735 891 2870 960; x_wconf 73' lang='grc' dir='ltr'>Πρὶν</span> <span class='ocrx_word' id='word_1_146' title='bbox 2903 893 2960 944; x_wconf 82' lang='grc' dir='ltr'>δὲ</span> <span class='ocrx_word' id='word_1_147' title='bbox 2995 893 3092 961; x_wconf 79' lang='grc' dir='ltr'>τῆς</span> <span class='ocrx_word' id='word_1_148' title='bbox 3137 895 3419 966; x_wconf 73' lang='grc' dir='ltr'>ἐνεργείας</span> <span class='ocrx_word' id='word_1_149' title='bbox 3455 897 3550 949; x_wconf 77' lang='grc' dir='ltr'>καὶ</span> <span class='ocrx_word' id='word_1_150' title='bbox 3591 898 3876 969; x_wconf 84' lang='grc' dir='ltr'>δύναμεως</span> <span class='ocrx_word' id='word_1_151' title='bbox 3911 902 4010 954; x_wconf 75' lang='grc' dir='ltr'><strong>καὶ</strong></span> 
     </span>
    </p>
   </div>
   <div class='ocr_carea' id='block_1_23' title="bbox 2425 982 4010 1060">
    <p class='ocr_par' dir='ltr' id='par_1_23' title="bbox 2425 982 4010 1060">
     <span class='ocr_line' id='line_1_23' title="bbox 2425 982 4010 1060; baseline 0.008 -28"><span class='ocrx_word' id='word_1_152' title='bbox 2425 982 2691 1052; x_wconf 82' lang='grc' dir='ltr'>κινήσεως</span> <span class='ocrx_word' id='word_1_153' title='bbox 2710 985 2765 1034; x_wconf 85' lang='grc' dir='ltr'><strong>ἐν</strong></span> <span class='ocrx_word' id='word_1_154' title='bbox 2785 984 2982 1055; x_wconf 72' lang='grc' dir='ltr'>καρδίᾳ</span> <span class='ocrx_word' id='word_1_155' title='bbox 3011 987 3039 1037; x_wconf 77' lang='grc' dir='ltr'><strong><em>ὁ</em></strong></span> <span class='ocrx_word' id='word_1_156' title='bbox 3064 984 3188 1048; x_wconf 91' lang='grc' dir='ltr'>νοῦς</span> <span class='ocrx_word' id='word_1_157' title='bbox 3213 986 3489 1057; x_wconf 65' lang='grc' dir='ltr'>αἴσθηται,</span> <span class='ocrx_word' id='word_1_158' title='bbox 3511 990 3570 1040; x_wconf 85' lang='grc' dir='ltr'><strong>οὐ</strong></span> <span class='ocrx_word' id='word_1_159' title='bbox 3593 990 3753 1058; x_wconf 80' lang='grc' dir='ltr'>μόνον</span> <span class='ocrx_word' id='word_1_160' title='bbox 3775 993 3874 1060; x_wconf 82' lang='grc' dir='ltr'>οὐχ</span> <span class='ocrx_word' id='word_1_161' title='bbox 3896 993 4010 1058; x_wconf 75' lang='grc' dir='ltr'>ἕξει</span> 
     </span>
    </p>
   </div>
   <div class='ocr_carea' id='block_1_24' title="bbox 2423 1073 4011 1159">
    <p class='ocr_par' dir='ltr' id='par_1_24' title="bbox 2423 1073 4011 1159">
     <span class='ocr_line' id='line_1_24' title="bbox 2423 1073 4011 1159; baseline 0.007 -34"><span class='ocrx_word' id='word_1_162' title='bbox 2423 1073 2484 1125; x_wconf 76' lang='grc' dir='ltr'><strong>τὸ</strong></span> <span class='ocrx_word' id='word_1_163' title='bbox 2514 1074 2831 1142; x_wconf 76' lang='grc' dir='ltr'>στερέμνιον</span> <span class='ocrx_word' id='word_1_164' title='bbox 2861 1077 2923 1127; x_wconf 84' lang='grc' dir='ltr'><strong>ἐκ</strong></span> <span class='ocrx_word' id='word_1_165' title='bbox 2953 1075 3045 1129; x_wconf 80' lang='grc' dir='ltr'><strong>τοῦ</strong></span> <span class='ocrx_word' id='word_1_166' title='bbox 3075 1076 3171 1148; x_wconf 84' lang='grc' dir='ltr'>τὴν</span> <span class='ocrx_word' id='word_1_167' title='bbox 3198 1079 3374 1132; x_wconf 81' lang='grc' dir='ltr'>κτίσιν</span> <span class='ocrx_word' id='word_1_168' title='bbox 3417 1080 3512 1132; x_wconf 73' lang='grc' dir='ltr'>καὶ</span> <span class='ocrx_word' id='word_1_169' title='bbox 3537 1080 3634 1151; x_wconf 83' lang='grc' dir='ltr'>τὴν</span> <span class='ocrx_word' id='word_1_170' title='bbox 3680 1083 3832 1135; x_wconf 88' lang='grc' dir='ltr'>θείαν</span> <span class='ocrx_word' id='word_1_171' title='bbox 3875 1084 4011 1159; x_wconf 82' lang='grc' dir='ltr'>Γρα-</span> 
     </span>
    </p>
   </div>
   <div class='ocr_carea' id='block_1_25' title="bbox 2427 1168 4010 1242">
    <p class='ocr_par' dir='ltr' id='par_1_25' title="bbox 2427 1168 4010 1242">
     <span class='ocr_line' id='line_1_25' title="bbox 2427 1168 4010 1242; baseline 0.006 -22"><span class='ocrx_word' id='word_1_172' title='bbox 2427 1168 2532 1238; x_wconf 80' lang='grc' dir='ltr'>φὴν</span> <span class='ocrx_word' id='word_1_173' title='bbox 2557 1169 2907 1238; x_wconf 82' lang='grc' dir='ltr'>θεωρητικῶς</span> <span class='ocrx_word' id='word_1_174' title='bbox 2942 1171 3037 1221; x_wconf 70' lang='grc' dir='ltr'>καὶ</span> <span class='ocrx_word' id='word_1_175' title='bbox 3061 1174 3448 1240; x_wconf 78' lang='grc' dir='ltr'>πνευματικῶς</span> <span class='ocrx_word' id='word_1_176' title='bbox 3493 1174 3876 1242; x_wconf 77' lang='grc' dir='ltr'>ἀναλέγεσθαι,</span> <span class='ocrx_word' id='word_1_177' title='bbox 3913 1180 4010 1229; x_wconf 77' lang='grc' dir='ltr'>καὶ</span> 
     </span>
    </p>
   </div>
   <div class='ocr_carea' id='block_1_26' title="bbox 2428 1263 4011 1337">
    <p class='ocr_par' dir='ltr' id='par_1_26' title="bbox 2428 1263 4011 1337">
     <span class='ocr_line' id='line_1_26' title="bbox 2428 1263 4011 1337; baseline 0.004 -24"><span class='ocrx_word' id='word_1_178' title='bbox 2428 1263 2682 1328; x_wconf 79' lang='grc' dir='ltr'>συνάγειν</span> <span class='ocrx_word' id='word_1_179' title='bbox 2711 1266 2789 1326; x_wconf 88' lang='grc' dir='ltr'>εἰς</span> <span class='ocrx_word' id='word_1_180' title='bbox 2820 1264 2918 1318; x_wconf 75' lang='grc' dir='ltr'>ἕνα</span> <span class='ocrx_word' id='word_1_181' title='bbox 2939 1264 3097 1331; x_wconf 74' lang='grc' dir='ltr'>λόγον</span> <span class='ocrx_word' id='word_1_182' title='bbox 3119 1265 3188 1317; x_wconf 88' lang='grc' dir='ltr'><strong>τά</strong></span> <span class='ocrx_word' id='word_1_183' title='bbox 3216 1266 3273 1317; x_wconf 90' lang='grc' dir='ltr'><strong>ἐν</strong></span> <span class='ocrx_word' id='word_1_184' title='bbox 3307 1268 3518 1327; x_wconf 76' lang='grc' dir='ltr'>αὐτοῖς,</span> <span class='ocrx_word' id='word_1_185' title='bbox 3554 1268 3690 1320; x_wconf 88' lang='grc' dir='ltr'><strong>ἀλλά</strong></span> <span class='ocrx_word' id='word_1_186' title='bbox 3717 1271 3812 1321; x_wconf 76' lang='grc' dir='ltr'>καὶ</span> <span class='ocrx_word' id='word_1_187' title='bbox 3844 1269 4011 1337; x_wconf 76' lang='grc' dir='ltr'>φόϐος</span> 
     </span>
    </p>
   </div>
   <div class='ocr_carea' id='block_1_27' title="bbox 2424 1355 4006 1428">
    <p class='ocr_par' dir='ltr' id='par_1_27' title="bbox 2424 1355 4006 1428">
     <span class='ocr_line' id='line_1_27' title="bbox 2424 1355 4006 1428; baseline 0.003 -21"><span class='ocrx_word' id='word_1_188' title='bbox 2424 1356 2504 1407; x_wconf 81' lang='grc' dir='ltr'>ὅτι</span> <span class='ocrx_word' id='word_1_189' title='bbox 2518 1355 2766 1417; x_wconf 83' lang='grc' dir='ltr'>πλεῖστος</span> <span class='ocrx_word' id='word_1_190' title='bbox 2786 1355 3252 1426; x_wconf 84' lang='grc' dir='ltr'>περίεστιμήποτ’</span> <span class='ocrx_word' id='word_1_191' title='bbox 3283 1357 3471 1426; x_wconf 75' lang='grc' dir='ltr'>ὄληται</span> <span class='ocrx_word' id='word_1_192' title='bbox 3501 1360 4006 1428; x_wconf 77' lang='grc' dir='ltr'>παραφαντασθείς.</span> 
     </span>
    </p>
   </div>
   <div class='ocr_carea' id='block_1_28' title="bbox 2425 1447 4010 1522">
    <p class='ocr_par' dir='ltr' id='par_1_28' title="bbox 2425 1447 4010 1522">
     <span class='ocr_line' id='line_1_28' title="bbox 2425 1447 4010 1522; baseline 0.004 -24"><span class='ocrx_word' id='word_1_193' title='bbox 2425 1449 2516 1499; x_wconf 83' lang='grc' dir='ltr'>Διὸ</span> <span class='ocrx_word' id='word_1_194' title='bbox 2547 1447 2631 1517; x_wconf 81' lang='grc' dir='ltr'><strong>δὴ,</strong></span> <span class='ocrx_word' id='word_1_195' title='bbox 2667 1447 2800 1500; x_wconf 69' lang='grc' dir='ltr'>εῐοτί</span> <span class='ocrx_word' id='word_1_196' title='bbox 2830 1465 2893 1514; x_wconf 90' lang='grc' dir='ltr'><strong>γε</strong></span> <span class='ocrx_word' id='word_1_197' title='bbox 2921 1449 3214 1519; x_wconf 72' lang='grc' dir='ltr'>μέλλοιμεν</span> <span class='ocrx_word' id='word_1_198' title='bbox 3245 1451 3500 1519; x_wconf 75' lang='grc' dir='ltr'>ἀσχολίαν</span> <span class='ocrx_word' id='word_1_199' title='bbox 3550 1453 3880 1522; x_wconf 77' lang='grc' dir='ltr'>ποιήσασθαι</span> <span class='ocrx_word' id='word_1_200' title='bbox 3917 1453 4010 1504; x_wconf 85' lang='grc' dir='ltr'><strong>τοῦ</strong></span> 
     </span>
    </p>
   </div>
   <div class='ocr_carea' id='block_1_29' title="bbox 2426 1540 4012 1613">
    <p class='ocr_par' dir='ltr' id='par_1_29' title="bbox 2426 1540 4012 1613">
     <span class='ocr_line' id='line_1_29' title="bbox 2426 1540 4012 1613; baseline 0.004 -23"><span class='ocrx_word' id='word_1_201' title='bbox 2426 1540 2516 1591; x_wconf 78' lang='grc' dir='ltr'><strong>τὸν</strong></span> <span class='ocrx_word' id='word_1_202' title='bbox 2539 1540 2671 1592; x_wconf 78' lang='grc' dir='ltr'>Θεὸν</span> <span class='ocrx_word' id='word_1_203' title='bbox 2701 1542 2764 1592; x_wconf 85' lang='grc' dir='ltr'><strong>ἐκ</strong></span> <span class='ocrx_word' id='word_1_204' title='bbox 2790 1541 3012 1610; x_wconf 79' lang='grc' dir='ltr'>Γραφῆς</span> <span class='ocrx_word' id='word_1_205' title='bbox 3044 1541 3288 1612; x_wconf 83' lang='grc' dir='ltr'>θεωρεῖν,</span> <span class='ocrx_word' id='word_1_206' title='bbox 3312 1545 3406 1594; x_wconf 72' lang='grc' dir='ltr'><strong>καὶ</strong></span> <span class='ocrx_word' id='word_1_207' title='bbox 3437 1547 3533 1613; x_wconf 76' lang='grc' dir='ltr'><strong>τῆς</strong></span> <span class='ocrx_word' id='word_1_208' title='bbox 3560 1544 3810 1609; x_wconf 82' lang='grc' dir='ltr'>κτίσεως,</span> <span class='ocrx_word' id='word_1_209' title='bbox 3842 1545 4012 1597; x_wconf 81' lang='grc' dir='ltr'>ἐνοει-</span> 
     </span>
    </p>
   </div>
   <div class='ocr_carea' id='block_1_30' title="bbox 2424 1631 4008 1703">
    <p class='ocr_par' dir='ltr' id='par_1_30' title="bbox 2424 1631 4008 1703">
     <span class='ocr_line' id='line_1_30' title="bbox 2424 1631 4008 1703; baseline 0.003 -20"><span class='ocrx_word' id='word_1_210' title='bbox 2424 1631 2529 1695; x_wconf 89' lang='grc' dir='ltr'><strong>δῶς</strong></span> <span class='ocrx_word' id='word_1_211' title='bbox 2551 1649 2609 1684; x_wconf 85' lang='grc' dir='ltr'><strong>τε</strong></span> <span class='ocrx_word' id='word_1_212' title='bbox 2639 1633 2730 1684; x_wconf 72' lang='grc' dir='ltr'>καὶ</span> <span class='ocrx_word' id='word_1_213' title='bbox 2758 1632 3018 1702; x_wconf 81' lang='grc' dir='ltr'>μονειδῶς</span> <span class='ocrx_word' id='word_1_214' title='bbox 3047 1634 3172 1694; x_wconf 83' lang='grc' dir='ltr'>τοὺς</span> <span class='ocrx_word' id='word_1_215' title='bbox 3203 1632 3432 1696; x_wconf 73' lang='grc' dir='ltr'>πολλοὺς</span> <span class='ocrx_word' id='word_1_216' title='bbox 3458 1635 3648 1703; x_wconf 77' lang='grc' dir='ltr'>λόγους</span> <span class='ocrx_word' id='word_1_217' title='bbox 3675 1636 3784 1689; x_wconf 89' lang='grc' dir='ltr'><strong>τῶν</strong></span> <span class='ocrx_word' id='word_1_218' title='bbox 3815 1636 4008 1699; x_wconf 73' lang='grc' dir='ltr'>ὄντων,</span> 
     </span>
    </p>
   </div>
   <div class='ocr_carea' id='block_1_31' title="bbox 2427 1724 4013 1798">
    <p class='ocr_par' dir='ltr' id='par_1_31' title="bbox 2427 1724 4013 1798">
     <span class='ocr_line' id='line_1_31' title="bbox 2427 1724 4013 1798; baseline 0.003 -22"><span class='ocrx_word' id='word_1_219' title='bbox 2427 1725 2519 1776; x_wconf 73' lang='grc' dir='ltr'><strong>καὶ</strong></span> <span class='ocrx_word' id='word_1_220' title='bbox 2562 1725 2630 1775; x_wconf 62' lang='grc' dir='ltr'>τὶ</span> <span class='ocrx_word' id='word_1_221' title='bbox 2662 1725 2996 1793; x_wconf 81' lang='grc' dir='ltr'>θεωρήματα</span> <span class='ocrx_word' id='word_1_222' title='bbox 3030 1726 3107 1787; x_wconf 89' lang='grc' dir='ltr'><strong>είς</strong></span> <span class='ocrx_word' id='word_1_223' title='bbox 3143 1724 3238 1780; x_wconf 72' lang='grc' dir='ltr'><strong>ἕνα</strong></span> <span class='ocrx_word' id='word_1_224' title='bbox 3273 1725 3430 1792; x_wconf 87' lang='grc' dir='ltr'>λόγον</span> <span class='ocrx_word' id='word_1_225' title='bbox 3465 1729 3557 1780; x_wconf 80' lang='grc' dir='ltr'><strong>καὶ</strong></span> <span class='ocrx_word' id='word_1_226' title='bbox 3593 1728 3812 1798; x_wconf 83' lang='grc' dir='ltr'>πνεῦμα</span> <span class='ocrx_word' id='word_1_227' title='bbox 3869 1747 4013 1797; x_wconf 87' lang='grc' dir='ltr'>συμ-</span> 
     </span>
    </p>
   </div>
   <div class='ocr_carea' id='block_1_32' title="bbox 755 1815 2440 1904">
    <p class='ocr_par' dir='ltr' id='par_1_32' title="bbox 755 1817 2440 1904">
     <span class='ocr_line' id='line_1_32' title="bbox 755 1817 2440 1904; baseline 0.003 -39"><span class='ocrx_word' id='word_1_228' title='bbox 755 1818 1077 1880; x_wconf 84' lang='lat' dir='ltr'><strong>:cternitate,</strong></span> <span class='ocrx_word' id='word_1_229' title='bbox 1134 1817 1184 1870; x_wconf 88' lang='lat' dir='ltr'><strong>in</strong></span> <span class='ocrx_word' id='word_1_230' title='bbox 1246 1821 1413 1873; x_wconf 84' lang='lat' dir='ltr'><strong>corde</strong></span> <span class='ocrx_word' id='word_1_231' title='bbox 1443 1830 1632 1873; x_wconf 78' lang='lat' dir='ltr'><strong>nostro</strong></span> <span class='ocrx_word' id='word_1_232' title='bbox 1681 1821 1835 1888; x_wconf 88' lang='lat' dir='ltr'><strong>prius</strong></span> <span class='ocrx_word' id='word_1_233' title='bbox 1887 1819 2205 1872; x_wconf 86' lang='lat' dir='ltr'><strong>thesaurum</strong></span> <span class='ocrx_word' id='word_1_234' title='bbox 2243 1817 2330 1870; x_wconf 84' lang='lat' dir='ltr'><strong>in-</strong></span> <span class='ocrx_word' id='word_1_235' title='bbox 2366 1835 2440 1904; x_wconf 71' lang='lat' dir='ltr'><strong>Bt</strong></span> 
     </span>
    </p>
   </div>
   <div class='ocr_carea' id='block_1_33' title="bbox 2326 1815 4011 1904">
    <p class='ocr_par' dir='ltr' id='par_1_33' title="bbox 2326 1815 4011 1904">
     <span class='ocr_line' id='line_1_33' title="bbox 2326 1815 4011 1904; baseline 0.004 -39"><span class='ocrx_word' id='word_1_236' title='bbox 2326 1845 2330 1857; x_wconf 76' lang='grc' dir='ltr'><strong>ι</strong></span> <span class='ocrx_word' id='word_1_237' title='bbox 2366 1850 2407 1904; x_wconf 74' lang='grc' dir='ltr'><strong>Β</strong></span> <span class='ocrx_word' id='word_1_238' title='bbox 2434 1815 2778 1879; x_wconf 79' lang='grc' dir='ltr'>πτύσσοντες,</span> <span class='ocrx_word' id='word_1_239' title='bbox 2807 1817 3035 1885; x_wconf 83' lang='grc' dir='ltr'>ὲνοειδῆ,</span> <span class='ocrx_word' id='word_1_240' title='bbox 3087 1818 3179 1868; x_wconf 78' lang='grc' dir='ltr'><strong>καὶ</strong></span> <span class='ocrx_word' id='word_1_241' title='bbox 3205 1819 3409 1882; x_wconf 79' lang='grc' dir='ltr'>ἁπλῆν,</span> <span class='ocrx_word' id='word_1_242' title='bbox 3448 1819 3542 1870; x_wconf 78' lang='grc' dir='ltr'>καὶ</span> <span class='ocrx_word' id='word_1_243' title='bbox 3590 1819 3829 1871; x_wconf 71' lang='grc' dir='ltr'>ἀνείδεον</span> <span class='ocrx_word' id='word_1_244' title='bbox 3874 1821 4011 1872; x_wconf 85' lang='grc' dir='ltr'>θεω-</span> 
     </span>
    </p>
   </div>
   <div class='ocr_carea' id='block_1_34' title="bbox 758 1907 2330 1966">
    <p class='ocr_par' dir='ltr' id='par_1_34' title="bbox 758 1907 2330 1966">
     <span class='ocr_line' id='line_1_34' title="bbox 758 1907 2330 1966; baseline 0.002 -7"><span class='ocrx_word' id='word_1_245' title='bbox 758 1907 938 1960; x_wconf 76' lang='lat' dir='ltr'><strong>\enire</strong></span> <span class='ocrx_word' id='word_1_246' title='bbox 972 1910 1290 1965; x_wconf 64' lang='lat' dir='ltr'><strong>studi-amns</strong></span> <span class='ocrx_word' id='word_1_247' title='bbox 1317 1923 1370 1966; x_wconf 88' lang='lat' dir='ltr'><strong>et</strong></span> <span class='ocrx_word' id='word_1_248' title='bbox 1394 1928 1615 1966; x_wconf 87' lang='lat' dir='ltr'><strong>oremus</strong></span> <span class='ocrx_word' id='word_1_249' title='bbox 1647 1913 1814 1966; x_wconf 91' lang='lat' dir='ltr'><strong>Deum</strong></span> <span class='ocrx_word' id='word_1_250' title='bbox 1847 1922 2096 1966; x_wconf 88' lang='lat' dir='ltr'><strong>sanctum</strong></span> <span class='ocrx_word' id='word_1_251' title='bbox 2134 1921 2192 1965; x_wconf 89' lang='lat' dir='ltr'><strong>ut</strong></span> <span class='ocrx_word' id='word_1_252' title='bbox 2225 1921 2330 1964; x_wconf 81' lang='lat' dir='ltr'><strong>tor-</strong></span> 
     </span>
    </p>
   </div>
   <div class='ocr_carea' id='block_1_35' title="bbox 753 2003 2329 2073">
    <p class='ocr_par' dir='ltr' id='par_1_35' title="bbox 753 2003 2329 2073">
     <span class='ocr_line' id='line_1_35' title="bbox 753 2003 2329 2073; baseline 0.004 -23"><span class='ocrx_word' id='word_1_253' title='bbox 753 2016 807 2050; x_wconf 89' lang='lat' dir='ltr'><strong>ra</strong></span> <span class='ocrx_word' id='word_1_254' title='bbox 839 2021 843 2042; x_wconf 85' lang='lat'><em>:</em></span> <span class='ocrx_word' id='word_1_255' title='bbox 893 2011 1133 2055; x_wconf 61' lang='lat' dir='ltr'><strong>nostram</strong></span> <span class='ocrx_word' id='word_1_256' title='bbox 1161 2019 1256 2055; x_wconf 92' lang='lat' dir='ltr'><strong>sua</strong></span> <span class='ocrx_word' id='word_1_257' title='bbox 1284 2005 1658 2058; x_wconf 70' lang='lat' dir='ltr'><strong>misericordia</strong></span> <span class='ocrx_word' id='word_1_258' title='bbox 1683 2005 1998 2073; x_wconf 84' lang='lat' dir='ltr'><strong>aditnplcat.</strong></span> <span class='ocrx_word' id='word_1_259' title='bbox 2041 2003 2329 2063; x_wconf 78' lang='lat' dir='ltr'><strong>Ettnnr.si</strong></span> 
     </span>
    </p>
   </div>
   <div class='ocr_carea' id='block_1_36' title="bbox 753 2095 2332 2164">
    <p class='ocr_par' dir='ltr' id='par_1_36' title="bbox 753 2095 2332 2164">
     <span class='ocr_line' id='line_1_36' title="bbox 753 2095 2332 2164; baseline 0.006 -23"><span class='ocrx_word' id='word_1_260' title='bbox 753 2107 860 2157; x_wconf 82' lang='lat' dir='ltr'><strong>qua</strong></span> <span class='ocrx_word' id='word_1_261' title='bbox 894 2095 1036 2147; x_wconf 74' lang='lat' dir='ltr'><strong>adsit</strong></span> <span class='ocrx_word' id='word_1_262' title='bbox 1068 2098 1329 2163; x_wconf 81' lang='lat' dir='ltr'><strong>polentia,</strong></span> <span class='ocrx_word' id='word_1_263' title='bbox 1381 2109 1613 2150; x_wconf 74' lang='lat' dir='ltr'><strong>utentem</strong></span> <span class='ocrx_word' id='word_1_264' title='bbox 1653 2107 1895 2150; x_wconf 80' lang='lat' dir='ltr'><strong>nostrain</strong></span> <span class='ocrx_word' id='word_1_265' title='bbox 1943 2098 2008 2149; x_wconf 75' lang='lat' dir='ltr'><strong>ad</strong></span> <span class='ocrx_word' id='word_1_266' title='bbox 2062 2096 2151 2149; x_wconf 70' lang='lat' dir='ltr'><strong>Dei</strong></span> <span class='ocrx_word' id='word_1_267' title='bbox 2184 2098 2332 2164; x_wconf 70' lang='lat' dir='ltr'><strong>cogi-</strong></span> 
     </span>
    </p>
   </div>
   <div class='ocr_carea' id='block_1_37' title="bbox 755 2187 2332 2261">
    <p class='ocr_par' dir='ltr' id='par_1_37' title="bbox 755 2187 2332 2261">
     <span class='ocr_line' id='line_1_37' title="bbox 755 2187 2332 2261; baseline 0.006 -26"><span class='ocrx_word' id='word_1_268' title='bbox 755 2187 1010 2239; x_wconf 68' lang='grc' dir='ltr'>ιςςιίοιιυιιι</span> <span class='ocrx_word' id='word_1_269' title='bbox 1045 2190 1341 2255; x_wconf 72' lang='lat' dir='ltr'><strong>erigamus,</strong></span> <span class='ocrx_word' id='word_1_270' title='bbox 1375 2190 1702 2261; x_wconf 71' lang='lat' dir='ltr'><strong>simplicem,</strong></span> <span class='ocrx_word' id='word_1_271' title='bbox 1733 2199 1791 2244; x_wconf 89' lang='lat' dir='ltr'><strong>ut</strong></span> <span class='ocrx_word' id='word_1_272' title='bbox 1829 2192 2034 2244; x_wconf 77' lang='lat' dir='ltr'><strong>dictum</strong></span> <span class='ocrx_word' id='word_1_273' title='bbox 2069 2202 2174 2254; x_wconf 90' lang='lat' dir='ltr'><strong>est,</strong></span> <span class='ocrx_word' id='word_1_274' title='bbox 2213 2191 2332 2244; x_wconf 90' lang='lat' dir='ltr'><strong>uni-</strong></span> 
     </span>
    </p>
   </div>
   <div class='ocr_carea' id='block_1_38' title="bbox 760 2278 2335 2351">
    <p class='ocr_par' dir='ltr' id='par_1_38' title="bbox 760 2278 2335 2351">
     <span class='ocr_line' id='line_1_38' title="bbox 760 2278 2335 2351; baseline 0.007 -22"><span class='ocrx_word' id='word_1_275' title='bbox 760 2278 1009 2341; x_wconf 78' lang='lat' dir='ltr'><strong>lormetn,</strong></span> <span class='ocrx_word' id='word_1_276' title='bbox 1062 2297 1168 2334; x_wconf 92' lang='lat' dir='ltr'><strong>non</strong></span> <span class='ocrx_word' id='word_1_277' title='bbox 1216 2284 1524 2350; x_wconf 62' lang='lat' dir='ltr'><strong>ﬁguratam,</strong></span> <span class='ocrx_word' id='word_1_278' title='bbox 1575 2295 1865 2351; x_wconf 71' lang='lat' dir='ltr'><strong>aeternam,</strong></span> <span class='ocrx_word' id='word_1_279' title='bbox 1914 2287 2232 2339; x_wconf 76' lang='lat' dir='ltr'><strong>inmensam</strong></span> <span class='ocrx_word' id='word_1_280' title='bbox 2281 2295 2335 2340; x_wconf 90' lang='lat' dir='ltr'><strong>et</strong></span> 
     </span>
    </p>
   </div>
   <div class='ocr_carea' id='block_1_39' title="bbox 760 2371 2336 2448">
    <p class='ocr_par' dir='ltr' id='par_1_39' title="bbox 760 2371 2336 2448">
     <span class='ocr_line' id='line_1_39' title="bbox 760 2371 2336 2448; baseline 0.01 -28"><span class='ocrx_word' id='word_1_281' title='bbox 760 2371 1049 2436; x_wconf 81' lang='lat' dir='ltr'><strong>inﬁnitam,</strong></span> <span class='ocrx_word' id='word_1_282' title='bbox 1119 2374 1171 2428; x_wconf 93' lang='lat' dir='ltr'><strong>in</strong></span> <span class='ocrx_word' id='word_1_283' title='bbox 1238 2374 1395 2430; x_wconf 80' lang='lat' dir='ltr'><strong>Veihi</strong></span> <span class='ocrx_word' id='word_1_284' title='bbox 1461 2384 1515 2432; x_wconf 86' lang='lat' dir='ltr'><strong>et</strong></span> <span class='ocrx_word' id='word_1_285' title='bbox 1575 2377 1813 2447; x_wconf 89' lang='lat' dir='ltr'><strong>Spiritus</strong></span> <span class='ocrx_word' id='word_1_286' title='bbox 1875 2380 2336 2448; x_wconf 82' lang='lat' dir='ltr'><strong>contemplatione</strong></span> 
     </span>
    </p>
   </div>
   <div class='ocr_carea' id='block_1_40' title="bbox 753 2466 1059 2520">
    <p class='ocr_par' dir='ltr' id='par_1_40' title="bbox 753 2466 1059 2520">
     <span class='ocr_line' id='line_1_40' title="bbox 753 2466 1059 2520; baseline 0.007 -2"><span class='ocrx_word' id='word_1_287' title='bbox 753 2473 808 2518; x_wconf 89' lang='lat' dir='ltr'><strong>et</strong></span> <span class='ocrx_word' id='word_1_288' title='bbox 837 2466 1059 2520; x_wconf 80' lang='lat' dir='ltr'><strong>auxilio.</strong></span> 
     </span>
    </p>
   </div>
   <div class='ocr_carea' id='block_1_41' title="bbox 832 2738 2339 2813">
    <p class='ocr_par' dir='ltr' id='par_1_41' title="bbox 832 2738 2339 2813">
     <span class='ocr_line' id='line_1_41' title="bbox 832 2738 2339 2813; baseline 0.004 -21"><span class='ocrx_word' id='word_1_289' title='bbox 832 2739 919 2792; x_wconf 71' lang='lat'><strong>84.</strong></span> <span class='ocrx_word' id='word_1_290' title='bbox 963 2738 1192 2804; x_wconf 87' lang='lat' dir='ltr'><strong>Quando</strong></span> <span class='ocrx_word' id='word_1_291' title='bbox 1217 2751 1361 2794; x_wconf 82' lang='lat' dir='ltr'><strong>recta</strong></span> <span class='ocrx_word' id='word_1_292' title='bbox 1389 2757 1451 2796; x_wconf 87' lang='lat' dir='ltr'><strong>ac</strong></span> <span class='ocrx_word' id='word_1_293' title='bbox 1469 2742 1706 2811; x_wconf 89' lang='lat' dir='ltr'><strong>simplici</strong></span> <span class='ocrx_word' id='word_1_294' title='bbox 1748 2744 2107 2813; x_wconf 86' lang='lat' dir='ltr'><strong>dispositione</strong></span> <span class='ocrx_word' id='word_1_295' title='bbox 2143 2745 2339 2799; x_wconf 75' lang='lat' dir='ltr'><strong>anima:</strong></span> 
     </span>
    </p>
   </div>
   <div class='ocr_carea' id='block_1_42' title="bbox 761 2830 2336 2904">
    <p class='ocr_par' dir='ltr' id='par_1_42' title="bbox 761 2830 2336 2904">
     <span class='ocr_line' id='line_1_42' title="bbox 761 2830 2336 2904; baseline 0.008 -23"><span class='ocrx_word' id='word_1_296' title='bbox 761 2830 923 2883; x_wconf 87' lang='lat' dir='ltr'><strong>homo</strong></span> <span class='ocrx_word' id='word_1_297' title='bbox 954 2833 1169 2886; x_wconf 88' lang='lat' dir='ltr'><strong>virtutis</strong></span> <span class='ocrx_word' id='word_1_298' title='bbox 1202 2850 1423 2889; x_wconf 81' lang='lat' dir='ltr'><strong>rursum</strong></span> <span class='ocrx_word' id='word_1_299' title='bbox 1460 2839 1690 2904; x_wconf 84' lang='lat' dir='ltr'><strong>perﬁcit,</strong></span> <span class='ocrx_word' id='word_1_300' title='bbox 1720 2854 1842 2891; x_wconf 89' lang='lat' dir='ltr'><strong>cum</strong></span> <span class='ocrx_word' id='word_1_301' title='bbox 1871 2840 2060 2893; x_wconf 86' lang='lat' dir='ltr'><strong>humili</strong></span> <span class='ocrx_word' id='word_1_302' title='bbox 2093 2855 2257 2896; x_wconf 85' lang='lat' dir='ltr'><strong>sensu</strong></span> <span class='ocrx_word' id='word_1_303' title='bbox 2283 2840 2336 2894; x_wconf 92' lang='lat' dir='ltr'><strong>in</strong></span> 
     </span>
    </p>
   </div>
   <div class='ocr_carea' id='block_1_43' title="bbox 761 2925 2340 2995">
    <p class='ocr_par' dir='ltr' id='par_1_43' title="bbox 761 2925 2340 2995">
     <span class='ocr_line' id='line_1_43' title="bbox 761 2925 2340 2995; baseline 0.008 -19"><span class='ocrx_word' id='word_1_304' title='bbox 761 2925 1015 2987; x_wconf 82' lang='lat' dir='ltr'><strong>patientia</strong></span> <span class='ocrx_word' id='word_1_305' title='bbox 1059 2937 1111 2980; x_wconf 89' lang='lat' dir='ltr'><strong>et</strong></span> <span class='ocrx_word' id='word_1_306' title='bbox 1141 2943 1236 2995; x_wconf 72' lang='lat' dir='ltr'><strong>ape</strong></span> <span class='ocrx_word' id='word_1_307' title='bbox 1278 2945 1342 2983; x_wconf 81' lang='lat' dir='ltr'><strong>ex</strong></span> <span class='ocrx_word' id='word_1_308' title='bbox 1393 2931 1498 2984; x_wconf 81' lang='lat' dir='ltr'><strong>tlde</strong></span> <span class='ocrx_word' id='word_1_309' title='bbox 1544 2942 1686 2994; x_wconf 90' lang='lat' dir='ltr'><strong>orta,</strong></span> <span class='ocrx_word' id='word_1_310' title='bbox 1725 2931 2006 2986; x_wconf 80' lang='lat' dir='ltr'><strong>\ivilieaus</strong></span> <span class='ocrx_word' id='word_1_311' title='bbox 2055 2942 2237 2987; x_wconf 86' lang='lat' dir='ltr'><strong>autem</strong></span> <span class='ocrx_word' id='word_1_312' title='bbox 2286 2947 2340 2989; x_wconf 85' lang='lat' dir='ltr'><strong>et</strong></span> 
     </span>
    </p>
   </div>
   <div class='ocr_carea' id='block_1_44' title="bbox 763 3027 2340 3098">
    <p class='ocr_par' dir='ltr' id='par_1_44' title="bbox 763 3027 2340 3098">
     <span class='ocr_line' id='line_1_44' title="bbox 763 3027 2340 3098; baseline 0.006 -24"><span class='ocrx_word' id='word_1_313' title='bbox 763 3035 1024 3090; x_wconf 74' lang='lat' dir='ltr'><strong>perpetuo</strong></span> <span class='ocrx_word' id='word_1_314' title='bbox 1059 3027 1367 3081; x_wconf 87' lang='lat' dir='ltr'><strong>scaturieos</strong></span> <span class='ocrx_word' id='word_1_315' title='bbox 1396 3029 1569 3081; x_wconf 85' lang='lat' dir='ltr'><strong>sancti</strong></span> <span class='ocrx_word' id='word_1_316' title='bbox 1606 3029 1846 3098; x_wconf 86' lang='lat' dir='ltr'><strong>Spiritus</strong></span> <span class='ocrx_word' id='word_1_317' title='bbox 1877 3030 2050 3082; x_wconf 89' lang='lat' dir='ltr'><strong>virtus</strong></span> <span class='ocrx_word' id='word_1_318' title='bbox 2085 3039 2139 3082; x_wconf 88' lang='lat' dir='ltr'><strong>et</strong></span> <span class='ocrx_word' id='word_1_319' title='bbox 2164 3029 2340 3083; x_wconf 77' lang='lat' dir='ltr'><strong>etiica-</strong></span> 
     </span>
    </p>
   </div>
   <div class='ocr_carea' id='block_1_45' title="bbox 755 3115 2340 3189">
    <p class='ocr_par' dir='ltr' id='par_1_45' title="bbox 755 3115 2340 3189">
     <span class='ocr_line' id='line_1_45' title="bbox 755 3115 2340 3189; baseline 0.009 -27"><span class='ocrx_word' id='word_1_320' title='bbox 755 3115 836 3164; x_wconf 77' lang='lat' dir='ltr'><strong>eia</strong></span> <span class='ocrx_word' id='word_1_321' title='bbox 873 3129 968 3166; x_wconf 78' lang='lat' dir='ltr'><strong>cor</strong></span> <span class='ocrx_word' id='word_1_322' title='bbox 999 3121 1387 3184; x_wconf 84' lang='lat' dir='ltr'><strong>penetraverit,</strong></span> <span class='ocrx_word' id='word_1_323' title='bbox 1433 3123 1629 3174; x_wconf 66' lang='lat' dir='ltr'><strong>animat</strong></span> <span class='ocrx_word' id='word_1_324' title='bbox 1663 3122 1937 3189; x_wconf 79' lang='lat' dir='ltr'><strong>potentias</strong></span> <span class='ocrx_word' id='word_1_325' title='bbox 1967 3138 2091 3176; x_wconf 84' lang='lat' dir='ltr'><strong>vere</strong></span> <span class='ocrx_word' id='word_1_326' title='bbox 2137 3123 2340 3176; x_wconf 88' lang='lat' dir='ltr'><strong>illumi-</strong></span> 
     </span>
    </p>
   </div>
   <div class='ocr_carea' id='block_1_46' title="bbox 2426 1907 4012 1981">
    <p class='ocr_par' dir='ltr' id='par_1_46' title="bbox 2426 1907 4012 1981">
     <span class='ocr_line' id='line_1_46' title="bbox 2426 1907 4012 1981; baseline 0.003 -23"><span class='ocrx_word' id='word_1_327' title='bbox 2426 1907 2548 1977; x_wconf 88' lang='grc' dir='ltr'>ρίαν</span> <span class='ocrx_word' id='word_1_328' title='bbox 2580 1907 2810 1976; x_wconf 83' lang='grc' dir='ltr'>ὁρῶντες</span> <span class='ocrx_word' id='word_1_329' title='bbox 2842 1910 2898 1959; x_wconf 90' lang='grc' dir='ltr'><strong>ἐν</strong></span> <span class='ocrx_word' id='word_1_330' title='bbox 2924 1910 3196 1980; x_wconf 70' lang='grc' dir='ltr'>ἀοριστίᾳ,</span> <span class='ocrx_word' id='word_1_331' title='bbox 3237 1910 3330 1962; x_wconf 73' lang='grc' dir='ltr'><strong>καὶ</strong></span> <span class='ocrx_word' id='word_1_332' title='bbox 3373 1911 3619 1980; x_wconf 60' lang='grc' dir='ltr'>ἀπειρίᾳ,</span> <span class='ocrx_word' id='word_1_333' title='bbox 3654 1912 3746 1962; x_wconf 74' lang='grc' dir='ltr'><strong>καὶ</strong></span> <span class='ocrx_word' id='word_1_334' title='bbox 3779 1913 4012 1981; x_wconf 75' lang='grc' dir='ltr'>ἀναρχό-</span> 
     </span>
    </p>
   </div>
   <div class='ocr_carea' id='block_1_47' title="bbox 2425 2001 4013 2072">
    <p class='ocr_par' dir='ltr' id='par_1_47' title="bbox 2425 2001 4013 2072">
     <span class='ocr_line' id='line_1_47' title="bbox 2425 2001 4013 2072; baseline 0.003 -21"><span class='ocrx_word' id='word_1_335' title='bbox 2425 2016 2571 2068; x_wconf 66' lang='grc' dir='ltr'>τητι,</span> <span class='ocrx_word' id='word_1_336' title='bbox 2604 2001 2696 2052; x_wconf 68' lang='grc' dir='ltr'>τὸν</span> <span class='ocrx_word' id='word_1_337' title='bbox 2735 2001 2832 2070; x_wconf 84' lang='grc' dir='ltr'>τῆς</span> <span class='ocrx_word' id='word_1_338' title='bbox 2861 2003 3084 2070; x_wconf 79' lang='grc' dir='ltr'>καρδίας</span> <span class='ocrx_word' id='word_1_339' title='bbox 3116 2002 3273 2071; x_wconf 84' lang='grc' dir='ltr'>ήμῶν</span> <span class='ocrx_word' id='word_1_340' title='bbox 3305 2003 3569 2072; x_wconf 81' lang='grc' dir='ltr'>πρότερον</span> <span class='ocrx_word' id='word_1_341' title='bbox 3597 2003 3747 2056; x_wconf 80' lang='grc' dir='ltr'>ἔνδον</span> <span class='ocrx_word' id='word_1_342' title='bbox 3777 2006 4013 2072; x_wconf 77' lang='grc' dir='ltr'>εὑρηκέ-</span> 
     </span>
    </p>
   </div>
   <div class='ocr_carea' id='block_1_48' title="bbox 2429 2104 4007 2180">
    <p class='ocr_par' dir='ltr' id='par_1_48' title="bbox 2429 2104 4007 2180">
     <span class='ocr_line' id='line_1_48' title="bbox 2429 2104 4007 2180; baseline -0.008 -12"><span class='ocrx_word' id='word_1_343' title='bbox 2429 2132 2518 2168; x_wconf 86' lang='grc' dir='ltr'><strong>ναι</strong></span> <span class='ocrx_word' id='word_1_344' title='bbox 2573 2111 2903 2180; x_wconf 75' lang='grc' dir='ltr'>ζητήσωμεν</span> <span class='ocrx_word' id='word_1_345' title='bbox 2945 2108 3240 2177; x_wconf 64' lang='grc' dir='ltr'>θησαδρδν,</span> <span class='ocrx_word' id='word_1_346' title='bbox 3291 2108 3386 2160; x_wconf 72' lang='grc' dir='ltr'><strong>καὶ</strong></span> <span class='ocrx_word' id='word_1_347' title='bbox 3447 2107 3815 2176; x_wconf 82' lang='grc' dir='ltr'>ἱκετεύσωμεν</span> <span class='ocrx_word' id='word_1_348' title='bbox 3869 2104 4007 2158; x_wconf 69' lang='grc' dir='ltr'>θεὸν</span> 
     </span>
    </p>
   </div>
   <div class='ocr_carea' id='block_1_49' title="bbox 2427 2197 4005 2273">
    <p class='ocr_par' dir='ltr' id='par_1_49' title="bbox 2427 2197 4005 2273">
     <span class='ocr_line' id='line_1_49' title="bbox 2427 2197 4005 2273; baseline -0.006 -14"><span class='ocrx_word' id='word_1_349' title='bbox 2427 2206 2605 2273; x_wconf 80' lang='grc' dir='ltr'>ἆγιον,</span> <span class='ocrx_word' id='word_1_350' title='bbox 2642 2203 2930 2272; x_wconf 88' lang='grc' dir='ltr'>πληρῶσαι</span> <span class='ocrx_word' id='word_1_351' title='bbox 2956 2203 3054 2270; x_wconf 83' lang='grc' dir='ltr'>τὴν</span> <span class='ocrx_word' id='word_1_352' title='bbox 3096 2201 3201 2270; x_wconf 81' lang='grc' dir='ltr'>γῆν</span> <span class='ocrx_word' id='word_1_353' title='bbox 3245 2200 3403 2270; x_wconf 83' lang='grc' dir='ltr'>ἡμῶν</span> <span class='ocrx_word' id='word_1_354' title='bbox 3443 2200 3535 2252; x_wconf 84' lang='grc' dir='ltr'><strong>τοῦ</strong></span> <span class='ocrx_word' id='word_1_355' title='bbox 3577 2200 3759 2262; x_wconf 78' lang='grc' dir='ltr'>ἐλέους</span> <span class='ocrx_word' id='word_1_356' title='bbox 3803 2197 4005 2252; x_wconf 79' lang='grc' dir='ltr'>αὐτοῦ·</span> 
     </span>
    </p>
   </div>
   <div class='ocr_carea' id='block_1_50' title="bbox 2427 2291 4014 2360">
    <p class='ocr_par' dir='ltr' id='par_1_50' title="bbox 2427 2291 4014 2360">
     <span class='ocr_line' id='line_1_50' title="bbox 2427 2291 4014 2360; baseline -0.006 -9"><span class='ocrx_word' id='word_1_357' title='bbox 2427 2300 2521 2351; x_wconf 79' lang='grc' dir='ltr'>καὶ</span> <span class='ocrx_word' id='word_1_358' title='bbox 2549 2298 2669 2349; x_wconf 83' lang='grc' dir='ltr'>τότε</span> <span class='ocrx_word' id='word_1_359' title='bbox 2701 2297 2862 2356; x_wconf 76' lang='grc' dir='ltr'>εἴτις</span> <span class='ocrx_word' id='word_1_360' title='bbox 2888 2294 3140 2360; x_wconf 79' lang='grc' dir='ltr'>δύναμις,</span> <span class='ocrx_word' id='word_1_361' title='bbox 3181 2293 3295 2346; x_wconf 82' lang='grc' dir='ltr'>ἄνω</span> <span class='ocrx_word' id='word_1_362' title='bbox 3339 2292 3520 2360; x_wconf 86' lang='grc' dir='ltr'>δῶμεν</span> <span class='ocrx_word' id='word_1_363' title='bbox 3553 2291 3878 2360; x_wconf 80' lang='grc' dir='ltr'>ἐλευθερίως</span> <span class='ocrx_word' id='word_1_364' title='bbox 3917 2292 4014 2344; x_wconf 83' lang='grc' dir='ltr'><strong>τὸν</strong></span> 
     </span>
    </p>
   </div>
   <div class='ocr_carea' id='block_1_51' title="bbox 2427 2384 4016 2457">
    <p class='ocr_par' dir='ltr' id='par_1_51' title="bbox 2427 2384 4016 2457">
     <span class='ocr_line' id='line_1_51' title="bbox 2427 2384 4016 2457; baseline -0.005 -13"><span class='ocrx_word' id='word_1_365' title='bbox 2427 2389 2551 2444; x_wconf 89' lang='grc' dir='ltr'>νοῦν</span> <span class='ocrx_word' id='word_1_366' title='bbox 2583 2389 2718 2457; x_wconf 84' lang='grc' dir='ltr'>πρὸς</span> <span class='ocrx_word' id='word_1_367' title='bbox 2743 2386 2877 2439; x_wconf 88' lang='grc' dir='ltr'>Θεοῦ</span> <span class='ocrx_word' id='word_1_368' title='bbox 2907 2386 3256 2454; x_wconf 84' lang='grc' dir='ltr'>κατανόησιν,</span> <span class='ocrx_word' id='word_1_369' title='bbox 3284 2385 3515 2453; x_wconf 81' lang='grc' dir='ltr'>ἐνοειδῆ,</span> <span class='ocrx_word' id='word_1_370' title='bbox 3540 2385 3616 2445; x_wconf 86' lang='grc' dir='ltr'><strong>ῶς</strong></span> <span class='ocrx_word' id='word_1_371' title='bbox 3640 2384 3881 2452; x_wconf 79' lang='grc' dir='ltr'>εἴρηται,</span> <span class='ocrx_word' id='word_1_372' title='bbox 3922 2384 4016 2436; x_wconf 72' lang='grc' dir='ltr'><strong>καὶ</strong></span> 
     </span>
    </p>
   </div>
   <div class='ocr_carea' id='block_1_52' title="bbox 2431 2474 4019 2550">
    <p class='ocr_par' dir='ltr' id='par_1_52' title="bbox 2431 2474 4019 2550">
     <span class='ocr_line' id='line_1_52' title="bbox 2431 2474 4019 2550; baseline -0.006 -17"><span class='ocrx_word' id='word_1_373' title='bbox 2431 2479 2706 2550; x_wconf 77' lang='grc' dir='ltr'>μονοειδῆ,</span> <span class='ocrx_word' id='word_1_374' title='bbox 2735 2477 2936 2546; x_wconf 77' lang='grc' dir='ltr'>ἁπλῆν,</span> <span class='ocrx_word' id='word_1_375' title='bbox 2961 2477 3218 2537; x_wconf 78' lang='grc' dir='ltr'>ἀνείδεον,</span> <span class='ocrx_word' id='word_1_376' title='bbox 3246 2476 3440 2538; x_wconf 78' lang='grc' dir='ltr'>ἀῖδιον,</span> <span class='ocrx_word' id='word_1_377' title='bbox 3459 2476 3709 2543; x_wconf 79' lang='grc' dir='ltr'>ἄπειρον,</span> <span class='ocrx_word' id='word_1_378' title='bbox 3740 2476 3835 2526; x_wconf 73' lang='grc' dir='ltr'>καὶ</span> <span class='ocrx_word' id='word_1_379' title='bbox 3869 2474 4019 2544; x_wconf 83' lang='grc' dir='ltr'>ἀόρι-</span> 
     </span>
    </p>
   </div>
   <div class='ocr_carea' id='block_1_53' title="bbox 2430 2567 4023 2640">
    <p class='ocr_par' dir='ltr' id='par_1_53' title="bbox 2430 2567 4023 2640">
     <span class='ocr_line' id='line_1_53' title="bbox 2430 2567 4023 2640; baseline -0.005 -14"><span class='ocrx_word' id='word_1_380' title='bbox 2430 2591 2574 2634; x_wconf 89' lang='grc' dir='ltr'>στον,</span> <span class='ocrx_word' id='word_1_381' title='bbox 2605 2575 2660 2624; x_wconf 86' lang='grc' dir='ltr'><strong>ἐν</strong></span> <span class='ocrx_word' id='word_1_382' title='bbox 2691 2571 2894 2640; x_wconf 71' lang='grc' dir='ltr'>θεωρίᾳ</span> <span class='ocrx_word' id='word_1_383' title='bbox 2924 2571 3016 2622; x_wconf 66' lang='grc' dir='ltr'><strong>καὶ</strong></span> <span class='ocrx_word' id='word_1_384' title='bbox 3051 2570 3274 2640; x_wconf 73' lang='grc' dir='ltr'>βοηθείᾳ</span> <span class='ocrx_word' id='word_1_385' title='bbox 3299 2569 3392 2621; x_wconf 89' lang='grc' dir='ltr'><strong>τοῦ</strong></span> <span class='ocrx_word' id='word_1_386' title='bbox 3418 2569 3593 2634; x_wconf 81' lang='grc' dir='ltr'>Λόγου</span> <span class='ocrx_word' id='word_1_387' title='bbox 3628 2585 3686 2619; x_wconf 90' lang='grc' dir='ltr'><strong>τε</strong></span> <span class='ocrx_word' id='word_1_388' title='bbox 3721 2569 3818 2619; x_wconf 77' lang='grc' dir='ltr'><strong>καὶ</strong></span> <span class='ocrx_word' id='word_1_389' title='bbox 3848 2567 4023 2619; x_wconf 83' lang='grc' dir='ltr'><strong>11νεύ-</strong></span> 
     </span>
    </p>
   </div>
   <div class='ocr_carea' id='block_1_54' title="bbox 2433 2681 2625 2734">
    <p class='ocr_par' dir='ltr' id='par_1_54' title="bbox 2433 2681 2625 2734">
     <span class='ocr_line' id='line_1_54' title="bbox 2433 2681 2625 2734; baseline -0.016 -17"><span class='ocrx_word' id='word_1_390' title='bbox 2433 2681 2625 2734; x_wconf 81' lang='grc' dir='ltr'>ματος.</span> 
     </span>
    </p>
   </div>
   <div class='ocr_carea' id='block_1_55' title="bbox 2505 2746 4026 2822">
    <p class='ocr_par' dir='ltr' id='par_1_55' title="bbox 2505 2746 4026 2822">
     <span class='ocr_line' id='line_1_55' title="bbox 2505 2746 4026 2822; baseline -0.006 -16"><span class='ocrx_word' id='word_1_391' title='bbox 2505 2756 2606 2806; x_wconf 76' lang='grc' dir='ltr'><strong>πό’.</strong></span> <span class='ocrx_word' id='word_1_392' title='bbox 2654 2753 2922 2822; x_wconf 81' lang='grc' dir='ltr'>Ὀπηνίκα</span> <span class='ocrx_word' id='word_1_393' title='bbox 2970 2754 3087 2812; x_wconf 80' lang='grc' dir='ltr'>ταῖς</span> <span class='ocrx_word' id='word_1_394' title='bbox 3125 2750 3328 2812; x_wconf 79' lang='grc' dir='ltr'>εὐθέσι,</span> <span class='ocrx_word' id='word_1_395' title='bbox 3382 2749 3475 2802; x_wconf 73' lang='grc' dir='ltr'>καὶ</span> <span class='ocrx_word' id='word_1_396' title='bbox 3509 2749 3796 2810; x_wconf 84' lang='grc' dir='ltr'>ἀπλοῖκαῖς</span> <span class='ocrx_word' id='word_1_397' title='bbox 3843 2746 4026 2798; x_wconf 84' lang='grc' dir='ltr'>διαθέ-</span> 
     </span>
    </p>
   </div>
   <div class='ocr_carea' id='block_1_56' title="bbox 2434 2841 4028 2914">
    <p class='ocr_par' dir='ltr' id='par_1_56' title="bbox 2434 2841 4028 2914">
     <span class='ocr_line' id='line_1_56' title="bbox 2434 2841 4028 2914; baseline -0.006 -14"><span class='ocrx_word' id='word_1_398' title='bbox 2434 2865 2551 2900; x_wconf 82' lang='grc' dir='ltr'>σεσι</span> <span class='ocrx_word' id='word_1_399' title='bbox 2579 2847 2675 2914; x_wconf 82' lang='grc' dir='ltr'><strong>τῆς</strong></span> <span class='ocrx_word' id='word_1_400' title='bbox 2709 2844 2888 2914; x_wconf 73' lang='grc' dir='ltr'>ψυχῆς</span> <span class='ocrx_word' id='word_1_401' title='bbox 2920 2844 3009 2896; x_wconf 85' lang='grc' dir='ltr'><strong>τὸν</strong></span> <span class='ocrx_word' id='word_1_402' title='bbox 3042 2844 3182 2894; x_wconf 85' lang='grc' dir='ltr'><strong>κατά</strong></span> <span class='ocrx_word' id='word_1_403' title='bbox 3204 2843 3302 2905; x_wconf 85' lang='grc' dir='ltr'><strong>τάς</strong></span> <span class='ocrx_word' id='word_1_404' title='bbox 3339 2842 3540 2911; x_wconf 86' lang='grc' dir='ltr'>ἀρετάς</span> <span class='ocrx_word' id='word_1_405' title='bbox 3569 2843 3770 2910; x_wconf 81' lang='grc' dir='ltr'>δρόμον</span> <span class='ocrx_word' id='word_1_406' title='bbox 3801 2841 3868 2892; x_wconf 86' lang='grc' dir='ltr'>δι’</span> <span class='ocrx_word' id='word_1_407' title='bbox 3893 2842 4028 2908; x_wconf 82' lang='grc' dir='ltr'>ἀρε·</span> 
     </span>
    </p>
   </div>
   <div class='ocr_carea' id='block_1_57' title="bbox 2414 2933 4030 3007">
    <p class='ocr_par' dir='ltr' id='par_1_57' title="bbox 2414 2933 4030 3007">
     <span class='ocr_line' id='line_1_57' title="bbox 2414 2933 4030 3007; baseline -0.006 -15"><span class='ocrx_word' id='word_1_408' title='bbox 2414 2939 2537 2992; x_wconf 43' lang='grc' dir='ltr'>’τῶν</span> <span class='ocrx_word' id='word_1_409' title='bbox 2586 2937 2727 3007; x_wconf 88' lang='grc' dir='ltr'><strong>μετά</strong></span> <span class='ocrx_word' id='word_1_410' title='bbox 2777 2936 3126 3005; x_wconf 87' lang='grc' dir='ltr'>φρονήματος</span> <span class='ocrx_word' id='word_1_411' title='bbox 3181 2933 3439 2985; x_wconf 81' lang='grc' dir='ltr'>ταπεινοῦ</span> <span class='ocrx_word' id='word_1_412' title='bbox 3495 2935 3552 2984; x_wconf 85' lang='grc' dir='ltr'><strong>ἐν</strong></span> <span class='ocrx_word' id='word_1_413' title='bbox 3627 2935 3875 3001; x_wconf 78' lang='grc' dir='ltr'>ὑπομονῇ</span> <span class='ocrx_word' id='word_1_414' title='bbox 3929 2934 4030 2983; x_wconf 82' lang='grc' dir='ltr'>καὶ</span> 
     </span>
    </p>
   </div>
   <div class='ocr_carea' id='block_1_58' title="bbox 2432 3024 4027 3097">
    <p class='ocr_par' dir='ltr' id='par_1_58' title="bbox 2432 3024 4027 3097">
     <span class='ocr_line' id='line_1_58' title="bbox 2432 3024 4027 3097; baseline -0.004 -16"><span class='ocrx_word' id='word_1_415' title='bbox 2432 3029 2609 3083; x_wconf 81' lang='grc' dir='ltr'>ἐλπίδι</span> <span class='ocrx_word' id='word_1_416' title='bbox 2648 3030 2713 3097; x_wconf 84' lang='grc' dir='ltr'>τῇ</span> <span class='ocrx_word' id='word_1_417' title='bbox 2763 3026 2850 3079; x_wconf 73' lang='grc' dir='ltr'><strong>διὰ</strong></span> <span class='ocrx_word' id='word_1_418' title='bbox 2887 3026 3122 3086; x_wconf 84' lang='grc' dir='ltr'>πίστεως</span> <span class='ocrx_word' id='word_1_419' title='bbox 3161 3024 3469 3086; x_wconf 82' lang='grc' dir='ltr'>διανύοντος</span> <span class='ocrx_word' id='word_1_420' title='bbox 3499 3025 3595 3075; x_wconf 88' lang='grc' dir='ltr'><strong>τοῦ</strong></span> <span class='ocrx_word' id='word_1_421' title='bbox 3630 3025 3954 3093; x_wconf 85' lang='grc' dir='ltr'>ἀνθρώπου,</span> <span class='ocrx_word' id='word_1_422' title='bbox 3989 3025 4027 3094; x_wconf 78' lang='grc' dir='ltr'>ἡ</span> 
     </span>
    </p>
   </div>
   <div class='ocr_carea' id='block_1_59' title="bbox 2434 3113 4036 3184">
    <p class='ocr_par' dir='ltr' id='par_1_59' title="bbox 2434 3113 4036 3184">
     <span class='ocr_line' id='line_1_59' title="bbox 2434 3113 4036 3184; baseline -0.004 -12"><span class='ocrx_word' id='word_1_423' title='bbox 2434 3118 2700 3184; x_wconf 75' lang='grc' dir='ltr'>ζωοποιὸς</span> <span class='ocrx_word' id='word_1_424' title='bbox 2729 3118 2821 3170; x_wconf 76' lang='grc' dir='ltr'><strong>καὶ</strong></span> <span class='ocrx_word' id='word_1_425' title='bbox 2859 3115 3142 3177; x_wconf 78' lang='grc' dir='ltr'>ἀείϐλυτος</span> <span class='ocrx_word' id='word_1_426' title='bbox 3183 3113 3279 3166; x_wconf 88' lang='grc' dir='ltr'><strong>τοῦ</strong></span> <span class='ocrx_word' id='word_1_427' title='bbox 3315 3114 3473 3180; x_wconf 84' lang='grc' dir='ltr'>ἁγίου</span> <span class='ocrx_word' id='word_1_428' title='bbox 3515 3115 3833 3183; x_wconf 85' lang='grc' dir='ltr'>Πνεύματος</span> <span class='ocrx_word' id='word_1_429' title='bbox 3867 3115 4036 3166; x_wconf 79' lang='grc' dir='ltr'>δύνα-</span> 
     </span>
    </p>
   </div>
   <div class='ocr_carea' id='block_1_60' title="bbox 761 3192 2446 3297">
    <p class='ocr_par' dir='ltr' id='par_1_60' title="bbox 761 3192 2446 3297">
     <span class='ocr_line' id='line_1_60' title="bbox 761 3192 2446 3297; baseline 0.007 -39"><span class='ocrx_word' id='word_1_430' title='bbox 761 3223 921 3271; x_wconf 78' lang='lat' dir='ltr'><strong>nans,</strong></span> <span class='ocrx_word' id='word_1_431' title='bbox 971 3226 1300 3280; x_wconf 86' lang='lat' dir='ltr'><strong>movensque</strong></span> <span class='ocrx_word' id='word_1_432' title='bbox 1330 3214 1621 3269; x_wconf 79' lang='lat' dir='ltr'><strong>manifeste</strong></span> <span class='ocrx_word' id='word_1_433' title='bbox 1647 3225 1699 3268; x_wconf 89' lang='lat' dir='ltr'><strong>et</strong></span> <span class='ocrx_word' id='word_1_434' title='bbox 1731 3217 1977 3270; x_wconf 76' lang='lat' dir='ltr'><strong>excitans</strong></span> <span class='ocrx_word' id='word_1_435' title='bbox 2007 3218 2072 3270; x_wconf 91' lang='lat' dir='ltr'><strong>ad</strong></span> <span class='ocrx_word' id='word_1_436' title='bbox 2097 3218 2333 3286; x_wconf 89' lang='lat' dir='ltr'><strong>seipsam</strong></span> <span class='ocrx_word' id='word_1_437' title='bbox 2363 3192 2446 3297; x_wconf 61' lang='grc' dir='ltr'><strong>σε</strong></span> 
     </span>
    </p>
   </div>
   <div class='ocr_carea' id='block_1_61' title="bbox 2342 3192 4027 3297">
    <p class='ocr_par' dir='ltr' id='par_1_61' title="bbox 2363 3192 4027 3297">
     <span class='ocr_line' id='line_1_61' title="bbox 2363 3192 4027 3297; baseline -0.004 -18"><span class='ocrx_word' id='word_1_438' title='bbox 2363 3192 2407 3252; x_wconf 74' lang='lat' dir='ltr'><strong>c</strong></span> <span class='ocrx_word' id='word_1_439' title='bbox 2431 3244 2524 3297; x_wconf 89' lang='grc' dir='ltr'><strong>μις</strong></span> <span class='ocrx_word' id='word_1_440' title='bbox 2559 3225 2654 3278; x_wconf 73' lang='grc' dir='ltr'><strong>καὶ</strong></span> <span class='ocrx_word' id='word_1_441' title='bbox 2685 3224 2939 3293; x_wconf 86' lang='grc' dir='ltr'>ἐνέργεια</span> <span class='ocrx_word' id='word_1_442' title='bbox 2973 3223 3040 3292; x_wconf 75' lang='grc' dir='ltr'>τῇ</span> <span class='ocrx_word' id='word_1_443' title='bbox 3075 3221 3276 3290; x_wconf 79' lang='grc' dir='ltr'>καρδίᾳ</span> <span class='ocrx_word' id='word_1_444' title='bbox 3310 3221 3662 3289; x_wconf 88' lang='grc' dir='ltr'>ἐπιδημήσει,</span> <span class='ocrx_word' id='word_1_445' title='bbox 3705 3219 4027 3287; x_wconf 73' lang='grc' dir='ltr'>φωτίζουσα</span> 
     </span>
    </p>
   </div>
   <div class='ocr_carea' id='block_1_62' title="bbox 761 3304 2334 3380">
    <p class='ocr_par' dir='ltr' id='par_1_62' title="bbox 761 3304 2334 3380">
     <span class='ocr_line' id='line_1_62' title="bbox 761 3304 2334 3380; baseline 0.008 -27"><span class='ocrx_word' id='word_1_446' title='bbox 761 3304 953 3358; x_wconf 82' lang='lat' dir='ltr'><strong>invitat</strong></span> <span class='ocrx_word' id='word_1_447' title='bbox 1010 3317 1267 3370; x_wconf 80' lang='lat' dir='ltr'><strong>mentem,</strong></span> <span class='ocrx_word' id='word_1_448' title='bbox 1325 3309 1449 3376; x_wconf 89' lang='lat' dir='ltr'><strong>quia</strong></span> <span class='ocrx_word' id='word_1_449' title='bbox 1482 3309 1664 3362; x_wconf 90' lang='lat' dir='ltr'><strong>statim</strong></span> <span class='ocrx_word' id='word_1_450' title='bbox 1715 3319 1769 3363; x_wconf 90' lang='lat' dir='ltr'><strong>et</strong></span> <span class='ocrx_word' id='word_1_451' title='bbox 1817 3309 2170 3365; x_wconf 75' lang='lat' dir='ltr'><strong>ineﬂahiIiter</strong></span> <span class='ocrx_word' id='word_1_452' title='bbox 2232 3312 2334 3380; x_wconf 79' lang='lat' dir='ltr'><strong>ipsi</strong></span> 
     </span>
    </p>
   </div>
   <div class='ocr_carea' id='block_1_63' title="bbox 764 3398 2338 3471">
    <p class='ocr_par' dir='ltr' id='par_1_63' title="bbox 764 3398 2338 3471">
     <span class='ocr_line' id='line_1_63' title="bbox 764 3398 2338 3471; baseline 0.008 -25"><span class='ocrx_word' id='word_1_453' title='bbox 764 3398 966 3461; x_wconf 90' lang='lat' dir='ltr'><strong>nnitur,</strong></span> <span class='ocrx_word' id='word_1_454' title='bbox 1000 3399 1073 3451; x_wconf 88' lang='lat' dir='ltr'><strong>ita</strong></span> <span class='ocrx_word' id='word_1_455' title='bbox 1108 3408 1184 3459; x_wconf 72' lang='lat' dir='ltr'><strong>ut:</strong></span> <span class='ocrx_word' id='word_1_456' title='bbox 1225 3415 1410 3454; x_wconf 87' lang='lat' dir='ltr'><strong>revera</strong></span> <span class='ocrx_word' id='word_1_457' title='bbox 1446 3417 1602 3455; x_wconf 86' lang='lat' dir='ltr'><strong>mens</strong></span> <span class='ocrx_word' id='word_1_458' title='bbox 1645 3414 1699 3456; x_wconf 89' lang='lat' dir='ltr'><strong>et</strong></span> <span class='ocrx_word' id='word_1_459' title='bbox 1743 3403 1914 3471; x_wconf 79' lang='lat' dir='ltr'><strong>gratia</strong></span> <span class='ocrx_word' id='word_1_460' title='bbox 1963 3403 2338 3458; x_wconf 83' lang='lat' dir='ltr'><strong>indubitanter</strong></span> 
     </span>
    </p>
   </div>
   <div class='ocr_carea' id='block_1_64' title="bbox 763 3492 2340 3566">
    <p class='ocr_par' dir='ltr' id='par_1_64' title="bbox 763 3492 2340 3566">
     <span class='ocr_line' id='line_1_64' title="bbox 763 3492 2340 3566; baseline 0.008 -27"><span class='ocrx_word' id='word_1_461' title='bbox 763 3498 893 3543; x_wconf 89' lang='lat' dir='ltr'><strong>tunc</strong></span> <span class='ocrx_word' id='word_1_462' title='bbox 944 3506 1084 3546; x_wconf 86' lang='lat' dir='ltr'><strong>unus</strong></span> <span class='ocrx_word' id='word_1_463' title='bbox 1122 3492 1346 3560; x_wconf 85' lang='lat' dir='ltr'><strong>spiritus</strong></span> <span class='ocrx_word' id='word_1_464' title='bbox 1389 3495 1540 3556; x_wconf 80' lang='lat' dir='ltr'><strong>ﬁant,</strong></span> <span class='ocrx_word' id='word_1_465' title='bbox 1589 3505 1717 3550; x_wconf 89' lang='lat' dir='ltr'><strong>tunc</strong></span> <span class='ocrx_word' id='word_1_466' title='bbox 1772 3512 1907 3551; x_wconf 90' lang='lat' dir='ltr'><strong>sane</strong></span> <span class='ocrx_word' id='word_1_467' title='bbox 1945 3512 2102 3552; x_wconf 89' lang='lat' dir='ltr'><strong>mens</strong></span> <span class='ocrx_word' id='word_1_468' title='bbox 2149 3507 2340 3566; x_wconf 86' lang='lat' dir='ltr'><strong>sponte</strong></span> 
     </span>
    </p>
   </div>
   <div class='ocr_carea' id='block_1_65' title="bbox 764 3589 2339 3662">
    <p class='ocr_par' dir='ltr' id='par_1_65' title="bbox 764 3589 2339 3662">
     <span class='ocr_line' id='line_1_65' title="bbox 764 3589 2339 3662; baseline 0.007 -26"><span class='ocrx_word' id='word_1_469' title='bbox 764 3589 910 3642; x_wconf 64' lang='lat' dir='ltr'><strong>venit</strong></span> <span class='ocrx_word' id='word_1_470' title='bbox 957 3591 1141 3656; x_wconf 72' lang='lat' dir='ltr'><strong>gratize</strong></span> <span class='ocrx_word' id='word_1_471' title='bbox 1195 3591 1399 3643; x_wconf 81' lang='lat' dir='ltr'><strong>auxilio</strong></span> <span class='ocrx_word' id='word_1_472' title='bbox 1454 3593 1634 3660; x_wconf 84' lang='lat' dir='ltr'><strong>adjuta</strong></span> <span class='ocrx_word' id='word_1_473' title='bbox 1675 3593 1740 3646; x_wconf 89' lang='lat' dir='ltr'><strong>ad</strong></span> <span class='ocrx_word' id='word_1_474' title='bbox 1797 3594 2339 3662; x_wconf 86' lang='lat' dir='ltr'><strong>contemplationem.</strong></span> 
     </span>
    </p>
   </div>
   <div class='ocr_carea' id='block_1_66' title="bbox 763 3683 2342 3757">
    <p class='ocr_par' dir='ltr' id='par_1_66' title="bbox 763 3683 2342 3757">
     <span class='ocr_line' id='line_1_66' title="bbox 763 3683 2342 3757; baseline 0.006 -24"><span class='ocrx_word' id='word_1_475' title='bbox 763 3693 1012 3736; x_wconf 86' lang='lat' dir='ltr'><strong>cessante</strong></span> <span class='ocrx_word' id='word_1_476' title='bbox 1042 3683 1384 3737; x_wconf 72' lang='lat' dir='ltr'><strong>iuetlahiliter</strong></span> <span class='ocrx_word' id='word_1_477' title='bbox 1405 3685 1525 3752; x_wconf 85' lang='lat' dir='ltr'><strong>ejus</strong></span> <span class='ocrx_word' id='word_1_478' title='bbox 1555 3701 1742 3740; x_wconf 89' lang='lat' dir='ltr'><strong>errore</strong></span> <span class='ocrx_word' id='word_1_479' title='bbox 1766 3695 1816 3740; x_wconf 92' lang='lat' dir='ltr'><strong>et</strong></span> <span class='ocrx_word' id='word_1_480' title='bbox 1852 3689 2138 3757; x_wconf 82' lang='lat' dir='ltr'><strong>vagatione</strong></span> <span class='ocrx_word' id='word_1_481' title='bbox 2168 3688 2342 3742; x_wconf 89' lang='lat' dir='ltr'><strong>sancti</strong></span> 
     </span>
    </p>
   </div>
   <div class='ocr_carea' id='block_1_67' title="bbox 763 3771 2343 3841">
    <p class='ocr_par' dir='ltr' id='par_1_67' title="bbox 763 3771 2343 3841">
     <span class='ocr_line' id='line_1_67' title="bbox 763 3771 2343 3841; baseline 0.001 -16"><span class='ocrx_word' id='word_1_482' title='bbox 763 3790 825 3826; x_wconf 83' lang='lat' dir='ltr'><strong>ac</strong></span> <span class='ocrx_word' id='word_1_483' title='bbox 859 3771 1182 3826; x_wconf 79' lang='lat' dir='ltr'><strong>viviﬁcantis</strong></span> <span class='ocrx_word' id='word_1_484' title='bbox 1213 3771 1448 3841; x_wconf 80' lang='lat' dir='ltr'><strong>Spiritus</strong></span> <span class='ocrx_word' id='word_1_485' title='bbox 1481 3773 1679 3829; x_wconf 84' lang='lat' dir='ltr'><strong>virtute</strong></span> <span class='ocrx_word' id='word_1_486' title='bbox 1714 3785 1768 3830; x_wconf 88' lang='lat' dir='ltr'><strong>et</strong></span> <span class='ocrx_word' id='word_1_487' title='bbox 1816 3775 2241 3834; x_wconf 89' lang='lat' dir='ltr'><strong>illuminatione.</strong></span> <span class='ocrx_word' id='word_1_488' title='bbox 2289 3789 2343 3828; x_wconf 90' lang='lat' dir='ltr'><strong>et</strong></span> 
     </span>
    </p>
   </div>
   <div class='ocr_carea' id='block_1_68' title="bbox 766 3865 2347 3938">
    <p class='ocr_par' dir='ltr' id='par_1_68' title="bbox 766 3865 2347 3938">
     <span class='ocr_line' id='line_1_68' title="bbox 766 3865 2347 3938; baseline 0.001 -19"><span class='ocrx_word' id='word_1_489' title='bbox 766 3866 819 3919; x_wconf 92' lang='lat' dir='ltr'><strong>in</strong></span> <span class='ocrx_word' id='word_1_490' title='bbox 845 3865 1213 3934; x_wconf 86' lang='lat' dir='ltr'><strong>spiritualium</strong></span> <span class='ocrx_word' id='word_1_491' title='bbox 1250 3867 1340 3921; x_wconf 87' lang='lat' dir='ltr'><strong>Dei</strong></span> <span class='ocrx_word' id='word_1_492' title='bbox 1366 3870 1744 3938; x_wconf 88' lang='lat' dir='ltr'><strong>mysteriorum</strong></span> <span class='ocrx_word' id='word_1_493' title='bbox 1773 3870 2160 3923; x_wconf 86' lang='lat' dir='ltr'><strong>revelationem</strong></span> <span class='ocrx_word' id='word_1_494' title='bbox 2196 3867 2347 3922; x_wconf 80' lang='lat' dir='ltr'><strong>festi-</strong></span> 
     </span>
    </p>
   </div>
   <div class='ocr_carea' id='block_1_69' title="bbox 772 3961 2347 4031">
    <p class='ocr_par' dir='ltr' id='par_1_69' title="bbox 772 3961 2347 4031">
     <span class='ocr_line' id='line_1_69' title="bbox 772 3961 2347 4031; baseline 0.003 -21"><span class='ocrx_word' id='word_1_495' title='bbox 772 3969 884 4021; x_wconf 87' lang='lat' dir='ltr'><strong>nat,</strong></span> <span class='ocrx_word' id='word_1_496' title='bbox 903 3972 956 4013; x_wconf 88' lang='lat' dir='ltr'><strong>et</strong></span> <span class='ocrx_word' id='word_1_497' title='bbox 978 3961 1292 4014; x_wconf 88' lang='lat' dir='ltr'><strong>omnimodo</strong></span> <span class='ocrx_word' id='word_1_498' title='bbox 1311 3962 1651 4031; x_wconf 80' lang='lat' dir='ltr'><strong>paeilieoque</strong></span> <span class='ocrx_word' id='word_1_499' title='bbox 1668 3963 1906 4027; x_wconf 89' lang='lat' dir='ltr'><strong>silentio,</strong></span> <span class='ocrx_word' id='word_1_500' title='bbox 1926 3964 2148 4030; x_wconf 87' lang='lat' dir='ltr'><strong>pr0prio</strong></span> <span class='ocrx_word' id='word_1_501' title='bbox 2172 3979 2232 4016; x_wconf 86' lang='lat' dir='ltr'><strong>ac</strong></span> <span class='ocrx_word' id='word_1_502' title='bbox 2255 3979 2347 4015; x_wconf 84' lang='lat' dir='ltr'><strong>na-</strong></span> 
     </span>
    </p>
   </div>
   <div class='ocr_carea' id='block_1_70' title="bbox 767 4053 2350 4124">
    <p class='ocr_par' dir='ltr' id='par_1_70' title="bbox 767 4053 2350 4124">
     <span class='ocr_line' id='line_1_70' title="bbox 767 4053 2350 4124; baseline 0.003 -20"><span class='ocrx_word' id='word_1_503' title='bbox 767 4053 928 4105; x_wconf 88' lang='lat' dir='ltr'><strong>turali</strong></span> <span class='ocrx_word' id='word_1_504' title='bbox 949 4065 1170 4121; x_wconf 82' lang='lat' dir='ltr'><strong>aspcctu</strong></span> <span class='ocrx_word' id='word_1_505' title='bbox 1200 4054 1250 4106; x_wconf 93' lang='lat' dir='ltr'><strong>in</strong></span> <span class='ocrx_word' id='word_1_506' title='bbox 1273 4054 1713 4124; x_wconf 79' lang='lat' dir='ltr'><strong>supernaturalia</strong></span> <span class='ocrx_word' id='word_1_507' title='bbox 1732 4063 1784 4108; x_wconf 90' lang='lat' dir='ltr'><strong>et</strong></span> <span class='ocrx_word' id='word_1_508' title='bbox 1820 4053 2113 4109; x_wconf 66' lang='lat' dir='ltr'><strong>ineﬂ‘abilia</strong></span> <span class='ocrx_word' id='word_1_509' title='bbox 2133 4054 2350 4109; x_wconf 89' lang='lat' dir='ltr'><strong>incede-</strong></span> 
     </span>
    </p>
   </div>
   <div class='ocr_carea' id='block_1_71' title="bbox 770 4147 2350 4217">
    <p class='ocr_par' dir='ltr' id='par_1_71' title="bbox 770 4147 2350 4217">
     <span class='ocr_line' id='line_1_71' title="bbox 770 4147 2350 4217; baseline 0.004 -21"><span class='ocrx_word' id='word_1_510' title='bbox 770 4161 828 4198; x_wconf 82' lang='lat' dir='ltr'><strong>re</strong></span> <span class='ocrx_word' id='word_1_511' title='bbox 856 4156 1049 4210; x_wconf 87' lang='lat' dir='ltr'><strong>tentat,</strong></span> <span class='ocrx_word' id='word_1_512' title='bbox 1068 4157 1119 4200; x_wconf 89' lang='lat' dir='ltr'><strong>et</strong></span> <span class='ocrx_word' id='word_1_513' title='bbox 1143 4149 1306 4201; x_wconf 85' lang='lat' dir='ltr'><strong>tacite</strong></span> <span class='ocrx_word' id='word_1_514' title='bbox 1330 4148 1500 4217; x_wconf 81' lang='lat' dir='ltr'><strong>magis</strong></span> <span class='ocrx_word' id='word_1_515' title='bbox 1521 4147 1715 4214; x_wconf 84' lang='lat' dir='ltr'><strong>Deum,</strong></span> <span class='ocrx_word' id='word_1_516' title='bbox 1736 4158 1794 4202; x_wconf 88' lang='lat' dir='ltr'><strong>ut</strong></span> <span class='ocrx_word' id='word_1_517' title='bbox 1823 4149 1936 4203; x_wconf 82' lang='lat' dir='ltr'><strong>ﬁeri</strong></span> <span class='ocrx_word' id='word_1_518' title='bbox 1956 4157 2150 4217; x_wconf 86' lang='lat' dir='ltr'><strong>potest,</strong></span> <span class='ocrx_word' id='word_1_519' title='bbox 2167 4148 2350 4203; x_wconf 79' lang='lat' dir='ltr'><strong>videre</strong></span> 
     </span>
    </p>
   </div>
   <div class='ocr_carea' id='block_1_72' title="bbox 773 4241 2340 4307">
    <p class='ocr_par' dir='ltr' id='par_1_72' title="bbox 773 4241 2340 4307">
     <span class='ocr_line' id='line_1_72' title="bbox 773 4241 2340 4307; baseline 0.001 -14"><span class='ocrx_word' id='word_1_520' title='bbox 773 4250 1005 4293; x_wconf 81' lang='lat' dir='ltr'><strong>conatur</strong></span> <span class='ocrx_word' id='word_1_521' title='bbox 1026 4257 1150 4293; x_wconf 88' lang='lat' dir='ltr'><strong>eum</strong></span> <span class='ocrx_word' id='word_1_522' title='bbox 1169 4242 1483 4296; x_wconf 81' lang='lat' dir='ltr'><strong>divinorum</strong></span> <span class='ocrx_word' id='word_1_523' title='bbox 1503 4244 1838 4307; x_wconf 55' lang='lat' dir='ltr'><strong>scientia,“</strong></span> <span class='ocrx_word' id='word_1_524' title='bbox 1859 4242 2036 4298; x_wconf 81' lang='lat' dir='ltr'><strong>sacris</strong></span> <span class='ocrx_word' id='word_1_525' title='bbox 2056 4241 2340 4299; x_wconf 84' lang='lat' dir='ltr'><strong>Lectioni-</strong></span> 
     </span>
    </p>
   </div>
   <div class='ocr_carea' id='block_1_73' title="bbox 774 4335 2344 4406">
    <p class='ocr_par' dir='ltr' id='par_1_73' title="bbox 774 4335 2344 4406">
     <span class='ocr_line' id='line_1_73' title="bbox 774 4335 2344 4406; baseline 0.005 -24"><span class='ocrx_word' id='word_1_526' title='bbox 774 4335 875 4389; x_wconf 76' lang='lat' dir='ltr'><strong>lius</strong></span> <span class='ocrx_word' id='word_1_527' title='bbox 906 4336 1130 4400; x_wconf 86' lang='lat' dir='ltr'><strong>hausta,</strong></span> <span class='ocrx_word' id='word_1_528' title='bbox 1151 4347 1356 4404; x_wconf 89' lang='lat' dir='ltr'><strong>quanto</strong></span> <span class='ocrx_word' id='word_1_529' title='bbox 1376 4337 1572 4405; x_wconf 80' lang='lat' dir='ltr'><strong>magis,</strong></span> <span class='ocrx_word' id='word_1_530' title='bbox 1598 4338 1835 4404; x_wconf 86' lang='lat' dir='ltr'><strong>seipsam</strong></span> <span class='ocrx_word' id='word_1_531' title='bbox 1862 4337 2140 4406; x_wconf 88' lang='lat' dir='ltr'><strong>reliquerit</strong></span> <span class='ocrx_word' id='word_1_532' title='bbox 2173 4338 2344 4391; x_wconf 90' lang='lat' dir='ltr'><strong>humi-</strong></span> 
     </span>
    </p>
   </div>
   <div class='ocr_carea' id='block_1_74' title="bbox 776 4427 2352 4499">
    <p class='ocr_par' dir='ltr' id='par_1_74' title="bbox 776 4427 2352 4499">
     <span class='ocr_line' id='line_1_74' title="bbox 776 4427 2352 4499; baseline 0.002 -19"><span class='ocrx_word' id='word_1_533' title='bbox 776 4429 905 4481; x_wconf 86' lang='lat' dir='ltr'><strong>liata</strong></span> <span class='ocrx_word' id='word_1_534' title='bbox 946 4437 1000 4480; x_wconf 87' lang='lat' dir='ltr'><strong>et</strong></span> <span class='ocrx_word' id='word_1_535' title='bbox 1025 4444 1211 4492; x_wconf 85' lang='lat' dir='ltr'><strong>orans,</strong></span> <span class='ocrx_word' id='word_1_536' title='bbox 1259 4437 1452 4482; x_wconf 88' lang='lat' dir='ltr'><strong>sancto</strong></span> <span class='ocrx_word' id='word_1_537' title='bbox 1491 4428 1582 4483; x_wconf 89' lang='lat' dir='ltr'><strong>Dei</strong></span> <span class='ocrx_word' id='word_1_538' title='bbox 1618 4427 1826 4498; x_wconf 88' lang='lat' dir='ltr'><strong>Spiritu</strong></span> <span class='ocrx_word' id='word_1_539' title='bbox 1877 4439 2044 4483; x_wconf 87' lang='lat' dir='ltr'><strong>mota.</strong></span> <span class='ocrx_word' id='word_1_540' title='bbox 2074 4429 2227 4485; x_wconf 88' lang='lat' dir='ltr'><strong>Tunc</strong></span> <span class='ocrx_word' id='word_1_541' title='bbox 2253 4433 2352 4499; x_wconf 67' lang='lat' dir='ltr'><strong>igi-</strong></span> 
     </span>
    </p>
   </div>
   <div class='ocr_carea' id='block_1_75' title="bbox 2428 3313 4030 3389">
    <p class='ocr_par' dir='ltr' id='par_1_75' title="bbox 2428 3313 4030 3389">
     <span class='ocr_line' id='line_1_75' title="bbox 2428 3313 4030 3389; baseline -0.006 -16"><span class='ocrx_word' id='word_1_542' title='bbox 2428 3320 2766 3389; x_wconf 81' lang='grc' dir='ltr'>γιγνομένως</span> <span class='ocrx_word' id='word_1_543' title='bbox 2792 3317 3050 3385; x_wconf 84' lang='grc' dir='ltr'>δυνάμεις</span> <span class='ocrx_word' id='word_1_544' title='bbox 3078 3314 3175 3376; x_wconf 84' lang='grc' dir='ltr'>τὰς</span> <span class='ocrx_word' id='word_1_545' title='bbox 3204 3315 3462 3382; x_wconf 75' lang='grc' dir='ltr'>ψυχικὰς,</span> <span class='ocrx_word' id='word_1_546' title='bbox 3487 3313 3810 3380; x_wconf 85' lang='grc' dir='ltr'>πεφυκότως</span> <span class='ocrx_word' id='word_1_547' title='bbox 3841 3330 4030 3364; x_wconf 78' lang='grc' dir='ltr'>κινου-</span> 
     </span>
    </p>
   </div>
   <div class='ocr_carea' id='block_1_76' title="bbox 2431 3406 4028 3485">
    <p class='ocr_par' dir='ltr' id='par_1_76' title="bbox 2431 3406 4028 3485">
     <span class='ocr_line' id='line_1_76' title="bbox 2431 3406 4028 3485; baseline -0.007 -18"><span class='ocrx_word' id='word_1_548' title='bbox 2431 3416 2566 3485; x_wconf 88' lang='grc' dir='ltr'>μένη</span> <span class='ocrx_word' id='word_1_549' title='bbox 2616 3411 2953 3482; x_wconf 79' lang='grc' dir='ltr'>περιφανῶς,</span> <span class='ocrx_word' id='word_1_550' title='bbox 3007 3409 3103 3462; x_wconf 78' lang='grc' dir='ltr'><strong>καὶ</strong></span> <span class='ocrx_word' id='word_1_551' title='bbox 3155 3406 3572 3478; x_wconf 82' lang='grc' dir='ltr'>παρακαλοῦσα,</span> <span class='ocrx_word' id='word_1_552' title='bbox 3635 3408 3772 3475; x_wconf 66' lang='grc' dir='ltr'>πρὸς</span> <span class='ocrx_word' id='word_1_553' title='bbox 3821 3407 4028 3474; x_wconf 69' lang='grc' dir='ltr'>ἑαυτὴν</span> 
     </span>
    </p>
   </div>
   <div class='ocr_carea' id='block_1_77' title="bbox 2433 3500 4030 3578">
    <p class='ocr_par' dir='ltr' id='par_1_77' title="bbox 2433 3500 4030 3578">
     <span class='ocr_line' id='line_1_77' title="bbox 2433 3500 4030 3578; baseline -0.008 -17"><span class='ocrx_word' id='word_1_554' title='bbox 2433 3507 2827 3578; x_wconf 84' lang='grc' dir='ltr'>προσκαλεῖται</span> <span class='ocrx_word' id='word_1_555' title='bbox 2876 3505 2968 3556; x_wconf 84' lang='grc' dir='ltr'><strong>τὸν</strong></span> <span class='ocrx_word' id='word_1_556' title='bbox 3018 3502 3276 3572; x_wconf 72' lang='grc' dir='ltr'>ἐνεργείᾳ</span> <span class='ocrx_word' id='word_1_557' title='bbox 3323 3500 3448 3553; x_wconf 87' lang='grc' dir='ltr'>νοῦν</span> <span class='ocrx_word' id='word_1_558' title='bbox 3499 3502 3579 3552; x_wconf 87' lang='grc' dir='ltr'>ὅτι</span> <span class='ocrx_word' id='word_1_559' title='bbox 3632 3501 3868 3568; x_wconf 78' lang='grc' dir='ltr'>τάχιστα</span> <span class='ocrx_word' id='word_1_560' title='bbox 3929 3501 4030 3550; x_wconf 84' lang='grc' dir='ltr'><strong>καὶ</strong></span> 
     </span>
    </p>
   </div>
   <div class='ocr_carea' id='block_1_78' title="bbox 2432 3587 4032 3670">
    <p class='ocr_par' dir='ltr' id='par_1_78' title="bbox 2432 3587 4032 3670">
     <span class='ocr_line' id='line_1_78' title="bbox 2432 3587 4032 3670; baseline -0.007 -17"><span class='ocrx_word' id='word_1_561' title='bbox 2432 3600 2691 3670; x_wconf 72' lang='grc' dir='ltr'>ἀρρήτως</span> <span class='ocrx_word' id='word_1_562' title='bbox 2721 3596 2935 3649; x_wconf 81' lang='grc' dir='ltr'>ἑνοῦται</span> <span class='ocrx_word' id='word_1_563' title='bbox 2968 3594 3141 3662; x_wconf 81' lang='grc' dir='ltr'>αὐτῷ,</span> <span class='ocrx_word' id='word_1_564' title='bbox 3174 3592 3250 3655; x_wconf 85' lang='grc' dir='ltr'>ὡς</span> <span class='ocrx_word' id='word_1_565' title='bbox 3298 3587 3440 3643; x_wconf 82' lang='grc' dir='ltr'>εἶναι</span> <span class='ocrx_word' id='word_1_566' title='bbox 3469 3591 3547 3660; x_wconf 86' lang='grc' dir='ltr'>τῷ</span> <span class='ocrx_word' id='word_1_567' title='bbox 3590 3591 3704 3642; x_wconf 76' lang='grc' dir='ltr'>ὄντι</span> <span class='ocrx_word' id='word_1_568' title='bbox 3749 3590 3844 3640; x_wconf 77' lang='grc' dir='ltr'>τὸν</span> <span class='ocrx_word' id='word_1_569' title='bbox 3898 3589 4032 3642; x_wconf 83' lang='grc' dir='ltr'>νοῦν</span> 
     </span>
    </p>
   </div>
   <div class='ocr_carea' id='block_1_79' title="bbox 2434 3683 4033 3761">
    <p class='ocr_par' dir='ltr' id='par_1_79' title="bbox 2434 3683 4033 3761">
     <span class='ocr_line' id='line_1_79' title="bbox 2434 3683 4033 3761; baseline -0.005 -17"><span class='ocrx_word' id='word_1_570' title='bbox 2434 3693 2526 3744; x_wconf 75' lang='grc' dir='ltr'><strong>καὶ</strong></span> <span class='ocrx_word' id='word_1_571' title='bbox 2560 3690 2658 3761; x_wconf 81' lang='grc' dir='ltr'>τὴν</span> <span class='ocrx_word' id='word_1_572' title='bbox 2688 3692 2848 3759; x_wconf 77' lang='grc' dir='ltr'>χάριν</span> <span class='ocrx_word' id='word_1_573' title='bbox 2873 3687 3195 3758; x_wconf 81' lang='grc' dir='ltr'>τοτηνικάδε</span> <span class='ocrx_word' id='word_1_574' title='bbox 3230 3685 3649 3755; x_wconf 81' lang='grc' dir='ltr'>ἀναμφιλέκτως</span> <span class='ocrx_word' id='word_1_575' title='bbox 3677 3687 3758 3745; x_wconf 89' lang='grc' dir='ltr'><strong>είς</strong></span> <span class='ocrx_word' id='word_1_576' title='bbox 3800 3683 4033 3752; x_wconf 83' lang='grc' dir='ltr'>πνεῦμα.</span> 
     </span>
    </p>
   </div>
   <div class='ocr_carea' id='block_1_80' title="bbox 2435 3777 4035 3849">
    <p class='ocr_par' dir='ltr' id='par_1_80' title="bbox 2435 3777 4035 3849">
     <span class='ocr_line' id='line_1_80' title="bbox 2435 3777 4035 3849; baseline -0.006 -13"><span class='ocrx_word' id='word_1_577' title='bbox 2435 3785 2513 3848; x_wconf 82' lang='grc' dir='ltr'>ἓν,</span> <span class='ocrx_word' id='word_1_578' title='bbox 2538 3785 2658 3835; x_wconf 80' lang='grc' dir='ltr'>τότε</span> <span class='ocrx_word' id='word_1_579' title='bbox 2688 3783 2752 3849; x_wconf 86' lang='grc' dir='ltr'>δὴ</span> <span class='ocrx_word' id='word_1_580' title='bbox 2783 3781 2904 3833; x_wconf 76' lang='grc' dir='ltr'>τότε</span> <span class='ocrx_word' id='word_1_581' title='bbox 2937 3782 2964 3833; x_wconf 83' lang='grc' dir='ltr'>ὁ</span> <span class='ocrx_word' id='word_1_582' title='bbox 2997 3781 3121 3842; x_wconf 89' lang='grc' dir='ltr'>νοῦς</span> <span class='ocrx_word' id='word_1_583' title='bbox 3163 3779 3462 3847; x_wconf 79' lang='grc' dir='ltr'>αὐτόμολος</span> <span class='ocrx_word' id='word_1_584' title='bbox 3495 3778 3620 3846; x_wconf 80' lang='grc' dir='ltr'>ἥκει</span> <span class='ocrx_word' id='word_1_585' title='bbox 3645 3780 3711 3847; x_wconf 82' lang='grc' dir='ltr'>τῇ</span> <span class='ocrx_word' id='word_1_586' title='bbox 3757 3777 4035 3847; x_wconf 77' lang='grc' dir='ltr'>ἐπιπνοίᾳ</span> 
     </span>
    </p>
   </div>
   <div class='ocr_carea' id='block_1_81' title="bbox 2435 3869 4037 3946">
    <p class='ocr_par' dir='ltr' id='par_1_81' title="bbox 2435 3869 4037 3946">
     <span class='ocr_line' id='line_1_81' title="bbox 2435 3869 4037 3946; baseline -0.007 -16"><span class='ocrx_word' id='word_1_587' title='bbox 2435 3878 2528 3946; x_wconf 80' lang='grc' dir='ltr'>τῆς</span> <span class='ocrx_word' id='word_1_588' title='bbox 2556 3877 2780 3945; x_wconf 81' lang='grc' dir='ltr'>χάριτος</span> <span class='ocrx_word' id='word_1_589' title='bbox 2839 3871 3202 3941; x_wconf 86' lang='grc' dir='ltr'>βοηθούμενος</span> <span class='ocrx_word' id='word_1_590' title='bbox 3252 3871 3389 3941; x_wconf 82' lang='grc' dir='ltr'>πρὸς</span> <span class='ocrx_word' id='word_1_591' title='bbox 3429 3870 3492 3922; x_wconf 87' lang='grc' dir='ltr'><strong>τὸ</strong></span> <span class='ocrx_word' id='word_1_592' title='bbox 3538 3870 3788 3938; x_wconf 85' lang='grc' dir='ltr'>θεωρεῖν,</span> <span class='ocrx_word' id='word_1_593' title='bbox 3822 3869 4037 3937; x_wconf 76' lang='grc' dir='ltr'>στάσης</span> 
     </span>
    </p>
   </div>
   <div class='ocr_carea' id='block_1_82' title="bbox 2437 3963 4037 4036">
    <p class='ocr_par' dir='ltr' id='par_1_82' title="bbox 2437 3963 4037 4036">
     <span class='ocr_line' id='line_1_82' title="bbox 2437 3963 4037 4036; baseline -0.006 -15"><span class='ocrx_word' id='word_1_594' title='bbox 2437 3969 2676 4036; x_wconf 86' lang='grc' dir='ltr'>δηλονότι</span> <span class='ocrx_word' id='word_1_595' title='bbox 2715 3967 3010 4036; x_wconf 83' lang='grc' dir='ltr'>ἀφράστως</span> <span class='ocrx_word' id='word_1_596' title='bbox 3036 3964 3135 4032; x_wconf 83' lang='grc' dir='ltr'>τῆς</span> <span class='ocrx_word' id='word_1_597' title='bbox 3168 3963 3322 4015; x_wconf 87' lang='grc' dir='ltr'>τοῦδε</span> <span class='ocrx_word' id='word_1_598' title='bbox 3351 3963 3683 4032; x_wconf 81' lang='grc' dir='ltr'>περιφορᾶς,</span> <span class='ocrx_word' id='word_1_599' title='bbox 3728 3963 3826 4014; x_wconf 82' lang='grc' dir='ltr'>καὶ</span> <span class='ocrx_word' id='word_1_600' title='bbox 3866 3978 4037 4030; x_wconf 81' lang='grc' dir='ltr'>περι-</span> 
     </span>
    </p>
   </div>
   <div class='ocr_carea' id='block_1_83' title="bbox 2439 4053 4038 4127">
    <p class='ocr_par' dir='ltr' id='par_1_83' title="bbox 2439 4053 4038 4127">
     <span class='ocr_line' id='line_1_83' title="bbox 2439 4053 4038 4127; baseline -0.004 -14"><span class='ocrx_word' id='word_1_601' title='bbox 2439 4062 2755 4127; x_wconf 74' lang='grc' dir='ltr'>πλανήσεως</span> <span class='ocrx_word' id='word_1_602' title='bbox 2783 4061 2849 4127; x_wconf 85' lang='grc' dir='ltr'>τῇ</span> <span class='ocrx_word' id='word_1_603' title='bbox 2905 4056 3157 4126; x_wconf 73' lang='grc' dir='ltr'>ἐνεργείᾳ</span> <span class='ocrx_word' id='word_1_604' title='bbox 3195 4056 3288 4106; x_wconf 78' lang='grc' dir='ltr'><strong>καὶ</strong></span> <span class='ocrx_word' id='word_1_605' title='bbox 3327 4054 3405 4123; x_wconf 84' lang='grc' dir='ltr'>τῷ</span> <span class='ocrx_word' id='word_1_606' title='bbox 3441 4053 3580 4120; x_wconf 81' lang='grc' dir='ltr'>φωτὶ</span> <span class='ocrx_word' id='word_1_607' title='bbox 3611 4053 3705 4105; x_wconf 85' lang='grc' dir='ltr'><strong>τοῦ</strong></span> <span class='ocrx_word' id='word_1_608' title='bbox 3757 4053 4038 4116; x_wconf 81' lang='grc' dir='ltr'>ζωοποιοῦ</span> 
     </span>
    </p>
   </div>
   <div class='ocr_carea' id='block_1_84' title="bbox 2439 4145 4041 4218">
    <p class='ocr_par' dir='ltr' id='par_1_84' title="bbox 2439 4145 4041 4218">
     <span class='ocr_line' id='line_1_84' title="bbox 2439 4145 4041 4218; baseline -0.006 -13"><span class='ocrx_word' id='word_1_609' title='bbox 2439 4153 2534 4205; x_wconf 73' lang='grc' dir='ltr'><strong>καὶ</strong></span> <span class='ocrx_word' id='word_1_610' title='bbox 2575 4152 2729 4218; x_wconf 85' lang='grc' dir='ltr'>ἁγίου</span> <span class='ocrx_word' id='word_1_611' title='bbox 2778 4148 3119 4218; x_wconf 81' lang='grc' dir='ltr'>Πνεῦματος,</span> <span class='ocrx_word' id='word_1_612' title='bbox 3164 4147 3259 4199; x_wconf 76' lang='grc' dir='ltr'>καὶ</span> <span class='ocrx_word' id='word_1_613' title='bbox 3307 4148 3386 4209; x_wconf 82' lang='grc' dir='ltr'><strong>είς</strong></span> <span class='ocrx_word' id='word_1_614' title='bbox 3443 4145 3818 4214; x_wconf 74' lang='grc' dir='ltr'>ἀποκαλύψεις</span> <span class='ocrx_word' id='word_1_615' title='bbox 3868 4147 4041 4214; x_wconf 71' lang='grc' dir='ltr'>φοιτᾷ</span> 
     </span>
    </p>
   </div>
   <div class='ocr_carea' id='block_1_85' title="bbox 2444 4236 4040 4311">
    <p class='ocr_par' dir='ltr' id='par_1_85' title="bbox 2444 4236 4040 4311">
     <span class='ocr_line' id='line_1_85' title="bbox 2444 4236 4040 4311; baseline -0.004 -17"><span class='ocrx_word' id='word_1_616' title='bbox 2444 4240 2760 4311; x_wconf 75' lang='grc' dir='ltr'>μυστηρίων</span> <span class='ocrx_word' id='word_1_617' title='bbox 2794 4239 2954 4292; x_wconf 85' lang='grc' dir='ltr'>θείων</span> <span class='ocrx_word' id='word_1_618' title='bbox 3009 4239 3252 4308; x_wconf 84' lang='grc' dir='ltr'>νοητῶν,</span> <span class='ocrx_word' id='word_1_619' title='bbox 3291 4239 3383 4290; x_wconf 75' lang='grc' dir='ltr'>καὶ</span> <span class='ocrx_word' id='word_1_620' title='bbox 3428 4240 3607 4306; x_wconf 84' lang='grc' dir='ltr'>σιωπῇ</span> <span class='ocrx_word' id='word_1_621' title='bbox 3654 4236 3889 4306; x_wconf 80' lang='grc' dir='ltr'>παντοίᾳ</span> <span class='ocrx_word' id='word_1_622' title='bbox 3940 4240 4040 4290; x_wconf 72' lang='grc' dir='ltr'><strong>καὶ</strong></span> 
     </span>
    </p>
   </div>
   <div class='ocr_carea' id='block_1_86' title="bbox 2441 4329 4042 4404">
    <p class='ocr_par' dir='ltr' id='par_1_86' title="bbox 2441 4329 4042 4404">
     <span class='ocr_line' id='line_1_86' title="bbox 2441 4329 4042 4404; baseline -0.004 -18"><span class='ocrx_word' id='word_1_623' title='bbox 2441 4334 2650 4404; x_wconf 80' lang='grc' dir='ltr'><strong>ἡσύχῳ,</strong></span> <span class='ocrx_word' id='word_1_624' title='bbox 2679 4333 2793 4401; x_wconf 70' lang='grc' dir='ltr'>ἰδίῳ</span> <span class='ocrx_word' id='word_1_625' title='bbox 2825 4333 3092 4400; x_wconf 82' lang='grc' dir='ltr'>πεφυκότι</span> <span class='ocrx_word' id='word_1_626' title='bbox 3127 4331 3401 4400; x_wconf 79' lang='grc' dir='ltr'>βλέμματι</span> <span class='ocrx_word' id='word_1_627' title='bbox 3430 4329 3757 4398; x_wconf 78' lang='grc' dir='ltr'>ἐμὸατεύειν</span> <span class='ocrx_word' id='word_1_628' title='bbox 3791 4331 4042 4395; x_wconf 78' lang='grc' dir='ltr'>ἐφικνεῖ-</span> 
     </span>
    </p>
   </div>
   <div class='ocr_carea' id='block_1_87' title="bbox 2443 4414 4036 4494">
    <p class='ocr_par' dir='ltr' id='par_1_87' title="bbox 2443 4414 4036 4494">
     <span class='ocr_line' id='line_1_87' title="bbox 2443 4414 4036 4494; baseline -0.004 -17"><span class='ocrx_word' id='word_1_629' title='bbox 2443 4443 2532 4477; x_wconf 86' lang='grc' dir='ltr'><strong>ται</strong></span> <span class='ocrx_word' id='word_1_630' title='bbox 2562 4423 2900 4492; x_wconf 72' lang='grc' dir='ltr'>ὑπερφυέσιν</span> <span class='ocrx_word' id='word_1_631' title='bbox 2931 4414 3212 4494; x_wconf 80' lang='grc' dir='ltr'>ἀρρήτοις,</span> <span class='ocrx_word' id='word_1_632' title='bbox 3249 4422 3344 4472; x_wconf 84' lang='grc' dir='ltr'>καὶ</span> <span class='ocrx_word' id='word_1_633' title='bbox 3383 4419 3608 4474; x_wconf 82' lang='grc' dir='ltr'>τοσοῦτο</span> <span class='ocrx_word' id='word_1_634' title='bbox 3649 4420 3854 4488; x_wconf 76' lang='grc' dir='ltr'>μᾶλλον</span> <span class='ocrx_word' id='word_1_635' title='bbox 3898 4419 4036 4471; x_wconf 83' lang='grc' dir='ltr'>θεω-</span> 
     </span>
    </p>
   </div>
   <div class='ocr_carea' id='block_1_88' title="bbox 775 4506 2460 4592">
    <p class='ocr_par' dir='ltr' id='par_1_88' title="bbox 775 4521 2460 4592">
     <span class='ocr_line' id='line_1_88' title="bbox 775 4521 2460 4592; baseline 0.004 -25"><span class='ocrx_word' id='word_1_636' title='bbox 775 4530 864 4573; x_wconf 83' lang='lat' dir='ltr'><strong>tur</strong></span> <span class='ocrx_word' id='word_1_637' title='bbox 897 4535 1002 4573; x_wconf 91' lang='lat' dir='ltr'><strong>non</strong></span> <span class='ocrx_word' id='word_1_638' title='bbox 1035 4529 1189 4573; x_wconf 80' lang='lat' dir='ltr'><strong>extra</strong></span> <span class='ocrx_word' id='word_1_639' title='bbox 1221 4521 1549 4590; x_wconf 82' lang='lat' dir='ltr'><strong>theologiam</strong></span> <span class='ocrx_word' id='word_1_640' title='bbox 1588 4523 1690 4575; x_wconf 88' lang='lat' dir='ltr'><strong>sita</strong></span> <span class='ocrx_word' id='word_1_641' title='bbox 1719 4532 1824 4585; x_wconf 80' lang='lat' dir='ltr'><strong>est,</strong></span> <span class='ocrx_word' id='word_1_642' title='bbox 1863 4523 1958 4577; x_wconf 90' lang='lat' dir='ltr'><strong>sed</strong></span> <span class='ocrx_word' id='word_1_643' title='bbox 2001 4526 2184 4577; x_wconf 86' lang='lat' dir='ltr'><strong>statim</strong></span> <span class='ocrx_word' id='word_1_644' title='bbox 2237 4525 2350 4592; x_wconf 85' lang='lat' dir='ltr'><strong>ipsa</strong></span> <span class='ocrx_word' id='word_1_645' title='bbox 2389 4535 2460 4592; x_wconf 77' lang='grc' dir='ltr'><strong>οε</strong></span> 
     </span>
    </p>
   </div>
   <div class='ocr_carea' id='block_1_89' title="bbox 2358 4506 4043 4592">
    <p class='ocr_par' dir='ltr' id='par_1_89' title="bbox 2389 4506 4043 4592">
     <span class='ocr_line' id='line_1_89' title="bbox 2389 4506 4043 4592; baseline -0.004 -25"><span class='ocrx_word' id='word_1_646' title='bbox 2389 4539 2429 4592; x_wconf 76' lang='grc' dir='ltr'>ο</span> <span class='ocrx_word' id='word_1_647' title='bbox 2449 4519 2530 4585; x_wconf 84' lang='grc' dir='ltr'>ρεί</span> <span class='ocrx_word' id='word_1_648' title='bbox 2559 4518 2653 4567; x_wconf 77' lang='grc' dir='ltr'><strong>καὶ</strong></span> <span class='ocrx_word' id='word_1_649' title='bbox 2690 4516 3094 4583; x_wconf 78' lang='grc' dir='ltr'>θεοληπτεῖται,</span> <span class='ocrx_word' id='word_1_650' title='bbox 3130 4515 3224 4565; x_wconf 76' lang='grc' dir='ltr'>καὶ</span> <span class='ocrx_word' id='word_1_651' title='bbox 3255 4515 3391 4581; x_wconf 63' lang='grc' dir='ltr'>προς</span> <span class='ocrx_word' id='word_1_652' title='bbox 3422 4513 3482 4564; x_wconf 82' lang='grc' dir='ltr'><strong>τὸ</strong></span> <span class='ocrx_word' id='word_1_653' title='bbox 3512 4513 3604 4564; x_wconf 77' lang='grc' dir='ltr'>τὸν</span> <span class='ocrx_word' id='word_1_654' title='bbox 3640 4512 3773 4564; x_wconf 68' lang='grc' dir='ltr'>Θεὸν</span> <span class='ocrx_word' id='word_1_655' title='bbox 3806 4511 3881 4572; x_wconf 88' lang='grc' dir='ltr'><strong>ῶς</strong></span> <span class='ocrx_word' id='word_1_656' title='bbox 3927 4506 4043 4562; x_wconf 82' lang='grc' dir='ltr'>οἷόν</span> 
     </span>
    </p>
   </div>
   <div class='ocr_carea' id='block_1_90' title="bbox 773 4613 2354 4686">
    <p class='ocr_par' dir='ltr' id='par_1_90' title="bbox 773 4613 2354 4686">
     <span class='ocr_line' id='line_1_90' title="bbox 773 4613 2354 4686; baseline 0.003 -20"><span class='ocrx_word' id='word_1_657' title='bbox 773 4613 1025 4681; x_wconf 80' lang='lat' dir='ltr'><strong>tlteologa</strong></span> <span class='ocrx_word' id='word_1_658' title='bbox 1056 4625 1158 4673; x_wconf 85' lang='lat' dir='ltr'><strong>est.</strong></span> <span class='ocrx_word' id='word_1_659' title='bbox 1197 4621 1250 4667; x_wconf 91' lang='lat' dir='ltr'><strong>et</strong></span> <span class='ocrx_word' id='word_1_660' title='bbox 1300 4628 1407 4666; x_wconf 92' lang='lat' dir='ltr'><strong>non</strong></span> <span class='ocrx_word' id='word_1_661' title='bbox 1431 4615 1666 4668; x_wconf 88' lang='lat' dir='ltr'><strong>sustinet</strong></span> <span class='ocrx_word' id='word_1_662' title='bbox 1715 4615 1781 4668; x_wconf 90' lang='lat' dir='ltr'><strong>de</strong></span> <span class='ocrx_word' id='word_1_663' title='bbox 1815 4613 1926 4667; x_wconf 75' lang='lat' dir='ltr'><strong>Deo</strong></span> <span class='ocrx_word' id='word_1_664' title='bbox 1959 4630 2066 4669; x_wconf 89' lang='lat' dir='ltr'><strong>non</strong></span> <span class='ocrx_word' id='word_1_665' title='bbox 2112 4616 2255 4686; x_wconf 84' lang='lat' dir='ltr'><strong>loqui</strong></span> <span class='ocrx_word' id='word_1_666' title='bbox 2292 4631 2354 4670; x_wconf 90' lang='lat' dir='ltr'><strong>ac</strong></span> 
     </span>
    </p>
   </div>
   <div class='ocr_carea' id='block_1_91' title="bbox 777 4706 2356 4778">
    <p class='ocr_par' dir='ltr' id='par_1_91' title="bbox 777 4706 2356 4778">
     <span class='ocr_line' id='line_1_91' title="bbox 777 4706 2356 4778; baseline 0.004 -22"><span class='ocrx_word' id='word_1_667' title='bbox 777 4718 1043 4778; x_wconf 81' lang='lat' dir='ltr'><strong>perpetuo</strong></span> <span class='ocrx_word' id='word_1_668' title='bbox 1069 4723 1082 4771; x_wconf 89' lang='lat'><strong>;</strong></span> <span class='ocrx_word' id='word_1_669' title='bbox 1109 4707 1200 4759; x_wconf 86' lang='lat' dir='ltr'><strong>sed</strong></span> <span class='ocrx_word' id='word_1_670' title='bbox 1221 4707 1340 4759; x_wconf 88' lang='lat' dir='ltr'><strong>sine</strong></span> <span class='ocrx_word' id='word_1_671' title='bbox 1360 4706 1570 4760; x_wconf 69' lang='grc' dir='ltr'>ςωινειί</span> <span class='ocrx_word' id='word_1_672' title='bbox 1604 4706 1714 4768; x_wconf 82' lang='lat' dir='ltr'><strong>illo,</strong></span> <span class='ocrx_word' id='word_1_673' title='bbox 1748 4707 1891 4773; x_wconf 88' lang='lat' dir='ltr'><strong>quod</strong></span> <span class='ocrx_word' id='word_1_674' title='bbox 1922 4706 2182 4767; x_wconf 76' lang='lat' dir='ltr'><strong>diximus.</strong></span> <span class='ocrx_word' id='word_1_675' title='bbox 2211 4710 2356 4762; x_wconf 89' lang='lat' dir='ltr'><strong>dono</strong></span> 
     </span>
    </p>
   </div>
   <div class='ocr_carea' id='block_1_92' title="bbox 781 4799 2352 4867">
    <p class='ocr_par' dir='ltr' id='par_1_92' title="bbox 781 4799 2352 4867">
     <span class='ocr_line' id='line_1_92' title="bbox 781 4799 2352 4867; baseline -0.002 -18"><span class='ocrx_word' id='word_1_676' title='bbox 781 4815 845 4850; x_wconf 83' lang='lat' dir='ltr'><strong>ac</strong></span> <span class='ocrx_word' id='word_1_677' title='bbox 904 4801 1100 4867; x_wconf 81' lang='lat' dir='ltr'><strong>spiritu</strong></span> <span class='ocrx_word' id='word_1_678' title='bbox 1160 4814 1373 4866; x_wconf 84' lang='lat' dir='ltr'><strong>semper</strong></span> <span class='ocrx_word' id='word_1_679' title='bbox 1441 4813 1535 4850; x_wconf 91' lang='lat' dir='ltr'><strong>cor</strong></span> <span class='ocrx_word' id='word_1_680' title='bbox 1595 4807 1849 4852; x_wconf 87' lang='lat' dir='ltr'><strong>movente</strong></span> <span class='ocrx_word' id='word_1_681' title='bbox 1907 4809 1960 4852; x_wconf 90' lang='lat' dir='ltr'><strong>et</strong></span> <span class='ocrx_word' id='word_1_682' title='bbox 2017 4799 2352 4866; x_wconf 71' lang='lat' dir='ltr'><strong>inspirante;</strong></span> 
     </span>
    </p>
   </div>
   <div class='ocr_carea' id='block_1_93' title="bbox 780 4890 2360 4959">
    <p class='ocr_par' dir='ltr' id='par_1_93' title="bbox 780 4890 2360 4959">
     <span class='ocr_line' id='line_1_93' title="bbox 780 4890 2360 4959; baseline -0.001 -16"><span class='ocrx_word' id='word_1_683' title='bbox 780 4893 924 4944; x_wconf 85' lang='lat' dir='ltr'><strong>heu!</strong></span> <span class='ocrx_word' id='word_1_684' title='bbox 1000 4907 1343 4959; x_wconf 79' lang='lat' dir='ltr'><strong>qua-cunque</strong></span> <span class='ocrx_word' id='word_1_685' title='bbox 1376 4907 1527 4945; x_wconf 81' lang='lat' dir='ltr'><strong>meus</strong></span> <span class='ocrx_word' id='word_1_686' title='bbox 1587 4890 1754 4952; x_wconf 89' lang='lat' dir='ltr'><strong>videt,</strong></span> <span class='ocrx_word' id='word_1_687' title='bbox 1794 4891 2096 4957; x_wconf 77' lang='lat' dir='ltr'><strong>phantasia:</strong></span> <span class='ocrx_word' id='word_1_688' title='bbox 2122 4901 2268 4951; x_wconf 89' lang='lat' dir='ltr'><strong>sunt,</strong></span> <span class='ocrx_word' id='word_1_689' title='bbox 2307 4903 2360 4942; x_wconf 92' lang='lat' dir='ltr'><strong>et</strong></span> 
     </span>
    </p>
   </div>
   <div class='ocr_carea' id='block_1_94' title="bbox 781 4980 2362 5049">
    <p class='ocr_par' dir='ltr' id='par_1_94' title="bbox 781 4980 2362 5049">
     <span class='ocr_line' id='line_1_94' title="bbox 781 4980 2362 5049; baseline -0.001 -16"><span class='ocrx_word' id='word_1_690' title='bbox 781 4997 1126 5049; x_wconf 69' lang='lat' dir='ltr'><strong>quaecunque</strong></span> <span class='ocrx_word' id='word_1_691' title='bbox 1175 4981 1242 5034; x_wconf 92' lang='lat' dir='ltr'><strong>de</strong></span> <span class='ocrx_word' id='word_1_692' title='bbox 1284 4981 1394 5033; x_wconf 83' lang='lat' dir='ltr'><strong>Dt‘O</strong></span> <span class='ocrx_word' id='word_1_693' title='bbox 1431 4981 1691 5044; x_wconf 83' lang='lat' dir='ltr'><strong>loquitur,</strong></span> <span class='ocrx_word' id='word_1_694' title='bbox 1727 4997 1887 5034; x_wconf 82' lang='lat' dir='ltr'><strong>voces</strong></span> <span class='ocrx_word' id='word_1_695' title='bbox 1950 4988 2077 5033; x_wconf 88' lang='lat' dir='ltr'><strong>sunt</strong></span> <span class='ocrx_word' id='word_1_696' title='bbox 2123 4980 2173 5032; x_wconf 92' lang='lat' dir='ltr'><strong>iu</strong></span> <span class='ocrx_word' id='word_1_697' title='bbox 2236 4994 2362 5032; x_wconf 85' lang='lat' dir='ltr'><strong>aere</strong></span> 
     </span>
    </p>
   </div>
   <div class='ocr_carea' id='block_1_95' title="bbox 781 5074 2362 5141">
    <p class='ocr_par' dir='ltr' id='par_1_95' title="bbox 781 5074 2362 5141">
     <span class='ocr_line' id='line_1_95' title="bbox 781 5074 2362 5141; baseline -0.001 -14"><span class='ocrx_word' id='word_1_698' title='bbox 781 5075 1019 5138; x_wconf 64' lang='lat' dir='ltr'><strong>tliﬂ‘usa&#39;,</strong></span> <span class='ocrx_word' id='word_1_699' title='bbox 1058 5089 1257 5129; x_wconf 86' lang='lat' dir='ltr'><strong>sensus</strong></span> <span class='ocrx_word' id='word_1_700' title='bbox 1299 5074 1495 5128; x_wconf 68' lang='lat' dir='ltr'><strong>animae</strong></span> <span class='ocrx_word' id='word_1_701' title='bbox 1529 5090 1636 5128; x_wconf 91' lang='lat' dir='ltr'><strong>non</strong></span> <span class='ocrx_word' id='word_1_702' title='bbox 1666 5075 1993 5132; x_wconf 79' lang='lat' dir='ltr'><strong>excitantes.</strong></span> <span class='ocrx_word' id='word_1_703' title='bbox 2029 5085 2089 5126; x_wconf 90' lang='lat' dir='ltr'><strong>ut</strong></span> <span class='ocrx_word' id='word_1_704' title='bbox 2123 5080 2362 5141; x_wconf 88' lang='lat' dir='ltr'><strong>oportet.</strong></span> 
     </span>
    </p>
   </div>
   <div class='ocr_carea' id='block_1_96' title="bbox 781 5167 2364 5233">
    <p class='ocr_par' dir='ltr' id='par_1_96' title="bbox 781 5167 2364 5233">
     <span class='ocr_line' id='line_1_96' title="bbox 781 5167 2364 5233; baseline -0.001 -13"><span class='ocrx_word' id='word_1_705' title='bbox 781 5169 854 5221; x_wconf 67' lang='lat' dir='ltr'><strong>lix</strong></span> <span class='ocrx_word' id='word_1_706' title='bbox 885 5168 1160 5222; x_wconf 78' lang='lat' dir='ltr'><strong>auditione</strong></span> <span class='ocrx_word' id='word_1_707' title='bbox 1178 5168 1320 5221; x_wconf 89' lang='lat' dir='ltr'><strong>enim</strong></span> <span class='ocrx_word' id='word_1_708' title='bbox 1345 5177 1397 5221; x_wconf 87' lang='lat' dir='ltr'><strong>et</strong></span> <span class='ocrx_word' id='word_1_709' title='bbox 1417 5169 1599 5222; x_wconf 88' lang='lat' dir='ltr'><strong>verbis</strong></span> <span class='ocrx_word' id='word_1_710' title='bbox 1627 5167 1695 5222; x_wconf 88' lang='lat' dir='ltr'><strong>ab</strong></span> <span class='ocrx_word' id='word_1_711' title='bbox 1725 5169 1965 5222; x_wconf 79' lang='lat' dir='ltr'><strong>externis</strong></span> <span class='ocrx_word' id='word_1_712' title='bbox 2002 5167 2364 5233; x_wconf 84' lang='lat' dir='ltr'><strong>venientibus,</strong></span> 
     </span>
    </p>
   </div>
   <div class='ocr_carea' id='block_1_97' title="bbox 786 5258 2369 5330">
    <p class='ocr_par' dir='ltr' id='par_1_97' title="bbox 786 5258 2369 5330">
     <span class='ocr_line' id='line_1_97' title="bbox 786 5258 2369 5330; baseline -0.001 -18"><span class='ocrx_word' id='word_1_713' title='bbox 786 5261 928 5314; x_wconf 85' lang='lat' dir='ltr'><strong>node</strong></span> <span class='ocrx_word' id='word_1_714' title='bbox 986 5259 1394 5314; x_wconf 80' lang='lat' dir='ltr'><strong>funestissimus</strong></span> <span class='ocrx_word' id='word_1_715' title='bbox 1453 5277 1626 5322; x_wconf 81' lang='lat' dir='ltr'><strong>error,</strong></span> <span class='ocrx_word' id='word_1_716' title='bbox 1661 5260 2026 5330; x_wconf 89' lang='lat' dir='ltr'><strong>spiritualium</strong></span> <span class='ocrx_word' id='word_1_717' title='bbox 2076 5271 2125 5312; x_wconf 91' lang='lat' dir='ltr'><strong>et</strong></span> <span class='ocrx_word' id='word_1_718' title='bbox 2162 5258 2369 5311; x_wconf 84' lang='lat' dir='ltr'><strong>theolo-</strong></span> 
     </span>
    </p>
   </div>
   <div class='ocr_carea' id='block_1_98' title="bbox 783 5354 2367 5424">
    <p class='ocr_par' dir='ltr' id='par_1_98' title="bbox 783 5354 2367 5424">
     <span class='ocr_line' id='line_1_98' title="bbox 783 5354 2367 5424; baseline 0.001 -20"><span class='ocrx_word' id='word_1_719' title='bbox 783 5358 882 5424; x_wconf 54' lang='grc' dir='ltr'>μῖςε</span> <span class='ocrx_word' id='word_1_720' title='bbox 912 5357 1082 5424; x_wconf 76' lang='lat' dir='ltr'><strong>ipsius</strong></span> <span class='ocrx_word' id='word_1_721' title='bbox 1119 5355 1422 5409; x_wconf 85' lang='lat' dir='ltr'><strong>miserrime</strong></span> <span class='ocrx_word' id='word_1_722' title='bbox 1457 5355 1718 5422; x_wconf 80' lang='lat' dir='ltr'><strong>originem</strong></span> <span class='ocrx_word' id='word_1_723' title='bbox 1743 5354 2052 5419; x_wconf 82' lang='lat' dir='ltr'><strong>dncit,cum</strong></span> <span class='ocrx_word' id='word_1_724' title='bbox 2091 5368 2194 5406; x_wconf 91' lang='lat' dir='ltr'><strong>non</strong></span> <span class='ocrx_word' id='word_1_725' title='bbox 2216 5355 2367 5405; x_wconf 73' lang='lat' dir='ltr'><strong>site:</strong></span> 
     </span>
    </p>
   </div>
   <div class='ocr_carea' id='block_1_99' title="bbox 785 5447 2369 5517">
    <p class='ocr_par' dir='ltr' id='par_1_99' title="bbox 785 5447 2369 5517">
     <span class='ocr_line' id='line_1_99' title="bbox 785 5447 2369 5517; baseline -0.001 -17"><span class='ocrx_word' id='word_1_726' title='bbox 785 5452 949 5503; x_wconf 67' lang='lat' dir='ltr'><strong>corde</strong></span> <span class='ocrx_word' id='word_1_727' title='bbox 970 5465 1063 5517; x_wconf 81' lang='lat' dir='ltr'><strong>per</strong></span> <span class='ocrx_word' id='word_1_728' title='bbox 1094 5449 1267 5502; x_wconf 80' lang='lat' dir='ltr'><strong>sancti</strong></span> <span class='ocrx_word' id='word_1_729' title='bbox 1297 5448 1535 5516; x_wconf 86' lang='lat' dir='ltr'><strong>Spiritus</strong></span> <span class='ocrx_word' id='word_1_730' title='bbox 1557 5449 1807 5502; x_wconf 79' lang='lat' dir='ltr'><strong>virtutem</strong></span> <span class='ocrx_word' id='word_1_731' title='bbox 1843 5447 2135 5516; x_wconf 83' lang='lat' dir='ltr'><strong>producta;</strong></span> <span class='ocrx_word' id='word_1_732' title='bbox 2165 5461 2226 5497; x_wconf 78' lang='lat' dir='ltr'><strong>ex</strong></span> <span class='ocrx_word' id='word_1_733' title='bbox 2260 5460 2369 5513; x_wconf 91' lang='lat' dir='ltr'><strong>quo</strong></span> 
     </span>
    </p>
   </div>
   <div class='ocr_carea' id='block_1_100' title="bbox 790 5540 2368 5614">
    <p class='ocr_par' dir='ltr' id='par_1_100' title="bbox 790 5540 2368 5614">
     <span class='ocr_line' id='line_1_100' title="bbox 790 5540 2368 5614; baseline -0.002 -19"><span class='ocrx_word' id='word_1_734' title='bbox 790 5543 1149 5614; x_wconf 70' lang='lat' dir='ltr'><strong>spiritualium</strong></span> <span class='ocrx_word' id='word_1_735' title='bbox 1181 5556 1244 5594; x_wconf 87' lang='lat' dir='ltr'><strong>ac</strong></span> <span class='ocrx_word' id='word_1_736' title='bbox 1264 5542 1548 5610; x_wconf 68' lang='lat' dir='ltr'><strong>theologia:</strong></span> <span class='ocrx_word' id='word_1_737' title='bbox 1571 5542 1796 5607; x_wconf 82' lang='lat' dir='ltr'><strong>simplex</strong></span> <span class='ocrx_word' id='word_1_738' title='bbox 1817 5548 1871 5593; x_wconf 90' lang='lat' dir='ltr'><strong>et</strong></span> <span class='ocrx_word' id='word_1_739' title='bbox 1903 5540 2255 5594; x_wconf 87' lang='lat' dir='ltr'><strong>immutabilis</strong></span> <span class='ocrx_word' id='word_1_740' title='bbox 2282 5554 2368 5592; x_wconf 84' lang='lat' dir='ltr'><strong>ve-</strong></span> 
     </span>
    </p>
   </div>
   <div class='ocr_carea' id='block_1_101' title="bbox 791 5633 2370 5704">
    <p class='ocr_par' dir='ltr' id='par_1_101' title="bbox 791 5633 2370 5704">
     <span class='ocr_line' id='line_1_101' title="bbox 791 5633 2370 5704; baseline -0.004 -13"><span class='ocrx_word' id='word_1_741' title='bbox 791 5641 946 5697; x_wconf 65' lang='lat' dir='ltr'><strong>ritas,</strong></span> <span class='ocrx_word' id='word_1_742' title='bbox 965 5638 1016 5689; x_wconf 93' lang='lat' dir='ltr'><strong>in</strong></span> <span class='ocrx_word' id='word_1_743' title='bbox 1037 5653 1139 5704; x_wconf 87' lang='lat' dir='ltr'><strong>qua</strong></span> <span class='ocrx_word' id='word_1_744' title='bbox 1164 5635 1385 5688; x_wconf 89' lang='lat' dir='ltr'><strong>omnino</strong></span> <span class='ocrx_word' id='word_1_745' title='bbox 1414 5633 1738 5702; x_wconf 84' lang='lat' dir='ltr'><strong>loquendum</strong></span> <span class='ocrx_word' id='word_1_746' title='bbox 1761 5643 1864 5687; x_wconf 87' lang='lat' dir='ltr'><strong>est.</strong></span> <span class='ocrx_word' id='word_1_747' title='bbox 1905 5633 2109 5686; x_wconf 78' lang='lat' dir='ltr'><strong>Etenim</strong></span> <span class='ocrx_word' id='word_1_748' title='bbox 2133 5633 2185 5686; x_wconf 90' lang='lat' dir='ltr'><strong>iu</strong></span> <span class='ocrx_word' id='word_1_749' title='bbox 2206 5633 2370 5685; x_wconf 71' lang='lat' dir='ltr'><strong>corde</strong></span> 
     </span>
    </p>
   </div>
   <div class='ocr_carea' id='block_1_102' title="bbox 798 5727 2370 5799">
    <p class='ocr_par' dir='ltr' id='par_1_102' title="bbox 798 5727 2370 5799">
     <span class='ocr_line' id='line_1_102' title="bbox 798 5727 2370 5799; baseline -0.005 -13"><span class='ocrx_word' id='word_1_750' title='bbox 798 5737 887 5786; x_wconf 79' lang='lat' dir='ltr'><strong>ubi</strong></span> <span class='ocrx_word' id='word_1_751' title='bbox 907 5748 1015 5786; x_wconf 89' lang='lat' dir='ltr'><strong>non</strong></span> <span class='ocrx_word' id='word_1_752' title='bbox 1036 5733 1186 5786; x_wconf 78' lang='lat' dir='ltr'><strong>adest</strong></span> <span class='ocrx_word' id='word_1_753' title='bbox 1201 5731 1487 5785; x_wconf 80' lang='lat' dir='ltr'><strong>inanileSIe</strong></span> <span class='ocrx_word' id='word_1_754' title='bbox 1513 5729 1834 5799; x_wconf 72' lang='lat' dir='ltr'><strong>participata</strong></span> <span class='ocrx_word' id='word_1_755' title='bbox 1854 5729 2137 5783; x_wconf 82' lang='lat' dir='ltr'><strong>vivilieans</strong></span> <span class='ocrx_word' id='word_1_756' title='bbox 2161 5737 2212 5781; x_wconf 88' lang='lat' dir='ltr'><strong>ct</strong></span> <span class='ocrx_word' id='word_1_757' title='bbox 2249 5727 2370 5780; x_wconf 86' lang='lat' dir='ltr'><strong>illu-</strong></span> 
     </span>
    </p>
   </div>
   <div class='ocr_carea' id='block_1_103' title="bbox 2444 4601 4043 4672">
    <p class='ocr_par' dir='ltr' id='par_1_103' title="bbox 2444 4601 4043 4672">
     <span class='ocr_line' id='line_1_103' title="bbox 2444 4601 4043 4672; baseline -0.004 -16"><span class='ocrx_word' id='word_1_758' title='bbox 2444 4621 2503 4657; x_wconf 87' lang='grc' dir='ltr'><strong>τε</strong></span> <span class='ocrx_word' id='word_1_759' title='bbox 2538 4605 2668 4672; x_wconf 80' lang='grc' dir='ltr'>ὁρᾷν</span> <span class='ocrx_word' id='word_1_760' title='bbox 2715 4604 3054 4656; x_wconf 82' lang='grc' dir='ltr'>ἀνατείνεται</span> <span class='ocrx_word' id='word_1_761' title='bbox 3099 4605 3215 4671; x_wconf 83' lang='grc' dir='ltr'>μετ’</span> <span class='ocrx_word' id='word_1_762' title='bbox 3256 4603 3568 4671; x_wconf 84' lang='grc' dir='ltr'>ἐπιστήμης</span> <span class='ocrx_word' id='word_1_763' title='bbox 3609 4601 3721 4653; x_wconf 88' lang='grc' dir='ltr'><strong>τῶν</strong></span> <span class='ocrx_word' id='word_1_764' title='bbox 3759 4601 3950 4658; x_wconf 87' lang='grc' dir='ltr'>θείων,</span> <span class='ocrx_word' id='word_1_765' title='bbox 3981 4601 4043 4663; x_wconf 76' lang='grc' dir='ltr'>ἐξ</span> 
     </span>
    </p>
   </div>
   <div class='ocr_carea' id='block_1_104' title="bbox 2448 4691 4044 4764">
    <p class='ocr_par' dir='ltr' id='par_1_104' title="bbox 2448 4691 4044 4764">
     <span class='ocr_line' id='line_1_104' title="bbox 2448 4691 4044 4764; baseline -0.002 -18"><span class='ocrx_word' id='word_1_766' title='bbox 2448 4695 2607 4764; x_wconf 71' lang='grc' dir='ltr'>ίερῶν</span> <span class='ocrx_word' id='word_1_767' title='bbox 2651 4694 2890 4760; x_wconf 81' lang='grc' dir='ltr'>συνειλεγ</span> <span class='ocrx_word' id='word_1_768' title='bbox 2904 4695 3073 4762; x_wconf 75' lang='grc' dir='ltr'>μένης</span> <span class='ocrx_word' id='word_1_769' title='bbox 3119 4693 3591 4761; x_wconf 82' lang='grc' dir='ltr'>ἀναγνωσμάτων,</span> <span class='ocrx_word' id='word_1_770' title='bbox 3636 4692 3761 4744; x_wconf 84' lang='grc' dir='ltr'>ὅσον</span> <span class='ocrx_word' id='word_1_771' title='bbox 3798 4691 3859 4755; x_wconf 79' lang='grc' dir='ltr'><strong>ἐξ</strong></span> <span class='ocrx_word' id='word_1_772' title='bbox 3910 4693 4044 4743; x_wconf 71' lang='grc' dir='ltr'>ἀναε-</span> 
     </span>
    </p>
   </div>
   <div class='ocr_carea' id='block_1_105' title="bbox 2446 4784 4045 4855">
    <p class='ocr_par' dir='ltr' id='par_1_105' title="bbox 2446 4784 4045 4855">
     <span class='ocr_line' id='line_1_105' title="bbox 2446 4784 4045 4855; baseline -0.002 -17"><span class='ocrx_word' id='word_1_773' title='bbox 2446 4787 2606 4854; x_wconf 83' lang='grc' dir='ltr'>λόγου</span> <span class='ocrx_word' id='word_1_774' title='bbox 2633 4785 2906 4852; x_wconf 76' lang='grc' dir='ltr'>ἀφιδιάζει</span> <span class='ocrx_word' id='word_1_775' title='bbox 2943 4784 3397 4848; x_wconf 83' lang='grc' dir='ltr'>ταπεινούμενος,</span> <span class='ocrx_word' id='word_1_776' title='bbox 3451 4785 3545 4836; x_wconf 71' lang='grc' dir='ltr'>καὶ</span> <span class='ocrx_word' id='word_1_777' title='bbox 3593 4786 4045 4855; x_wconf 66' lang='grc' dir='ltr'>προσευχόμενος</span> 
     </span>
    </p>
   </div>
   <div class='ocr_carea' id='block_1_106' title="bbox 2444 4891 4040 4961">
    <p class='ocr_par' dir='ltr' id='par_1_106' title="bbox 2444 4891 4040 4961">
     <span class='ocr_line' id='line_1_106' title="bbox 2444 4891 4040 4961; baseline -0.006 -11"><span class='ocrx_word' id='word_1_778' title='bbox 2444 4901 2471 4949; x_wconf 87' lang='grc' dir='ltr'>ὁ</span> <span class='ocrx_word' id='word_1_779' title='bbox 2506 4898 2610 4950; x_wconf 77' lang='grc' dir='ltr'>ὑπὸ</span> <span class='ocrx_word' id='word_1_780' title='bbox 2659 4896 2752 4946; x_wconf 88' lang='grc' dir='ltr'><strong>τοῦ</strong></span> <span class='ocrx_word' id='word_1_781' title='bbox 2801 4892 2936 4945; x_wconf 74' lang='grc' dir='ltr'>Θεοῦ</span> <span class='ocrx_word' id='word_1_782' title='bbox 2990 4893 3046 4943; x_wconf 85' lang='grc' dir='ltr'>ὲν</span> <span class='ocrx_word' id='word_1_783' title='bbox 3100 4893 3240 4960; x_wconf 85' lang='grc' dir='ltr'>ἁγίῳ</span> <span class='ocrx_word' id='word_1_784' title='bbox 3287 4891 3994 4961; x_wconf 79' lang='grc' dir='ltr'>ιῐνεύματιένεργούμενος</span> <span class='ocrx_word' id='word_1_785' title='bbox 4025 4907 4040 4921; x_wconf 75' lang='grc' dir='ltr'><strong>ο</strong></span> 
     </span>
    </p>
   </div>
   <div class='ocr_carea' id='block_1_107' title="bbox 2445 4981 4047 5052">
    <p class='ocr_par' dir='ltr' id='par_1_107' title="bbox 2445 4981 4047 5052">
     <span class='ocr_line' id='line_1_107' title="bbox 2445 4981 4047 5052; baseline -0.003 -10"><span class='ocrx_word' id='word_1_786' title='bbox 2445 4990 2552 5042; x_wconf 80' lang='grc' dir='ltr'>τότ’</span> <span class='ocrx_word' id='word_1_787' title='bbox 2599 4987 2692 5040; x_wconf 75' lang='grc' dir='ltr'><strong>οὖν</strong></span> <span class='ocrx_word' id='word_1_788' title='bbox 2735 4986 2855 5040; x_wconf 85' lang='grc' dir='ltr'>οὐδὲ</span> <span class='ocrx_word' id='word_1_789' title='bbox 2893 4985 2985 5038; x_wconf 88' lang='grc' dir='ltr'><strong>τοῦ</strong></span> <span class='ocrx_word' id='word_1_790' title='bbox 3018 4983 3290 5051; x_wconf 86' lang='grc' dir='ltr'>θεολογεῖν</span> <span class='ocrx_word' id='word_1_791' title='bbox 3345 4988 3495 5036; x_wconf 79' lang='grc' dir='ltr'>ἐστιν</span> <span class='ocrx_word' id='word_1_792' title='bbox 3540 4985 3719 5047; x_wconf 74' lang='grc' dir='ltr'>ἐκτὸς,</span> <span class='ocrx_word' id='word_1_793' title='bbox 3755 4981 3876 5035; x_wconf 83' lang='grc' dir='ltr'>ἀλλ’</span> <span class='ocrx_word' id='word_1_794' title='bbox 3925 4983 4047 5052; x_wconf 72' lang='grc' dir='ltr'>ἅμα</span> 
     </span>
    </p>
   </div>
   <div class='ocr_carea' id='block_1_108' title="bbox 2449 5073 4046 5145">
    <p class='ocr_par' dir='ltr' id='par_1_108' title="bbox 2449 5073 4046 5145">
     <span class='ocr_line' id='line_1_108' title="bbox 2449 5073 4046 5145; baseline -0.003 -14"><span class='ocrx_word' id='word_1_795' title='bbox 2449 5079 2610 5141; x_wconf 83' lang='grc' dir='ltr'>εὐθύς</span> <span class='ocrx_word' id='word_1_796' title='bbox 2654 5081 2802 5129; x_wconf 83' lang='grc' dir='ltr'>ἐστιν</span> <span class='ocrx_word' id='word_1_797' title='bbox 2841 5075 3166 5145; x_wconf 81' lang='grc' dir='ltr'>αὐτόχρημα</span> <span class='ocrx_word' id='word_1_798' title='bbox 3224 5074 3516 5141; x_wconf 80' lang='grc' dir='ltr'>θεολόγος,</span> <span class='ocrx_word' id='word_1_799' title='bbox 3571 5074 3664 5126; x_wconf 77' lang='grc' dir='ltr'>καὶ</span> <span class='ocrx_word' id='word_1_800' title='bbox 3720 5073 3796 5143; x_wconf 82' lang='grc' dir='ltr'>μὴ</span> <span class='ocrx_word' id='word_1_801' title='bbox 3855 5073 4046 5127; x_wconf 80' lang='grc' dir='ltr'>θεολο-</span> 
     </span>
    </p>
   </div>
   <div class='ocr_carea' id='block_1_109' title="bbox 2455 5164 4045 5238">
    <p class='ocr_par' dir='ltr' id='par_1_109' title="bbox 2455 5164 4045 5238">
     <span class='ocr_line' id='line_1_109' title="bbox 2455 5164 4045 5238; baseline -0.003 -15"><span class='ocrx_word' id='word_1_802' title='bbox 2455 5173 2570 5238; x_wconf 81' lang='grc' dir='ltr'>γεῖν</span> <span class='ocrx_word' id='word_1_803' title='bbox 2620 5171 2720 5221; x_wconf 87' lang='grc' dir='ltr'><strong>οὐκ</strong></span> <span class='ocrx_word' id='word_1_804' title='bbox 2778 5169 3057 5236; x_wconf 77' lang='grc' dir='ltr'>ἀνέχεται,</span> <span class='ocrx_word' id='word_1_805' title='bbox 3121 5167 3214 5218; x_wconf 78' lang='grc' dir='ltr'><strong>καὶ</strong></span> <span class='ocrx_word' id='word_1_806' title='bbox 3266 5166 3529 5234; x_wconf 85' lang='grc' dir='ltr'>διηνεκῶς</span> <span class='ocrx_word' id='word_1_807' title='bbox 3589 5164 3696 5235; x_wconf 80' lang='grc'><strong>(1),</strong></span> <span class='ocrx_word' id='word_1_808' title='bbox 3749 5165 3927 5234; x_wconf 76' lang='grc' dir='ltr'>χωρὶς</span> <span class='ocrx_word' id='word_1_809' title='bbox 3988 5165 4045 5218; x_wconf 83' lang='grc' dir='ltr'>δὲ</span> 
     </span>
    </p>
   </div>
   <div class='ocr_carea' id='block_1_110' title="bbox 2451 5255 4040 5331">
    <p class='ocr_par' dir='ltr' id='par_1_110' title="bbox 2451 5255 4040 5331">
     <span class='ocr_line' id='line_1_110' title="bbox 2451 5255 4040 5331; baseline -0.013 -16"><span class='ocrx_word' id='word_1_810' title='bbox 2451 5262 2658 5331; x_wconf 78' lang='grc' dir='ltr'>δωρεᾶς</span> <span class='ocrx_word' id='word_1_811' title='bbox 2711 5258 2963 5328; x_wconf 80' lang='grc' dir='ltr'>οὐρανίου</span> <span class='ocrx_word' id='word_1_812' title='bbox 3002 5258 3103 5326; x_wconf 80' lang='grc' dir='ltr'>τῆς</span> <span class='ocrx_word' id='word_1_813' title='bbox 3159 5257 3475 5326; x_wconf 69' lang='grc' dir='ltr'>εἰρημένης,</span> <span class='ocrx_word' id='word_1_814' title='bbox 3515 5257 3609 5308; x_wconf 77' lang='grc' dir='ltr'>καὶ</span> <span class='ocrx_word' id='word_1_815' title='bbox 3656 5257 3829 5325; x_wconf 67' lang='grc' dir='ltr'>χωρὶς</span> <span class='ocrx_word' id='word_1_816' title='bbox 3863 5255 4040 5308; x_wconf 52' lang='lat' dir='ltr'><strong>uvas-</strong></span> 
     </span>
    </p>
   </div>
   <div class='ocr_carea' id='block_1_111' title="bbox 2457 5347 4050 5423">
    <p class='ocr_par' dir='ltr' id='par_1_111' title="bbox 2457 5347 4050 5423">
     <span class='ocr_line' id='line_1_111' title="bbox 2457 5347 4050 5423; baseline -0.003 -19"><span class='ocrx_word' id='word_1_817' title='bbox 2457 5371 2628 5423; x_wconf 84' lang='grc' dir='ltr'>ματος</span> <span class='ocrx_word' id='word_1_818' title='bbox 2685 5349 2932 5420; x_wconf 79' lang='grc' dir='ltr'>ἐναργῶς</span> <span class='ocrx_word' id='word_1_819' title='bbox 2984 5349 3272 5417; x_wconf 85' lang='grc' dir='ltr'>ἀεικίνητα</span> <span class='ocrx_word' id='word_1_820' title='bbox 3329 5349 3581 5410; x_wconf 86' lang='grc' dir='ltr'>πνέοντος</span> <span class='ocrx_word' id='word_1_821' title='bbox 3635 5348 3695 5397; x_wconf 75' lang='grc' dir='ltr'><strong>ἐν</strong></span> <span class='ocrx_word' id='word_1_822' title='bbox 3745 5347 3857 5414; x_wconf 80' lang='grc' dir='ltr'><strong>ἀρα</strong></span> <span class='ocrx_word' id='word_1_823' title='bbox 3911 5365 4050 5418; x_wconf 82' lang='grc' dir='ltr'>καρ-</span> 
     </span>
    </p>
   </div>
   <div class='ocr_carea' id='block_1_112' title="bbox 2452 5439 4048 5515">
    <p class='ocr_par' dir='ltr' id='par_1_112' title="bbox 2452 5439 4048 5515">
     <span class='ocr_line' id='line_1_112' title="bbox 2452 5439 4048 5515; baseline -0.004 -17"><span class='ocrx_word' id='word_1_824' title='bbox 2452 5448 2561 5515; x_wconf 76' lang='grc' dir='ltr'>δίᾳ,</span> <span class='ocrx_word' id='word_1_825' title='bbox 2585 5445 2719 5512; x_wconf 73' lang='grc' dir='ltr'>φεῦε</span> <span class='ocrx_word' id='word_1_826' title='bbox 2755 5445 2857 5496; x_wconf 74' lang='grc' dir='ltr'><strong>ὅσα</strong></span> <span class='ocrx_word' id='word_1_827' title='bbox 2894 5444 2921 5494; x_wconf 88' lang='grc' dir='ltr'>ό</span> <span class='ocrx_word' id='word_1_828' title='bbox 2955 5443 3075 5504; x_wconf 88' lang='grc' dir='ltr'>νοῦς</span> <span class='ocrx_word' id='word_1_829' title='bbox 3107 5443 3229 5510; x_wconf 81' lang='grc' dir='ltr'>ὁρᾷ,</span> <span class='ocrx_word' id='word_1_830' title='bbox 3263 5444 3555 5509; x_wconf 88' lang='grc' dir='ltr'>φαντασίαι</span> <span class='ocrx_word' id='word_1_831' title='bbox 3583 5439 3739 5492; x_wconf 85' lang='grc' dir='ltr'>τοῦδέ</span> <span class='ocrx_word' id='word_1_832' title='bbox 3781 5443 3915 5505; x_wconf 87' lang='grc' dir='ltr'>είσι,</span> <span class='ocrx_word' id='word_1_833' title='bbox 3953 5443 4048 5492; x_wconf 77' lang='grc' dir='ltr'>καὶ</span> 
     </span>
    </p>
   </div>
   <div class='ocr_carea' id='block_1_113' title="bbox 2453 5533 4050 5604">
    <p class='ocr_par' dir='ltr' id='par_1_113' title="bbox 2453 5533 4050 5604">
     <span class='ocr_line' id='line_1_113' title="bbox 2453 5533 4050 5604; baseline -0.006 -13"><span class='ocrx_word' id='word_1_834' title='bbox 2453 5541 2552 5591; x_wconf 84' lang='grc' dir='ltr'><strong>ὅσα</strong></span> <span class='ocrx_word' id='word_1_835' title='bbox 2585 5538 2844 5604; x_wconf 63' lang='grc' dir='ltr'>θεολογιῇ</span> <span class='ocrx_word' id='word_1_836' title='bbox 2875 5535 3025 5602; x_wconf 88' lang='grc' dir='ltr'>λόγοι</span> <span class='ocrx_word' id='word_1_837' title='bbox 3053 5533 3332 5603; x_wconf 84' lang='grc' dir='ltr'>τηνάλλως</span> <span class='ocrx_word' id='word_1_838' title='bbox 3364 5534 3503 5585; x_wconf 76' lang='grc' dir='ltr'>εἰσὶν</span> <span class='ocrx_word' id='word_1_839' title='bbox 3534 5535 3613 5594; x_wconf 82' lang='grc' dir='ltr'><strong>είς</strong></span> <span class='ocrx_word' id='word_1_840' title='bbox 3649 5533 3789 5600; x_wconf 85' lang='grc' dir='ltr'>ἀέρα</span> <span class='ocrx_word' id='word_1_841' title='bbox 3815 5534 4050 5600; x_wconf 70' lang='grc' dir='ltr'>προχεὸ-</span> 
     </span>
    </p>
   </div>
   <div class='ocr_carea' id='block_1_114' title="bbox 2461 5614 4046 5697">
    <p class='ocr_par' dir='ltr' id='par_1_114' title="bbox 2461 5614 4046 5697">
     <span class='ocr_line' id='line_1_114' title="bbox 2461 5614 4046 5697; baseline -0.004 -19"><span class='ocrx_word' id='word_1_842' title='bbox 2461 5645 2631 5697; x_wconf 88' lang='grc' dir='ltr'>μενοι,</span> <span class='ocrx_word' id='word_1_843' title='bbox 2666 5627 2726 5678; x_wconf 77' lang='grc' dir='ltr'><strong>τὸ</strong></span> <span class='ocrx_word' id='word_1_844' title='bbox 2753 5630 2852 5694; x_wconf 81' lang='grc' dir='ltr'><strong>τῆς</strong></span> <span class='ocrx_word' id='word_1_845' title='bbox 2889 5624 3062 5693; x_wconf 76' lang='grc' dir='ltr'>ψυχῆς</span> <span class='ocrx_word' id='word_1_846' title='bbox 3112 5625 3465 5694; x_wconf 81' lang='grc' dir='ltr'>αἰσθητήριον</span> <span class='ocrx_word' id='word_1_847' title='bbox 3503 5622 3576 5692; x_wconf 84' lang='grc' dir='ltr'><strong>μὴ</strong></span> <span class='ocrx_word' id='word_1_848' title='bbox 3609 5622 3980 5690; x_wconf 82' lang='grc' dir='ltr'>διεγείροντες</span> 
     </span>
    </p>
   </div>
   <div class='ocr_carea' id='block_1_115' title="bbox 2459 5713 4044 5790">
    <p class='ocr_par' dir='ltr' id='par_1_115' title="bbox 2459 5713 4044 5790">
     <span class='ocr_line' id='line_1_115' title="bbox 2459 5713 4044 5790; baseline -0.005 -19"><span class='ocrx_word' id='word_1_849' title='bbox 2459 5719 2583 5790; x_wconf 76' lang='grc' dir='ltr'><strong>χρή.</strong></span> <span class='ocrx_word' id='word_1_850' title='bbox 2621 5717 2710 5780; x_wconf 80' lang='grc' dir='ltr'><strong>Ἐξ</strong></span> <span class='ocrx_word' id='word_1_851' title='bbox 2749 5718 2916 5786; x_wconf 79' lang='grc' dir='ltr'>ἀκοῆς</span> <span class='ocrx_word' id='word_1_852' title='bbox 2963 5715 3068 5786; x_wconf 83' lang='grc' dir='ltr'><strong>[ῑσ.</strong></span> <span class='ocrx_word' id='word_1_853' title='bbox 3109 5717 3302 5769; x_wconf 74' lang='grc' dir='ltr'>λείπει</span> <span class='ocrx_word' id='word_1_854' title='bbox 3337 5716 3402 5768; x_wconf 81' lang='grc' dir='ltr'>τὸ</span> <span class='ocrx_word' id='word_1_855' title='bbox 3442 5713 3572 5783; x_wconf 75' lang='grc' dir='ltr'>γὰρ]</span> <span class='ocrx_word' id='word_1_856' title='bbox 3602 5714 3912 5784; x_wconf 79' lang='grc' dir='ltr'>ἐνεργεῖται</span> <span class='ocrx_word' id='word_1_857' title='bbox 3955 5715 4044 5764; x_wconf 68' lang='grc' dir='ltr'>καὶ</span> 
     </span>
    </p>
   </div>
   <div class='ocr_carea' id='block_1_116' title="bbox 865 5855 3224 5942">
    <p class='ocr_par' dir='ltr' id='par_1_116' title="bbox 865 5855 3224 5942">
     <span class='ocr_line' id='line_1_116' title="bbox 865 5855 3224 5942; baseline -0.007 -18"><span class='ocrx_word' id='word_1_858' title='bbox 865 5875 934 5942; x_wconf 77' lang='grc' dir='ltr'><strong>(ί)</strong></span> <span class='ocrx_word' id='word_1_859' title='bbox 976 5871 1212 5942; x_wconf 65' lang='grc' dir='ltr'>Ὀμοίως</span> <span class='ocrx_word' id='word_1_860' title='bbox 1248 5872 1336 5923; x_wconf 63' lang='grc' dir='ltr'><strong>καὶ</strong></span> <span class='ocrx_word' id='word_1_861' title='bbox 1374 5871 1431 5921; x_wconf 78' lang='grc' dir='ltr'><strong>τὸ</strong></span> <span class='ocrx_word' id='word_1_862' title='bbox 1461 5870 1639 5939; x_wconf 73' lang='grc' dir='ltr'>ταρὸν</span> <span class='ocrx_word' id='word_1_863' title='bbox 1670 5867 1973 5936; x_wconf 68' lang='grc' dir='ltr'>σημειῶδες</span> <span class='ocrx_word' id='word_1_864' title='bbox 2011 5865 2245 5932; x_wconf 72' lang='grc' dir='ltr'>ὑπάρχει</span> <span class='ocrx_word' id='word_1_865' title='bbox 2283 5866 2354 5926; x_wconf 81' lang='grc' dir='ltr'>ὡς</span> <span class='ocrx_word' id='word_1_866' title='bbox 2397 5866 2492 5932; x_wconf 79' lang='grc' dir='ltr'>τῆς</span> <span class='ocrx_word' id='word_1_867' title='bbox 2529 5861 2736 5927; x_wconf 78' lang='grc' dir='ltr'>πλάνης</span> <span class='ocrx_word' id='word_1_868' title='bbox 2762 5855 3224 5930; x_wconf 76' lang='grc' dir='ltr'>προφυλακτικὸν.</span> 
     </span>
    </p>
   </div>
  </div>
