4266 6450
252 420 356 482 929

1416 421 1512 480 DE
1547 420 1720 482 Vl'I‘A
1760 418 2418 482 CONTEMI’LATIVA.

3416 419 3527 485 930'

252 555 426 619 λόγων
458 551 646 603 ἰόντων
679 547 899 613 ἔξωθεν,
944 546 1065 598 ὅθεν
1118 548 1151 613 ὴ
1194 543 1475 606 πάνδεινος
1511 542 1686 611 πλάνη
1730 538 1839 592 τῶν
1882 553 1922 604 Α

1835 560 1839 582 ι
1882 553 1922 604 Α
1958 544 2170 595 tniuans
2205 541 2440 608 Spiritus
2476 542 2649 596 saneti
2676 544 2843 595 virtus
2879 551 2931 594 et
2967 556 3180 607 semper
3214 542 3520 598 seaturleus

254 645 483 714 νοητῶν,
520 643 613 693 καὶ
669 640 952 705 θεολογίας
980 639 1150 706 αὐτῆς
1185 637 1369 699 κακῶς
1410 640 1467 698 ἐς
1503 636 1569 687 τά
1606 634 1844 704 μάλιστά

258 740 381 807 ἔσχε
409 736 507 805 τὴν
550 735 803 804 πάροδον,
836 734 937 785 οὑκ
965 735 1028 783 ἐκ
1059 729 1286 801 καρδίας
1312 726 1713 797 ἐνεργουμένης
1737 722 1843 775 ὑπὸ

257 830 349 882 τοῦ
386 826 713 897 φωτίζοντος
743 825 1077 893 Πηιεύματος,
1097 821 1218 873 ὅθεν
1248 821 1355 871 τῶν
1382 817 1585 886 νοητῶν
1616 818 1648 884 ἡ
1678 816 1844 867 ἐνοει-

258 921 355 990 δὴς
391 923 486 973 καὶ
525 918 803 985 θεολογίας
851 918 1120 984 ἄτρεπτος
1163 911 1413 981 ἀλήθεια,
1454 913 1511 961 ἐν
1614 906 1842 960 καθόλου

258 1014 449 1080 φάναι·
485 1013 579 1063 καὶ
637 1010 747 1079 γὰρ
798 1011 855 1060 ἐν
888 1010 955 1077 τῇ
1006 1004 1239 1075 καρδίᾳ,
1277 1005 1334 1055 ἐν
1468 1002 1528 1053 οὑ
1581 1000 1846 1069 πάρεστιν

261 1106 526 1176 ὲμςεανῶς
555 1105 633 1173 τῷ
678 1103 891 1172 μετόχῳ
925 1103 958 1170 η
1004 1097 1265 1164 ζωοποιὸς
1300 1097 1393 1149 καὶ
1420 1092 1724 1162 φωτιστικὴ
1752 1089 1846 1142 τοῦ

265 1200 585 1267 ΙΙνεύματος
637 1196 888 1263 δύναμις,
922 1195 1016 1245 καὶ
1070 1194 1322 1259 ἐνέργεια
1369 1186 1687 1249 ἀειόλύτως,
1739 1184 1849 1235 εἴτε

265 1294 509 1343 πνέουσα
538 1289 683 1340 θέλοι
713 1305 795 1350 τις
852 1288 1054 1355 λέγειν,
1104 1285 1214 1335 εἴτε
1264 1282 1483 1352 ῥέουσα,
1513 1280 1705 1340 ’ἐνωσις
1751 1276 1852 1327 οὑκ

266 1386 419 1436 ἐστιν
454 1385 570 1435 ἐκεῖ
601 1380 784 1451 νοερὰ,
814 1378 951 1431 ἀλλὰ
981 1377 1181 1446 μᾶλλον
1218 1374 1502 1443 διαίρεσις,
1540 1370 1661 1422 οὑδὲ
1690 1368 1852 1420 δύνα-

275 1493 368 1544 μις
402 1476 495 1526 καὶ
526 1474 738 1535 στάσις,
790 1470 904 1524 ἀλλ’
936 1469 1193 1521 ἀσθένεια
1233 1468 1327 1519 καὶ
1363 1464 1687 1533 τρεπτὸτης,
1729 1459 1854 1512 οὔτε

276 1570 386 1635 μὴν
439 1566 755 1635 ἐφαμίλλως
809 1562 947 1629 φῶς,
999 1562 1092 1613 καὶ
1139 1561 1328 1629 ὅρασις
1375 1555 1665 1626 ἀληθείας,
1722 1550 1857 1605 ἀλλὰ,

275 1658 481 1725 μᾶλλον
507 1660 717 1719 σκότος,
761 1655 858 1707 καὶ
903 1653 1206 1726 φαντασφις
1238 1652 1441 1709 εἰκαῖος
1478 1643 1856 1712 άναπλασμὸς,

276 1755 371 1805 καὶ
402 1752 460 1803 τὸ
492 1751 614 1802 ὅλον
661 1749 884 1814 ἀλογίας
916 1748 1011 1798 καὶ
1052 1745 1263 1811 πλάνης
1301 1742 1416 1802 ὁδός
1442 1757 1454 1769 ·
1485 1742 1544 1791 ὲν
1590 1738 1735 1805 τρισὶ
1765 1735 1860 1788 καὶ

274 1849 387 1917 γάρ
409 1844 650 1907 τάξεσιν,
682 1842 714 1910 ἦ
734 1844 897 1903 ὁδοῖς,
914 1840 1054 1891 κατά
1071 1840 1195 1898 τοὺς
1212 1838 1482 1905 ῐΙατέρας,
1504 1835 1696 1885 διιέναι
1722 1830 1860 1899 ἔχων

275 1941 305 1989 ὁ
347 1935 493 1996 νοῦς,
531 1931 779 1999 φυσικῶς
837 1930 1061 1998 δηλαδὴ,
1106 1927 1398 1997 ὑπερφυῶς
1429 1926 1522 1977 καὶ
1571 1923 1719 1990 παρὰ
1762 1920 1861 1987 τὴν

276 2028 463 2095 φύσιν,
504 2027 633 2077 ὅταν
667 2021 1098 2089 ἐν’ὑποκειμένῳ
1124 2036 1175 2071 τι
1219 2017 1408 2087 νοητὸν
1438 2020 1465 2070 ὁ
1506 2015 1631 2077 νοῦς
1659 2013 1861 2082 Θεωρῇ,

276 2111 421 2163 κατὰ
446 2107 610 2177 φύσιν
638 2109 761 2177 ὁρᾷ,
792 2108 1041 2177 μέντοιγε
1077 2108 1193 2175 μετ’
1231 2108 1512 2178 ἐνεργείας
1550 2110 1864 2181 ὑπερφυοῦς

276 2202 376 2255 τοῦ
416 2200 761 2271 Πνεύματος·
791 2203 919 2254 ὅταν
944 2202 998 2253 εέ
1028 2202 1401 2264 ὑποστατικῶς
1431 2204 1532 2272 ὁρᾷ
1561 2205 1655 2256 καὶ
1681 2205 1779 2257 οὑκ
1806 2208 1866 2259 ἐν

284 2293 659 2363 ὑποκειμένῳ,
686 2293 917 2363 δαίμονα
952 2294 1132 2361 τυχὸν,
1169 2294 1478 2361 ἢάγγελον,
1512 2297 1561 2346 εἰ
1594 2297 1691 2364 μὲν
1720 2297 1863 2367 ἥνω-

274 2403 367 2437 ται
396 2388 424 2436 ὁ
454 2384 581 2446 νοῦς
615 2387 671 2436 ἐν
700 2386 915 2455 εἰρήνῃ,
949 2389 1039 2437 καὶ
1068 2388 1098 2453 ἡ
1131 2386 1386 2455 δᾳδουχία
1416 2388 1510 2438 τοῦ
1546 2388 1860 2458 Πνεύματος

275 2474 732 2546 ἀναζωπυρεῖται
758 2477 1137 2546 σφοδρότερον,
1160 2479 1453 2547 ὑπερφυῶς
1483 2482 1603 2549 ὁρᾷ,
1629 2483 1862 2552 φανερὸν

276 2568 334 2619 δὲ
370 2568 452 2618 ὅτι
490 2570 584 2619 καὶ⁵
615 2567 909 2629 ἀπλανῶς·
944 2570 991 2618 εἰ
1043 2569 1098 2619 δὲ
1135 2571 1202 2620 τά
1257 2570 1507 2640 ὁρώμενα
1542 2574 1682 2640 ὁρῶν
1726 2574 1863 2627 διαι-

281 2663 460 2728 ρεῖται
506 2659 601 2710 καὶ¹
658 2659 1002 2730 ἀμαυροῦται
1052 2662 1080 2711 ὁ
1142 2658 1289 2723 νοῦς,
1328 2664 1422 2712 καὶ
1470 2664 1502 2731 ἡ
1552 2663 1782 2733 δύναμις
1828 2668 1861 2732 ἠ

1959 634 2218 700 eﬂicacia,
2252 637 2366 691 sive
2399 637 2697 705 inspirans,
2722 648 2777 687 ut
2803 635 3021 703 quidam
3057 634 3166 687 dici
3190 635 3378 699 velint,
3403 637 3520 690 sive

1956 724 2150 790 ﬂuens,
2184 729 2255 781 ibi
2289 744 2393 780 non
2435 737 2519 782 est
2544 726 2842 796 spiritualis
2886 726 3037 787 uoio,
3071 726 3163 779 sed
3200 727 3380 794 potius
3436 726 3517 779 di-

1959 820 2116 879 visio.
2155 836 2327 885 neque
2361 822 2469 884 vis,
2503 837 2640 885 nequ
2666 841 2675 855 ι
2703 818 2995 883 stabilitas,
3017 823 3105 871 sed
3132 823 3421 873 inlirmitas
3452 835 3515 873 ac

1963 915 2322 973 mutabilitas.
2349 930 2521 982 neque
2550 918 2727 967 lumen
2759 932 2820 969 ac
2860 915 2997 967 visio
3020 918 3284 978 veritatis,
3310 915 3399 969 sed
3429 929 3523 983 po-

1959 1008 2063 1059 tius
2095 1007 2327 1059 tenebrae
2360 1015 2412 1058 (-t
2452 1007 2733 1072 pla-stasne
2768 1023 2902 1059 vana
2937 1007 3108 1068 fictio,
3154 1016 3207 1061 et
3236 1010 3522 1062 dementia

1959 1114 2021 1151 ac
2074 1100 2276 1152 erroris
2303 1099 2406 1151 via.
2439 1097 2663 1167 Triplici
2699 1099 2896 1152 ordine
2924 1108 3015 1152 aut
3044 1101 3127 1152 via
3159 1115 3313 1153 mens
3331 1115 3494 1168 prece

1958 1192 2082 1243 dere
2115 1200 2309 1258 potest,
2332 1192 2482 1258 juxta
2508 1191 2715 1252 Purus,
2747 1194 3061 1244 naturaliter
3087 1207 3301 1259 nempe,
3326 1207 3521 1256 supcr—

1958 1283 2299 1347 naturaliter,
2338 1294 2527 1336 contra
2572 1296 2840 1336 naturam.
2873 1285 3098 1348 Quando
3128 1285 3181 1336 in
3211 1284 3516 1337 substantia

1962 1382 2195 1446 qaurlam
2237 1392 2389 1429 tuens
2418 1381 2816 1445 contemplatur
2844 1378 3045 1445 aliquid
3099 1379 3401 1447 spirituale,
3440 1393 3526 1430 so-

1958 1470 2191 1521 cundum
2236 1478 2483 1522 naturam
2517 1474 2933 1538 contemplatur,
2963 1488 3087 1524 cum
3141 1472 3376 1526 eﬂit-acia
3443 1486 3522 1527 ta-

1960 1576 2085 1613 men
2119 1563 2292 1615 sancti
2341 1561 2572 1629 Spiritus
2608 1567 3042 1630 supernaturali;
3089 1567 3306 1633 quando
3340 1577 3519 1623 autem

1961 1654 2296 1723 liypnstaticc
2323 1658 2726 1724 contemplatur
2754 1664 2807 1708 et
2835 1674 2938 1709 non
2986 1659 3038 1710 in
3076 1660 3383 1724 supposito,
3415 1660 3524 1710 dte-

1962 1760 2171 1798 monem
2192 1748 2590 1816 contemplatur
2613 1760 2703 1802 aut
2727 1751 2996 1815 angelum.
3028 1750 3084 1802 Si
3108 1751 3327 1819 quidem
3367 1765 3521 1803 mens

1962 1836 2014 1888 in
2041 1853 2171 1905 pace
2198 1841 2437 1904 uniatur,
2471 1850 2521 1893 et
2552 1842 2787 1910 Spiritus
2827 1842 2999 1896 sancti
3038 1844 3124 1896 lax
3159 1843 3522 1896 inﬂammetur

1958 1929 2214 1991 vividius.
2254 1934 2740 2000 supernaturaliter
2762 1936 3189 2001 contemplatur,
3224 1935 3515 1989 manifeste

1958 2037 2021 2075 ac
2050 2024 2167 2076 sine
2196 2039 2382 2076 errore
2408 2040 2423 2085 ;
2458 2025 2501 2075 si
2554 2040 2682 2077 vero
2708 2027 2938 2080 visibilia
2970 2029 3349 2095 contemplans
3375 2029 3519 2080 divi-

1955 2114 2112 2167 datur
2128 2116 2504 2169 etinlirmetur
2531 2133 2705 2181 mens,
2736 2127 2789 2170 et
2828 2119 3035 2173 vivilica
3096 2122 3267 2173 virtus
3315 2121 3520 2174 exstin-

1956 2216 2171 2277 guatur,
2196 2219 2322 2263 tunc
2348 2221 2533 2263 contra
2560 2221 2807 2264 naturam
2832 2214 2971 2265 videt
3002 2221 3055 2266 et
3082 2214 3195 2265 haec
3216 2214 3521 2266 esterroris

1954 2301 2355 2366 contemplatio.
2410 2303 2531 2355 Ide.»
2580 2319 2685 2356 non
2752 2314 2971 2369 Oportet
3027 2315 3261 2359 mentem
3333 2307 3514 2359 inten-

1953 2391 2080 2445 dere
2113 2392 2179 2446 ad
2208 2394 2538 2458 spiritualem
2564 2395 2824 2449 visionem
2855 2400 3209 2466 liypostatice,
3245 2412 3416 2465 neque
3443 2400 3523 2452 vi-

1954 2483 2333 2538 sionicredere
2362 2487 2870 2557 quomodocunqne,
2905 2490 3004 2541 nisi
3054 2505 3149 2542 cor
3181 2492 3335 2555 juxta
3390 2506 3526 2558 pra:-

1954 2575 2094 2629 dicta
2138 2588 2420 2630 moveatur
2446 2589 2498 2631 et
2523 2579 2783 2633 uinciatur
2816 2580 3048 2648 Spiritus
3092 2585 3265 2637 sancti
3294 2585 3519 2651 virtute,

1954 2670 1997 2721 si
2024 2670 2220 2723 mentis
2249 2685 2393 2721 Same
2414 2673 2782 2739 sapientisque
2816 2690 2935 2727 esse
2967 2677 3223 2731 velimus.

280 2753 557 2818 ζωοποιὸς
603 2753 917 2817 σόέννυταί,
949 2754 1103 2821 παρά
1148 2754 1312 2821 φύσιν
1345 2754 1470 2824 ὁρᾷ,
1526 2754 1618 2805 καί
1658 2753 1759 2819 τῆς
1802 2755 2008 2818 πλάνης
2044 2758 2193 2808 ἐστὶν
2224 2759 2407 2828 ἐκείνη
2441 2762 2471 2829 ἡ
2501 2761 2712 2829 ὅρασις.
2757 2764 2857 2813 Διά
2888 2761 3045 2815 τοῦτο
3095 2767 3195 2819 οὐκ
3228 2767 3536 2823 ἀνατείνιιν

282 2852 377 2901 τὸν
413 2846 542 2899 νοῦν
579 2846 720 2915 πρὸς
758 2847 949 2916 ὅρασιν
978 2848 1363 2915 πνευματικὴν
1392 2845 1779 2907 ὑποστατικῶς
1812 2853 1939 2915 χρὴ,
1987 2846 2107 2899 οὐδὲ
2142 2851 2208 2917 τῇ
2256 2850 2448 2919 ὁράσει
2491 2852 2770 2904 πιστεύειν
2812 2847 2908 2906 καὶ
2954 2856 3232 2924 ὁπωσοῦν,
3268 2863 3343 2929 μὴ
3380 2865 3534 2933 ἐνερ-

282 2942 566 3011 γουμένης
594 2942 743 2993 κατά
786 2942 853 2993 τὰ
890 2943 1228 3011 προκείμενα
1275 2942 1377 3010 τῆς
1404 2942 1632 3009 καρδίας
1666 2941 1758 2993 καὶ
1794 2942 2127 3011 κινουμένης
2181 2941 2287 2993 ὑπὸ
2326 2943 2425 3012 τῆς
2467 2944 2560 2995 τοῦ
2596 2944 2752 3012 ἁγίου
2786 2946 3073 3016 δυνάμεως
3116 2954 3455 3019 Πνεύματος,
3490 2961 3540 3010 εἰ

284 3038 594 3105 μέλλοιμεν
620 3035 961 3102 ὑγιαίνοντος
991 3032 1135 3088 εἶναι
1169 3036 1259 3088 νοῦ
1286 3038 1377 3088 καὶ
1413 3036 1714 3106 σώφρονος.

352 3126 458 3179 πε⁹.
496 3126 654 3187 Τινὲς
700 3129 937 3198 οὐρανίῳ
968 3130 1144 3199 δρόσῳ
1178 3132 1275 3193 τῆς
1315 3132 1573 3200 χάριτος,
1611 3132 1711 3203 τὴν
1750 3137 1857 3185 τῶν

2146 3114 2380 3180 Quidam
2412 3117 2619 3171 etnlesti
2660 3120 2847 3186 gratiae
2882 3134 3002 3173 rore
3056 3136 3280 3172 suarum
3314 3096 3553 3189 cupidis

276 3217 561 3285 σφετέρων
592 3218 781 3270 παθῶν
810 3219 1120 3291 φλεγμονὴν
1158 3222 1339 3284 καλῶς
1378 3239 1440 3291 γε
1486 3223 1769 3286 ποιοῦντες
1801 3227 1856 3288 ἐς
1889 3237 1929 3294 ο

1843 3243 1856 3288 ς
1889 3237 1929 3294 C
1966 3220 2132 3263 latum
2168 3211 2443 3273 ardorem,
2478 3212 2680 3279 optime
2714 3226 2773 3264 sc
2801 3225 3069 3279 gerentes,
3097 3229 3297 3267 curare
3324 3231 3528 3269 conan-

276 3308 611 3376 ταμά).ιστα,
668 3310 920 3372 ἐξιᾶσθαι
973 3312 1308 3383 πειρῶνται·
1346 3314 1475 3383 περὶ
1531 3310 1605 3367 ὧν
1658 3316 1855 3387 δηλαδὴ

276 3398 613 3464 γέγραπται·
636 3416 655 3448 ι
677 3398 743 3449 'H
765 3400 954 3469 δρόσος
978 3402 1010 3471 η
1039 3403 1188 3472 παρὰ
1205 3402 1297 3453 σοῦ
1323 3403 1459 3473 ίαμα
1484 3406 1611 3474 ἡμῖν
1632 3405 1802 3462 ἔσται,
1833 3425 1852 3457 ι

274 3489 400 3539 Τισὶ
428 3488 485 3540 δέ
518 3490 610 3557 ἥδε
650 3492 682 3558 ἡ
717 3492 984 3562 εἰρημένη
1030 3493 1243 3562 δρόσος,
1294 3495 1504 3563 μείζονί
1560 3514 1676 3560 πως
1706 3500 1858 3550 ἀντι-

273 3578 441 3650 λήψει
471 3580 590 3649 θείᾳ
626 3581 857 3649 ἥνωται,
887 3584 980 3634 καὶ
1014 3586 1094 3647 εἰς
1123 3585 1299 3650 μάννα
1335 3592 1730 3656 μεταποιεῖται,
1763 3591 1855 3643 καί

272 3670 352 3731 ὡς
391 3671 458 3722 ἄν
505 3687 600 3722 ποι
644 3672 707 3723 ἐκ
737 3688 883 3736 τινος
915 3675 1065 3751 σίτου
1106 3677 1497 3745 ἀρτοποιεῖται,
1538 3680 1859 3751 σύντριμμῷ

273 3760 588 3829 καρδιακῆς
618 3747 1024 3830 ταπεινώσεως,
1050 3764 1203 3817 ὕδατί
1226 3784 1283 3819 τε
1312 3766 1582 3837 δακρύων,
1603 3747 1693 3820 καί
1724 3747 1859 3840 πῦρ-ἰ

273 3852 662 3920 πνευματικῆς
712 3851 1004 3919 γνώσεως,
1063 3854 1299 3920 ἐπαξίως
1346 3858 1504 3909 τοῦτο
1564 3863 1660 3911 καὶ
1715 3860 1858 3928 μάλα

271 3942 507 4002 εἰκότως
565 3945 895 4010 πεπονθυῖα,
938 3946 1031 3998 καὶ
1062 3949 1141 4009 εἷς
1171 3965 1234 4015 γε
1293 3948 1496 4019 βρῶσιν
1544 3952 1856 4024 ἁγγελοειδῆ

272 4040 670 4102 προσήκουσαν
732 4038 1015 4103 γεγονυῖα,
1076 4040 1204 4108 περὶ
1254 4035 1328 4094 ὧν
1378 4043 1615 4108 εὐλόγως
1655 4048 1729 4106 ὡς
1789 4049 1858 4099 τά

276 4124 452 4178 πολλά
483 4125 723 4197 εἴρηται·
754 4146 772 4178 r
803 4129 1001 4198 ’Δρτον
1022 4131 1267 4199 ἀγγέλων
1292 4132 1494 4202 ἔφαγεν
1517 4136 1851 4205 ᾶνθρωπος.›

272 4217 400 4269 Εἰσὶ
428 4216 507 4280 δὲ,
538 4213 621 4279 οἷς
678 4218 819 4269 κατά
870 4218 1139 4287 πρόϐασιν
1168 4219 1483 4292 ὑψηλοτέρῳ
1525 4225 1629 4274 τινὶ
1673 4225 1858 4294 τρόπῳ

272 4308 473 4375 γέγονε
504 4309 597 4359 καὶ
629 4307 925 4360 ὁπτάνεται
954 4310 1160 4361 ἑαυτῶν
1190 4311 1223 4381 η
1249 4311 1406 4377 φύσις
1439 4314 1614 4381 μάννα
1634 4312 1820 4381 σαφῶς
1841 4331 1852 4343 ·

271 4402 407 4470 περὶ
435 4392 511 4451 ὧν
543 4400 613 4452 τὰ
645 4399 952 4467 Εὑαγγέλιά
995 4417 1165 4471 φησι·
1206 4420 1227 4452 ι
1250 4402 1323 4453 Τὸ
1356 4406 1753 4473 γεγεννημένον
1788 4408 1852 4458 ἐκ

271 4492 372 4545 τοῦ
413 4491 750 4560 πνεύματος,
809 4492 1032 4562 πνεῦμά
1086 4496 1300 4545 ἐστιν.»
1357 4496 1420 4547 'H
1472 4500 1663 4566 πρώτη
1705 4497 1856 4561 τάξις

1963 3315 2083 3367 tur;
2140 3305 2204 3357 de
2237 3304 2435 3371 quibus
2489 3320 2619 3357 sane
2655 3305 2919 3373 scriptum
2948 3316 3030 3358 est
3062 3324 3075 3359 :
3109 3325 3127 3357 ι
3168 3306 3276 3362 Rus
3321 3313 3413 3378 qui
3458 3328 3525 3366 ex

1961 3404 2011 3447 te
2079 3396 2285 3459 deﬂuit,
2379 3397 2532 3449 nobis
2620 3408 2704 3450 est
2793 3380 3133 3451 medicina.»
3186 3402 3523 3465 Quibusdam

1958 3503 2086 3540 vero
2118 3489 2403 3557 praedictus
2453 3504 2564 3550 ros,
2620 3490 2823 3558 majore
2880 3494 3113 3560 quadam
3162 3498 3349 3561 gratia:
3401 3512 3526 3551 sus-

1958 3576 2225 3643 ceptione,
2281 3578 2495 3644 engitur
2530 3587 2582 3629 et
2633 3579 2684 3630 in
2717 3594 2910 3635 manna
2957 3586 3404 3651 transformatur,
3464 3602 3519 3644 t-t

1960 3673 2218 3735 tanquam
2244 3682 2307 3720 ex
2335 3669 2567 3736 quodam
2600 3668 2874 3725 frumento
2910 3678 3061 3741 panis
3092 3676 3343 3741 edicitur,
3392 3696 3521 3735 cor-

1960 3759 2043 3812 tlis
2068 3760 2330 3813 humiliati
2371 3763 2716 3825 contritione,
2752 3770 2809 3816 et
2866 3765 3225 3835 lacryumrum
3251 3786 3415 3837 aqua,
3465 3785 3519 3827 et

1958 3852 2252 3917 Spiritualis
2277 3850 2515 3905 st-ientiar
2546 3851 2785 3918 ﬂamma,
2820 3855 2870 3907 id
2901 3860 3294 3931 patiensdigne
3319 3878 3371 3918 et
3406 3882 3519 3920 me-

1957 3943 2080 4005 rito,
2114 3950 2167 3994 et
2221 3942 2273 3994 in
2307 3944 2601 4011 angelicam
2657 3958 2834 3998 eseam
2864 3962 3184 4014 conversus,
3213 3955 3278 4007 de
3317 3960 3517 4022 quibus

1954 4033 2368 4101 Optitnedictum
2393 4044 2502 4087 est:
2540 4053 2557 4085 ι
2592 4036 2792 4088 Panem
2822 4042 3136 4107 angelorum
3164 4053 3511 4102 manducavit

1955 4126 2137 4178 homo.
2172 4143 2191 4176 ι
2228 4123 2558 4179 Suntautem
2582 4129 2781 4195 quibus
2822 4131 2872 4181 in
2911 4132 2993 4185 via
3038 4134 3272 4201 quodam
3304 4142 3517 4193 excelso

1955 4217 2115 4270 modo
2210 4219 2409 4270 factum
2470 4227 2553 4272 est
2610 4231 2662 4274 et
2719 4221 2933 4275 videtur
3018 4227 3260 4292 ipsorum
3319 4244 3513 4287 natura

1957 4321 2147 4360 manna
2206 4306 2630 4374 manifeste;de
2685 4312 2883 4378 quibus
2943 4314 3133 4368 dicunt
3186 4318 3516 4390 Evangelia:

1958 4414 1977 4447 ι
2016 4396 2171 4461 Quod
2213 4396 2415 4451 factum
2461 4406 2546 4452 est
2581 4414 2645 4452 ex
2688 4398 2913 4468 Spiritu,
2936 4402 3171 4472 Spiritus
3217 4420 3318 4463 est.
3358 4430 3376 4462 ι
3407 4413 3519 4465 Pii-

1954 4504 2073 4542 mus
2102 4490 2234 4543 ordo
2260 4491 2581 4559 sapientium
2616 4492 2669 4545 in
2710 4509 2842 4563 pace
2872 4497 3181 4565 degentium
3214 4504 3350 4556 ordo
3388 4517 3516 4573 est;

272 4584 607 4656 ήσυχαστῶν
633 4584 845 4653 σοφῶν
875 4587 907 4655 ἡ
934 4584 1053 4653 μετ’
1075 4586 1244 4655 αὑτὴν
1272 4589 1364 4640 καὶ
1390 4590 1599 4659 σιωπὴν
1628 4590 1857 4643 ἀσκούν-
1883 4595 1931 4653 D

1832 4620 1857 4630 _
1883 4595 1931 4653 υ
1958 4582 2250 4645 secundus,
2277 4595 2465 4635 eorum
2508 4583 2599 4653 qui
2627 4585 2909 4640 silentium
2931 4601 3153 4644 servant
3176 4609 3302 4648 cum
3330 4599 3517 4652 divina

272 4693 409 4740 των,
466 4676 607 4743 μετά
670 4677 767 4744 τῆς
830 4676 982 4739 θείας
1034 4676 1322 4745 γνώσεως·
1386 4681 1418 4749 ἡ
1462 4680 1520 4733 δέ
1558 4697 1620 4748 γε
1672 4682 1854 4751 τρίτη,

271 4767 623 4836 ήπὶωμένων
668 4766 901 4819 καθόλου
952 4769 1047 4821 καὶ
1102 4768 1482 4839 ἡλλοιωμένων
1532 4772 1590 4823 ἐν
1635 4771 1855 4842 Χριστῷ

267 4857 467 4927 ,Ἰησοῦ
493 4858 573 4929 τῷ
600 4858 791 4929 Κυρίῳ
823 4859 1002 4928 ἡμῶν.

345 4948 469 5013 πς’.
502 4948 795 5017 Διαφυγὼν
823 4950 910 5003 διά
944 4953 1043 5021 τῆς
1074 4954 1317 5023 χάριτος,
1340 4954 1415 5019 ὡς
1444 4955 1609 5021 εἱκὸς,
1632 4955 1851 5025 Φαραὼ,

270 5039 369 5090 καὶ
401 5038 679 5104 Αἴγυπτον
709 5040 803 5092 καὶ
846 5044 1006 5093 τάκεῖ
1036 5042 1186 5095 δεινά
1212 5045 1306 5096 καὶ
1339 5046 1611 5115 ἐπίμοχθα
1650 5047 1853 5115 νοητῶς

267 5132 303 5181 ὁ
329 5129 479 5191 νοῦς,
518 5131 611 5183 καὶ
644 5131 747 5201 μέν
784 5148 844 5199 γε
881 5134 979 5202 τὴν
1028 5135 1439 5201 κυματίζουσαν
1480 5138 1704 5207 πικρίας
1754 5139 1853 5190 κύ-

272 5240 422 5293 ματα
460 5224 709 5292 ἐμπαθῆ,
744 5226 837 5277 καὶ
865 5224 1150 5293 ἁλμώδους
1192 5228 1391 5289 κακίας
1427 5229 1696 5299 σαρκικὴν
1738 5229 1853 5300 βιο-

266 5318 393 5386 τὴν,
442 5314 538 5366 καὶ
569 5318 627 5365 ὲν
678 5318 846 5386 νοητῇ
899 5317 1093 5386 ἐρήμῳ
1128 5320 1417 5388 γενόμενος
1464 5321 1705 5390 δηλονότι
1741 5321 1853 5386 ἐξει

269 5407 679 5479 ἀπηλλαγμένῃ
735 5408 1099 5477 Φαραωνιτῶν
1148 5412 1381 5480 νοητῶν·
1418 5413 1512 5465 καὶ
1557 5413 1853 5483 ξυλλήὸδην

270 5501 475 5562 εἰπεῖν,
516 5499 585 5549 τὰ
620 5500 737 5551 τότε
768 5501 881 5559 τοῖς
919 5500 1194 5571 Ἐσραίοις
1231 5500 1579 5572 συμτπεσὸντα
1623 5505 1740 5556 κατ’
1770 5507 1853 5557 af-

273 5594 474 5657 σθησιν
502 5589 736 5658 χαλεπὰ,
765 5592 969 5660 νοητῶς
1003 5593 1097 5645 καὶ
1131 5592 1319 5646 παθὼν
1352 5595 1446 5646 καὶ
1492 5595 1847 5663 ἀπαλλαγεὶς,

272 5687 455 5755 μάννα
506 5684 566 5747 ἐξ
604 5684 871 5753 ἑπομένου
902 5684 1071 5737 ἐσθίει
1122 5687 1333 5756 νοητὸν,
1388 5687 1639 5757 αἰσθήσει
1675 5688 1851 5758 ψυχῆς

264 5775 556 5843 ἀσφαλῶς,
608 5770 672 5827 οῦ
702 5774 874 5828 τύπον
921 5777 982 5829 τὸ
1026 5777 1196 5829 πάλαι
1242 5777 1487 5847 ἡσθιενὸ
1526 5779 1735 5849 Ἰσραὴλ
1766 5782 1848 5831 αἰ-

269 5868 510 5939 σθητῶς.
538 5869 649 5921 Καὶ
679 5869 823 5923 κστά
851 5870 947 5940 μὲν
974 5871 1071 5933 τὰς
1096 5871 1295 5942 ἀρχὰς,
1334 5870 1483 5924 ἐστιν
1519 5873 1605 5925 ὅτε
1633 5886 1841 5944 μεμνη-

1956 4673 2212 4737 scientia;
2243 4675 2455 4738 tertius,
2485 4690 2677 4730 eorum
2706 4680 2796 4747 qui
2828 4683 3050 4735 omnino
3085 4685 3361 4754 simplices
3382 4692 3517 4743 clin—

1956 4764 2027 4815 cti
2055 4774 2183 4817 sunt
2207 4774 2259 4818 et
2285 4768 2536 4821 conversi
2598 4767 2652 4821 in
2685 4769 2905 4824 Christo
2936 4770 3087 4838 Jesu,
3130 4775 3355 4833 Domino
3412 4800 3523 4837 nu-

1954 4862 2090 4909 atro.

2022 4945 2110 4999 86.
2139 4945 2432 5017 Postquam
2464 4965 2557 5019 per
2592 4955 2843 5021 gratiam,
2870 4966 2925 5011 ut
2949 4959 3127 5024 decet.
3166 4962 3512 5023 Pharaonem

1950 5046 2003 5091 et
2032 5035 2324 5108 Egyptutn
2359 5050 2411 5093 et
2442 5058 2563 5109 qua:
2593 5045 2642 5096 in
2672 5045 2773 5099 hac
2814 5050 3035 5117 regione
3070 5057 3332 5110 terribilia
3381 5073 3512 5114 sunt

1949 5136 2003 5181 et
2030 5130 2213 5183 labore
2236 5131 2390 5198 plena
2426 5149 2579 5186 mens
2600 5138 2960 5203 spiritualiter
2984 5144 3191 5215 elIugit.
3232 5153 3515 5222 vitamque

1948 5222 2329 5277 amaritudinis
2386 5223 2644 5281 ﬂuctibus
2699 5232 2954 5299 agitatam
3013 5245 3066 5288 et
3105 5240 3270 5295 vitam
3324 5260 3512 5301 amara

1948 5316 2151 5368 malitia
2202 5317 2473 5370 carnalem
2500 5334 2513 5382 ;
2546 5333 2596 5372 et
2629 5323 2680 5373 in
2708 5324 2977 5392 spirituali
3003 5328 3219 5383 deserto
3254 5336 3509 5402 spiritua-

1946 5407 2090 5460 iibus
2115 5404 2489 5461 Pliaraonibus
2522 5410 2747 5464 liberata
2777 5416 3064 5481 consistit;
3098 5430 3150 5473 et
3176 5432 3233 5474 ut
3266 5429 3504 5481 breviter

1947 5498 2155 5567 loquar,
2192 5515 2527 5567 quaecunque
2563 5504 2806 5558 Hebraeis
2828 5511 3140 5565 acciderunt
3173 5517 3313 5567 mala
3343 5519 3507 5585 spiri-

1944 5590 2162 5642 tualiter
2186 5599 2239 5643 et
2268 5605 2521 5658 perpessa
2552 5602 2633 5646 est
2664 5605 2717 5649 et
2735 5598 2941 5665 rejecit,
2967 5616 3364 5672 consequenter
3388 5612 3504 5679 spi-

1942 5680 2136 5733 rituale
2164 5695 2358 5733 manna
2392 5683 2708 5746 manducat,
2741 5701 2935 5740 securo
2968 5692 3161 5746 animae
3192 5710 3374 5760 sensu,
3405 5713 3509 5752 cu-

1935 5772 2023 5839 jus
2049 5770 2272 5838 tiguram
2298 5770 2423 5823 olim
2456 5774 2787 5829 sensibiliter
2811 5776 2975 5833 lsrael
3006 5782 3370 5839 manducavit.
3395 5790 3451 5842 Et
3481 5808 3499 5842 :

1939 5862 2231 5933 Postquam
2261 5862 2489 5933 incepit,
2534 5880 2743 5922 memor
2787 5871 3098 5939 cogitabilia
3132 5877 3298 5945 cupit.
3330 5889 3387 5933 ut
3416 5884 3492 5934 illi
