4266 6450
259 420 365 484 933

1388 405 1486 463 DE
1528 404 1700 465 VITA
1740 403 2406 473 CONTEMPLATIVA.

3407 407 3510 471 934

268 577 441 628 μσντα
470 559 524 610 δὲ
555 555 850 627 σωφρόνως
877 551 936 606 16
970 556 1246 623 προσῆκον
1278 551 1514 620 ἑκάστῳ,
1547 533 1904 615 τοτηνικάὸἈ
1939 544 1953 593 i

1825 549 1844 594 ;·
1863 533 1904 585 Α
1939 527 2201 593 gligi-nter
2223 529 2304 580 eis
2329 527 2762 588 sidnnittentem,
2791 525 2883 578 sed
2911 525 3186 592 sapienter
3211 527 3510 595 unicuique

261 651 429 712 εὐθὺς
453 651 481 702 6
512 647 638 711 νοῦς
679 647 874 700 ἑαυτοῦ
901 647 1112 714 γίνεται
1154 647 1372 706 ὲνιαῖος,
1416 644 1509 695 καὶ
1542 640 1744 700 ἀτελοῦς
1770 641 1845 700 ὼς

263 742 378 810 ἔχει
429 739 648 808 φύσεως
695 736 1209 805 ἀποκαθιστάμενος
1256 735 1350 787 καὶ
1401 733 1508 786 τῶν
1560 730 1845 801 διαιρετῶν

263 834 662 902 ἀφιστάμενος
700 832 796 884 καὶ
827 830 981 892 αὖθις
1029 829 1273 896 φυσικῶς
1305 828 1529 897 ἄρχεται
1574 825 1748 892 φιλεῖν
1791 821 1850 874 16

263 925 343 986 ἓν,
381 927 477 979 καὶ
509 923 736 988 ἁπλοῦν,
761 925 854 977 καὶ
883 925 943 977 16
976 922 1192 982 ένιαίως
1231 923 1324 973 καὶ
1353 919 1540 982 ἀτελῶς
1573 917 1846 987 ἐνεργεῖνο

262 1017 290 1069 δ
328 1017 394 1086 δὴ
453 1016 646 1081 φιλῶν,
680 1016 856 1084 ζητεῖ,
897 1019 992 1069 καὶ
1037 1014 1216 1086 ζητῶν
1273 1012 1371 1082 τὴν
1417 1011 1614 1079 πτῆσιν
1657 1007 1848 1060 ἑαυτοῦ

263 1108 408 1176 ὑπὲρ
442 1109 625 1160 πᾶσαν
657 1112 892 1159 ποιεῖται
917 1106 1188 1162 σύνθεσιν.
1214 1105 1317 1166 ἕως
1347 1103 1412 1156 ἂν
1446 1102 1593 1172 εὖροι
1625 1101 1686 1152 16
1715 1099 1849 1166 ἀλη-

264 1197 373 1259 θῶς
399 1199 496 1250 καλ⁸
529 1199 734 1268 κυρίως
761 1196 818 1250 ἓν
873 1201 964 1248 καί
997 1197 1227 1256 ἁπλοῦν,
1270 1199 1405 1265 ὅπερ
1439 1195 1587 1245 ἐστὶν
1622 1192 1650 1243 6
1696 1190 1842 1250 Θεός.

264 1291 397 1342 Ὅτε
430 1290 497 1359 δὴ
529 1292 624 1342 καὶ
649 1291 753 1342 ὑπὸ
780 1291 965 1358 μόναις
994 1291 1110 1349 ταῖς
1143 1287 1332 1339 τούτου
1362 1281 1609 1351 πτέρυξι,
1635 1283 1728 1334 νῦν
1752 1282 1849 1348 μὲν

265 1381 630 1450 σκεπόμενος,
689 1383 877 1435 ἄλλοτε
930 1381 986 1433 δὲ
1030 1376 1519 1450 μετεωριζόμενος,
1561 1374 1846 1443 τέρπεται,

261 1473 336 1533 ὡς
367 1473 515 1532 εἰκὸς
550 1473 849 1543 τέρπεσθαι
886 1468 1389 1541 θεοφρουρούμενον
1423 1467 1516 1518 καὶ
1555 1462 1848 1536 θεοφορού-

265 1577 432 1630 μενον
460 1578 608 1613 νουν.

337 1657 452 1719 πη’.
501 1650 591 1718 Τῷ
619 1650 912 1720 διιρατικῷ
941 1651 1041 1718 τῆς
1089 1650 1291 1720 ψυχῆς,
1329 1649 1532 1702 ὡσανεὶ
1572 1646 1845 1718 ἀχλυῶδές

271 1761 328 1797 τι
363 1746 540 1815 πάχος
564 1744 954 1805 ὲπιπεπτωκὸς
981 1744 1042 1796 16
1071 1745 1135 1798 ὲκ
1174 1744 1283 1796 τῶν
1319 1743 1525 1802 παθῶν,
1565 1741 1700 1796 ἄλλα
1726 1745 1858 1813 όρᾷν

1935 619 2079 687 quod
2115 621 2392 683 convenit,
2449 618 2868 674 distribuentem
2895 659 2909 682 ,
2948 625 3077 671 tunc
3136 633 3288 672 mens
3330 625 3512 674 statim

1935 728 2122 768 sei-um
2154 714 2304 766 unita
2338 721 2440 775 est,
2491 720 2545 765 et
2596 711 2822 778 simplex
2865 712 3021 780 juxta
3073 727 3225 765 suam
3265 724 3511 766 naturam

1935 806 2183 858 restituta
2213 817 2289 858 est
2321 815 2372 858 et
2401 823 2429 859 a
2461 806 2652 860 divisis
2685 814 2938 870 separata
2966 821 2981 870 ;
3018 816 3070 859 et
3099 822 3316 858 rursum
3351 816 3514 858 natu-

1937 898 2125 950 raliter
2180 900 2370 964 incipit
2401 916 2566 950 nntttn
2601 900 2822 967 diligere
2867 911 2916 952 et
2959 900 3184 969 simplex
3223 910 3277 954 ct
3309 901 3508 968 simpli-

1937 1002 2052 1040 cem
2089 1006 2360 1059 nnamqne
2390 991 2787 1058 operationem.
2833 990 2987 1056 Quod
3025 990 3243 1055 quidem
3280 1007 3466 1045 amans
3497 1030 3512 1048 .

1944 1084 2168 1151 φιφτη,
2205 1093 2278 1148 et,
2311 1099 2589 1151 minuens,
2624 1099 2781 1135 suum
2813 1084 3050 1136 volatum
3100 1097 3263 1150 supra
3294 1099 3514 1136 omnem

1942 1178 2390 1241 t'mnpnsitionem
2444 1177 2566 1235 fert,
2633 1179 2992 1245 quoadusque
3031 1177 3273 1229 inveniat
3308 1192 3432 1229 vere
3464 1185 3519 1231 et

1940 1267 2264 1334 simpliciter
2289 1285 2454 1321 unum
2487 1282 2534 1321 et
2564 1270 2789 1334 simplex
2817 1270 2957 1336 quod
2994 1278 3072 1323 esl
3104 1270 3267 1324 Dens.
3290 1267 3522 1334 Quando

1940 1375 2073 1414 sane
2095 1360 2228 1414 solis
2255 1360 2419 1428 hujus
2444 1363 2545 1413 alis
2575 1377 2717 1414 nunc
2747 1365 2964 1430 quidem
2993 1362 3341 1425 obumbrata,
3374 1380 3518 1420 nunc

1940 1456 2155 1510 sublata
2196 1457 2427 1519 laetatur,
2457 1467 2514 1510 ut
2547 1456 2716 1510 laetari
2751 1457 2948 1522 decet,
2976 1474 3096 1528 quae
3128 1474 3158 1513 a
3191 1460 3300 1516 Deo
3333 1470 3522 1517 custo-

1943 1550 2091 1604 ditur
2118 1559 2170 1603 et
2196 1549 2388 1614 fertur,
2421 1566 2599 1604 mens.
2654 1612 2656 1615 I

2014 1641 2100 1696 88.
2135 1640 2576 1710 Contemplativm
2608 1643 2801 1697 anima:
2837 1644 3040 1706 virtuti,
3073 1655 3332 1714 tanquam
3370 1655 3525 1701 tene-

1946 1735 2092 1788 brosi
2121 1735 2323 1802 aliquid
2363 1749 2423 1787 ac
2458 1734 2611 1790 densi
2641 1737 2784 1805 quod
2819 1752 2882 1791 ex
2906 1739 3299 1806 cupiditatibus
3334 1751 3516 1794 ortum

274 1838 399 1890 ἀντὶ
426 1837 522 1890 τοῦ
549 1837 704 1899 ὄντος
736 1836 1058 1904 πεποίηκεν.
1086 1837 1256 1888 Ὅταν
1290 1832 1346 1887 δὲ
1381 1837 1446 1904 τῇ
1481 1836 1658 1904 πυκνῇ
1690 1850 1854 1904 προσ·
1876 1876 1915 1929 Β

1844 1864 1915 1929 -Β
1945 1828 2197 1888 habebat,
2235 1829 2336 1880 alia
2370 1844 2530 1897 quam
2584 1833 2866 1885 veritatem
2903 1832 3349 1901 contemplanda,
3378 1850 3520 1905 prae-

274 1932 437 1999 ευχῇ,
472 1931 567 1982 καὶ
591 1931 657 1998 τῇ
687 1927 795 1980 τῶν
831 1927 1059 1981 ἐντολῶν
1081 1925 1450 1996 ἐκπληρώσει,
1480 1925 1572 1978 καὶ
1598 1925 1858 1977 ἀνατάσει
1877 1919 1914 1929 ’⁷
1951 1919 1959 1972 l

1843 1919 1914 1974 ι’
1951 1919 2129 1973 bebat.
2167 1919 2396 1984 Quando
2421 1932 2601 1973 autem
2628 1921 2892 1990 frequenti
2925 1925 3179 1978 oratione
3204 1931 3257 1977 et
3293 1927 3524 1978 manda-

276 2023 416 2090 πρὸς
447 2021 545 2091 τὴν
584 2021 678 2073 τοῦ
708 2019 844 2073 Θεοῦ
877 2018 1109 2088 θεωρίαν
1139 2017 1228 2071 διά
1279 2017 1375 2089 τῆς
1421 2017 1642 2086 χάριτος
1667 2017 1694 2068 ό
1734 2013 1859 2076 νοῦς

270 2112 430 2184 διέλῃ
483 2112 545 2163 16
616 2112 906 2182 εἰρημένον
953 2110 1228 2180 ἀχλυῶδες
1283 2110 1476 2178 πάχος,
1529 2109 1622 2176 ἀφ’
1665 2105 1857 2158 ἑαυτοῦ

274 2200 530 2268 ἐναργῶς
579 2200 681 2270 όρᾷ
741 2201 832 2252 τὸν
863 2200 1031 2266 Θεὸν,
1085 2201 1369 2271 ἑρμηνέως
1414 2199 1677 2268 μηδαμῶς
1723 2197 1854 2268 πρὸς

272 2293 436 2345 τοῦτο
468 2292 744 2360 δεόμενος,
779 2292 969 2360 ῶσπερ
1001 2292 1060 2343 οὐ
1086 2294 1256 2343 δεῖται
1282 2289 1582 2353 διδάξοντος
1608 2290 1636 2340 ό
1664 2288 1855 2356 αἰσθη-

271 2383 386 2444 τῶς
429 2384 607 2452 ὀρῶνο
658 2385 709 2434 εἰ
748 2399 811 2450 γε
859 2382 933 2452 μὴ
968 2383 1029 2434 16
1057 2381 1300 2450 διοχλοῦν
1349 2381 1444 2435 καὶ
1492 2378 1857 2448 ἐπιπροσθοῦν

276 2473 422 2544 ῐσχει
450 2477 516 2545 τῇ
554 2475 692 2545 κόρῃ
723 2473 817 2527 τοῦ
852 2473 1156 2544 ὀφθαλμοῦ.
1180 2475 1267 2536 Ὧς
1293 2475 1399 2542 γὰρ
1440 2471 1857 2542 προσπεφύκασι

273 2566 347 2618 τὰ
380 2564 620 2634 αἰσθητὰ
654 2567 771 2628 ταῖς
793 2565 1112 2635 αἰσθήσεσιν
1135 2564 1303 2632 ὑγιῶς
1329 2562 1599 2632 ἐχούσαις,
1622 2560 1765 2613 οὓτω
1789 2561 1859 2613 τά

272 2661 443 2728 νοητᾶ
494 2662 618 2721 12?;
669 2661 925 2728 νοήσεσιν
979 2659 1274 2730 ᾠκείωται,
1326 2656 1760 2726 καθαρευούσαις
1795 2657 1858 2707 ὲκ

272 2753 370 2804 τοῦ
406 2752 518 2802 τῶν
548 2751 742 2803 παθῶν
783 2751 1010 2818 νέφους·
1046 2750 1140 2802 καὶ
1186 2749 1375 2820 ῶσπερ
1405 2751 1469 2802 ἐκ
1513 2749 1616 2818 τῆς
1667 2747 1859 2816 αἰσθη-

273 2843 437 2910 τικῆς
466 2842 808 2908 ἀντιλήψεως
839 2840 945 2892 τῶν
979 2840 1254 2911 αἰσθητῶν
1274 2843 1308 2908 ἡ
1340 2840 1663 2908 κατάληψις,
1685 2838 1857 2899 οῦτως

271 2937 339 2986 ἐκ
380 2937 483 3002 τῆς
513 2934 770 3002 νοητικῆς
815 2931 1164 3000 ἀποϐλέψεως
1195 2935 1228 3000 ὴ
1269 2933 1377 2984 τῶν
1412 2932 1617 2998 νοητῶν
1658 2929 1858 2997 ὲποψία

270 3025 562 3092 γίγνεσθαι
593 3023 782 3075 εῐωοε⁶
821 3024 940 3092 μεθ’
975 3023 1010 3076 ἃ.
1040 3027 1071 3093 ὴ
1103 3024 1189 3076 διά
1222 3023 1320 3092 τῆς
1352 3024 1570 3092 χάριτος
1600 3024 1856 3087 ἀνείδεος,

270 3119 365 3170 καὶ
400 3117 590 3180 ἄποια,
613 3120 706 3168 καὶ
741 3117 1106 3184 άφάνταστος,
1143 3118 1235 3169 καὶ
1265 3117 1408 3185 ἁπλῆ
1438 3115 1530 3168 τοῦ
1559 3116 1694 3168 Θεοῦ
1729 3117 1861 3168 θεων

1951 2019 2130 2064 tornm
2167 2010 2553 2078 adimpletione
2580 2021 2633 2066 et
2658 2013 2932 2067 tendentia
2956 2017 3022 2068 ad
3057 2014 3148 2069 Dei
3180 2017 3525 2085 contempla-

1952 2101 2150 2155 tionem
2194 2117 2288 2168 per
2322 2106 2560 2171 gratiam
2595 2121 2750 2158 mens
2789 2106 3078 2173 prazdictas
3109 2108 3415 2162 crassiores
3449 2118 3530 2158 te-

1952 2195 2148 2250 nebras
2185 2196 2526 2264 dissipaverit
2554 2238 2569 2260 ,
2616 2213 2711 2266 per
2747 2199 2983 2268 seipsam
3024 2201 3309 2256 manifeste
3351 2200 3521 2254 Deum

1951 2285 2117 2348 videt,
2156 2288 2535 2356 explanatione
2561 2291 2705 2344 nulla
2743 2292 3012 2360 indigens,
3057 2293 3520 2360 quemadmodum

1951 2379 2176 2433 doetOre
2221 2395 2325 2432 non
2363 2381 2566 2450 indiget
2614 2385 2705 2450 qui
2753 2385 3034 2437 sensibilia
3071 2386 3259 2447 videt;
3303 2389 3347 2439 si
3392 2386 3528 2439 nihil

1953 2472 2095 2525 oeuli
2131 2472 2347 2541 pupilla:
2379 2475 2576 2531 obstat.
2601 2476 3075 2542 Quemadmodum
3110 2480 3530 2533 ar-commodan-

1955 2575 2042 2618 tur
2075 2569 2353 2621 sensibilia
2388 2571 2646 2625 sensibus
2677 2582 2822 2624 recte
2854 2587 2912 2626 se
2937 2573 3290 2628 habentibus.
3321 2576 3391 2628 ita
3414 2575 3525 2642 spi-

1955 2675 1980 2711 r
2008 2661 2170 2712 tualia
2225 2662 2546 2730 cogitationi
2592 2675 2718 2718 nata
2758 2673 2912 2729 sunt,
2951 2667 3227 2719 mundata:
3256 2684 3447 2735 nempe
3501 2684 3530 2721 a

1956 2752 2310 2820 cupiditatum
2335 2756 2498 2808 nnL-e.
2533 2755 2598 2808 Et
2637 2757 2778 2809 sicut
2800 2775 2863 2809 ex
2889 2773 3150 2811 sensuum
3183 2761 3534 2826 perceptione

1957 2843 2015 2896 fit
2045 2847 2486 2914 comprehensio,
2512 2849 2584 2901 ita
2613 2865 2676 2901 ex
2704 2850 2975 2918 spirituali
3010 2860 3234 2916 aslieetu
3267 2853 3532 2919 spiritua-

1961 2937 2090 2989 lium
2127 2937 2267 2990 visio
2307 2939 2421 2992 fieri
2482 2939 2660 3001 solet;
2701 2950 2820 3007 post
2852 2953 2971 3008 qua:
3015 2939 3241 3005 simplex
3283 2938 3370 2992 Dei
3400 2954 3537 2994 con-

1958 3029 2243 3098 templatio
2276 3045 2370 3098 per
2401 3031 2652 3100 gratiam,
2694 3032 2812 3084 sine
2849 3031 3020 3098 ﬁgura
3078 3038 3132 3085 et
3180 3032 3445 3097 qualitate
3479 3039 3537 3086 et

1961 3125 2193 3194 imagine
2221 3137 2457 3179 mentem
2499 3126 2799 3194 subjertam
2834 3129 3078 3182 retinens
3127 3141 3157 3180 a
3201 3127 3537 3197 quibuslibet

273 3214 392 3281 ρία,
419 3212 543 3280 ἥτις
570 3212 803 3278 κάτοχον
829 3210 1028 3279 ἔχουσα
1056 3211 1144 3262 τὸν
1172 3211 1318 3273 νοῦν,
1343 3211 1560 3263 πάντων
1587 3207 1861 3274 αἰσθητῶν
1887 3223 1923 3277 ε

1851 3223 1923 3277 ἐ
1958 3219 2316 3273 seusibilibus
2348 3230 2400 3273 et
2433 3220 2815 3286 eugitabilihus
2840 3219 3052 3288 liberat,
3077 3235 3197 3276 eam
3228 3221 3536 3285 includens,

266 3318 331 3354 τε
385 3302 482 3354 καὶ
541 3300 750 3371 νοητῶν
793 3301 902 3352 τῶν
966 3301 1264 3353 ὁποιωνοῦν
1311 3302 1508 3368 ἄφετον
1571 3302 1731 3355 ποιεῖ.
1779 3299 1859 3360 εἰς

269 3394 564 3465 ἀπειρίας,
599 3392 969 3462 ἀπεριληψίας
989 3409 1048 3444 τε
1080 3393 1175 3445 καί⁵
1209 3394 1488 3461 ἀοριστίας
1521 3392 1677 3460 βυθὸν
1697 3391 1859 3445 αὐτὸν

271 3491 332 3539 ἐν
364 3487 632 3555 ἐκπλήξει
672 3485 768 3538 καὶ
813 3485 1149 3556 θαυμασμῷ,
1184 3485 1259 3548 ὠς
1295 3487 1394 3537 οὐκ
1445 3486 1714 3554 ἐνδέχεται
1757 3485 1854 3555 δη-

267 3578 514 3637 λωθῆναι
546 3576 713 3645 λόγῳ,
749 3577 1075 3631 κατακλείου
1086 3595 1171 3631 σα.

344 3727 458 3782 πθ’.
499 3724 574 3783 Ὦ
610 3728 881 3790 Δέσποτα,
922 3727 950 3778 ό
1009 3726 1227 3779 πάντων
1271 3724 1380 3777 τῶν
1425 3724 1720 3794 ὁρωμένων
1766 3725 1861 3778 καί⁸

269 3823 589 3892 νοουμένων
650 3819 727 3873 ῶν
767 3821 912 3891 ἀρχὴ
968 3818 1383 3889 παντοκράτορ,
1429 3818 1599 3889 ἀρχὴν
1630 3818 1768 3887 ἔχων
1800 3818 1862 3870 16

269 3917 542 3986 ἄναρχον,
571 3915 820 3976 ἀκτιστε,
857 3913 950 3964 καὶ
981 3913 1208 3979 ὁρισμὸν
1235 3911 1296 3961 τὸ
1337 3910 1612 3979 ἀόριστον,
1645 3912 1858 3977 άπειρε,

270 4007 373 4059 καὶ
405 4004 573 4071 φύσιν
605 4004 666 4054 16
700 4001 1002 4073 ὑπερφυὲς,
1048 4000 1408 4070 ἀπερίληπτε,
1451 4001 1544 4051 καὶ
1586 4001 1772 4052 οὐσίαν
1801 4003 1860 4052 τὸ

276 4096 633 4166 ὑπερούσιον,
694 4095 949 4161 ἀγένητε,
991 4094 1085 4145 καὶ
1119 4090 1257 4152 εἶδος
1306 4091 1435 4159 γοῦν
1500 4092 1563 4142 τὸ
1604 4092 1858 4154 ἀνείδεον,

269 4192 506 4261 ἀόρατε,
538 4190 632 4242 καὶ
662 4189 794 4241 ἰδιον
832 4187 894 4238 τὸ
933 4187 1120 4252 ἀῖῖιον,
1152 4185 1420 4255 ἀφθαρτε,
1449 4186 1543 4237 κατ.
1587 4184 1773 4253 σχῆμα
1803 4182 1863 4235 16

271 4283 715 4352 ἀσχημάτιστον,
739 4278 1131 4348 ἀνεξιχνίαστε,
1165 4278 1257 4329 καὶ
1281 4277 1443 4329 τόπον
1471 4278 1530 4327 16
1559 4276 1862 4346 ἀπερίγρα-

273 4391 439 4439 πτον,
490 4374 871 4442 ἀπεριὸριστε,
917 4367 1223 4438 κατάληψίν
1254 4384 1312 4420 τε
1349 4367 1410 4420 16
1460 4367 1861 4435 ἀκατάληπτον,

273 4466 707 4536 ἀνεξερεύνητε,
755 4464 851 4515 καλ⁸
879 4463 1079 4530 γνῶσιν
1115 4459 1210 4512 καὶ
1252 4456 1486 4529 θεωρίαν
1529 4458 1588 4508 16
1637 4457 1864 4510 ἀθέατόν

1956 3320 2015 3362 ut
2053 3325 2310 3364 sermone
2340 3327 2444 3363 non
2479 3321 2651 3380 potest
2710 3311 2856 3375 dici,
2894 3312 2949 3365 in
2986 3312 3378 3368 immensitatis
3431 3329 3539 3367 non

1953 3406 2489 3474 circumscripteque
2527 3405 2812 3461 infinitatis
2857 3406 3056 3478 abysso
3086 3422 3212 3461 cum
3244 3407 3453 3463 exstasi
3484 3413 3541 3460 et

1956 3499 2098 3550 admi
2113 3494 2342 3551 ratione.

2025 3699 2094 3753 89
2145 3698 2188 3754 Ο
2227 3697 2470 3765 Domine,
2498 3700 2587 3768 qui
2617 3702 2863 3755 omnium
2911 3703 3205 3757 visibilium
3242 3713 3291 3759 et
3333 3707 3540 3777 cogita-

1957 3791 2146 3846 liilium
2175 3794 2520 3862 omnipotens
2546 3793 2873 3862 principium
2901 3810 2982 3858 es,
3007 3797 3098 3864 qui
3129 3797 3343 3851 initium
3375 3801 3542 3854 liabcs

1953 3884 2315 3941 aeternitatem
2349 3886 2592 3940 increate
2647 3887 2736 3956 qui
2775 3887 2936 3941 liuent
2974 3889 3142 3943 babes
3184 3889 3535 3956 infinitatem,

1953 3975 2222 4032 immense
2255 3977 2349 4047 qui
2385 3987 2637 4034 naturam
2679 3980 2842 4035 babes
2874 3984 3314 4050 supernatnrale,
3373 3985 3543 4039 incir-

1957 4071 2324 4141 enmscripte;
2377 4080 2431 4125 et
2483 4072 2844 4127 substantiam
2897 4075 3064 4131 habes
3112 4079 3543 4146 supersubstan-

1959 4165 2105 4225 tiale,
2141 4165 2400 4234 ingenito;
2457 4173 2511 4218 et
2562 4163 2796 4218 formam
2832 4167 3000 4222 babes
3025 4171 3170 4238 quod
3203 4176 3326 4226 sine
3365 4172 3539 4226 forma

1958 4267 2064 4314 est.
2100 4258 2412 4322 invisibilis;
2440 4269 2493 4311 et
2529 4259 2807 4329 proprium
2860 4261 3027 4315 habes
3073 4265 3216 4332 quod
3253 4281 3362 4319 non
3415 4283 3544 4337 pro-

1956 4350 2240 4419 prietatem
2292 4351 2570 4417 admittit,
2642 4353 3121 4422 incorruptibilis;
3176 4368 3231 4410 et
3298 4358 3540 4414 habitum

1956 4445 2102 4512 quod
2137 4459 2242 4499 nou
2275 4453 2360 4500 est
2391 4446 2609 4500 habitus
2646 4463 2752 4501 non
2809 4448 3186 4517 vestigabilis;
3232 4459 3284 4505 et
3317 4451 3497 4507 locum
3523 4495 3541 4520 ,

271 4576 338 4611 τε
373 4557 470 4612 καὶ
490 4557 793 4624 ἄγνωστον,
825 4553 1111 4623 ἀπρόσιτε,
1141 4552 1235 4604 καὶ
1268 4549 1619 4620 ἀπερινόητε,
1657 4550 1749 4602 καὶ
1781 4549 1864 4600 λόο
1891 4573 1933 4626 D

1858 4536 2437 4626 .Dimmensitatem,
2518 4539 3028 4612 incircumscripte;
3095 4547 3543 4612 comprehensio-

275 4663 378 4713 γον
421 4646 486 4698 16
525 4644 859 4712 ἄφθεγκτον,
909 4641 1291 4710 ἀνεκδιήγητε,
1341 4641 1436 4692 καὶ
1462 4641 1756 4710 ἑρμηνείαν
1807 4639 1866 4690 16

274 4736 713 4805 ἁνερμήνευτον,
745 4732 940 4798 ἄφατε,
964 4733 1133 4782 καὶτὸ
1146 4729 1464 4798 ἀνεννόητον
1482 4730 1686 4798 νόησ.ν,
1712 4728 1866 4780 ἀδια-

276 4829 464 4895 νόητε,
513 4826 608 4877 καὶ
661 4824 799 4885 ὅλως
835 4823 982 4874 θέσιν
1019 4823 1119 4892 τὴν
1152 4821 1294 4891 ὑπὲρ
1331 4821 1507 4874 πάντα
1554 4821 1864 4889 ἀφαίρεσιν,

275 4919 542 4990 ὑπέρθεε,
587 4917 709 4978 ὅλος
751 4912 803 4968 εἷ
851 4915 1058 4985 θαῦμα,
1098 4916 1191 4966 καὶ
1236 4913 1468 4983 γαλήνη,
1512 4915 1605 4965 καὶ
1643 4912 1864 4983 θάρρος,

276 5017 374 5066 καὶ
404 5013 622 5078 ἀγάπη,
654 5010 745 5062 καὶ
777 5009 1074 5078 γλυκύτης,
1112 5005 1209 5059 καὶ
1242 5005 1501 5076 θυμηδία,
1547 5005 1640 5057 καὶ
1675 5005 1864 5056 πεποί-

276 5107 446 5174 θησις
475 5108 534 5154 ἐν
563 5102 832 5171 ξύμπασι,
869 5099 964 5152 καὶ
995 5099 1072 5168 τῷ
1101 5099 1218 5150 ὄντι
1255 5095 1557 5167 ἀμεριμνία
1584 5097 1678 5148 καὶ
1700 5094 1863 5165 χαρὰ,

277 5197 316 5266 ἠ
348 5194 721 5256 ἐνυπόστατος
767 5190 903 5260 μόνη
947 5189 1075 5252 δόξα
1131 5189 1223 5241 καὶ
1257 5186 1523 5256 βασιλεία,
1559 5189 1652 5237 καὶ
1682 5184 1863 5252 σοφία,

281 5295 377 5341 ut
407 5288 664 5356 δύναμις.
714 5287 814 5336 Διά
842 5282 1001 5336 τοῦτο
1036 5281 1291 5343 ἔκστασις
1340 5279 1448 5331 ἀπὸ
1489 5279 1708 5331 πάντων
1757 5275 1867 5329 ’τῶν

279 5382 608 5453 ὁρωμένων,
640 5379 735 5429 καὶ
785 5376 1134 5436 κατάπαυσις
1165 5373 1274 5425 ἀπὸ
1316 5373 1533 5426 πάντων
1575 5370 1682 5422 τῶν
1716 5387 1865 5424 νοου-

286 5477 472 5545 μένων
513 5469 840 5537 πεφυκότως
877 5466 1096 5537 ἄρρητα
1141 5465 1288 5536 γίνῃ,
1337 5463 1430 5516 καὶ
1458 5462 1760 5524 ἀνάπαυσις
1808 5461 1867 5513 ἐν

284 5566 372 5616 σοὶ
405 5559 702 5630 θαυμαστὴ
733 5559 845 5619 τοῖς
905 5556 1045 5625 μετὰ
1077 5556 1312 5626 μετοχῆς
1362 5569 1422 5606 σε
1469 5552 1734 5624 θεωροῦσι
1769 5551 1864 5605 τοῦ

281 5657 447 5718 ἁγίου
485 5651 823 5713 Πνεῦματος,
865 5649 1108 5713 ἀφραστε
1143 5646 1266 5700 Θεέ.

1964 4644 2196 4700 nemque
2240 4640 2292 4684 et
2323 4631 3051 4702 incompreliensibilitatem,
3086 4638 3408 4693 aliscooditc
3440 4657 3454 4705 ;
3483 4649 3538 4694 et

1965 4721 2332 4790 cognitionem
2365 4725 2987 4795 eontemplationeruqne
3008 4728 3154 4797 quod
3203 4745 3309 4782 non
3365 4740 3545 4800 potest

1965 4815 2118 4866 nosci
2149 4822 2243 4866 aut
2268 4814 2464 4881 videri,
2517 4817 2921 4874 inaccessibilis
2957 4829 3009 4875 et
3060 4835 3164 4875 n0n
3213 4823 3543 4892 cogitabilis,

1961 4913 2016 4958 et
2049 4907 2349 4975 rationem;
2397 4909 2542 4978 quod
2577 4925 2740 4978 supra
2777 4914 3042 4966 rationem
3065 4924 3169 4974 est,
3204 4917 3544 4969 inenarrabi-

1962 4995 2068 5061 lis;
2111 5007 2166 5052 et
2202 5000 2730 5069 interpretationem,
2776 5004 2922 5072 quod
2979 5021 3139 5058 nemo
3169 5017 3343 5067 potest
3378 5009 3510 5062 inter

1962 5093 2187 5160 pretari,
2225 5093 2533 5160 ineffabilis;
2566 5105 2619 5148 et
2657 5099 3068 5164 cogitationem,
3105 5103 3249 5168 quod
3298 5119 3401 5155 non
3440 5119 3542 5172 po-

1966 5194 2070 5239 test
2102 5188 2368 5257 cogitari,
2417 5190 2834 5254 incogitabilis;
2889 5202 3052 5260 atque
3095 5194 3324 5248 omnino
3378 5198 3542 5250 situm

1967 5276 2134 5331 habes
2169 5295 2334 5348 super
2367 5284 2551 5334 omnia
2588 5283 2990 5348 celsitudinem,
3023 5302 3053 5337 o
3083 5284 3367 5355 Supreme;
3401 5299 3545 5343 totus

1965 5386 2026 5426 es
2057 5373 2339 5437 mirabilis,
2364 5384 2416 5429 et
2449 5391 2548 5445 pax
2581 5386 2632 5430 et
2660 5377 2853 5430 fiducia
2887 5386 2940 5431 et
2973 5378 3214 5432 ebaritas
3239 5378 3538 5433 etdulcedo

1962 5473 2019 5519 et
2054 5465 2282 5526 deliciae.
2320 5478 2375 5521 et
2415 5469 2468 5522 in
2501 5471 2758 5522 omnibus
2789 5475 3060 5524 seetiritas
3087 5481 3139 5524 et
3169 5487 3294 5525 vera
3332 5473 3540 5536 laetitia,

1963 5559 2078 5612 sola
2110 5562 2484 5615 substantialis
2510 5561 2680 5630 gloria
2728 5569 2783 5616 et
2821 5578 3046 5630 regnum
3089 5575 3143 5617 et
3175 5566 3440 5634 sapientia
3486 5575 3544 5618 et

1963 5650 2244 5705 fortitudo.
2277 5652 2508 5722 Ideoque
2547 5653 2616 5707 ab
2660 5655 2919 5709 omnibus
2958 5656 3260 5711 \‘laibtilblls
3304 5655 3542 5712 recessio

283 5761 337 5801 et
407 5745 481 5798 ab
515 5743 779 5797 omnibus
824 5736 1209 5810 cositabilibus
1257 5745 1488 5792 cessatio
1522 5742 1841 5797 naturaliter
1899 5742 2188 5798 inetiabilis
2241 5762 2321 5809 cs,
2353 5755 2407 5802 et
2461 5747 2679 5816 requies
2723 5747 2778 5801 in
2815 5756 2868 5802 te
2919 5749 3161 5804 miranda
3198 5751 3264 5807 iis
3311 5754 3405 5821 qui
3468 5759 3544 5816 te,

287 5853 416 5893 cum
459 5837 638 5890 sancti
665 5833 911 5904 Spiritus
939 5828 1383 5902 participati0ne.
1405 5833 1861 5904 contemplanti".
1897 5836 2185 5894 incﬂ'abilis
2223 5838 2384 5894 Deus.

337 5953 409 6020 κ’.
453 5973 471 6005 ι
497 5952 932 6024 Θαυμαζόμενον
959 5949 1039 6018 δὲ,
1066 5949 1126 6002 τὸ
1169 5947 1325 6003 Θεῖον
1346 5945 1568 6018 δηλαδὴ,
1594 5942 1838 5998 ποθεῖται

2031 5934 2120 5992 90.
2164 5954 2181 5988 ι
2230 5936 2483 5996 Divinum
2535 5940 2683 6012 quod
2732 5940 3020 6013 miramur,
3071 5945 3246 6015 magis
3282 5959 3542 6017 optatur;
