4266 6450
351 453 458 518 937

1455 456 1547 512 DE
1591 455 1766 513 VITA
1805 452 2472 514 CONTEMPLA'I‘IVA.

3482 447 3596 515 933

419 589 528 652 μα’.
579 586 731 636 Ἰδεῖν
769 601 823 634 σε
863 584 1096 651 μάλιστα
1128 581 1406 650 βούλομαι,
1439 578 1530 628 καὶ
1563 576 1626 644 δὴ
1660 579 1990 645 ἐπομενιυςΑ
2090 577 2104 628 ξ

1913 583 1990 638 ςΑ
2090 576 2178 628 9|.
2215 571 2293 627 Te
2323 573 2591 638 imprimis
2630 569 2811 623 videre
2849 569 2971 620 volo
2998 579 3047 621 et
3079 578 3474 636 consequenter
3503 583 3595 624 ce-

348 680 614 748 ὺμνῆσαι,
657 675 916 741 ζωοποιὲ,
953 674 1066 743 ζωὴ
1102 673 1212 723 τῶν
1268 671 1528 738 ἁμηγέπη
1565 669 1814 739 ὁρώντων
1856 685 1935 728 σε,

346 775 518 840 Κύριε
563 773 589 824 ὁ
621 771 753 832 Θεός
803 787 928 839 μου,
962 767 1080 820 ἀλλ’
1119 767 1217 818 οὐκ
1268 764 1386 833 ἔχω,
1421 760 1746 830 βουλόμενος
1791 760 1937 818 ὅπως

344 866 570 929 ἐπάξιον
621 864 783 925 εἴπω,
833 862 926 914 καὶ
977 857 1342 925 διαποροῦμαι
1406 853 1526 906 κατ’
1560 851 1817 920 ἀλήθειαν
1846 852 1938 900 καὶ

343 956 622 1025 ὰδημονῶ.
675 957 738 1006 Ὠ
776 954 891 1016 πῶς
925 953 1144 1013 οἰκείως
1173 953 1200 1001 ό
1229 949 1352 1010 νοῦς
1382 947 1495 1016 ἕχει
1529 963 1630 1007 σοι,
1670 945 1935 1004 Δέσποτα,

345 1047 558 1119 Ποιητά
606 1047 874 1113 πάνσοφε,
908 1046 1000 1097 καὶ
1036 1045 1094 1095 σὲ
1130 1045 1288 1111 μόνον
1338 1039 1480 1109 ὁρῶν
1522 1040 1746 1106 εἰρήνης
1796 1039 1934 1089 ἀπο-

341 1141 524 1204 λαύει,
553 1144 645 1192 καὶ
673 1137 988 1199 ἀναπαύλας
1012 1136 1162 1204 αὐτῷ
1185 1131 1494 1203 προσφυοῦς
1520 1133 1531 1184 !
1580 1132 1818 1200 Ἑφίεται
1843 1129 1936 1182 καὶ

341 1233 453 1301 γὰρ
489 1231 810 1298 πεφυκότως
839 1225 1040 1300 ᾖνοῦς,
1084 1229 1181 1295 τῆς
1217 1225 1439 1290 ἔξωθεν,
1471 1225 1565 1276 καὶ
1607 1223 1933 1290 φαινομένης

344 1326 654 1393 περιφορᾶς
684 1320 1096 1390 ἐλευθερωθεὶς,
1148 1319 1241 1370 καὶ
1286 1316 1554 1385 σχολάσας
1585 1315 1670 1380 ἐφ’
1720 1312 1932 1368 ἑαυτὸν.

342 1418 507 1478 νοεῖν,
569 1416 668 1466 καὶ
733 1414 972 1482 μάλιστα
1011 1412 1074 1480 δὴ
1137 1403 1480 1462 διανοεῖσθαι
1529 1407 1732 1474 φυσικῇ
1793 1401 1944 1455 dixti»

340 1523 469 1574 τητι
502 1503 573 1556 τὰ
628 1503 964 1572 ὑψηλότερα,
1002 1505 1096 1553 καὶ
1132 1499 1494 1569 προσκεῖσθαι
1519 1497 1596 1566 τῷ
1630 1495 1934 1564 γιγνομένῳ

343 1597 441 1665 τῆς
471 1595 778 1663 κατ’,αὑτὸν
805 1595 996 1656 ἁῡλίας
1023 1597 1133 1655 τοῖς
1168 1592 1518 1662 ἰσχνοτέροις.
1547 1589 1762 1658 Ἀμέλει
1790 1586 1932 1654 λόγῳ

345 1689 620 1756 πεφυκότι
658 1689 960 1757 αὐτόμολος
1001 1688 1242 1756 ὡσπερεὶ
1275 1686 1565 1754 ἀνατρέχει
1595 1682 1732 1752 πρὸς
1772 1699 1835 1749 γε
1871 1687 1931 1732 τὸ

345 1784 570 1835 πάντων
595 1781 923 1851 ὑπέρτερον,
952 1782 1047 1834 καὶ
1086 1782 1266 1847 πάσης
1291 1779 1480 1840 ἁῦλίας
1510 1776 1802 1843 ἀνώτερον.
1829 1777 1932 1843 Δῆ-

348 1877 442 1928 λον
478 1875 538 1928 δὲ
581 1874 665 1927 ὅτι
700 1873 760 1926 σὲ
803 1873 897 1925 καὶ
933 1873 1190 1942 μάλιστα,
1229 1871 1547 1942 Πνεῦματος
1591 1873 1744 1939 ἁγίου
1777 1875 1879 1940 ροπ

1854 1875 1988 1975 ῗῇᾟ

2026 668 2256 727 lebrare,
2293 682 2324 716 o
2358 664 2591 723 vivilice,
2644 671 2697 716 et
2750 662 2853 713 vita
2891 677 3080 714 eorum
3133 661 3377 714 omnium
3421 661 3511 728 qui
3545 671 3598 714 te

2025 759 2228 818 vident,
2269 756 2495 809 Domine
2527 757 2671 809 licus
2714 770 2907 819 mens;
2955 755 3047 808 sed
3091 754 3276 807 nescio
3322 754 3599 823 quomodo

2019 850 2149 918 quid
2181 849 2326 919 digni
2354 851 2567 917 loquar,
2591 857 2645 901 et
2677 849 2874 910 luereo,
2905 857 2958 900 et
2989 846 3283 900 secundum
3310 847 3595 900 veritatem

2024 941 2259 1008 indigeo.
2309 941 2353 992 Ο
2389 941 2662 1008 quomodo
2704 940 2920 1007 proprie
2951 951 3104 990 mens
3138 937 3235 991 tibi
3279 937 3455 999 adest,
3487 937 3596 993 Do-

2023 1037 2188 1096 mine,
2240 1033 2640 1101 sapientissime
2686 1034 2911 1086 Creator
2964 1041 3017 1087 et
3071 1043 3125 1085 te
3160 1031 3338 1085 solum
3400 1031 3595 1086 videns

2024 1140 2154 1193 pace
2189 1125 2389 1177 fruitur
2423 1135 2476 1178 et
2516 1125 2862 1178 convenienti
2909 1125 3128 1193 quiete!
3177 1122 3341 1193 Optat
3371 1123 3594 1191 quidem

2023 1219 2342 1270 naturaliter
2377 1233 2550 1278 mens,
2581 1219 2824 1272 externis
2854 1230 2904 1270 et
2931 1219 3320 1287 apparentibus
3341 1217 3593 1278 liberata.

2019 1318 2072 1361 et
2106 1309 2207 1361 sibi
2242 1310 2338 1375 ipsi
2371 1310 2713 1368 incumbens.
2752 1311 2993 1380 cogitare
3025 1321 3076 1363 et
3112 1310 3347 1362 naturali
3382 1309 3597 1376 perspi~

2020 1403 2221 1456 cuitate
2252 1417 2487 1470 superna
2521 1403 2804 1469 inquirere,
2822 1413 2875 1457 et
2922 1404 3201 1456 adhrerere
3231 1403 3298 1456 iis
3327 1418 3448 1472 qua:
3482 1416 3596 1455 suae

2022 1497 2287 1563 spirituali
2327 1497 2644 1550 substantia:
2686 1497 2919 1550 maxime
2956 1507 3287 1564 congruunt.

2085 1587 2328 1643 Naturali
2369 1605 2500 1642 sane
2536 1589 2746 1641 ratione
2782 1602 2974 1655 sponte
3005 1605 3232 1644 eurrens
3258 1593 3504 1644 ascendit
3527 1590 3595 1642 ad

2020 1684 2150 1736 illud
2180 1682 2325 1749 quod
2349 1691 2426 1737 est
2460 1697 2622 1748 super
2653 1683 2833 1735 omnia
2858 1691 2910 1736 et
2937 1683 3080 1735 omni
3104 1684 3323 1752 spiritui
3350 1693 3594 1752 praestat.

2018 1775 2362 1829 Manifestum
2417 1790 2544 1828 vero
2579 1780 2666 1832 est
2711 1777 2853 1843 quod
2894 1785 2964 1838 te,
2996 1775 3320 1844 praesertim,
3357 1774 3596 1844 Spiritus

2017 1870 2194 1923 Sancti
2234 1881 2407 1935 motu,
2451 1888 2545 1941 per
2575 1871 2761 1934 ﬁdem,
2804 1882 2860 1926 ut
2891 1872 3086 1933 decet,
3135 1871 3317 1940 adjuta
3353 1884 3507 1924 mens
3539 1877 3596 1924 et

2019 1962 2255 2013 maxima
2289 1963 2487 2016 virtute
2515 1972 2841 2028 sustentata,
2903 1963 2969 2016 iis
3001 1977 3121 2031 quae
3143 1962 3350 2016 circqu
3387 1970 3436 2015 te
3464 1969 3595 2014 sunt

2020 2052 2394 2119 spiritualibus
2422 2064 2675 2117 attracta,
2748 2063 3009 2124 tanquam
3065 2070 3093 2107 ιι
3137 2055 3464 2123 quibusdam
3501 2069 3594 2107 co-

2019 2146 2222 2212 gnatis,
2260 2156 2406 2214 optat
2450 2158 2501 2201 te
2528 2149 2676 2201 omni
2713 2149 2909 2203 animae
2940 2146 3123 2202 studio
3166 2148 3375 2201 videre.
3428 2147 3592 2200 Multa

2020 2237 2188 2305 igitur
2215 2240 2352 2292 mira
2383 2255 2447 2293 ac
2478 2241 2634 2293 beata
2670 2241 2895 2309 patitur;
2927 2243 3185 2307 quoniam
3217 2241 3362 2292 enim
3397 2248 3590 2292 natura

2020 2329 2121 2395 ipsi
2162 2340 2266 2386 est.
2298 2339 2357 2382 ut
2385 2330 2534 2397 prius
2554 2330 2686 2392 dixi,
2715 2329 3042 2396 Spiritnalis,
3069 2343 3258 2382 omnes
3285 2341 3588 2388 creaturas.

2020 2432 2275 2491 tanquam
2302 2423 2346 2477 si
2370 2424 2573 2476 celeres
2591 2424 2703 2477 alas
2725 2422 2971 2484 haberet,
2990 2431 3136 2475 motu
3157 2433 3398 2490 superat,
3424 2423 3587 2489 spiri-

2021 2515 2189 2566 tualia
2221 2522 2400 2582 potest
2455 2515 2732 2584 cogitare.
2792 2526 2850 2567 ut
2892 2531 3012 2582 quae
3061 2516 3305 2567 sentiunt
3335 2514 3589 2567 animalia

2019 2616 2248 2673 possunt
2280 2607 2638 2662 manducare.
2688 2607 2892 2661 Eodem
2946 2606 3104 2659 modo
3152 2608 3296 2660 enim
3349 2607 3590 2676 cogitare

2021 2697 2188 2748 menti
2216 2710 2275 2750 se
2305 2697 2488 2760 habet,
2539 2713 2600 2749 ac
2636 2698 2971 2751 manducare
3006 2698 3204 2750 brutis.
3274 2695 3348 2750 Ex
3382 2699 3592 2765 cogita-

2020 2786 2164 2839 tione
2193 2788 2336 2840 enim
2371 2803 2526 2841 mens
2553 2796 2605 2841 et
2656 2789 2785 2840 vivit
2841 2788 3058 2856 propria
3091 2789 3219 2851 vita,
3273 2797 3327 2841 et
3364 2789 3588 2846 crescit,

2018 2890 2070 2932 et
2101 2878 2298 2931 fruitur
2325 2880 2664 2947 lzetamrque,
2700 2890 2757 2933 ut
2801 2881 2858 2932 tit
2909 2881 3088 2934 brutis
3118 2881 3491 2936 animantibus
3523 2898 3590 2935 ex

341 2975 454 3040 γάρ
484 2971 578 3023 τοῦ
604 2974 766 3034 νοεῖν,
801 2971 894 3022 καὶ
925 2968 1024 3038 ζῇν
1054 2969 1292 3032 οἰκείως,
1324 2970 1418 3021 καὶ
1451 2968 1656 3044 αὒξεέν,
1686 2971 1777 3021 καὶ
1803 2971 1936 3022 ἀπο·
2020 2988 2026 3023 1

1903 2990 1936 3020 ι·
2020 2974 2458 3026 manducatione.
2501 2972 2649 3026 Talia
2699 2982 2879 3027 autem
2935 2977 3218 3044 experitur
3248 2991 3312 3028 ex
3349 2986 3588 3029 contem-

342 3048 551 3114 latiltvr
579 3061 675 3113 xui
708 3059 1005 3125 τέρπεσθαι
1033 3060 1282 3127 γίγνεται
1312 3059 1391 3127 τῷ
1437 3060 1534 3128 νῴ,
1573 3048 1666 3121 ὡς’
1687 3061 1934 3136 καὶςτοῖς
2020 3078 2027 3126 ι

1908 3076 1934 3120 ς
2020 3062 2282 3126 platione,
2333 3078 2524 3129 nempe
2568 3079 2632 3116 ex
2687 3079 2925 3132 superna
2963 3065 3328 3134 cogitatione,
3367 3066 3588 3134 quando

342 3153 686 3221 αἰσθητικοῖς
719 3151 879 3214 ζώοις
925 3152 987 3202 ἐκ
1021 3149 1116 3202 τοῦ
1161 3149 1362 3202 ἐσθίειν
1423 3151 1562 3205 ἐστί.
1597 3151 1833 3202 Τοιαῦτα
1875 3151 1932 3214 δέ
2000 3139 2027 3223 ἦ

1901 3151 1932 3214 κέ
2000 3139 2117 3223 ι’ίιιιδι
2172 3164 2318 3208 tuam
2362 3155 2707 3223 spiritualem
2761 3157 3094 3221 bonitatem,
3149 3157 3491 3211 ineliabilitcr
3520 3160 3586 3211 ad

341 3263 426 3296 τοι
467 3244 673 3312 πάσχει
709 3241 770 3306 ἐξ
799 3242 907 3311 ἄρα
937 3241 1108 3312 δήπου
1133 3241 1226 3293 τοῦ
1250 3242 1404 3311 δρᾷν,
1440 3242 1639 3311 δηλαδὴ
1671 3241 1765 3293 τοῦ
1795 3246 1983 3314 νοείνο
2019 3261 2026 3301 ι

1907 3259 1983 3314 vc
2019 3261 2070 3314 te
2087 3230 2423 3311 ascenderit,
2451 3265 2574 3304 cum
2628 3252 2975 3305 inenarrabili
3006 3251 3293 3308 dulcedine
3325 3263 3414 3308 tua
3438 3266 3586 3308 motu

343 3331 805 3402 ὑπερϐαλλόντως
865 3333 960 3383 καὶ
1017 3331 1273 3399 μάλιστα,
1330 3334 1565 3402 ὁπηνίκα
1615 3332 1794 3403 φθάσῃ
1845 3332 1934 3382 διὰ
2023 3356 2028 3389 ε

1902 3332 1934 3382 ὰ
2023 3354 2120 3390 suo
2171 3339 2431 3392 immista.
2475 3339 2628 3403 Quod
2669 3341 2811 3394 enim
2870 3343 3015 3393 circa
3054 3343 3258 3411 aliquid
3312 3348 3587 3412 proprium

342 3423 732 3493 πνευματικῆς
757 3440 851 3474 σου
879 3424 1271 3492 χρηστότητος,
1303 3424 1599 3492 ἀφράστως
1630 3425 1686 3474 ἐν
1722 3424 1801 3474 σοὶ
1841 3439 1933 3488 γε-
2020 3449 2027 3482 ι

1902 3451 1933 3468 ι·
2020 3441 2225 3484 motum
2259 3431 2422 3484 habet
2448 3470 2461 3491 .
2492 3431 2619 3498 quid
2653 3433 2760 3498 pali
2791 3432 3004 3492 debeat,
3034 3434 3124 3486 tali
3146 3434 3438 3490 dulcedine
3462 3452 3587 3504 cap-

342 3515 586 3581 γονότος,
617 3515 676 3564 ὲν
708 3514 773 3581 τῇ
815 3511 991 3574 θέλξει
1015 3511 1116 3579 τῆς
1161 3512 1367 3578 άφάτου
1396 3512 1552 3580 δόξης
1588 3531 1679 3566 σου
1729 3529 1932 3581 συμμι-
2018 3535 2027 3575 ι

1902 3542 1932 3562 ι·
2018 3535 2130 3575 ιιιιιι
2155 3534 2357 3591 quanta
2386 3540 2446 3577 es
2483 3533 2562 3586 tu,
2609 3525 2770 3590 idque
2802 3539 2865 3577 ex
2896 3533 2988 3578 tua
3013 3526 3356 3582 Providentia
3384 3531 3447 3583 ad
3478 3532 3587 3585 tale

339 3609 504 3674 γεῖσα
529 3606 562 3674 ἡ
613 3603 799 3672 ἔφεσις
853 3601 1043 3656 αὑτοῦ.
1082 3603 1155 3653 Τὸ
1190 3606 1298 3673 γὰρ
1329 3604 1456 3674 περί
1495 3622 1547 3656 τι
1590 3606 1774 3673 ἔφεσιν
1811 3604 1934 3673 ἕχον
2019 3634 2024 3646 ε

1900 3625 1934 3657 ιν
2019 3618 2124 3667 voti
2153 3616 2425 3680 obiectum
2467 3615 2713 3678 tendens,
2740 3616 2898 3683 quale
2927 3631 2987 3670 es
3020 3618 3121 3671 tu?
3157 3618 3237 3672 Τιι
3269 3623 3438 3685 enim,
3470 3620 3585 3676 Rex

345 3696 527 3764 ἰδικὴν
557 3694 611 3746 τί
657 3695 777 3745 ποτ’
803 3693 870 3745 ἂν
905 3694 1000 3744 καὶ
1036 3692 1200 3744 πάθοι
1237 3694 1377 3746 κατὰ
1409 3695 1470 3745 τὸ
1501 3695 1670 3757 εἰκὸς,
1707 3711 1933 3764 περιτυ-
2017 3725 2030 3759 ε

1896 3715 1933 3743 ν-
2017 3708 2456 3775 sapientissime.
2516 3709 2916 3775 potentissime,
2972 3712 3174 3779 optime
3211 3712 3458 3773 Domine.
3491 3718 3581 3782 qui

337 3792 435 3858 γον
486 3783 727 3853 ἑλκτικῷ
761 3801 858 3853 τῳ,
896 3784 989 3834 καὶ
1036 3781 1272 3852 μάλιστά
1302 3799 1364 3849 γε
1401 3784 1648 3854 τοιούτῳ,
1682 3781 1792 3847 οἷός
1827 3803 1934 3855 περ
2017 3815 2022 3849 ι

1905 3805 1934 3855 ρ
2017 3809 2248 3851 mentem
2309 3800 2558 3868 cogitans
2591 3800 2791 3853 animal
2837 3803 3075 3865 creasti,
3111 3818 3229 3856 eam
3264 3806 3424 3857 talem
3455 3820 3584 3858 eon-

339 3881 433 3935 σὺ.
467 3879 564 3929 καὶ¹
593 3875 749 3927 ταῦτ’
780 3876 845 3926 ὲκ
881 3875 1144 3943 προνοίας
1166 3873 1264 3940 τῆς
1297 3873 1417 3940 σῆς,
1445 3875 1579 3943 πρὸς
1615 3875 1801 3943 ἡλίκον
1821 3869 1935 3928 οἷον
2014 3907 2024 3934 .

1900 3895 1935 3926 υ
2014 3887 2222 3950 didisti,
2257 3898 2317 3943 ut
2359 3891 2467 3943 tuis
2497 3892 2821 3946 naturaliter
2857 3893 3027 3946 lretari
3053 3895 3226 3961 possit
3253 3904 3306 3947 et
3339 3895 3585 3949 ineli‘abi-

339 3968 424 4031 σὲ,
454 3965 684 4034 ἐφετόνς
716 3966 788 4017 Σὺ
831 3964 960 4035 γὰρ,
989 3961 1218 4015 Βασιλεῦ
1243 3963 1512 4031 πάνσοφε,
1535 3965 1929 4034 παντοδύναμε,
2016 3983 2024 4033 ι

1896 3983 1929 4027 εν
2016 3983 2136 4035 liter
2186 3983 2232 4033 in
2281 3992 2386 4036 tua:
2424 3983 2643 4038 deitatis
2678 3988 3075 4054 possessionem
3131 3989 3333 4041 intrare
3385 3990 3581 4058 possit,

338 4057 663 4129 -ὶπεράγαθε
692 4056 884 4128 Κύριε,
907 4053 1098 4117 κτίσας
1127 4055 1267 4118 ζῶον
1297 4055 1388 4108 τὸν
1410 4056 1533 4107 νοῦν
1559 4058 1768 4125 νοητὸν,
1792 4060 1933 4109 τοῖον
2014 4094 2023 4124 ε

1896 4075 1933 4108 ’ν
2014 4091 2135 4127 cum
2180 4076 2385 4129 amoris
2447 4087 2708 4145 stupore,
2742 4089 2797 4130 et
2833 4080 3088 4132 ardenter
3121 4080 3175 4132 in
3219 4087 3270 4134 te
3311 4081 3581 4149 disposita

337 4151 586 4221 τεύχεις,
614 4143 729 4201 οἷον
756 4149 870 4210 τοῖς
897 4149 1010 4208 σοῖς
1034 4163 1097 4213 γε
1131 4147 1670 4216 ὑπερευφραίνεσθαι
1697 4150 1934 4216 πεφυκό·
2016 4186 2022 4218 ε

1895 4150 1934 4200 ⁵⁴
2016 4168 2083 4220 sit
2121 4182 2183 4219 ex
2219 4168 2308 4220 illa
2347 4178 2601 4235 tanquam
2637 4169 2836 4222 furenti
2873 4170 3259 4224 admiratione.
3307 4171 3370 4224 Et
3421 4186 3580 4226 mens

340 4262 478 4307 τως,
512 4242 609 4294 καὶ
637 4242 898 4311 ἀρρήτως
930 4241 987 4291 ἐν
1013 4244 1220 4308 κατοχῇ
1251 4239 1346 4290 τοῦ
1378 4239 1524 4290 θείου
1558 4257 1650 4291 σου
1682 4241 1931 4307 γενέσθαι
2015 4277 2025 4310 ε

1899 4262 1931 4294 ιι
2015 4261 2231 4327 quidem
2272 4277 2395 4314 cum
2453 4265 2524 4314 ita
2565 4260 2780 4315 Pulchri
2835 4277 3028 4318 amans
3067 4275 3244 4319 creata
3278 4267 3389 4330 sit,
3423 4266 3584 4320 habet

341 4337 463 4404 μετ’
496 4332 816 4401 ἐκπλήξεως
851 4332 1076 4395 ἔρωτος,
1112 4333 1205 4384 καὶ
1245 4325 1354 4382 οἷόν
1386 4348 1501 4393 πως
1535 4335 1776 4400 μανικώς
1814 4335 1928 4386 δια-
2015 4371 2026 4407 ε

1894 4367 1928 4384 ι’
2015 4370 2231 4422 quoque
2280 4354 2335 4408 in
2383 4370 2439 4407 se
2497 4355 2956 4422 pulchritudinem
3010 4367 3204 4411 natura
3241 4374 3361 4423 sua,
3412 4371 3466 4414 et
3513 4376 3579 4414 ex

343 4426 562 4476 κεῖσθαί
626 4441 710 4475 σοι
752 4422 814 4485 ἐξ
859 4421 1159 4490 ἐφαμίλλου
1204 4421 1466 4491 βακχικοῦ
1520 4423 1932 4489 ἐνθουσιασμοῦ.
2016 4456 2028 4508 1

1894 4425 1932 4477 δ·
2016 4421 2356 4510 providentia
2409 4421 2614 4509 optima
2649 4457 2862 4511 semper
2890 4447 3165 4512 cogitandi
3195 4421 3469 4504 desiderio
3501 4460 3579 4506 te-

337 4519 451 4570 Καὶ
476 4519 505 4566 ὁ
533 4516 632 4584 μὲν
657 4514 806 4577 νοῦς,
832 4513 1005 4576 οὕτως
1031 4515 1137 4582 ἄρα
1165 4514 1451 4578 φιλόκαλος
1484 4515 1666 4582 ἄκρως
1699 4516 1931 4582 κτισθελς
2018 4549 2022 4583 ι

1901 4535 1931 4582 ις
2018 4544 2193 4595 netur,
2221 4543 2275 4587 et
2308 4548 2518 4600 semper
2544 4535 2734 4588 altiora
2769 4549 2819 4590 et
2859 4552 2979 4605 qua:
3009 4547 3135 4592 sunt
3161 4550 3287 4596 ante
3320 4558 3379 4598 se
3404 4544 3586 4612 inqui—

338 4611 479 4676 ἔχει,
512 4609 608 4660 καὶ
644 4607 706 4658 τὸ
737 4607 1030 4674 φιλόκαλος
1065 4601 1208 4657 εἶναι
1249 4607 1446 4674 κομιδῇ
1491 4607 1632 4658 κατὰ
1678 4609 1736 4658 τὸ
1764 4625 1984 4698 asqau-C

1899 4633 1984 4698 ’Ὃ
2023 4629 2091 4679 rit
2155 4628 2331 4696 iisque
2391 4628 2625 4693 lzetatur,
2665 4639 2722 4681 ut
2777 4632 3043 4700 contingit
3089 4633 3156 4688 iis
3191 4636 3281 4703 qui
3334 4638 3584 4691 meliores

339 4703 458 4761 κὸς,
497 4701 563 4750 ἐκ
614 4699 873 4766 προνοίας
903 4698 969 4749 τὰ
1005 4697 1206 4768 ἄριστα
1257 4700 1536 4766 ἑπομένως
1569 4702 1708 4752 νοεῖν
1749 4697 1962 4770 ἔφεσιν
2017 4722 2024 4771 1

1909 4697 1962 4752 Vi
2017 4718 2171 4771 fiunt.
2203 4719 2391 4784 Qualis
2417 4731 2596 4772 autem
2631 4730 2684 4773 tu
2713 4723 2785 4774 illi
2806 4697 3057 4792 appares,
3094 4736 3148 4779 et
3170 4697 3432 4794 quantum
3460 4744 3583 4783 eam

335 4791 478 4858 ἔχει,
516 4789 612 4840 καὶ
645 4789 735 4842 ἀεὶ
764 4788 874 4839 τῶν
907 4788 1262 4858 ὑψηλοτέρων
1305 4791 1400 4840 καὶ
1432 4790 1620 4859 πρόσω
1648 4792 1935 4858 ἐπιθυμεῖν
2015 4826 2020 4858 ;

1896 4795 1935 4845 59
2015 4807 2214 4876 arripis
2242 4824 2406 4877 quam
2441 4812 2841 4878 sapientissime
2869 4854 2882 4875 ,
2939 4825 3042 4868 tua:
3101 4818 3581 4885 centemplationis

335 4885 435 4933 καὶ
480 4879 805 4949 προχαίρειν
856 4881 920 4929 ἐκ
952 4879 1045 4930 τοῦ
1087 4881 1412 4949 γιγνομένου
1451 4885 1563 4944 τοῖς
1608 4884 1931 4950 κρείττοσιν.
2015 4919 2020 4952 ε

1900 4904 1931 4934 '-
2015 4917 2200 4954 amore
2237 4903 2483 4955 alleetam
2513 4917 2564 4957 et
2598 4907 2663 4957 ab
2710 4907 2979 4960 universis
3003 4947 3018 4968 .
3051 4917 3278 4976 excepto
3321 4919 3396 4975 te,
3426 4927 3585 4980 sepa-

335 4971 468 5034 υεος
506 4973 563 5024 δὲ
594 4975 658 5025 σὺ
699 4971 876 5041 τούτῳ
909 4971 1095 5044 φαίνῃ,
1129 4974 1221 5024 καὶ
1255 4975 1403 5036 ὅπως
1435 4976 1804 5042 συναρπάζεις
1837 4978 1932 5026 αὑ·
2017 5014 2020 5026 η

1900 4996 1932 5020 ’·
2017 5007 2217 5058 ratam,
2279 4996 2406 5049 totis
2433 5015 2555 5048 eum
2596 5001 2788 5052 anima:
2831 5003 3106 5066 potentiis.
3164 5001 3346 5070 Neque
3400 5006 3585 5058 varius

331 5069 447 5128 τὸν,
474 5065 652 5131 σοφῶς
685 5066 742 5127 ἐς
769 5065 836 5116 τὰ
865 5066 1122 5132 μάλιστα,
1152 5064 1226 5133 τῷ
1255 5067 1420 5134 ἔρωτι
1451 5070 1548 5136 τῆς
1581 5069 1678 5136 σῆς
1702 5068 1931 5136 θεωρίας

1898 5087 1931 5129 ις
2017 5087 2238 5148 videi-is,
2277 5087 2633 5148 dliiCi.>bill|B.
2695 5105 2868 5158 neque
2915 5092 3370 5158 comprehensus,
3405 5108 3583 5163 neque

2019 5179 2506 5246 inconiprebensus
2533 5220 2546 5240 ,
2605 5197 2781 5248 neque
2823 5183 3104 5246 terribilis,
3141 5199 3316 5251 neque
3340 5187 3528 5239 suavis
3563 5225 3580 5247 .

2018 5272 2108 5325 sed
2164 5288 2307 5325 nunc
2360 5276 2576 5342 quidem
2615 5275 2707 5333 id,
2763 5291 2908 5329 nunc
2956 5286 3136 5329 autem
3176 5278 3344 5341 illud;
3390 5288 3449 5330 nt
3504 5282 3582 5330 Sit:

2019 5379 2192 5427 mens,
2224 5364 2365 5416 unde
2401 5379 2650 5418 movetur
2698 5382 2760 5418 ac
2815 5370 3171 5430 convertitur,
3229 5382 3461 5436 nequeat
3515 5372 3583 5423 ad

2020 5473 2184 5508 unum
2216 5472 2403 5508 eorum
2427 5473 2544 5522 qua!
2576 5469 2701 5510 sunt
2726 5467 2876 5510 cura
2911 5467 2984 5520 te,
3015 5469 3233 5524 propter
3266 5460 3585 5513 varietatem

2019 5559 2112 5599 atit
2147 5550 2574 5614 simplicitatem,
2622 5562 2838 5616 pi0pter
2871 5558 3132 5602 terrorem
3197 5559 3289 5601 aut
3343 5550 3586 5602 dulcedi-

2018 5652 2164 5689 nem.
2199 5637 2262 5688 Ει
2290 5638 2512 5689 omnino
2561 5655 2681 5689 cum
2715 5640 2793 5691 sis
2823 5637 3000 5691 Unum
3035 5639 3241 5691 Bonum
3297 5648 3351 5690 et
3402 5637 3581 5691 Unum

2026 5730 2314 5785 Pulchrum
2375 5732 2860 5802 comprehensive,
2917 5741 2969 5785 et
3019 5732 3263 5784 omnium
3320 5731 3582 5784 bonorum

346 1969 440 2022 διὰ
464 1969 707 2028 πίστεως
751 1964 892 2018 κατὰ
927 1965 989 2017 τὸ
1039 1966 1188 2027 εἰκὸς
1225 1963 1605 2034 βοηθούμενος,
1643 1963 1734 2014 καὶ
1766 1963 1937 2033 ταύτῃ

346 2061 484 2128 δῆτα
518 2059 958 2127 ἀνατεινόμενος,
994 2057 1027 2128 ἢ
1079 2056 1282 2125 μᾶλλον
1326 2054 1664 2124 γιγνομένως
1788 2052 1934 2115 νοῦς,

350 2152 456 2203 ὑπὸ
500 2151 614 2206 τῶν
665 2152 793 2218 περὶ.
847 2149 904 2204 σὲ
951 2148 1180 2216 νοητῶν,
1213 2148 1286 2210 ὡς
1330 2149 1394 2200 ἄν
1444 2165 1604 2200 τινων
1655 2146 1939 2213 συγγενῶν

343 2243 737 2310 ἀνελκόμενος,
774 2242 932 2292 ποθεῖ
959 2258 1016 2291 σε
1050 2240 1144 2293 καὶ
1170 2247 1312 2294 πάνυ
1343 2238 1474 2290 ἰδεῖν
1495 2241 1593 2292 σὺν
1620 2242 1782 2292 παντὶ
1807 2257 1936 2308 προ-

345 2335 506 2400 θύμῳ
534 2333 612 2401 τῷ
643 2335 741 2401 τῆς
778 2333 978 2399 ψυχῆς.
1031 2326 1132 2386 Οἷα
1178 2331 1234 2382 δὲ
1270 2331 1469 2398 πάσχει
1514 2331 1812 2398 θαυμάσια,
1845 2333 1936 2383 καὶ

349 2426 599 2494 μακάρια
650 2426 1009 2493 πεφυκότως·
1056 2425 1177 2474 ἐπεὶ
1239 2425 1333 2476 καὶ
1381 2423 1491 2488 γὰρ
1542 2423 1699 2489 φύσις
1764 2422 1933 2490 αὐτῷ,

343 2515 494 2592 ᾗπερ
527 2521 698 2586 ἔφην,
735 2517 897 2586 νοερὰ
937 2515 1094 2579 οὖσα,
1118 2515 1336 2567 πάντων
1362 2516 1695 2583 κτισμάτων,
1735 2516 1937 2583 μᾶλλον

344 2610 409 2677 δὴ
442 2609 647 2679 πτηνὴ,
687 2611 782 2660 καὶ
826 2610 1041 2676 ταχεῖα,
1085 2606 1269 2672 ἔφεσιν
1294 2606 1350 2657 δὲ
1400 2607 1782 2673 προαηκόντως
1825 2607 1937 2674 ἔχει

343 2699 412 2750 τὰ
438 2698 626 2765 νοητὰ.
660 2697 833 2748 δεῖται
867 2697 1031 2758 νοεῖν,
1071 2695 1145 2752 ὡς
1194 2693 1397 2746 ἐσθίειν
1431 2694 1544 2756 ζῶα
1585 2696 1651 2745 τὰ
1705 2695 1937 2762 αἰσθητὰ

347 2791 458 2862 lia“.
487 2788 833 2857 αἰσθητικαί,
857 2787 1010 2838 τουτὶ
1035 2788 1141 2856 γὰρ
1164 2788 1363 2856 τρόπον
1388 2784 1685 2854 ἐφάμιλλον
1710 2787 1770 2838 τὸ
1795 2789 1937 2839 νοεῖν

343 2883 424 2950 τῷ
465 2880 569 2941 νοῒ,
605 2881 743 2949 ὅπερ
774 2879 851 2948 τῷ
878 2877 1079 2930 ἐσθίειν
1109 2878 1270 2941 ζώοις
1300 2880 1413 2938 τοῖς
1445 2877 1802 2974 αἰσθητςικοίς.
1842 2879 1935 2930 Ἐκ

333 5157 835 5227 καταθελγόμενον,
874 5159 967 5209 καὶ
1013 5159 1347 5228 ξυμπάντων
1401 5160 1762 5227 ἁπαξαπλῶς,
1795 5163 1932 5229 πλὴν

335 5252 502 5318 μόνου
524 5247 620 5300 σοῦ
638 5247 993 5318 ἐξιστάμενον
1013 5251 1152 5317 μετὰ
1170 5251 1261 5301 τοῦ
1280 5251 1373 5319 τῆς
1393 5252 1568 5320 ψυχῆς
1583 5251 1928 5320 διακειμένου

333 5343 536 5402 παντὸς
594 5340 730 5392 Οὔτε
765 5338 874 5410 [ἵσ.
908 5342 1102 5394 ,λείπει
1152 5340 1282 5411 γὰρ]
1335 5342 1576 5405 ποικίλος
1615 5345 1774 5411 μόνον
1803 5347 1931 5413 ὁρᾶ-

344 5451 462 5496 σαι,
489 5433 700 5498 ἥδιστε,
719 5431 842 5483 οὔτε
870 5432 1226 5501 περιληπτὺς,
1255 5433 1366 5485 οὔτ’
1393 5435 1788 5504 ἀπερίληπτος,
1808 5436 1930 5489 οὔτε

331 5526 593 5593 φοϐερὸς,
644 5522 768 5575 οὔτε
809 5524 1095 5592 μειλίχιος,
1156 5524 1294 5578 ἀλλὰ
1341 5525 1433 5576 νῦν
1486 5529 1583 5594 μὲν
1622 5527 1799 5589 τοῦτο,
1837 5527 1929 5579 νῦν

329 5619 375 5668 6'
409 5617 620 5666 ἐκεῖνο·
671 5614 736 5664 ἶν’
790 5615 934 5666 οὕτω
969 5617 1184 5677 πάντως
1216 5616 1488 5679 ἐντεῦθεν,
1521 5618 1784 5688 ἐκεῖθενὴ
1828 5620 1918 5671 τοῦ

335 5702 455 5761 νοὸς
487 5701 726 5769 κίνησις,
780 5706 876 5753 καὶ
905 5702 968 5770 δὴ
1009 5703 1103 5755 καὶ
1154 5703 1350 5774 τροπὴ,
1385 5705 1549 5774 μηδὲν
1600 5707 1713 5776 ἔχει
1753 5708 1926 5762 κλῖναι

332 5795 470 5862 πρὸς
514 5794 573 5844 ἓν
609 5810 662 5845 τι
715 5794 822 5845 τῶν
872 5795 976 5859 ἔξω
1033 5811 1126 5846 σου
1170 5796 1258 5847 διά
1320 5798 1590 5849 ποικιλίαν
1642 5799 1839 5866 δῆθεν,
1892 5801 1922 5869 ἦ

325 5886 400 5937 δι’
442 5885 756 5954 ἁπλότητα,
804 5884 870 5936 δι’
927 5887 1302 5956 ἀκαταληψίας
1353 5891 1570 5955 ἔφεσιν,
1611 5892 1641 5960 ἢ
1692 5893 1924 5963 καταλήτ

693 6001 961 6061 ιἈτιιοῐ..
1003 6002 1118 6061 Gtt.
1148 6003 1426 6068 CXLVII.

2027 5824 2263 5876 elliciens
2325 5838 2487 5876 causa
2533 5823 2646 5890 ipse
2698 5823 2935 5889 optimus
2990 5832 3041 5875 et
3076 5822 3500 5889 pulcherrimus,
3531 5819 3586 5874 in

2029 5917 2173 5971 nullo
2205 5916 2311 5968 alio
2353 5917 2479 5968 beet
2527 5926 2758 5968 mentem
2810 5917 3171 5982 contemplari
3219 5922 3273 5964 et
3310 5913 3587 5968 immorari

3152 6005 3223 6065 30
