4266 6450
740 407 844 469 939

1846 409 1933 468 CA
1948 409 2195 469 LLISTI
2243 410 2531 469 CATAPH
2547 409 2644 469 UG
2660 411 2848 468 ΧΟΤᾹΞ

3873 414 3978 483 9Αο

742 533 796 576 οι
827 522 972 577 varie
1012 536 1072 576 ac
1105 521 1474 590 multipliciter
1517 523 1708 589 laetari,
1738 525 1840 578 nisi
1885 527 1936 578 iu
1971 537 2058 590 te;
2093 539 2146 576 tu
2171 527 2312 580 enim
2349 531 2427 601 Λψ

2290 543 2312 577 ιι
2349 531 2564 601 Λψεως.
2594 529 2676 579 διὰ
2706 529 3064 598 φοϐερότητα,
3098 528 3130 594 ἦ
3165 527 3561 594 μειλιχιόττβσί
3600 528 3690 576 καὶ
3723 525 3975 587 ξυνόλως,

741 615 922 667 omnia
956 615 1247 667 eauSaIiter
1282 616 1334 668 in
1366 625 1416 667 te
1439 616 1638 680 babes,
1667 626 1718 668 et
1752 631 1912 685 super
1943 619 2124 670 omnia
2158 618 2308 670 inve-

747 710 901 764 niris.
939 721 994 762 ιιι
1023 708 1650 776 pulcherrimusinfinite
1673 710 1913 760 omnium
1949 725 2126 761 rerum
2161 726 2311 762 crea-

745 811 850 854 tor.
882 800 1057 865 Unde,
1093 816 1214 852 cum
1250 817 1385 852 unus
1416 804 1491 853 sis
1518 839 1532 859 .
1583 800 1741 862 lienis,
1796 801 2123 861 substantia,
2160 803 2310 852 varie.

744 894 998 962 potentiis
1051 893 1157 944 tuis
1191 893 1388 945 videris
1413 931 1426 952 ,
1459 893 1527 943 ob
1571 908 1756 946 carum
1795 893 2199 944 nmltitudiuem
2257 906 2304 943 et

741 1001 959 1038 rursum
1027 996 1247 1053 propter
1294 1000 1480 1036 earum
1551 986 2013 1052 magnitudinem,
2067 995 2120 1038 et
2164 986 2306 1052 quod

743 1079 1032 1129 miratione.
1058 1093 1119 1128 ac
1151 1087 1370 1140 stupore
1408 1077 1628 1140 dignius
1657 1087 1756 1136 est.
1815 1077 1878 1127 iis
1935 1076 2069 1144 ipsis
2109 1077 2308 1142 quibus

740 1171 1122 1237 eomprenendi
1180 1180 1333 1238 poles
1357 1207 1372 1229 .
1409 1186 1626 1222 rursum
1684 1171 2082 1236 quodammodo
2106 1171 2311 1224 consti-

742 1264 934 1318 tueris.
1023 1263 1339 1315 Substantia
1370 1264 1514 1315 enim
1547 1266 1769 1316 omnino
1809 1279 1867 1315 es
1898 1263 2308 1316 incircumscri-

741 1367 884 1418 ptus,
920 1364 971 1406 et
997 1353 1296 1405 secundum
1349 1354 1602 1404 Virtutem
1631 1396 1644 1417 ,
1695 1363 1746 1404 et
1785 1362 2040 1419 pra'tert-a
2072 1353 2308 1417 potentia

743 1462 831 1500 tua
863 1463 968 1498 non
1002 1446 1501 1506 circumscribitur;
1539 1461 1851 1498 mensuram
1882 1446 2024 1496 enim
2055 1447 2308 1508 poteuti:e

741 1553 843 1592 tua:
869 1541 990 1606 quis
1023 1540 1268 1590 invenit?
1298 1539 1626 1605 Sapientiam
1659 1549 1835 1589 autem
1875 1549 2019 1590 tuam
2051 1539 2173 1605 quis
2207 1553 2304 1590 co.

740 1633 1000 1700 gnoscit?
1035 1631 1095 1682 Et
1134 1630 1397 1684 Bonitatis
1433 1640 1538 1682 tun
1591 1645 1853 1682 oceanum
1884 1631 2004 1696 quis
2035 1639 2308 1682 scrutatus

741 1725 870 1778 est?
919 1726 994 1777 At:
1028 1725 1254 1776 omnino
1297 1725 1418 1792 quis
1477 1734 1694 1776 tuormu
1747 1723 1952 1792 aliquid
1993 1724 2311 1776 intellexit?

743 1819 834 1867 sed
892 1826 1068 1867 tanien
1120 1816 1420 1868 secundum
1476 1817 1661 1867 eadem
1701 1817 2096 1874 quodammodo
2141 1817 2310 1866 altero

2400 624 2457 674 εν
2481 624 2706 688 ἀγαθὸν,
2733 626 2823 676 καί
2850 622 3031 681 καλὸν,
3058 617 3469 686 περιλ.ητιτικῶς
3496 615 3570 668 ὢν
3599 615 3977 686 ιόρθότ.ὖ,τος

2402 713 2543 782 sou].
2579 713 2673 764 καὶ
2709 712 2922 764 πάντων
2951 708 3172 770 ἀγαθῶν
3220 707 3312 756 καὶ
3346 705 3524 756 καλῶν
3565 705 3852 774 ποιητικῆς
3886 706 3980 771 ἁρ-

2399 805 2494 871 χῆς
2549 801 2890 870 ύηεράγαθος
2944 800 3037 851 καὶ
3080 798 3422 868 ὑπέρκαλοςξ,
3460 799 3516 848 ἐν
3547 798 3718 848 οὐδενὶ
3751 797 3826 866 τῷ
3860 798 3977 848 ἑτέ-

2405 913 2480 962 ρῳ
2511 893 2686 958 ἔξεστι
2720 908 2935 952 παντως
2962 895 3050 941 τὴν
3085 889 3208 940 νοῦν
3247 889 3474 957 θεωρεῖν
3516 888 3608 939 καὶ
3643 891 3980 956 παραμένειν

2400 987 2493 1035 καὶ
2529 983 2760 1034 ποικίλω
2798 1023 2814 1045 ,
2849 989 2943 1031 καὶ
2993 979 3275 1048 πολλαχῶς
3330 979 3653 1046 τέρπεσθαι.
3683 980 3757 1027 ἔτι
3926 979 3980 1026 ἐν

2399 1076 2481 1126 σοί
2502 1091 2515 1104 ’
2556 1075 2617 1125 οῦ
2649 1075 2755 1141 γὰρ
2780 1076 2845 1124 τὰ
2875 1074 3046 1125 πάντα
3079 1072 3458 1138 αἱτιολογικῶς
3491 1073 3632 1139 ἑλεις
3663 1074 3717 1122 ἐν
3745 1069 3978 1137 σεαυτῷ,

2400 1170 2494 1220 καὶ
2557 1168 2694 1236 ὑπὲρ
2743 1169 2918 1219 πάντα
2960 1167 3224 1236 εὑρίσκῃ,
3272 1166 3365 1217 ᾰτε
3427 1163 3756 1232 δημιουργὸς
3811 1164 3980 1229 ῦπὲρο

2398 1263 2559 1322 καλος
2595 1261 2887 1329 ἀπειράκις
2938 1259 3201 1327 ἀπείρως.
3247 1256 3527 1308 Ἐντεῦθεν
3586 1251 3663 1317 εἷς
3724 1256 3822 1315 ὢν,
3857 1255 3979 1317 Θεὲ,

2403 1353 2504 1421 τὴν
2555 1352 2777 1412 οὐσίαν,
2837 1349 3096 1410 ποικίλως
3148 1349 3438 1417 θεωρεῖσαι
3487 1350 3603 1408 ταῖς
3655 1348 3981 1414 ἐνεργείαις,

2403 1444 2491 1496 διὰ
2523 1443 2724 1513 πλῆθος
2760 1441 2961 1505 αὐτῶν,
2999 1443 3092 1491 καὶ
3123 1439 3276 1499 αὖθις
3317 1439 3402 1490 διὰ
3433 1439 3495 1489 τὸ
3531 1438 3760 1506 μέγεθος
3802 1438 3984 1489 αὐτῶν

2405 1532 2593 1596 πολὺς,
2634 1533 2728 1584 καὶ
2762 1533 2822 1585 τὸ
2874 1531 3340 1600 θαυμαστὼτατον
3371 1531 3480 1600 γὰρ
3521 1530 3614 1582 καὶ
3651 1530 3983 1597 ἔκπληκτον,

2404 1626 2485 1677 ὃτι
2535 1642 2662 1694 περ,
2713 1623 2808 1675 καὶ
2861 1615 2940 1684 οἷς
2973 1624 3101 1693 γίνῃ
3144 1623 3416 1690 δήπουθεν
3460 1623 3683 1690 ληπτὸς,
3732 1621 3983 1672 ἐντεῦθεν

2404 1715 2560 1780 αὖθις
2586 1717 2770 1781 τοὸπῳ
2795 1716 2857 1783 γέ
2892 1733 2970 1785 τῳ
3012 1715 3359 1768 καθίστασαι.
3406 1715 3463 1766 'U
3495 1716 3602 1782 γὰρ
3640 1715 3758 1764 κατ’
3788 1715 3978 1765 οὐσίαν

2407 1806 2472 1856 σὺ
2511 1806 2886 1873 ἀπερίληπτος
2920 1807 3121 1874 πάντη,
3147 1808 3241 1859 καὶ
3269 1807 3408 1859 κατά
3438 1808 3535 1875 τὴν
3560 1808 3862 1875 ἐνέργειαν,
3885 1810 3981 1860 καὶ

743 1909 1253 1975 comprehensibilis
1286 1925 1363 1960 es.
1396 1907 1543 1960 Mens
1562 1925 1694 1962 sane
1715 1925 1832 1973 qua:
1859 1911 1927 1960 ab
1960 1909 2024 1962 iis
2053 1909 2310 1976 spiritna-
2343 1890 2382 1944 Β
2406 1915 2428 1946 τ

2290 1939 2310 1950 -
2343 1890 2382 1944 Β
2406 1898 2539 1966 πρὸς
2581 1897 2758 1966 τούτῳ
2801 1899 2900 1968 τὴν
2934 1898 3162 1968 δύναμιν
3195 1901 3256 1952 ού
3312 1899 3782 1968 περιλαμϐάνεσαι
3833 1902 3975 1966 ἁμη-

745 2001 888 2053 lilrus
924 2016 1040 2061 qua?
1077 1999 1426 2052 sensibilibus
1459 2003 1644 2052 illStllll
1693 2001 2045 2068 contemplari
2078 2001 2265 2067 incipit
2294 2042 2308 2064 ,

741 2109 804 2143 ex
839 2095 1226 2159 consequentia
1272 2094 1516 2144 ascendit
1544 2093 1608 2144 ad
1653 2092 1780 2144 illttd
1819 2092 1962 2160 quotl
1997 2092 2201 2144 ciremu
2236 2102 2306 2152 te,

744 2183 1013 2248 Salvator,
1049 2201 1212 2236 unum
1260 2194 1342 2236 est
1376 2195 1427 2237 ct
1469 2185 2012 2253 incompreltcnsihile
2037 2226 2052 2249 ,
2097 2199 2160 2236 ac
2186 2183 2305 2236 dul-

743 2277 930 2331 cedine
959 2277 1446 2344 comprehensibile
1484 2289 1538 2330 ct
1577 2278 1872 2344 voluptate,
1905 2287 1955 2329 et
2001 2279 2147 2346 quod
2190 2279 2309 2345 pul-

743 2371 857 2423 chri
894 2371 1117 2422 amatrix
1169 2369 1272 2430 sit.
1328 2370 1475 2422 omni
1529 2385 1659 2422 cura
1725 2370 1986 2432 festinat,
2043 2383 2306 2438 quantum

742 2462 889 2522 licet,
917 2463 1054 2514 ultra
1090 2464 1401 2529 procedere.
1452 2462 1583 2515 Cum
1615 2473 1790 2514 autem
1823 2472 2054 2530 nequeat
2094 2462 2306 2530 longius

746 2555 1038 2622 inquirere,
1067 2565 1342 2622 reputans,
1377 2565 1433 2606 ut
1468 2563 1702 2620 oportet,
1751 2555 1800 2607 id
1833 2555 1976 2622 quod
2011 2555 2180 2620 ipsam
2220 2553 2303 2604 fu-

745 2649 820 2716 git
854 2656 912 2699 ut
970 2663 1128 2714 supra
1177 2649 1344 2713 ipsam
1397 2647 1631 2712 positum
1665 2657 1717 2698 et
1767 2647 2034 2699 elevatum
2064 2684 2078 2705 .
2121 2662 2307 2698 amore

743 2741 950 2795 ardenti
1003 2741 1236 2808 quodam
1286 2740 1766 2808 comprehenditur
1813 2749 1865 2792 et
1900 2740 2173 2791 ferventer
2204 2741 2308 2790 cir-

741 2850 864 2887 cum
895 2843 944 2885 te
977 2835 1235 2898 exsultat,
1257 2841 1309 2885 et
1360 2833 1410 2884 in
1465 2832 1703 2885 animam
1753 2831 1994 2884 ardentia
2039 2832 2304 2884 desideria

746 2923 960 2990 arripit,
986 2922 1190 2975 Divina:
1223 2922 1465 2975 caritatis
1497 2921 1767 2974 flammam
1795 2923 1857 2973 ad
1895 2923 2309 2988 incomprehen-

746 3015 927 3074 sibile,
961 3013 1169 3066 faciens
1197 3013 1247 3065 id
1288 3013 1429 3080 quod
1470 3014 1901 3082 comprehendit,
1933 3024 1985 3066 et
2008 3030 2161 3067 suam
2193 3015 2305 3066 ino-

747 3107 890 3175 piam
953 3106 1005 3158 in
1053 3120 1297 3158 amorum
1333 3105 1719 3158 abundantiam
1756 3118 2099 3159 convertens.
2149 3105 2301 3169 Quod

750 3197 892 3266 apud
925 3207 977 3249 te
1010 3197 1396 3265 comprehendi
1438 3207 1613 3265 potest
1646 3214 1753 3249 non
1789 3203 1959 3260 magis
1989 3213 2106 3248 eam
2140 3208 2304 3247 aura-

749 3289 830 3344 liit
871 3306 1032 3358 quam
1081 3305 1198 3344 eam
1256 3289 1553 3344 inﬂammat
1585 3293 1726 3357 quod
1760 3291 1926 3359 ipsam
1964 3290 2097 3358 fugit
2132 3301 2186 3343 et
2216 3307 2304 3342 eo-

745 3383 1005 3449 gnitionis
1053 3382 1520 3451 impossibilitate,
1575 3385 1827 3436 admirari
1865 3392 1918 3435 et
1948 3395 2137 3450 optare
2186 3398 2304 3433 eam

743 3476 929 3544 cogit;
963 3475 1162 3528 addam
1205 3474 1389 3539 etiam,
1417 3475 1558 3542 quod
1593 3476 1638 3528 ei
1667 3475 1958 3543 persuadet
1985 3487 2040 3528 ut
2069 3475 2308 3542 inquimt

745 3566 876 3634 quid
911 3567 1008 3631 sis,
1043 3581 1150 3620 non
1186 3564 1406 3635 quidem
1441 3565 1906 3632 substantialiter;
1937 3567 2153 3620 idenim
2187 3583 2299 3616 om.

746 3660 876 3711 nino
904 3674 968 3711 ex
1011 3673 1262 3726 suprema
1314 3657 1619 3710 elevatione
1651 3659 1985 3726 impossibile
2035 3673 2113 3712 est
2147 3698 2164 3722 ,
2213 3660 2304 3713 sed

745 3749 872 3817 quid
906 3749 978 3802 sit
1023 3748 1396 3802 substantialis
1449 3748 1538 3800 Dei
1579 3752 1921 3816 potentiaet
1954 3751 2218 3817 operatio,
2253 3761 2300 3801 et

745 3839 1005 3907 quidquid
1038 3853 1224 3892 eorum
1256 3854 1374 3905 quae
1414 3838 1619 3891 circum
1655 3848 1704 3891 te
1734 3843 2091 3907 conletnp'ari
2143 3840 2262 3893 licet
2287 3882 2299 3900 .

745 3932 1110 4000 spiritualium
1165 3941 1234 3983 iet
1281 3931 1706 3998 tlieologicorum
1758 3931 2306 4000 incomprehensibile

744 4032 848 4085 est,
876 4037 998 4075 cum
1029 4037 1091 4074 ea
1147 4021 1253 4074 sint
1279 4061 1293 4081 ,
1328 4031 1385 4073 ut
1416 4021 1674 4082 diximus,
1731 4031 1953 4090 propter
1981 4021 2305 4090 magnitudi-

747 4132 890 4175 nem,
918 4115 1150 4175 infinita,
1183 4126 1234 4167 et
1264 4124 1485 4190 propter
1517 4114 1941 4175 multitudinem,
2000 4130 2103 4165 non
2155 4130 2304 4166 Scru-

746 4207 950 4258 tabilia.
987 4206 1093 4259 Etsi
1121 4209 1263 4258 enim
1295 4222 1400 4257 non
1433 4207 1602 4272 possit
1647 4207 1868 4258 omnino
1898 4207 1961 4258 ad
2012 4207 2300 4259 terminum

745 4299 1045 4365 pervenire,
1081 4312 1202 4349 cum
1234 4313 1294 4348 ea
1327 4299 1433 4348 sint
1476 4296 1703 4354 infinita.
1729 4307 1906 4364 potest
1929 4308 2135 4357 autem,
2179 4313 2300 4349 etnu

746 4388 980 4453 puritate
1031 4387 1096 4440 ad
1131 4397 1182 4439 te
1212 4387 1499 4453 accedens,
1555 4397 1608 4440 et
1644 4389 1709 4440 ad
1749 4399 1894 4441 tuam
1938 4389 2301 4456 pulchritudi-

745 4492 866 4530 nem
900 4491 1212 4545 assurgens,
1247 4478 1314 4530 ad
1352 4477 1757 4532 manifestiorcs
1785 4488 1838 4532 et
1871 4479 2188 4544 lucidiores,
2211 4496 2299 4534 as-

743 4575 899 4636 pectu
921 4582 1102 4621 eorum
1126 4584 1247 4636 qute
1273 4577 1324 4622 te
1348 4571 1704 4633 circumdant,
1726 4573 2028 4641 pertingere
2045 4582 2204 4641 atque
2231 4575 2300 4624 ita
2333 4600 2378 4653 ο

743 4658 1005 4712 deificari.
1047 4659 1194 4714 Unde
1246 4670 1300 4713 et
1351 4663 1552 4716 amoris
1609 4666 1832 4717 vulnere
1874 4665 2154 4727 incendis,
2181 4682 2302 4735 qua:

744 4749 883 4814 apud
940 4759 990 4800 te
1022 4758 1290 4813 versatur,
1327 4759 1583 4813 mentem,
1628 4767 1746 4803 eam
1797 4751 2114 4806 illutninans
2139 4792 2154 4815 ,
2193 4755 2302 4806 imo

742 4854 875 4892 vero
903 4853 1022 4896 eam
1058 4850 1453 4903 consequenter
1483 4842 1831 4897 introduceus
1861 4845 1913 4896 in
1938 4846 2182 4913 quaedam
2217 4845 2302 4898 in-

751 4944 967 4982 accessa
1011 4940 1064 4984 et
1117 4934 1341 5000 mystica
1403 4932 1665 4985 cmlorum
1707 4937 2036 5001 spectacula.
2111 4937 2302 4992 Unitas

749 5017 964 5087 hymnis
997 5020 1338 5084 celebranda,
1365 5031 1419 5075 et
1441 5021 1680 5076 Trinitas
1728 5027 2172 5093 honoratissimo,
2210 5045 2303 5098 po-

747 5111 926 5163 tentia:
958 5125 1019 5164 ac
1070 5113 1350 5181 sapientiae
1394 5113 1621 5180 abyssus
1653 5114 2108 5182 profundissima!
2165 5136 2304 5186 quo-

748 5201 906 5253 modo
930 5217 990 5255 ex
1024 5201 1140 5270 ipsa
1161 5204 1439 5263 servitute.
1460 5205 1504 5259 si
1522 5207 1644 5273 quis
1664 5207 1751 5262 ita.
1771 5209 1914 5276 loqui
1945 5211 2088 5272 velit,
2117 5223 2208 5264 aut
2240 5229 2302 5264 ex

750 5292 1138 5360 adseriptione,
1171 5295 1224 5346 in
1263 5294 1383 5348 illas
1419 5297 1628 5350 divinas
1661 5301 1910 5354 tenebras
1947 5315 2179 5356 mentem
2233 5305 2306 5358 le-

749 5383 932 5448 gitime
964 5383 1275 5438 mundatam
1307 5387 1628 5450 introducis,
1667 5405 1784 5443 eam
1835 5395 2209 5449 transmittens
2237 5413 2300 5448 ex

748 5476 916 5541 gloria
968 5475 1020 5525 in
1060 5475 1318 5541 gloriam,
1361 5481 1661 5545 saepissime
1692 5489 1872 5534 tamen
1923 5484 2062 5535 intra
2097 5491 2192 5538 bas
2227 5489 2307 5537 ln-

744 5566 896 5617 cidas
932 5568 1181 5618 tenebras
1223 5582 1530 5624 remanens.
1585 5572 1700 5624 Non
1735 5577 1858 5626 novi
1881 5615 1894 5635 ,
1964 5586 2018 5627 ut
2053 5587 2103 5628 tu
2138 5579 2302 5642 tiusli,

749 5664 928 5707 utrum
969 5657 1054 5707 illa
1085 5656 1254 5710 nubes
1282 5659 1332 5710 in
1366 5675 1526 5726 quam
1562 5662 1905 5720 introductus
1936 5679 2018 5720 est
2047 5668 2258 5737 Moyses
2285 5711 2298 5731 ,

749 5746 914 5812 hujus
945 5745 1109 5797 fuerit
1143 5747 1339 5815 imago,
1375 5764 1440 5802 an
1477 5751 1588 5805 haec
1619 5753 1802 5816 illius;
1836 5758 1928 5810 sed
1977 5759 2088 5810 ll:l‘c
2133 5763 2303 5812 inani-

748 5835 879 5889 feste
930 5838 1231 5902 spnitualis
1257 5851 1337 5892 est
1372 5839 1539 5895 nubes
1568 5855 1619 5896 et
1658 5847 1705 5895 in
1748 5862 1808 5898 ea
1878 5850 2059 5900 divine
2100 5867 2159 5901 ac
2209 5868 2300 5904 su-

2402 1988 2576 2055 γέπη*
2617 1989 2816 2057 μέτρον
2847 1989 2955 2056 γὰρ
2986 1990 3266 2056 δυνάμεώς
3292 2007 3381 2042 σου
3409 1991 3490 2049 τίς
3523 1990 3749 2058 εὖρατοζ
3785 1993 3978 2055 σοφίαν

2400 2077 2454 2128 δέ
2488 2095 2578 2129 σου
2607 2080 2687 2139 τίς
2726 2080 2903 2145 ἔγνω;
2932 2081 3029 2146 τῆς
3058 2081 3112 2130 δὲ
3145 2081 3480 2147 άγαθὸτητός
3515 2098 3608 2131 σου
3647 2082 3705 2130 τὺ
3741 2081 3978 2146 πέλαγος

3700 2173 3744 2231 ίς
3792 2175 3977 2240 ἄκρως

2400 2261 2635 2326 συνῆκε;
2670 2261 2910 2329 καίτοιγε
2957 2263 3095 2313 κατὰ
3141 2263 3311 2315 ταῦτα
3343 2264 3542 2328 τρόπον
3580 2265 3767 2332 ἓτερον
3810 2284 3977 2318 κατα--

2397 2348 2599 2418 ληπτός
2654 2368 2713 2416 γε
2779 2358 2854 2403 ων
2914 2353 3284 2420 ὁπωσδήποτε.
3343 2349 3557 2420 Ἀμέλει
3609 2355 3744 2424 δῆτα
3782 2357 3810 2406 ὁ
3852 2356 3975 2416 νοῦς

2397 2440 2622 2510 θεωρεῖν
2652 2442 2761 2494 ἀπὸ
2781 2443 2890 2493 τῶν
2927 2447 2984 2496 ἐν
3033 2447 3142 2507 τοῖς
3177 2447 3524 2513 φαινομένοις
3554 2447 3756 2514 νοητῶν
3804 2449 3970 2516 ἀρχό-

2399 2549 2582 2598 μενος,
2613 2533 2820 2583 ἄνεισιν
2860 2530 2954 2585 ἰὼν
2985 2534 3044 2596 ἐξ
3088 2534 3352 2602 ἑπομένου
3378 2538 3455 2597 εἰς
3484 2535 3544 2586 τὸ
3586 2537 3711 2602 περὶ
3744 2537 3827 2602 σὲ,
3859 2540 3973 2588 Σῶ-

2393 2637 2507 2690 τιρ.
2543 2623 2745 2674 ἐνιαῖον
2785 2624 2879 2674 καὶ
2919 2624 3326 2693 ἀκατάληπτον,
3363 2628 3458 2678 καὶ
3481 2625 3560 2694 τῷ
3599 2626 3714 2695 ἡδεῖ
3759 2628 3853 2680 καὶ
3887 2646 3975 2682 κο-

2397 2711 2520 2779 μιδῇ
2547 2713 2768 2782 τερπνῷ
2812 2714 2905 2766 τοῦ
2959 2714 3185 2783 ληπτοῦ,
3231 2719 3322 2769 καὶ
3362 2715 3440 2783 τῷ
3470 2717 3758 2784 φιλόκαλος
3810 2716 3972 2771 εἶναι.

2395 2801 2612 2853 σπεύδει
2641 2803 2736 2874 ὅλῃ
2767 2804 2993 2875 σπουδῇ,
3026 2806 3117 2857 καὶ
3144 2806 3433 2872 φιλονεικεῖ
3463 2824 3577 2869 πως
3609 2811 3975 2878 προσεπανιέ-

2396 2911 2479 2944 ναι
2526 2896 2598 2956 ὡς
2661 2896 2737 2947 ἔνι
2790 2898 3069 2951 ἐπέκεινα.
3113 2900 3267 2950 Ἐπεὶ
3315 2899 3370 2950 δὲ
3421 2897 3615 2950 οὔκουν
3678 2899 3971 2962 ἐξικνεῖται

2393 2984 2595 3051 φθάσαι
2623 2987 2992 3059 πορρώτερον,
3029 2989 3510 3060 ἀναλογιζόμενος,
3620 2992 3747 3060 χρὴ,
3779 2992 3844 3043 τὸ
3877 2994 3974 3044 ὲκε

2390 3077 2588 3144 φεῦγον
2639 3081 3072 3149 ἁναμφηρίστως
3111 3081 3187 3143 ὡς
3227 3083 3644 3149 ὑπερκείμενον,
3680 3081 3970 3152 φέρτερον»

2398 2167 2481 2229 τίς
2515 2169 2822 2237 ἑξιχνίασες
2854 2170 2948 2221 καὶ
2992 2171 3127 2231 ὅλως
3169 2172 3278 2222 τῶν
3311 2171 3418 2222 σῶν
3460 2189 3604 2234 τινος
3661 2190 3689 2223 τ

2392 3179 2591 3248 πολλῆς
2627 3197 2770 3241 τινος
2805 3184 3032 3251 κάτοχος
3077 3183 3387 3247 ἀκολούθως
3417 3185 3794 3256 ἒρωτοληψίας
3825 3187 3975 3254 γίνε-

2390 3285 2497 3326 ται,
2535 3269 2630 3319 καὶ
2662 3271 2975 3338 ἐφαμίλλως
3007 3273 3253 3340 μανικῶς
3291 3273 3687 3344 ὲκδακάεύεται
3719 3276 3852 3345 περὶ
3888 3277 3972 3339 σὲ,

2388 3361 2691 3424 καῖπόθους
2704 3362 3048 3432 ἀναῤῥιπίζει
3073 3363 3312 3426 διακαεῖς
3339 3369 3403 3434 τῇ
3429 3365 3598 3435 ψυχῇ,
3627 3367 3975 3436 ὑπέκκαυμα

2391 3463 2542 3524 θείας
2565 3466 2782 3530 ἀγάπης
2807 3463 2864 3514 τὸ
2892 3463 3236 3530 καταληπτὸν
3258 3463 3352 3514 τοῦ
3376 3465 3763 3532 άκαταλήπτου
3791 3464 3978 3516 ποιού-

2394 3570 2573 3624 μενος,
2603 3555 2698 3606 καὶ
2729 3555 2827 3623 τὴν
2857 3557 3092 3625 ἀπορίαι·
3119 3555 3388 3625 πορισμὸν
3413 3555 3634 3625 ἐρώτων
3661 3555 3971 3624 τιθέμενος.

2392 3648 2467 3698 Οὐ
2503 3647 2705 3715 μᾶλλον
2734 3647 3014 3714 θέλγοντος
3047 3647 3141 3699 τοῦ
3169 3648 3304 3718 ιπερὶ
3337 3648 3418 3712 σὲ,
3445 3648 3713 3715 πάνσοφε,
3736 3649 3971 3719 ληπτοῦ,

2389 3737 2532 3808 ἢπερ
2555 3740 2867 3802 ἐκκαίοντος
2895 3740 2988 3792 τοῦ
3014 3740 3422 3809 διαφεύγοντος,
3453 3742 3569 3805 καὶ,
3601 3741 3679 3810 τῷ
3710 3742 3810 3809 τῆς
3829 3744 3972 3808 γνώο

2392 3847 2525 3890 σεως
2553 3831 2846 3901 ἀνεφίκτῳ,
2880 3834 2972 3884 καὶ
2997 3832 3374 3902 θαυμάζεσθαι
3402 3833 3542 3894 λίαν,
3563 3833 3658 3886 καὶ
3687 3833 3972 3889 ποθεῖσθαι

2388 3919 2775 3987 διαφερόντως,
2813 3924 3346 3992 παρασκευάζοντος,
3387 3925 3681 3994 προσθείην
3706 3927 3757 3990 γ’
3793 3926 3860 3977 ἂν
3889 3925 3972 3978 ὅτι

2387 4011 2482 4064 καὶ
2520 4013 2797 4080 ζητεῖσθαι
2831 4014 3130 4077 πείθοντος,
3166 4015 3429 4083 οὐμενοῦν
3467 4003 3522 4067 τι
3573 4018 3638 4069 σὺ
3693 4016 3836 4068 κατὰ
3871 4017 3971 4085 τὴν

2391 4099 2578 4152 οὐσίαν
2597 4117 2609 4128 ·
2651 4102 2808 4155 τοῦτο
2839 4104 2948 4173 γὰρ
2982 4105 3168 4166 παντὶ,
3193 4106 3294 4157 καὶ
3323 4105 3563 4170 πάντως,
3593 4108 3689 4158 καὶ
3717 4109 3972 4160 ὁπωσοῦν

2389 4191 2452 4243 ὲκ
2469 4194 2786 4262 περιουσίας
2811 4196 3112 4264 ἀμήχανον,
3137 4197 3273 4249 ἀλλὰ
3291 4197 3352 4248 τὸ
3377 4197 3474 4264 τῆς
3496 4196 3787 4260 ούσιώδους
3819 4199 3970 4261 θείας

2388 4279 2670 4350 δυνάμεως
2691 4284 2786 4335 καὶ
2816 4287 3115 4355 ἐνεργείας,
3153 4288 3248 4339 καὶ
3283 4287 3343 4339 τὸ
3373 4288 3511 4350 ὅλον,
3549 4289 3660 4339 τῶν
3705 4291 3836 4359 περὶ
3885 4290 3968 4350 σὲ,

2377 4372 2509 4435 Θεὲ,
2537 4373 2930 4446 θεωρουμένων
2966 4378 3192 4446 νοητῶν,
3222 4381 3315 4431 καὶ
3350 4379 3790 4450 θεολογουμένων
3834 4382 3970 4451 ἁλη-

2391 4482 2542 4527 πτον,
2581 4463 2903 4542 ἀπείρων,ᾖ
2935 4465 3171 4538 εἴρηται,
3195 4470 3283 4523 διὰ
3313 4473 3375 4522 τὸ
3395 4473 3646 4542 μέγεθος,
3679 4472 3970 4540 άνεξερευο

2388 4562 2562 4629 νήτων
2601 4562 2655 4614 δὲ
2685 4563 2853 4617 ὄντων
2885 4565 2986 4616 διάι
3013 4566 3073 4618 τὸ
3101 4566 3302 4635 πλῆθος
3326 4584 3341 4598 ο
3379 4566 3588 4620 τούτων
3618 4568 3712 4620 καὶ
3741 4567 3876 4636 γὰρ,
3920 4571 3969 4619 εί

2390 4655 2472 4704 καλ
2502 4654 2637 4715 ὅλως
2659 4656 2736 4716 εἰς
2760 4659 2931 4725 πέρας
2954 4659 3236 4724 ἐφικέσθαι
3266 4659 3550 4724 ἀδύνατον,
3578 4660 3669 4713 ἅτε
3698 4660 3966 4726 ἀπείρων.

2388 4742 2523 4794 ἀλλὰ
2551 4745 2775 4796 δυνατὸν
2807 4747 2882 4814 τῷ
2927 4747 3015 4799 διὰ
3047 4748 3372 4818 καθάρσεως
3407 4750 3806 4818 προσεγγισμῷ
3845 4767 3966 4810 σου.

2388 4836 2479 4886 καὶ
2503 4837 2571 4904 τῇ
2598 4837 2896 4890 ὲνατενίσει
2943 4839 3037 4892 τοῦ
3073 4841 3300 4904 κάλλους
3328 4858 3442 4904 σου,
3475 4842 3613 4912 πρὸς
3642 4845 3969 4910 φανωτὲρας

2387 4926 2480 4976 καὶ
2510 4927 2896 4996 διαυγεστέρας
2926 4930 3146 4999 ὁράσεις
3173 4933 3281 4985 τῶν
3311 4933 3440 5001 περὶ
3468 4933 3529 4986 σὲ
3560 4933 3830 5001 γίνεσθαι,
3871 4935 3968 4986 καὶ

2389 5013 2641 5066 θεοῦσθαι
2678 5017 3026 5086 κατάλληλα⁶
3067 5020 3188 5072 ὅθεν
3223 5021 3317 5074 καὶ
3355 5023 3723 5090 καταφλέγεις
3762 5023 3967 5092 στρώσει

2387 5107 2622 5176 ἐρωτικῇ
2661 5109 3038 5178 προσμένοντά
3082 5130 3165 5165 σοι
3202 5113 3328 5166 νοῦν
3369 5115 3706 5183 ἁνηκόντως,
3736 5117 3966 5184 διαυγά-

2385 5195 2492 5258 ζων
2523 5198 2740 5266 μᾶλλον,
2810 5203 2902 5252 καὶ
2932 5203 3130 5268 μᾶλλον
3159 5205 3345 5267 αὑτὸν,
3373 5207 3485 5258 κάκ
3509 5206 3606 5258 τοῦ
3633 5211 3965 5276 γιγνομένου

2386 5292 2620 5355 εἰσάγων
2658 5293 2736 5351 είς
2768 5290 2903 5345 ἄττα
2944 5293 3112 5347 ἄδυτα
3141 5299 3379 5362 μυστικά
3421 5301 3674 5361 θεάματα
3723 5301 3963 5369 ύπερου-

2393 5397 2574 5467 ράνια.
2601 5393 2672 5450 Ὠ
2703 5397 2872 5466 μονὰς
2909 5399 3279 5468 ὑπερύμνητε,
3310 5402 3404 5455 καὶ
3453 5401 3624 5471 Τριάς
3669 5402 3964 5474 ὑπερτιμι,

2387 5489 2672 5555 δυνάμεως
2695 5491 2791 5542 καὶ
2822 5490 3012 5557 σοφίας
3033 5491 3351 5559 ἀῒτύθμαντε
3379 5491 3506 5561 βυθέ
3527 5494 3540 5545 !
3563 5493 3678 5556 πῶς
3702 5493 3764 5558 ἐξ
3791 5497 3966 5562 αὐτῆς

2390 5580 2496 5630 εἴτε
2530 5581 2852 5649 ἁφετηρίας,
2913 5581 3086 5633 ἐθέλοι
3118 5599 3199 5644 τις
3229 5582 3428 5650 λέγειν,
3493 5582 3604 5635 εἶτε
3637 5584 3748 5653 μὴν
3780 5601 3966 5655 γραμο

2393 5672 2518 5738 μῆς,
2551 5671 2730 5731 εἰςτδν
2763 5671 2901 5723 κατὰ
2937 5672 2996 5724 σὲ
3027 5673 3264 5739 εἰσάγεις
3290 5673 3566 5726 θειότατον
3590 5674 3791 5742 γνόφον
3819 5677 3963 5727 καθ-

2390 5761 2618 5828 αρθέντα
2662 5759 2942 5829 ὲνθέσμως
2988 5761 3079 5813 τὸν
3111 5762 3256 5825 νοῦν,
3293 5762 3601 5828 μετάγουσα
3633 5761 3825 5814 τοῦτον
3854 5765 3962 5815 ἀπὸ

2395 5852 2550 5918 δόξης
2597 5855 2676 5912 εἰς
2724 5851 2899 5916 δόξαν,
2953 5853 3210 5916 πολλάκις
3241 5854 3378 5923 πλὴν
3409 5855 3502 5906 καὶ
3553 5853 3682 5905 εἵσω
3728 5855 3957 5922 μένοντα
