4266 6450
302 442 402 513 90

1441 447 1538 504 DE
1583 449 1755 506 VlTA
1793 449 2467 510 CUNTEMPLA'I‘IVA.

3473 447 3587 511 942

304 575 398 629 τοῦ
442 578 769 644 ὑπερφὼτου
805 575 1026 642 γνόφου.
1061 575 1174 627 Οὐκ
1206 570 1343 634 οἶδα,
1381 571 1455 629 ὡς
1483 572 1547 623 σὺ
1573 570 1881 635 γινώσκεις.
1931 578 1946 620 1‘

2008 566 2432 632 pernaturaliter
2470 565 2522 616 in
2560 562 2823 634 mysterio
2854 573 2905 614 et
2939 561 3290 615 iiieﬁ‘abiliter
3320 560 3584 627 spiritua-

303 671 415 720 εἴτε
447 670 523 730 εἰς
552 669 611 721 ὃν
645 669 876 736 εἰσήχθη
931 667 1135 735 Μωσῆς
1159 683 1217 718 τε
1261 666 1448 722 πάλαι,
1472 663 1569 714 εἴθ’
1602 663 1682 715 ὅτι
1707 657 1881 724 οὗτος,

301 760 513 812 ἐκείνου
551 760 737 822 εἰκὼν,
787 759 884 810 εἶτ’
923 753 1015 809 οὖν
1053 757 1268 822 τούτου,
1320 759 1546 816 ἐκεῖνος,
1609 753 1746 821 πλὴν
1800 753 1883 804 ὅτι

303 849 465 914 οὗτος
524 852 838 920 περιφανῶς
891 851 1081 920 νοητὸς
1126 849 1325 916 γνόφος
1369 849 1513 909 ἐστὶ,
1567 848 1661 898 καὶ
1707 846 1787 896 ὅτι
1828 846 1915 895 ἐν.

1999 658 2064 709 lis
2099 657 2317 708 nnionis
2352 655 2711 717 caritatisque
2751 653 3115 720 ιιι-τίίοἰιιιιιιιι·
3142 653 3440 721 mysteria;
3475 667 3586 716 quo

2001 749 2295 801 introducti
2353 764 2472 799 t'tllll
2529 746 2887 800 illuminantis
2933 745 3165 813 spiritus
3210 744 3363 809 face,
3397 744 3450 798 id
3485 761 3581 814 θρα

2003 843 2175 910 prime
2203 853 2256 894 et
2288 841 2578 894 manifeste
2620 849 2888 891 noverunt

307 945 464 1012 αὑτῷ
508 946 749 996 τελεῖται
796 943 958 1000 θείως
989 943 1082 993 καὶ
1129 942 1426 1009 ὑπερφυῶς
1464 943 1520 991 ἐν
1562 941 1639 1009 τῷ
1691 939 1946 1008 μυστικῷ
1985 938 2084 1005 τῆς
2123 934 2302 1003 ψυχῆς
2349 934 2631 1001 ἀρῤήτως.
2675 930 2743 983 τὰ
2771 933 2866 998 τῆς
2906 933 3291 1002 πνευματικῆς
3334 935 3582 998 ένώσεως

307 1042 405 1094 καὶ
435 1043 662 1109 ἀγάπης
692 1042 972 1110 μυστήρια
1001 1056 1014 1068 ·
1043 1041 1090 1091 oi
1114 1040 1469 1106 είσαγόμενοι
1506 1039 1645 1106 μετὰ
1668 1038 1768 1105 τῆς
1799 1036 2087 1106 δᾳδουχίας
2115 1039 2209 1090 τοῦ
2247 1038 2573 1103 φωτίζοντος
2602 1037 2915 1107 Πνεῦματος
2950 1035 3070 1086 λίαν
3134 1034 3403 1102 λαμπρῶς
3453 1036 3575 1086 ἐπί-

306 1154 557 1192 στανται.

381 1243 489 1312 ιβ’.
544 1244 638 1305 Τίς
686 1260 744 1294 σε
790 1240 1168 1308 διακειμένως,
1197 1238 1370 1307 Κύριε
1405 1236 1594 1306 Τριὰς,
1635 1234 1774 1302 δρῶν
1825 1237 1885 1284 οὐ

316 1336 501 1404 χαίρει
548 1335 641 1387 τὸν
696 1335 920 1405 βασιλέα
956 1333 1048 1385 καὶ
1079 1331 1422 1383 ἀδιάλειπτον
1459 1327 1746 1396 πρύτανιν.
1796 1328 1890 1376 καὶ

301 1428 569 1496 διανομέα
600 1428 801 1488 παντὸς
851 1425 1161 1477 οὑτινοσοῦν
1195 1421 1358 1475 καλοῦ
1399 1420 1491 1472 καὶ
1518 1417 1748 1486 ἀγαθοῦ,
1798 1417 1891 1468 καὶ

305 1520 545 1585 πηγαῖον
575 1517 731 1568 ὄλϐον
763 1516 969 1568 τούτων
1005 1515 1374 1585 τυγχάνοντας
1410 1512 1503 1565 καὶ
1541 1511 1623 1572 τίς
1665 1509 1771 1578 πρὸ
1797 1509 1891 1574 τῆς

305 1609 555 1674 ὁράσεως
587 1610 685 1676 τῆς
731 1606 1242 1677 παντοκρατορικῆς
1283 1603 1598 1665 δεσποτείας
1636 1618 1729 1652 σου
1764 1602 1888 1668 χαί-

308 1709 425 1743 οειν
460 1693 572 1760 ἔχοι
610 1691 781 1759 χαράν
822 1689 1035 1759 ἀληοἧ;
1067 1690 1235 1761 Δῆλον
1279 1692 1359 1743 ὅτι
1389 1693 1563 1755 οὐδεὶς
1603 1694 1881 1762 οὐδαμῶς·

303 1783 392 1836 διὰ
411 1782 572 1834 τοῦτο
594 1782 671 1850 τῷ
689 1783 825 1844 ὄντι,
857 1801 874 1832 ι
902 1783 1178 1852 Μακάριοι
1199 1785 1245 1834 οἱ
1269 1783 1499 1853 καθαροὶ
1530 1787 1595 1853 τῇ
1623 1785 1839 1854 καρδίᾳ,
1865 1805 1882 1835 ι

299 1879 383 1930 ὅτι
413 1872 559 1930 οὗτοί
599 1894 658 1928 σε
696 1877 1018 1930 ὀπτάνονται
1049 1877 1256 1946 ὄμματι
1289 1879 1487 1946 ψυχῆς,
1512 1880 1689 1947 χαρὰν
1733 1881 1889 1930 αὑτό-

302 1986 495 2038 χρημα
523 1969 654 2021 ὄντα
686 1970 1055 2039 διαφερόντως
1082 1970 1481 2039 πνευματικὴν,
1513 1973 1603 2022 καὶ
1643 1972 1890 2040 χαίρουσι

299 2062 367 2129 δὴ
401 2062 539 2130 μετὰ
566 2063 816 2128 γάννους,
849 2064 942 2114 καὶ
994 2062 1195 2130 πολλῆς
1228 2062 1516 2131 Θυμηδίας,
1551 2067 1641 2115 καὶ
1679 2064 1890 2133 ἀφορη-

301 2172 410 2204 των
443 2153 665 2222 ἐρώτων
697 2154 1092 2223 ἐμπίπλανται,
1131 2154 1389 2216 πολλάκις
1423 2157 1517 2207 καὶ
1550 2159 1888 2223 σωματικαῖς

303 2247 780 2315 προσπαλαίοντες
816 2248 1196 2312 περιστάσεσι,
1242 2247 1336 2298 καὶ
1383 2246 1724 2313 δαιμονικαῖς
1772 2250 1890 2298 ὲπι-

306 2341 504 2407 φοραῖς
541 2336 878 2407 πάσχοντες·
934 2338 994 2389 τὸ
1046 2339 1156 2406 γὰρ
1213 2337 1586 2406 πνευματικὸν
1635 2339 1750 2405 φῶς
1798 2337 1890 2389 τοῦ

306 2431 540 2492 κάλλους
577 2429 672 2480 τοῦ
702 2429 996 2498 προσώπου
1029 2447 1142 2492 σου,
1180 2431 1374 2498 Κύριε,
1418 2430 1710 2497 ἀπειράκις
1739 2432 1893 2483 ἀπεί-

309 2537 418 2588 ρως
446 2519 860 2589 ὑπερεξῄρηται
888 2518 982 2570 τοῦ
1005 2521 1098 2571 καὶ
1126 2520 1372 2571 ὁπωσοῦν
1399 2521 1541 2590 λύπῃ
1574 2521 1891 2590 προσίεσθαι

307 2615 576 2679 κοσμικῇ,
607 2605 651 2678 ᾧ
688 2611 1061 2677 ὲλλάμπεσθαι
1105 2611 1353 2677 γίγνεται
1392 2611 1482 2662 διὰ
1511 2612 1751 2680 χάριτος.
1795 2616 1892 2664 Διὰ

305 2704 466 2756 τοῦτο
494 2703 810 2772 γλυκασμὸς
842 2703 959 2764 ὅλος
979 2703 1402 2772 προπορεύεσαι.
1424 2703 1583 2765 Ὅλος
1605 2703 1891 2770 ἐπιθυμία,

309 2797 441 2862 ἁγία
473 2813 532 2846 τε
565 2795 773 2862 ἔφεσις,
828 2795 1067 2866 ἄρρητος
1102 2794 1272 2865 ἔρως
1314 2794 1564 2847 ἐντεῦθεν
1602 2799 1634 2863 ἡ
1673 2797 1892 2863 ἀγάπης

311 2905 406 2940 σου
474 2889 774 2956 άφορήτοις
849 2887 1153 2954 ὑπερφυέσι
1235 2888 1481 2955 κέντροις
1553 2887 1890 2956 τετρωμένη.

321 2979 694 3048 ’Δποκαϐιστᾷ
742 2978 870 3040 τοὺς
901 2979 1045 3031 κατά
1083 2980 1205 3032 τινά
1237 2996 1295 3030 σε
1334 2980 1575 3048 ὁρῶντας
1613 2980 1888 3033 ἐπίνοιαν·

310 3072 566 3125 ἐντεῦθεν
595 3073 676 3133 είς
706 3071 882 3141 ὀσμὴν
927 3070 1117 3140 μύρων
1147 3089 1241 3125 σου
1279 3073 1456 3125 ὀπίσω
1507 3089 1600 3124 σου
1656 3091 1892 3126 κατακο-

310 3164 604 3216 λουΘοῦσαι
655 3164 910 3232 τρέχουσι
949 3163 1165 3233 σφοδρῷ
1209 3167 1302 3216 καὶ
1356 3165 1618 3232 άνενδότῳ
1665 3166 1802 3234 τόνῳ
1837 3168 1892 3216 αι

2052 1229 2139 1283 9‘2.
2177 1229 2308 1293 Quis
2349 1238 2419 1292 te,
2459 1228 2723 1292 Trinitas,
2788 1230 3032 1296 Domine,
3067 1243 3123 1284 nt
3153 1233 3309 1285 det‘et
3335 1245 3577 1288 content-

1982 1325 2157 1390 plans,
2197 1340 2301 1375 non
2347 1327 2578 1387 lretatur,
2604 1343 2726 1378 cum
2765 1336 2813 1378 te.
2845 1343 3022 1392 regem
3052 1327 3575 1396 iudeﬁcientemque

1981 1417 2196 1478 ducem,
2235 1426 2289 1469 et
2325 1423 2506 1472 omnis
2541 1419 2666 1470 houi
2724 1434 2786 1473 ac
2824 1418 3039 1484 pulchri
3109 1420 3570 1489 dispensatorem,

1978 1521 2031 1561 et
2054 1510 2367 1561 divitiarum
2402 1509 2605 1563 fontem
2634 1510 2874 1580 eOgitat?
2916 1509 2981 1563 Et
3016 1509 3141 1580 quis
3174 1526 3296 1564 ante
3331 1524 3437 1564 tuae
3472 1514 3575 1563 do-

1980 1602 2301 1654 minationis
2336 1603 2732 1669 omnipotentis
2762 1604 3032 1657 visionem
3061 1618 3169 1656 non
3199 1619 3325 1656 vera
3379 1604 3572 1658 laetitia

1981 1698 2252 1749 frueretur
2274 1696 2295 1746 ?
2317 1693 2665 1748 Manifestum
2687 1706 2769 1748 est
2789 1695 3056 1748 neminem
3072 1710 3180 1748 non
3203 1696 3394 1749 lauari.
3417 1697 3570 1750 ideo-

1976 1805 2080 1857 que
2099 1801 2308 1851 revera,
2369 1805 2387 1836 ι
2414 1787 2552 1841 beati
2579 1788 2785 1840 mundo
2805 1787 2970 1841 corde
3002 1806 3046 1850 ι,
3073 1788 3199 1856 quia
3253 1797 3305 1842 te
3377 1789 3572 1842 anima:

1976 1881 2148 1934 oculis
2182 1879 2462 1942 videbunt,
2484 1879 2663 1932 laetitia
2693 1879 2859 1931 multa
2891 1893 2955 1929 ac
3008 1880 3282 1947 spirituali
3356 1881 3571 1948 repleti,

1987 1983 2040 2027 et
2068 1988 2193 2027 cum
2228 1972 2594 2026 exsultatione
2641 1987 2704 2024 ac
2740 1971 2907 2023 multa
2972 1970 3245 2039 voluptate
3297 1975 3572 2037 laeumtur,

1989 2064 2317 2132 ardentique
2349 2078 2534 2115 amore
2562 2061 2860 2128 replentur,
2895 2063 3276 2130 corporalibus
3319 2064 3576 2118 obstacu-

1987 2161 2053 2213 lis
2084 2158 2422 2222 resistentes,
2460 2167 2512 2209 et
2532 2155 2923 2209 daanioniorum
2980 2156 3218 2209 insultns
3277 2159 3572 2224 patientes.

1990 2250 2286 2319 Spirituale
2313 2249 2456 2302 enim
2506 2251 2688 2302 vultus
2741 2249 2818 2300 tui
2874 2248 3297 2315 pulchritudinis
3353 2250 3570 2308 lumen,

1988 2346 2241 2407 Domine,
2271 2345 2479 2398 infinito
2536 2344 2605 2396 ab
2638 2343 2803 2411 hujus
2846 2342 3030 2394 mundi
3086 2343 3304 2396 tristitia
3366 2342 3573 2408 distat;

1989 2457 2098 2509 quo
2118 2439 2324 2492 lumine
2350 2453 2445 2505 per
2461 2437 2689 2506 gratiam
2712 2451 2866 2489 mens
2895 2435 3255 2489 illuminatur.
3285 2435 3576 2503 Propterea

1992 2537 2185 2600 ingens
2235 2534 2282 2585 e':
2340 2533 2572 2585 dulcedo
2612 2538 2924 2598 prmstatur,
2961 2529 3321 2590 desiderium,
3403 2528 3574 2581 sancti

1992 2624 2498 2686 motus,inelfabilis
2531 2638 2722 2684 amor;
2749 2624 2892 2675 unde
2927 2622 3177 2675 caritatis
3209 2636 3317 2674 tuae
3369 2623 3576 2676 aculeis

1991 2717 2500 2786 superuatnralibus
2526 2718 2853 2784 acriliusque
2887 2730 3040 2768 mens
3063 2715 3345 2768 vulnerata
3399 2715 3576 2784 repel-

1994 2815 2051 2864 lit
2094 2828 2187 2862 eos
2242 2813 2333 2877 qui
2391 2823 2442 2864 te
2484 2812 2785 2863 secmidum
2865 2809 3104 2874 aliquam
3176 2809 3566 2878 cogitationem

1993 2905 2205 2969 vident;
2275 2904 2416 2957 unde
2471 2904 2524 2955 in
2590 2905 2812 2956 odorem
2871 2912 3275 2967 unguentorum
3361 2911 3577 2956 tuorum

1995 3007 2116 3065 post
2147 3010 2198 3050 te
2229 3005 2522 3063 sequentes
2553 3007 2787 3048 currunt
2823 2995 3129 3047 vehementi
3155 3004 3210 3047 et
3245 2994 3579 3047 indeticienti

1995 3094 2187 3144 ardore
2207 3106 2396 3142 eorum
2431 3090 2625 3142 animze
2655 3105 2682 3141 a
2702 3088 2904 3156 quibus
2929 3088 3214 3155 aspiceris,
3263 3086 3578 3146 inelTabilis.

1995 3195 2046 3236 et
2085 3185 2136 3237 in
2173 3185 2319 3252 ipsis
2348 3193 2400 3236 te
2431 3184 2706 3236 attrahere
2733 3183 2880 3234 omni
2940 3183 3103 3234 modo
3134 3192 3428 3245 conantur,
3460 3197 3583 3233 om-

308 3257 479 3325 ψυχαὶ
499 3255 630 3318 τῶν,
660 3254 749 3323 ὑφ’
771 3248 846 3307 ὧν
873 3255 1091 3322 δράσαι,
1124 3255 1334 3324 apag-cs
1365 3256 1485 3318 Θεὲ,
1510 3257 1604 3310 καὶ
1628 3259 1684 3308 ὲν
1711 3258 1893 3326 σφίσιν
1911 3265 1946 3325 ρ

1997 3279 2119 3330 nino
2146 3276 2302 3329 victm
2324 3289 2379 3330 et
2418 3277 2498 3328 tui
2530 3277 2800 3328 desiderio
2830 3276 2963 3326 mire
2993 3283 3355 3339 consumpta.
3422 3269 3580 3324 Unde

310 3349 503 3409 αὑταῖς
528 3347 710 3399 ἕλκειν
737 3364 795 3399 σε
829 3347 981 3418 πάσῃ
1010 3347 1305 3416 πειρῶνται
1332 3352 1568 3417 μηχανῇ,
1595 3350 1893 3417 ἡττημέναι

310 3441 556 3502 πάντως,
588 3439 682 3491 καὶ
719 3440 1073 3508 ἐκτετηκυῖαι
1113 3438 1192 3509 τῷ
1227 3439 1375 3509 πόθῳ
1417 3457 1510 3490 σου
1543 3440 1890 3508 Θαυμαστῶς.

311 3533 486 3584 ὈΘεν
517 3531 770 3602 άλήστως
821 3548 882 3582 σε
930 3531 1144 3600 ἔχουσιν
1178 3532 1270 3584 ὲπὶ
1302 3532 1426 3586 νοῦν
1473 3532 1765 3602 ἐξηρμέναι
1800 3534 1894 3585 τοῦ

312 3624 550 3686 κάλλους
593 3641 687 3676 σου
719 3623 814 3676 τοῦ
844 3623 1175 3693 ὑπερφυοῦς.
1213 3624 1427 3678 Μᾶλλον
1460 3625 1558 3694 μὲν
1595 3621 1688 3678 οὖν
1721 3625 1898 3694 διηνε-

312 3718 426 3780 κῶς
453 3720 550 3769 καὶ
574 3717 964 3785 πνευματικῶς
989 3718 1255 3787 πρότερον
1281 3717 1526 3787 κατέχεις
1552 3718 1649 3797 τὰς
1674 3719 1898 3788 καρδίας

313 3809 525 3873 αὐτῶν,
579 3810 672 3859 καὶ
708 3808 923 3874 νύκτωρ
953 3807 1123 3877 δήπου
1180 3809 1274 3860 καὶ
1312 3809 1430 3878 μεθ’
1464 3811 1696 3878 ἡμέραν,
1744 3814 1834 3862 καὶ
1873 3813 1900 3862 ό

315 3904 488 3964 ὕπνος
534 3901 754 3969 άπέπτη
809 3901 917 3953 ἀπὸ
965 3900 1077 3952 τῶν
1121 3900 1405 3972 βλεφάρων
1455 3900 1691 3980 αὐτῶνθ⁹
1725 3904 1816 3954 καὶ
1872 3904 1897 3970 ἡ

314 3994 1896 4064 ἡδύτης.........,......

317 4382 390 4420 ει,
417 4363 555 4415 ἀλλὰ
582 4363 676 4414 καὶ
693 4359 1228 4423 καθεύὼυσαιτέως,
1262 4363 1462 4430 ὄμωςή
1496 4364 1691 4430 καρδία
1724 4364 1903 4415 αὑτῶν
1988 4382 1996 4398 ι

319 4456 417 4510 καὶ
460 4452 654 4524 ί,οὑ]τω
693 4455 982 4522 γρηγορεῖ,
1014 4451 1440 4520 ἁγαλλιώμεναι,
1465 4453 1539 4514 ὡς
1562 4455 1588 4504 ὁ
1619 4456 1903 4524 προφήτης

320 4549 474 4616 λέγει
521 4549 614 4598 ἐπὶ
647 4546 756 4598 τῶν
784 4545 980 4598 κοιτῶν
1025 4545 1224 4597 αὐτῶν.
1257 4547 1367 4597 Καὶ
1399 4547 1704 4614 ἐφαμίλλως
1739 4547 1902 4617 ὁρῶσι

323 4643 420 4694 καὶ
451 4640 790 4708 συνέχονται,
815 4639 905 4690 καὶ
927 4637 979 4689 τί
1013 4636 1266 4704 γενέσθαι
1296 4640 1394 4690 οὑκ
1423 4638 1625 4707 έχουσι.
1652 4642 1744 4692 καὶ
1774 4643 1903 4693 ἁπο-

325 4733 506 4802 ροῦσι,
543 4733 637 4782 καί
668 4729 980 4792 ἐξίστανται
1000 4729 1089 4781 διά
1125 4729 1196 4782 τὰ
1222 4729 1538 4799 διακείμενα
1562 4733 1662 4796 τῆς
1697 4734 1927 4800 άφάτου¹

324 4823 687 4892 φαιδρότητος
738 4820 833 4871 τοῦ
884 4819 1177 4890 προσώπου
1215 4837 1340 4885 σου,
1376 4822 1463 4874 διὰ
1507 4823 1604 4892 τὴν
1659 4825 1906 4892 μεγαλω-

325 4917 500 4983 σύνην
538 4913 638 4978 τῆς
667 4913 824 4979 δόξης
868 4915 967 4980 τῆς
1008 4912 1316 4981 ἁγιωσύνης
1351 4929 1465 4971 σου,
1505 4914 1588 4966 διὰ
1617 4917 1714 4977 τὰς
1742 4916 1908 4985 ὑπερ-

326 5005 595 5074 κοσμίους
629 5001 694 5064 ἃς
728 4998 1106 5072 διίατίθεν]ται
1135 5002 1192 5051 ἐν
1223 5002 1439 5064 ἑαυταῖς
1474 5003 1762 5064 ἀναϐάσεις
1790 5021 1906 5069 σου,

324 5096 424 5150 καὶ
457 5090 833 5160 ἀποκαλύψεις
866 5091 965 5152 τάς
1000 5091 1292 5159 μυστικάς,
1327 5092 1412 5144 διὰ
1440 5093 1509 5144 τά
1540 5095 1707 5163 μυρία
1738 5095 1908 5164 ἀπόρο

328 5191 474 5261 ῥητά
507 5205 569 5239 τε
594 5188 688 5240 καὶ
713 5187 918 5254 ἄφατα,
954 5185 1212 5253 πάγκαλά
1240 5203 1298 5238 τε
1335 5188 1428 5239 καὶ
1454 5189 1738 5255 πανάγαοα
1763 5190 1909 5260 δῶρα

328 5281 874 5355 Πάτερτὰπερὶσὲ.
950 5321 966 5335 .
1045 5324 1060 5338 .
1142 5321 1155 5334 .
1239 5323 1253 5335 .
1334 5323 1344 5335 .
1426 5323 1438 5335 .
1519 5325 1532 5337 .
1614 5324 1624 5336 .
1706 5325 1717 5338 .
1799 5325 1811 5338 .
1893 5328 1906 5340 .

327 5467 426 5521 καὶ
457 5467 744 5537 στηρίξαις
782 5469 909 5531 τοὺς
954 5470 1012 5521 ἐν
1058 5469 1314 5541 εὑθύτητι
1349 5471 1776 5542 [κατοικοῦν]τας
1814 5477 1907 5527 σὺν

327 5561 408 5630 τῷ
441 5559 726 5628 προσώπῳ
760 5575 875 5614 σου.

1993 3385 2098 3421 non
2143 3380 2371 3437 possunt
2402 3381 2454 3422 te
2486 3370 2760 3428 oblivisci,
2795 3377 2976 3419 mente
3028 3378 3118 3418 tua
3171 3363 3577 3433 supernatnrali

1991 3464 2394 3530 pulchritudine
2444 3476 2733 3530 suspensa.
2790 3459 2904 3514 lino
2995 3473 3124 3513 vero
3193 3467 3454 3526 perpetuo
3516 3471 3582 3509 ac
3622 3477 3634 3495 π

1990 3557 2342 3624 spiritualiter
2375 3557 2522 3623 prius
2552 3570 2742 3606 eorum
2779 3552 2940 3606 corda
3001 3550 3270 3620 possides,
3311 3558 3364 3603 ct
3421 3558 3581 3603 nocte

1989 3658 2040 3699 et
2082 3648 2187 3708 die,
2216 3658 2268 3699 et
2314 3662 2540 3700 sonmtts
2564 3645 2756 3710 elIugit
2779 3645 2846 3697 ab
2885 3644 3060 3697 oculis
3090 3660 3302 3705 eorum,
3335 3653 3389 3696 et
3458 3644 3580 3695 ιΙιιΙ‹

1990 3742 2124 3796 cedo

2224 3780 2238 3793 ¹ἰ
2318 3779 2332 3793 ο
2415 3778 2428 3792 ο
2507 3774 2522 3789 ο
2602 3776 2616 3789 ο
2695 3775 2708 3787 ο
2789 3772 2805 3787 ο
2884 3773 2898 3787 ο
2978 3773 2994 3787 ο
3074 3769 3088 3785 ο
3168 3771 3185 3787 ο
3260 3771 3278 3786 ο
3359 3771 3371 3780 ι
3455 3772 3466 3781 ι
3547 3769 3561 3782 ο

2004 4465 2084 4528 si,
2143 4463 2238 4516 sed
2283 4461 2671 4514 dormientium
2742 4473 2835 4511 cor
2887 4467 3065 4510 tamen
3115 4453 3339 4520 vigilat;
3393 4467 3420 4504 e

2004 4569 2250 4627 tantque,
2275 4566 2333 4610 ut
2360 4559 2436 4610 ait
2460 4561 2746 4625 propheta,
2790 4558 2839 4605 in
2883 4551 3148 4605 cubilibus
3183 4551 3320 4603 suis.
3358 4547 3422 4600 Et
3449 4565 3581 4601 eon-
3612 4623 3618 4628 I

2005 4653 2338 4720 templantnr
2387 4667 2448 4704 ac
2501 4649 3009 4715 comprehendunt,
3044 4653 3097 4698 et
3155 4645 3402 4697 nesciunt
3453 4642 3581 4710 quid

2006 4750 2154 4808 liaut,
2183 4757 2239 4799 et
2270 4744 2548 4805 delicium,
2581 4754 2633 4796 et
2668 4743 2719 4794 in
2745 4741 3004 4794 eXstasiIn
3044 4739 3330 4805 rapiuntur
3363 4746 3586 4805 promer

2009 4832 2303 4892 tui‘vultus
2328 4836 2631 4903 splendoris
2669 4833 3188 4895 manifestationem,
3226 4821 3445 4898 prOpier
3484 4840 3588 4881 tua:

2004 4931 2190 4999 giul‘itl:
2231 4945 2293 4981 ac
2334 4927 2640 4981 sanctitatis
2675 4923 3129 4994 magnitudinem,
3156 4935 3372 4991 propter
3394 4939 3584 4989 super-

2009 5023 2286 5077 ualurales
2329 5031 2466 5081 tuas,
2507 5036 2628 5088 qu;e
2680 5020 2824 5087 ipsas
2859 5019 3175 5085 disponunt,
3237 5017 3588 5068 ascmsiones

2009 5130 2062 5171 et
2114 5117 2368 5183 mysticas
2403 5113 2797 5176 revelationes,
2837 5122 3058 5180 pr0pter
3097 5119 3357 5164 sexcenta
3390 5123 3588 5162 arcana

2008 5223 2062 5266 et
2088 5207 2404 5274 ineﬂabilia,
2445 5207 2918 5278 pulcherrimaque
2955 5214 3010 5259 et
3037 5205 3239 5273 Optima
3267 5203 3435 5265 dona,
3466 5217 3591 5270 qua:

2007 5308 2214 5376 circum
2261 5313 2309 5356 te
2345 5309 2499 5366 sunt,
2546 5301 2726 5355 Pater.
2809 5337 2822 5351 .
2903 5336 2917 5350 .
2998 5336 3012 5350 .
3094 5339 3105 5350 .
3186 5335 3203 5350 .
3285 5335 3298 5347 .
3572 5334 3586 5347 .

2082 5489 2145 5544 Et
2184 5489 2423 5541 lirmabis
2477 5499 2571 5540 eos
2613 5482 2704 5552 qui
2744 5481 2875 5536 recti
2911 5496 3034 5536 cum
3081 5481 3231 5534 rulto
3283 5491 3374 5532 tuo
3434 5482 3586 5533 habi-

2015 5592 2150 5636 tam.
