4234 6446
280 356 395 426 945

1245 350 1672 415 NICEPIIORI
1700 349 1799 409 DE
1827 347 2110 408 CORDIS
2151 342 2555 406 CUSTODIA.

3428 328 3536 391 946

294 474 3527 538 Ws:

1523 500 1655 509 ._—_-

790 661 1791 794 ΝΙΚΗΦυΡυΥ
1868 648 3037 789 ΜΟΝΑΖΟΝΤΟΣ

1824 897 2042 955 ΛΟΓΟΣ

612 1078 924 1169 ΠΕΡΙ
1018 1071 1559 1163 ΝΗΨΕΩΣ
1637 1068 1862 1154 ΚΑΙ
1962 1062 2594 1154 ΦΥΛΑΚΗΣ
2672 1056 3235 1145 ΚΑΡΔΙΑΣ

1352 1256 1452 1314 ΟΥ
1494 1255 1634 1309 ΤΗΣ
1675 1252 2057 1308 ΤΥΧΟΥΣΗΣ
2092 1248 2482 1302 ΩΦΕΛΕΙΛΣ.

927 1598 1975 1760 NICEPHORI
2097 1587 2972 1747 MONACHI

1701 1867 2155 1932 TRACTATUS

735 2057 882 2147 DE
951 2046 1700 2151 SOBBIETATE
1776 2043 1925 2129 ET
2041 2037 2471 2132 CORDIS
2538 2031 3135 2126 CUSTODIA

1237 2243 1658 2305 UTILITATIS
1706 2240 1859 2299 NON
1900 2230 2507 2294 CONTEMNENDAS
2542 2232 2641 2303 (I).

588 2402 794 2475 (Grece
847 2416 911 2454 ex
968 2395 1283 2458 Philocalia,
1335 2394 1440 2447 loc.
1495 2394 1590 2446 cit.
1622 2408 1635 2456 ;
1669 2390 1859 2443 Latine
1898 2402 1985 2457 ap.
2031 2383 2317 2439 Possinum
2391 2379 2650 2435 Tliesaur.
2688 2395 2873 2444 ascet.,
2927 2391 3114 2445 opiisc.
3179 2372 3272 2437 l7)

382 2744 543 2792 ὐσοι
565 2739 663 2807 τῆς
699 2731 1154 2806 μεγαλοπρεποῦς
1186 2728 1281 2785 τοῦ
1314 2726 1559 2795 Σωτῆρος
1590 2725 1745 2795 ἡμῶν
1790 2725 1894 2793 Ίηο
1920 2736 1957 2787 Α
1978 2730 2077 2797 τῆς
2106 2727 2377 2790 ἀπαθείας
2402 2726 2600 2797 λιμένα
2634 2729 2725 2781 καὶ
2760 2729 3015 2800 ἀνιδρωτὶ
3040 2730 3129 2783 τὸν
3158 2731 3361 2799 ταύτης
3400 2731 3565 2800 ὲργάο

308 2836 406 2891 σοῦ
460 2831 697 2902 Χριστοῦ
745 2828 935 2897 θεῖκῆς
983 2824 1358 2894 φωτοφανείας
1402 2822 1581 2891 τυχεῖν
1618 2816 1897 2886 ἐρωτικῶς

308 2933 485 2997 ἔχετε·
521 2928 635 2978 ὅσοι
687 2925 749 2974 τὸ
797 2919 1190 2988 ὑπερθυράνιον
1238 2916 1351 2984 πῦρ
1397 2910 1704 2982 καρδιακῶς
1738 2911 1797 2959 ἐν
1819 2910 1900 2959 αἰ-

308 3023 506 3089 σθήσει
564 3013 929 3078 ὑποδέξασθαι
989 3008 1265 3080 βούλεσθε·
1317 3009 1431 3059 ὅσοι
1460 3006 1558 3072 τῆς
1587 3003 1723 3073 πρὸς
1765 3000 1897 3053 Θεὸν

310 3105 662 3172 καταλλαγῆς
726 3103 896 3171 πείρᾳ
960 3101 1055 3153 καὶ
1102 3098 1353 3167 αἰσθήσει
1382 3095 1568 3163 τυχεῖν
1612 3089 1892 3142 σπεύδετεο

308 3204 427 3255 ὅσοι
449 3200 540 3252 τὸν
570 3195 846 3266 θησαυρὸν
870 3194 960 3245 τὸν
982 3193 1038 3243 ὲν
1068 3190 1145 3257 τῷ
1171 3188 1325 3257 ἀγρῷ
1354 3188 1463 3240 τῶν
1488 3184 1723 3254 καρδιῶν
1743 3183 1772 3234 ῦ
1782 3181 1898 3252 μῶν

308 3290 722 3361 κεκρυμμένον,
755 3286 892 3356 πρὸς
925 3285 986 3336 τὸ
1019 3283 1198 3352 εὑρεῖν
1224 3282 1314 3333 καὶ
1350 3277 1680 3348 κτήσασθαι,
1703 3275 1772 3328 τὰ
1802 3274 1896 3326 τοῦ

307 3387 520 3453 κόσμου
574 3382 791 3435 ἅπαντα
843 3373 1248 3445 άπεκτήσασθεο
1318 3374 1433 3425 ὅσοι
1494 3373 1616 3433 ταῖς
1650 3367 1898 3439 λαμπάσι

307 3481 432 3536 ταῖς
471 3475 733 3544 ψυχικαῖς
765 3469 1006 3539 φαιδρῶς
1034 3466 1340 3535 ἀναφθῆναι
1377 3462 1486 3516 ἀπὸ
1508 3461 1603 3514 τοῦ
1634 3461 1900 3531 παρόντος

310 3567 594 3638 βούλεσθε,
631 3566 726 3616 καὶ
754 3564 822 3615 τὰ
855 3561 1096 3630 παρόντα
1143 3559 1360 3610 ἅπαντα
1389 3553 1751 3617 ἀπετάξασθε·
1784 3553 1897 3604 ὅσοι

306 3666 369 3713 ἐν
421 3657 625 3726 γνώσει
684 3656 778 3707 καὶ
834 3654 1001 3722 πείρᾳ
1061 3651 1157 3718 τὴν
1212 3649 1318 3700 τῶν
1347 3647 1592 3717 οὐρανῶν
1624 3643 1898 3714 βασιλείαν

308 3751 527 3804 ἔνδοθεν
554 3748 582 3799 ὑ
591 3746 716 3816 μῶν
741 3744 906 3797 οὖσαν
933 3743 1136 3812 γνῶναι
1165 3744 1255 3793 καὶ
1291 3738 1477 3792 λαϐεῖν
1505 3740 1705 3801 θέλετε.
1741 3736 1898 3791 δεῦτε

304 3858 407 3910 καὶ
453 3856 788 3920 διηγήσομαι
840 3851 968 3917 ὑμῖν
1012 3847 1256 3905 αἰωνίου,
1298 3847 1498 3915 μᾶλλον
1551 3846 1605 3898 δὲ
1646 3845 1900 3916 οὐρανίου

310 3948 518 4018 Baeti};
550 3947 883 4015 ἐπιστήμην,
913 3943 947 4014 ἢ
974 3941 1172 4008 μᾶλλον
1199 3940 1443 4009 μέθοδον,
1467 3942 1687 4003 ἀκόπως
1714 3941 1794 4002 εἰς
1812 3939 1902 3992 τὸν

382 4222 712 4286 Quicunque
741 4220 1027 4289 magniﬁca
1060 4220 1279 4289 dignari
1311 4221 1603 4290 divinaque
1650 4221 1897 4275 Salvato-
1928 4224 1965 4278 Β

307 4318 387 4368 ris
410 4312 542 4365 Jesu
576 4313 781 4364 (Ilii-isti
819 4312 1185 4365 illustratione
1216 4322 1462 4364 amanter
1499 4313 1734 4379 cupitis:
1772 4313 1895 4382 qui-

304 4422 523 4474 cunque
546 4406 989 4472 supercoelestem
1041 4405 1222 4473 ignem
1250 4403 1375 4457 sinu
1408 4420 1472 4457 ac
1501 4421 1664 4459 sensu
1711 4407 1890 4459 cordis

302 4503 592 4570 suscipere
624 4502 834 4567 pmitns
866 4499 1230 4560 decrevistis;
1288 4500 1599 4568 quicunque
1648 4500 1887 4554 reconci-

304 4593 551 4647 liationis
584 4607 707 4644 eum
749 4589 855 4641 Deo
883 4591 1317 4655 experimentum
1380 4590 1641 4658 consequi
1713 4591 1885 4644 sensi-

304 4687 412 4739 bile
443 4683 682 4737 studetis
716 4699 730 4748 ;
784 4683 1105 4749 quicunque
1150 4680 1461 4734 thesaurum
1515 4682 1564 4732 iii
1599 4695 1729 4749 agro
1761 4682 1887 4734 abs-

305 4778 589 4829 ronditum
627 4772 1000 4842 penetralibus
1022 4772 1229 4825 intimis
1253 4774 1419 4825 vestri
1443 4771 1887 4825 cordisubtinere

305 4868 611 4935 repositum
631 4865 980 4929 desideratis,
1010 4880 1096 4917 res
1128 4865 1313 4917 mundi
1339 4878 1565 4918 cunetas
1599 4866 1883 4929 abdicate;

305 4961 626 5028 quicunque
678 4958 989 5025 lampadem
1045 4956 1408 5025 Spiritualiuni
1464 4955 1601 5009 festo
1656 4971 1718 5009 ac
1767 4958 1887 5008 laeto

301 5054 413 5117 jam
450 5055 579 5103 hinc
605 5050 730 5101 dnci
766 5050 1064 5115 ornarique
1116 5048 1279 5101 vultis
1334 5048 1557 5112 lumine,
1600 5048 1886 5115 prtesentia

309 5144 568 5196 universa
601 5140 808 5206 rejicite
834 5156 849 5205 ;
878 5141 1193 5207 quicunque
1228 5139 1560 5207 experientia
1601 5142 1887 5193 conscien-

307 5238 396 5288 tiae
421 5248 623 5287 arcana
653 5231 947 5285 residentis
968 5231 1110 5282 intra
1134 5244 1230 5283 vos
1265 5228 1414 5296 regni
1449 5229 1711 5283 cmlorum
1766 5244 1890 5297 per-

307 5326 495 5393 cipere
537 5322 785 5375 notitiam
838 5322 1041 5387 optatis
1074 5336 1089 5385 ;
1126 5321 1311 5372 adeste
1343 5319 1468 5383 huc,
1508 5330 1561 5372 et
1586 5320 1884 5374 edisseram

309 5417 467 5470 vobis
511 5426 785 5482 perpetua:
829 5424 923 5465 aut
955 5414 1137 5480 potius
1170 5412 1410 5464 cuzlestis
1446 5412 1568 5464 vita:
1622 5412 1883 5467 rationein

310 5509 708 5571 scientilicani,
750 5519 813 5556 ac
845 5505 1160 5557 tnettioduin
1192 5502 1346 5569 cujus
1384 5503 1474 5569 qui
1501 5503 1723 5555 ductum
1756 5520 1888 5572 ope-

312 5602 485 5653 rando
519 5599 674 5666 sequi
710 5597 1008 5659 curaverit,
1048 5596 1205 5649 facile
1244 5610 1307 5649 ac
1335 5597 1471 5648 citra
1513 5594 1767 5649 sudorem
1833 5599 1885 5648 in

1984 2836 2080 2889 την
2118 2820 2467 2888 εἰσάγουσαν,
2493 2822 2761 2891 μηδεμίαν
2788 2824 2996 2892 πλάνην
3024 2823 3057 2892 ἢ
3089 2824 3317 2892 πτόησιν
3350 2824 3413 2875 ἐκ
3452 2823 3566 2876 δαι⁴

1986 2912 2163 2980 μόνων
2224 2913 2683 2984 δειματουμένην,
2728 2914 2888 2983 μόνον
2940 2915 2995 2967 δὲ
3036 2916 3154 2967 τότε
3198 2917 3563 2986 πτοουμένην,

1982 3004 2069 3055 ὅτε
2135 3003 2335 3069 ἔξωθεν
2388 3007 2487 3075 τῆς
2519 3006 2684 3075 ζωῆς,
2716 3008 2783 3076 ἣν
2827 3008 2955 3076 ὑμῖν
3002 3008 3340 3077 ὑφηγοῦμαι,
3378 3010 3567 3080 πόρῥω

1984 3113 2090 3147 που
2126 3096 2191 3147 ὲκ
2220 3099 2508 3166 παρακοῆς
2558 3097 2928 3167 διατρίϐομεν,
2977 3099 3229 3169 καθάπερ
3258 3100 3427 3152 πάλαι
3474 3102 3567 3154 καὶ

1984 3188 2013 3237 ὁ
2047 3185 2218 3255 ’Δδὰμ
2255 3187 2355 3254 τῆς
2384 3188 2606 3257 ἐντολῆς
2655 3188 2750 3241 τοῦ
2798 3188 2936 3242 Θεοῦ
2989 3192 3461 3262 κατολιγωρήσας,
3490 3193 3568 3263 τῷ

1987 3278 2107 3345 ὕφει
2136 3280 2193 3332 δὲ
2224 3279 2499 3347 φιλιάσας,
2546 3282 2641 3334 καὶ
2693 3283 2884 3336 πιστὸν
2935 3284 3303 3354 ἡγησάμενος.
3339 3287 3433 3337 καὶ
3473 3286 3567 3339 τοῦ

1990 3370 2205 3442 καρποῦ
2234 3374 2333 3439 τῆς
2372 3373 2591 3443 ἀπάτης
2621 3374 2897 3427 ὑπἀὐτοῦ
2926 3377 3247 3445 κατακόρως
3282 3378 3567 3447 πλησθεὶς,

1988 3465 2069 3526 εἰς
2108 3464 2358 3534 πυθμένα
2407 3465 2660 3529 θανάτου,
2696 3467 2920 3529 σκότους
2958 3485 3017 3520 τε
3061 3467 3175 3537 ἅμα
3225 3470 3318 3521 καὶ
3348 3469 3570 3536 διαφθο-

1991 3560 2091 3626 ρᾶς
2142 3559 2389 3622 ἐλεεινῶς
2439 3562 2649 3622 ἑαυτὸν,
2703 3561 2794 3613 καὶ
2833 3563 2955 3625 τοὺς
3015 3564 3134 3630 μετ’
3169 3564 3332 3616 αὑτὸν
3363 3562 3571 3627 πάντας

1990 3653 2309 3711 κατέϐαλεν.
2343 3653 2552 3706 Οὐκοῦν
2598 3655 2960 3722 ὲπανάγεσθε,
3001 3656 3198 3725 μᾶλλον
3242 3656 3299 3708 δὲ
3328 3657 3571 3726 τάληθέ-

1996 3762 2181 3815 στερον
2208 3748 2406 3809 εἰπεῖν,
2430 3748 2816 3815 ἐπανέλθωμεν
2846 3748 2982 3817 πρὸς
3035 3749 3284 3811 ἑαυτοὺς,
3327 3750 3567 3820 ἀδελφοὶ,

1990 3838 2089 3907 τὴν
2137 3839 2231 3890 τοῦ
2281 3839 2457 3907 ὄφεως
2526 3841 2857 3910 συμϐουλὴν,
2896 3843 2987 3895 καὶ
3020 3842 3118 3913 τὴν
3142 3845 3278 3913 πρὸς
3314 3844 3381 3896 τὰ
3406 3846 3578 3915 χαμαὶ

1994 3928 2265 3998 συρόμενα
2315 3932 2618 4001 περιφορὰν
2678 3932 2913 3986 εἰσάπαν
2958 3934 3449 4005 ἀποστυγούμενοι.
3503 3938 3578 3989 Οὐ

1996 4231 2209 4288 portum
2238 4223 2543 4290 tranquilla:
2571 4238 2599 4274 a
2636 4223 3141 4289 perturbationibus
3172 4222 3376 4291 quietis
3399 4218 3573 4277 intro-

1992 4314 2215 4366 ductum
2249 4329 2369 4366 sese
2425 4315 2704 4382 gratulans
2738 4313 2967 4377 sentiet,
3024 4312 3226 4366 nullam
3256 4312 3325 4368 de
3370 4297 3570 4368 ἀίει-ο

1994 4405 2237 4458 timentis
2266 4421 2293 4458 a
2343 4406 2680 4459 tim-monibus
2722 4404 3096 4458 seductionem
3154 4422 3219 4459 cx
3274 4422 3379 4475 qua
3411 4410 3569 4477 sequi

1991 4499 2177 4563 lapsus
2200 4507 2385 4565 queat,
2420 4500 2637 4565 quando
2666 4509 2818 4549 extra
2860 4497 3046 4558 vitam,
3085 4496 3245 4564 cujus
3274 4498 3570 4551 informare

1992 4592 2145 4645 vobis
2180 4592 2354 4645 ideam
2426 4592 2527 4643 hac
2586 4602 2831 4644 oratione
2876 4589 3084 4653 ordior,
3132 4592 3449 4658 longissime
3500 4594 3568 4644 ob

1994 4683 2420 4737 inobedientiam
2450 4686 2822 4737 versabantur.
2856 4682 3007 4735 Sicut
3033 4682 3159 4736 olim
3184 4682 3382 4747 Adam,
3416 4698 3568 4735 inan-

1996 4773 2127 4825 dato
2158 4786 2210 4827 et
2242 4774 2349 4827 Deo
2374 4782 2555 4842 spreto
2577 4812 2592 4835 ,
2628 4774 2925 4826 i'tederatus
2960 4771 3223 4840 serpenti,
3258 4781 3311 4826 et
3334 4788 3452 4825 eum
3482 4789 3569 4826 ve-

1995 4864 2074 4917 lut
2110 4867 2319 4919 ﬁdelem
2352 4871 2542 4919 ducem
2596 4882 2852 4933 sequens,
2904 4865 3191 4932 fructuque
3228 4863 3569 4933 deceptionis

1994 4958 2063 5009 ab
2099 4974 2164 5011 eo
2193 4974 2365 5026 usque
2410 4958 2475 5011 ad
2535 4961 2841 5011 satietatem
2882 4968 3091 5025 pastus,
3135 4958 3187 5009 in
3242 4956 3563 5027 profundam

1992 5052 2185 5105 inertis
2244 5049 2483 5115 foveam,
2542 5052 2999 5118 tenebraruinque
3077 5065 3140 5102 ac
3196 5030 3563 5117 corruptionis

1994 5144 2376 5199 miserabiliter
2394 5145 2633 5215 seipsum
2662 5145 3038 5214 priecipitavit,
3073 5158 3313 5213 suosque
3344 5158 3448 5197 una
3480 5157 3564 5197 se-

1992 5250 2114 5289 cum
2155 5237 2442 5292 universos
2478 5249 2748 5306 posteros.

2064 5327 2235 5394 Igitur
2267 5332 2621 5392 revertimini,
2654 5341 2773 5395 aut,
2804 5338 2861 5382 nt
2892 5330 3100 5397 aequius
3131 5339 3295 5396 atque
3318 5324 3374 5379 in
3414 5341 3561 5381 com-

1992 5431 2154 5468 mune
2182 5418 2367 5469 utilius
2396 5417 2632 5481 dicatur,
2669 5430 3003 5471 revertamur
3033 5420 3099 5470 ad
3131 5427 3231 5471 nos
3250 5417 3419 5482 ipsos,
3453 5417 3560 5469 fra-

1997 5515 2136 5568 tres,
2179 5509 2466 5559 consilium
2505 5524 2791 5578 serpentis,
2850 5522 2904 5562 ct
2952 5510 3344 5569 aberrationetn
3382 5507 3450 5563 ad
3490 5524 3562 5565 ta

1992 5615 2109 5666 que
2153 5601 2409 5653 deorsum
2468 5603 2757 5654 trahuntur
2809 5605 2976 5656 semel
3032 5603 3081 5653 in
3132 5612 3293 5656 omne
3352 5611 3566 5676 tempus

371 5739 447 5797 it)
514 5742 869 5797 Interpieutio
910 5738 1073 5789 Palris
1126 5736 1314 5786 l’ossini
1373 5738 1492 5785 adeo
1523 5736 1711 5796 prolixa
1739 5742 1811 5784 est
1841 5745 1889 5785 ut
1919 5740 2137 5788 (irarum
2165 5748 2360 5790 textum
2416 5746 2601 5791 triente
2636 5744 2694 5791 ad
2734 5740 2985 5791 minimum
3010 5750 3215 5796 superet
3238 5756 3249 5800 ;
3271 5754 3375 5791 eam
3401 5741 3515 5796 idne
3544 5753 3570 5790 ε

319 5818 529 5865 iesione
551 5815 737 5861 ponere
761 5816 856 5849 non
880 5808 1148 5860 potuimus.
