4234 6446
669 424 772 490 947

1887 418 2303 477 NlCEPllORl
2347 419 2692 479 MONACIII

3830 415 3935 477 948

674 557 783 622 γὰρ
813 551 927 604 ἐστι
970 551 1072 621 τὴν
1114 551 1246 620 πρὸς
1293 551 1425 602 θεὸν
1459 551 1806 618 καταλλαγὴν
1861 568 1950 601 και
1980 551 2257 602 οἱκεὶωσιν
2281 551 2319 601 Α
2348 546 2674 616 ἐτάχθημεν.
2706 549 2764 599 Ei
2806 549 2861 603 δέ
2898 567 2978 612 τις
3012 549 3319 620 Νικόδημος
3359 549 3512 610 ἄλλος
3544 548 3738 619 ὀφθείη
3778 551 3931 617 φιλο-

672 645 848 707 ἄλλως
879 645 1028 713 ἡμᾶς
1063 646 1322 713 ἐντυχεῖν,
1358 646 1406 695 εἰ
1439 644 1512 713 μὴ
1545 645 1809 713 πρότερον
1842 645 1978 711 πρὸς
2009 645 2255 704 ἑαυτοὺς,

675 737 803 788 ὅσον
843 736 904 787 τὸ
945 736 1030 802 ἐφ’
1059 737 1213 804 ἡμῖν,
1251 736 1655 804 ἐπανέλθωμεν,
1691 737 1723 805 ἦ
1769 736 1967 805 μᾶλλον
2006 736 2260 790 εἰσέλθω-

680 845 780 895 μεν
805 843 818 856 ο
851 827 912 878 τὸ
943 828 1051 896 γὰρ
1080 826 1404 896 παράδοξον,
1440 827 1546 879 ἀπὸ
1607 828 1705 897 τῆς
1738 827 1828 879 τοῦ
1859 828 2065 896 κόσμου
2105 845 2258 897 περι-

679 920 873 988 φορᾶς,
905 920 996 972 καὶ
1026 920 1123 988 τῆς
1179 921 1413 988 ματαίας
1469 919 1738 990 μερίμνης
1781 921 2004 982 ἑαυτοὺς
2034 921 2260 992 ἀποσχῐο

681 1011 886 1074 ζοντες,
910 1013 1044 1082 πρὸς
1073 1012 1128 1064 δὲ
1155 1012 1254 1083 τὴν
1293 1012 1442 1074 ἐντὸς
1465 1015 1495 1080 ἠ
1506 1012 1620 1081 μῶν
1647 1008 1813 1065 οὖσαν
1853 1012 2130 1081 βασιλείας
2152 1013 2262 1066 τῶν

684 1103 952 1172 οὐρανῶν,
1008 1105 1418 1173 ἀσυγχωρήτως
1472 1105 1815 1174 κατέχοντες.
1851 1105 1949 1156 Διὰ
1973 1104 2130 1156 τοῦτο
2152 1105 2260 1173 γὰρ

683 1199 843 1267 τέχνη
870 1197 1092 1266 τεχνῶν,
1137 1199 1229 1248 καὶ
1255 1198 1531 1266 ἐπιστήμη
1582 1197 1900 1265 ἐπιστημῶν
1933 1199 1964 1264 ἡ
2001 1197 2261 1266 μοναδικὴ

688 1288 936 1340 πολιτεία
987 1289 1322 1354 ὠνόμασται,
1351 1287 1535 1355 ἐπειδὴ
1561 1287 1658 1354 οὐχ
1679 1287 1879 1355 ὁμοίως
1910 1288 2018 1339 τῶν
2046 1287 2262 1355 φθειρο-

693 1382 868 1448 μένων
911 1381 1134 1432 τουτωνὶ
1188 1381 1549 1448 πραγμάτων,
1586 1381 1732 1431 ἐστὶν
1773 1381 1904 1449 ἡμῖν
1949 1370 2262 1449 πρόξενοςή

691 1476 811 1526 ὅσια
866 1473 1026 1540 αὕτη,
1065 1474 1151 1524 ἵνα
1213 1471 1467 1540 καὶπρὸς
1503 1472 1642 1523 αὐτὰ
1705 1472 1794 1523 τὸν
1827 1467 2127 1540 νοῦνῆμῶν
2158 1471 2266 1523 ἀπὸ

692 1564 801 1615 τῶν
863 1565 1189 1632 κρειττόνων
1269 1562 1779 1631 μετοχετεύσαντες.
1870 1562 2263 1630 καταχωννύω·

701 1671 831 1724 μεν·
881 1656 1016 1708 ἀλλὰ
1075 1655 1196 1719 ξένα
1256 1656 1378 1707 τινὰ
1439 1656 1530 1707 καὶ
1595 1655 1881 1724 ἀπόρρητα
1927 1655 2108 1722 ἀγαθὰ
2141 1657 2270 1725 ἡμῖν

699 1747 1126 1814 ἐπαγγέλλεται·
1161 1767 1177 1798 ι
1223 1749 1288 1800 Ἀ
1319 1747 1594 1816 ὀφθαλμὸς
1626 1748 1726 1799 οὐκ
1759 1744 1889 1811 εἶδε,
1926 1748 2016 1800 καὶ
2046 1743 2138 1810 οῦς
2173 1748 2273 1800 οὐκ

700 1840 926 1908 ἤκουσε,
962 1839 1054 1890 καὶ
1086 1839 1177 1890 ἐπὶ
1211 1840 1437 1908 καρδίαν
1461 1841 1750 1909 ἀνθρώπου
1775 1841 1873 1892 οὐκ
1902 1839 2090 1909 ἀνέϐη.
2129 1841 2270 1893 Κάν·

2351 637 2546 689 νεικῶν
2603 641 2660 689 ἐν
2719 640 2948 700 τούτοις,
3007 640 3101 692 καὶ
3155 641 3368 708 λέγων·
3415 641 3534 703 Πῶς
3561 641 3785 694 δύναταί
3825 660 3931 701 τις.

2351 730 2408 778 ἐν
2437 732 2502 800 τῇ
2552 730 2750 800 καρδία
2805 732 3274 796 εἱσελευσόμενος,
3337 733 3453 784 ἐκεῖ
3499 733 3852 800 ἐργάζεσθαι,
3901 732 3933 800 ἦ

2351 820 2681 889 διατρίϐειν;
2745 819 2934 890 ῶσπερ
2994 823 3199 884 ἐκεῖνος
3245 821 3323 892 τῷ
3384 822 3598 892 Σωτῆρι
3638 823 3936 892 ἁντέψησε,

2360 932 2376 963 ι
2413 914 2530 973 Πῶ;
2559 914 2781 968 δύναταὶ
2830 933 2912 977 τις
2947 916 3024 977 εἰς
3057 915 3152 984 τὴν
3176 915 3382 968 κοιλίαν
3415 915 3514 983 τῆς
3541 916 3744 984 μητρὸς
3767 915 3938 968 αὑτοῦ

2353 1007 2607 1080 δεύτερον
2635 1008 2914 1074 εἰσελθεῖν,
2946 1010 3036 1060 καὶ
3063 998 3389 1078 γεννηθῆναι
3409 1009 3588 1077 ’γέρων
3607 1009 3681 1059 ῶν
3704 1056 3715 1073 ,
3746 1010 3940 1060 »ἁκού-

2361 1118 2512 1153 σεται
2569 1102 2660 1154 καὶ
2715 1101 2911 1161 αὐτός’
2956 1101 3038 1151 ὅτι
3068 1100 3141 1152 Τὸ
3172 1097 3415 1166 Πνεῦμα,
3455 1099 3589 1150 ὅπου
3627 1098 3769 1149 θέλει
3796 1099 3940 1151 πνεῖ.

2361 1197 2471 1249 Καὶ
2501 1197 2549 1247 εἰ
2575 1198 2652 1256 εἰς
2680 1195 2748 1246 τὰ
2761 1194 2861 1262 τῆς
2885 1194 3197 1264 πρακτικῆς
3219 1192 3378 1263 ἔργα,
3408 1191 3580 1253 οὕτως
3605 1190 3946 1260 apposue-

2366 1307 2465 1358 μεν
2493 1287 2871 1349 ἀπιστοῦντες,
2891 1287 3033 1349 -πῶς
3073 1288 3140 1338 τὰ
3167 1285 3266 1355 τῆς
3293 1286 3528 1355 θεωρέας
3555 1286 3684 1353 ἡμῖν
3717 1282 3945 1334 ἐπελεύ-

2366 1399 2552 1446 σεται;
2606 1382 2837 1450 θεωρίας
2897 1369 3005 1450 γὰρ
3050 1379 3304 1442 ἐπίϐασις
3358 1381 3658 1447 πρακτική.
3699 1378 3851 1427 Ἐπεὶ
3893 1376 3950 1427 δὲ

2365 1477 2654 1545 γραφικῶν
2668 1473 2993 1536 ἀποδείξεων
3010 1475 3160 1538 ἄνευ,
3185 1471 3665 1540 πληροφορηθῆναι
3688 1467 3765 1535 τῷ
3777 1467 3836 1519 οῦ
3847 1485 3952 1529 τως

2365 1571 2734 1624 ὃιαπιστοῦντι
2770 1568 3052 1629 ἀδύνατον,
3089 1567 3221 1636 φέρε
3275 1567 3400 1624 τοῦς
3448 1564 3554 1613 τῶν
3601 1563 3772 1627 ἁγίων
3803 1560 3955 1626 βίους

2370 1664 2465 1715 καὶ
2493 1662 2561 1714 τὰ
2611 1661 2903 1732 ἐγγράφως
2937 1659 3026 1712 ὑπ’
3063 1658 3244 1710 αὐτῶν
3277 1655 3590 1710 ἐκτεθέντα,
3623 1654 3700 1711 εἰς
3740 1651 3955 1702 πολλῶν

2371 1756 2636 1825 ὠφέλειαν
2668 1759 2724 1806 ἐν
2756 1755 2930 1822 τούτῳ
2953 1751 3026 1820 τῷ
3049 1751 3190 1819 λόγῳ
3213 1749 3543 1816 ἐντάξωμεν,
3564 1748 3649 1799 ἵνα
3677 1748 3738 1797 ἐκ
3761 1744 3954 1795 τούτου

2374 1849 2887 1920 πληροφορούμενος
2964 1847 3145 1898 πᾶσαν
3227 1840 3558 1910 ἀμφιϐολίαν
3641 1837 3955 1902 ἀπώσηται.

701 1930 911 1988 τεῦθεν,
941 1931 1058 1983 οὐδὲ
1090 1931 1286 2001 ἡπάλη
1318 1933 1449 2000 ἡμῖν
1473 1933 1588 1984 ἐστι
1613 1935 1746 2002 πρὸς
1776 1927 1913 2001 αἷμα
1947 1933 2040 1985 καὶ
2073 1934 2274 2003 σάρκα,
2302 1925 2341 1978 Β
2378 1940 2620 1994 Ἀνωθεν
2641 1940 2699 1993 δὲ
2726 1939 2785 2002 ἐξ
2809 1936 2971 1992 αὑτοῦ
3012 1936 3106 1989 τοῦ
3149 1935 3360 2004 Harpe;
3395 1931 3552 2000 ἡμῶν
3575 1927 3668 1980 τοῦ
3711 1925 3954 1995 μεγάλου

704 2024 838 2076 ἀλλὰ
869 2025 1005 2094 προς
1032 2025 1125 2088 τὰς
1164 2024 1361 2094 ἀρχὰς,
1403 2028 1537 2095 πρὸς
1573 2027 1669 2086 τὰς
1698 2027 1966 2090 ἐξουσίας,
1996 2029 2134 2098 πρὸς
2150 2030 2278 2091 τοὺς

708 2119 1154 2186 κοσμοκράτορας
1178 2119 1272 2170 τοῦ
1307 2119 1533 2182 σκότους
1563 2119 1655 2171 τοῦ
1690 2121 1882 2182 αἰῶνος
1925 2121 2137 2174 τούτου.
2167 2141 2186 2173 ›
2216 2122 2278 2173 Ei

709 2205 800 2260 οὖν
855 2211 1042 2271 σκότος
1094 2213 1121 2262 ὁ
1177 2209 1366 2279 παρὼν
1405 2212 1558 2272 αἰὼν,
1594 2212 1920 2282 φευξώμεθα
1960 2214 2056 2266 ἀπ’
2092 2214 2279 2276 αὐτοῦ,

713 2301 1038 2367 φευξώμεθα
1099 2303 1153 2353 δὲ
1183 2303 1259 2370 τῷ
1294 2304 1560 2371 νοήματι·
1592 2305 1758 2372 μηδὲν
1803 2307 1979 2357 κοινὸν
2009 2309 2140 2375 ἡμῖν
2192 2309 2283 2359 καὶ⁸

712 2392 789 2458 τῷ
814 2392 993 2460 ἐχθρῷ
1020 2393 1113 2444 τοῦ
1142 2393 1275 2446 Θεοῦ
1298 2412 1309 2424 ·
1348 2395 1374 2445 ὁ
1396 2395 1502 2464 γὰρ
1536 2395 1818 2464 βουληθεὶς
1849 2397 2092 2463 φιλιάσαι
2115 2398 2282 2466 αὐτῷ,

713 2483 907 2551 ἐχθρὸς
938 2483 1031 2536 τοῦ
1061 2484 1194 2536 Θεοῦ
1246 2485 1588 2546 καθίσταται,
1627 2486 1698 2554 τῷ
1735 2487 1790 2538 δὲ
1832 2485 2010 2555 ἐχθρῷ
2044 2487 2288 2552 γεγονότι

717 2576 850 2626 Θεοῦ
887 2578 967 2637 τίς
1000 2576 1264 2645 βοηθῆσαι
1313 2577 1559 2642 δύναται;
1597 2580 1693 2630 Διά
1733 2577 1890 2629 τοῦτο
1921 2577 2290 2647 μιμησὼμεθα

716 2671 840 2731 τοὺς
895 2671 1137 2739 πατέρας
1182 2669 1362 2739 ἡμῶν,
1419 2671 1512 2722 καὶ
1563 2672 1654 2721 τὸν
1708 2671 1855 2731 ἐντὸς
1900 2670 2006 2720 τῶν
2055 2669 2291 2737 καρδιῶν

719 2763 876 2830 ἡμῶν
911 2762 1204 2832 θησαυρὸν,
1238 2763 1312 2824 ὡς
1355 2764 1620 2822 κάκεῖνοι,
1653 2763 2008 2832 ζητήσωμεν
2041 2763 2134 2812 καὶ
2168 2759 2292 2812 τοῦ·

721 2869 814 2904 τον
839 2853 1109 2922 εὑρόντες,
1157 2852 1449 2922 κρατῶμεν
1482 2853 1757 2923 κραταιῶς
1788 2853 1948 2919 ἄγαν,
1991 2851 2294 2921 ἐργαζόμε-

723 2962 803 2996 νοι
826 2944 959 3012 ὁμοῦ
994 2947 1084 2997 καὶ
1144 2945 1532 3011 φυλάσσοντες·
1587 2946 1664 3007 εἰς
1722 2945 1882 2996 τοῦτο
1907 2944 2015 3012 γὰρ
2040 2943 2097 3006 ἐξ
2124 2942 2297 3012 ἀρχῆς

711 3137 1001 3189 aversione
1037 3149 1250 3189 summa
1306 3141 1632 3202 respucntes
1662 3149 1678 3198 ;
1714 3148 1823 3186 non
1853 3134 2000 3188 enim
2063 3137 2313 3190 reconci-

2379 2050 2469 2100 τὸν
2508 2047 2662 2112 λόγον
2715 2042 3032 2113 ἁρξαμενοι,
3077 2037 3167 2088 ἐπὶ
3201 2037 3327 2095 τοὺς
3369 2032 3625 2099 καθεξῆς.
3660 2033 3782 2083 ὅσον
3807 2034 3958 2083 ἐστὶν

2385 2136 2773 2207 ἑμοὶδυνατὸν.
2803 2135 2927 2194 τοὺς
2972 2132 3159 2197 λόγους
3201 2128 3295 2180 καὶ
3340 2126 3438 2187 τὰς
3484 2124 3710 2193 πράξεις
3752 2124 3963 2174 τούτων

2389 2230 2627 2302 μερικῶς
2673 2225 3039 2289 συλλέξαντες,
3075 2221 3208 2290 πρὸς
3243 2219 3502 2271 πίστωσιν
3560 2215 3960 2283 παραθὼμεθα.

2398 2446 2497 2498 Ἐκ
2543 2441 2649 2495 τοῦ
2691 2441 2839 2504 ,ϐίον
2898 2437 3006 2491 τοῦ
3055 2436 3234 2557 όσίιῗυ
3300 2434 3532 2501 Πατρός
3595 2432 3767 2500 ἡμῶν
3835 2433 3966 2485 Ἂν-

3056 2523 3170 2557 των
3197 2523 3292 2557 ου.

3056 2523 3292 2559 ttuer.

2463 2673 2793 2743 Εἱσήρχοντό
2840 2689 2971 2724 ποτε
3024 2668 3160 2739 πρὸς
3193 2668 3286 2720 τὸν
3340 2665 3515 2718 ἀ66ἇν
3555 2661 3836 2715 ’Λντώνιον
3876 2661 3974 2712 δύο

2392 2765 2605 2834 ἀδελφοί
2632 2781 2644 2792 '
2674 2765 2768 2817 καὶ
2799 2763 3079 2832 λείψαντος
3107 2761 3287 2821 αὐτοῖς
3307 2761 3365 2810 ὲν
3393 2759 3460 2826 τῇ
3502 2754 3605 2824 ὀδῷ
3633 2754 3722 2805 τοῦ
3758 2752 3971 2812 ὕδατος,

2391 2857 2420 2908 ὁ
2458 2855 2554 2925 μὲν
2581 2848 2660 2916 εἷς
2693 2853 2949 2915 ἀπέθανε,
2981 2855 3008 2904 ὁ
3035 2851 3092 2902 δὲ
3136 2850 3321 2918 ἕτερος
3352 2845 3542 2915 ἔμελλε
3565 2861 3578 2872 '
3609 2844 3805 2914 μηκέτι
3841 2843 3977 2907 γοῦν

2398 2949 2594 3016 ἰσχύων
2615 2944 2844 3008 ὁδεύειν,
2876 2945 3053 2997 ἔκειτο
3081 2944 3175 2995 καὶ
3214 2941 3374 3003 αὖτις
3409 2939 3500 2992 ἐπὶ
3523 2937 3620 3005 τῆς
3649 2937 3750 3004 γῆς
3792 2937 3980 2987 τεθνή-

2425 3134 2569 3189 intra
2603 3137 2768 3190 corda
2814 3142 3000 3190 nostra
3032 3132 3308 3189 defossum
3346 3139 3506 3201 prout
3559 3131 3665 3201 ipsi
3719 3131 4000 3204 fecerunt,

710 3229 989 3282 liationem
1041 3226 1210 3280 nostri
1260 3240 1384 3278 cum
1440 3223 1572 3290 Deo,
1602 3235 1656 3278 et
1716 3224 2144 3281 familiaritatem
2179 3218 2370 3297 ejusC
2404 3227 2552 3280 omni
2614 3227 2896 3296 diligentia
2952 3239 3311 3296 quaramus:
3375 3234 3431 3278 et
3483 3221 3630 3278 hunc
3687 3235 3989 3293 postquam

711 3321 970 3389 consequi
1041 3335 1277 3388 unquam
1314 3319 1635 3388 poterimus,
1661 3319 1766 3372 nisi
1790 3334 1892 3372 nos
1916 3321 2092 3387 prlus.
2119 3336 2293 3388 quan-

712 3426 828 3465 tum
862 3411 1045 3468 eritin
1089 3411 1270 3473 nobis.
1325 3410 1532 3464 reversi
1598 3410 1886 3469 fuerimus.
1943 3420 2040 3463 aut
2107 3412 2292 3476 potius

713 3505 974 3571 primum,
1013 3514 1065 3556 et
1099 3513 1294 3569 praeter
1322 3503 1653 3555 anteriorem
1685 3516 1842 3554 usum
1881 3500 2112 3570 ingressi
2147 3502 2292 3556 viam

713 3612 932 3650 sursum
959 3603 1162 3647 rectam
1193 3607 1222 3645 a
1258 3593 1425 3646 stulta
1459 3608 1553 3661 per
1603 3592 1895 3645 circuitum
1925 3591 2292 3654 deerratiom,

714 3705 818 3758 qua
853 3687 1089 3742 mundus
1141 3685 1452 3750 abducitur,
1495 3694 1549 3738 et
1594 3701 1620 3736 a
1680 3701 1814 3738 cura
1872 3702 2054 3738 rerum
2109 3687 2292 3739 saeculi

714 3798 818 3835 nos
849 3781 994 3848 ipsos
1018 3778 1442 3855 abscindentes;
1485 3776 1537 3828 in
1589 3778 1888 3833 constituto
1931 3787 2113 3830 autem
2151 3778 2294 3830 intra

713 3887 811 3926 noc
840 3871 932 3924 Dei
975 3884 1140 3940 regno
1195 3879 1429 3922 mentem
1468 3866 1736 3923 indivulse
1766 3880 2010 3923 nostram
2047 3877 2295 3925 tenentes

714 3964 953 4017 allium.
981 3963 1211 4030 Propter
1242 3960 1344 4013 hoc
1394 3960 1539 4013 enim
1579 3976 1672 4014 ars
1730 3961 1928 4014 artium
1964 3971 2019 4015 et
2069 3961 2296 4015 scientia

714 4056 1070 4110 scientiarum
1096 4054 1202 4105 vita
1231 4053 1535 4106 monastica
1565 4053 1842 4106 nominata
1874 4061 1976 4106 est.
2005 4051 2120 4106 Non
2148 4062 2294 4107 enim

717 4157 903 4201 sancta
972 4145 1088 4197 [nec
1155 4143 1447 4212 disciplina
1520 4143 1697 4197 simile
1767 4144 1929 4198 habet
2001 4145 2295 4212 quidquam

716 4257 838 4292 eum
868 4238 1188 4307 vulgaribus
1255 4236 1538 4289 hominum
1603 4236 1874 4291 institutis
1923 4246 2088 4306 atque
2137 4237 2298 4290 indu-

719 4330 1136 4420 sit'iis‘eunctis
1169 4329 1222 4380 in
1250 4327 1299 4380 id
1339 4328 1565 4380 intentis
1588 4338 1646 4380 ut
1695 4340 1928 4382 mentem
1980 4338 2224 4383 nostram
2269 4345 2298 4382 a

719 4417 1040 4475 melioribus
1064 4417 1330 4471 deﬂexam
1360 4419 1412 4470 in
1468 4418 1576 4470 ima
1625 4428 1952 4489 terrenaque
1991 4420 2296 4489 dejiciant;

718 4529 936 4575 verum,
981 4511 1089 4563 alin
1121 4513 1278 4577 longe
1308 4509 1538 4570 ducena.
1601 4512 1741 4563 mira
1772 4523 1826 4564 et
1877 4511 2176 4566 ineﬂabilia
2209 4529 2298 4567 os-

725 4616 897 4660 tentat
925 4617 979 4658 et
1011 4604 1276 4674 promittit
1306 4608 1472 4667 bona,
1503 4603 1684 4672 qualia
1723 4623 1740 4654 ι
1772 4601 1881 4658 Nec
1901 4606 2094 4660 oculus
2145 4607 2303 4671 vidit,

728 4717 828 4754 nec
860 4700 1010 4752 auris
1043 4697 1272 4759 audivit,
1307 4711 1480 4764 neque
1515 4696 1569 4748 in
1599 4711 1693 4748 cor
1753 4696 1992 4752 hominis
2040 4698 2305 4753 ascende-

727 4793 930 4856 νιιηι,¹›
973 4789 1116 4843 unde
1149 4803 1328 4856 neque
1370 4786 1724 4841 «Colluctatio
1769 4789 1926 4841 nobis
1987 4798 2070 4842 est
2108 4790 2301 4843 adver-

727 4900 820 4936 sus
853 4896 1072 4934 carnem
1104 4889 1160 4932 et
1199 4878 1546 4956 sanguinem,
1582 4877 1676 4930 sed
1707 4877 1970 4932 adversus
2026 4878 2304 4948 principa-

727 4985 816 5026 tus
846 4982 899 5024 et
931 4980 1247 5039 potestates,
1274 4970 1536 5024 adversus
1573 4969 1759 5021 mundi
1797 4978 2033 5024 tectores
2057 4971 2306 5025 tenebra-

727 5083 846 5118 runt
877 5064 1039 5132 hujus
1061 5063 1322 5116 saeculi)»
1351 5063 1405 5114 Si
1427 5077 1557 5128 ergo
1579 5077 1818 5130 praesens
1864 5063 2122 5116 stt-culum
2158 5073 2306 5117 tene-

727 5159 839 5210 ιιι-ω
854 5165 958 5219 est,
981 5156 1252 5224 fugiamus
1269 5157 1336 5206 ab
1356 5157 1472 5223 ipso
1493 5170 1560 5207 ne
1582 5169 1704 5206 eum
1729 5155 1846 5222 ipso
1867 5170 2175 5223 pereamus.
2201 5155 2306 5211 Fu-

730 5260 941 5316 giamus
969 5260 1215 5314 corpore,
1273 5248 1544 5314 lugiamus
1561 5259 1833 5306 sermone,
1858 5244 2132 5316 fugiamus
2153 5251 2304 5317 τοδί-

733 5339 977 5400 ratione;
1014 5339 1144 5390 nihil
1186 5337 1315 5390 mi'..i
1352 5353 1640 5390 commune
1658 5339 1867 5390 sitcum
1894 5338 1982 5393 Dei
2005 5345 2177 5395 hoste.
2200 5341 2303 5407 Qui

736 5431 1116 5484 cuiinvoluerit
1155 5433 1330 5484 amico
1375 5432 1470 5483 illo
1517 5431 1618 5494 uti,
1667 5431 1922 5487 inimicus
1973 5431 2067 5486 Dei
2096 5436 2305 5489 consti-

739 5525 930 5576 tuitur.
951 5521 1008 5574 Ei
1042 5539 1199 5588 porro
1233 5525 1324 5591 qui
1358 5521 1466 5576 Deo
1501 5522 1666 5578 fuerit
1700 5523 1976 5591 inimicus,
1997 5528 2120 5595 quis
2149 5529 2303 5579 auxi-

741 5615 854 5670 liari
887 5622 1062 5679 potest
1084 5612 1106 5664 ἲ

801 5702 1283 5777 Quareimitemur
1327 5703 1514 5758 Patres
1561 5716 1796 5765 nostros.
1854 5717 1907 5761 et
1977 5713 2292 5764 thesaurum

807 5874 834 5918 δ’
895 5879 1017 5949 Cor.
1049 5904 1109 5953 ιι,
1143 5885 1194 5939 9.

1277 5885 1293 5914 ⁸
1328 5883 1530 5952 Ephes.
1565 5899 1637 5947 γι,
1671 5885 1755 5937 l2.
1839 5886 2036 5942 ’Joan.
2064 5906 2140 5953 ιιι,
2179 5892 2231 5955 4,
2273 5893 2326 5948 5.

2339 4591 2382 4645 θ
2414 4610 2734 4679 persuaderi

2403 3319 2778 3374 invenerimus
2812 3319 3112 3373 fortissime
3157 3329 3466 3382 teneamus,
3499 3327 3794 3385 Operantes
3823 3317 4001 3370 sinml

2402 3422 2458 3466 et
2492 3412 2897 3476 custodientes;
2961 3411 3014 3464 in
3067 3412 3122 3465 id
3171 3411 3317 3464 enim
3371 3427 3400 3464 a
3459 3410 3733 3479 principio
3798 3426 4005 3464 sumus

2405 3507 2599 3577 geniti.
2637 3504 2693 3559 Si
2731 3515 2914 3559 autem
2942 3505 3082 3559 alius
3115 3505 3336 3573 quidam
3371 3503 3706 3558 NieoJemus
3753 3512 4002 3555 conten-

2406 3599 2582 3654 tiosus
2627 3597 2754 3651 velit
2776 3612 2900 3651 esse
2920 3597 3223 3666 argutando
3242 3596 3433 3649 dicens
3457 3613 3470 3649 :
3497 3594 3786 3662 Quomodo
3807 3603 4004 3663 pateat

2405 3691 2604 3758 aliquis
2633 3689 2685 3742 in
2720 3705 2815 3742 cur
2845 3691 3124 3759 ingressus
3155 3704 3313 3742 suum
3344 3687 3416 3739 ibi
3448 3689 3662 3757 operari
3692 3697 3749 3743 et
3781 3687 4012 3741 habita-

2407 3799 2465 3837 re
2481 3785 2503 3836 ?
2520 3795 2577 3837 ut
2597 3794 2650 3836 et
2672 3783 2927 3837 illcvetus
2948 3783 3215 3838 Salvatori
3235 3799 3294 3837 se
3312 3797 3593 3853 opponens
3615 3783 3754 3835 dixit
3775 3800 3786 3832 :
3811 3801 3831 3832 σ
3853 3784 3980 3846 Quo
3995 3811 4010 3823 -

2407 3879 2567 3932 modo
2590 3886 2768 3947 potest
2792 3877 2953 3930 homo
2981 3891 3171 3930 rursus
3193 3878 3423 3932 introire
3454 3877 3508 3929 in
3533 3889 3774 3930 ventrem
3805 3875 4008 3929 nutris

2405 3980 2458 4024 et
2485 3971 2698 4024 renasci
2717 3985 2842 4024 cum
2875 3971 2949 4022 sit
2982 3984 3150 4023 senex
3175 3969 3202 4022 ἵ
3236 3989 3254 4021 ι
3296 3970 3480 4023 audiet
3503 3976 3558 4022 et
3609 3969 3699 4019 hic
3732 3983 3747 4020 :
3783 3965 4008 4034 cSpiri~

2407 4069 2494 4112 tus
2517 4061 2610 4114 ubi
2671 4060 2786 4112 vult
2839 4059 3108 4128 spirat'.»
3150 4061 3215 4112 Et
3262 4061 3310 4113 si
3357 4061 3502 4113 circa
3570 4059 3690 4111 vita:
3743 4059 4009 4123 practiua:

2407 4168 2571 4221 opera
2600 4155 2680 4206 sic
2715 4152 3036 4206 dubitamus
3065 4152 3358 4213 increduli,
3397 4167 3601 4218 quomo
3624 4154 3676 4201 lo
3723 4152 4006 4203 intellecta

2410 4245 2595 4296 venire
2677 4243 2836 4296 nobis
2915 4252 3179 4312 poterunt
3241 4244 3723 4309 contemplationis
3773 4245 4011 4297 arcana?

2408 4336 2903 4405 Contemplationis
2955 4337 3159 4405 quippe
3245 4335 3664 4390 fundamentum
3732 4337 3843 4390 vita
3912 4347 4010 4391 est

2408 4431 2678 4498 praetica.

2481 4518 2751 4584 Quoniam
2807 4535 2938 4572 vero
2997 4521 3116 4575 sine
3173 4519 3400 4590 scriptis
3470 4522 3788 4576 testimonia
3845 4535 4012 4576 certo

2831 4613 2959 4665 talia
3022 4628 3127 4665 non
3182 4622 3433 4682 possunt,
3486 4627 3609 4682 age,
3663 4613 3923 4680 deinceps
3983 4629 4017 4668 e

2418 4700 2552 4756 'Jitis
2597 4711 2940 4761 sanctorum.
2966 4713 3020 4757 et
3047 4719 3112 4757 ex
3169 4705 3234 4757 iis
3271 4721 3394 4773 quae
3449 4707 3652 4771 scripto
3684 4705 3787 4773 ipsi
3819 4707 4016 4758 cousi-

2413 4806 2573 4864 gnata
2609 4796 2952 4863 reliquerunt
3007 4798 3074 4850 ad
3127 4798 3424 4849 multorum
3491 4797 3804 4858 utilitatem,
3851 4813 4014 4865 qua!-

2413 4891 2590 4941 dama
2627 4887 2822 4958 Magno
2850 4891 3088 4943 Antonio
3149 4892 3292 4945 set-ie
3347 4892 3608 4943 continua
3677 4890 4009 4958 singillatim

2413 4990 2778 5050 exsequentes
2807 4983 2952 5037 dicta
2987 4983 3241 5054 factaque
3267 4984 3500 5038 illustria
3552 5000 3674 5053 qua:
3723 4987 3882 5038 Iidem
3921 4987 4014 5038 fa.

2412 5088 2535 5127 core
2566 5075 2839 5129 dictorum
2882 5092 2910 5129 a
2939 5077 3094 5131 nobis
3133 5089 3354 5145 queant.

2699 5165 2781 5220 Ea:
2839 5169 2946 5221 t't'la
2975 5167 3032 5222 S.
3069 5167 3254 5221 Patria
3279 5169 3446 5221 nostri
3471 5168 3712 5221 Antonii.

2488 5256 2638 5310 Ibant
2663 5258 2958 5325 aliquando
2983 5259 3050 5312 ad
3083 5260 3337 5312 abbatem
3371 5259 3670 5312 Antonium
3715 5258 3767 5310 in
3805 5269 4005 5312 monte

2414 5350 2697 5418 degentem
2733 5351 2840 5404 duo
2866 5351 3091 5416 fratres,
3119 5367 3259 5421 quos
3289 5368 3414 5406 cum
3445 5367 3584 5420 aqua
3619 5349 3918 5406 defecisset
3951 5355 4008 5406 in

2414 5444 2631 5508 itinere,
2667 5461 2856 5498 eorutn
2914 5461 3059 5499 unus
3122 5450 3340 5513 quidem
3395 5459 3642 5500 mortuus
3702 5457 3810 5512 est,
3863 5449 4012 5502 alter

2419 5546 2666 5590 extreme
2698 5539 2976 5603 laborans,
3037 5555 3136 5592 nec
3195 5541 3382 5593 valens
3422 5541 3706 5593 ambulare
3737 5541 4010 5608 amplius,

2422 5626 2642 5695 jacebat
2678 5629 2731 5680 in
2795 5639 2961 5691 terra,
2999 5643 3226 5684 mortem
3297 5633 3594 5700 proximam
3651 5644 4009 5699 exspeCtans.

2417 5724 2726 5774 Atsanetus
2748 5722 3040 5788 Antonius,
3075 5726 3269 5778 sedens
3296 5725 3346 5778 in
3381 5735 3584 5788 monte,
3617 5727 3828 5780 vocarit
3861 5727 4011 5782 duos
