4234 6446
325 387 430 450 9&9

1548 387 1645 446 DE
1671 388 1946 450 CORDIS
1982 390 2375 457 CUSTODIA.

3478 406 3583 469 950

318 528 505 592 ξεσθαι
531 530 869 599 προσδοκῶν.
916 530 975 582 '0
1001 529 1055 581 δὲ
1086 528 1369 591 Ἀντώνιος
1403 528 1713 599 καθήμενος
1742 532 1798 581 ὲν
1830 528 1907 597 τῷ
1933 529 1977 580 Α
2002 542 2106 596 πης
2142 526 2285 595 βέλει
2332 525 2614 596 ἐϐέϐλητο,
2652 523 2751 577 καὶ
2789 523 2965 587 οὕτως
3010 524 3193 586 αὐτοῖς
3221 525 3331 585 τοῖς
3360 524 3578 591 δεσμοῖς

316 624 459 689 ὄρει,
480 622 743 691 φωνήσας
766 622 860 675 δύο
886 622 1173 691 μοναχοὺς,
1194 621 1396 689 συνέϐη
1418 622 1527 691 γὰρ
1544 624 1659 674 ἐκεῖ
1684 622 1907 683 τούτους

317 715 478 777 εἶναι,
519 715 717 785 ἧπειγε
765 715 939 780 λέγων
970 731 982 744 ·
1019 713 1227 766 Λάϐετε
1265 714 1528 782 κεράμιον
1565 712 1778 777 ὓδατος,
1812 714 1907 765 καὶ

315 807 555 874 δραμετε
583 806 681 876 τὴν
709 807 794 859 ἐπ’
820 807 1092 873 Λῖγυπτον
1114 804 1232 858 ὁδόν
1253 822 1265 835 '
1295 804 1391 858 δύο
1435 806 1544 876 γὰρ
1570 806 1906 876 ἐρχομένων,

318 901 347 949 ὁ
374 900 476 968 μὲν
512 896 592 962 εἷς
624 900 751 969 ἄρτι
772 890 1186 969 τετελεύτηκεν,
1217 900 1246 951 6
1274 900 1329 951 δὲ
1360 900 1545 969 ἕτερος
1573 900 1773 968 μέλλει,
1812 899 1907 951 ἐὰν

333 993 407 1061 μὴ
439 992 714 1061 σπεύσητε
744 1008 757 1021 ·
814 990 973 1046 τοῦτο
1000 991 1107 1062 γὰρ
1138 992 1417 1063 εὐχομένω
1458 1009 1547 1061 μοι
1592 991 1910 1060 πεφανέρω-

328 1101 439 1135 ται.
490 1084 766 1148 Ἐλθόντες
799 1085 979 1138 τοίνυν
1005 1086 1053 1137 οί
1078 1085 1328 1153 μοναχοὶ,
1354 1076 1517 1154 εὖρον
1551 1084 1641 1136 τὸν
1677 1084 1776 1154 μὲν
1798 1085 1911 1136 κεί-

332 1197 493 1247 μενον
532 1180 749 1249 νεκρὸν,
784 1182 875 1232 καὶ
934 1179 1172 1247 ἔθαψανθ
1207 1181 1297 1232 τὸν
1345 1180 1400 1232 δὲ
1454 1180 1639 1251 ἕτερον
1668 1181 1912 1247 ἀνεκτή-

329 1288 494 1324 σαντο
523 1272 601 1340 τῷ
633 1271 808 1329 ὕδατι.
838 1273 933 1324 καὶ
963 1272 1248 1341 ἀπήγαγον
1280 1272 1413 1338 πρὸς
1439 1272 1528 1324 τὸν
1548 1272 1777 1339 γέροντα
1798 1286 1809 1298 ·
1846 1267 1913 1341 ἦν

332 1366 437 1433 γὰρ
462 1364 521 1416 τὸ
546 1364 824 1434 διάστημα
874 1364 1084 1434 ἡμέρας
1130 1364 1267 1427 ὁδός.
1308 1364 1524 1417 Ἐὰν-δὲ
1557 1364 1783 1436 ζητήσῃ.
1808 1381 1913 1426 τις.

326 1456 471 1507 Curi
509 1457 583 1525 μὴ
612 1457 719 1527 πρὸ
747 1456 839 1509 τοῦ
875 1457 1195 1525 τελευτῆσαι
1220 1457 1310 1509 τὸν
1344 1457 1503 1510 ἄλλον
1539 1459 1638 1510 οὐκ
1672 1458 1913 1527 εἴρηκεν,

2002 617 2298 688 συνείχετο,
2329 618 2469 671 ὥστε
2526 619 2587 671 τὸ
2622 617 2822 687 ὑψηλὸν
2850 616 3007 671 τοῦτο
3049 619 3141 671 καὶ
3176 617 3318 669 θεῖον
3362 615 3580 685 παράγ-

2001 711 2177 781 γελμα
2212 714 2291 775 τδ,
2354 730 2371 759 ι
2424 712 2755 782 Ἀγαπήσεις
2803 710 3009 782 Κύριον
3069 712 3161 763 τὸν
3208 710 3339 761 Θεὸν
3386 727 3479 761 σου
3524 710 3584 773 ἐξ

2002 804 2129 875 ὃλης
2195 804 2296 873 τῆς
2331 804 2560 877 καρδίας
2599 821 2715 871 σου,
2753 790 2849 857 καὶ
2881 805 2940 869 ἐξ
2968 804 3097 873 ὅλης
3126 804 3225 873 τῆς
3258 804 3434 876 ψυχῆς
3464 820 3580 865 σου,

2003 898 2098 950 καὶ
2150 896 2209 963 ἐξ
2256 897 2383 967 ὅλης
2448 897 2548 965 τῆς
2586 897 2822 961 διανοίας
2852 916 2966 961 σου,
2998 916 3015 948 ι
3056 897 3235 966 ἔργοις
3295 897 3385 950 ὑπ’
3417 895 3581 949 αὐτοῦ

2004 988 2369 1056 πληροῦσθαι.
2442 987 2621 1057 Ὀπερ
2700 988 2801 1040 οὐκ
2870 989 2936 1041 ἂν
3011 986 3188 1049 ἄλλως
3249 986 3480 1053 γένοιτο,
3547 985 3580 1056 ἢ

2005 1080 2114 1132 τῶν
2167 1078 2423 1147 φυσικῶν
2466 1079 2566 1148 τῆς
2634 1078 2814 1149 ψυχῆς
2871 1079 3177 1149 δυνάμεων,
3239 1078 3376 1147 πρὸς
3436 1077 3585 1130 οὐδὲν

2001 1172 2129 1227 ἄλλο
2165 1172 2274 1225 τῶν
2331 1173 2639 1241 παρόντων,
2702 1173 2784 1225 ὅτι
2838 1171 2914 1242 μὴ
2962 1173 3098 1240 προς
3138 1172 3297 1243 μόνον
3338 1171 3427 1222 τὸν
3478 1175 3582 1239 Δη-

2006 1262 2269 1334 μιουργοῦ
2331 1264 2516 1328 πόθον,
2586 1263 3051 1331 συντεινομένων’
3092 1263 3293 1324 ταύτας
3334 1260 3449 1325 οὖν,
3490 1261 3586 1322 τὰς

2004 1357 2219 1425 νοερὰς.
2258 1346 2555 1426 φημὶ,τῆς
2607 1358 2785 1427 ψυχῆς
2820 1357 3125 1428 ἐνεργείας,
3175 1355 3348 1428 ταύτῃ
3372 1372 3453 1407 τοι
3496 1354 3589 1406 καὶ

2007 1447 2365 1518 παρακαλῶν,
2403 1447 2615 1510 πολλοῖς
2651 1448 2882 1516 φοϐερὸς
2913 1444 3000 1518 ἦν,
3036 1450 3129 1500 καὶ
3182 1446 3472 1517 ἐπιτιμῶν,
3501 1466 3591 1499 πο·

326 1550 428 1600 οὐκ
461 1549 642 1617 ὀρθῶς
667 1548 825 1602 τοῦτο
848 1550 1003 1617 ζητεῖ
1030 1548 1203 1616 λέγων
1229 1566 1240 1577 -
1288 1551 1347 1601 οξ,
1388 1550 1494 1618 γάρ
1523 1544 1591 1619 ἦν
1630 1548 1914 1601 Ἀντωνίου
2008 1538 2182 1604 (δεινὸς
2232 1543 2325 1593 καὶ
2351 1541 2482 1609 ἡδὺς
2512 1542 2570 1592 ὲν
2596 1540 2786 1595 ἅπασι.
2821 1542 2915 1605 Τίς
2950 1541 3092 1593 οὕτω
3116 1541 3209 1593 καὶ
3229 1543 3336 1601 τοῖς
3378 1541 3589 1602 πολλοῖς

328 1642 388 1693 τὸ
411 1641 504 1693 τοῦ
532 1641 763 1693 Οανατου
802 1644 999 1711 κρῖμα,
1032 1641 1168 1693 ἀλλὰ
1211 1639 1505 1704 τοῦ-Θεοῦ,
1537 1640 1630 1692 τοῦ
1669 1641 1763 1695 καὶ
1791 1641 1918 1708 περὶ
2007 1632 2210 1702 ὁμιλῶν
2239 1632 2662 1700 ὠφελιμώτατος
2683 1633 2816 1698 ;.κ-“ιὶ
2857 1634 2954 1695 τὰς
3001 1634 3283 1696 αἰσθήσεις
3314 1633 3588 1698 συνάγειν.

327 1734 540 1785 ἐκείνου
578 1734 884 1800 κρίναντος,
925 1736 1019 1787 καὶ
1050 1736 1180 1804 περὶ
1213 1736 1402 1787 τούτου
1432 1736 1879 1805 ἀποκαλύψαντος
1900 1753 1914 1768 ο
2011 1726 2107 1777 καὶ
2135 1726 2265 1778 εἴσω
2322 1725 2764 1794 παρασκευάζειν
2798 1725 2973 1776 νεύειν
3011 1727 3339 1788 ἱκανώτατος
3369 1744 3381 1790 ἱ
3414 1725 3489 1788 ὡς
3534 1729 3591 1777 ἐν

330 1828 496 1893 μόνου
522 1826 579 1878 δὲ
618 1828 905 1879 ’Λντωνίου
962 1828 1122 1879 τοῦτο
1172 1828 1356 1897 θαῦμα
1379 1824 1468 1898 ἦν.
1496 1831 1575 1881 ὃτι
1612 1831 1670 1880 ἐν
1698 1828 1773 1897 τῷ
1802 1828 1917 1899 ὃρει
1945 1841 1985 1895 Β
2012 1818 2221 1870 πλείονι
2250 1819 2459 1889 γαλήνῃ
2482 1820 2607 1880 τοὺς
2646 1818 2769 1869 τῶνο
2812 1818 2867 1869 ὲν
2903 1817 3051 1887 μέσῳ
3090 1817 3355 1888 Οορύὸων.
3396 1818 3428 1887 ἦ
3470 1819 3593 1879 τοὺς

326 1920 654 1988 καθήμενος,
687 1916 799 1990 εἶχε
834 1922 933 1989 τὴν
958 1920 1183 1989 καρδίαν
1210 1921 1504 1987 νήφουσαν,
1529 1921 1620 1973 τὸν
1644 1922 1698 1972 δὲ
1718 1922 1919 1991 Κύριον

323 2012 642 2065 δεικνύοντα
677 2014 841 2065 αὐτὸν
908 2013 973 2065 τὰ
1024 2015 1260 2083 μακράν.
1303 2015 1464 2084 Ὁρᾷς
1500 2015 1580 2067 ὅτι
1620 2015 1705 2067 διὰ
1736 2014 1797 2066 τὸ
1826 2019 1918 2075 νή-

324 2123 450 2171 φειν
476 2108 542 2174 τῇ
575 2106 776 2176 καρδίᾳ
825 2108 852 2157 6
924 2107 1205 2169 Ἀντώνιος
1264 2107 1496 2176 Οεόπτης
1550 2109 1642 2160 καὶ
1686 2107 1919 2177 προὸλέ-

329 2215 448 2249 πων
480 2197 733 2263 ἑγὲνετος
793 2199 888 2251 καὶ
921 2200 1031 2268 γὰρ
1068 2201 1127 2252 ὲν
1163 2202 1227 2266 τῇ
1276 2198 1474 2269 καρδίᾳ
1506 2199 1864 2267 ἐμφανίζεται
1894 2200 1920 2250 6

332 2291 467 2347 Θεὸς
511 2291 589 2358 τῷ
620 2289 723 2350 νοῒ,
758 2291 880 2344 κατ’
909 2292 1083 2361 ἀρχὰς
1127 2292 1245 2360 μὲν,
1293 2290 1367 2353 ὦς
1405 2307 1568 2359 φησιν
1608 2291 1861 2360 Ἰωάννης
1892 2291 1919 2341 6

332 2382 433 2449 τῆς
465 2381 770 2449 Κλίμακος,
804 2381 878 2443 ὡς
907 2382 1185 2451 καθαίρων
1231 2382 1323 2433 τὸν
1385 2381 1620 2448 ἐραστήν
1655 2395 1669 2409 ·
1727 2380 1920 2431 ἔπειτα

334 2472 391 2523 δὲ
429 2473 524 2524 καὶ¹
552 2471 628 2534 ὡς
660 2472 775 2539 φῶς
808 2472 1145 2542 λαμπρύνων
1166 2473 1257 2523 τὸν
1288 2472 1413 2524 νοῦν
1461 2472 1556 2523 καὶ
1594 2469 1802 2540 Θεοειδῆ
1833 2472 1923 2543 ἑρ-

337 2564 642 2633 γαξόμενος
669 2581 680 2592 ·
736 2566 829 2617 ἐπὶ
881 2566 937 2618 δὲ
976 2566 1099 2628 τοὺς
1130 2566 1363 2634 καθεξῆς
1398 2568 1425 2617 6
1466 2565 1618 2633 λόγος
1654 2565 1920 2634 χωρείτω.

350 2677 397 2728 Ἀ
408 2680 486 2729 πὸ
504 2678 611 2731 τοῦ
626 2678 773 2741 βίου
790 2678 893 2731 τοῦ
927 2679 1099 2743 ἁγίου
1120 2678 1443 2732 θεοδοσίου
1464 2677 1567 2732 τοῦ
1590 2676 1923 2745 κοινοσιάρ-

1050 2767 1182 2816 χοι).

2013 1910 2070 1961 ἐν
2092 1910 2280 1979 ἐρήμῳ
2308 1909 2575 1961 διατελεῖν
2600 1925 2611 1937 ·
2667 1910 2758 1960 καὶ
2794 1910 2909 1978 ἄμα
2954 1909 3044 1960 τὸν
3086 1910 3247 1961 αὐτὸν
3287 1909 3427 1977 μετὰ
3461 1908 3594 1978 πλή-

2015 2002 2141 2063 θους
2168 2018 2227 2053 τε
2256 1997 2414 2065 εἶναι,
2452 2003 2545 2054 καὶ
2581 2001 2808 2065 ίδιάζειν
2836 2018 2850 2065 ;
2891 2002 3024 2054 Ἰδοὺ
3051 2002 3146 2053 καὶ
3176 2004 3202 2052 6
3235 2003 3406 2070 μέγας
3441 1998 3593 2063 οἶτος

2014 2093 2292 2156 Θεοδόσιος
2336 2093 2422 2146 διὰ
2475 2094 2533 2145 τὸ
2582 2095 2680 2156 τᾶις
2729 2095 3003 2162 αἰσθήσεις
3042 2094 3298 2159 συνάγε;ν
3332 2096 3425 2145 καὶ
3468 2095 3596 2145 τῖαω

2016 2188 2479 2255 είσάγειν,γέγονε
2500 2187 2599 2255 τῆς
2622 2187 2714 2239 τοῦ
2741 2188 2974 2240 Κτίστου
2992 2187 3333 2257 τετρωμένος
3354 2189 3589 2255 ἀγάπης.

2241 2364 2383 2420 Ἀπὸ
2409 2363 2670 2427 τοῦβίου
2703 2364 2808 2417 τοῦ
2838 2364 3009 2433 ἁγίου
3049 2365 3378 2431 Ἀρσενίου.

2095 2562 2206 2614 Καὶ
2240 2560 2398 2614 τοῦτο
2424 2561 2481 2613 δὲ
2506 2560 2585 2631 τῷ
2633 2560 2931 2630 Θαυμαστῷ
2983 2558 3297 2629 πεφύλακτο
3340 2562 3601 2632 ’Λρσενιῳ

2023 2657 2103 2717 τὸ,
2135 2655 2272 2723 μήτε
2328 2654 2615 2722 ζητήματα
2671 2657 2922 2722 γραφικᾰ
2968 2653 3297 2721 προτείνειν,
3327 2660 3463 2724 μήτε
3495 2656 3601 2725 μὴν

2024 2747 2399 2799 ἐπιστέλλεινο
2458 2748 2553 2815 ούχ
2603 2747 2676 2807 ὡς
2730 2747 3003 2807 ἀδυνάτως
3049 2745 3246 2814 ἔχοντι,
3280 2748 3395 2809 πῶς
3448 2750 3598 2816 γάρς

413 2840 571 2893 Οὕτω
601 2842 712 2911 γὰρ
741 2844 768 2893 6
805 2841 947 2904 θεῖος
1003 2842 1284 2905 Θεοδόσιος
1334 2842 1411 2913 τῷ
1443 2843 1635 2909 γλυκεῖ
1656 2847 1752 2913 τῆς
1782 2843 1923 2911 ἀγά-
2026 2834 2175 2909 ᾧτινι
2200 2842 2260 2893 τὸ
2292 2838 2349 2893 εὖ
2382 2840 2561 2906 λέγειν
2592 2839 2731 2891 οὕτω
2770 2838 2971 2907 ῥᾴδιον,
3000 2839 3073 2900 ὡς
3108 2841 3167 2890 τὸ
3204 2840 3388 2902 ἁπλῶς
3426 2842 3604 2907 λέγειν

334 3083 639 3137 monachos
691 3085 946 3152 (conligit
998 3084 1145 3138 enim
1198 3100 1293 3141 eos
1350 3086 1425 3138 ibi
1477 3084 1621 3155 esse)
1652 3126 1669 3152 ,
1732 3086 1917 3155 aitque

2028 3097 2180 3142 ratus
2233 3100 2372 3155 erat,
2441 3092 2689 3161 adeoque
2753 3102 2903 3146 arcte
2964 3094 3299 3148 constrictus
3366 3096 3605 3150 vinculis

335 3176 485 3229 illis:
522 3175 621 3235 lie.
661 3176 895 3243 accipite
950 3192 1044 3229 vas
1099 3191 1257 3244 aquae
1294 3184 1351 3229 et
1389 3177 1592 3231 currite
1633 3192 1728 3245 per
1773 3179 1912 3228 viam
1945 3172 1987 3230 C
2021 3181 2307 3235 charitatis
2359 3184 2664 3246 tenebatur,
2720 3184 3036 3238 ntsublime
3084 3186 3215 3237 illud
3249 3195 3303 3237 et
3354 3186 3602 3239 divinum

332 3282 457 3334 qua:
501 3282 695 3319 versus
727 3266 1021 3336 Aigyptum
1046 3268 1232 3320 .tendit
1271 3285 1285 3321 ι
1323 3266 1552 3320 duorum
1612 3269 1754 3321 enim
1808 3269 1914 3321 huc

334 3358 670 3410 venientium
709 3373 853 3410 unus
891 3359 1051 3411 modo
1082 3358 1406 3427 exspiravit,
1432 3359 1568 3411 alter
1617 3375 1743 3412 vero
1793 3376 1914 3412 mox

332 3452 721 3520 exspiraturus
752 3464 859 3510 est.
895 3452 999 3505 nisi
1064 3452 1388 3515 properetis.
1434 3453 1548 3505 Hoc
1577 3455 1721 3507 enim
1782 3454 1913 3504 mihi

331 3543 514 3595 oranti
544 3542 843 3597 revi-latuin
902 3554 1007 3597 est.
1041 3543 1286 3598 Profecti
1308 3559 1439 3613 ergo
1473 3545 1724 3598 monachi
1759 3561 1911 3615 τυρο-

336 3644 533 3689 rerunt
565 3637 637 3688 ita
686 3653 798 3690 rem
862 3637 1063 3690 habere
1131 3637 1208 3691 uti
1250 3646 1495 3710 sanctus
1549 3637 1804 3703 dixerat;
1863 3648 1916 3691 ct

335 3738 615 3781 mortuum
648 3728 869 3797 quidem
923 3718 1281 3798 sepelierunt,
1319 3730 1709 3783 moribundum
1790 3746 1917 3783 vero

336 3830 647 3875 recreatum
687 3837 827 3890 aqua
856 3822 1233 3890 perduxerunt
1266 3824 1332 3876 ad
1366 3838 1576 3877 senem.
1635 3823 1763 3876 Erat
1818 3838 1917 3876 auc

332 3929 442 3970 tem
478 3916 826 3969 intervallum
856 3917 956 3969 vim
993 3917 1092 3969 iter
1128 3916 1236 3970 diei
1264 3917 1451 3970 unius.
1476 3915 1532 3968 Si
1564 3926 1741 3970 autem
1770 3932 1918 3984 quaa-

334 4019 423 4060 rat
451 4008 597 4076 quis,
633 4024 804 4076 quare
836 4024 945 4061 non
976 4017 1273 4077 antequam
1311 4008 1451 4061 alius
1490 4010 1581 4061 ille
1613 4018 1916 4062 moreretur

334 4102 609 4155 Antonius
647 4101 952 4155 subsidium
986 4100 1216 4163 miserit,
1240 4117 1361 4170 quae
1389 4102 1678 4155 retulimus
1706 4101 1915 4165 dicens,

334 4192 789 4261 respondebitur,
830 4193 1106 4246 iucivilem
1156 4202 1210 4246 et
1240 4194 1597 4260 incongruam
1630 4194 1768 4247 hanc
1827 4208 1921 4245 ex—

334 4283 653 4351 ceptionem
689 4296 834 4335 esse.
866 4278 985 4334 Non
1014 4280 1160 4335 enim
1188 4280 1253 4335 ad
1285 4282 1586 4334 Antonium
1638 4281 1921 4351 spectabat

332 4378 404 4426 de
436 4374 539 4426 viri
574 4382 749 4428 morte
774 4374 1071 4443 judicium,
1109 4375 1202 4430 sed
1237 4376 1302 4429 ad
1341 4376 1509 4429 Deum
1545 4377 1637 4444 qui
1670 4387 1723 4428 et
1765 4374 1916 4427 illum

334 4468 675 4520 monachum
712 4468 794 4521 sic
826 4468 965 4521 mori
999 4468 1341 4532 decreverat,
1399 4479 1452 4521 et
1504 4479 1611 4520 tam
1642 4469 1760 4537 ejus
1802 4468 1919 4520 abi-

338 4570 477 4619 tum,
503 4574 665 4625 quam
696 4560 831 4613 socii
865 4559 1169 4627 periculum
1214 4562 1455 4614 Antonio
1486 4561 1765 4614 revelavit.
1824 4558 1919 4611 Mi-

334 4652 589 4703 raculuin
625 4652 730 4704 lioe
763 4651 867 4705 fuit
896 4653 1063 4706 unius
1094 4653 1307 4707 meritis
1334 4652 1712 4721 imputandum
1745 4651 1918 4704 Anto-

332 4744 437 4807 nii,
465 4744 559 4811 qui
585 4744 781 4797 sedens
811 4745 1001 4813 procul
1029 4745 1082 4797 in
1114 4753 1325 4807 monte,
1357 4743 1427 4797 ob
1446 4744 1631 4798 cordis
1650 4743 1917 4797 attentio-

332 4851 463 4889 nem
491 4850 618 4888 cum
648 4850 756 4903 qua
791 4838 1010 4901 orabat,
1049 4836 1248 4905 dignus
1271 4837 1321 4890 ei
1348 4836 1497 4890 visus
1524 4846 1605 4887 est
1633 4836 1719 4887 cui
1757 4834 1920 4885 mira-

330 4927 519 4980 biliter
550 4942 613 4978 ea
648 4925 1031 4980 manifestaret
1076 4944 1197 4996 qua:
1224 4928 1278 4981 in
1311 4931 1432 4981 loco
1486 4937 1591 4979 tam
1625 4928 1919 4996 longinquo

331 5017 693 5082 gerebantur.
754 5017 835 5072 lbi
909 5019 1123 5073 scilicet
1200 5020 1255 5071 in
1327 5020 1489 5072 corde
1545 5017 1684 5071 Deus
1754 5018 1921 5071 Ittcttli

330 5118 457 5162 sese
487 5108 706 5175 aperit;
740 5110 1011 5177 principio
1050 5109 1296 5177 quidem,
1331 5119 1388 5162 ut
1418 5111 1492 5163 ait
1519 5109 1755 5163 Joannes
1814 5106 1923 5161 Cli-

332 5215 552 5261 inacus,
603 5199 689 5254 sui
742 5210 1041 5253 amatorem
1093 5216 1331 5270 purgans
1380 5209 1438 5252 ιιι
1483 5200 1671 5268 ignis;
1724 5197 1922 5252 deinde

334 5303 393 5344 ut
425 5296 518 5344 lux
550 5302 786 5345 mentem
821 5294 1160 5356 illuminans,
1202 5302 1250 5345 et
1286 5291 1610 5346 deil‘ormem
1649 5290 1907 5345 eﬂiciens.

332 5381 477 5435 llinc
518 5384 585 5434 ad
631 5384 1024 5451 consequentia
1059 5387 1319 5450 procedat
1346 5399 1550 5438 sermo.

586 5542 669 5594 [δν
701 5542 815 5596 Vita
851 5543 907 5596 S.
948 5544 1221 5598 Theodosii
1263 5548 1664 5599 cmiiobiarchw.

407 5656 501 5712 Sic
532 5660 753 5710 divinus
782 5658 1125 5714 'l'lieodosius
1162 5660 1303 5715 dulci
1338 5666 1542 5717 amoris
1579 5664 1686 5716 telo
1734 5664 1921 5716 vulne-

410 5838 431 5866 ⁵
470 5834 520 5887 Μ
546 5837 662 5888 illi.
698 5838 908 5889 “1.57.

2022 3276 2338 3328 mandatum
2389 3295 2402 3330 :
2461 3295 2478 3327 ι
2511 3276 2712 3342 Diliges
2763 3276 3049 3330 hominum
3104 3278 3270 3331 Deum
3327 3288 3483 3330 tuum
3537 3294 3603 3331 ex

2021 3376 2133 3420 tota
2184 3371 2362 3421 anima
2392 3380 2503 3431 tua,
2531 3379 2584 3420 et
2613 3386 2675 3421 cx
2710 3369 2966 3422 omnibus
3015 3372 3223 3423 viribus
3260 3370 3388 3433 tuis,
3437 3380 3491 3423 et
3539 3386 3599 3423 ex

2020 3460 2166 3511 omni
2208 3467 2388 3513 mente
2416 3471 2504 3512 tua
2534 3462 2575 3521 ⁸,
2614 3478 2631 3510 ι
2697 3475 2863 3527 opere
2921 3461 2988 3512 ali
3038 3462 3154 3528 ipso
3208 3463 3597 3529 compleretur.

2024 3552 2176 3616 Quod
2205 3552 2307 3604 alia
2335 3553 2446 3605 lieri
2490 3553 2702 3605 ratione
2738 3567 2845 3604 non
2880 3554 3080 3620 potuit.
3120 3554 3222 3605 nisi
3261 3554 3600 3607 naturalibus

2024 3647 2217 3699 animm
2262 3646 2519 3714 potentiis
2551 3646 2615 3699 ad
2665 3647 2798 3699 nihil
2843 3647 2987 3697 aliud
3026 3649 3375 3713 pncsentiuni
3434 3664 3595 3713 quam

2020 3737 2083 3789 ad
2135 3736 2311 3789 solum
2368 3736 2644 3790 Creatoris
2695 3738 3029 3791 desiderium
3089 3737 3339 3790 intentis.
3397 3739 3600 3791 Anima

2021 3832 2311 3899 potentias,
2337 3832 2696 3885 intellectivas
2753 3831 2841 3883 liic
2874 3845 3007 3885 voco
3043 3834 3240 3883 animae
3290 3830 3600 3885 facultates.

2021 3918 2157 3972 llinc
2184 3929 2237 3971 et
2266 3919 2564 3973 adhortans
2588 3922 2811 3981 multos,
2835 3928 2891 3972 et
2936 3934 3132 3972 rursus
3159 3921 3599 3986 reprehendens,

2021 4027 2174 4079 aeque
2200 4014 2413 4066 cunctis
2448 4013 2745 4065 salubriter
2793 4021 2917 4062 erat
2965 4011 3230 4063 terribilis
3272 4028 3285 4077 ;
3351 4013 3603 4065 amabilis

2020 4116 2199 4159 autem
2229 4115 2285 4158 et
2312 4105 2496 4159 suavis
2530 4106 2579 4156 in
2628 4104 2909 4157 omnibus.
2943 4102 3077 4167 Quis
3135 4113 3191 4154 ut
3226 4104 3316 4155 ille
3380 4118 3608 4155 convcr-

2023 4198 2266 4251 sationes
2298 4212 2421 4250 cum
2459 4196 2643 4250 multis
2698 4197 3044 4264 promiscuas
3103 4196 3394 4248 utilissime
3434 4195 3601 4247 liabe—

2023 4288 2154 4342 bat?
2184 4288 2317 4353 Quis
2344 4288 2470 4341 item
2520 4297 2578 4340 ut
2613 4288 2707 4340 ille
2745 4286 2813 4338 ad
2878 4302 3078 4340 sensus
3136 4288 3474 4354 colligi-udos
3502 4327 3519 4351 ,
3551 4295 3605 4338 ct

2025 4382 2092 4433 ad
2118 4381 2313 4434 horum
2339 4381 2760 4441 convertendant
2797 4380 2939 4431 intra
2995 4379 3186 4430 intima
3223 4381 3306 4432 sui
3342 4380 3604 4431 attentio-

2026 4489 2145 4526 nem
2174 4472 2407 4525 idoneus
2436 4486 2533 4523 usu
2561 4472 2735 4523 multo
2768 4482 2890 4523 erat
2912 4469 3193 4522 maxime?
3244 4471 3316 4521 ita
3357 4481 3416 4523 ut
3456 4482 3604 4523 tran-

2028 4566 2268 4635 quilliori
2302 4566 2485 4632 quiete
2522 4563 2722 4615 mentis
2754 4563 2807 4614 in
2838 4564 3069 4629 strepitu
3130 4564 3597 4615 tumultuosorum

2027 4672 2149 4709 eum
2178 4655 2431 4723 plurimis
2456 4667 2874 4719 congressuum,
2930 4667 3095 4719 quam
3139 4653 3318 4720 quivis
3354 4654 3513 4705 ‘alter
3550 4655 3601 4705 in

2027 4747 2409 4801 scductissima
2471 4743 2764 4796 solitudine
2813 4741 3112 4804 frueretur,
3169 4743 3446 4811 nihiloque
3508 4747 3606 4796 nii-

2026 4857 2131 4893 nus
2165 4840 2217 4891 in
2240 4853 2511 4891 concursu
2546 4838 2840 4889 multorum
2891 4836 3175 4889 solitarius
3210 4848 3377 4898 esset,
3436 4853 3600 4903 quam

2022 4930 2075 4982 in
2128 4931 2334 4997 privato
2392 4941 2662 4980 sccesssu.
2701 4924 2777 4976 En
2815 4934 2872 4977 ut
2902 4925 2981 4976 vir
3016 4926 3101 4978 hic
3156 4926 3380 4993 Magnus
3426 4926 3601 4980 Theo-

2024 5022 2231 5084 dosius,
2266 5035 2332 5073 eo
2361 5019 2505 5087 quod
2533 5031 2727 5069 sensus
2758 5017 3034 5084 colligere,
3073 5018 3327 5084 introque
3365 5020 3416 5070 in
3450 5033 3600 5071 men-

2025 5116 2095 5166 tis
2126 5116 2283 5181 adyta
2310 5121 2474 5162 totam
2500 5112 2860 5161 attentionem
2913 5118 3239 5161 convertere
3292 5112 3601 5162 assuetudi-

2024 5219 2093 5256 ne
2122 5204 2277 5270 longa
2322 5201 2623 5259 didicisset,
2690 5202 2755 5252 ad
2806 5215 2930 5253 eum
2968 5200 3193 5268 perfecti
3242 5199 3337 5254 Dei
3399 5203 3602 5257 amoris

2022 5295 2249 5363 gradum
2274 5291 2538 5354 ascendit,
2573 5289 2623 5343 in
2652 5305 2761 5359 quo
2790 5304 2915 5343 vere
2950 5290 3059 5343 dici
3108 5301 3295 5361 posset
3350 5291 3602 5344 vulnera-

2026 5396 2116 5440 tus
2144 5384 2433 5437 cliaritate.

2527 5474 2609 5526 Ea:
2652 5472 2769 5525 Vita
2795 5472 2850 5527 S.
2881 5475 3113 5528 Arsenit.

2102 5572 2181 5623 Ab
2213 5568 2521 5622 admirabili
2579 5576 2708 5617 vero
2745 5566 2978 5618 Arscnio
3016 5567 3118 5617 hoc
3180 5564 3598 5631 observabatur,

2035 5672 2090 5717 οι
2139 5675 2314 5727 neque
2368 5656 2822 5723 interrogationes
2877 5658 3082 5721 scripto
3133 5654 3199 5707 ad
3244 5669 3598 5727 queinquam,
