4234 6446
731 401 835 463 939

1837 403 1877 462 C
1890 404 1924 460 Α
1939 403 2185 462 LLISTI
2233 403 2521 462 caram
2537 403 2634 462 UG
2650 404 2838 461 lt)T/E

3863 405 3977 474 940

733 527 786 570 ct
818 517 962 571 varie
1003 530 1064 570 ac
1095 515 1465 584 multipliciter
1507 517 1699 582 lzclari,
1729 519 1832 572 nisi
1876 520 1927 572 in
1962 530 2049 584 te;
2083 532 2136 570 ιιι
2162 521 2302 574 enim
2340 525 2405 593 At}

2301 544 2302 555 π
2340 524 2554 593 Λῲεως,
2584 523 2666 572 διὰ
2696 521 3054 590 φοϐερότητα,
3089 521 3121 587 ἦ
3156 519 3551 586 μειλιχιόττγτα·
3591 520 3680 567 καὶ
3713 516 3973 578 ξυνὸλως,

733 609 913 661 omnia
947 609 1238 661 causaliter
1273 611 1326 662 in
1357 619 1407 661 lc
1431 610 1629 673 habes,
1659 620 1710 661 et
1743 625 1903 678 super
1933 613 2115 663 omnia
2148 612 2299 663 inve-

738 704 893 758 niris.
929 714 986 756 ιιι
1015 702 1642 770 pulcherrimusinfinite
1664 703 1904 754 omnium
1940 719 2117 754 rerum
2152 719 2302 756 crea-

737 806 841 848 tor.
873 794 1049 859 Unde,
1085 810 1206 846 cum
1241 811 1376 846 uotis
1407 798 1483 847 sis
1510 833 1523 852 .
1575 794 1732 856 ιὶιοιις,
1787 795 2114 855 substantia,
2151 795 2301 846 varie

736 888 990 956 potentiis
1043 887 1149 938 luis
1183 887 1380 939 vidi-ris
1405 925 1418 947 ,
1450 887 1519 938 ob
1562 901 1748 940 carum
1786 886 2190 937 multitudinem
2248 898 2297 936 et

732 995 951 1032 rursum
1019 990 1239 1047 propter
1286 995 1472 1030 carum
1543 979 2005 1045 magnitmlinem,
2059 989 2112 1031 ct
2155 979 2298 1045 quod

735 1073 1024 1123 miratione
1050 1087 1112 1122 ac
1143 1081 1362 1135 stupore
1400 1071 1620 1134 dignius
1649 1081 1748 1130 est.
1806 1070 1870 1120 iis
1927 1069 2060 1136 ipsis
2100 1070 2300 1136 quibus

732 1166 1114 1231 comprehendi
1172 1174 1326 1232 poles
1350 1201 1364 1223 ,
1401 1180 1618 1216 rursum
1675 1164 2073 1229 quodammodo
2097 1163 2302 1218 consti-

734 1258 926 1312 tueris.
1015 1258 1331 1310 Substantia
1362 1258 1506 1309 enim
1539 1260 1761 1309 omnino
1801 1272 1858 1308 es
1889 1256 2299 1309 incircumscri-

733 1361 877 1414 ptus,
913 1359 964 1401 et
989 1347 1287 1400 secundum
1341 1348 1594 1398 virtutem
1622 1390 1636 1410 ,
1687 1356 1738 1397 ot
1777 1356 2032 1413 pra-terea
2064 1347 2300 1410 potentia

735 1456 824 1494 tua
855 1457 961 1492 non
994 1440 1492 1500 circumscribitur;
1530 1454 1843 1491 mensuram
1873 1438 2016 1489 enim
2047 1441 2300 1502 potentize

734 1548 836 1587 tua:
862 1535 983 1600 quis
1015 1534 1261 1585 invenit?
1290 1533 1618 1599 Sapientiam
1650 1542 1826 1583 autem
1867 1542 2010 1584 tnam
2043 1532 2165 1598 quis
2199 1546 2296 1583 co-

733 1627 993 1695 gnoscit?
1027 1625 1089 1677 Et
1127 1624 1390 1677 Bonitatis
1425 1634 1530 1676 tun
1583 1638 1846 1676 oceanum
1875 1624 1997 1689 quis
2027 1633 2300 1675 scrutatus

734 1720 863 1772 est?
911 1719 986 1771 Ar.
1021 1718 1247 1770 omnino
1289 1719 1410 1786 quis
1469 1728 1686 1770 tuorum
1740 1717 1944 1785 aliquid
1985 1717 2303 1770 intellexit?

737 1813 828 1862 sed
885 1821 1061 1861 tamen
1113 1810 1412 1861 secundum
1468 1810 1653 1861 eadem
1693 1810 2088 1868 qtrodanuuodo
2134 1809 2302 1859 altero

2391 617 2448 667 εν
2471 617 2697 681 ἀγαθὸν,
2723 618 2814 668 καί
2841 615 3022 674 καλὸν,
3049 609 3459 679 περιλ.ηπτικῶς
3487 607 3561 659 ὢν
3590 607 3974 677 ιλόρθότῶίτος

2393 706 2534 774 soul.
2569 705 2664 756 καὶ
2699 705 2913 756 πάντων
2941 700 3162 762 ἀγαθῶν
3212 698 3304 748 καὶ
3337 697 3514 748 καλῶν
3556 696 3843 765 ποιητικῆς
3877 697 3977 762 ἁρ-

2389 797 2486 863 χῆς
2539 794 2880 862 ὑπεράγαθος
2935 792 3028 843 καὶ
3071 790 3413 860 ὑπέρκαλοςξ,
3451 791 3508 840 ἐν
3538 789 3709 841 οὐδενὶ
3741 788 3818 857 τῷ
3851 789 3973 839 ἑτέ..

2396 906 2472 954 ρῳ
2501 886 2676 951 ἔξεστι
2711 899 2926 944 παντως
2953 886 3040 932 τὴν
3076 881 3200 933 νοῦν
3238 881 3465 949 θεωρεῖν
3507 879 3599 930 καὶ
3634 881 3977 948 παραμένειν

2391 978 2484 1027 καὶ
2521 975 2751 1026 ποικίλω
2789 1015 2805 1038 ,
2840 981 2934 1023 καὶ
2984 971 3266 1040 πολλαχῶς
3321 970 3644 1038 τέρπεσθαι.
3675 972 3748 1019 ἔτι
3800 968 3875 1035 μὴ
3919 971 3976 1017 ἐν

2389 1069 2506 1118 σοί·
2546 1068 2608 1118 οῦ
2640 1068 2746 1133 γὰρ
2771 1068 2836 1116 τὰ
2866 1067 3041 1117 πάντα.
3070 1064 3450 1129 αἰτιολογικῶς
3483 1065 3623 1131 ἔχεις
3654 1066 3708 1113 ἐν
3737 1061 3974 1128 σεαυτῷ,

2391 1163 2485 1213 καὶ
2547 1161 2686 1229 ὑπὲρ
2734 1161 2910 1211 πάντα
2951 1159 3216 1228 εὑρίσκῃ,
3263 1158 3356 1209 "ate
3419 1155 3749 1224 δημιουργὸς
3803 1155 3975 1220 ὑπέρ-

2390 1255 2551 1314 καλος
2587 1253 2878 1321 ἀπειράκις
2929 1251 3192 1319 ἀπείρως.
3238 1248 3518 1300 Ἐντεῦθεν
3577 1243 3655 1308 εἷς
3716 1247 3813 1307 ὢν,
3848 1247 3975 1308 θεὲ,

2395 1346 2495 1414 τὴν
2546 1344 2769 1404 οὐσίαν,
2829 1342 3087 1402 ποικίλως
3139 1341 3429 1409 θεωρεῖσαι
3478 1341 3595 1400 ταῖς
3646 1339 3975 1404 ἐνεργείαις,

2395 1437 2482 1489 διὰ
2514 1436 2715 1506 πλῆθος
2751 1433 2952 1496 αὑτῶν,
2991 1435 3083 1484 καὶ
3115 1431 3268 1492 αὖθις
3307 1431 3394 1482 διά
3424 1431 3486 1480 τὸ
3523 1429 3752 1497 μέγεθος
3794 1429 3980 1481 αὐτῶν

2397 1525 2585 1589 πολὺς,
2625 1526 2720 1577 καὶ
2753 1526 2813 1578 τὸ
2865 1524 3331 1592 θαυμαστώτατον
3363 1523 3472 1591 γάρ
3512 1521 3605 1573 καὶ
3643 1521 3979 1589 ἔκπληκτον,

2396 1619 2477 1670 ὅτι
2527 1635 2655 1687 περ,
2705 1616 2800 1668 καὶ
2852 1609 2932 1677 οἷς
2965 1616 3093 1686 γίνῃ
3135 1615 3408 1683 δήπουθεν
3451 1614 3674 1682 ληπτὸς,
3723 1612 3979 1664 ἐντεῦθεν

2395 1707 2552 1773 aint;
2577 1710 2762 1774 τρόπῳ
2787 1708 2849 1775 γέ
2883 1725 2962 1778 τῳ
3004 1708 3351 1759 καθίστασαι.
3398 1707 3455 1757 'U
3487 1707 3594 1774 γάρ
3632 1707 3750 1756 κατ’
3781 1707 3974 1757 οὐσίαν

2399 1799 2464 1850 σὺ
2503 1799 2878 1866 ἀπερίληπτος
2912 1799 3112 1866 πάντη,
3139 1801 3233 1851 καὶ
3261 1798 3401 1851 κατὰ
3429 1801 3527 1867 τὴν
3552 1800 3856 1867 ἐνέργειαν,
3879 1802 3976 1851 καὶ

736 1903 1246 1969 comprehensibilis
1278 1918 1356 1954 es.
1388 1901 1535 1954 Mens
1554 1918 1686 1955 sane
1707 1919 1824 1967 quae
1852 1905 1919 1954 ab
1952 1902 2016 1955 iis
2045 1902 2302 1969 spiritua-
2335 1883 2408 1939 Βτ

2298 1932 2302 1942 .
2335 1883 2374 1936 Β
2397 1891 2531 1959 πρὸς
2573 1890 2749 1959 τούτῳ
2793 1892 2892 1960 τὴν
2926 1890 3154 1960 δύναμιν
3187 1893 3248 1944 οὑ
3304 1891 3776 1959 περιλαμϐάνεσαι
3825 1894 3970 1958 ἀμη-

738 1995 882 2047 Iiltus
917 2009 1034 2056 tunc
1071 1993 1420 2046 scnsibilibus
1451 1996 1638 2046 insunt
1685 1994 2038 2061 contemplari
2070 1994 2258 2060 incipit
2287 2036 2301 2058 ,

734 2103 796 2138 ex
832 2089 1219 2152 consequentia
1265 2087 1508 2138 ascendit
1536 2086 1601 2138 ad
1645 2085 1772 2137 illud
1811 2085 1955 2153 quod
1989 2086 2193 2138 circum
2229 2095 2299 2145 te,

737 2176 1007 2241 Salvator,
1042 2195 1205 2230 unum
1253 2187 1335 2230 est
1369 2188 1420 2230 et
1461 2178 2005 2246 incompreltcnsibilc
2030 2220 2044 2242 ,
2089 2192 2153 2230 ac
2179 2177 2298 2230 dul-

736 2272 924 2326 cedine
952 2271 1439 2338 cmnprehensihile
1477 2283 1532 2324 ct
1571 2271 1865 2338 voluptate,
1898 2281 1948 2322 et
1995 2272 2139 2339 quod
2182 2272 2302 2338 pul-

737 2364 851 2417 chri
888 2365 1110 2416 amatrix
1162 2363 1265 2424 sit,
1321 2364 1469 2414 omni
1522 2379 1652 2416 cura
1718 2363 1979 2426 festinat,
2035 2377 2298 2430 quantum

736 2456 882 2516 iicrt.
911 2457 1047 2508 ultra
1083 2457 1394 2523 prore-lere.
1445 2455 1576 2508 Cum
1608 2467 1783 2507 autem
1816 2465 2047 2523 nequeat
2088 2455 2299 2523 longius

740 2549 1031 2616 inquirere,
1060 2559 1336 2616 reputans,
1370 2559 1426 2600 ιιι
1461 2556 1695 2613 oportet,
1745 2548 1794 2600 id
1827 2547 1969 2615 quod
2004 2548 2173 2614 ipsam
2213 2546 2296 2597 fu-

739 2643 813 2710 git
849 2649 906 2693 ut
963 2657 1122 2708 supra
1170 2642 1337 2707 ipsam
1391 2641 1624 2705 positum
1658 2651 1711 2692 et
1761 2641 2028 2693 elevatum
2057 2677 2072 2698 .
2114 2655 2300 2691 amore

737 2735 943 2789 ardenti
997 2735 1230 2801 quodam
1279 2733 1759 2801 comprehenditur
1806 2742 1858 2786 et
1893 2733 2166 2784 ferventer
2197 2734 2302 2783 cir-

736 2844 858 2882 cum
889 2837 939 2880 te
971 2829 1229 2889 exsultat,
1252 2834 1303 2879 et
1354 2826 1404 2878 in
1458 2826 1696 2878 animam
1747 2825 1988 2877 ardentia
2032 2824 2297 2877 desideria

740 2917 954 2984 arripit,
979 2916 1184 2969 Divinze
1217 2915 1458 2969 caritatis
1491 2915 1761 2968 flainmam
1789 2917 1851 2966 ad
1889 2916 2303 2982 incomprehen-

740 3009 921 3068 sibile,
955 3007 1162 3061 faciens
1190 3006 1240 3059 id
1281 3006 1423 3073 quod
1464 3007 1895 3075 comprehendit,
1926 3017 1979 3059 et
2001 3023 2154 3060 suam
2187 3009 2299 3058 ino-

741 3102 885 3169 piam
947 3101 1000 3152 in
1047 3114 1291 3152 amorum
1327 3099 1713 3152 abundantiam
1750 3112 2093 3152 convertens.
2142 3098 2294 3162 Quod

745 3192 886 3261 apud
919 3201 971 3244 te
1004 3191 1390 3259 comprehendi
1431 3200 1607 3258 potest
1640 3207 1746 3243 non
1783 3196 1953 3254 magis
1983 3207 2100 3242 eam
2133 3201 2298 3240 aura-

743 3283 824 3338 ltit
866 3300 1026 3352 quam
1075 3299 1192 3338 eam
1249 3283 1547 3338 inflammat
1579 3286 1720 3351 quod
1753 3284 1920 3352 ipsam
1958 3283 2091 3351 fugit
2125 3294 2180 3336 ct
2210 3299 2298 3334 co-

2395 1981 2568 2048 γέπη*
2609 1982 2808 2049 μέτρον
2839 1981 2947 2048 γὰρ
2977 1982 3258 2048 δυνάμεώς
3284 1999 3373 2034 σου
3402 1983 3482 2041 τίς
3516 1982 3742 2050 εὕρατοζ
3779 1985 3973 2047 σοφίαν

2393 2071 2446 2121 δέ
2480 2087 2570 2122 σου
2599 2073 2680 2132 τίς
2719 2073 2895 2138 ξγνω;
2923 2073 3020 2139 τῆς
3050 2073 3104 2122 δὲ
3137 2073 3471 2139 άγαθότητός
3507 2090 3601 2123 σου
3639 2073 3697 2122 τὸ
3733 2073 3974 2138 πέλαγος

2391 2159 2474 2222 τίς
2508 2161 2814 2229 ἑξιχνίασε;
2846 2162 2940 2214 καὶ
2984 2163 3119 2223 ὅλως
3161 2164 3270 2215 τῶν
3303 2163 3410 2214 σῶν
3453 2181 3596 2226 τινος
3653 2164 3736 2222 τίς
3785 2166 3972 2232 ἄκρως

2393 2253 2627 2319 συνῆκε;
2662 2254 2902 2321 καίτοιγε
2949 2256 3087 2306 κατὰ
3133 2255 3303 2307 ταῦτα
3335 2257 3534 2320 τρόπον
3573 2257 3761 2324 ἕτερον
3803 2276 3972 2310 zam-

2389 2341 2591 2411 ληπτός
2646 2360 2705 2408 γε
2772 2350 2846 2395 ὡν
2906 2345 3277 2412 ὁπωσδήποτε.
3335 2341 3550 2413 Ἀμέλει
3602 2347 3737 2416 δῆτα
3777 2349 3803 2398 ὁ
3846 2348 3970 2408 νοῦς

2389 2433 2614 2503 θεωρεῖν
2645 2435 2753 2486 ἀπὸ
2773 2436 2882 2485 τῶν
2920 2439 2976 2488 ὲν
3025 2439 3135 2499 τοῖς
3169 2438 3516 2505 φαινομένοις
3546 2439 3750 2506 νοητῶν
3797 2441 3964 2508 ἀρχό-

2392 2541 2574 2591 μενος,
2605 2526 2812 2576 ἄνεισιν
2853 2523 2946 2577 ἰὼν
2977 2525 3036 2588 ἐξ
3080 2527 3346 2595 ἑπομένου
3371 2530 3448 2588 εἰς
3476 2527 3537 2578 τὸ
3579 2529 3704 2594 περὶ
3737 2529 3820 2593 σὲ,
3852 2531 3967 2580 Σῶ-

2386 2630 2499 2682 τιρ,
2536 2615 2737 2666 ὲνιαῖον
2778 2617 2871 2666 καὶ
2911 2616 3318 2685 ἀκατάληπτον,
3356 2620 3451 2670 καὶ
3474 2617 3553 2686 τῷ
3578 2618 3707 2686 -ἡδεῖ
3752 2619 3845 2671 καὶ
3880 2638 3969 2673 κο-

2391 2704 2513 2772 μιδῇ
2541 2706 2760 2774 τερπνῷ
2805 2706 2897 2758 τοῦ
2952 2706 3178 2776 ληπτοῦ,
3224 2697 3316 2761 καὶ
3355 2708 3433 2775 τῷ
3463 2709 3752 2775 φιλόκαλος
3801 2707 3964 2763 εἶναι.

2388 2794 2604 2845 σπεύδει
2634 2795 2728 2866 ὅλῃ
2760 2797 2986 2866 σπουδῇ,
3019 2798 3110 2850 καὶ
3137 2799 3427 2865 φιλονεικεί
3456 2816 3570 2861 πως
3602 2802 3968 2869 προσεπανιέ-

2389 2904 2472 2936 ναι
2519 2888 2592 2948 ὡς
2654 2889 2730 2940 ἔνι
2783 2890 3062 2944 ἐπέκεινα,
3107 2892 3260 2942 Ἐπεὶ
3308 2890 3364 2942 δὲ
3415 2889 3608 2942 οὔκουν
3671 2891 3964 2954 ἐξικνεῖται

2387 2976 2588 3044 φθάσαι
2617 2980 2985 3052 πόρρώτερον,
3022 2981 3503 3052 ἀναλογιζόμενος,
3613 2983 3741 3051 χρὴ,
3773 2984 3836 3035 τδ
3869 2985 3967 3035 έκε

2383 3070 2581 3135 φεῦγον
2633 3073 3065 3141 ἁναμφηρίστως
3105 3074 3180 3136 ὡς
3220 3075 3638 3141 ὑπερκείμενον,
3673 3072 3962 3143 φέρτερον,

2385 3171 2584 3241 πολλῆς
2620 3190 2764 3234 τινος
2799 3177 3025 3243 κάτοχος
3071 3175 3380 3238 ἀκολούθως
3411 3177 3787 3247 έρωτοληψιας
3817 3179 3968 3246 γίνε-

2347 3271 2490 3319 “rat,
2529 3261 2623 3312 καὶ
2656 3263 2968 3330 ἐφαμίλλως
3001 3265 3246 3332 μανικῶς
3285 3265 3681 3335 ὲκὸακάεύεται
3713 3267 3845 3337 περὶ
3880 3268 3963 3331 σὲ,

739 3377 999 3444 gnitionis
1047 3375 1514 3444 impossibilitate,
1570 3378 1822 3429 admirari
1859 3385 1911 3428 et
1942 3387 2131 3443 optare
2180 3391 2298 3426 cam
2381 3368 2411 3405 ³⁸

2293 3394 2298 3425 ,
2381 3353 2685 3417 πόθους
2698 3354 3041 3424 άναῤῥιπίζει
3067 3355 3305 3418 διακαεῖς
3333 3360 3397 3425 τῇ
3423 3357 3592 3427 ψυχῇ,
3622 3358 3965 3428 ὑπέκκαυμα

738 3470 924 3537 cogit;
957 3468 1156 3522 addam
1199 3468 1383 3533 etiam,
1412 3469 1553 3536 quod
1587 3469 1632 3521 ei
1662 3468 1951 3536 persuadet
1979 3480 2035 3521 ut
2062 3467 2302 3535 inquirat
2385 3456 2410 3507 θ

2296 3508 2302 3518 _
2385 3456 2536 3517 Θείας
2558 3458 2775 3523 ἀγάπης
2800 3456 2858 3507 τὺ
2885 3456 3230 3523 καταληπτὸν
3252 3454 3346 3506 τοῦ
3370 3456 3757 3524 άκαταλήπτου
3783 3455 3968 3507 ποιοὺ-

739 3560 872 3628 quid
905 3561 1003 3625 sis,
1037 3575 1144 3614 non
1180 3558 1400 3629 quidem
1436 3559 1900 3624 substantialiter;
1931 3560 1980 3611 id
2005 3561 2147 3613 enim
2181 3575 2293 3610 om-
2388 3563 2411 3617 μ

2290 3587 2293 3597 ,
2388 3563 2567 3617 μενος,
2597 3547 2692 3598 καὶ
2724 3547 2821 3615 τὴν
2851 3549 3086 3618 ἀπορίαν
3112 3547 3382 3617 πορισμὸν
3408 3547 3628 3617 ἐρώτων
3656 3547 3962 3616 τιθέμενος.

741 3654 871 3705 nino
899 3668 963 3705 ex
1005 3667 1257 3720 suprema
1308 3651 1614 3705 clevationc
1646 3653 1979 3719 impossibile
2029 3667 2107 3705 est
2141 3691 2158 3715 ,
2207 3653 2298 3706 sed
2386 3640 2413 3691 ί

2289 3653 2298 3705 ι
2386 3640 2461 3691 Οὑ
2497 3639 2699 3708 μᾶλλον
2728 3639 3008 3707 θέλγοντος
3041 3639 3135 3692 τοῦ
3163 3640 3298 3710 περὶ
3331 3640 3412 3704 σὲ,
3440 3640 3706 3706 πάνσοφε,
3731 3641 3961 3710 ληπτοῦ,

740 3743 868 3812 quid
901 3742 973 3796 sit
1017 3741 1391 3795 substantialis
1443 3742 1532 3793 Dei
1573 3745 1916 3810 potentiaet
1949 3744 2212 3810 operatio,
2247 3753 2294 3795 et
2383 3730 2412 3799 ἦ

2290 3753 2294 3793 γ
2383 3730 2526 3801 ἥπερ
2549 3733 2861 3794 ἐκκαίοντος
2889 3732 2983 3784 τοῦ
3009 3732 3416 3801 διαφεύγοντος,
3448 3734 3564 3797 καὶ,
3595 3732 3672 3801 τῷ
3703 3734 3804 3800 τῆς
3823 3735 3962 3800 γνώσ

740 3833 1000 3901 quidquid
1032 3847 1218 3886 eorum
1250 3847 1370 3898 quae
1409 3832 1614 3884 circum
1650 3841 1699 3884 te
1729 3835 2085 3901 conletnp'ari
2137 3833 2292 3892 licet.
2387 3840 2412 3874 σ

2290 3877 2292 3890 ι
2387 3840 2519 3883 σεως
2547 3824 2840 3894 ἀνεφίκτῳ,
2874 3827 2966 3876 καὶ.
2992 3824 3368 3894 θαυμάζεσθαι
3397 3825 3536 3888 λίαν,
3558 3825 3653 3877 καὶ
3681 3825 3962 3880 ποθεῖσθαι

740 3926 1104 3994 spiritualium
1160 3935 1228 3977 »οι
1276 3924 1701 3991 theologicorum
1752 3924 2300 3993 incOmprc-hensibile
2382 3911 2412 3965 δ

2290 3941 2300 3977 ε
2382 3911 2769 3979 διαφερόντως,
2808 3916 3340 3984 παρασκευάζοντος,
3382 3917 3675 3986 προσθείην
3699 3919 3752 3982 γ’
3787 3917 3855 3969 ἂν
3883 3917 3962 3970 ὅτι

739 4025 844 4079 est,
871 4031 993 4068 cum
1025 4031 1086 4068 ea
1141 4014 1247 4067 sint
1273 4053 1288 4075 ,
1323 4024 1380 4066 ut
1411 4014 1668 4074 dixinuts.
1726 4025 1948 4083 propter
1976 4014 2299 4082 magnitudi-
2381 4020 2411 4057 κ

2290 4043 2299 4052 .
2381 4004 2476 4057 καὶ
2514 4005 2791 4072 ζητεῖσθαι
2825 4006 3124 4069 πείθοντος,
3161 4007 3424 4075 οὐμενοῦν
3462 4026 3517 4058 τι
3568 4010 3632 4061 σὺ
3687 4008 3831 4060 κατὰ
3865 4009 3962 4076 τὴν

743 4126 885 4169 nem,
913 4108 1144 4169 infinita,
1178 4119 1230 4161 et
1259 4117 1480 4182 propter
1512 4107 1936 4168 multitmlinem,
1995 4123 2098 4158 non
2149 4123 2299 4159 scru-

741 4201 946 4252 tabilia.
982 4199 1089 4253 Etsi
1116 4201 1258 4251 cnim
1290 4214 1394 4251 non
1428 4200 1597 4265 possit
1642 4200 1863 4251 omnino
1893 4201 1956 4251 ad
2006 4200 2294 4251 terminum

740 4292 1040 4360 pervenire,
1076 4305 1196 4342 cum
1229 4306 1288 4342 ea
1322 4292 1428 4342 sint
1471 4289 1699 4347 infinita.
1724 4299 1901 4357 potest
1924 4300 2129 4350 autem.
2174 4305 2295 4342 cum

740 4381 976 4448 puritate
1027 4381 1091 4433 ad
1127 4390 1177 4433 te
1207 4381 1494 4446 accedens,
1550 4390 1604 4432 et
1639 4382 1705 4432 ad
1745 4392 1889 4434 tuam
1932 4381 2296 4449 pulchritudi-

741 4486 862 4523 nem
894 4485 1207 4538 assurgens.
1242 4471 1309 4523 ad
1347 4469 1752 4524 manifestiores
1781 4481 1834 4525 et
1867 4472 2183 4537 lucidior-es,
2206 4489 2294 4527 as-

738 4569 894 4630 pectu
916 4577 1098 4615 eorum
1121 4577 1241 4630 (pne
1268 4571 1319 4615 te
1342 4564 1699 4627 circumdant,
1721 4565 2022 4634 pertingere
2039 4575 2198 4634 atque
2226 4567 2295 4618 ita

738 4653 1000 4706 deificari.
1042 4652 1188 4708 υιιιΙι·
1242 4663 1295 4706 et
1346 4656 1547 4709 amoris
1604 4659 1828 4710 vulnere
1868 4658 2149 4721 incendis,
2176 4675 2296 4728 qua:

739 4743 879 4808 apud
936 4753 985 4794 te
1017 4751 1286 4806 versatur,
1322 4752 1578 4806 mentem,
1623 4760 1741 4796 eam
1793 4744 2109 4799 illuminans
2135 4785 2150 4808 .
2187 4747 2297 4800 imo

738 4848 870 4886 vero
899 4847 1018 4891 eam
1053 4843 1449 4896 consequenter
1479 4836 1826 4890 introducens
1855 4838 1909 4890 in
1933 4839 2176 4906 quaedam
2211 4839 2297 4891 in-

746 4938 963 4976 accessa
1007 4933 1060 4978 et
1112 4927 1336 4994 mystica
1399 4926 1660 4978 cmlorum
1702 4930 2032 4995 spectacula.
2105 4931 2297 4984 Unitas

745 5011 959 5081 hymnis
993 5014 1335 5079 celebranda,
1361 5026 1415 5069 et
1437 5015 1676 5070 Trinitas
1724 5020 2167 5086 honoratissima,
2205 5037 2298 5090 po-

743 5105 922 5157 tentia:
954 5119 1015 5158 ac
1066 5106 1346 5175 sapientiae
1389 5107 1616 5175 abyssus
1649 5108 2103 5176 profundissima!
2160 5129 2300 5179 quo-

744 5195 902 5248 modo
925 5211 987 5249 ex
1020 5195 1136 5264 ipsa
1157 5198 1435 5257 servitute.
1456 5199 1499 5253 si
1518 5201 1746 5267 quisita.
1766 5203 1909 5270 loqui
1941 5203 2083 5266 velit,
2113 5216 2204 5257 aut
2235 5221 2298 5258 ex

747 5286 1134 5353 adscriptione,
1167 5288 1220 5340 in
1259 5289 1379 5342 illas
1414 5291 1623 5344 divinas
1656 5295 1906 5347 tenebras
1942 5308 2175 5349 mentem
2228 5299 2301 5351 Ie-

745 5377 929 5442 gitime
961 5377 1271 5431 mundatam
1303 5381 1624 5444 introducis.
1662 5399 1780 5437 eam
1830 5387 2205 5441 transmittens
2233 5405 2296 5442 cx

745 5469 913 5534 gloria
965 5468 1016 5518 in
1056 5468 1314 5535 gloriam,
1357 5474 1657 5539 saepissime
1688 5483 1867 5527 tamen
1919 5477 2058 5529 intra
2093 5484 2188 5532 has
2222 5481 2303 5530 Ιιι-

741 5560 892 5610 cidas
929 5561 1177 5613 tenebras
1220 5576 1526 5618 remanens.
1579 5566 1696 5617 Non
1730 5571 1853 5620 novi
1876 5609 1890 5628 ,
1959 5579 2015 5621 ιιι
2049 5580 2099 5621 ιιι
2134 5572 2298 5636 nosti,

746 5657 925 5700 utrum
965 5651 1050 5701 illa
1081 5651 1250 5704 nubes
1278 5653 1328 5704 in
1362 5668 1521 5720 quam
1558 5656 1900 5713 introductus
1931 5672 2013 5712 est
2043 5662 2254 5731 Moyses
2280 5705 2293 5724 ,

747 5739 911 5806 hujus
942 5739 1104 5792 fuerit
1139 5742 1335 5810 imago,
1371 5757 1436 5796 an
1472 5745 1584 5798 haec
1615 5747 1797 5811 illius;
1832 5751 1923 5803 scd
1973 5752 2084 5803 Ιιειιο
2129 5756 2298 5804 matti-

746 5828 876 5883 feste
926 5833 1227 5897 spuitualis
1253 5845 1334 5887 cst
1368 5834 1535 5888 nubes
1564 5848 1615 5889 et
1654 5840 1702 5889 in
1744 5855 1804 5891 ea
1874 5843 2055 5894 divine
2096 5859 2155 5894 ac
2205 5861 2296 5897 su-

2385 4092 2572 4144 οὑσίαν
2591 4109 2604 4120 ·
2645 4095 2803 4147 τοῦτο
2834 4096 2942 4165 γάρ
2977 4097 3162 4158 παντὶ,
3187 4098 3289 4149 ,καὶ
3318 4098 3558 4162 πάντως,
3588 4100 3684 4150 καὶ
3711 4100 3963 4152 ὁπωσοῦν

2383 4184 2446 4236 ὲκ
2464 4186 2780 4254 περιουσίας
2805 4188 3106 4256 ἀμήχανον,
3132 4188 3267 4241 ἀλλὰ
3286 4189 3347 4240 τὸ
3372 4189 3469 4256 τῆς
3491 4188 3781 4252 οὑσιώδους
3811 4191 3963 4252 θείας

2383 4272 2665 4342 δυνάμεως
2686 4276 2780 4328 καὶ
2811 4279 3110 4347 ἐνεργείας,
3147 4280 3243 4331 καὶ
3277 4279 3338 4331 τὸ
3368 4279 3505 4344 ὅλον,
3544 4280 3655 4332 τῶν
3699 4283 3830 4350 περὶ
3881 4282 3961 4341 σὲ,

2370 4365 2504 4428 Θεὲ,
2532 4365 2925 4438 θεωρουμένων
2960 4370 3188 4437 νοητῶν,
3217 4373 3311 4423 καὶ
3345 4371 3784 4441 θεολογουμένων
3831 4373 3964 4442 ἄλη-

2385 4474 2537 4520 πτον,
2576 4455 2898 4534 ἀπείρων,ᾖ
2929 4458 3167 4530 εἴρηται,
3190 4462 3279 4515 διὰ
3309 4464 3370 4514 τδ
3391 4465 3642 4534 μέγεθος,
3674 4463 3962 4531 άνεξερευ-

2328 4555 2557 4646 ι,νήτων
2595 4555 2649 4606 δὲ
2680 4555 2848 4609 ὄντων
2880 4556 2981 4608 διά
3008 4558 3069 4610 τὸ
3097 4558 3298 4627 πλῆθος
3322 4576 3336 4590 ο
3375 4558 3583 4612 τούτων
3612 4560 3708 4612 καὶ
3736 4558 3873 4627 γάρ,
3915 4563 3963 4611 εὶ

2384 4648 2467 4697 xa‘
2497 4645 2631 4706 ὅλως
2653 4648 2731 4709 εἰς
2755 4651 2926 4718 πέρας
2949 4651 3231 4717 ἐφικέσθαι
3261 4650 3546 4715 ἀδύνατον,
3573 4652 3664 4705 ἆτε
3693 4651 3961 4718 ἀπείρων.

2382 4735 2518 4786 ἀλλὰ
2547 4737 2770 4788 δυνατὸν
2802 4739 2876 4806 τῷ
2922 4739 3010 4791 διὰ
3042 4741 3368 4810 καθάρσεως
3401 4741 3800 4810 προσεγγισμῷ
3842 4758 3961 4802 σου,

2383 4828 2474 4879 καὶ
2498 4830 2566 4897 τῇ
2593 4830 2892 4882 ὲνατενίσει
2939 4831 3032 4884 τοῦ
3067 4833 3296 4895 κάλλους
3324 4850 3436 4896 σου,
3469 4834 3608 4903 πρὸς
3637 4836 3963 4901 φανωτὲρας

2382 4919 2475 4968 καὶ
2505 4919 2892 4989 διαυγεστέρας
2921 4922 3142 4991 ὁράσεις
3169 4925 3276 4977 τῶν
3307 4925 3435 4992 περὶ
3464 4925 3523 4978 σὲ
3555 4925 3826 4992 γίνεσθαι,
3868 4927 3962 4977 καὶ

2384 5006 2636 5059 θεοῦσθαι
2673 5010 3022 5079 κατάλληλα·
3063 5012 3184 5064 ὅθεν
3219 5014 3312 5066 καὶ
3351 5014 3719 5082 καταφλέγεις
3757 5015 3961 5083 τρώσει

2381 5099 2618 5170 ἐρωτικῇ
2656 5102 3033 5171 προσμένοντά
3077 5123 3160 5157 σοι
3197 5105 3323 5158 νοῦν
3365 5107 3702 5175 ἀνηκόντως,
3732 5109 3961 5176 διαυγά-

2380 5188 2488 5251 ζων
2519 5191 2735 5258 μᾶλλον,
2806 5195 2898 5245 καὶ
2928 5195 3126 5262 μᾶλλον
3155 5197 3341 5259 αὑτὸν,
3369 5198 3480 5250 κάκ
3504 5197 3600 5250 τοῦ
3628 5202 3960 5268 γιγνομένου

2381 5284 2615 5348 εἰσάγων
2653 5286 2732 5345 είς
2764 5282 2899 5338 ἄττα
2939 5286 3108 5339 ἄδυτα
3137 5292 3375 5355 μυστικά
3416 5292 3668 5353 θεάματα
3719 5293 3958 5361 ὑπερου-

2389 5389 2569 5460 ράνια.
2597 5386 2668 5443 Ὠ
2699 5390 2868 5460 μονάς
2904 5391 3275 5460 ὑπερύμνητε,
3305 5394 3400 5446 καὶ
3448 5393 3620 5462 Τριὰς
3665 5393 3960 5466 ὑπέρτιμι,

2383 5482 2668 5549 δυνάμεως
2691 5484 2787 5534 καὶ
2818 5483 3008 5550 σοφίας
3029 5483 3347 5551 άὶτὺθμαντε
3373 5483 3501 5554 βυθέ
3523 5486 3535 5536 !
3558 5485 3674 5547 πῶς
3698 5485 3759 5549 ἐξ
3785 5488 3961 5554 αὐτῆς

2386 5573 2492 5622 εἴτε
2525 5574 2848 5642 ἁφετηρίας,
2909 5574 3082 5626 ἐθέλοι
3113 5591 3194 5636 τις
3224 5575 3423 5641 λέγειν,
3488 5574 3600 5627 εἴτε
3632 5575 3744 5644 μὴν
3775 5593 3961 5648 γραμ-

2389 5665 2515 5730 μῆς,
2548 5665 2624 5724 είς
2638 5663 2726 5714 τὸν
2759 5664 2896 5715 κατὰ
2932 5664 2992 5717 σὲ
3023 5665 3260 5731 εἰσάγεις
3286 5665 3561 5718 θειότατον
3585 5665 3786 5733 γνόφον
3815 5669 3958 5719 καθ-

2386 5753 2614 5820 αρθέντα
2658 5752 2939 5821 ὲνθέσμως
2984 5753 3076 5806 τὸν
3107 5754 3251 5818 νοῦν,
3289 5754 3597 5821 μετάγουσα
3629 5753 3822 5806 τοῦτον
3851 5757 3959 5808 ἀπὸ

2392 5845 2546 5911 δόξης
2594 5849 2672 5906 εἰς
2719 5844 2895 5909 δόξαν,
2949 5845 3206 5908 πολλάκις
3236 5846 3374 5915 πλὴν
3405 5846 3498 5897 καὶ
3548 5845 3678 5897 εἵσω
3724 5847 3954 5914 μένοντα
