4234 6446
277 472 375 543 941

1413 475 1510 533 DE
1556 477 1727 536 VITA
1765 477 2440 536 CUNTEMPLA'I‘IVA.

3446 472 3560 536 942

279 606 373 659 τοῦ
416 608 514 658 ὑπε
529 608 742 675 ρφώτον
777 605 997 672 γνόφου.
1033 605 1146 656 Οὐκ
1177 599 1315 663 οἴδα,
1353 600 1427 659 ὡς
1455 601 1519 652 συ
1546 598 1854 663 γινώσκεις,

1981 594 2405 660 pcrnaturalilcr
2443 592 2494 643 in
2532 588 2795 661 mysterio
2826 599 2878 640 et
2912 587 3263 641 iuclTabiliter
3293 586 3557 654 Spiritun-

278 702 390 750 εἴτε
421 701 497 760 εἰς
526 699 585 751 ὃν
619 698 848 766 εἰσήχθη
903 697 1108 764 Μωσῆς
1131 712 1189 746 τε
1233 695 1420 750 πάλαι,
1444 691 1542 743 εἶθ’
1575 692 1655 743 ὅτι
1679 685 1854 752 οὗτος,

277 791 487 842 ἐκείνου
525 789 710 852 εἰκὼν,
760 787 856 840 εἴτ’
895 783 987 839 οὗν
1025 786 1240 852 τούτου,
1293 788 1518 845 ἐκεῖνος,
1581 781 1718 849 πλὴν
1773 781 1855 832 ὅτι

279 879 440 945 οῦτος
497 881 811 950 περιφανῶς
864 880 1054 949 νοητὸς
1099 878 1298 946 γνόφος
1342 879 1486 938 ἐστὶ,
1539 877 1634 926 καί⁵
1680 875 1761 925 ὃτι
1801 873 1886 923 ἐνΔ

1972 685 2036 736 lis
2071 684 2290 734 unionis
2325 681 2684 743 caritatisque
2724 679 3087 746 perﬁciuntur
3115 678 3413 747 mysteria;
3447 693 3559 742 quo

1973 776 2267 828 introducti
2325 791 2445 826 cum
2502 773 2861 826 illuminantis
2906 771 3138 839 spiritus
3183 770 3336 834 face,
3371 770 3424 824 id
3458 786 3554 839 ap-

1976 870 2148 936 prime
2175 879 2229 922 et
2261 867 2551 922 manifeste
2593 875 2862 917 noverunt

282 976 438 1044 αὑτῷ
482 977 723 1026 τελεῖται
770 972 931 1030 θείως
961 973 1054 1023 καὶ
1102 971 1399 1038 ὑπερφυῶς
1436 972 1493 1019 ἐν
1535 969 1612 1038 τῷ
1664 967 1919 1035 μυστικῷ
1957 965 2056 1032 τῆς
2096 961 2275 1030 ψυχῆς
2323 960 2604 1028 ἀρρήτως.
2649 957 2716 1010 τὰ
2744 959 2839 1024 τῆς
2879 959 3264 1028 πνευματικῆς
3307 961 3556 1024 ἑνώσεως

283 1073 381 1125 καὶ
410 1073 636 1139 ἀγάπης
666 1072 944 1140 μυστήρια
974 1085 987 1098 ·
1015 1070 1063 1121 oi
1087 1069 1442 1136 εἰσαγόμενοι
1479 1068 1618 1136 μετὰ
1641 1066 1740 1134 τῆς
1771 1064 2060 1134 δᾳδουχίας
2087 1065 2182 1117 τοῦ
2220 1065 2546 1130 φωτίζοντος
2575 1064 2888 1133 [Ινεύματος
2924 1062 3044 1112 λίαν
3107 1059 3377 1128 λαμπρῶς
3427 1062 3549 1111 επί-

282 1184 531 1222 στανται.

357 1273 464 1342 ιβ’.
517 1274 612 1336 Τίς
660 1290 717 1324 σε
763 1269 1141 1338 διακειμένως,
1171 1268 1342 1336 Κύριε
1378 1265 1568 1335 Τριὰς,
1609 1262 1748 1330 ὁρῶν
1798 1265 1858 1312 οὑ

292 1367 476 1434 χαίρει
523 1366 615 1417 τὸν
670 1365 894 1436 βασιλέα
929 1363 1021 1414 καὶ
1052 1360 1395 1413 ἀδιάλειπτον
1420 1356 1720 1436 πρύτανιν.
1769 1355 1863 1404 καὶ

277 1458 544 1526 διανομέα
575 1458 774 1518 παντὸς
825 1454 1134 1507 οὑτινοσοῦν
1168 1451 1332 1504 καλοῦ
1373 1449 1464 1501 καλ⁵
1491 1445 1720 1514 άγαοοῦ,
1771 1445 1864 1496 καὶ

281 1550 520 1615 πηγαῖον
549 1547 706 1598 ὄλϐον
738 1546 943 1598 τούτων
978 1544 1348 1614 τυγχάνοντας
1384 1541 1476 1594 καὶ
1513 1539 1596 1600 τίς
1638 1537 1744 1606 πρὸ
1770 1537 1864 1602 τῆς

282 1639 530 1704 ὁράσεως
562 1641 658 1706 τῆς
705 1635 1216 1706 παντοκρατορικῆς
1256 1631 1570 1693 δεσποτείας
1609 1646 1702 1681 σου
1737 1630 1861 1696 χαί-

285 1739 401 1773 οειν
436 1724 548 1790 ἔχοι
585 1721 756 1788 χαρὰν
796 1719 1009 1788 utnon;
1042 1719 1209 1790 Δῆλον
1253 1721 1333 1772 ὅτι
1363 1721 1536 1783 οὐδεὶς
1576 1722 1854 1790 οὐδαμῶς·

279 1813 368 1867 διὰ
387 1812 547 1865 τοῦτο
569 1812 646 1880 τῷ
663 1813 800 1874 ὄντι,
832 1831 848 1862 ι
876 1813 1152 1881 Μακάριοι
1173 1815 1219 1863 οἱ
1242 1812 1473 1881 καθαροὶ
1504 1815 1568 1882 τῇ
1596 1812 1812 1883 καρδίᾳ,
1839 1832 1855 1863 ›

276 1909 359 1960 ὅτι
390 1902 534 1960 οῦτοί
575 1924 633 1958 σε
671 1891 993 1960 ὀπτάνονται
1023 1907 1230 1975 δμματι
1263 1907 1461 1975 ψυχῆς,
1486 1908 1663 1975 χαρὰν
1707 1909 1862 1958 αὑτό-

278 2016 471 2068 χρημα
499 1999 630 2051 ὄντα
661 1999 1029 2068 διαφερόντως
1056 1999 1456 2068 πνευματικὴν,
1488 2001 1577 2050 καὶ
1617 2000 1865 2068 χαίρουσι

276 2093 344 2160 δὴ
378 2092 515 2160 μετὰ
543 2093 791 2158 γάννους,
824 2093 917 2144 καὶ
969 2091 1169 2159 πολλῆς
1202 2091 1490 2160 θυμηδίας,
1524 2095 1616 2144 καὶ
1654 2093 1864 2162 ἀφορή-

277 2202 388 2234 των
419 2183 641 2252 ὲρώτων
673 2183 1067 2253 ἐμπίπλανται,
1105 2182 1363 2244 πολλάκις
1397 2186 1491 2236 καὶ
1524 2188 1863 2252 σωματικαῖς

279 2277 756 2344 προσπαλαίοντες
792 2277 1170 2342 περιστάσεσι,
1217 2276 1311 2327 καὶ
1357 2275 1698 2342 δαιμονικαῖς
1747 2278 1865 2326 ἐπι-

281 2371 481 2437 φοραῖς
517 2367 854 2436 πάσχοντες·
909 2368 969 2418 τὸ
1021 2368 1130 2435 γὰρ
1187 2365 1561 2434 πνευματικὸν
1610 2367 1724 2433 φῶς
1773 2365 1865 2418 τοῦ

283 2460 517 2522 κάλλους
553 2459 648 2510 τοῦ
678 2459 971 2527 προσώπου
1004 2477 1117 2522 σου,
1154 2459 1349 2528 Κύριε,
1393 2459 1685 2525 ἀπειράκις
1715 2461 1869 2512 ἀπείο

285 2567 396 2619 ρως
423 2549 835 2619 ὑπερεξῄρηται
864 2548 958 2600 τοῦ
981 2551 1074 2600 καὶ
1101 2548 1347 2600 ὁπωσοῦν
1374 2550 1516 2619 λύπῃ
1549 2549 1866 2618 προσίεσθαι

282 2645 552 2709 κοσμικῇ,
584 2635 628 2707 ᾧ
664 2640 1037 2706 ὲλλάμπεσϐαι
1080 2641 1328 2706 γίγνεται
1367 2640 1457 2691 διὰ
1486 2641 1727 2708 χάριτος.
1770 2643 1868 2692 Δια

280 2734 443 2787 τοῦτο
471 2733 786 2802 γλυκασμὸς
818 2733 935 2794 ὅλος
956 2733 1378 2800 προπορεύεσαι.
1399 2732 1558 2793 Ὄλος
1580 2732 1866 2798 ἐπιθυμία,

284 2827 418 2893 ἁγία
449 2843 509 2877 τε
542 2824 750 2892 ἔφεσις,
804 2825 1043 2895 ἄρρηκτος
1079 2823 1247 2894 ἔρωςο
1289 2823 1539 2876 ἐντεῦθεν
1577 2828 1609 2891 ὴ
1649 2825 1867 2892 ἀγάπης

286 2936 383 2970 σου
451 2919 750 2986 ἁφορήτοις
826 2916 1129 2984 ὑπερφυὲσι
1211 2917 1457 2984 κέντροις
1529 2915 1865 2984 τετρωμένη.

298 3009 671 3078 ’Δποκαθιστᾷ
718 3008 846 3070 τοὺς
877 3009 1021 3061 κατά
1059 3009 1180 3061 τινά
1213 3025 1272 3059 σε
1309 3009 1550 3077 ὁρῶντας
1589 3008 1864 3061 ἐπίνοιαν·

286 3102 544 3156 ἐντεῦθεν
572 3103 653 3163 εἰς
683 3101 858 3171 ὀσμὴν
904 3100 1093 3170 μύρων
1123 3119 1218 3154 σου
1256 3101 1432 3154 ὀπίσω
1483 3118 1576 3152 σου
1631 3119 1868 3154 κατακο-

285 3194 582 3246 λουθοῦσαι
632 3194 886 3261 τρέχουσι
925 3192 1142 3262 σφοδρῷ
1185 3195 1278 3245 καὶ
1331 3193 1594 3261 ἁνενδότῳ
1641 3194 1778 3261 τόνῳ
1814 3196 1869 3244 αι

283 3287 458 3356 ψυχαὶ
477 3285 608 3348 τῶν,
637 3283 726 3352 ὑφ’
748 3278 822 3336 ὧν
849 3284 1067 3352 δράσαι,
1100 3285 1310 3353 άρῤητε
1341 3285 1461 3347 Θεὲ,
1487 3285 1580 3338 καὶ
1605 3288 1660 3337 ὲν
1687 3286 1869 3354 σφίσιν
1888 3293 1931 3353 C

286 3380 482 3439 αὑταῖς
507 3378 687 3429 ἕλκειν
714 3394 772 3428 σε
806 3377 958 3448 πάσῃ
987 3376 1281 3445 πειρῶνται
1308 3381 1545 3445 μηχανῇ,
1571 3378 1871 3445 ήττημέναι

286 3471 535 3532 πάντως,
565 3469 660 3521 καὶ
697 3469 1050 3538 ἐκτετηκυίαι
1090 3467 1169 3538 τῷ
1203 3467 1352 3537 πόθῳ
1393 3486 1486 3520 σου
1519 3469 1867 3538 θαυμαστῶς.

287 3563 464 3614 ὈΘεν
496 3561 747 3632 άλήστως
798 3577 858 3612 σε
907 3560 1121 3629 ἔχουσιν
1155 3561 1247 3614 ὲπὶ
1279 3560 1404 3614 νοῦν
1450 3561 1742 3631 ἐξηρμέναι
1778 3562 1871 3613 τοῦ

289 3654 529 3716 κάλλους
571 3671 665 3706 σου
696 3652 791 3705 τοῦ
822 3653 1152 3723 ὑπερφυοῦς.
1190 3653 1404 3706 Μᾶλλον
1437 3654 1536 3723 μὲν
1572 3649 1665 3707 οὖν
1698 3654 1875 3722 διηνε-

290 3749 406 3809 κῶς
432 3749 529 3799 καὶ
552 3747 941 3815 πνευματικῶς
966 3747 1232 3816 πρότερον
1257 3747 1502 3816 κατέχεις
1529 3747 1626 3825 τὰς
1651 3749 1876 3817 καρδίας

290 3839 504 3902 αὐτῶν,
556 3840 650 3889 καὶ
686 3837 900 3904 νύκτωρ
930 3837 1100 3907 δήπου
1158 3838 1251 3890 καὶ
1290 3837 1408 3907 μεθ’
1441 3839 1673 3907 ἡμέραν,
1721 3843 1811 3891 καὶ
1851 3842 1878 3890 ὁ

293 3934 467 3994 ὕπνος
512 3931 732 3998 άπέπτη
786 3930 895 3982 άπὸ
943 3929 1054 3981 τῶν
1099 3929 1382 4000 βλεφάρων
1432 3929 1668 4008 αὑτῶν·Δ
1703 3934 1794 3983 καὶ
1849 3933 1875 3999 ἡ

292 4025 1874 4094 ἡδύτης.........,......

293 4413 369 4450 ει.
396 4393 534 4446 ἀλλὰ
561 4393 654 4444 καὶ
672 4389 1206 4452 καθεύὼυσαιτέως,
1241 4391 1386 4459 ὅμως
1410 4392 1441 4458 ἡ
1474 4392 1670 4458 καρδία
1703 4392 1882 4444 αὐτῶν
1967 4411 1975 4427 .

295 4487 395 4540 καὶ
439 4482 633 4554 [,οῦ]τω
672 4484 961 4552 γρηγορεῖ,
993 4480 1419 4548 άγαλλιώμεναι,
1444 4481 1517 4542 ὼς
1541 4483 1567 4533 ὁ
1597 4485 1882 4552 προφήτης

287 4563 454 4646 ’λέγει
499 4580 592 4628 ἐπὶ
626 4576 734 4628 τῶν
763 4575 959 4627 κοιτῶν
1004 4574 1203 4627 αὑτῶν.
1236 4576 1346 4626 Καὶ
1378 4576 1684 4642 ἐφαμίλλως
1717 4575 1880 4645 ὁρῶσι

299 4673 399 4726 καὶ
430 4670 770 4739 συνέχονται,
793 4668 885 4719 καὶ⁵
906 4667 958 4718 τί
992 4666 1245 4733 γενέσθαι
1274 4668 1374 4720 οὐκ
1402 4667 1604 4736 ἔχουσι,
1631 4670 1723 4721 καὶ
1753 4671 1882 4721 ἁπο-

301 4763 485 4833 ροῦσι,
523 4763 616 4812 καὶ
647 4759 959 4822 ἐξίστανται
979 4758 1068 4811 διὰ
1104 4759 1175 4811 τὰ
1201 4757 1517 4828 διακείμενα
1541 4761 1641 4824 τῆς
1676 4762 1906 4828 άφάτου¹

299 4853 666 4923 φαιδρότητος
717 4850 813 4901 τοῦ
863 4848 1156 4919 προσώπου
1194 4866 1319 4914 σου,
1355 4850 1442 4902 διὰ
1486 4852 1584 4920 τὴν
1638 4852 1886 4920 μεγαλω-

301 4946 480 5013 σύνην
517 4944 617 5008 τῆς
647 4942 804 5009 δόξης
849 4944 947 5009 τῆς
987 4941 1296 5010 ἁγιωσύνης
1330 4958 1444 5000 σου.
1484 4943 1568 4994 διὰ
1597 4945 1694 5005 τὰς
1722 4945 1888 5013 ὑπερ-

302 5034 574 5104 κοσμίους
607 5031 673 5094 ἃς
707 5028 1086 5101 διιατίθεν]ται
1115 5031 1172 5080 ἐν
1202 5031 1418 5093 ἑαυταῖς
1454 5031 1742 5092 ἀναϐάσεις
1770 5049 1886 5096 σου,

299 5126 404 5181 καὶ
437 5120 812 5189 ἀποκαλύψεις
846 5120 944 5182 τάς
979 5121 1272 5188 μυστικάς,
1306 5121 1392 5173 διὰ
1420 5121 1489 5172 τὰ
1520 5123 1687 5192 μυρία
1719 5123 1888 5192 ἀπόρ-

304 5221 455 5292 ρητά
487 5235 549 5269 τε
574 5217 669 5270 καὶ
693 5217 897 5284 ἄφατα,
934 5214 1192 5283 πάγκαλά
1219 5232 1278 5267 τε
1315 5217 1408 5268 καὶ
1434 5218 1718 5284 πανάγαϐα
1743 5218 1890 5288 δῶρα

303 5311 854 5384 Πάτερτὰπερὶσὲ.
930 5351 945 5364 .
1025 5353 1040 5367 .
1122 5351 1134 5363 .
1219 5351 1232 5364 .
1313 5351 1324 5364 .
1406 5353 1418 5365 .
1499 5353 1513 5366 .
1594 5353 1605 5364 .
1687 5354 1698 5366 .
1779 5353 1792 5366 .
1873 5356 1886 5368 .

303 5497 407 5552 καὶ
438 5497 724 5567 στηρίξαις
762 5499 889 5561 τοὺς
934 5500 993 5550 ἐν
1039 5499 1295 5570 εὑθύτητι
1330 5500 1758 5572 [κατοικοῦν]τας
1794 5504 1888 5555 σὺν

303 5591 390 5659 τῷ
422 5589 707 5658 προσώπῳ
740 5605 856 5644 σου.

1881 1951 1921 2007 Β

2025 1256 2112 1310 99..
2150 1257 2281 1321 Quis
2322 1266 2392 1319 te,
2431 1256 2697 1319 Trinitas,
2761 1257 3006 1321 Domine,
3042 1269 3097 1310 ut
3127 1259 3283 1311 deCet
3308 1271 3550 1313 content-

1956 1353 2130 1418 plans,
2170 1368 2275 1403 non
2320 1353 2552 1414 laetatur,
2577 1369 2700 1404 cum
2739 1362 2787 1404 to
2819 1369 2997 1419 regem
3026 1353 3549 1422 iudeﬁt'ientemque

1955 1445 2170 1504 ducent,
2209 1454 2263 1497 et
2299 1451 2480 1498 omnis
2515 1446 2640 1496 boui
2697 1461 2761 1500 ac
2799 1445 3013 1511 pulchri
3084 1446 3544 1514 dispensatorem,

1952 1548 2004 1588 et
2028 1537 2341 1589 divitiarum
2375 1535 2580 1590 fontem
2608 1536 2849 1606 cOgitat?
2890 1536 2955 1589 Et
2990 1536 3115 1606 quis
3149 1552 3270 1590 ante
3306 1550 3411 1590 ture
3446 1539 3548 1588 do-

1954 1629 2275 1682 niinatiouis
2310 1630 2706 1696 omnipotentis
2737 1631 3006 1684 visionem
3035 1644 3143 1681 non
3173 1645 3299 1681 vera
3353 1629 3547 1683 laetitia

1954 1725 2226 1776 frueretur
2248 1723 2270 1774 ?
2291 1721 2640 1776 Manifestum
2661 1733 2744 1774 est
2764 1722 3031 1774 neminem
3047 1736 3154 1774 non
3177 1721 3368 1774 lauari.
3392 1723 3544 1775 Ideo-

1950 1833 2054 1885 que
2074 1829 2283 1878 revera,
2343 1832 2361 1864 ‹
2388 1814 2527 1868 beati
2553 1814 2759 1867 mundo
2779 1813 2945 1867 corde
2976 1832 3021 1875 ι,
3047 1815 3174 1882 quia
3227 1823 3280 1868 te
3353 1815 3547 1867 animae

1951 1908 2123 1962 oculis
2156 1907 2437 1970 videbunt,
2459 1906 2638 1959 hetitia
2667 1905 2833 1958 multa
2865 1919 2930 1956 ac
2983 1906 3256 1974 spirituali
3331 1907 3546 1974 repleti,

1961 2011 2168 2054 etcum
2202 1999 2568 2053 exsultatione
2616 2014 2679 2050 ac
2715 1998 2882 2050 multa
2947 1997 3220 2065 voluptate
3272 2001 3548 2062 laetantur,

1963 2092 2291 2159 ardentique
2324 2105 2508 2142 amore
2537 2088 2835 2156 replentur,
2869 2088 3250 2156 corporalibus
3294 2090 3551 2143 obstacu-

1963 2189 2028 2242 lis
2059 2186 2397 2249 resistentes,
2435 2181 2898 2236 etdazmoniornm
2955 2183 3192 2236 insultus
3252 2184 3547 2250 patientes.

1965 2278 2261 2346 Spirituale
2288 2277 2432 2329 enim
2481 2278 2664 2330 vultus
2716 2275 2793 2326 tui
2849 2274 3272 2342 pulchritudinis
3329 2276 3545 2334 lumen.

1964 2374 2216 2435 Domine,
2247 2372 2455 2426 inﬁnite
2511 2371 2580 2423 ab
2614 2369 2778 2438 hujus
2821 2368 3004 2421 mundi
3061 2369 3279 2422 tristitia
3342 2368 3550 2433 distat;

1965 2484 2074 2536 quo
2093 2466 2299 2519 lumine
2325 2464 2664 2533 pergratiam
2687 2477 2842 2516 tuens
2870 2461 3231 2515 illuminatur.
3261 2461 3552 2529 PrOpterea

1968 2565 2160 2628 ingens
2211 2561 2258 2613 e':
2316 2559 2548 2612 dulcedo
2588 2565 2899 2624 praestatur,
2937 2555 3297 2616 desiderium,
3378 2554 3551 2607 sancti

1967 2651 2473 2714 nmtus,inell'abilis
2506 2665 2698 2711 amor;
2725 2650 2868 2701 unde
2903 2648 3152 2701 caritatis
3185 2662 3293 2701 tua:
3344 2649 3552 2701 aculeis

1967 2744 2476 2813 superuaturalibus
2502 2745 2828 2811 acribusquc
2863 2757 3016 2794 mens
3038 2742 3321 2794 vulnerata
3375 2741 3552 2810 repel-

1970 2842 2027 2892 lit
2069 2855 2163 2890 (ξος
2217 2840 2309 2904 qui
2367 2849 2419 2891 te
2460 2839 2761 2889 semiudum
2841 2835 3080 2901 aliquam
3152 2835 3542 2904 cogitationem

2251 2931 2392 2984 unde
2448 2931 2501 2982 in
2566 2931 2788 2983 odorem
2847 2938 3252 2994 unguentorum
3337 2937 3553 2981 tuormn

1971 3035 2092 3093 post
2123 3037 2174 3078 te
2205 3032 2498 3090 sequentes
2530 3033 2764 3074 currunt
2799 3021 3105 3074 vehementi
3131 3030 3187 3074 et
3222 3020 3555 3073 ἱιιιίριίςίνιιιί

1971 3122 2163 3172 ardore
2183 3133 2373 3170 eorum
2407 3117 2602 3169 animze
2632 3132 2658 3167 a
2678 3115 2881 3183 quibus
2905 3115 3191 3181 aspiceris,
3239 3112 3554 3172 ineli'abilis.

1971 3222 2023 3264 et
2061 3213 2112 3264 in
2149 3213 2296 3279 ipsas
2325 3221 2376 3263 te
2407 3211 2683 3263 attrahere
2710 3210 2857 3261 omni
2917 3209 3080 3261 modo
3110 3218 3404 3271 conantur,
3436 3223 3559 3258 om-

1968 3307 2095 3357 nino
2123 3303 2279 3357 victae
2301 3316 2356 3357 et
2395 3305 2474 3355 tui
2507 3303 2777 3355 tlesiderio
2807 3302 2941 3352 mire
2970 3309 3332 3365 consumpta.
3399 3294 3557 3349 Unde

1970 3413 2075 3449 non
2120 3408 2348 3465 possunt
2380 3408 2430 3449 te
2463 3396 2738 3455 oblivisci,
2772 3404 2954 3446 mente
3005 3405 3096 3444 tua
3148 3389 3554 3459 snpernatnrali

1969 3491 2371 3558 pulchritudine
2421 3503 2710 3557 suspensa.
2767 3486 2881 3540 lino
2973 3500 3101 3539 vero
3170 3493 3431 3551 perpetuo
3493 3496 3610 3534 aer

1968 3585 2320 3651 spiritualiter
2353 3584 2500 3650 prius
2530 3597 2720 3633 eorum
2757 3579 2918 3632 corda
2979 3576 3248 3646 possides,
3289 3584 3341 3628 et
3398 3583 3559 3628 nocte

1967 3686 2018 3728 et
2060 3675 2165 3735 die,
2194 3686 2246 3726 et
2291 3689 2518 3727 somnus
2542 3671 2824 3738 elIugitab
2862 3670 3038 3723 oculis
3068 3686 3279 3731 eorum,
3313 3679 3367 3721 et
3435 3669 3557 3720 dul-

1968 3770 2102 3824 cedo

1969 2934 2180 2996 vident;

2203 3807 2216 3820 ἰ
2296 3806 2309 3820 α
2393 3805 2406 3819 ο
2485 3801 2500 3816 ο
2581 3803 2594 3816 ο
2673 3801 2687 3814 ο
2767 3798 2783 3814 ο
2863 3800 2875 3814 ο
2956 3799 2973 3813 ο
3052 3795 3066 3810 ι
3146 3797 3163 3813 ο
3238 3797 3256 3812 ο
3336 3795 3348 3806 ι
3433 3797 3444 3807 ο
3525 3795 3539 3807 ο

1982 4493 2064 4555 si,
2123 4491 2216 4543 sed
2262 4488 2651 4543 dormientium
2721 4500 2815 4538 cor
2867 4493 3045 4537 tamen
3094 4479 3318 4546 vigilat;
3372 4493 3400 4529 ρ

1983 4597 2230 4655 tantque,
2254 4595 2312 4638 ut
2340 4587 2415 4638 ait
2439 4588 2726 4652 propheta,
2769 4584 2818 4632 in
2862 4578 3127 4632 cubilibus
3163 4577 3299 4629 suis.
3338 4573 3402 4626 Et
3429 4590 3560 4627 eon-
3591 4649 3597 4654 θ

1984 4680 2317 4748 teniplautur
2366 4694 2428 4731 ac
2481 4676 2989 4742 comprehcruiuut,
3024 4680 3077 4724 et
3135 4671 3382 4723 nesciunt
3432 4668 3560 4735 quid

1985 4779 2133 4835 liant,
2162 4785 2219 4827 et
2249 4772 2528 4833 deﬁciunt,
2561 4782 2613 4822 et
2649 4770 2699 4822 in
2725 4768 2984 4820 exstasim
3024 4765 3310 4832 rapiuntur
3342 4771 3566 4831 prOptcr

1988 4861 2282 4919 tui'vultus
2307 4864 2611 4930 splendoris
2649 4859 3169 4921 manifestationem,
3206 4847 3425 4924 prOpier
3463 4865 3568 4906 tua:

1984 4959 2170 5026 gloria:
2211 4972 2273 5008 ac
2313 4954 2620 5008 sanctitatis
2656 4950 3110 5022 magnitudinem,
3137 4961 3353 5017 propter
3375 4964 3564 5014 supcr-

1988 5050 2266 5104 uaturales
2308 5058 2445 5108 tuas,
2487 5063 2609 5115 quae
2661 5047 2805 5114 ipsas
2839 5046 3156 5112 disponunt,
3218 5042 3569 5094 ascanione-5

1989 5157 2042 5198 et
2093 5144 2348 5211 iuysticas
2383 5140 2777 5202 revelationes,
2817 5149 3038 5206 prOpler
3079 5145 3338 5190 sexcenta
3371 5149 3567 5188 arcana

1988 5249 2043 5294 et
2068 5235 2385 5302 ineﬂabilia,
2426 5235 2899 5305 pulcherrimaque
2936 5241 2991 5286 et
3018 5231 3221 5299 Optima
3248 5229 3416 5290 dona,
3447 5243 3571 5296 qua:

1987 5335 2195 5402 circum
2241 5340 2290 5384 te
2325 5337 2480 5393 sunt,
2526 5328 2707 5381 Pater.
2789 5364 2803 5378 .
2884 5362 2898 5376 .
2979 5363 2993 5377 .
3075 5366 3086 5376 .
3168 5361 3183 5376 .
3266 5360 3278 5374 .
3553 5359 3567 5372 .

2062 5517 2126 5571 Et
2165 5515 2404 5568 lirmabis
2457 5526 2552 5566 eos
2594 5508 2686 5579 qui
2726 5508 2856 5562 recti
2893 5522 3015 5562 cum
3063 5507 3212 5560 vulto
3264 5517 3355 5558 tuo
3415 5507 3568 5558 habi—

1995 5619 2130 5663 tant.
