4234 6446
280 381 396 450 945

1523 524 1657 533 ..—._

1245 374 1673 440 NlCEPlIORI
1701 372 1800 433 DE
1827 371 2111 432 CORDIS
2151 367 2556 430 CUSTODlA.

3429 352 3537 416 946

294 499 3528 563 W

789 685 1791 818 ΝΙΚΗΦΟΡυΥ
1868 672 3038 814 ΜΟΝΑΖΟΝΤΟΣ

1824 922 2042 979 ΛΟΓΟΣ

611 1103 925 1194 ΠΕΡΙ
1018 1095 1559 1187 ΝΗΨΕΩΣ
1637 1093 1862 1178 ΚΑΙ
1962 1087 2595 1178 ΦΥΛΑΚΗΣ
2673 1079 3236 1170 ΚΑΡΔΙΑΣ

1352 1279 1452 1339 ΟΥ
1494 1279 1643 1334 ΤΗΣ·
1675 1279 1859 1332 ΤΥΧΟ
1875 1276 2058 1331 ΥΣΗΣ
2093 1272 2483 1326 ΩΦΕΛΕΙΑΣ.

927 1622 1975 1785 NICEPHOBI
2098 1611 2972 1771 MONACHI

1701 1895 2051 1956 TRAC'I’AT
2061 1891 2156 1954 US

735 2081 883 2171 DE
951 2070 1700 2176 SOBBIETATE
1776 2067 1926 2154 ET
2042 2062 2472 2156 COBDlS
2538 2055 3136 2151 CUSTODIA

1237 2268 1658 2328 UTILITATIS
1706 2264 1860 2324 NON
1901 2253 2507 2319 CONTEMNEND/E
2542 2256 2640 2327 (l).

588 2426 795 2499 (Graece
847 2441 912 2479 ex
967 2419 1283 2483 Philocalia,
1334 2418 1440 2471 loc.
1494 2418 1591 2470 cit.
1622 2432 1636 2481 ;
1669 2414 1859 2468 Latine
1899 2426 1986 2482 ap.
2032 2408 2317 2464 Possinum
2391 2404 2650 2459 Tltesaur.
2688 2418 2874 2467 ascen,
2927 2415 3115 2469 opnsc.
3179 2396 3272 2461 l'l)

383 2767 542 2816 ὐσοι
564 2763 664 2832 τῆς
699 2756 1156 2830 μεγαλοπρεποῦς
1187 2752 1282 2809 τοῦ
1314 2749 1559 2820 Σωτῆρος
1590 2749 1746 2819 ἡμῶν
1789 2749 1895 2817 Ίτι·
1920 2759 1958 2812 Α
1979 2755 2078 2822 τῆς
2107 2751 2378 2814 ἀπαθείας
2403 2750 2601 2822 λιμένα
2634 2753 2726 2805 καὶ
2759 2753 3015 2824 ἀνιδρωτὶ
3040 2754 3130 2807 τὸν
3158 2754 3362 2824 ταύτης
3399 2755 3565 2824 ὲργάο

309 2860 408 2914 σοῦ
459 2856 698 2926 Χριστοῦ
746 2852 936 2921 θεῖκῆς
983 2847 1359 2918 φωτοφανεεας
1402 2846 1582 2914 τυχεῖν
1618 2839 1898 2912 ἐρωτικῶς

309 2957 485 3022 ἔχετε·
521 2952 635 3002 ὅσοι
687 2949 749 2998 τὸ
797 2943 1190 3012 ὑπερουράνιον
1238 2940 1351 3009 πῦρ
1397 2935 1704 3007 καρδιακῶς
1739 2935 1797 2984 ἐν
1819 2933 1901 2984 αἱ-

309 3046 507 3113 σθὴοει
564 3037 930 3103 ὑποδέξασθαι
989 3033 1266 3104 βούλεσθε·
1317 3033 1431 3084 ὅσοι
1461 3030 1558 3096 τῆς
1587 3027 1724 3097 πρὸς
1766 3024 1897 3078 Θεὸν

311 3129 662 3197 καταλλαγῆς
726 3128 896 3196 πείρᾳ
960 3126 1055 3177 καὶ
1102 3122 1353 3192 αἰσθήσει
1383 3119 1568 3187 τυχεῖν
1612 3114 1892 3167 σπεύδετε·

309 3228 430 3278 ὅσοι
449 3224 540 3276 τὸν
570 3219 846 3290 θησαυρὸν
871 3218 961 3270 τὸν
982 3217 1039 3268 ἑν
1069 3214 1146 3282 τῷ
1172 3212 1326 3282 ἁγρῴ
1354 3211 1463 3264 τῶν
1488 3208 1724 3278 καρδιῶν
1744 3205 1898 3276 ὑμῶν

310 3314 722 3386 κεκρυμμένον,
756 3311 893 3380 πρὸς
925 3309 987 3360 τὸ
1020 3307 1199 3377 εὑρεῖν
1224 3305 1315 3357 καὶ
1351 3301 1681 3372 κτήσασθαι,
1704 3299 1772 3352 τὰ
1802 3297 1896 3351 τοῦ

308 3412 521 3477 κόσμου
575 3406 792 3460 ἅπαντα
843 3397 1248 3469 ἀπεκτήσασθε·
1319 3397 1433 3449 ὅσοι
1493 3397 1618 3458 ταῖς
1650 3391 1898 3463 λαμπάσι

307 3505 434 3561 ταῖς
471 3499 734 3568 ψυχικαῖς
765 3493 1007 3562 φαιδρῶς
1034 3491 1340 3559 ἀναφθῆναι
1377 3486 1486 3541 ἀπὸ
1508 3485 1603 3538 τοῦ
1635 3485 1901 3555 παρόντος

310 3591 595 3663 βούλεσθε,
631 3589 727 3640 καὶ
754 3587 822 3640 τὰ
855 3584 1097 3655 παρόντα
1144 3582 1360 3634 ᾶπαντα
1389 3577 1751 3642 ἀπετάξασθε·
1784 3577 1898 3628 ὅσοι

307 3690 369 3737 ἐν
423 3681 624 3749 γνώσει
684 3680 779 3731 καὶ
834 3678 1002 3746 πείρᾳ
1062 3675 1157 3742 τὴν
1212 3673 1319 3724 τῶν
1347 3671 1593 3741 οὐρανῶν
1624 3667 1898 3738 βασιλείαν

308 3775 529 3828 ἔνδοθεν
555 3770 716 3840 ὑμῶν
741 3768 906 3821 οὖσαν
933 3767 1136 3837 γνῶναι
1166 3768 1256 3818 καὶ
1290 3763 1478 3817 λαϐεῖν
1505 3763 1706 3824 θέλετε,
1742 3761 1900 3815 δεῦτε

305 3882 408 3934 καὶ
453 3880 789 3945 διηγήσομαι
840 3875 969 3942 ὑμῖν
1012 3871 1257 3928 αἰωνίου.
1299 3871 1499 3940 μᾶλλον
1551 3870 1606 3922 δὲ
1646 3869 1902 3940 οὐρανίου

311 3972 518 4042 βιωτῆς
550 3971 884 4039 ἐπιστήμην,
914 3967 946 4038 ἢ
974 3965 1173 4033 μᾶλλον
1200 3963 1443 4033 μέθοδον,
1467 3966 1689 4027 ἀκόπως
1715 3964 1794 4026 εις
1812 3963 1903 4016 τὸν

1983 2861 2081 2914 την
2119 2844 2467 2913 εἰσάγουσαν,
2493 2845 2761 2916 μηδεμίαν
2788 2848 2997 2916 πλάνην
3025 2847 3057 2916 ἢ
3089 2848 3317 2916 πτόησιν
3350 2848 3413 2899 ἐκ
3451 2847 3566 2900 δαι-

1986 2936 2163 3004 μόνων
2224 2937 2684 3008 δειματουμένην,
2729 2939 2888 3008 μόνον
2940 2939 2996 2992 δὲ
3036 2940 3154 2992 τότε
3198 2941 3563 3010 πτοουμένην,

1982 3029 2070 3080 ὅτε
2135 3028 2335 3094 ἔξωθεν
2388 3031 2488 3100 τῆς
2519 3030 2685 3100 ζωῆς,
2717 3033 2783 3100 ἢν
2827 3032 2955 3101 ὑμῖν
3002 3033 3339 3101 ὑφηγοῦμαι.
3377 3035 3567 3104 πόρρω

1984 3137 2090 3171 που
2126 3121 2191 3171 ἐκ
2221 3123 2508 3190 παρακοῆς
2559 3121 2928 3191 διατρίϐομεν,
2977 3123 3229 3193 καθάπερ
3258 3124 3427 3177 πάλαι
3473 3126 3568 3178 καὶ

1985 3211 2014 3262 ὁ
2048 3209 2219 3278 Ἀδὰμ
2255 3211 2356 3278 τῆς
2383 3212 2606 3281 ἐντολῆς
2655 3212 2750 3265 τοῦ
2798 3212 2936 3267 θεοῦ
2989 3216 3462 3286 κατολιγωρήσας,
3490 3218 3568 3287 τῷ

1987 3302 2108 3369 ὄφει
2137 3304 2194 3356 δὲ
2225 3303 2500 3372 φιλιάσας,
2546 3305 2642 3359 καὶ
2693 3307 2885 3360 πιστὸν
2935 3308 3303 3379 ἡγησάμενος,
3339 3311 3432 3362 καὶ
3473 3311 3567 3363 τοῦ

1991 3395 2205 3466 καρποῦ
2235 3397 2334 3463 τῆς
2372 3397 2592 3467 ἀπάτης
2622 3399 2898 3452 ὑπἀὐτοῦ
2927 3402 3247 3470 κατακόρως
3281 3402 3567 3471 πλησθεὶς,

1989 3489 2068 3550 εἰς
2108 3488 2359 3557 πυθμένα
2407 3489 2660 3552 Θανάτου,
2696 3491 2920 3554 σκότους
2959 3509 3017 3544 τε
3061 3492 3176 3561 ἅμα
3225 3493 3319 3546 καὶ
3348 3493 3570 3561 διαφθο-

1991 3583 2091 3650 ρᾶς
2143 3583 2390 3646 ἐλεεινῶς
2439 3587 2649 3646 ἑαυτὸν,
2703 3585 2794 3638 καὶ
2833 3587 2956 3650 τοὺς
3016 3589 3134 3655 μετ’
3169 3588 3332 3640 αὐτὸν
3363 3587 3570 3651 πάντας

1991 3677 2310 3735 κατέϐαλεν,
2344 3677 2552 3730 Οὐκοῦν
2599 3679 2961 3746 ὲπανάγεσθε,
3001 3681 3199 3748 μᾶλλον
3243 3680 3299 3732 δὲ
3328 3681 3572 3750 τάληθέ-

1996 3787 2182 3840 στερον
2209 3772 2407 3832 εἰπεῖν,
2431 3772 2816 3840 ἐπανέλθωμεν
2847 3772 2983 3842 πρὸς
3035 3773 3285 3836 ἑαυτοὺς,
3327 3774 3567 3844 ἀδελφοὶ,

1991 3862 2090 3931 τὴν
2138 3863 2232 3914 τοῦ
2281 3863 2458 3931 ὄφεως
2526 3865 2857 3934 συμϐουλὴν,
2896 3867 2987 3919 καὶ
3020 3865 3118 3938 τὴν
3141 3869 3278 3937 πρὸς
3313 3867 3381 3920 τὰ
3406 3870 3578 3938 χαμαὶ

1995 3952 2266 4023 συρόμενα
2315 3956 2618 4025 περιφορὰν
2678 3956 2913 4010 εἰσάπαν
2958 3959 3449 4029 ἁποστυγούμενοι.
3503 3961 3578 4013 Οὐ

382 4246 713 4311 Quicunque
741 4243 1028 4312 magniﬁca
1060 4244 1280 4313 dign-ari
1311 4244 1603 4313 divinaque
1650 4245 1898 4299 Salvato-
1928 4247 1966 4302 Β
1997 4255 2210 4312 portum
2238 4247 2543 4314 tranquillae
2572 4262 2600 4298 a
2636 4246 3141 4313 perturbationibus
3171 4246 3376 4314 quietis
3399 4241 3574 4301 intro-

305 4341 387 4393 ris
411 4336 542 4390 Jesu
576 4337 780 4388 (Ilii-isti
819 4335 1186 4388 illustratione
1216 4345 1463 4388 amanter
1499 4337 1734 4403 cupitis:
1772 4337 1895 4406 qui-

300 4445 524 4497 cunque
546 4429 989 4497 supercwlestem
1041 4428 1222 4498 ignem
1251 4427 1375 4481 sinu
1408 4444 1472 4482 ac
1501 4445 1663 4482 sensu
1711 4431 1891 4484 cordis

295 4526 591 4594 suscipere
623 4526 835 4592 pn'ttiltls
866 4522 1231 4585 decrevistis;
1289 4523 1600 4592 quicunque
1647 4523 1889 4577 reconci-

295 4617 552 4672 liationis
584 4631 708 4668 cum
749 4613 856 4666 Deo
883 4615 1318 4679 experimentum
1381 4613 1642 4682 consequi
1713 4613 1886 4668 sensi-

294 4710 412 4764 bile
444 4707 683 4761 stutletis
715 4722 730 4772 ;
783 4705 1105 4773 quicunque
1151 4704 1462 4758 thesaurum
1514 4705 1565 4756 in
1599 4718 1730 4773 agro
1761 4706 1888 4759 abs-

293 4801 589 4854 t-onditnm
627 4796 1001 4866 penetralibus
1022 4796 1230 4849 intimis
1253 4797 1420 4848 vestri
1443 4795 1624 4849 cordis
1640 4795 1888 4848 obtinere

291 4892 611 4959 repositum
630 4889 981 4952 desideratis,
1009 4904 1096 4941 res
1129 4889 1314 4942 mundi
1339 4901 1565 4942 cunctas
1599 4889 1884 4953 abdicate;

286 4985 627 5054 quicunque
678 4982 989 5049 Iampadum
1045 4980 1408 5049 spiritualium
1464 4979 1601 5032 festo
1655 4995 1719 5033 ac
1767 4981 1888 5032 lato

281 5079 414 5144 jam
450 5078 579 5128 hinc
604 5073 730 5126 duci
765 5074 1064 5139 ornarique
1116 5073 1278 5125 vultis
1333 5072 1558 5137 lumine,
1601 5071 1886 5139 prmsentia

290 5168 568 5222 universa
600 5163 808 5230 rejicite
834 5180 849 5229 ;
877 5164 1194 5232 Quicunque
1227 5163 1560 5232 experientia
1602 5165 1888 5217 conscien-

285 5263 398 5314 tia:
421 5272 622 5311 arcana
653 5255 946 5309 residentis
968 5255 1110 5307 intra
1134 5268 1230 5307 vos
1265 5252 1414 5320 regni
1449 5253 1711 5307 calorum
1766 5268 1891 5321 per-

284 5352 496 5418 cipere
536 5346 785 5400 notitiam
838 5346 1042 5412 optatis
1074 5361 1089 5410 ;
1126 5345 1311 5396 adeste
1343 5343 1468 5408 huc,
1508 5353 1561 5396 et
1586 5343 1884 5398 edisseram

286 5441 468 5495 vobis
511 5449 785 5507 perpetua:
829 5449 921 5488 aut
955 5437 1137 5504 potius
1170 5435 1410 5488 caelestis
1447 5435 1568 5488 vitze
1621 5436 1885 5491 rationem

282 5533 708 5596 scicntilicam,
749 5543 812 5580 ac
845 5529 1160 5580 mettiodum
1192 5526 1347 5594 cujus
1384 5527 1474 5593 qui
1501 5526 1724 5578 ductum
1756 5543 1889 5596 ope-

284 5626 486 5683 rando
519 5623 674 5691 sequi
711 5621 1008 5684 curaverit,
1048 5620 1205 5674 facile
1244 5634 1306 5673 ac
1335 5619 1472 5672 citra
1513 5618 1768 5673 sudorem
1834 5622 1886 5673 in

1992 4338 2215 4390 ductum
2249 4353 2370 4390 sese
2426 4339 2705 4406 gratulans
2739 4337 2968 4400 sentiet,
3024 4337 3226 4390 nullam
3257 4336 3326 4392 de
3370 4321 3570 4392 emero

1994 4429 2238 4482 timentis
2266 4445 2294 4482 a
2343 4431 2681 4484 tlxmonibus
2723 4428 3096 4482 seductionem
3155 4446 3220 4483 ex
3275 4445 3379 4498 qua
3412 4433 3568 4501 sequi

1991 4522 2178 4587 lapsus
2200 4530 2386 4589 queat,
2421 4523 2638 4590 quando
2667 4533 2818 4573 extra
2861 4521 3047 4582 vitam,
3085 4519 3245 4588 cujus
3275 4522 3570 4575 informare

1992 4616 2145 4669 vobis
2180 4616 2355 4670 idenm
2427 4616 2527 4668 hac
2586 4626 2832 4669 oratione
2876 4613 3084 4677 ordior,
3133 4615 3449 4682 longissime
3500 4617 3568 4669 ob

1995 4707 2420 4761 inubedientiam
2450 4709 2823 4762 versabantur.
2857 4706 3007 4759 Sicut
3033 4706 3160 4760 olim
3185 4706 3382 4771 Adam,
3417 4722 3568 4758 man-

1997 4797 2127 4849 tlato
2159 4810 2210 4851 et
2242 4797 2350 4851 Deo
2374 4807 2556 4866 spreto
2577 4837 2592 4859 ,
2629 4798 2926 4851 foederatus
2961 4795 3224 4865 serpenti,
3259 4805 3312 4850 et
3334 4812 3452 4849 eum
3481 4813 3570 4850 ve-

1995 4889 2075 4941 lut
2111 4890 2320 4943 lidelem
2351 4895 2542 4944 ducem
2596 4906 2853 4958 sequens,
2904 4889 3191 4958 fructuque
3229 4887 3570 4957 deceptionis

1994 4981 2063 5033 ab
2099 4997 2164 5035 co
2194 4997 2366 5050 usque
2411 4983 2475 5035 ad
2535 4985 2842 5036 satietatem
2882 4992 3091 5049 pastus,
3134 4982 3188 5034 in
3242 4979 3564 5051 profundam

1993 5075 2186 5128 mortis
2244 5073 2484 5138 foveam,
2542 5076 3000 5142 tenebrarumque
3078 5089 3141 5127 ac
3196 5056 3564 5142 corruptionis

1994 5167 2376 5222 miserabiliter
2395 5170 2633 5239 seipsum
2662 5169 3039 5238 pnecipitavit.
3074 5183 3314 5238 suosque
3344 5183 3449 5221 una
3480 5181 3565 5221 se-

1992 5274 2114 5313 cum
2156 5260 2442 5315 universos
2479 5274 2748 5331 posteros.

2064 5350 2235 5417 Igitur
2267 5355 2622 5416 revertimini,
2654 5364 2774 5419 aut,
2804 5363 2862 5406 ut
2892 5354 3101 5422 aequius
3132 5363 3296 5421 atque
3318 5349 3375 5403 in
3415 5365 3562 5406 com-

1993 5454 2155 5492 mune.
2183 5441 2367 5493 utilius
2396 5440 2633 5504 dicatur,
2669 5453 3004 5496 revertamur
3034 5444 3100 5494 ad
3131 5436 3420 5507 nos'ipsos,
3454 5442 3562 5494 fra-

1997 5538 2137 5591 tres,
2179 5532 2466 5583 consilium
2506 5549 2792 5602 serpentis,
2851 5546 2905 5586 et
2952 5535 3345 5596 aberrationetn
3382 5531 3451 5588 ad
3491 5547 3563 5590 1a

1991 5639 2109 5690 que
2153 5624 2410 5676 deorsum
2468 5628 2757 5678 trahuntur
2809 5629 2976 5680 semel
3032 5627 3082 5678 in
3132 5636 3294 5681 omne
3353 5635 3567 5700 tempus

362 5762 446 5822 (tl
514 5765 869 5822 lnterpretatio
909 5762 1072 5814 Palris
1126 5761 1315 5810 I’ossini
1373 5761 1493 5808 adeo
1523 5760 1712 5820 prolixa
1740 5765 1814 5808 est
1841 5769 1890 5809 ut
1919 5763 2138 5812 (irarum
2165 5771 2360 5813 textum
2417 5771 2602 5815 triente
2637 5767 2696 5814 ad
2734 5764 2986 5815 minimum
3010 5773 3249 5824 superet;
3271 5779 3376 5814 eam
3401 5765 3516 5820 idne
3544 5777 3571 5814 ε

291 5843 529 5891 regione
550 5839 737 5886 ponere
761 5839 856 5873 non
881 5833 1148 5885 potaturus.
