4234 6446
673 425 776 492 947
1889 420 2305 479 NICEPHORI
2351 421 2694 481 .‘dONACIII
3834 418 3939 479 91,8

677 558 787 623 γὰρ
816 552 930 605 ἔστι
973 552 1074 622 τὴν
1117 553 1249 621 πρὸς
1297 551 1428 604 Θεὸν
1462 552 1808 620 καταλλαγὴν
1863 569 1953 602 και
1983 553 2260 604 οἱκείωσιν
2283 552 2321 603 Α
2351 548 2676 618 ἐτάχθημεν.
2709 551 2766 602 Εἰ
2809 551 2864 604 δέ
2901 569 2981 613 τις
3015 551 3322 622 Νικόδημος
3361 551 3516 613 ἄλλος
3546 551 3741 622 όξθείη
3781 553 3935 620 ςιλο-

675 646 851 708 ἄλλως
881 647 1030 714 ἡμᾶς
1065 647 1324 715 ἐντυχεῖν,
1361 647 1408 697 εί
1441 645 1514 714 μὴ
1547 647 1811 714 πρότερον
1844 646 1980 713 πρὸς
2012 646 2257 705 ἑαυτοὺς,

677 738 806 789 ὅσον
847 737 906 788 τὸ
947 737 1033 803 ἐφ’
1062 739 1215 806 ἡμῖν,
1253 738 1658 805 ἐπανέλθωμεν,
1693 738 1725 806 ἢ
1771 737 1969 806 μᾶλλον
2008 738 2262 791 εἰσέλθω-

683 846 783 896 μεν
808 845 820 857 ·
854 828 914 880 τὸ
946 829 1053 898 γὰρ
1082 827 1406 897 παράδοξον,
1442 828 1548 881 ἀπὸ
1609 829 1707 898 τῆς
1741 828 1831 880 τοῦ
1861 829 2067 897 κόσμου
2107 847 2260 898 περιη

683 921 876 989 φορᾶς,
907 921 999 973 καὶ
1029 921 1126 990 τῆς
1182 922 1415 990 ματαίας
1471 921 1740 991 μερίμνης
1784 923 2006 983 ἑαυτοὺς
2036 923 2262 994 ἀποσχί-

683 1012 889 1076 ζοντες,
913 1015 1047 1084 πρὸς
1076 1014 1130 1064 δὲ
1157 1014 1256 1085 τὴν
1296 1014 1444 1076 ἐντὸς
1468 1013 1624 1082 ἡμῶν
1650 1010 1815 1066 οὖσαν
1856 1014 2132 1082 βασιλείας
2154 1015 2264 1067 τῶν

686 1104 955 1173 οὐρανῶν,
1011 1106 1420 1175 ἁσυγχωρήτως
1474 1106 1818 1175 κατέχοντες.
1853 1107 1951 1157 Διὰ
1976 1105 2132 1158 τοῦτο
2155 1107 2263 1175 γὰρ

686 1200 846 1268 τέχνη
873 1199 1094 1268 τεχνῶν,
1139 1201 1232 1249 κα)⁵
1257 1200 1534 1267 ἐπιστήμη
1584 1198 1902 1266 ἐπιστημῶν
1935 1201 1967 1266 ἡ
2004 1199 2263 1268 μοναδικὴ

691 1289 938 1341 πολιτεία
989 1290 1324 1356 ὠνόμασται,
1353 1289 1538 1356 ἐπειδὴ
1563 1289 1661 1356 οὐχ
1681 1289 1882 1356 ὁμοίως
1913 1289 2020 1340 τῶν
2048 1289 2264 1357 φθειροο

2353 639 2548 690 νεικῶν
2605 643 2662 691 ἐν
2721 642 2951 702 τούτοις,
3010 643 3105 694 καὶ
3158 643 3371 710 λέγων·
3417 643 3536 704 Πῶς
3564 643 3788 696 δύναταί
3827 663 3934 704 τις.

2354 731 2411 780 ἐν
2440 734 2504 802 τῇ
2554 732 2752 802 καρδία
2807 735 3277 798 εἰσελευσόμενος,
3339 735 3456 786 ἐκεῖ
3502 735 3855 802 ἐργάζεσθαι,
3904 735 3937 803 ἢ

2354 821 2683 891 διατρίϐειν;
2747 821 2936 892 ὥσπερ
2997 826 3201 886 ἐκεῖνος
3248 823 3326 893 τῷ
3386 825 3601 893 Σωτῆρι
3641 825 3940 895 ἁντέφησε,

2363 934 2379 965 ε
2415 916 2532 975 Hd);
2561 916 2783 970 δύναταί
2833 935 2914 980 τις
2949 918 3026 979 εἰς
3059 917 3154 986 τὴν
3179 917 3385 970 κοιλίαν
3418 917 3516 986 τῆς
3543 919 3747 986 μητρὸς
3770 918 3942 970 αὑτοῦ

2356 1009 2610 1081 δεύτερον
2637 1010 2916 1075 εἰσελθεῖν,
2949 1012 3040 1062 καὶ
3065 1010 3390 1080 γεννηθῆναι
3412 1027 3437 1077 ἰ
3453 1012 3591 1080 έρων
3609 1011 3684 1062 ὢν
3707 1059 3718 1075 ,
3749 1012 3945 1063 »ἁκοὺο

2364 1119 2515 1154 σεται
2571 1104 2662 1155 καὶ
2717 1103 2914 1163 αὑτός-
2958 1102 3041 1153 ὃτι
3071 1103 3144 1153 Τὸ
3175 1099 3417 1168 Πνεῦμα,
3457 1101 3591 1152 ὅπου
3630 1100 3772 1151 θέλει
3799 1102 3945 1154 πνεῖ.

2364 1199 2474 1250 Καὶ
2503 1199 2551 1249 εἱ
2577 1200 2654 1258 εἰς
2683 1197 2750 1248 τὰ
2764 1196 2864 1264 τῆς
2888 1196 3199 1267 πρακτικῆς
3221 1195 3380 1266 ἔργα,
3411 1193 3583 1255 οὕτως
3607 1193 3951 1261 ἀμσιδάλλο-

2368 1309 2467 1360 μεν
2495 1289 2874 1351 ἀπιστοῦντες,
2893 1320 2897 1325 -
2919 1289 3035 1350 πῶς
3075 1291 3142 1340 τὰ
3169 1287 3268 1356 τῆς
3295 1288 3530 1356 θεωρίας
3557 1288 3687 1354 ἡμῖν
3720 1285 3949 1337 ἐπελεύ-

2369 1401 2553 1448 σεται;
2609 1384 2839 1452 θεωρίας
2900 1371 3007 1451 γὰρ
3052 1382 3306 1444 ἐπίϐασις
3360 1382 3660 1450 πρακτική.
3701 1381 3854 1429 Ἐπεὶ
3896 1378 3954 1429 δὲ

2367 1479 2656 1547 γραφικὼν
2671 1475 2996 1538 ἀποδείξεων
3012 1477 3162 1539 ἄνευ,
3187 1473 3667 1542 πληροφορηθῆναι
3690 1469 3956 1538 τῷοῦτως

695 1383 871 1449 μένων
913 1383 1136 1433 τουτωνὶ
1190 1383 1551 1450 πραγμάτων,
1588 1383 1734 1432 ἐστὶν
1775 1383 1907 1450 ἡμῖν
1951 1372 2206 1450 πρόξενος
2232 1382 2265 1449 ἡ

693 1476 814 1527 ὅσια
868 1474 1028 1542 αῦτη,
1068 1475 1152 1526 ἴνα
1215 1473 1470 1542 καὶπρὸς
1505 1473 1644 1524 αὐτὰ
1708 1473 1797 1524 τὸν
1829 1473 1952 1524 νοῦν
1971 1468 2129 1541 ἡμῶν
2161 1473 2268 1525 ἀπὸ

695 1565 803 1616 τῶν
866 1566 1191 1633 κρειττόνων
1271 1564 1782 1632 μετοχετεύσαντες.
1873 1564 2264 1632 καταχωννύω-

703 1672 834 1725 μεν·
884 1657 1019 1709 ἀλλὰ
1077 1656 1199 1720 ξένα
1258 1657 1380 1708 τινὰ
1442 1657 1532 1708 καὶ¹
1597 1657 1883 1726 ἀπόρρητα
1929 1657 2110 1724 ἀγαθὰ
2143 1659 2273 1727 ἡμῖν

702 1747 1129 1815 ἐπαγγέλλεταν
1163 1768 1179 1799 t
1226 1751 1291 1801 Ἀ
1322 1748 1596 1817 ὀφθαλμὸς
1628 1749 1728 1800 οῦκ
1761 1745 1892 1812 εἶδε,
1929 1750 2019 1802 καὶ
2048 1744 2140 1812 οῦς
2175 1749 2275 1801 οὐκ

702 1841 928 1908 ἧκονσε,
965 1840 1056 1891 καὶ
1089 1841 1180 1892 ἐπὶ
1214 1841 1439 1908 καρδίαν
1463 1841 1752 1910 ἀνθρώπου
1776 1843 1875 1893 οὐκ
1905 1841 2092 1911 ἀνέϐη.
2131 1843 2273 1895 Κάν·

2368 1572 2736 1626 ὃιαπιστοῦντι
2772 1570 3054 1630 ἀδύνατον,
3092 1569 3224 1638 φέρε
3279 1569 3403 1626 τοὺς
3451 1566 3557 1616 τῶν
3603 1565 3774 1628 ἁγίων
3806 1562 3959 1629 βίους

2373 1666 2467 1717 καὶ
2496 1664 2563 1716 τὰ
2613 1663 2905 1734 ἐγγράφως
2939 1661 3029 1714 ὑπ’
3065 1660 3246 1712 αὐτῶν
3280 1657 3591 1713 ἐκτεθέντα,
3625 1657 3702 1713 εἰς
3743 1653 3960 1704 πολλῶν

2373 1758 2638 1827 ὠφέλειαν
2670 1761 2726 1808 ἐν
2758 1756 2932 1825 τούτῳ
2955 1753 3029 1822 τῷ
3052 1753 3193 1820 λόγῳ
3216 1752 3545 1819 ὲντάξωμεν,
3566 1750 3651 1801 ἵνα
3679 1750 3741 1800 ἐκ
3763 1746 3959 1797 τούτου

2376 1850 2890 1922 πληροφορούμενος
2967 1849 3147 1900 πᾶσαν
3229 1843 3560 1912 ἀμφιϐολίαν
3643 1839 3959 1905 ἀπώσηται.

703 1931 913 1988 τεῦθεν.
943 1932 1060 1984 οὐδὲ
1093 1933 1288 2002 ἠπάλη
1321 1934 1451 2001 ἡμῖν
1475 1935 1590 1984 ὲστι
1615 1936 1748 2003 πρὸς
1779 1928 1916 2002 αἷμα
1948 1934 2042 1986 καὶ
2075 1936 2276 2005 σάρκα,
2303 1927 2343 1980 Β
2380 1942 2622 1996 Ἀνωθεν
2644 1942 2701 1994 δὲ
2728 1941 2787 2004 ἐξ
2811 1938 2973 1994 αὑτοῦ
3015 1937 3108 1991 τοῦ
3152 1937 3362 2006 [ἰατρὸς
3398 1933 3555 2002 ἡμῶν
3578 1929 3670 1982 τοῦ
3713 1927 3958 1997 μεγάλου

707 2025 840 2076 ἀλλὰ
871 2025 1007 2095 πρὸς
1034 2026 1128 2089 τὰς
1167 2026 1363 2095 ἀρχὰς,
1405 2028 1539 2096 πρὸς
1575 2029 1670 2087 τὰς
1700 2027 1968 2092 ἐξουσίας,
1999 2031 2136 2099 πρὸς
2152 2031 2280 2092 τοὺς

711 2120 1156 2188 κοσμοκράτορας
1181 2120 1273 2170 τοῦ
1308 2121 1535 2183 σκότους
1565 2121 1658 2173 τοῦ
1692 2122 1885 2183 αίῶνος
1927 2122 2140 2176 τούτου.
2169 2142 2188 2174 ι
2218 2124 2280 2175 Ei

2381 2051 2471 2102 τὸν
2510 2048 2665 2114 λόγον
2717 2043 3035 2114 ἀρξαμενοι,
3079 2039 3169 2090 ἐπὶ
3203 2039 3329 2096 τοὺς
3371 2034 3628 2101 καθεξῆς,
3662 2035 3784 2084 ὅσον
3808 2036 3963 2085 ἐστὶν

2387 2143 2507 2209 ἐμοὶ
2529 2138 2775 2193 δυνατὸν.
2805 2137 2929 2196 τοὺς
2973 2134 3161 2198 λόγους
3203 2129 3297 2182 καὶ
3342 2129 3440 2189 τὰς
3486 2126 3712 2195 πράξεις
3754 2126 3968 2176 τούτων

711 2206 802 2261 οὖν
858 2212 1044 2272 σκότος
1097 2214 1123 2262 ὁ
1179 2211 1368 2281 παρὼν
1407 2213 1560 2273 αἰὼν,
1596 2213 1922 2283 φευξώμεθα
1962 2215 2057 2268 ἀπ’
2094 2215 2281 2278 αὐτοῦ,

715 2301 1040 2368 φευξώμεθα
1101 2304 1155 2354 δὲ
1185 2304 1261 2371 τῷ
1296 2305 1526 2373 νοήματι
1549 2323 1561 2336 ο
1594 2305 1760 2373 μηδὲν
1805 2308 1981 2358 κοινὸν
2011 2310 2142 2376 ἡμῖν
2194 2311 2285 2361 καὶ

715 2393 791 2460 τῷ
817 2393 995 2462 ἐχθρῷ
1023 2394 1115 2445 τοῦ
1144 2395 1277 2446 Θεοῦ
1300 2413 1311 2424 ·
1350 2396 1376 2446 ό
1398 2397 1504 2464 γάρ
1538 2396 1820 2465 βουληθεὶς
1851 2399 2094 2465 φιλιάσαι
2117 2399 2284 2468 αὐτῷ,

715 2484 910 2551 ἐχθρὸς
941 2484 1033 2536 τοῦ
1063 2485 1196 2537 Θεοῦ
1248 2487 1590 2547 καθίσταται,
1629 2487 1700 2555 τῷ
1737 2489 1791 2539 δὲ
1833 2487 2012 2556 ἐχθρῴ
2046 2489 2290 2554 γεγονότι

719 2577 852 2627 Θεοῦ
889 2578 969 2638 τίς
1002 2577 1266 2646 βοηθῆσαι
1315 2578 1560 2643 (iuvant;
1599 2581 1695 2631 Διὰ
1735 2579 1892 2631 τοῦτο
1922 2579 2292 2648 μιμησὼμεθα

718 2672 842 2732 τοὺς
897 2671 1139 2740 πατέρας
1184 2671 1363 2740 ἡμῶν,
1421 2673 1513 2722 καὶ
1565 2673 1656 2722 τὸν
1710 2673 1857 2733 ἐντὸς
1902 2671 2008 2722 τῶν
2057 2671 2293 2739 καρδιῶν

721 2764 878 2831 ἡμῶν
914 2763 1206 2832 θησαυρὸν,
1240 2764 1314 2824 ὡς
1357 2765 1622 2824 κάκεῖνοι,
1655 2764 2010 2833 ζητήσωμενθ
2043 2764 2136 2813 καὶ
2170 2761 2294 2813 τοῦς

723 2870 816 2905 τον
841 2855 1110 2922 εὑρόντες,
1159 2853 1451 2923 κρατῶμεν
1484 2854 1759 2923 κραταιῶς
1790 2854 1950 2920 ἄγαν,
1993 2853 2296 2922 ἐργαζόμε-

725 2963 805 2996 νοι
828 2945 961 3013 ὁμοῦ
996 2948 1086 2998 καὶ
1146 2946 1534 3012 φυλάσσοντες
1589 2947 1666 3008 είς
1724 2945 1884 2997 τοῦτο
1909 2945 2016 3014 γὰρ
2042 2945 2099 3008 ἐξ
2126 2944 2298 3014 ἀρχῆς

714 3137 1003 3190 aversione
1039 3150 1251 3190 summa
1307 3143 1634 3202 respuentes
1664 3150 1680 3200 ;
1716 3149 1826 3188 non
1855 3135 2002 3189 enim
2064 3138 2315 3192 reconci-

2391 2232 2629 2303 μερικῶς
2675 2227 3041 2291 συλλέξαντες.
3077 2224 3210 2292 πρὸς
3245 2221 3504 2273 πίστωσιν
3563 2217 3964 2286 παραθὼμεθα,

2400 2447 2499 2499 Ἐκ
2545 2443 2651 2496 τοῦ
2693 2443 2842 2505 ,βίου
2900 2438 3008 2493 τοῦ
3057 2439 3236 2560 dalolv
3302 2436 3534 2503 Πατρός
3597 2434 3768 2502 ἡμῶν
3837 2435 3970 2487 Ἂν-

3057 2524 3172 2560 των
3199 2525 3293 2560 ου.

3057 2524 3293 2561 τωνιου.

2465 2675 2795 2745 Εἱσήρχοντό
2843 2691 2973 2726 ποτε
3026 2670 3163 2741 πρὸς
3195 2670 3288 2721 τδν
3342 2667 3517 2720 ἀὸὁᾶν
3556 2663 3838 2717 ’Λντώνιον
3880 2663 3976 2715 δύο

2394 2767 2607 2835 ἀδελφοί
2634 2783 2645 2794 ·
2676 2768 2770 2819 καὶ
2801 2766 3081 2834 λείψαντος
3109 2763 3290 2823 αὐτοῖς
3310 2762 3366 2812 ὲν
3396 2762 3462 2828 τῇ
3504 2756 3607 2826 ὀδῷ
3634 2756 3724 2808 τοῦ
3760 2755 3974 2815 ὓδατος.

2393 2859 2422 2909 ὁ
2461 2857 2556 2927 μὲν
2582 2850 2661 2918 εἷς
2694 2855 2952 2917 ἀπέθανε,
2982 2856 3010 2906 ὁ
3037 2852 3094 2904 δὲ
3139 2852 3323 2920 ἕτερος
3354 2847 3544 2918 ἔμελλε
3567 2863 3580 2874 ·
3611 2846 3807 2916 μηκέτι
3845 2845 3978 2909 γοῦν

2400 2951 2597 3018 ἰσχύων
2617 2945 2846 3009 ὁδεύειν,
2878 2947 3054 2999 ἔκειτο
3083 2946 3177 2997 καὶ
3217 2943 3376 3004 αὑτδς
3411 2941 3502 2994 ἐπὶ
3525 2939 3622 3007 τῆς
3650 2939 3751 3006 γῆς
3794 2939 3981 2990 150%.-

2427 3136 2572 3192 intra
2605 3139 2769 3192 corda
2815 3144 3002 3192 nostra
3033 3134 3310 3192 defossum
3348 3141 3508 3203 prout
3561 3134 3667 3202 ipsi
3720 3133 3995 3205 fecerunt,

713 3229 991 3283 liationcnt
1043 3227 1212 3282 nostri
1261 3241 1386 3279 cum
1441 3224 1575 3292 Deo,
1604 3236 1658 3279 et
1718 3226 2145 3282 familiaritatem
2180 3219 2372 3299 ejusC
2406 3229 2554 3282 omni
2616 3229 2898 3298 diligentia
2953 3241 3312 3298 quaramus:
3377 3236 3432 3281 et
3485 3223 3631 3280 hunc
3688 3237 3985 3296 postquam

712 3323 972 3389 consequi
1043 3336 1278 3389 unquam
1315 3320 1638 3388 poterimus,
1663 3321 1768 3373 nisi
1792 3335 1894 3374 nos
1919 3323 2094 3389 prius,
2121 3337 2295 3390 quau-

714 3427 830 3466 tum
863 3413 1046 3469 eritin
1090 3412 1271 3474 nobis,
1327 3412 1534 3465 reversi
1600 3412 1887 3470 fuerimus.
1945 3422 2042 3464 aut
2108 3413 2295 3478 potius

715 3505 976 3572 primum,
1015 3515 1067 3557 et
1100 3514 1296 3570 praeter
1324 3504 1656 3556 anteriorem
1687 3517 1843 3555 usum
1882 3501 2113 3572 ingressi
2149 3504 2294 3557 viam

715 3613 934 3651 sursum
961 3604 1163 3648 rectam
1195 3608 1224 3646 a
1259 3594 1426 3647 stulta
1461 3609 1555 3662 per
1606 3593 1896 3646 circuitum
1927 3592 2294 3655 deerrationv,

716 3705 820 3758 qua
855 3689 1090 3742 mundus
1142 3687 1453 3751 abducitur,
1497 3695 1551 3740 et
1596 3703 1622 3738 a
1682 3702 1815 3739 cura
1874 3703 2056 3740 rerum
2110 3690 2294 3741 sat-uli

716 3798 820 3836 nos
851 3782 995 3849 ipsos
1020 3779 1443 3856 abscindentes;
1487 3777 1539 3829 in
1591 3779 1889 3834 constituto
1932 3788 2115 3831 autem
2153 3780 2294 3832 intra

714 3888 813 3926 nec
842 3872 934 3925 Dei
977 3885 1141 3941 regno
1195 3880 1431 3923 mentem
1470 3867 1738 3924 indivulse
1768 3881 2012 3924 nostram
2049 3878 2297 3926 tenentes

716 3965 954 4018 afl‘txatn.
982 3963 1212 4032 Propter
1244 3961 1346 4014 hoc
1395 3961 1541 4014 enim
1581 3977 1674 4016 ars
1732 3963 1930 4015 artium
1966 3973 2020 4016 et
2071 3962 2297 4016 scientia

716 4057 1071 4111 scientiarum
1098 4055 1203 4106 vita
1233 4055 1536 4107 monastica
1567 4055 1842 4108 nominata
1875 4063 1978 4107 est.
2006 4053 2121 4108 Non
2149 4064 2296 4109 enim

718 4158 905 4203 sancta
974 4147 1089 4199 hmc
1156 4143 1449 4213 disciplina
1522 4144 1698 4198 simile
1769 4145 1930 4198 habet
2002 4147 2297 4214 quidquam

717 4258 839 4293 tzlllll
869 4239 1190 4308 vulgaribus
1256 4237 1539 4290 hominum
1605 4237 1876 4292 institutis
1925 4247 2090 4307 atque
2139 4238 2300 4291 indu-

720 4331 1138 4420 striis‘eunctis
1170 4331 1224 4382 in
1252 4329 1300 4381 id
1341 4329 1566 4382 intentis
1590 4340 1647 4382 ut
1697 4341 1929 4383 mentem
1982 4339 2226 4385 nostram
2271 4347 2300 4383 a

720 4418 1042 4477 melioribus
1065 4418 1331 4472 deflexam
1362 4421 1413 4471 in
1469 4419 1576 4471 ima
1626 4429 1953 4490 terrenaque
1993 4422 2298 4490 dejieiant;

719 4531 938 4577 verum,
983 4513 1090 4564 aliu
1123 4515 1279 4579 longe
1309 4509 1539 4572 ducens,
1603 4513 1742 4564 mira
1773 4524 1828 4565 et
1878 4513 2176 4568 ineﬂabilia
2210 4530 2300 4568 os-

727 4618 898 4662 tentat
927 4617 980 4659 et
1012 4606 1277 4675 promittit
1307 4610 1474 4669 bona,
1505 4605 1685 4674 qualia
1725 4625 1742 4656 σ
1773 4603 1882 4660 Nec
1902 4607 2095 4662 oculus
2147 4609 2305 4672 vidit,
2341 4593 2384 4646 θ
2416 4612 2735 4681 persuaderi

730 4718 830 4755 nec
862 4701 1011 4754 auris
1045 4699 1273 4760 audivit,
1309 4713 1481 4766 neque
1517 4698 1570 4749 in
1600 4712 1694 4750 cor
1753 4698 1993 4754 hominis
2041 4700 2306 4754 ascende-

729 4795 932 4857 νιιηι,¹›
974 4791 1117 4844 unde
1150 4804 1329 4858 neque
1371 4787 1725 4843 «Colluctatio
1769 4790 1927 4843 nobis
1987 4800 2071 4844 est
2109 4792 2302 4844 adver-

729 4901 821 4938 sus
854 4897 1074 4935 carnem
1105 4890 1161 4933 et
1201 4879 1547 4958 sanguinem,
1583 4878 1677 4932 sed
1708 4879 1971 4934 adversus
2027 4880 2306 4951 principa-

728 4987 818 5027 tus
847 4983 900 5025 et
932 4981 1248 5040 potestates,
1275 4971 1537 5025 adversus
1574 4971 1759 5023 mundi
1798 4980 2034 5026 tectores
2058 4973 2308 5026 tenebra-

727 5084 848 5119 rum
878 5064 1040 5134 hujus
1062 5065 1323 5118 saeculi)»
1352 5064 1406 5115 Si
1428 5079 1559 5130 ergo
1580 5078 1819 5131 praesens
1865 5065 2123 5118 saeulum
2159 5075 2308 5119 tene-

728 5160 840 5210 hra:
855 5167 958 5220 est,
982 5157 1253 5225 fugiamus
1271 5158 1337 5207 ah
1357 5158 1472 5224 ipst
1495 5172 1562 5208 ne
1583 5170 1705 5207 cmn
1729 5156 1846 5222 ipso
1867 5171 2176 5224 pereamus.
2203 5157 2278 5212 Fu
2296 5189 2308 5199 -

731 5261 942 5317 gunnns
970 5262 1216 5316 corpore,
1275 5249 1545 5315 fugiamus
1562 5260 1834 5306 sermone,
1859 5245 2134 5317 fugiamus
2154 5253 2306 5319 ωεξ-

735 5341 978 5402 latione;
1015 5340 1145 5392 nihil
1187 5338 1316 5391 mihi
1353 5354 1642 5391 cunnnunc
1659 5341 1728 5390 sit
1746 5355 1868 5391 cum
1895 5339 1983 5394 Dei
2006 5347 2179 5396 hoste.
2201 5343 2304 5409 Qui

737 5433 1117 5485 enimvoluetit
1155 5434 1331 5484 amico
1377 5433 1472 5484 illo
1519 5432 1619 5494 uti,
1667 5431 1923 5488 inimicus
1975 5433 2068 5488 Dei
2097 5437 2306 5490 consti-

740 5526 931 5577 tuitur.
951 5523 1010 5576 Ei
1042 5541 1200 5590 porro
1234 5526 1326 5592 qui
1359 5522 1467 5577 Deo
1502 5523 1667 5578 fuerit
1701 5525 2122 5597 inimiCtts,quis
2151 5531 2304 5582 auxi-

742 5616 855 5672 liari
889 5623 1063 5680 potest
1085 5613 1108 5665 ?

802 5703 1284 5778 Quareimitemur
1328 5705 1516 5759 Patres
1562 5717 1797 5768 nostrus,
1855 5719 1908 5763 et
1977 5715 2293 5767 thesaurum

809 5875 835 5919 δ’
896 5881 1018 5950 Cor.
1050 5905 1109 5954 tt,
1145 5885 1195 5940 3.
1277 5887 1294 5915 ¹
1329 5885 1531 5953 Ephcs.
1566 5901 1638 5948 νι,
1673 5886 1756 5938 l2.

1840 5887 2037 5944 ’Joan.
2065 5907 2142 5956 nt,
2180 5895 2232 5956 4,
2275 5895 2328 5950 5.

2405 3321 2780 3375 invenerimus
2814 3321 3113 3375 fortissime
3159 3331 3468 3384 teneamus,
3499 3329 3797 3387 cperantes
3827 3320 3995 3373 simul

2404 3423 2460 3468 et
2493 3413 2899 3478 custodientes;
2963 3413 3016 3466 in
3069 3414 3124 3467 id
3173 3413 3318 3466 enim
3372 3429 3401 3466 a
3459 3411 3735 3481 principio
3801 3427 3998 3466 sumus

2406 3509 2601 3579 geniti.
2638 3506 2695 3561 Si
2733 3516 2916 3560 autem
2943 3507 3084 3562 alius
3116 3507 3338 3575 quidam
3373 3505 3708 3560 NicoJemns
3755 3515 3994 3558 route-n-

2407 3601 2584 3656 tiosns
2629 3599 2756 3653 velit
2777 3614 2901 3653 esse
2922 3600 3225 3668 argutando
3244 3598 3434 3652 dicens
3459 3615 3472 3651 :
3498 3597 3789 3664 Quomodo
3811 3604 3998 3666 potest

2407 3693 2605 3760 aliquis
2635 3691 2687 3744 in
2721 3707 2817 3744 cor
2847 3692 3126 3762 ingressus
3157 3706 3314 3744 suum
3346 3690 3417 3742 ibi
3449 3691 3664 3759 operari
3693 3699 3752 3746 et
3784 3690 4005 3743 habita-

2408 3801 2466 3839 re
2483 3787 2504 3838 ?
2522 3797 2579 3839 ιιι
2599 3796 2652 3838 et
2674 3785 2929 3839 ilict-etus
2950 3785 3216 3840 Salvatori
3237 3800 3296 3839 se
3313 3799 3595 3855 opponens
3617 3784 3788 3838 dixit:
3816 3803 3835 3834 ι
3859 3786 4007 3850 Qun-

2409 3881 2569 3933 modo
2591 3888 2770 3949 potest
2793 3879 2954 3932 homo
2983 3894 3172 3932 rursus
3195 3880 3425 3934 introire
3455 3880 3508 3931 in
3535 3891 3777 3932 ventrem
3808 3877 4006 3930 matris

2406 3982 2460 4026 et
2486 3973 2700 4026 renasci
2719 3987 2844 4026 cum
2877 3973 2950 4024 sit
2984 3986 3151 4025 senex
3176 3971 3203 4024 τ
3237 3991 3256 4024 ο
3297 3972 3482 4025 audiet
3504 3979 3560 4024 et
3611 3971 3700 4022 hic
3733 3985 3750 4022 :
3785 3968 4006 4037 «Spiri-

2409 4071 2495 4114 tus
2518 4063 2612 4116 ubi
2673 4062 2788 4114 vult
2842 4062 3110 4130 spirat'.»
3152 4063 3215 4116 Et
3264 4063 3311 4116 si
3359 4063 3503 4115 circa
3572 4061 3690 4114 vita:
3745 4061 4006 4125 practha:

2409 4170 2572 4222 opera
2602 4157 2682 4208 sic
2717 4154 3037 4208 dubitamus
3067 4155 3360 4215 increduli,
3399 4169 3602 4221 quomo
3625 4156 3677 4204 lo
3724 4155 4004 4206 intellecta

2412 4247 2596 4298 venire
2679 4245 2838 4298 nobis
2917 4255 3180 4314 poterunt
3243 4246 3725 4312 contemplationis
3775 4246 4007 4300 arcana?

2409 4339 2904 4407 Contctnplatiunis
2956 4339 3160 4407 quippe
3247 4338 3665 4392 fundamentum
3733 4339 3846 4392 vita
3917 4349 4005 4394 est

2410 4432 2679 4500 praetica.

2483 4519 2752 4586 Quuniattt
2809 4537 2940 4573 vero
2999 4523 3117 4577 sine
3175 4521 3401 4592 scriptis
3471 4525 3789 4578 testimonia
3849 4537 4006 4578 certo

2833 4615 2960 4666 talia
3023 4630 3128 4667 non
3183 4624 3434 4684 possunt,
3487 4629 3610 4684 age,
3664 4615 3927 4682 deinceps
3979 4631 4010 4669 e

2420 4702 2554 4757 'Jitis
2599 4713 2942 4763 Sanctorum,
2968 4715 3021 4759 et
3049 4721 3114 4759 ex
3170 4706 3235 4759 iis
3271 4723 3394 4775 qua:
3451 4709 3653 4774 scripto
3685 4707 3788 4776 ipsi
3821 4709 4011 4759 consi-

2414 4808 2574 4866 gnata
2611 4799 2953 4865 reliqtterUnt
3009 4800 3075 4851 ad
3128 4799 3425 4852 multorum
3491 4799 3806 4860 utilitatem,
3855 4815 4007 4868 qut!!-

2414 4893 2592 4943 dama
2628 4889 2824 4959 Magno
2851 4893 3088 4945 Antonio
3150 4894 3293 4947 set-ie
3348 4894 3610 4945 continua
3677 4893 4003 4961 singillatim

2415 4992 2780 5052 exsequentes
2809 4985 2954 5038 dicta
2989 4984 3243 5056 factaque
3269 4985 3501 5040 illustria
3553 5003 3674 5055 qua:
3724 4989 3888 5040 tidem
3924 4989 4006 5041 fa.

2414 5090 2536 5130 cure
2567 5077 2840 5131 dicturum
2883 5094 2912 5130 a
2941 5079 3095 5133 nobis
3133 5091 3355 5147 queant.

2701 5167 2782 5222 Ea:
2840 5171 2948 5222 rita
2977 5168 3034 5224 S.
3070 5169 3256 5223 Patris
3280 5171 3448 5223 nostri
3471 5170 3713 5222 Antonii.

2489 5258 2639 5312 Ibant
2663 5260 2959 5328 aliquando
2984 5261 3052 5314 ad
3084 5261 3338 5314 abbatem
3371 5261 3670 5313 Antonium
3715 5260 3769 5312 in
3809 5271 3998 5312 monte

2415 5352 2698 5420 degentem
2734 5353 2842 5405 duo
2870 5353 3092 5417 fratres,
3119 5369 3260 5423 quos
3290 5370 3414 5408 cum
3445 5369 3585 5422 aqua
3619 5351 3921 5409 defecisset
3949 5356 4001 5406 iu

2416 5445 2632 5510 itinere,
2667 5462 2858 5500 eorum
2915 5463 3060 5501 unus
3123 5453 3342 5516 quidem
3397 5462 3644 5503 mortuus
3703 5460 3813 5515 est,
3867 5451 4004 5503 alter

2420 5548 2667 5592 extreme
2699 5541 2977 5605 laborans,
3038 5557 3136 5594 nec
3197 5543 3384 5594 valens
3423 5543 3707 5595 ambulare
3739 5543 4002 5610 amplius.

2423 5628 2642 5696 jacebat
2679 5631 2732 5682 in
2796 5641 2962 5693 terra,
3000 5645 3227 5686 mortem
3299 5636 3594 5702 proximam
3652 5647 4001 5702 exspccuns.

2417 5726 2726 5776 Atsanctns
2749 5724 3042 5790 Antonius,
3075 5729 3270 5780 sedens
3297 5728 3347 5781 in
3383 5737 3584 5790 monte,
3617 5729 3830 5782 vocavit.
3863 5731 4003 5783 duos
