4234 6446
293 368 399 430 919

1516 367 1614 426 DE
1640 368 1915 429 (IUBDIS
1951 371 2344 437 CUSTUDIA.

3447 386 3553 449 950

287 509 475 572 ξεσθαι
500 509 837 579 προσδοκῶν.
885 510 943 563 '0
970 509 1024 562 δὲ
1054 509 1337 570 Ἀντώνιος
1372 509 1681 578 καθήμενος
1710 511 1767 561 ὲν
1798 508 1875 577 τῷ
1902 510 1945 560 Α
1971 522 2075 576 πης
2111 506 2254 575 βέλει
2301 505 2583 577 ὲὸἐὸλητο,
2622 504 2719 556 καὶ
2758 503 2935 567 οὕτως
2980 504 3163 565 αὐτοῖς
3190 505 3301 565 τοῖς
3328 504 3547 572 δεσμοῖς

286 603 428 669 δρει,
449 602 712 671 φωνήσας
734 602 829 655 δύο
855 602 1142 670 μοναχοὺς,
1163 601 1365 669 συνέϐη
1387 602 1495 671 γὰρ
1513 605 1627 654 ὲκεῖ
1652 601 1875 663 τούτους

286 695 447 757 εἶναι,
488 694 685 765 ήπειγε
733 694 907 760 λέγων
938 711 950 723 ·
988 693 1196 747 Λάϐετε
1234 694 1497 762 κεράμιον
1533 693 1746 757 ὓδατος,
1780 694 1876 745 καὶ

284 787 525 854 δράμετε
552 786 650 855 τήν
678 787 763 838 ἐπ’
788 787 1061 853 Αἴγυπτον
1082 785 1201 838 ὁδόν
1221 802 1233 815 '
1264 784 1359 838 δύο
1404 786 1513 856 γὰρ
1539 786 1874 856 ἐρχομένων,

288 882 317 929 ὀ
344 880 446 948 μὲν
482 876 561 942 εἷς
592 880 719 949 ἄρτι
741 870 1155 949 τετελεύτηκεν,
1186 881 1214 932 6
1243 879 1298 932 δὲ
1328 880 1513 949 ἔτερος
1541 880 1742 948 μέλλει,
1781 880 1876 931 ἐὰν

302 973 377 1041 μὴ
409 972 683 1042 σπεύσητε
712 988 726 1001 ·
782 970 941 1025 τοῦτο
969 972 1077 1042 γὰρ
1107 972 1386 1043 εὐχομένω
1427 989 1515 1041 μοι
1560 971 1879 1040 πεφανέρωο

296 1080 408 1115 ται.
460 1063 735 1127 Ἐλθόντες
768 1065 948 1118 τοίνυν
974 1065 1022 1117 οί
1046 1065 1297 1134 μοναχοὶ,
1323 1056 1486 1134 εὖρον
1519 1064 1609 1116 16v
1646 1064 1745 1134 μὲν
1767 1065 1881 1117 κεί-

300 1176 463 1226 μενον
501 1160 717 1229 νεκρὸν,
752 1162 844 1212 καὶ
901 1159 1140 1227 ἔθαψαν*
1176 1162 1265 1211 τὸν
1314 1160 1368 1212 δὲ
1422 1160 1608 1231 ἓτερον
1637 1161 1880 1227 ἀνεκτή-

298 1268 463 1304 σαντο
492 1252 569 1320 τῷ
601 1251 777 1309 ὕδατι.
807 1253 902 1305 καὶ
932 1252 1217 1320 ἀπήγαγον
1249 1252 1382 1318 πρὸς
1408 1252 1496 1303 τὸν
1517 1252 1747 1319 γέροντα
1767 1266 1778 1278 ·
1814 1247 1881 1320 ἦν

300 1346 406 1411 γὰρ
431 1343 490 1396 τὸ
516 1344 793 1414 διάστημα
842 1344 1053 1413 ἡμέρας
1100 1344 1236 1407 ὁδός.
1276 1344 1492 1397 Ἐανδὲ
1526 1344 1751 1416 ζητήσῃ.
1777 1360 1881 1405 τις.

294 1436 440 1487 Curi
478 1436 553 1505 μὴ
581 1437 687 1507 πρὸ
716 1436 808 1489 τοῦ
844 1438 1165 1505 τελευτῆσαι
1190 1436 1279 1489 τὸν
1313 1436 1471 1489 ἄλλον
1508 1438 1607 1489 οὐκ
1641 1438 1881 1507 εἴρηκεν,

295 1530 397 1581 οὐκ
430 1529 611 1598 ὀρθῶς
636 1528 794 1582 τοῦτο
817 1531 971 1597 ζητεῖ
999 1529 1171 1596 λέγων
1198 1546 1209 1557 ·
1256 1531 1317 1581 οὐ
1356 1530 1462 1598 γὰρ
1491 1524 1560 1599 ἦν
1598 1528 1883 1581 ’Δντωνίου

295 1622 357 1672 το
380 1621 473 1673 τοῦ
502 1621 732 1673 θανάτου
771 1624 967 1691 κρῖμα,
1001 1621 1136 1673 ἀλλὰ
1180 1618 1473 1684 τοῦιΘεοῦ,
1506 1620 1599 1672 τοῦ
1638 1622 1731 1674 καὶ
1760 1621 1886 1687 περὶ

295 1714 509 1765 ἐκείνου
547 1714 853 1780 κρίναντος,
893 1716 987 1768 καὶ
1019 1716 1149 1785 περὶ
1182 1716 1371 1767 τούτου
1401 1715 1847 1784 ἀποκαλύψαντος
1869 1732 1883 1748 ο

1970 598 2267 668 συνείχετο,
2298 598 2438 651 ὥστε
2495 599 2555 650 τὸ
2590 597 2791 667 ὑψηλὸν
2819 596 2977 651 τοῦτο
3018 600 3111 651 καὶ
3146 597 3287 649 Θεῖον
3330 594 3549 665 παράγ-

1969 691 2146 761 γελμα
2181 694 2260 755 16,
2322 710 2340 739 ι
2393 692 2724 761 Ἀγαπήσεις
2772 691 2978 762 Κύριον
3038 692 3131 743 16v
3176 690 3308 741 Θεὸν
3354 707 3448 741 σου
3494 690 3553 753 ἐξ

1970 785 2098 855 ὅλης
2164 784 2265 853 τῆς
2300 783 2528 857 καρδίας
2568 801 2683 851 σου,
2722 770 2817 837 καὶ
2850 785 2909 849 ἐξ
2937 784 3065 854 ὅλης
3095 785 3194 852 τῆς
3227 784 3403 856 ψυχῆς
3432 800 3549 845 σου,

1972 878 2066 929 καὶ
2118 876 2178 942 ἐξ
2225 877 2352 947 ὅλης
2417 877 2516 945 τῆς
2554 877 2791 941 διαωίας
2822 896 2935 940 σου,
2966 896 2983 928 ι
3025 877 3205 945 ἔργοις
3263 877 3354 930 ὑπ’
3386 875 3550 929 αὑτοῦ

1973 968 2338 1036 πληροῦσθαι.
2410 967 2589 1037 ὐπερ
2669 968 2769 1020 οὐκ
2839 968 2905 1021 ἂν
2980 966 3156 1029 ἄλλως
3218 966 3448 1033 γένοιτο,
3516 966 3549 1035 ἢ

1974 1060 2083 1112 τῶν
2135 1059 2393 1127 φυσικῶν
2435 1059 2534 1127 τῆς
2603 1058 2783 1129 ψυχῆς
2840 1059 3146 1129 δυνάμεων,
3207 1058 3345 1127 πρὸς
3405 1058 3555 1110 οὐδὲν

1969 1152 2098 1207 ἄλλο
2134 1152 2243 1205 τῶν
2300 1153 2608 1220 παρόντων,
2670 1153 2753 1205 ὅτι
2808 1151 2883 1222 μὴ
2931 1153 3067 1220 πρὸς
3107 1152 3266 1222 μόνον
3307 1151 3397 1202 τὸν
3447 1154 3551 1218 Δη-

1974 1242 2238 1314 μιουργοῦ
2300 1244 2485 1308 πόθον,
2555 1244 3019 1311 συντεινομένων*
3061 1243 3262 1304 ταύτας
3302 1240 3418 1305 οὖν,
3459 1241 3555 1301 τὰς

1972 1337 2188 1406 νοερὰς.
2226 1339 2393 1406 φημὶ,
2426 1338 2523 1406 τῆς
2576 1338 2755 1407 ψυχῆς
2790 1337 3094 1407 ἐνεργείας,
3143 1336 3317 1408 ταύτῃ
3341 1352 3423 1387 τοι
3465 1335 3559 1385 καὶ

1976 1428 2334 1497 παρακαλῶν,
2372 1427 2584 1490 πολλοῖς
2620 1428 2851 1497 φοϐερὸς
2882 1424 2969 1498 ἦν,
3004 1429 3098 1480 καὶ
3152 1426 3441 1497 ἐπιτιμῶν,
3470 1446 3560 1479 πο-

1976 1519 2150 1583 θεινὸς
2200 1523 2294 1573 καὶ
2320 1522 2451 1588 ἡδὺς
2482 1522 2539 1572 ὲν
2566 1520 2755 1574 ἆπασι.
2790 1522 2884 1584 Τίς
2919 1521 3061 1573 οὕτω
3084 1521 3305 1581 καὶτοῖς
3346 1521 3558 1582 πολλοῖς

1976 1611 2179 1681 ὁμιλῶν
2208 1612 2631 1680 ὠφελιμώτατος
2652 1630 2675 1679 ;Δ
2693 1613 2784 1665 καὶ
2826 1614 2923 1675 τὰς
2970 1614 3253 1677 αἰσθήσεις
3283 1613 3557 1678 συνάγειν,

1980 1706 2075 1757 καὶ
2104 1706 2233 1757 είσω
2292 1705 2733 1774 παρασκευάζειν
2768 1705 2942 1756 νεύειν
2980 1707 3309 1768 ἱκανώτατος
3338 1724 3349 1770 ;
3383 1706 3458 1768 ὡς
3502 1709 3560 1757 ἐν

298 1808 465 1873 μόνου
491 1807 548 1857 δὲ
587 1808 873 1859 Ἀντωνίου
931 1808 1090 1859 τοῦτο
1141 1808 1325 1877 Οαῦμα
1347 1804 1437 1879 ἦν.
1464 1810 1543 1861 ὅτι
1581 1810 1639 1859 ἐν
1667 1808 1743 1877 τῷ
1771 1808 1886 1879 spei
1914 1820 1954 1874 Β
1981 1797 2189 1850 πλείονι
2219 1799 2428 1868 γαλήνῃ
2452 1800 2576 1860 τοὺς
2615 1797 2738 1849 τῶν·
2781 1799 2837 1849 ὲν
2872 1797 3021 1867 μέσῳ
3059 1797 3324 1868 θορύϐων.
3366 1798 3397 1868 ἢ
3439 1799 3562 1860 τοὺς

294 1900 623 1967 καθήμενος,
655 1896 767 1969 εἶχε
803 1901 901 1969 τὴν
926 1900 1152 1968 καρδίαν
1178 1902 1473 1967 νήφουσαν,
1497 1901 1588 1953 τὸν
1612 1901 1667 1953 δὲ
1686 1902 1888 1971 Κύριον

292 1992 611 2045 δεικνύοντα
646 1993 809 2045 αὑτὸν
876 1993 942 2045 τὰ
993 1995 1229 2063 μακράν.
1271 1995 1433 2064 Ὁρᾷς
1469 1994 1549 2047 ὅτι
1588 1994 1674 2046 διὰ
1706 1994 1766 2046 16
1794 1999 1887 2056 νή-

293 2103 419 2151 φειν
446 2088 512 2154 τῇ
544 2086 745 2156 καρδίᾳ
794 2087 820 2137 ὁ
893 2087 1174 2149 ’Λντώνιος
1233 2088 1464 2156 Θεόπτης
1519 2090 1610 2139 καὶ
1655 2087 1887 2157 προὸλέ-

298 2196 418 2229 ττων
449 2177 702 2243 ἐγένετος
761 2179 856 2231 καὶ
890 2180 999 2248 γὰρ
1037 2181 1096 2233 ἐν
1131 2182 1196 2246 τῇ
1245 2178 1443 2249 καρδία
1475 2179 1833 2247 ἐμφανίζεται
1862 2180 1889 2230 6

301 2270 436 2327 Geo:
480 2271 558 2338 τῷ
589 2270 691 2331 νοῒ,
726 2271 849 2324 κατ’
877 2272 1052 2342 ἀρχὰς
1096 2272 1214 2340 μὲν,
1261 2270 1335 2333 ὣς
1374 2287 1537 2339 φησιν
1577 2271 1830 2339 Ἰωάννης
1860 2271 1887 2321 6

301 2362 403 2428 τῆς
434 2361 738 2429 Κλίμακος,
773 2361 847 2423 ὡς
876 2363 1154 2431 καθαίρων
1200 2362 1291 2413 τὸν
1354 2361 1589 2427 ἐραστήν
1624 2375 1638 2389 ·
1695 2360 1888 2411 ἔπειτα

302 2452 361 2503 δὲ
398 2453 493 2503 καὶ
521 2451 597 2514 ὡς
629 2451 744 2519 φῶς
777 2451 1114 2522 λαμπρύνων
1134 2453 1226 2503 τὸν
1257 2452 1382 2505 νοῦν
1430 2452 1524 2504 καὶ
1563 2449 1770 2520 θεοειδῆ
1802 2452 1892 2523 6p-

304 2544 611 2613 γαζόμενος
638 2561 649 2573 ·
705 2546 797 2597 ἐπὶ
850 2545 905 2597 δὲ
944 2546 1069 2609 τοὺς
1099 2545 1331 2614 καθεξῆς
1367 2548 1393 2597 6
1434 2545 1587 2613 λόγος
1623 2545 1888 2614 χωρείτω.

319 2657 366 2707 Ἀ
377 2659 456 2709 πὸ
474 2657 580 2710 τοῦ
594 2657 742 2721 βίου
758 2658 862 2711 τοῦ
895 2658 1068 2723 ἁγίου
1089 2658 1412 2712 Θεοδοσίου
1433 2657 1536 2712 τοῦ
1560 2656 1891 2726 κοινοϐιὰρ-

1019 2747 1152 2795 χοι).

382 2819 541 2873 Οὕτω
570 2822 681 2891 γὰρ
710 2823 737 2873 6
774 2821 916 2884 θεῖος
973 2823 1253 2885 Θεοδόσιος
1303 2822 1380 2893 τῷ
1412 2823 1604 2889 γλυκεῖ
1625 2827 1720 2893 τῆς
1751 2824 1891 2891 ἁγά-

303 3063 608 3117 monachos
660 3064 915 3132 (contigit
966 3064 1114 3118 enim
1167 3080 1263 3121 eos
1319 3067 1393 3119 ibi
1446 3065 1637 3134 esse),
1702 3067 1885 3136 aitque

1982 1890 2039 1941 ἐν
2060 1890 2249 1959 ἐρήμῳ
2276 1889 2544 1941 διατελεῖν
2568 1905 2579 1917 ·
2636 1890 2727 1940 καὶ
2763 1890 2878 1958 ἅμα
2923 1889 3012 1940 τὸν
3055 1890 3216 1941 αὑτὸν
3256 1890 3395 1957 μετὰ
3429 1888 3563 1957 πλή-

1984 1982 2109 2043 ὓους
2137 1998 2196 2033 τε
2224 1977 2383 2045 εἶναι,
2420 1983 2515 2034 καὶ
2550 1981 2777 2045 ίδιὰζειν
2806 1999 2819 2047 ;
2860 1981 2993 2033 Ἰδοὺ
3021 1982 3114 2033 καὶ
3146 1984 3171 2032 6
3204 1984 3375 2050 μέγας
3410 1978 3562 2044 οἲτος

1982 2073 2261 2136 Θεοδόσιος
2304 2073 2391 2127 διὰ
2444 2074 2503 2125 τὸ
2550 2075 2649 2136 τὰς
2698 2075 2973 2143 αίσυήσεις
3012 2074 3267 2140 συνάγε;ν
3301 2076 3395 2125 καὶ
3437 2075 3565 2125 rimi

1984 2168 2448 2236 εἰσάγειν,γέγονε
2469 2167 2568 2235 τῆς
2591 2167 2683 2219 τοῦ
2711 2168 2944 2219 Κτίστου
2961 2167 3303 2237 τετρωμένος
3324 2169 3558 2235 ἀγάπης.

2210 2344 2352 2401 Ἀπὸ
2378 2343 2639 2408 τοῦβίου
2672 2344 2777 2397 τοῦ
2807 2344 2978 2413 ἁγίου
3018 2345 3347 2411 Ἀρσενίου.

2064 2542 2175 2594 Καὶ
2209 2540 2367 2594 τοῦτο
2394 2541 2449 2593 δὲ
2476 2540 2555 2610 τῷ
2602 2540 2901 2611 Θαυμαστῷ
2952 2538 3266 2608 πεφύλακτο
3310 2542 3569 2611 ’Λρσενιῳ

1991 2637 2071 2697 τὸ,
2104 2635 2241 2703 μήτε
2296 2634 2584 2703 ζητήματα
2641 2637 2891 2701 γραφικά
2936 2634 3267 2701 προτείνειν,
3297 2640 3431 2704 μήτε
3464 2636 3570 2705 μὴν

1993 2727 2368 2780 ἐπιστέλλειν·
2427 2728 2522 2795 οὐχ
2572 2727 2646 2786 ὡς
2700 2727 2973 2787 ἀδυνάτως
3018 2725 3215 2794 ἔχοντι.
3249 2728 3365 2789 πῶς
3418 2730 3567 2796 γὰρς

1994 2814 2144 2889 ᾧτινι
2169 2822 2229 2873 τὸ
2261 2817 2317 2873 εὖ
2351 2821 2530 2886 λέγειν
2561 2819 2701 2870 οὕτω
2738 2818 2940 2887 ῥᾴδιον,
2969 2819 3042 2879 ὡς
3077 2820 3136 2870 τὸ
3173 2820 3357 2882 ἁπλῶς
3396 2822 3573 2887 λέγειν

1997 3078 2148 3123 ratus
2202 3080 2341 3135 erat,
2410 3073 2658 3141 adeoque
2723 3082 2873 3127 arcte
2933 3075 3268 3128 constrictus
3336 3076 3574 3130 vinculis

304 3155 453 3208 illis:
490 3155 591 3215 Ite,
630 3156 865 3223 accipite
918 3172 1012 3209 vas
1068 3171 1227 3224 aqua:
1264 3164 1320 3210 et
1358 3157 1561 3210 currite
1601 3173 1696 3225 per
1742 3160 1881 3209 viam
1914 3153 1956 3210 C
1990 3161 2276 3215 charitatis
2328 3164 2634 3227 tenebatur,
2689 3176 2745 3217 ut
2770 3164 3005 3219 sublime
3054 3166 3184 3217 illud
3218 3175 3272 3218 ct
3324 3166 3571 3218 divinum

300 3261 426 3314 quan
469 3262 664 3299 versus
696 3246 1201 3315 Aigyptumtendit
1240 3265 1254 3300 :
1291 3246 1521 3300 duorum
1580 3250 1723 3302 enim
1777 3249 1883 3301 huc

302 3338 639 3390 venientium
678 3353 822 3389 unus
860 3338 1021 3391 modo
1051 3338 1375 3407 exspiravit,
1400 3339 1537 3392 alter
1586 3355 1713 3392 vero
1762 3356 1883 3392 mox

300 3431 689 3499 exspiraturus
721 3444 829 3491 est,
864 3432 969 3484 nisi
1033 3432 1357 3495 properetis.
1403 3433 1517 3486 Hoc
1546 3435 1690 3487 enim
1751 3434 1882 3485 mihi

299 3524 484 3576 oranti
514 3523 813 3577 revelatum
871 3534 976 3577 est.
1010 3522 1255 3578 Profecti
1277 3539 1408 3593 ergo
1442 3525 1693 3579 monachi
1728 3542 1879 3595 repe-

303 3624 502 3669 rerunt
534 3617 606 3668 ita
653 3632 767 3669 rem
831 3618 1032 3670 habere
1100 3617 1177 3670 uti
1220 3626 1464 3689 sanctus
1518 3617 1773 3683 dixerat;
1833 3629 1885 3671 et

303 3717 584 3761 mortuum
616 3708 839 3776 quidem
892 3698 1250 3778 sepelieruni,
1289 3710 1678 3763 moribundum
1759 3726 1886 3764 vero

304 3810 616 3855 recreatum
657 3817 797 3870 aqua
826 3802 1203 3870 perduxerunt
1235 3804 1301 3856 ad
1336 3817 1545 3856 senem.
1604 3804 1733 3856 Erat
1788 3819 1886 3856 aue

301 3908 411 3950 tein
447 3896 795 3949 intervallum
825 3897 926 3950 vite
962 3897 1061 3949 iter
1098 3896 1206 3950 diei
1234 3897 1421 3950 unius.
1445 3896 1501 3949 Si
1532 3906 1709 3950 autem
1739 3913 1887 3964 quaa-

303 3999 390 4040 rat
419 3989 567 4056 quis,
603 4004 774 4055 quare
806 4003 915 4041 non
946 3997 1242 4057 antequam
1280 3989 1421 4041 alius
1460 3990 1550 4042 ille
1582 3997 1886 4042 moreretur

302 4082 579 4135 Antonius
616 4081 922 4135 subsidium
956 4081 1185 4143 miserit,
1210 4096 1331 4150 quae
1358 4082 1647 4135 retulimus
1676 4081 1885 4145 dicens,

302 4173 759 4241 respondebitur,
800 4173 1076 4227 incivilem
1126 4182 1180 4226 et
1210 4174 1565 4241 incongruam
1599 4174 1737 4227 hanc
1796 4188 1890 4226 ex-

304 4263 623 4331 ceptionem
658 4275 804 4315 esse.
836 4258 955 4314 Non
983 4261 1129 4315 enim
1158 4260 1223 4315 ad
1254 4262 1555 4315 Antonium
1608 4262 1890 4330 spectabat

300 4358 373 4407 de
405 4355 507 4406 viri
542 4362 719 4407 morte
744 4353 1041 4423 judicium,
1079 4355 1172 4410 sed
1206 4356 1272 4408 ad
1310 4356 1479 4409 Deum
1515 4357 1607 4424 qui
1639 4367 1692 4408 et
1734 4355 1885 4407 illum

303 4448 644 4501 monachum
682 4447 764 4501 sic
796 4448 935 4501 mori
969 4448 1310 4512 decreverat,
1368 4459 1421 4501 et
1473 4458 1581 4501 tam
1612 4450 1730 4517 ejus
1772 4448 1889 4501 abi-

306 4550 447 4598 tum,
472 4553 635 4605 quam
666 4539 801 4593 socii
835 4538 1139 4607 periculum
1184 4541 1424 4593 Antonio
1456 4541 1735 4594 revelavit.
1793 4538 1889 4593 Mi-

301 4632 558 4683 raculum
595 4632 699 4684 hoc
733 4631 837 4684 fuit
867 4633 1032 4685 unius
1064 4632 1277 4687 meritis
1304 4633 1682 4700 imputandum
1715 4632 1888 4685 Anto-

301 4724 407 4787 nii,
435 4724 529 4790 qui
554 4724 751 4777 sedens
780 4724 971 4792 procul
999 4725 1053 4777 in
1083 4733 1295 4787 monte,
1326 4723 1397 4777 ob
1416 4725 1600 4778 cordis
1620 4724 1887 4777 attentio-

301 4832 433 4869 nem
460 4830 588 4869 cum
618 4830 726 4883 qua
762 4817 979 4881 orabat,
1019 4816 1217 4884 dignus
1240 4816 1291 4869 ei
1312 4816 1466 4870 visus
1493 4826 1575 4867 est
1602 4816 1697 4868 cui
1726 4816 1890 4867 mira-

297 4907 489 4959 biliter
518 4922 582 4958 ca
617 4905 1000 4961 manifestaret
1046 4924 1167 4975 qu:e
1194 4908 1247 4961 in
1281 4911 1402 4961 loco
1456 4918 1561 4960 tani
1595 4908 1889 4978 longinquo

297 4997 663 5062 gerebantur.
725 4996 806 5050 lbi
880 4999 1092 5053 scilicet
1170 4999 1225 5051 in
1297 5000 1459 5053 corde
1515 4998 1653 5052 Deus
1723 5000 1891 5051 ιιι‹·ιιιὶ

297 5098 427 5142 sese
458 5088 676 5155 aperit;
710 5090 981 5157 principio
1020 5090 1266 5157 quidem,
1301 5100 1358 5142 ut
1387 5092 1462 5142 ait
1489 5090 1726 5144 Joannes
1784 5088 1893 5142 Ch-

299 5195 522 5240 niaeus,
573 5179 659 5234 sui
712 5190 1010 5233 amatorem
1063 5196 1301 5250 purgans
1350 5189 1408 5231 ut
1452 5180 1641 5249 ignis;
1695 5179 1892 5233 deinde

300 5283 362 5324 ut
395 5276 488 5324 lux
520 5282 756 5324 mentem
792 5273 1130 5336 illuiniuans,
1172 5282 1220 5325 et
1256 5271 1580 5326 deiforment
1619 5272 1877 5325 ellicicns.

298 5361 447 5415 llinc
488 5363 555 5414 ad
601 5365 994 5431 consequentia
1030 5366 1287 5431 procedat
1316 5379 1521 5419 sermo.

555 5522 639 5574 Ea:
671 5522 786 5576 Vita
822 5523 877 5576 S.
918 5525 1190 5578 Theodosii
1233 5529 1634 5580 coenobium/iw.

375 5636 471 5693 Sic
502 5640 723 5690 divinus
752 5638 1095 5694 Theodosius
1132 5640 1273 5695 dulci
1308 5646 1512 5696 amuris
1549 5644 1656 5696 telo
1703 5644 1891 5696 vulne-

377 5818 398 5846 ⁵
439 5814 631 5868 Mtth.
668 5832 755 5868 an
795 5818 878 5869 57.

1991 3256 2307 3308 mandatum
2358 3275 2370 3309 :
2430 3275 2447 3307 ι
2481 3256 2681 3323 Diliges
2733 3257 3019 3310 hominum
3074 3259 3239 3311 Deum
3297 3268 3451 3309 tuum
3506 3274 3572 3311 ex

1990 3357 2101 3400 tota
2152 3351 2331 3401 anima
2361 3360 2472 3412 tua,
2500 3360 2553 3401 et
2582 3366 2644 3401 ex
2679 3350 2935 3403 omnibus
2984 3353 3192 3403 viribus
3230 3350 3357 3414 tuis,
3406 3361 3460 3403 et
3508 3366 3568 3402 ex

1988 3440 2136 3492 omni
2178 3447 2357 3493 mente
2385 3451 2473 3492 tua
2503 3442 2544 3500 δ.
2584 3459 2601 3490 ι
2666 3456 2833 3507 opere
2890 3443 2958 3493 ah
3008 3442 3123 3509 ipSo
3177 3443 3566 3510 eompleretur.

1992 3532 2145 3596 Quod
2174 3532 2276 3584 alia
2304 3533 2415 3585 lieri
2458 3533 2671 3585 ratione
2708 3548 2814 3584 non
2850 3534 3049 3600 potuit.
3088 3534 3191 3585 nisi
3230 3534 3569 3587 naturalibus

1992 3627 2187 3679 anima:
2232 3626 2489 3694 polentiis
2520 3626 2585 3679 ad
2635 3626 2767 3680 nihil
2813 3627 2956 3678 aliud
2994 3630 3345 3693 praesentium
3403 3644 3565 3693 quam

1989 3718 2052 3769 ad
2104 3716 2281 3770 solum
2337 3716 2613 3770 Creatoris
2665 3718 2999 3771 desiderium
3058 3718 3308 3771 intentis.
3366 3719 3569 3771 Annua:

1991 3812 2280 3879 potentias,
2306 3812 2666 3865 intellectivas
2723 3812 2810 3864 hic
2843 3825 2977 3866 voco
3012 3814 3209 3863 animae
3259 3811 3570 3866 fariiliates.

1990 3899 2126 3953 llinc
2154 3909 2206 3952 et
2235 3900 2533 3953 adhortans
2558 3902 2780 3961 multos,
2805 3909 2860 3953 et
2905 3914 3101 3953 rursus
3139 3901 3568 3967 repreheiulens,

1990 4008 2144 4059 teque
2169 3994 2383 4046 eunetis
2417 3993 2715 4046 salubriter
2763 4001 2885 4043 erat
2933 3992 3199 4043 terribilis
3240 4009 3255 4057 ;
3320 3993 3573 4045 amabilis

1989 4096 2168 4139 autem
2198 4095 2254 4138 et
2282 4086 2466 4139 suavis
2499 4086 2549 4137 in
2598 4084 2877 4137 omnibus.
2912 4082 3046 4147 Quis
3104 4094 3161 4135 ut
3195 4084 3285 4136 ille
3350 4099 3578 4135 conver-

1993 4178 2236 4231 sationes
2268 4193 2390 4231 cum
2429 4177 2613 4230 multis
2668 4177 3013 4245 promiscnas
3072 4176 3363 4229 utilissime
3402 4176 3570 4228 habe—

1992 4268 2123 4323 bat?
2154 4268 2286 4333 Quis
2315 4270 2440 4322 item
2490 4278 2549 4320 ut
2584 4268 2675 4320 illc
2714 4267 2781 4318 ad
2847 4282 3048 4320 sensus
3105 4268 3444 4335 COiiigt'IHiUS
3472 4309 3489 4332 ,
3521 4276 3574 4319 et

1995 4362 2062 4414 ad
2088 4362 2282 4414 horum
2308 4361 2729 4421 convertendam
2766 4360 2909 4411 intra
2965 4359 3155 4411 intima
3192 4362 3276 4413 διιί
3312 4361 3573 4412 auentio-

1995 4470 2115 4507 nem
2144 4454 2377 4506 idoneus
2406 4467 2503 4504 usu
2532 4453 2704 4503 multo
2738 4463 2859 4503 erat
2881 4450 3162 4502 maxime?
3214 4452 3286 4502 ita
3326 4462 3385 4504 ut
3426 4463 3573 4504 tran-

1998 4547 2238 4615 quilliori
2272 4546 2455 4613 quiete
2492 4543 2691 4595 mentis
2723 4543 2777 4594 in
2808 4544 3039 4610 strepitu
3100 4545 3567 4595 tumnltuosorum

1998 4653 2119 4690 cum
2149 4636 2401 4704 plurimis
2426 4648 2844 4700 congressuutn,
2900 4648 3065 4699 quam
3109 4634 3288 4700 quivis
3324 4634 3483 4685 'alter
3520 4635 3571 4685 in

1997 4728 2379 4783 seductissima
2441 4723 2734 4776 solitudine
2783 4721 3082 4785 frueretur,
3139 4723 3416 4791 nihiloque
3478 4727 3576 4777 nii-

1997 4838 2102 4874 nus
2135 4821 2187 4872 in
2210 4833 2481 4871 concursu
2516 4819 2810 4871 multorum
2860 4817 3145 4869 solitarius
3179 4829 3346 4879 esset,
3406 4833 3570 4883 quam

1993 4911 2045 4964 in
2098 4912 2305 4979 privato
2363 4922 2632 4961 secesssu.
2671 4905 2747 4958 En
2785 4914 2842 4958 ut
2872 4905 2952 4957 vir
2987 4907 3071 4959 hic
3126 4906 3350 4974 Magnus
3396 4906 3571 4960 Theo-

1995 5003 2201 5066 dosius,
2237 5017 2303 5054 eo
2331 5000 2475 5069 qund
2504 5013 2697 5051 sensus
2729 4998 3003 5065 colligere,
3043 4998 3297 5065 illlruqtle
3335 5000 3385 5050 in
3419 5014 3569 5051 men-

1995 5097 2066 5147 tis
2096 5098 2253 5163 adyta
2281 5102 2445 5144 totam
2471 5094 2830 5142 attentionem
2884 5099 3209 5142 convertere
3262 5092 3571 5143 assuetudi-

1995 5186 2248 5252 nelonga
2292 5182 2593 5241 didicisset.
2660 5182 2725 5233 ad
2777 5196 2900 5233 cum
2939 5180 3163 5248 perfecti
3211 5179 3306 5235 Dei
3369 5183 3572 5237 amoris

1992 5277 2220 5345 gradum
2245 5273 2508 5335 ascendit,
2544 5271 2594 5324 in
2623 5286 2732 5340 quo
2761 5285 2885 5323 vere
2920 5271 3029 5324 dici
3079 5282 3265 5341 posset
3320 5272 3571 5325 vulnera-

1997 5378 2087 5421 tus
2115 5366 2404 5419 charitate.

2498 5455 2579 5507 Ea:
2623 5454 2739 5506 Vita
2765 5453 2821 5508 S.
2852 5456 3083 5508 Artenit.

2071 5553 2152 5603 Ab
2184 5550 2492 5603 admirabili
2551 5558 2679 5598 vero
2715 5548 2949 5598 Arscnio
2986 5548 3089 5598 hoc
3151 5546 3567 5611 observabatur,

2005 5652 2061 5697 ot
2109 5656 2285 5709 neque
2338 5637 2793 5704 interrogationes
2848 5638 3052 5702 scripto
3104 5635 3169 5688 ad
3214 5650 3567 5706 quemquam,
