4234 6446
241 433 342 497 95Ἳ

1474 438 1566 497 DE
1606 435 1881 497 CORDIS
1914 439 2312 502 CUSTODIA.

3381 437 3482 502 958

241 552 401 618 τέρες
426 550 606 621 ἡμῶν.
641 552 742 606 κᾶν
775 555 1169 624 σπουδάσωμεν
1200 555 1426 623 ποιῆσαι
1467 559 1564 626 τὴν
1595 557 1823 622 δύναμιν
1852 564 1893 617 Α
1918 565 2190 631 muscam];
2215 561 2292 631 τῷ
2325 561 2557 631 Σατανᾷ,
2591 563 2750 614 Δοκεῖ
2783 560 2882 630 μὲν
2917 559 2945 610 6
2980 560 3151 629 μέγας
3181 555 3331 624 οὗτος
3375 564 3486 614 ul-

240 641 421 709 ἡμῶν,
454 643 692 710 φυλάξαι
722 643 790 696 τὰ
830 644 1058 714 σώματα
1106 645 1284 714 ἡμῶν,
1319 646 1391 705 ὡς
1420 646 1575 714 ζητεῖ
1615 649 1642 699 ο
1667 649 1822 710 (θεὸς,

238 732 635 801 ἀναμάρτητα,
677 735 774 785 καὶ
813 735 1143 802 πιστεύομεν
1182 739 1263 788 ὅτι
1314 738 1453 790 κατᾶ
1507 738 1598 788 τὸν
1635 739 1824 806 καιρὸν

236 821 337 872 τοῦ
382 822 544 890 λιμοῦ
587 825 678 876 τὸν
719 825 1098 878 καταλαϐόντα
1141 830 1308 896 ἡμᾶς,
1349 831 1491 880 ποιεῖ
1525 828 1642 897 μεθ’
1668 829 1824 897 ἡμῶν

237 914 409 978 ἔλεος,
443 915 519 975 ὡς
543 918 637 969 καὶ
674 918 814 987 μετὰ
843 920 952 970 τῶν
983 920 1157 984 ἁγίων
1186 919 1373 972 αὑτοῦ.
1411 921 1824 990 Παραμυθεῖται

237 1008 476 1062 ἐνταῦθα
493 1011 521 1062 6
545 1012 715 1079 μέγας
728 1007 822 1064 οὗτ
833 1030 904 1074 σς,
926 1015 1037 1073 τοῖς
1059 1013 1178 1065 λίαν
1195 1015 1607 1085 ἀσθενεστέροις
1625 1016 1819 1081 λέγων·

239 1103 354 1154 Καὶ
394 1105 441 1154 εἰ
501 1103 602 1155 οὐκ
653 1105 1000 1172 ἐφυλάξαμεν
1035 1106 1135 1174 τὴν
1174 1107 1404 1176 καρδίαν
1465 1109 1615 1176 ἡμῶν
1649 1109 1723 1172 ὡς
1774 1110 1823 1162 οἱ

238 1193 481 1270 πατέρες
532 1195 712 1264 ἡμῶν,
752 1196 854 1248 κᾶν
898 1197 967 1248 τὰ
1026 1197 1256 1265 σώματα
1282 1199 1441 1268 ἡμῶν
1491 1202 1824 1269 τηρήσωμεν

237 1293 626 1360 ἀναμάρτητα,
659 1286 734 1346 ὡς
766 1286 920 1353 ζητεῖ
955 1289 983 1338 6
1035 1287 1191 1350 Θεὸς,
1234 1291 1325 1341 καὶ
1358 1292 1505 1341 ποιεῖ
1553 1292 1649 1342 καὶ
1705 1290 1824 1360 μεθ’

237 1384 399 1453 ἡμῶν
433 1383 601 1444 ἔλεος.
638 1378 812 1452 Πολλὴ
843 1381 876 1449 ἡ
908 1379 1279 1451 εὐσπλαγχνία
1313 1381 1408 1434 τοῦ
1439 1381 1684 1433 τοιούτου
1714 1382 1822 1433 Πα-

236 1491 266 1525 τ
274 1474 370 1542 ρος
394 1474 488 1526 καὶ
517 1473 951 1541 συγκατάὅασις.

659 1709 965 1775 Μακαρίου
1000 1709 1108 1762 τοῦ
1141 1709 1428 1777 μεγάλου.

1917 658 2018 723 τὴρ
2032 653 2408 722 ἀντιφέρεσθαι
2427 657 2538 715 τοῖς
2556 653 2731 720 λόγοις
2751 652 2839 704 τοῦ
2867 652 3252 724 προλεχθέντος
3280 657 3490 724 Πατρὸς

1916 747 2058 797 ἁεδὶ
2101 745 2321 796 Ἡσαΐου
2344 761 2356 773 ·
2386 745 2486 795 οὐκ
2535 743 2646 797 ἔστι
2680 744 2734 796 δέ
2765 761 2778 775 ’
2812 747 3077 808 Κάκεῖνος
3113 746 3242 816 γὰρ,
3280 747 3355 806 ὡς
3385 747 3486 811 ζη-

1915 841 1996 889 τεῖ
2031 839 2058 888 ὁ
2088 837 2240 897 Θεὸς,
2292 837 2676 903 παρεγγυᾶται
2712 836 2848 903 ἡμῖν
2888 837 3120 902 φυλάξαι
3154 838 3221 890 τα
3260 838 3488 906 σώματα

1920 928 2075 996 ἡμῶν
2103 944 2114 956 ·
2151 927 2307 994 ζητεῖ
2344 925 2400 977 δὲ
2439 925 2500 976 οὐ
2549 925 2655 976 τῶν
2692 926 2964 994 σωμάτων
3002 928 3160 994 μόνον
3199 929 3297 997 τὴν
3327 929 3490 981 καθα-

1919 1023 2140 1089 ρότητα,
2180 1019 2313 1086 ἀλλα
2342 1019 2436 1070 καὶ
2478 1017 2585 1069 τῶν
2624 1019 2984 1086 πνευμάτων·
3018 1019 3110 1071 καὶ
3167 1020 3343 1083 οὕτως
3381 1020 3488 1074 ἀπὸ

1916 1114 2023 1166 τῶν
2047 1110 2412 1181 εὖαγγελικῶν
2433 1113 2896 1182 προσταγμάτων,
2924 1113 2994 1166 τὰ
3022 1113 3162 1166 αὑτὰ
3188 1115 3316 1185 ἡμῖν
3351 1115 3480 1168 ὑπο-

1915 1207 2140 1260 τίθεται.

2561 1401 2868 1468 Διαδόχου.

2011 1603 2070 1662 Ὀ
2122 1608 2369 1677 ἐνδημῶν
2392 1607 2476 1660 ἀεὶ
2504 1609 2571 1676 τῇ
2602 1606 2796 1657 ἑαυτοῦ
2825 1605 3042 1675 καρδίᾳ,
3078 1604 3310 1676 ἐπιδημεῖ
3350 1606 3492 1659 πάν·

1931 1717 2033 1762 τως
2064 1701 2172 1752 τῶν
2208 1700 2426 1768 ὡραίων
2464 1697 2559 1750 τοῦ
2597 1697 2745 1766 βίου·
2784 1697 3054 1766 πνεύματι
3088 1697 3197 1766 γὰρ
3250 1713 3490 1767 περιπα-

1929 1790 2054 1854 τῶν,
2087 1792 2180 1853 τὰς
2213 1791 2310 1858 τῆς
2341 1791 2542 1856 σαρκὸς
2572 1786 2865 1855 ἐπιθυμίας
2908 1788 3105 1839 είδέναι
3133 1788 3194 1839 οὐ
3244 1787 3487 1841 δύναται.

314 1894 390 1946 Τὸ
419 1896 758 1964 κυριώτατον
786 1893 880 1944 τοῦ
914 1892 1152 1963 ἀθλητοῦ
1183 1892 1340 1944 τοῦτό
1375 1895 1543 1956 ἐστιν,
1576 1894 1662 1946 ἵνα
1703 1896 1818 1946 εἰσ-
1860 1897 1897 1950 Ιὶ
1941 1884 2156 1954 Ἐπειδῆ
2187 1885 2370 1938 λοιπδν
2398 1887 2454 1936 ἒν
2480 1883 2558 1952 τῷ
2573 1882 2832 1951 ’φρουρίῳ
2862 1881 2971 1932 τῶν
3009 1881 3220 1948 ἀρετῶν
3240 1883 3363 1942 τοὺς
3389 1897 3491 1932 πε-

240 1985 417 2039 ελθὼν
481 1987 561 2047 εἰς
615 1984 713 2054 τὴν
761 1983 955 2037 ἑαυτοῦ
1003 1985 1251 2049 καρδίαν,
1307 1986 1508 2055 ποιήσῃ
1589 1988 1824 2055 πόλεμον

242 2079 382 2148 προς
419 2078 509 2128 τὸν
550 2077 796 2128 Σατανᾶν
831 2078 924 2128 καὶ
984 2079 1191 2148 μισήσῃ
1229 2077 1390 2129 αὐτόν
1414 2094 1426 2106 ·
1464 2079 1556 2129 καὶ
1589 2095 1819 2129 αντιπα-

240 2170 437 2230 λαίσας
474 2170 586 2230 τοῖς
616 2167 990 2235 διαλογισμοῖς
1027 2167 1215 2229 αὑτοῦ,
1271 2169 1516 2237 μαχεσθῇ
1557 2167 1726 2237 αὐτῷ.
1761 2170 1823 2221 Εἰ

239 2262 298 2313 δὲ
355 2264 434 2322 εἰς
462 2261 523 2311 τὸ
551 2261 872 2328 φαινόμενοι
922 2260 1183 2327 φυλάσσει
1230 2278 1309 2319 τις
1342 2263 1402 2312 τὸ
1452 2260 1609 2327 σῶμα
1660 2260 1824 2312 αὐτοῦ

238 2353 353 2405 ἀπὸ
381 2353 589 2422 φθορᾶς
617 2353 711 2402 καί
745 2352 1020 2419 πορνείας,
1046 2352 1248 2402 ἔσωθεν
1289 2353 1343 2404 δὲ
1377 2352 1618 2420 μοιχεύει
1671 2353 1823 2421 παρὰ

237 2445 317 2512 τῷ
353 2444 494 2511 Θεῷ,
530 2443 625 2494 καὶ
661 2441 915 2512 πορνεύει
940 2446 1049 2503 τοῖς
1079 2442 1469 2510 διαλογισμοῖς,
1502 2443 1655 2495 οὐδὲν
1676 2443 1818 2511 ὠφε-

237 2537 384 2607 λήθη
443 2537 582 2605 ἔχων
635 2537 695 2588 τὸ
760 2535 916 2604 σῶμα
969 2535 1256 2603 παρθένον.
1305 2535 1617 2602 Γέγραπται
1672 2538 1822 2606 γάρ’

249 2650 268 2679 ε
309 2631 426 2691 Πᾶς
465 2630 494 2680 6
532 2628 743 2697 βλέπων
765 2629 998 2694 γυναῖκα
1037 2628 1171 2694 πρὸς
1219 2627 1280 2678 τὸ
1315 2627 1676 2696 ἐπιθυμῆσαι,
1723 2630 1822 2699 ἥδη

238 2716 566 2786 ἐμοίχευσεν
593 2717 650 2766 ὲν
683 2718 746 2784 τῇ
781 2716 996 2784 καρδία.
1041 2734 1058 2764 ι
1107 2716 1264 2766 Ἐστι
1287 2717 1395 2784 γὰρ
1461 2716 1684 2782 πορνεία
1740 2718 1826 2770 διὰ

243 2811 502 2878 σώματος
531 2808 950 2874 ἐπιτελουμένη·
985 2809 1078 2859 καὶ
1106 2805 1222 2858 ἔστι
1255 2806 1480 2871 πορνεία
1501 2807 1678 2876 ψυχῆς
1719 2825 1824 2859 κοι-

249 3140 372 3178 ram
432 3123 541 3176 Deo
591 3122 646 3175 in
699 3119 1080 3176 recordatione
1145 3121 1385 3189 perversi
1460 3123 1661 3176 amoris
1716 3135 1826 3188 quo

1922 1984 2182 2053 ριπὰτους
2227 1984 2254 2033 6
2303 1979 2541 2041 τοιοῦτος
2592 1979 2864 2036 ποιεῖται,
2918 1975 3079 2037 αὐτὸς
3150 1973 3340 2042 ὥσπερ
3393 1971 3493 2034 τὰς

1917 2076 2116 2143 ἀρετὰς
2142 2073 2429 2140 πυλωροὺς
2460 2071 2599 2139 ἔχων
2619 2083 2631 2096 ·
2667 2069 2745 2121 διὸ
2775 2069 2837 2138 δὴ
2883 2069 2977 2120 καὶ
3006 2067 3275 2136 ἄπρακτοι
3303 2063 3492 2115 λοιπὸν

1918 2169 1974 2220 αἱ
2003 2168 2111 2217 τῶν
2141 2165 2413 2234 δαιμόνων
2470 2164 2591 2214 τότε
2624 2162 2710 2212 ἐπ’
2737 2159 2884 2228 αὑτῷ
2940 2159 3180 2225 γίνονται
3212 2160 3449 2225 μηχαναί
3487 2176 3489 2178 ·

1921 2255 2098 2318 καλῶς
2129 2252 2280 2307 εἶπεν
2325 2256 2352 2305 6
2400 2253 2553 2318 ἅγιος
2584 2253 2664 2303 ὃτι
2693 2251 2966 2319 ἄπρακτοι
3006 2248 3260 2315 μένουσιν
3302 2247 3356 2298 αί
3385 2243 3495 2296 τῶν

1919 2347 2128 2416 ἐχθρῶν
2163 2345 2400 2416 μηχαναί
2421 2361 2435 2375 ο
2468 2344 2556 2395 ὅτε
2587 2342 2829 2409 δηλονότι
2865 2343 2923 2392 ὲν
2964 2339 3042 2408 τῷ
3069 2337 3222 2411 βάθει
3253 2354 3356 2389 που
3397 2336 3495 2404 τῆς

1920 2436 2150 2505 καρδίας
2208 2433 2370 2502 ἡμῶν
2431 2432 2805 2501 διατρίϐομεν,
2847 2431 2942 2481 καὶ
3001 2427 3256 2480 τοσοῦτον
3313 2427 3495 2485 πλέον,

1921 2530 2046 2581 ὅσον
2072 2529 2190 2580 ἐκεῖ
2227 2526 2634 2596 ὲγχρονίζομεν.
2686 2523 2830 2576 Ἀλλ’
2860 2518 2976 2574 οἶδα
3015 2523 3096 2573 ὅτι
3129 2520 3396 2587 ὲπιλειψει
3431 2537 3496 2586 με

1921 2619 1951 2670 6
2002 2621 2214 2688 χρόνος,
2256 2616 2580 2685 βουλόμενον
2631 2614 2710 2683 τῷ
2761 2613 2990 2683 παρόντι
3042 2612 3343 2680 διηγήματι
3389 2609 3499 2660 τῶν

1924 2710 2184 2778 Πατέρων
2211 2708 2431 2758 πάντων
2463 2705 2822 2757 κατατάττειν
2851 2704 2979 2764 τοὺς
3014 2701 3224 2767 λόγους.
3264 2701 3353 2751 Διὸ
3381 2697 3498 2760 ἑνὸς

1924 2801 1957 2869 ἦ
1977 2814 2069 2852 και
2084 2799 2177 2852 δύο
2198 2797 2476 2867 μνησθεὶς,
2497 2796 2632 2865 πρὸς
2648 2795 2710 2847 τὸ
2727 2794 2880 2856 τέλος
2903 2793 2993 2845 τὸν
3019 2792 3175 2867 λόγον
3199 2788 3494 2859 τρέψομαι.

1933 3120 2109 3173 Isaiae.
2147 3119 2261 3172 Non
2297 3127 2380 3173 est
2433 3127 2614 3173 tamen
2651 3120 2747 3185 ita,
2772 3119 3040 3188 siquidem
3077 3125 3132 3173 et
3171 3119 3283 3184 hic,
3315 3127 3372 3172 ut
3404 3127 3497 3187 ju-

246 3217 382 3290 yitia
438 3224 571 3269 sunt
623 3212 882 3282 amplexi.
939 3211 1244 3271 Certemus,
1306 3209 1523 3275 fratres,
1574 3227 1638 3264 ex
1677 3212 1898 3288 omnia
1934 3210 2016 3262 hei
2081 3208 2248 3270 Deus.
2298 3209 2645 3264 commendat
2699 3211 2857 3264 nobis
2905 3222 2963 3261 ut
3022 3224 3420 3278 przeservemus
3466 3223 3494 3262 a

249 3317 444 3361 nostra
483 3306 718 3367 virtute;
761 3311 816 3356 et
852 3304 1237 3369 cooperahitur
1271 3303 1429 3355 nobis
1462 3303 1601 3357 Deus
1636 3320 1827 3356 secun-

243 3399 381 3452 dmn
437 3395 839 3448 multitudinem
903 3395 1292 3448 misericordiae
1340 3411 1469 3448 sine.
1523 3395 1586 3448 Et
1643 3396 1686 3449 si
1722 3411 1826 3447 non

245 3489 660 3543 custodivimns
682 3501 781 3538 cor
810 3494 1084 3545 nostrum,
1127 3495 1184 3537 nt
1220 3485 1407 3538 Patres
1442 3485 1610 3538 nostri
1641 3501 1658 3546 ς
1715 3486 1829 3537 sal-

246 3592 360 3633 tem
399 3580 666 3633 faciamus
693 3584 959 3645 quantum
1011 3591 1304 3644 possumus
1363 3578 1606 3630 membra
1641 3577 1827 3630 nostra

245 3669 631 3739 inipeccabilia
660 3687 674 3722 :
704 3680 756 3720 et
809 3669 1136 3722 conﬁdimus
1189 3672 1459 3720 l'actnrum
1517 3668 1686 3722 Deum
1727 3669 1828 3720 mi-

244 3760 612 3814 scricordiam
647 3759 932 3812 nobiscum
958 3759 1010 3811 in
1042 3768 1287 3826 tempore
1319 3757 1480 3812 famis
1530 3774 1649 3828 qua:
1681 3773 1832 3812 com—

241 3852 537 3924 prehendit
581 3865 699 3915 nos,
726 3851 867 3905 sicut
887 3859 941 3903 et
969 3850 1093 3904 fecit
1118 3852 1170 3902 in
1205 3851 1408 3904 sanctis
1437 3851 1610 3904 suis.»

321 3942 660 3998 Consolatur
714 3943 798 3994 his
853 3956 1080 4008 magnus
1137 3941 1225 3995 hic
1275 3940 1435 3995 Pater
1475 3943 1630 3995 valde
1678 3943 1831 3996 inllr-

249 4037 490 4088 miores.
525 4033 689 4086 Multa
721 4042 806 4086 est
852 4032 1250 4087 condescensio
1278 4040 1334 4086 et
1383 4031 1613 4104 benigna
1657 4035 1830 4103 pietas

243 4127 382 4180 talis
413 4125 614 4178 Patris.

814 4215 1040 4268 Macarii
1074 4215 1276 4286 Magni.

325 4327 345 4359 ι
381 4306 685 4374 Przecipum
717 4304 984 4358 intentum
1022 4307 1239 4358 athleta:
1261 4307 1562 4374 spiritualis
1586 4307 1687 4360 hoc
1707 4314 1830 4361 est:

239 4411 333 4466 nt,
383 4401 666 4468 ingressus
692 4400 744 4450 in
774 4414 872 4452 cor
898 4414 1080 4462 suum,
1123 4400 1320 4453 bellum
1354 4400 1557 4452 indicat
1592 4397 1830 4463 Satanas,

236 4503 557 4544 exsecraris
618 4488 838 4555 ipsum;
872 4496 950 4550 et,
987 4499 1207 4542 strenue
1257 4488 1544 4542 obluctans
1608 4503 1833 4556 sugges-

239 4582 503 4633 ttunihus
548 4580 688 4647 ejus,
744 4589 931 4632 contra
978 4580 1156 4648 ipsum
1213 4590 1438 4648 pugnet.
1489 4579 1545 4633 Si
1610 4595 1740 4632 vero
1777 4583 1829 4633 in

235 4674 491 4741 speciem
551 4672 794 4738 quidem,
836 4679 892 4723 et
949 4680 1216 4738 quantum
1257 4680 1508 4740 apparet,
1557 4672 1830 4724 custodiat

233 4764 374 4832 quis
434 4776 638 4827 corpus
672 4777 702 4812 a
738 4763 1093 4828 corruptione
1131 4773 1185 4814 et
1235 4763 1639 4827 fornicatione;
1693 4764 1830 4816 inte-

235 4856 367 4907 rius
396 4861 583 4904 autem
640 4851 910 4904 adulteret
944 4859 999 4904 et
1029 4850 1330 4904 fornicetur
1375 4867 1605 4906 assensu
1634 4854 1828 4905 volun-

233 4947 376 4998 tatis
438 4957 688 4994 arcano:
750 4942 885 4994 nihil
921 4942 1013 4994 tali
1066 4942 1284 5011 prodest
1341 4941 1566 4997 carnem
1625 4944 1829 4996 habere

232 5037 546 5102 virginem.
608 5033 890 5100 Scriptum
970 5032 1116 5087 enim
1195 5043 1276 5087 est
1355 5034 1408 5085 in
1468 5033 1826 5102 Evangeliis:

237 5126 482 5181 ¢Otnnis
539 5124 630 5192 qui
687 5125 832 5176 videt
895 5124 1176 5177 mulierem
1233 5126 1298 5176 ad
1331 5126 1828 5191 concupisu'ndnm

231 5237 388 5280 eam,
426 5217 540 5285 jam
593 5217 900 5268 iuiechatus
941 5226 1025 5267 est
1053 5230 1170 5267 eam
1203 5217 1255 5266 in
1287 5217 1454 5270 corde
1502 5215 1701 5269 ςυστ.»
1733 5217 1830 5269 Est

234 5311 393 5362 i-niin
429 5307 727 5360 fornicatio
759 5321 851 5372 per
887 5322 1086 5373 corpus
1149 5317 1529 5360 consummata
1562 5324 1577 5375 ;
1605 5317 1688 5361 est
1721 5307 1828 5361 alia

232 5397 549 5454 fornicatio
575 5407 884 5464 perpetrata
918 5415 1011 5464 per
1037 5402 1274 5450 annnam
1327 5399 1692 5453 adha'rentem
1728 5400 1826 5450 Sa—

230 5503 412 5543 tame.
432 5510 446 5536 ι

315 5583 552 5640 Videtur
619 5581 838 5649 quidem
908 5595 1134 5650 magnus
1187 5581 1275 5635 hic
1339 5581 1497 5637 Pater
1559 5583 1828 5638 aﬂirmare

231 5675 534 5729 contraria
591 5675 750 5727 dictis
817 5676 970 5743 prius
1027 5690 1262 5745 memora
1369 5676 1547 5730 Patris
1613 5677 1827 5730 abbatis

313 5857 335 5885 '
364 5853 561 5906 Mal“).
601 5870 647 5912 ν,
688 5853 781 5908 28.

1933 3304 2282 3369 corruptione
2334 3317 2563 3368 corpora
2622 3313 2843 3355 nostra:
2894 3304 3088 3368 quaerit
3118 3313 3300 3359 autem
3359 3319 3490 3371 prae-

1931 3401 2078 3444 terea
2136 3395 2431 3461 puritatem
2499 3395 2722 3462 spiritus
2777 3402 2832 3447 et
2885 3393 3174 3446 aﬂ'ectuuin
3240 3395 3497 3447 volunta-

1933 3486 2024 3537 tis.
2063 3482 2292 3552 thuod
2325 3485 2377 3536 in
2406 3485 2505 3538 hac
2541 3493 2694 3553 parte
2739 3485 3002 3552 prxcipit,
3055 3499 3117 3538 cx
3170 3485 3494 3553 EVangelica

1933 3577 2095 3629 trahit
2115 3577 2250 3644 lege.

2571 3670 2847 3724 lliadorhi.

2009 3761 2140 3828 «Qui
2180 3762 2390 3815 habitat
2442 3762 2500 3814 in
2530 3777 2630 3815 suo
2660 3765 2850 3826 corde,
2903 3765 3044 3818 intra
3097 3765 3229 3820 illud
3284 3767 3500 3835 Penitus

1935 3853 2276 3921 immigranti,
2304 3854 2684 3923 peregrinatur
2709 3863 2759 3906 et
2813 3856 2974 3921 longe
3015 3855 3323 3926 disjunctus
3368 3858 3500 3909 vivit

1934 3947 2002 3998 ab
2023 3947 2277 4000 omnibus
2335 3948 2388 3999 in
2423 3948 2528 3998 vita
2575 3946 2862 4014 speciosis.
2915 3946 3121 4014 Spiritu
3183 3949 3323 4002 enim
3387 3964 3500 4001 am-

1934 4037 2152 4102 bulans,
2181 4038 2365 4092 carnis
2392 4037 2659 4090 desideria
2710 4052 2872 4090 nosse
2915 4052 3021 4089 non
3069 4046 3267 4105 potest.
3298 4040 3368 4092 De
3398 4055 3500 4094 cm-

1936 4139 2051 4183 tero
2105 4131 2307 4199 quippe
2368 4130 2510 4182 intra
2565 4128 2989 4181 munitissimam
3050 4131 3502 4196 inacccssamque

1934 4219 2104 4282 vitiis,
2137 4220 2397 4272 virtutum
2460 4232 2641 4270 arcem
2693 4217 3092 4271 ambulationes
3144 4233 3274 4271 suas
3317 4218 3446 4270 iacit
3484 4232 3499 4267 :

1934 4311 2163 4363 virtutes
2212 4312 2359 4376 ipsas
2413 4311 2646 4362 lnvictas
2702 4309 2957 4360 custodes
3020 4323 3130 4375 pra:
3177 4323 3236 4362 se
3296 4307 3504 4362 Ital-ens

1937 4402 2091 4468 quasi
2121 4401 2269 4454 urbis
2316 4400 2600 4468 cujusdam
2655 4413 2766 4452 suae
2806 4398 3098 4464 pudicitiae.
3146 4399 3328 4465 Quare
3382 4417 3500 4453 tua-

1938 4487 2111 4546 China:
2141 4491 2448 4543 daemonum
2483 4491 2638 4544 istam
2671 4491 2863 4544 urbem
2915 4490 3367 4560 oppugnantium,
3407 4507 3501 4547 va—

1861 4553 1913 4612 Β
1941 4599 2019 4634 ita:
2054 4583 2328 4649 irrita-que
2357 4581 2506 4632 fiunt.
2528 4599 2544 4629 ι

2006 4671 2168 4725 Recte
2201 4674 2334 4724 dicit
2363 4672 2449 4723 hic
2484 4677 2711 4724 sanctus
2772 4669 2966 4723 eﬂ'ectu
3039 4684 3225 4724 cassas
3285 4687 3503 4726 manere

1937 4764 2173 4816 hostium
2244 4777 2346 4820 nos
2401 4761 2837 4830 Oppugnautium
2902 4761 3210 4820 machinas,
3286 4767 3506 4830 quando

1935 4869 2035 4906 nos
2068 4853 2275 4907 scilicet
2327 4853 2379 4904 in
2434 4853 2700 4919 profundo
2731 4851 2933 4915 cordis
2969 4853 3142 4904 nostri
3194 4852 3504 4904 habitamus

1935 4947 2125 4999 attenti
2164 4959 2228 4997 ac
2262 4945 2448 5011 vigiles
2479 4945 2526 4996 ei
2560 4943 2903 4996 defendendo
2934 4961 2948 4996 :
2982 4946 3143 5011 idque
3191 4953 3339 4996 tanto
3384 4960 3505 5010 per-

1934 5038 2134 5092 fectius
2168 5038 2527 5102 sccnriusquc
2584 5037 2921 5103 perticimus,
2961 5045 3166 5103 quanto
3216 5035 3420 5087 diutius
3451 5044 3504 5086 i-t

1933 5128 2375 5196 perseverantius
2402 5127 2452 5177 iu
2487 5125 2578 5177 tali
2614 5126 2874 5190 statione,
2929 5142 3054 5178 curn
3091 5141 3153 5179 ea
3208 5142 3330 5192 qua:
3360 5127 3500 5178 dicta

1933 5231 2034 5281 est.
2059 5221 2271 5274 obnixae
2291 5217 2510 5271 virtutis
2534 5217 2858 5279 acrimonia,
2888 5223 3275 5284 perduramus.
3305 5215 3499 5269 Verum

1935 5325 2148 5381 tempus
2175 5326 2259 5363 me
2301 5311 2558 5364 deliceret
2591 5310 2634 5360 si
2671 5309 2860 5362 vellem
2896 5309 2999 5361 hac
3049 5309 3368 5360 narratione
3414 5321 3502 5359 re-

1931 5420 2155 5459 censere
2184 5405 2248 5456 ad
2278 5403 2434 5456 tidem
2458 5402 2603 5454 dicto
2631 5415 2750 5452 ineo
2772 5400 3121 5453 astruendatn
3146 5409 3338 5452 cuncta
3376 5415 3504 5450 san-

1931 5508 2144 5550 ctorum
2165 5496 2384 5548 Patrum
2399 5510 2518 5560 qua:
2541 5496 2646 5544 hnc
2666 5495 2958 5560 pertinent,
2979 5493 3142 5544 dicta.
3166 5491 3370 5558 Itaque,
3393 5505 3502 5541 uno

1934 5601 2144 5642 tantum
2193 5587 2370 5641 adhuc
2413 5599 2465 5640 et
2518 5588 2692 5638 alti-ro
2745 5597 3069 5649 memorato,
3107 5584 3266 5636 linem
3303 5581 3499 5636 iaciam

1934 5681 2148 5734 dicendi
2174 5721 2188 5735 .
