4234 6446
729 404 837 469 975
2005 401 2363 461 IdAXlMUS
2397 400 2833 460 TLANUDES.
3887 407 3992 469 976

824 524 910 578 17.
965 521 1085 576 Vita
1114 520 1324 576 Arrenii
1349 519 1668 590 patriarcltw
1696 517 1856 574 Cl’ol.
1887 535 1914 573 a
1941 519 2058 576 Nic.
2091 521 2392 585 Comneno,
2418 538 2539 591 pag.
2579 523 2666 578 74.

816 612 904 667 18.
947 611 1074 666 Tria
1104 611 1487 680 epigrammata
1524 608 1782 662 historica
1816 610 1870 662 in
1928 610 2179 674 templum
2226 609 2286 663 S.
2322 611 2546 664 Andreae
2593 611 2938 666 confessoris
2975 612 3279 680 imaginum
3343 625 3374 664 a
3411 609 3696 666 Tlieodora
3736 613 3990 684 Angusta

753 704 1144 764 instauratum,
1169 712 1290 767 qua:
1325 696 1513 751 Graece
1540 696 1711 750 edidit
1739 697 1974 768 Gangius
1993 701 2057 752 ad
2093 697 2385 764 Zonaram,
2415 716 2467 768 p.
2501 699 2570 753 55
2591 714 2732 768 seq.,
2760 707 2814 753 et
2849 699 3158 753 emendavit
3185 697 3240 753 Ι.
3279 698 3538 754 Boivinus
3563 701 3710 757 notis
3735 702 3802 756 ad
3831 702 3996 757 Nice-

735 797 965 864 phorum
997 789 1322 857 Gregoram,
1355 802 1408 857 p.
1437 786 1563 841 854.
1596 785 1670 841 De
1702 788 1904 856 templo
1934 790 2028 842 illo
2055 789 2194 842 idem
2224 788 2487 857 Gangius,
2523 787 2620 842 lib.
2653 802 2701 839 iv
2735 786 2928 841 CPolis
2965 785 3312 849 Christianae,
3348 803 3401 856 p.
3440 789 3567 842 112.

808 881 897 934 19.
932 877 1095 931 Aliud
1135 879 1187 928 in
1214 876 1464 941 templum
1500 873 1603 929 8S.
1636 876 1903 929 Marciani
1929 887 1977 930 et
2017 877 2288 946 Martyrii.
2327 877 2573 947 Cangius
2606 876 2672 930 ad
2714 876 3005 940 Zonaram,
3053 890 3174 945 pag.
3218 876 3307 931 44.
3353 874 3572 947 (ιηἰιὺν.)
3606 874 3814 933 Versus
3850 879 3991 934 varii

731 981 784 1025 ct
815 965 1248 1040 prccatiuncula,
1281 965 1460 1018 Paris.
1497 966 1548 1018 in
1598 966 1732 1021 bibl.
1763 967 1910 1032 pubi.
1938 968 2062 1020 cod.
2091 967 2251 1031 1211,
2285 983 2338 1021 ri.
2370 966 2424 1019 6.
2448 993 2517 1005 —-
2564 964 2779 1019 Monac.
2814 967 2866 1018 in
2895 965 3019 1019 cod.
3081 964 3277 1017 Bavar.
3311 964 3401 1018 49.
3440 965 3664 1030 Versus,
3729 969 3994 1036 hymnum

735 1060 1001 1114 habentes
1031 1056 1260 1112 secundi
1294 1053 1597 1109 adventus:
1633 1053 1692 1108 in
1728 1054 2050 1121 Christum;
2093 1056 2145 1109 in
2199 1055 2553 1125 supplicium,
2595 1065 2650 1109 et
2681 1055 2734 1107 in
2768 1069 2962 1108 omnes
2991 1054 3138 1117 SS.;
3169 1065 3283 1107 tum
3320 1070 3514 1109 versus
3548 1055 3639 1120 2|,
3689 1057 3741 1110 in
3793 1058 3994 1113 huma-

734 1164 863 1201 num
899 1147 1190 1215 quemdam
1227 1144 1463 1198 nobilem
1496 1144 1758 1214 elcgiaci;
1787 1144 1913 1198 dein
1946 1160 2145 1200 versus
2183 1146 2236 1198 in
2281 1157 2526 1202 crucem,
2570 1157 2735 1210 quam
2773 1143 2918 1207 tulit,
2959 1150 3013 1196 et
3057 1142 3106 1194 in
3134 1142 3454 1195 relixionem
3489 1152 3651 1212 atque
3683 1144 3735 1196 in
3769 1143 3826 1198 S.
3882 1145 3996 1198 Ma-

731 1236 904 1300 riam;
935 1249 1097 1304 porro
1125 1248 1317 1288 versus
1345 1232 1825 1300 heroico-clegiaci
1870 1232 1922 1284 in
1954 1240 2171 1300 portam
2209 1230 2557 1294 monasterii;
2605 1230 2696 1283 alii
2730 1244 2954 1295 versus;
2995 1229 3234 1299 denique
3281 1246 3475 1284 versus
3515 1245 3612 1284 sex
3670 1233 3722 1284 in
3760 1235 3992 1286 Annon-

732 1317 1700 1389 tiationemangelicam,totidemin
1742 1319 2221 1372 Itesurrectionem
2259 1326 2314 1372 et
2365 1329 2600 1388 quatuor
2631 1318 2682 1371 in
2718 1317 2776 1372 S.
2833 1317 3291 1372 Constantinum.
3346 1317 3590 1372 Plurima
3656 1320 3747 1374 illa
3801 1323 3994 1375 brevia

729 1415 974 1465 carmina
1014 1407 1110 1463 Gr.
1146 1408 1322 1462 edidit
1348 1407 1449 1461 cel.
1481 1405 1669 1458 llardt.
1706 1405 1760 1458 in
1800 1407 1998 1458 Aretini
2027 1404 2343 1474 Beytiagen,
2383 1416 2488 1462 etc.
2532 1422 2583 1461 a.
2619 1406 2784 1470 1805,
2843 1417 2985 1476 part.
3024 1423 3097 1472 γι,
3142 1422 3194 1475 p.
3223 1408 3313 1473 58,
3342 1409 3410 1461 45
3441 1423 3554 1474 seq.
3594 1437 3664 1445 —
3697 1407 3908 1461 Matriti
3939 1410 3994 1463 in

733 1502 856 1554 cod.
885 1499 1034 1568 regio
1065 1496 1153 1560 72,
1179 1496 1319 1550 Laus
1347 1493 1627 1548 Ptoleiuzei
1661 1493 1987 1564 geographi,
2015 1508 2208 1548 versus
2235 1493 2437 1546 heroici
2468 1492 2563 1556 47,
2598 1509 2737 1561 quos
2779 1507 2833 1548 et
2863 1509 2980 1563 seq.
3013 1493 3304 1548 tristichon
3334 1497 3551 1547 hexani.
3585 1496 3636 1547 in
3670 1496 3858 1550 euind.
3893 1495 3990 1551 Gr.

730 1587 1028 1656 publicavit
1065 1584 1240 1639 lriart.
1299 1584 1352 1637 in
1386 1582 1504 1639 Cat.
1536 1585 1697 1637 codd.
1759 1582 1939 1640 Graec.
1978 1582 2179 1636 Matrit.
2235 1596 2287 1650 p.
2319 1581 2445 1648 265,
2493 1583 2622 1636 ibid.
2657 1599 2827 1637 carni.
2882 1585 2935 1638 in
2970 1586 3230 1648 nobilem,
3270 1594 3376 1639 etc.
3411 1583 3699 1640 Florentia:
3745 1588 3800 1640 in
3862 1589 3989 1642 cod.

739 1678 1000 1730 Lauri-nt.
1036 1676 1088 1736 7,
1115 1689 1171 1726 ιι.
1208 1671 1294 1735 15,
1330 1671 1466 1740 plut.
1488 1671 1575 1724 55.
1607 1668 1905 1723 Sententiae
1933 1680 1988 1724 et
2013 1670 2407 1738 epigrammata
2430 1677 2784 1724 externorum
2835 1671 3167 1740 sapientum,
3209 1687 3275 1726 ex
3319 1671 3386 1727 iis
3430 1687 3553 1740 qua:
3596 1673 3824 1728 collecta
3861 1685 3994 1729 sunt

728 1780 757 1817 a
791 1763 933 1816 Max.
980 1761 1246 1821 Planude,
1281 1775 1405 1813 cum
1433 1760 1660 1812 scholiis
1693 1769 1745 1811 et
1774 1759 1974 1826 glossis
2003 1757 2348 1814 interlinear.
2387 1757 2453 1810 de
2483 1771 2592 1826 quo
2623 1757 2824 1812 multus
2856 1768 2939 1813 est
2972 1755 3204 1812 Bandin.
3243 1759 3280 1813 1.
3315 1773 3368 1814 c.
3401 1759 3467 1826 ll,
3505 1775 3558 1829 p.
3593 1760 3720 1815 256.
3745 1791 3815 1802 —-
3850 1764 3988 1818 lhid.

729 1866 787 1921 p.
821 1851 926 1904 568
958 1865 1074 1918 seq.
1114 1848 1522 1917 Epigrammata
1579 1847 1687 1898 duo
1733 1846 1984 1910 moralia,
2019 1860 2075 1897 ιι.
2121 1843 2175 1908 7,
2217 1843 2344 1898 cod.
2372 1844 2464 1909 24,
2492 1845 2630 1914 plut.
2665 1845 2768 1910 57;
2820 1875 2894 1886 —
2921 1864 2975 1901 ιι.
3009 1847 3097 1913 14,
3132 1847 3521 1904 Tetrastichon
3558 1851 3872 1920 elegiacum
3933 1853 3990 1906 in

731 1953 1056 2002 novercam;
1100 1965 1159 1974 —
1183 1955 1236 1988 ιι.
1276 1935 1364 2000 15,
1400 1932 1525 1986 Vita
1557 1935 1616 1988 S.
1650 1932 1833 1986 Maria:
1858 1932 2218 2003 :Egyptiacae,
2250 1932 2500 1988 versibus
2527 1934 2764 1989 heroicis
2821 1934 2890 1987 20
2919 1936 3254 2005 conscripta.
3283 1965 3352 1976 -—
3403 1953 3454 1991 ιι.
3503 1938 3569 1993 16
3600 1947 3654 1992 et
3686 1939 3776 2003 17,
3806 1941 3987 2008 ejusd.

728 2027 871 2080 forte
907 2025 1168 2078 l'lanudis
1201 2024 1309 2076 duo
1343 2021 1747 2091 Epigrammata
1784 2021 2018 2074 iambica
2068 2018 2465 2089 anepigrapha,
2516 2021 2752 2075 alterum
2787 2023 3039 2077 versibus
3073 2025 3161 2088 12,
3199 2026 3432 2080 alterum
3487 2027 3740 2081 versibus
3775 2028 3864 2081 15.
3913 2058 3988 2070 —

731 2115 933 2171 Versus
967 2113 1172 2168 heroici
1202 2112 1258 2164 in
1295 2109 1697 2178 GeOgrapliiam
1729 2107 2028 2172 Ptolemaei,
2055 2108 2106 2160 in
2143 2107 2266 2162 cod.
2297 2107 2526 2161 Coislin.
2561 2108 2691 2163 555.
2725 2108 2792 2164 V.
2827 2109 3124 2165 Moutlauc.
3160 2111 3304 2164 Bibl.
3357 2111 3524 2168 Coisl.
3564 2128 3619 2181 p.
3652 2115 3778 2170 520.
3817 2114 3989 2170 iidem

733 2213 789 2258 et
817 2203 907 2256 alii
943 2203 995 2254 in
1025 2201 1153 2256 cod.
1182 2198 1392 2252 Monac.
1427 2198 1620 2250 Bavar.
1662 2196 1724 2250 G.
1755 2194 1814 2249 V.
1849 2193 2019 2248 llardt
2050 2196 2088 2249 l.
2126 2209 2177 2250 c.
2207 2211 2258 2249 a.
2297 2193 2454 2258 1804,
2495 2207 2634 2262 part.
2666 2196 2720 2258 6,
2758 2212 2811 2266 p.
2849 2198 2942 2260 29,
2992 2200 3082 2252 ubi
3123 2199 3367 2260 ωιηυιλι,
3405 2202 3525 2256 mos
3581 2217 3771 2256 Versus
3825 2204 3969 2258 “150

726 2291 952 2345 attribui
1009 2287 1240 2342 Matiueli
1279 2285 1658 2354 Moschopulo,
1696 2293 1752 2338 et
1785 2284 1882 2338 Cr.
1914 2283 2189 2354 prodiisse
2239 2283 2294 2336 in
2327 2283 2507 2338 lriart.
2537 2284 2655 2340 Cat.
2691 2285 2752 2354 (1.
2781 2290 2879 2352 c.),
2934 2296 3045 2341 tres
3092 2299 3273 2341 autem
3310 2289 3532 2345 ultimos
3564 2291 3726 2344 etiam
3783 2292 3841 2345 in
3889 2293 3982 2347 ed.

727 2378 1046 2434 Basileensi.
1085 2375 1292 2445 Uiuri.)

795 2462 885 2523 20.
912 2463 1204 2519 Enarratio
1229 2462 1294 2514 de
1327 2460 1618 2514 Dominicis
1645 2460 1958 2512 tliematibus
1989 2457 2401 2526 Hierosolymis.
2434 2458 2682 2514 Meminit
2707 2459 2991 2517 Gesucrus
3019 2463 3074 2516 iit
3100 2464 3233 2518 biLl.

793 2582 883 2636 21,
917 2579 1174 2647 Epistolas
1206 2576 1306 2630 122
1351 2590 1482 2628 mss.
1510 2578 1562 2628 in
1596 2575 1724 2630 bibl.
1753 2575 2025 2641 Cwsarea,
2047 2591 2150 2627 una
2174 2588 2298 2627 cum
2328 2572 2445 2641 ejus
2503 2573 2743 2629 liomiliis
2779 2591 2941 2643 supra
2979 2580 3299 2633 memoratis
3329 2579 3381 2632 in
3415 2578 3635 2635 Petrum
3665 2591 3718 2635 ct
3747 2581 3982 2636 Paulum

725 2671 1032 2742 apostolos,
1075 2675 1484 2735 martyrcmquc
1519 2662 1856 2717 Diomedem.
1899 2662 2030 2716 Vide
2063 2661 2412 2716 Lambecium
2445 2658 2538 2723 ιν,
2574 2679 2626 2731 p.
2672 2661 2776 2729 56;
2816 2661 3123 2719 Nesselium
3181 2666 3267 2730 IV,
3309 2685 3359 2733 p.
3412 2669 3534 2722 158.
3570 2668 3788 2739 (Fabr.)
3822 2669 3984 2723 Lam-

725 2763 845 2816 bec.
878 2756 966 2825 IV,
1001 2773 1054 2827 p.
1088 2755 1212 2818 122,
1248 2753 1373 2818 124,
1403 2752 1491 2806 ed.
1525 2749 1735 2804 Kollar.
1771 2750 1859 2804 ubi
1895 2750 2020 2804 cod.
2045 2749 2358 2819 quemdam,
2387 2749 2479 2816 qui
2516 2749 2568 2800 in
2603 2749 2735 2802 bibl.
2762 2747 2997 2805 Viudob.
3025 2755 3358 2818 custoditur,
3394 2757 3602 2821 laudat,
3642 2759 3770 2811 etin
3807 2770 3936 2810 nota
3966 2775 3979 2811 :

731 2867 750 2901 ι
794 2849 999 2909 Prima,
1029 2844 1226 2912 inquit,
1252 2842 1467 2893 illarum
1497 2847 1716 2893 centum
1749 2839 1939 2905 viginti
1975 2837 2210 2891 duarum
2241 2836 2607 2904 Epistolarum
2653 2838 2862 2906 scripta
2885 2846 2968 2892 est
3013 2840 3080 2892 ad
3116 2842 3246 2908 imp.
3279 2841 3545 2897 Joannem
3586 2842 3980 2913 Palzeologuiu,

727 2940 860 3005 imp.
889 2932 1189 2989 Andronici
1219 2930 1466 2984 iunioris
1491 2931 1681 2988 lilium,
1718 2927 1813 2997 qui
1835 2927 2001 2996 cmpit
2033 2927 2307 2996 imperare
2340 2939 2470 2981 ann.
2517 2926 2677 2991 1547,
2713 2935 2766 2979 et
2799 2941 2928 2979 ann.
2973 2925 3113 2982 1584
3177 2932 3349 2996 obiit;
3402 2936 3644 2987 secunda
3677 2942 3865 2986 autem
3913 2936 3982 2988 ad

729 3025 1053 3082 Maiiuelein,
1085 3024 1306 3074 lratreni
1336 3017 1622 3071 memorati
1644 3013 1874 3070 Joannis
1908 3025 2042 3069 natu
2088 3015 2380 3068 minorem.
2420 3032 2440 3066 ι
2476 3013 2643 3067 —ld.
2678 3018 2729 3066 in
2755 3015 2858 3068 vol.
2890 3013 3004 3080 Vll,
3039 3033 3092 3085 p.
3125 3018 3251 3081 524,
3285 3035 3344 3073 ιι.
3381 3022 3432 3085 5,
3468 3024 3593 3075 cod.
3633 3021 3758 3085 125,
3790 3023 3983 3092 inquo

727 3121 908 3168 exstat
939 3108 1198 3164 Planudis
1232 3105 1496 3176 Epistula,
1527 3104 1688 3172 cujus
1721 3103 2052 3173 principium
2085 3112 2204 3156 cst:
2257 3103 2399 3171 ‘Eplj;

2307 3103 2501 3171 ιρήμην
2533 3102 2662 3153 ποτὲ
2705 3103 3152 3168 καταδικασθείς.
3191 3105 3279 3174 (ιτ.
3315 3125 3370 3160 ιι.
3401 3109 3517 3175 55.)
3551 3140 3620 3152 —
3678 3113 3979 3166 Elenclium

730 3219 778 3259 s.
804 3202 1042 3255 indicem
1080 3197 1446 3265 Epistolarum
1475 3191 1762 3258 Planudis,
1788 3203 2010 3248 centum
2040 3200 2093 3248 et
2124 3193 2337 3261 viginti,
2371 3193 2450 3245 uti
2489 3193 2543 3244 in
2572 3192 2763 3245 codice
2787 3191 3042 3247 Geesareo
3065 3196 3375 3257 exhibetur,
3419 3200 3659 3254 Uorville
3683 3201 3737 3255 in
3766 3201 3983 3255 tumet-

723 3295 834 3346 tan.
872 3292 1146 3344 observat.
1177 3286 1230 3339 in
1256 3297 1530 3350 auctores,
1565 3295 1698 3351 etc.,
1735 3283 1841 3340 vol.
1877 3282 1942 3336 Il.
1979 3293 2111 3337 tom.
2142 3283 2232 3346 111,
2260 3281 2487 3335 Amstel.
2515 3279 2675 3342 1755,
2725 3282 2781 3344 8,
2821 3295 2876 3349 p.
2909 3281 3014 3335 448
3048 3297 3166 3354 seq.
3224 3285 3418 3348 edidit,
3453 3301 3502 3340 et
3537 3303 3589 3356 p.
3625 3289 3730 3344 446
3761 3306 3880 3360 seq.
3916 3307 3982 3345 ex

729 3381 820 3434 illo
847 3379 971 3433 cod.
1015 3377 1301 3446 epistolam
1333 3375 1578 3443 quintam
1625 3382 1679 3427 et
1723 3372 2110 3442 octogesiuiam
2154 3371 2414 3425 Planudis
2449 3369 2516 3422 ad
2561 3368 2861 3423 Manucleni
2914 3369 3126 3435 Philcn,
3164 3374 3348 3427 Graece
3389 3391 3514 3428 cum
3554 3378 3672 3430 Lat.
3725 3381 3982 3435 versione

730 3465 1024 3535 cVulgavit.
1055 3493 1124 3503 -—
1157 3462 1393 3522 Mouaci,
1425 3461 1478 3513 in
1506 3459 1630 3513 cod.
1664 3458 1856 3513 Bavar.
1893 3461 1984 3525 50,
2016 3469 2145 3514 sunt
2170 3460 2271 3514 118
2303 3459 2544 3528 cpislola:
2571 3459 2636 3510 ad
2677 3458 2964 3514 diversos:
2998 3462 3093 3516 sed
3126 3462 3170 3514 si
3201 3477 3452 3518 versuss.
3474 3469 3717 3520 carmina
3745 3469 3980 3536 inserta,

725 3567 778 3609 et
802 3571 830 3607 a
862 3570 949 3607 me
979 3552 1049 3605 ad
1078 3567 1132 3604 ιι.
1168 3551 1233 3602 10
1269 3550 1456 3612 relata,
1491 3549 1654 3601 etiam
1689 3547 1934 3615 epistolae
1971 3548 2253 3611 habentur,
2288 3546 2390 3598 122
2427 3546 2666 3615 epistola
2701 3549 2981 3602 numerari
3027 3562 3274 3618 possunt.
3316 3553 3663 3622 Singularum
3697 3572 3824 3611 vero
3859 3563 3978 3626 epi-

727 3645 991 3699 stularum
1026 3637 1242 3691 1ιι1ι1ιιιιι
1280 3645 1334 3688 et
1366 3635 1548 3700 linem,
1583 3646 1633 3689 et
1669 3636 1888 3688 nomina
1917 3650 2131 3702 eorum,
2157 3638 2222 3687 ad
2265 3649 2406 3703 quos
2435 3646 2651 3702 Scripta:
2678 3645 2826 3701 sunt,
2859 3637 2965 3689 nisi
2996 3652 3192 3691 nomen
3225 3654 3450 3694 exesum
3486 3652 3590 3708 est,
3628 3644 3854 3700 uberius
3896 3662 3982 3700 re-

727 3740 910 3801 posuit
947 3726 1139 3788 ilardt,
1173 3726 1227 3776 iii
1251 3722 1456 3777 Aretini
1489 3721 1810 3791 Begtrc’igen,
1843 3731 1977 3784 etc.,
2008 3737 2136 3775 ann.
2175 3720 2333 3784 1805,
2363 3730 2505 3790 part.
2543 3737 2616 3774 vi.
2650 3738 2702 3789 p.
2728 3723 2914 3777 27-45.
2958 3753 3028 3762 -—
3065 3726 3265 3779 Matriti
3299 3727 3352 3780 iu
3388 3729 3509 3784 cod.
3559 3729 3692 3801 Heg.
3737 3733 3828 3797 72,
3878 3735 3983 3789 114

729 3834 856 3886 seq.
895 3817 1142 3868 ιιιιι1ιτοιιιι
1176 3809 1438 3864 Planudis
1478 3809 1740 3878 epistolaz,
1774 3804 1910 3878 quas
1939 3820 2183 3864 recenset
2216 3809 2410 3866 lriarte
2448 3813 2500 3865 in
2529 3815 2648 3866 Cat.
2684 3814 2850 3868 codd.
2885 3812 2981 3867 Gr.
3030 3815 3234 3870 Matrit.
3272 3833 3327 3886 p.
3361 3820 3490 3872 260.
3523 3849 3593 3857 --
3642 3821 3874 3878 Taurini
3925 3829 3980 3879 in

725 3905 856 3961 bibl.
890 3919 1001 3972 rcg.
1030 3903 1155 3956 cod.
1193 3899 1297 3953 554
1329 3898 1518 3966 viginti
1555 3898 1814 3951 l’lanudre
1841 3898 2114 3966 epistolae.
2164 3895 2226 3950 V.
2257 3899 2376 3952 L‘at.
2420 3901 2581 3952 codd.
2615 3899 2710 3953 Gr.
2748 3899 2918 3954 Taur.
2949 3918 3001 3970 p.
3043 3902 3168 3956 482.
3194 3933 3262 3943 —-
3290 3903 3534 3960 Floreut.
3571 3912 3622 3961 in
3651 3913 3774 3964 ουα,
3837 3914 3981 3967 Mm.

727 3995 988 4047 Laurent.
1023 3991 1110 4052 16,
1149 4005 1205 4043 ιι.
1243 3986 1331 4052 16,
1360 3989 1498 4054 plut.
1527 3985 1618 4049 52,
1646 3986 2005 4060 exti’lanudaa
2033 3989 2282 4055 epistolis
2303 4001 2399 4040 exc

2308 3998 2590 4052 excerpta;
2636 3991 2686 4039 in
2714 3991 2836 4041 cod.
2868 3989 2925 4054 5,
2974 4006 3029 4043 ιι.
3063 3991 3154 4057 22,
3195 3994 3331 4061 plut.
3357 3994 3445 4060 56,
3492 3999 3737 4065 epistola:
3775 3999 3870 4067 25,
3925 4019 3980 4055 n.

623 4121 625 4124 .
718 4088 755 4136 'a
790 4097 931 4135 nona
964 4096 1139 4148 usque
1171 4078 1239 4132 ad
1279 4077 1609 4131 tricesimam
1642 4076 1907 4144 primam;
1936 4077 1986 4128 in
2047 4077 2171 4131 cod.
2198 4076 2289 4142 22,
2323 4093 2378 4128 ιι.
2423 4075 2474 4140 1,
2500 4078 2635 4144 plut.
2676 4075 2764 4139 56,
2801 4076 2855 4128 in
2893 4092 3003 4145 quo
3051 4089 3182 4132 sunt
3217 4081 3309 4134 121
3342 4088 3602 4151 epistola:
3646 4084 3706 4141 ν,
3743 4088 3979 4144 uanum,

728 4172 844 4225 Cat.
877 4171 1036 4222 codd.
1075 4166 1168 4220 Gr.
1206 4164 1370 4218 Laur.
1398 4163 1463 4226 ll,
1492 4177 1543 4231 p.
1584 4161 1709 4227 142,
1741 4162 1869 4226 209,
1899 4163 2173 4232 inprimis
2207 4181 2263 4235 p.
2290 4163 2393 4219 520
2425 4178 2566 4229 seq.,
2601 4165 2687 4217 ubi
2726 4167 2816 4218 ille
2865 4168 3101 4234 primum
3151 4170 3308 4224 initia
3343 4176 3712 4242 singularum,
3753 4191 3981 4233 servato

724 4262 941 4321 ordine,
975 4269 1084 4324 quo
1116 4253 1306 4321 positae
1341 4260 1468 4305 sunt
1498 4253 1550 4303 in
1581 4252 1686 4303 isto
1715 4252 1837 4304 cod.
1861 4249 1986 4303 dein
2023 4267 2116 4320 per
2149 4254 2501 4320 alphabetum
2527 4253 2734 4319 digesta
2761 4255 3028 4322 principia
3071 4257 3342 4310 exhibuit.
3369 4285 3435 4298 —-
3459 4259 3598 4313 ibid.
3638 4263 3692 4314 in
3726 4269 3849 4316 cod.
3882 4266 3976 4331 50,

731 4364 785 4400 η,
820 4346 872 4407 (5,
901 4345 1034 4412 plut.
1070 4343 1162 4404 59,
1203 4339 1466 4393 Planudis
1496 4338 1727 4407 cpistola
1761 4340 1824 4389 ad
1853 4337 2400 4408 Phi-lanthropenum,
2425 4353 2546 4406 quae
2577 4349 2669 4402 .cst
2721 4356 2864 4393 serie
2895 4342 3270 4411 Epistolarum
3309 4363 3362 4399 ιιι
3411 4350 3536 4403 cod.
3593 4367 3826 4405 memor.
3880 4353 3975 4419 22,

725 4435 917 4487 ordine
957 4433 1025 4484 48
1064 4441 1117 4481 et
1151 4428 1541 4495 anepigrapha.
1581 4424 1643 4478 V.
1692 4425 1925 4481 Bandin;
1953 4438 1994 4478 ι.
2029 4441 2079 4479 c.
2110 4443 2163 4495 ρ.
2197 4427 2324 4481 551.
2359 4427 2573 4496 (llarl.)

798 4521 886 4572 22.
922 4517 1264 4583 Comparatio
1296 4516 1480 4567 hiemis
1521 4523 1570 4566 et
1600 4518 1734 4566 veris
1772 4513 1823 4566 ii.
1858 4504 2048 4594 eodem
2080 4517 2269 4569 codice
2292 4517 2564 4570 Caesareo.
2605 4514 2824 4586 (Fabia)
2861 4517 3072 4573 Monac.
3100 4521 3151 4574 in
3184 4523 3306 4576 cod.
3340 4523 3533 4578 BaVar.
3562 4525 3650 4583 50,
3687 4525 3745 4580 ι’.
3774 4529 3973 4594 Hardt,

729 4610 765 4661 l.
802 4622 851 4661 c.
889 4622 936 4659 a.
968 4604 1128 4668 1805,
1165 4612 1302 4671 part.
1335 4617 1404 4667 vi,
1432 4617 1484 4668 p.
1526 4599 1614 4652 47.
1657 4629 1727 4639 -
1779 4591 2067 4656 Floreiﬂis:
2127 4619 2179 4655 ιιι
2212 4607 2336 4657 eod.
2387 4604 2401 4656 1

2302 4607 2336 4656 Ι.
2387 4604 2649 4657 Laurent.
2679 4606 2766 4669 22,
2812 4623 2868 4660 ιι.
2908 4608 2966 4671 5,
2995 4611 3134 4677 plut.
3175 4612 3264 4676 56,
3305 4611 3577 4668 .Laudatio
3608 4619 3820 4669 hiemis.
3859 4591 3974 4675 Inc.

727 4691 900 4764 ὓῖμαι
936 4693 1189 4761 καὶπρὸς
1219 4692 1386 4761 μόνην
1412 4692 1511 4761 τὴν
1538 4693 1727 4760 ἀκηήν.
1763 4689 1824 4743 ν.
1856 4692 2088 4746 Bandin.
2127 4694 2164 4745 1.
2204 4708 2254 4746 c.
2287 4693 2357 4756 ιι,
2398 4755 2399 4760 η

2301 4693 2357 4756 χι,
2398 4710 2448 4762 p.
2489 4694 2616 4747 527.
2653 4723 2714 4735 -
2753 4695 2952 4750 lltemis
2995 4711 3039 4751 et
3102 4703 3233 4753 veris
3283 4707 3639 4772 comparatio,
3676 4706 3859 4762 Panis.
3917 4710 3973 4763 in

726 4786 854 4839 bibl.
893 4783 1044 4852 publ.
1077 4782 1234 4835 codd.
1264 4780 1416 4845 1187,
1458 4796 1512 4833 ιι.
1540 4780 1612 4846 5;
1652 4779 1810 4846 1658,
1842 4795 1897 4835 ιι.
1931 4783 1991 4848 7;
2020 4781 2180 4846 5010,
2214 4799 2268 4837 ιι.
2303 4781 2395 4848 25,

727 4888 785 4925 ιιι
816 4872 938 4924 cod.
975 4869 1216 4922 Cuibel'l.
1247 4866 1452 4936 (Μαι-ι.)

2303 4781 2395 4848 25,
2426 4793 2478 4838 et
2515 4801 2626 4839 sec.
2659 4788 2955 4842 Moniiaue.
2996 4788 3134 4842 Bibl.
3169 4791 3408 4846 biblioth.
3439 4810 3560 4848 mss.
3591 4811 3716 4864 pag.
3753 4798 3862 4852 925
3904 4800 3974 4869 Ε,

727 4888 785 4925 ιιι
816 4872 938 4924 cod.
975 4869 1216 4922 Cuibel'l.
1247 4869 1424 4938 (Harl.

800 4983 890 5038 25.
927 4983 996 5037 Dc
1022 4982 1277 5038 Planudis
1302 4981 1688 5047 Grarmnatica,
1719 4983 1942 5056 Dialogo
1977 4987 2039 5040 de
2068 4990 2446 5056 quwstionibus
2484 4994 2873 5058 grammaticis,
2905 4993 2996 5062 qui
3027 4995 3349 5051 inscribitur
3376 4997 3657 5066 Neap/irim
3687 5013 3738 5056 et
3773 5004 3974 5060 Palae-

727 5075 910 5138 tinius,
946 5087 1043 5126 nec
1075 5072 1285 5158 nonde
1311 5070 1534 5141 Syntaxi
1559 5075 1762 5126 dictum
1793 5087 1821 5126 ε
1853 5090 1939 5128 ine
1963 5087 2043 5130 cst
2096 5081 2300 5130 voloni.
2342 5078 2428 5144 Vl,
2459 5097 2512 5147 p.
2540 5081 2642 5134 548
2675 5079 2886 5150 [ibique
2915 5082 3078 5154 not.].
3111 5083 3523 5153 Epmterismata
3553 5091 3673 5158 ejus
3702 5107 3972 5150 memorat

727 5159 957 5252 Gesneri
982 5160 1116 5252 bibl.
1154 5155 1371 5252 (Finan)
1583 5160 2268 5252 iu_not._memor.citatis
2294 5169 2453 5222 codd.
2495 5169 2696 5222 Matriti
2748 5174 2796 5222 in
2829 5173 2954 5224 cod.
3000 5170 3130 5242 Reg.
3168 5172 3256 5239 99,
3294 5175 3552 5231 Planudaa
3583 5155 3873 5252 'Dialogus
3904 5187 3974 5240 de

728 5244 1115 5338 Giammatica,
1139 5247 1233 5338 qui
1284 5246 1602 5338 inscribitur
1637 5245 1997 5338 Neap/tranet
2032 5247 2370 5308 Palmimus.
2416 5286 2485 5295 —
2516 5257 2707 5326 Ejusd.
2746 5261 2812 5313 de
2857 5270 3074 5330 syntaiu
3129 5273 3252 5317 octo
3288 5268 3526 5333 partium
3569 5244 3864 5338 orationis,
3915 5285 3972 5330 et

727 5333 796 5386 de
817 5333 1027 5401 syntaxi
1055 5335 1340 5429 verborum
1385 5334 1802 5387 lransitivorum
1839 5347 1892 5389 et
1923 5337 2428 5396 intransitivoruin.
2465 5375 2531 5383 --—
2565 5347 2703 5400 lbid.
2738 5349 2791 5401 in
2825 5350 2950 5403 cod.
2983 5349 3071 5414 95,
3114 5349 3372 5406 l’lanuua:
3404 5356 3469 5409 de
3498 5358 3788 5414 verborum
3835 5333 3973 5435 syu.

729 5421 861 5518 taxi,
894 5420 960 5473 de
987 5419 1289 5518 ti-aiisitivis
1321 5421 1783 5518 etintransitivis,
1826 5426 2019 5480 ordine
2060 5429 2445 5500 alphabetico;
2483 5443 2592 5487 tum
2630 5437 2692 5491 de
2716 5447 3012 5507 syntaxeos
3053 5443 3367 5510 speciebus,
3429 5460 3550 5515 quae
3589 5419 3971 5518 syntaxis‘cx

729 5511 944 5579 integro
977 5519 1137 5568 insto.
1169 5521 1217 5562 s.
1249 5506 1618 5596 Grammatica
1647 5510 1788 5582 (quae
1808 5514 1969 5568 etiam
2001 5524 2178 5569 exstat
2204 5515 2449 5574 Florent.
2479 5522 2530 5574 in
2565 5525 2699 5579 bihl.
2728 5506 3046 5581 monasterii
3081 5530 3210 5584 bibl.
3239 5506 3423 5586 Maria:
3445 5506 3942 5596 bent-diuinorum

730 5609 866 5695 teste
892 5596 1186 5651 llontlaue.
1216 5597 1270 5695 in
1295 5595 1434 5695 llibl.
1461 5598 1700 5695 liibliot/i.
1736 5616 1857 5695 mss.
2126 5603 2186 5659 Β.
2241 5619 2293 5661 et
2344 5609 2396 5662 in
2431 5610 2690 5682 Ριιιωοει.
2715 5630 2798 5683 gr.
2827 5631 2877 5685 p.
2905 5614 3017 5684 70),
3047 5627 3302 5686 excerpta
3334 5583 3971 5695 ιεἰιεῖυἶξῖίῖιξξῖᾶῖὰἶ

723 5689 938 5757 plenius
970 5696 1217 5741 recenset
1244 5685 1439 5742 lriarte
1460 5689 1515 5742 in
1546 5700 1655 5744 cat.
1686 5691 1845 5745 codd.
1873 5690 1968 5745 Gr.
2011 5691 2214 5749 llatrit.
2250 5712 2302 5765 p.
2334 5699 2466 5753 587.
2498 5717 2611 5770 seq.
2645 5702 2758 5772 (ubi
2783 5718 3001 5772 quoque
3027 5705 3162 5760 alios
3187 5685 3344 5762 codd.
3378 5710 3429 5762 in
3465 5712 3589 5766 aliis
3619 5685 3970 5774 bibliothecis

726 5787 1037 5871 assert-atas
1069 5774 1296 5870 laudat),
1327 5790 1380 5871 p.
1408 5775 1511 5871 .501
1572 5786 1626 5832 et
1675 5792 1738 5871 ρ...
1762 5777 1860 5830 571
1892 5794 2012 5848 seq.
2039 5807 2107 5818 —
2143 5781 2390 5846 Venetiis
2424 5789 2475 5841 in
2533 5793 2656 5843 cod.
2697 5790 2944 5846 Naniano
2991 5793 3114 5858 504,
3166 5795 3233 5849 de
3274 5797 3560 5850 verborum
3612 5807 3858 5871 syntaxi,
3904 5812 3972 5861 de

725 5865 1028 5915 tiansnivis
1057 5873 1106 5916 et
1149 5864 1529 5930 intransitivis,
1552 5875 1662 5920 etc.
1705 5865 1764 5921 V.
1799 5878 1905 5921 cat.
1949 5871 2109 5924 codd.
2140 5871 2234 5926 Gr.
2268 5875 2405 5931 l\an.
2441 5893 2494 5947 p.
2535 5878 2638 5934 509
2665 5894 2812 5946 seq.,
2847 5895 2897 5934 ιι.
2937 5880 2991 5949 5,
3027 5881 3078 5948 6,
3112 5881 3160 5936 7.
3195 5911 3264 5920 ——
3312 5864 3969 5950 Secundum'blontlauc.
