4234 6446
727 394 834 459 983
2011 393 2292 457 ΜΑΧΙΜΙ
2340 392 2399 454 Pl

2340 392 2716 455 PLANUDB
3872 394 3977 460 1181

733 510 965 580 antiquo
996 508 1217 564 cursim
1264 508 1588 565 charactere
1631 508 1828 563 minus.
1854 510 1942 563 nlo
2001 511 2089 565 ille
2132 510 2479 574 deduxisset,
2518 512 2612 579 qui
2648 508 3099 579 Longenardicus
3141 508 3305 577 vulgo
3352 507 3577 563 dicitur.
3614 506 3720 564 Sed
3755 510 3979 567 uberior

735 599 885 653 illius
913 596 1236 665 quaesﬁonis
1273 596 1627 666 investigatio
1674 597 1834 667 longe
1883 599 2037 653 abest
2081 600 2147 652 ah
2182 601 2436 656 instituto
2470 611 2662 655 nostro
2697 621 2708 655 :
2744 611 2791 653 ct
2828 608 3072 666 prmstat,
3123 598 3391 667 quosdam
3431 599 3627 659 libros.
3677 615 3743 653 ex
3777 601 3979 669 quibus

730 685 969 754 cupidus
1007 684 1149 739 illius
1188 683 1263 739 rei
1290 685 1456 754 .plura
1516 685 1735 739 haurire
1774 686 1966 754 posit,
2015 696 2226 741 tantum
2282 691 2471 757 paucis
2509 703 2966 743 commemorare.
3006 687 3156 742 "and
3203 688 3473 741 inutiliter
3523 687 3689 753 igitur
3737 687 3979 744 Confer-ri

731 781 961 845 possunt
1016 773 1220 829 Christi
1274 773 1420 828 Guil.
1478 774 1744 838 Buttneri,
1793 773 1933 845 prof.
1993 774 2266 843 qumtdatn
2325 776 2727 847 Gottingensis,
2792 775 3429 845 Vergleichungs—Tafeln
3484 775 3578 828 der
3621 774 3980 843 Schriftarteu

726 864 1115 919 verscltietlener
1150 862 1356 930 Volker,
1406 874 1539 929 etc.,
1582 873 1726 935 part.
1774 880 1811 927 ι,
1849 865 2118 935 Gottingae
2149 874 2202 919 ct
2230 864 2420 922 Gothte
2452 867 2613 932 1771,
2650 868 2707 932 4,
2742 866 2853 919 tab.
2895 883 2952 928 ιι,
3001 866 3236 934 ejusque
3270 865 3448 919 Brevis
3486 867 3745 931 expositio
3788 866 3981 933 alpha-

726 954 959 1009 betorum
996 957 1229 1010 omnium
1264 956 1580 1025 populorum
1614 966 1661 1010 et
1694 956 2043 1025 afﬁnitatum,
2072 955 2258 1025 quibus
2279 955 2375 1008 illa
2412 956 2546 1009 inter
2583 973 2637 1009 se
2672 955 2954 1025 conjuncta
2986 963 3129 1017 sunt,
3167 954 3216 1026 ᾗ.
3239 954 3292 1013 2.
3329 957 3381 1008 in
3411 954 3550 1009 Nov.
3592 953 3973 1007 Cont'netttar.

731 1044 1025 1099 Societatis
1076 1046 1253 1113 Regia:
1296 1044 1652 1101 scientiarum
1711 1042 2111 1113 Gottingausis,
2164 1055 2297 1098 tom.
2330 1044 2443 1102 \‘ll.
2501 1043 2774 1112 Gottinga‘.
2827 1043 2985 1103 1777,
3018 1042 3070 1107 4,
3114 1058 3169 1109 p.
3222 1040 3356 1106 109;
3400 1050 3453 1095 et
3509 1040 3893 1106 lleilhronuer,
3950 1056 3978 1093 a

734 1130 981 1185 Mnrellio
1022 1133 1133 1201 jam
1184 1133 1459 1196 laudatus,
1496 1136 1585 1203 qui
1632 1150 1687 1201 p.
1738 1134 1832 1188 741
1901 1135 2179 1201 vulgarem
2214 1133 2569 1196 sententiam,
2604 1131 2899 1201 Europzros
2946 1131 3229 1199 accepisse
3270 1132 3617 1185 characteres
3657 1129 3880 1183 Indicos
3914 1130 3980 1179 ab

727 1221 1008 1289 lli~'pauis.
1048 1223 1147 1276 hos
1195 1238 1221 1274 a
1265 1223 1490 1285 Mauris,
1529 1234 1579 1273 et
1619 1224 1718 1274 ltus
1770 1222 1837 1275 ab
1882 1221 2181 1283 Arabibus,
2220 1222 2319 1274 hos
2358 1230 2541 1275 autem
2576 1236 2684 1275 non
2738 1222 2908 1290 ipsos,
2948 1221 3040 1275 scd
3092 1219 3257 1274 ludos
3308 1220 3592 1287 ligttralem
3649 1234 3979 1273 numeranut

728 1312 998 1361 ιιιιίιιιιι-ιιι
1029 1312 1391 1380 cxi-agitasse,
1424 1318 1476 1363 et
1513 1311 1615 1362 alia
1656 1325 1685 1362 a
1724 1308 1979 1365 Wallisio
2020 1308 2251 1376 prolata,
2282 1324 2381 1364 nec
2424 1326 2531 1363 non
2586 1311 2894 1364 contrarias
2943 1310 3255 1364 sententias
3306 1307 3541 1363 Wallisii
3592 1322 3655 1361 ac
3698 1307 3786 1361 Jo.
3826 1308 3979 1360 Frial.

725 1396 1013 1461 Weidlcri,
1048 1400 1139 1467 qui
1188 1401 1241 1452 in
1280 1398 1507 1453 Dissert.
1552 1400 1618 1453 de
1656 1401 1899 1453 charat-t.
1938 1413 2295 1452 numerorum
2335 1399 2649 1464 vulgaribus
2678 1407 2731 1452 ct
2757 1414 2947 1451 eorum
2980 1398 3259 1459 mtatibus,
3288 1393 3573 1463 Vitebcrg.
3626 1394 3785 1458 1727,
3833 1395 3981 1447 arbi-

722 1496 899 1541 tratur
932 1491 1282 1544 characteres
1314 1505 1695 1554 numerorum,
1730 1488 1981 1543 Arabicis
2008 1488 2241 1549 similes,
2284 1488 2395 1556 jam
2427 1487 2675 1551 Boethio,
2716 1502 2765 1539 ιι.
2798 1486 2932 1541 Chr.
2985 1486 3089 1539 521
3132 1493 3343 1539 mortuo
3380 1483 3657 1553 (adeoque
3694 1493 3822 1536 ante
3858 1483 3951 1537 Pla

724 1576 976 1645 nudent),
1026 1578 1199 1631 fuisse
1231 1578 1507 1647 cognitus.
1545 1580 1892 1645 aliorumque
1926 1578 2155 1632 uberius
2186 1576 2374 1631 refert.
2423 1576 2526 1630 Sed
2572 1578 2787 1630 illorum
2840 1576 3196 1643 aliorumque
3243 1573 3536 1641 Opiniones
3578 1574 3800 1642 copiose
3835 1574 3943 1627 reci

723 1674 915 1717 tantur
967 1675 1019 1718 et
1065 1666 1263 1732 partim
1320 1676 1711 1735 oppugnantur
1763 1666 1814 1719 in
1870 1680 2035 1734 opere
2089 1664 2353 1733 inscripto
2401 1680 2414 1717 :
2461 1663 2635 1717 Neues
2690 1662 3064 1729 Lehrgebdnde
3112 1663 3209 1715 der
3250 1661 3599 1728 Diplomatik,
3652 1661 3870 1714 welehes
3924 1663 3979 1712 in

726 1752 1052 1806 Fraultreirh
1086 1772 1183 1807 von
1228 1755 1432 1824 einigcn
1474 1754 1879 1808 Benulictinern
1921 1784 1989 1793 -ο
2030 1752 2329 1822 t'erfertiget
2376 1754 2607 1807 wordcn.
2642 1753 2750 1804 Ans
2802 1753 2913 1803 dem
2952 1749 3370 1803 Franzosisrhen
3406 1750 3687 1814 ﬁbersetzt,
3737 1760 3870 1801 toni.
3913 1748 3977 1799 γ.

613 1846 622 1857 ”
722 1842 912 1897 Erfurt
961 1844 1119 1907 1767,
1160 1845 1207 1905 ι,
1243 1845 1338 1899 lib.
1388 1862 1449 1906 ιι.
1492 1862 1612 1907 cap.
1649 1846 1699 1905 4,
1740 1855 1876 1898 sect.
1913 1844 1965 1906 9,
2003 1844 2162 1897 artic.
2192 1842 2245 1904 2,
2283 1857 2339 1911 p.
2370 1839 2436 1894 76
2472 1857 2591 1909 sqq.
2639 1840 2776 1895 Add.
2822 1838 2904 1893 Jo.
2941 1838 3259 1908 Christoph.
3299 1836 3597 1893 Gatterer's
3654 1837 3843 1892 Abriss
3881 1838 3977 1888 der

724 1931 1063 1998 IJiplomatik.
1099 1933 1348 2003 thting.
1385 1934 1544 1995 1798,
1573 1936 1624 1994 8,
1673 1952 1792 2004 pag.
1832 1934 1901 1987 ‘29
1938 1951 2056 2001 sqq.
2094 1933 2299 2003 (llarl.)

791 2020 883 2073 28.
917 2020 1313 2075 Problematum
1352 2022 1624 2081 Volunten.
1662 2032 1925 2075 tiu-morat
1956 2021 2228 2077 Gesnerus
2260 2019 2312 2073 itt
2344 2019 2477 2073 bibl.
2520 2035 2547 2069 e
2583 2018 2959 2069 Volaterrana.

788 2109 878 2163 29.
913 2109 1336 2165 Commentarios
1368 2113 1419 2164 in
1458 2111 1787 2165 thetoriram
1830 2110 2194 2179 Hermogenis.
2237 2109 2316 2164 ld.
2349 2107 2603 2163 Planudis
2654 2108 2715 2159 all
2762 2106 3151 2165 Hermogenem
3204 2104 3273 2157 tle
3307 2103 3540 2159 sta1ibus
3572 2117 3708 2156 mss.
3750 2103 3802 2156 in
3840 2103 3977 2156 bibl.

718 2198 1012 2260 Caesarea,
1040 2203 1105 2251 ad
1136 2201 1340 2253 calcem
1374 2201 1601 2254 Joannis
1630 2200 1798 2252 Siculi
1852 2200 1915 2251 ad
1966 2202 2357 2267 lierntogenem
2384 2196 2516 2264 περὶ
2556 2194 2729 2247 ἰδεῶν.
2757 2190 2972 2259 (Febr)
3012 2190 3270 2246 Planudis
3320 2190 3525 2246 scholia
3579 2190 3631 2243 in
3670 2189 3976 2260 Hermoge-

717 2302 841 2339 nem
878 2327 891 2347 ,
944 2286 1227 2341 Mediolani
1288 2290 1338 2341 in
1384 2288 1516 2344 bibl.
1549 2290 1803 2341 Ambros.
1846 2288 1901 2339 V.
1943 2288 2234 2340 Muntl‘auc.
2279 2285 2412 2339 Bibl.
2449 2284 2633 2337 blioth.
2661 2301 2784 2335 ηιμ.
2821 2298 2871 2349 p.
2900 2281 2993 2334 501
3033 2280 3093 2333 Β.
3131 2308 3197 2323 -
3230 2280 3539 2335 Rhetoricze
3580 2278 3976 2347 prolegonteua

717 2374 942 2441 incditi,
976 2374 1149 2433 Paris.
1178 2377 1229 2429 itt
1256 2377 1389 2431 bibl.
1420 2378 1565 2445 publ.
1613 2378 1734 2431 cod.
1769 2376 1931 2447 2020,
1970 2393 2019 2429 ιι.
2051 2376 2073 2428 1
2102 2394 2114 2437 ς
2155 2377 2206 2428 in
2234 2388 2343 2442 quo
2376 2373 2538 2426 etiam
2566 2378 2713 2427 sunt.
2771 2387 2823 2423 ιι.
2851 2370 2905 2429 3,
2946 2366 3301 2435 Hermogenis
3326 2370 3425 2422 Ars
3448 2369 3733 2429 rhetorica,
3769 2368 3833 2420 de
3858 2384 3983 2435 par-

718 2464 904 2515 titione
927 2474 1163 2516 statuunt
1192 2475 1240 2516 et
1263 2466 1613 2531 qumstionum
1652 2465 2035 2524 cratoriarttm,
2058 2463 2332 2531 adiunctis
2358 2458 2761 2529 ptolegmncnis
2804 2468 2969 2523 atque
3003 2459 3418 2511 commentariis
3457 2474 3472 2521 ;
3508 2472 3566 2511 ιι.
3601 2457 3655 2521 4,
3686 2455 3863 2524 ejusd.
3910 2456 3983 2513 Dc

722 2550 909 2618 formis
942 2554 1190 2605 oratoriis
1224 2554 1341 2605 libri
1379 2568 1452 2617 tv,
1504 2553 1780 2620 attinnt-tis
1813 2553 2109 2619 proli-gum.
2159 2561 2213 2603 ct
2245 2548 2681 2602 commentariis.
2720 2576 2781 2583 -η
2821 2542 2975 2596 l‘lau.
3009 2543 3327 2597 lilii-turices
3354 2544 3732 2613 prolegontena
3762 2550 3815 2595 et
3844 2539 3975 2593 llcr-

719 2646 964 2709 llltlgt'nis
1007 2642 1148 2705 libri,
1188 2641 1437 2706 Taurini,
1472 2642 1523 2695 in
1551 2643 1670 2698 «οι.
1714 2641 1840 2711 Reg.
1879 2642 1966 2695 77.
2005 2640 2063 2692 V.
2095 2640 2214 2695 Cat.
2240 2637 2399 2694 codd.
2437 2635 2531 2688 Gr.
2578 2632 2745 2686 Tanr.
2772 2650 2822 2699 ιι.
2864 2632 2983 2684 171.
3014 2661 3085 2670 —-
3110 2632 3193 2683 Au
3228 2634 3335 2685 huc
3374 2633 3537 2684 etiam
3583 2631 3859 2699 pertinent
3886 2640 3977 2682 aut

716 2729 781 2781 ad
815 2730 1020 2798 scripta
1046 2730 1382 2798 grammatic.
1426 2729 1577 2783 Plan.
1619 2728 1924 2782 [νομαίοισι
1959 2729 2164 2783 rarior?
2208 2728 2335 2783 Mss.
2399 2736 2612 2780 exstant
2661 2723 2846 2778 [ἰοιιιιε
2900 2724 2949 2775 in
2990 2723 3121 2777 bibl.
3172 2720 3349 2776 Vatic.
3387 2719 3448 2776 V.
3500 2720 3804 2789 Montfauc.
3835 2720 3979 2775 Bibl.

716 2817 956 2870 biblioth.
988 2833 1138 2871 mss.
1176 2833 1228 2883 p.
1263 2817 1362 2871 187
1392 2817 1451 2872 C.
1491 2816 1703 2886 Uiuri.)

787 2905 876 2957 30.
912 2903 977 2956 In
1013 2902 1359 2973 Theophrasti
1388 2903 1576 2959 Chara.
1599 2916 1750 2957 teres.
1787 2904 2084 2959 Gc-suerus.

790 2990 883 3044 31.
923 2990 1200 3059 Eclogam,
1237 2994 1500 3062 quomodo
1543 2991 1874 3061 appellentur
1917 2994 2175 3048 animalia
2201 3007 2311 3050 tum
2349 3000 2638 3061 terrestria,
2670 3009 2777 3051 tum
2809 2998 3091 3067 aquatilia.
3119 2996 3197 3050 ld.

791 3079 885 3134 39..
920 3079 1152 3150 Figuras
1179 3081 1242 3133 de
1267 3080 1375 3133 sole
1405 3089 1452 3133 et
1481 3080 1628 3133 luna.
1670 3080 1747 3134 Id.

796 3169 886 3222 55.
918 3170 1226 3235 Διὰγνωσιν
1258 3166 1447 3221 ὕελίων
1483 3170 1578 3221 τοῦ
1604 3169 1791 3237 οὔρου.
1823 3170 1894 3223 De
1927 3172 2161 3225 colorum
2205 3174 2259 3226 in
2311 3178 2468 3231 urinit

2311 3178 2477 3231 urinis
2508 3179 2825 3244 cognitione,
2850 3187 2897 3231 et
2929 3176 2992 3228 de
3020 3174 3276 3245 sanguine
3308 3172 3699 3242 phlebotomiaz,
3728 3170 3982 3225 carmine

722 3257 945 3327 politico
970 3273 1035 3309 cx
1068 3257 1257 3311 codice
1286 3255 1452 3326 Regio
1475 3256 1599 3317 957,
1622 3272 1755 3311 usus
1775 3268 1852 3310 est
1880 3258 2115 3329 Congius
2137 3264 2187 3314 in
2217 3262 2485 3319 Glossario
2517 3265 2721 3319 (ira-co.
2749 3266 2935 3319 Exstat
2961 3265 3122 3316 etiam
3151 3265 3202 3315 in
3230 3262 3358 3315 bibl.
3392 3260 3684 3315 Caesarea.
3716 3257 3981 3313 Lamber.

720 3346 783 3413 ν,
830 3363 948 3417 pag.
982 3348 1106 3401 218.
1154 3345 1369 3417 (Fabr.)
1424 3345 1548 3401 Sive
1600 3363 1716 3416 pag.
1758 3346 1880 3413 150,
1912 3347 2111 3402 Kullar.
2148 3366 2203 3403 ιι.
2240 3351 2292 3407 9.
2336 3369 2392 3408 co

2336 3357 2458 3408 cod.
2494 3354 2599 3407 2611
2660 3352 2771 3409 Inc.
2802 3352 2923 3404 Τῶν
2952 3351 3194 3404 ἀσθενῶν
3227 3350 3375 3402 ὑέλια
3417 3349 3557 3417 μάθε
3600 3347 3978 3416 τρισκαίδεκα.

715 3439 831 3493 lloc
863 3450 1046 3493 autem
1081 3453 1301 3493 carmen
1354 3440 1405 3491 in
1437 3438 1599 3493 codd.
1632 3438 1837 3493 Ca‘sar.
1902 3440 1995 3505 20,
2018 3458 2074 3495 ιι.
2109 3443 2166 3505 2,
2200 3442 2289 3507 12,
2317 3458 2371 3495 ιι.

2317 3458 2371 3495 ιι.
2404 3442 2461 3501 2,
2500 3442 2659 3503 c140,
2696 3458 2750 3494 ιι.
2778 3442 2830 3504 5,
2865 3450 2919 3497 ct
2950 3440 3077 3495 alibi
3103 3437 3364 3493 tribuitur
3394 3436 3699 3505 Nicephoro
3725 3435 3983 3490 Blemmi-

714 3530 819 3580 die.
864 3526 924 3580 V.
959 3526 1217 3580 Lambec.
1249 3526 1337 3590 Vl,
1378 3536 1515 3594 part.
1552 3543 1610 3587 ιι,
1641 3544 1692 3595 p.
1722 3528 1848 3590 250,
1901 3528 2007 3582 355
2062 3538 2117 3582 et
2170 3529 2276 3584 359
2309 3572 2321 3593 ,
2352 3547 2385 3583 ιι

2309 3572 2321 3593 ,
2352 3547 2407 3583 ιι.
2457 3528 2510 3583 2.
2548 3531 2688 3584 Αι1ο1.
2724 3544 2891 3598 supra
2948 3528 3012 3579 ad
3053 3527 3160 3581 vol.
3196 3524 3307 3589 Vll,
3339 3539 3465 3594 pag.
3501 3522 3608 3579 672
3656 3538 3773 3592 seq.
3838 3523 3980 3575 inl‘ta

718 3617 827 3670 vol.
862 3613 978 3675 XII.
1011 3630 1066 3669 ιι.
1098 3614 1223 3677 779,
1250 3622 1305 3668 et
1332 3616 1502 3669 ludic.
1525 3616 1589 3668 ad
1628 3626 1869 3669 nostram
1906 3618 2038 3670 bibl.
2070 3618 2165 3672 Gr.
2194 3634 2315 3677 voc.
2352 3622 2688 3692 Nicephorus
2734 3621 3077 3676 Blemmidas.
3113 3649 3183 3659 -
3224 3619 3484 3672 Planum:
3524 3624 3707 3669 tamen
3746 3618 3986 3670 ascribi-

725 3706 873 3761 bitur
906 3706 1059 3775 prius
1089 3720 1314 3759 carmen
1342 3712 1393 3759 et
1423 3713 1647 3759 vocatur
1684 3704 1759 3759 De
1807 3705 1985 3762 ttrinis
2020 3708 2263 3763 omnium
2313 3712 2626 3766 morborum
2684 3710 3077 3774 humanorum,
3127 3706 3341 3761 Monac.
3374 3707 3427 3760 in
3458 3703 3618 3760 codd.
3657 3704 3853 3757 Baur.
3889 3706 3982 3769 70,

724 3805 780 3849 et
808 3794 901 3853 72,
928 3794 1116 3847 addito
1152 3792 1219 3846 de
1253 3794 1521 3861 sanguine
1551 3794 1954 3863 phlebotomia.
1991 3796 2159 3851 Inscr.
2194 3797 2269 3851 De
2296 3799 2560 3852 coloribus
2596 3799 2765 3852 urina:
2797 3800 2850 3851 in
2879 3798 3119 3851 omnibus
3142 3795 3411 3848 hominum
3439 3793 3662 3846 morbis.
3700 3790 3757 3845 γ.
3783 3790 3980 3858 Ilartlt,

722 3885 776 3937 iu
802 3883 1007 3936 Aretini
1055 3882 1373 3952 Beytrageu,
1410 3891 1541 3943 etc.,
1567 3898 1695 3938 ann.
1733 3884 1892 3947 1804,
1928 3896 2070 3954 part.
2101 3900 2175 3953 tv,
2210 3901 2332 3956 pag.
2360 3887 2432 3939 25
2458 3898 2512 3941 et
2543 3889 2637 3942 35.
2673 3918 2740 3928 -—
2776 3885 2952 3940 Leidae
2997 3888 3049 3938 in
3084 3884 3219 3939 bibl.
3275 3884 3424 3953 publ.
3459 3882 3603 3935 inter
3648 3879 3811 3935 codd.
3846 3880 3983 3936 Vos-

723 3974 864 4027 sian.
901 3970 1162 4025 Planttdis
1222 3970 1429 4040 aliquid
1478 3970 1547 4024 de
1588 3972 1780 4027 uriuis.
1831 3971 1890 4026 γ.
1950 3973 2071 4027 Cat.
2134 3975 2267 4029 bibl.
2321 3975 2477 4031 Leid.
2528 3994 2580 4045 p.
2642 3974 2769 4042 402,
2820 3975 3007 4037 n.18;
3060 3974 3112 4027 in
3164 3971 3281 4025 Cat.
3341 3980 3522 4026 autem
3564 3983 3699 4025 mss.
3728 3968 3984 4040 Angl.ll,

722 4081 780 4117 ιι.
804 4061 967 4127 2501,
996 4061 1141 4115 inter
1166 4060 1327 4115 codd.
1367 4059 1617 4115 Vossian.
1658 4061 1979 4118 inscribitur
2010 4081 2026 4119 :
2054 4062 2208 4119 Max.
2243 4064 2402 4119 Plan.
2454 4066 2792 4131 prognostica
2839 4066 2899 4116 de
2942 4064 3130 4115 urinis.
3177 4086 3245 4098 ——-
3271 4058 3623 4127 Dijuducatio
3681 4055 3983 4111 vitrearuin

725 4153 1008 4204 nrinarum
1040 4159 1094 4203 et
1121 4148 1189 4200 de
1218 4148 1497 4203 coloribus
1525 4164 1589 4204 ac
1616 4150 1938 4204 seditnentis
1967 4152 2309 4215 earumdem,
2352 4152 2407 4207 in
2437 4152 2603 4205 catal.
2637 4168 2769 4207 mss.
2809 4150 3046 4204 Zenonis
3071 4148 3391 4203 Pistoriens.
3441 4142 3501 4198 V.
3536 4142 3708 4198 Latnii
3754 4143 3987 4199 Delicias

724 4239 920 4293 erudit.
950 4252 1077 4289 ann.
1111 4234 1269 4299 1743,
1300 4252 1351 4305 p.
1384 4236 1509 4290 107.
1543 4268 1607 4278 --
1654 4237 1890 4308 Musque
1927 4239 1979 4293 iu
2004 4239 2127 4295 cod.
2189 4242 2383 4312 synod.

2312 4242 2383 4295 nl.
2430 4241 2557 4301 349.
2595 4258 2649 4295 ιι.
2692 4240 2777 4296 57,
2836 4240 2985 4292 Plan.
3024 4238 3161 4307 Περὶ
3202 4237 3422 4290 πάντων
3450 4233 3559 4285 τῶν
3589 4233 3848 4303 αἱμάτων
3887 4236 3984 4302 τῆς

721 4327 1105 4402 φλεϐοτομίαις.
1163 4326 1289 4379 luit.
1317 4326 1471 4381 Μάοε
1496 4329 1589 4381 καὶ
1621 4327 1689 4380 τὰ
1710 4328 1941 4398 αἵματα.
1975 4330 2034 4386 ν.
2080 4328 2315 4385 Matthmi
2353 4350 2393 4386 n

1401 4328 1471 4380 ιοε
1496 4329 1589 4381 καὶ
1621 4327 1689 4380 τὰ
1710 4328 1941 4398 αἵματα.
1975 4330 2034 4386 ν.
2080 4328 2315 4385 Mattltmi
2353 4343 2469 4388 not.
2505 4334 2601 4388 cit.
2637 4351 2687 4399 p.
2720 4333 2846 4387 259.
2875 4333 3073 4400 (ιιευτι.)

796 4419 885 4473 3i.
917 4415 1245 4473 Aristotelem
1271 4422 1334 4474 de
1368 4422 1579 4477 Plantis
1614 4437 1677 4475 cx
1710 4421 1893 4492 lingua
1931 4419 2135 4476 Punica
2181 4420 2313 4487 (into
2343 4436 2409 4477 ex
2444 4423 2652 4487 Latino,
2688 4428 2987 4494 interprete
3012 4421 3085 4493 (ὁ)
3135 4419 3301 4487 Galli,
3345 4414 3535 4471 nescio
3564 4414 3749 4486 cujus,
3786 4418 3882 4488 qui
3918 4435 3983 4473 ex

718 4510 951 4563 Arabico
996 4510 1257 4579 verterat)
1298 4510 1349 4564 in
1380 4514 1623 4567 Graecam
1658 4512 1954 4566 retraxisse
1977 4509 2303 4577 Planndetu,
2329 4520 2483 4565 notat
2514 4510 2801 4565 Simlerus.

790 4618 878 4671 33.
910 4615 1163 4685 zEuigma
1191 4632 1291 4670 ms.
1328 4617 1380 4669 in
1418 4616 1548 4669 bibl.
1576 4615 1841 4679 Caesarea,
1874 4615 2037 4685 incip.
2073 4616 2289 4686 ἐρήμην
2322 4617 2452 4670 πότε

2322 4617 2452 4670 πότε
2486 4616 3027 4688 5tx1605€;,(Fabr.)
3061 4620 3113 4671 in
3137 4617 3263 4673 cod.
3285 4616 3413 4678 296.
3445 4633 3503 4671 ιι.
3536 4616 3593 4672 5.
3628 4613 3693 4669 ν.
3718 4612 3980 4671 Lambcc.

723 4707 789 4768 V,
825 4723 876 4773 p.
910 4707 1035 4765 514,
1069 4703 1217 4758 Koll.
1254 4704 1380 4757 add.
1415 4707 1479 4757 ad
1514 4722 1567 4759 ιι.
1596 4704 1688 4758 21.
1714 4702 1921 4773 (Μαι-ι.)

790 4795 880 4849 36.
913 4792 1520 4863 AdugiorumCeuturiw
1551 4805 1677 4859 tres,
1711 4811 1852 4863 sa'pe
1884 4811 1911 4846 a
1948 4794 2067 4849 Nic.
2097 4795 2376 4848 Cmnneno
2404 4796 2667 4849 citantur.

793 4884 883 4939 57.
916 4880 1225 4935 Additiones
1258 4884 1326 4933 ad
1359 4880 1731 4955 bibliothecam
1757 4882 1936 4936 Pharii
1958 4900 1975 4945 ,'
2000 4884 2070 4937 id.
2111 4901 2162 4951 p.
2202 4883 2287 4943 16,
2319 4884 2410 4946 21,
2432 4894 2539 4937 t-tc.

794 4975 883 5029 38.
920 4971 1218 5040 Philologia
1245 4972 1309 5023 de
1332 4970 1555 5025 historia
1595 4972 1809 5041 Dictyos
1840 4984 1887 5027 et
1924 4972 2109 5025 Troico
2147 4973 2316 5035 bello;
2344 4974 2416 5025 id.
2454 4987 2507 5039 p.
2543 4973 2667 5031 587,
2700 4985 2924 5038 praenot.
2952 4983 3249 5044 ntystagog.

798 5062 1132 5134 ιῦασιλικὸς,
1162 5060 1215 5113 in
1237 5058 1364 5114 cod.
1388 5059 1699 5130 Mosquensi
1726 5063 1917 5130 synod.
1944 5062 2047 5116 302
2067 5105 2080 5126 ,
2109 5080 2163 5115 ιι.
2192 5063 2277 5115 81.
2302 5061 2415 5117 Inc.
2456 5068 2470 5116 l

2307 5061 2415 5117 Inc.
2456 5066 2722 5125 Πολλάκις
2747 5084 2838 5133 μοι
2872 5065 3213 5131 λογίσασθαι.
3250 5064 3375 5120 Viti.
3408 5065 3639 5119 Matthxi
3670 5063 3849 5117 Nutit.
3886 5066 3979 5119 cit.

726 5172 778 5215 ιι.
821 5151 1033 5204 199.—
1070 5149 1209 5203 Ibid.
1242 5163 1297 5218 p.
1328 5146 1455 5214 252,
1501 5151 1556 5203 in
1588 5149 1711 5203 cod.
1763 5151 1903 5216 δςιι,
1941 5168 1993 5203 u.
2042 5152 2126 5215 tt,
2177 5153 2343 5220 intip.
2392 5173 2398 5200 ‹

2305 5172 2343 5206 ι.
2392 5168 2584 5222 opusc.
2639 5153 2911 5223 quoddam
2966 5154 3245 5221 Planudae,
3299 5153 3635 5226 Ἐρωτητέον
3685 5153 3977 5225 πρότερον.

725 5237 953 5312 (ιιιινι.)]

801 5325 1180 5398 [Ἰέχνολογίαι
1220 5328 1313 5379 καὶ
1344 5326 1630 5400 μερισμοί.
1669 5356 1731 5369 -—
1756 5327 2119 5398 Technologia!
2161 5341 2206 5383 et
2241 5330 2470 5393 particul

2300 5330 2479 5383 ινιὶεηι-
2510 5348 2587 5383 res
2604 5332 2848 5399 quadam
2879 5332 3226 5394 expositiones
3262 5332 3315 5385 in
3351 5330 3665 5385 Philostrati
3693 5330 3972 5400 imagines.

724 5420 901 5487 lucip.
934 5418 1006 5469 Τὸ
1035 5415 1382 5479 ἀσπάζεσθαι
1418 5417 1512 5468 καὶ
1534 5416 1592 5468 τὺ
1628 5417 1823 5483 φιλεῖν,
1857 5424 1964 5471 etc.
1996 5414 2238 5471 Flori-nt.
2268 5420 2319 5471 in
2352 5436 2396 5473 ct

2300 5436 2319 5471 ι
2352 5423 2475 5474 cod.
2507 5421 2766 5473 Laurent.
2799 5420 2829 5471 7
2850 5460 2866 5481 ,
2898 5437 2951 5473 ιι.
2976 5418 3030 5485 6,
3065 5422 3203 5486 plut,
3239 5420 3327 5482 55,
3356 5420 3474 5473 sine
3500 5418 3721 5472 nomine
3749 5418 3972 5485 quidem

726 5506 1005 5573 aucturis;
1041 5504 1184 5572 quod
1237 5514 1416 5557 tamen
1448 5504 1742 5560 adnotantc
1778 5504 2009 5560 Bandin.
2039 5508 2091 5559 in
2123 5505 2238 5561 Cat.
2266 5512 2357 5563 cit.
2393 5508 2431 5561 ll
2490 5526 2539 5578 p.
2569 5510 2697 5574 210,
2732 5508 2946 5563 Fabric.
2973 5509 3181 5578 (supra,
3208 5508 3316 5563 vol.
3343 5508 3384 5560 ν
3408 5549 3422 5570 ,
3454 5524 3509 5577 p.
3541 5507 3715 5577 550,§
3747 5507 3806 5575 5)
3832 5506 3973 5560 Max.

733 5595 992 5651 l’lauudae
1015 5592 1315 5647 attribuerc
1346 5594 1563 5648 videtur
1588 5624 1659 5637 —
1692 5594 1825 5650 lhid.
1870 5595 1921 5648 in
1951 5596 2073 5649 eod.
2099 5599 2222 5649 cod.
2260 5610 2318 5649 ιι.
2342 5596 2394 5660 8,
2433 5596 2747 5651 Philostrati
2780 5597 3031 5663 Heroica,
3056 5596 3319 5651 translata
3352 5597 3419 5650 ab
3450 5596 3705 5649 Italorum
3738 5593 3975 5649 dialecto

800 5754 874 5817 (a)
915 5750 1077 5820 Atqui
1122 5749 1611 5820 Ursinus_vidt-tur
1646 5748 2013 5820 autholopiatn
2044 5746 2289 5814 Cephalae
2396 5748 2633 5804 Collutii.

728 5813 1025 5891 respicere,
1061 5834 1114 5874 et
1157 5839 1232 5894 ex»
1262 5824 1343 5872 his
1376 5818 1558 5894 Eli-sini
1615 5818 1795 5894 verbis
1833 5813 2087 5885 celligcre
2112 5813 2285 5894 ilicet,
2400 5820 2542 5894 mlb)
2569 5819 2734 5894 'Yide,
2760 5838 2881 5894 qua
2910 5823 3095 5880 notavi
3127 5821 3221 5879 lib.
3253 5835 3337 5887 ιιι,
3371 5834 3495 5890 cap.
3520 5818 3576 5887 5,
3611 5816 3639 5891 ς
3707 5816 3773 5873 19
3840 5813 3971 5890 [τοὶ.

731 5889 907 5966 ipsum
943 5894 1094 5947 illum
1116 5892 1357 5948 radicem
1379 5889 1686 5944 Palatinum
1723 5890 1889 5943 fuisse
1918 5900 2073 5945 antea
2098 5889 2289 5960 Augeli
2387 5890 2485 5959 .lll,
2513 5908 2561 5961 p.
2587 5891 2739 5962 2111.
