4234 6446
700 377 800 442 991

1973 381 2269 442 MAXlMl
2302 381 2681 445 PLANUD/E

3877 391 3987 456 992

701 497 836 551 lim?
864 499 978 562 Qua
1026 496 1236 551 ratione
1287 496 1420 550 mihi
1456 497 1743 567 imperem,
1778 506 1838 552 ut
1868 514 1975 553 non
2007 499 2280 554 altissimo

2401 520 2475 565 τες
2508 504 2816 564 κωλύωσιν,
2873 498 2918 556 ῶ
2960 503 3152 557 πασῶν
3212 505 3440 575 ἡμερῶν
3495 507 3855 580 ἀλγεινοτάτη
3892 532 3985 579 μοι

697 590 831 643 ﬂetu
876 591 1210 658 planctuque
1251 589 1580 649 exclamem.
1620 589 1840 645 etiamsi
1889 605 2049 644 nemo
2086 590 2287 645 admit-

703 694 800 745 tat,
838 685 931 735 sed
984 698 1177 737 omnes
1212 683 1586 751 prohibeant?
1625 681 1668 738 Ο
1696 684 2011 739 tristissima
2041 685 2287 739 omnium

697 779 910 830 dierum
943 777 1059 830 dies
1109 792 1231 844 qua:
1272 788 1385 830 tum
1434 777 1568 831 mibi
1636 794 1696 833 es
1754 789 1963 843 exorta,
2018 796 2142 833 cum
2194 777 2287 834 Fi-

702 868 832 919 lium
866 867 971 919 vidi
1022 884 1052 919 e
1100 868 1250 937 ligno
1287 884 1619 938 suspensum
1688 872 1971 942 clavisque
1999 871 2286 942 perﬁxum,

698 969 754 1012 ct
786 959 923 1011 Intus
954 959 1075 1027 ejus
1119 960 1275 1014 basta
1327 970 1600 1030 apertum,
1646 976 1809 1031 atque
1850 968 2026 1030 ipsum
2060 978 2122 1018 ea
2160 979 2290 1034 pcr-

699 1051 1020 1119 petientem,
1055 1050 1122 1103 ad
1179 1066 1301 1119 qua:
1358 1067 1454 1105 nec
1500 1052 1749 1106 animum
1790 1054 2077 1108 advertere
2124 1070 2287 1122 queo.

698 1144 808 1194 (iur
862 1145 1001 1195 bane
1067 1158 1174 1195 non
1238 1159 1266 1196 e
1328 1158 1566 1212 corpore
1632 1146 1805 1199 evulsi
1873 1146 2288 1209 aninmm,cum

700 1235 1057 1289 acerbitatem
1126 1236 1270 1289 illam
1333 1236 1435 1289 sim
1513 1239 1707 1292 intuita
1769 1250 2094 1307 przesmttem
2166 1255 2289 1309 qua:

699 1326 863 1378 ctiam
923 1339 1092 1389 nunc,
1146 1324 1361 1390 quoties
1424 1326 1489 1376 ad
1556 1327 1875 1380 memoriam
1936 1342 2154 1390 l‘ttVUtO,
2206 1339 2291 1378 me

700 1433 846 1486 pene
878 1418 1201 1471 exanimat?
1245 1416 1356 1471 lleu
1389 1427 1562 1479 tuam,
1600 1429 1746 1484 nate,
1797 1420 2022 1482 caedem,
2060 1420 2159 1471 heu
2195 1419 2292 1472 ite«

701 1526 820 1563 rum
857 1521 1021 1580 atque
1054 1510 1277 1571 iterum,
1311 1526 1476 1579 quam
1508 1512 1713 1580 injuste
1757 1514 1909 1566 cruci
1961 1529 2020 1566 es
2067 1511 2288 1576 afﬁxus,

700 1619 865 1673 quam
938 1604 1124 1672 inique
1181 1605 1354 1659 clavis
1401 1619 1460 1659 es
1527 1619 1844 1672 percussus,
1900 1620 2065 1675 quam
2127 1606 2292 1674 impie

702 1697 859 1749 basta
893 1697 1033 1750 ictus
1062 1695 1075 1749 ί
1109 1696 1384 1751 Gravibns
1418 1706 1471 1749 tu
1505 1712 1730 1764 pressus
1771 1699 1950 1758 malis,
1994 1713 2061 1750 ex
2098 1697 2292 1750 buma-

704 1790 790 1841 nis
824 1788 1104 1857 migrasti;
1154 1788 1505 1856 gravioribus
1551 1806 1681 1843 vero
1708 1805 1806 1858 ego
1838 1789 2035 1842 amicta
2074 1790 2286 1858 cingor.

702 1885 958 1953 Optatius
990 1886 1132 1939 enim
1179 1894 1284 1948 est,
1321 1896 1549 1939 mortem
1595 1887 1768 1951 obire,
1803 1901 1963 1953 quam
2012 1885 2065 1939 in
2098 1885 2287 1942 dolore

710 1979 916 2032 vivere.
954 1978 1127 2044 Quam
1173 1979 1454 2032 miseriam
1491 1979 1690 2049 prium,
1735 1994 1900 2045 quam
1940 1977 2159 2033 deﬂebo
2186 1994 2288 2049 p0-

701 2071 952 2126 stremo?
985 2073 1136 2126 Totis
1167 2072 1297 2125 mibi
1334 2088 1472 2141 opus
1512 2072 1651 2124 foret
1681 2072 1998 2125 iluniinibus
2024 2074 2076 2126 in
2106 2073 2288 2143 lacry-

707 2178 823 2216 mas
854 2164 1061 2226 versis,
1108 2164 1152 2217 si
1186 2164 1481 2233 unicuique
1516 2165 1837 2233 singulatim
1872 2181 2051 2221 essem
2089 2167 2289 2222 immo-

706 2263 914 2309 ratura.
946 2256 1142 2309 lllusns
1183 2273 1242 2311 es
1296 2267 1375 2317 tu.
1432 2273 1533 2325 ego
1565 2274 1648 2310 me
1683 2258 1896 2325 ploratu
1940 2258 2155 2313 confeci
2187 2275 2201 2326 ;
2233 2270 2289 2315 tu

704 2347 952 2417 colaphis
990 2361 1168 2402 czesus
1200 2363 1280 2409 es.
1313 2363 1415 2417 ego
1450 2347 1647 2401 faciem
1686 2348 1820 2410 texi,
1858 2350 2114 2403 intuitum
2157 2349 2292 2404 solis

706 2455 1056 2509 nequaquam
1097 2439 1313 2507 ferens;
1362 2450 1417 2494 tu
1479 2451 1641 2510 sputo
1679 2453 2079 2510 conspurcatus
2117 2440 2295 2495 dimit-

706 2531 859 2594 xisti,
893 2546 979 2584 me
1014 2532 1310 2599 ignominia
1378 2532 1481 2585 ista
1533 2531 1734 2601 coegit,
1785 2541 1953 2586 totam
1985 2548 2073 2586 me
2122 2532 2298 2601 lacry—

709 2623 813 2677 tuis
859 2624 1139 2689 perluere;
1185 2635 1237 2675 tu
1276 2640 1515 2693 purpura
1543 2640 1666 2679 cunt
1700 2624 1979 2681 derisione
2028 2641 2087 2679 es
2139 2626 2299 2679 indu-

711 2726 823 2775 tus,
860 2716 991 2768 mihi
1028 2716 1072 2769 si
1111 2718 1234 2784 quis
1267 2732 1489 2770 saccum
1528 2716 1813 2785 lugubrem
1860 2715 2195 2783 perrexisset
2219 2716 2295 2787 (6)

712 2803 947 2855 lubenter
1009 2804 1409 2872 amplexantem
1473 2806 1736 2868 vidisset;
1803 2816 1954 2859 tuum
2026 2808 2300 2862 arundine

711 2906 878 2964 caput
927 2905 1011 2950 est
1048 2912 1397 2966 percuswm,
1431 2913 1532 2968 ego
1591 2915 1771 2952 meum
1830 2909 1995 2967 caput
2044 2901 2300 2955 manibus

721 2988 987 3049 contudi;
1046 2997 1100 3042 tu
1158 2988 1344 3057 flagris
1391 2990 1632 3043 laniatus
1686 3007 1768 3055 es,
1819 3006 1922 3059 ego
1990 3007 2076 3046 me
2133 3001 2300 3046 totam

714 3084 975 3151 discerpsi
1032 3101 1046 3138 :
1100 3094 1155 3137 tu
1190 3100 1489 3155 suspensus
1533 3100 1627 3150 es,
1656 3102 1755 3156 ego
1801 3104 1911 3155 prae
1936 3088 2128 3141 dolore
2167 3104 2304 3142 con-

2392 598 2733 668 άνασχυῦσα,
2770 598 2897 651 καθ’
2925 600 2994 670 ἦν
3016 600 3108 652 τὸν
3138 600 3267 652 Υίδν
3314 599 3454 656 εἶδον
3483 605 3540 656 ὲν
3579 604 3723 672 ξύλῳ
3777 624 3989 675 κρεμα-

2395 691 2614 757 σθέντα,
2674 692 3124 761 προσηλωθέντα,
3173 693 3341 767 λόγχῃ
3381 696 3479 766 τὴν
3546 697 3794 766 πλευρὰν
3848 699 3985 769 ὀρυ-

2393 783 2595 847 γέντα,
2631 783 2806 837 τᾶλλα
2862 783 3135 851 παθόντα,
3180 781 3262 849 οἷς
3316 788 3440 840 οὐδὲ
3476 787 3840 857 προσϐάλλειν
3888 790 3990 860 τὴν

2392 872 2636 926 διάνοιαν
2694 874 2873 943 φέρω.
2936 875 3061 936 Πῶς
3104 876 3206 929 οὐκ
3271 877 3566 949 άπέρῤηξα
3633 879 3735 948 τὴν
3782 881 3988 950 ψυχὴν,

2392 964 2557 1032 ἡνίκα
2584 963 2653 1016 τά
2678 965 2855 1035 πικρὰ
2890 965 3065 1020 ταῦτα
3096 969 3345 1039 παρόντα
3377 969 3569 1039 ἐώρων
3595 986 3611 1038 ;
3655 970 3859 1025 Ὀπότε
3892 976 3990 1025 καὶ

2395 1055 2513 1113 νῦν,
2554 1054 2621 1108 ἂν
2655 1057 2865 1109 τούτων
2919 1057 3174 1126 μνησθῶ,
3226 1059 3397 1127 ἐγγὺς
3450 1059 3546 1113 τοῦ
3606 1063 3992 1132 καταστρέψαι

2393 1152 2616 1217 γίνομαι
2639 1152 2737 1217 τὴν
2769 1152 2917 1220 ζωήν
2946 1168 2961 1218 ;
2994 1152 3155 1217 Οῖμοι
3173 1155 3271 1222 τῆς
3296 1153 3419 1220 σῆς,
3446 1148 3491 1208 ὦ
3510 1154 3723 1222 τέκνον,
3747 1160 3991 1224 σφαγῆς’

2395 1245 2543 1309 οἴμοι
2582 1245 2727 1312 μάλα
2764 1242 2945 1307 αὖθις,
2987 1245 3064 1309 ὡς
3104 1246 3307 1309 ἀδίκως
3354 1247 3727 1316 ἐσταύρωσαι,
3760 1249 3838 1311 ὼς
3866 1251 3993 1303 dvo-

2398 1355 2513 1405 μως
2552 1339 2936 1408 προσηλῶσαι,
2969 1338 3044 1401 ῶς
3074 1341 3311 1403 ἀνοσίως
3338 1340 3724 1411 λελόγχευσαι.
3758 1341 3851 1395 Ἐν
3878 1343 3991 1396 δει-

2394 1432 2505 1490 νοῖς
2536 1432 2637 1496 μὲν
2664 1431 2724 1495 ἐξ
2753 1431 3063 1501 ἀνθρώπων
3101 1434 3375 1503 μετέστης
3420 1434 3588 1500 αὑτός
3618 1451 3635 1467 ο
3665 1436 3723 1487 ἐν
3757 1435 3995 1489 δεινοτέο

2398 1539 2508 1589 pet,-
2531 1523 2586 1576 δὲ
2616 1524 2969 1594 κατελήφθην
3008 1526 3138 1594 ἐγώ.
3194 1526 3303 1581 Τοῦ
3362 1528 3470 1597 γάρ
3529 1528 3587 1580 ἐν
3642 1527 3790 1600 λύπῃ
3844 1528 3997 1596 βιοῦν

2394 1613 2622 1679 ἄμεινον
2667 1616 2729 1668 τὸ
2757 1615 2963 1671 θανεῖν.
3017 1615 3083 1669 Τί
3114 1619 3226 1669 τῶν
3275 1616 3624 1689 παθημάτων
3656 1618 3903 1689 πρῶτον,
3938 1620 3993 1671 τί

2394 1705 2443 1758 δ’
2492 1705 2726 1758 ὕστατον
2778 1707 3185 1776 ἁποδύρωμαι;
3219 1707 3402 1762 Ὄλων
3456 1726 3547 1778 μοι
3585 1709 3668 1762 δεῖ
3723 1710 3997 1777 ποταμῶν

2400 1802 2786 1863 μεταστάντων
2814 1800 2892 1862 είς
2917 1799 3152 1869 δάκρυα,
3174 1800 3222 1852 εί
3253 1802 3366 1864 τοῖς
3396 1801 3521 1854 καθ’
3549 1800 3784 1854 ἕκαστον
3809 1802 3998 1870 μέλλω

2395 1890 2692 1954 ἐπεξιέναι.
2729 1892 3116 1962 Ἐνεπαίχθηςο
3151 1892 3265 1959 ἐγὼ
3291 1893 3347 1946 δέ
3375 1896 3506 1964 περὶ
3530 1894 3765 1962 θρήνους
3798 1896 4001 1948 ἐσπούο

2392 1980 2552 2034 δασα.
2612 1980 3025 2052 Ἐῥραπίσθηςο
3087 1981 3198 2049 ἐγὼ
3254 1983 3312 2036 δέ
3373 1986 3435 2036 τὸ
3486 1984 3781 2054 πρόσωπον
3842 2001 3993 2037 συνε-

2394 2071 2634 2137 γὰλυψα.
2657 2073 2731 2140 μὴ
2754 2074 2993 2143 φέρουσα
3020 2073 3112 2127 τήν
3135 2074 3289 2144 ἥλιον
3320 2075 3562 2145 βλέπειν.
3590 2075 3991 2146 Ἐνεπτύσθηςο

2396 2168 2521 2231 ἐμοὶ
2556 2167 2612 2220 δὲ
2644 2168 2705 2219 τὸ
2759 2167 2933 2231 πάθος
2980 2168 3280 2222 ἐπέταττεν
3320 2169 3450 2238 ὃλην
3518 2169 3769 2238 ἐμαυτὴν
3817 2172 4001 2224 λούειν

2393 2260 2503 2320 τοῖς
2541 2259 2795 2326 δάκρυσι.
2859 2257 3156 2329 Πορφύραν
3209 2258 3353 2327 μετὰ
3409 2258 3653 2324 γέλωτος
3685 2260 3951 2329 mesen;
3981 2276 3998 2291 ο

2398 2353 2524 2417 ἐμοὶ
2557 2350 2603 2403 δ’
2658 2352 2711 2404 εῐ
2738 2368 2825 2413 τις
2866 2351 3099 2413 πένθους
3147 2351 3323 2420 ὤρεγε
3370 2353 3595 2417 σάκκον,
3634 2354 3893 2421 ἁσμένως
3926 2348 4002 2405 εἶ·-

2396 2444 2485 2494 δεν
2517 2442 2584 2496 ἂν
2618 2442 3052 2513 ὑποδεχομένην.
3083 2443 3336 2511 Καλάμῳ
3402 2441 3506 2514 τὴν
3562 2443 3823 2513 κεφαλὴν
3869 2446 3999 2497 ἐτυ-

2398 2535 2638 2603 πτήθηςο
2670 2534 2784 2601 ἐγὼ
2808 2534 2853 2587 δ’
2886 2536 3137 2605 ἐμαυτῆς
3164 2534 3413 2605 κεφαλὴν
3437 2536 3760 2606 ἐκοπτόμην
3784 2537 3999 2605 χερσίν.

2413 2626 2910 2697 ’ἰίφραγγελλώθης
2936 2643 2948 2656 ·
2983 2625 3095 2695 ἐγὼ
3124 2627 3171 2681 δ’
3205 2628 3461 2698 ἐμαυτὴν
3509 2628 3643 2697 ὃλην
3698 2630 3999 2691 κατέξανα.

2401 2720 2782 2789 ’Λνηρτήθηςο
2841 2718 2952 2786 ἐγὼ
3003 2718 3049 2773 δ’
3104 2718 3212 2772 ὑπὸ
3275 2721 3372 2789 τῆς
3436 2720 3629 2790 ὀδύνης
3666 2722 4001 2775 κατέπεσον.

2406 2811 2810 2883 ιιροσηλώθηςο
2848 2810 2963 2880 ἐγὼ
3002 2810 3050 2865 δ’
3074 2812 3337 2882 ἀκίνητος
3381 2812 3599 2881 ἔμεινα.
3639 2813 3821 2881 Χολὴν
3871 2815 4003 2865 ἐπ»)-

2403 2906 2594 2973 τίσοης
2634 2906 2733 2956 στιν
2758 2905 2892 2968 ὄξει·
2931 2906 3029 2974 τὴν
3061 2905 3107 2957 δ’
3145 2905 3393 2973 ἐμαυτῆς
3430 2908 3657 2974 πικρίαν
3689 2906 3809 2965 πῶς
3836 2906 4001 2959 δυντ-

2406 2998 2484 3049 θῶ
2522 2999 2773 3065 φράσαι;
2806 2996 3221 3061 Ἐξέπνευστκς·
3288 2996 3399 3064 ἐγὼ
3458 2996 3517 3051 δὲ
3571 3000 3722 3067 παρὰ
3778 3001 4003 3066 μικρόν.

2422 3090 2788 3157 Ἑλογχεύθης
2812 3104 2827 3117 ⁸
2863 3089 3002 3157 ἐμοῦ
3033 3090 3089 3141 δέ
3123 3090 3220 3157 τὴν
3282 3090 3516 3159 καρδίαν
3577 3090 3735 3160 ξίφος
3784 3090 4005 3158 διῆλθεν

715 3179 819 3231 ridi
846 3196 859 3244 ;
892 3188 944 3232 tu
974 3179 1143 3234 clavis
1171 3182 1319 3235 cruci
1349 3197 1408 3235 es
1441 3182 1657 3242 afﬁxus.
1684 3198 1784 3252 ego
1811 3183 1982 3252 rigida
2003 3192 2054 3237 et
2079 3184 2293 3237 immota

2408 3182 2526 3248 ὀξύ.
2559 3182 2668 3234 Καὶ
2699 3182 2794 3234 νῦν
2820 3182 3054 3234 ὕστατον
3084 3184 3140 3234 ἐν
3172 3182 3333 3253 τάφῳ
3360 3183 3540 3236 κεῖσαι
3578 3183 3798 3253 νεκρός.
3841 3184 4007 3254 Τάμὲ

717 3273 931 3340 mansi;
965 3280 1021 3326 tu
1068 3274 1139 3327 fel
1174 3289 1299 3327 cum
1339 3287 1493 3330 aceto
1540 3275 1750 3336 bibisti.
1809 3290 1985 3329 meam
2030 3277 2299 3331 amaritu-

724 3363 907 3417 dinem
945 3380 1055 3432 quo
1109 3373 1267 3434 pacto
1328 3366 1514 3435 eloqui
1577 3366 2173 3436 possemiexspirasti,
2203 3383 2303 3437 ego

720 3457 1108 3525 pronemodum
1149 3459 1344 3513 :basta
1390 3461 1671 3515 sauciatus
1741 3476 1821 3524 es,
1865 3476 2045 3515 meum
2099 3476 2197 3518 cor
2261 3472 2456 3518 acutus
2514 3462 2820 3532 penetravit
2870 3462 3022 3517 ensis

2416 3274 2461 3325 δ’
2493 3273 2805 3344 ἀθλιώτερα
2834 3274 2933 3328 καὶ
2967 3274 3208 3345 νεκρῶν,
3247 3274 3343 3327 καὶ
3376 3274 3590 3327 πολλῶν
3620 3274 3874 3329 θανάτων
3909 3277 4003 3345 βαρ

2419 3370 2545 3439 ρύτε
2556 3387 2645 3439 ρα.

3069 3477 3084 3514 :
3134 3461 3371 3531 denique
3433 3476 3581 3516 nunc
3641 3463 3696 3514 in
3750 3461 4012 3530 sepulcro

721 3555 869 3622 iaces
906 3565 1180 3622 mortuus,
1240 3571 1362 3612 mea
1394 3555 1642 3612 canditio
1672 3557 1841 3612 etiam
1875 3566 2220 3614 mortuorum
2262 3559 2584 3614 conditione
2631 3569 2715 3613 est
2765 3556 3135 3614 miserabilior
3176 3565 3231 3613 et
3276 3554 3464 3612 multis
3490 3556 3680 3611 mortis
3716 3556 4013 3626 generibus

725 3665 967 3720 gravior.

795 3743 1015 3799 Utinam
1047 3743 1101 3797 in
1136 3740 1377 3813 Egypto
1405 3751 1582 3797 tecum
1612 3750 1665 3797 et
1694 3752 1917 3813 propter
1951 3752 2007 3798 te
2030 3785 2044 3808 ,
2081 3742 2182 3800 Fili
2210 3745 2306 3806 mi,

728 3835 857 3891 illuc
888 3834 1155 3902 profecta,
1188 3834 1546 3896 mansissem,
1573 3849 1675 3889 nec
1702 3836 1815 3889 ulla
1848 3836 1931 3889 via
1991 3835 2058 3891 ad
2086 3834 2309 3893 Iudaeos

728 3928 1077 3982 revertissem
1100 3927 1113 3979 ί
1139 3923 1347 3980 Forsan
1376 3928 1522 3981 enim
1556 3944 1662 3981 non
1697 3930 1994 3984 assiderem
2021 3946 2167 3985 nunc
2189 3947 2313 3984 tnu-

734 4035 785 4075 ιο
816 4020 943 4074 huic
972 4019 1168 4089 lapidi,
1202 4019 1370 4088 lapidi
1415 4019 1552 4073 meis
1590 4020 1849 4092 lacrymis
1885 4022 2149 4090 madenti,
2180 4038 2314 4078 mte-

2493 3739 2583 3800 Ὢς
2611 3739 2821 3806 ὤφελον
2858 3739 2917 3793 ἐν
2935 3734 3217 3809 Αἰγύπτῳ
3246 3737 3453 3807 μένιιν,
3484 3734 3714 3806 φίλτατε
3750 3736 3881 3803 Παῖ,
3915 3736 4014 3790 σὺν

2410 3831 2496 3885 σοὶ
2527 3835 2618 3883 καὶ
2643 3829 2737 3884 διὰ
2781 3830 2841 3883 σέ
2871 3828 3164 3896 κατιοῦσα,
3203 3828 3301 3884 καὶ
3362 3828 3633 3899 μηδαμῶς
3678 3829 3820 3899 πρὸς
3878 3831 4014 3884 Ἰου-

2407 3922 2589 3986 δαίους
2616 3923 2898 3976 ἐπανιέναι
2926 3923 2940 3976 l
2974 3921 3110 3975 Οὐδὲ
3138 3924 3248 3991 γάρ
3280 3921 3349 3975 ἂν
3380 3920 3513 3985 ῐσως
3549 3918 3685 3991 λίθῳ
3734 3919 3832 3974 νῦν
3858 3921 4013 3976 κλαί-

2413 4033 2555 4068 ουσα
2572 4014 2985 4086 παρεκαθήμην
3011 4013 3203 4084 κωφῷ,
3236 4013 3372 4084 λίθῳ
3393 4011 3744 4084 ποτιζσμένῳ
3775 4013 3882 4084 μέν
3900 4017 4014 4077 τοῖς

732 4127 912 4164 rorem
955 4124 1194 4165 mmrore
1217 4121 1383 4181 atque
1418 4110 1608 4166 dolore
1657 4112 1965 4167 cumulans.
2000 4113 2293 4184 Opportunt

2419 4111 2579 4180 ἐμοῖς
2613 4109 2901 4181 δάκρυσιν,
2958 4109 3051 4161 ἐπὶ
3082 4109 3141 4163 δέ
3191 4108 3397 4171 λύπαις
3451 4108 3634 4171 λύπας
3669 4109 3764 4163 καὶ
3812 4109 4015 4173 ὀδύνας

731 4203 1149 4267 declinavimus,
1172 4218 1205 4258 ο
1232 4203 1386 4269 Nate,
1416 4214 1546 4259 tunc
1579 4206 1842 4276 temporis
1868 4206 2109 4262 furorem
2144 4205 2293 4263 Hero

2421 4218 2512 4271 μοι
2535 4199 2901 4270 γεωργοῦντι.
2938 4200 3138 4261 Καλῶς
3164 4201 3399 4265 ἐκεῖνον,
3430 4192 3476 4254 ῶ
3517 4203 3639 4264 παῖ,
3669 4201 3765 4254 τὸν
3818 4202 4016 4274 χρόνον

736 4296 842 4351 dis.
876 4295 930 4349 lu
961 4298 1265 4365 peregrina,
1301 4312 1467 4366 quam
1521 4299 1770 4367 propria,
1828 4313 2002 4368 eaque
2063 4315 2186 4369 quae
2223 4316 2290 4355 no

2426 4295 2680 4349 ἐκκλῖναι
2712 4295 2813 4365 τὴν
2854 4292 3096 4364 Ἡρώδου
3136 4294 3337 4364 μανίαν
3378 4294 3517 4365 ἡμῖν
3573 4292 3885 4363 ἐξεγένετο.
3926 4294 4017 4351 ’Δο

736 4387 861 4440 tulit
891 4396 943 4441 et
967 4387 1244 4449 educavit,
1282 4388 1447 4441 vitam
1468 4387 1732 4444 duximus
1764 4391 2049 4446 tutiorem.
2080 4390 2293 4446 Debeba

2422 4387 2803 4458 σφαλέστιρον
2836 4387 2934 4440 ἐπὶ
2968 4385 3071 4456 τῆς
3120 4386 3279 4457 ξένης
3306 4386 3340 4457 ἢ
3371 4385 3472 4450 τῆς
3509 4386 3888 4456 ἐνεγκαμένης
3916 4384 4017 4457 τὴν

736 4476 872 4531 alter
895 4478 1105 4531 scilicet
1142 4475 1381 4531 llerodes
1413 4477 1611 4531 iterum
1643 4479 1709 4531 ad
1776 4489 2007 4535 mortem
2048 4484 2293 4550 persequ1

2420 4480 2640 4534 δίαιταν
2690 4480 2950 4550 ἔσχομεν.
3017 4479 3254 4551 Ἔμελλε
3301 4479 3359 4534 δέ
3414 4480 3524 4549 ἄρα
3557 4479 3726 4534 πάλιν
3761 4478 4018 4549 Ἡρώδης

738 4569 976 4621 animam
1044 4576 1217 4633 tuam,
1282 4566 1549 4633 Herodes,
1601 4569 1850 4639 inquam,
1924 4585 2050 4626 cum
2118 4570 2293 4627 Pilato

2423 4573 2612 4643 ἕτερος
2639 4574 2717 4636 είς
2750 4572 2983 4627 θάνατον
3010 4573 3111 4643 τὴν
3134 4570 3319 4642 ψυχήν
3363 4589 3459 4626 σου
3509 4570 3718 4643 ζητεῖν.
3762 4571 4020 4643 Ἡρώδης

738 4659 1006 4713 ach-rsus
1064 4668 1115 4715 te
1174 4661 1587 4727 conspiratione
1618 4660 1879 4717 conflata.
1935 4664 2116 4733 Atque
2171 4681 2293 4719 nunt

2427 4667 2519 4718 καὶ
2554 4663 2786 4728 Πιλᾶτος
2811 4665 2938 4737 άρτι
2964 4665 3112 4718 κατά
3160 4664 3258 4717 σοῦ
3317 4663 3876 4735 συμπεφρονηκότες.
3911 4665 4021 4718 Καὶ

738 4752 961 4820 quidem
995 4759 1225 4804 mortem
1261 4752 1513 4820 oppetisti
1566 4761 1645 4818 tu,
1680 4767 1782 4823 ego
1829 4768 1958 4809 vero
2007 4755 2293 4811 miserrim:

2425 4756 2484 4810 δέ
2516 4755 2613 4811 νῦν
2642 4756 2919 4826 τέθνηκας
2948 4756 3046 4827 μὲν
3074 4756 3162 4822 σὺ,
3196 4756 3371 4811 στένω
3387 4755 3434 4810 δ’
3466 4756 3497 4828 ἡ
3543 4754 3733 4826 μήτηρ
3758 4753 3897 4822 ἐγὼ.
3925 4755 4021 4808 Φίο

741 4850 916 4894 mater
946 4843 1148 4911 gemitu
1179 4842 1534 4898 contabesco.
1568 4841 2109 4900 Deieceruntomnes
2134 4847 2293 4902 amici

2427 4849 2510 4902 λοι
2542 4866 2601 4903 τε
2635 4850 2835 4913 πάντες
2888 4847 3118 4919 ᾤχοντο,
3175 4850 3271 4902 καὶ
3331 4847 3595 4919 μαθηταὶ,
3629 4846 3709 4918 τῷ
3760 4847 3913 4900 κατὰ
3965 4847 4023 4898 σὲ

741 4935 985 5001 adeoque
1016 4934 1292 5004 discipuli,
1321 4936 1400 4987 tui
1432 4936 1684 5006 exemplo
1713 4938 1965 4992 securius
1988 4952 2047 4995 se
2077 4940 2323 4994 contine-

746 5039 806 5079 re
839 5023 982 5078 docti
1019 5041 1032 5077 :
1072 5040 1136 5079 ac
1204 5026 1534 5083 incumbens
1592 5028 1896 5097 periculum
1932 5029 2058 5099 fuga
2091 5032 2322 5086 evitant.

748 5115 843 5169 llei
871 5118 1037 5172 mibi!
1068 5120 1213 5187 quod
1244 5104 1744 5177 etiamilatronibus
1778 5122 1931 5192 pejor
1963 5123 2040 5177 sis
2072 5123 2316 5178 :rstima-

750 5220 859 5275 tus,
893 5222 947 5263 et
976 5209 1245 5267 Bari-abas
1273 5213 1339 5267 ad
1369 5214 1559 5281 vitam,
1593 5225 1647 5268 tu
1674 5215 1738 5269 ad
1770 5224 1999 5270 mortem
2034 5218 2112 5272 sis
2163 5233 2326 5287 expe-

755 5311 902 5355 t.tus.
942 5302 1121 5356 Multis
1147 5312 1202 5356 tu
1224 5304 1446 5374 quidem
1469 5307 1738 5361 matribus
1767 5323 1795 5361 e
1822 5317 2002 5362 morte
2034 5310 2323 5364 restituisti

754 5398 972 5461 liberos,
1004 5407 1170 5466 atque
1199 5400 1249 5452 id
1278 5415 1425 5453 nunc
1452 5402 1712 5470 gaudent,
1735 5410 1791 5457 et
1811 5403 1914 5457 sibi
1939 5404 2325 5474 gratulantur:

754 5490 886 5544 mihi
920 5507 1048 5546 vero
1070 5492 1267 5561 ecquid
1299 5492 1406 5547 tale
1429 5492 1703 5562 contigit?
1745 5503 2025 5549 mortuum
2057 5503 2111 5550 te
2143 5495 2328 5566 lugere

756 5584 1069 5653 unigenam,
1122 5583 1507 5655 primigenam,
1536 5599 1637 5639 cur
1690 5600 1802 5641 non
1834 5602 1920 5642 me
1957 5586 2330 5658 prohibuisti?

2430 4942 2802 5012 ὑποδείγματι
2848 4943 2945 5012 τῆς
3010 4939 3314 5011 ἀσφαλείας
3369 4939 3682 5011 γενόμενοι,
3718 4941 3872 5009 φυγῇ
3930 4938 4023 4992 τδν

2432 5037 2831 5108 ἐπιφερόμενον
2870 5037 3263 5108 ἀποτρίὸονται
3290 5034 3563 5088 κίνδυνον.
3600 5032 3788 5103 οἶμαι,
3822 5031 4024 5086 actual

2431 5130 2645 5201 λῃστῶν
2697 5130 2899 5200 χείρων
2925 5122 3228 5198 λιλόγισαι,
3275 5134 3371 5181 καὶ
3401 5126 3700 5198 Βαραϐϐᾶν
3742 5125 3852 5190 μὲν
3885 5126 4023 5195 πρὸς

2435 5223 2717 5293 σωτηρίαν
2746 5221 3086 5295 ἐξῃτήσαντο
3105 5238 3121 5254 ο
3152 5222 3215 5275 σέ
3233 5220 3292 5275 δέ
3326 5220 3465 5291 πρὸς
3497 5218 3751 5273 θάνατον.
3789 5215 4023 5278 Πολλαὶς

2438 5314 2538 5381 μὲν
2591 5314 2870 5386 μητράσιν
2905 5314 3185 5375 ἀνέδωκας
3249 5314 3314 5366 ἐκ
3352 5310 3586 5366 θανάτου
3632 5309 3762 5370 τοὺς
3795 5308 3994 5362 παῖδα

2434 5410 2530 5461 καὶ
2562 5410 2818 5479 χαίρουσι
2849 5408 2947 5462 νῦν
2974 5425 2987 5440 ·
3021 5408 3122 5477 ἐμέ
3143 5407 3201 5461 δέ
3234 5405 3288 5460 τί
3316 5406 3515 5471 τοῦτος
3570 5403 3769 5473 νεκρόν
3798 5418 3864 5457 σδ

2436 5501 2572 5566 νεῖν,
2599 5502 2693 5553 τὸν
2735 5500 3029 5571 μονογενῆ,
3078 5500 3174 5555 τὸν
3231 5501 3606 5569 πρωτότοκον,
3654 5494 3759 5548 οὐκ
3817 5494 3966 5548 ἐκὼἶτ.

2442 5607 2581 5660 σας;
2611 5590 2984 5664 Ὠμμάτωσας
3023 5592 3125 5664 μὲν
3183 5591 3250 5645 σὺ
3280 5590 3543 5660 τυφλοὺς,
3600 5587 3815 5657 κωφοῖς
3847 5587 4024 5653 παρέο

834 5784 907 5844 (6)
957 5784 994 5835 Α
1039 5781 1440 5861 _more_Ju_d:eis
1469 5784 1605 5861 olirn
1636 5797 1855 5861 recepto
1884 5788 1986 5846 boc
2047 5789 2282 5859 accepit,
2310 5788 2403 5861 qui
2446 5790 2502 5845 in
2554 5791 2718 5849 rebus
2758 5791 2975 5848 aﬂlictis
3018 5805 3242 5849 saccum
3299 5788 3650 5853 indueebant,
3684 5796 3746 5840 ut
3779 5785 3837 5839 iu
3871 5782 4026 5840 Nini-

768 5870 1003 5908 \‘J‘Ul‘llllt
1038 5853 1265 5911 historia
1301 5859 1528 5927 legitttus
1558 5857 1700 5929 (1οη.
1736 5853 1798 5929 ti.
