4234 6446
291 397 407 465 993

1234 400 1524 462 ORATIO
1570 401 1652 461 IN
1688 401 2212 464 SEPULTURAM
2249 407 2314 467 D.
2362 407 2434 467 N.
2481 407 2536 468 Ι.
2575 409 2638 467 C.

3465 411 3570 477 994

285 530 457 582 σιους
489 513 682 581 ἀκοὴν,
738 513 1054 582 ὲτράνωσας
1089 514 1273 586 φωνὴν
1309 515 1628 584 μογιλάλου,
1664 517 1870 598 ὴρτίω-
1901 525 1943 579 Α

1901 525 1943 579 Α
1975 518 2163 576 (Σκοοε
2215 521 2432 576 videndi
2490 537 2718 577 munere
2771 521 3023 591 donasti,
3079 523 3266 579 surdis
3319 528 3564 586 auditum

284 622 384 668 σας
418 605 649 666 κυλλοὺς
700 607 891 675 χεῖρας
959 607 1055 658 καὶ
1086 607 1278 670 πόδας,
1325 607 1536 676 μυρίων
1569 609 1709 661 ὅσων
1745 609 1873 660 Θαυ-

290 700 487 765 μάτων
538 701 773 766 γέγονας
812 698 1146 767 αὐτουργὸς,
1200 699 1260 750 τὸ
1325 700 1608 768 μέγιστον,
1647 701 1875 770 νεκροὺς

281 794 521 858 ’ἤγειρας
559 789 634 851 ὡς
659 789 721 852 ἐξ
751 789 944 843 ὕπνου.
983 789 1128 855 Ἐγὼ
1157 789 1202 842 δ’
1256 791 1640 859 έσεμνυνόμην
1670 791 1873 843 τοιοῦδε

283 884 481 946 Παιδὸς
515 882 795 936 ἀκούουσα
830 888 1033 952 μήτηρ.
1076 876 1151 935 Οὗ
1208 883 1306 951 μὲν
1357 883 1467 951 γὰρ
1522 883 1630 934 σῶν
1681 886 1872 952 μνήμη

280 977 611 1044 θαυμάτων,
650 976 771 1027 ἐκεῖ
833 977 928 1027 καὶ
965 975 1127 1035 αὐτὸς
1183 973 1368 1043 παρῆς
1427 974 1869 1044 εὐφημούμενος.

279 1069 358 1122 Οὗ
393 1070 450 1122 δὲ
491 1071 578 1122 σοὶ
623 1071 692 1122 τὰ
719 1071 819 1137 τῆς
848 1069 1128 1139 εὐφημίας
1163 1070 1403 1136 ἀνῆγον,
1435 1069 1549 1119 ἐκεῖ
1583 1068 1724 1134 κάμὲ
1780 1069 1876 1136 τὴν

281 1167 631 1230 γεννήσασαν
667 1161 860 1231 ἠξίουν
897 1161 1229 1230 μακαριοῦν.
1290 1161 1423 1212 Νυνὶ
1479 1159 1535 1212 δὲ
1570 1161 1704 1211 πᾶσι
1755 1159 1880 1210 τούσ-

281 1273 399 1317 τοις
427 1256 635 1322 βραχὺς
663 1255 866 1323 ἢρκεσε
895 1257 1086 1321 χρόνος
1141 1254 1222 1315 εἰς
1261 1253 1474 1320 δάκρυα
1515 1253 1608 1304 καὶ.
1642 1252 1874 1319 θρήνους

287 1348 647 1414 μεταπεσεῖν.
685 1343 963 1395 Συνέπαθέ
1001 1360 1083 1394 σοι
1125 1343 1218 1394 καὶ
1267 1344 1525 1410 ήκτίσις,
1576 1341 1690 1393 Υἱὲ.
1736 1340 1875 1396 ἈΠ’

282 1438 311 1488 ὅ
341 1453 399 1487 τι
431 1437 538 1487 τῶν
575 1435 860 1504 στοιχείων
887 1435 1122 1486 ἕκαστον
1169 1434 1271 1486 ἀνὰ
1329 1436 1494 1502 μέρος
1547 1432 1864 1500 ὑπέμεινεν,

281 1529 440 1580 οὐδὲν
471 1527 678 1579 τούτων
705 1523 774 1595 ἦν
806 1526 1034 1593 κοῦφον,
1079 1525 1157 1587 ὡς
1200 1526 1275 1594 μὴ
1307 1525 1594 1593 προσθήκη
1631 1527 1742 1587 τοῖς
1777 1522 1870 1575 ἄλο

281 1620 400 1682 λοις
434 1622 730 1689 γενόμενον
784 1621 972 1687 ἱκανὴ,
1006 1621 1178 1670 πᾶσιν
1234 1619 1349 1687 ἅμα
1392 1619 1492 1684 τὴν
1551 1615 1732 1684 ψυχήν
1783 1633 1873 1684 μοι

280 1721 691 1788 καταδραμεῖν.
743 1719 820 1770 Οὐ
878 1719 986 1787 μὴν
1027 1717 1083 1770 δὲ
1125 1717 1260 1770 ἀλλὰ
1317 1717 1414 1769 καὶ
1466 1718 1680 1784 ἑκάστῳ
1735 1733 1874 1784 συμ-

281 1812 553 1879 πτώματι
606 1813 914 1882 προσήκειν
981 1809 1235 1880 ένόμιζον
1271 1813 1503 1878 ἐμαυτῇ,
1542 1808 1874 1876 κατάλληλον

280 1909 546 1976 δέχεσθαι
605 1910 706 1978 τὴν
788 1908 1028 1977 πληγήν.
1103 1908 1503 1978 Ἐσκοτιζόμην
1564 1909 1672 1980 γὰρ
1726 1908 1876 1976 ἡλίου
1912 1890 1949 1945 Β

283 2001 698 2068 σκοτιζομένου
730 2017 744 2032 ’
781 2002 877 2052 καί
911 2001 1013 2070 γῆς
1047 2000 1340 2070 σειομένης
1377 2000 1651 2052 έκλονεῖτό
1685 2016 1775 2066 μοι
1812 1997 1880 2050 τὰ

284 2094 428 2162 μέλη
448 2109 459 2120 ·
485 2091 555 2144 ἂν
583 2091 980 2161 διερρήγνυντο
1006 2091 1207 2160 πέτραι
1237 2093 1332 2144 καὶ
1359 2091 1606 2159 ἐσχίζετο
1644 2089 1879 2142 καταπέο

280 2201 496 2254 τασμα,
548 2184 670 2236 οὐδὲ
731 2184 830 2251 τῆς
867 2182 1008 2251 ὲμῆς
1057 2183 1288 2252 καρδίας
1329 2184 1360 2251 ὴ
1396 2183 1550 2253 ῥῆξις
1609 2183 1872 2249 ἐφείδετο.

281 2280 573 2346 Μνηματα
605 2273 941 2344 ἀνεῴγνυτο,
977 2276 1069 2327 καὶ
1111 2279 1219 2327 τῶν
1268 2275 1362 2326 ἐπὶ
1413 2277 1615 2342 τάφους
1647 2277 1874 2344 ἐκφερο-

288 2374 475 2437 μένων
504 2369 661 2421 οὐδὲν
704 2368 931 2436 ἄμεινον
961 2363 1126 2435 εἶχον,
1187 2370 1425 2430 ΙΙοσάκις
1455 2369 1520 2421 ἄν
1572 2386 1652 2430 τις
1693 2370 1873 2436 ἁπηγ.

282 2463 514 2529 γέλλετο
543 2463 651 2513 τῶν
678 2461 956 2513 Ἰουδαίων
989 2461 1183 2528 ἐνέδρα
1241 2461 1381 2513 κατὰ
1430 2462 1547 2527 σοῦ,
1583 2464 1676 2513 ml.
1712 2463 1874 2531 χαλε-

282 2557 534 2624 πώτερον
562 2553 672 2620 ἐγὼ
703 2551 798 2604 τοῦ
833 2554 1296 2620 σκευωρουμένου
1325 2555 1414 2604 τὸν
1452 2554 1695 2605 κίνδυνον
1727 2556 1874 2623 ὑφω-

287 2647 506 2718 ρὼμην.
535 2647 618 2698 Οὐ
645 2645 756 2713 γάρ
792 2645 928 2712 ὴφίη
955 2645 1014 2694 τὸ
1067 2645 1195 2713 περὶ
1263 2645 1318 2695 σὲ
1354 2643 1575 2713 φίλτρον
1635 2647 1728 2696 ἐπὶ
1778 2663 1874 2712 με-

282 2741 456 2809 τρίων
486 2742 579 2790 τὸν
607 2738 892 2806 λογισμὸν,
925 2735 1042 2788 ἀλλ’
1072 2735 1402 2788 ὑπώπτευον
1438 2738 1570 2806 περὶ
1599 2737 1695 2789 σοῦ
1725 2739 1871 2806 άπερ

280 2832 405 2883 οὐδὲ
458 2832 587 2899 περὶ
620 2829 786 2881 αὑτοῦ
821 2846 904 2891 τις
938 2829 1300 2881 ὑπώπτευσεν
1347 2829 1434 2884 ἄν.
1473 2831 1672 2891 Λίθους
1722 2833 1871 2900 atpo—

287 2924 486 2992 μένους
540 2923 753 2993 ηκουσα
811 2921 955 2973 κατὰ
1001 2921 1119 2982 σοῦ,
1179 2923 1274 2973 καὶ
1333 2921 1482 2972 λίθου
1526 2921 1866 2990 ψυχροτέρας

283 3015 536 3084 εμαυτῆς
559 3015 902 3084 ᾐσθανόμην.
942 3013 1006 3065 Τί
1057 3013 1155 3080 δὲ;
1220 3013 1527 3080 Ἐθνησκεν
1589 3013 1866 3082 Ἰωάννης,

284 3107 388 3156 καί
422 3107 506 3155 σοὶ
543 3105 604 3156 τὸ
638 3103 787 3170 ξίφος
821 3104 1134 3153 ἐπικεῖσθαι
1159 3102 1572 3171 ἐφανταζὸμην.
1610 3103 1706 3154 ’ον
1735 3103 1866 3153 ἀνα-

283 3195 484 3263 ὀλέψαι
513 3195 826 3261 πεποίηκας
857 3193 1124 3260 ἐξεϐλήθη
1150 3195 1245 3245 τοῦ
1269 3194 1575 3260 συνεδρίου,
1596 3193 1691 3244 καὶ
1725 3193 1864 3245 κατὰ
1898 3233 1939 3286 c

280 3295 378 3346 σοῦ
407 3290 582 3359 βαρὺν
605 3290 900 3341 ἀνεπόλουν
927 3287 1017 3339 τὸν
1048 3287 1308 3354 διωγμόν.
1336 3287 1366 3319 ⁸
1396 3287 1490 3348 Τίς
1518 3287 1596 3339 ἔτι
1619 3288 1868 3355 Λάζαρος

280 3384 375 3433 τὸν
411 3380 645 3431 θάνατον
699 3379 957 3447 ἐκφυγὼν
1009 3379 1112 3430 ὑπὸ
1167 3375 1259 3429 σοῦ
1310 3378 1445 3446 πρὸς
1499 3382 1661 3446 φόνον
1715 3377 1868 3439 αὖθις

276 3474 647 3540 άνηρευνᾶτο,
669 3470 763 3523 καὶ
797 3473 858 3522 τὸ
877 3472 1004 3540 περὶ
1028 3472 1084 3521 σέ
1115 3487 1206 3538 μοι
1237 3469 1350 3530 δέος
1379 3469 1683 3522 άνενεοῦτο.
1726 3470 1867 3523 Ἀλλ’

275 3567 467 3616 ἐκεῖνα
498 3564 598 3632 μὲν
624 3567 754 3633 ἄχρι
785 3563 878 3616 τοῦ
912 3565 1079 3631 φόϐον
1143 3562 1481 3632 παρέχεσθαι
1529 3561 1830 3632 προῠϐαινε
1854 3580 1866 3593 ·

275 3657 346 3710 τὰ
379 3657 436 3708 δὲ
476 3655 569 3708 νῦν
599 3655 746 3716 τέλος
776 3657 875 3725 μὲν
908 3657 1096 3723 φόὸοις
1140 3657 1433 3724 ιπέθηκεν,
1468 3655 1647 3725 ἀρχὴν
1682 3655 1738 3708 δέ
1775 3672 1865 3724 μοι

275 3750 500 3819 θρήνων
565 3750 661 3801 καὶ
709 3749 963 3819 ὀδυρμῶν
1020 3749 1373 3818 ένεστήσατο.
1412 3748 1523 3802 Καὶ
1564 3748 1748 3819 θρηνῶ
1809 3765 1867 3800 σε

272 3841 365 3892 δια
391 3838 563 3892 ταῦτα
595 3837 691 3890 καὶ
718 3838 982 3908 ὀδύρομαι
1014 3839 1106 3890 ἐπὶ
1140 3840 1243 3904 σοὶ,
1279 3840 1489 3905 τέκνον,
1520 3839 1614 3890 καὶ
1645 3839 1754 3891 τῶν
1785 3838 1871 3890 δαο

271 3933 466 4000 κρύων
499 3933 600 3985 οὐκ
619 3927 737 3984 οἶδα
773 3933 851 3996 τίς
888 3931 1067 4001 ἐφέξει
1105 3949 1171 3999 με
1211 3931 1428 4001 χρόνος.

1987 611 2347 675 instaurasti,
2411 612 2688 681 impeditis
2755 614 2939 684 lingua
2997 631 3182 670 vocem
3237 617 3565 685 explanasti,

1987 720 2185 758 manus
2238 713 2291 758 et
2338 707 2502 773 pedes
2541 721 2767 760 mancos
2804 706 2856 759 in
2921 707 3192 776 integrum
3252 709 3566 771 restituisti,

1984 806 2317 866 quantorum
2361 806 2415 852 et
2453 813 2616 866 quam
2685 798 2980 853 multorum
3049 802 3439 855 miraculorum
3511 815 3567 855 ιιι

1991 905 2135 942 unus
2186 888 2335 940 fuisti
2370 899 2582 954 auctor,
2619 905 2680 942 ao
2719 890 2863 959 quod
2909 889 3146 944 maxime
3176 902 3281 953 est,
3318 905 3568 947 mortuos

1984 979 2130 1032 velut
2187 995 2250 1031 ex
2310 995 2502 1032 somno
2543 981 2618 1049 (7)
2683 982 3058 1035 exsuscitasti.
3106 983 3215 1052 Ego
3256 983 3397 1051 quod
3441 986 3568 1036 talis

1991 1068 2113 1122 Filii
2176 1070 2350 1124 Mater
2412 1086 2660 1131 vocarer,
2697 1073 2994 1140 gloriabor.
3059 1071 3381 1141 Ubicunque
3421 1075 3566 1125 enim

2004 1169 2224 1213 tuorum
2266 1163 2657 1213 miraculorum
2691 1172 2806 1215 erat
2839 1163 3170 1226 recordatio,
3209 1164 3279 1215 ibi
3306 1171 3357 1214 tt
3387 1176 3438 1216 tu
3473 1165 3566 1215 be—

1985 1267 2050 1305 ne
2086 1251 2319 1306 audiens
2355 1253 2548 1306 aderas
2584 1269 2598 1318 ;
2645 1270 2751 1318 quo
2781 1269 2906 1307 vero
2935 1254 3009 1305 tui
3041 1255 3180 1306 fama
3220 1265 3564 1321 pervenerat,

1985 1345 2096 1400 illic
2127 1356 2180 1400 et
2210 1361 2317 1409 me,
2345 1362 2467 1414 qua:
2507 1357 2558 1400 te
2614 1347 2950 1414 genuissem,
3005 1348 3214 1401 felicem
3265 1347 3568 1417 pra‘dican-

1983 1437 2108 1492 dam
2143 1439 2462 1492 censebant.
2526 1437 2679 1492 Nunc
2716 1455 2849 1493 vero
2897 1440 3151 1509 exiguum
3207 1450 3422 1508 tempus
3485 1455 3566 1494 sat

1986 1530 2107 1592 fuit,
2143 1530 2206 1582 ad
2253 1530 2610 1598 per-vertenda
2672 1531 2783 1585 lunt:
2837 1532 2888 1584 in
2945 1533 3102 1585 lletus
3161 1540 3216 1583 et
3273 1534 3561 1603 lacrymas.

1983 1622 2268 1676 Commota
2300 1633 2382 1676 cst
2413 1632 2617 1690 autem,
2645 1622 2781 1678 Nate
2811 1626 2903 1688 mi,
2933 1635 3021 1678 tua
3049 1625 3346 1680 afflictione
3387 1629 3565 1679 omnis

1983 1728 2257 1769 creatura.
2296 1717 2523 1785 Atqnod
2555 1718 2985 1787 unumquodque
3019 1719 3417 1771 elementorum
3450 1735 3564 1772 sin-

1987 1808 2210 1875 gulatim
2252 1810 2592 1872 sustinuerit,
2651 1826 2757 1864 non
2819 1808 3037 1863 diﬂicile
3094 1810 3198 1864 fuit
3250 1811 3453 1871 videre,
3497 1827 3564 1864 ne

1981 1916 2085 1971 qua
2119 1905 2363 1956 accessio
2398 1907 2486 1957 Iiat
2521 1905 2731 1958 ceteris
2765 1904 2948 1955 animo
2978 1918 3100 1956 meo
3133 1904 3559 1971 percurreudis:

1981 2010 2105 2049 cum
2136 2005 2317 2050 tamen
2350 1997 2414 2048 ad
2449 2011 2534 2049 me
2571 1997 2842 2065 pertinere
2865 1997 3184 2066 juilicariiu,
3227 2012 3560 2064 unounoque

1981 2100 2111 2141 casu
2145 2103 2242 2141 cor
2303 2103 2484 2140 meum
2519 2089 2760 2158 percelli.
2799 2089 3084 2161 Siquidem
3148 2092 3261 2145 sole
3319 2092 3559 2145 tenebris

1978 2179 2241 2243 obducto,
2275 2180 2513 2234 obducta
2545 2195 2666 2234 sum
2705 2185 2984 2249 tenebris;
3033 2197 3095 2236 ac
3137 2193 3281 2237 terra
3314 2199 3558 2237 cuneus-

1979 2288 2061 2336 sa,
2093 2287 2362 2329 concussa
2418 2282 2545 2326 sunt
2578 2273 2707 2326 nr‘ibi
2753 2277 3016 2330 membra.
3059 2278 3194 2329 (lum
3249 2293 3374 2329 vero
3423 2292 3555 2329 saxa

1977 2373 2108 2418 sunt
2179 2364 2452 2432 perlissa,
2509 2373 2560 2417 et
2602 2366 2782 2418 velum
2837 2365 3153 2429 discissum,
3216 2383 3324 2420 non
3379 2368 3555 2437 potuit

1979 2473 2073 2511 t‘Ol'
2122 2473 2299 2510 meum
2337 2473 2444 2510 non
2502 2457 2733 2512 discindi
2779 2475 2793 2513 :
2850 2460 3098 2526 sepulcra
3169 2470 3296 2513 sunt
3346 2475 3551 2528 aperta,

1976 2567 2074 2619 ego
2101 2549 2240 2603 haud
2277 2552 2434 2604 aliter
2464 2551 2535 2604 fui
2573 2551 2786 2615 affecta,
2810 2569 2970 2622 quain
3001 2555 3094 2622 qui
3123 2555 3189 2606 ad
3213 2555 3551 2622 sepulturam

1975 2644 2300 2697 elfeiuutur.
2343 2643 2570 2709 Quoties
2607 2646 2732 2713 quis
2771 2645 3053 2698 nuntiabat
3092 2655 3330 2699 structas
3387 2648 3480 2699 tibi
3523 2661 3553 2698 a

1973 2737 2177 2792 Judzeis
2211 2737 2462 2800 insidias,
2518 2739 2738 2806 gravius
2775 2752 2873 2806 ego
2932 2738 3186 2790 timebam
3249 2740 3552 2806 perieulum

1977 2845 2103 2883 vero
2139 2847 2152 2882 :
2188 2830 2535 2900 nequeenim
2583 2830 2658 2882 tui
2721 2845 2875 2882 amor
2923 2829 3068 2883 leves
3120 2832 3551 2884 ευιιίιίιιιόίιιιιιη

1971 2922 2333 2988 cogitationes
2372 2919 2501 2972 mihi
2570 2919 2872 2988 injiciebat,
2938 2922 3033 2974 sed
3075 2925 3379 2973 metuebam
3446 2923 3544 2972 tibi

1972 3031 2032 3065 ea
2064 3029 2181 3081 qua:
2213 3029 2369 3066 nemo
2396 3014 2494 3066 sibi
2533 3013 2646 3082 ipse
2673 3022 2956 3066 metueret.
2985 3012 3215 3082 Lapides
3254 3018 3304 3066 in
3333 3025 3386 3066 te
3417 3015 3550 3066 sub-

1973 3105 2110 3160 latos
2166 3105 2387 3169 audivi,
2449 3123 2509 3157 ac
2575 3122 2660 3156 me
2720 3106 2897 3173 lapide
2961 3108 3106 3160 sensi
3190 3108 3546 3175 frigidior-em.

1975 3198 2115 3262 Quid
2147 3198 2312 3252 vero?
2343 3199 2599 3251 occubuit
2642 3196 2906 3261 Jo.mues,
2948 3214 3000 3252 et
3027 3210 3134 3252 tua:
3161 3204 3358 3252 cervici
3390 3218 3550 3254 secu-

1975 3294 2075 3342 rim
2109 3292 2511 3358 impendentem
2546 3291 2839 3358 fingebam.
2873 3291 2920 3344 Is
2961 3291 3047 3342 cui
3081 3298 3137 3342 tu
3170 3290 3347 3344 visum
3378 3290 3553 3345 dona-

1974 3393 2081 3440 ras,
2117 3393 2145 3430 e
2187 3392 2458 3447 synagoga
2495 3388 2578 3431 est
2609 3378 2840 3445 ejectus,
2874 3389 2925 3430 et
2962 3396 3060 3446 ego
3086 3395 3283 3432 saevam
3316 3382 3391 3433 tui
3427 3398 3553 3449 per-

1970 3475 2309 3523 secutionem
2340 3469 2480 3537 apud
2516 3485 2597 3522 nte
2634 3471 2943 3523 volvebant.
2973 3471 3093 3524 Jatn
3135 3486 3262 3525 vero
3307 3471 3550 3526 Lazarus

1974 3571 2068 3614 tuo
2117 3562 2384 3615 beneficio
2447 3573 2620 3614 morte
2678 3560 2999 3630 eseruptus,'
3044 3563 3108 3614 ad
3178 3579 3364 3617 necem
3426 3582 3551 3617 rur-

1973 3669 2092 3708 sum
2131 3663 2214 3707 est
2244 3656 2528 3721 qntesitus,
2564 3663 2618 3708 et
2668 3655 2754 3707 bic
2788 3658 2854 3706 de
2894 3669 2943 3708 te
3000 3657 3131 3708 milii
3169 3662 3547 3710 renovabatur

1972 3743 2233 3799 formido.
2271 3743 2374 3798 Sed
2408 3745 2522 3798 bzec
2577 3759 2643 3798 eo
2701 3758 2828 3798 sunt
2866 3762 3183 3815 progressa,
3233 3757 3292 3800 ut
3343 3761 3544 3800 uictum

1975 3839 2259 3893 attulerint
2289 3852 2304 3904 ;
2337 3852 2456 3906 qua:
2488 3851 2617 3890 vero
2646 3854 2789 3891 nunc
2818 3848 3142 3903 evenerunt,
3174 3839 3335 3892 linem
3373 3841 3545 3892 metui

1973 3932 2381 3999 imposuerunt,
2423 3935 2586 3998 atque
2612 3929 2826 3982 initiqu
2870 3929 3034 3984 ﬂetus
3068 3940 3126 3983 et
3176 3932 3360 3985 luctus
3408 3932 3542 3985 mibi

270 4031 654 4084 adduxerunt.
687 4029 785 4094 Te,
816 4027 976 4096 Nate,
1011 4037 1230 4099 propter
1263 4028 1380 4081 haec
1418 4026 1615 4091 deﬂeo,
1653 4035 1707 4082 et
1766 4037 1862 4081 tuo
1903 4028 2123 4082 nomine
2157 4027 2334 4095 ploro,
2369 4040 2483 4079 nec-
2515 4025 2631 4080 scio
2698 4027 2866 4092 diem,
2910 4042 3029 4096 quae
3096 4044 3244 4083 :ueas
3277 4031 3541 4099 lacrymas

272 4134 477 4185 sistere
503 4131 701 4200 possit.

365 4224 526 4277 Ἐἄτέ
561 4240 652 4290 με,
683 4220 946 4287 γυναῖκες
997 4216 1523 4288 παραμυθούμεναι.
1554 4216 1724 4285 Εῐπερ
1748 4215 1857 4286 γάρ

277 4318 560 4385 θαλάττης
585 4315 646 4365 τὸ
682 4311 1285 4383 τραχύνισθαικύμασι
1331 4314 1398 4380 τῇ
1432 4309 1522 4381 βία
1578 4310 1686 4362 τῶν
1737 4310 1860 4362 άνέ-

282 4425 406 4476 μων
435 4406 864 4472 τινασσομένης,
895 4404 990 4454 καὶ
1022 4401 1286 4469 ποταμῶν
1320 4401 1411 4468 ἀφ’
1460 4399 1666 4469 ὑψηλοῦ
1694 4417 1862 4452 κατα-

276 4500 599 4570 ρασσόντων
628 4497 703 4566 μὴ
735 4494 1003 4564 φέρεσθαι
1027 4494 1157 4546 ἄνευ
1182 4495 1337 4562 fuco,
1365 4493 1461 4545 aut
1489 4493 1644 4562 ἐμὸν,
1676 4498 1723 4542 ει
1748 4493 1850 4560 μή·
1894 4541 1934 4594 D

268 4611 382 4664 τηρ
421 4590 554 4660 ἐγὼ,
602 4590 695 4642 τδν
743 4589 955 4656 ἀτίμως
998 4585 1137 4655 ὁμοῦ
1208 4588 1300 4637 καὶ
1341 4585 1541 4646 ἀδίκως
1582 4583 1678 4652 τῆς
1713 4583 1856 4651 ζωῆς

268 4687 681 4757 ὲκχωρήσαντα
738 4681 998 4749 φίλτατον
1067 4679 1192 4730 Υίδν
1251 4675 1633 4744 ὀλοφύρεσθαι.
1705 4674 1860 4743 Ἐμοὶ

269 4781 384 4848 γὰρ
425 4778 485 4828 τὸ
519 4774 619 4843 μὲν
657 4773 778 4824 ὅλον
824 4766 891 4840 ἦν
927 4767 1317 4836 συγκατελθεῖν
1347 4765 1423 4832 τῷ
1457 4764 1570 4833 Υίῴ
1609 4765 1702 4816 καὶ
1737 4780 1861 4814 συν-

269 4875 414 4924 εῖναι
475 4866 598 4920 καθ’
654 4863 805 4936 ᾅδου.
864 4862 1018 4913 Ἐπεὶ
1067 4861 1122 4913 δέ
1178 4877 1246 4928 με
1301 4859 1485 4926 πάσης
1535 4857 1632 4924 τῆς
1670 4857 1858 4908 έπιθυο

273 4966 408 5031 μίας
430 4958 619 5026 τυχεῖν
649 4956 710 5006 οὐ
749 4955 1028 5022 συγχωρεῖ
1061 4954 1129 5004 τά
1165 4954 1262 5020 τῆς
1299 4950 1536 5019 φύσεως,
1574 4949 1699 5000 ὅσον
1730 4945 1859 5015 γοῦν

269 5052 493 5122 ἐμαυτῇ
528 5046 862 5117 χαρίσασθαι
893 5043 1052 5113 ἱκανὴ
1107 5044 1356 5111 γίνομαι,
1397 5042 1497 5093 οὑκ
1529 5041 1861 5109 ἀφιλόστορ-

270 5160 372 5210 γος
416 5141 831 5208 ἐλεγχθήσομαι
873 5137 1079 5206 μήτηρ.
1141 5135 1216 5186 Οὑ
1258 5132 1518 5201 διαλείψω
1587 5130 1862 5200 θρηνοῦσα

268 5239 331 5290 ὃν
355 5237 502 5288 κατὰ
541 5233 779 5302 γαστρὸς
829 5231 1060 5298 ἧνεγκα,
1116 5227 1174 5277 ὃν
1224 5226 1302 5288 είς
1362 5227 1473 5293 φὼς
1518 5223 1636 5275 τόδε
1691 5224 1863 5293 προή-

275 5343 481 5396 νεγκα,
531 5325 592 5377 δν
624 5324 978 5392 ἐθρεψάμην.
1043 5320 1116 5372 Οὑ
1157 5317 1478 5384 συγκαλέσω
1527 5315 1857 5385 θρηνούσας,

273 5422 369 5471 ἵνα
410 5434 500 5487 μοι
538 5419 604 5469 τὰ
661 5416 874 5484 δάκρυα
917 5411 1366 5482 προκαλέσωνται
1400 5421 1414 5436 ·
1455 5407 1859 5479 προκέκληνται

269 5512 384 5579 γὰρ
419 5507 637 5560 οἴκοθεν
673 5510 767 5557 καὶ
791 5501 1219 5572 παρώρμηνται,
1261 5498 1358 5551 καὶ
1410 5497 1714 5566 προάγεται
1741 5498 1854 5558 τοῖς

269 5600 578 5673 ὀφθαλμοῖς
609 5594 872 5666 ἄχθεσθαι
904 5594 1030 5664 ήδη,
1071 5592 1154 5643 ὅτι
1189 5592 1262 5659 μὴ
1317 5589 1503 5651 αὐτοῖς
1549 5588 1850 5657 εὐρυτέραν

344 5711 426 5781 (7)
462 5708 726 5761 Somnum
762 5713 918 5759 vocat
946 5704 1191 5781 corporis
1230 5711 1290 5781 _et
1315 5701 1482 5779 animi
1530 5700 1849 5781 d-ssolutio-

269 5774 489 5840 uein'ex
516 5782 767 5832 ducti-ina
822 5782 993 5844 ipsius
1038 5775 1265 5836 L’ltristi,
1308 5777 1401 5840 qui
1447 5783 1692 5824 mortuos
1727 5774 1853 5822 dor-

270 5867 408 5909 mire
439 5849 600 5914 dixit,
661 5848 738 5901 uti
769 5846 1042 5900 Lazarum
1070 5855 1411 5912 caeterosque
1444 5856 1584 5909 quos
1616 5860 1646 5894 υ
1695 5858 1841 5893 niur-

2037 4212 2207 4265 Sinite
2228 4226 2332 4272 me,
2366 4225 2487 4278 qua:
2519 4211 2623 4264 buc
2650 4210 2908 4264 solatium
2936 4211 3178 4263 allatura:
3204 4211 3540 4264 accessistis.

1970 4306 2254 4359 mulieres.
2302 4303 2356 4356 Si
2391 4304 2536 4356 enim
2578 4317 2722 4355 mare
2764 4303 3020 4356 [luctibus
3059 4312 3112 4355 et
3169 4303 3214 4355 vi
3264 4307 3540 4356 turbatum

1971 4407 2257 4449 ventorum
2295 4411 2403 4448 non
2443 4401 2623 4462 potest
2657 4407 2764 4445 non
2802 4395 3192 4456 intumescere,
3227 4405 3283 4448 et
3315 4395 3541 4450 ﬂutuina

1972 4505 2038 4543 ex
2074 4489 2185 4540 alto
2222 4484 2534 4539 delabentia
2564 4484 2771 4553 absque
2809 4488 2990 4539 sonitu
3036 4485 3167 4539 ferri
3203 4502 3486 4556 nequeunt
3525 4505 3538 4541 :

1970 4590 2119 4634 certe
2144 4578 2263 4633 fieri
2297 4593 2405 4631 non
2432 4583 2633 4644 potest,
2675 4577 2723 4629 si
2762 4577 2923 4631 modo
2951 4593 3052 4646 ego
3089 4591 3262 4631 mater
3297 4595 3442 4643 sum,
3483 4591 3543 4634 ut

1973 4667 2080 4726 non
2118 4671 2328 4738 lugeam
2385 4665 2580 4720 Filium
2625 4668 3027 4721 cliarissiniutn.
3075 4669 3343 4723 Debebrim
3396 4673 3538 4723 enim

1972 4764 2305 4818 descendere
2349 4774 2532 4814 comes
2589 4759 2870 4812 individua
2930 4761 3089 4813 simul
3148 4778 3270 4816 cum
3305 4761 3362 4815 Fi
3390 4765 3443 4817 io
3476 4767 3538 4817 a'd

1972 4854 2200 4917 inferos,
2259 4860 2617 4922 posteaquam
2648 4851 2795 4903 nulla
2827 4866 2911 4904 me
2943 4852 3219 4921 voluptate
3249 4854 3353 4907 frui
3387 4864 3543 4908 natu-

1968 4960 2028 4998 ra
2061 4946 2350 5013 permittit.
2387 4942 2554 5010 Atqui
2593 4951 2716 4994 utar
2739 4958 2824 5004 eo,
2863 4942 3006 5012 quod
3032 4945 3222 4997 saltem
3257 4945 3388 4998 mibi
3427 4949 3539 5014 ipsa

1969 5039 2266 5091 conciliare
2321 5050 2582 5103 possunt,
2659 5036 2857 5087 solatio
2918 5051 2931 5086 :
3016 5050 3123 5088 non
3184 5051 3283 5103 ego
3343 5053 3540 5105 expers

1965 5142 2164 5197 arguar
2202 5127 2419 5196 pietatis
2442 5140 2567 5194 erga
2615 5123 2810 5178 Filium
2848 5124 3020 5178 Mater
3053 5143 3070 5182 :
3107 5127 3232 5193 {non
3267 5127 3535 5196 desinam,

1965 5234 2127 5287 quem
2156 5228 2309 5272 utero
2358 5217 2590 5285 gestavi,
2624 5217 2823 5271 deﬂere
2871 5232 2883 5267 :
2951 5234 3056 5271 non
3111 5219 3422 5273 convocabo
3457 5223 3534 5288 (8)

1961 5310 2105 5374 illas,
2129 5324 2249 5377 qua:
2278 5308 2586 5375 deplorent,
2615 5324 2775 5376 quem
2813 5309 2865 5360 in
2896 5308 3035 5361 banc
3070 5309 3244 5361 lucem
3279 5318 3530 5378 produxi,

1963 5413 2016 5458 et
2052 5418 2213 5473 quem
2242 5401 2495 5462 educavi,
2529 5410 2587 5453 ut
2633 5401 2762 5452 mihi
2820 5409 3188 5468 provocentur
3244 5401 3531 5470 lacryune;

1967 5495 2309 5565 propendent
2337 5496 2482 5548 enim
2522 5503 2574 5546 et
2615 5501 2936 5555 erumpunt,
2975 5503 3138 5560 atque
3177 5492 3333 5547 dolor
3353 5497 3531 5548 oculis

1964 5588 2233 5652 oboritur,
2285 5587 2428 5656 quod
2478 5589 2684 5640 exitum
2739 5585 2845 5639 illis
2905 5600 3014 5639 non
3075 5585 3202 5640 dent
3251 5586 3522 5643 latiorem.

1962 5701 2072 5754 tuis
2096 5702 2162 5753 ad
2191 5701 2343 5754 vivos
2371 5699 2666 5753 revocavit.

2030 5771 2107 5841 t8)
2141 5770 2265 5825 Haec
2293 5770 2636 5824 consuetudo
2669 5769 2768 5824 fuit
2796 5767 3130 5825 Judaorum.
