4234 6446
262 418 399 479 1001

1184 421 1474 481 ORATIO
1511 421 1589 481 IN
1634 416 2158 483 SEPULTURAM
2206 415 2268 476 D.
2308 415 2379 476 Ν.
2413 415 2443 473 J
2504 414 2567 476 (ἶ.

3394 412 3533 478 1002

259 532 371 582 τῶν
396 530 624 584 κακῶνῐ
674 532 804 601 Ἐμέ
838 532 937 601 μέν
960 528 1048 585 οἷα
1074 532 1183 586 τῶν
1213 533 1390 586 ἄλλων
1437 532 1643 605 βραχὺς
1675 534 1849 602 είσῃει

1909 543 2057 591 inus
2108 526 2214 580 sub
2239 526 2369 596 jugo
2410 535 2600 580 nostro
2626 524 2831 578 detenti
2884 521 3126 577 fuerunt.
3182 520 3295 576 lien
3353 523 3530 573 mala!

258 620 427 688 δεῦρο
455 624 763 677 κατιόντων
792 623 976 692 λόγος,
1012 625 1125 677 δεῐν
1164 625 1324 695 ᾤμην
1354 626 1447 678 καὶ
1483 625 1677 677 τοῦτον
1710 623 1845 691 παρ’

256 716 416 769 οὐδὲν
447 719 625 783 ἄγειν.
674 717 735 771 'O
789 716 836 769 δ’
895 719 985 788 ἄρ’
1032 717 1366 789 ὑψηλότερος
1410 715 1477 789 ἦν
1540 717 1681 771 ῶστε
1736 716 1847 767 τῶν

260 808 459 860 ἐνθάδε
493 809 1026 875 συγκεκλεισμένων
1061 807 1141 871 εἷς
1192 808 1334 863 εἶναι
1369 812 1568 863 δοκεῖν.
1626 808 1737 863 Καὶ
1784 809 1845 860 τὸ

265 900 371 967 μὲν
396 902 492 953 καὶ
520 898 711 953 τοῦτον
728 903 839 960 τοῖς
867 904 1003 970 ἡμῖν
1034 902 1365 971 προσέχουσι
1399 902 1617 973 μέλλειν
1641 902 1844 971 ἐγγρά-

260 992 463 1059 φεσθαι
510 994 706 1064 ἡδονὴν
745 995 982 1065 παρεῖχέ
1028 1013 1188 1049 τινα·
1218 998 1279 1050 τὸ
1309 998 1365 1051 δὶ
1400 999 1537 1050 πᾶσι
1590 996 1843 1066 δρασμοῦ

261 1087 457 1156 χώραν
491 1087 717 1150 διδόναι,
752 1087 913 1142 τοῦτο
964 1089 1021 1142 δέ
1081 1089 1191 1142 τῶν
1252 1090 1551 1160 συμφορῶν
1595 1091 1842 1160 ἔσχατον.

263 1180 332 1232 ’Δ
345 1198 528 1249 μεινον
560 1176 628 1248 ἦν
656 1199 747 1249 μοι
779 1183 1000 1236 πάντων
1029 1182 1163 1253 παρ’
1195 1183 1289 1237 ἕνα
1323 1183 1531 1237 τούτων
1558 1182 1847 1247 δεσπόζειν

258 1274 293 1341 ἢ
323 1274 421 1327 καὶ
452 1272 644 1326 τοῦτον
666 1274 949 1345 δυστυχῶς
979 1276 1384 1346 ἐγχανόντισὺν
1407 1278 1561 1347 αὐτῷ
1600 1277 1695 1330 καὶ
1720 1276 1847 1340 τοὺς

257 1367 462 1430 ἄλλους
485 1368 707 1436 ἐμέσαι.

336 1658 634 1730 Κατεπόθη
672 1661 856 1731 μικρῷ
885 1663 1123 1733 πρόσθεν
1148 1666 1283 1733 ἡμῖν
1330 1665 1517 1737 ἕτερός
1560 1684 1681 1732 τις·
1735 1669 1847 1724 Δά-

256 1751 432 1821 ζαρος
464 1748 533 1823 ἧν
567 1754 740 1823 ὄνομα
770 1756 847 1825 τῷ
881 1756 1081 1828 νεκρῷ.
1109 1759 1312 1813 Τοῦτον
1336 1762 1447 1814 τῶν
1477 1763 1701 1827 ζώντων
1727 1781 1809 1827 τις
1829 1779 1843 1794 ⁸

1951 619 2203 674 Arbitror
2231 620 2486 687 equidem
2542 616 2883 686 oportuisse,
2920 617 3065 671 sicut
3097 615 3239 669 alios
3270 614 3363 684 qui
3419 612 3529 666 huc

1950 712 2316 776 desrendunt,
2354 709 2683 781 parvil‘aclo,
2720 709 2790 763 ita
2826 710 2970 763 hunc
2997 723 3221 778 quoque
3256 723 3342 762 me
3371 706 3528 761 nihili

1950 807 2070 861 loco
2096 806 2320 860 ducere.
2350 804 2513 872 Atqui
2548 804 2635 856 hic
2670 802 2887 861 elatior,
2944 816 3108 870 quam
3134 810 3192 853 ut
3250 800 3533 854 videretur

1950 899 2149 965 aliquis
2200 913 2325 953 esse
2368 898 2590 951 illorum
2649 901 2735 966 qui
2788 896 2873 947 hic
2924 893 3175 948 conclusi
3242 901 3526 947 tenentur.

1950 988 2093 1057 Quin
2124 998 2177 1045 et
2209 990 2316 1045 hoc
2355 1004 2442 1043 me.
2499 990 2696 1057 gaudio
2749 987 2949 1047 atl'eeit.
3010 985 3155 1055 quod
3218 986 3528 1054 putaverim

1954 1085 2100 1137 hunc
2122 1096 2339 1151 quoque
2370 1080 2422 1135 in
2457 1082 2803 1133 matriculam
2838 1081 3080 1143 illorum,
3108 1079 3201 1147 qni
3259 1078 3392 1131 mihi
3426 1093 3527 1147 pa-

1953 1184 2095 1238 rent,
2130 1174 2448 1242 inscriptum
2482 1174 2547 1226 iri
2577 1189 2591 1239 ;
2629 1172 2771 1241 quod
2801 1187 2927 1225 vero
2955 1172 3210 1226 omnibus
3232 1169 3522 1240 eﬂugiendi

1909 1259 2092 1319 bviam
2148 1264 2517 1328 monstravit,
2577 1266 2628 1318 id
2677 1265 3051 1318 calamitatum
3131 1264 3377 1319 omnium
3442 1274 3525 1319 est

1951 1370 2279 1414 extremum.
2322 1358 2638 1412 Consultius
2672 1358 2869 1413 fuisset
2904 1374 2990 1411 me
3023 1360 3235 1412 caeteris
3260 1397 3276 1421 ,
3315 1358 3526 1425 absque

1952 1454 2075 1515 hoc,
2106 1452 2361 1506 omnibus
2390 1454 2896 1521 imperasse,quam
2928 1466 3035 1505 una
3065 1466 3189 1505 cum
3220 1450 3358 1520 ipso,
3386 1450 3527 1505 alios

1956 1561 2178 1617 quoque
2202 1546 2446 1601 hiantem
2474 1561 2745 1600 evomere.

2022 1661 2329 1730 Absorptus
2361 1670 2441 1714 est
2468 1661 2627 1714 nobis
2660 1660 2869 1729 pridem
2894 1660 3028 1713 alter
3049 1661 3267 1729 quidam
3297 1662 3528 1732 (Lazaro

1950 1759 2067 1806 erat
2095 1767 2296 1806 nomen
2332 1753 2569 1819 mortuo)
2602 1769 2614 1804 :
2644 1767 2767 1805 eum
2817 1752 3014 1820 aliquis
3047 1756 3288 1806 vivorum
3342 1754 3527 1825 (quem

255 1847 353 1896 τὶν
388 1844 487 1897 νῦν
516 1845 585 1899 τὰ
617 1846 899 1904 δεινότατα
931 1850 1150 1903 πάντων
1196 1853 1344 1921 ἡμᾶς
1377 1853 1610 1922 δρῶντα,
1650 1854 1844 1909 τοῦτον

1909 1883 1922 1933 ι
1953 1848 2426 1916 hnncipsum,qui
2458 1862 2557 1900 nos
2599 1855 2706 1899 tam
2758 1848 2897 1898 male
2930 1864 3072 1901 nunc
3120 1847 3331 1913 multat,
3358 1850 3526 1910 hunc.

252 1936 415 2009 οἶμαι
468 1942 803 2012 τυγχάνεινο
860 1943 999 2013 πρὸς
1074 1944 1196 2013 βίαν
1265 1947 1617 2013 ἀνέσπασεν,
1679 1949 1849 2018 ίκανῷ

1958 1941 2199 2009 inquam,
2223 1956 2347 1995 esse
2380 1942 2594 2009 opinor)
2616 1957 2711 2007 per
2741 1942 2847 1993 vim
2876 1941 3136 2011 abripuit.
3163 1943 3527 2011 longiuscule,

256 2051 365 2087 τινι
421 2035 593 2087 πλέον
650 2035 754 2105 τῆς
814 2036 1005 2090 ἐνθάδε
1077 2039 1271 2093 τούτου
1325 2040 1609 2111 διατριϐῆς
1658 2044 1850 2113 ἐγχρο-

254 2126 533 2195 νησαντα.
604 2128 749 2195 Ἐγὼ
803 2128 858 2182 δὲ
893 2131 990 2183 καὶ
1047 2131 1169 2185 τότε
1221 2134 1321 2202 μὲν
1360 2133 1567 2204 ἦλγουν
1621 2137 1850 2203 πάσχων

254 2218 360 2271 οὐκ
413 2219 684 2273 εἰωθόταο
732 2220 933 2291 ἔφερον
998 2221 1045 2275 δ’
1080 2223 1231 2293 ὅμως
1283 2227 1343 2279 ἐν
1408 2226 1623 2289 οὐδενὸς
1682 2228 1849 2301 μοίρᾳ

253 2311 350 2361 τὸν
382 2310 483 2364 ἕνα
519 2311 716 2373 τιθείς.
744 2312 861 2367 Νῦν
906 2314 963 2367 δέ
992 2318 1123 2382 περὶ
1160 2319 1378 2371 πάντων
1411 2321 1439 2373 ό
1471 2320 1737 2383 κίνδυνος.

331 2518 399 2570 ΕΞ
432 2517 492 2571 δέ
540 2518 737 2573 τοῦτον
774 2521 996 2591 άληθῶς
1047 2516 1185 2577 εἶναι
1239 2526 1532 2595 συμϐαίνει
1593 2527 1683 2581 τὸν
1750 2530 1845 2597 ἀφ’

255 2610 421 2679 ημῶν
462 2610 796 2681 ἁρπάσαντα
834 2613 1111 2683 Λάζαρον,
1168 2615 1260 2667 τὸν
1294 2620 1424 2687 περὶ
1457 2617 1567 2669 τῶν
1601 2621 1847 2687 ἐσχάτων

253 2704 483 2773 ἀνάγκη
515 2704 612 2757 νῦν
646 2706 857 2774 φέρειν.
910 2709 1005 2769 Ὃς
1038 2711 1143 2777 γάρ
1178 2711 1272 2761 καὶ
1319 2711 1605 2780 πόρρωθεν
1660 2712 1845 2781 φωνὴν

252 2797 423 2863 ἀφεὶς
448 2798 640 2865 μόνην.
683 2796 828 2849 οὕτω
854 2798 1128 2866 διέθηκεν,
1168 2799 1296 2852 ὥστ’
1347 2802 1457 2854 οὐδ’
1496 2802 1847 2871 ἠδυνήθημεν

255 2890 380 2952 ἐνὸς
408 2888 728 2961 ἐλευθερίαν
766 2892 1141 2955 ἀποκωλῦσαι,
1177 2894 1236 2946 τί
1284 2894 1383 2946 οὐκ
1418 2895 1484 2945 ἀν
1550 2896 1847 2964 ἐργάσαιτο

254 2983 589 3052 περιφανῶς
646 2984 906 3054 ἐμϐαλὼν
966 2988 1045 3049 εἰς
1099 2988 1201 3057 τὴν
1260 2989 1575 3058 ήμετέρανς
1618 2992 1685 3043 Οἵ
1733 3009 1843 3057 μοι,

255 3079 443 3132 πάντα
473 3078 577 3148 μὲν
633 3078 868 3149 δῃώσειν
902 3081 1082 3143 αὐτὸν,
1118 3081 1299 3134 πᾶσαν
1332 3083 1387 3135 δέ
1440 3085 1651 3137 ἐνθένδε
1682 3084 1837 3137 λείαν

253 3170 506 3224 ἐλάσειν.
557 3170 723 3237 Ἐμὸς
778 3174 916 3233 τέως
967 3172 1152 3235 Ἠλίας
1206 3189 1292 3235 τις
1349 3174 1711 3243 ἐθαυμάζετο,
1747 3178 1844 3229 καὶ

259 3264 372 3332 πρὸ
408 3263 624 3317 ἐκείνου
662 3264 860 3335 Ἑνὼχ,
890 3263 986 3327 οὒς
1028 3265 1079 3317 οἱ
1130 3264 1295 3334 δεῦρο
1322 3270 1624 3331 κατιόντες,
1661 3269 1847 3339 μακρὰ

259 3357 653 3426 καταγελάσαι
685 3359 785 3428 τῆς
842 3358 963 3426 ίσης
1020 3358 1203 3420 αὐτοῖς
1253 3358 1542 3428 διηγοῦντο
1590 3362 1845 3418 καθόδου.

256 3443 440 3513 Οὗτος
468 3449 546 3514 δὲ,
579 3450 758 3503 καίτοι
781 3452 857 3520 μὴ
884 3449 1028 3504 κατὰ
1058 3452 1235 3504 ταυτὰ
1264 3452 1359 3520 τῆς
1387 3452 1688 3516 ἀθανασίας
1708 3454 1849 3507 ἐκεί-

257 3561 361 3611 νης
404 3542 759 3613 μεταλαόὼν,
794 3542 934 3596 ἀλλά
988 3545 1083 3597 καὶ
1145 3542 1301 3607 δόξας
1342 3545 1445 3613 ἤδη
1499 3547 1846 3615 κρατεῖσθαι,

256 3637 532 3707 ὑπερέχει
580 3637 695 3698 τοῖς
748 3636 913 3699 ὅλοις.
948 3636 1113 3702 ⁹Αλλ’,
1146 3635 1192 3703 ib
1228 3636 1281 3689 τί
1318 3638 1515 3704 adeo);
1552 3640 1847 3710 βέϐλημαι,

257 3730 623 3800 πέπληγμαι,
658 3728 1003 3801 καθῄρημαι,
1036 3729 1151 3783 δεδε
1161 3748 1281 3800 μαι.

336 3846 500 3899 Οὕτω
559 3846 656 3899 καὶ
721 3845 814 3898 τὸν
870 3845 1004 3916 ᾅδην
1056 3846 1387 3917 ὀδυρόμενον
1450 3849 1723 3918 ἐδεξάμην
1771 3852 1851 3912 εἰς

260 3934 404 4001 ὦτα,
440 3939 538 3990 καὶ
587 3938 718 4009 παρ’
756 3937 926 3991 αὑτοῦ
974 3939 1075 4009 τὴν
1121 3934 1290 3991 αὑτοῦ
1319 3939 1624 3993 κατάλυσιν
1654 3944 1847 4007 ἔγνων.

344 4035 497 4104 Ὦρα
524 4034 589 4101 δὴ
615 4035 680 4103 τῇ
708 4032 872 4102 φύσει
905 4034 1015 4086 τῶν
1040 4033 1348 4105 ἀνθρώπων
1381 4037 1525 4087 κατὰ
1546 4035 1641 4087 τοῦ
1684 4051 1849 4104 πονη-

262 4126 364 4195 ροῦ
396 4125 888 4196 μεγαλαυχεῖσθαι.
936 4124 1001 4178 Ἦ
1032 4127 1141 4195 γὰρ
1186 4127 1290 4179 οὐκ
1318 4126 1678 4195 ἠγαπημένη.
1712 4128 1853 4195 ἠγα-

258 4221 495 4289 πημένη
524 4218 756 4291 ἐκλήθη,
786 4219 884 4273 καὶ
933 4218 1071 4273 Θεοῦ
1104 4220 1410 4291 τετύχηκεν
1471 4221 1727 4290 ἐραστοῦ.
1789 4222 1852 4275 El

256 4318 375 4383 γάρ
420 4313 601 4383 πατὴρ
635 4314 805 4365 παῖδα
838 4312 985 4380 φιλεῖ
1012 4312 1146 4366 διότι
1186 4314 1485 4385 γεγέννηκε
1507 4356 1522 4380 ,
1578 4316 1671 4368 καὶ
1720 4315 1853 4376 Θεὸς

260 4409 491 4469 πάντως
526 4405 818 4473 ἄνθρωπον
850 4407 933 4458 ὅτι
978 4405 1475 4477 δεδημιούργηκεν.
1539 4410 1636 4470 ’ος
1688 4408 1854 4461 αὐτὸν

258 4499 361 4553 τοῦ
394 4500 498 4567 μὲν
533 4498 771 4564 πρόσθεν
805 4498 1073 4564 τυράννου
1123 4499 1337 4551 τέθεικε
1402 4500 1672 4569 κρείττω·
1707 4499 1853 4551 ἐκεί-

258 4611 361 4646 νου
410 4592 469 4643 δὶ
502 4590 601 4658 τῆς
636 4591 954 4659 τυραννίδος
1012 4568 1644 4661 παραλυθείσηςίδεσμά
1695 4610 1852 4645 κατε-
1885 4568 1930 4627 D

257 4684 557 4754 ψηφίσατο
586 4681 683 4736 καὶ
729 4683 1004 4752 τάρταρον
1049 4683 1144 4735 καὶ
1180 4682 1358 4736 κλοιά.
1416 4683 1562 4735 Ἔδει
1619 4684 1716 4753 μὲν
1745 4686 1854 4754 γὰρ

256 4779 405 4848 ἡμῖν
444 4775 705 4846 βοηθείας
725 4775 915 4837 κακῶς
943 4774 1134 4843 ἔχουσι
1163 4790 1177 4804 '
1214 4775 1292 4844 τῷ
1328 4775 1384 4826 δέ
1435 4778 1726 4843 περιουσία
1759 4776 1851 4828 τοῦ

263 4870 495 4943 βοηθεῖν
526 4863 616 4939 ἦν.
652 4868 717 4921 El
746 4867 857 4938 γὰρ
877 4869 969 4919 τὸν
1000 4868 1228 4936 οὐρανὸν
1257 4868 1457 4937 πληροῖ
1484 4871 1577 4923 καὶ
1601 4871 1698 4939 τὴν
1729 4873 1853 4939 γῆν,

259 4964 366 5017 καὶ
394 4962 563 5023 αὐτὸς
599 4960 785 5014 πάντα
831 4962 1126 5026 πεποίηκε,
1162 4960 1323 5027 δῆλον
1355 4961 1429 5023 ὡς
1460 4962 1553 5013 καὶ
1584 4963 1741 5031 μόνος
1788 4962 1854 5015 ἂν

262 5056 438 5118 αὐτὸς
468 5054 654 5107 πάντα
690 5052 933 5106 δύναιτο.
996 5053 1105 5104 Καὶ
1153 5054 1349 5105 τούτου
1406 5054 1481 5121 μὴ
1516 5055 1654 5124 πρὸς
1711 5057 1857 5124 ἡμᾶς

263 5146 643 5207 καταῦάντος,
716 5143 848 5197 σκιὰ
892 5145 1075 5213 πάσης
1138 5143 1491 5214 ἀνθρωπίνης
1532 5148 1859 5216 ἐπικουρίας

264 5243 452 5313 ἰσχύς.
515 5242 579 5292 Ἀ
618 5238 729 5309 γὰρ
774 5237 1032 5299 τοσοῦτος
1084 5238 1383 5308 προφητῶν
1435 5240 1689 5309 ὸριθμὺς,
1738 5239 1858 5291 οὐδὲ

259 5340 364 5402 τῆς
408 5333 675 5393 Ἰουδαίας
730 5331 1112 5399 παρακινῆσαι
1150 5332 1371 5401 ἴσχυσεν
1418 5332 1638 5395 εἴδωλα,
1689 5332 1857 5385 ταῦτα

268 5426 516 5498 Χριστὸς
582 5423 758 5478 ἐλθὼν
802 5424 939 5476 ὡσεὶ
1005 5426 1214 5475 καπνὸν
1267 5424 1516 5476 ἐκλιπεῖν
1562 5425 1627 5476 ἐκ
1677 5425 1859 5491 πάσης

262 5525 561 5591 ἠνάγκασε
587 5518 713 5587 γῆς.
750 5519 863 5585 Τῆς
915 5518 1024 5587 γὰρ
1059 5517 1201 5568 κατὰ
1230 5517 1328 5587 τὴν
1364 5516 1589 5586 πρώτην
1641 5517 1861 5583 ἐντολὴν

263 5614 669 5685 Μραὸάσεως,
702 5612 798 5663 καὶ
853 5610 953 5678 τῆς
989 5611 1128 5678 μετὰ
1159 5607 1319 5661 τοῦτο
1356 5610 1493 5677 πρὸς
1543 5612 1610 5661 τὰ
1658 5607 1849 5661 εἴδωλα

265 5708 375 5761 τῶν
407 5703 723 5774 ἀνθρώπων
745 5702 1195 5772 αὑτομολὴσεως,
1228 5703 1557 5769 ἰσχυροτέρα.
1577 5700 1701 5769 ιτὴν
1722 5700 1851 5751 ἐαυ-

339 5908 454 5974 III)
488 5907 783 5974 Sumptnm
808 5913 891 5957 est
918 5904 1020 5956 hoc
1042 5918 1104 5956 ex
1134 5902 1282 5955 Osea:
1314 5916 1361 5953 c.
1403 5919 1439 5965 ι,
1478 5919 1523 5957 ν,
1556 5905 1605 5957 9.

602 6002 865 6059 Pyrno!“
918 6001 1029 6056 (in.
1083 5996 1370 6055 CXLVII.

1952 2044 2005 2088 et
2037 2035 2241 2090 diutius
2282 2052 2443 2105 quam
2483 2036 2600 2104 ipse
2629 2036 2718 2088 hic
2750 2047 2857 2096 cst.
2893 2038 3032 2104 apud
3071 2054 3168 2091 nos
3224 2050 3525 2093 versatum.

1952 2126 2063 2197 Ego
2093 2128 2341 2196 equidem
2385 2137 2516 2182 tunc
2572 2145 2792 2197 quoque
2827 2130 2997 2189 dolui.
3047 2146 3243 2199 passus
3273 2147 3333 2183 ea
3403 2149 3525 2199 qua-

1952 2233 2060 2272 non
2110 2220 2305 2273 soleo:
2369 2220 2467 2273 tul.
2530 2220 2908 2281 nihilominus,
2954 2221 3205 2285 exiguam
3258 2222 3525 2275 rationem

1952 2313 2115 2365 unius
2144 2327 2263 2367 esse
2294 2312 2597 2367 habendam
2624 2320 2798 2366 ratus.
2831 2311 2981 2367 Nunc
3006 2328 3134 2366 vero
3162 2314 3227 2367 de
3269 2314 3529 2368 omnith

1951 2416 2032 2461 est
2063 2406 2388 2475 periculum.

2024 2521 2176 2587 Quod
2215 2521 2260 2574 si
2302 2537 2494 2576 revera
2529 2521 2619 2575 hic
2643 2533 2748 2586 est,
2780 2524 2869 2592 qui
2906 2526 3063 2578 nobis
3090 2525 3292 2596 eripuit
3351 2525 3525 2582 Laza-

1951 2630 2098 2677 rum,
2130 2630 2355 2669 necesse
2388 2625 2467 2668 est
2502 2617 2681 2685 ipsum
2714 2630 2955 2672 extrema
2983 2621 3191 2674 moliri.
3221 2622 3326 2687 Qui
3377 2623 3523 2675 enim

1953 2706 2137 2773 procul
2168 2707 2296 2760 hinc
2329 2710 2527 2759 absens
2560 2710 2704 2761 edita
2771 2721 2983 2762 tantum
3028 2711 3185 2764 unica
3232 2728 3364 2765 voce
3397 2714 3528 2767 effe-

1951 2801 2045 2862 eit,
2077 2810 2133 2851 ut
2166 2800 2329 2852 unius
2373 2800 2750 2853 liberationem
2783 2802 3032 2855 inhibere
3069 2803 3522 2871 nequiveritnus:

1950 2892 2081 2959 quid
2119 2907 2226 2945 non
2273 2901 2594 2959 patraturus
2636 2903 2740 2958 est,
2796 2909 2919 2947 cum
2956 2907 3142 2963 aperte
3183 2898 3235 2949 in
3278 2908 3523 2951 nostram

1950 2984 2227 3052 regionem
2248 2985 2444 3038 irruit?
2466 2984 2559 3040 liei
2594 2988 2725 3040 mihi
2750 2990 2761 3040 ι
2790 2988 2993 3041 sicciue
3028 2986 3175 3041 illum
3205 2990 3525 3057 depopulari

1950 3078 2345 3132 omnia?itane
2386 3080 2511 3133 hinc
2534 3081 2769 3148 praedam
2821 3082 3078 3151 abigere?
3136 3082 3409 3137 llactenus
3442 3103 3523 3134 Im:

1954 3171 2127 3222 tenuit
2187 3171 2474 3224 admiratio
2517 3171 2645 3227 Elite
2704 3173 3017 3241 cujusdam,
3066 3187 3118 3227 et
3172 3186 3301 3230 ante
3350 3178 3524 3245 ipsum

1956 3262 2164 3315 Enochi
2202 3282 2214 3316 :
2254 3280 2396 3333 quos
2454 3267 2485 3316 ii
2525 3266 2618 3333 qtti
2651 3268 2758 3321 huc
2789 3267 3225 3334 descendebant,
3266 3286 3524 3339 perquam

1954 3352 2131 3407 ridere
2152 3368 2312 3407 suum
2338 3357 2663 3411 nuntiabant
2686 3361 3012 3415 descensum
3043 3363 3170 3417 :hic
3203 3374 3387 3417 autem
3419 3382 3525 3418 non

1953 3446 2222 3513 ejusmodi
2251 3448 2679 3507 immortalitatis
2713 3456 3007 3525 particeps,
3035 3457 3128 3511 sed
3151 3466 3206 3512 et
3228 3460 3399 3528 gloria
3436 3477 3530 3527 po-

1955 3542 2107 3606 titus,
2138 3543 2342 3596 eminet
2376 3545 2515 3600 inter
2562 3561 2790 3614 omnes;
2823 3550 2938 3617 sed,
2978 3552 3118 3606 heu!
3155 3553 3285 3622 quid
3314 3556 3532 3622 patior?

1953 3633 2164 3701 ejieior,
2200 3637 2480 3703 verberor,
2510 3652 2745 3704 evertor,
2781 3643 3012 3698 vinculis
3043 3648 3417 3718 constringor.

2028 3843 2119 3899 Sic
2179 3845 2477 3902 ululantem
2528 3850 2706 3903 audivi
2735 3850 3035 3906 inferorum
3081 3854 3419 3924 principem,
3454 3865 3529 3908 at-

1955 3952 2059 4006 que
2082 3952 2148 3991 ex
2182 3940 2298 4009 ipso
2332 3944 2689 3996 vastationem
2752 3944 2923 4012 ipsius
2957 3947 3222 4004 intellexi.

2027 4032 2183 4087 Nunc
2216 4044 2429 4103 tempus
2470 4048 2573 4103 est,
2614 4054 2721 4107 quo
2754 4050 2943 4095 natura
2974 4042 3213 4097 humana
3269 4046 3535 4104 adversus

1957 4124 2171 4179 hostem
2242 4129 2505 4195 glorietur
2560 4131 2883 4198 malignum.
2947 4133 3082 4199 Quae
3144 4137 3291 4193 enim
3335 4140 3535 4196 dilecta

1958 4237 2066 4276 non
2112 4222 2249 4286 fuit,
2284 4224 2482 4278 dilecta
2516 4237 2599 4278 est
2641 4235 2836 4280 vocata
2869 4227 3005 4297 (Η)⁹
3047 4236 3102 4283 et
3143 4229 3313 4285 Deum
3376 4249 3533 4290 nacta

1958 4321 2040 4367 est
2092 4315 2384 4367 amasium.
2443 4313 2497 4367 Si
2563 4317 2707 4368 enim
2769 4327 2925 4385 pater
2990 4317 3185 4385 lilium,
3244 4335 3535 4391 propterea

1958 4405 2105 4474 quod
2144 4405 2321 4474 ipsum
2382 4408 2655 4475 genuerit,
2683 4418 2853 4470 amat,
2899 4409 3041 4463 Dens
3095 4426 3317 4478 quoque
3364 4413 3538 4467 homi-

1960 4512 2110 4561 nem,
2136 4498 2282 4565 quod
2337 4499 2486 4551 illum
2522 4500 2854 4559 condiderit.
2894 4515 3126 4569 prorsus
3157 4503 3357 4573 diligit,
3388 4516 3442 4557 et
3466 4510 3537 4558 oh

1960 4590 2011 4639 id
2037 4599 2291 4657 tyranno,
2316 4590 2479 4656 cujus
2502 4590 2635 4658 jngo
2667 4592 3016 4659 premebatur
3044 4601 3227 4657 antea,
3261 4597 3537 4663 potentio-

1960 4694 2072 4735 rem
2106 4680 2253 4734 fecit.
2286 4680 2633 4734 liliusautem
2664 4684 2953 4752 tyrannide
2981 4686 3219 4748 sublata,
3258 4688 3537 4742 damnavit

1960 4779 2015 4825 et
2042 4772 2261 4825 vincula
2289 4782 2344 4826 et
2366 4772 2661 4825 Tartarum
2697 4783 2863 4840 atque
2896 4788 3138 4831 catenas.
3171 4776 3341 4834 Nobis
3389 4783 3534 4834 enim

1962 4865 2161 4918 misere
2216 4864 2436 4918 aﬂhctis
2473 4881 2611 4933 Opus
2648 4875 2764 4919 erat
2804 4870 3059 4922 auxilio:
3109 4868 3163 4923 in
3224 4872 3347 4940 ipso
3402 4889 3535 4927 vero

1962 4959 2225 5012 anxdium
2260 4969 2378 5011 erat
2412 4961 2597 5012 sitmn.
2636 4960 2688 5012 Si
2730 4976 2967 5029 namque
2997 4962 3197 5016 ctelum
3225 4974 3279 5017 et
3332 4975 3532 5021 terram

1966 5052 2175 5119 implet,
2214 5060 2379 5120 atque
2410 5053 2591 5105 Omnia
2646 5052 2759 5119 ipse
2797 5052 2948 5117 fecit,
3009 5054 3366 5109 manifestum
3430 5071 3533 5122 est,

1963 5160 2087 5197 cum
2115 5145 2291 5198 solum
2328 5145 2510 5198 omnia
2546 5159 2727 5211 posse.
2765 5144 2865 5211 Qui
2917 5148 3022 5201 nisi
3050 5149 3116 5201 ad
3177 5164 3277 5203 nos
3310 5152 3539 5203 descen-

1962 5236 2157 5298 disset,
2190 5239 2334 5291 vires
2379 5238 2651 5292 universa:
2677 5239 2799 5305 opis
2845 5241 3115 5306 humame,
3148 5243 3339 5296 umbra
3396 5245 3537 5296 luis-

1965 5340 2106 5382 senl.
2138 5329 2274 5381 Nam
2335 5346 2456 5399 qua:
2497 5338 2680 5383 tantus
2711 5332 3096 5397 prophetarum
3129 5350 3414 5400 numerus,
3445 5351 3539 5387 ne-

1963 5420 2402 5489 qneJudznorum
2463 5432 2764 5491 potuerunt
2813 5424 3030 5479 abolere
3084 5429 3376 5480 simulacra
3408 5466 3421 5486 .
3472 5446 3537 5481 ea

1963 5512 2213 5567 Christus
2268 5514 2556 5576 accedens,
2610 5514 2778 5568 veluti
2832 5514 3043 5569 intnnm
3097 5532 3425 5572 evanescere
3471 5533 3538 5571 ex

1966 5610 2218 5660 universa
2277 5617 2419 5660 terra
2454 5610 2654 5676 coegit.
2685 5608 3129 5676 quandoquidem
3168 5611 3327 5675 primi
3374 5613 3538 5662 viola-

1963 5704 2110 5757 tione
2131 5702 2381 5770 pt'a:cepli
2416 5710 2464 5755 et
2502 5712 2621 5769 post
2652 5701 2809 5766 hanc,
2850 5718 2992 5757 czeco
3023 5704 3305 5757 hominum
3335 5705 3537 5757 avidis-

3062 6000 3135 6059 32
