4234 6446
736 413 759 477 1
773 414 875 476 θῦ3

2016 401 2297 461 ΜΑΧΙΜΙ
2331 400 2702 461 ΡιΛΝίῖΒΕ

3835 395 3975 461 10οι

738 536 878 575 sime
914 518 981 574 ad
1030 517 1323 572 simulacra
1354 514 1832 577 concurrentium,
1864 513 2093 583 impetu,
2128 514 2304 567 eliiea-
2335 516 2375 569 Α
2406 532 2410 545 ί

2301 544 2304 551 ι
2335 516 2375 569 Α
2406 514 2498 565 τοῦ
2540 511 2955 581 φιλανθρωπίαν
2988 511 3015 562 ό
3043 508 3276 578 ποιητὴς
3294 494 3723 576 ἀντιπαραθεὶς,
3752 510 3973 563 τδπλά-

739 616 945 664 eiorem
971 623 1132 664 suum
1162 622 1291 676 erga
1329 607 1624 659 humanum
1657 620 1828 673 genus
1860 619 2101 659 amorem
2137 620 2307 673 oppo-

739 719 875 755 ueus
899 703 1211 769 {igrnentum
1241 714 1405 752 suum
1442 695 1847 765 redintegravit,
1871 705 1926 750 et
1948 696 2015 750 ad
2065 697 2304 766 priorem

739 806 897 843 usum
959 789 1194 842 reduxit.
1229 787 1328 842 Hic
1386 788 1473 840 ille
1536 794 1618 839 est
1669 786 1896 855 ﬁgulus,
1940 802 2098 853 quem
2156 787 2305 841 Jere-

742 884 880 937 ntias
911 882 1064 934 vidit.
1095 879 1216 933 llaec
1239 878 1470 948 collapsi
1501 878 1712 931 vasculi
1751 893 1843 945 per
1877 892 2073 931 manus
2135 879 2308 945 ipsius

741 974 1069 1036 sublevatio,
1102 972 1417 1026 etuude-ad
1463 969 1731 1023 artiﬁci-tn
1781 971 1949 1038 gloria
1988 970 2166 1035 rediit,
2209 972 2307 1024 luti

740 1068 950 1120 relictio
977 1066 1431 1133 reformatioque.

813 1163 929 1219 Ast,
963 1173 994 1210 o
1020 1158 1343 1211 admirabile
1373 1172 1514 1226 opus
1543 1158 1566 1211 ,ί
1602 1156 1919 1211 admiranda
1966 1155 2075 1210 l‘uit
2135 1158 2306 1225 prima

740 1252 912 1306 nostri
938 1252 1101 1313 ﬁctio,
1140 1252 1298 1320 digna
1353 1250 1540 1304 habita
1603 1250 1856 1304 manibus
1921 1260 1976 1304 et
2042 1250 2306 1319 inspirant

741 1344 834 1397 Dei
861 1344 1005 1414 (qua:
1032 1342 1288 1395 nimirum
1349 1357 1544 1396 manus
1564 1351 1619 1396 et
1661 1341 1962 1410 inspiratus
1988 1342 2082 1395 Dei
2109 1342 2311 1395 intelii-

737 1436 838 1505 git)
864 1453 878 1500 ;
917 1434 1234 1487 admiranda
1255 1434 1427 1503 magis
1458 1434 1662 1488 relictio
1698 1436 1883 1505 (idque
1911 1444 2085 1496 tanto,
2108 1446 2310 1502 quanto

739 1529 933 1581 melius
953 1536 1006 1579 et
1032 1526 1309 1595 acceptius
1334 1537 1436 1587 est,
1458 1527 1592 1580 bene
1612 1524 1773 1590 allici,
1804 1541 1966 1593 quam
1994 1527 2308 1593 quempiam

740 1620 918 1688 aliqua
947 1634 1003 1672 re
1027 1618 1263 1685 allicere)
1298 1619 1551 1686 adaeque
1598 1617 1804 1671 ﬁrmior
1833 1628 1885 1671 et
1917 1619 2185 1672 stabilior.
2216 1615 2310 1685 Vi-

742 1713 935 1765 demus
965 1702 1108 1764 eniu't
1151 1708 1424 1774 homines,
1452 1710 1642 1764 saltem
1677 1710 1795 1763 illos
1826 1711 1919 1779 qui
1954 1722 2186 1765 mentem
2218 1711 2315 1769 ha-

745 1805 900 1865 bent,
930 1804 975 1858 si
1005 1802 1227 1857 domum
1264 1802 1558 1872 collapsam
1593 1802 1941 1857 instauraturi
1989 1801 2121 1869 sint,
2148 1803 2311 1859 robu-

741 1897 906 1952 stiora
936 1895 1243 1963 tulioraque
1272 1894 1548 1963 prioribus
1596 1893 1879 1948 elaborare
1944 1892 2174 1947 aedilicia
2230 1893 2310 1947 al-

743 1997 883 2051 tera,
921 2001 986 2040 ne
1052 1985 1193 2038 idem
1256 1984 1430 2038 ruina:
1486 1993 1661 2038 metus
1719 1983 2029 2053 impendeat
2087 1985 2308 2042 iterum.

741 2078 891 2145 Quod
911 2090 1091 2132 autem
1113 2078 1279 2130 homo
1311 2075 1488 2129 facere
1519 2076 1822 2139 consuevit,
1857 2076 1946 2142 qui
1982 2092 2085 2129 non
2140 2078 2311 2131 multo

739 2174 914 2238 magis
945 2172 1047 2226 hoc
1074 2171 1180 2224 Deo
1215 2171 1337 2239 quis
1366 2170 1567 2225 tribuat
1589 2169 1790 2225 lCerte
1809 2172 1949 2224 bona
1985 2170 2153 2225 Deum
2184 2188 2311 2239 sup-

740 2265 984 2334 peditare
1048 2265 1380 2329 hominibus,
1443 2262 1744 2333 primordio
1795 2274 2007 2317 naturae
2059 2263 2312 2318 humana:

742 2357 842 2411 fuit
872 2357 1172 2423 adnatum;
1210 2361 1342 2409 adeo
1384 2365 1441 2410 ttt
1486 2355 1577 2425 qui
1618 2356 1783 2419 vivat,
1829 2372 1934 2409 non
1968 2363 2076 2408 tam
2131 2371 2309 2411 aerem

742 2450 1002 2519 spirando
1030 2451 1283 2511 adducat,
1317 2465 1476 2517 quam
1511 2448 1604 2503 Dei
1630 2458 1812 2503 utatur
1869 2448 2152 2503 beneﬁcio.
2206 2452 2322 2509 Su:

742 2553 960 2610 pererat
982 2553 1159 2597 autem
1195 2552 1254 2596 ut
1280 2543 1436 2596 bonis
1454 2541 1750 2608 imponeret
1768 2539 2073 2610 fastigium,
2108 2541 2162 2595 id
2194 2551 2312 2595 erat

743 2639 922 2707 ipsum
947 2650 1006 2690 se
1036 2635 1219 2698 nobis,
1261 2643 1314 2689 et
1372 2648 1471 2689 nos
1520 2633 1622 2689 sibi
1670 2635 2055 2689 communione
2103 2644 2312 2688 natum

741 2729 1072 2794 assimilare,
1098 2737 1152 2781 et
1184 2742 1215 2782 e
1246 2736 1422 2781 morte
1483 2726 1763 2791 reducere,
1802 2737 1965 2795 atque
1994 2727 2313 2782 haereditate

740 2820 943 2874 donare
971 2821 1119 2888 regni
1156 2818 1439 2873 etelorum.
1466 2817 1599 2884 Quis
1638 2818 1809 2886 enim,
1840 2818 1932 2873 ubi
1997 2833 2057 2875 se
2127 2822 2305 2888 ipsum

740 2913 872 2966 dare
904 2912 1172 2982 oportuit,
1208 2912 1658 2980 promptissimus
1688 2910 1792 2967 fuit
1832 2929 1847 2967 :
1884 2912 1973 2967 cui
2007 2912 2085 2967 rei
2133 2914 2301 2967 etiam

739 3008 787 3062 si
819 3006 1051 3060 maxima
1076 3004 1169 3067 sit,
1195 3003 1282 3058 ille
1319 3010 1646 3075 pepercerit.

2412 624 2523 676 σμα
2550 623 2607 658 τε
2638 605 3000 674 ἀνεκτήσατο,
3039 606 3132 655 καὶ
3156 602 3292 671 πρὸς
3324 603 3422 671 τὴν
3455 600 3734 669 προτέραν
3770 601 3977 669 ἐπανή-

2409 717 2548 767 γαγε
2574 700 2915 768 οἰκειότητα.
2942 697 3115 749 Τοῦτο
3145 698 3172 748 ὁ
3204 694 3484 764 κεραμεὺς
3527 694 3588 746 δν
3618 690 3759 747 εἶδεν
3812 695 3982 763 Ἰερε-

2413 790 2544 858 μίας
2565 806 2578 821 ·
2609 789 2819 857 τοῦτοὴ
2841 787 2936 840 τοῦ
2978 786 3335 846 διαπεσόντος
3366 784 3594 851 ἀγγείου
3631 782 3741 835 τῶν
3762 783 3977 837 ἐκείνου

2411 882 2613 952 χειρῶν
2654 880 2946 950 ἀνάληψις,
3001 880 3096 931 καὶ
3141 876 3279 945 πρὸς
3329 877 3465 943 ὅπερ
3516 876 3545 926 ό
3588 875 3845 943 τεχνίτης
3877 875 3980 943 ηὐ-

2410 975 2595 1035 δόκει,
2640 973 2737 1026 τοῦ
2805 972 2978 1042 πηλοῦ
3037 968 3381 1030 κατάπλασίς
3448 984 3507 1020 τε
3568 967 3666 1020 καὶ
3742 965 3981 1036 μιτατύο

2413 1082 2605 1121 πωσις.

2494 1156 2661 1222 Ἀλλ’,
2683 1155 2731 1208 ὣ
2758 1155 2850 1208 τοῦ
2878 1154 3154 1222 θαύματος
3178 1154 3190 1206 l
3214 1150 3505 1221 θαυμαστὴ
3539 1150 3637 1219 μὲν
3654 1151 3749 1202 καὶ
3774 1152 3806 1217 ἠ
3840 1166 3980 1217 προ-

2412 1251 2546 1319 τέρα
2577 1250 2779 1311 πλάσις
2820 1247 3001 1315 ἡμῶν,
3035 1245 3239 1316 χειρῶν
3265 1244 3362 1298 καὶ
3397 1244 3797 1312 ὲμφυσήματος
3820 1242 3985 1305 ἀξιω-

2414 1344 2570 1395 θεῖσα
2599 1340 2735 1393 Θεοῦ
2762 1356 2775 1366 ·
2808 1341 2968 1394 ἅτινά
2994 1357 3123 1393 ποτε
3177 1338 3296 1408 χεὶρ
3352 1337 3445 1388 καὶ
3494 1334 3800 1404 ἐμφύσημα
3842 1335 3983 1386 νοεῖ-

2412 1452 2505 1486 ται
2565 1432 2738 1485 Θεοῦ’
2797 1431 3229 1501 θαυμασιώτερα
3282 1428 3337 1481 δὲ
3416 1430 3448 1495 ἠ
3497 1427 3823 1486 ἀνάπλασις,
3888 1425 3983 1475 καὶ

2412 1524 2693 1586 τοσοῦτον,
2721 1526 2845 1577 ὅσον
2882 1513 3003 1585 τοῦ,
3034 1523 3084 1574 τὶ
3136 1524 3363 1591 ποιῆσαι
3393 1521 3538 1588 ὑπὲρ
3583 1536 3749 1581 τινος,
3779 1518 3841 1569 τὸ
3876 1535 3983 1569 πα-

2416 1615 2533 1668 θεῖν
2569 1615 2906 1685 ὑψηλότερον
2941 1615 3037 1667 καὶ
3060 1613 3602 1683 φιλανθρωπότερον.
3641 1612 3750 1664 Καὶ
3787 1609 3853 1679 δὴ
3889 1611 3987 1663 καὶ

2374 1758 2377 1759 ,
2413 1709 2749 1780 ὲδραιοτέρα.
2778 1707 2917 1777 Ἤδη
2948 1710 3058 1777 γάρ
3087 1724 3187 1760 που
3213 1708 3307 1759 καὶ
3342 1705 3649 1775 ἀνθρώπων
3692 1703 3819 1765 τούς
3857 1704 3985 1755 νοῦν

2416 1804 2637 1874 ἔχοντας
2668 1802 2943 1856 πεσοῦσαν
2970 1800 3148 1855 οἰκίαν
3202 1798 3705 1862 ἀνασκευάζοντας,
3740 1796 3989 1865 ἀσφαλέ-

2420 1912 2590 1965 στερα
2626 1893 2733 1948 τῶν
2761 1893 3045 1965 προτέρων
3072 1891 3441 1951 ἐκπονοῦντας
3463 1886 3601 1941 εϊόον
3628 1889 3696 1941 τὰ
3728 1888 3984 1957 δεύτερα,

2418 1988 2510 2040 τοῦ
2550 1992 2624 2058 μὴ
2667 1988 2829 2040 πάλιν
2856 1986 2946 2040 τὸν
2971 1987 3087 2039 ἴσον
3124 1985 3289 2053 φόϐον
3318 1983 3418 2052 τῆς
3442 1982 3702 2043 πτώσεως
3737 1983 3989 2049 ἐπηρτῆ-

2421 2081 2565 2135 σθαι.
2614 2082 2681 2133 Ὃ
2720 2081 2765 2134 δ’
2804 2080 3088 2151 ἄνθρωπος
3147 2082 3214 2134 ἂν
3256 2080 3522 2147 ποιήσειε,
3574 2074 3750 2144 πολλῷ
3786 2074 3988 2143 μᾶλλον

2416 2171 2559 2225 τοῦτ’
2593 2172 2659 2226 ἄν
2708 2187 2791 2233 τις
2848 2171 2965 2240 δοίη
2995 2170 3138 2241 Θεῷ.
3173 2172 3283 2224 Καὶ
3338 2170 3446 2239 μὴν
3476 2167 3572 2222 καὶ
3618 2167 3678 2220 τὸ
3710 2166 3821 2235 μὲν
3872 2166 3986 2228 τοῖς

2419 2267 2729 2335 ἀνθρώποις
2760 2266 2893 2319 Θεὸν
2918 2268 2987 2320 τὰ
3011 2266 3227 2336 χρηστά
3262 2270 3545 2334 παρέχειν,
3591 2261 3892 2329 σύγχρονον
3917 2261 3986 2327 τῇ

2417 2362 2527 2415 τῶν
2558 2361 2867 2430 ἀνθρώπων
2899 2360 3136 2427 γενέσει,
3174 2359 3267 2412 καὶ
3311 2358 3371 2411 οὐ
3430 2357 3632 2425 μᾶλλον
3675 2355 3849 2422 ζήσας
3903 2369 3988 2413 τις

2419 2451 2577 2520 ἀέρος
2622 2450 2860 2502 ἔσπασεν
2892 2451 2923 2517 ἢ
2974 2450 3225 2511 εὐποιίας
3280 2450 3512 2518 μετέσχε
3551 2445 3709 2498 Θεοῦ.
3746 2444 3901 2497 Ἔδει
3931 2443 3990 2495 δὲ

2417 2544 2477 2597 τὸ
2503 2545 2800 2613 κεφάλαιον
2831 2543 3155 2613 ἐπιτεθῆναι
3182 2542 3291 2595 τῶν
3308 2539 3704 2609 ἀγαθών.Τόδε
3731 2533 3823 2607 ἦν,
3854 2538 3991 2588 ἑαυ-

2419 2639 2507 2691 τόν
2535 2653 2594 2689 τε
2623 2638 2777 2705 ἡμῖν,
2811 2637 2904 2689 καὶ
2937 2636 3085 2705 ἡμᾶς
3120 2635 3297 2705 ἐαυτῷ
3326 2637 3391 2703 τῇ
3454 2632 3714 2701 κοινωνίᾳ
3753 2631 3853 2699 τῆς
3884 2628 3982 2695 γι.-

2420 2747 2557 2791 σεως
2613 2729 2921 2791 οἰκειῶσαι,
2980 2729 3075 2781 καὶ
3113 2727 3178 2779 ἐκ
3228 2727 3461 2778 θανάτου
3516 2724 3836 2790 ἀναγαγεῖν,
3891 2722 3992 2773 καὶ

2417 2822 2619 2891 κλῆρον
2649 2820 2835 2875 δοῦναι
2874 2820 2973 2890 τὴν
3022 2819 3268 2889 οὐρανῶν
3305 2816 3604 2887 βασιλείαν.
3648 2815 3707 2868 '0
3754 2816 3889 2884 γάρ,
3926 2808 3992 2867 οὐ

2417 2916 2511 2969 καὶ
2536 2913 2697 2966 αὐτὸν
2722 2912 2894 2982 ὲχρῆν
2931 2912 3234 2975 ἐπιδοῦναι,
3277 2912 3422 2980 μέγα
3449 2909 3510 2961 τὸ
3547 2908 3834 2977 πρόθυμον
3868 2925 3984 2959 πα-

2422 3006 2784 3079 ρασχόμενος,
2815 3005 2960 3069 τίνος
2998 3003 3064 3059 ἂν
3105 3004 3289 3065 ἄλλου,
3342 3001 3445 3055 κᾶν
3480 3002 3739 3069 μέγιστον
3770 2993 3824 3070 ᾗ,
3862 2999 3989 3065 φεί-

2422 3116 2576 3156 σαιτο
2600 3120 2615 3169 ;

815 3186 1005 3255 Magna
1040 3187 1205 3259 igitur
1234 3187 1349 3243 hac.
1372 3198 1523 3250 sunt,
1547 3187 1641 3243 sed
1677 3203 1853 3257 neque
1904 3188 2105 3254 aliena,
2134 3203 2311 3259 neque
2340 3202 2383 3260 ο
2484 3202 2487 3251 ξ

2340 3202 2383 3260 C
2484 3198 2644 3261 Μέγα
2682 3193 2782 3264 μὲν
2815 3187 2928 3258 οῦν,
2961 3191 3112 3245 οὐδὲν
3152 3190 3209 3243 δὲ
3268 3191 3471 3245 ἄτοπον
3504 3190 3535 3259 ἦ
3571 3188 3859 3251 ἀδύνατον,
3898 3189 3994 3238 καὶ

740 3296 804 3334 ex
839 3294 1030 3336 eorum
1068 3294 1315 3341 numero.
1349 3296 1471 3351 quae
1493 3281 1607 3334 ﬂeri
1639 3295 1747 3334 non
1810 3288 2061 3350 possunt,
2142 3281 2314 3337 Deum

742 3387 844 3443 pro
874 3372 1191 3427 hominibus
1245 3372 1360 3426 ﬁeri
1419 3373 1713 3437 hominem,
1746 3382 2056 3428 manentem
2099 3374 2317 3429 interim

747 3467 911 3521 Deum
943 3478 995 3521 et
1024 3482 1119 3534 per
1153 3481 1372 3521 carnem
1419 3480 1448 3519 a
1480 3480 1560 3520 se,
1602 3476 1938 3535 assumptam
2003 3469 2315 3522 universam

743 3573 962 3613 carnem
987 3560 1111 3613 vita:
1142 3558 1450 3613 restituere.
1486 3555 1619 3611 Tam
1649 3558 1926 3626 gloriosus
1977 3568 2171 3615 contra
2206 3561 2317 3614 ini-

744 3652 943 3705 inicum
972 3651 1281 3715 conﬂictus,
1318 3660 1371 3705 et
1399 3660 1507 3704 tam
1562 3649 1845 3719 splendida
1882 3652 1949 3706 ab
1979 3653 2168 3708 eodem
2236 3669 2321 3708 re—

746 3751 955 3811 portata
990 3745 1091 3798 fuit
1119 3745 1364 3798 victoria.
1397 3744 1535 3810 Quid
1565 3744 1757 3800 enim?
1814 3746 2042 3801 hoccine
2084 3756 2317 3811 tantum,

749 3836 1026 3891 hominem
1060 3851 1154 3907 per
1170 3838 1408 3892 insidias
1446 3838 1766 3907 imposteris
1795 3838 2033 3907 lapsum,
2085 3850 2137 3895 et
2170 3842 2316 3895 humi

748 3930 943 3983 misere
966 3930 1273 3999 iacentem,
1304 3929 1437 3985 adeo
1492 3932 1712 3996 elevari,
1747 3940 2009 4002 quantum
2068 3933 2318 3987 excidere

744 4025 811 4075 ab
842 4037 907 4075 eo
933 4023 1077 4090 quod
1128 4024 1195 4074 ab
1225 4022 1379 4076 initio
1421 4023 1675 4078 obtinere
1741 4025 2071 4078 videbatur?
2126 4025 2319 4093 itaque

748 4127 912 4179 quam
946 4120 1166 4180 propter
1196 4115 1701 4182 praevaricationem
1737 4116 1878 4185 jussi
1919 4130 2107 4170 sumus
2162 4117 2318 4170 habi-

754 4210 874 4255 tare
909 4212 1129 4267 terram,
1163 4217 1273 4256 non
1313 4212 1420 4257 tam
1447 4206 1625 4259 exsilii
1652 4205 1826 4260 locum
1856 4222 2017 4276 quam
2046 4208 2316 4261 coloniam

744 4291 812 4343 ad
850 4303 1063 4358 tempus
1094 4293 1425 4361 assignatam
1448 4310 1571 4350 esse
1604 4298 1901 4349 credimus.
1941 4296 2073 4351 Nam
2128 4299 2319 4352 incoli-

751 4398 869 4436 mus
920 4385 1216 4439 etiamdqu
1284 4390 1443 4442 hodie
1492 4390 1804 4457 paradisum
1856 4403 1976 4459 spe,
2024 4400 2079 4445 et
2139 4392 2315 4457 bonis,

749 4477 947 4544 quibus
979 4478 1068 4532 ille
1101 4478 1437 4545 abundabat,
1467 4480 1723 4545 fruimur,
1754 4492 1809 4537 et
1846 4499 1955 4551 quo
2011 4484 2147 4538 nihil
2205 4501 2317 4538 ma-

2419 3288 2709 3359 ἄνθρωπον
2740 3286 2881 3354 ὐπὲρ
2919 3284 3227 3353 ἀνθρώπων
3258 3282 3517 3348 γενέσθαι
3547 3283 3637 3334 τὸν
3687 3280 3847 3342 Θεὸν,
3895 3284 3997 3347 μέ-

2419 3398 2577 3435 νοντα
2602 3378 2765 3432 πάλιν
2794 3376 2955 3442 Θεὸν,
2981 3377 3076 3428 καὶ
3106 3374 3195 3427 διὰ
3225 3375 3324 3443 τῆς
3348 3374 3500 3442 αὐτῷ
3543 3372 3995 3444 προσληφθείσης

2420 3472 2644 3541 σαρκὸς,
2680 3471 2861 3523 πᾶσαν
2911 3465 3331 3521 ἀνανεώσασθαι
3387 3465 3487 3534 τὴν
3538 3466 3647 3517 τῶν
3682 3465 3994 3534 ἀνθρώπων

2419 3562 2603 3631 φύσιν.
2631 3560 2791 3617 Οὐτω
2821 3562 2931 3631 γὰρ
2956 3559 3290 3629 εὐπρόσωπα
3325 3559 3505 3611 δοκεῖν
3529 3553 3643 3627 εἶχε
3673 3557 3767 3609 καὶ
3788 3559 3858 3609 τὰ
3890 3559 3995 3625 τῆς

2422 3657 2559 3727 πρὸς
2584 3655 2675 3708 τδν
2710 3654 2906 3724 ἐχθρὸν
2935 3651 3259 3720 συμπλοκῆς
3294 3667 3353 3703 τε
3399 3652 3494 3702 καὶ
3534 3651 3712 3717 νίκης.
3764 3647 3831 3701 Τί
3879 3649 3993 3720 γὰρ

2418 3749 2673 3804 τοσοῦτον
2708 3750 2757 3801 εί
2782 3747 3073 3817 ἄνθρωπον
3108 3747 3299 3798 πεσεῖν
3324 3746 3416 3796 καὶ
3447 3741 3856 3812 ταπεινωθῆναι
3882 3760 3993 3795 κα-

2419 3839 2778 3911 κοτεχνήᾶας,
2816 3840 2919 3893 ὑπὸ
2946 3838 3085 3892 Θεοῦ
3117 3839 3477 3906 καθαιροῖτο;
3514 3836 3682 3888 Ὀσον
3725 3838 3776 3887 εί
3815 3830 3995 3905 οὗπερ

2419 3934 2597 3986 ἐδόκει
2634 3934 2862 4002 κρατεῖν
2885 3932 2991 3985 ὐπὸ
3008 3931 3201 3984 τούτου
3228 3934 3326 3999 τῆς
3354 3933 3527 4002 ἀρχῆς
3558 3930 3993 3983 ἀπαλλάττοιτο.

2434 4022 2718 4078 Ἐντεῦθεν
2753 4024 2845 4075 καὶ
2882 4024 2949 4094 ἢν
3000 4025 3064 4075 ὲκ
3108 4024 3483 4093 παραϐάσεως
3513 4026 3687 4077 οίκεῖν
3729 4026 3997 4093 κατεκρί-

2419 4116 2593 4185 θημεν
2626 4115 2750 4183 γῆν,
2780 4106 2877 4183 οὐχ
2906 4115 2980 4176 ὡς
3013 4117 3334 4185 καταδίκην,
3386 4115 3503 4168 ἀλλ’
3532 4115 3607 4179 ὡς
3643 4118 3996 4186 πρόσκαιρον

2422 4210 2714 4277 παροικίαν
2746 4207 2885 4261 εἶναι
2922 4210 3229 4279 πειθόμεθα⁵
3257 4227 3269 4241 ·
3298 4213 3393 4264 καὶ
3419 4212 3521 4281 ἤδη
3552 4227 3618 4279 γε
3656 4215 3776 4273 ταῖς
3805 4213 3996 4265 ὲλπισι

2419 4303 2512 4353 τὸν
2556 4303 2895 4367 παράδεισον
2933 4301 3089 4364 αὐθις
3145 4302 3422 4370 οἰκοῦμεν,
3478 4305 3712 4357 καὶτῶν
3769 4307 3997 4372 ἀγαθῶν

2420 4396 2535 4446 ἐκεῖ
2561 4396 3026 4463 κατατρυφῶμεν,
3053 4396 3228 4446 καὶτὸ
3258 4395 3322 4461 δὴ
3360 4398 3553 4458 παντὸς
3601 4397 3789 4465 μεῖζον
3848 4401 3996 4451 οὐτι-

2421 4485 2636 4543 νοσοῦν,
2660 4486 2740 4537 ὅτι
2792 4485 2892 4555 τὴν
2920 4487 3240 4555 ἡμετέρανς
3266 4486 3430 4553 φύσιν
3482 4487 3741 4558 σύνεδρον
3792 4490 3995 4561 ἔχομεν

748 4567 841 4632 jus
879 4576 984 4630 est,
1024 4579 1273 4622 naturam
1315 4582 1559 4626 nostram
1599 4574 1862 4630 habemus
1906 4590 2023 4644 quae
2074 4578 2312 4631 assideat
2342 4542 2393 4601 Β

2342 4542 2393 4601 D
2420 4577 2499 4643 τῷ
2538 4576 2660 4644 Θεῷ
2685 4577 2780 4629 καὶ
3051 4542 3145 4630 καὶ
3203 4542 3372 4631 τέκνα
3409 4542 3668 4646 γενέσθαί
3704 4542 3996 4651 καὶ

752 4655 862 4711 Deo
888 4668 942 4712 et
973 4657 1143 4723 Patri,
1182 4670 1615 4731 potestatemque
1654 4666 1963 4732 accepimus
2017 4674 2075 4720 ut
2124 4670 2313 4723 liamus

753 4748 845 4802 Dei
872 4750 991 4815 lilii,
1020 4751 1265 4820 adeoque
1297 4754 1390 4807 dii.
1424 4753 1535 4823 Age
1571 4770 1719 4818 vero,
1755 4768 2009 4825 possetne
2061 4761 2183 4825 quis
2230 4759 2315 4814 di-

750 4853 872 4891 cere
909 4851 1087 4896 uu'um
1119 4839 1331 4897 felicius
1369 4844 1546 4898 vivere
1579 4846 1737 4899 nobis
1767 4848 1839 4899 sit
1868 4849 2215 4917 permissum,
2250 4866 2315 4904 an

754 4929 898 4986 Deus
928 4933 1134 5001 majore
1160 4948 1261 4989 nos
1298 4950 1484 4992 arnore
1517 4939 1924 5006 prosequatur?
1975 4940 2166 5004 Nemo,
2198 4944 2319 5011 opi-

755 5037 874 5075 nor.
916 5022 1060 5088 Quid
1098 5024 1400 5080 reddemus
1461 5027 1693 5081 Domino
1755 5045 1852 5100 pro
1892 5033 2149 5086 omnibus
2192 5048 2313 5100 qua:

751 5113 899 5169 dedit
933 5116 1125 5170 nobis?
1157 5116 1287 5172 Sive
1313 5120 1456 5172 enim
1487 5120 1684 5173 caelum
1709 5132 1763 5175 et
1796 5130 2022 5182 terram,
2049 5135 2102 5177 et
2133 5126 2315 5178 omnia

753 5221 875 5275 qua:
900 5206 954 5261 in
977 5209 1057 5265 eis
1086 5220 1236 5273 sunt,
1262 5221 1550 5279 proponat,
1579 5212 1751 5281 regius
1778 5214 1981 5267 homini
2006 5224 2319 5272 exstructas

754 5296 937 5352 videre
970 5299 1144 5367 licet;
1186 5301 1302 5355 sive
1336 5303 1608 5357 hominem
1667 5305 1853 5373 lingat,
1892 5315 1945 5359 et
2005 5308 2321 5361 immortali-

753 5398 862 5444 tate
885 5399 1063 5456 ornet,
1092 5401 1149 5445 et
1179 5393 1503 5447 excellentia
1538 5398 1770 5464 propriae
1822 5373 2069 5467 imaginis
2104 5401 2320 5467 vestiat,

750 5480 876 5545 quis
909 5497 1017 5535 non
1044 5482 1191 5537 hunc
1224 5485 1374 5538 illum
1438 5502 1560 5540 esse
1582 5487 1808 5555 iudicet,
1837 5491 1929 5558 qui
1994 5492 2133 5545 bene
2197 5494 2325 5547 velit

754 5571 999 5639 beneque.
1060 5576 1221 5629 iaciat
1290 5578 1545 5631 homini?
1591 5579 1706 5634 sive
1781 5583 1942 5635 etiam
2011 5587 2321 5653 paradisum

757 5666 960 5732 plantis
994 5680 1269 5728 alumnum
1298 5669 1463 5723 faciat
1488 5680 1540 5722 et
1573 5671 1844 5727 hominem
1897 5676 1949 5726 in
2003 5690 2069 5729 eo
2099 5677 2327 5745 eqlloeet

753 5764 910 5825 (euge
945 5757 1230 5826 felicitas),
1270 5762 1529 5815 siveiudc
1557 5765 1736 5832 exigat
1778 5774 1831 5819 et
1859 5777 2033 5819 morte
2083 5768 2322 5833 damnet,

750 5862 812 5900 ea
841 5850 905 5902 de
940 5864 1129 5913 causa,
1168 5865 1233 5904 ue
1262 5851 1459 5905 malum
1485 5853 1699 5922 longius
1739 5863 1789 5909 et
1841 5857 2049 5927 leugius
2106 5870 2316 5929 SOPpll,

2417 4666 2554 4721 Θεοῦ
2606 4668 2699 4729 καὶ
2744 4666 2882 4731 θεοὶ,
2933 4666 3182 4731 ἐξουσίαν
3238 4669 3524 4739 ἐλάϐομεν.
3569 4667 3717 4741 Ἆρα
3784 4675 3998 4729 τούτων

2419 4762 2534 4830 ἔχοι
2562 4778 2647 4821 τις
2684 4762 2752 4814 ἀν
2780 4764 2957 4814 εἰπεῖν
3018 4763 3051 4831 ἦ
3086 4764 3231 4833 ἡμᾶς
3278 4766 3542 4834 ὲγχωρεῖν
3575 4767 4000 4836 εὐδαιμονέστε-

2423 4870 2513 4922 ρον
2539 4852 2767 4923 πρᾶξαι,
2797 4854 2829 4921 ἢ
2855 4854 2949 4907 τὸν
2984 4854 3117 4907 Θεὸν
3160 4855 3655 4927 φιλανθρωποτέρῳ
3672 4859 3997 4928 χρήσασθαι

2419 4946 2640 5015 τρόπῳ;
2682 4945 2893 5011 οὐδεὶς,
2928 4942 3104 5015 οἶμαι.
3139 4948 3202 4999 Τί
3221 4950 3675 5018 ἀντ-ἀποδώσομεν
3694 4952 3773 5019 τῷ
3797 4952 3997 5022 Κυρίῳ

2422 5035 2554 5104 περὶ
2580 5038 2803 5088 πάντων
2842 5032 2916 5089 ὧν
2944 5039 3333 5093 ἁνταπέδωκεν
3373 5041 3548 5109 ήμῖν;
3600 5042 3710 5094 Καὶ
3763 5042 3876 5110 γὰρ
3927 5045 3997 5097 ἂν

2420 5127 2654 5196 οὐρανὸν
2678 5130 2899 5199 παράγῃ
2936 5129 3032 5181 καὶ
3058 5134 3161 5198 γῆν
3194 5133 3290 5183 καὶ
3335 5132 3435 5184 ὅσα
3470 5133 3529 5182 ἐν
3562 5133 3795 5196 τούτοις,
3828 5134 3997 5202 βασίο

2421 5220 2540 5271 λεια
2570 5221 2835 5290 πάρεστιν
2862 5223 2995 5290 ὁρᾷν
3024 5223 3451 5291 οίκοδομούμενα
3478 5224 3555 5290 τῷ
3594 5225 3907 5295 ἀνθρώπῳ·
3930 5228 3999 5279 ἂν

2423 5311 2518 5363 τὸν
2545 5312 2833 5381 ἄνθρωπον
2876 5312 3043 5365 αὐτὸν
3080 5314 3332 5366 πλάττων
3379 5314 3682 5367 ἀθανασίαν
3716 5331 3775 5366 τε
3826 5334 3999 5385 μετα-

2420 5403 2551 5471 διδῷ
2591 5407 2686 5457 καὶ
2718 5405 2935 5473 ἀξίωμα
2979 5407 3232 5475 περιτιθῇ
3282 5407 3384 5476 τὴν
3417 5408 3628 5459 οἰκείαν
3662 5408 3872 5467 εἰκόνα,
3909 5414 3998 5473 τίς

2425 5496 2489 5547 ἂν
2518 5496 2578 5548 οὐ
2609 5496 2698 5547 τὸν
2720 5498 3008 5565 ἄνθρωπον
3037 5496 3447 5565 εὐεργετοῦντος
3468 5495 3607 5549 εἶναι
3636 5499 3808 5569 ,τοῦτο
3844 5501 3998 5568 λογί-

2427 5601 2614 5650 σαιτο;
2653 5587 2750 5638 ’Δν
2785 5586 3119 5653 παράδεισον
3154 5586 3356 5656 φυτεύῃ
3411 5586 3507 5639 καὶ
3555 5588 3649 5639 τὸν
3700 5589 3999 5659 ἄνθρωπον

2426 5677 2483 5727 ὲν
2515 5676 2664 5745 αὐτῷ
2697 5677 3004 5746 καθιδρύῃ;
3040 5677 3115 5730 Εὐ
3157 5694 3218 5740 γε
3279 5678 3376 5744 τῆς
3433 5681 3856 5749 μακαριότητος.
3896 5686 4000 5735 “Av

2427 5771 2635 5820 ἐκεῖθεν
2671 5770 2839 5838 ἐξάγῃ
2873 5770 2969 5821 καὶ
3025 5770 3235 5835 θανάτῳ
3270 5770 3631 5839 καταδικάζῃ,
3675 5772 3844 5836 φειδὼ
3900 5772 3999 5823 τοῦ

2434 5861 2751 5928 προϐαίνειν
2804 5862 2955 5918 ἐσαεὶ
2984 5861 3043 5913 τὸ
3095 5865 3298 5925 κακὸνς
3344 5864 3439 5914 “Iw
3477 5862 3657 5919 δὲκαὶ
3703 5862 3838 5925 Θεὸς
3893 5864 3994 5927 ὼν,
