4234 6446
781 419 918 484 1007

2062 429 2350 490 ΜΛΧΙΜΙ
2395 431 2769 493 PLANUDAE

3876 426 4010 486 1008

779 545 868 598 ubi
902 555 1064 614 caput
1099 543 1388 600 reclinaret
1411 548 1659 612 sortitus;
1692 549 1781 617 qui
1824 557 1903 602 tot
1956 560 2009 603 et
2046 559 2194 601 tanta
2223 565 2344 617 pas-
2376 551 2414 604 Α

2450 567 2618 616 φανόν
2667 550 2809 602 κατὰ
2854 549 3034 618 πάσης
3063 547 3238 617 ἀρχῆς
3284 545 3382 600 καὶ
3407 546 3654 611 ἐξουσίας
3687 545 3778 598 καὶ
3808 542 3904 598 τοῦ
3931 565 4015 600 κο-

776 653 906 701 sus,
941 653 1005 711 ac
1063 646 1339 707 postremo
1395 640 1554 692 etiam
1615 651 1789 695 morte
1849 641 2344 709 peremptus;ille,

776 729 1029 796 inquam,
1065 729 1130 782 ad
1173 737 1422 784 mortuos
1459 746 1804 800 progressus,
1830 747 2093 785 coronam
2128 733 2195 786 ab
2229 748 2346 786 om-

776 820 829 872 ni
866 836 1031 889 regno
1058 830 1113 874 et
1157 830 1450 890 potestate,
1493 832 1546 876 et
1582 825 1826 894 principe
1857 827 2204 879 tenebrarum
2259 825 2344 879 di-

775 921 985 982 reptam
1024 913 1344 981 asportavit.
1411 915 1655 969 Antehac
1707 915 1924 985 quidem
1979 917 2118 970 forte
2158 934 2344 972 nurne-

772 1002 930 1055 rabat
968 1002 1319 1059 adversarius
1380 1017 1515 1074 quot
1569 1006 1700 1076 jugo
1733 1009 1880 1074 regni
1931 1010 2016 1062 sui
2053 1018 2344 1078 premeret,

774 1109 919 1148 nunc
951 1111 1079 1151 vero
1106 1107 1253 1151 certa
1278 1100 1487 1154 numeri
1522 1102 1660 1155 ratio
1716 1102 1838 1155 iniri
1893 1112 2127 1172 nequeat
2157 1118 2342 1157 eorum

774 1187 865 1256 qui
903 1199 1090 1242 contra
1116 1189 1264 1244 hunc
1295 1190 1668 1246 cuanbristo
1703 1194 1960 1250 militant.
2002 1197 2180 1261 Atque
2213 1203 2344 1248 tunc

774 1280 934 1334 irasci
970 1289 1202 1350 poterat,
1235 1283 1280 1336 si
1325 1298 1430 1336 non
1475 1283 1658 1339 nmltis
1702 1274 1972 1353 imperare
2006 1286 2153 1340 visus
2207 1286 2345 1340 fuis-

773 1381 896 1438 set;
935 1389 1078 1426 nunc
1127 1389 1254 1428 vero
1300 1376 1654 1430 intolerabilia
1693 1388 1989 1446 pateretur,
2027 1380 2129 1435 nisi
2165 1395 2231 1434 ex
2259 1380 2343 1435 bis

773 1465 864 1532 qui
902 1465 1005 1534 ipsi
1039 1466 1292 1529 militant,
1329 1468 1688 1524 modestiores
1720 1482 2122 1526 revocarentur.

845 1556 1071 1610 Possum
1102 1569 1153 1612 et
1183 1559 1295 1611 hinc
1330 1558 1589 1626 adjicere,
1619 1575 1678 1614 ac
1708 1559 1953 1615 fortassis
1984 1578 2087 1615 non
2130 1563 2227 1618 abs
2261 1579 2339 1618 re.

771 1649 890 1702 Nox
915 1661 1032 1703 erat
1055 1666 1082 1702 a
1108 1651 1494 1719 prioriAdamo
1525 1668 1697 1723 usque
1726 1654 1790 1707 ad
1816 1670 2010 1707 novum
2035 1656 2298 1709 Adamnm
2324 1671 2339 1722 ;

770 1741 968 1794 dehinc
992 1757 1121 1796 vero
1157 1743 1273 1797 dies
1325 1744 1502 1797 illuxit
1555 1747 1808 1800 omnibus
1865 1763 2023 1814 quem
2084 1747 2342 1800 inducere

769 1833 921 1888 novit
946 1832 1037 1888 Sol
1064 1834 1155 1889 ille
1180 1835 1407 1902 iustitia:
1470 1837 1558 1906 qui
1594 1838 1905 1891 occubitum
1940 1840 2129 1892 nescit.
2156 1840 2340 1893 Hiems

768 1933 909 1988 erat,
941 1935 993 1978 et
1022 1926 1204 1979 omnia
1240 1926 1442 1995 {rigore
1499 1930 1706 1997 peccati
1757 1930 2166 2000 obtorpuerant,
2191 1931 2340 1985 illinc

769 2015 1165 2071 circumstabat
1194 2019 1672 2086 periculum,liine
1704 2021 1948 2092 pigrities
1976 2026 2343 2092 tranquillita-

777 2118 882 2163 tem
908 2118 1196 2165 straverat.
1221 2112 1408 2182 Caligo
1428 2124 1564 2177 erat,
1583 2124 1638 2168 et
1659 2116 1749 2184 qui
1779 2131 1834 2168 se
1857 2117 1919 2169 de
1942 2116 2029 2171 die
2058 2119 2342 2173 ambulare

767 2202 1052 2271 putabant,
1072 2203 1250 2257 videre
1273 2204 1600 2271 nequibant;
1621 2215 1741 2274 post
1758 2222 1883 2260 vero
1907 2209 2049 2262 clara
2075 2211 2339 2264 serenitas

771 2310 869 2365 per
902 2295 1072 2349 nubes
1099 2295 1212 2349 sive
1247 2296 1505 2364 depulsas
1525 2299 1638 2352 sive
1661 2298 1936 2353 discussas
1955 2315 2340 2369 prorumpens,

772 2389 992 2450 enituit,
1011 2389 1219 2442 nullum
1240 2389 1637 2460 subterfugium
1655 2393 1770 2446 sole
1792 2394 2153 2460 permittente.
2173 2394 2340 2449 Dissi-

775 2482 926 2535 dium
963 2491 1080 2535 erat
1100 2493 1151 2536 et
1182 2482 1401 2546 bellum,
1421 2495 1469 2536 et
1497 2484 1717 2537 multam
1744 2485 2067 2540 occisionem
2092 2488 2142 2541 in
2166 2488 2339 2541 bomi-

774 2592 869 2629 nes
898 2577 1238 2642 iuvexerant,
1272 2586 1454 2645 postea
1478 2593 1577 2646 pax
1598 2579 1703 2634 alta
1722 2580 2032 2636 denuntiata
2062 2590 2163 2636 est.
2185 2582 2334 2636 Talia

770 2678 901 2721 sunt
931 2668 1274 2723 admirabilia
1311 2669 1404 2725 Dei
1450 2687 1634 2740 opera,
1665 2672 1900 2742 gloriose
1944 2675 2233 2742 pra-dicata
2268 2677 2335 2730 ab

770 2761 998 2827 angelis,
1034 2761 1324 2816 decantatu
1379 2764 1766 2833 celebratuque
1800 2765 1960 2834 digna
1995 2769 2063 2822 ab
2101 2767 2335 2821 homini-

769 2856 904 2919 lius,
957 2854 1223 2908 horrenda
1270 2856 1572 2922 daemoniis,
1623 2866 1676 2912 et
1720 2857 1938 2912 laudata
1982 2874 2011 2912 a
2072 2862 2336 2915 creaturis

768 2947 1044 3001 munibus.
1074 2947 1348 3001 illustrem
1396 2958 1574 3003 autem
1615 2949 1770 3004 nobis
1819 2951 2047 3004 salutem
2101 2952 2336 3008 reddidit

768 3038 862 3094 Dei
892 3039 1109 3093 ccelitus
1144 3041 1197 3094 in
1224 3051 1422 3094 terram
1461 3042 1775 3106 descensus,
1825 3042 2087 3096 illustrem
2145 3053 2333 3112 partus

765 3132 1068 3203 virgineus,
1102 3133 1369 3187 illustrem
1403 3143 1453 3186 et
1503 3132 1629 3201 fuga
1681 3134 1996 3187 morborum
2050 3136 2331 3202 aegritudi-

2455 641 2830 709 σμοκράτορος
2859 641 2950 694 τοῦ
2990 641 3216 702 σκότους
3251 641 3544 709 ἀνῄρηται.
3585 640 3698 692 Καὶ
3754 640 4017 710 πρότερον

2454 734 2552 801 μὲν
2588 733 2718 795 ἴσως
2753 734 2980 803 ἠρίθμει
3038 733 3224 786 πόσων
3262 732 3582 785 ἐϐασίλευεν
3607 734 3635 784 6
3666 731 3888 802 ἐχθρός·
3925 732 4017 786 νῦν

2448 825 2636 878 δ’-ούδὲ
2664 827 2755 878 τὸν
2790 826 3031 894 ἀριθμδν
3085 825 3289 877 δύναιτ’
3336 824 3402 878 ἂν
3433 823 3699 895 ἀκριϐοῦν
3725 825 3839 878 ὅσοι
3886 825 4016 892 Χρι-

2449 918 2560 986 στῷ
2597 919 3090 986 στρατηγούμενοι,
3120 916 3314 970 τοῦτον
3356 918 3848 985 καταγωνίζονται.
3909 919 4014 972 Καὶ

2447 1014 2566 1064 τότε
2599 1011 2698 1078 μὲν
2725 1007 2874 1080 εἶχεν
2927 1012 2993 1064 ἂν
3027 1010 3422 1075 δυσκολαίνειν,
3457 1011 3503 1061 εί
3564 1009 3637 1080 μὴ
3667 1010 3882 1063 πολλῶν
3928 1029 4014 1062 τυ-

2451 1105 2666 1173 ραννεῖν
2726 1103 2934 1154 ἐδόκειο
2969 1102 3064 1155 νῦν
3107 1102 3164 1154 δὲ
3195 1101 3262 1153 τὰ
3296 1101 3578 1153 δεινότατα
3628 1101 3695 1152 ἂν
3733 1103 3932 1170 πάσχοι
3967 1104 4013 1153 εί

2452 1197 2526 1264 μὴ
2561 1194 2922 1263 μετριώτεροι
2978 1194 3089 1248 τῶν
3148 1193 3300 1264 αὐτῷ
3341 1192 3765 1262 συμϐαλλόντων
3815 1195 4017 1246 ἀνακυο

2454 1289 2765 1357 ρήττονται.

2520 1557 2672 1625 Ἐχω
2728 1553 3020 1608 καὶταῦτα
3067 1553 3386 1624 προσθεῖναι
3421 1553 3513 1606 καὶ
3572 1553 3703 1613 ἴσως
3733 1551 3793 1604 ού
3831 1568 4020 1620 περιτο

2445 1652 2573 1713 τῶς.
2601 1651 2718 1713 Νύξ
2743 1645 2812 1717 ἦν
2848 1651 2909 1700 ὲκ
2955 1645 3050 1699 τοῦ
3085 1649 3302 1714 πρώτου
3329 1646 3493 1715 μέχρι
3533 1644 3629 1698 τοῦ
3661 1645 3781 1696 νέου
3806 1645 3978 1712 Ἀδάμ
4001 1660 4016 1675 ⁸

2445 1747 2507 1794 τὸ
2528 1742 2572 1794 δ’
2605 1739 2856 1794 ἐντεῦθεν
2902 1739 3086 1807 ἡμέρα
3118 1719 3316 1790 πᾶσιν.
3347 1737 3598 1801 ἀνέσχεν,
3631 1735 3698 1804 ἡν
3737 1735 3765 1786 ό
3793 1735 3891 1802 τῆς
3942 1735 4017 1786 δι-

2447 1833 2741 1904 καιοσύνης
2774 1833 2962 1894 Ἥλιος
2988 1827 3096 1882 οίδε
3126 1831 3324 1895 ποιεῖν,
3354 1831 3381 1882 6
3408 1827 3481 1896 μὴ
3501 1827 3653 1879 δύσιν
3679 1825 3857 1886 εἰδώς.
3889 1825 4015 1877 Χει-

2449 1926 2564 1994 μὼν
2602 1922 2671 1996 ἦν
2711 1925 2807 1979 καὶ
2836 1925 3155 1991 νεκάρκωτο
3184 1923 3360 1974 πάντα
3401 1923 3477 1990 τῷ
3506 1919 3670 1988 ψύχει
3699 1918 3799 1985 τῆς
3832 1918 4016 1986 ἁμαρ.

2442 2019 2594 2082 τίαςο
2631 2019 2693 2070 τὸ
2727 2019 2770 2070 δ’
2819 2017 3075 2070 ἐντεῦθεν
3110 2017 3137 2068 6
3189 2017 3435 2075 κίνδυνος
3480 2011 3820 2080 περιίστατο,
3853 2011 3914 2062 τὸ
3965 2010 4011 2063 δ’

2443 2111 2695 2165 ἐντεῦθεν
2738 2110 2988 2178 σταθηρὰ
3017 2110 3228 2178 γαλήνη
3288 2109 3657 2175 ὑπέστρωται.
3698 2104 3890 2170 Ἀχλὺς
3923 2098 4011 2172 ἦν,

2442 2206 2534 2256 καὶ
2568 2204 2785 2257 δοκοῦσι
2819 2206 2931 2265 τοῖς
2967 2200 3278 2271 ἀνθρώποις
3313 2204 3370 2253 ὲν
3437 2199 3621 2269 ἡμέρᾳ
3661 2195 4012 2266 πορεύεσθαι,

2442 2295 2664 2366 βλέπειν
2697 2296 2796 2348 ούκ
2828 2290 2897 2366 ἦν
2923 2311 2937 2324 ·
2966 2295 3028 2347 1:6
3046 2293 3090 2346 δ’
3125 2292 3380 2347 ἐντεῦθεν
3413 2292 3600 2362 αίθρία
3649 2291 3865 2358 καθαρὰ
3907 2290 4017 2342 πᾶ-

2443 2407 2529 2442 σιν
2553 2389 2785 2460 ὲρῤάγη,
2826 2389 2935 2441 τῶν
2963 2387 3142 2454 νεφῶν
3170 2388 3222 2440 ετ
3249 2388 3296 2438 τ’
3331 2386 3634 2438 ἐλαθέντων
3661 2383 3713 2435 εἴ
3743 2399 3802 2434 τε
3831 2382 4018 2434 διαλυ-

2442 2482 2643 2533 θέντων
2673 2481 2749 2548 τῷ
2785 2479 3056 2548 μηδεμίαν
3103 2477 3418 2546 ὑποδρομὴν
3461 2475 3815 2543 ύφισταμένῳ
3851 2475 4012 2542 ηλέῳ.

2437 2573 2601 2642 Μάχη
2634 2572 2728 2626 καὶ
2764 2572 3002 2640 πόλεμος
3027 2567 3117 2642 ἦν,
3146 2574 3243 2623 καὶ
3272 2570 3442 2623 πολύν
3469 2571 3559 2621 τὸν
3623 2567 3846 2635 ὀλεθρον
3880 2583 4014 2617 κατ-

2437 2666 2737 2729 εσκεύαζον
2775 2666 2883 2718 τῶν
2919 2663 3233 2734 ἀνθρώπων
3260 2679 3274 2691 ⁶
3323 2661 3382 2715 τὸ
3421 2661 3465 2713 δ’
3518 2659 3769 2712 ἐντεῦθεν
3818 2660 4013 2726 εἰρήνη

2441 2759 2634 2829 βαθεῖα
2660 2760 2996 2829 κεκύρωται.
3026 2756 3264 2808 Τοιαῦτα
3288 2754 3383 2806 τοῦ
3418 2753 3553 2806 Θεοῦ
3593 2754 3657 2805 τὰ
3701 2753 4011 2818 θαυμάσια,

2436 2851 2772 2918 δοξαζόμενα
2802 2849 2900 2918 μὲν
2942 2848 3218 2915 ἀγγέλοις,
3245 2845 3555 2914 ἀξιύμνητα
3585 2845 3638 2896 δὲ
3668 2842 4010 2912 ἀνθρώποις,

2437 2942 2646 3013 φρικτὰ
2669 2942 2921 3011 δαίμοσι,
2956 2940 3051 2994 καὶ
3080 2940 3185 2992 ὑπὸ
3214 2939 3400 3006 πάσης
3435 2937 3730 3004 αἰνούμενα
3752 2935 4010 2994 κτίσεως.

2437 3035 2718 3103 Λαμπράν
2747 3033 2847 3101 μὲν
2869 3033 3004 3100 ἡμῖν
3045 3032 3145 3099 τὴν
3171 3028 3448 3096 σωτηρίαν
3477 3028 3620 3079 ποιεῖ
3643 3025 3820 3077 καὶτὸ
3842 3042 4012 3076 κατα·

2441 3126 2601 3194 δῆναι
2631 3125 2767 3177 Θεὸν
2802 3125 2894 3176 ἐπὶ
2929 3122 3034 3191 γῆς
3080 3122 3393 3190 οὐρανόθεν,
3428 3119 3687 3188 λαμπρὰν
3728 3117 3785 3169 δὲ
3825 3119 3921 3169 καὶ
3955 3117 4018 3169 τὸ

768 3242 1010 3296 numque
1044 3242 1073 3278 a
1103 3227 1310 3281 medico
1342 3225 1559 3280 Christo
1612 3227 2015 3295 prepulsorum,
2044 3228 2186 3282 inter
2231 3246 2334 3285 ρειτ-
2365 3226 2406 3284 C

2444 3217 2718 3288 παρθένον
2745 3219 2952 3280 τεκεῖν,
2983 3215 3249 3287 λαμπρὰν
3281 3215 3339 3266 δὲ
3383 3214 3478 3266 καὶ
3534 3215 3596 3265 τὸ
3649 3214 3834 3265 πᾶσαν
3861 3212 4020 3263 νόσον

773 3328 887 3372 tera
943 3327 1122 3371 tamen
1183 3319 1418 3372 maxime
1476 3317 1704 3374 illustris
1757 3321 2094 3388 resplendnit
2136 3323 2187 3376 in
2216 3325 2334 3392 ipso

770 3409 968 3464 Christi
1007 3411 1071 3462 ad
1102 3409 1304 3464 inferos
1340 3409 1628 3474 descensu,
1658 3421 1709 3465 ct
1740 3415 1911 3484 regni,
1947 3416 2089 3482 quin!
2144 3427 2332 3471 contra

768 3519 871 3559 nos
921 3503 1235 3556 obtinuerat
1267 3504 1634 3568 adversarius,
1673 3508 1999 3574 eversione;
2032 3521 2192 3578 atque
2240 3513 2334 3567 illo

770 3610 1019 3660 munere,
1054 3609 1161 3663 quo
1187 3594 1345 3649 nobis
1379 3604 1618 3663 potestas
1671 3605 1753 3650 est
1789 3599 1913 3653 data
1971 3605 2330 3657 conculcandi

2442 3312 2537 3365 καὶ
2568 3312 2843 3381 μαλακίαν
2876 3311 2980 3364 ύπδ
3017 3311 3330 3380 θεραπευτῇ
3347 3304 4016 3379 φυγαδευθῆναιΧρισῖιῖλ.

2444 3404 2606 3457 Ἔστι
2634 3405 2690 3457 δὲ
2732 3403 2969 3472 μάλιστα
3028 3403 3247 3454 πάντων
3281 3404 3382 3455 κάν
3430 3401 3604 3470 τούτῳ
3660 3400 3914 3468 λαμπρὰ,
3962 3401 4021 3448 τδ

2442 3498 2522 3558 είς
2551 3496 2677 3567 ᾅδου
2716 3494 3023 3563 καταὸἧναι
3056 3495 3316 3563 Χριστόν.
3376 3494 3486 3546 Καὶ
3527 3493 3620 3545 τοῦ
3672 3493 3769 3561 μὲν
3816 3490 4018 3560 ἐχθροῦ

2442 3590 2566 3642 καθ’
2619 3588 2776 3658 ἡμῶν
2830 3589 3007 3658 ἀρχὴν
3072 3586 3413 3654 ἀφελέσθαι·
3476 3587 3611 3652 ἡμῖν
3671 3585 3726 3637 δὲ
3781 3584 4020 3652 δύναμιν

768 3698 822 3741 et
855 3687 1163 3756 proterendi
1199 3697 1361 3756 caput
1396 3687 1591 3757 ipsius.
1623 3687 1774 3744 Adde
1799 3691 1942 3760 quod
1979 3708 2078 3747 nec
2114 3694 2275 3763 digne
2309 3707 2338 3746 a

2444 3683 2622 3736 δοῦναι
2656 3682 2754 3751 τὴν
2784 3684 2994 3734 ἐκείνου
3059 3684 3255 3734 πατεῖν
3315 3679 3579 3748 κεφαλήν.
3646 3679 3893 3745 Πρόσθες
3936 3677 4019 3729 δτι

770 3781 930 3834 nobis
951 3779 1248 3850 'exigantur
1280 3781 1486 3848 gratiae,
1522 3783 1615 3836 sed
1679 3784 1810 3838 satis
1867 3784 1938 3840 sit
1993 3784 2192 3840 bonum
2233 3786 2328 3840 du-

769 3887 886 3927 cem
918 3875 1092 3943 sequi,
1134 3883 1186 3927 et
1213 3883 1357 3928 recta
1387 3877 1719 3931 contendere
1743 3878 1806 3930 ad
1838 3878 2058 3947 regiam.

844 4049 1073 4103 Prode-at
1125 4050 1311 4104 forsan
1364 4054 1466 4104 line
1516 4054 1566 4106 in
1632 4055 1863 4109 medium
1921 4055 2117 4124 aliquis
2151 4073 2333 4112 eorum

771 4144 859 4210 qui
892 4142 1149 4196 aviditate
1175 4141 1414 4196 discendi
1448 4153 1722 4206 tenentur,
1750 4161 1812 4200 ac
1844 4157 1993 4216 roget
2021 4164 2035 4201 :
2067 4146 2336 4212 Quamob-

770 4251 884 4289 rem
914 4275 927 4296 ,
965 4235 1120 4300 cedo,
1157 4235 1360 4288 diutius
1417 4251 1578 4304 super
1631 4245 1797 4301 terra,
1831 4254 1991 4307 quam
2028 4241 2130 4293 sub
2189 4249 2334 4295 terra

773 4345 869 4383 sua
915 4330 1138 4384 consilia
1185 4330 1528 4383 annuntiavit
1580 4329 1858 4395 Servator,
1882 4341 1934 4386 et
1978 4348 2074 4386 cur
2122 4344 2333 4388 utruin-o

770 4440 874 4490 que
904 4433 1112 4492 tempus
1144 4424 1384 4476 ternione
1407 4423 1633 4489 deﬁniii,
1658 4425 2018 4493 illudquidem
2033 4441 2332 4494 annorum,

773 4518 877 4569 lioc
912 4531 1039 4569 vero
1079 4515 1335 4569 dierum?
1367 4517 1529 4583 Atqui
1585 4518 1780 4586 opinor
1837 4517 1983 4580 huic,
2039 4527 2330 4588 antequam

773 4620 940 4662 totam
975 4607 1332 4678 quaestionem
1363 4610 1730 4678 proposuerit,
1752 4625 2066 4679 responsum
2099 4612 2151 4664 in
2187 4628 2340 4666 men.
2371 4584 2414 4639 θ

771 4712 876 4756 tem
920 4710 1230 4764 venturum,
1291 4717 1458 4769 neque
1494 4716 1630 4769 opus
1689 4701 1803 4755 fore
1864 4701 2108 4756 doctore.
2141 4701 2340 4759 Omnes

770 4795 912 4847 enim
948 4807 977 4845 a
1015 4791 1122 4847 Deo
1158 4809 1352 4848 sumus
1384 4793 1551 4846 docti.
1577 4789 1811 4861 Reputet
1844 4805 2023 4848 autem
2058 4795 2173 4849 haec
2199 4797 2339 4864 apud

771 4903 852 4950 se,
893 4886 1095 4955 quibus
1127 4886 1304 4941 modis
1363 4889 1522 4940 vitam
1559 4899 1796 4943 nostram
1828 4888 2005 4941 adhuc
2037 4891 2342 4944 viventibus

772 4993 975 5046 i-orpus
1005 4979 1183 5032 varias
1225 4983 1409 5035 turbas
1436 4985 1653 5044 excitet,
1690 4990 1743 5034 et
1771 4982 1980 5036 inliuita
2005 4985 2343 5038 extrinsecus

775 5072 1162 5140 impedimenta
1225 5072 1475 5125 accidant
1522 5091 1535 5125 :
1601 5074 1799 5127 animae
1854 5091 1980 5128 vero
2019 5092 2140 5144 quae
2195 5075 2335 5143 apud

775 5167 985 5220 inii-ros
1033 5177 1179 5231 sunt,
1246 5165 1393 5218 nullo
1442 5166 1769 5219 clauduntur
1819 5175 1997 5234 septo,
2020 5169 2339 5234 corporibus

775 5238 1249 5312 videlicet-exutae.
1279 5257 1430 5312 Unde
1459 5257 1570 5311 illis
1612 5259 1852 5326 lengiore
1912 5259 2337 5312 eontinuatiore—

778 5366 882 5417 que
907 5364 1046 5418 Opus
1081 5349 1181 5402 fuit
1215 5349 1496 5418 disciplina
1530 5351 1549 5418 (
1581 5357 1638 5401 ut
1691 5350 2145 5418 quemadmodum
2201 5367 2340 5417 aqua

780 5455 921 5507 saepe
952 5440 1200 5494 cadendo
1226 5449 1380 5492 cavat
1415 5439 1670 5507 lapidem,
1702 5441 1779 5494 sic
1811 5449 1865 5492 et
1887 5456 2065 5494 sermo
2101 5442 2340 5492 animum

777 5533 1062 5600 emolliret)
1086 5534 1225 5598 ;liis,
1253 5548 1374 5584 cum
1405 5532 1637 5586 sintaeri
1676 5533 1928 5585 lacillime
1947 5533 2153 5586 cedenti
2189 5531 2338 5585 simiv

784 5629 881 5684 les.
941 5626 1062 5680 talis
1123 5625 1225 5678 fuit
1273 5634 1489 5687 natura,
1520 5634 1577 5677 ut
1629 5623 1812 5678 statim
1846 5625 2117 5691 potuerint
2164 5627 2344 5674 animo

782 5732 1122 5785 percurrere,
1151 5732 1272 5784 qua:
1321 5717 1456 5784 ipsis
1500 5727 1627 5769 sunt
1656 5715 1924 5767 nuntiata.
1965 5714 2021 5766 1n
2056 5723 2345 5781 utrumque

785 5820 962 5864 autem
1002 5820 1214 5877 tempus
1241 5808 1418 5861 ternio
1469 5807 1854 5872 introducitur,
1886 5817 2170 5876 propterea
2200 5805 2343 5874 quod

783 5905 949 5958 multa
985 5917 1045 5958 ac
1096 5903 1244 5958 varia
1280 5901 1352 5958 sit
1384 5900 1501 5970 ejus
1521 5900 1871 5970 prastantia:
1903 5915 2026 5956 nam
2063 5908 2113 5955 et
2139 5898 2349 5968 primus

2443 3773 2518 3844 μὴ
2548 3773 2603 3826 δὲ
2644 3773 2745 3834 τὰς
2799 3775 2937 3842 πρὸς
2984 3771 3143 3837 ἀξίαν
3212 3770 3591 3838 ἀπαιτούμεθα
3619 3770 3851 3836 χάριτας
3879 3768 4016 3836 πρὸς

2441 3861 2630 3926 αὑτοῦ,
2657 3863 2770 3914 ἀλλ’
2801 3864 2963 3932 ἀρκεῖ
2988 3864 3047 3914 τὸ
3105 3863 3336 3914 ἕπεσθαι
3369 3860 3546 3924 καλῶς
3579 3861 3700 3929 όδηῖ
3714 3859 3891 3923 οῦντι,
3934 3861 4026 3912 καὶ

2441 3957 2539 4026 τῆς
2567 3955 2846 4025 βασιλείας
2872 3955 3003 4007 εὐθύ
3032 3954 3370 4008 στέλλεσθαι.

2516 4048 2671 4116 Τάχα
2695 4047 2740 4099 δ’
2768 4047 2833 4099 ἄν
2858 4064 2943 4109 τις
2987 4047 3099 4099 τῶν
3148 4044 3468 4115 φιλομαθεῖν
3500 4045 3843 4115 αἱρουμένων
3882 4063 3997 4114 παρ

2443 4139 2614 4193 ελθὼν
2665 4140 2744 4200 είς
2802 4138 3190 4207 μέσους,ὴμᾶς
3215 4137 3412 4208 ἔροιτο,
3455 4137 3508 4189 τί
3546 4137 3611 4206 δή
3665 4154 3797 4188 ποτε
3848 4138 4026 4189 πλείω

2443 4233 2637 4302 χρόνον
2665 4231 2804 4300 ὑπὲρ
2827 4233 2931 4300 γῆν
2955 4230 2988 4298 ἢ
3019 4232 3123 4281 ὑπὸ
3147 4230 3255 4297 γῆν
3283 4230 3310 4279 6
3358 4227 3552 4297 Σωτὴρ
3613 4228 4025 4295 εύηγγελίσαιο

2445 4326 2503 4378 τὸ
2544 4324 2868 4395 μυστήριον,
2904 4324 3000 4374 καὶ
3034 4324 3157 4374 ὅτου
3187 4322 3346 4390 χάριν
3376 4321 3485 4372 τῶν
3526 4321 3733 4389 χρόνων
3756 4321 4031 4387 ἑκάτερον

2444 4416 2641 4487 Τριάδι
2687 4417 3016 4487 μεμέτρικε,
3051 4414 3162 4466 τῶν
3194 4413 3293 4482 μὲν
3329 4413 3487 4476 ἐτῶν,
3527 4413 3620 4464 τὸν
3665 4411 3721 4463 δὲ
3775 4414 4029 4483 ἡμερῶν.

2454 4511 2615 4575 Ἀλλ’,
2640 4507 2813 4580 οἶμαι,
2840 4508 2918 4578 τῷ
2944 4507 3170 4576 τοιούτῳ
3189 4507 3318 4574 πρὶν
3339 4505 3467 4574 ὅλην
3492 4504 3728 4557 ἐκθεῖναι
3763 4506 3866 4570 τὴν
3892 4506 4035 4574 ἐρώ-

2445 4619 2637 4672 τησιν,
2669 4600 2769 4669 τὴν
2822 4600 3116 4666 ἀπόκρισιν
3169 4597 3249 4658 εἰς
3295 4596 3421 4648 νοῦν
3473 4593 3765 4663 ἀνασῆναι,
3800 4598 3900 4649 καὶ
3956 4593 4035 4665 μὴ

2445 4690 2798 4761 προσδεῖσθαι
2838 4687 3103 4759 μηδαμῶς
3148 4685 3242 4738 τοῦ
3263 4684 3596 4749 διδάξαντος.
3629 4682 3888 4736 Διδακτοὶ
3919 4686 4033 4752 γάρ

2445 4787 2566 4837 ἐστε
2619 4783 2820 4843 πάντες
2869 4779 3028 4832 Θεοῦ.
3075 4777 3467 4845 Συλλογίσαιτο
3497 4776 3542 4828 δ’
3585 4775 3654 4829 ἃν
3691 4776 3872 4828 ταῦτα
3906 4776 4033 4828 καθ’

2446 4878 2661 4937 ἑαυτὸν,
2711 4875 2785 4937 ὡς
2815 4876 2929 4935 τοῖς
2967 4873 3066 4942 μὲν
3106 4871 3187 4923 ἐτι
3245 4871 3382 4935 ζῶσι
3419 4869 3516 4921 καὶ
3575 4867 3737 4936 σῶμα
3790 4870 4030 4938 ινοχλεῖ,

2437 4964 2541 5020 ’καὶ
2575 4967 2769 5035 μυρίαι
2831 4965 3239 5035 προσπίπτουσι
3298 4962 3496 5028 ἔξωθεν
3530 4961 3733 5014 αἰτίαν
3790 4965 3918 5024 ταῖς
3974 4963 4032 5014 δὲ

2447 5063 2568 5114 καθ’
2599 5061 2724 5131 ᾅδου
2756 5060 2976 5130 ψυχαῖς,
3011 5057 3162 5110 οὐδὲν
3190 5053 3260 5127 ἦν
3319 5058 3688 5124 ἐπιτείχισμα,
3747 5058 4032 5124 σωμάτων

2446 5156 2800 5224 ἀφειμέναις.
2837 5153 3146 5205 Κάντεῦθεν
3180 5152 3294 5209 τοῖς
3333 5149 3430 5217 μὲν
3481 5149 3729 5210 πλείονος
3767 5150 3880 5200 ἔδει
3933 5149 4032 5200 καὶ

2452 5247 2845 5316 συνεχεστέρας
2897 5243 3269 5304 διδασκαλίας,
3309 5242 3375 5292 ἵν’
3411 5240 3603 5309 ὥσπερ
3630 5240 3776 5306 ὕδωρ
3805 5242 4029 5293 ἐνδελε-

2450 5342 2542 5410 χὲς
2575 5341 2800 5408 πέτραν,
2834 5338 2928 5389 καὶ
2950 5337 2977 5387 6
3006 5335 3167 5400 λόγος
3194 5335 3418 5402 κοιλάνῃ
3456 5333 3637 5400 ψυχήν
3661 5346 3676 5361 °
3701 5334 3825 5392 ταῖς
3869 5333 3928 5384 δὲ
3953 5331 4036 5400 τῷ

2448 5433 2544 5484 τοῦ
2573 5433 2730 5501 ἀέρος
2760 5429 2989 5496 εύείκτῳ
3019 5428 3476 5493 ἀπεικασμέναις,
3511 5423 3602 5475 καὶ
3626 5423 3875 5492 ἀχρόνους
3907 5440 4038 5491 cxs-

2451 5528 2539 5578 δὸν
2564 5527 2722 5592 φύσις
2755 5521 2823 5592 ἦν
2854 5523 3226 5593 προσδραμεῖν
3253 5520 3329 5586 τῷ
3361 5517 3696 5586 κηρύγματι.
3724 5516 3870 5568 Καθ’
3904 5519 4038 5569 ἐκά-

2451 5637 2612 5688 τερον
2637 5619 2691 5670 δὲ
2748 5619 2838 5670 τὸν
2866 5620 3058 5685 χρόνον
3088 5615 3258 5682 Τριὰς
3285 5613 3590 5678 εἰσάγεται,
3620 5610 3701 5659 ὅτι
3728 5608 3906 5658 πολλὰ
3933 5609 4038 5675 μὲν

2453 5715 2546 5763 καὶ
2582 5710 2718 5763 ἄλλα
2754 5709 2959 5776 ταύτης
2995 5706 3063 5758 τὰ
3083 5703 3392 5772 ἀξιώματα.
3427 5704 3534 5754 Καὶ
3558 5701 3666 5769 γὰρ
3692 5702 3890 5770 πρώτη
3909 5698 4035 5750 κατ’

2455 5804 2738 5871 ἐνέργειαν
2775 5800 3031 5870 ἀριθμὸς,
3072 5797 3166 5849 καὶ
3196 5794 3318 5846 κατ’
3348 5793 3515 5862 αὐτὴν
3551 5797 3576 5845 ὁ
3612 5795 3801 5861 χρόνος
3833 5794 3860 5842 r3
3888 5793 4034 5859 ᾑρη-

2457 5911 2572 5959 ται,
2620 5895 2712 5947 καὶ
2741 5893 2801 5946 τὸ
2835 5889 3176 5959 ὑπερϐάλλον
3203 5890 3271 5944 δι’
3295 5886 3466 5956 αὐτῆς
3498 5885 3664 5957 ὲδήλυ·
3687 5901 3769 5937 τεν
3797 5886 3824 5937 6
3872 5898 4028 5952 τρι-τ-
