4234 6446
257 415 396 482 1(θὲ
1183 424 1469 485 ORATIO
1505 427 1580 488 IN
1619 425 1838 486 SEPUI

1922 426 2135 490 URAM
2178 432 2248 493 D.’
2285 437 2354 502 N.
2399 435 2460 502 Ι.
2503 436 2566 495 C.
3393 431 3532 496 Ῑθῐθ

253 533 466 596 όλ6ιος,
496 534 590 587 καὶ
617 534 824 599 παντὸς
853 535 1192 602 οὑτινοσοῦν,
1228 539 1403 609 ἀρχὴν
1428 540 1524 592 καὶ
1560 540 1735 609 μέσην
1753 539 1838 591 καὶ

1952 557 2052 597 sua
2090 547 2140 598 vi
2177 565 2440 604 numerus
2470 561 2573 615 est,
2596 558 2648 604 et
2678 564 2773 620 per
2813 549 2990 620 ipsum
3023 558 3238 616 tempus
3284 551 3372 601 est
3413 544 3533 601 dis-

254 627 417 690 τέλος
449 628 652 698 ὁρίζει,
690 631 785 681 καὶ
820 631 1014 701 πρώτη
1050 635 1428 701 συνεστήσατο
1492 634 1695 704 σχῆμα,
1756 634 1838 686 καῖ

1954 643 2243 706 tributum,
2280 656 2332 697 et
2382 642 2760 697 excellentiam
2798 657 2893 710 per
2945 641 3093 695 hunc
3152 637 3456 693 declaravit
3482 637 3531 690 is

253 721 361 773 ὅσα
425 721 518 774 τὸν
576 724 824 792 παρόντα
895 726 1178 793 διαφεύγει
1257 728 1468 794 καιρόν.
1519 727 1616 780 Ἰοῖν
1679 727 1736 780 δὲ
1788 727 1838 779 τὲ

1951 735 2043 804 qui
2079 745 2157 787 ter
2215 746 2518 804 quaterque
2544 739 2736 789 beatus
2773 741 2898 789 est:
2932 744 2985 787 et
3037 733 3114 786 rei
3173 728 3532 796 uniuscujus-

253 815 580 884 κράτιστον,
622 817 705 869 δτι
763 819 860 870 καὶ
921 819 1091 888 Τριὰς
1148 822 1174 872 ό
1210 819 1372 882 Θεὸς,
1403 819 1594 888 ὥσπερ
1658 821 1722 887 δὴ
1753 822 1838 872 καΊ

1951 844 2056 896 que
2093 828 2444 896 principium,
2481 830 2717 883 medium
2778 842 2841 881 ac
2872 828 3033 880 linem
3093 823 3444 886 determinat,
3473 830 3530 874 et

256 908 452 976 μονάς.
513 907 795 975 Τιμὶσθαι
848 909 981 977 γοῦν
1058 911 1340 965 κάνταῦθα
1421 911 1696 965 διδάσκων
1756 913 1838 965 τὸν

1952 922 2182 991 primam
2245 921 2470 988 ﬁguram
2539 921 2871 982 constituit,
2928 929 2981 973 et
3036 930 3375 986 quaecunque
3427 913 3529 968 hoc

253 1002 316 1053 ὲν
369 1000 568 1070 Τριὰδι
618 1002 776 1066 Θεὸν,
808 1002 842 1069 ἢ
904 1005 1002 1056 καὶ
1067 1005 1260 1057 ἑαυτὸν
1309 1006 1408 1058 ἕνα
1460 1007 1558 1073 τῆς
1614 1006 1838 1076 Τριάδος

1950 1023 2166 1084 tempus
2199 1013 2383 1068 aﬂ‘erri
2426 1028 2536 1068 non
2575 1014 2810 1082 patitur:
2841 1009 3020 1066 Unum
3071 1020 3250 1064 autem
3299 1016 3382 1062 est
3437 1021 3531 1061 su-

250 1092 477 1153 δεικνὺς
517 1092 782 1164 ὀΣωτὴρ,
814 1092 960 1148 οὓτω
1009 1096 1104 1149 καὶ
1138 1097 1208 1150 τὰ
1257 1098 1402 1151 κατὰ
1446 1098 1576 1159 τοὺς
1619 1098 1838 1167 χρόνους

1947 1121 2220 1176 premum,
2254 1107 2399 1174 quod
2436 1108 2596 1165 Deus.
2631 1105 2775 1160 sicut
2803 1105 2984 1158 unitas
3011 1110 3118 1166 est,
3156 1101 3229 1155 ita
3257 1108 3311 1155 et
3349 1099 3529 1155 ternio

251 1185 490 1240 διέθετο.

324 1445 518 1502 Ταῦτα
543 1447 612 1516 δὴ
641 1449 741 1500 καὶ
762 1446 830 1500 τά
867 1447 1108 1518 πρόσθεν
1145 1448 1442 1519 βλέποντες
1471 1449 1523 1502 οί
1571 1448 1840 1513 Ἰουδαῖοι,

256 1542 334 1612 μὴ
363 1541 876 1610 προηοπτὲτωσαν
903 1544 968 1611 τῇ
1005 1543 1193 1610 σαρκί.
1227 1542 1360 1606 Θεὸς
1385 1543 1492 1612 γὰρ
1517 1543 1576 1596 δν
1606 1544 1844 1615 γεννητὴ

253 1635 425 1702 φύσις
448 1633 662 1704 γυμνὸν
693 1635 826 1705 ὁρᾷν
863 1635 962 1687 οὐκ
991 1633 1058 1688 ἂν
1085 1634 1327 1700 δύναιτο,
1359 1639 1415 1689 ὲν
1449 1636 1589 1706 αὐτῇ
1618 1635 1843 1704 διαφαί-

249 1745 431 1792 νεται,
467 1729 562 1782 καὶ
609 1732 722 1792 τοῖς
775 1733 851 1798 τῷ
902 1731 1218 1799 φαινομένῳ
1252 1731 1679 1800 προσκρούουσι,
1721 1732 1836 1802 ἔχει

252 1821 640 1891 παραφαίνειν
668 1821 770 1892 τὴν
823 1823 1060 1893 ἀόρατον
1090 1822 1345 1891 δύναμιν.
1404 1822 1566 1876 Ἀλλά
1616 1823 1839 1887 τούτους

251 1914 360 1981 μὲν
407 1915 520 1967 τῶν
580 1915 760 1969 ἄλλων
821 1915 1120 1986 προφητῶν
1172 1918 1272 1970 οὐκ
1319 1917 1470 1970 ἐστιν
1527 1918 1676 1981 ὅστις
1741 1918 1844 1970 οὐκ

249 2009 455 2080 ἠλεγξε
487 2010 765 2078 πονηροὺς
812 2009 996 2074 ὄντας,
1030 2010 1293 2080 Ἰωάννης
1324 2011 1381 2064 δὲ
1422 2011 1517 2064 καὶ
1553 2012 1841 2080 γεννήμα-

253 2119 344 2154 σιν
374 2103 601 2155 εἴκασεν
628 2101 871 2171 ὲχιδνῶν.
923 2104 996 2156 Τὸ
1025 2103 1136 2174 γάρ
1172 2103 1320 2166 ἔθνος
1354 2102 1597 2172 ἀτεχνῶς
1617 2101 1840 2172 ἐχιδνῶν

253 2192 540 2260 γέννημα,
575 2193 900 2262 ἀχάριστον,
931 2197 1028 2246 καὶ
1069 2196 1311 2265 δήγμασι
1364 2197 1456 2248 τὸν
1509 2200 1567 2250 tv
1615 2197 1841 2260 κόλποις

252 2284 542 2352 θάλψαντα
597 2286 938 2355 διαφθεῖρον.
991 2282 1153 2342 Οὗτοι
1202 2289 1311 2356 γὰρ
1344 2288 1436 2342 καὶ
1478 2289 1679 2352 πολλὰς
1729 2289 1843 2342 ἐνέ-

250 2377 389 2444 δρας
435 2375 506 2428 δι’
556 2376 885 2448 ιρωτήσεων
932 2379 1010 2446 τῷ
1049 2379 1266 2450 Σωτῆρι
1316 2381 1597 2449 προσῆγον
1628 2397 1642 2410 ·
1678 2383 1707 2434 ό
1758 2382 1837 2446 δὲ,

251 2468 467 2530 ταύτας
499 2468 732 2522 διέλυεν.
763 2473 826 2523 Oi
860 2471 916 2522 δὲ
947 2471 1045 2539 τὴν
1072 2473 1131 2524 ὲν
1158 2475 1270 2536 τοῖς
1323 2473 1516 2540 μύθοις
1545 2473 1715 2543 ὕδραν
1748 2494 1840 2544 μι-

255 2559 550 2628 μούμενοι,
605 2563 706 2630 τῆς
739 2563 966 2633 πρώτης
1024 2565 1269 2634 κεφαλῆς
1303 2567 1646 2635 τεμνομένης
1669 2607 1686 2631 ,
1722 2569 1839 2622 ἑτέ-

255 2671 360 2722 ριν
405 2655 656 2724 ἀνίσχειν
689 2641 958 2726 παρεῖχον
987 2657 1240 2726 ἑτοίμως.
1276 2659 1386 2712 Kai.
1432 2659 1642 2730 ταύτης
1681 2662 1843 2730 ἀφαι-

260 2748 563 2816 ρουμένης,
615 2749 739 2802 οὐδὲ
787 2751 982 2821 τρίτην
1019 2751 1354 2820 προϐάλλειν
1408 2754 1673 2823 ἠμέλουν,
1723 2751 1842 2808 εἶτα

251 2841 429 2909 ἀλλην
463 2841 554 2893 ἐπ’
579 2842 742 2912 ἄλλῃ,
798 2844 995 2912 μέχρις
1019 2837 1082 2897 οὗ
1121 2845 1325 2908 πολλάς
1370 2848 1470 2915 μὲν
1508 2848 1846 2917 προϊσχόμε-

249 2951 361 2994 νοι.
404 2934 589 2998 πάσας
636 2935 684 2987 δ’
719 2936 1116 3002 ἀποϐαλόντες,
1164 2940 1316 3002 τέλος
1348 2941 1429 3010 τῷ
1480 2943 1844 3010 συκοφαντεῖν

1948 1202 2042 1264 sit,
2075 1201 2156 1255 vel
2182 1201 2312 1254 hinc
2353 1216 2453 1254 nos
2479 1201 2683 1253 docens
2712 1197 2992 1262 Servator,
3030 1193 3280 1252 venerari
3315 1193 3367 1248 in
3417 1203 3530 1249 ter-

1947 1292 2111 1346 nione
2157 1289 2349 1352 Deum.
2407 1303 2502 1344 aut
2560 1290 2863 1344 ostendens
2928 1304 2984 1344 se
3013 1304 3082 1342 ex
3127 1287 3380 1342 tcrnione
3405 1300 3530 1342 esse

1947 1399 2140 1439 unum.
2160 1384 2236 1437 Ita
2255 1398 2472 1452 quoque
2487 1397 2547 1437 se
2566 1383 2788 1448 habent,
2807 1397 2928 1450 qua:
2944 1382 3009 1433 ad
3033 1378 3525 1450 tempus-attinent.

2019 1475 2143 1530 Haec
2176 1475 2364 1544 igitur,
2396 1483 2450 1529 et
2473 1489 2535 1528 ea
2577 1489 2698 1543 quae
2743 1482 3167 1544 praecesserunt,
3223 1469 3525 1541 conspicati

1943 1570 2140 1634 Judaei,
2176 1569 2432 1623 desinant
2461 1582 2684 1623 carnem
2734 1566 3149 1629 circumcidere,
3178 1563 3320 1620 Deus
3377 1563 3526 1618 enim

1946 1662 2164 1733 (quem
2221 1668 2412 1713 natura
2471 1658 2653 1727 genita
2717 1672 2943 1711 cernere
2977 1655 3263 1726 nequeat)
3303 1654 3353 1708 in
3408 1653 3527 1723 ipsa

1871 1791 1918 1850 Β
1946 1763 2278 1822 conspectus
2309 1761 2413 1816 est,
2439 1753 2517 1806 sic
2560 1762 2617 1806 ut
2658 1750 2745 1807 his
2795 1750 2889 1821 qui
2939 1759 3292 1817 conspectum
3349 1749 3525 1817 ipsum

1948 1844 2282 1914 reiecerunt,
2315 1845 2614 1914 potentiam
2647 1859 2767 1914 qua:
2799 1845 2921 1899 visu
2955 1842 3162 1913 percipi
3193 1841 3399 1911 nequit,
3433 1854 3529 1894 os-

1947 1939 2170 1994 tendere
2195 1939 2392 2008 possit.
2431 1937 2533 1991 Sed
2566 1938 2665 1991 hos
2692 1951 2854 1991 nemo
2886 1937 3030 1991 inter
3064 1937 3203 1991 alios
3230 1935 3526 2005 prophetas

1949 2033 2077 2098 fuit,
2111 2033 2203 2100 qui
2233 2047 2339 2084 non
2368 2031 2652 2101 improbos
2683 2045 2807 2085 esse
2856 2029 3248 2100 pronuntiarit.
3287 2025 3528 2083 Joannes

1945 2135 2128 2179 autem
2171 2125 2347 2179 soboli
2397 2125 2707 2192 viperarum
2768 2122 3114 2178 assimilavit.
3149 2119 3285 2174 Nam
3341 2132 3527 2174 revera

1943 2235 2076 2289 gens
2103 2219 2216 2272 hanc
2247 2232 2487 2287 propago
2515 2225 2600 2272 est
2646 2218 2979 2285 viperarum,
3013 2223 3073 2268 ut
3123 2213 3217 2284 qui
3261 2212 3526 2266 virulento

1944 2324 2132 2362 morsu
2166 2308 2316 2362 illum
2353 2304 2781 2372 interemerent,
2819 2308 2874 2361 in
2899 2306 3056 2374 cuius
3086 2309 3209 2361 sinu
3267 2304 3528 2360 foveban-

1949 2409 2058 2454 tur.
2084 2398 2147 2452 Hi
2178 2409 2329 2464 sunt,
2355 2399 2449 2467 qui
2483 2412 2577 2466 per
2605 2397 2808 2451 multas
2845 2395 3295 2466 percontationes
3327 2391 3524 2446 Serva-

1954 2493 2055 2545 lori
2091 2495 2316 2559 laqueos
2350 2500 2698 2555 struxerunt,
2725 2491 2780 2543 hi
2811 2489 2903 2559 qui
2928 2488 3153 2558 hydram
3199 2487 3347 2540 illam
3404 2499 3524 2554 qua:

1952 2585 2007 2638 in
2039 2584 2234 2640 fabulis
2261 2595 2370 2650 est,
2405 2586 2626 2648 imitati,
2661 2585 2827 2638 unius
2863 2582 3133 2652 amputati
3182 2581 3377 2650 capitis
3406 2579 3528 2633 loco

1949 2694 1980 2732 e
2011 2679 2259 2748 vestigio.
2293 2679 2437 2748 quod
2467 2678 2840 2746 porrigerunt,
2899 2676 3208 2729 habuerunt
3271 2673 3526 2735 alterum,

1947 2783 2000 2825 et
2030 2773 2134 2825 hoc
2163 2771 2380 2824 sublato
2417 2785 2524 2822 non
2559 2769 2803 2823 cunctati
2836 2776 2968 2823 sunt
3005 2765 3248 2834 objicere
3283 2763 3531 2824 tertium,

1947 2863 2075 2917 dein
2125 2862 2270 2916 aliud
2298 2872 2420 2930 post
2460 2861 2611 2915 aliud
2651 2876 2664 2912 :
2697 2860 2872 2914 donec
2927 2858 3110 2912 multis
3168 2855 3440 2926 porrectis
3473 2861 3525 2907 et

1949 2956 2286 3010 detruncatis
2318 2955 2384 3008 ad
2423 2963 2731 3009 extremum
2765 2968 2822 3006 se
2863 2949 3154 3006 calumniis
3223 2958 3522 3011 armarunt,

248 3028 490 3090 ἑαυτοὺς
543 3029 956 3093 καθοπλίζουσι.
986 3033 1096 3085 Kal.
1120 3032 1297 3097 οὕτως
1347 3034 1662 3104 ἐπιθέμενοι
1696 3036 1838 3088 ἑκόν-

1951 3059 2116 3119 atque
2172 3048 2257 3103 his
2320 3057 2578 3117 urgentes
2625 3046 2898 3100 volentem
2953 3043 3198 3099 volentes
3249 3041 3528 3110 corripuev

246 3138 344 3184 τες
387 3121 589 3176 ἑκόντα
652 3123 897 3193 αἱροῦσι,
940 3127 1038 3179 καὶ
1077 3126 1375 3195 ἀνάγουσιν
1412 3129 1512 3182 ἐπὶ
1544 3129 1637 3181 τὸν
1674 3144 1838 3184 σταυ-

1949 3151 2079 3199 runt
2132 3151 2189 3197 et
2235 3141 2303 3196 ad
2336 3157 2555 3197 crucem
2589 3139 2962 3195 abduxerunt.

252 3215 371 3284 ρόν.

325 3309 402 3361 Τὸ
429 3307 542 3380 γάρ
575 3310 669 3363 τὸν
703 3311 941 3380 λεγεῶσι
974 3312 1304 3380 πνευμάτων
1335 3315 1703 3384 ἐπιτιμῶντα,
1747 3316 1843 3368 καὶ

248 3403 498 3472 ἀνέμους
554 3403 805 3468 ἱστάντα,
866 3406 963 3458 καὶ
1022 3407 1117 3459 επὶ
1173 3406 1471 3471 θαλάσσαις
1528 3407 1839 3477 βαδίζοντα,

249 3496 474 3566 θνητῶν
497 3497 828 3565 ἀνθρώπων,
865 3498 962 3551 καὶ
994 3499 1114 3552 οὐδὲ
1149 3500 1408 3554 πλείστου
1436 3501 1606 3566 ἀξίων
1639 3503 1844 3571 ἥττονα

249 3595 578 3662 φαίνεσθαι,
602 3593 874 3664 οὕμενουν
909 3595 1012 3665 τῆς
1057 3597 1288 3650 ἐκείνων
1319 3599 1606 3668 δυνάμεως
1635 3598 1842 3668 γνώρι-

251 3704 397 3756 σμα,
424 3688 527 3755 τῆς
553 3686 612 3740 δὲ
645 3687 840 3741 τούτου
870 3688 1262 3760 μακροθυμίας
1309 3691 1508 3760 δεῖγμα
1546 3694 1642 3746 καὶ
1678 3690 1842 3762 βαθυ-

247 3782 425 3851 τέρας
451 3781 798 3850 οίκονομίας.
839 3781 996 3836 Ἐπεὶ
1033 3785 1126 3837 καὶ
1161 3784 1316 3848 Θεὸς,
1344 3784 1419 3846 ὡς
1447 3784 1514 3838 ἀν
1551 3786 1648 3838 καὶ
1681 3802 1844 3839 σταυ-

254 3873 487 3944 ροῦντες
545 3876 924 3945 συμφήσαιεν,
978 3877 1109 3939 τοὺς
1153 3877 1254 3946 τὴν
1311 3877 1520 3930 ἐκείνου
1575 3877 1743 3948 τιμὴν
1785 3878 1843 3943 ἐξ

244 3967 427 4018 αὑτοῦ
475 3966 825 4031 καθελόντες,
877 3971 1114 4030 καὶτοῖς
1154 3971 1372 4036 νεκροῖς
1422 3971 1843 4034 ἀνατεθεικότες

244 4055 528 4124 εἰδώλοις,
559 4062 635 4129 μὴ
669 4061 850 4128 ῥίζαις
877 4059 1073 4123 αὐταῖς
1104 4059 1340 4128 ἐξαίρων
1392 4062 1489 4114 καὶ
1534 4061 1838 4129 ἀφανίζων,

251 4151 630 4220 ἐκδηλότατον
696 4154 925 4222 ἐκφέρει
976 4153 1154 4221 δήπου
1209 4151 1312 4222 τῆς
1367 4154 1579 4218 οίκείας
1636 4158 1842 4235 ἀνοχῆς

250 4242 559 4311 σύμϐολον.
599 4242 810 4312 Ἐγωγ⁹
843 4244 937 4298 οὖν
966 4240 1110 4309 οἶδα,
1132 4245 1436 4314 δυνάμενον
1467 4248 1565 4314 μὲν
1601 4249 1675 4317 μὴ
1730 4250 1839 4302 πά-

2028 3326 2156 3380 Eum
2208 3339 2448 3394 namque
2477 3323 2569 3393 qui
2611 3322 2904 3392 spirituum
2937 3317 3244 3391 legionibus
3277 3317 3533 3385 imperat,

1945 3431 2000 3478 et
2027 3429 2220 3476 ventos
2252 3419 2429 3482 sedat,
2463 3426 2517 3472 et
2547 3432 2644 3487 per
2695 3431 2846 3471 mare
2913 3413 3248 3477 ambulabat,
3308 3408 3528 3464 inferio-

1946 3532 2061 3572 rem
2086 3512 2261 3568 videri
2291 3510 2606 3566 hominibus
2660 3506 3006 3568 mortalibus,
3070 3517 3136 3558 ac
3194 3517 3299 3555 non
3355 3497 3527 3553 multo

1948 3595 2443 3680 przestantioribus,
2481 3602 2624 3657 haud
2689 3601 2851 3656 dubie
2906 3596 3167 3652 indicium
3227 3593 3359 3648 facit
3409 3606 3529 3660 qua:

1953 3700 2092 3754 vires
2138 3708 2267 3753 sunt
2295 3699 2512 3760 horum,
2540 3701 2596 3748 et
2649 3701 3034 3760 argumentum
3074 3688 3273 3758 probet
3322 3690 3528 3754 quanta

1947 3792 2018 3847 sit
2071 3789 2362 3844 tolerantia
2407 3797 2461 3842 et
2495 3800 2657 3855 quam
2712 3786 2982 3838 immensa
3015 3778 3302 3851 prudentia
3344 3777 3524 3831 illius:

1953 3893 2310 3955 posteaquam
2345 3881 2492 3935 Deus
2536 3894 2661 3934 cum
2718 3879 2791 3934 sit
2821 3879 2840 3947 (
2871 3886 2928 3930 ut
2957 3877 3062 3943 ipsi
3095 3875 3188 3944 qui
3219 3887 3343 3928 eum
3376 3869 3528 3926 cruci

1948 3979 2262 4040 afﬁxerunt,
2301 3975 2459 4029 fateri
2483 3971 2794 4042 coguntur)
2828 3971 2951 4024 illos
2972 3969 3066 4040 qui
3089 3967 3317 4038 gloriam
3353 3963 3528 4034 ipsius

1944 4069 1994 4123 ei
2038 4067 2409 4130 detraxerant,
2469 4073 2523 4118 et
2576 4061 2887 4118 simulacris
2927 4059 3163 4114 mortuis
3216 4057 3555 4113 tribuerunt-

1949 4159 2213 4215 radicitus
2274 4173 2381 4211 non
2432 4155 2854 4225 exstirpaverit,
2889 4151 3366 4206 evidentissimum
3431 4163 3529 4216 pa~

1946 4253 2150 4310 tientia:
2176 4252 2224 4306 ei
2260 4250 2493 4320 pr0priaa
2514 4251 2730 4316 signum
2756 4247 3121 4302 demonstrat.
3164 4245 3274 4314 Ego
3303 4242 3526 4312 quidem

247 4352 430 4404 σχειν,
463 4335 792 4406 βουλόμενον
818 4336 897 4390 δέ.
940 4337 1091 4408 Πλὴν
1119 4337 1227 4390 ἔδει
1279 4338 1340 4390 τὸ
1378 4337 1579 4409 μέτρον
1613 4341 1838 4406 τούτους

1943 4350 2058 4402 scio
2088 4345 2333 4416 potuisse
2365 4358 2491 4397 eum
2553 4357 2662 4394 non
2712 4341 2859 4409 pati;
2893 4339 2986 4393 sed
3043 4337 3306 4401 voluisse,
3355 4335 3528 4402 siqui-

241 4429 360 4482 τῶν
395 4429 616 4481 οἰκείων
657 4435 914 4500 πατέρων
961 4427 1250 4500 πληροῦνο
1297 4431 1566 4484 κάκείνων
1620 4434 1714 4485 ἐπὶ
1745 4434 1836 4486 τὸν

1947 4439 2069 4494 dem
2109 4452 2329 4491 necesse
2359 4445 2480 4488 erat
2503 4435 2772 4501 majorum
2799 4448 3023 4487 suorum
3064 4432 3136 4484 illi
3171 4431 3527 4484 absolverunt

239 4523 358 4575 τῶν
394 4523 695 4593 προφητῶν
731 4524 892 4590 φόνον
915 4524 1081 4592 ὁμόσε
1122 4527 1546 4595 κεχωρηκότων,
1594 4527 1688 4578 ἐπὶ
1743 4528 1838 4582 τὸν

1949 4540 2188 4600 ceptum,
2254 4537 2314 4582 ut
2371 4527 2832 4596 quemadmodum
2903 4526 2959 4578 hi
3017 4525 3075 4576 in
3137 4524 3524 4592 prophetarum

242 4617 487 4677 ἐκείνοις
549 4614 958 4684 προλεγόμενον
1015 4614 1189 4686 ἥξειν,
1238 4617 1382 4688 ὅπερ
1445 4619 1632 4671 ἱκανὸν
1683 4618 1837 4672 ἔσται

1943 4623 2339 4692 conspirarunt
2371 4634 2584 4685 necem,
2610 4621 2684 4671 ita
2713 4619 2813 4688 ipsi
2849 4633 2959 4671 uno
2998 4631 3270 4670 consensu
3303 4629 3527 4685 progre-

241 4708 459 4776 πολλὴν
488 4711 604 4768 τοῖς
653 4708 766 4759 τῶν
809 4709 1067 4776 πατέρων
1126 4711 1531 4780 ἁμαρτήμασιν
1594 4715 1838 4781 ἐνεγκεῖν

238 4801 346 4872 τὴν
375 4800 701 4867 ἀπολογίαν.
739 4801 802 4854 Ei
824 4799 881 4853 δὲ
910 4801 1071 4854 τοῦτό
1104 4819 1162 4854 τε
1194 4804 1386 4871 γέγονε
1450 4807 1546 4858 καὶ
1598 4807 1664 4860 τὰ
1727 4824 1835 4860 πα-

236 4895 378 4950 λαιὰ
414 4895 494 4961 τῷ
530 4894 636 4963 νέῳ
682 4892 1000 4964 τολμήματι
1055 4897 1496 4967 συνεισφέρεται,
1524 4898 1701 4952 ἄθλιοι
1735 4901 1837 4968 μὲν

234 4991 290 5042 οι
324 4987 727 5056 γεννήσαντες,
762 4985 858 5038 τοῦ
895 4985 1006 5038 τῶν
1041 4987 1342 5058 προφητῶν
1395 4989 1558 5057 φόνου
1584 5006 1600 5022 ο
1637 4989 1838 5042 ἀθλιώο

235 5099 396 5151 τεροι
421 5079 481 5132 δὲ
530 5078 633 5142 τῆς
668 5079 1083 5148 χριστοκτονίας
1139 5081 1188 5133 oi
1223 5081 1840 5150 γεννηθέντε;.Πονηρὰ

240 5174 349 5243 μὲν
384 5171 550 5240 γὰρή
581 5168 775 5239 γνώμη
808 5167 891 5239 τῷ
945 5168 1112 5234 ἔθνει,
1150 5172 1246 5223 καὶ
1301 5171 1541 5240 μάλιστα
1583 5174 1698 5235 τοῖς
1742 5172 1835 5225 τοῦ

239 5266 421 5335 νόμου
455 5263 828 5331 προίστασθαι
863 5259 1584 5332 ἐπαγγελλομένοις.Ἧγχε
1620 5266 1676 5316 δὲ
1701 5266 1838 5334 μᾶλ-

237 5363 334 5411 λον
365 5359 594 5420 αὐτοὺς,
648 5357 732 5409 ὃτι
773 5357 868 5408 τὸν
931 5357 1163 5426 Σωτῆρα
1197 5356 1297 5425 μὲν
1332 5356 1484 5419 ἀξιον
1519 5358 1710 5410 ἑαυτὸν
1761 5355 1834 5411 ὧν

233 5454 497 5507 ἐδίδασκε
536 5450 852 5521 παρέχοντα
890 5451 979 5502 διὰ
1011 5453 1234 5504 πάντων
1266 5449 1456 5519 ἐώρων
1485 5467 1498 5481 °
1537 5453 1752 5514 ἑαυτοῖς
1779 5451 1834 5505 δὲ

235 5546 583 5614 συνείδησαν
637 5546 720 5597 ὅτι
771 5544 966 5614 πόρρω
1023 5544 1398 5614 πλανωμένοις
1432 5546 1541 5597 τῶν
1594 5545 1833 5614 νομικῶν

233 5639 672 5706 διαταγμάτων.
710 5637 821 5690 Καὶ
862 5637 972 5706 γὰρ
1000 5637 1205 5698 αὐτοῖς,
1240 5635 1302 5687 τὸ
1333 5637 1430 5705 μὲν
1468 5636 1567 5705 βίῳ
1598 5640 1690 5689 καὶ
1713 5639 1832 5708 τρό-

234 5749 368 5795 ποις
410 5730 728 5798 εὐδοκιμεῖν
788 5729 1042 5801 (καὶγὰρ
1075 5731 1167 5781 καὶ
1199 5729 1377 5790 ἄλλως
1413 5731 1698 5796 ἐπίπονον)
1723 5730 1831 5782 όλι-

233 5825 454 5894 γωρίας
490 5823 568 5884 ὡς
603 5822 880 5892 ἄχρηστον
905 5819 1146 5889 ἠξιοῦτο.
1188 5820 1378 5873 Πολλοὶ
1409 5821 1464 5873 δὲ
1497 5823 1609 5882 τοῖς
1645 5823 1825 5888 λόγοις

235 5921 334 5972 καὶ
369 5919 496 5979 ταῖς
554 5915 927 5976 διδασκαλίαις
977 5914 1195 5984 ῥέοντες
1247 5910 1423 5985 ἦσαν’
1469 5918 1564 5967 καὶ
1595 5916 1704 5985 γὰρ
1735 5914 1828 5968 καὶ

1941 4716 2204 4771 derentur
2262 4715 2330 4768 ad
2379 4729 2502 4768 cutn
2563 4711 2654 4782 qui
2680 4712 2749 4765 ab
2808 4711 2918 4764 illis
2971 4709 3264 4777 praedictus
3321 4706 3521 4770 fuerat,

1940 4809 2083 4879 quod
2115 4807 2366 4877 profecto
2397 4815 2612 4874 patrum
2673 4803 3001 4859 criminibus
3032 4801 3308 4871 egregium
3359 4807 3524 4868 queat

1946 4901 2148 4955 aﬂ‘erre
2187 4899 2581 4970 patrocinium.
2614 4895 2769 4962 Quod
2795 4896 2838 4948 si
2867 4895 2919 4948 id
2949 4902 3034 4949 est
3065 4894 3295 4954 factum,
3333 4900 3388 4944 et
3434 4906 3526 4945 ve-

1940 5004 2054 5048 tera
2079 4994 2284 5047 scelera
2326 5007 2469 5045 novo
2508 4990 2862 5045 cumulentur
2887 5003 3050 5050 ausu,
3081 4985 3332 5040 infelices
3370 4991 3521 5046 sunt,

1940 5087 2365 5155 quigenuerunt
2390 5084 2456 5136 ad
2503 5084 2894 5151 prophetarum
2937 5080 3162 5140 cmdem,
3191 5077 3538 5131 infeliciores-

1939 5180 2032 5248 qui
2057 5165 2235 5249 ‘geniti
2263 5188 2391 5232 sunt
2420 5180 2485 5229 ad
2522 5175 2726 5229 Christi
2791 5175 3204 5227 tnactationem.
3247 5170 3386 5224 Mala
3442 5170 3518 5222 illi

1939 5271 2149 5326 nationi
2200 5284 2352 5324 mens
2403 5277 2487 5322 est
2563 5284 2625 5322 ac
2689 5268 2959 5336 praecipue
3024 5266 3093 5320 iis
3156 5265 3250 5334 qui
3309 5263 3518 5332 legibus

1941 5378 2174 5434 praeesse
2210 5361 2493 5415 dicuntur.
2523 5359 2634 5414 lloc
2663 5369 2844 5414 autem
2891 5357 3126 5410 maxime
3168 5356 3290 5409 illos
3324 5354 3519 5406 habuit

1941 5457 2103 5518 male,
2131 5454 2271 5523 quod
2307 5454 2549 5507 viderent
2603 5453 2946 5505 Servatoretn
2994 5465 3053 5505 se
3102 5449 3323 5518 dignum
3375 5463 3518 5516 prae-

1939 5548 2068 5601 bere
2106 5548 2188 5600 his
2216 5562 2337 5614 qua:
2368 5547 2598 5599 docebat
2626 5563 2638 5599 :
2673 5560 2792 5598 sese
2824 5559 2952 5596 vero
2980 5543 3082 5596 sibi
3110 5540 3367 5595 conscios
3392 5555 3514 5594 esse

1937 5638 2083 5708 quod
2133 5637 2290 5706 longe
2332 5652 2359 5689 a
2417 5638 2705 5707 praeceptis
2753 5638 2930 5704 legum
2982 5637 3323 5688 nberrarent.
3382 5632 3512 5683 Nam

1938 5732 2049 5786 vita
2079 5738 2134 5785 et
2166 5732 2414 5785 moribus
2450 5731 2670 5800 probari
2707 5729 2888 5797 (quod
2920 5727 3122 5794 alioqui
3156 5725 3374 5777 dillicile
3402 5721 3509 5789 esu)

1935 5825 2310 5892 negugendum
2340 5864 2354 5885 ,
2395 5833 2652 5890 tanquam
2711 5822 2934 5883 inutile,
3002 5817 3320 5881 censebant,
3352 5815 3530 5871 multi.

1936 5922 2114 5967 autem
2169 5921 2222 5966 et
2271 5927 2522 5969 sermone
2572 5923 2627 5967 et
2675 5912 2920 5967 doctrina
2984 5910 3286 5979 locupletes
3349 5915 3507 5964 erant
