4234 6446
757 391 887 457 1011

2034 395 2313 454 MAVIMI
2358 396 2729 458 PLANUDAZ

3867 388 4012 450 1012

757 511 923 580 (quod
986 511 1149 565 etiam
1201 512 1371 567 cuivis
1425 513 1621 565 volenti
1676 515 1832 567 facile
1868 515 1994 577 est),
2031 518 2184 579 quasi
2224 529 2328 567 non

2454 515 2607 582 τολλὴ
2638 514 2830 567 τούτου
2858 516 3015 566 παντὶ
3050 514 3128 581 τῷ
3162 511 3475 583 βουλομένῳ
3512 510 3799 581 ῥᾳστώνη·
3820 510 4012 580 ὥσπερ

758 604 880 659 ideo
917 604 1204 658 vivendum
1239 618 1381 658 esset
1442 616 1497 658 ιιι
1534 608 1756 661 virtutes
1786 626 2201 671 ext‘rcnremus,
2232 611 2325 662 sed

760 706 817 749 ιιι
842 707 1051 750 tantum
1089 701 1270 752 verbis
1302 717 1394 755 ras
1428 718 1833 768 usurparett-us.
1889 701 1987 756 Ubi
2022 705 2185 772 igitur
2223 705 2328 772 pri-

760 792 829 842 mi
872 790 1007 859 ipsis
1060 804 1214 844 rraut
1262 796 1574 863 assignandi
1632 812 1943 858 consessus,
1999 808 2052 849 et
2099 799 2150 849 in
2192 798 2330 851 alios

759 884 1112 947 supercilium
1142 886 1388 940 atlducen
1416 896 1547 951 ’um,
1577 889 1650 941 ibi
1687 890 1870 942 statim
1898 891 1948 941 in
1977 906 2071 943 ore
2098 892 2179 944 lex
2214 899 2332 945 erat

762 974 960 1044 Moysis
991 996 997 1001 ·
1031 979 1081 1029 itt
1116 981 1319 1048 quibtts
1358 997 1486 1035 vero
1514 982 1681 1052 legem
1720 986 2117 1052 praetergressi,
2146 994 2328 1039 notam

759 1067 862 1119 sibi
902 1070 1221 1122 inurendum
1250 1074 1565 1137 cernebant,
1598 1091 1722 1129 mox
1773 1077 2048 1129 seniorum
2101 1078 2329 1145 objicie-

764 1161 887 1213 bant
916 1164 1259 1217 traditiones.
1285 1165 1702 1238 Nanrabrogari
1733 1185 1759 1221 a
1798 1169 2074 1239 magistris
2109 1172 2217 1224 illis
2253 1174 2330 1224 le-

762 1268 880 1317 gt-tn
920 1254 1034 1315 llei,
1067 1255 1244 1309 minus
1276 1258 1582 1321 videbatur,
1607 1275 1767 1328 quam
1803 1262 2335 1330 proprizeindulgere

722 1401 738 1411 ,ι
763 1346 969 1399 libidini
997 1348 1107 1417 (l3)
1138 1359 1188 1402 et
1227 1352 1489 1420 deglutire
1544 1354 1747 1411 aliena.
1808 1356 2033 1421 Quoties
2078 1359 2333 1425 equidem

763 1440 813 1490 itt
847 1448 991 1492 tanta
1019 1442 1431 1506 miraculorum,
1459 1462 1577 1513 qua:
1608 1448 1868 1501 Servator
1894 1448 2162 1513 exhibuit,
2197 1452 2337 1502 mul-

764 1532 993 1586 titudine
1013 1533 1232 1588 Jttdteos
1263 1538 1413 1591 nullo
1448 1554 1612 1592 sensu
1642 1551 1818 1594 motos
1846 1543 2023 1604 video,
2050 1558 2156 1595 non
2184 1557 2336 1609 repe-

764 1628 845 1678 rio
885 1643 1009 1680 cum
1052 1645 1158 1695 qua
1184 1645 1241 1683 re
1272 1630 1549 1685 cﬂ‘eratam
1576 1633 1788 1686 illorum
1821 1635 2118 1688 caecitatem
2152 1634 2336 1689 confe-

762 1737 904 1787 ram,
940 1730 996 1774 ttt
1025 1723 1143 1791 ejus
1168 1722 1397 1792 eﬂigietn
1431 1727 1875 1796 qualuncuuque
1909 1744 2196 1797 assequar.
2230 1726 2335 1781 Sed

762 1824 816 1865 et
844 1816 895 1866 iit
930 1815 1062 1882 ipsis
1093 1818 1367 1869 miraculis
1393 1832 1451 1871 se
1480 1819 1744 1875 educatos
1760 1834 1904 1885 esse,
1936 1829 1988 1873 et
2024 1836 2117 1889 per
2167 1819 2335 1874 multa

765 1907 1024 1960 miracula
1059 1924 1120 1961 ex
1147 1908 1528 1978 [EgyptiOt-nm
1561 1927 1722 1965 manu
1751 1914 1990 1967 evasisse
2013 1914 2337 1981 gloriantur.

766 1997 957 2066 Ingens
990 2016 1204 2070 qunque
1231 2004 1334 2056 hoc
1361 2004 1469 2057 fuit
1524 2006 1851 2073 prodigium,
1884 2009 2028 2072 quod
2087 2009 2341 2063 manibus

766 2089 968 2161 Moysis
998 2101 1081 2146 est
1133 2095 1571 2149 administratum
1604 2116 1617 2162 ;
1654 2097 1879 2165 pedibus
1915 2100 2145 2153 transire
2195 2116 2342 2156 mare

767 2182 1012 2235 llubrtttn
1042 2194 1095 2237 et
1124 2202 1217 2252 per
1252 2188 1602 2242 solitudinem
1636 2191 1735 2243 iter
1757 2191 2043 2255 facientes,
2082 2192 2260 2247 cibum
2288 2202 2341 2247 ct

773 2290 955 2345 potum
982 2279 1227 2335 invenire
1250 2297 1357 2335 non
1392 2292 1587 2351 printer
1617 2286 2031 2340 admirationem
2070 2288 2297 2356 contigit
2329 2307 2342 2351 ;

718 2394 721 2397 -
768 2374 952 2442 populi
987 2384 1038 2427 et
1074 2390 1228 2443 reges
1257 2376 1323 2429 ab
1360 2378 1492 2446 ipsis
1529 2388 1658 2432 sunt
1695 2378 1837 2431 bello
1883 2382 2150 2448 superati,
2179 2384 2341 2434 orbes

768 2476 1010 2533 vastatas,
1060 2478 1202 2523 terra
1247 2470 1629 2537 promissionis
1672 2484 1935 2543 occupata
1963 2514 1978 2536 ,
2014 2484 2176 2541 atque
2232 2477 2345 2529 lure

767 2560 986 2625 quidem
1026 2561 1410 2616 miraculorum
1448 2564 1625 2632 plena.
1663 2573 1717 2617 et
1769 2581 1956 2619 eorum
2000 2582 2121 2636 quae
2178 2568 2343 2621 mira-

771 2652 892 2704 cula
924 2654 1270 2706 aestimantur
1303 2654 1727 2722 perfectissima.
1757 2658 1920 2725 Atqui
1961 2674 2058 2713 nec
2091 2671 2346 2727 parentes

772 2742 966 2796 horum
1006 2746 1141 2799 tidos
1166 2756 1218 2800 et
1251 2748 1386 2803 bene
1415 2764 1541 2820 erga
1574 2750 1744 2804 Deum
1769 2750 1993 2807 aﬂectos
2025 2756 2080 2807 in
2106 2756 2188 2809 bis
2224 2770 2345 2824 per—

771 2836 977 2890 stitisse
1006 2837 1185 2899 video,
1212 2854 1272 2893 ac
1303 2842 1495 2895 borum
1530 2858 1711 2897 mores
1759 2844 1859 2898 nisi
1913 2846 2157 2899 eamdem
2181 2862 2343 2915 quam

772 2927 847 2980 illi
876 2930 1227 2995 prativeruut,
1263 2932 1404 2985 viam
1452 2934 1795 2999 insisterent,
1824 2938 1914 3004 qui
1945 2950 2350 2992 commonstra-

772 3021 816 3072 ri
852 3022 1040 3089 ptissit,
1072 3023 1172 3078 bos
1216 3039 1278 3079 ex
1326 3025 1434 3079 illis
1473 3043 1643 3096 genus
1701 3028 1944 3082 ducere?
1992 3028 2126 3083 Cum
2167 3040 2347 3083 autem

775 3114 1003 3170 antehac
1058 3116 1388 3171 dementiam
1452 3128 1506 3173 et
1564 3120 1851 3183 malitiam,
1881 3121 2082 3189 quibus
2112 3121 2349 3177 insidiati

2431 613 2492 662 οὐ
2517 610 2605 663 διὰ
2638 609 2800 662 τοῦτο
2835 610 3053 679 βιωτέον
3091 611 3173 663 ὅτι
3205 609 3270 677 δὴ
3321 608 3421 671 τὰς
3476 606 3678 676 ἀρετὰς
3730 608 4011 675 ποιητέον,

2434 702 2550 756 ἀλλ’
2580 705 2661 755 ὅτι
2727 703 2889 770 μόνον
2923 703 3141 773 ῥητέον.
3185 701 3394 755 υύκοῦν
3437 697 3498 756 οὗ
3534 702 3635 770 μὲν
3686 701 3870 753 αὐτῶν
3904 700 4013 752 East.

2432 796 2533 857 τὰς
2556 796 2781 862 πρώτας
2821 792 2980 849 εἶναι.
3012 796 3307 864 καθέδρας.
3359 796 3454 849 καὶ
3497 795 3641 848 κατὰ
3673 794 3783 845 τῶν
3835 793 4016 845 ἄλλων

2434 886 2532 947 τὰς
2557 886 2728 955 ὀφρῦς
2758 886 3082 951 ἀνατείνειν,
3114 890 3142 939 ὁ
3172 887 3415 948 Μωσέως
3446 886 3610 954 νόμος
3644 883 3736 936 ἐπὶ
3761 882 4016 951 γλώσσης

2438 979 2625 1040 εὐθύς·
2657 980 2715 1030 ἐν
2745 975 2826 1043 οἷς
2869 981 2923 1032 δὲ
2959 982 3044 1033 τὸν
3078 980 3243 1048 νόμον
3277 978 3716 1048 παραϐαίνοντες
3748 977 3843 1028 τὸν
3865 976 4020 1041 ἔλεγ-

2438 1090 2531 1142 χον
2556 1074 2779 1127 ἐπιόντα
2814 1073 3024 1141 ἐώρων,
3058 1073 3260 1125 αὐτίκα
3299 1072 3397 1134 τὰς
3458 1072 3568 1123 τῶν
3621 1068 4020 1138 πρεσϐυτέρων

2440 1169 2806 1238 προεϐάλοντο
2838 1171 3195 1239 παραδόσεις.
3227 1170 3303 1221 Τδ
3349 1167 3459 1237 γὰρ
3515 1165 3857 1235 ἀκυροῦσθαι
3904 1166 4021 1225 τοῖς

2437 1262 2784 1324 διδασκάλοις
2821 1263 2913 1314 τὸν
2944 1262 3039 1314 τοῦ
3064 1262 3199 1314 Θεοῦ
3234 1262 3422 1331 νόμον,
3456 1259 3677 1313 ἔλαττον
3705 1258 3883 1311 ἐδόκει
3918 1259 4022 1324 τῆς

2442 1353 2578 1415 ιδίας
2606 1354 2905 1423 ἐπιθυμίας
2936 1355 3030 1407 καὶ
3051 1354 3146 1406 τοῦ
3189 1353 3479 1422 τάλλότρια
3507 1351 3839 1404 κατεσθίειν.
3878 1348 4024 1416 Ἐγὼ

2439 1451 2535 1503 καὶ
2566 1450 2698 1501 ὅταν
2751 1451 2889 1518 πρὸς
2937 1448 3166 1501 τοσοῦτο
3197 1449 3400 1515 πλῆθος
3445 1441 3521 1499 ὧν
3550 1449 3578 1500 ὁ
3612 1446 3805 1513 Σωτὴρ
3846 1445 4025 1495 ἐποίει

2443 1540 2739 1610 θαυμάτων
2766 1540 3237 1607 ἀναισθητοῦντας
3287 1539 3583 1599 Ἰουδαίους
3622 1538 3755 1607 ὁρῶ,
3786 1539 3887 1589 οὐκ
3915 1538 4026 1605 ἔχω

2441 1636 2548 1689 τίνι
2582 1634 2679 1702 τὴν
2714 1636 3010 1705 ἀγροικίαν
3043 1633 3226 1687 αὐτῶν
3269 1634 3523 1698 εἰκάσας,
3588 1632 3707 1692 ἃλις
3745 1630 3894 1698 ἔχειν
3941 1628 4028 1680 δύο

2444 1718 2599 1794 ξαιμ’
2631 1726 2697 1779 ἂν
2726 1727 2827 1795 τῆς
2858 1730 3089 1789 εἰκόνος.
3116 1728 3310 1782 Καίτοι
3344 1725 3592 1795 θαύμασι
3619 1726 3681 1778 τὸ
3705 1724 3857 1785 ἔθνος
3896 1722 4026 1775 σύν·

2446 1837 2648 1889 τροφον
2682 1821 3063 1891 κομπάζουσιν
3096 1819 3263 1877 εἶναι.
3302 1822 3412 1873 Καὶ
3444 1819 3692 1887 θαύμασι
3753 1818 3853 1887 μὲν
3896 1817 4029 1869 πολ-

2448 1914 2559 1973 λοῖς
2588 1914 2688 1978 τῆς
2745 1916 2924 1984 χειρδς
2985 1916 3214 1985 λυθῆναι
3246 1915 3355 1967 τῶν
3390 1914 3727 1981 Αἰγυπτίων,
3767 1913 3914 1979 μέγα
3968 1911 4027 1961 δὲ

2444 2008 2734 2075 τεράστιον
2756 2008 2832 2077 τῷ
2865 2008 3089 2060 Μωυσεῖ
3142 2009 3624 2077 χειρουργήσαντι.
3676 2008 3814 2074 πεξῆ
3845 2003 4032 2071 διαϐῆ-

2450 2116 2539 2151 ναι
2571 2100 2661 2151 τὸν
2707 2100 3043 2170 Ἐρυθραῖον,
3073 2101 3283 2169 τροφῆς
3308 2118 3367 2153 τε
3395 2100 3490 2153 καὶ
3514 2098 3685 2152 ποτοῦ
3728 2100 4030 2166 μετασχεῖν

2447 2192 2683 2255 Ριιὸντας
2737 2193 2838 2256 τὴν
2883 2193 3108 2261 ἔρημον,
3168 2195 3229 2245 οὐ
3286 2193 3409 2261 δίχα
3457 2193 3552 2245 τοῦ
3606 2194 3915 2261 παρᾶδοξόν
3976 2209 4029 2242 τι

2446 2284 2721 2349 γενέσθαι.
2755 2285 2924 2353 Ἔθνη
2970 2300 3033 2344 τε
3084 2290 3175 2341 καὶ
3198 2286 3440 2353 βασιλεῖς
3482 2288 3665 2347 αὐτοῖς
3708 2302 4032 2353 καταστρα-

2450 2379 2795 2445 τηγούμενοι,
2836 2378 2930 2430 καὶ
2978 2378 3162 2441 πόλεις
3220 2379 3597 2449 χειρούμεναι,
3655 2380 3751 2430 καὶ
3801 2381 3873 2447 γῆ
3926 2378 4032 2445 τῆς

2448 2469 2779 2536 ἐπαγγελίας
2829 2470 3302 2539 κληρουχουμένη,
3349 2473 3441 2523 καὶ
3499 2469 3673 2521 ταῦτα
3726 2470 4032 2537 θαυμάτων

2451 2563 2647 2631 μεστὰ,
2698 2564 2791 2617 καὶ
2848 2563 3146 2633 θαυμάτων
3199 2564 3517 2633 ἡγουμένων
3561 2562 3883 2629 τελούμεναο
3914 2560 4033 2612 ἀλλ’

2448 2658 2573 2711 οὕτε
2623 2658 2745 2721 τοὺς
2799 2657 2980 2710 αὐτῶν
3011 2658 3253 2726 πατέρας
3285 2657 3342 2709 ὲν
3386 2655 3616 2717 ἐκείνοις
3656 2654 3767 2724 6ρῶ
3800 2654 4037 2715 πιστοὺς

2448 2751 2924 2817 διαμεμενηκότας
2984 2753 3080 2803 καὶ
3137 2751 3327 2812 εὖνους
3384 2747 3525 2815 Θεῷ.
3583 2748 3676 2799 καὶ
3732 2746 3946 2798 τούτων
4001 2746 4035 2813 ἡ

2450 2845 2644 2913 γνώμη
2692 2844 2769 2913 μὴ
2816 2844 2913 2912 τὴν
2950 2842 3124 2913 αὐτὴν
3172 2842 3404 2902 ἐκείνοις
3457 2840 3752 2909 βαδίζουσα
3808 2836 3931 2899 πῶς
3970 2836 4038 2889 ἂν

2452 2935 2565 3007 εἶχε
2611 2938 2889 2990 δεικνύναι
2947 2935 3023 2998 ὡς
3069 2935 3128 2998 ἐξ
3186 2934 3410 2986 ἐκείνων
3462 2934 3718 3000 πατέρων
3769 2932 3832 2983 τὸ
3878 2930 4040 2996 γένος

2453 3029 2705 3082 ἕλκουσιν
2732 3020 2876 3080 οὗτοι
2905 3042 2920 3091 ;
2958 3027 3054 3078 καὶ
3089 3027 3195 3093 μὴν
3227 3024 3415 3077 ἄνοιαν
3438 3024 3533 3075 καὶ
3560 3023 3829 3091 πονηρίαν
3861 3022 4042 3087 ἔγωγε

2454 3123 2553 3176 καὶ
2582 3120 2820 3188 πρόσθεν
2850 3119 3055 3172 τούτων
3095 3116 3522 3183 καταγινώσκων
3550 3110 3632 3178 οἷς
3671 3114 4044 3167 ἐπεϐούλευον

775 3207 1071 3273 suntilli,a
1114 3225 1223 3277 quo
1258 3217 1335 3263 tot
1384 3210 1645 3266 beneﬁt-ia
1710 3223 2057 3283 acceperant,
2101 3216 2337 3271 riseritn:

2456 3212 2537 3284 τῷ
2582 3212 2991 3280 εύεργετοῦντι,
3036 3210 3132 3263 νῦν
3193 3210 3396 3279 μᾶλλον
3447 3210 3715 3274 ἀνοήτους
3769 3206 4041 3276 ἡγοῦμαι,

776 3316 923 3352 nunc
964 3302 1137 3370 magis
1169 3302 1514 3359 detnetttatos
1550 3322 1672 3359 esse
1692 3322 1881 3372 cerno,
1912 3310 2003 3377 qui
2054 3312 2349 3365 excubito—

778 3409 865 3447 τρε
890 3395 1145 3462 sepulcro
1188 3397 1442 3463 alloceut,
1470 3398 1593 3468 quia
1627 3401 1837 3455 scilicet
1874 3412 2122 3457 metuunt
2181 3404 2353 3458 homi-

778 3500 901 3537 nem
942 3487 1397 3542 mortuutn.Natn
1439 3491 1596 3555 cedo,
1631 3494 1673 3546 si
1742 3493 1904 3547 horno
1950 3504 2199 3551 mortuus
2246 3507 2352 3564 est,

777 3577 906 3644 quid
932 3578 1135 3634 times?
1163 3580 1209 3634 si
1241 3591 1422 3635 autem
1464 3583 1641 3647 times,
1679 3586 1768 3639 cui
1820 3586 2045 3640 dubium
2089 3603 2210 3643 esse
2256 3604 2354 3659 po-

782 3678 890 3725 tt-st
946 3674 1341 3727 conscientiam
1395 3684 1543 3729 tuam
1585 3688 1635 3730 te
1660 3678 1903 3746 quietum
1956 3694 2081 3734 esse
2127 3696 2233 3736 non
2280 3683 2355 3736 si-

784 3780 937 3827 nere,
988 3767 1207 3820 etiamsi
1246 3778 1423 3821 tecum
1459 3769 1574 3837 ipse
1626 3770 1926 3824 contendas
1960 3772 2145 3826 lunam
2186 3774 2355 3843 (quod

785 3856 983 3925 fertur)
1012 3860 1153 3913 caalo
1176 3861 1488 3915 deducere?
1526 3860 1625 3916 Hic
1668 3862 1810 3916 enim
1851 3864 1941 3917 ille
1994 3874 2098 3928 est,
2128 3867 2212 3919 cui
2261 3883 2359 3921 nec

784 3950 1003 4001 tlillicilo
1041 3950 1141 4003 fuit
1169 3952 1329 4004 etiam
1361 3967 1527 4016 super
1561 3954 1856 4007 Cherubitn
1898 3957 2075 4009 evehi.
2108 3956 2359 4011 Inviden-

788 4042 857 4092 tia
890 4041 955 4110 (si
981 4057 1168 4095 verutn
1195 4043 1348 4096 fati-ri
1375 4045 1559 4110 vultis)
1592 4046 1913 4113 sanguinem
1976 4048 2129 4102 sitire
2167 4059 2358 4103 contra

787 4136 1131 4187 Servatorem
1167 4150 1263 4189 vos
1294 4137 1490 4203 coegit.
1516 4136 1557 4189 0
1602 4136 1801 4205 probos
1837 4139 2013 4206 legum
2042 4138 2298 4197 doctores
2340 4144 2353 4195 ι

789 4225 901 4279 Νοιι
931 4227 1033 4281 fuit
1073 4229 1317 4293 ejusdem
1349 4231 1541 4290 animi,
1570 4230 1718 4283 omni
1753 4231 1938 4286 studio
1963 4231 2218 4287 affectare
2244 4248 2362 4286 ma-

789 4320 990 4386 gistros
1022 4323 1228 4385 vocari,
1255 4331 1307 4375 et
1344 4323 1480 4377 alios
1514 4324 1762 4378 docendo
1789 4325 2000 4394 seipsos
2025 4327 2245 4397 etleges
2278 4326 2362 4381 la-

788 4431 932 4469 cere.
968 4416 1296 4472 Omittatnus
1322 4417 1530 4472 istlnec.

860 4506 1107 4560 Prudens
1133 4502 1397 4575 judicatis
1436 4508 1638 4562 factum
1673 4518 1781 4561 tam
1829 4510 1994 4564 multa
2049 4510 2363 4579 repudiasse

792 4600 1092 4666 miracula,
1114 4610 1168 4653 et
1200 4617 1308 4654 non
1336 4600 1446 4655 Deo
1476 4603 1529 4656 itt
1565 4604 1756 4669 Deum,
1787 4606 1878 4657 sed
1915 4607 2095 4674 potius
2125 4607 2178 4658 in
2202 4614 2366 4674 caput

791 4702 1037 4747 vestium
1091 4709 1247 4764 Opem
1297 4697 1487 4749 tulisse
1548 4702 1769 4764 putatis.
1802 4697 1911 4753 Vos
1959 4700 2105 4753 enim
2162 4700 2279 4754 sive
2311 4700 2364 4752 iu

794 4787 1104 4855 popularem
1162 4801 1437 4852 vestrum,
1479 4805 1584 4842 non
1653 4798 1835 4844 tamen
1895 4793 2366 4845 accommodatum

790 4881 1287 4941 vestrismoriltus.
1315 4890 1572 4948 tanquam
1606 4885 1655 4933 in
1692 4884 2011 4950 popularem
2048 4884 2244 4937 ἰιινιιοιὶ
2277 4898 2367 4936 es-

795 4973 886 5035 tis,
946 4972 1060 5025 sive
1117 4973 1330 5025 alienus
1392 4973 1536 5026 sitet
1565 4990 1780 5027 ontnetn
1812 4975 1962 5027 vobis
2026 4974 2240 5027 laudem
2275 4974 2375 5026 tri-

794 5068 919 5119 buat
950 5107 963 5130 ,
994 5080 1101 5119 non
1134 5068 1428 5128 agnoscitis
1456 5069 1687 5131 aliquem
1720 5084 1839 5121 esse
1866 5085 1929 5122 ex
1966 5069 2046 5122 bis
2069 5068 2161 5137 qui
2191 5069 2376 5136 genui-

797 5158 848 5208 ni
883 5167 1028 5212 sunt.
1066 5157 1184 5209 Jam
1228 5174 1354 5210 vero
1393 5167 1444 5210 ttt
1491 5158 1621 5211 utilti
1656 5158 1894 5211 Sabbata
1921 5157 2217 5211 et‘illorum
2251 5156 2372 5209 vio—

795 5252 1031 5305 lationes
1080 5252 1279 5315 obiice,
1334 5265 1433 5320 ego
1481 5260 1669 5303 contra
1736 5263 2004 5318 opponam
2082 5248 2367 5302 Illil‘aCttla.

795 5344 920 5397 ilice
975 5344 1118 5396 enim
1143 5343 1385 5400 Christo.
1426 5342 1562 5395 haud
1595 5358 1755 5396 secus
1790 5357 1951 5410 quam
2006 5341 2211 5394 umbra:
2249 5356 2372 5394 cor‘

797 5436 1022 5503 poribus
1074 5436 1271 5502 ubique
1302 5444 1428 5487 sunt
1458 5434 1736 5495 comitata,
1772 5443 1826 5484 et
1862 5432 2056 5484 melius
2079 5446 2200 5485 esse
2232 5446 2372 5484 Sem-

802 5544 896 5595 per
926 5529 1166 5596 atleoqtte
1189 5526 1444 5579 Sabbatis
1476 5525 1629 5593 ipsis,
1670 5525 1914 5576 animam
1954 5538 2173 5576 servare
2206 5536 2367 5589 quam

804 5630 861 5671 ιιι
896 5618 1173 5687 perdatur,
1203 5618 1509 5679 admittere,
1548 5616 1647 5669 uisi
1683 5614 1822 5668 forte
1860 5615 1958 5667 hac
2000 5630 2215 5682 quoque
2246 5628 2378 5666 cau-

805 5727 864 5765 sa
892 5712 1059 5766 soloin
1102 5724 1346 5771 accuses,
1384 5709 1522 5776 quod
1544 5707 1798 5761 Sabbatis
1833 5707 2112 5775 quiescere
2142 5720 2250 5757 non
2286 5716 2380 5755 no-

2456 3307 2727 3375 ιρρουροὺς
2779 3305 3107 3371 ἐφιστάντας
3150 3301 3226 3370 τῷ
3283 3302 3463 3369 ταφῳ,
3497 3300 3579 3353 ὅτι
3629 3298 3826 3365 νεκρὸν
3875 3297 4047 3350 δεδοίς

2454 3416 2617 3453 κασιν
2646 3398 2957 3465 ἄνθρωπον.
2996 3396 3057 3448 Εί
3106 3394 3204 3464 μὲν
3235 3394 3345 3462 γὰρ
3391 3395 3585 3461 νεκρός
3631 3392 3781 3442 ἐστιν
3825 3390 4047 3457 ἄνθρω-

2457 3510 2579 3557 πος,
2616 3493 2667 3543 τί
2714 3492 2997 3556 δέδοικας;
3036 3492 3085 3541 εί
3124 3488 3182 3541 δὲ
3223 3486 3490 3547 δέδοικας,
3528 3481 3794 3551 πρόδηλον
3832 3481 3909 3541 ὡς
3945 3480 4045 3530 οὐκ

2458 3586 2523 3657 ἐᾷ
2577 3601 2637 3637 σε
2674 3582 2959 3638 καθεύδειν
3016 3581 3078 3634 τὸ
3124 3579 3386 3639 συνειδὸς,
3414 3575 3517 3630 κᾶν
3574 3575 3889 3644 φιλονεικῇς
3954 3573 4047 3623 ἐπὶ

2460 3677 2678 3741 σαυτὸν,
2720 3675 2749 3727 ὅ
2799 3675 3043 3740 λέγεται,
3092 3674 3194 3739 τὴν
3249 3671 3482 3739 σελήνην
3538 3668 3824 3736 κατάγειν.
3877 3659 4047 3728 Οὗτος

2459 3770 2569 3837 γὰρ
2613 3769 2842 3830 ἐκεῖνος,
2894 3757 2937 3832 ᾧ
2989 3766 3087 3818 καὶ
3138 3763 3215 3831 τῷ
3266 3762 3360 3813 ἐπὶ
3408 3758 3677 3829 Χερουϐὶν
3727 3755 4046 3825 ἐποχεῖσθαι

2458 3860 2611 3913 οὐδὲν
2675 3858 2840 3929 μέγα.
2893 3856 3094 3919 Φθόνος
3152 3857 3199 3907 εί
3267 3853 3526 3921 βούλεσθε
3578 3849 3793 3918 τάληθῆ
3844 3848 4045 3907 λέγειν,

2461 3955 2627 4024 φονᾷν
2675 3953 2819 4017 ὑμᾶς
2871 3950 3011 4003 κατὰ
3067 3946 3162 4000 τοῦ
3205 3947 3458 4014 Σωτῆρος
3504 3944 3843 4010 ἠνάγκασεν,
3875 3935 3921 3993 ὦ
3958 3940 4047 3991 τοῦ

2462 4049 2629 4115 νόμου
2662 4043 2888 4115 χρηστοὶ
2920 4041 3232 4095 διδάσκαλοι
3266 4040 3279 4092 l
3317 4036 3455 4092 Οὐδὲ
3488 4036 3595 4106 γὰρ
3637 4037 3738 4103 τῆς
3784 4035 3961 4103 αὐτῆς
3985 4030 4049 4100 ἦν

2464 4139 2839 4209 προαιρέσεως
2888 4136 3016 4201 περὶ
3070 4133 3273 4193 παντός
3331 4148 3390 4184 τε
3436 4128 3713 4181 ποιεῖσθαι
3766 4127 3876 4179 ὑπὸ
3944 4127 4050 4178 τῶν

2465 4232 2769 4299 ἀνθρώπων
2813 4227 3100 4280 καλεῖσθαι
3144 4222 3492 4285 Ῥαϐϐὶ,καὶ
3542 4219 3688 4289 ἄλλῳ
3737 4219 4049 4271 διδάσκοντι

2466 4322 2694 4383 ἑαυτοὺς
2739 4317 3224 4373 ὑποκατακλίνειν·
3266 4313 3341 4386 μὴ
3376 4313 3483 4385 γάρ
3512 4328 3587 4368 τι.

2541 4501 2711 4571 Σοφὸν
2738 4502 2917 4555 οἴεσθε
2945 4498 3188 4552 τοσαῦτα
3219 4493 3749 4568 παραγκωνίζεσθαι
3773 4492 4053 4563 θαύματα,

2472 4596 2546 4665 μὴ
2574 4595 2630 4647 δὲ
2664 4593 2785 4663 Θεῷ
2828 4594 2969 4645 κατὰ
3004 4590 3163 4652 Θεοῦ,
3198 4588 3400 4658 μᾶλλον
3445 4587 3502 4640 δὲ
3550 4587 3651 4656 τῆς
3684 4586 3844 4655 ὑμῶν
3884 4584 4057 4638 αὐτῶν

2470 4687 2713 4756 κεφαλῆς
2768 4684 3021 4755 νομίζετε
3079 4681 3327 4752 βοηθεῖν;
3358 4682 3519 4750 ὑμεῖς
3571 4682 3680 4749 γὰρ
3730 4679 3847 4732 οὔτ’
3883 4680 3952 4733 ἂν
3985 4682 4059 4731 οἰ-

2473 4782 2606 4851 κείῳ
2660 4781 2758 4849 μὲν
2810 4782 2957 4850 ὑμῖν,
3017 4778 3093 4850 μὴ
3150 4775 3554 4845 συμφερομὲνῳ
3611 4773 3673 4825 δὲ
3732 4775 3851 4835 τοῖς
3908 4772 4055 4839 ὑμῶν

2473 4874 2718 4941 τρόποις,
2751 4872 2826 4932 ὡς
2878 4870 3067 4938 οίκείῳ
3108 4864 3584 4938 προσενεχθείητε,
3614 4861 3730 4914 οὔτ’
3783 4862 3854 4914 ἂν
3907 4859 4055 4911 ἀλῇὸψ

2474 4983 2624 5037 τριος
2658 4965 2756 5035 μὲν
2789 4960 2844 5035 ᾖ,
2870 4964 3048 5018 πάντα
3089 4960 3135 5013 δ’
3168 4960 3311 5029 ὑμᾶς
3347 4958 3596 5010 ἐπαινεῖν
3648 4954 3770 5024 ἔχῃ,
3817 4954 3918 5022 οὐχ
3965 4953 4055 5003 ’ἕνα

2479 5061 2586 5111 τῶν
2642 5056 2881 5127 γνησίων
2916 5054 3212 5124 ἡγήσεσθε.
3252 5047 3387 5103 Εἶτα
3439 5048 3504 5101 σύ
3555 5066 3647 5115 μοι
3692 5047 3765 5098 τὰ
3812 5045 4055 5098 σάϐϐατα

2478 5153 2725 5219 προϐαλῇ
2767 5149 2862 5201 καὶ
2893 5152 2993 5217 τὴν
3035 5146 3262 5201 ἐκείνων
3298 5141 3616 5212 παράϐασιν
3645 5156 3658 5170 ο
3700 5139 3816 5206 ἐγὼ
3874 5138 3920 5190 δ’
3965 5138 4053 5190 ἁν-

2476 5238 2961 5310 τιπαραϐαλοῦμαι
2992 5238 3063 5290 τὰ
3095 5236 3350 5305 θαύματα
3404 5230 3692 5303 Πανταχοῦ
3732 5232 3846 5299 γὰρ
3878 5230 4056 5298 παρῆν

2477 5332 2652 5385 ταῦτα
2708 5327 2949 5399 Χριστῷ,
2978 5327 3055 5389 ὡς
3082 5328 3195 5387 τοῖς
3251 5323 3499 5390 σώμασιν
3546 5322 3601 5373 αἱ
3647 5320 3822 5372 σκιαί.
3864 5320 3975 5372 Καὶ
4004 5317 4056 5366 τὸ

2482 5426 2689 5493 βέλτιον
2739 5421 2900 5483 εἶναι,
2939 5421 3023 5473 ἀεί
3055 5436 3112 5472 τε
3148 5420 3243 5471 καὶ
3292 5416 3434 5468 κατὰ
3478 5416 3543 5466 τὰ
3593 5412 3848 5466 σάϐϐατα
3886 5412 4057 5480 ψυχὴν

2484 5517 2676 5577 σώζειν
2712 5513 2743 5583 ἦ
2777 5510 3094 5565 ἀπολλύναι.
3134 5509 3193 5561 Ei
3228 5507 3303 5577 μὴ
3344 5507 3439 5559 καὶ
3472 5507 3564 5557 τὸν
3597 5503 3752 5575 ἥλιον
3800 5503 4051 5573 γράψαιο.

2484 5610 2621 5662 διότι
2665 5607 2738 5676 μὴ
2770 5608 2881 5668 τοῖς
2914 5603 3184 5656 σάϐϐασιν
3214 5603 3447 5671 ἠρεμεῖν
3470 5595 3636 5662 οἶδεν,
3672 5599 3789 5651 ἀλλ’
3824 5599 4052 5665 ἀνίσχων

2489 5702 2698 5771 ἡμέραν
2750 5700 2911 5752 ποιεῖ.
2945 5695 3138 5752 Καίτοι
3205 5696 3266 5747 ού
3322 5693 3503 5764 μικρῷ
3544 5691 3624 5762 τῷ
3681 5692 3838 5762 μέσῳ
3894 5694 4052 5743 ἐπιει-

883 5898 994 5968 (ὶὲ)
1025 5896 1218 5951 Domus
1253 5893 1540 5947 \iduarum
1590 5891 1874 5955 devorant,
1921 5898 1972 5942 et
2015 5904 2136 5956 qua:
2174 5886 2374 5942 ibidem
2412 5893 2540 5940 sunt
2563 5884 2796 5954 adjecta,
2840 5890 3101 5951 spectant.
