4234 6446
306 439 456 507 1013
1234 436 1518 498 ORATIO
1556 437 1630 495 IN
1658 437 1978 496 SEPUI.T[

1892 436 2178 495 .TUIHM
2225 436 2293 495 D.
2335 436 2403 495 N.
2439 437 2492 498 Ι.
2534 437 2600 495 C.
3413 434 3557 500 1014

307 561 569 627 κέσιερον
625 552 691 627 ἧν
749 555 823 624 μὴ
882 552 1116 622 φανῆναι
1166 553 1256 606 τὸν
1305 554 1456 623 ἥλιον
1502 554 1644 623 ὑπὲρ
1696 553 1881 621 γῆν,ῆ
1914 557 1952 612 Α

1914 557 1952 612 Α
1987 553 2146 612 verit,
2185 552 2278 605 sed
2329 560 2526 603 exortu
2585 563 2685 604 suo
2734 549 2873 604 diem
2931 547 3147 603 efficiat.
3186 547 3346 616 Atqui
3389 549 3563 602 multo

305 652 501 705 τοῦτον
535 651 668 704 Θεὸν
700 649 826 703 ὅντα
863 648 956 701 ἐπί
983 666 1044 716 γε
1083 646 1278 717 μικρὸν
1313 647 1506 698 ἑαυτὸν
1551 648 1797 715 ἐπισχεῖν
1827 645 1886 697 εὖ

1991 642 2162 711 magis
2226 642 2426 695 rationi
2491 650 2918 696 consentaneum
2981 651 3127 695 esset
3172 641 3343 696 solem
3396 655 3560 710 super

308 742 594 796 ποιοῦντα,
1990 749 2190 790 terram
2229 751 2335 788 non
2364 750 2650 805 apparere,
2686 749 2847 802 quam
2879 733 3044 797 hunc,
3071 750 3192 787 cum
3221 735 3361 789 Deus
3383 735 3473 799 sit,
3505 751 3562 790 se

1991 849 2018 886 a
2059 835 2195 887 bene
2225 833 2474 885 faciendo
2505 833 2806 885 continere.

383 920 522 979 Εἶτα.
548 924 662 985 πῶς
714 924 774 976 οὺ
808 925 907 991 τῆς
955 921 1187 988 ἐσχάτης
1235 922 1510 985 ciconiae;
1550 921 1597 971 εἰ
1642 919 1733 972 τῗιν
1789 920 1889 988 μὲν

1887 939 1889 956 ι
2061 924 2230 978 Porro
2288 939 2470 977 annon
2524 935 2779 978 extremae
2836 931 2921 977 est
2977 923 3243 983 vesania.
3290 924 3336 978 si
3390 924 3559 977 solem

307 1019 465 1088 ἥλιον
517 1017 689 1085 ἡδέως
735 1016 898 1082 ὁρᾶτε
946 1015 1046 1066 κᾶν
1090 1013 1284 1082 σχολὴν
1317 1013 1520 1080 ἄγητε’
1558 1012 1649 1064 τὸν
1697 1013 1754 1064 δὲ
1793 1011 1888 1064 τοῦ

1886 1037 1888 1057 ι
1991 1018 2241 1085 quamvis
2300 1019 2473 1069 otium
2517 1016 2675 1085 agitis
2732 1030 2854 1068 cum
2908 1016 3178 1083 voluptate
3236 1014 3558 1080 intuemini,

309 1111 465 1180 ἡλίου
515 1109 787 1176 δεσπίτην
838 1108 1024 1158 ἐκεῖνα
1070 1104 1372 1173 τηλικαῦτα
1400 1105 1696 1157 τελούνταο
1747 1103 1888 1174 ἅπερ

1992 1107 2142 1176 quod
2169 1109 2302 1162 solis
2334 1108 2623 1161 Dominum
2653 1109 2741 1161 illa
2775 1118 2880 1160 tam
2917 1109 3114 1161 eximia
3164 1106 3306 1161 facta
3341 1120 3561 1175 patian-

306 1205 461 1273 ἥλιος
502 1204 601 1270 μὲν
654 1202 754 1252 οὐκ
806 1202 872 1252 ἂν
914 1199 1152 1264 δύναιτο,
1201 1198 1504 1266 δυναμένου
1556 1197 1611 1249 δὲ
1663 1197 1890 1264 ἄσμενοι

1889 1238 1890 1243 η
1995 1207 2124 1262 tem,
2157 1199 2335 1268 qualia
2400 1200 2480 1252 sol
2536 1215 2639 1252 non
2695 1209 2893 1268 potest,
2946 1203 3068 1255 etsi
3105 1208 3292 1269 posset
3335 1201 3561 1254 libenter

305 1300 410 1366 τὴν
440 1298 628 1365 ὄνησιν
679 1296 744 1347 ἂν
778 1291 1103 1361 ὑποδέχεσθε
1133 1308 1145 1320 °
1179 1291 1348 1361 μηδὲν
1403 1291 1714 1358 ἀνδριάντος
1747 1290 1887 1358 ἀψύ-

1994 1292 2343 1344 eommodum
2371 1291 2498 1343 illud
2521 1295 2906 1362 acceptaretis,
2932 1292 3065 1345 nihil
3095 1293 3163 1346 ab
3195 1293 3419 1346 inanimi
3457 1304 3561 1347 sta-

308 1407 409 1458 χου
439 1389 721 1455 διαφέρειν
763 1385 1014 1438 κελεύετε
1041 1399 1056 1450 ;
1089 1384 1187 1450 ἆγε
1211 1381 1306 1434 νῦν
1336 1385 1436 1450 ὅρα
1461 1382 1673 1446 τοῦτον,
1700 1385 1748 1434 εί
1785 1400 1891 1451 μη-

1890 1415 1891 1418 η
1998 1393 2087 1434 tua
2138 1383 2640 1451 diﬂ'errejubeatis.
2691 1387 2845 1455 Agilo
2902 1402 3069 1450 nunc,
3113 1397 3354 1455 spectate
3396 1388 3562 1448 hune,

307 1483 366 1535 δὲ
398 1482 491 1532 τοῦ
519 1481 788 1548 παρόντος
831 1477 1104 1530 σαϐϐάτου
1134 1475 1364 1544 ἡσυχίαν
1397 1474 1538 1542 ἐγνω
1561 1475 1752 1543 τιμᾷν.
1779 1474 1891 1526 Καὶ

1890 1515 1891 1518 η
1997 1475 2280 1542 numquid,
2312 1490 2434 1528 cum
2457 1473 2750 1529 Sabbatum
2785 1486 2888 1538 est.
2919 1479 3155 1546 quietem
3194 1479 3374 1532 colere
3408 1478 3562 1532 sciat.

311 1577 424 1644 μὴν
459 1574 521 1626 τὸ
575 1575 735 1642 σῶμα
783 1572 883 1640 μὲν
935 1572 1198 1640 ἀτρεμεῖν
1245 1569 1397 1637 νόμῳ
1445 1568 1660 1636 φύσεως
1707 1564 1891 1620 εἶκον·

1889 1586 1891 1598 ι
1997 1568 2259 1635 Equidem
2323 1585 2526 1638 corpus
2587 1578 2798 1624 natura:
2869 1571 2981 1639 lege
3038 1570 3322 1640 quiescere
3383 1571 3561 1625 debet.

307 1669 418 1720 ὁδὲ
467 1669 549 1719 σοὶ
592 1668 668 1736 μὴ
720 1667 1052 1735 βλεπόμενος
1085 1664 1241 1727 Θεὸς,
1273 1665 1340 1718 τὰ
1395 1665 1624 1732 μέγιστα
1676 1663 1893 1712 πάντων

1891 1680 1893 1695 ι
2003 1662 2052 1714 Is
2122 1662 2212 1729 qui
2268 1677 2295 1712 a
2351 1673 2402 1716 te
2465 1673 2792 1732 conspectus
2855 1679 2959 1716 non
3015 1673 3136 1728 est,
3194 1664 3340 1718 Deus
3404 1678 3563 1732 opera

308 1767 547 1834 ἐνεργεῖ,
579 1763 670 1815 τὸν
714 1762 846 1832 ᾅδην
904 1760 1131 1826 νεκρῶν,
1190 1761 1281 1812 τὸν
1339 1759 1568 1812 θάνατον
1631 1757 1891 1816 ἁπολλὺς,
1931 1759 1970 1813 Β

1931 1759 1970 1813 Β
2001 1754 2247 1807 omnium
2275 1756 2512 1809 maxima
2549 1755 2698 1820 facit,
2729 1756 3004 1811 infernum
3036 1756 3103 1810 ad
3161 1757 3445 1811 interitum
3481 1773 3565 1810 re-

305 1857 409 1919 τάς
461 1856 521 1919 ἐξ
571 1856 770 1915 αἰῶνος
819 1856 936 1906 ὲκεί
985 1852 1512 1922 ταλαιπωρουμένας
1551 1851 1729 1919 ψυχάς
1779 1849 1888 1900 τῶν

1995 1849 2209 1917 digeris,
2244 1857 2473 1902 mortem
2504 1849 2762 1917 perdens,
2796 1852 3006 1905 animas
3038 1849 3149 1905 illic
3182 1865 3211 1903 a
3244 1852 3445 1904 smculo
3471 1853 3568 1906 mi-

307 1951 576 2015 ἀφύκτων
628 1948 850 2013 δεσμῶν
899 1947 1102 2015 ἀφιείς.
1145 1944 1280 1997 Θεοῦ
1338 1945 1446 2013 γὰρ
1503 1945 1650 2004 ὅστις
1703 1943 1890 2009 ἀφεῖλε

1995 1959 2114 1997 sere
2144 1942 2389 2006 alllietas,
2417 1959 2482 1996 ex
2518 1943 2584 1998 iis
2611 1985 2624 2008 ,
2658 1958 2688 1996 e
2718 1945 2914 2011 quibus
2945 1944 3182 2012 effugere
3219 1961 3326 1998 non
3353 1946 3565 2010 licebat,

306 2044 372 2094 τὸ
405 2043 672 2109 ἐνεργεῖν.
713 2039 1034 2104 συναφεῖλεν
1065 2037 1231 2090 αὑτοῦ
1281 2038 1375 2088 καὶ
1413 2034 1471 2086 τὶ
1510 2031 1670 2087 εἶναι.
1703 2033 1891 2086 Βούλει

1996 2037 2228 2089 vinculis
2261 2038 2537 2090 emittens.
2563 2036 2825 2106 Quisquis
2855 2041 2995 2091 enim
3058 2039 3164 2094 Deo
3218 2041 3320 2096 hoc
3385 2040 3564 2094 detra-

311 2132 509 2202 μαθεῖν
536 2133 619 2184 ὃτι
657 2130 892 2198 Χριστὸς
922 2131 1003 2193 εἰς
1036 2128 1166 2199 ᾅδου
1200 2127 1470 2187 καταϐάς,
1509 2127 1599 2177 τόν
1629 2141 1688 2178 τε
1741 2127 1891 2193 ἰσχυ-

1998 2128 2095 2189 hit,
2136 2145 2202 2181 ne
2239 2129 2378 2182 bene
2434 2129 2636 2192 faciat,
2677 2147 2782 2184 una
2810 2131 3069 2198 detrahit,
3108 2147 3173 2185 ne
3196 2134 3267 2187 sit
3314 2134 3563 2187 omnino.

313 2230 408 2296 ρον
450 2227 643 2295 ἔδησεν
675 2225 771 2276 καὶ
819 2224 887 2276 τά
923 2224 1089 2292 σκεύη
1126 2221 1319 2273 τούτου
1368 2221 1699 2288 διήρπασεν;
1734 2218 1890 2285 ἄθρει

2003 2219 2094 2273 Vis
2128 2220 2454 2289 intelligere,
2487 2224 2632 2291 quod
2671 2224 2927 2278 Christus
2959 2233 3308 2294 posteaquam
3338 2225 3566 2280 descen-

310 2320 406 2388 μοὶ
456 2319 549 2369 τὸν
593 2316 837 2384 σεισμὸν,
866 2315 991 2376 τοὺς
1025 2313 1369 2382 στρατιώτας
1413 2309 1713 2371 ὑπνοῦντας
1757 2309 1892 2361 ὡσεὶ

1997 2311 2075 2363 dit
2100 2313 2164 2364 ad
2197 2313 2422 2377 inferos,
2458 2313 2650 2368 fortem
2673 2317 2926 2382 vinxerit,
2955 2327 3005 2370 et
3032 2325 3370 2373 armamenta
3399 2319 3568 2388 ipsit's

307 2413 569 2481 νεκροὺς,
605 2408 908 2479 σφραγῖδας
949 2404 1443 2467 ἁνεπιὸουλεύτους
1478 2401 1767 2472 μενούσας,
1800 2403 1892 2455 καὶ

1998 2405 2319 2470 expilaverit
2361 2425 2372 2460 :
2414 2421 2608 2460 revoca
2644 2409 2694 2460 in
2728 2417 2961 2463 mentem
2999 2418 3157 2464 teme
3194 2420 3422 2474 motum,
3467 2410 3573 2464 mi-

307 2504 405 2556 τὸν
453 2501 867 2571 φρουρούμενον
922 2499 1219 2550 ἐκλιπόντα
1270 2495 1363 2548 τοῦ
1417 2495 1590 2563 τάφου
1637 2496 1697 2546 τὸ
1729 2495 1895 2563 φρού-

1894 2526 1895 2530 η
2000 2495 2118 2550 lites
2172 2512 2366 2552 somno
2411 2500 2636 2554 obrutos
2702 2501 2842 2555 haud
2873 2503 3030 2556 aliter
3077 2519 3239 2572 quam
3300 2513 3566 2564 mortuos.

313 2611 451 2663 ριον,
488 2594 583 2644 καὶ
626 2593 718 2643 ἐπὶ
749 2593 960 2652 ταύτοις
1011 2589 1259 2656 ἀγγέλων
1303 2587 1628 2655 παρουσίαν,
1660 2589 1753 2640 καὶ
1801 2588 1893 2640 τὸν

1999 2586 2175 2655 sigiila
2217 2588 2327 2655 (14)
2389 2590 2459 2643 ab
2500 2591 2716 2644 insidiis
2774 2591 2944 2645 libera
2975 2601 3028 2646 et
3056 2593 3279 2659 intacta,
3308 2608 3430 2648 cum
3477 2597 3569 2664 qui

309 2688 465 2740 λίθον
510 2685 604 2737 ὄπ’
639 2685 820 2738 αὐτῶν
845 2682 1198 2744 ,κυλισθὲντα.
1236 2680 1422 2733 Ταῦτά
1464 2698 1546 2732 σοι
1603 2682 1710 2732 τῶν
1756 2682 1892 2748 ἀφα-

1997 2680 2306 2735 custodiam
2337 2682 2724 2748 observabant,
2755 2685 3014 2740 excubias
3050 2695 3176 2756 post
3219 2702 3276 2740 se
3313 2687 3569 2756 reliquis-

261 2781 420 2833 ““νῶν
479 2779 621 2832 ἔστω
669 2778 974 2847 τεκμήρια,
1004 2767 1072 2828 ita;
1128 2775 1440 2845 βλεπόμενα
1473 2774 1581 2825 τῶν
1640 2776 1713 2843 μὴ
1758 2777 1895 2840 ὁρω-

1997 2782 2159 2825 seut:
2192 2775 2255 2826 ad
2283 2774 2421 2838 haec,
2440 2775 2759 2842 angelorum
2790 2776 3231 2843 prasentiam,et
3256 2777 3570 2831 devolutum

312 2875 496 2944 μένων
528 2872 862 2925 διδάσκαλοι.
897 2871 972 2924 Οὐ
1005 2869 1118 2940 γὰρ
1149 2868 1361 2936 σώματί
1391 2884 1472 2919 σοι
1504 2867 1649 2937 μόνῳ
1681 2869 1738 2919 τὸ
1771 2866 1892 2935 ζῇν,

2003 2866 2070 2917 ab
2106 2865 2240 2934 ipsis
2299 2866 2550 2935 lapidem.
2585 2866 2709 2922 Ilaac
2739 2867 2858 2933 tibi,
2895 2883 3085 2922 eorum
3118 2884 3239 2937 qua
3276 2869 3377 2922 sub
3408 2883 3569 2938 aspe-

308 2969 452 3020 ἁλλὰ
484 2969 578 3019 καὶ
618 2967 786 3034 ψυχῇ.
821 2960 898 3016 τΗ
944 2964 1082 3031 τάχα
1113 2962 1205 3013 καὶ
1226 2960 1406 3030 ψυχὴν
1437 2959 1600 3020 αὐτὸς
1648 2958 1794 3027 ἐχειν
1829 2960 1890 3010 οὐ

2000 2968 2088 3011 ctu
2117 2973 2225 3011 non
2261 2959 2486 3024 cadunt,
2507 2960 2708 3028 judicia
2749 2969 2936 3026 sunto,
2963 2960 3074 3016 visa
3100 2961 3401 3016 invisorum
3429 2964 3572 3017 velut

309 3058 617 3129 παραδέξῃ,
658 3057 738 3108 ὅτι
784 3052 1307 3121 τοὺςοσωματικοὺς
1364 3051 1641 3119 πέφευγεν
1691 3049 1965 3129 ὀφθαλει¹,1

1921 3101 1965 3129 η
2001 3051 2272 3120 magistri.
2329 3051 2448 3106 Non
2504 3054 2646 3107 enim
2705 3062 2761 3106 ut
2801 3068 3035 3122 corpore
3088 3053 3300 3118 solum,
3366 3057 3460 3110 sed
3520 3066 3572 3112 et

315 3101 617 3129 ’ν’-ι’*πνιιν
660 3101 738 3108 *ν*
794 3101 906 3116 --νν
968 3101 1171 3121 ⁷⁷⁷Γ⁷ἠ
1203 3101 1306 3114 -ίί-
1394 3101 1397 3102 ν
1450 3101 1566 3119 ινίι
1704 3101 1743 3115 ν.

312 3153 450 3223 μούς
477 3169 496 3217 ;
523 3150 697 3204 ταῦτά
728 3165 809 3201 σοι
841 3149 941 3216 τῆς
974 3148 1127 3214 νίκης
1159 3146 1298 3196 ἔστω
1325 3143 1392 3195 τὰ
1418 3142 1683 3212 σύμϐολα.
1712 3142 1894 3196 Πάντα
1921 3101 1966 3164 C

2329 3101 2448 3106 _.--_
2708 3101 2761 3106 _-
2806 3101 3034 3122 ---,----
3088 3101 3300 3118 _--_-..,
3366 3101 3460 3110 ην
3522 3101 3570 3112 ν.

1921 3101 1966 3164 C
2007 3155 2191 3201 mente
2223 3147 2394 3210 vivas,
2435 3147 2529 3201 tibi
2574 3149 2761 3202 datum
2801 3155 2908 3214 est,
2929 3146 3032 3201 nisi
3085 3147 3224 3203 forte
3257 3159 3490 3202 mentem
3518 3158 3570 3205 te

314 3245 559 3317 μεγάλα,
599 3242 776 3295 πάντα
816 3239 1067 3309 λαμπρά,
1113 3238 1420 3306 πανταχόσε
1452 3236 1555 3304 γῆς
1582 3235 1895 3288 διαδοθέντα

1999 3237 2200 3292 habere
2273 3254 2379 3292 non
2455 3239 2744 3302 admittas,
2797 3240 2940 3308 quod
3003 3255 3068 3295 ea
3135 3242 3325 3296 oculos
3379 3242 3570 3310 fugiat.

308 3341 409 3394 καὶ
461 3336 845 3400 πιστευθέντα,
884 3334 983 3386 κᾶν
1037 3330 1299 3400 μυριάκις
1344 3328 1504 3388 αὐτὸς
1535 3330 1763 3396 άπιστῇς
1793 3346 1804 3358 ·
1834 3329 1894 3380 οὗ

1999 3327 2125 3383 llaec
2180 3331 2276 3385 tibi
2339 3331 2448 3386 sint
2504 3331 2747 3386 victoriae
2807 3333 3006 3402 signa,
3058 3332 3238 3387 omnia
3292 3348 3419 3387 sun.
3461 3350 3571 3388 :aa—

310 3448 399 3484 σοι
429 3428 604 3481 ταῦτα
631 3429 797 3480 πάλαι
837 3420 1144 3495 προτυποῦν
1179 3421 1325 3472 δοκεῖ
1359 3417 1450 3470 τὸν
1487 3419 1731 3489 Μωσῆν;
1780 3419 1893 3472 ἀλλ’

1997 3425 2239 3493 gnifiea,
2299 3425 2485 3478 omnia
2557 3425 2860 3493 praeclara,
2925 3423 3123 3494 ubique
3175 3432 3442 3479 terrarum
3520 3436 3572 3480 et

307 3527 439 3591 ἐμοὶ
482 3522 652 3575 δοκεῖ.
693 3521 757 3571 Τί
807 3519 916 3586 γὰρ
968 3517 1027 3568 οὐ
1089 3514 1317 3583 μέλλει;
1351 3512 1584 3581 κατῆλθε
1637 3515 1893 3575 κάκεῖνος

1998 3518 2197 3571 tradita
2257 3527 2310 3572 et
2378 3518 2617 3583 credita,
2683 3519 3085 3588 quantumlibet
3142 3521 3443 3574 sexcenties
3515 3528 3566 3571 tu

306 3621 391 3680 εἰς
449 3615 548 3677 τὴν
597 3616 698 3683 τῆς
749 3611 1030 3679 Αἰγύπτου
1087 3593 1328 3670 σκοτίαν,
1365 3607 1586 3670 πολλαῖς
1648 3609 1742 3659 καὶ
1795 3607 1891 3675 βα-

2003 3610 2163 3662 fidem
2228 3609 2449 3677 deroges
2528 3605 2716 3661 Nonne
2777 3608 2889 3662 haec
2945 3607 3044 3662 tibi
3107 3610 3319 3663 videtur
3380 3609 3568 3679 figuris

310 3704 492 3773 ρείαις
521 3701 598 3770 τῷ
615 3701 868 3769 ,δυνάστῃ
895 3697 1096 3767 Φαραὼ
1145 3697 1380 3764 πληγαῖς
1428 3697 1890 3765 ἐπεστράτευσεν,

1883 3735 1890 3756 .
1997 3704 2124 3755 olim
2185 3704 2520 3770 expressisse
2583 3700 2794 3770 Moyses
2829 3701 2851 3753 ‘l
2885 3700 3011 3755 Mihi
3074 3703 3264 3772 procul
3297 3703 3460 3757 dubio
3500 3704 3555 3754 ai-

309 3793 608 3862 ὑπερέσχε,
652 3791 742 3844 τὸν
784 3791 909 3842 λαὸν
959 3789 1137 3857 ἀφῆκε
1179 3790 1274 3857 τῆς
1309 3788 1646 3856 τυραννίδος,
1681 3789 1890 3857 ἀνήγα-

1997 3796 2176 3849 detur.
2225 3794 2368 3858 Quid
2416 3795 2556 3847 enim
2602 3810 2707 3848 non
2758 3795 2886 3862 egit.
2925 3795 3211 3849 Descendit
3275 3807 3327 3849 et
3364 3797 3475 3863 ipse
3515 3795 3565 3847 iu

307 3905 408 3940 ’τεν
439 3887 674 3951 ἐκεῖθεν,
709 3884 800 3935 τὸν
831 3883 1029 3951 Φαραὼ
1056 3882 1399 3949 πανστρατιᾷ
1430 3879 1578 3950 βυθῴ
1613 3879 1890 3949 Θαλάσσης

1996 3883 2210 3952 [Egypti
2237 3883 2550 3952 caliginem,
2579 3882 2757 3936 multis
2793 3894 2843 3935 et
2877 3883 3133 3951 gravibus
3169 3892 3366 3936 contra
3419 3884 3568 3951 prin-

308 3980 607 4047 παρέθετο.
648 3979 764 4030 Οὐκ
827 3975 1025 4044 ἄδηλον
1073 3975 1154 4034 ὡς,
1194 3971 1367 4024 ταῦτα
1423 3974 1536 4026 τῶν.
1591 3972 1890 4038 μελλόντων

1995 3976 2168 4042 cipent
2195 3973 2533 4026 Pharaonem.
2565 3973 2824 4026 militavit
2848 3973 3120 4037 cladibus,
3152 3976 3449 4042 superavit,
3474 3992 3569 4042 po-

309 4074 599 4141 ήγήσαντο
622 4071 804 4123 τύποι.

1998 4063 2184 4132 pulum
2221 4078 2250 4114 e
2278 4062 2560 4130 tyrannide
2590 4065 2885 4127 exemit,et
2916 4063 3066 4115 iliinc
3092 4063 3300 4118 eduxit.
3335 4065 3570 4117 Pharao-

310 4191 438 4227 nem
497 4167 664 4221 simul
744 4181 865 4218 cum
920 4164 1178 4218 universo
1228 4161 1471 4215 exercitu
1526 4160 1692 4212 maris
1743 4158 1942 4229 διιτείιέ
2002 4158 2295 4212 immersit.
2357 4156 2474 4210 Non
2535 4156 2826 4210 obscurum
2878 4164 2996 4220 est,
3051 4165 3162 4211 haec
3206 4156 3376 4213 fuisse
3432 4176 3570 4227 prte-

308 4265 572 4320 cedentes
602 4273 792 4316 eorum
827 4271 946 4327 quae
980 4265 1236 4310 secutura
1270 4263 1442 4315 erant,
1482 4249 1702 4321 liguras.

398 4385 553 4439 Ἐπεὶ
593 4383 676 4442 τίς
726 4383 753 4432 ὁ
808 4376 1010 4430 πείθων
1044 4375 1103 4426 at.
1134 4373 1405 4441 τοσαύτην
1432 4373 1619 4434 ἁπλῶς
1669 4371 1798 4439 περὶ
1827 4370 1886 4420 σὲ
1923 4382 1967 4440 ι’)
2067 4366 2070 4375 “

1923 4382 1967 4440 ο
2067 4365 2263 4419 Verum
2335 4363 2458 4432 quis
2533 4372 2615 4417 est
2679 4363 2770 4432 qui
2851 4363 2948 4417 tibi
3047 4367 3320 4433 persuasit
3399 4367 3565 4423 Deum

305 4482 403 4534 τδν
439 4477 574 4529 Θεὸν
609 4469 935 4537 ἐνδεδεῖχθαι
965 4467 1239 4533 σπουδήν;
1289 4462 1381 4515 τὸν
1424 4463 1759 4530 γογγυστὴν,
1800 4461 1892 4511 τὸν

1998 4469 2204 4514 tantum
2269 4457 2502 4512 subiisse
2535 4455 2774 4509 studium
2823 4465 3041 4525 propter
3097 4466 3149 4512 te
3202 4460 3562 4530 solummodo,

307 4574 635 4643 ἀχάριστον,
667 4566 725 4618 ὃν
774 4563 892 4633 ᾔδει
931 4559 1116 4626 σαφῶς
1144 4555 1308 4609 αὑτοῦ
1359 4555 1460 4623 μὲν
1499 4554 1620 4606 καθ’
1655 4554 1891 4622 ἑκάστην

1997 4564 2451 4608 murmuratorem
2499 4559 2569 4614 te,
2623 4550 2916 4617 ingratum,
2955 4568 3113 4620 quem
3140 4563 3326 4622 aperte
3357 4555 3486 4608 vidit
3516 4557 3565 4610 in

305 4662 820 4730 ἀποσκιρτήσαντα,
852 4652 1323 4721 προσχωρήσαντα
1361 4646 1414 4698 δὲ
1449 4647 1560 4707 τοῖς
1593 4644 1893 4713 βδελύγμα-

1997 4645 2109 4698 dies
2162 4659 2189 4696 a
2225 4659 2284 4696 se
2323 4643 2652 4702 desciscere.
2684 4649 2737 4694 et
2789 4641 2854 4694 ad
2890 4643 3187 4710 nequitiam
3231 4647 3569 4712 procedere?

308 4777 421 4812 σιν.
473 4753 618 4819 Ἐγὼ
667 4745 998 4813 πολλαχόθεν
1041 4740 1311 4804 ἐξετάζων
1365 4739 1456 4790 καὶ
1504 4736 1893 4803 πολυπραγμο-

1996 4738 2109 4805 Ego
2161 4735 2403 4803 profecto
2457 4735 2512 4788 in
2547 4734 2732 4788 multis
2767 4733 2929 4787 rebus
2957 4735 3230 4803 vestigans
3255 4746 3306 4790 et
3337 4753 3422 4792 me
3443 4754 3567 4792 eon—

309 4847 524 4908 νῶν,τί
577 4843 675 4911 τῆς
726 4841 824 4908 σῆς
875 4836 1124 4901 ἀγεννίαε
1168 4835 1261 4885 καὶ
1312 4829 1662 4899 μικρολογίας
1708 4829 1888 4896 χεῖρον

1995 4827 2206 4889 ficiens,
2263 4827 2405 4896 quod
2471 4835 2562 4879 tua
2642 4827 2908 4895 degenere
2984 4827 3300 4895 indignitate
3361 4832 3564 4898 ροε›ἰιιι

305 4940 375 4993 ἂν
429 4936 673 5004 εὕροιμι,
709 4928 1048 4997 πανταχόθεν
1098 4927 1301 4993 ἄπορος
1349 4924 1590 4990 γίνομαι.
1646 4922 1719 4974 Τὸ
1757 4921 1889 4989 γὰρ,

2001 4921 2241 4973 invenire
2324 4918 2564 4973 deterius
2627 4919 2870 4986 undique
2934 4920 3217 4974 destituor.
3269 4920 3366 4976 llis
3423 4925 3563 4977 enim

303 5032 340 5085 ἃ
399 5031 484 5088 ἄν,
523 5043 607 5088 τις
662 5023 868 5092 ηὒξατο
925 5020 1199 5087 γενέσθαι,
1247 5017 1458 5076 τούτοις
1521 5016 1756 5082 παροῦσι
1816 5013 1889 5082 μὴ

1993 5027 2113 5080 quae
2169 5011 2430 5065 obvenire
2474 5011 2580 5065 sibi
2640 5012 3005 5080 quiSOptarit,
3040 5015 3401 5080 prtesentibus
3452 5017 3567 5067 ani-

305 5123 713 5196 προσδραμεῖν,
756 5117 848 5170 καὶ
874 5115 1105 5186 ἡσθῆναι
1161 5110 1544 5178 περιχυθέντα,
1572 5108 1666 5159 καὶ
1714 5105 1888 5158 ταῦτα

1996 5121 2142 5156 mum
2215 5107 2627 5158 aecoimnodare
2669 5116 2724 5157 et
2762 5106 2952 5159 iisdem
3008 5107 3112 5159 frui
3160 5107 3363 5160 alfatim
3426 5111 3567 5162 nolle

307 5220 453 5288 μήτε
484 5217 648 5266 πόνου
683 5212 818 5281 μήτε
852 5209 1095 5274 δαπάνης
1129 5203 1378 5272 ἐμποδὼν
1412 5200 1733 5267 ἱσταμένης,
1760 5197 1888 5264 λέγε

1996 5197 2304 5266 (praecipue
2373 5213 2494 5249 cum
2553 5199 2760 5266 absque
2822 5198 3008 5252 labore
3055 5208 3107 5252 et
3168 5199 3286 5253 sine
3345 5211 3562 5267 Sttlltpltl

308 5315 403 5381 pol.
459 5309 524 5360 σὺ
575 5307 720 5365 τίνος
773 5303 835 5353 οὐ
881 5291 1154 5368 χεῖρον,ὧ
1190 5296 1351 5364 μέχρι
1404 5291 1606 5352 παντὸς
1659 5290 1879 5357 ἐπέχειν

1995 5292 2106 5343 tieri
2157 5289 2387 5359 νοεδὶι),
2421 5305 2524 5357 qua
2580 5291 2992 5360 pravitate(dic
3046 5300 3104 5344 tu
3169 5293 3325 5354 mihi,
3357 5309 3561 5360 quaeso,

303 5380 405 5458 καὶ
444 5400 520 5468 μὴ
566 5397 849 5450 πιστεύειν
899 5395 964 5462 τῇ
1003 5389 1232 5458 ἀληθείᾳ
1281 5384 1606 5455 βουλόμενε;
1644 5382 1695 5433 τί
1741 5380 1785 5432 δ’
1822 5380 1888 5432 ἂν

1993 5385 2085 5452 qui
2111 5394 2366 5450 perpetuo
2408 5385 2702 5438 detrectas.
2735 5396 2788 5438 et
2819 5383 3056 5452 profiteri
3097 5384 3373 5438 veritatem
3408 5400 3563 5438 recu-

305 5496 524 5568 βέλτιον
579 5490 765 5552 εθξαιο
826 5485 1016 5538 τούτου
1068 5499 1148 5533 σοι
1199 5477 1452 5546 γενέσθαι
1506 5475 1673 5539 ποτέ;
1728 5474 1759 5541 ἢ
1804 5474 1888 5532 τίς

1994 5480 2120 5542 sas)
2158 5491 2264 5529 non
2332 5477 2439 5532 erit
2508 5480 2754 5547 pravius?
2811 5477 2952 5542 Quid
3008 5489 3187 5532 autem
3228 5479 3565 5533 desiderave-

302 5566 704 5653 επαγγελεῖται
738 5581 822 5632 σοὶ
862 5577 1126 5645 μείζονα;
1159 5573 1321 5624 πόθεν
1359 5569 1548 5636 ἐτέρου
1588 5583 1671 5617 σοι
1706 5566 1886 5632 κρείτ-

1992 5567 2066 5618 ris
2099 5569 2200 5620 hac
2228 5583 2283 5621 re
2325 5569 2418 5620 tibi
2455 5570 2673 5623 evenire
2707 5570 2919 5634 melius,
2959 5579 3050 5622 aut
3075 5570 3197 5639 quis
3231 5571 3324 5623 tibi
3359 5572 3558 5641 majora

301 5697 462 5740 τονος
517 5674 752 5743 εὐπορία
783 5669 942 5735 Θεοῦ,
980 5668 1054 5738 μὴ
1086 5665 1275 5718 τούτου
1309 5663 1569 5730 τυχόντις
1617 5659 1672 5709 τί
1704 5659 1886 5726 χεῖρον

1993 5659 2316 5713 atnutntiare
2362 5670 2566 5727 posset,
2610 5661 2693 5714 vel
2740 5661 2881 5714 unde
2931 5661 3029 5715 tibi
3082 5663 3416 5716 commodior
3471 5664 3559 5716 bei

379 5844 494 5907 (Η)
533 5820 1859 5905 llisobsiguaricuraveratsepulcrumllermles,
1904 5832 1970 5875 ne
2043 5819 2289 5888 discipuii
2351 5821 2432 5889 (ut
2494 5821 2609 5890 ipse
2676 5821 3021 5891 opinabatur)
3061 5836 3259 5890 corpus
3316 5819 3544 5875 sulfura-

309 5925 528 5970 τειιιιιῖ.
