  <div class='ocr_page' id='page_1' title='image "/cluster/home/n/w/nwhite01/storage/ocr_20150623/147/nnc1.0046980555/524.png"; bbox 0 0 4234 6446; ppageno 0'>
   <div class='ocr_carea' id='block_1_1' title="bbox 244 378 387 450">
    <p class='ocr_par' dir='ltr' id='par_1_1' title="bbox 244 378 387 450">
     <span class='ocr_line' id='line_1_1' title="bbox 244 378 387 450; baseline -0.077 0"><span class='ocrx_word' id='word_1_1' title='bbox 244 378 387 450; x_wconf 76' lang='grc'><strong>1017</strong></span> 
     </span>
    </p>
   </div>
   <div class='ocr_carea' id='block_1_2' title="bbox 243 548 563 567">
    <p class='ocr_par' dir='ltr' id='par_1_2' title="bbox 243 548 563 567">
     <span class='ocr_line' id='line_1_2' title="bbox 243 548 563 567; baseline -0.003 -4"><span class='ocrx_word' id='word_1_2' title='bbox 243 548 563 567; x_wconf 52' lang='lat'><strong>#—</strong></span> 
     </span>
    </p>
   </div>
   <div class='ocr_carea' id='block_1_3' title="bbox 1266 380 2503 446">
    <p class='ocr_par' dir='ltr' id='par_1_3' title="bbox 1266 380 2503 446">
     <span class='ocr_line' id='line_1_3' title="bbox 1266 380 2503 446; baseline 0.002 -3"><span class='ocrx_word' id='word_1_3' title='bbox 1266 382 1678 445; x_wconf 78' lang='lat' dir='ltr'><strong>ENCOMIUM</strong></span> <span class='ocrx_word' id='word_1_4' title='bbox 1715 382 1819 442; x_wconf 91' lang='lat' dir='ltr'><strong>SS.</strong></span> <span class='ocrx_word' id='word_1_5' title='bbox 1856 380 2091 443; x_wconf 77' lang='grc' dir='ltr'><strong>ΡΕΤΒΙ</strong></span> <span class='ocrx_word' id='word_1_6' title='bbox 2120 380 2217 443; x_wconf 83' lang='grc' dir='ltr'><strong>ΕΤ</strong></span> <span class='ocrx_word' id='word_1_7' title='bbox 2247 381 2503 446; x_wconf 81' lang='lat' dir='ltr'><strong>PAULI.</strong></span> 
     </span>
    </p>
   </div>
   <div class='ocr_carea' id='block_1_4' title="bbox 3390 379 3530 449">
    <p class='ocr_par' dir='ltr' id='par_1_4' title="bbox 3390 379 3530 449">
     <span class='ocr_line' id='line_1_4' title="bbox 3390 379 3530 449; baseline 0.029 -3"><span class='ocrx_word' id='word_1_8' title='bbox 3390 379 3530 449; x_wconf 75' lang='lat'><strong>1018</strong></span> 
     </span>
    </p>
   </div>
   <div class='ocr_carea' id='block_1_5' title="bbox 368 530 3523 571">
    <p class='ocr_par' dir='ltr' id='par_1_5' title="bbox 368 530 3523 571">
     <span class='ocr_line' id='line_1_5' title="bbox 368 530 3523 571; baseline 0.003 -9"><span class='ocrx_word' id='word_1_9' title='bbox 368 530 3523 571; x_wconf 45' lang='grc' dir='ltr'><em>Μ</em></span> 
     </span>
    </p>
   </div>
   <div class='ocr_carea' id='block_1_6' title="bbox 738 728 3023 879">
    <p class='ocr_par' dir='ltr' id='par_1_6' title="bbox 738 728 3023 879">
     <span class='ocr_line' id='line_1_6' title="bbox 738 728 3023 879; baseline -0 -4"><span class='ocrx_word' id='word_1_10' title='bbox 738 728 1554 875; x_wconf 85' lang='grc' dir='ltr'><strong>ΜΑΞΙΜΟΥ</strong></span> <span class='ocrx_word' id='word_1_11' title='bbox 1632 739 1985 873; x_wconf 87' lang='grc' dir='ltr'><strong>ΤΟΥ</strong></span> <span class='ocrx_word' id='word_1_12' title='bbox 2062 738 3023 879; x_wconf 87' lang='grc' dir='ltr'><strong>ΠΛΑΝΟΥΔΗ</strong></span> 
     </span>
    </p>
   </div>
   <div class='ocr_carea' id='block_1_7' title="bbox 1599 981 2194 1070">
    <p class='ocr_par' dir='ltr' id='par_1_7' title="bbox 1599 981 2194 1070">
     <span class='ocr_line' id='line_1_7' title="bbox 1599 981 2194 1070; baseline 0.007 -4"><span class='ocrx_word' id='word_1_13' title='bbox 1599 981 2194 1070; x_wconf 89' lang='grc' dir='ltr'><strong>ΕΓΚΩΜΙΟΝ</strong></span> 
     </span>
    </p>
   </div>
   <div class='ocr_carea' id='block_1_8' title="bbox 531 1122 3248 1237">
    <p class='ocr_par' dir='ltr' id='par_1_8' title="bbox 531 1122 3248 1237">
     <span class='ocr_line' id='line_1_8' title="bbox 531 1122 3248 1237; baseline 0.003 -15"><span class='ocrx_word' id='word_1_14' title='bbox 531 1166 643 1222; x_wconf 80' lang='grc' dir='ltr'><strong>ΕΙΣ</strong></span> <span class='ocrx_word' id='word_1_15' title='bbox 672 1165 856 1221; x_wconf 88' lang='grc' dir='ltr'><strong>ΤΟΥΣ</strong></span> <span class='ocrx_word' id='word_1_16' title='bbox 882 1122 1150 1234; x_wconf 80' lang='grc' dir='ltr'>ΙΟΥΣ,</span> <span class='ocrx_word' id='word_1_17' title='bbox 1183 1165 1565 1237; x_wconf 83' lang='grc' dir='ltr'><strong>ΕΝΔΟΞΟΥΣ,</strong></span> <span class='ocrx_word' id='word_1_18' title='bbox 1601 1168 2129 1226; x_wconf 77' lang='grc' dir='ltr'><strong>ΠΑΝΕΥΦΗΜΟΥΣ</strong></span> <span class='ocrx_word' id='word_1_19' title='bbox 2158 1171 2279 1224; x_wconf 76' lang='grc' dir='ltr'><strong>ΚΑΙ</strong></span> <span class='ocrx_word' id='word_1_20' title='bbox 2314 1172 2760 1228; x_wconf 78' lang='grc' dir='ltr'><strong>ΚΟΡΥΦΑΙΟΥΣ</strong></span> <span class='ocrx_word' id='word_1_21' title='bbox 2784 1174 3248 1232; x_wconf 76' lang='grc' dir='ltr'><strong>ΛΠΟΣΤΟΛΟΥΣ</strong></span> 
     </span>
    </p>
   </div>
   <div class='ocr_carea' id='block_1_9' title="bbox 1032 1338 2745 1467">
    <p class='ocr_par' dir='ltr' id='par_1_9' title="bbox 1032 1338 2745 1467">
     <span class='ocr_line' id='line_1_9' title="bbox 1032 1338 2745 1467; baseline 0.003 -7"><span class='ocrx_word' id='word_1_22' title='bbox 1032 1340 1656 1460; x_wconf 89' lang='grc' dir='ltr'><strong>ΠΕΤΡΟΝ</strong></span> <span class='ocrx_word' id='word_1_23' title='bbox 1717 1342 2001 1457; x_wconf 90' lang='grc' dir='ltr'><strong>ΚΑΙ</strong></span> <span class='ocrx_word' id='word_1_24' title='bbox 2061 1338 2745 1467; x_wconf 88' lang='grc' dir='ltr'><strong>ΠΑΥΛΟΝ.</strong></span> 
     </span>
    </p>
   </div>
   <div class='ocr_carea' id='block_1_10' title="bbox 886 1768 2895 1934">
    <p class='ocr_par' dir='ltr' id='par_1_10' title="bbox 886 1768 2895 1934">
     <span class='ocr_line' id='line_1_10' title="bbox 886 1768 2895 1934; baseline 0.002 -8"><span class='ocrx_word' id='word_1_25' title='bbox 886 1768 1679 1928; x_wconf 86' lang='grc' dir='ltr'><strong>ΜΑΧΙΜΙ</strong></span> <span class='ocrx_word' id='word_1_26' title='bbox 1828 1768 2895 1934; x_wconf 68' lang='grc' dir='ltr'><strong>ΡΕΑΝΠΒλΈ</strong></span> 
     </span>
    </p>
   </div>
   <div class='ocr_carea' id='block_1_11' title="bbox 1547 2085 2218 2181">
    <p class='ocr_par' dir='ltr' id='par_1_11' title="bbox 1547 2085 2218 2181">
     <span class='ocr_line' id='line_1_11' title="bbox 1547 2085 2218 2181; baseline 0.001 -4"><span class='ocrx_word' id='word_1_27' title='bbox 1547 2085 2218 2181; x_wconf 87' lang='lat' dir='ltr'><strong>ENCOMIUM</strong></span> 
     </span>
    </p>
   </div>
   <div class='ocr_carea' id='block_1_12' title="bbox 405 2276 3387 2357">
    <p class='ocr_par' dir='ltr' id='par_1_12' title="bbox 405 2276 3387 2357">
     <span class='ocr_line' id='line_1_12' title="bbox 405 2276 3387 2357; baseline 0.004 -14"><span class='ocrx_word' id='word_1_28' title='bbox 405 2282 493 2345; x_wconf 71' lang='lat' dir='ltr'><strong>1N</strong></span> <span class='ocrx_word' id='word_1_29' title='bbox 569 2279 906 2346; x_wconf 85' lang='lat' dir='ltr'><strong>SANCTOS</strong></span> <span class='ocrx_word' id='word_1_30' title='bbox 942 2280 1041 2346; x_wconf 82' lang='grc' dir='ltr'>ΕΤ</span> <span class='ocrx_word' id='word_1_31' title='bbox 1075 2280 1275 2345; x_wconf 79' lang='lat' dir='ltr'><strong>OMNI</strong></span> <span class='ocrx_word' id='word_1_32' title='bbox 1310 2276 1584 2346; x_wconf 74' lang='lat' dir='ltr'><strong>lLAUDE</strong></span> <span class='ocrx_word' id='word_1_33' title='bbox 1638 2282 2258 2357; x_wconf 85' lang='lat' dir='ltr'><strong>PROSEQUENDOS</strong></span> <span class='ocrx_word' id='word_1_34' title='bbox 2304 2285 2875 2353; x_wconf 74' lang='lat' dir='ltr'><strong>APOSTOLORUM</strong></span> <span class='ocrx_word' id='word_1_35' title='bbox 2912 2289 3387 2355; x_wconf 67' lang='lat' dir='ltr'><strong>CORYPHAEOS</strong></span> 
     </span>
    </p>
   </div>
   <div class='ocr_carea' id='block_1_13' title="bbox 1100 2480 2676 2601">
    <p class='ocr_par' dir='ltr' id='par_1_13' title="bbox 1100 2480 2676 2601">
     <span class='ocr_line' id='line_1_13' title="bbox 1100 2480 2676 2601; baseline 0.001 -4"><span class='ocrx_word' id='word_1_36' title='bbox 1100 2482 1693 2598; x_wconf 82' lang='lat' dir='ltr'><strong>PETRUM</strong></span> <span class='ocrx_word' id='word_1_37' title='bbox 1772 2480 1957 2595; x_wconf 91' lang='lat' dir='ltr'><strong>ET</strong></span> <span class='ocrx_word' id='word_1_38' title='bbox 2050 2483 2676 2601; x_wconf 91' lang='lat' dir='ltr'><strong>PAULUM.</strong></span> 
     </span>
    </p>
   </div>
   <div class='ocr_carea' id='block_1_14' title="bbox 241 2702 3538 2785">
    <p class='ocr_par' dir='ltr' id='par_1_14' title="bbox 241 2702 3538 2785">
     <span class='ocr_line' id='line_1_14' title="bbox 241 2702 3538 2785; baseline 0.004 -23"><span class='ocrx_word' id='word_1_39' title='bbox 241 2708 426 2780; x_wconf 83' lang='lat' dir='ltr'><strong>(Hanc</strong></span> <span class='ocrx_word' id='word_1_40' title='bbox 458 2704 902 2785; x_wconf 65' lang='lat' dir='ltr'><strong>prolixissimam</strong></span> <span class='ocrx_word' id='word_1_41' title='bbox 944 2704 1256 2785; x_wconf 70' lang='lat' dir='ltr'><strong>bomilinm,</strong></span> <span class='ocrx_word' id='word_1_42' title='bbox 1285 2713 1506 2785; x_wconf 77' lang='lat' dir='ltr'><strong>prOpter</strong></span> <span class='ocrx_word' id='word_1_43' title='bbox 1545 2702 2061 2785; x_wconf 42' lang='lat' dir='ltr'><strong>codicishdefe‘ctum</strong></span> <span class='ocrx_word' id='word_1_44' title='bbox 2110 2704 2339 2762; x_wconf 91' lang='lat' dir='ltr'><strong>dimidio</strong></span> <span class='ocrx_word' id='word_1_45' title='bbox 2382 2710 2764 2785; x_wconf 31' lang='lat' dir='ltr'><strong>decurtatam“</strong></span> <span class='ocrx_word' id='word_1_46' title='bbox 2793 2712 3039 2785; x_wconf 86' lang='lat' dir='ltr'><strong>ediderat</strong></span> <span class='ocrx_word' id='word_1_47' title='bbox 3074 2714 3386 2785; x_wconf 67' lang='lat' dir='ltr'><strong>Gretserus,</strong></span> <span class='ocrx_word' id='word_1_48' title='bbox 3434 2720 3538 2775; x_wconf 86' lang='lat' dir='ltr'><strong>sub</strong></span> 
     </span>
    </p>
   </div>
   <div class='ocr_carea' id='block_1_15' title="bbox 315 2772 3535 2851">
    <p class='ocr_par' dir='ltr' id='par_1_15' title="bbox 315 2772 3535 2851">
     <span class='ocr_line' id='line_1_15' title="bbox 315 2772 3535 2851; baseline 0.004 -19"><span class='ocrx_word' id='word_1_49' title='bbox 315 2772 546 2851; x_wconf 76' lang='lat' dir='ltr'><strong>nomine</strong></span> <span class='ocrx_word' id='word_1_50' title='bbox 572 2775 822 2851; x_wconf 76' lang='lat' dir='ltr'><strong>Gregorii</strong></span> <span class='ocrx_word' id='word_1_51' title='bbox 851 2774 1110 2846; x_wconf 77' lang='lat' dir='ltr'><strong>Nysseni,</strong></span> <span class='ocrx_word' id='word_1_52' title='bbox 1147 2772 1465 2851; x_wconf 69' lang='lat' dir='ltr'><strong>lngolstadij</strong></span> <span class='ocrx_word' id='word_1_53' title='bbox 1487 2788 1641 2851; x_wconf 74' lang='lat' dir='ltr'><strong>anno</strong></span> <span class='ocrx_word' id='word_1_54' title='bbox 1678 2772 1854 2851; x_wconf 71' lang='lat'><strong>1629.</strong></span> <span class='ocrx_word' id='word_1_55' title='bbox 1883 2774 2109 2851; x_wconf 78' lang='lat' dir='ltr'><strong>_lnt_eg_ra</strong></span> <span class='ocrx_word' id='word_1_56' title='bbox 2144 2792 2289 2851; x_wconf 80' lang='lat' dir='ltr'><strong>nunc</strong></span> <span class='ocrx_word' id='word_1_57' title='bbox 2312 2780 2502 2851; x_wconf 76' lang='lat' dir='ltr'><strong>prodit</strong></span> <span class='ocrx_word' id='word_1_58' title='bbox 2550 2796 2614 2834; x_wconf 79' lang='lat' dir='ltr'><strong>ex</strong></span> <span class='ocrx_word' id='word_1_59' title='bbox 2647 2780 2835 2837; x_wconf 80' lang='lat' dir='ltr'><strong>codice</strong></span> <span class='ocrx_word' id='word_1_60' title='bbox 2862 2783 3201 2842; x_wconf 86' lang='lat' dir='ltr'><strong>Coisliniano</strong></span> <span class='ocrx_word' id='word_1_61' title='bbox 3233 2772 3392 2851; x_wconf 72' lang='lat'><strong>“87&#39;,</strong></span> <span class='ocrx_word' id='word_1_62' title='bbox 3436 2772 3535 2844; x_wconf 56' lang='lat' dir='ltr'><strong>sui</strong></span> 
     </span>
    </p>
   </div>
   <div class='ocr_carea' id='block_1_16' title="bbox 316 2845 2975 2917">
    <p class='ocr_par' dir='ltr' id='par_1_16' title="bbox 316 2845 2975 2917">
     <span class='ocr_line' id='line_1_16' title="bbox 316 2845 2975 2917; baseline 0.003 -13"><span class='ocrx_word' id='word_1_63' title='bbox 316 2849 438 2904; x_wconf 80' lang='lat' dir='ltr'><strong>dita</strong></span> <span class='ocrx_word' id='word_1_64' title='bbox 474 2845 930 2917; x_wconf 82' lang='lat' dir='ltr'><strong>interpretatione</strong></span> <span class='ocrx_word' id='word_1_65' title='bbox 960 2857 1150 2902; x_wconf 87' lang='lat' dir='ltr'><strong>nostra</strong></span> <span class='ocrx_word' id='word_1_66' title='bbox 1183 2858 1359 2916; x_wconf 89' lang='lat' dir='ltr'><strong>usque</strong></span> <span class='ocrx_word' id='word_1_67' title='bbox 1384 2846 1454 2902; x_wconf 81' lang='lat' dir='ltr'><strong>ad</strong></span> <span class='ocrx_word' id='word_1_68' title='bbox 1486 2847 1671 2901; x_wconf 88' lang='lat' dir='ltr'><strong>locum</strong></span> <span class='ocrx_word' id='word_1_69' title='bbox 1704 2846 1849 2900; x_wconf 89' lang='lat' dir='ltr'><strong>unde</strong></span> <span class='ocrx_word' id='word_1_70' title='bbox 1880 2845 2075 2901; x_wconf 86' lang='lat' dir='ltr'><strong>incinit</strong></span> <span class='ocrx_word' id='word_1_71' title='bbox 2102 2847 2273 2903; x_wconf 90' lang='lat' dir='ltr'><strong>editio</strong></span> <span class='ocrx_word' id='word_1_72' title='bbox 2300 2848 2570 2905; x_wconf 87' lang='lat' dir='ltr'><strong>Gretseri.</strong></span> <span class='ocrx_word' id='word_1_73' title='bbox 2603 2851 2767 2908; x_wconf 79' lang='grc' dir='ltr'>Εοιτ.</span> <span class='ocrx_word' id='word_1_74' title='bbox 2803 2852 2975 2914; x_wconf 74' lang='lat' dir='ltr'><strong>Pun.</strong></span> 
     </span>
    </p>
   </div>
   <div class='ocr_carea' id='block_1_17' title="bbox 327 3167 1881 3257">
    <p class='ocr_par' dir='ltr' id='par_1_17' title="bbox 327 3167 1881 3241">
     <span class='ocr_line' id='line_1_17' title="bbox 327 3167 1881 3241; baseline -0.001 -17"><span class='ocrx_word' id='word_1_75' title='bbox 327 3170 545 3224; x_wconf 79' lang='grc' dir='ltr'>Ἐδόκει</span> <span class='ocrx_word' id='word_1_76' title='bbox 570 3186 660 3239; x_wconf 87' lang='grc' dir='ltr'><strong>μοι</strong></span> <span class='ocrx_word' id='word_1_77' title='bbox 688 3168 871 3238; x_wconf 74' lang='grc' dir='ltr'>λέγειν</span> <span class='ocrx_word' id='word_1_78' title='bbox 895 3184 952 3222; x_wconf 91' lang='grc' dir='ltr'><strong>τι</strong></span> <span class='ocrx_word' id='word_1_79' title='bbox 978 3169 1110 3241; x_wconf 74' lang='grc' dir='ltr'>περὶ</span> <span class='ocrx_word' id='word_1_80' title='bbox 1133 3167 1249 3223; x_wconf 84' lang='grc' dir='ltr'><strong>τῶν</strong></span> <span class='ocrx_word' id='word_1_81' title='bbox 1278 3170 1598 3225; x_wconf 76' lang='grc' dir='ltr'><strong>ἀποστόλων</strong></span> <span class='ocrx_word' id='word_1_82' title='bbox 1625 3168 1834 3241; x_wconf 82' lang='grc' dir='ltr'>προθυ-</span> <span class='ocrx_word' id='word_1_83' title='bbox 1862 3180 1881 3232; x_wconf 69' lang='grc' dir='ltr'><em>Α</em></span> 
     </span>
    </p>
   </div>
   <div class='ocr_carea' id='block_1_18' title="bbox 1947 3167 3539 3257">
    <p class='ocr_par' dir='ltr' id='par_1_18' title="bbox 2016 3170 3539 3257">
     <span class='ocr_line' id='line_1_18' title="bbox 2016 3170 3539 3257; baseline 0.011 -33"><span class='ocrx_word' id='word_1_84' title='bbox 2016 3170 2313 3228; x_wconf 76' lang='lat' dir='ltr'><strong>Videbatur</strong></span> <span class='ocrx_word' id='word_1_85' title='bbox 2350 3173 2484 3229; x_wconf 89' lang='lat' dir='ltr'><strong>mihi</strong></span> <span class='ocrx_word' id='word_1_86' title='bbox 2506 3219 2522 3245; x_wconf 89' lang='lat'><strong>,</strong></span> <span class='ocrx_word' id='word_1_87' title='bbox 2557 3176 2766 3249; x_wconf 90' lang='lat' dir='ltr'><strong>aliquid</strong></span> <span class='ocrx_word' id='word_1_88' title='bbox 2801 3181 2867 3237; x_wconf 94' lang='lat' dir='ltr'><strong>de</strong></span> <span class='ocrx_word' id='word_1_89' title='bbox 2914 3182 3176 3253; x_wconf 73' lang='lat' dir='ltr'><strong>apostolis</strong></span> <span class='ocrx_word' id='word_1_90' title='bbox 3206 3183 3391 3240; x_wconf 86' lang='lat' dir='ltr'><strong>dicere</strong></span> <span class='ocrx_word' id='word_1_91' title='bbox 3438 3201 3539 3257; x_wconf 77' lang='lat' dir='ltr'><strong>ag-</strong></span> 
     </span>
    </p>
   </div>
   <div class='ocr_carea' id='block_1_19' title="bbox 241 3257 1843 3335">
    <p class='ocr_par' dir='ltr' id='par_1_19' title="bbox 241 3257 1843 3335">
     <span class='ocr_line' id='line_1_19' title="bbox 241 3257 1843 3335; baseline -0.002 -18"><span class='ocrx_word' id='word_1_92' title='bbox 241 3265 508 3335; x_wconf 82' lang='grc' dir='ltr'>μουμένῳ</span> <span class='ocrx_word' id='word_1_93' title='bbox 560 3262 730 3333; x_wconf 63' lang='grc' dir='ltr'>μηδὲν</span> <span class='ocrx_word' id='word_1_94' title='bbox 757 3257 900 3315; x_wconf 78' lang='grc' dir='ltr'>εἶναι</span> <span class='ocrx_word' id='word_1_95' title='bbox 951 3261 1117 3315; x_wconf 87' lang='grc' dir='ltr'>πόνου</span> <span class='ocrx_word' id='word_1_96' title='bbox 1171 3262 1372 3315; x_wconf 79' lang='grc' dir='ltr'>πολλοῦ</span> <span class='ocrx_word' id='word_1_97' title='bbox 1433 3264 1669 3333; x_wconf 81' lang='grc' dir='ltr'>πρᾶγμα</span> <span class='ocrx_word' id='word_1_98' title='bbox 1706 3262 1843 3334; x_wconf 80' lang='grc' dir='ltr'>μηδὲ</span> 
     </span>
    </p>
   </div>
   <div class='ocr_carea' id='block_1_20' title="bbox 238 3353 1847 3429">
    <p class='ocr_par' dir='ltr' id='par_1_20' title="bbox 238 3353 1847 3429">
     <span class='ocr_line' id='line_1_20' title="bbox 238 3353 1847 3429; baseline -0.001 -19"><span class='ocrx_word' id='word_1_99' title='bbox 238 3356 489 3429; x_wconf 83' lang='grc' dir='ltr'>χαλεπὸν</span> <span class='ocrx_word' id='word_1_100' title='bbox 534 3355 879 3425; x_wconf 71' lang='grc' dir='ltr'>ἐγχειρῆσαι,</span> <span class='ocrx_word' id='word_1_101' title='bbox 935 3354 1028 3407; x_wconf 90' lang='grc' dir='ltr'><strong>καί</strong></span> <span class='ocrx_word' id='word_1_102' title='bbox 1074 3353 1144 3422; x_wconf 68' lang='grc' dir='ltr'>μᾶ</span> <span class='ocrx_word' id='word_1_103' title='bbox 1184 3371 1270 3418; x_wconf 79' lang='grc' dir='ltr'><strong>τις</strong></span> <span class='ocrx_word' id='word_1_104' title='bbox 1303 3354 1463 3423; x_wconf 82' lang='grc' dir='ltr'><strong>λόγος</strong></span> <span class='ocrx_word' id='word_1_105' title='bbox 1510 3354 1672 3408; x_wconf 83' lang='grc' dir='ltr'>τοῦτο</span> <span class='ocrx_word' id='word_1_106' title='bbox 1708 3357 1847 3419; x_wconf 83' lang='grc' dir='ltr'>τέως</span> 
     </span>
    </p>
   </div>
   <div class='ocr_carea' id='block_1_21' title="bbox 240 3449 1845 3522">
    <p class='ocr_par' dir='ltr' id='par_1_21' title="bbox 240 3449 1845 3522">
     <span class='ocr_line' id='line_1_21' title="bbox 240 3449 1845 3522; baseline -0.002 -13"><span class='ocrx_word' id='word_1_107' title='bbox 240 3454 542 3509; x_wconf 67' lang='grc' dir='ltr'>ἀνέπειθεν</span> <span class='ocrx_word' id='word_1_108' title='bbox 588 3452 666 3515; x_wconf 84' lang='grc' dir='ltr'><strong>ὡς</strong></span> <span class='ocrx_word' id='word_1_109' title='bbox 715 3451 819 3504; x_wconf 82' lang='grc' dir='ltr'>οὐκ</span> <span class='ocrx_word' id='word_1_110' title='bbox 864 3449 1014 3505; x_wconf 70' lang='grc' dir='ltr'>ἐστιν</span> <span class='ocrx_word' id='word_1_111' title='bbox 1064 3450 1297 3521; x_wconf 72' lang='grc' dir='ltr'>ἀπορεῖν</span> <span class='ocrx_word' id='word_1_112' title='bbox 1345 3452 1476 3522; x_wconf 80' lang='grc' dir='ltr'>περὶ</span> <span class='ocrx_word' id='word_1_113' title='bbox 1504 3452 1628 3505; x_wconf 85' lang='grc' dir='ltr'><strong>ὅτου</strong></span> <span class='ocrx_word' id='word_1_114' title='bbox 1660 3468 1745 3515; x_wconf 89' lang='grc' dir='ltr'><strong>τις</strong></span> <span class='ocrx_word' id='word_1_115' title='bbox 1778 3451 1845 3506; x_wconf 80' lang='grc' dir='ltr'>ἂν</span> 
     </span>
    </p>
   </div>
   <div class='ocr_carea' id='block_1_22' title="bbox 239 3539 1847 3618">
    <p class='ocr_par' dir='ltr' id='par_1_22' title="bbox 239 3539 1847 3618">
     <span class='ocr_line' id='line_1_22' title="bbox 239 3539 1847 3618; baseline -0.002 -16"><span class='ocrx_word' id='word_1_116' title='bbox 239 3546 355 3602; x_wconf 82' lang='grc' dir='ltr'><strong>τῶν</strong></span> <span class='ocrx_word' id='word_1_117' title='bbox 388 3545 771 3600; x_wconf 68' lang='grc' dir='ltr'>ἀποπολικῶν</span> <span class='ocrx_word' id='word_1_118' title='bbox 811 3544 965 3613; x_wconf 79' lang='grc' dir='ltr'>λέγοι</span> <span class='ocrx_word' id='word_1_119' title='bbox 1004 3544 1459 3615; x_wconf 80' lang='grc' dir='ltr'><strong>κατορθωμάτων</strong></span> <span class='ocrx_word' id='word_1_120' title='bbox 1483 3546 1579 3599; x_wconf 75' lang='grc' dir='ltr'>καὶ</span> <span class='ocrx_word' id='word_1_121' title='bbox 1608 3546 1741 3616; x_wconf 79' lang='grc' dir='ltr'>περὶ</span> <span class='ocrx_word' id='word_1_122' title='bbox 1778 3539 1847 3618; x_wconf 81' lang='grc' dir='ltr'>ἦς</span> 
     </span>
    </p>
   </div>
   <div class='ocr_carea' id='block_1_23' title="bbox 240 3635 1847 3709">
    <p class='ocr_par' dir='ltr' id='par_1_23' title="bbox 240 3635 1847 3709">
     <span class='ocr_line' id='line_1_23' title="bbox 240 3635 1847 3709; baseline -0.001 -16"><span class='ocrx_word' id='word_1_123' title='bbox 240 3638 430 3694; x_wconf 85' lang='grc' dir='ltr'>αὐτῶν</span> <span class='ocrx_word' id='word_1_124' title='bbox 461 3638 713 3709; x_wconf 84' lang='grc' dir='ltr'>χάριτος,</span> <span class='ocrx_word' id='word_1_125' title='bbox 739 3635 932 3708; x_wconf 85' lang='grc' dir='ltr'>ὥσπερ</span> <span class='ocrx_word' id='word_1_126' title='bbox 955 3636 1078 3690; x_wconf 80' lang='grc' dir='ltr'><strong>οὐδὲ</strong></span> <span class='ocrx_word' id='word_1_127' title='bbox 1107 3636 1302 3700; x_wconf 81' lang='grc' dir='ltr'>νυκτὸς</span> <span class='ocrx_word' id='word_1_128' title='bbox 1334 3636 1573 3705; x_wconf 73' lang='grc' dir='ltr'>φέγγους</span> <span class='ocrx_word' id='word_1_129' title='bbox 1595 3637 1847 3709; x_wconf 76' lang='grc' dir='ltr'><strong>ἀστέρων</strong></span> 
     </span>
    </p>
   </div>
   <div class='ocr_carea' id='block_1_24' title="bbox 241 3728 1846 3803">
    <p class='ocr_par' dir='ltr' id='par_1_24' title="bbox 241 3728 1846 3803">
     <span class='ocr_line' id='line_1_24' title="bbox 241 3728 1846 3803; baseline -0.002 -16"><span class='ocrx_word' id='word_1_130' title='bbox 241 3732 612 3803; x_wconf 80' lang='grc' dir='ltr'>διαμαρτείνο</span> <span class='ocrx_word' id='word_1_131' title='bbox 668 3732 768 3784; x_wconf 75' lang='grc' dir='ltr'>καὶ</span> <span class='ocrx_word' id='word_1_132' title='bbox 811 3730 975 3784; x_wconf 85' lang='grc' dir='ltr'>τοῦτο</span> <span class='ocrx_word' id='word_1_133' title='bbox 1011 3730 1124 3801; x_wconf 86' lang='grc' dir='ltr'>γὰρ</span> <span class='ocrx_word' id='word_1_134' title='bbox 1153 3728 1580 3800; x_wconf 82' lang='grc' dir='ltr'>ὑπεμίμνησκεν</span> <span class='ocrx_word' id='word_1_135' title='bbox 1610 3731 1733 3783; x_wconf 87' lang='grc' dir='ltr'>ὅποι</span> <span class='ocrx_word' id='word_1_136' title='bbox 1761 3747 1846 3794; x_wconf 89' lang='grc' dir='ltr'><strong>τις</strong></span> 
     </span>
    </p>
   </div>
   <div class='ocr_carea' id='block_1_25' title="bbox 246 3819 1844 3891">
    <p class='ocr_par' dir='ltr' id='par_1_25' title="bbox 246 3819 1844 3891">
     <span class='ocr_line' id='line_1_25' title="bbox 246 3819 1844 3891; baseline -0.004 -13"><span class='ocrx_word' id='word_1_137' title='bbox 246 3825 435 3878; x_wconf 78' lang='grc' dir='ltr'>ἀπίδοι</span> <span class='ocrx_word' id='word_1_138' title='bbox 472 3822 569 3877; x_wconf 80' lang='grc' dir='ltr'>τοῦ</span> <span class='ocrx_word' id='word_1_139' title='bbox 595 3820 858 3891; x_wconf 81' lang='grc' dir='ltr'>ούρανοῦ,</span> <span class='ocrx_word' id='word_1_140' title='bbox 893 3820 990 3876; x_wconf 74' lang='grc' dir='ltr'>καὶ</span> <span class='ocrx_word' id='word_1_141' title='bbox 1028 3822 1321 3890; x_wconf 81' lang='grc' dir='ltr'>προσεῖχον</span> <span class='ocrx_word' id='word_1_142' title='bbox 1359 3820 1533 3891; x_wconf 80' lang='grc' dir='ltr'>ἡδέως</span> <span class='ocrx_word' id='word_1_143' title='bbox 1569 3819 1844 3891; x_wconf 83' lang='grc' dir='ltr'>τῷλόγῳ,</span> 
     </span>
    </p>
   </div>
   <div class='ocr_carea' id='block_1_26' title="bbox 242 3913 1847 3989">
    <p class='ocr_par' dir='ltr' id='par_1_26' title="bbox 242 3913 1847 3989">
     <span class='ocr_line' id='line_1_26' title="bbox 242 3913 1847 3989; baseline -0.004 -17"><span class='ocrx_word' id='word_1_144' title='bbox 242 3919 347 3989; x_wconf 82' lang='grc' dir='ltr'>τὴν</span> <span class='ocrx_word' id='word_1_145' title='bbox 411 3917 738 3988; x_wconf 68' lang='grc' dir='ltr'>ὶγχείρησιν</span> <span class='ocrx_word' id='word_1_146' title='bbox 801 3915 869 3969; x_wconf 75' lang='grc' dir='ltr'>ἑκ</span> <span class='ocrx_word' id='word_1_147' title='bbox 914 3914 1009 3968; x_wconf 83' lang='grc' dir='ltr'><strong>τοῦ</strong></span> <span class='ocrx_word' id='word_1_148' title='bbox 1060 3913 1267 3986; x_wconf 79' lang='grc' dir='ltr'><strong>ῥᾴστου</strong></span> <span class='ocrx_word' id='word_1_149' title='bbox 1319 3931 1413 3984; x_wconf 89' lang='grc' dir='ltr'><strong>μοι</strong></span> <span class='ocrx_word' id='word_1_150' title='bbox 1461 3915 1847 3985; x_wconf 79' lang='grc' dir='ltr'>προχωρήσειν</span> 
     </span>
    </p>
   </div>
   <div class='ocr_carea' id='block_1_27' title="bbox 244 4006 1848 4083">
    <p class='ocr_par' dir='ltr' id='par_1_27' title="bbox 244 4006 1848 4083">
     <span class='ocr_line' id='line_1_27' title="bbox 244 4006 1848 4083; baseline -0.005 -16"><span class='ocrx_word' id='word_1_151' title='bbox 244 4014 526 4083; x_wconf 70' lang='grc' dir='ltr'>οἰόμενος,</span> <span class='ocrx_word' id='word_1_152' title='bbox 554 4011 637 4064; x_wconf 86' lang='grc' dir='ltr'>ὅτι</span> <span class='ocrx_word' id='word_1_153' title='bbox 666 4009 802 4080; x_wconf 70' lang='grc' dir='ltr'>μηδὲ</span> <span class='ocrx_word' id='word_1_154' title='bbox 823 4009 994 4079; x_wconf 85' lang='grc' dir='ltr'>χείρω</span> <span class='ocrx_word' id='word_1_155' title='bbox 1014 4006 1147 4070; x_wconf 75' lang='grc' dir='ltr'>ἴσως</span> <span class='ocrx_word' id='word_1_156' title='bbox 1171 4009 1228 4060; x_wconf 85' lang='grc' dir='ltr'>ὲν</span> <span class='ocrx_word' id='word_1_157' title='bbox 1250 4009 1366 4071; x_wconf 72' lang='grc' dir='ltr'>τοις</span> <span class='ocrx_word' id='word_1_158' title='bbox 1388 4007 1651 4069; x_wconf 83' lang='grc' dir='ltr'>τοιούτοις</span> <span class='ocrx_word' id='word_1_159' title='bbox 1676 4024 1848 4077; x_wconf 63' lang='grc' dir='ltr'>προσ.</span> 
     </span>
    </p>
   </div>
   <div class='ocr_carea' id='block_1_28' title="bbox 244 4100 1844 4176">
    <p class='ocr_par' dir='ltr' id='par_1_28' title="bbox 244 4100 1844 4176">
     <span class='ocr_line' id='line_1_28' title="bbox 244 4100 1844 4176; baseline -0.005 -15"><span class='ocrx_word' id='word_1_160' title='bbox 244 4106 417 4176; x_wconf 80' lang='grc' dir='ltr'>δοκᾷν</span> <span class='ocrx_word' id='word_1_161' title='bbox 467 4105 581 4159; x_wconf 75' lang='grc' dir='ltr'>αἰεὶ</span> <span class='ocrx_word' id='word_1_162' title='bbox 624 4103 695 4157; x_wconf 81' lang='grc' dir='ltr'><strong>τὰ</strong></span> <span class='ocrx_word' id='word_1_163' title='bbox 750 4103 949 4173; x_wconf 80' lang='grc' dir='ltr'>βελτίω</span> <span class='ocrx_word' id='word_1_164' title='bbox 988 4102 1083 4156; x_wconf 73' lang='grc' dir='ltr'>καὶ</span> <span class='ocrx_word' id='word_1_165' title='bbox 1116 4103 1179 4155; x_wconf 84' lang='grc' dir='ltr'>τὸ</span> <span class='ocrx_word' id='word_1_166' title='bbox 1214 4100 1352 4154; x_wconf 85' lang='grc' dir='ltr'>πολὺ</span> <span class='ocrx_word' id='word_1_167' title='bbox 1383 4101 1484 4171; x_wconf 83' lang='grc' dir='ltr'>τῆς</span> <span class='ocrx_word' id='word_1_168' title='bbox 1532 4102 1727 4170; x_wconf 80' lang='grc' dir='ltr'><strong>ῥοπῆς,</strong></span> <span class='ocrx_word' id='word_1_169' title='bbox 1776 4104 1844 4173; x_wconf 81' lang='grc' dir='ltr'><strong>τῇ</strong></span> 
     </span>
    </p>
   </div>
   <div class='ocr_carea' id='block_1_29' title="bbox 246 4192 1843 4269">
    <p class='ocr_par' dir='ltr' id='par_1_29' title="bbox 246 4192 1843 4269">
     <span class='ocr_line' id='line_1_29' title="bbox 246 4192 1843 4269; baseline -0.004 -18"><span class='ocrx_word' id='word_1_170' title='bbox 246 4198 400 4269; x_wconf 77' lang='grc' dir='ltr'>ψυχῇ</span> <span class='ocrx_word' id='word_1_171' title='bbox 430 4197 620 4267; x_wconf 71' lang='grc' dir='ltr'>νέμειν</span> <span class='ocrx_word' id='word_1_172' title='bbox 640 4194 917 4259; x_wconf 69' lang='grc' dir='ltr'>ἐντεῦθεν,</span> <span class='ocrx_word' id='word_1_173' title='bbox 941 4193 973 4265; x_wconf 70' lang='grc' dir='ltr'>ἢ</span> <span class='ocrx_word' id='word_1_174' title='bbox 998 4194 1061 4247; x_wconf 90' lang='grc' dir='ltr'>τό</span> <span class='ocrx_word' id='word_1_175' title='bbox 1089 4210 1151 4263; x_wconf 81' lang='grc' dir='ltr'><strong>γε</strong></span> <span class='ocrx_word' id='word_1_176' title='bbox 1176 4194 1373 4264; x_wconf 75' lang='grc' dir='ltr'>ἀληθὲς</span> <span class='ocrx_word' id='word_1_177' title='bbox 1396 4194 1573 4246; x_wconf 80' lang='grc' dir='ltr'>είπεῖν</span> <span class='ocrx_word' id='word_1_178' title='bbox 1598 4192 1843 4263; x_wconf 82' lang='grc' dir='ltr'><strong>σύμπαν,</strong></span> 
     </span>
    </p>
   </div>
   <div class='ocr_carea' id='block_1_30' title="bbox 248 4286 1846 4360">
    <p class='ocr_par' dir='ltr' id='par_1_30' title="bbox 248 4286 1846 4360">
     <span class='ocr_line' id='line_1_30' title="bbox 248 4286 1846 4360; baseline -0.003 -17"><span class='ocrx_word' id='word_1_179' title='bbox 248 4289 448 4360; x_wconf 73' lang='grc' dir='ltr'>ἐπειδὴ</span> <span class='ocrx_word' id='word_1_180' title='bbox 507 4288 748 4358; x_wconf 64' lang='grc' dir='ltr'>ἐμαυτὸν</span> <span class='ocrx_word' id='word_1_181' title='bbox 823 4286 1151 4358; x_wconf 79' lang='grc' dir='ltr'>προσάγειν,</span> <span class='ocrx_word' id='word_1_182' title='bbox 1220 4288 1336 4351; x_wconf 81' lang='grc' dir='ltr'>τοῖς</span> <span class='ocrx_word' id='word_1_183' title='bbox 1414 4286 1527 4339; x_wconf 84' lang='grc' dir='ltr'><strong>τῶν</strong></span> <span class='ocrx_word' id='word_1_184' title='bbox 1588 4286 1846 4356; x_wconf 81' lang='grc' dir='ltr'>μεγάλων</span> 
     </span>
    </p>
   </div>
   <div class='ocr_carea' id='block_1_31' title="bbox 247 4377 1844 4449">
    <p class='ocr_par' dir='ltr' id='par_1_31' title="bbox 247 4377 1844 4449">
     <span class='ocr_line' id='line_1_31' title="bbox 247 4377 1844 4449; baseline -0.006 -11"><span class='ocrx_word' id='word_1_185' title='bbox 247 4382 501 4444; x_wconf 77' lang='grc' dir='ltr'>ἐπαίνοις</span> <span class='ocrx_word' id='word_1_186' title='bbox 558 4381 589 4433; x_wconf 82' lang='grc' dir='ltr'>ὀ</span> <span class='ocrx_word' id='word_1_187' title='bbox 646 4380 946 4449; x_wconf 84' lang='grc' dir='ltr'>προσήκων</span> <span class='ocrx_word' id='word_1_188' title='bbox 1004 4379 1198 4444; x_wconf 78' lang='grc' dir='ltr'>καιρὸς</span> <span class='ocrx_word' id='word_1_189' title='bbox 1263 4377 1484 4448; x_wconf 71' lang='grc' dir='ltr'>ἐνέστη,</span> <span class='ocrx_word' id='word_1_190' title='bbox 1519 4377 1610 4431; x_wconf 72' lang='grc' dir='ltr'>καὶ</span> <span class='ocrx_word' id='word_1_191' title='bbox 1658 4378 1731 4431; x_wconf 76' lang='grc' dir='ltr'><strong>τό.</strong></span> <span class='ocrx_word' id='word_1_192' title='bbox 1780 4394 1844 4446; x_wconf 85' lang='grc' dir='ltr'><strong>γε</strong></span> 
     </span>
    </p>
   </div>
   <div class='ocr_carea' id='block_1_32' title="bbox 1950 3266 3537 3348">
    <p class='ocr_par' dir='ltr' id='par_1_32' title="bbox 1950 3266 3537 3348">
     <span class='ocr_line' id='line_1_32' title="bbox 1950 3266 3537 3348; baseline 0.011 -31"><span class='ocrx_word' id='word_1_193' title='bbox 1950 3266 2242 3334; x_wconf 74' lang='lat' dir='ltr'><strong>gredienti,</strong></span> <span class='ocrx_word' id='word_1_194' title='bbox 2287 3284 2397 3322; x_wconf 90' lang='lat' dir='ltr'><strong>non</strong></span> <span class='ocrx_word' id='word_1_195' title='bbox 2437 3272 2620 3340; x_wconf 76' lang='lat' dir='ltr'><strong>magni</strong></span> <span class='ocrx_word' id='word_1_196' title='bbox 2650 3271 2706 3325; x_wconf 88' lang='lat' dir='ltr'><strong>id</strong></span> <span class='ocrx_word' id='word_1_197' title='bbox 2754 3289 2878 3329; x_wconf 85' lang='lat' dir='ltr'><strong>esse</strong></span> <span class='ocrx_word' id='word_1_198' title='bbox 2920 3276 3145 3344; x_wconf 83' lang='lat' dir='ltr'><strong>laboris,</strong></span> <span class='ocrx_word' id='word_1_199' title='bbox 3178 3293 3359 3348; x_wconf 88' lang='lat' dir='ltr'><strong>neque</strong></span> <span class='ocrx_word' id='word_1_200' title='bbox 3392 3279 3537 3334; x_wconf 76' lang='lat' dir='ltr'><strong>ditii-</strong></span> 
     </span>
    </p>
   </div>
   <div class='ocr_carea' id='block_1_33' title="bbox 1948 3360 3535 3437">
    <p class='ocr_par' dir='ltr' id='par_1_33' title="bbox 1948 3360 3535 3437">
     <span class='ocr_line' id='line_1_33' title="bbox 1948 3360 3535 3437; baseline 0.009 -24"><span class='ocrx_word' id='word_1_201' title='bbox 1948 3360 2055 3414; x_wconf 88' lang='lat' dir='ltr'><strong>cile</strong></span> <span class='ocrx_word' id='word_1_202' title='bbox 2099 3374 2406 3427; x_wconf 88' lang='lat' dir='ltr'><strong>conamen;</strong></span> <span class='ocrx_word' id='word_1_203' title='bbox 2452 3371 2505 3417; x_wconf 90' lang='lat' dir='ltr'><strong>et</strong></span> <span class='ocrx_word' id='word_1_204' title='bbox 2558 3364 2692 3419; x_wconf 87' lang='lat' dir='ltr'><strong>mihi</strong></span> <span class='ocrx_word' id='word_1_205' title='bbox 2726 3367 2867 3420; x_wconf 92' lang='lat' dir='ltr'><strong>ratio</strong></span> <span class='ocrx_word' id='word_1_206' title='bbox 2920 3369 3176 3437; x_wconf 60' lang='lat' dir='ltr'><strong>quadam</strong></span> <span class='ocrx_word' id='word_1_207' title='bbox 3214 3372 3390 3427; x_wconf 86' lang='lat' dir='ltr'><strong>suasit</strong></span> <span class='ocrx_word' id='word_1_208' title='bbox 3421 3388 3535 3428; x_wconf 89' lang='lat' dir='ltr'><strong>non</strong></span> 
     </span>
    </p>
   </div>
   <div class='ocr_carea' id='block_1_34' title="bbox 1950 3450 3543 3532">
    <p class='ocr_par' dir='ltr' id='par_1_34' title="bbox 1950 3450 3543 3532">
     <span class='ocr_line' id='line_1_34' title="bbox 1950 3450 3543 3532; baseline 0.011 -28"><span class='ocrx_word' id='word_1_209' title='bbox 1950 3451 2063 3505; x_wconf 83' lang='lat' dir='ltr'><strong>fieri</strong></span> <span class='ocrx_word' id='word_1_210' title='bbox 2122 3466 2283 3520; x_wconf 88' lang='lat' dir='ltr'><strong>posse</strong></span> <span class='ocrx_word' id='word_1_211' title='bbox 2334 3463 2394 3508; x_wconf 90' lang='lat' dir='ltr'><strong>ut</strong></span> <span class='ocrx_word' id='word_1_212' title='bbox 2438 3454 2566 3524; x_wconf 85' lang='lat' dir='ltr'><strong>quis</strong></span> <span class='ocrx_word' id='word_1_213' title='bbox 2612 3450 2854 3526; x_wconf 66' lang='lat' dir='ltr'><strong>indigeat</strong></span> <span class='ocrx_word' id='word_1_214' title='bbox 2910 3462 3142 3515; x_wconf 88' lang='lat' dir='ltr'><strong>materia</strong></span> <span class='ocrx_word' id='word_1_215' title='bbox 3182 3462 3433 3532; x_wconf 82' lang='lat' dir='ltr'><strong>loquendi</strong></span> <span class='ocrx_word' id='word_1_216' title='bbox 3467 3464 3543 3521; x_wconf 83' lang='lat' dir='ltr'><strong>de</strong></span> 
     </span>
    </p>
   </div>
   <div class='ocr_carea' id='block_1_35' title="bbox 1947 3544 3537 3628">
    <p class='ocr_par' dir='ltr' id='par_1_35' title="bbox 1947 3544 3537 3628">
     <span class='ocr_line' id='line_1_35' title="bbox 1947 3544 3537 3628; baseline 0.012 -34"><span class='ocrx_word' id='word_1_217' title='bbox 1947 3544 2333 3611; x_wconf 85' lang='lat' dir='ltr'><strong>apostolorum</strong></span> <span class='ocrx_word' id='word_1_218' title='bbox 2372 3547 2635 3614; x_wconf 71' lang='lat' dir='ltr'><strong>praeclare</strong></span> <span class='ocrx_word' id='word_1_219' title='bbox 2668 3548 2832 3604; x_wconf 90' lang='lat' dir='ltr'><strong>factis</strong></span> <span class='ocrx_word' id='word_1_220' title='bbox 2857 3561 2951 3605; x_wconf 90' lang='lat' dir='ltr'><strong>aut</strong></span> <span class='ocrx_word' id='word_1_221' title='bbox 2978 3550 3047 3608; x_wconf 91' lang='lat' dir='ltr'><strong>de</strong></span> <span class='ocrx_word' id='word_1_222' title='bbox 3078 3554 3298 3609; x_wconf 88' lang='lat' dir='ltr'><strong>illorum</strong></span> <span class='ocrx_word' id='word_1_223' title='bbox 3328 3559 3537 3628; x_wconf 75' lang='lat' dir='ltr'><strong>gratia,</strong></span> 
     </span>
    </p>
   </div>
   <div class='ocr_carea' id='block_1_36' title="bbox 1948 3635 3537 3716">
    <p class='ocr_par' dir='ltr' id='par_1_36' title="bbox 1948 3635 3537 3716">
     <span class='ocr_line' id='line_1_36' title="bbox 1948 3635 3537 3716; baseline 0.011 -27"><span class='ocrx_word' id='word_1_224' title='bbox 1948 3635 2095 3689; x_wconf 82' lang='lat' dir='ltr'><strong>sicut</strong></span> <span class='ocrx_word' id='word_1_225' title='bbox 2133 3651 2311 3705; x_wconf 90' lang='lat' dir='ltr'><strong>neque</strong></span> <span class='ocrx_word' id='word_1_226' title='bbox 2367 3636 2436 3693; x_wconf 88' lang='lat' dir='ltr'><strong>de</strong></span> <span class='ocrx_word' id='word_1_227' title='bbox 2494 3651 2899 3697; x_wconf 65' lang='lat' dir='ltr'><strong>nocturnorum</strong></span> <span class='ocrx_word' id='word_1_228' title='bbox 2934 3643 3177 3700; x_wconf 78' lang='lat' dir='ltr'><strong>siderum</strong></span> <span class='ocrx_word' id='word_1_229' title='bbox 3227 3648 3537 3716; x_wconf 88' lang='lat' dir='ltr'><strong>splendore</strong></span> 
     </span>
    </p>
   </div>
   <div class='ocr_carea' id='block_1_37' title="bbox 1949 3726 3535 3811">
    <p class='ocr_par' dir='ltr' id='par_1_37' title="bbox 1949 3726 3535 3811">
     <span class='ocr_line' id='line_1_37' title="bbox 1949 3726 3535 3811; baseline 0.011 -31"><span class='ocrx_word' id='word_1_230' title='bbox 1949 3726 2167 3782; x_wconf 86' lang='lat' dir='ltr'><strong>dicendi</strong></span> <span class='ocrx_word' id='word_1_231' title='bbox 2198 3730 2419 3783; x_wconf 89' lang='lat' dir='ltr'><strong>occasio</strong></span> <span class='ocrx_word' id='word_1_232' title='bbox 2446 3730 2633 3799; x_wconf 80' lang='lat' dir='ltr'><strong>deest;</strong></span> <span class='ocrx_word' id='word_1_233' title='bbox 2682 3749 2806 3787; x_wconf 84' lang='lat' dir='ltr'><strong>nam</strong></span> <span class='ocrx_word' id='word_1_234' title='bbox 2837 3735 2909 3789; x_wconf 93' lang='lat' dir='ltr'><strong>ob</strong></span> <span class='ocrx_word' id='word_1_235' title='bbox 2932 3737 3125 3792; x_wconf 87' lang='lat' dir='ltr'><strong>oculos</strong></span> <span class='ocrx_word' id='word_1_236' title='bbox 3152 3747 3235 3794; x_wconf 89' lang='lat' dir='ltr'><strong>est</strong></span> <span class='ocrx_word' id='word_1_237' title='bbox 3261 3740 3315 3794; x_wconf 92' lang='lat' dir='ltr'><strong>in</strong></span> <span class='ocrx_word' id='word_1_238' title='bbox 3336 3757 3535 3811; x_wconf 87' lang='lat' dir='ltr'><strong>quam-</strong></span> 
     </span>
    </p>
   </div>
   <div class='ocr_carea' id='block_1_38' title="bbox 1949 3822 3545 3902">
    <p class='ocr_par' dir='ltr' id='par_1_38' title="bbox 1949 3822 3545 3902">
     <span class='ocr_line' id='line_1_38' title="bbox 1949 3822 3545 3902; baseline 0.011 -29"><span class='ocrx_word' id='word_1_239' title='bbox 1949 3833 2169 3889; x_wconf 88' lang='lat' dir='ltr'><strong>cunque</strong></span> <span class='ocrx_word' id='word_1_240' title='bbox 2222 3822 2349 3876; x_wconf 72' lang='lat' dir='ltr'><strong>coeli</strong></span> <span class='ocrx_word' id='word_1_241' title='bbox 2416 3831 2631 3893; x_wconf 88' lang='lat' dir='ltr'><strong>partem</strong></span> <span class='ocrx_word' id='word_1_242' title='bbox 2698 3826 3013 3897; x_wconf 87' lang='lat' dir='ltr'><strong>suspicias;</strong></span> <span class='ocrx_word' id='word_1_243' title='bbox 3075 3829 3241 3902; x_wconf 76' lang='lat' dir='ltr'><strong>igitur</strong></span> <span class='ocrx_word' id='word_1_244' title='bbox 3299 3833 3545 3891; x_wconf 53' lang='lat' dir='ltr'><strong>libenter»</strong></span> 
     </span>
    </p>
   </div>
   <div class='ocr_carea' id='block_1_39' title="bbox 1948 3914 3539 3982">
    <p class='ocr_par' dir='ltr' id='par_1_39' title="bbox 1948 3914 3539 3982">
     <span class='ocr_line' id='line_1_39' title="bbox 1948 3914 3539 3982; baseline 0.01 -16"><span class='ocrx_word' id='word_1_245' title='bbox 1948 3926 2259 3967; x_wconf 70' lang='lat' dir='ltr'><strong>sermonem</strong></span> <span class='ocrx_word' id='word_1_246' title='bbox 2296 3914 2576 3982; x_wconf 80' lang='lat' dir='ltr'><strong>inchoavi,</strong></span> <span class='ocrx_word' id='word_1_247' title='bbox 2617 3918 2902 3976; x_wconf 83' lang='lat' dir='ltr'><strong>conlidens</strong></span> <span class='ocrx_word' id='word_1_248' title='bbox 2950 3920 3084 3975; x_wconf 86' lang='lat' dir='ltr'><strong>mihi</strong></span> <span class='ocrx_word' id='word_1_249' title='bbox 3144 3926 3539 3982; x_wconf 81' lang='lat' dir='ltr'><strong>tractationem</strong></span> 
     </span>
    </p>
   </div>
   <div class='ocr_carea' id='block_1_40' title="bbox 1950 4004 3537 4084">
    <p class='ocr_par' dir='ltr' id='par_1_40' title="bbox 1950 4004 3537 4084">
     <span class='ocr_line' id='line_1_40' title="bbox 1950 4004 3537 4084; baseline 0.006 -26"><span class='ocrx_word' id='word_1_250' title='bbox 1950 4004 2209 4059; x_wconf 79' lang='lat' dir='ltr'><strong>facillime</strong></span> <span class='ocrx_word' id='word_1_251' title='bbox 2265 4023 2676 4075; x_wconf 83' lang='lat' dir='ltr'><strong>successuram,</strong></span> <span class='ocrx_word' id='word_1_252' title='bbox 2726 4011 2857 4080; x_wconf 88' lang='lat' dir='ltr'><strong>quia</strong></span> <span class='ocrx_word' id='word_1_253' title='bbox 2902 4028 3185 4083; x_wconf 82' lang='lat' dir='ltr'><strong>nunquam</strong></span> <span class='ocrx_word' id='word_1_254' title='bbox 3218 4014 3374 4084; x_wconf 82' lang='lat' dir='ltr'><strong>pejus</strong></span> <span class='ocrx_word' id='word_1_255' title='bbox 3424 4014 3537 4070; x_wconf 87' lang='lat' dir='ltr'><strong>for-</strong></span> 
     </span>
    </p>
   </div>
   <div class='ocr_carea' id='block_1_41' title="bbox 1950 4100 3534 4178">
    <p class='ocr_par' dir='ltr' id='par_1_41' title="bbox 1950 4100 3534 4178">
     <span class='ocr_line' id='line_1_41' title="bbox 1950 4100 3534 4178; baseline 0.008 -26"><span class='ocrx_word' id='word_1_256' title='bbox 1950 4100 2113 4154; x_wconf 78' lang='lat' dir='ltr'><strong>lassis</strong></span> <span class='ocrx_word' id='word_1_257' title='bbox 2148 4100 2203 4153; x_wconf 92' lang='lat' dir='ltr'><strong>in</strong></span> <span class='ocrx_word' id='word_1_258' title='bbox 2234 4100 2509 4157; x_wconf 88' lang='lat' dir='ltr'><strong>similibus</strong></span> <span class='ocrx_word' id='word_1_259' title='bbox 2545 4103 2731 4169; x_wconf 85' lang='lat' dir='ltr'><strong>rebus,</strong></span> <span class='ocrx_word' id='word_1_260' title='bbox 2768 4104 2863 4159; x_wconf 89' lang='lat' dir='ltr'><strong>sed</strong></span> <span class='ocrx_word' id='word_1_261' title='bbox 2895 4120 3115 4175; x_wconf 86' lang='lat' dir='ltr'><strong>semper</strong></span> <span class='ocrx_word' id='word_1_262' title='bbox 3145 4108 3373 4162; x_wconf 71' lang='lat' dir='ltr'><strong>meliora</strong></span> <span class='ocrx_word' id='word_1_263' title='bbox 3403 4124 3534 4178; x_wconf 85' lang='lat' dir='ltr'><strong>spe-</strong></span> 
     </span>
    </p>
   </div>
   <div class='ocr_carea' id='block_1_42' title="bbox 1950 4192 3534 4270">
    <p class='ocr_par' dir='ltr' id='par_1_42' title="bbox 1950 4192 3534 4270">
     <span class='ocr_line' id='line_1_42' title="bbox 1950 4192 3534 4270; baseline 0.007 -26"><span class='ocrx_word' id='word_1_264' title='bbox 1950 4206 2073 4246; x_wconf 68' lang='lat' dir='ltr'><strong>rare</strong></span> <span class='ocrx_word' id='word_1_265' title='bbox 2100 4199 2155 4247; x_wconf 91' lang='lat' dir='ltr'><strong>et</strong></span> <span class='ocrx_word' id='word_1_266' title='bbox 2195 4192 2496 4248; x_wconf 76' lang='lat' dir='ltr'><strong>maximum</strong></span> <span class='ocrx_word' id='word_1_267' title='bbox 2524 4193 2655 4249; x_wconf 87' lang='lat' dir='ltr'><strong>hinc</strong></span> <span class='ocrx_word' id='word_1_268' title='bbox 2685 4195 2871 4249; x_wconf 88' lang='lat' dir='ltr'><strong>animo</strong></span> <span class='ocrx_word' id='word_1_269' title='bbox 2911 4197 3203 4267; x_wconf 89' lang='lat' dir='ltr'><strong>impulsum</strong></span> <span class='ocrx_word' id='word_1_270' title='bbox 3235 4198 3534 4270; x_wconf 81' lang='lat' dir='ltr'><strong>impertiri,</strong></span> 
     </span>
    </p>
   </div>
   <div class='ocr_carea' id='block_1_43' title="bbox 1949 4281 3534 4362">
    <p class='ocr_par' dir='ltr' id='par_1_43' title="bbox 1949 4281 3534 4362">
     <span class='ocr_line' id='line_1_43' title="bbox 1949 4281 3534 4362; baseline 0.009 -27"><span class='ocrx_word' id='word_1_271' title='bbox 1949 4281 2015 4336; x_wconf 90' lang='lat' dir='ltr'><strong>ad</strong></span> <span class='ocrx_word' id='word_1_272' title='bbox 2052 4296 2242 4337; x_wconf 83' lang='lat' dir='ltr'><strong>verum</strong></span> <span class='ocrx_word' id='word_1_273' title='bbox 2276 4298 2439 4339; x_wconf 91' lang='lat' dir='ltr'><strong>omne</strong></span> <span class='ocrx_word' id='word_1_274' title='bbox 2473 4286 2795 4341; x_wconf 83' lang='lat' dir='ltr'><strong>dicendum.</strong></span> <span class='ocrx_word' id='word_1_275' title='bbox 2854 4287 2993 4343; x_wconf 87' lang='lat' dir='ltr'><strong>Cum</strong></span> <span class='ocrx_word' id='word_1_276' title='bbox 3043 4291 3228 4361; x_wconf 89' lang='lat' dir='ltr'><strong>itaque</strong></span> <span class='ocrx_word' id='word_1_277' title='bbox 3289 4308 3534 4362; x_wconf 62' lang='lat' dir='ltr'><strong>praesens</strong></span> 
     </span>
    </p>
   </div>
   <div class='ocr_carea' id='block_1_44' title="bbox 1949 4375 3536 4451">
    <p class='ocr_par' dir='ltr' id='par_1_44' title="bbox 1949 4375 3536 4451">
     <span class='ocr_line' id='line_1_44' title="bbox 1949 4375 3536 4451; baseline 0.006 -22"><span class='ocrx_word' id='word_1_278' title='bbox 1949 4375 2172 4429; x_wconf 90' lang='lat' dir='ltr'><strong>occasio</strong></span> <span class='ocrx_word' id='word_1_279' title='bbox 2203 4376 2352 4430; x_wconf 83' lang='lat' dir='ltr'><strong>venit</strong></span> <span class='ocrx_word' id='word_1_280' title='bbox 2380 4392 2497 4446; x_wconf 90' lang='lat' dir='ltr'><strong>qua-</strong></span> <span class='ocrx_word' id='word_1_281' title='bbox 2529 4380 2597 4433; x_wconf 88' lang='lat' dir='ltr'><strong>ad</strong></span> <span class='ocrx_word' id='word_1_282' title='bbox 2621 4379 2989 4434; x_wconf 89' lang='lat' dir='ltr'><strong>laudationem</strong></span> <span class='ocrx_word' id='word_1_283' title='bbox 3026 4397 3356 4451; x_wconf 82' lang='lat' dir='ltr'><strong>magnorum</strong></span> <span class='ocrx_word' id='word_1_284' title='bbox 3389 4388 3536 4439; x_wconf 87' lang='lat' dir='ltr'><strong>viro-</strong></span> 
     </span>
    </p>
   </div>
   <div class='ocr_carea' id='block_1_45' title="bbox 248 4466 1881 4543">
    <p class='ocr_par' dir='ltr' id='par_1_45' title="bbox 248 4466 1881 4543">
     <span class='ocr_line' id='line_1_45' title="bbox 248 4466 1881 4543; baseline -0.002 -16"><span class='ocrx_word' id='word_1_285' title='bbox 248 4473 452 4543; x_wconf 82' lang='grc' dir='ltr'>πρῶτα</span> <span class='ocrx_word' id='word_1_286' title='bbox 496 4474 598 4541; x_wconf 73' lang='grc' dir='ltr'>τῆς</span> <span class='ocrx_word' id='word_1_287' title='bbox 647 4470 831 4525; x_wconf 81' lang='grc' dir='ltr'>αὐτῶν</span> <span class='ocrx_word' id='word_1_288' title='bbox 880 4470 1163 4542; x_wconf 78' lang='grc' dir='ltr'>εὐφημίας</span> <span class='ocrx_word' id='word_1_289' title='bbox 1204 4466 1271 4537; x_wconf 81' lang='grc' dir='ltr'><strong>ἧν</strong></span> <span class='ocrx_word' id='word_1_290' title='bbox 1310 4472 1369 4523; x_wconf 82' lang='grc' dir='ltr'>ὲν</span> <span class='ocrx_word' id='word_1_291' title='bbox 1410 4471 1623 4541; x_wconf 77' lang='grc' dir='ltr'>χερσὶν,</span> <span class='ocrx_word' id='word_1_292' title='bbox 1674 4471 1702 4524; x_wconf 84' lang='grc' dir='ltr'>ὁ</span> <span class='ocrx_word' id='word_1_293' title='bbox 1744 4472 1881 4543; x_wconf 70' lang='grc' dir='ltr'><strong>μὲν¹</strong></span> 
     </span>
    </p>
   </div>
   <div class='ocr_carea' id='block_1_46' title="bbox 1947 4466 3533 4543">
    <p class='ocr_par' dir='ltr' id='par_1_46' title="bbox 1954 4468 3533 4541">
     <span class='ocr_line' id='line_1_46' title="bbox 1954 4468 3533 4541; baseline 0.008 -21"><span class='ocrx_word' id='word_1_294' title='bbox 1954 4483 2071 4521; x_wconf 91' lang='lat' dir='ltr'><strong>rum</strong></span> <span class='ocrx_word' id='word_1_295' title='bbox 2127 4468 2453 4536; x_wconf 88' lang='lat' dir='ltr'><strong>adducercr,</strong></span> <span class='ocrx_word' id='word_1_296' title='bbox 2494 4478 2550 4525; x_wconf 92' lang='lat' dir='ltr'><strong>et</strong></span> <span class='ocrx_word' id='word_1_297' title='bbox 2598 4470 2711 4541; x_wconf 78' lang='lat' dir='ltr'><strong>jam</strong></span> <span class='ocrx_word' id='word_1_298' title='bbox 2765 4472 2820 4527; x_wconf 87' lang='lat' dir='ltr'><strong>in</strong></span> <span class='ocrx_word' id='word_1_299' title='bbox 2879 4488 2947 4527; x_wconf 86' lang='lat' dir='ltr'><strong>eo</strong></span> <span class='ocrx_word' id='word_1_300' title='bbox 3002 4488 3182 4529; x_wconf 90' lang='lat' dir='ltr'><strong>essem</strong></span> <span class='ocrx_word' id='word_1_301' title='bbox 3245 4483 3305 4529; x_wconf 93' lang='lat' dir='ltr'><strong>ut</strong></span> <span class='ocrx_word' id='word_1_302' title='bbox 3340 4476 3533 4534; x_wconf 88' lang='lat' dir='ltr'><strong>laudes</strong></span> 
     </span>
    </p>
   </div>
   <div class='ocr_carea' id='block_1_47' title="bbox 242 4539 1881 4635">
    <p class='ocr_par' dir='ltr' id='par_1_47' title="bbox 242 4539 1881 4633">
     <span class='ocr_line' id='line_1_47' title="bbox 242 4539 1881 4633; baseline -0.004 -12"><span class='ocrx_word' id='word_1_303' title='bbox 242 4539 462 4621; x_wconf 77' lang='grc' dir='ltr'>πείθων</span> <span class='ocrx_word' id='word_1_304' title='bbox 508 4539 666 4633; x_wconf 71' lang='grc' dir='ltr'>λύγος</span> <span class='ocrx_word' id='word_1_305' title='bbox 703 4564 855 4633; x_wconf 78' lang='grc' dir='ltr'>ἡμᾶς</span> <span class='ocrx_word' id='word_1_306' title='bbox 912 4539 1123 4627; x_wconf 71' lang='grc' dir='ltr'>ἐκείνος</span> <span class='ocrx_word' id='word_1_307' title='bbox 1174 4539 1596 4633; x_wconf 14' lang='grc' dir='ltr'>ἀληθὴς,ὴεὶλπερ</span> <span class='ocrx_word' id='word_1_308' title='bbox 1645 4539 1881 4617; x_wconf 62' lang='grc' dir='ltr'>ἄλλοτε]</span> 
     </span>
    </p>
   </div>
   <div class='ocr_carea' id='block_1_48' title="bbox 1947 4539 3533 4635">
    <p class='ocr_par' dir='ltr' id='par_1_48' title="bbox 1947 4560 3533 4635">
     <span class='ocr_line' id='line_1_48' title="bbox 1947 4560 3533 4635; baseline 0.006 -22"><span class='ocrx_word' id='word_1_309' title='bbox 1947 4573 2139 4613; x_wconf 92' lang='lat' dir='ltr'><strong>eorum</strong></span> <span class='ocrx_word' id='word_1_310' title='bbox 2175 4560 2500 4631; x_wconf 90' lang='lat' dir='ltr'><strong>inciperem,</strong></span> <span class='ocrx_word' id='word_1_311' title='bbox 2538 4562 2680 4617; x_wconf 84' lang='lat' dir='ltr'><strong>ratio</strong></span> <span class='ocrx_word' id='word_1_312' title='bbox 2711 4563 2803 4616; x_wconf 87' lang='lat' dir='ltr'><strong>illa</strong></span> <span class='ocrx_word' id='word_1_313' title='bbox 2845 4577 3001 4629; x_wconf 90' lang='lat' dir='ltr'><strong>vera,</strong></span> <span class='ocrx_word' id='word_1_314' title='bbox 3036 4565 3083 4620; x_wconf 89' lang='lat' dir='ltr'><strong>si</strong></span> <span class='ocrx_word' id='word_1_315' title='bbox 3112 4581 3362 4635; x_wconf 87' lang='lat' dir='ltr'><strong>unquam</strong></span> <span class='ocrx_word' id='word_1_316' title='bbox 3392 4569 3533 4623; x_wconf 84' lang='lat' dir='ltr'><strong>alias</strong></span> 
     </span>
    </p>
   </div>
   <div class='ocr_carea' id='block_1_49' title="bbox 241 4651 1881 4728">
    <p class='ocr_par' dir='ltr' id='par_1_49' title="bbox 241 4656 1845 4728">
     <span class='ocr_line' id='line_1_49' title="bbox 241 4656 1845 4728; baseline -0.003 -15"><span class='ocrx_word' id='word_1_317' title='bbox 241 4660 344 4713; x_wconf 82' lang='grc' dir='ltr'>καὶ</span> <span class='ocrx_word' id='word_1_318' title='bbox 379 4658 549 4713; x_wconf 85' lang='grc' dir='ltr'>πάλιν</span> <span class='ocrx_word' id='word_1_319' title='bbox 582 4658 819 4728; x_wconf 80' lang='grc' dir='ltr'>προσῄει</span> <span class='ocrx_word' id='word_1_320' title='bbox 843 4657 939 4710; x_wconf 73' lang='grc' dir='ltr'>καὶ</span> <span class='ocrx_word' id='word_1_321' title='bbox 969 4656 1203 4726; x_wconf 78' lang='grc' dir='ltr'>ἀφθονία</span> <span class='ocrx_word' id='word_1_322' title='bbox 1231 4656 1403 4727; x_wconf 86' lang='grc' dir='ltr'>πολλὴ</span> <span class='ocrx_word' id='word_1_323' title='bbox 1444 4657 1575 4726; x_wconf 77' lang='grc' dir='ltr'>περὶ</span> <span class='ocrx_word' id='word_1_324' title='bbox 1596 4657 1720 4709; x_wconf 85' lang='grc' dir='ltr'>ὅτου</span> <span class='ocrx_word' id='word_1_325' title='bbox 1757 4672 1845 4721; x_wconf 86' lang='grc' dir='ltr'><strong>τις</strong></span> 
     </span>
    </p>
   </div>
   <div class='ocr_carea' id='block_1_50' title="bbox 1947 4651 3535 4728">
    <p class='ocr_par' dir='ltr' id='par_1_50' title="bbox 1947 4651 3535 4726">
     <span class='ocr_line' id='line_1_50' title="bbox 1947 4651 3535 4726; baseline 0.008 -23"><span class='ocrx_word' id='word_1_326' title='bbox 1947 4651 2146 4718; x_wconf 87' lang='lat' dir='ltr'><strong>adluit,</strong></span> <span class='ocrx_word' id='word_1_327' title='bbox 2178 4660 2235 4707; x_wconf 91' lang='lat' dir='ltr'><strong>et</strong></span> <span class='ocrx_word' id='word_1_328' title='bbox 2295 4669 2491 4724; x_wconf 84' lang='lat' dir='ltr'><strong>magna</strong></span> <span class='ocrx_word' id='word_1_329' title='bbox 2544 4654 2882 4710; x_wconf 83' lang='lat' dir='ltr'><strong>abundantia</strong></span> <span class='ocrx_word' id='word_1_330' title='bbox 2944 4656 3419 4726; x_wconf 88' lang='lat' dir='ltr'><strong>disserendorum,</strong></span> <span class='ocrx_word' id='word_1_331' title='bbox 3479 4674 3535 4716; x_wconf 88' lang='lat' dir='ltr'><strong>ct</strong></span> 
     </span>
    </p>
   </div>
   <div class='ocr_carea' id='block_1_51' title="bbox 240 4745 1881 4819">
    <p class='ocr_par' dir='ltr' id='par_1_51' title="bbox 240 4747 1845 4819">
     <span class='ocr_line' id='line_1_51' title="bbox 240 4747 1845 4819; baseline -0.005 -12"><span class='ocrx_word' id='word_1_332' title='bbox 240 4754 314 4808; x_wconf 70' lang='grc' dir='ltr'>ἂν</span> <span class='ocrx_word' id='word_1_333' title='bbox 344 4752 540 4817; x_wconf 76' lang='grc' dir='ltr'>διεξίοι</span> <span class='ocrx_word' id='word_1_334' title='bbox 591 4748 647 4802; x_wconf 89' lang='grc' dir='ltr'><strong>τί</strong></span> <span class='ocrx_word' id='word_1_335' title='bbox 689 4748 801 4819; x_wconf 81' lang='grc' dir='ltr'>μὴν</span> <span class='ocrx_word' id='word_1_336' title='bbox 849 4748 1060 4802; x_wconf 92' lang='grc' dir='ltr'>τούτων</span> <span class='ocrx_word' id='word_1_337' title='bbox 1101 4748 1253 4814; x_wconf 76' lang='grc' dir='ltr'>ἀξιον</span> <span class='ocrx_word' id='word_1_338' title='bbox 1309 4749 1515 4812; x_wconf 79' lang='grc' dir='ltr'>λέγειν,</span> <span class='ocrx_word' id='word_1_339' title='bbox 1544 4747 1640 4800; x_wconf 81' lang='grc' dir='ltr'>καὶ</span> <span class='ocrx_word' id='word_1_340' title='bbox 1694 4748 1845 4811; x_wconf 83' lang='grc' dir='ltr'>ὅπως</span> 
     </span>
    </p>
   </div>
   <div class='ocr_carea' id='block_1_52' title="bbox 1947 4745 3533 4819">
    <p class='ocr_par' dir='ltr' id='par_1_52' title="bbox 1947 4745 3533 4817">
     <span class='ocr_line' id='line_1_52' title="bbox 1947 4745 3533 4817; baseline 0.008 -21"><span class='ocrx_word' id='word_1_341' title='bbox 1947 4745 2223 4816; x_wconf 80' lang='lat' dir='ltr'><strong>quomodo</strong></span> <span class='ocrx_word' id='word_1_342' title='bbox 2280 4745 2537 4801; x_wconf 87' lang='lat' dir='ltr'><strong>laudibus</strong></span> <span class='ocrx_word' id='word_1_343' title='bbox 2594 4747 2670 4800; x_wconf 90' lang='lat' dir='ltr'><strong>uti</strong></span> <span class='ocrx_word' id='word_1_344' title='bbox 2726 4755 2978 4817; x_wconf 88' lang='lat' dir='ltr'><strong>oporteat</strong></span> <span class='ocrx_word' id='word_1_345' title='bbox 3011 4747 3324 4804; x_wconf 89' lang='lat' dir='ltr'><strong>admonuit.</strong></span> <span class='ocrx_word' id='word_1_346' title='bbox 3391 4752 3533 4809; x_wconf 87' lang='lat' dir='ltr'><strong>illud</strong></span> 
     </span>
    </p>
   </div>
   <div class='ocr_carea' id='block_1_53' title="bbox 238 4838 1839 4912">
    <p class='ocr_par' dir='ltr' id='par_1_53' title="bbox 238 4838 1839 4912">
     <span class='ocr_line' id='line_1_53' title="bbox 238 4838 1839 4912; baseline -0.004 -15"><span class='ocrx_word' id='word_1_347' title='bbox 238 4846 363 4906; x_wconf 80' lang='grc' dir='ltr'>τοῖς</span> <span class='ocrx_word' id='word_1_348' title='bbox 399 4842 652 4905; x_wconf 70' lang='grc' dir='ltr'>ἐπαίνοις</span> <span class='ocrx_word' id='word_1_349' title='bbox 702 4840 994 4912; x_wconf 82' lang='grc' dir='ltr'>χρηστέον.</span> <span class='ocrx_word' id='word_1_350' title='bbox 1033 4839 1204 4894; x_wconf 81' lang='grc' dir='ltr'>Τοῦτο</span> <span class='ocrx_word' id='word_1_351' title='bbox 1237 4840 1295 4893; x_wconf 80' lang='grc' dir='ltr'><strong>δὲ</strong></span> <span class='ocrx_word' id='word_1_352' title='bbox 1339 4838 1496 4893; x_wconf 78' lang='grc' dir='ltr'>οὔπω</span> <span class='ocrx_word' id='word_1_353' title='bbox 1528 4840 1637 4891; x_wconf 85' lang='grc' dir='ltr'><strong>τῶν</strong></span> <span class='ocrx_word' id='word_1_354' title='bbox 1672 4840 1839 4891; x_wconf 76' lang='grc' dir='ltr'>εὐπό-</span> 
     </span>
    </p>
   </div>
   <div class='ocr_carea' id='block_1_54' title="bbox 241 4929 1833 5010">
    <p class='ocr_par' dir='ltr' id='par_1_54' title="bbox 241 4929 1833 5010">
     <span class='ocr_line' id='line_1_54' title="bbox 241 4929 1833 5010; baseline -0.005 -18"><span class='ocrx_word' id='word_1_355' title='bbox 241 4955 360 5010; x_wconf 80' lang='grc' dir='ltr'><strong>ρων</strong></span> <span class='ocrx_word' id='word_1_356' title='bbox 384 4934 663 5004; x_wconf 69' lang='grc' dir='ltr'>ιφαίνετο,</span> <span class='ocrx_word' id='word_1_357' title='bbox 702 4933 820 4988; x_wconf 86' lang='grc' dir='ltr'>ἀλλ’</span> <span class='ocrx_word' id='word_1_358' title='bbox 861 4929 1096 4988; x_wconf 68' lang='grc' dir='ltr'>ἐνταῦθα</span> <span class='ocrx_word' id='word_1_359' title='bbox 1130 4934 1225 4986; x_wconf 78' lang='grc' dir='ltr'>καὶ</span> <span class='ocrx_word' id='word_1_360' title='bbox 1260 4931 1466 5003; x_wconf 80' lang='grc' dir='ltr'>μᾶλλον</span> <span class='ocrx_word' id='word_1_361' title='bbox 1507 4932 1617 4985; x_wconf 84' lang='grc' dir='ltr'><strong>τῶν</strong></span> <span class='ocrx_word' id='word_1_362' title='bbox 1665 4946 1833 5002; x_wconf 75' lang='grc' dir='ltr'>προσο</span> 
     </span>
    </p>
   </div>
   <div class='ocr_carea' id='block_1_55' title="bbox 237 5024 1843 5105">
    <p class='ocr_par' dir='ltr' id='par_1_55' title="bbox 237 5024 1843 5105">
     <span class='ocr_line' id='line_1_55' title="bbox 237 5024 1843 5105; baseline -0.004 -19"><span class='ocrx_word' id='word_1_363' title='bbox 237 5032 497 5105; x_wconf 78' lang='grc' dir='ltr'>ηκόντων</span> <span class='ocrx_word' id='word_1_364' title='bbox 538 5029 735 5098; x_wconf 82' lang='grc' dir='ltr'>λόγων,</span> <span class='ocrx_word' id='word_1_365' title='bbox 774 5027 1072 5092; x_wconf 62' lang='grc' dir='ltr'>ἐπεκράτει</span> <span class='ocrx_word' id='word_1_366' title='bbox 1117 5026 1184 5098; x_wconf 80' lang='grc' dir='ltr'><strong>δὴ</strong></span> <span class='ocrx_word' id='word_1_367' title='bbox 1236 5026 1454 5092; x_wconf 82' lang='grc' dir='ltr'>σπάνις,</span> <span class='ocrx_word' id='word_1_368' title='bbox 1495 5024 1624 5078; x_wconf 73' lang='grc' dir='ltr'>ἔνθα</span> <span class='ocrx_word' id='word_1_369' title='bbox 1670 5026 1843 5095; x_wconf 87' lang='grc' dir='ltr'>συχνά</span> 
     </span>
    </p>
   </div>
   <div class='ocr_carea' id='block_1_56' title="bbox 240 5118 1840 5197">
    <p class='ocr_par' dir='ltr' id='par_1_56' title="bbox 240 5118 1840 5197">
     <span class='ocr_line' id='line_1_56' title="bbox 240 5118 1840 5197; baseline -0.004 -18"><span class='ocrx_word' id='word_1_370' title='bbox 240 5124 549 5197; x_wconf 77' lang='grc' dir='ltr'>προῦκειτο</span> <span class='ocrx_word' id='word_1_371' title='bbox 601 5123 672 5178; x_wconf 69' lang='grc' dir='ltr'><strong>τὰ</strong></span> <span class='ocrx_word' id='word_1_372' title='bbox 734 5120 876 5193; x_wconf 84' lang='grc' dir='ltr'>πρὸς</span> <span class='ocrx_word' id='word_1_373' title='bbox 928 5120 1157 5184; x_wconf 83' lang='grc' dir='ltr'>τούτους</span> <span class='ocrx_word' id='word_1_374' title='bbox 1219 5118 1683 5192; x_wconf 78' lang='grc' dir='ltr'>παρακαλοῦντα,</span> <span class='ocrx_word' id='word_1_375' title='bbox 1745 5119 1840 5173; x_wconf 77' lang='grc' dir='ltr'>καὶ</span> 
     </span>
    </p>
   </div>
   <div class='ocr_carea' id='block_1_57' title="bbox 237 5212 1833 5288">
    <p class='ocr_par' dir='ltr' id='par_1_57' title="bbox 237 5212 1833 5288">
     <span class='ocr_line' id='line_1_57' title="bbox 237 5212 1833 5288; baseline -0.004 -16"><span class='ocrx_word' id='word_1_376' title='bbox 237 5218 404 5273; x_wconf 79' lang='grc' dir='ltr'><strong>τοῦτὸ</strong></span> <span class='ocrx_word' id='word_1_377' title='bbox 446 5234 540 5288; x_wconf 87' lang='grc' dir='ltr'><strong>μοι</strong></span> <span class='ocrx_word' id='word_1_378' title='bbox 583 5214 728 5270; x_wconf 83' lang='grc' dir='ltr'>δοκῶ</span> <span class='ocrx_word' id='word_1_379' title='bbox 775 5214 1108 5268; x_wconf 79' lang='grc' dir='ltr'>πεπονθέναι</span> <span class='ocrx_word' id='word_1_380' title='bbox 1144 5213 1387 5284; x_wconf 75' lang='grc' dir='ltr'>ἀνάγκη.</span> <span class='ocrx_word' id='word_1_381' title='bbox 1421 5213 1497 5266; x_wconf 86' lang='grc' dir='ltr'><strong>Ού</strong></span> <span class='ocrx_word' id='word_1_382' title='bbox 1547 5212 1656 5283; x_wconf 79' lang='grc' dir='ltr'>γὰρ</span> <span class='ocrx_word' id='word_1_383' title='bbox 1689 5212 1833 5281; x_wconf 86' lang='grc' dir='ltr'>ῐσης,</span> 
     </span>
    </p>
   </div>
   <div class='ocr_carea' id='block_1_58' title="bbox 238 5303 1842 5379">
    <p class='ocr_par' dir='ltr' id='par_1_58' title="bbox 238 5303 1842 5379">
     <span class='ocr_line' id='line_1_58' title="bbox 238 5303 1842 5379; baseline -0.005 -14"><span class='ocrx_word' id='word_1_384' title='bbox 238 5318 345 5365; x_wconf 75' lang='grc' dir='ltr'>οὐκ</span> <span class='ocrx_word' id='word_1_385' title='bbox 406 5309 533 5379; x_wconf 82' lang='grc' dir='ltr'>ῐσης</span> <span class='ocrx_word' id='word_1_386' title='bbox 586 5307 727 5376; x_wconf 78' lang='grc' dir='ltr'>πρὸς</span> <span class='ocrx_word' id='word_1_387' title='bbox 764 5306 936 5376; x_wconf 67' lang='grc' dir='ltr'>ἄμφω</span> <span class='ocrx_word' id='word_1_388' title='bbox 991 5306 1074 5358; x_wconf 84' lang='grc' dir='ltr'><strong>δεῖ</strong></span> <span class='ocrx_word' id='word_1_389' title='bbox 1122 5307 1222 5377; x_wconf 79' lang='grc' dir='ltr'>τῆς</span> <span class='ocrx_word' id='word_1_390' title='bbox 1275 5303 1588 5375; x_wconf 82' lang='grc' dir='ltr'>δυνάμεως,</span> <span class='ocrx_word' id='word_1_391' title='bbox 1617 5304 1842 5358; x_wconf 72' lang='grc' dir='ltr'>ἐπειδὰν</span> 
     </span>
    </p>
   </div>
   <div class='ocr_carea' id='block_1_59' title="bbox 238 5394 1843 5469">
    <p class='ocr_par' dir='ltr' id='par_1_59' title="bbox 238 5394 1843 5469">
     <span class='ocr_line' id='line_1_59' title="bbox 238 5394 1843 5469; baseline -0.004 -13"><span class='ocrx_word' id='word_1_392' title='bbox 238 5402 464 5456; x_wconf 64' lang='grc' dir='ltr'>πολλῶν</span> <span class='ocrx_word' id='word_1_393' title='bbox 508 5401 701 5465; x_wconf 81' lang='grc' dir='ltr'>ἀπλῶς</span> <span class='ocrx_word' id='word_1_394' title='bbox 751 5400 965 5464; x_wconf 72' lang='grc' dir='ltr'>ἕνεκεν,</span> <span class='ocrx_word' id='word_1_395' title='bbox 997 5399 1093 5453; x_wconf 70' lang='grc' dir='ltr'>καὶ</span> <span class='ocrx_word' id='word_1_396' title='bbox 1133 5394 1294 5463; x_wconf 84' lang='grc' dir='ltr'>αὖθις</span> <span class='ocrx_word' id='word_1_397' title='bbox 1344 5397 1563 5452; x_wconf 85' lang='grc' dir='ltr'>πολλῶν</span> <span class='ocrx_word' id='word_1_398' title='bbox 1596 5398 1692 5451; x_wconf 74' lang='grc' dir='ltr'>καὶ</span> <span class='ocrx_word' id='word_1_399' title='bbox 1742 5413 1843 5469; x_wconf 82' lang='grc' dir='ltr'>με-</span> 
     </span>
    </p>
   </div>
   <div class='ocr_carea' id='block_1_60' title="bbox 238 5487 1843 5567">
    <p class='ocr_par' dir='ltr' id='par_1_60' title="bbox 238 5487 1843 5567">
     <span class='ocr_line' id='line_1_60' title="bbox 238 5487 1843 5567; baseline -0.003 -20"><span class='ocrx_word' id='word_1_400' title='bbox 238 5496 433 5565; x_wconf 76' lang='grc' dir='ltr'>γάλων</span> <span class='ocrx_word' id='word_1_401' title='bbox 464 5493 600 5567; x_wconf 72' lang='grc' dir='ltr'>ἐπίῃ</span> <span class='ocrx_word' id='word_1_402' title='bbox 626 5493 739 5547; x_wconf 82' lang='grc' dir='ltr'>τινὶ</span> <span class='ocrx_word' id='word_1_403' title='bbox 776 5495 843 5564; x_wconf 78' lang='grc' dir='ltr'>τῇ</span> <span class='ocrx_word' id='word_1_404' title='bbox 875 5492 988 5559; x_wconf 74' lang='grc' dir='ltr'>ἔξει</span> <span class='ocrx_word' id='word_1_405' title='bbox 1023 5490 1266 5563; x_wconf 78' lang='grc' dir='ltr'>χρῆσθαι</span> <span class='ocrx_word' id='word_1_406' title='bbox 1291 5489 1403 5545; x_wconf 89' lang='grc' dir='ltr'>τῶν</span> <span class='ocrx_word' id='word_1_407' title='bbox 1428 5490 1628 5558; x_wconf 81' lang='grc' dir='ltr'>λόγων,</span> <span class='ocrx_word' id='word_1_408' title='bbox 1652 5487 1843 5560; x_wconf 85' lang='grc' dir='ltr'>ὥσπερ</span> 
     </span>
    </p>
   </div>
   <div class='ocr_carea' id='block_1_61' title="bbox 236 5581 1849 5657">
    <p class='ocr_par' dir='ltr' id='par_1_61' title="bbox 236 5581 1849 5657">
     <span class='ocr_line' id='line_1_61' title="bbox 236 5581 1849 5657; baseline -0.005 -15"><span class='ocrx_word' id='word_1_409' title='bbox 236 5588 367 5643; x_wconf 68' lang='grc' dir='ltr'><strong>οὐδὲ</strong></span> <span class='ocrx_word' id='word_1_410' title='bbox 437 5587 538 5657; x_wconf 73' lang='grc' dir='ltr'><strong>την</strong></span> <span class='ocrx_word' id='word_1_411' title='bbox 591 5586 769 5653; x_wconf 80' lang='grc' dir='ltr'>αὐτὴν</span> <span class='ocrx_word' id='word_1_412' title='bbox 807 5585 987 5647; x_wconf 80' lang='grc' dir='ltr'>εῐποις</span> <span class='ocrx_word' id='word_1_413' title='bbox 1040 5583 1107 5637; x_wconf 86' lang='grc' dir='ltr'>ἂν</span> <span class='ocrx_word' id='word_1_414' title='bbox 1152 5582 1455 5654; x_wconf 71' lang='grc' dir='ltr'>ἐμπειρίαν</span> <span class='ocrx_word' id='word_1_415' title='bbox 1505 5581 1599 5635; x_wconf 79' lang='grc' dir='ltr'>καὶ</span> <span class='ocrx_word' id='word_1_416' title='bbox 1653 5581 1849 5652; x_wconf 75' lang='grc' dir='ltr'>ῥώμην</span> 
     </span>
    </p>
   </div>
   <div class='ocr_carea' id='block_1_62' title="bbox 240 5672 1847 5749">
    <p class='ocr_par' dir='ltr' id='par_1_62' title="bbox 240 5672 1847 5749">
     <span class='ocr_line' id='line_1_62' title="bbox 240 5672 1847 5749; baseline -0.005 -18"><span class='ocrx_word' id='word_1_417' title='bbox 240 5680 484 5749; x_wconf 66' lang='grc' dir='ltr'>ὀφειλειν</span> <span class='ocrx_word' id='word_1_418' title='bbox 512 5678 579 5732; x_wconf 77' lang='grc' dir='ltr'>ἐκ</span> <span class='ocrx_word' id='word_1_419' title='bbox 625 5676 739 5731; x_wconf 85' lang='grc' dir='ltr'><strong>τῶν</strong></span> <span class='ocrx_word' id='word_1_420' title='bbox 794 5677 1117 5745; x_wconf 87' lang='grc' dir='ltr'>ἀναγκαίων</span> <span class='ocrx_word' id='word_1_421' title='bbox 1159 5676 1451 5745; x_wconf 82' lang='grc' dir='ltr'>προσεῖναι</span> <span class='ocrx_word' id='word_1_422' title='bbox 1478 5672 1557 5743; x_wconf 83' lang='grc' dir='ltr'><strong>τῷ</strong></span> <span class='ocrx_word' id='word_1_423' title='bbox 1598 5688 1660 5725; x_wconf 89' lang='grc' dir='ltr'><strong>τε</strong></span> <span class='ocrx_word' id='word_1_424' title='bbox 1707 5672 1847 5743; x_wconf 83' lang='grc' dir='ltr'>πρὸς</span> 
     </span>
    </p>
   </div>
   <div class='ocr_carea' id='block_1_63' title="bbox 1945 4836 3535 4914">
    <p class='ocr_par' dir='ltr' id='par_1_63' title="bbox 1945 4836 3535 4914">
     <span class='ocr_line' id='line_1_63' title="bbox 1945 4836 3535 4914; baseline 0.006 -24"><span class='ocrx_word' id='word_1_425' title='bbox 1945 4851 2073 4891; x_wconf 91' lang='lat' dir='ltr'><strong>vero</strong></span> <span class='ocrx_word' id='word_1_426' title='bbox 2103 4852 2212 4891; x_wconf 91' lang='lat' dir='ltr'><strong>non</strong></span> <span class='ocrx_word' id='word_1_427' title='bbox 2254 4836 2417 4892; x_wconf 80' lang='lat' dir='ltr'><strong>facile</strong></span> <span class='ocrx_word' id='word_1_428' title='bbox 2472 4838 2797 4905; x_wconf 82' lang='lat' dir='ltr'><strong>videbatur;</strong></span> <span class='ocrx_word' id='word_1_429' title='bbox 2851 4840 2949 4896; x_wconf 90' lang='lat' dir='ltr'><strong>sed</strong></span> <span class='ocrx_word' id='word_1_430' title='bbox 2986 4839 3079 4896; x_wconf 85' lang='lat' dir='ltr'><strong>hic</strong></span> <span class='ocrx_word' id='word_1_431' title='bbox 3136 4843 3324 4912; x_wconf 77' lang='lat' dir='ltr'><strong>potius</strong></span> <span class='ocrx_word' id='word_1_432' title='bbox 3364 4860 3535 4914; x_wconf 79' lang='lat' dir='ltr'><strong>quant</strong></span> 
     </span>
    </p>
   </div>
   <div class='ocr_carea' id='block_1_64' title="bbox 1954 4930 3533 5004">
    <p class='ocr_par' dir='ltr' id='par_1_64' title="bbox 1954 4930 3533 5004">
     <span class='ocr_line' id='line_1_64' title="bbox 1954 4930 3533 5004; baseline 0.005 -19"><span class='ocrx_word' id='word_1_433' title='bbox 1954 4930 2342 4986; x_wconf 80' lang='lat' dir='ltr'><strong>convenientia</strong></span> <span class='ocrx_word' id='word_1_434' title='bbox 2376 4933 2544 4988; x_wconf 83' lang='lat' dir='ltr'><strong>verba</strong></span> <span class='ocrx_word' id='word_1_435' title='bbox 2582 4931 2834 4998; x_wconf 88' lang='lat' dir='ltr'><strong>deerant,</strong></span> <span class='ocrx_word' id='word_1_436' title='bbox 2867 4932 2958 4988; x_wconf 90' lang='lat' dir='ltr'><strong>ubi</strong></span> <span class='ocrx_word' id='word_1_437' title='bbox 2994 4932 3303 5004; x_wconf 79' lang='lat' dir='ltr'><strong>frequentia</strong></span> <span class='ocrx_word' id='word_1_438' title='bbox 3353 4947 3533 4993; x_wconf 85' lang='lat' dir='ltr'><strong>mate-</strong></span> 
     </span>
    </p>
   </div>
   <div class='ocr_carea' id='block_1_65' title="bbox 1950 5022 3532 5097">
    <p class='ocr_par' dir='ltr' id='par_1_65' title="bbox 1950 5022 3532 5097">
     <span class='ocr_line' id='line_1_65' title="bbox 1950 5022 3532 5097; baseline 0.004 -22"><span class='ocrx_word' id='word_1_439' title='bbox 1950 5022 2155 5076; x_wconf 76' lang='lat' dir='ltr'><strong>riarum</strong></span> <span class='ocrx_word' id='word_1_440' title='bbox 2202 5022 2595 5078; x_wconf 87' lang='lat' dir='ltr'><strong>dominabatur</strong></span> <span class='ocrx_word' id='word_1_441' title='bbox 2639 5041 2654 5079; x_wconf 87' lang='lat'><strong>:</strong></span> <span class='ocrx_word' id='word_1_442' title='bbox 2692 5031 2747 5079; x_wconf 91' lang='lat' dir='ltr'><strong>et</strong></span> <span class='ocrx_word' id='word_1_443' title='bbox 2801 5023 2939 5079; x_wconf 91' lang='lat' dir='ltr'><strong>illud</strong></span> <span class='ocrx_word' id='word_1_444' title='bbox 2994 5026 3131 5081; x_wconf 86' lang='lat' dir='ltr'><strong>mihi</strong></span> <span class='ocrx_word' id='word_1_445' title='bbox 3183 5041 3250 5082; x_wconf 79' lang='lat' dir='ltr'><strong>ex</strong></span> <span class='ocrx_word' id='word_1_446' title='bbox 3288 5026 3532 5097; x_wconf 85' lang='lat' dir='ltr'><strong>quadam</strong></span> 
     </span>
    </p>
   </div>
   <div class='ocr_carea' id='block_1_66' title="bbox 1949 5113 3529 5174">
    <p class='ocr_par' dir='ltr' id='par_1_66' title="bbox 1949 5113 3529 5174">
     <span class='ocr_line' id='line_1_66' title="bbox 1949 5113 3529 5174; baseline 0.004 -6"><span class='ocrx_word' id='word_1_447' title='bbox 1949 5113 2280 5171; x_wconf 87' lang='lat' dir='ltr'><strong>necessitate</strong></span> <span class='ocrx_word' id='word_1_448' title='bbox 2321 5116 2591 5172; x_wconf 85' lang='lat' dir='ltr'><strong>accidisse</strong></span> <span class='ocrx_word' id='word_1_449' title='bbox 2636 5116 2875 5171; x_wconf 83' lang='lat' dir='ltr'><strong>videtur.</strong></span> <span class='ocrx_word' id='word_1_450' title='bbox 2911 5117 3031 5173; x_wconf 82' lang='lat' dir='ltr'><strong>Non</strong></span> <span class='ocrx_word' id='word_1_451' title='bbox 3079 5117 3227 5173; x_wconf 87' lang='lat' dir='ltr'><strong>enim</strong></span> <span class='ocrx_word' id='word_1_452' title='bbox 3278 5121 3529 5174; x_wconf 89' lang='lat' dir='ltr'><strong>eamdem</strong></span> 
     </span>
    </p>
   </div>
   <div class='ocr_carea' id='block_1_67' title="bbox 1947 5206 3534 5281">
    <p class='ocr_par' dir='ltr' id='par_1_67' title="bbox 1947 5206 3534 5281">
     <span class='ocr_line' id='line_1_67' title="bbox 1947 5206 3534 5281; baseline 0.002 -19"><span class='ocrx_word' id='word_1_453' title='bbox 1947 5207 2060 5262; x_wconf 86' lang='lat' dir='ltr'><strong>vim</strong></span> <span class='ocrx_word' id='word_1_454' title='bbox 2110 5206 2179 5263; x_wconf 88' lang='lat' dir='ltr'><strong>de</strong></span> <span class='ocrx_word' id='word_1_455' title='bbox 2233 5206 2447 5263; x_wconf 86' lang='lat' dir='ltr'><strong>duobus</strong></span> <span class='ocrx_word' id='word_1_456' title='bbox 2498 5208 2706 5263; x_wconf 89' lang='lat' dir='ltr'><strong>dicenti</strong></span> <span class='ocrx_word' id='word_1_457' title='bbox 2756 5208 2954 5265; x_wconf 88' lang='lat' dir='ltr'><strong>adesse</strong></span> <span class='ocrx_word' id='word_1_458' title='bbox 2991 5216 3234 5281; x_wconf 72' lang='lat' dir='ltr'><strong>oportet,</strong></span> <span class='ocrx_word' id='word_1_459' title='bbox 3286 5227 3411 5266; x_wconf 90' lang='lat' dir='ltr'><strong>cum</strong></span> <span class='ocrx_word' id='word_1_460' title='bbox 3466 5211 3534 5265; x_wconf 87' lang='lat' dir='ltr'><strong>de</strong></span> 
     </span>
    </p>
   </div>
   <div class='ocr_carea' id='block_1_68' title="bbox 1950 5300 3535 5374">
    <p class='ocr_par' dir='ltr' id='par_1_68' title="bbox 1950 5300 3535 5374">
     <span class='ocr_line' id='line_1_68' title="bbox 1950 5300 3535 5374; baseline 0.001 -19"><span class='ocrx_word' id='word_1_461' title='bbox 1950 5300 2143 5355; x_wconf 89' lang='lat' dir='ltr'><strong>multis</strong></span> <span class='ocrx_word' id='word_1_462' title='bbox 2174 5300 2502 5370; x_wconf 87' lang='lat' dir='ltr'><strong>simpliciter</strong></span> <span class='ocrx_word' id='word_1_463' title='bbox 2526 5311 2581 5357; x_wconf 85' lang='lat' dir='ltr'><strong>et</strong></span> <span class='ocrx_word' id='word_1_464' title='bbox 2608 5302 2676 5356; x_wconf 91' lang='lat' dir='ltr'><strong>de</strong></span> <span class='ocrx_word' id='word_1_465' title='bbox 2696 5302 2884 5359; x_wconf 88' lang='lat' dir='ltr'><strong>multis</strong></span> <span class='ocrx_word' id='word_1_466' title='bbox 2907 5303 3153 5374; x_wconf 88' lang='lat' dir='ltr'><strong>pleniore</strong></span> <span class='ocrx_word' id='word_1_467' title='bbox 3177 5318 3274 5358; x_wconf 89' lang='lat' dir='ltr'><strong>ore</strong></span> <span class='ocrx_word' id='word_1_468' title='bbox 3299 5303 3535 5374; x_wconf 83' lang='lat' dir='ltr'><strong>loquen-</strong></span> 
     </span>
    </p>
   </div>
   <div class='ocr_carea' id='block_1_69' title="bbox 1946 5390 3525 5467">
    <p class='ocr_par' dir='ltr' id='par_1_69' title="bbox 1946 5390 3525 5467">
     <span class='ocr_line' id='line_1_69' title="bbox 1946 5390 3525 5467; baseline 0.001 -18"><span class='ocrx_word' id='word_1_469' title='bbox 1946 5393 2076 5449; x_wconf 89' lang='lat' dir='ltr'><strong>dum</strong></span> <span class='ocrx_word' id='word_1_470' title='bbox 2104 5400 2209 5449; x_wconf 72' lang='lat' dir='ltr'><strong>est.</strong></span> <span class='ocrx_word' id='word_1_471' title='bbox 2247 5390 2421 5448; x_wconf 90' lang='lat' dir='ltr'><strong>Sicuti</strong></span> <span class='ocrx_word' id='word_1_472' title='bbox 2452 5408 2562 5449; x_wconf 91' lang='lat' dir='ltr'><strong>non</strong></span> <span class='ocrx_word' id='word_1_473' title='bbox 2613 5392 2863 5451; x_wconf 87' lang='lat' dir='ltr'><strong>eamdem</strong></span> <span class='ocrx_word' id='word_1_474' title='bbox 2913 5396 3120 5452; x_wconf 79' lang='lat' dir='ltr'><strong>dixeris</strong></span> <span class='ocrx_word' id='word_1_475' title='bbox 3175 5398 3430 5467; x_wconf 85' lang='lat' dir='ltr'><strong>peritiam</strong></span> <span class='ocrx_word' id='word_1_476' title='bbox 3468 5408 3525 5452; x_wconf 90' lang='lat' dir='ltr'><strong>et</strong></span> 
     </span>
    </p>
   </div>
   <div class='ocr_carea' id='block_1_70' title="bbox 1949 5486 3531 5558">
    <p class='ocr_par' dir='ltr' id='par_1_70' title="bbox 1949 5486 3531 5558">
     <span class='ocr_line' id='line_1_70' title="bbox 1949 5486 3531 5558; baseline 0.001 -16"><span class='ocrx_word' id='word_1_477' title='bbox 1949 5486 2057 5542; x_wconf 86' lang='lat' dir='ltr'><strong>vim</strong></span> <span class='ocrx_word' id='word_1_478' title='bbox 2114 5494 2373 5554; x_wconf 88' lang='lat' dir='ltr'><strong>oportere</strong></span> <span class='ocrx_word' id='word_1_479' title='bbox 2422 5487 2609 5542; x_wconf 89' lang='lat' dir='ltr'><strong>inesse</strong></span> <span class='ocrx_word' id='word_1_480' title='bbox 2666 5486 2746 5541; x_wconf 89' lang='lat' dir='ltr'><strong>illi</strong></span> <span class='ocrx_word' id='word_1_481' title='bbox 2802 5487 2897 5556; x_wconf 92' lang='lat' dir='ltr'><strong>qui</strong></span> <span class='ocrx_word' id='word_1_482' title='bbox 2938 5487 3270 5558; x_wconf 90' lang='lat' dir='ltr'><strong>simpliciter</strong></span> <span class='ocrx_word' id='word_1_483' title='bbox 3322 5488 3531 5543; x_wconf 87' lang='lat' dir='ltr'><strong>multos</strong></span> 
     </span>
    </p>
   </div>
   <div class='ocr_carea' id='block_1_71' title="bbox 1949 5574 3531 5648">
    <p class='ocr_par' dir='ltr' id='par_1_71' title="bbox 1949 5574 3531 5648">
     <span class='ocr_line' id='line_1_71' title="bbox 1949 5574 3531 5648; baseline 0.004 -20"><span class='ocrx_word' id='word_1_484' title='bbox 1949 5574 2252 5645; x_wconf 87' lang='lat' dir='ltr'><strong>alloquitur</strong></span> <span class='ocrx_word' id='word_1_485' title='bbox 2284 5586 2339 5632; x_wconf 85' lang='lat' dir='ltr'><strong>et</strong></span> <span class='ocrx_word' id='word_1_486' title='bbox 2372 5576 2449 5633; x_wconf 91' lang='lat' dir='ltr'><strong>illi</strong></span> <span class='ocrx_word' id='word_1_487' title='bbox 2499 5576 2599 5648; x_wconf 87' lang='lat' dir='ltr'><strong>qui</strong></span> <span class='ocrx_word' id='word_1_488' title='bbox 2644 5576 2713 5631; x_wconf 93' lang='lat' dir='ltr'><strong>ad</strong></span> <span class='ocrx_word' id='word_1_489' title='bbox 2748 5577 2951 5635; x_wconf 88' lang='lat' dir='ltr'><strong>multos</strong></span> <span class='ocrx_word' id='word_1_490' title='bbox 2989 5578 3158 5635; x_wconf 89' lang='lat' dir='ltr'><strong>simul</strong></span> <span class='ocrx_word' id='word_1_491' title='bbox 3192 5587 3249 5633; x_wconf 92' lang='lat' dir='ltr'><strong>et</strong></span> <span class='ocrx_word' id='word_1_492' title='bbox 3288 5577 3531 5634; x_wconf 81' lang='lat' dir='ltr'><strong>illustres</strong></span> 
     </span>
    </p>
   </div>
   <div class='ocr_carea' id='block_1_72' title="bbox 1952 5670 2309 5725">
    <p class='ocr_par' dir='ltr' id='par_1_72' title="bbox 1952 5670 2309 5725">
     <span class='ocr_line' id='line_1_72' title="bbox 1952 5670 2309 5725; baseline 0 -2"><span class='ocrx_word' id='word_1_493' title='bbox 1952 5670 2117 5725; x_wconf 87' lang='lat' dir='ltr'><strong>verba</strong></span> <span class='ocrx_word' id='word_1_494' title='bbox 2154 5670 2309 5725; x_wconf 83' lang='lat' dir='ltr'><strong>facit.</strong></span> 
     </span>
    </p>
   </div>
   <div class='ocr_carea' id='block_1_73' title="bbox 240 5764 3536 5843">
    <p class='ocr_par' dir='ltr' id='par_1_73' title="bbox 240 5764 3536 5843">
     <span class='ocr_line' id='line_1_73' title="bbox 240 5764 3536 5843; baseline -0.003 -17"><span class='ocrx_word' id='word_1_495' title='bbox 240 5774 482 5836; x_wconf 58' lang='grc' dir='ltr'>πολλοὺς</span> <span class='ocrx_word' id='word_1_496' title='bbox 530 5773 721 5837; x_wconf 76' lang='grc' dir='ltr'>ἀπλως</span> <span class='ocrx_word' id='word_1_497' title='bbox 765 5771 1123 5843; x_wconf 77' lang='grc' dir='ltr'>ἀποδυομένῳ</span> <span class='ocrx_word' id='word_1_498' title='bbox 1155 5772 1251 5824; x_wconf 72' lang='grc' dir='ltr'>καὶ</span> <span class='ocrx_word' id='word_1_499' title='bbox 1307 5769 1365 5832; x_wconf 83' lang='grc' dir='ltr'>ὃς</span> <span class='ocrx_word' id='word_1_500' title='bbox 1422 5767 1639 5830; x_wconf 82' lang='grc' dir='ltr'>πολλοῖς</span> <span class='ocrx_word' id='word_1_501' title='bbox 1696 5765 1834 5837; x_wconf 81' lang='grc' dir='ltr'>ὁμοῦ</span> <span class='ocrx_word' id='word_1_502' title='bbox 1878 5767 1973 5823; x_wconf 76' lang='grc' dir='ltr'>καὶ</span> <span class='ocrx_word' id='word_1_503' title='bbox 2023 5765 2295 5837; x_wconf 83' lang='grc' dir='ltr'>γενναίοις</span> <span class='ocrx_word' id='word_1_504' title='bbox 2378 5765 2488 5822; x_wconf 83' lang='grc' dir='ltr'>τῶν</span> <span class='ocrx_word' id='word_1_505' title='bbox 2542 5765 2851 5822; x_wconf 67' lang='grc' dir='ltr'>ἀντιπαὶων</span> <span class='ocrx_word' id='word_1_506' title='bbox 2903 5766 2983 5829; x_wconf 83' lang='grc' dir='ltr'><strong>εἰς</strong></span> <span class='ocrx_word' id='word_1_507' title='bbox 3036 5764 3356 5835; x_wconf 75' lang='grc' dir='ltr'>συμπλοκὰς</span> <span class='ocrx_word' id='word_1_508' title='bbox 3440 5764 3536 5810; x_wconf 61' lang='grc' dir='ltr'><strong>⁸ο-</strong></span> 
     </span>
    </p>
   </div>
   <div class='ocr_carea' id='block_1_74' title="bbox 242 5887 423 5942">
    <p class='ocr_par' dir='ltr' id='par_1_74' title="bbox 242 5887 423 5942">
     <span class='ocr_line' id='line_1_74' title="bbox 242 5887 423 5942; baseline 0.022 -21"><span class='ocrx_word' id='word_1_509' title='bbox 242 5887 423 5942; x_wconf 66' lang='grc' dir='ltr'><strong>χεῖται..</strong></span> 
     </span>
    </p>
   </div>
  </div>
