4234 6446
728 360 873 427 1019

1972 361 2259 422 ΜΑΧΙΜΙ
2296 361 2674 421 ΡῐιΑΝυῡίΕ

3827 359 3976 426 1020

806 473 862 523 Si
918 484 1046 537 ergo
1087 475 1301 536 oportet
1368 468 1577 520 veniam
1639 468 1849 537 precari
1902 477 1957 521 et
2011 469 2290 538 propriam

2470 467 2531 519 Εί
2564 467 2743 519 τοίνυν
2771 466 2852 519 δεῖ
2879 468 3269 536 παραιτεῖσθαι
3298 470 3393 522 καὶ
3438 470 3849 539 μνημονεύοντα
3877 490 3974 539 της

740 562 1113 616 infirmitatem
1140 571 1489 615 acensantem
1542 563 1706 615 verba
1738 562 1938 624 facere,
1974 576 2151 630 neque
2195 576 2297 629 ego

742 654 899 706 aliter
944 653 1143 721 cogito,
1203 668 1377 721 neque
1412 654 1544 706 mihi
1586 652 1790 706 suadeo
1855 652 2064 721 majora
2132 667 2297 721 quam

736 745 914 799 caeteri
949 760 1141 798 omnes
1173 745 1359 799 conari
1392 746 1581 799 licere.
1608 744 1710 799 Sed
1747 746 1904 799 video
1920 743 2296 799 sufﬁcientem

738 836 871 889 mihi
908 838 1318 891 excusationem
1349 853 1412 891 ex
1448 838 1554 890 illis
1586 839 1676 905 qui
1728 838 1879 905 prius
1913 836 2115 890 similia
2149 852 2299 891 com-

737 928 1003 982 miserunt
1042 937 1239 995 prmsto
1265 944 1386 982 esse
1421 929 1579 997 plane
1604 943 1924 998 congruam.
1956 928 2089 993 Qine
2126 929 2297 999 igitur

736 1019 962 1072 cuilibet
999 1021 1215 1073 illormn
1254 1021 1345 1089 qui
1404 1021 1541 1074 alios
1591 1020 1812 1074 laudare
1868 1030 2044 1073 ratum
2092 1020 2302 1073 habue-

740 1121 869 1165 runt
901 1112 1083 1167 dicere
1105 1114 1324 1176 accidit,
1358 1113 1578 1182 quando
1607 1128 1706 1182 pro
1728 1112 1925 1181 seipsis
1946 1113 1998 1165 in
2029 1124 2301 1165 certamen

740 1203 1169 1266 descenderunt,
1219 1212 1273 1256 et
1308 1220 1369 1257 ea
1407 1206 1475 1257 ab
1507 1204 1610 1257 illis
1652 1218 1752 1272 pro
1810 1219 1894 1257 me
1946 1204 2088 1257 dicta
2142 1204 2300 1255 velim

736 1296 918 1344 omnia
941 1292 1110 1347 fuisse
1143 1295 1272 1347 mihi
1310 1295 1560 1348 videtur:
1589 1303 1642 1349 et
1670 1295 1810 1351 idem
1846 1296 2060 1349 caeteris
2081 1310 2304 1364 anqne

739 1385 1012 1436 videntur.
1040 1383 1094 1436 Si
1119 1386 1244 1453 quis
1275 1385 1420 1437 enim
1448 1386 1683 1454 aliquem
1727 1384 2057 1438 laudandum
2083 1400 2305 1439 assum-

741 1478 935 1542 pseril,
972 1492 1078 1529 non
1145 1477 1447 1529 absurdum
1487 1487 1640 1545 putat
1699 1477 1743 1530 si
1795 1476 1974 1545 majus
2029 1492 2126 1543 pro
2186 1477 2304 1529 suis

682 1582 685 1583 '
738 1568 945 1621 viribus
976 1583 1111 1635 opus
1146 1582 1464 1639 aggressum
1501 1584 1559 1622 se
1596 1567 1853 1630 fateatur,
1882 1569 2158 1636 quomodo
2190 1582 2301 1621 non

739 1660 1121 1727 Opportunitas
1177 1675 1321 1714 nunc
1387 1660 1543 1713 nobis
1587 1670 1738 1714 esset
1796 1660 1899 1713 hoc
1949 1674 2167 1728 quoque
2222 1661 2305 1713 di-

741 1752 922 1816 cendi,
958 1759 1011 1804 et
1065 1752 1239 1819 magis
1296 1766 1457 1819 quam
1504 1752 1756 1806 caeteris?
1809 1750 1923 1806 Duo
1972 1752 2117 1804 enim
2161 1751 2306 1804 inter

2403 560 2609 621 οἰκείας
2657 559 2945 621 ἀσθενείας
2978 560 3263 628 προσιέναι
3292 562 3402 622 τοῖς
3442 561 3644 628 λόγοις,
3679 561 3786 614 οὐδ’
3815 564 3981 625 αὐτὸς

2401 649 2576 710 ἄλλως
2605 649 2637 716 ἢ
2669 648 2810 701 κατά
2825 648 2999 701 ταῦτα
3028 648 3313 720 λογίζομαι
3338 649 3447 704 οὐδ’
3476 651 3665 721 ἕτερόν
3693 668 3745 704 τι
3778 652 3982 721 χρῆναι

2402 741 2858 810 προχειρίσασθαι
2886 743 2993 812 πρὸ
3018 744 3237 797 πάντων
3254 744 3493 814 ἐμαυτὸν
3525 745 3719 798 πείθω.
3760 745 3907 815 Ὀρῶ
3933 745 3986 796 δ’

2405 834 2596 901 ἱκανήν
2620 849 2709 901 μοι
2730 835 2881 902 παρά
2902 835 3009 887 τῶν
3031 834 3265 902 πρόσθεν
3289 836 3370 898 είς
3385 835 3453 888 τά
3475 835 3700 889 τοιαῦτα
3725 836 3984 889 καθεικό-

2402 940 2510 975 των
2532 923 2757 983 ἑαυτοὺς
2792 924 2889 992 τὴν
2920 925 3252 994 παραίτησιν
3283 928 3571 994 γεγονυῖαν
3604 928 3697 979 καὶ
3723 928 3985 998 ἀποχρῶν

2406 1010 2543 1066 εἷναί
2580 1031 2668 1082 μοι
2700 1014 2848 1067 δοκεῖ
2878 1014 2939 1067 τὸ
2970 1016 3026 1081 ἑξ
3067 1015 3310 1070 ἐκείνων.
3364 1018 3429 1070 Ἀ
3464 1017 3593 1086 γοῦν
3623 1019 3839 1088 ἑκάστῳ
3869 1018 3981 1071 τῶν

2405 1108 2648 1160 ἐπαινεῖν
2680 1107 2875 1171 ἄλλους
2905 1110 3324 1179 ἐνστησαμένων
3355 1110 3494 1180 ὑπὲρ
3528 1111 3737 1164 ἑαυτῶν
3770 1113 3851 1173 είς
3881 1112 3977 1163 τὸν

2407 1196 2593 1265 ἀγῶνα
2612 1199 3043 1253 καταϐαινόντων
3066 1202 3240 1253 εἰπεῖν
3263 1199 3539 1265 ἐξεγένετο
3559 1204 3651 1255 καὶ
3680 1203 3820 1271 ὑπὲρ
3842 1201 3979 1272 ἐμοῧ

2404 1287 2618 1349 τούτηις
2666 1288 2917 1356 είρῆσθαι
2965 1288 3146 1342 πάντα
3188 1289 3361 1355 δοκῶ,
3406 1294 3649 1354 καὶτοῖς
3698 1291 3876 1354 ἄλλοις
3912 1292 3979 1362 δὴ

2409 1375 2747 1432 συνδοκείτω.
2780 1378 2840 1430 Et
2869 1380 2975 1448 γὰρ
3002 1380 3260 1433 ἑκάστοτέ
3288 1399 3369 1445 τις
3403 1378 3535 1452 ὕλην
3565 1383 3856 1452 ἐγκωμίων
3878 1383 3979 1436 ἕνα

2408 1468 2754 1537 ποιούμενος,
2800 1471 2989 1523 ἔπειτα
3016 1473 3117 1525 οὐκ
3162 1473 3363 1526 ἄτοπον
3402 1476 3617 1544 ἡγεῖται
3656 1475 3903 1543 μείζονος
3942 1478 3977 1547 ἢ

2408 1560 2529 1613 καθ’
2577 1562 2740 1615 αὐτὸν
2792 1562 3103 1628 ὑποθέσεως
3146 1566 3427 1635 ὁμολογεῖν
3477 1567 3767 1633 ἅπτεσθαι,
3818 1570 3988 1622 πόθεν

2408 1653 2508 1703 οὐκ
2541 1653 2607 1704 ἂν
2660 1652 2817 1705 τοῦτο
2871 1656 3061 1725 καιρὸς
3098 1656 3189 1726 εἴη
3226 1658 3322 1709 καὶ
3366 1658 3534 1712 τανῦν
3569 1659 3845 1727 λέγεσθαι,
3891 1662 3988 1713 καὶ

2414 1743 2615 1809 μᾶλλον
2658 1744 2768 1796 τῶν
2816 1746 3032 1813 άλλων;
3090 1748 3233 1812 Δυάς
3282 1748 3392 1821 γὰρ
3446 1752 3479 1821 ἡ
3543 1753 3643 1819 τῆς
3685 1752 3988 1815 δωδεκάδος

742 1842 1032 1897 duodecim
1069 1841 1268 1897 Cln-isti
1314 1842 1612 1911 discipulos
1641 1843 1827 1897 selecti
1855 1852 1984 1897 sunt
2011 1861 2023 1906 ;
2074 1852 2129 1896 et
2159 1857 2301 1911 quae-

2416 1834 2831 1903 προκεκριμένη
2894 1835 3004 1889 τῶν
3058 1837 3300 1907 Χριστοῦ
3353 1841 3614 1911 μαθητῶν
3666 1842 3827 1910 ἔργον
3892 1847 3989 1895 καὶ

741 1937 880 1991 ritur
940 1947 1118 1990 utrum
1165 1954 1352 1991 eorum
1417 1938 1691 2006 praecipue
1738 1939 2107 1993 laudabimus.
2168 1937 2302 1993 Cre-

740 2032 813 2083 do
862 2039 1062 2093 tamen,
1120 2030 1164 2084 si
1221 2040 1457 2083 nostram
1503 2046 1721 2098 quoque
1776 2031 2021 2098 ipsorum
2082 2037 2303 2085 senten-

745 2121 875 2173 tiam
930 2121 1113 2175 dicere
1171 2129 1428 2189 oportet,
1487 2122 1697 2174 nullum
1744 2137 1869 2175 esse
1918 2121 2060 2174 inter
2113 2134 2305 2175 omnes

741 2214 857 2279 qui,
917 2227 1039 2265 cum
1074 2212 1307 2265 audierit
1359 2210 1473 2266 fore
1518 2220 1576 2264 ut
1609 2212 1801 2266 Petrus
1844 2220 1898 2266 et
1944 2210 2150 2266 Paulus
2193 2210 2307 2264 lau-

740 2306 957 2367 dentur,
1024 2319 1129 2354 nnn
1196 2304 1357 2371 plane
1407 2292 1594 2355 videat
1662 2303 2001 2356 laudatorem
2067 2300 2306 2354 maximo

740 2393 890 2459 nperi
931 2407 1051 2445 sese
1102 2391 1431 2445 accinxisse.
1491 2392 1741 2444 Attamen
1796 2400 1850 2443 et
1893 2389 2123 2445 fortasse
2163 2389 2307 2442 dicet

744 2485 1053 2552 inspirasse
1078 2482 1241 2535 alicui
1278 2483 1343 2535 de
1375 2498 1476 2535 suo
1501 2496 1688 2534 amore
1726 2483 2031 2550 apostolos,
2073 2491 2129 2535 ttt
2160 2480 2308 2551 quod

744 2576 854 2628 illis
892 2591 1106 2643 semper
1143 2573 1400 2644 Magister
1434 2573 1841 2640 celebrabatur,
1903 2590 1959 2627 se
1988 2574 2139 2643 ipsos
2174 2590 2311 2627 con-

743 2676 925 2720 sortes
970 2666 1127 2734 quasi
1172 2666 1300 2723 ,fore
1341 2666 1552 2720 illorum
1585 2668 1674 2734 qui
1703 2667 1862 2719 verba
1904 2665 2163 2719 facerent.
2198 2665 2309 2719 Sed

744 2760 852 2813 nisi
904 2760 1088 2827 plures
1119 2758 1350 2825 apostoli
1393 2758 1797 2827 suppetiissent
1844 2758 2022 2812 fontes
2055 2757 2307 2823 landum,

747 2850 860 2903 lieri
896 2862 1044 2903 certe
1104 2858 1318 2918 poterat
1372 2861 1432 2903 ιιι
1484 2850 1574 2904 ille
1636 2850 1731 2917 qui
1786 2849 2020 2904 dicendo
2072 2848 2307 2901 multum

747 2943 995 3011 polleret.
1030 2941 1212 2996 dicere
1265 2952 1321 2994 ut
1360 2941 1586 3011 gloriam
1621 2942 1935 3009 acquireret
1978 2939 2259 2993 videretur
2292 2957 2307 3003 ;

748 3052 896 3090 nunc
927 3050 1054 3088 vero
1116 3044 1225 3087 tam
1283 3048 1608 3088 numerosas
1663 3045 1716 3087 et
1768 3032 1905 3087 alias
1957 3048 2124 3102 super
2173 3032 2311 3085 alias

750 3130 940 3190 habes,
971 3137 1028 3180 ut
1052 3127 1352 3180 timendum
1380 3127 1473 3189 sit,
1513 3142 1579 3179 ne
1607 3126 1971 3196 quodcunque
1998 3126 2121 3194 quis
2140 3125 2305 3189 dicat,

2410 1925 2668 1992 ὁπότερον
2694 1928 2960 1996 πρότερον
2986 1928 3194 1982 τούτων
3215 1931 3460 1984 ἐπαινεῖν
3483 1934 3827 1986 ἀπολαῦόντα
3851 1935 3990 2003 πρὸς

2411 2014 2686 2084 εὐφημίαν
2721 2017 2815 2071 νῦν
2848 2021 3159 2086 πρόκειται.
3192 2018 3361 2091 οἶμαι
3388 2023 3487 2092 μὲν
3513 2023 3605 2077 οὖν
3635 2026 3684 2077 εί
3713 2024 3775 2093 δή
3806 2043 3856 2078 τι
3880 2028 3991 2096 χρὴ

2413 2110 2507 2160 καὶ
2550 2109 2610 2161 τὸ
2648 2111 2916 2181 ἡμέτερον
2968 2113 3149 2166 αὐτῶν
3191 2114 3371 2182 λέγειν
3428 2117 3556 2185 μηδ’
3602 2116 3670 2170 ἂν
3720 2118 3817 2170 ἕνα
3869 2120 3985 2170 τῶν

2414 2200 2642 2254 ἀπάντω
2662 2217 2690 2253 ν
2729 2198 2887 2270 εἶναι,
2919 2202 2976 2265 ὃς
3006 2204 3213 2273 Πέτρον
3253 2208 3347 2259 καὶ
3382 2208 3586 2261 Παῦλον
3617 2212 3982 2282 ἐπαινεθησο-

2416 2295 2607 2362 μένους
2636 2295 2880 2358 ἀκούσας
2924 2296 2997 2367 μὴ
3030 2298 3109 2368 τῷ
3149 2300 3397 2369 μεγίστῳ
3427 2301 3535 2354 τῶν
3560 2304 3986 2374 ἐγχειρημάτων

2414 2386 2605 2438 ἑαυτὸν
2652 2387 3041 2442 ἐπιδεδωκέναι
3100 2390 3192 2442 τὸν
3250 2393 3547 2462 ἐπαινέτην
3599 2397 3985 2463 ἀποφανεῖται,

2416 2477 2593 2530 καίτοι
2642 2478 2736 2530 καὶ
2770 2478 3016 2532 τοιοῦτον
3051 2481 3174 2550 ἐρεῖ
3211 2481 3288 2545 ὼς
3331 2484 3439 2553 ἄρα
3484 2487 3594 2538 τινὶ
3631 2488 3729 2556 τῆς
3770 2489 3987 2544 ἑαυτῶν

2415 2569 2636 2639 ἀγάπης
2668 2570 3003 2624 ἐνέπνευσαν
3050 2575 3147 2626 καὶ
3178 2574 3273 2627 νῦν
3312 2578 3361 2629 οἱ
3402 2578 3712 2643 ἀπόστολοι,
3740 2581 3818 2643 ὼς
3844 2584 3990 2653 ὅπερ

2413 2656 2483 2731 ἦν
2533 2662 2721 2725 αὐτοῖς
2777 2662 3075 2728 διαπαντὸς
3116 2668 3143 2719 ό
3183 2667 3516 2733 Διδάσκαλος
3544 2671 3991 2742 εὐφημούμενος.

2415 2751 2577 2805 τοῦτο
2612 2756 2705 2807 καὶ
2732 2753 2955 2817 τούτους
2986 2756 3103 2809 vovi.
3141 2757 3231 2811 διά
3263 2759 3324 2811 τὺ
3364 2761 3528 2814 αὐτὸν
3558 2763 3633 2833 τῷ
3676 2764 3787 2817 τῶν
3814 2766 3997 2834 λόγων

2418 2844 2705 2913 ἁπτομένῳ
2731 2845 3004 2911 γενέσθαι.
3050 2848 3193 2901 Ἀλλ’
3246 2852 3295 2903 εί
3330 2851 3429 2921 μὲν
3490 2854 3565 2924 μὴ
3626 2855 3886 2919 πλείστας
3937 2862 3992 2911 ot

2418 2936 2705 2988 ἀπόστολοι
2730 2941 2989 3007 παρεῖχον
3024 2940 3279 3010 ἀφορμάς
3308 2946 3603 3015 ἐγκωμίων
3634 2948 3762 3014 ἐνῆν
3787 2950 3998 3018 δήπου-

2420 3025 2508 3079 θεν
2542 3030 2631 3078 τὸν
2664 3030 2721 3079 ἐν
2766 3028 2943 3095 λόγοις
2978 3030 3143 3084 πολλὰ⁵
3191 3032 3471 3101 δυνηθέντ’
3511 3034 3578 3088 ἂν
3622 3037 3800 3091 εἰπεῖν
3837 3040 3996 3092 εὑδοο

2418 3119 2604 3186 κιμεῖν
2634 3117 2817 3181 δόξοιι⁸
2866 3120 2985 3173 νυνὶ
3030 3120 3076 3173 δ’
3122 3120 3264 3175 οὕτω
3290 3123 3514 3187 πολλαῖς
3547 3128 3643 3179 καὶ
3684 3128 3874 3192 ἄλλαις
3906 3131 3995 3183 ἐπ’

748 3220 884 3273 nihil
924 3188 1105 3272 tamen
1134 3218 1342 3272 dixisse
1372 3188 1646 3282 videatur,
1681 3225 1778 3270 aut
1836 3188 1969 3271 illud
2010 3188 2153 3271 idem
2188 3229 2301 3285 pas-

2416 3210 2600 3273 άλλαις
2647 3212 2997 3280 ἐντυγχάνειν
3047 3213 3225 3265 ἐστιν⁸
3260 3214 3402 3267 ὥστε
3456 3216 3576 3282 δέος
3618 3220 3724 3273 κᾶν
3770 3222 3995 3276 ὀσονοῦν

747 3329 869 3367 sum
934 3311 1126 3378 fuisse,
1174 3313 1317 3383 quod
1359 3321 1413 3366 et
1453 3312 1597 3381 ignis
1652 3313 1906 3381 exiguus,
1949 3309 2066 3377 qui,
2127 3309 2299 3364 multo

746 3404 897 3472 ligno
938 3404 1216 3472 imposito,
1240 3402 1631 3471 exstinguitur.
1654 3401 1797 3471 Ergo
1829 3416 1934 3455 non
1967 3400 2313 3456 solummodo

745 3499 875 3565 quia
914 3496 1081 3549 multa
1125 3495 1195 3549 de
1250 3494 1435 3549 multis
1485 3494 1668 3548 dicere
1714 3493 2016 3564 oportebit,
2046 3507 2305 3563 magnum

748 3596 1097 3654 comparatur
1128 3597 1429 3647 certamen,
1449 3593 1503 3639 et
1535 3585 1794 3649 arduum,
1827 3584 1922 3639 sed
1948 3586 2078 3654 quia
2112 3598 2311 3653 magna

748 3693 1066 3747 magnorum
1100 3690 1299 3741 causa;
1342 3692 1517 3745 neque
1546 3676 1633 3730 ille
1662 3675 1754 3745 qni
1810 3676 2014 3741 multis,
2049 3690 2155 3728 non
2185 3688 2313 3729 vero

750 3769 962 3837 magnis
994 3768 1082 3821 hic
1116 3768 1296 3822 verbis
1327 3776 1575 3821 uteretur
1633 3782 1808 3836 neque
1845 3768 1931 3821 his
1986 3768 2309 3834 contrariis,

748 3860 919 3913 videri
948 3864 1132 3927 posset
1168 3858 1527 3926 apostolicam
1587 3856 1929 3927 majestatem
1968 3873 2035 3912 ex
2091 3860 2159 3913 iis
2193 3876 2314 3928 qure

749 3949 883 4001 tlunt
916 3946 970 4000 in
1001 3947 1177 4000 lucem
1226 3946 1484 4000 edidisse.
1540 3943 1691 3998 Multi
1747 3956 1895 3999 certe
1953 3946 2167 4000 illorum
2221 3947 2313 4016 qui

749 4038 966 4106 aliquos
996 4037 1219 4090 laudare
1248 4045 1423 4090 ratum
1464 4036 1797 4099 habuerunt,
1829 4036 1940 4090 sive
1971 4035 2175 4104 aliquid
2207 4038 2313 4093 illis

752 4129 849 4199 qui
908 4128 1205 4182 laudantur
1240 4127 1466 4197 dignum
1540 4126 1829 4193 habentes,
1890 4143 2000 4181 non
2050 4128 2313 4183 desinunt

749 4223 817 4275 de
847 4219 1034 4273 eodem
1072 4217 1231 4287 longa
1272 4232 1415 4285 saepe
1457 4225 1809 4278 connectere,
1839 4216 1955 4271 sive
2002 4218 2138 4271 nihil
2198 4218 2316 4272 lau-

751 4311 930 4365 dabile
965 4308 1190 4373 vident;
1226 4317 1404 4360 tanien
1459 4318 1512 4360 et
1566 4307 1709 4375 quod
1757 4317 1953 4376 praeter
2000 4308 2312 4376 opinionum

752 4402 992 4462 dicatur,
1048 4398 1276 4451 nihilum
1340 4396 1565 4449 laudare
1610 4410 1719 4449 non
1773 4396 2130 4460 erubescunt,
2170 4397 2311 4451 idem

754 4502 978 4558 prorsus
1018 4485 1280 4539 facientes
1323 4496 1385 4535 ac
1433 4483 1477 4536 si
1538 4482 1683 4551 quis,
1735 4482 1867 4535 nihil
1922 4483 2130 4537 habens
2165 4486 2309 4554 quod

753 4578 1023 4635 ostendat.
1060 4576 1213 4630 diviti
1265 4584 1641 4643 paupertatem
1678 4574 1854 4643 ipsam
1913 4575 1965 4627 in
1998 4576 2314 4631 divitiarum

750 4668 1271 4724 demonstrationem
1322 4671 1485 4733 ponat
1531 4663 1582 4715 in
1620 4662 1881 4727 medium,
1915 4673 1969 4718 et
1997 4664 2202 4733 aliquid
2238 4665 2317 4719 fa-

754 4776 879 4817 cere
937 4759 1258 4813 arbitretur.
1317 4753 1447 4808 Mihi
1491 4767 1670 4808 autem
1706 4764 1851 4809 tanta
1886 4771 1948 4809 ac
2006 4759 2135 4810 talia
2188 4768 2317 4813 sunt

757 4871 877 4925 qua:
912 4851 978 4906 de
1020 4847 1287 4919 apostolis
1340 4847 1637 4912 celebrem,
1681 4858 1739 4901 ut
1772 4858 1826 4901 et
1858 4849 2126 4917 vertigine
2161 4849 2309 4903 labo-

754 4962 866 4999 rem
916 4957 1040 4997 cum
1095 4955 1281 4995 earum
1331 4939 1552 4991 laudum
1602 4940 2004 4994 multitudinem
2061 4942 2312 5011 inspicio.

756 5038 822 5092 Et
864 5037 932 5100 si,
982 5050 1106 5090 cum
1155 5046 1428 5101 praesumo
1481 5034 1739 5085 virtutem
1790 5049 1977 5087 eorum
2011 5036 2313 5099 celebrare,

755 5129 1105 5200 perlustrem,
1138 5122 1268 5178 illud
1302 5123 1550 5177 sullieere
1581 5134 1635 5175 ut
1665 5123 1958 5177 laudentur
1994 5140 2091 5193 pro
2130 5126 2315 5182 multis

755 5218 1052 5281 videbitur,
1083 5215 1305 5269 laudare
1338 5230 1674 5268 sunnnorum
1728 5222 1906 5280 actus,
1956 5223 2010 5269 et
2067 5228 2317 5286 superest

757 5306 1392 5374 desiderium,exiguus,
1429 5306 1614 5367 credo,
1657 5308 1836 5359 omnis
1889 5317 2184 5375 praeteritus
2236 5310 2316 5362 vi-

759 5401 997 5463 debitur,
1058 5413 1163 5451 non
1221 5395 1391 5449 venia:
1449 5395 1672 5464 dignum
1748 5398 1931 5450 statim
1986 5399 2312 5465 existimari,

759 5494 804 5549 si
847 5493 976 5562 quid
1022 5504 1127 5542 non
1188 5492 1330 5556 quod
1379 5498 1628 5555 oporteat
1705 5501 2057 5555 consecutus,
2112 5492 2314 5545 audere

759 5582 933 5652 magis
954 5595 1115 5649 quam
1154 5594 1339 5630 amare
1375 5580 1559 5630 videar
1613 5578 1877 5647 Equidem
1912 5596 1998 5634 me
2038 5580 2154 5650 ipse
2194 5598 2317 5651 pro-

760 5674 1009 5728 hihcbam
1043 5672 1124 5723 his
1163 5670 1224 5722 de
1248 5671 1432 5722 causis
1456 5671 1584 5737 quin
1634 5671 1891 5736 dicerem,
1927 5681 1980 5726 et
2011 5673 2175 5727 silere
2208 5690 2317 5728 mc-

760 5770 865 5819 !ins
924 5773 1082 5817 erat:
1119 5761 1208 5813 sed
1276 5760 1564 5814 videbatur
1612 5761 1873 5831 injnstuut
1933 5763 1977 5817 si
2014 5766 2139 5833 quis
2173 5767 2307 5821 nihil

2418 3303 2547 3372 είπῃ
2570 3320 2653 3365 τις
2687 3305 2850 3373 μηδὲν
2878 3303 3165 3375 είρηκέναι
3197 3306 3377 3363 δοκεῖν
3408 3308 3439 3379 ἦ
3474 3310 3695 3364 κάκεῖνο
3723 3315 3947 3381 παθεῖν,
3970 3318 3999 3371 δ

2416 3396 2509 3445 κα)⁵
2536 3395 2646 3465 πῦρ
2679 3396 2882 3463 ὀλίγον,
2911 3396 2940 3448 ὃ
2968 3397 3166 3468 πολλῆς
3192 3398 3327 3470 ὕλης
3360 3401 3703 3473 ἐπιτεθείσης
3732 3405 3994 3478 ἐσόέσθη.

2416 3486 2525 3538 Καὶ
2553 3485 2684 3554 γοῦν
2733 3487 2792 3537 οὺ
2851 3487 3011 3555 μόνον
3042 3489 3124 3540 δτι
3172 3488 3342 3541 πολλά
3380 3494 3506 3557 περὶ
3545 3491 3761 3544 πολλῶν
3803 3494 3994 3565 δεήσει

2416 3573 2615 3641 λέγειν,
2645 3574 2788 3642 μέγα
2818 3577 3136 3630 συνίσταται
3163 3577 3223 3629 τὸ
3250 3578 3559 3649 ἀγώνισμα,
3590 3584 3683 3633 καὶ
3704 3585 3807 3635 οὐκ
3829 3587 3997 3639 εὐπε-

2415 3664 2503 3726 τὲς
2559 3665 2775 3729 ἀνῦσαι,
2809 3667 2925 3720 ἀλλ’
2969 3669 3052 3721 ὅτι
3098 3669 3196 3721 καὶ
3238 3670 3453 3739 μεγάλα
3497 3675 3753 3741 μεγάλων
3782 3678 3997 3744 ἕνεκεν,

2416 3757 2489 3819 ὡς
2524 3755 2650 3809 οὔτε
2678 3757 2770 3811 τὸν
2799 3759 3013 3823 πολλοῖς
3044 3761 3141 3829 μὲν
3166 3761 3242 3833 μὴ
3273 3763 3532 3832 μεγάλοις
3556 3765 3613 3818 δὲ
3644 3772 3997 3839 κεχρημένον

2415 3848 2667 3901 ἐνταυθοῖ
2714 3850 2893 3918 λόγοις
2926 3848 3050 3904 οὗτε
3102 3854 3369 3908 τάναντία
3406 3856 3612 3911 τούτων
3642 3859 3877 3916 δυνατὸν
3924 3863 3987 3917 δν

2414 3938 2513 4009 τὴν
2561 3942 2928 4011 ἀποστολικὴν
2977 3944 3354 4016 ἐνδειξάμενον
3409 3950 3474 4001 ἐκ
3514 3950 3626 4003 τῶν
3681 3958 3996 4024 γινομένων

2416 4033 2570 4096 ἀξίαν
2613 4035 2870 4104 φανῆναι.
2909 4036 3097 4089 Πολλοί
3143 4055 3207 4106 γε
3261 4039 3371 4111 μὴν
3402 4040 3512 4093 τῶν
3535 4043 3783 4096 ἐπαινεῖν
3838 4064 3997 4111 τινας

2415 4124 2489 4186 ὡς
2516 4124 2583 4177 τά
2607 4124 2777 4179 πολλὰ
2816 4128 3170 4196 προθεμένων
3202 4129 3315 4181 εἴτε
3342 4146 3394 4181 τι
3418 4134 3527 4193 τοῖς
3553 4132 4001 4204 εὖφημουμένοις

2417 4215 2475 4267 ἐν
2509 4214 2639 4283 γοῦν
2675 4216 2825 4283 ἀξιον
2873 4220 3050 4271 εἰπεῖν
3100 4220 3193 4272 καὶ
3245 4219 3523 4289 θαυμάσαι
3561 4223 3869 4292 συνίσασιν,
3899 4230 4001 4281 οὐκ

2416 4308 2746 4377 ἀφίστανται
2779 4311 2911 4379 περὶ
2938 4309 3033 4363 τοῦ
3085 4309 3249 4365 αὐτοῦ
3282 4315 3476 4383 μακρά
3521 4315 3784 4380 πολλάκις
3820 4324 4004 4375 συνεί-

2420 4415 2623 4466 ροντες,
2654 4399 2762 4452 εἴτε
2801 4398 2968 4470 μηδὲν
3010 4399 3120 4453 τῶν
3148 4403 3451 4456 ἐπαινετῶν
3481 4406 3804 4476 βλέπουσιν,
3846 4412 4002 4480 ὅμως

2421 4491 2467 4541 εί
2497 4491 2591 4542 καὶ
2618 4491 2922 4562 παράδοξον
2966 4493 3162 4557 είπεῖν,
3192 4496 3565 4565 ἐγκωμιάζειν
3598 4500 3659 4551 τὸ
3691 4504 3868 4571 μηδὲν
3899 4508 4001 4559 οὐκ

2419 4580 2636 4634 ὀκνοῦσι
2668 4585 3052 4654 παραπλήσιόν
3083 4604 3137 4640 τι
3170 4587 3473 4654 ποιοῦντες,
3506 4589 3697 4661 ὥσπερ
3730 4592 3799 4645 ἂν
3826 4597 3884 4648 εἴ
3911 4614 3999 4661 τις

2418 4672 2643 4741 ἀπορῶν
2670 4674 3081 4730 ἐπιδείκνυσθαι
3103 4678 3322 4749 πλούτῳ
3352 4680 3524 4751 αὐτὴν
3554 4682 3654 4750 τὴν
3685 4685 3887 4740 πενίαν
3920 4691 4001 4752 είς

2418 4764 2679 4829 ἐπίδειξιν
2708 4766 2941 4820 πλούτου
2972 4770 3143 4833 τιθεὶς
3171 4776 3248 4835 είς
3286 4775 3472 4842 μέσον,
3502 4774 3669 4827 οἴοιτό
3704 4793 3762 4829 τι
3792 4783 3995 4839 ποιεῖν,

2430 4852 2585 4921 Ἐμοὶ
2604 4855 2660 4906 δὲ
2686 4856 2878 4909 τοσάδε
2895 4857 2990 4910 καὶ
3010 4860 3190 4913 τοιάδε
3211 4863 3523 4916 ἀποστόλων
3551 4866 3819 4935 πάρεστιν
3838 4869 3993 4923 ἐπαι⁹

2417 4947 2531 4996 νεῖν
2555 4943 2694 4999 ὥστε
2725 4948 2817 4999 καὶ
2854 4948 3090 5021 ίλιγγιᾷν
3134 4954 3406 5023 ἐνορῶντα
3453 4956 3529 5025 τῷ
3563 4958 3761 5027 πλήθει
3795 4960 3906 5012 κᾶν
3941 4961 3999 5014 ἐν

2418 5034 2480 5101 γέ
2512 5052 2563 5087 τι
2598 5035 2800 5089 τούτων
2830 5038 3118 5114 ἀπολαϐὼν
3151 5042 3223 5103 ὼ;
3261 5045 3534 5115 ὑμνητέον
3576 5048 3692 5099 ἐστὶ
3728 5048 3997 5113 διεξέλθω

2418 5126 2561 5179 τοῦτ’
2593 5130 2781 5199 ἀρκεῖν
2813 5132 2894 5193 είς
2922 5133 3197 5204 εὐφημίαν
3242 5139 3362 5190 ἀντὶ
3406 5138 3617 5192 πολλῶν
3648 5140 3817 5207 δόξει,
3852 5146 3905 5197 εί
3933 5144 3998 5214 δὴ

2419 5218 2525 5269 τῶν
2555 5219 2812 5274 ἀνωτάτω
2840 5221 2901 5273 τὸ
2933 5223 3117 5291 ἑργον,
3168 5228 3257 5278 καὶ
3310 5228 3604 5294 πρόσεστιν
3635 5230 3663 5282 ὁ
3691 5230 3865 5294 πόθος
3908 5250 4003 5301 μι-

2420 5310 2557 5377 κρὰν
2582 5310 2646 5363 ἂν
2690 5305 2844 5380 οἶμαι
2898 5315 3077 5369 πᾶσαν
3127 5321 3290 5369 παντὶ
3320 5319 3557 5387 φανῆναι
3590 5320 3873 5389 πρόφασιν
3920 5325 3996 5395 μὴ

2419 5401 2538 5469 οὐχὶ
2566 5404 2895 5473 συγγνώμης
2934 5405 3096 5470 εὐθὺς
3130 5407 3336 5473 ἀξιοῦν,
3368 5410 3421 5463 ετ
3445 5428 3497 5463 τι
3536 5411 3609 5480 μὴ
3634 5412 3731 5464 τοῦ
3778 5413 3998 5479 δέοντος

2419 5494 2805 5564 ἐφικνούμενος
2838 5497 3042 5569 τολμᾷν
3070 5500 3325 5572 μᾶλλονῆ
3360 5503 3533 5570 φιλεῖν
3554 5504 3709 5568 δόξω.
3757 5505 3984 5575 Ἔγωγε

2423 5587 2529 5654 μὴν
2567 5588 2855 5656 ἀπήγαγον
2912 5589 3151 5659 ἐμαυτὸν
3195 5592 3283 5647 διὰ
3321 5594 3493 5648 ταῦτα
3544 5596 3638 5649 τοῦ
3675 5595 3841 5663 λόγου
3879 5599 3989 5651 κᾶν

2420 5677 2639 5748 είλόμην
2676 5681 2856 5751 σιγᾷν,
2905 5682 3078 5735 ἐδόκει
3108 5684 3165 5737 δέ
3214 5686 3347 5750 τέως
3380 5688 3563 5740 ἄδικον
3590 5689 3642 5739 εἴ
3696 5706 3781 5751 τις
3819 5690 3993 5760 μηδὲν

2420 5769 2545 5823 ἄλλο
2580 5769 2719 5839 πλὴν
2749 5772 2940 5841 λόγους
2971 5772 3133 5844 ἔχων,
3164 5778 3353 5831 ἔπειτα
3381 5780 3563 5845 λέγειν
3595 5780 3983 5849 βουλομένους,
