4234 6446
233 357 372 422 1021

1245 365 1644 424 ENCUMlUM
1690 364 1790 428 SS.
1837 364 2059 425 PETRI
2102 366 2192 424 ET
2237 369 2488 428 PAULI.

3344 367 3478 430 1022

233 469 359 527 τοὺς
415 467 508 517 τοῦ
548 466 705 532 λόγου
763 465 1005 534 μαθητάς
1043 484 1098 518 τε
1141 470 1230 518 καὶ
1291 470 1566 534 ὑπηρέτας
1632 486 1807 534 παρα·
1845 481 1883 532 Α

1803 481 1883 532 ιΑ
1920 473 2023 523 nisi
2084 471 2248 522 verba
2308 471 2543 530 habens,
2605 483 2665 520 ac
2707 469 2891 523 dicere
2947 467 3156 531 volens,
3205 477 3475 523 sermonis

235 559 465 626 δραμὼν
523 559 650 610 ἀλλο
705 577 756 610 τι
794 559 901 626 πρὸ
937 561 1142 610 τούτων
1181 560 1440 612 ὑπόθεσιν
1471 561 1638 626 διδοίη
1689 565 1798 621 τοῖς

235 649 440 713 λόγοις.
472 649 584 717 Τὴν
641 649 742 716 μὲν
771 649 862 700 οὖν
897 650 1152 701 ὑπόθεσιν
1188 651 1329 702 οὕτω
1367 651 1606 719 μεγάλην
1659 649 1800 703 εἶναι

237 739 558 806 συμϐαίνει,
584 739 732 791 δοκεῖ
765 740 820 791 δέ
861 758 950 807 μοι
982 744 1092 802 τοῖς
1122 741 1443 802 ἀποστόλοις
1481 743 1801 810 εὐξάμενον,

235 832 332 880 καὶ
364 831 650 898 νομίζεται
698 833 806 898 γάρ
861 831 1032 891 οὕτως
1082 835 1176 885 ἐπὶ
1237 837 1349 888 τοῖς
1389 835 1649 901 μεγάλοις
1699 836 1805 885 τῶν

234 923 440 987 ἔργων,
487 924 578 973 ἐπὶ
607 923 674 974 τά
715 924 905 992 πρόσω
936 925 1027 976 τοῦ
1085 926 1248 990 λόγου
1279 931 1496 996 χωρεῖν.
1531 929 1690 995 Εῖητε
1742 928 1806 993 δὴ

232 1015 350 1077 οὖν,
389 1011 432 1068 ὦ
474 1019 567 1069 τοῦ
618 1018 777 1084 λόγον
832 1021 988 1084 σοφοὶ
1049 1021 1312 1088 μαθηταὶ.
1368 1024 1431 1089 τῇ
1476 1023 1608 1090 πρὸς
1654 1023 1806 1088 ὑμῶν

235 1107 500 1176 ἐπιπνοίᾳ
542 1109 929 1176 συναιρόμενοι
980 1112 1076 1161 καὶ
1119 1111 1565 1176 συνδιεξάγοντές
1600 1131 1688 1180 μοι
1718 1113 1808 1164 τὸν

234 1197 418 1264 λόγον,
454 1199 529 1256 ὡς
583 1199 649 1252 ἂν
702 1202 774 1268 μὴ
826 1202 1008 1262 κακῶς
1060 1201 1129 1253 τὰ
1183 1203 1360 1264 καλῶς
1399 1203 1525 1268 ὑμῖν
1563 1221 1810 1270 πεπραγ-

240 1291 383 1358 μένα
439 1290 659 1353 διέλθοι,
714 1294 816 1344 xiv
871 1310 974 1344 που
1036 1294 1313 1359 κάμνοντα
1373 1294 1604 1360 βλέπητε
1656 1299 1811 1363 χεῖρα.

240 1383 589 1449 προτείνοιτε
667 1389 761 1434 καὶ
828 1383 1254 1453 ὲπιρῤωννύοιτε
1309 1385 1499 1454 ὥσπερ
1556 1387 1813 1454 ἀλείπτης

238 1475 529 1539 κάμνοντα
564 1475 894 1539 παλαιστὴν.
935 1476 1076 1542 Ἤδη
1134 1477 1234 1544 μὲν
1271 1473 1364 1530 οὖν
1406 1495 1488 1536 τις
1523 1479 1816 1545 ὲγκωμῖων

235 1563 425 1631 νόμοις
483 1565 748 1630 ἑπόμενος
801 1566 894 1616 καὶ
929 1566 1188 1633 πατρίδος
1241 1566 1349 1618 τῶν
1383 1567 1818 1634 εὐφημουμένων

239 1654 554 1721 μεμνῆσθαι
585 1655 678 1706 καὶ
717 1655 1056 1722 γένους-ἐγὼ
1088 1657 1131 1708 δ’
1168 1657 1266 1709 οὐκ
1307 1657 1484 1722 ἀγνοῶ
1522 1658 1692 1726 μικρά
1732 1659 1816 1709 δο⁹

235 1741 441 1795 κοῦντα
468 1744 644 1796 ταῦτα
670 1747 780 1806 τοῖς
805 1746 1142 1809 ἀποστόλοις,
1171 1750 1216 1798 εί
1241 1748 1333 1797 καὶ
1351 1750 1413 1815 τῇ
1447 1747 1578 1814 πρὸς
1598 1748 1664 1797 τά
1694 1748 1819 1811 παρ’

235 1831 552 1901 ἀνθρώποις
575 1836 804 1905 λαμπρά
829 1837 1152 1904 παραθέσει,
1175 1835 1436 1900 οὓμενουν
1462 1838 1568 1889 τῶν
1588 1837 1820 1888 εὐτελῶν

235 1925 517 1991 φαίνεται·
545 1926 717 1978 ταυτα
747 1926 855 1995 γάρ
874 1927 970 1996 τῆς
998 1928 1235 1982 ἀτάκτου
1267 1929 1359 1979 καὶ
1385 1928 1674 1994 ἀνωμάλου
1711 1929 1817 1980 τῶν

233 2016 300 2065 ἐν
328 2016 542 2080 γενέσει
577 2018 846 2084 κινήσεως
879 2017 1028 2085 δῶρα
1055 2031 1068 2044 ⁸
1099 2017 1146 2068 εί
1189 2017 1366 2069 καίτοι
1399 2017 1626 2085 λαμπρὰ
1669 2016 1820 2085 τύχοι

234 2105 518 2173 προσόντα
560 2099 639 2167 οἷς
690 2106 738 2158 εἰ
772 2107 871 2176 μέν
921 2124 1002 2168 τις
1044 2105 1289 2175 βούλοιτο
1339 2106 1574 2174 χρῆσθαι
1605 2101 1740 2158 εἷναί
1769 2123 1820 2157 τι

233 2196 503 2249 δοκοῦντα
535 2189 635 2250 ὦδε
671 2197 878 2250 τούτων
910 2199 1200 2266 ὀλιγωρία,
1230 2200 1406 2267 μάτην
1429 2198 1820 2266 λαμπρότητας

235 2289 676 2355 ἐπαγγέλλεσθαι
708 2290 1017 2355 πεφυκότα,
1054 2289 1329 2341 καὶτοῦτο
1370 2290 1412 2340 δ’
1463 2287 1528 2341 αὖ
1566 2290 1728 2342 πάλιν
1774 2292 1820 2341 εί

243 2380 349 2444 μὲν
395 2380 747 2446 ἀναπληροῦν
801 2380 1048 2449 βούλοιτο
1084 2381 1179 2449 τὴν
1224 2381 1322 2448 τῆς
1360 2380 1562 2449 ἀρετῆς
1593 2381 1818 2446 ἔνδειαν,

238 2469 392 2520 ἔστιν
422 2472 478 2521 ὲν
514 2467 593 2531 οἷς
649 2473 756 2523 τῶν
793 2474 1222 2541 ἐπαινουμένων,
1267 2474 1492 2533 είκότως
1544 2475 1607 2525 ἂν
1644 2491 1823 2541 παρα-

240 2557 655 2627 λαμϐανόμενα,
708 2561 800 2622 οὒς
851 2563 905 2614 δὲ
950 2563 1018 2613 τὰ
1055 2563 1111 2626 ἐξ
1153 2563 1362 2613 ἑαυτῶν
1417 2563 1552 2630 μόνα
1597 2566 1825 2632 κοσμεῖν

239 2649 498 2713 δύναται,
548 2651 759 2713 τούτοις
813 2653 844 2719 ἡ
893 2655 1019 2721 περὶ
1066 2651 1237 2704 ταῦτα
1283 2652 1563 2720 φιλοτιμία
1598 2658 1824 2725 περιττὴ

243 2741 689 2811 προσληφθῆναι,
723 2743 911 2812 ὥσπερ
942 2743 1008 2797 ἀν
1053 2745 1104 2795 εί
1124 2763 1206 2805 τις
1248 2744 1366 2808 ὲξόν
1395 2743 1429 2798 ἃ.
1459 2746 1622 2798 πολλὰ
1649 2763 1824 2816 χρυτα

243 2833 516 2900 κέκτηται
557 2835 722 2902 σκεύη
753 2836 1195 2904 ἐπιδεικνύμενος
1229 2838 1422 2888 ἑαυτὸν
1454 2837 1623 2900 δεῖξαι
1657 2841 1822 2890 πλου-

242 2925 447 2976 τοῦντα
479 2928 573 2977 καὶ
601 2929 899 2997 ὀστράκινα
951 2927 1233 2996 προτιθείη
1281 2931 1358 2988 εἰς
1403 2931 1587 2997 μέσον,
1625 2933 1715 2982 καὶ
1749 2930 1812 3000 δὴ

244 3018 346 3068 καὶ
376 3017 549 3078 ἄλλως
579 3021 896 3086 περιφανῶν
946 3020 1043 3088 μὲν
1095 3020 1377 3089 προγόνων
1428 3022 1524 3074 καὶ
1568 3023 1825 3092 πατρίδος

244 3108 446 3173 ὁμοίας
500 3108 719 3170 πολλοῖς
773 3109 866 3162 καὶ
917 3109 1026 3162 τῶν
1077 3110 1296 3178 φαύλων
1351 3109 1559 3180 ὑπῆρξε
1602 3115 1819 3180 τυχεῖνο

1905 563 2208 630 discipulos
2237 572 2290 614 et
2341 576 2530 614 servos
2584 571 3038 626 prmtercurrens,
3091 560 3237 613 aliud
3269 559 3473 628 aliquid

1906 663 2033 707 ante
2090 669 2152 706 ea
2187 669 2502 706 sermonum
2547 651 2964 706 fundamentum
3016 659 3204 721 ponat.
3249 652 3318 704 At
3347 665 3479 705 vero

1907 758 2014 799 tam
2057 761 2315 814 magnum
2350 746 2736 813 suppeditatur
2771 744 3209 806 fundamentum,
3247 751 3303 796 et
3341 740 3476 796 mihi

1909 838 2122 890 videtur
2152 851 2275 890 cum
2311 836 2594 904 apostolos
2640 836 2968 904 deprecatus
3015 833 3240 895 fuerim.
3287 841 3343 886 et
3391 845 3480 886 as-

1910 937 2125 979 suetum
2171 926 2272 977 hoc
2307 932 2390 976 est
2426 925 2479 977 in
2507 924 2718 991 magnis
2752 923 2939 986 rebus,
2971 923 3023 975 in
3057 923 3315 976 ulteriora
3363 937 3480 976 ser-

1914 1019 2092 1069 monis
2129 1016 2447 1084 proccdere.
2505 1013 2692 1069 Estote
2725 1029 2878 1083 ergo,
2912 1030 2944 1067 ο
2977 1014 3136 1068 Verbi
3168 1001 3473 1082 sapientes,

1910 1108 2164 1175 discipuli
2223 1117 2409 1161 vestro
2442 1105 2628 1158 afﬂatu
2675 1106 3011 1174 opitulantes
3042 1116 3095 1156 et
3122 1083 3482 1172 provocantes

1915 1216 2033 1254 mea
2065 1199 2250 1260 verba,
2288 1213 2352 1250 ne
2386 1200 2525 1250 male
2549 1212 2671 1265 qua:
2696 1198 2832 1250 bene
2859 1198 3108 1263 gessistis
3139 1196 3478 1264 perlustren-

1915 1302 2035 1357 tur;
2059 1304 2110 1346 et
2141 1295 2184 1346 si
2208 1307 2446 1360 unquam
2475 1307 2557 1344 me
2581 1291 2918 1344 laborantem
2945 1287 3198 1349 videatis,
3226 1287 3478 1340 dextram

1919 1382 2177 1450 porrigite
2211 1391 2264 1434 et
2296 1381 2637 1443 ccul‘rmate,
2674 1386 2731 1431 ut
2786 1388 2983 1432 unctor
3021 1377 3346 1428 luctatorem
3403 1373 3483 1426 la-

1919 1473 2227 1526 borantem.
2279 1470 2618 1538 Jampridem
2671 1470 2793 1538 quis
2845 1467 3220 1520 laudationum
3273 1463 3483 1532 legibus

1921 1579 2074 1625 usus,
2137 1565 2364 1632 patriam
2419 1564 2633 1615 illorum
2670 1576 2807 1628 quos
2869 1560 3152 1615 laudabat.
3215 1568 3484 1608 memora-

1919 1654 2012 1708 bat
2044 1662 2098 1708 et
2156 1669 2349 1723 genus.
2399 1653 2510 1724 Ego
2566 1668 2695 1707 vero
2745 1666 2851 1705 nou
2909 1649 3102 1717 ignoro
3163 1661 3326 1715 parva
3383 1645 3483 1698 ista

1925 1748 2184 1814 apostolis
2221 1748 2413 1808 videri,
2449 1746 2703 1814 quamvis
2739 1751 3058 1810 comparata
3090 1755 3212 1793 cum
3254 1738 3319 1790 iis
3367 1751 3486 1804 qum

1857 1849 1892 1901 Β
1925 1840 2065 1906 apud
2099 1839 2348 1892 homines
2381 1839 2661 1905 splendida
2687 1833 3042 1902 suut..lgitur
3081 1831 3266 1883 vilium
3303 1843 3484 1882 rcrmn

1925 1929 2152 1983 videtur.
2174 1929 2281 1984 lsta
2306 1931 2446 1983 enim
2479 1928 2746 1982 inconditi
2794 1924 3185 1992 iuzequalisqtze
3237 1922 3289 1974 in
3323 1934 3484 1985 gene-

1925 2024 2134 2074 ratione
2180 2031 2359 2076 motus
2405 2038 2630 2074 munera
2666 2019 2916 2088 quamvis
2973 2014 3254 2084 splendida
3317 2011 3480 2064 alicui

1927 2113 2062 2165 forte
2088 2113 2413 2166 eo:iveniant
2437 2113 2528 2180 qui
2563 2113 2639 2164 uti
2691 2112 2758 2164 iis
2795 2109 2924 2162 velit
2957 2123 3018 2160 ac
3044 2108 3096 2158 in
3139 2106 3317 2157 lucem
3359 2116 3488 2170 pro-

1927 2203 2103 2268 ferre;
2138 2213 2189 2256 et
2231 2220 2420 2256 rursus
2453 2203 2494 2255 si
2531 2203 2745 2254 virtutis
2788 2200 3049 2253 alisentire
3090 2195 3289 2248 mederi
3334 2193 3492 2260 velit,

1927 2298 2294 2358 laudationes,
2349 2303 2403 2346 ut
2446 2309 2540 2360 par
2574 2305 2678 2354 est,
2719 2299 2954 2358 accepta:
2995 2297 3047 2343 ct
3088 2296 3255 2356 grata:
3292 2292 3486 2346 erunt;

1925 2404 2065 2457 quos
2100 2403 2222 2440 vero
2251 2403 2347 2440 sua
2369 2393 2580 2439 tantum
2603 2399 2799 2436 orna"e
2821 2390 3072 2451 possunt,
3103 2381 3168 2432 iis
3203 2376 3267 2430 de
3303 2377 3387 2428 his
3409 2390 3492 2427 re-

1927 2481 2027 2535 bus
2046 2480 2268 2533 amhitio
2290 2480 2534 2539 inhaeret,
2560 2486 2618 2529 ut
2638 2477 2680 2529 si
2707 2473 2952 2543 quis,ubi
2981 2472 3102 2523 licet
3133 2469 3299 2520 multa
3322 2480 3490 2518 aurea

1927 2588 2074 2632 vasa,
2108 2587 2229 2640 qua:
2265 2571 2525 2638 possidet,
2555 2565 2846 2621 ostendere
2908 2575 2965 2616 ut
3008 2562 3252 2623 divitem,
3317 2564 3494 2610 testa-

1926 2678 2021 2717 cea
2065 2664 2117 2715 in
2161 2662 2391 2714 modium
2423 2661 2596 2727 ponit,
2637 2659 2762 2710 licet
2786 2665 2835 2709 et
2882 2655 3172 2708 illustrium
3201 2660 3490 2720 parentum

1928 2755 1997 2808 sit
2047 2755 2188 2809 ﬁlius
2233 2763 2285 2808 et
2333 2754 2501 2821 patria
2548 2749 2819 2806 communi
2856 2749 3141 2806 oriundus,
3191 2744 3283 2796 sed
3341 2756 3490 2810 prae-

1927 2845 2073 2898 clare
2129 2844 2288 2899 lactis
2349 2853 2533 2897 notus.
2590 2841 2855 2910 Equidem
2921 2837 3048 2890 nulli
3123 2836 3337 2887 illorum
3399 2830 3491 2899 qui

1929 2952 1986 2991 se
2011 2937 2233 2990 istorum
2265 2951 2444 2989 rerum
2469 2945 2680 2988 actores
2704 2931 2945 3000 praebent
2973 2932 3024 2981 iu
3052 2943 3198 2980 omni
3227 2937 3490 2992 .empore,

1929 3028 2205 3091 adlnereo,
2245 3028 2337 3081 sed
2391 3028 2760 3096 apostolorum
2795 3037 2977 3076 mores
3021 3029 3220 3073 sector.
3270 3017 3326 3070 Si
3359 3029 3491 3070 vero

1930 3117 2043 3172 haec
2079 3119 2435 3187 negligentius
2453 3118 2610 3171 alicui
2644 3124 2759 3169 acta
2786 3115 3051 3175 videntur,
3071 3111 3273 3170 audiet,
3293 3123 3488 3176 quam-

243 3199 431 3267 ἔργων
460 3201 515 3251 δὲ
543 3202 722 3254 καλῶν
757 3203 852 3253 καὶ
881 3201 1160 3260 γενναίων.
1186 3199 1461 3269 Οὗμενυυν
1501 3202 1676 3254 οὐδενὶ
1718 3203 1826 3254 τῶν
1857 3189 1903 3252 C

1820 3221 1826 3247 ν
1857 3189 1903 3252 c
1936 3215 2013 3264 vis
2065 3220 2119 3264 et
2175 3210 2288 3279 ipse
2331 3209 2645 3270 providerit,
2679 3208 2942 3261 ambobus
2981 3205 3120 3258 idem
3155 3202 3492 3271 quodAhra—

250 3291 334 3358 μὴ
363 3290 570 3342 τούτων
596 3291 932 3361 αὐτουργοὺς
956 3293 1181 3351 ἑαυτοὺς
1204 3292 1634 3360 παρασχομένων
1664 3293 1822 3360 μέχρι

249 3381 476 3444 παντὸς,
507 3381 621 3434 ἀλλ’
652 3382 793 3434 οὕτω
822 3384 918 3450 μὲν
943 3383 1054 3449 ἐγὼ
1082 3383 1303 3449 τίθεμαι
1334 3385 1463 3452 περὶ
1496 3383 1707 3435 τούτων
1729 3388 1822 3436 καὶ

1934 3300 2056 3353 liam
2108 3301 2430 3363 imp.__.tatum
2482 3315 2584 3364 es.,
2652 3297 2798 3367 quod
2852 3297 3068 3365 quidem
3136 3309 3239 3347 non
3309 3307 3488 3346 coram

1936 3390 2139 3458 ignaris
2167 3389 2532 3456 perlustrabo.

247 3477 399 3524 κατα
425 3475 549 3524 vel“:
581 3470 737 3540 οἶμαι
765 3477 878 3536 τοῖς
911 3474 1257 3538 ἀποστόλοις.
1285 3476 1346 3528 Εἰ
1370 3477 1424 3528 δέ
1462 3492 1539 3544 τῳ
1573 3478 1664 3526 καὶ
1699 3477 1869 3530 ταῦτα
1911 3481 1984 3550 μὴ
2024 3483 2373 3552 παροφθῆναι
2411 3485 2578 3546 δοκεῖ,
2615 3482 2938 3544 ἀκούσεται,
2982 3481 3160 3532 καίτοι
3199 3481 3292 3532 καὶ
3324 3479 3486 3538 αύτδς

248 3568 522 3632 προειδιῑνς
569 3569 846 3634 γενόμενος
879 3569 975 3635 μὲν
1027 3571 1230 3638 ἀμφοῖν
1260 3568 1448 3621 ταυτὸν
1481 3568 1509 3619 δ
1555 3567 1644 3620 τὸν
1697 3570 1947 3642 Ἀὖραάμ
2009 3575 2372 3646 ἐπιγράφεται
2421 3575 2706 3644 πρόγονον,
2746 3574 2771 3625 δ
2818 3574 2908 3625 καὶ
2965 3573 3135 3625 ταῦτα
3199 3573 3244 3625 δ’
3282 3574 3376 3641 οὐχ
3420 3573 3494 3631 ὼς

245 3658 506 3725 ἀγνοοῦσι
534 3659 782 3728 διέξειμι.

322 3849 422 3910 Είς
478 3848 764 3915 Αἴγυπτον
823 3848 954 3911 Θεὸς
1021 3848 1278 3912 ἐπιδόξως
1338 3848 1438 3918 μὲν
1490 3848 1823 3916 κατήγαγεν.

247 3939 634 4008 ὲπιδοξότερον
663 3939 718 3992 δὶ
750 3940 845 3992 καὶ
872 3939 1168 4007 ἀνήγαγεν,
1205 3932 1248 4005 ᾧ
1282 3938 1382 4007 τὴν
1435 3937 1710 4004 Δίγυπτον
1738 3955 1824 3990 το-

249 4034 418 4094 σάκις
465 4032 779 4100 ὲμάστιξεν,
818 4031 1010 4092 ὁσάκις
1075 4032 1168 4082 καὶ
1221 4028 1419 4099 μικροῦ
1458 4029 1657 4090 τελέως
1699 4029 1829 4081 ἑπέ-

245 4125 416 4196 τριψε
441 4127 535 4177 καὶ
570 4123 761 4192 τελείῳ
811 4124 1052 4191 παρέσχε
1084 4121 1395 4186 λογίζεσθαι
1425 4121 1522 4182 τὰς
1558 4122 1832 4188 μάστιγας

248 4216 502 4287 ἀριθμῷ,
527 4208 572 4283 ᾧ
606 4215 882 4268 θάλασσαν
911 4213 1073 4265 διεῖλε
1110 4216 1204 4266 καῖ⁶
1238 4211 1448 4281 τροφὴν
1477 4212 1682 4264 ἄνωθεν
1714 4213 1829 4277 ὗσε,

249 4309 354 4362 καὶ
406 4306 590 4368 νίκαις
627 4304 798 4356 ὲθνῶν
845 4305 937 4355 καὶ
981 4303 1248 4372 βασιλέων
1281 4305 1511 4372 ἀνέδησε
1563 4306 1657 4357 καὶ
1681 4304 1836 4374 ἥλιον

251 4398 480 4464 ἔστησε,
509 4398 603 4447 καὶ
628 4394 808 4454 πόλεις
837 4393 910 4455 ὡς
944 4395 1043 4444 οὐκ
1069 4396 1134 4446 ἀν
1163 4411 1244 4454 τις
1272 4393 1446 4463 ᾠήθη,
1477 4393 1720 4457 καθεῖλε,
1743 4396 1836 4446 καὶ

1991 3853 2051 3907 In
2079 3852 2366 3922 Egyptum
2397 3851 2539 3905 Deus
2571 3851 2859 3918 insigniter
2889 3849 3173 3912 conduxit,
3205 3849 3333 3900 item
3377 3865 3491 3901 sem

1923 3942 2112 3998 eduxit
2137 3959 2230 4011 per
2247 3958 2404 4011 quem
2425 3942 2714 4011 [Egyptum
2743 3943 2903 3993 toties
2926 3933 3253 4001 verberavit,
3277 3939 3491 4005 quoties

1925 4035 2290 4101 transgressio
2321 4042 2404 4086 est
2447 4032 2612 4095 facta,
2672 4040 2725 4084 et
2757 4030 2974 4083 demum
3015 4030 3279 4081 rationem
3339 4029 3488 4082 dedit

1934 4138 2038 4193 qua
2075 4123 2300 4176 verbera
2331 4132 2792 4184 numerarentur;
2845 4133 2952 4186 quo
2989 4132 3137 4170 mare
3193 4116 3389 4170 dividit
3443 4127 3497 4171 et

1932 4217 2112 4270 cibum
2152 4215 2389 4283 desuper
2451 4211 2607 4279 pluit,
2663 4218 2716 4263 et
2771 4211 3017 4264 victoriis
3071 4209 3395 4278 populorum
3445 4218 3500 4261 et

1932 4321 2122 4375 regum
2152 4306 2402 4374 religavit
2437 4305 2739 4365 viaculum,
2774 4313 2828 4356 et
2859 4302 3024 4354 soiein
3057 4303 3219 4364 stitit,
3247 4308 3300 4352 et
3331 4300 3496 4353 urbes

1934 4398 2256 4453 innumeras
2310 4397 2526 4458 evertit,
2557 4404 2612 4449 et
2666 4405 2866 4447 terram
2923 4407 3018 4461 per
3075 4400 3253 4446 sortes
3303 4390 3497 4444 dividit

255 4491 368 4557 γῆν
398 4489 884 4558 κατεκληρούχησε
931 4492 1028 4558 τῆς
1059 4489 1392 4556 ἐπαγγελίας
1415 4489 1510 4540 καὶ
1538 4488 1834 4559 προφητῶν
1863 4504 1913 4564 ι)

1820 4509 1834 4540 ι
1863 4504 1913 4564 ι)
1941 4489 2344 4560 promissionis,
2379 4496 2431 4540 et
2459 4487 2846 4556 prophetarum
2897 4483 3206 4536 divinorum
3265 4481 3492 4537 chorum

253 4580 423 4631 θείων
449 4581 620 4648 ἀνῆκε
653 4581 846 4649 χορόν
878 4581 938 4632 τὸ
970 4581 1229 4649 μέγιστον
1263 4581 1386 4632 ὅθεν
1413 4582 1469 4632 ὲν
1498 4581 1630 4648 ἡμῖν
1667 4581 1834 4643 αὐτὸς

255 4679 353 4729 ἐπὶ
387 4674 534 4725 τέλει
563 4675 629 4742 τῇ
658 4672 780 4724 καθ’
802 4673 952 4739 ἡμᾶς
981 4672 1142 4739 φύσει
1172 4671 1630 4740 πολιτευσάμενος
1651 4670 1832 4742 ὤφθη,

255 4766 556 4822 ἀκούσεται
618 4767 713 4817 καὶ
769 4763 1035 4830 πατρίδας
1082 4762 1159 4831 τῷ
1219 4763 1336 4831 μὲν,
1386 4763 1485 4832 τὴν
1545 4762 1835 4820 Γαλιλαίας

259 4857 569 4925 Βηθσαιδὰ,
633 4855 828 4923 Παύλῳ
888 4854 943 4906 δὲ
999 4855 1097 4923 τὴν
1161 4854 1409 4916 Κιλικίας
1467 4853 1712 4924 Ταρσόνο
1762 4847 1837 4906 ὧν

258 4950 537 5016 ἑκατέρας
597 4948 836 5016 ἑκατέρα
901 4945 1105 5014 μᾶλλον
1161 4947 1551 5015 περιφανὴς,ή
1615 4947 1712 5014 μὲν
1760 4945 1837 5014 τῷ

255 5043 501 5110 Χριστόν
563 5041 620 5090 ὲν
688 5038 824 5105 αὐτῇ
872 5037 1128 5096 πολλάκις
1177 5037 1510 5106 ἐπιδημῆσαι
1559 5039 1651 5089 καὶ
1704 5037 1837 5088 θαυ-

260 5133 459 5201 μάτων
516 5127 808 5192 ἐπιδείξεσι
861 5128 1188 5197 χρήσασθαι,
1244 5128 1372 5196 ἡδὲ
1432 5127 1509 5195 τῷ
1559 5128 1838 5196 προκαθῆ-

258 5222 395 5274 σθαι
433 5218 529 5270 τοῦ
589 5219 824 5287 θέματος
878 5223 972 5270 καὶ
1022 5218 1098 5285 τῷ
1144 5216 1436 5285 θαυμασίῳ
1483 5219 1592 5269 τῶν
1645 5219 1838 5286 τειχῶν

259 5313 545 5382 περιὸὁλῳ
573 5313 666 5364 καὶ
703 5311 781 5380 τῷ
812 5311 995 5364 διειδεῖ
1032 5314 1225 5382 Κύδνῳ
1257 5313 1318 5365 ὃν
1353 5314 1542 5374 ὁσάκις
1581 5313 1648 5365 ἂν
1679 5314 1840 5377 αὐτὸς

258 5404 502 5466 ἐπαινῶ,
531 5404 760 5467 τοσάκις
809 5405 1204 5457 ἀπολείπεσθαι
1237 5407 1333 5473 τῆς
1377 5405 1630 5474 ἀληθείας
1679 5405 1837 5458 οοκῶ.

258 5498 380 5550 Καὶ
431 5496 543 5565 γὰρ
597 5496 707 5548 οὐδ’
741 5497 959 5560 ἐξέσται
1011 5497 1264 5551 τοσοῦτον
1311 5500 1486 5550 εἰπεῖν
1537 5500 1620 5550 ἐπ’
1670 5498 1838 5568 αὐτῷ,

259 5591 392 5642 ὅσον
432 5587 783 5656 Ἀλέξανδρον
835 5588 1172 5658 ἐργάσασθαι
1208 5588 1432 5657 φέρουσι
1471 5588 1662 5657 βίϐλοι.
1702 5589 1768 5642 Τί
1797 5591 1841 5642 δ’

264 5682 334 5731 ἂν
389 5680 486 5730 καὶ
529 5679 715 5747 μεῖζον
765 5680 842 5749 τῷ
897 5682 1097 5751 ῥείθρῳ
1150 5681 1441 5750 κεχάριστο
1494 5681 1842 5750 ἢτηλικοῦδε

267 5771 543 5840 βασιλέως
581 5772 804 5841 λουτρὸν
837 5773 1058 5837 θέσθαις
1099 5774 1163 5825 Ἃ
1197 5773 1293 5836 μὲν
1327 5771 1388 5834 δὴ
1420 5772 1612 5834 γένους
1652 5791 1707 5826 τε
1750 5775 1842 5827 καὶ

1945 4579 2132 4645 misit;
2186 4586 2243 4632 at
2292 4578 2345 4630 in
2397 4577 2594 4645 primis
2641 4578 2828 4629 eadem
2875 4573 3165 4626 nobiscum
3193 4571 3496 4624 secundum

1939 4681 2193 4726 natur-am
2244 4679 2487 4724 nostram
2534 4667 2957 4721 conversatione
2990 4679 3122 4719 usus
3159 4675 3262 4717 est.
3303 4661 3502 4716 Audiet

1937 4759 2147 4829 patrias
2196 4775 2210 4810 :
2267 4758 2344 4811 illi
2401 4759 2619 4826 quidem
2681 4754 2972 4809 Bethsaida
3020 4753 3274 4816 Galilaea,
3332 4751 3502 4806 Paulo

1937 4860 2131 4907 contra
2152 4852 2206 4905 in
2234 4849 2422 4905 Cilicia
2449 4851 2712 4914 ’l'arsum;
2737 4862 2969 4916 quarum
3001 4862 3107 4900 una
3132 4848 3303 4899 altera
3329 4860 3497 4912 magis

1937 4947 2286 5014 conspicua:
2341 4945 2491 5013 prior
2517 4944 2646 5012 quia
2700 4942 2954 4995 Christus
2994 4939 3046 4992 in
3102 4940 3250 4992 illam
3301 4937 3498 5004 saepius

1938 5036 2160 5090 divertit
2201 5037 2549 5090 et-miracala
2578 5034 2747 5087 edidit
2777 5049 2789 5096 ;
2817 5033 3011 5096 altera,
3042 5031 3168 5100 quia
3198 5038 3361 5098 caput
3388 5038 3504 5081 erat

1939 5128 2259 5198 provinciae,
2293 5137 2346 5182 et
2381 5128 2518 5180 miro
2546 5127 2870 5179 maeniornm
2897 5124 3102 5177 ambitu
3134 5121 3501 5191 praecellebat,

1941 5230 1996 5275 et
2043 5222 2192 5274 claro
2253 5228 2305 5272 et
2362 5218 2608 5288 inclyte,
2666 5224 2857 5285 quam"
2887 5215 3322 5284 quotiescunque
3388 5213 3504 5279 ipse

1940 5313 2124 5375 laudo,
2145 5313 2306 5366 toties
2337 5312 2617 5366 veritatem
2641 5325 2748 5363 non
2772 5316 3062 5361 assecutus
3087 5305 3256 5358 fuisse
3287 5303 3499 5357 videor.

1942 5402 2058 5458 Non
2094 5404 2238 5458 enim
2303 5412 2513 5456 tantum
2545 5401 2728 5455 dicere
2785 5400 2853 5451 de
2888 5411 2954 5451 eo
2991 5395 3179 5449 licebit
3241 5402 3498 5462 quantum

1943 5493 2310 5548 Alexandrum
2347 5491 2544 5545 fecisse
2594 5488 2772 5541 ferunt
2820 5487 2967 5540 libri.
3019 5484 3160 5550 Quid
3223 5497 3354 5536 vero
3401 5481 3503 5536 ﬂu-

1943 5585 2075 5639 mini
2127 5584 2386 5652 majorem
2441 5583 2700 5634 honorem
2757 5578 3002 5633 conl'erat
3041 5591 3202 5645 quam
3253 5575 3396 5642 quod
3451 5575 3500 5626 in

1943 5677 2082 5729 tanti
2139 5676 2281 5744 regis
2329 5675 2581 5729 balneum
2635 5672 2936 5726 a-lhibitum
2996 5667 3147 5721 luit?
3192 5667 3322 5732 Qua:
3375 5680 3501 5718 verc-

1945 5770 2172 5825 dicenda
2221 5768 2287 5823 de
2329 5781 2529 5828 genere
2581 5773 2631 5819 et
2675 5763 2847 5820 oatz-ia
2910 5761 3120 5818 habeo.
3162 5774 3222 5812 es.
3260 5764 3312 5811 et
3349 5756 3500 5809 eli-ra
