4234 6446
705 346 846 415 1023

1959 342 2254 403 ΜΛΧῙΜΙ
2295 341 2673 403 ΡΙ-ιΛπΝυῡίΒ

3859 339 3999 404 1οΞ4

704 457 853 510 dicta
906 454 1146 509 fuissent
1184 452 1290 508 nisi
1328 451 1543 507 viderer
1587 452 1723 508 viris
1776 452 1868 522 qui
1927 453 2085 521 plura
2122 452 2289 505 etiam

2409 454 2662 522 πατρίδος
2709 455 2888 506 εἰπεῖν
2935 452 3070 524 ἔχω,
3122 451 3319 520 ταῦτα,
3369 451 3465 505 καὶ
3505 452 3679 506 πλείω
3708 451 3760 520 γ’
3800 453 3869 506 ἂν
3900 457 3999 523 ρη-

705 551 891 603 .licere
958 556 1205 618 possent,
1263 546 1538 601 mmulari.
1593 546 1692 600 Cui
1748 547 1896 599 enim
1948 559 2155 598 sensus
2207 544 2292 598 sui

707 639 884 707 ipsius
931 651 1048 700 est.
1099 655 1222 708 quae
1262 638 1520 693 oumibus
1573 639 1794 707 cognita
1846 647 1978 692 sunt
2049 653 2160 691 non
2205 654 2294 691 re-

705 739 871 797 petet,
900 730 1065 784 stulte
1093 746 1409 784 sermonem
1451 731 1504 783 in
1561 730 1721 782 aliam
1756 740 1968 799 partem
2002 728 2291 792 derivatis,

707 825 846 877 sicut
880 839 981 877 nos
1018 837 1193 892 aquas
1229 824 1336 877 alio
1371 838 1466 892 per
1516 823 1742 877 canales
1794 823 2079 876 ducimus.
2122 821 2296 890 Igitur

707 933 885 984 neque
921 916 1012 969 illa
1052 917 1278 970 silentio
1316 915 1632 985 transgredi
1660 917 1815 971 decet
1855 916 1957 969 nisi
1990 915 2142 983 prius
2177 930 2295 968 me-

705 1020 916 1063 morata
955 1013 1070 1064 sint
1102 1027 1226 1081 quae
1263 1010 1527 1064 momenti
1559 1009 1796 1078 alicujus
1828 1023 1949 1063 esse
1985 1009 2293 1068 videantur.

703 1105 880 1174 Magis
929 1107 1076 1159 enim
1126 1105 1277 1158 illinc
1322 1105 1706 1174 apostolorum
1764 1117 1978 1156 summa
2021 1101 2296 1155 industria

703 1201 852 1253 clara
895 1200 998 1253 fuit
1034 1219 1046 1252 :
1088 1200 1297 1268 quibus
1339 1212 1489 1251 mare
1539 1206 1592 1251 et
1643 1197 1779 1250 retia
1839 1211 1988 1249 cura:
2047 1196 2291 1249 fuerunt.

707 1293 908 1347 Paulus
946 1308 1078 1345 vero
1132 1293 1624 1346 tabernaculorum
1676 1290 1964 1344 confector
2015 1297 2156 1342 erat.
2197 1289 2298 1341 Ar-

705 1397 899 1454 tesque
930 1385 1039 1439 illis
1063 1385 1314 1439 innocuae
1345 1387 1514 1438 vitam
1548 1384 1960 1452 componebant
1983 1393 2037 1438 et
2067 1383 2298 1438 minime

702 1477 915 1538 otiosae,
950 1486 1020 1539 et,
1061 1485 1118 1528 ut
1145 1477 1215 1528 ita
1255 1476 1465 1540 dicam,
1498 1475 1626 1529 mali
1669 1474 1872 1529 nullius
1905 1475 2296 1543 instigatores,

705 1571 1007 1637 prudenter
1061 1580 1112 1623 et
1187 1569 1473 1622 moderate
1550 1568 1829 1622 vivebant.
1888 1566 2046 1634 Quod
2109 1567 2298 1622 evenit

705 1665 1005 1732 apostolis;
1040 1663 1084 1717 si
1122 1663 1252 1732 quis
1284 1663 1351 1716 de
1388 1661 1546 1729 plebe
1578 1675 1838 1731 magnum
1870 1661 2078 1729 aliquid
2112 1660 2299 1715 dicere

706 1757 869 1808 habet
918 1755 983 1809 de
1024 1755 1154 1819 illis,
1208 1754 1511 1822 majoribus
1565 1755 1972 1809 demonstrabit
2028 1755 2300 1824 exemplis

2400 549 2580 613 θέντα,
2612 548 2660 600 εί
2702 549 2776 620 μὴ
2827 547 3014 617 μάτην
3043 549 3268 601 ἐδόκουν
3299 546 3439 617 πρὸς
3469 545 3552 598 ἔτι
3588 545 3761 599 πλείω
3809 545 3999 613 λέγειν

2398 642 2611 704 εἰδότας
2639 640 3066 709 φιλοτιμεῖσθαι.
3095 636 3173 711 ’ᾨ
3196 640 3306 708 γάρ
3344 638 3604 706 αἴσθησις
3631 636 3828 690 ἑαυτοῦ
3851 637 4001 702 γίνε-

2397 753 2511 800 ται,
2537 736 2605 789 τά
2627 737 2763 789 πᾶσι
2784 735 2916 805 δῆλα
2942 735 3200 802 λέγοντος
3231 733 3476 803 ἐνοχλεῖν
3506 733 3611 784 οὐκ
3639 730 3878 784 ἀσύνετα
3927 730 3998 782 ἂν

2399 829 2550 898 δρῴη
2586 829 2960 899 μετοχετεύων
2993 830 3086 882 τὸν
3119 827 3279 896 λόγον
3309 825 3501 895 ὥσπερ
3531 824 3643 877 τῶν
3675 824 3886 877 ὑδάτων
3911 816 3995 885 οἷς

2398 924 2595 993 ἑτέραν
2614 923 2835 993 δίδομεν
2849 922 2944 976 νῦν
2968 922 3068 992 τὴν
3087 921 3227 974 ὁδόν.
3244 918 3478 983 Οὐκοῦν,
3496 919 3618 973 οὐδὲ
3638 918 3745 989 γάρ
3765 919 4000 970 κάκεῖνα

2403 1018 2480 1088 μὴ
2539 1016 3006 1088 μνημονεύσαντα
3060 1017 3144 1069 δεῖ
3198 1015 3515 1088 παρελθεῖν,
3578 1017 3674 1066 καὶ
3729 1015 3778 1065 εἰ
3847 1011 4002 1063 δοκεῖ

2398 1112 2510 1164 τῶν
2543 1111 2896 1180 φαυλοτέρων
2922 1109 3289 1180 παραϐαλεῖν.
3323 1109 3547 1163 Μᾶλλον
3586 1109 3694 1176 γὰρ
3739 1107 3999 1159 ἐντεῦθεν

2397 1205 2498 1273 τῆς
2536 1203 2649 1256 τῶν
2700 1204 3018 1258 ἀποστόλων
3067 1204 3272 1272 ἀρετῆς
3315 1204 3552 1269 φανερὸν
3601 1202 3662 1254 τὸ
3701 1200 4000 1270 ὑπέρμεγα

2403 1295 2483 1362 τῷ
2527 1295 2628 1364 μὲν
2653 1295 2933 1366 Θαλάσσης
2965 1297 3061 1349 καὶ
3096 1295 3336 1348 δικτύων
3370 1295 3634 1364 ἐμέλησε,
3685 1292 3897 1355 Παῦλος
3941 1293 4003 1346 δέ

2407 1384 2735 1453 σκηνοποιὸς
2757 1385 2820 1436 τὸ
2841 1385 3190 1455 ἐπιτήδευμα
3218 1380 3309 1455 ἦν,
3343 1387 3533 1454 τέχναι
3577 1401 3638 1436 τε
3667 1383 3880 1445 τούτοις
3907 1386 4003 1436 τὸν

2402 1475 2519 1545 βίον
2562 1478 2933 1548 συνεκρότουν
2965 1479 3105 1548 μήτε
3141 1481 3285 1545 πρὸς
3329 1478 3551 1532 ἀδικίαν
3610 1478 3843 1547 δρῶσαι,
3901 1479 4002 1530 καὶ

2401 1569 2601 1639 ἀργίας
2639 1571 3095 1640 ἀπηλλαγμέναι,
3123 1573 3240 1635 καὶ,
3275 1569 3352 1634 ὡς
3381 1569 3515 1634 ἔπος
3563 1573 3764 1634 εἰπεῖν,
3821 1570 4004 1623 κακοῦ

2405 1662 2506 1732 μέν
2535 1663 2750 1726 οὐδενὸς
2777 1663 2838 1716 τό
2863 1680 2927 1731 γε
2963 1663 3053 1716 ἐπ’
3087 1664 3283 1724 αὐταῖς
3324 1657 3467 1717 εἶναι
3519 1663 3858 1728 διδάσκαλοι,
3898 1681 4008 1716 σω-

2403 1757 2650 1827 φροσύνη
2679 1757 2735 1809 δέ
2768 1757 3011 1820 συζῶσαι
3045 1758 3140 1810 καὶ
3183 1757 3532 1827 μετριότητι,
3578 1757 3883 1809 κάντεῦθεν
3936 1758 4006 1827 δὴ

705 1847 908 1902 nedum
963 1848 1176 1900 minora
1205 1846 1423 1915 probet.
1466 1845 1521 1898 Si
1560 1857 1742 1898 autem
1803 1846 1902 1899 viri
1945 1845 2113 1915 aliqui
2171 1860 2299 1915 pru-

2409 1849 2696 1918 συμόαίνει
2725 1850 2838 1912 τοῖς
2865 1848 3214 1911 ἀποστόλοις,
3238 1849 3287 1901 εί
3322 1849 3423 1918 μέν
3451 1867 3538 1911 τις
3561 1849 3704 1916 μέγα
3737 1867 3789 1900 τι
3817 1849 4008 1917 λέγειν

704 1941 900 1995 dentes
949 1941 1320 1993 nietuiuerunt
1365 1949 1629 2008 quantum
1690 1939 1883 1993 mutati
1937 1939 2068 2004 sint,
2119 1954 2295 2008 quatt-

706 2046 934 2100 tumque
961 2051 989 2086 a
1026 2033 1376 2086 multitudine
1401 2033 1607 2086 distent
1641 2035 1824 2102 quoad
1880 2033 2110 2101 gloriam
2137 2041 2191 2086 et
2226 2032 2294 2086 ab

705 2127 776 2181 iis
825 2143 964 2194 quos
1029 2141 1162 2194 opes
1217 2135 1263 2179 et
1321 2127 1566 2194 potentia
1625 2125 1932 2194 impediunt
1984 2123 2289 2195 quominus

705 2224 807 2271 viae
838 2237 960 2289 qui:
999 2222 1049 2272 in
1087 2221 1286 2273 malum
1321 2219 1477 2271 ducit
1511 2218 1789 2270 insistant.

2406 1944 2471 1994 ἐκ
2508 1942 2620 1994 τῶν
2649 1941 2896 1996 κάτωθεν
2922 1942 3169 2009 ⁴ἡκόντων
3197 1942 3312 2010 έχει
3347 1942 3477 2010 περὶ
3522 1941 3708 1994 αὐτῶν
3754 1941 4009 2008 μείζοσιν

2405 2033 2833 2090 ἀποδείκνυσθαι
2867 2034 2946 2102 τῷ
2999 2034 3068 2086 τά
3112 2033 3328 2104 μεγάλα
3385 2032 3462 2102 μὴ
3509 2033 3896 2102 καταισχῦναι.
3945 2035 4010 2086 Εἰ

2405 2127 2463 2179 δέ
2511 2143 2563 2178 τι
2633 2125 2746 2177 τῶν
2798 2125 3106 2177 ἐλαττόνων
3153 2123 3711 2194 μεγίστοιςόρώντων
3743 2117 3826 2186 οἷς
3873 2124 4013 2194 όρᾷν

2405 2215 2576 2282 ἐστιν,
2594 2216 2651 2281 ἐξ
2675 2217 2803 2269 οἴων
2823 2215 3139 2286 ὁρμώμενοι
3169 2215 3280 2269 τῶν
3309 2215 3434 2268 καθ’
3459 2217 3686 2274 ἑαυτοὺς
3713 2211 3816 2269 οἶοι
3847 2235 3912 2285 γε
3924 2218 4014 2284 γό-

708 2333 854 2378 νατε,
896 2317 988 2366 καὶ
1023 2315 1245 2384 μὴνκαῖ
1279 2317 1388 2374 τοῖς
1442 2313 1540 2378 μὲν
1590 2311 1856 2381 προσοῦσι
1891 2312 2172 2380 λαμπροῖς
2225 2310 2336 2365 τῶν
2378 2314 2551 2384 μηδὲν
2599 2312 2814 2366 τοιοῦτο
2862 2314 2990 2384 περὶ
3035 2311 3216 2366 αὐτῶν
3255 2312 3568 2382 κομμάζειν
3628 2314 3867 2383 ἐχόντων
3948 2314 4013 2366 τὸ

708 2410 872 2461 πλέον
907 2407 1074 2478 ετχον,
1113 2412 1223 2469 τοῖς
1252 2408 1296 2459 δ’
1334 2410 1390 2460 ἐν
1419 2409 1542 2478 δόξῃ
1578 2407 1685 2458 τῶν
1731 2409 2095 2477 ἀσημοτέρων
2146 2407 2300 2461 οῦσιν
2341 2409 2569 2462 ἐκείνων
2634 2408 2904 2479 ἐκράτουν
2942 2401 3027 2470 οἷς
3059 2407 3294 2476 ἀφθονία
3334 2407 3436 2477 μὲν
3479 2406 3589 2461 τῶν
3676 2411 3736 2462 ὲν
3803 2410 3875 2478 γῇ
3922 2425 4016 2461 σε-

712 2507 1149 2577 μνολογημάτων
1179 2505 1246 2558 δι’
1277 2499 1349 2558 ὧν
1378 2506 1512 2574 πρὸς
1548 2506 1813 2575 οὐρανοὺς
1855 2506 2156 2572 πορευτέον
2192 2505 2513 2576 παντοδαπὴ
2543 2505 2759 2570 σπάνις.

785 2605 1044 2658 Volebam
1086 2613 1140 2658 et
1197 2604 1333 2658 illud
1372 2605 1633 2671 adjicere,
1684 2604 1831 2671 quod
1899 2604 2122 2672 quidem
2191 2618 2300 2658 non

711 2701 852 2752 citra
897 2698 1239 2767 propesitum
1291 2696 1460 2759 cadit,
1517 2696 1726 2749 scilicet
1766 2697 1993 2750 Paulum
2043 2706 2299 2750 ornatum

712 2795 883 2845 tuisse
913 2791 1057 2859 apud
1111 2789 1384 2844 ltomauos
1433 2791 1555 2860 jure
1593 2790 1862 2855 civitatis,
1924 2789 2018 2857 qui
2079 2789 2300 2858 quidem

711 2887 988 2939 maximus
1025 2895 1110 2940 est
1165 2887 1414 2938 omnium
1479 2885 1728 2938 civilium
1786 2884 2106 2938 honmum:
2153 2879 2300 2951 quod

716 2995 839 3031 cum
871 2979 1070 3032 Scirem
1125 2976 1347 3030 Petrum
1399 2991 1506 3029 non
1553 2977 1811 3045 adeptum
1847 2974 2041 3038 fuisse,
2074 2975 2185 3028 vidi
2215 2990 2302 3029 me

713 3073 893 3140 ipsum
914 3073 967 3124 iu
995 3071 1283 3140 angustias
1312 3070 1638 3132 adductum,
1673 3069 1718 3123 si
1747 3078 2003 3138 oporteat
2027 3070 2093 3123 de
2124 3069 2301 3124 altero

713 3165 920 3235 aliquid
955 3164 1211 3231 speciose
1243 3163 1387 3231 loqui
1414 3162 1562 3232 quod
1605 3179 1710 3215 non
1746 3162 1932 3216 statim
1962 3162 2120 3215 alteri
2158 3161 2300 3216 foret

2488 2602 2828 2674 Ἐϐουλόμην
2875 2604 3104 2656 κακεῖνο
3157 2601 3480 2673 προσθεῖναι
3517 2603 3612 2655 οὐδ
3638 2603 3772 2655 αὐτὸ
3804 2603 4008 2674 καιροῦ

2408 2702 2609 2754 πῖπτον
2629 2701 2754 2764 ἔξω,
2775 2701 2836 2753 τὸ
2860 2701 2952 2753 τὸν
2979 2700 3194 2753 Παῦλον
3239 2699 3625 2770 ἐγγεγράφθαι
3673 2699 3876 2768 δηλαδὴ
3907 2696 4011 2750 καὶ

2406 2796 2472 2862 τῇ
2499 2793 2745 2862 πολιτείᾳ
2773 2787 3109 2868 Ῥωμαίωνῇ
3139 2791 3376 2861 μέγιστα
3399 2792 3508 2846 τῶν
3527 2811 3585 2846 τε
3609 2792 3890 2862 πανταχοῦ
3914 2811 4014 2862 τη-

2409 2885 2593 2938 νικάδε
2618 2887 2712 2939 καὶ
2732 2886 2831 2938 ὃσα
2854 2885 3114 2954 γεγόνασι
3139 2887 3206 2940 τὰ
3227 2884 3508 2956 πρεσὸεῖα,
3541 2884 3698 2946 είδὼς
3722 2885 3778 2938 δέ
3807 2885 3882 2954 μὴ
3907 2885 4010 2939 καὶ

2407 2977 2486 3046 τῷ
2503 2977 2698 3048 Πέτρῳ
2720 2975 2879 3030 τοῦτο
2903 2975 3310 3044 πεπορισμένον
3334 2974 3750 3045 ἀπειλημμένον
3772 2974 4011 3027 έδλεπον

2413 3070 2674 3139 ἐμαυτὸν,
2707 3072 2755 3122 εί
2785 3070 2892 3141 χρὴ
2928 3069 3062 3141 περὶ
3093 3069 3323 3138 θατέρου
3355 3087 3406 3122 τι
3457 3069 3812 3139 σεμνολογεῖν
3863 3070 4010 3138 ὅπερ

2407 3166 2509 3219 οὐκ
2569 3164 2637 3218 ἂν
2692 3165 2788 3217 καὶ
2832 3164 3046 3232 θατέρῳ
3097 3163 3303 3233 κόσμος
3354 3161 3517 3226 εὐθὺς
3569 3165 3682 3232 εἴη,
3717 3161 3908 3216 Ταῦτα
3942 3161 4012 3232 δή

713 3265 1066 3311 ornamento.
1144 3253 1281 3309 Cum
1341 3256 1443 3308 ista
1513 3255 1566 3307 in
1633 3263 1814 3308 mente
1869 3254 2189 3318 volvercm,
2246 3265 2300 3308 et

2411 3275 2502 3326 μοι
2534 3256 2681 3310 κατά
2742 3255 2869 3309 νοῦν
2895 3256 3232 3309 ἀνελίττοντι
3277 3256 3374 3308 καὶ
3413 3256 3520 3324 ὅπη
3551 3257 3860 3324 τράπωμαι
3892 3258 4015 3318 τοῖς

712 3366 823 3418 quo
867 3365 952 3402 me
1004 3358 1382 3403 cooverterem
1445 3349 1742 3411 nescirem,
1793 3345 1989 3401 Petrus
2078 3347 2306 3401 clancu-

716 3443 826 3495 lum
858 3442 1221 3511 interpellans
1245 3459 1256 3492 :
1284 3439 1399 3503 Dic,
1433 3440 1634 3508 inquit,
1660 3455 1758 3508 pro
1785 3441 1889 3493 hoc
1919 3453 2029 3492 uno
2057 3439 2225 3492 multa
2253 3447 2306 3492 te

722 3544 766 3587 ut
803 3550 995 3603 magna
1025 3534 1322 3597 audivisse,
1368 3533 1579 3588 scilicet
1611 3532 1896 3587 coucivem
1951 3548 2038 3587 me
2092 3531 2302 3586 (lhristi

728 3631 916 3694 fuisse,
946 3641 1001 3683 et
1047 3628 1200 3682 illum
1243 3629 1295 3682 in
1358 3642 1536 3682 meam
1595 3628 1819 3681 domum
1875 3626 2180 3696 excepisse,
2248 3635 2304 3681 et

718 3722 998 3791 accepisse
1033 3722 1196 3776 robur
1223 3721 1503 3791 pantherae
1546 3735 1611 3774 ex
1668 3718 1974 3773 Salvatoris
2006 3727 2292 3774 contactu.

723 3814 863 3868 Dicit
890 3826 943 3868 et
971 3814 1061 3868 ille
1093 3813 1227 3868 milii
1259 3812 1467 3880 aliquid
1519 3813 1821 3866 maximum
1856 3811 2001 3866 unde
2028 3811 2156 3881 quis
2192 3812 2308 3881 glo-

720 3909 893 3962 rietur
925 3917 977 3960 et
997 3905 1288 3961 sublimius
1319 3919 1483 3975 quam
1529 3903 1574 3960 si
1601 3904 1728 3974 quis
1759 3903 1947 3959 decies
1976 3903 2189 3974 millies
2250 3902 2306 3958 in

717 4001 807 4070 ius
831 3999 1075 4053 civitatis
1099 3997 1364 4052 Romanae
1396 3996 1560 4052 fuerit
1585 4011 1879 4052 accensus.
1899 3994 1955 4050 Si
1986 4011 2112 4051 sero
2138 3997 2220 4050 vis
2249 4003 2306 4049 et

721 4109 972 4164 regnare,
1010 4093 1278 4147 tributum
1313 4090 1482 4146 simul
1535 4091 1711 4160 pende
1743 4091 1858 4160 regi
1897 4091 2168 4144 omnium.
2204 4091 2310 4144 lte-

718 4195 946 4240 creatus
992 4185 1067 4238 lui
1101 4185 1284 4239 statim
1328 4187 1433 4239 ista
1468 4183 1740 4238 audiens:
1774 4183 1869 4237 sed
1900 4183 2064 4252 paulo
2095 4192 2222 4252 post
2251 4183 2306 4237 in

728 4278 967 4347 majores
1021 4293 1218 4333 rursus
1261 4292 1424 4347 quam
1475 4276 1631 4345 prius
1689 4276 1979 4346 angustias
2031 4275 2222 4338 incidi,
2254 4285 2311 4331 et

725 4371 854 4425 hinc
885 4369 1059 4424 multo
1087 4371 1271 4424 minus
1296 4369 1585 4423 videbatur
1637 4368 1788 4439 quod
1821 4370 1887 4423 ad
1920 4367 2147 4422 Paulum
2188 4382 2311 4438 per-

726 4467 959 4527 tiuebat,
991 4479 1154 4534 quam
1206 4473 1391 4517 antea.
1422 4464 1533 4531 Ego
1569 4476 1700 4517 vero
1732 4476 1794 4515 ea
1829 4473 2010 4516 mente
2037 4475 2212 4523 eram.
2249 4469 2310 4515 ut

2408 3350 2550 3412 ὅλοις
2579 3348 2958 3419 ἀμηχανοῦντι
3001 3347 3207 3418 Πέτρος
3244 3348 3410 3401 ποθὲν
3435 3348 3662 3416 ἀφανῶς
3699 3345 4009 3417 ἐπικύψας,

2410 3444 2574 3511 Λέγε,
2633 3443 2826 3513 φησὶν,
2864 3441 2986 3495 ἀνθ’
3025 3440 3148 3504 ἐνὸς
3193 3440 3385 3494 τούτου
3423 3441 3596 3494 πολλά
3640 3442 3737 3493 καὶ
3789 3442 4016 3509 μεγάλα

2409 3535 2644 3588 ἀκοῦσαι
2673 3536 2732 3588 τὸ
2761 3533 3304 3604 συμπολιτεύσασθαί
3338 3552 3406 3605 με
3433 3534 3659 3605 Χριστῷ
3695 3535 3792 3588 κα)¹
3817 3532 4016 3587 τοῦτον

2413 3629 2492 3690 εἰς
2515 3627 2612 3697 τὴν
2647 3626 2894 3696 ἐμαυτοῦ
2940 3626 3125 3680 οἰκίαν
3159 3627 3513 3691 είσδέξασθαι
3547 3628 3646 3681 καὶ
3684 3628 3786 3698 τὴν
3837 3627 4016 3698 ῥῶσιν

2408 3722 2507 3790 τῆς
2563 3719 2845 3790 πανθήρας
2893 3722 2960 3790 τῇ
3008 3719 3104 3774 τοῦ
3159 3719 3418 3789 Σωτῆρος
3442 3721 3582 3791 ἀφῇ,
3617 3719 3770 3788 λέγει
3827 3721 3928 3772 καὶ
3982 3720 4013 3772 δ

2411 3815 2634 3869 πάντων
2685 3814 2812 3884 ἐμοὶ
2867 3813 3127 3882 μέγιστον
3164 3812 3393 3882 αὔχημα
3449 3813 3545 3866 καὶ
3600 3812 3948 3884 ὑψηλότερον
3981 3815 4015 3884 ἢ

2414 3907 2678 3978 μυριάκις
2710 3909 2792 3970 είς
2823 3905 3115 3975 Ῥωμαίων
3142 3905 3426 3960 πολιτείαν
3460 3906 3660 3960 τελεῖν.
3695 3907 3758 3960 Et
3790 3908 3849 3959 δέ
3879 3907 4014 3975 βού-

2410 4003 2493 4055 λει
2528 4002 2623 4055 καὶ
2670 3999 2984 4069 βασιλεύειν
3028 3999 3090 4052 τὸ
3133 4000 3448 4053 συντελέσαι
3502 4001 3571 4054 τὰ
3619 4001 3898 4071 δίδραχμα
3931 4003 4014 4071 τῷ

2415 4094 2629 4165 βασιλεῖ
2675 4095 2772 4149 τοῦ
2832 4094 3070 4156 παντός’
3129 4091 3370 4161 ἀνέψυξα
3435 4093 3535 4162 μὲν
3595 4094 3798 4147 αὐτίκα
3859 4096 4016 4165 μάλα

2411 4189 2620 4243 τούτων
2660 4189 2940 4252 ἀκούσας·
2978 4185 3180 4258 μικροῦ
3211 4187 3268 4240 δὲ
3311 4185 3653 4250 διαλιπόντος
3710 4187 3793 4250 είς
3838 4189 4019 4257 μείζω

2414 4283 2579 4337 πάλιν
2617 4283 2650 4353 ἢ
2681 4282 2826 4336 κατὰ
2849 4282 2952 4350 τὴν
2983 4280 3260 4352 προτέραν
3284 4281 3524 4349 ἀπορίαν
3556 4279 4014 4348 συνηλαυνόμην,

2414 4376 2509 4431 καί
2571 4393 2663 4446 μοι
2716 4374 2929 4428 ἐνθένδε
2985 4371 3165 4443 πολλῷ
3218 4373 3442 4426 ἔλαττον
3474 4371 3652 4425 ἐδόκει
3677 4372 3739 4424 τὸ
3790 4372 4016 4426 Παύλου

2413 4469 2448 4540 ἢ
2491 4468 2762 4540 πρότερον
2797 4467 3004 4537 μεῖζον.
3041 4465 3186 4534 Ἐγὼ
3234 4465 3290 4518 δὲ
3331 4463 3562 4536 γνώμης
3600 4457 3671 4534 ἦν
3725 4465 3842 4526 τοῖς
3875 4466 4018 4528 ῖσοις

726 4557 934 4624 pariter
959 4557 1123 4609 ambo
1157 4556 1487 4625 spectabiles
1529 4555 1877 4608 viderentur.
1938 4552 2055 4608 Huc
2101 4553 2300 4618 venite,

2420 4561 2591 4634 ἄμφω
2634 4561 3155 4631 καλλωπιζομένους
3199 4561 3463 4629 φανῆναι.
3493 4558 3655 4628 Δεῦρ’
3703 4557 3784 4612 ῖτε
3817 4557 3886 4628 δὴ
3925 4559 4021 4610 καὶ

731 4667 825 4706 vos
856 4664 1096 4721 quoque,
1149 4651 1240 4717 qui
1283 4648 1531 4715 adestis;
1575 4657 1632 4704 et
1674 4648 1973 4717 precemiui
2020 4656 2077 4702 ut
2136 4649 2311 4718 quod-

726 4761 943 4814 cunque
973 4761 1080 4799 non
1110 4753 1270 4798 ornet
1293 4757 1630 4806 sermonem,
1656 4742 1907 4806 decedat,
1948 4751 2002 4796 et
2034 4743 2311 4797 ostendite

731 4836 885 4892 Pauli
923 4835 1142 4904 quidem
1178 4835 1230 4888 id
1270 4833 1521 4888 futurum
1559 4835 1734 4891 fuisse
1763 4836 1910 4905 quod
1934 4833 2084 4890 Petri
2121 4835 2224 4890 fuit
2263 4833 2312 4889 si

736 4923 812 4977 illi
849 4922 1100 4977 licuisset
1128 4920 1350 4976 Galilzea
1407 4935 1506 4992 pro
1539 4925 1715 4993 patria
1749 4926 1872 4989 uti;
1922 4923 2085 4980 Petro
2124 4934 2309 4981 autem

738 5017 815 5070 nil
845 5031 971 5070 cum
1003 5015 1179 5070 Paulo
1213 5029 1506 5072 commune
1541 5017 1664 5071 fuit.
1700 5016 1886 5088 Neque
1924 5020 2067 5074 enim
2113 5020 2166 5074 id
2220 5036 2316 5090 pa-

733 5111 1053 5165 trimonium
1104 5109 1341 5164 habebat
1406 5120 1464 5164 ut
1495 5112 1549 5165 in
1598 5128 1884 5167 numerum
1921 5124 2313 5169 aceenseretur

730 5205 932 5258 civium
991 5204 1396 5261 Romanorum.
1455 5205 1512 5260 Si
1551 5221 1678 5260 vero
1728 5221 1848 5276 qua:
1917 5208 2135 5276 utrique
2174 5221 2313 5277 quo-

733 5300 917 5354 tannis
949 5299 1220 5362 redibant,
1263 5300 1472 5354 maiora
1509 5299 1665 5354 Petro
1698 5311 1899 5354 erant:
1949 5299 2004 5354 in
2033 5299 2316 5354 communi

741 5400 1008 5461 egestate,
1036 5392 1253 5446 facilius
1273 5391 1495 5462 quidem
1527 5392 1725 5447 Petrus
1748 5407 1910 5462 quam
1938 5391 2142 5446 Paulus
2167 5391 2314 5462 quod

737 5484 924 5538 deerat
981 5485 1396 5550 resarcivisset,
1444 5488 1589 5555 quod
1636 5487 1738 5540 fuit
1783 5486 2243 5541 demonstratum.

819 5575 986 5630 Detur
1031 5575 1120 5629 liic
1155 5576 1423 5645 apostolis
1478 5592 1576 5646 par
1632 5579 1836 5641 honor;
1892 5585 1948 5630 et
1985 5579 2128 5647 quod
2179 5576 2322 5630 alter

744 5669 974 5723 alterum
1033 5676 1257 5736 superat
1294 5683 1393 5735 pro
1429 5675 1581 5735 parte
1609 5668 1846 5738 singula,
1897 5678 1952 5722 et
1983 5667 2129 5735 quod
2160 5682 2326 5735 supe-

747 5769 924 5823 ratur,
962 5760 1223 5830 :eqnalcm
1261 5774 1496 5828 pugnam
1557 5760 1733 5814 sistat.
1770 5764 2025 5814 Attamen
2079 5775 2187 5813 non
2230 5759 2328 5813 ob-

741 5870 968 5910 aCUTlllll
1010 5861 1093 5907 est
1129 5853 1508 5908 necessitatem
1545 5854 1676 5908 mibi
1710 5870 1834 5908 cum
1884 5853 2106 5908 laudare
2150 5869 2330 5922 cmpe-

2420 4659 2596 4728 ὑμεῖς,
2633 4649 2679 4710 ὦ
2724 4653 3015 4724 παρόντες,
3049 4651 3355 4722 συνάρασθέ
3393 4669 3483 4721 μοι
3535 4649 3633 4702 τοῦ
3690 4648 3767 4718 μὴ
3813 4651 4020 4703 σκευά-

2418 4751 2580 4815 ζοντα
2609 4750 2701 4802 τδν
2726 4748 2882 4816 λόγον
2907 4745 3389 4807 καταπεσεῖνμκαὶ
3419 4743 3636 4808 δείξατε
3673 4741 3883 4812 Παύλῳ
3913 4743 4015 4810 μὲν

2417 4844 2484 4898 ἀν
2536 4839 2780 4911 ὑπάρξαι
2814 4841 2909 4892 καὶ
2956 4838 3024 4891 τά
3053 4836 3132 4908 τῷ
3176 4839 3392 4907 Πέτρῳ,
3422 4835 3586 4905 εἴπερ
3616 4831 3687 4906 ἦν
3717 4836 3818 4888 καὶ
3864 4835 4018 4904 αὐτῷ

2419 4933 2643 5004 πατρίδι
2677 4935 2742 5003 τῇ
2783 4929 3049 5000 Γαλιλαίᾳ
3095 4929 3357 5000 χρῆσθαι,
3395 4927 3586 4997 Πέτρῳ
3636 4927 3694 4980 δὲ
3747 4927 3811 4979 οὐ
3873 4931 4018 4981 πάνυ

2421 5045 2476 5079 τι
2509 5025 2581 5079 τὰ
2630 5024 2709 5094 τῷ
2767 5022 2988 5093 Παύλῳ.
3041 5021 3180 5075 Οὐδὲ
3232 5021 3345 5089 γὰρ
3395 5019 3655 5088 τοιαύτην
3706 5017 3854 5072 οῐκοι
3917 5019 4019 5090 τὴν

2423 5121 2724 5190 εὐκληρὶαν
2771 5118 2998 5190 ἐμέτρει
3056 5115 3133 5179 ὡς
3197 5116 3265 5168 ἐκ
3321 5112 3416 5167 τοῦ
3476 5113 3680 5184 ῥᾴστου
3736 5111 3893 5182 ἔχειν
3938 5113 4019 5174 εἰς

2423 5211 2660 5284 ἀριθμὸν
2709 5209 3011 5279 ἐτασθῆναι
3048 5207 3370 5275 Ῥωμαίων.
3413 5205 3478 5259 Et
3515 5204 3574 5258 δέ
3620 5203 3732 5258 τῶν
3778 5206 4021 5274 προσόν·

2424 5323 2535 5360 των
2566 5304 2840 5374 ἐκατέρῳ,
2877 5301 3052 5371 μείζω
3099 5301 3200 5370 μὲν
3233 5300 3303 5353 τά
3345 5298 3425 5370 τῷ
3454 5297 3673 5368 Πέτρῳ,
3702 5289 3782 5350 ὧν
3807 5297 3854 5348 δ’
3889 5297 4021 5351 ἐκά-

2428 5414 2585 5466 τερος
2616 5396 2822 5465 ἐνδεὴς,
2845 5395 2976 5464 ῥᾷον
3006 5392 3073 5446 ἂν
3099 5393 3306 5462 Πέτρος
3336 5390 3372 5461 ἢ
3399 5389 3614 5453 Παῦλος
3645 5389 4020 5461 ἀνεπλήρωσε

2429 5489 2491 5541 τὸ
2519 5487 2719 5552 ἐνδέον,
2765 5487 2861 5540 καὶ
2899 5484 3046 5538 τοῦτ’
3091 5483 3330 5554 ἐδείχθη.

2502 5577 2723 5648 Δοθήτω
2748 5579 2861 5640 τοῖς
2882 5577 3207 5640 ἀποστόλοις
3233 5574 3515 5631 κάνταῦθα
3532 5575 3596 5628 τδ
3615 5573 3822 5644 σεμνδν
3842 5574 3908 5628 ἐκ
3930 5572 4020 5627 τοῦ

2435 5672 2554 5725 ῖσου
2589 5672 2685 5723 καὶ
2707 5671 2766 5723 τὸ
2801 5670 3094 5740 ὑπερέχειν
3123 5668 3373 5739 ἀλλήλων
3399 5670 3460 5722 ἐν
3494 5668 3654 5738 μέρει
3681 5667 3778 5718 καὶ
3815 5666 4020 5734 ὑπερέ-

2437 5761 2630 5831 χεσθαι
2661 5761 2894 5830 ἰσοπαλῆ
2922 5761 3023 5831 τὴν
3051 5762 3210 5830 νίκην
3259 5761 3484 5814 ἱστάτω.
3536 5757 3652 5812 Ούκ
3683 5757 3890 5826 ἄδηλον
3925 5758 4020 5825 μὲν

2439 5853 2530 5905 οὖν
2555 5853 2628 5916 ὼς
2655 5854 2865 5922 ἀνάγκη
2892 5871 2981 5923 μοι
3002 5856 3148 5905 πᾶσα
3174 5854 3284 5914 τοῖς
3305 5848 3601 5919 Ξγκωμίοις
3618 5845 3795 5917 ἀρχὴν
3821 5848 4021 5901 ἐνδύντι
