4234 6446
242 429 267 490 1
281 427 389 488 029

1298 429 1703 492 ENCOMIUM
1738 431 1847 489 SS.
1893 433 2116 492 PETRI
2151 434 2247 492 ET
2289 435 2535 496 PAULI.

3376 438 3513 500 1030

239 537 675 608 περιστήσαντα,
715 537 855 590 ἀλλὰ
883 537 976 591 καὶ
1010 539 1134 600 τοὺς
1168 540 1366 603 ἄλλους
1403 543 1568 612 μηδὲν
1599 540 1738 596 εἶναι
1767 545 1827 596 τὸ

1939 544 2282 597 sacerdotum
2316 546 2661 615 principibus
2699 557 2859 615 prout
2891 547 3108 602 volebat
3162 547 3509 617 adjutoribus

242 628 497 681 εὐσεϐεῖν
542 631 930 691 ἀναπείσαντα,
966 631 1019 683 εῖ
1063 647 1146 693 τις
1194 633 1268 700 μὴ
1317 632 1390 703 τῷ
1439 635 1587 704 νόμῳ
1617 636 1830 706 χαίρειν

243 719 447 786 εἰπὼν,
495 723 608 784 τοῖς
662 723 874 775 ἐκείνου
925 723 1109 791 νόμοις
1160 726 1444 795 προσέχοι,
1486 728 1574 778 καὶ
1624 729 1687 797 δὴ
1738 730 1832 780 καὶ

247 813 396 866 κατὰ
425 814 536 865 τῶν
571 814 766 884 ἐκείνῳ
803 818 1318 886 πρσκεχωρηκνῐτων
1369 819 1561 885 φωνῶν
1597 820 1704 889 ᾔει,
1740 822 1832 872 καὶ

242 905 313 958 δι’
339 904 368 956 ὃ
393 905 564 958 ταῦτα
593 905 670 968 ὡς
712 906 934 975 εὔλογον
961 924 976 939 ⁸
1014 909 1152 977 ὑπὲρ
1183 909 1319 961 Θεοῦ
1360 912 1465 980 γὰρ
1502 912 1534 982 η
1565 915 1708 980 μάχη
1739 919 1833 966 καὶ

249 999 363 1050 τῶν
392 1001 636 1068 πατρίων
662 1001 696 1053 ὃ.
731 1004 927 1067 γνόφος
954 1003 1048 1055 καὶ
1078 1003 1224 1070 πυρὰ
1256 1008 1350 1056 καὶ
1399 1003 1619 1073 βρονταὶ
1647 1007 1834 1058 Θεόοεν

244 1092 307 1154 ἑξ
338 1091 500 1160 ὄρους
551 1093 865 1162 κυρώθέντα
901 1095 1285 1162 κατέπεμψαν,
1318 1096 1454 1164 πλὴν
1497 1099 1524 1149 ὃ
1556 1113 1614 1163 γε
1658 1099 1835 1150 τοιοῦ-

245 1201 362 1247 τος,
397 1184 500 1235 κᾶν
535 1184 610 1251 τῷ
639 1185 830 1253 Σαύὶῳ
863 1185 954 1236 τὸν
985 1186 1195 1240 Παῦλον
1245 1187 1546 1253 ὑπέφαινεν
1586 1187 1698 1253 οἷος
1739 1193 1834 1244 καὶ

247 1274 343 1327 τὸν
392 1275 534 1342 ὑπὲρ
593 1275 833 1343 Χριστοῦ
894 1277 1058 1345 ζῆλον
1112 1279 1438 1347 θερμανθεὶς
1486 1280 1662 1345 ἔσται,
1722 1285 1835 1346 ῐσος

253 1364 360 1432 μὲν
411 1365 593 1436 ἑαυτῷ
627 1366 717 1419 τὸν
769 1368 930 1436 ζῆλον
962 1371 1019 1421 ἑν
1047 1371 1357 1440 ἑκατέροις,
1404 1370 1481 1440 τῷ
1511 1373 1565 1424 δὲ
1597 1373 1834 1444 δευτέρῳ

247 1459 348 1509 καὶ
382 1460 698 1526 προστιθεὶς
727 1462 823 1529 τὴν
867 1463 1166 1529 ἐπίγνωσιν
1199 1463 1293 1516 καὶ
1324 1467 1436 1526 τοῖς
1478 1465 1835 1519 πιστεύσασιν

248 1548 332 1609 εἰς
364 1551 424 1600 τὸ
456 1551 574 1602 δέον
600 1549 743 1604 ᾶπαν
773 1552 1078 1620 γινόμενος,
1114 1557 1204 1606 καὶ
1239 1554 1347 1623 μὴν
1384 1557 1559 1608 καὶτὸ
1592 1558 1834 1627 προστά-

256 1656 352 1707 την
387 1641 491 1706 μὲν
525 1645 618 1694 καὶ
650 1644 949 1712 συνήγορον
992 1639 1133 1697 εἶναι
1162 1646 1256 1698 τοῦ
1290 1648 1455 1715 νόμου
1484 1651 1576 1700 καὶ
1600 1650 1698 1717 τὴν
1741 1649 1838 1701 Ἰε-

249 1730 535 1800 ρουσαλὴμ
560 1733 899 1802 ὁρμητήριον
934 1733 1097 1802 ἔχειν,
1125 1735 1182 1787 οὗ
1209 1735 1444 1803 μάλιστα
1480 1738 1698 1789 πάντων
1726 1738 1838 1790 ἐδό-

244 1839 337 1874 κει
365 1828 433 1874 τα
455 1823 834 1892 καθεστηκότα
857 1829 1078 1894 κρατεῖν
1104 1828 1198 1880 καὶ
1228 1831 1338 1890 τοῖς
1369 1830 1685 1898 ἀρχιερεῦσι
1712 1829 1835 1881 καθ’

1941 637 2195 688 utebatur
2222 655 2233 689 :
2263 649 2314 689 at
2339 638 2427 690 illa
2455 638 2638 690 omnia
2669 652 2771 690 non
2792 639 3150 706 impedierunt
3182 640 3313 707 quin
3347 658 3509 696 γονε-

1939 727 2139 780 tionem
2179 740 2638 795 sequeretur......
2686 728 2821 794 Quis
2855 745 2961 782 non
3005 731 3292 799 perculsus
3324 734 3511 787 venia-

1938 820 2004 872 lia
2049 821 2394 873 erubesceret
2439 821 2616 874 facere
2662 821 2938 875 Paulum?
2968 832 3116 876 certe
3157 823 3298 878 Deus
3333 825 3506 886 solus,

1939 911 2221 962 hominum
2278 911 2422 964 enim
2476 913 2656 966 nullus
2712 911 3395 981 palinodiamwantasset.
3456 928 3511 969 et

1938 1005 2212 1056 contraria
2246 1006 2535 1058 contrariis
2559 1012 2833 1069 sanasset,
2869 1012 2920 1057 et
2954 1005 3136 1059 lumen
3163 1005 3420 1074 desuper,
3456 1016 3510 1059 et

1937 1096 2154 1149 vocatio
2198 1095 2343 1150 inde.
2399 1095 2490 1150 Sic
2531 1107 2586 1149 et
2630 1111 2797 1151 ruens
2843 1097 3116 1150 violenter
3175 1095 3374 1151 [lumen
3407 1114 3508 1152 nec

1939 1188 2124 1241 decem
2171 1203 2429 1242 manuum
2479 1188 2646 1241 millia
2691 1198 2997 1242 retrorsum
3041 1197 3321 1257 cogerent.
3367 1189 3511 1243 Deus

1940 1292 2066 1330 vero
2102 1277 2426 1346 jampridem
2470 1279 2672 1331 dicitur
2703 1278 2838 1330 illud
2871 1279 3199 1332 miraculum
3236 1279 3508 1342 ell'eeisse,

1938 1377 1994 1421 et.
2023 1385 2239 1436 semper
2261 1379 2406 1422 certe
2424 1371 2605 1422 facere
2632 1370 2773 1422 idem
2803 1385 2960 1438 posse
2990 1371 3258 1424 creditur.
3284 1369 3347 1426 Et
3381 1373 3514 1424 ado-

1940 1456 2234 1510 lescentem
2268 1457 2494 1510 Paulum
2540 1467 2594 1511 et
2620 1460 2899 1526 juvenem,
2939 1461 3112 1513 virum
3165 1463 3514 1517 demonstra-

1939 1550 2016 1602 vit
2047 1567 2060 1602 :
2103 1565 2210 1604 non
2241 1551 2388 1605 enim
2418 1560 2528 1605 tam
2585 1551 2747 1606 facile
2772 1569 3000 1621 serpens
3022 1556 3184 1608 simul
3217 1571 3341 1610 cum
3373 1559 3514 1626 pelle

1941 1650 2275 1695 senectutem
2306 1643 2548 1710 deponit.
2582 1660 2744 1712 quam
2787 1645 2990 1699 Paulus
3044 1663 3165 1700 eum
3196 1648 3330 1718 legis
3362 1659 3515 1704 vetu-

1940 1743 2082 1788 state
2139 1744 2195 1789 et
2251 1745 2489 1789 veterem
2579 1737 2857 1792 hominem
2920 1740 3196 1809 deposuit.
3259 1741 3512 1797 Procedit

1942 1827 2110 1894 igitur
2131 1828 2575 1881 conciliationem
2612 1829 2841 1891 faciens.
2863 1845 2974 1884 non
3001 1833 3103 1886 sibi
3131 1833 3378 1901 quidem,
3411 1835 3515 1890 hoc

243 1915 272 1966 ὅ
299 1931 351 1967 τι
379 1915 447 1968 ἂν
476 1915 731 1985 βούληται
766 1919 1046 1987 συνεργοῖς
1089 1920 1348 1988 χρῆσθαι,
1382 1922 1548 1988 μηδὲν
1578 1922 1632 1973 δὲ
1665 1925 1835 1975 ταῦτα

1944 1921 2087 1971 enim
2150 1921 2446 1973 multorum
2497 1931 2601 1980 est,
2663 1921 2756 1974 sed
2817 1923 3244 1992 quibuscunque
3308 1929 3508 1981 malum

243 2006 426 2059 πάντα
449 2008 586 2077 πρὸς
608 2009 706 2079 τὴν
739 2008 932 2079 κλῆσιν
959 2011 1211 2078 ἐμποδὼν
1243 2013 1391 2082 αὑτῷ
1422 2015 1704 2080 γέγονε....
1735 2016 1832 2079 Τίς

244 2099 352 2151 οὐκ
384 2100 448 2151 ἂν
481 2100 779 2166 ἐκπλαγεὶς
828 2105 1154 2168 συγγνωστὰ
1184 2103 1369 2174 ὀκνοίη
1399 2109 1594 2168 ποιεῖν,
1623 2108 1834 2159 Παῦλον

242 2189 433 2258 ὀκνοίη
493 2191 556 2257 γέ
617 2208 699 2243 τοι
735 2193 867 2253 Θεὸς
922 2196 1106 2262 μόνος,
1146 2195 1452 2265 ἀνθρώπων
1499 2199 1610 2267 γὰρ
1644 2199 1709 2252 ἂν
1743 2202 1836 2252 οὺ-

243 2282 359 2343 δεὶς
413 2283 748 2351 παλινῳδίαν
791 2286 1046 2354 ἐποίησεν
1078 2287 1250 2356 ᾄδειν,
1301 2291 1393 2340 καὶ
1436 2291 1694 2343 τάναντία
1723 2294 1836 2354 τοῖς

243 2377 512 2437 ἐναντίοις
549 2378 755 2440 ἰᾶσθαι,
791 2380 883 2430 καὶ
918 2378 978 2430 τὸ
1007 2378 1118 2446 φῶς
1149 2379 1377 2445 ἀνωθεν,
1424 2385 1517 2434 καὶ
1559 2384 1592 2452 ἡ
1641 2385 1834 2452 κλῆσις

247 2468 506 2520 ἑκεῖθεψ
543 2468 686 2521 οὕτω
722 2489 825 2524 που
855 2473 947 2523 καὶ
981 2473 1284 2542 φερόμενον
1321 2476 1567 2542 ποταμὸν
1620 2477 1729 2528 οὐδ’
1768 2477 1833 2530 ἂν

249 2561 452 2629 μυρίαι
479 2563 660 2631 χεῖρες
688 2563 768 2625 είς
791 2565 1065 2634 ὰνὰῤῥουν
1090 2568 1338 2635 χωρῆσαι
1369 2569 1672 2637 βιάσαιντο·
1702 2571 1834 2632 Θεὸς

245 2650 304 2701 δὲ
338 2651 506 2702 πάλαι
542 2668 602 2703 τε
635 2653 856 2718 λέγεται
884 2657 1035 2708 τουτὶ¹
1073 2656 1693 2727 τεθαυματουργηκὲναι
1742 2661 1834 2712 καὶ

248 2743 337 2793 ἀεὶ
378 2742 580 2810 δήποτε
608 2747 788 2796 ποιεῖν
826 2745 1145 2798 πιστεύεται
1169 2747 1450 2804 δύνασθαι.
1487 2751 1596 2802 Καὶ
1615 2752 1836 2804 νεανίαν

248 2839 333 2890 ἑτι
367 2839 458 2890 τὸν
489 2839 703 2891 Παῦλον
735 2840 864 2892 ὅντα
894 2843 986 2893 καὶ
1023 2843 1141 2894 νέον
1191 2843 1473 2912 ἀπέφηνεν
1508 2845 1796 2914 ἄνθρωπον
1818 2863 1830 2876 ·

251 2933 314 2982 οὐ
349 2934 462 3000 γὰρ
492 2932 664 2994 οὕτως
697 2934 942 3001 εὐτυχῶς
967 2934 1092 3002 δφις
1118 2935 1418 2998 ἀποξύεται
1453 2938 1550 2989 σὺν
1586 2941 1650 3006 τῇ
1679 2939 1836 3007 λεϐη-

260 3023 373 3093 ρίδι
395 3024 457 3074 τὸ
482 3025 681 3094 γῆρας,
716 3025 792 3087 ὡς
825 3025 1035 3086 Παῦλος
1072 3027 1168 3078 σὺν
1199 3030 1264 3096 τῇ
1295 3027 1390 3079 τοῦ
1420 3031 1584 3096 νόμου
1609 3031 1838 3085 παλαιό-

252 3133 404 3184 τητι,
449 3119 545 3167 καὶ
584 3117 678 3169 τὸν
735 3118 968 3169 παλαιὸν
1001 3119 1328 3188 ἄνθρωπον*
1367 3123 1623 3191 πρόσεισι
1654 3124 1837 3176 τοίνυν

247 3209 351 3275 τὴν
386 3209 667 3259 οἰκείωσιν
701 3210 982 3277 πράττων,
1014 3211 1196 3279 ἑαυτῷ
1231 3212 1330 3279 μὲν
1363 3214 1505 3282 οὐχὶ,
1529 3214 1684 3266 τοῦτο
1728 3215 1836 3283 γὰρ
1863 3239 1906 3301 C

247 3301 364 3352 τῶν
394 3301 628 3367 πολλῶν,
665 3303 782 3356 ἀλλ’
807 3304 954 3365 ὅσοις
990 3304 1131 3374 ὑπὲρ
1163 3307 1414 3373 κεφαλῆς
1441 3308 1691 3377 οὐρανός.
1727 3310 1838 3362 Καὶ

245 3391 415 3444 τοῦτο
462 3394 568 3462 γὰρ
619 3393 684 3462 δὴ
735 3396 1057 3464 θαυμαστὸν
1099 3397 1210 3449 τῶν
1259 3397 1356 3449 τοῦ
1408 3399 1642 3463 Παύλου,
1671 3400 1731 3450 τὸ
1767 3399 1840 3468 μὴ

251 3483 699 3552 συμμεταοεῖναι
753 3488 819 3555 τῇ
860 3488 1118 3554 προθέσει
1172 3487 1269 3540 ’τὸν
1331 3489 1514 3557 ζῆλον,
1567 3490 1702 3542 ἀλλὰ
1748 3490 1840 3542 τὸν

246 3576 420 3628 αὐτὸν
452 3577 512 3626 ὲν
548 3577 838 3646 ἑκατέροις
875 3577 1174 3646 ἀκμάζειν.
1225 3579 1510 3633 Ἐντεῦθεν
1544 3583 1707 3643 τόπος
1737 3582 1839 3650 μὲν

246 3669 278 3719 ό
308 3667 477 3729 αὐτὸς
508 3668 704 3720 ἑκόντα
748 3669 830 3729 δὶς
877 3668 1075 3738 ἑφεξῆς
1121 3671 1211 3724 τὸν
1255 3674 1470 3741 πτηνὸν
1518 3673 1620 3742 τήν
1675 3673 1838 3738 φύσιν

245 3762 414 3831 ἔσχεν
462 3762 665 3828 οὐδεὶς,
710 3762 845 3814 ἀλλὰ
877 3764 972 3814 καὶ
1020 3763 1160 3834 διῄει
1204 3765 1520 3833 πανταχόσε
1575 3765 1673 3833 τῆς
1736 3765 1841 3831 γῆς

248 3855 419 3907 ἀετοῦ
452 3856 657 3924 τρόπον
691 3857 903 3917 πάντας
942 3850 1024 3918 οἷς
1058 3856 1122 3908 ἂν
1154 3855 1356 3928 ἐντύχῃ
1385 3859 1524 3925 πρὸς
1564 3857 1840 3926 σωτηρίαν

248 3946 525 4016 ἁρπάζων
549 3962 564 3976 ο
599 3945 854 3998 ἐντεῦθεν
884 3946 1202 4014 ἠρεμοῦντα
1235 3952 1432 4017 χρόνος
1462 3943 1602 4000 εῖδεν
1639 3947 1836 4008 οὐδείς.

263 4036 568 4089 Ἐντεῦθεν
599 4037 648 4087 εί
678 4035 754 4104 μὴ
795 4037 888 4088 καὶ
916 4037 1118 4098 νύκτας
1143 4037 1269 4097 ὅλας
1297 4038 1420 4098 ταῖς
1445 4038 1680 4107 ἡμέραις
1717 4055 1842 4088 συν-

249 4130 422 4181 άπτει
477 4125 769 4195 κηρύττων
803 4125 941 4194 ὁμοῦ
991 4127 1085 4178 καὶ
1137 4125 1424 4191 διδάσκων,
1468 4129 1690 4192 στέγειν
1742 4126 1843 4178 οὐκ

249 4214 407 4288 εἶχεν
430 4234 445 4249 ο
483 4216 742 4269 ἐντεῦθεν
770 4216 869 4284 οὐχ
906 4216 1056 4278 ὅπως
1115 4210 1198 4278 οἷς
1226 4216 1506 4284 ’ἐτύγχανε
1541 4216 1844 4285 κερδαίνων

249 4313 472 4380 ἠγάπα,
508 4307 623 4359 ἀλλ’
642 4303 718 4361 ὧν
747 4307 900 4359 oti-mo
931 4308 1006 4374 τῷ
1041 4307 1184 4377 λόγῳ
1215 4308 1589 4378 περιεγένετο,
1620 4307 1844 4370 τούτους

248 4403 358 4454 οὐκ
385 4401 528 4472 ἔχων
553 4400 662 4452 οὐδ’
689 4401 756 4452 ἂν
787 4401 934 4452 εἴποι
959 4417 1045 4462 τις
1075 4400 1153 4460 εἰς
1180 4400 1320 4469 -ὅσην
1349 4397 1486 4468 ᾣετο
1506 4399 1605 4468 τὴν
1637 4399 1843 4468 ζημίαν

247 4495 514 4547 ἐλαύνειν
548 4492 830 4562 ἄπληστος
882 4492 1054 4553 ὅντως
1096 4489 1203 4544 τῶν
1259 4491 1623 4558 ἀνθρωπίνων
1651 4490 1842 4559 ψυχῶν

1942 2025 2104 2078 supra
2136 2020 2303 2079 caput
2336 2021 2438 2064 est.
2480 2012 2544 2064 Et
2567 2013 2671 2066 hoc
2709 2021 2862 2066 ecrte
2888 2013 3090 2067 mirum
3121 2016 3174 2069 in
3205 2016 3372 2072 Paulo
3405 2028 3511 2082 cst,

1940 2103 2083 2170 quod
2117 2117 2224 2156 non
2265 2119 2388 2156 cum
2417 2103 2695 2172 proposito
2731 2104 2904 2158 zelum
2935 2110 3375 2169 commutaverit.
3406 2112 3503 2165 sed

1941 2192 2084 2247 idem
2116 2194 2167 2246 in
2207 2195 2472 2249 alterutro
2520 2195 2789 2250 ﬂoruerit.
2829 2195 2966 2251 Hine
2997 2198 3155 2253 locus
3213 2201 3398 2255 nullus
3426 2204 3510 2256 his

1941 2287 2128 2350 istum.
2174 2289 2452 2342 volucrem
2489 2289 2644 2358 quasi
2677 2298 2895 2354 natura,
2933 2291 3158 2355 habuit;
3188 2294 3280 2347 sed
3311 2296 3516 2364 ubique

1941 2387 2210 2431 terrarum
2231 2377 2701 2447 progrediebatur,
2723 2380 2918 2447 aquile
2938 2380 3505 2451 instar,quoscunquc

1941 2467 2055 2522 fors
2103 2469 2373 2522 obtulerat
2421 2479 2478 2522 ut
2506 2471 2740 2524 salvaret
2771 2473 3028 2540 rapiens;
3065 2489 3237 2542 quare
3267 2477 3511 2543 quietum

1945 2570 2166 2629 temper
2197 2563 2333 2614 vidit
2387 2579 2563 2616 nemo.
2609 2564 2745 2619 llinc
2777 2567 2820 2620 si
2864 2582 2967 2619 non
3018 2577 3072 2620 et
3128 2578 3317 2622 noctes
3376 2578 3521 2624 totas

1943 2653 2136 2708 diebus
2170 2655 2459 2722 adjiciebat
2487 2657 2835 2724 proclamans
2862 2667 2914 2709 et
2950 2658 3172 2723 docens,
3205 2668 3258 2711 at
3313 2670 3514 2713 tectum

1941 2761 2047 2800 non
2080 2747 2347 2810 habebat;
2393 2747 2539 2812 hinc,
2575 2749 2700 2802 licet
2733 2749 2868 2801 nihil
2905 2765 3026 2802 eum
3066 2751 3131 2803 iis
3185 2752 3514 2819 quibuscum

1911 2848 2256 2903 _versaretur
2316 2841 2643 2904 lucraretur,
2705 2851 2995 2897 eootentus
3051 2852 3214 2908 erat;
3249 2846 3343 2898 sed
3377 2861 3514 2914 quos

1939 2932 2177 2986 nondum
2206 2932 2386 2984 verbis
2419 2943 2793 3000 superaverat,
2855 2949 2949 2985 eos
2977 2950 3078 2986 non
3125 2935 3353 2998 habens,
3421 2952 3523 2989 ne-

1939 3039 2046 3093 que
2084 3025 2229 3078 dicat
2259 3025 2454 3093 aliquis
2515 3037 2777 3093 quantum
2831 3027 3172 3080 existimaret
3253 3027 3516 3080 damnum

1940 3117 2166 3185 agitare,
2224 3117 2693 3171 cutninsatiabilis
2727 3119 3239 3172 verebumanarum
3311 3123 3521 3174 anima-

1939 3228 2056 3266 rum
2094 3219 2237 3266 esset
2263 3219 2493 3275 amator,
2540 3227 2644 3264 non
2665 3227 2757 3264 eas
2799 3214 2901 3264 sibi
2953 3214 3107 3277 quasi
3171 3215 3523 3268 matrimonio

1942 3302 2294 3370 conjungens,
2329 3299 2420 3355 sed
2447 3301 2573 3367 Deo,
2593 3301 2679 3354 cui
2704 3310 2755 3354 ct
2775 3316 2926 3354 suam
2950 3303 3117 3368 ipsius
3135 3305 3370 3355 animam
3396 3320 3521 3359 cum

1941 3394 2337 3460 despondisset,
2375 3408 2479 3446 non
2510 3393 2619 3460 jam
2653 3394 2764 3457 ipse
2793 3395 3014 3456 viveret,
3045 3398 3312 3449 viventem
3345 3410 3522 3451 autem

1943 3485 2109 3538 Deum
2153 3485 2204 3537 in
2241 3500 2300 3538 se
2335 3485 2581 3538 haberet.
2612 3484 2745 3549 Qum
2781 3484 2996 3552 quidem
3040 3497 3169 3540 sunt
3217 3490 3521 3543 vocationis

1942 3578 2328 3646 apostolorum,
2358 3587 2416 3630 ut
2454 3593 2523 3630 ne
2583 3576 2699 3645 ipse
2755 3579 2932 3630 dicam
2993 3578 3294 3633 secundum
3379 3582 3526 3650 quod

1943 3672 2198 3738 sequitur
2222 3671 2352 3722 talia
2379 3685 2393 3734 ;
2417 3677 2468 3721 et
2499 3672 2713 3722 voentio
2752 3670 2827 3722 illi
2855 3670 3078 3738 quidem
3106 3680 3350 3738 tempore
3371 3673 3524 3726 αἰπο-

1942 3778 2092 3827 rens,
2125 3761 2252 3815 huic
2278 3775 2405 3814 vero
2430 3761 2714 3820 mirabilis,
2743 3762 3023 3830 aqualiter
3048 3763 3314 3818 ambobus
3346 3764 3398 3817 in
3423 3764 3526 3818 lto-

1944 3869 2078 3907 nore
2122 3854 2334 3920 positis,
2388 3863 2438 3905 et
2464 3869 2730 3906 summam
2785 3855 3032 3922 praebens
3055 3854 3108 3906 in
3141 3855 3190 3907 id
3234 3857 3378 3922 quod
3429 3858 3525 3908 bo-

1946 3961 2073 3998 num
2092 3955 2166 3996 cst
2188 3945 2632 4012 promptitudinis
2655 3960 2846 3998 eorum
2877 3944 3285 3999 documentum.
3308 3946 3526 4002 Succe-

1943 4038 2021 4090 dit
2057 4052 2184 4090 vero
2220 4037 2353 4088 mihi
2408 4037 2491 4089 his
2526 4036 2708 4089 verbis
2764 4036 2948 4088 statim
3000 4051 3189 4090 eorum
3261 4037 3316 4090 in
3372 4038 3531 4092 Chri-

1944 4141 2087 4182 stum
2128 4142 2305 4192 amor,
2331 4128 2422 4194 qui
2457 4127 2674 4195 quidem
2701 4128 2834 4181 nihil
2870 4127 3073 4190 minus,
3104 4129 3214 4180 imo
3247 4143 3376 4181 vero
3411 4146 3530 4181 ma-

1939 4222 2031 4292 jus
2069 4221 2280 4275 eaateris
2304 4221 2497 4274 ciliciis
2520 4221 2705 4283 habet,
2738 4235 2839 4272 cur
2867 4221 2972 4274 illis
3006 4229 3132 4272 ante
3163 4234 3356 4274 omnes
3401 4235 3533 4289 apo-

1947 4315 2115 4370 stolos
2165 4315 2458 4369 eminentia
2497 4313 2832 4366 conferatur.
2899 4313 3070 4366 Tanta
3129 4313 3272 4365 enim
3299 4322 3354 4366 et
3404 4315 3533 4366 talia

1950 4405 2341 4459 benevolentiae
2363 4419 2491 4472 erga
2534 4403 2854 4472 Magistrum
2913 4404 2978 4456 ab
3039 4404 3148 4456 illis
3205 4403 3327 4457 data
3403 4415 3535 4459 sunt

1951 4497 2123 4566 signa,
2159 4507 2217 4550 ut
2247 4497 2337 4565 qui
2375 4498 2544 4550 multa
2596 4504 2650 4549 et
2680 4509 2872 4563 magna
2927 4495 2995 4549 de
3052 4495 3158 4548 illis
3211 4495 3356 4562 loqui
3404 4510 3533 4548 con-

250 4589 500 4659 ἑραστὴς
533 4587 630 4654 οὑχ
663 4588 841 4652 ἑαυτῷ
877 4585 1080 4647 ταύτας
1121 4583 1436 4652 νυμφεύων,
1464 4583 1600 4635 ἀλλὰ
1649 4583 1766 4652 Θεῷ
1798 4576 1840 4649 ᾧ

1953 4588 2218 4651 tenderet,
2252 4589 2601 4643 convinceret
2649 4588 2861 4642 etiamsi
2918 4600 3090 4655 pauca
3120 4588 3347 4640 diceret.
3411 4588 3535 4640 Pri-

251 4681 352 4735 κτιὶ
378 4679 482 4746 τὴν
510 4679 648 4730 ἰδίειν
676 4677 1097 4746 κατεγγυήσας,
1129 4675 1226 4744 ἔζη
1271 4675 1368 4743 μὲν
1403 4675 1503 4727 οὐκ
1532 4675 1612 4727 ἐτι
1653 4677 1838 4738 αὐτὸς,

252 4775 442 4838 ζῶντι
467 4770 512 4823 δ’
538 4773 749 4822 ἐκεῖνον
765 4764 916 4838 εἶχεν
947 4770 1003 4821 ἐν
1028 4767 1236 4839 ἑαυτῷ.
1268 4769 1338 4820 Ἃ
1371 4768 1471 4835 μὲν
1489 4768 1553 4836 δὴ
1587 4768 1687 4837 τῆς
1717 4769 1847 4836 κλή-

257 4883 403 4927 σεως
437 4863 546 4917 τῶν
571 4863 912 4923 ἀποστόλων,
946 4861 1021 4922 ὡς
1064 4861 1166 4928 ἑμὲ
1201 4877 1264 4927 γε
1298 4860 1438 4912 κατὰ
1469 4861 1529 4911 τὸ
1562 4861 1717 4914 ἑπιὸν
1759 4861 1847 4914 λέ-

256 4978 410 5028 γειν,
445 4957 700 5020 τοιαῦτα,
734 4956 830 5008 καὶ
854 4956 887 5024 ἡ
919 4953 1110 5022 κλῆσις
1129 4952 1208 5022 τῷ
1233 4954 1331 5022 μὲν
1359 4953 1536 5022 χρόνῳ
1562 4953 1847 5021 διάφορος,

255 5052 339 5121 τῷ
372 5052 434 5104 δὲ
460 5048 756 5118 θαυμαστὴ
787 5045 876 5098 ἐπ’
903 5047 1112 5114 ἀμφοῖν
1141 5039 1279 5096 εἶναι
1307 5044 1592 5114 ὁμότιμος,
1623 5046 1716 5096 καὶ
1748 5044 1847 5112 τὴν

257 5149 509 5218 ἐσχάτην
540 5142 897 5213 παρεχομένη
925 5139 1026 5208 τῆς
1051 5138 1192 5208 πρὸς
1223 5138 1461 5204 τάγαθὸν
1494 5137 1849 5205 ἑτοιμότητος

260 5241 449 5298 αὐτῶν
483 5239 741 5307 βάσανον.
778 5233 1098 5302 Διαδέχεται
1129 5232 1184 5283 δέ
1239 5248 1328 5298 μοι
1362 5229 1450 5280 τὸν
1508 5231 1665 5296 λόγον
1720 5229 1846 5294 ἑξῆς

259 5340 324 5388 τὸ
357 5333 499 5403 πρὸς
531 5329 771 5399 Χριστὸν
798 5327 981 5380 αὐτῶν
1011 5325 1233 5395 φίλτρον
1253 5340 1266 5354 °
1296 5325 1436 5390 ὅπερ
1470 5325 1624 5375 οὐδὲν
1655 5319 1844 5395 ἦττον,

260 5431 401 5484 ἀλλὰ
441 5425 535 5478 καὶ
604 5420 806 5491 μᾶλλον
855 5418 963 5471 τῶν
1004 5417 1181 5469 ἀλλων
1231 5414 1700 5481 κατορθωμάτων,
1751 5412 1850 5480 την

263 5517 646 5584 ἁποστολικὴν
696 5512 994 5581 προεδριαν
1019 5511 1099 5570 είς
1127 5508 1326 5568 αὐτοὺς
1357 5507 1709 5574 περιέστησε.
1742 5504 1847 5554 Το-

267 5611 450 5663 σσῦτα
478 5607 590 5673 γὰρ
621 5605 714 5657 καὶ
745 5601 972 5655 τοιαῦτα
1021 5601 1118 5668 τῆς
1152 5599 1288 5667 πρὸς
1318 5598 1408 5649 τὸν
1443 5597 1711 5660 δεσπότην
1762 5595 1850 5645 ε’)-

266 5705 417 5764 νοίας
440 5701 624 5759 αὐτοῖς
660 5694 928 5764 ἐξηνέχθη
949 5694 1016 5744 τὰ
1045 5691 1317 5757 σὺμδολας
1343 5690 1441 5741 ὃσα
1463 5687 1557 5739 καὶ
1591 5687 1679 5738 τὸν
1711 5686 1848 5736 πάνυ

267 5797 441 5848 πολλά
472 5794 568 5843 καὶ
598 5791 816 5858 μεγάλα
850 5785 1235 5839 σπουδάσαντα
1263 5783 1394 5850 περὶ
1437 5777 1646 5832 τούτων
1675 5781 1849 5830 εἰπεῖν

269 5883 593 5957 βραχύτατα
621 5880 687 5932 ἂν
724 5879 939 5946 ἐλέγξαι
974 5878 1216 5931 εἰπόντα.
1251 5873 1453 5943 "prima
1512 5873 1690 5924 τοίνυν
1730 5870 1838 5923 τῶν

1956 4694 2103 4731 mum
2134 4693 2286 4746 ergo,
2344 4692 2466 4731 cum
2495 4677 2674 4730 caeteri
2705 4676 2953 4744 discipuli
2991 4675 3094 4728 alia
3145 4677 3536 4742 responderent

1951 4765 2218 4821 Salvatori
2244 4765 2746 4835 eosinterroganti:
2782 4783 2799 4815 ι
2831 4765 3000 4830 Quem
3031 4780 3115 4819 me
3140 4765 3384 4818 homines
3415 4780 3537 4818 esse

1950 4859 2180 4913 dicunt?
2206 4878 2222 4909 ι
2260 4901 2274 4923 ,
2310 4872 2544 4925 eumque
2583 4857 2658 4910 illi
2685 4866 2877 4924 postea
2908 4863 2968 4909 ut
3013 4871 3167 4909 suam
3257 4856 3357 4922 ipsi
3414 4871 3537 4923 pro-

1952 4958 2160 5005 merent
2194 4951 2516 5003 sententiam
2551 4949 2909 5017 postularent,
2948 4947 3141 5001 Petrus
3189 4948 3328 5001 hanc
3375 4948 3539 4999 inter-

1952 5045 2283 5113 rogationem
2311 5042 2462 5109 quasi
2497 5039 2698 5107 aliquid
2729 5038 2959 5091 feliciter
2981 5053 3280 5091 occurrens
3322 5053 3535 5089 nuncu-

1961 5136 2138 5203 pando
2171 5144 2222 5188 et
2248 5134 2565 5201 phalangem
2592 5140 2916 5183 ectatrorum
2946 5136 3004 5180 ut
3029 5129 3279 5195 princeps
3306 5143 3539 5196 praecur-

1953 5240 2103 5286 sans,
2161 5238 2282 5291 qua:
2310 5221 2633 5290 jamdudum
2675 5218 3013 5287 parturiebat
3061 5218 3349 5269 occasione
3411 5231 3540 5267 usus

1951 5316 2260 5387 expressit;
2295 5325 2348 5367 et
2385 5314 2672 5366 hominum
2709 5315 2773 5365 de
2804 5311 3083 5363 Salvatore
3104 5309 3387 5376 opiniones
3407 5308 3541 5360 nihil

1955 5410 2261 5463 simulando
2319 5415 2412 5459 aut
2472 5404 2888 5466 dissimulando,
2924 5420 2941 5451 ι
2989 5401 3288 5461 Christum,
3344 5400 3538 5467 inquit,

1955 5500 2155 5554 Filium
2182 5500 2272 5551 Dei
2302 5499 2460 5551 vivi.)
2492 5498 2658 5564 Cujus
2686 5508 2988 5548 consensus
3011 5507 3240 5555 merces,
3269 5491 3544 5545 beatitudo

1964 5600 2018 5644 et
2051 5590 2333 5659 persuasio
2364 5587 2743 5641 revelationem
2771 5583 2931 5638 Petro
2967 5601 2994 5636 a
3052 5585 3159 5636 Deo
3201 5583 3407 5642 venire,
3477 5592 3532 5634 et

1958 5699 2122 5752 super
2176 5691 2381 5751 petram
2417 5678 2668 5732 Ecclesia:
2718 5693 2829 5730 sum
2888 5674 3199 5737 :edilicatio,
3254 5682 3306 5724 et
3364 5671 3545 5724 claves

1965 5775 2116 5844 regni
2205 5774 2470 5827 caelorum
2524 5772 2684 5831 datae,
2750 5780 2798 5823 et
2859 5770 3151 5838 promissio
3208 5777 3545 5834 quaecunque

1961 5879 2052 5921 aut
2100 5866 2272 5919 vineta
2303 5873 2394 5918 aut
2421 5864 2646 5917 remissa
2680 5878 2707 5914 a
2739 5861 2900 5915 Petro
2934 5861 3155 5922 iuerint,
3182 5859 3270 5910 illa
3301 5855 3468 5908 ramtl.
3496 5870 3547 5906 ut
