4234 6446
730 412 866 481 1031

1937 403 2226 466 ΜΑΧῙΜΙ
2258 401 2642 463 ΡιΑΝυυίΕ

3860 405 4012 475 1032

729 538 936 584 sortem
964 536 1184 578 manere
1222 521 1276 576 in
1311 520 1490 575 emlis.
1526 518 1686 575 Certe
1716 519 2064 589 prtemiorum
2095 516 2312 588 pondus

2417 513 2594 567 ἄλλων
2617 513 2904 584 μαθητῶν,
2928 512 3063 568 ἄλλα
3094 514 3230 584 πρὸς
3260 513 3359 586 τὴν
3386 515 3480 570 τοῦ
3507 517 3764 588 Σωτῆρος
3798 521 4009 594 ἐρώτη-

727 621 1069 674 ιίοιιιοηειηιι
1099 612 1324 670 Petrum
1358 627 1465 667 non
1493 612 1844 668 solummodo
1886 612 2060 682 magis
2089 611 2301 667 cmteris

721 709 1043 766 hominibus
1109 705 1428 777 Magistrum
1493 720 1732 767 amasse,
1792 704 1887 760 sed
1945 706 2109 759 etiam
2179 703 2314 772 ipsis

721 801 1011 871 discipulis
1039 810 1090 855 et
1119 800 1318 868 quibus
1354 798 1507 865 sequi
1538 797 1816 851 Christum
1849 796 2102 850 dabatur.
2147 796 2307 851 Certe

724 906 783 950 ut
821 909 1007 948 amare
1034 893 1335 955 videretur,
1394 889 1626 944 cohibeo
1656 903 1742 944 me
1774 889 1954 957 ipsum
2004 903 2128 942 eum
2158 887 2224 940 ad
2260 887 2311 941 id

724 984 1004 1044 accedam.
1027 998 1094 1036 ne
1120 980 1249 1052 quid
1289 979 1551 1034 audaeius
1577 979 1779 1033 dicam.
1826 979 2051 1033 Audebo
2083 986 2266 1033 tamen
2296 995 2309 1032 :

723 1095 825 1134 non
861 1078 1019 1148 longe
1045 1076 1189 1131 enim
1224 1074 1293 1127 ab
1321 1073 1512 1126 ardore
1537 1068 1683 1148 Petri
1709 1070 1751 1125 si
1788 1069 2037 1125 funditus
2069 1071 2314 1138 requira-

724 1181 835 1238 tur,
861 1180 1087 1226 cteteros
1109 1167 1414 1238 discipulos
1447 1165 1618 1219 fuisse
1659 1162 1908 1229 videbis;
1945 1171 2004 1217 ut
2038 1172 2234 1232 prater
2257 1162 2310 1217 id

724 1265 870 1336 quod
903 1263 1185 1320 Christum
1213 1271 1441 1317 secutus
1466 1271 1570 1324 est,
1600 1260 1736 1315 nihil
1771 1273 1936 1329 supra
1981 1258 2105 1313 illos
2147 1258 2313 1313 habe-

724 1368 809 1415 ret
834 1358 979 1429 quod
1021 1358 1453 1417 demonstretur,
1481 1352 1586 1408 nisi
1622 1351 1728 1407 ista
1762 1350 2076 1406 communis
2098 1359 2153 1404 et
2184 1349 2305 1404 istis

724 1462 1030 1504 consensus
1056 1447 1203 1500 illius
1228 1446 1280 1499 in
1327 1446 1430 1499 hoc
1458 1441 1603 1513 quod
1636 1441 2061 1503 assentiebatur,
2102 1439 2305 1510 aliquis

724 1542 873 1596 dicat
899 1555 912 1593 :
937 1549 1176 1593 attamen
1223 1546 1276 1592 et
1303 1538 1388 1592 hic
1421 1534 1581 1590 Petro
1638 1538 1810 1605 gratia
1865 1549 1971 1603 qua
2005 1533 2257 1603 theologo
2291 1551 2305 1598 ;

727 1633 925 1688 Petrus
992 1633 1139 1686 enim
1197 1645 1322 1684 cum
1389 1627 1481 1683 ille
1513 1627 1752 1692 adesset,
1792 1627 2003 1682 nullum
2061 1627 2308 1680 omnium

728 1725 966 1783 asseruit
988 1739 1112 1780 esse
1140 1723 1230 1793 qui
1262 1722 1384 1793 plus
1407 1736 1466 1777 se
1490 1719 1811 1791 Magistrum
1841 1727 2075 1781 amaret,
2132 1733 2312 1788 neque

726 1818 1001 1890 quomodo
1062 1816 1189 1887 quis
1239 1815 1362 1885 plus
1413 1815 1602 1884 gratiae
1664 1816 1934 1867 meruisse
2001 1811 2304 1875 videretur,

719 1912 878 1984 quasi
916 1925 1143 1966 necesse
1171 1919 1336 1973 esset,
1370 1907 1458 1961 ubi
1495 1922 1654 1977 quem
1696 1906 2090 1974 discipulorum
2143 1920 2307 1975 opor-

720 2012 860 2059 teret
877 2017 986 2073 pra
1002 2010 1227 2056 caeteros
1247 2000 1513 2062 eminere,
1539 1998 1740 2067 ubique
1761 1998 1983 2052 Petrum
2007 1997 2307 2064 {victoriam

721 2104 1065 2166 reportasse:
1124 2102 1177 2147 et
1233 2092 1377 2161 quod
1440 2107 1548 2146 non
1612 2094 1765 2160 prius
1840 2090 2306 2158 interrogabatur,

719 2188 1014 2243 admodum
1036 2185 1168 2240 mihi
1187 2183 1402 2239 videtur
1435 2183 1665 2238 moleste
1697 2181 1862 2237 terre.
1887 2181 2045 2248 Quod
2067 2184 2214 2236 enim
2240 2196 2307 2236 ex

717 2297 777 2337 se
800 2282 920 2352 ipso
968 2280 1177 2335 similes
1209 2278 1511 2334 sententias
1553 2278 2011 2347 exprompsissct,
2044 2277 2309 2332 audacius

715 2385 835 2432 erat
890 2389 990 2444 pro
1053 2371 1347 2442 discipulo.
1392 2369 1527 2436 Quis
1589 2385 1717 2424 vero
1765 2368 1981 2424 illorum
2044 2370 2136 2440 qui
2178 2377 2310 2424 tunc

719 2468 973 2530 aderant,
1004 2465 1109 2522 iSta
1157 2464 1320 2519 verba
1361 2478 1470 2518 non
1498 2463 1690 2516 audire
1714 2463 1992 2526 maluerit,
2021 2477 2183 2531 quam
2213 2477 2310 2516 au-

723 2576 844 2614 rum
869 2558 1037 2614 Craesi
1075 2557 1294 2622 habere,
1331 2563 1386 2610 et
1432 2556 1735 2610 exercitum
1805 2555 2003 2610 Xerxis
2030 2564 2084 2609 et
2126 2555 2309 2608 omnia

722 2668 847 2725 qua
877 2667 1116 2722 unquam
1145 2652 1199 2705 in
1226 2659 1370 2705 terra
1403 2649 1620 2704 mortali
1649 2647 1812 2703 alicui
1845 2662 2106 2702 concessa
2144 2645 2313 2701 sunt?

724 2747 915 2802 Simile
940 2747 1069 2817 quid
1089 2752 1143 2800 et
1171 2744 1377 2800 Paulus
1398 2743 1553 2806 dixit,
1605 2740 1815 2797 scilicet
1861 2741 1999 2795 nihil
2029 2754 2177 2805 esse,
2210 2754 2303 2794 ne-

717 2855 825 2910 que
853 2838 1287 2904 tribulationem,
1320 2851 1496 2907 neque
1517 2835 1800 2908 angustias
1838 2840 1892 2888 et
1926 2848 2049 2904 qua:
2087 2832 2190 2888 ista
2230 2847 2316 2888 se-

2421 625 2504 660 σιν
2526 610 2992 681 ἀποκριναμένων
3024 610 3211 683 ήνίκα,
3245 611 3380 668 Τίνα
3410 631 3478 683 με
3509 615 3558 668 οί
3583 616 3889 688 ἄνθρωποι,
3925 621 4014 672 λέ-

2418 717 2634 766 γουσιν,
2668 702 2859 771 ἦρετο,
2896 703 3168 756 κάκείνων
3217 702 3313 755 ἐπὶ
3338 705 3551 764 τούτοις
3592 706 3688 758 καὶ
3738 707 3839 777 τὴν
3875 709 4013 777 παρ’

2418 790 2632 843 ἐαυτῶν
2661 790 2975 858 ἐξενεγκεῖν
2994 795 3176 861 ψῆφον
3208 792 3652 860 ἀπαιτουμένων,
3684 796 3889 866 Πέτρος
3910 799 4012 867 τὴν

2417 885 2690 956 ἐρώτησιν
2722 885 2982 955 ἀρπάσας
3028 887 3104 948 ώς
3160 886 3397 956 ἕρμαιον
3429 887 3525 940 καὶ
3567 887 3667 954 τῆς
3723 891 4011 957 φάλαγγος

2416 979 2527 1032 τῶν
2581 979 2762 1032 ἄλλων
2814 979 2979 1034 ὁποῖά
3027 995 3113 1043 τις
3175 980 3436 1049 ἀριστεὺς
3489 981 3878 1051 προαλάμενος
3913 985 4016 1037 καὶ

2417 1071 2653 1124 κατόπιν
2709 1072 2956 1134 ἐκείνους
3011 1071 3188 1125 λιπὼν
3223 1072 3371 1142 άπερ
3428 1075 3494 1125 ἐκ
3550 1073 3764 1144 μακροῦ
3816 1074 4012 1128 ὥδινεν

2416 1168 2690 1237 εὐκαίρως
2722 1167 3007 1239 ἐξέρρηξε,
3036 1168 3134 1232 τάς
3167 1185 3226 1222 τε
3254 1169 3364 1222 τῶν
3399 1168 3708 1238 ἀνθρώπων
3746 1174 3877 1240 περὶ
3912 1157 4010 1225 τοῦ

2417 1263 2674 1333 Σωτῆρος
2723 1262 3029 1333 ὑπολήψεις
3080 1263 3254 1334 μηδὲν
3304 1281 3355 1316 τι
3392 1265 3726 1334 διατραπεὶς
3759 1265 3790 1336 ἢ
3825 1258 4012 1334 παρὰ·

2418 1353 2627 1424 συρεὶς,
2658 1353 2750 1406 τὸν
2780 1355 3021 1422 Χριστὸν
3040 1351 3160 1407 εἷπε
3193 1356 3285 1408 τὸν
3310 1355 3438 1408 Υίὺν
3471 1356 3567 1408 τοῦ
3592 1357 3796 1421 ζῶντος
3839 1357 4006 1415 Θεοῦ.

2415 1445 2633 1513 Ταύτης
2656 1447 2752 1515 τῆς
2775 1448 3071 1517 ὁμολογίας
3092 1448 3321 1518 ἀμοιϐὴ,
3351 1452 3704 1518 μακαρισμὸς
3732 1451 3828 1502 καὶ
3859 1468 4012 1521 μαρ-

2415 1540 2578 1606 τυρία
2633 1539 2726 1591 τοῦ
2785 1540 2933 1609 παρά
2987 1540 3122 1594 Θεοῦ
3168 1542 3269 1612 τὴν
3307 1541 3658 1612 ἀποκάλυψιν
3711 1543 3872 1614 ἥκειν
3927 1545 4010 1613 τῷ

2418 1632 2610 1703 Πέτρῳ
2642 1632 2739 1686 καὶ
2766 1633 2860 1686 ἐπὶ
2891 1634 3102 1702 πέτραν
3151 1633 3318 1688 αὐτὸν
3351 1636 3451 1703 τῆς
3484 1633 3821 1706 Ἐκκλησίας
3859 1640 4012 1690 οἰκο-

2416 1725 2603 1791 δομία,
2637 1728 2729 1778 καὶ
2785 1724 2936 1787 κλεῖς
2970 1723 3070 1793 τῆς
3100 1725 3211 1778 τῶν
3239 1725 3489 1796 οὐρανῶν
3537 1727 3818 1797 διδόμεναι
3852 1731 4012 1798 βασι-

2414 1816 2588 1879 λείας,
2619 1819 2714 1870 καὶ
2748 1817 2808 1868 τὸ
2842 1818 2958 1878 τοῖς
2993 1814 3240 1869 λυθείσιν
3291 1819 3321 1886 ἢ
3369 1818 3609 1872 δεθεῖσιν
3651 1820 3758 1872 ὑπὸ
3793 1822 4012 1890 Πέτρου

2412 1911 2512 1980 τὴν
2539 1911 2666 1980 ῑσην
2719 1909 3058 1963 κατάστασιν
3099 1912 3288 1980 μένειν
3317 1912 3413 1965 καὶ
3464 1915 3522 1967 ἐν
3554 1915 3670 1975 τοῖς
3725 1915 4010 1985 οὐρανηῖς.

2412 2003 2521 2056 Καὶ
2559 2002 2711 2070 δηλοῖ
2741 2002 2804 2074 δὴ
2831 2004 2892 2056 τδ
2925 2003 3036 2056 τῶν
3058 2003 3240 2073 γερῶν
3275 2004 3442 2074 βάρος
3467 2005 3542 2068 ὡς
3572 2007 3775 2077 Πέτρος
3807 2010 3869 2060 οὺ
3913 2011 4016 2078 μαε-

2412 2113 2505 2147 νον
2541 2096 2650 2146 τῶν
2684 2094 2860 2148 ἄλλων
2887 2095 3200 2165 ἀνθρώπων
3229 2098 3322 2149 τὸν
3364 2098 3694 2151 διδάσκαλον
3731 2100 3900 2152 πλέον
3941 2092 4015 2172 ἦν

2412 2184 2671 2252 ἀγαπῶν,
2704 2187 2841 2241 ἀλλὰ
2871 2190 2963 2239 καὶ
2995 2189 3177 2240 αὐτῶν
3210 2189 3495 2259 μαθητῶν,
3529 2193 3624 2244 καὶ
3653 2185 3734 2255 οἷς
3784 2193 3846 2245 τὸ
3877 2194 4014 2245 ἒπε-

2416 2280 2543 2333 σθαι
2577 2281 2654 2350 τῷ
2701 2280 2926 2350 Χριστῷ
2961 2282 3407 2352 συνελαμϐάνετο
3460 2284 3735 2353 δήπουθεν
3772 2287 3912 2355 πρὸς
3947 2289 4012 2338 τὸ

2412 2375 2596 2430 δοκεῖν
2625 2378 2877 2446 ἀγαπᾷν,
2915 2376 3102 2447 ἐπέχω
3153 2377 3396 2447 ἐμαυτὸν
3445 2379 3621 2432 εἰπεῖν
3646 2396 3698 2432 τι
3736 2379 4016 2449 τολμηρᾶ-

2412 2487 2574 2540 τερον
2605 2472 3006 2538 προαγόμενος,
3033 2469 3295 2539 τολμήσω
3311 2470 3356 2523 δ’
3373 2471 3525 2539 ὅμως
3550 2487 3566 2504 ο
3594 2473 3654 2525 ού
3679 2474 3789 2542 γὰρ
3814 2474 4014 2543 πόρῤω

2419 2564 2517 2633 τῆς
2548 2562 2641 2616 τοῦ
2689 2565 2899 2633 Πέτρου
2952 2563 3316 2633 θερμότητος,
3351 2563 3633 2627 τοιούτους
3683 2565 3794 2617 τῶν
3829 2564 4017 2634 μαθη-

2417 2657 2527 2710 τῶν
2565 2657 2692 2720 τοὺς
2722 2657 2916 2718 ἄλλους
2941 2657 3054 2718 τοῖς
3081 2652 3386 2724 βαθύτερον
3421 2655 3689 2726 ἐρευνῶσι
3721 2659 4016 2725 παρέστη-

2424 2767 2539 2815 σεν,
2602 2751 2678 2809 ώς
2743 2748 2885 2817 πλὴν
2915 2747 3011 2799 τοῦ
3048 2746 3380 2800 συνέπεσθαι
3419 2748 3499 2818 τῷ
3548 2747 3774 2818 Χριστῷ
3839 2747 4017 2819 μηδὲν

2427 2845 2557 2914 περὶ
2589 2844 2769 2896 αὐτῶν
2795 2843 2943 2914 ἐχειν
2984 2842 3147 2895 πλέον
3167 2841 3447 2896 δεικνύναι
3479 2843 3529 2895 εί
3579 2843 3655 2912 μή
3693 2859 3811 2905 πως
3852 2845 4016 2895 κοινά

721 2942 990 3001 quuntur,
1060 2945 1237 3001 neque
1301 2930 1585 2996 instantia,
1641 2941 1820 2998 neque
1876 2925 2081 2991 futura,
2133 2940 2315 2995 neque
2419 2938 2699 3000 κάκείνοις
2731 2937 2800 2989 τὰ
2830 2935 2931 3004 τῆς
2955 2935 3254 3004 ὁμολογίας
3282 2935 3361 3006 τῷ
3419 2935 3872 3003 συγκαταθέσοαι
3927 2954 4017 2999 τις

719 3024 1083 3094 principatus,
1133 3037 1314 3094 neque
1354 3021 1742 3092 arehangelos,
1814 3021 2020 3075 nullam
2076 3019 2314 3089 denique

2419 3031 2588 3083 εἴποι.
2629 3031 2775 3098 Πλὴν
2826 3029 2968 3081 ἀλλά
3000 3025 3289 3082 κάνταῦθα
3315 3027 3393 3097 τῷ
3426 3029 3622 3098 Πέτρῳ
3662 3029 3846 3097 χάρις,
3884 3031 3911 3080 ὁ
3969 3028 4016 3080 δ’

715 3125 1026 3171 creaturam
1071 3131 1192 3186 qua:
1241 3116 1311 3170 ab
1353 3128 1539 3170 amore
1575 3112 1778 3169 Christi
1837 3127 1966 3168 eum
2014 3113 2313 3168 deterreat.

2419 3128 2606 3188 αὐτοῖς
2639 3124 2720 3185 είς
2757 3121 3042 3190 θεολογίαν
3099 3121 3365 3191 τεμόντιο
3423 3122 3627 3188 Πέτρος
3680 3124 3792 3189 γὰρ
3840 3122 4016 3174 αὐτοῦ

718 3211 944 3266 Duobus
983 3209 1127 3266 enim
1172 3209 1386 3280 positis,
1445 3223 1506 3264 se
1550 3223 1661 3262 non
1699 3207 1880 3263 verbis
1925 3214 2164 3270 tantum,
2218 3209 2312 3261 sed

2426 3217 2696 3289 παρόντος
2724 3215 2881 3285 ἠξίου
2937 3214 3145 3285 μηδένα
3195 3214 3305 3267 τῶν
3356 3213 3616 3267 ἀπάντων
3649 3215 4021 3283 φιλόστοργοι

715 3303 876 3361 factis
901 3305 1035 3377 ipsis
1071 3305 1335 3360 invictum
1373 3303 1629 3374 praestitit
1667 3303 1720 3357 in
1745 3302 1866 3370 ipso
1906 3314 2089 3356 rerum
2117 3299 2315 3354 diseri~

717 3401 904 3467 mine;
934 3398 1024 3454 ubi
1059 3406 1237 3453 metus
1265 3396 1639 3453 calamitatum
1669 3404 1724 3450 et
1756 3408 1883 3464 spes
1905 3407 1970 3449 ac
2018 3391 2314 3463 promissio

721 3507 902 3546 rerum
952 3490 1269 3550 meliorum,
1324 3488 1498 3542 virtus
1546 3501 1671 3542 eum
1745 3500 1856 3540 non
1913 3484 2178 3547 deseruit,
2222 3485 2309 3538 eui

714 3585 927 3640 meliori
960 3581 1261 3639 conditioni
1289 3581 1544 3638 insistere
1574 3595 1794 3650 semper
1820 3581 1998 3635 visum
2032 3589 2135 3634 est.
2170 3579 2307 3634 Cum

710 3677 855 3732 enim
873 3676 996 3732 dua:
1012 3677 1093 3731 ha
1110 3691 1219 3743 res,
1240 3685 1420 3731 metus
1439 3674 1659 3743 inquam
1682 3683 1736 3730 et
1758 3689 1906 3745 spes,
1925 3673 2028 3728 sibi
2046 3673 2310 3743 opposita:

713 3769 904 3823 eodem
931 3765 1293 3821 nihilominus
1341 3766 1461 3823 loco
1509 3767 1701 3837 posita:
1753 3765 1910 3830 sint;
1966 3765 2082 3835 ipse
2131 3771 2312 3818 tamen

715 3875 1016 3931 persuasus
1040 3875 1163 3916 sum
1198 3859 1335 3914 nihil
1363 3873 1517 3928 aeque
1540 3872 1663 3913 esse
1683 3857 1985 3912 timendum
2008 3867 2063 3913 et
2089 3871 2316 3926 speran-

715 3955 844 4008 dum
905 3967 1068 4024 quam
1113 3967 1297 4008 rerum
1339 3950 1647 4007 divinarum
1682 3950 2008 4005 doctrinam.
2064 3949 2137 4005 Ut
2165 3949 2313 4004 enim

716 4047 852 4100 nihil
887 4046 1237 4116 praestantius
1274 4054 1370 4099 aut
1397 4047 1576 4116 magis
1609 4043 1943 4098 horrendum
1998 4041 2312 4107 Divinitate,

2425 3329 2587 3382 τερον
2625 3311 2764 3382 πρὸς
2798 3311 2891 3362 τὸν
2930 3309 3261 3362 διδάσκαλον
3293 3309 3461 3377 ἐχειν,
3495 3306 3606 3361 οὐδ’
3643 3308 3795 3367 ὅπως
3833 3308 3899 3360 ἀν
3938 3324 4024 3368 τις

2425 3407 2664 3475 ποιήσας
2728 3403 2934 3472 μᾶλλον
2999 3401 3154 3471 αὐτῷ
3220 3399 3604 3470 κεχαρισμένα
3652 3399 3826 3463 δόξειε
3883 3399 4025 3469 δρᾷν

2423 3497 2618 3566 ῶσπερ
2645 3495 2762 3550 δέον
2788 3496 2868 3558 ὃν,
2916 3492 2977 3547 οῦ
3011 3493 3120 3546 τῶν
3150 3492 3420 3563 μαθητῶν
3466 3510 3589 3546 τινα
3632 3492 3762 3555 τοὺς
3818 3492 4024 3554 ἄλλους

2421 3587 2530 3640 ἐδει
2559 3587 2721 3657 νικᾲν
2751 3583 3038 3654 πανταχοῦ
3069 3584 3281 3654 Πέτρου
3310 3583 3403 3635 τὸν
3443 3581 3851 3652 ἀναιρούμενον
3877 3581 4022 3634 εἶναι

2419 3680 2522 3750 τὴν
2555 3678 2738 3747 νίκην,
2768 3678 2865 3731 καὶ
2893 3679 2978 3731 ὅτι
3011 3677 3088 3748 μὴ
3123 3676 3394 3746 πρότερον
3426 3677 3713 3746 ἡρωτᾶτο,
3744 3676 3892 3728 πάνυ
3925 3694 4022 3744 μοι

2420 3767 2570 3820 δοκεῖ
2592 3765 2998 3837 δυσχεραίνειν.
3029 3766 3104 3820 Τὸ
3133 3766 3245 3837 γὰρ
3272 3767 3372 3834 ἀφ’
3403 3766 3604 3819 ἐαυτοῦ
3632 3767 3731 3829 τὰς
3752 3765 4022 3827 τοιαύτας

2419 3859 2640 3929 ψήξρους
2671 3860 2917 3927 εἰσάγειν
2971 3858 3314 3930 θρασύτερον
3346 3857 3380 3929 ἦ
3411 3859 3559 3912 κατά
3593 3858 3848 3930 μαθητὴν
3879 3861 4024 3921 τέως

2421 3952 2597 4004 ἐδόκει
2623 3966 2639 3982 ο
2688 3954 2772 4014 τίς
2797 3952 2842 4004 δ’
2879 3949 2947 4004 ἂν
3006 3953 3100 4006 καὶ
3133 3948 3242 4004 τῶν
3275 3952 3397 4005 τότε
3430 3952 3724 4022 παρόντων
3775 3952 3884 4005 οὐκ
3912 3951 4023 4022 ηὖ-

2421 4043 2554 4110 ξατο
2585 4044 2767 4115 ἐαυτῷ
2793 4029 2968 4098 ταῦτα
3016 4044 3225 4114 μᾶλλον
3279 4043 3606 4114 εἰρῆσθαιῆ
3655 4043 3860 4114 χρυσὸν
3917 4044 4022 4114 μὲν

712 4140 792 4193 sic
835 4141 1014 4191 anima
1057 4138 1125 4192 de
1154 4139 1256 4192 hac
1289 4152 1349 4192 re
1381 4153 1664 4208 nunquam
1692 4153 1800 4191 non
1834 4149 2163 4205 persuasum
2215 4133 2313 4188 ha-

714 4231 842 4285 bere
873 4231 1053 4297 debet,
1081 4232 1180 4286 nisi
1211 4232 1337 4285 velit
1369 4231 1536 4285 metui
1561 4231 1945 4286 succumbere.

719 4330 863 4382 Ἴσον
895 4347 946 4382 τι
979 4331 1155 4396 τούτῳ
1211 4329 1309 4381 καὶ
1369 4329 1583 4382 Παῦλον
1611 4331 1790 4382 εἰπεῖν
1827 4329 2147 4382 πιστεύεται
2198 4328 2294 4381 καὶ
2357 4328 2691 4399 κηρύττεται
2727 4326 2895 4397 μηδὲν
2944 4324 3109 4393 εἶναι,
3150 4328 3228 4397 μὴ
3255 4325 3459 4396 θλίψιν,
3516 4327 3593 4396 μὴ
3645 4328 4026 4398 στενοχωρίαν

717 4428 810 4478 καὶ
842 4425 878 4480 ἃ
911 4426 1119 4489 τούτοις
1169 4427 1385 4492 ἕπεται,
1421 4425 1591 4495 μηδὲν
1644 4425 1676 4495 ἢ
1727 4424 1835 4478 τῶν
1889 4423 2207 4476 ἐνεστώτων
2251 4422 2427 4492 ἥτῶν
2467 4422 2796 4491 μελλόντων,
2833 4422 2864 4492 ἢ
2902 4421 3090 4493 ἀρχῶν
3146 4421 3179 4492 ἢ
3235 4420 3602 4493 ἀρχαγγέλων
3664 4419 3699 4489 ἢ
3759 4419 4027 4488 ἡντινοῦν

715 4523 892 4575 κτίσιν
922 4521 957 4589 ἡ
1012 4522 1111 4589 τῆς
1162 4520 1389 4589 ἀγάπης
1448 4521 1610 4572 αὐτον
1664 4520 1968 4588 ἀποστήσει
2025 4515 2290 4587 Χριστοῦ.
2338 4515 2442 4568 Δύο
2472 4518 2582 4584 γάρ
2605 4516 2764 4568 ταυτὶ
2787 4513 3052 4576 τεθεικώς
3109 4515 3377 4568 τάναντία
3427 4514 3524 4567 καὶ
3573 4511 3699 4566 καθ’
3749 4513 4026 4580 ἑκάτερον

713 4615 990 4668 ἀνάλωτον
1021 4614 1214 4665 ἐαυτὸν
1261 4614 1321 4667 οὐ
1364 4613 1544 4681 λόγοις
1583 4613 1746 4684 μόνον
1803 4609 1980 4679 εἶπεν,
2012 4614 2126 4666 ἀλλ’
2177 4613 2280 4685 ήδη
2339 4614 2435 4666 καὶ
2469 4613 2654 4684 ἔργοις
2695 4611 2889 4677 ἔδειξε,
2948 4611 3049 4679 τῆς
3111 4606 3288 4678 αὐτῆς
3342 4605 3616 4678 δήπουθεν
3675 4607 3879 4678 μοίρας
3915 4608 4025 4660 διο-

716 4708 1024 4778 ριζόμενος,
1068 4708 1190 4760 τότε
1227 4707 1380 4778 φόϐῳ
1414 4709 1523 4761 τῶν
1568 4709 1760 4760 δεινῶν
1840 4711 1936 4760 καὶ
2002 4707 2313 4778 ἐπαγγελίᾳ
2367 4709 2476 4762 τῶν
2507 4708 2763 4778 χρηστῶν
2811 4707 2911 4776 τὴν
2955 4706 3014 4758 ἐν
3067 4701 3147 4773 τῷ
3198 4701 3391 4771 ἀγαθῷ
3446 4700 3602 4767 τάξιν
3653 4699 3866 4766 λιπεῖν,
3919 4702 4026 4755 κᾶν

713 4806 807 4874 δέῃ
837 4803 980 4858 κατὰ
1011 4803 1243 4873 θάτερον
1273 4798 1412 4854 εἶναι
1443 4803 1617 4854 κακδν
1645 4801 1780 4870 μηδὲ
1815 4806 1956 4855 κατά
2009 4803 2067 4854 τὸ
2100 4800 2288 4853 λοιπὸν
2319 4801 2511 4854 αίτιῶν
2561 4797 2932 4870 ἀπηλλάχθαι.
2996 4798 3156 4849 Δυοῖν
3218 4795 3329 4865 γάρ
3386 4797 3594 4849 τούτων
3646 4797 3734 4848 ἐπ’
3776 4796 4023 4849 ἀντικει’

718 4898 898 4965 μένοις
945 4893 1077 4946 ’δυσὶ
1116 4895 1217 4961 τὴν
1264 4890 1529 4960 ἀνάλογον
1561 4890 1716 4954 τάξιν
1763 4893 2024 4959 ἐχόντων,
2071 4891 2285 4952 ἐλπίδος
2316 4893 2461 4961 φημὶ
2497 4891 2592 4943 καὶ
2626 4889 2798 4958 φόϐου
2829 4887 2942 4942 οὔτ’
2992 4889 3236 4954 ἐλπίσαι,
3286 4887 3414 4942 οὔτε
3472 4905 3526 4941 τι
3577 4887 3753 4940 δεῖσαι
3819 4891 4023 4959 μᾶλλον

2422 4137 2569 4204 ἐχειν
2603 4136 2695 4190 τὸν
2725 4136 2991 4206 Κροίσου,
3025 4135 3295 4207 στρατιὰν
3323 4136 3381 4190 δὲ
3410 4137 3510 4207 τὴν
3537 4136 3771 4207 Ξέρξου,
3793 4139 3894 4190 καὶ
3917 4138 4025 4191 ὅσα

2421 4229 2532 4281 τῶν
2565 4231 2624 4283 ἐν
2659 4232 2731 4300 γῇ
2765 4229 2965 4298 τιμίων
2998 4230 3081 4293 είς
3115 4228 3433 4300 ὑπερδολήν
3474 4245 3601 4282 ποτε
3641 4229 4024 4293 ἐπιδέδωκεη

714 4993 849 5046 θεοῦ
880 4992 1157 5045 διδάσκειν
1185 4992 1274 5044 τὸν
1301 4991 1481 5059 λόγον.
1516 4992 1755 5059 ἐμαυτὴν
1796 4991 1991 5045 πείθω.
2038 4991 2128 5053 Ὠς
2178 4992 2284 5062 γὰρ
2323 4990 2478 5044 οὐδὲν
2500 4991 2664 5058 φύσει
2706 4988 2842 5043 θεοῦ
2892 4987 3330 5060 χρηστότερονῆ
3373 4985 3780 5058 φοϐερώτερον,
3843 4990 4022 5052 οὕτως

713 5087 836 5150 οὐδὲ
867 5086 1013 5155 ψυχῇ
1041 5087 1266 5156 θεμιτὸν
1300 5085 1375 5155 μὴ
1419 5085 1564 5138 οὕτω
1608 5084 1856 5149 δοξάζειν
1895 5085 2043 5137 αἰείο
2095 5086 2190 5137 καὶ
2244 5085 2343 5155 τὴν
2390 5085 2469 5154 μὴ
2499 5085 2672 5148 οὕτως
2729 5083 3101 5154 ὐπειληφυῖαν
3172 5082 3379 5153 θατέρᾳ
3435 5081 3617 5153 μερίδι
3676 5085 3817 5150 πρὸς
3868 5085 3938 5155 ἦν
3995 5088 4022 5137 ὸ

715 5182 878 5252 (ρόὸος
910 5182 1031 5249 ἄγοι
1064 5182 1423 5252 περιπίπτειν
1466 5179 1707 5247 ἀνάγκη.

789 5279 857 5336 Ut
881 5281 1024 5335 enim
1044 5283 1240 5334 animae
1262 5295 1405 5347 quae,
1440 5289 1496 5332 ut
1521 5279 1695 5343 dCl‘Cl,
1722 5279 1787 5331 de
1813 5277 1921 5332 Deo
1945 5279 2130 5341 sentit,
2176 5293 2304 5345 spes
2342 5286 2384 5337 υ

717 5376 856 5430 bona
887 5377 1141 5444 obtingit,
1175 5377 1254 5429 sic
1287 5386 1412 5428 ante
1451 5373 1633 5429 omnia
1679 5373 1848 5428 Paulo
1881 5373 1971 5439 qui
2009 5373 2302 5441 purissimo

715 5469 919 5525 Christi
956 5484 1141 5522 amore
1174 5469 1461 5534 ﬂagrabat,
1490 5467 1540 5520 id
1574 5469 1738 5520 sortis
1779 5469 1984 5519 evenit.
2018 5466 2133 5519 Non
2161 5466 2304 5519 enim

720 5561 895 5617 solum
951 5560 1206 5630 prmsenti
1258 5569 1502 5628 tempore
1564 5561 1782 5612 amabat
1832 5557 2137 5623 Christum,
2209 5553 2303 5609 sed

717 5656 920 5711 mentis
949 5655 1263 5709 extensione
1305 5662 1359 5706 et
1407 5653 1762 5707 meditatione
1818 5654 2098 5722 quaerebat
2126 5650 2307 5721 qualis

718 5751 769 5803 in
799 5758 1074 5818 posterqu
1109 5747 1325 5800 futurus
1347 5755 1491 5800 esset
1517 5755 1573 5798 ut
1603 5744 1782 5799 ollieio
1807 5744 2147 5800 satisfaceret
2171 5757 2297 5810 suo,

716 5852 764 5894 et
787 5859 844 5893 se
869 5841 1090 5907 dignum
1121 5851 1241 5892 esse
1264 5838 1427 5889 voluit
1455 5840 1545 5903 qui
1588 5853 1769 5890 rerum
1788 5835 2097 5890 futurarum
2137 5833 2302 5889 testis

727 5940 861 5989 lore!
899 5945 944 5986 et
987 5931 1412 5998 pru‘lct‘it‘H'Ullt.
1455 5927 1573 5983 lian-
1618 5930 1919 5998 igitursors
1942 5929 1991 5984 si
2025 5927 2301 5998 apostolos

2494 5271 2707 5338 Ὠσπερ
2754 5267 2846 5321 οῦν
2881 5267 2980 5336 τῆς
3011 5266 3087 5329 di;
3126 5266 3232 5336 χρὴ
3288 5265 3420 5336 περὶ
3451 5263 3587 5318 Θεοῦ
3625 5269 3949 5340 φρονούσης
3989 5272 4018 5341 ὴ

2415 5364 2682 5434 κρείττων
2710 5362 2867 5429 μερὶς
2904 5354 2970 5431 ἧς
2998 5361 3154 5422 ἐλπὶς
3181 5361 3403 5428 ἡγεῖται
3436 5359 3641 5428 κλῆρος
3672 5361 3808 5426 αίεὶ,
3841 5365 4014 5417 καθαο

2420 5454 2639 5526 ρώτατα
2674 5455 2738 5523 δὴ
2782 5455 2850 5504 τὰ
2885 5452 2984 5520 τῆς
3013 5452 3091 5514 είς
3141 5451 3384 5520 Χριστὸν
3409 5452 3636 5522 ἀγάπης
3685 5451 3765 5522 τῷ
3812 5453 4012 5526 Παύλῳ

2423 5547 2569 5616 μάλα
2607 5549 2822 5598 πάντων
2864 5543 2994 5613 ἐξῆς
3025 5542 3512 5612 ἁπορῤηγνυμὲνῳ
3543 5543 3637 5595 καὶ
3669 5544 3826 5614 αὐτῷ
3868 5547 4012 5614 μόνῳ

2417 5643 2790 5696 συνάπτεσθαι
2843 5640 3046 5711 μακρῷ
3119 5641 3344 5692 πάντων
3386 5638 3600 5708 βέλτιον
3659 5641 4006 5709 ἡγουμένῳ·

2413 5738 2475 5790 ού
2515 5737 2622 5805 γὰρ
2649 5737 2710 5788 τό
2740 5751 2803 5801 γε
2834 5734 2930 5787 νῦν
2957 5728 3098 5787 εἶναι
3135 5731 3298 5803 μόνον
3345 5731 3541 5800 ἠγάπα
3573 5731 3844 5801 Χριστὸν,
3870 5736 4002 5787 ἀλλά

2418 5831 2514 5883 καὶ
2559 5829 2780 5898 φθάνων
2833 5828 2925 5881 καὶ
2973 5826 3409 5898 διερευνώμενος
3454 5824 3651 5878 ἑαυτὸν
3680 5825 3870 5889 ὁποίίς
3927 5842 4005 5887 τις

2418 5926 2571 5980 ἔσται
2603 5926 2666 5997 δὴ
2684 5925 2786 5980 κάν
2820 5925 2893 5995 τῷ
2922 5922 3195 5995 μέλλοντι,
3219 5923 3313 5978 τὸν
3346 5923 3508 5976 αὐτὸν
3532 5921 3611 5990 τῷ
3643 5921 3740 5976 νῦν
3778 5924 4003 5975 ἔϐλεπεν
