4234 6446
261 417 282 478 1
298 417 409 482 049

1276 428 1690 491 ENCOMIUM
1736 429 1837 490 SS.
1884 428 2115 491 PE'llll
2159 430 2245 490 ΕΤ
2280 433 2535 496 PAULI.

3395 429 3535 495 1050

256 532 396 586 Θεοῦ
433 533 507 592 ὡς
557 533 965 601 ἐπιθανατίους,
1001 536 1095 589 νῦν
1155 538 1212 591 δέ
1253 543 1364 599 τοῖς
1406 541 1546 609 ὕπἐρ
1607 541 1836 601 Χριστοί

1956 562 2062 611 que
2120 544 2333 600 Gracia
2368 562 2548 615 neque
2588 546 2812 600 barbara
2862 552 3004 599 terra
3039 543 3154 599 sine
3187 543 3436 612 periculis
3465 559 3532 598 eo

253 623 481 690 δεσμοῖς
537 624 1021 693 καλλωπίζεσθαι;
1081 629 1188 682 Καὶ
1246 632 1376 696 γοῦν
1430 630 1554 684 οὔτε
1645 633 1838 696 Ἑλλὰς

253 715 478 776 αὐτοὺς.
531 714 656 768 οὒτε
713 716 1000 787 Βάρὸαρος
1057 720 1162 784 ἔξω
1209 723 1472 776 κινδύνων
1528 727 1609 786 είς
1670 727 1839 789 αὑτάς

253 801 396 859 εἶδον
436 808 866 877 ἐπιδημοῦντας,
899 813 1352 881 συνεκεκλήρωτο
1399 816 1444 868 δ’
1475 811 1588 869 οἷον
1652 819 1839 880 αὐτοῖς

249 903 312 951 τὸ
381 901 570 964 κακῶς
630 903 913 972 πανταχοῦ
947 907 1203 973 πάσχειν,
1245 906 1340 958 τοῦ
1376 909 1468 960 καὶ
1524 909 1840 979 λαμπροτέ-

254 1013 388 1061 ρους
417 997 600 1058 αὐτοῖς
639 997 758 1049 ὅσαι
815 991 956 1067 ὧραι
998 1000 1296 1054 πλέκεσθαι
1337 1002 1463 1062 τοὺς
1497 1005 1835 1069 στεφάνους·

249 1089 349 1140 αιαδ⁸
382 1088 411 1140 ὅ
445 1104 497 1139 τι
526 1087 594 1140 ἂν
628 1089 812 1152 αὐτοῖς
846 1090 994 1142 ἐπίοι
1034 1093 1230 1147 δεινὸν.
1263 1094 1410 1145 τοῦτ’
1463 1093 1626 1155 εὐθὺς
1660 1097 1836 1164 χαρᾶς

248 1180 480 1250 ἀφορμή
510 1197 526 1210 ο
556 1183 650 1234 καὶ
680 1183 792 1250 ὅσῳ
817 1183 1126 1253 δεινότερον
1155 1186 1398 1254 τοσούτῳ
1430 1190 1524 1239 καὶ
1580 1187 1832 1255 μείζονος

244 1276 347 1325 καὶ
387 1275 450 1326 τὸ
477 1275 711 1342 πάσχειν
758 1277 849 1329 διὰ
898 1277 1013 1346 βίου
1045 1279 1231 1341 κακῶς
1264 1280 1604 1349 κουφότερον
1657 1280 1838 1349 ἐφιλο-

247 1367 529 1435 σοφεῖτοῆ
566 1367 746 1430 ἄλλοις
775 1371 868 1421 ἐπὶ
916 1369 1119 1438 βραχύ.
1156 1371 1265 1423 Καὶ
1296 1355 1479 1426 ἄλλοις
1513 1372 1614 1440 μὲν
1651 1374 1745 1424 καὶ⁸
1776 1373 1837 1424 τὸ

244 1455 374 1506 κατ’
397 1456 585 1524 ὀλίγον
615 1459 811 1520 δεινοῖς
841 1460 1216 1529 χειμασθῆναι
1269 1461 1370 1513 οὐκ
1399 1461 1549 1513 ἐστιν
1579 1463 1709 1514 ἄνευ
1737 1459 1835 1513 τοῦ

243 1545 399 1619 λύπῃ
434 1549 672 1613 ξυνεῖναι
706 1551 1010 1618 διενεγκεῖν
1033 1568 1047 1582 ·
1103 1555 1232 1613 τοὺς
1275 1553 1330 1605 δὲ
1378 1554 1590 1621 χαίρειν
1617 1555 1717 1607 οὐκ
1767 1549 1836 1622 ἦν

245 1643 298 1694 εί
337 1643 413 1711 μή
441 1659 524 1705 τις
552 1643 698 1713 λύπη
728 1645 933 1714 παρῆν,
962 1645 1084 1712 τάχ’
1113 1647 1177 1699 ἂν
1203 1647 1297 1698 καὶ
1325 1646 1556 1713 ἀθυμεῖν
1579 1641 1649 1716 ἦν
1675 1647 1725 1698 εί
1760 1647 1835 1717 μὴ

243 1736 360 1788 τῶν
394 1736 593 1789 δεινῶν
623 1739 812 1799 αὐτοῖς
848 1738 1033 1791 πλεῖον
1086 1739 1280 1807 μετῆν.
1317 1739 1428 1791 Καὶ
1455 1732 1523 1808 ἦν
1574 1739 1686 1808 γάρ
1726 1739 1836 1791 τιῖιν

243 1829 483 1881 εἰκότων
530 1831 646 1891 τοῖς
701 1830 1104 1898 ἠκολουθηκόσι
1137 1830 1212 1897 τῷ
1245 1830 1434 1898 πλάνῳ
1493 1829 1614 1898 μὲν,
1678 1830 1752 1891 ὡς
1799 1832 1831 1900 ὴ

241 1922 358 1975 τῶν
403 1920 681 1974 Ἰουδαίων
730 1923 963 1975 ἀπόνοια
1016 1922 1325 1993 διεθρόησε,
1385 1922 1502 1990 Θεῷ
1539 1923 1582 1974 δ’
1634 1923 1711 1985 ὡς
1763 1927 1827 1992 τῇ
1871 1907 1910 1964 Β

241 2012 486 2081 ἀληθείᾳ
515 2013 684 2077 δοκεῖ,
730 2015 906 2066 πάντα
960 2015 1058 2082 μὲν
1097 2013 1262 2066 τόπον
1296 2014 1510 2068 στάδιον
1560 2015 1832 2084 ὴνεῷχθαι

246 2103 544 2166 κινδύνων,
604 2106 812 2168 πάντας
867 2107 922 2159 δέ
961 2107 1240 2169 κινδύνους
1286 2109 1367 2171 είς
1417 2109 1613 2178 ἡδονὴν
1675 2110 1834 2179 μεθο-

241 2195 531 2261 δεύεσθαι,
555 2197 615 2250 τὸ
643 2198 742 2266 μὲν
774 2201 841 2267 τῇ
870 2199 1147 2270 σπαρείσῃ
1174 2201 1356 2272 φήμῃ,
1386 2201 1446 2253 τὸ
1471 2202 1526 2254 δὲ
1556 2204 1622 2271 τῇ
1651 2202 1830 2256 πίστει

245 2290 357 2356 τῆς
392 2291 680 2358 ἀληθείας.
723 2292 1008 2346 Ἐντεῦθεν
1048 2294 1142 2344 καὶ
1183 2295 1330 2346 πᾶσα
1366 2295 1467 2362 μὲν
1521 2295 1715 2365 είρκτὴ
1748 2296 1832 2350 δε-

242 2380 476 2449 σμώτας
529 2377 677 2452 εἶχεν
710 2383 906 2446 αύτούς
947 2399 960 2413 ⁸
998 2384 1047 2436 οί
1078 2383 1122 2436 δ’
1162 2387 1240 2446 εἰς
1265 2383 1436 2437 τύπον
1463 2385 1633 2445 αὑτὰς
1675 2403 1830 2453 μετε-

240 2473 524 2535 σκεύσζον
558 2475 902 2542 ἀνακτόρων,
971 2477 1064 2529 καὶ
1105 2478 1308 2539 παντὸς
1357 2475 1627 2544 βασιλέων
1679 2480 1831 2547 ἥδιον

238 2565 609 2632 διεγίγνοντο,
649 2568 831 2620 καίτοι
865 2570 962 2621 καὶ
993 2569 1168 2638 δεσμὰ
1196 2570 1572 2638 περικείμενοι
1615 2573 1710 2624 καὶ
1740 2571 1830 2623 τὸν

238 2658 483 2711 θάνατον
514 2659 896 2728 ἐπηρτημένον
932 2660 1191 2728 ὁρῶντες.

318 2752 438 2803 Καὶ
467 2752 577 2819 γὰρ
600 2751 735 2820 πρὸς
769 2750 930 2818 μόνον
951 2751 1134 2813 αὐτοῖς
1163 2751 1409 2820 ἀφορῶσι
1427 2754 1519 2804 τὸν
1536 2753 1763 2821 οὐρανὸν
1780 2748 1835 2805 οἶ

236 2844 338 2897 τλιν
357 2841 685 2895 διδάσκαλον
703 2843 1065 2910 ἀνερχόμενον
1086 2839 1224 2895 εἶδον
1237 2844 1388 2896 οὐδὲν
1405 2839 1472 2913 ἦν
1490 2846 1598 2896 τῶν
1622 2848 1711 2896 ἐπὶ
1730 2847 1833 2912 γῆς

238 2933 372 2986 οὗτε
397 2932 654 3002 τερπνὸν,
682 2931 803 2984 οὒτε
829 2933 1075 3000 ἀλγεινόν
1103 2952 1116 2966 ο
1147 2935 1260 2986 ἀλλ’
1300 2937 1479 2988 ἐκεῖνο
1523 2938 1777 3002 τερπνὸν,
1802 2937 1830 2989 δ

236 3026 345 3096 τὴν
363 3027 502 3093 πρὸς
543 3025 635 3078 τὸν
661 3025 986 3078 διδάσκαλον
1009 3027 1193 3089 αὐτοῖς
1219 3028 1423 3096 ἡγεῖτο,
1456 3029 1650 3078 κάκεῖν
1685 3046 1715 3080 ο
1753 3031 1827 3097 μὴ

234 3121 511 3184 τοιοῦτον,
545 3123 683 3189 ὅπερ
704 3122 804 3173 οὐκ
826 3123 1008 3174 ἐκεῖσε
1035 3125 1422 3192 παρέπεμπεν.
1486 3125 1701 3192 Ἀμέλει
1737 3125 1830 3176 καὶ

235 3212 405 3265 τοῦτο
429 3212 610 3278 σοφῶς
627 3212 757 3264 παιδ
775 3213 1006 3274 υθέντες
1022 3230 1082 3266 τε
1108 3218 1200 3266 καὶ
1218 3214 1530 3269 παιδεύοντε
1543 3235 1582 3277 ς,
1605 3217 1824 3277 πολλαῖς

240 3299 469 3372 essese.
503 3304 786 3371 είσιτητὴν
819 3300 960 3357 εἶναι
991 3305 1088 3374 τὴν
1118 3307 1398 3374 βασιλείαν
1420 3307 1528 3359 τῶν
1556 3307 1827 3374 οὐρανῶν,

235 3399 514 3468 ηὖδόκουν
544 3400 604 3450 ἐν
637 3397 890 3466 ἀτιμίαις
928 3399 1128 3468 μᾶλλον
1160 3399 1193 3469 ἢ
1223 3403 1436 3468 τιμαῖς,
1461 3403 1519 3454 ἐν
1546 3400 1766 3469 δεσμοῖς
1795 3402 1827 3470 ἢ

235 3495 457 3556 ἀνέσει,
484 3492 544 3546 ἐν
580 3493 822 3562 πληγαῖς
855 3491 1114 3562 ἢτρυφῇ.
1151 3493 1335 3546 Πάντα
1365 3494 1472 3562 γάρ
1496 3493 1715 3547 πάντων
1747 3489 1834 3558 οἷς

233 3585 490 3654 τάγαθὸν
543 3586 598 3637 ἐι
638 3585 841 3653 σπουδῇ
885 3585 1171 3649 νικῶντες,
1201 3586 1394 3639 ἐνίκων
1428 3587 1521 3639 καὶ
1550 3586 1628 3656 τῷ
1658 3585 1834 3641 πλείω

233 3679 340 3732 καὶ
375 3676 553 3747 μείζω
580 3675 870 3746 βούλεσθαί
902 3694 961 3730 τε
988 3677 1221 3748 πάσχειν
1252 3678 1283 3746 ἢ
1313 3678 1515 3739 πάντες
1550 3680 1645 3731 καὶ
1674 3680 1837 3734 δύνα-

235 3770 378 3823 σθαι
411 3769 624 3838 φέρειν.
654 3763 749 3829 Οἷς
781 3768 881 3838 μὲν
906 3769 1010 3837 γὰρ
1043 3770 1101 3820 οὐ
1133 3770 1385 3831 τοσοῦτος
1413 3770 1548 3838 ἔρως
1575 3772 1832 3839 ἐντέτηκε

233 3863 343 3916 τοῦ
372 3861 642 3931 Χριστοῦ,
665 3861 788 3914 ούδέ
820 3861 881 3913 τὸ
911 3862 1049 3930 ὑπὲρ
1077 3861 1288 3914 ἐκείνου
1319 3861 1550 3930 πάσχειν
1578 3861 1686 3915 τῶν
1712 3861 1833 3915 λίαν

236 3957 430 4024 ήδέων
465 3953 530 4007 ἂν
559 3954 668 4019 εἴη.
698 3951 926 4014 Τούτοις
959 3951 1014 4004 δὲ
1047 3951 1190 4005 οὕτω
1226 3953 1431 4021 σφόδρα
1463 3952 1731 4021 φιλοῦσιν,
1760 3953 1836 4016 ὡς

235 4047 346 4100 καὶ
376 4045 481 4106 τάς
503 4044 683 4112 ψυχὰς
731 4044 994 4111 μυριάκις
1033 4045 1134 4110 τῆς
1174 4045 1390 4113 ἡμέρας
1421 4043 1624 4097 διδόναι
1652 4045 1748 4096 καὶ
1776 4044 1836 4096 τὸ

235 4136 521 4207 μυριάκις
554 4133 652 4201 τῆς
695 4133 904 4203 ἡμέρας
953 4135 1182 4200 πάσχειν
1231 4134 1416 4194 κακῶς
1447 4136 1701 4188 ἁπάντων
1733 4153 1833 4204 χα-

232 4229 539 4298 ριέστατον
586 4222 672 4294 ἦν.
704 4226 813 4277 Καὶ
844 4227 1011 4296 άγρδς
1052 4227 1152 4294 μὲν
1185 4229 1324 4278 κατὰ
1356 4227 1416 4277 τὸ
1449 4227 1671 4296 συνεχὲς
1705 4226 1837 4279 πολ-

229 4321 408 4380 hinc;
464 4317 776 4386 ἀρούμενος
830 4318 925 4369 καὶ
985 4318 1470 4387 άναρῤηγνύμενος
1503 4319 1837 4387 ἀτονώτερος

229 4410 452 4467 ἐαυτοῦ
492 4413 866 4480 καρποφορεῖν
925 4409 1189 4461 ἑκάστοτε
1239 4410 1484 4475 γίνεται’
1519 4411 1630 4470 τοῖς
1675 4408 1733 4460 δὲ
1776 4409 1836 4460 τὸ

233 4506 528 4576 μηδεμίαν
557 4504 945 4572 ὁμολογεῖσθαι
983 4505 1278 4574 ἁνακωχὴν
1320 4505 1431 4558 τῶν
1461 4505 1654 4557 δεινῶν
1687 4507 1836 4558 εὐτο-

1954 636 2200 689 νίιίρτιιιιῑ
2232 655 2455 708 peregre
2492 637 2882 702 conviventes;
2921 637 3124 704 ubique
3158 646 3281 690 aute
3305 655 3334 685 ιι
3383 635 3433 689 id
3463 635 3532 689 iis

1946 730 2146 783 accidit
2167 743 2223 783 ut
2243 747 2365 784 cum
2397 733 2558 786 rebus
2585 730 2924 784 adversariis
2950 729 3371 784 cettﬂictandum
3404 728 3536 795 ipsis

1943 830 2115 887 esset,
2147 822 2291 876 unde
2321 837 2387 876 eo
2434 822 2899 892 spletulidioribus
2925 821 3328 877 decorabantur
3377 835 3538 874 coro.

1945 915 2072 979 nis;
2116 924 2167 967 et
2199 914 2342 984 quod
2394 915 2500 967 illis
2537 915 2905 983 periculosum
2941 912 3380 981 superveniebat,
3432 912 3535 965 hoc

1944 1005 2127 1058 statim
2183 1005 2367 1074 gaudii
2427 1004 2551 1060 fons
2599 1015 2754 1070 erat;
2803 1015 2856 1059 et
2907 1019 3014 1074 quo
3050 1003 3437 1073 periculosius,
3466 1016 3532 1056 eo

1943 1097 2118 1164 magis
2150 1097 2350 1166 gaudio
2402 1097 2671 1167 dignum;
2718 1107 2769 1151 et
2804 1113 2897 1165 per
2938 1111 3154 1151 omnem
3191 1095 3356 1147 vitam
3394 1092 3534 1148 male

1943 1191 2077 1258 pali,
2105 1189 2320 1245 facilius
2343 1191 2408 1243 ab
2433 1191 2552 1246 istis
2596 1189 2942 1259 philosophis
2990 1187 3339 1250 censebatur,
3364 1201 3529 1254 quam

1940 1297 1970 1334 a
2003 1284 2214 1334 cameris
2245 1297 2337 1349 per
2371 1283 2534 1336 breve
2567 1292 2821 1350 tempus;
2851 1290 2906 1335 et
2927 1281 3103 1334 caeteri
3139 1279 3357 1347 quidem
3383 1277 3529 1344 quod

1940 1371 2103 1423 etiam
2136 1386 2230 1439 per
2265 1371 2429 1424 breve
2459 1381 2669 1439 tempus
2695 1372 2950 1439 periculis
2982 1371 3136 1436 quasi
3166 1371 3342 1422 hieme
3367 1383 3532 1422 vexa-

1943 1463 2163 1525 bantur,
2200 1479 2309 1519 non
2355 1465 2496 1518 ferre
2527 1473 2774 1534 poterant
2810 1465 2914 1518 nisi
2945 1479 3068 1516 cum
3123 1462 3289 1516 multa
3325 1459 3536 1513 intesti-

1942 1558 2049 1620 tia;
2086 1559 2159 1611 illi
2195 1567 2385 1612 contra
2421 1559 2556 1611 nihil
2589 1558 2771 1626 gaudii
2809 1558 3085 1611 habebant
3127 1555 3230 1608 nisi
3273 1556 3376 1608 sibi
3412 1568 3530 1606 ma-

1941 1649 2052 1704 lum
2083 1649 2284 1718 aliquid
2327 1649 2704 1713 incumberet;
2755 1656 2810 1701 et
2855 1648 3091 1701 fortas.-.e
3142 1648 3385 1699 animum
3423 1644 3523 1699 de-

1941 1742 2296 1809 spondissent
2329 1742 2430 1794 nisi
2457 1741 2780 1794 terribilium
2815 1740 2922 1794 illis
2957 1740 3130 1804 maior
3157 1755 3280 1806 pars
3313 1738 3528 1792 fuisset.

1945 1836 2070 1890 Erat
2103 1835 2243 1888 enim
2274 1832 2570 1886 verisimile
2609 1832 2716 1885 illis
2749 1832 2840 1899 qui
2876 1834 3046 1886 secuti
3079 1841 3235 1887 erant
3262 1832 3528 1898 imposto-

1943 1943 2077 1992 rem,
2112 1927 2250 1980 sicut
2282 1925 2590 1981 Iudaeorum
2627 1927 2834 1979 insania
2872 1925 3209 1993 divulgahat,
3241 1924 3407 1978 Deum
3434 1937 3528 1974 an-

1941 2033 2072 2084 tem,
2095 2023 2235 2076 sicut
2276 2037 2396 2075 vere
2419 2021 2659 2082 videtur,
2692 2034 3136 2087 unumquemque
3166 2020 3343 2072 locum
3372 2016 3528 2086 quasi

1941 2131 2159 2170 arenam
2200 2116 2412 2183 aperire
2446 2113 2706 2183 periculis
2744 2113 2994 2179 plenam;
3031 2111 3212 2167 omnia
3273 2126 3398 2163 vero
3434 2125 3523 2177 pe-

1942 2209 2112 2263 ricula
2147 2224 2246 2277 pro
2296 2207 2668 2276 voluptatibus
2716 2207 2948 2267 haberi;
3002 2219 3238 2272 quorum
3290 2203 3526 2268 primmn

1942 2301 2084 2356 fama
2118 2303 2370 2370 vulgata,
2420 2302 2652 2356 alterum
2691 2300 2794 2354 fide
2843 2303 2895 2351 iu
2937 2298 3246 2351 veritatem.
3295 2295 3428 2350 Iline
3475 2304 3529 2349 et

1940 2395 2118 2449 cumis
2151 2408 2342 2447 carcer
2376 2395 2588 2447 vinctos
2622 2407 2717 2446 eos
2754 2390 3051 2445 detinebat.
3099 2388 3201 2441 Alii
3239 2402 3362 2440 vero
3405 2399 3529 2439 car-

1940 2501 2093 2540 reres
2124 2501 2220 2555 pro
2273 2501 2460 2555 regum
2510 2485 2720 2540 adibus
2765 2483 3065 2540 habebant.
3116 2491 3168 2534 ις
3218 2480 3362 2533 οηιηί
3406 2493 3531 2548 rege

1933 2581 2230 2648 jucundius
2254 2579 2527 2639 vivebant,
2548 2592 2858 2646 quanquam
2889 2584 2944 2630 et
2995 2573 3227 2627 vinculis
3253 2571 3529 2625 constrin—

1939 2682 2221 2743 εει-(ξηιλ),
2254 2682 2307 2726 et
2341 2684 2573 2726 mortem
2615 2670 3021 2739 impendentem
3055 2667 3325 2721 vidi-rent.

2009 2769 2146 2823 Cum
2179 2767 2322 2820 enim
2373 2773 2580 2818 tantum
2639 2763 2703 2818 ad
2759 2763 2957 2817 caelum
3009 2763 3370 2824 suspicerent,
3424 2757 3515 2811 uhi

1939 2860 2224 2914 Dominum
2248 2858 2559 2914 ascendisse
2587 2857 2854 2919 sciebant,
2896 2855 3026 2907 nihil
3050 2866 3166 2907 erat
3192 2854 3332 2906 inter
3358 2864 3534 2905 terre-

1937 2952 2092 3014 stria,
2128 2965 2302 3016 neque
2340 2949 2663 3016 jucundum,
2706 2963 2885 3014 neque
2939 2949 3096 3001 triste
3137 2966 3149 2998 :
3181 2946 3311 2999 illud
3345 2960 3526 2999 autem

1933 3040 2237 3110 jucundum
2264 3048 2404 3104 erat,
2434 3038 2578 3106 quod
2611 3052 2708 3106 per
2743 3037 2882 3091 viam
2923 3051 3045 3105 qua:
3081 3037 3146 3089 ad
3200 3035 3520 3104 Magistrum

1940 3133 2189 3186 tetulebat
2219 3145 2313 3185 eos
2347 3129 2602 3185 ducebat.
2637 3139 2691 3182 et
2719 3128 2846 3182 illud
2885 3132 3058 3193 triste,
3093 3127 3235 3196 quod
3270 3141 3366 3180 eos
3405 3127 3532 3177 inde

1938 3225 2234 3278 avertebat.
2262 3222 2524 3275 Nimirum
2561 3222 2661 3274 hoc
2719 3231 2864 3274 recte
2920 3223 3094 3276 edocti
3142 3231 3194 3274 et
3222 3220 3525 3284 dor-entes,

1937 3313 2126 3367 multis
2185 3311 2574 3366 alliuCtionibus
2667 3325 2792 3365 esse
2846 3326 3129 3366 accessum
3194 3311 3246 3363 in
3298 3323 3527 3378 regnum

1937 3405 2222 3468 caelorum,
2249 3404 2422 3473 magis
2452 3405 2829 3458 clarescebant
2857 3402 2910 3456 in
2945 3401 3261 3470 ignominiis.
3280 3416 3442 3469 quam
3467 3401 3525 3455 in

1938 3498 2261 3559 honorilus,
2280 3496 2338 3551 in
2359 3496 2588 3551 vinculis
2609 3511 2772 3565 quam
2798 3496 2850 3548 in
2887 3495 3158 3560 libertate,
3186 3495 3240 3546 in
3269 3493 3529 3547 cruciat»

1937 3589 2041 3644 bus
2075 3603 2237 3656 quam
2268 3586 2322 3640 in
2356 3577 2589 3642 delECiis.
2614 3585 2828 3640 Etenim
2884 3600 3007 3638 cum
3041 3598 3234 3638 omnes
3299 3583 3530 3636 omnino

1937 3678 2218 3732 vincerent
2273 3677 2366 3745 qui
2425 3676 2648 3729 virtutis
2727 3673 2962 3730 studiosi
3021 3682 3166 3732 sunt.
3236 3673 3532 3726 vincebant

1937 3772 2102 3824 etiam
2139 3785 2263 3825 cum
2291 3769 2449 3839 plura
2482 3777 2536 3822 et
2571 3767 2777 3836 majora
2807 3767 3006 3819 vellent
3037 3766 3150 3835 pati
3204 3780 3368 3834 quam
3408 3779 3529 3819 om-

1943 3874 2043 3915 nes
2070 3858 2210 3915 ferre
2235 3868 2485 3929 possent.
2519 3859 2729 3924 Quibus
2782 3857 2928 3911 enim
2994 3871 3101 3909 non
3136 3866 3319 3910 tantus
3372 3871 3544 3910 amor

1943 3950 2143 4005 Christi
2180 3950 2355 4004 fuerat
2385 3950 2603 4015 insitus,
2656 3967 2754 4021 pro
2812 3951 2904 4004 illo
2945 3952 3057 4034 pati
3091 3966 3278 4019 parum
3320 3955 3524 4021 jucun-

1940 4044 2064 4094 dum
2090 4041 2380 4097 habebant.
2405 4042 2498 4096 llis
2511 4059 2637 4096 vero
2665 4052 2872 4095 tantum
2898 4044 3254 4106 delectantur,
3275 4060 3333 4096 Ut
3360 4043 3533 4097 vitam

1940 4133 2125 4188 decies
2153 4135 2350 4188 millies
2375 4149 2705 4203 unaquaque
2739 4137 2828 4188 die
2882 4136 3104 4200 darent,
3148 4146 3200 4189 et
3247 4138 3290 4189 si
3343 4136 3531 4190 decies

1942 4225 2143 4279 millies
2187 4227 2386 4291 quovis
2452 4227 2538 4279 die
2587 4227 2725 4280 mala
2779 4235 3116 4295 paterentur,
3149 4230 3524 4296 gratissimo."

1948 4317 2084 4385 ipsis
2119 4329 2286 4371 εδει-ι.
2320 4319 2460 4387 Ager
2490 4332 2708 4387 quoque
2731 4317 3097 4372 indesinenter
3124 4329 3309 4373 aratas
3325 4329 3376 4372 et
3402 4321 3533 4373 sub-

1944 4425 2154 4476 versus,
2187 4410 2370 4464 minus
2405 4409 2633 4464 idoneus
2655 4409 2720 4463 ad
2761 4409 2970 4464 fructus
3000 4410 3251 4465 ferendos
3301 4410 3356 4464 fit
3382 4428 3395 4464 :
3423 4411 3536 4466 illis

1942 4510 2133 4553 contra
2161 4516 2269 4568 quo
2330 4501 2502 4568 magis
2533 4500 2584 4552 in
2617 4499 2772 4553 malis
2831 4501 3203 4554 indesinenter
3239 4511 3532 4565 vexantur,

229 4601 500 4664 νωτέρας
552 4597 899 4665 ἐκαινούργει
949 4597 1048 4658 τάς
1104 4595 1281 4666 ψυχάς
1323 4597 1418 4648 καὶ
1459 4596 1527 4648 τά
1561 4596 1789 4664 σώματα
1821 4615 1834 4628 ·

1941 4607 2006 4644 eo
2031 4592 2307 4645 feliciores
2343 4592 2508 4643 animi
2543 4601 2595 4644 ct
2633 4590 2874 4644 feliciora
2933 4607 3161 4659 corpora
3221 4592 3472 4645 videntur
3509 4606 3533 4648 τ

227 4693 342 4742 καὶ
382 4687 445 4738 τὸ
483 4685 793 4747 κάλλιστον,
823 4686 906 4737 ὅτι
937 4686 1157 4737 κάλλιον
1188 4687 1371 4746 αὐτοῖς
1404 4685 1464 4738 τὸ
1495 4685 1833 4739 κινδυνεύειν

225 4778 455 4838 ἐδόκει,
491 4775 523 4843 ἦ
559 4775 739 4837 ἄλλοις
772 4777 834 4828 τὸ
878 4778 1133 4846 ῥᾳστώνη
1167 4778 1357 4847 συζῇν.
1401 4777 1536 4847 Φέρε
1584 4778 1715 4844 γοῦν
1748 4779 1834 4832 ἵνα

224 4887 324 4933 τις
365 4869 466 4919 καὶ
500 4869 632 4935 ἡμῖν
682 4868 917 4935 μίμησις
951 4868 1200 4920 ἐντεῦθεν
1238 4868 1645 4937 ἐκμαξαμένοις
1674 4870 1834 4937 ἐγγέ-

225 4977 414 5031 νηται
447 4960 545 5010 καὶ
584 4957 706 5010 κατ’
734 4955 876 5020 εἶδος
912 4959 1090 5010 αὐτῶν
1147 4959 1495 5028 ἐξετάσωμεν
1527 4957 1562 5011 ἂ
1597 4961 1839 5028 πάσχον-

224 5071 336 5114 τες
376 5052 455 5112 ὡς
493 5051 569 5120 μὴ
604 5052 910 5118 πάσχοντες
950 5051 1244 5115 διετέλουν,
1293 5054 1386 5103 καὶ
1431 5046 1512 5113 οἷς
1566 5051 1639 5113 ὡς
1687 5052 1841 5103 ὕδατι

228 5146 475 5212 σίδηρος
514 5142 864 5213 ἐπομοῦντο,
897 5143 988 5194 καὶ
1030 5143 1103 5205 ὡς
1153 5143 1246 5195 ὑπ’
1291 5143 1492 5213 ἀκόνης
1558 5145 1838 5214 ἐοὴγοντο.

229 5238 360 5290 Καὶ
417 5233 662 5300 διέξιμεν
722 5233 789 5301 δὴ
845 5233 1045 5299 Πέτρον
1083 5233 1183 5300 μὲν
1234 5234 1425 5303 ἐπειδὴ
1461 5234 1696 5302 τάχιστα
1746 5238 1842 5286 τὸν

225 5332 297 5381 ἐν
336 5327 425 5394 τῷ
457 5325 573 5394 ναῷ
636 5326 894 5393 κείμενον
948 5325 1121 5393 χωλὸν
1150 5326 1413 5394 ἣγειρενο
1445 5321 1567 5377 εἶτα
1615 5328 1682 5394 τῇ
1742 5325 1840 5376 τοῦ

1944 4698 2008 4734 ac
2043 4681 2322 4749 pulchrius
2356 4681 2461 4736 illis
2491 4681 2732 4751 pericula
2767 4681 2944 4744 adire,
2981 4696 3142 4748 quam
3173 4679 3294 4735 aliis
3330 4680 3382 4732 in
3410 4687 3534 4733 tutor

1943 4772 2126 4824 vivere
2195 4771 2423 4825 videtur.
2492 4770 2779 4837 Agitedum
2831 4785 2978 4839 ergo,
3023 4777 3080 4822 ut
3133 4771 3312 4837 aliqua
3367 4770 3536 4822 nobts

1942 4863 2176 4915 imitatio
2233 4861 2356 4915 inde
2402 4862 2704 4928 contingat,
2764 4872 2818 4915 et
2876 4862 2942 4912 ad
2990 4859 3277 4927 imaginem
3336 4873 3528 4913 eorum

1941 4953 2290 5022 exploremus
2314 4969 2433 5021 quae
2463 4955 2626 5021 passi,
2661 4953 2813 5021 quasi
2878 4967 2984 5005 non
3012 4961 3348 5020 paterentur.
3380 4952 3533 5005 vive-

1944 5045 2096 5107 bant,
2132 5046 2477 5112 etquomodo
2539 5056 2599 5096 ut
2643 5043 2846 5096 ferrum
2883 5059 2946 5098 ex
3005 5059 3145 5111 aqua
3195 5054 3531 5109 temperatu-

1947 5153 2060 5189 ram
2102 5141 2470 5205 acquirerem.
2515 5148 2569 5188 et
2615 5138 2772 5204 quasi
2798 5147 2917 5191 cote
2969 5148 3312 5190 acuerentnr.
3347 5135 3534 5190 EtPe-

1945 5240 2088 5282 trum
2126 5229 2448 5280 inmedium
2516 5229 2786 5288 feramus,
2828 5234 2915 5281 ubi
2981 5229 3377 5281 clatulicnnlem
3429 5229 3528 5294 qui

1947 5320 2000 5372 in
2035 5319 2238 5387 templo
2286 5318 2507 5387 jucebat
2562 5321 2849 5372 suscitavit
2897 5335 2912 5383 ;
2960 5318 3156 5372 deinde
3199 5334 3263 5372 ex
3320 5318 3524 5374 Clu-isti

1948 5411 2145 5463 virtute
2172 5410 2497 5463 miraculum
2540 5426 2592 5462 In
2625 5412 2798 5462 iurem
2826 5411 3092 5473 edidit,et
3116 5411 3234 5462 illos
3265 5410 3355 5476 qui
3388 5410 3523 5464 ade-

225 5415 503 5488 Χριστοῦ
535 5417 766 5482 δυνάμει
798 5416 858 5465 τὸ
889 5414 1072 5482 θαῦμα
1120 5414 1400 5483 προϐῆναι
1440 5414 1844 5483 διωμολόγησε,

228 5513 344 5564 καὶ
387 5507 520 5569 τοὺς
573 5506 849 5573 παρόντας
898 5504 1193 5557 συνθέσθαι
1221 5505 1397 5574 τούτῳ
1436 5506 1848 5574 διεμαρτύρατο

227 5601 383 5661 τοὺς
422 5616 481 5650 τε
522 5600 686 5666 ἱερεῖς
741 5599 835 5650 καὶ¹
873 5598 966 5648 τὸν
1002 5595 1093 5648 τοῦ
1143 5595 1249 5648 νεὼ
1285 5595 1610 5665 στρατηγὸν,
1637 5598 1730 5646 καὶ
1759 5596 1840 5647 ἔτι

233 5691 388 5749 τοὺς
426 5688 828 5749 Σαδδουκαίους
880 5687 1000 5738 καθ’
1050 5686 1247 5739 ἐαυτοῦ
1282 5686 1650 5754 διηρεθικνέτα.
1689 5687 1749 5737 Οί
1783 5686 1838 5736 δὲ

233 5783 348 5837 καί
389 5780 706 5850 ἐπιθέμενοι
740 5780 922 5847 χεῖράς
963 5797 1021 5831 τε
1053 5779 1315 5831 ἐπέϐαλον
1354 5780 1447 5831 καὶ
1492 5780 1566 5840 εἰς
1601 5779 1834 5849 τήρησιν

1947 5509 2066 5553 rant
2106 5500 2232 5553 huic
2261 5501 2516 5554 assentiri
2580 5501 2817 5568 impulit,
2883 5501 3230 5566 sacerdotes,
3271 5502 3517 5566 inquam,

1943 5603 1996 5646 et
2017 5593 2195 5654 templi
2240 5592 2548 5660 przeft-ctmn
2590 5595 2678 5659 qui
2722 5609 2826 5646 una
2846 5608 2969 5646 eum
3000 5591 3309 5645 Sadducaeis
3330 5605 3517 5646 contra

1946 5702 2005 5736 se
2037 5686 2308 5738 extitqus
2342 5696 2476 5736 erat.
2524 5684 2598 5735 Illi
2631 5694 2809 5738 autem
2854 5702 3048 5738 manus
3081 5686 3132 5738 in
3183 5702 3305 5738 eum
3338 5685 3520 5751 conje-

1943 5787 2134 5829 ccrunt
2161 5787 2212 5828 et
2246 5776 2296 5828 in
2329 5775 2634 5828 t‘ttslotliuln
2669 5775 2961 5841 duxerunt,
3007 5791 3315 5844 quanquam
3351 5777 3517 5828 mira-
