4234 6446
684 395 829 461 1055

1919 380 2215 442 MAXIMI
2258 378 2639 439 PLANUDAZ

3808 368 3946 436 1058

690 504 855 585 igitur
885 512 932 552 ct
969 498 1267 555 obiecimus
1326 505 1404 549 est
1470 499 1624 561 satis,
1660 507 1712 551 ct
1764 513 1870 551 non
1930 497 2159 559 interiit,
2216 504 2266 545 et
2299 498 2341 549 A

2408 494 2478 545 δει
2517 494 2607 545 τδν
2660 493 2867 547 Παῦλον
2901 495 3027 546 ἐκεῖ
3068 492 3423 565 παραμυθίας
3460 493 3583 564 δίχα
3634 490 3945 565 λειφθῆναι,

685 600 875 649 untnes
915 596 1111 647 docere
1146 594 1306 657 coepit
1340 608 1573 660 quorum
1612 593 1761 645 illum
1793 591 2147 659 dignarentur
2164 589 2259 658 qui

687 688 741 741 in
776 700 1047 740 carcerem
1077 684 1197 752 conj
1224 696 1431 749 czrant,
1465 698 1697 753 quorum
1744 693 1921 738 autem
1977 682 2138 746 Dens,
2169 696 2270 735 cu-

683 782 776 850 jus
804 797 908 834 non
937 781 1404 849 transgreilcretur
1453 780 1625 847 jussa,
1660 788 1713 831 et
1766 779 2039 845 quomodo
2094 777 2268 831 homi-

689 887 788 925 nes
817 888 941 926 cum
969 872 1101 925 nihil
1131 881 1334 933 essent,
1372 871 1449 925 sic
1474 885 1533 925 se
1566 871 1618 924 in
1652 870 1829 939 ipsum
1864 879 2142 939 gererent.
2169 884 2267 924 ne-

688 978 796 1031 que
821 978 977 1032 posse
1007 977 1129 1017 cum
1166 962 1274 1015 Deo
1317 962 1563 1024 elui-tari,
1593 962 1819 1014 multum
1858 961 2058 1027 abest;
2084 963 2266 1016 statim

689 1057 835 1112 enim
861 1065 1014 1109 terrm
1048 1061 1230 1108 motus
1262 1055 1517 1118 evenit,et
1548 1068 1876 1109 concussum
1909 1063 1991 1109 est
2032 1054 2269 1108 trihunal

689 1163 871 1212 omne,
904 1154 958 1201 et
1020 1156 1221 1211 aperta:
1266 1155 1390 1199 sunt
1419 1154 1588 1213 portae
1626 1152 1682 1198 et
1715 1144 1747 1198 ι]
1773 1144 1993 1199 [ﬂuxere
2033 1145 2268 1207 vincula,

692 1249 746 1292 rt
778 1248 961 1294 custos
997 1255 1118 1294 cum
1171 1240 1315 1291 omni
1352 1247 1514 1290 domo
1561 1237 1744 1291 divino
1798 1236 2080 1305 baptismo
2112 1236 2265 1289 ahlu-

693 1339 785 1385 tus
846 1339 947 1391 est,
1016 1328 1144 1381 dum
1203 1329 1399 1382 tahnlac
1466 1327 1664 1396 positio
1718 1337 1771 1383 et
1838 1328 2052 1382 animus
2114 1328 2271 1381 fortis

696 1438 817 1492 quzr
842 1423 1039 1474 invicta
1064 1421 1389 1475 videbantur
1408 1421 1682 1487 superavit
1704 1438 1719 1484 ;
1740 1436 1902 1490 quam
1934 1423 2270 1477 consulalio-

699 1527 817 1566 nem
856 1513 1055 1565 sulnt-o
1083 1520 1265 1565 secuta
1300 1524 1403 1566 est.
1433 1510 1629 1565 Paulus
1657 1527 1787 1566 vero
1833 1513 1979 1582 quod
2035 1524 2088 1567 et
2134 1531 2275 1584 prae-

701 1602 843 1657 dicta
874 1605 1017 1657 mala
1044 1613 1095 1655 et
1127 1603 1245 1656 istis
1278 1602 1462 1671 pejora
1495 1611 1798 1672 pateretur,
1834 1603 2026 1658 honori
2057 1605 2156 1674 ipsi
2178 1605 2273 1659 da-

700 1702 817 1748 tum
849 1702 953 1749 est.
993 1692 1129 1747 lline
1152 1694 1324 1763 prima
1355 1694 1433 1748 illi
1457 1694 1730 1763 navigatio
1779 1710 1879 1765 pro
1910 1694 2130 1751 Christo
2175 1695 2275 1751 fuit

702 1788 755 1838 in
795 1786 1162 1840 continentem
1203 1797 1423 1841 terram.
1458 1786 1752 1855 Oportebat
1805 1787 1949 1841 enim
2004 1787 2267 1857 quidquid

702 1877 971 1945 reliquum
1002 1888 1160 1933 terra!
1198 1887 1315 1932 erat
1344 1877 1601 1933 Ecclesite
1632 1878 1814 1945 adjici,
1846 1887 1899 1935 ct
1923 1880 2066 1935 illam
2108 1891 2274 1935 totam
2310 1850 2357 1909 Β

704 1969 905 2023 Christi
941 1968 1056 2023 ﬁeri
1095 1984 1121 2020 a
1150 1968 1281 2023 solis
1306 1978 1437 2023 ortu
1494 1984 1668 2039 usque
1730 1971 1795 2025 ad
1858 1986 2137 2029 occasum.
2174 1972 2278 2026 Sed

705 2061 847 2113 enim
889 2071 942 2114 et
971 2070 1095 2129 post
1115 2060 1341 2116 multum
1373 2076 1572 2116 rursus
1595 2062 2038 2131 proclamationis
2056 2080 2277 2117 cursum

706 2152 761 2211 in
797 2152 1058 2220 templum
1102 2152 1431 2207 introeuntis
1481 2152 1792 2208 .Iudteorum
1846 2154 2073 2221 populus
2126 2155 2283 2209 irruit

707 2251 761 2294 ct
806 2242 994 2297 stricte
1051 2243 1269 2309 tenuit;
1321 2252 1376 2298 et
1406 2244 1705 2298 necandum
1738 2245 2154 2299 conclamabant
2193 2256 2284 2310 ;‹ἰ

709 2334 867 2386 turba
900 2340 1046 2386 tanta
1073 2334 1217 2388 circa
1259 2334 1432 2397 illum,
1467 2346 1527 2392 ut
1553 2338 1698 2392 nulla
1736 2339 1928 2395 salutis
1958 2356 2083 2411 spes
2120 2358 2286 2407 appa-

710 2431 871 2477 reret.
901 2424 1080 2489 Quum
1136 2436 1317 2480 autem
1364 2428 1500 2483 satis
1554 2432 1983 2498 perturbationis
2016 2433 2283 2494 fecerunt,

709 2513 903 2579 arripit
930 2529 1053 2568 eum
1084 2531 1192 2569 non
1221 2517 1339 2572 sine
1373 2518 1419 2572 vi
1457 2535 1523 2574 ex
1560 2521 1771 2574 illorum
1831 2523 2084 2578 manilius
2129 2524 2287 2576 chili-

710 2605 932 2667 archus,
958 2606 1313 2676 dicensjuste
1347 2626 1466 2680 qua!
1498 2611 1565 2665 ad
1627 2627 1751 2667 eum
1810 2614 2128 2682 speetabant
2176 2615 2286 2667 visa

714 2694 886 2751 fuisse
922 2714 935 2761 ;
976 2709 1029 2752 et
1072 2699 1303 2754 tribunal
1356 2704 1617 2771 aperitur,
1650 2714 1703 2758 et
1756 2721 2067 2773 quanquam
2100 2717 2289 2761 contra

714 2785 885 2854 legem
923 2788 1145 2842 aderant
1181 2792 1531 2846 sacerdotum
1574 2795 1697 2863 prin
1738 2797 1875 2863 ipes,
1906 2813 2103 2850 rursus
2137 2797 2294 2851 Pauli

714 2893 777 2930 os
803 2880 1136 2935 verberatur.
1174 2881 1347 2936 Etiam
1375 2898 1565 2938 rursus
1595 2889 1883 2942 conversio
1933 2899 1985 2942 et
2042 2891 2292 2957 coniura-

715 2969 794 3023 tio
832 2970 1045 3024 illoruni
1071 2975 1161 3041 qui
1197 2989 1254 3028 se
1297 2975 1445 3039 ipsos
1503 2979 1856 3039 devovelant.
1894 2995 2070 3048 neque
2124 2980 2291 3035 hilum

717 3066 1142 3120 mmduca-Iuros
1191 3077 1283 3120 aut
1326 3067 1619 3131 bibituros,
1681 3072 1833 3139 prius
1880 3087 2040 3137 quam
2098 3071 2294 3127 Paulus

2376 588 2472 641 καὶ
2529 586 2763 640 κάκιστα
2816 586 3134 648 ἀπολέσθαι,
3186 587 3278 640 καὶ
3318 587 3485 655 μηδὲν
3541 581 3682 640 εἶναι
3728 585 3837 639 τῶν
3884 606 3947 641 τε

2370 675 2700 745 κακούργων
2742 676 2969 728 καὶτῶν
3008 671 3066 729 εῦ
3103 677 3309 739 πάντας
3362 675 3665 730 ποιούντων
3706 677 3765 728 τὸ
3797 676 3952 730 διαλ-

2368 767 2568 820 λάττον
2643 767 2934 837 οὐδαμῶς-ζ
2977 765 3284 834 Τοιγαροῦν
3360 768 3452 819 καὶ
3522 766 3953 836 ὲψυχαγώγηται

2378 859 2597 923 ἱκανῶς,
2662 860 2757 912 καὶ
2816 860 2915 912 οὐκ
2968 858 3258 918 ἀπόλωλε.
3316 859 3408 911 καὶ
3468 858 3678 921 πάντας
3756 857 3953 928 μαθεῖν

2372 952 2777 1020 παρεσκεύασε,
2806 953 2933 1005 οῖων
2966 954 3065 1020 μὲν
3097 951 3261 1006 αὐτὸν
3294 950 3482 1020 ἠξίουν
3516 953 3565 1005 οἱ
3589 950 3956 1019 καθειργνύν-

2374 1058 2486 1107 τες,
2519 1043 2651 1095 οἴων
2684 1043 2737 1095 δὲ
2765 1042 2897 1107 Θεὸς
2931 1035 2991 1095 οῦ
3023 1044 3097 1112 μὴ
3129 1042 3397 1113 παρεξῄει
3430 1041 3528 1105 τὰς
3566 1041 3812 1105 ἐντολὰς,
3857 1039 3958 1095 καὶ

2375 1134 2450 1196 ὼς
2509 1134 2791 1205 ἄνθρωποι
2857 1134 3024 1204 μηδὲν
3082 1134 3233 1197 δντες
3300 1130 3436 1197 εἶεν,
3496 1134 3545 1187 οἱ
3595 1133 3663 1188 τὰ
3720 1130 3957 1186 τοιαῦτα.

2373 1228 2609 1297 δρῶντες
2658 1229 2821 1281 αὑτὸν
2874 1228 2996 1298 μηδ’
3048 1231 3111 1282 ὲκ
3154 1229 3263 1281 τῶν
3324 1230 3456 1282 ῐσων
3515 1228 3633 1298 Θεῷ
3688 1228 3958 1296 πολεμεῖν

2377 1320 2855 1389 πεφυκότες,ούδὲ
2915 1321 3110 1373 πολλοῦ
3168 1337 3230 1387 γε
3289 1322 3385 1373 καὶ
3441 1322 3556 1373 δεῖο
3603 1320 3806 1386 αἴφνης
3841 1319 3957 1390 γάρ

2380 1411 2603 1478 σεισμὶς
2655 1411 3038 1478 ἀνεπέμπετο·
3092 1410 3188 1463 καὶ
3242 1410 3304 1463 τὸ
3361 1410 3740 1478 δεσμωτήριον
3796 1410 3960 1463 ἐκλο-

2379 1505 2522 1555 νεῖτο
2543 1517 2559 1533 ·
2596 1501 2685 1555 καὶ
2715 1503 2772 1555 αἱ
2804 1501 2966 1571 θύραι
3010 1503 3285 1555 διίσταντο
3315 1501 3410 1555 καὶ
3440 1501 3506 1555 τά
3534 1501 3709 1569 δεσμὰ
3756 1503 3960 1570 κατέρο

2381 1597 2486 1665 ρει,
2519 1597 2613 1649 καὶ
2660 1596 2688 1648 ὁ
2740 1594 2915 1663 φύλαξ
2968 1596 3259 1657 πανέστιος
3302 1593 3363 1648 τὺ
3419 1594 3565 1647 θεῖον
3625 1593 3960 1657 ἐϐαπτίζετο

2385 1686 2693 1756 βάπτισμα,
2721 1686 2815 1739 καὶ
2868 1685 3150 1757 τραπέζης
3214 1686 3543 1757 παράθεσις,
3589 1690 3685 1741 καὶ
3725 1686 3963 1755 εὐθυμία

2383 1778 2610 1843 νικῶσα,
2644 1778 2712 1831 τά
2749 1778 2883 1846 πρὶν
2934 1777 3082 1831 δεινά
3130 1778 3376 1842 δόξαντα.
3440 1779 3544 1831 Καὶ
3598 1778 3738 1849 μετὰ
3775 1797 3962 1850 παρα-

2384 1871 2635 1940 κλήσεως
2701 1872 2911 1923 ἐκεῖθεν
2970 1870 3257 1933 άπκῖλυσις.
3327 1870 3534 1933 Παῦλος
3602 1871 3660 1925 δὲ
3725 1871 3819 1924 καὶ
3890 1870 3967 1925 τὰ

2386 1962 2762 2031 προειρημένα
2811 1963 2959 2014 δεινά
3014 1962 3208 2014 παθεῖν
3251 1964 3347 2016 καὶ
3399 1963 3481 2015 ἔτι
3533 1961 3702 2033 χείρω
3750 1961 3979 2017 τούτων

2383 2054 2478 2106 τοῦ
2520 2053 2717 2117 παντὸς
2768 2055 3016 2123 ἐτιμᾶτο.
3046 2052 3197 2123 Αὕτη
3248 2053 3439 2123 πρώτη
3491 2055 3625 2120 πρὶς
3676 2054 3778 2124 τὴν
3815 2054 3973 2107 ἀντί-

2386 2149 2633 2217 πορθμον
2692 2149 2758 2217 τῇ
2814 2149 2938 2218 ἀδίᾳ.
2993 2148 3070 2217 τῷ
3131 2147 3389 2217 μακαρίῳ
3447 2147 3734 2211 διάὅισις⁶
3802 2146 3967 2210 οὗτος

2387 2240 2602 2309 πρῶτος
2630 2239 2780 2308 αύτῷ
2804 2240 3062 2302 δ;άπλους
3094 2240 3232 2309 πρὸς
3266 2241 3504 2309 Χριστὸν
3552 2241 3647 2303 τὰς
3688 2238 3965 2309 ἠπείρους

2390 2330 2666 2399 συνῆψενσ
2704 2330 2809 2383 ἔδει
2864 2332 2973 2399 γὰρ
3027 2333 3122 2384 καὶ
3158 2332 3297 2400 ὅπερ
3353 2334 3453 2401 τῆς
3506 2331 3609 2400 γῆς
3664 2330 3967 2384 ὑπόλοιπον

2388 2423 2456 2494 ἦν
2491 2426 2859 2494 προστεθῆναι
2882 2428 2947 2495 τῇ
2984 2426 3285 2495 Ἐκκλησία
3310 2429 3403 2480 καὶ
3431 2425 3689 2489 γενέσθαι
3724 2423 3969 2493 Χριστοῦ

2394 2522 2535 2588 μετὰ
2574 2519 2669 2587 τὴν
2707 2518 2783 2571 ἔω
2818 2520 2912 2571 καὶ
2943 2518 3043 2586 τὴν
3070 2519 3311 2587 ἑσπέραν
3337 2536 3351 2551 ο
3385 2519 3523 2571 ἀλλὰ
3560 2519 3669 2586 γὰρ
3698 2517 3793 2570 καὶ
3828 2515 3974 2585 μετὶ

2392 2608 2559 2661 πολὺν
2610 2608 2766 2671 αὖθις
2814 2609 2907 2661 τὸν
2961 2608 3056 2662 τοῦ
3109 2609 3467 2679 κηρύγματος
3517 2608 3716 2678 δρόμον
3769 2610 3851 2671 είς
3909 2608 3974 2659 τὸ

2396 2704 2538 2774 ίερδν
2574 2704 2836 2765 εἰσιόντος
2889 2702 2997 2756 τῶν
3029 2702 3299 2756 Ἶουδαῖων
3343 2707 3369 2756 ὁ
3409 2703 3578 2770 δῆμος
3635 2702 3983 2772 ὡρμηκότες

2393 2792 2561 2863 ἀπρὶξ
2605 2794 2812 2863 εἴχοντο
2841 2809 2856 2825 ο
2909 2796 3003 2846 καὶ
3057 2793 3304 2860 φονεύειν
3358 2792 3815 2860 παρεκελεύοντο.
3860 2793 3976 2845 Καὶ

2395 2881 2623 2951 θόρυϐος
2680 2882 2812 2950 περὶ
2869 2881 3063 2943 αὐτὸν,
3118 2882 3262 2943 ὅσος,
3317 2882 3575 2949 οὐδεμίαν
3633 2882 3972 2950 παραίτησιν

2396 2974 2777 3043 προσιέμενος.
2821 2975 2978 3026 Ἐπεὶ
3010 2972 3056 3025 δ’
3103 2973 3301 3035 ἱκανῶς
3355 2973 3757 3041 θορυϐήσαντες
3797 2968 3971 3041 εἶχον,

2400 3067 2700 3135 ἐξαιρεῖται
2745 3065 2931 3118 τοῦτον
2963 3067 3062 3119 οὐκ
3097 3067 3251 3119 ἀθεεὶ
3291 3064 3393 3132 τῆς
3447 3066 3672 3118 ἐκείνων
3728 3065 3912 3133 χειρδς
3945 3066 3983 3117 ὁ

721 3156 917 3209 malam
945 3158 1109 3210 vitam
1145 3160 1283 3213 mala
1320 3171 1494 3215 morte
1523 3162 1853 3225 expiavcrit.
1886 3162 2023 3216 Tum
2066 3165 2292 3218 insidias
2321 3153 2357 3209 ε

2408 3161 2702 3230 χιλίαρχος,
2727 3160 2851 3229 δίκῃ
2885 3162 2952 3213 τὰ
2991 3160 3115 3211 κατ’
3139 3160 3304 3211 αὐτὸν
3329 3158 3499 3211 εἰπὼν
3541 3156 3973 3226 ἐπισκέψασθαι,

721 3248 945 3316 agnovit
972 3250 1330 3313 ehiliarchns,
1364 3260 1417 3305 et
1450 3252 1648 3307 Paulus
1688 3257 1889 3310 missus
1927 3265 2013 3310 est
2044 3255 2292 3310 adduces

720 3348 776 3390 et
800 3340 924 3394 hinc
962 3339 1186 3395 Romam
1222 3343 1290 3396 ad
1356 3345 1647 3400 Caesarem.
1712 3345 1774 3400 Hi
1824 3357 2001 3402 autem
2068 3348 2293 3403 insidias

723 3431 1027 3497 struebant,
1062 3449 1228 3502 quum
1250 3438 1637 3506 cognovissent
1684 3436 1837 3493 Pauli
1899 3439 2290 3495 conscientiam

726 3540 821 3577 sua
856 3529 1124 3594 pravitate
1150 3527 1272 3597 plus
1306 3530 1501 3592 Valere,
1550 3538 1605 3585 et
1644 3532 1985 3585 sacerdotum
2024 3532 2299 3601 principes

723 3625 915 3671 contra
942 3619 1084 3687 leges
1123 3621 1319 3674 ducum
1365 3630 1546 3690 partes
1599 3624 1852 3692 cepisse;
1896 3624 2092 3680 Paulus
2165 3627 2299 3681 nihil

727 3708 1029 3775 sapientius
1084 3718 1176 3765 aut
1243 3711 1518 3768 elﬁcaclns
1591 3714 1924 3769 existimavit
1972 3731 2134 3785 quam
2204 3734 2300 3788 per

733 3800 898 3853 lbi-um
926 3800 1134 3868 jurare,
1159 3802 1204 3856 si
1249 3802 1410 3857 modo
1445 3806 1763 3873 pmnitcntia
1822 3808 1972 3862 ducti
2026 3809 2079 3864 id
2122 3809 2301 3866 facere

728 3893 950 3947 vellent.
987 3894 1082 3949 Ille
1120 3894 1264 3949 enim
1289 3910 1484 3952 manus
1517 3896 1803 3966 effugiebat
1858 3915 2048 3955 eorum
2112 3903 2297 3957 valere

727 3984 1076 4053 jurijurando
1129 3988 1336 4043 dicens.
1386 3988 1521 4058 Lupi
1557 4005 1684 4045 vero
1720 3990 1921 4046 l‘rustra
1976 3993 2145 4047 hianti
2203 4010 2299 4049 ore

731 4086 1018 4141 s'eterunt,
1053 4078 1218 4135 Paulo
1250 4096 1356 4134 non
1395 4082 1544 4148 laeso,
1604 4097 1917 4153 quanquam
1960 4093 2015 4139 et
2054 4077 2201 4162 iuste
2252 4097 2306 4141 et

734 4167 936 4236 injuste
965 4169 1151 4237 iurare
1179 4173 1351 4239 parati
1375 4182 1580 4239 essent,
1615 4187 1895 4239 necantes,
1928 4178 2017 4231 alii
2042 4180 2305 4242 animam,

736 4259 828 4311 alii
866 4273 1085 4329 corpus.
1113 4259 1300 4331 Operae
1336 4266 1569 4333 pretium
1618 4280 1740 4320 esse
1802 4267 2019 4322 videtur
2067 4271 2309 4339 pericula

734 4348 963 4407 Romam
998 4353 1371 4422 navigantium
1409 4372 1701 4426 exponere.

2398 3250 2490 3303 καὶ
2550 3250 2903 3318 δικαστήριον
2962 3249 3027 3313 δὴ
3085 3250 3472 3317 συγκροτεῖται
3550 3248 3646 3299 καὶ
3711 3249 3975 3315 παρῆσαν

2396 3341 2727 3410 ἁνομοῦντες
2758 3342 3057 3410 ἀρχιερεῖς,
3085 3340 3178 3392 καὶ
3211 3341 3375 3391 πάλιν
3398 3337 3607 3397 Παῦλος
3631 3339 3771 3391 κατὰ
3798 3338 3991 3405 στόμα

2396 3433 2757 3501 τυπτόμενος.
2801 3432 2922 3485 Ἔτι
2972 3432 3137 3483 πάλιν
3197 3432 3476 3501 συστροφὴ
3519 3432 3613 3484 καὶ
3662 3430 3981 3499 συνωμοσία

2400 3527 2510 3580 τῶν
2541 3526 3063 3595 ἁναθεματισάντων
3113 3524 3366 3589 ἑαυτοὺς,
3403 3525 3541 3594 μήτε
3585 3524 3784 3592 φαγεῖν
3814 3521 3986 3591 μηδε-

2403 3619 2517 3681 νὸς,
2557 3617 2694 3687 μήτε
2744 3618 2912 3679 πιεῖν,
2947 3616 3140 3684 μέχρις
3168 3614 3237 3668 ἂν
3282 3612 3501 3684 δηλώσῃ
3532 3611 3744 3674 Παῦλος
3789 3611 3987 3673 κακῶς

2405 3708 2869 3777 πολιτευσάμενος
2921 3707 2998 3775 τῷ
3029 3707 3217 3769 κακῶς
3249 3704 3585 3770 ἀπαλλάξαι.
3616 3704 3725 3757 Καὶ
3773 3704 3986 3770 γνῶσις

2402 3799 2479 3870 τῷ
2510 3799 2777 3871 χιλιάρχῳ
2800 3797 2898 3866 τῆς
2922 3795 3240 3863 ιπιὸουλῆς,
3263 3796 3358 3849 καὶ
3390 3796 3599 3858 Παῦλος
3622 3795 3983 3862 ἀνεπέμπετο

2406 3894 2542 3963 πρὸς
2593 3893 2718 3953 τοὺς
2779 3889 3076 3959 ἡγεμόνας,
3108 3889 3363 3942 κάκεῖθεν
3418 3888 3555 3957 πρὸς
3603 3886 3826 3955 Ῥώμην
3886 3889 3989 3939 καὶ

2408 3986 2699 4053 Καίσαρα·
2754 3983 2844 4037 ὅτε
2891 3982 2955 4051 δὴ
3008 3982 3103 4036 καὶ
3160 3979 3407 4051 άκριὸῶς
3451 3982 3499 4032 οῖ
3539 3978 3991 4040 ιπιδουλεύοντες

2411 4081 2672 4151 ᾔσθοντο,
2727 4078 2804 4141 ὡς
2874 4075 2979 4144 τῆς
3037 4072 3222 4127 αὐτῶν
3286 4073 3552 4143 πονηρίας
3630 4073 3901 4142 κρείττων
3954 4075 3990 4142 η

2414 4172 2628 4227 Παύλου
2660 4169 2875 4231 σύνεσις
2928 4162 2995 4239 ἦν
3021 4181 3038 4198 ο
3070 4167 3164 4219 καὶ
3191 4165 3265 4227 ὡς
3302 4165 3350 4218 οἱ
3399 4166 3498 4235 μὲν
3527 4166 3779 4242 ἀρχιερεῖ
3808 4182 3996 4234 παρα-

2412 4267 2560 4333 νόμῳ
2590 4260 3045 4329 δστρατηγοῦντο,
3080 4257 3291 4319 Παῦλος
3317 4257 3374 4309 δὲ
3402 4256 3546 4323 Θεῷ,
3581 4249 3642 4309 οὗ
3676 4256 3996 4324 σοφώτερον

2417 4358 2571 4412 οὐδὲν
2629 4353 2749 4407 οῦδὶ
2815 4350 3183 4423 ίσχυρότερον’
3215 4347 3398 4402 καίτοι
3429 4347 3539 4400 τῶν
3586 4349 3766 4417 ὅρκων
3806 4349 3999 4410 αὐτοῖς

732 4444 890 4518 οἶμαι
953 4452 1328 4520 μεταμελῆσαι
1381 4453 1541 4524 εῖπερ
1607 4455 1855 4523 εὐορκεῖν
1914 4454 2126 4525 ἤθελον.
2192 4454 2252 4510 Ὅ
2289 4459 2391 4525 μὲν
2426 4455 2533 4522 γὰρ
2557 4454 2657 4513 τὰς
2688 4448 2867 4501 αὐτῶν
2892 4445 3055 4507 εὐθὺς
3076 4446 3267 4514 χεῖρας
3287 4442 3470 4511 διέδρα
3490 4443 3703 4513 χαίρειν
3733 4438 3853 4509 ἅμα
3878 4444 3998 4503 τοῖς

731 4545 918 4611 ὅρκοις
939 4545 1097 4613 ἀφείς
1128 4560 1146 4578 ο
1174 4547 1224 4598 oi
1253 4545 1310 4598 δὲ
1359 4546 1513 4601 λύκοι
1571 4550 1751 4619 μάτην
1777 4552 2034 4619 χανόντες
2087 4550 2348 4619 ἔστησαν,
2386 4548 2598 4604 Παῦλον
2652 4543 2749 4614 μὲν
2771 4541 2872 4594 οὐκ
2895 4538 3257 4611 ἀνῃρηκότες.
3278 4536 3488 4591 ἑαυτῶν
3509 4536 3566 4589 δὲ
3592 4536 3697 4589 κᾶν
3726 4538 3984 4605 εὐορκεῖν

734 4638 841 4692 κᾶν
890 4638 1212 4711 ψευδορκεῖν
1257 4634 1398 4711 ἦσαν
1449 4640 1658 4712 ἕτοιμοι
1708 4642 2023 4713 αὐτόχειρες
2083 4645 2364 4712 γεγονότες
2402 4641 2482 4705 τῷ
2505 4638 2743 4706 δευτέρῳ
2801 4634 2900 4703 μὲν
2924 4631 3025 4702 τῆς
3048 4628 3250 4701 ψυχῆς,
3290 4629 3368 4699 τῷ
3398 4630 3648 4700 προτέρῳ
3668 4629 3727 4683 δὲ
3761 4632 3861 4684 καὶ
3898 4632 3998 4684 τοῦ

736 4730 1010 4801 σώματος.
1061 4735 1242 4799 Δόξειε
1269 4736 1315 4790 δ’
1358 4738 1425 4791 ἂν
1474 4734 1599 4790 νοῦν
1628 4735 1771 4805 ἔχειν
1807 4737 1901 4788 καὶ
1960 4736 2019 4789 τὸ
2068 4738 2195 4799 τοῦς
2249 4735 2527 4796 κινδύνους
2592 4733 2719 4792 τοὺς
2750 4728 2891 4783 κατὰ
2920 4728 3010 4782 τδν
3045 4729 3124 4790 είς
3176 4726 3399 4796 Ῥώμην
3458 4723 3632 4778 πλοῦν
3695 4724 4001 4791 ἐξετάζειν.

809 4876 874 4931 Et
906 4885 966 4931 ut
994 4893 1184 4935 omnes
1237 4894 1395 4950 atquo
1435 4880 1621 4935 animo
1675 4880 1994 4945 suﬂerehat.
2051 4880 2306 4951 geminis,
2344 4889 2357 4943 ι

2494 4878 2603 4933 Καὶ
2648 4877 2723 4939 ὡς
2776 4875 2983 4935 πάντας
3032 4871 3109 4938 (1)
3172 4870 3418 4942 εὐψύχως
3450 4871 3644 4940 ἔφερεν
3696 4870 3839 4939 ὓπερ
3885 4870 4009 4933 ἑνὸς

736 4978 875 5024 terra
911 4970 1180 5039 marique,
1217 4970 1301 5026 vel
1338 4974 1522 5040 potius
1551 4971 1721 5026 variis
1772 4971 2033 5042 periculis
2067 4988 2163 5039 pro
2192 4974 2308 5024 suto

735 5060 958 5113 Christo
984 5076 1043 5115 se
1077 5063 1250 5129 ipsum
1297 5078 1597 5131 exponens,
1663 5073 1718 5119 et
1762 5064 2001 5133 ubique,
2059 5065 2313 5131 quamvis

737 5166 846 5205 non
879 5151 1141 5205 indictam
1177 5156 1636 5226 conciliatamque
1689 5155 2087 5210 elementorum
2150 5170 2311 5207 secn-

740 5246 957 5299 ritatem
987 5246 1293 5303 inveniens.
1327 5248 1619 5314 Caeterum,
1664 5250 1943 5312 sinamus.
1981 5248 2026 5303 si
2071 5247 2311 5311 videtur,

742 5334 893 5385 illum
924 5335 1103 5403 ipsum
1139 5347 1190 5390 et
1216 5338 1327 5390 hare
1359 5346 1412 5391 et
1444 5338 1548 5391 alia
1586 5352 1685 5391 sua
1725 5338 1965 5406 pericula
2016 5352 2313 5405 exponere,

744 5433 805 5476 ut
843 5429 1150 5482 orationem
1175 5440 1439 5489 nostram.
1478 5429 1648 5496 ipsius
1677 5443 1898 5497 quoque
1925 5428 2125 5490 verbis.
2154 5441 2314 5494 quem

744 5517 1035 5573 admodum
1085 5530 1140 5576 et
1190 5520 1348 5574 factis
1408 5521 1653 5574 nonnihil
1710 5536 1968 5576 ornemus
2012 5537 2029 5577 :
2084 5518 2316 5574 Minis-tri

820 5758 893 5822 (l)
932 5755 969 5809 ll
999 5772 1026 5810 «ι
1089 5756 1137 5807 in
1178 5755 1273 5822 ipit
1307 5755 1467 5808 editio
1504 5757 1720 5812 Gt'etser
1745 5772 1866 5811 ana.

2417 4971 2513 5025 τοῦ
2565 4968 2801 5040 Χριστοῦ
2845 4968 3053 5026 διπλοῖς
3103 4968 3199 5019 καὶ
3246 4966 3391 5018 κατὰ
3436 4964 3541 5033 γῆν
3571 4966 3664 5016 καὶ
3697 4963 4007 5027 θάλατταν,

2425 5062 2459 5132 ἢ
2526 5062 2727 5129 μᾶλλον
2800 5063 3033 5122 εἰπεῖν,
3071 5058 3402 5121 πολλαπλοῖς
3468 5055 3739 5118 κινδύνοις
3813 5055 4012 5108 ἑαυτὸν

2421 5154 2680 5216 ἐκδιδοὺς,
2733 5154 2827 5207 καὶ
2871 5153 3181 5221 ἀκήρυκτον
3234 5150 3511 5219 πανταχοῦ
3554 5149 3666 5201 τῶν
3722 5148 4012 5216 στοιχείων

2420 5247 2601 5316 ἑαυτῷ
2654 5245 2754 5314 τὴν
2808 5245 3110 5312 ἀσφάλειαν
3186 5244 3347 5311 ἔχων.
3412 5241 3554 5311 Πλὴν
3624 5240 3763 5292 ἀλλὰ
3825 5238 4015 5308 δῶμεν

2422 5338 2609 5405 ἡμεῖς,
2658 5336 2708 5387 εί
2759 5334 2928 5398 δοκεῖ,
2978 5334 3071 5385 τὸν
3121 5331 3287 5384 αὐτὸν
3334 5329 3501 5382 αὑτοῦ
3563 5330 4009 5398 μνημονεύεσθαι

2421 5426 2682 5480 κινδύνων
2715 5426 2920 5477 τούτων
2972 5440 3029 5475 τε
3076 5421 3311 5475 καὶτῶν
3356 5422 3553 5485 ἄλλων,
3586 5422 3675 5474 ἵνα
3724 5421 3819 5474 τὸν
3872 5420 4011 5489 ἡμέ-

2422 5534 2584 5586 τερον
2632 5517 2790 5583 λόγον
2844 5515 2938 5569 καὶ
2981 5517 3093 5577 τοῖς
3149 5514 3314 5569 αὐτοῦ
3363 5516 3609 5584 ῥήμασιν
3649 5513 3726 5575 ὡς
3763 5512 4010 5571 καὶτοῖς
