4234 6446
673 309 807 373 100⁸1

1893 297 2189 360 ΜΑΧΙΜΙ
2230 297 2418 356 PLAN
2437 297 2608 358 UDA!

3796 286 3938 350 1068

670 418 933 496 gerebat?
965 417 1123 486 Atqui
1184 420 1255 487 et.
1288 413 1400 467 haec
1473 408 1840 466 illustrissima
1895 416 2042 474 sunt,
2077 416 2208 463 caete

2358 408 2512 461 Ἀ).λά
2535 408 2630 461 καὶ
2662 404 2834 460 ταῦτα
2871 407 3338 475 περιφανέστατα,
3370 408 3507 480 πλὴν
3562 410 3660 482 οὐχ
3695 412 3819 468 ὅσον
3871 419 3943 472 έκ

675 526 797 568 rum
831 523 942 565 non
1004 511 1267 575 quantum
1323 515 1426 556 nos
1473 497 1676 569 eloqui,
1719 497 1811 551 sed
1871 502 2134 564 quantum
2177 507 2244 547 ex

674 602 824 661 tenui
853 596 1116 657 orationis
1145 595 1233 650 [ilo
1283 590 1708 661 magnitudinem
1761 589 2036 643 actionum
2095 588 2247 640 colli-

675 708 804 766 gere
865 703 1179 764 possumus.
1235 685 1424 742 Ferme
1453 690 1634 738 autem
1686 679 1740 735 iu
1802 679 2038 750 majores
2089 692 2249 733 curas

638 836 644 844 .
674 803 759 843 me
797 784 1052 856 conjicio,
1085 779 1307 852 quando
1341 779 1406 833 de
1442 777 1529 831 illa
1564 790 1690 832 cura
1738 773 1919 829 dicere
1950 770 2244 841 ingredior,

675 895 796 935 cum
852 875 987 932 nihil
1018 869 1242 930 omnlno
1287 871 1378 935 sit,
1408 869 1475 924 de
1501 884 1612 939 quo
1651 880 1772 921 cum
1829 877 2022 934 magno
2077 875 2247 931 eppa~

674 982 792 1026 ratu
827 969 1012 1024 dicere
1082 981 1191 1021 non
1274 962 1585 1019 conveniat.
1624 956 1778 1024 Quod
1813 956 1856 1012 si
1940 957 2053 1013 sola
2086 953 2248 1008 etiam

635 1086 637 1088 ·
675 1063 927 1118 Voluntas
967 1059 1105 1129 apud
1171 1072 1258 1112 me
1305 1054 1507 1126 aliquid
1571 1049 1792 1124 poterit,
1865 1048 2071 1120 gratias
2115 1061 2250 1116 apo-

677 1153 832 1206 stolis
880 1159 1165 1222 propterea
1215 1162 1392 1220 agam.
1448 1144 1524 1201 Illi
1591 1143 1762 1204 enim.
1815 1147 1871 1194 ut
1907 1139 2034 1205 alia,
2099 1139 2170 1194 ita
2197 1146 2251 1194 et

679 1244 779 1298 hoc
809 1251 1020 1308 curant,
1075 1255 1309 1311 cumque
1343 1238 1443 1294 tria
1481 1237 1608 1299 sint,
1645 1234 1711 1290 ex
1765 1232 2139 1288 contmuniore
2167 1231 2252 1286 di-

676 1322 909 1400 visione,
946 1336 997 1389 in
1044 1335 1245 1409 quibus
1301 1331 1424 1402 quis
1462 1329 1696 1386 sollicite
1725 1332 2047 1396 occupatur,
2070 1324 2249 1380 anima

680 1427 950 1492 videlicet,
989 1432 1300 1500 corpus,.et
1364 1424 1500 1478 bona
1550 1431 1796 1483 externa.
1851 1417 1997 1475 haud
2055 1415 2254 1471 dixerit

681 1525 825 1591 quis,
866 1518 989 1574 illos
1043 1517 1207 1587 hujus
1260 1516 1479 1587 quidem
1532 1530 1715 1571 curam
1783 1513 2118 1583 suscepisse,
2173 1509 2253 1563 ai-

683 1615 856 1668 terius
922 1611 1190 1681 abjeeisse
1223 1625 1236 1662 :
1276 1607 1358 1662 vel
1418 1607 1601 1662 omnia
1637 1619 1883 1670 curasse,
1933 1602 2026 1657 sed
2063 1610 2251 1671 postea

683 1705 976 1768 destitisse,
1012 1716 1193 1758 verum
1215 1699 1457 1755 omnium
1489 1699 1683 1752 horum
1712 1695 2027 1765 diligentem
2058 1706 2250 1745 curam

683 1798 948 1868 gessisse,
982 1807 1080 1849 nec
1109 1792 1279 1848 ullum‘
1321 1798 1532 1866 tempus
1555 1788 1691 1844 elabi
1726 1802 1937 1859 passos,
1962 1800 2070 1855 quo
2099 1784 2251 1840 solli-

685 1890 925 1946 citudine
951 1902 1049 1942 sua
1081 1900 1187 1939 non
1224 1883 1406 1939 omnia
1437 1881 1942 1950 complecterentur.
1972 1877 2104 1932 Nam
2134 1876 2251 1930 ani-

688 1996 899 2036 marum
930 1991 1114 2034 curam
1141 1974 1421 2046 gerebant,
1468 1971 1742 2043 quomodo
1794 1985 1853 2026 se
1894 1968 2003 2023 Deo
2059 1967 2254 2038 dignas

688 2075 1027 2137 rxhibercnt,
1051 2083 1359 2138 corporum,
1408 2075 1465 2120 ut
1502 2065 1791 2120 animabus
1832 2061 2254 2132 subjicereutur,

688 2179 864 2235 neque
896 2163 961 2216 ad
1018 2163 1243 2216 honesta
1269 2166 1567 2227 torperent.
1607 2155 1680 2211 Ex
1719 2154 1876 2210 bonis
1919 2152 2163 2210 externis
2191 2165 2253 2205 ea

689 2259 860 2312 solum
897 2252 1188 2316 curabant,
1235 2264 1353 2320 qua:
1400 2248 1467 2303 ad
1507 2249 1670 2302 vitam
1708 2245 2123 2304 sustentandam
2159 2259 2258 2298 ue-

693 2350 932 2407 cessaria
975 2351 1172 2410 erant,
1217 2339 1505 2412 superﬂuis
1537 2338 1604 2393 ad
1637 2351 1732 2392 eos
1765 2339 1854 2407 qui
1893 2336 1947 2391 in
2003 2348 2168 2390 carne
2205 2343 2260 2389 et

697 2441 958 2511 satiguine
1006 2435 1413 2494 volutabantur.
1467 2429 1731 2486 remissis.

766 2535 844 2588 Ac
889 2529 1156 2602 principle
1207 2528 1272 2582 de
1336 2538 1469 2580 cura
1524 2522 1852 2588 animarum,
1886 2529 2144 2592 tanquam
2195 2517 2263 2572 de

694 2627 988 2696 praecipua,
1058 2618 1437 2679 disserendum
1505 2615 1632 2679 erit,
1695 2628 1816 2685 qua:
1847 2627 2010 2683 quam
2071 2625 2262 2667 omnes

695 2731 875 2773 moras
928 2725 1256 2781 omnemque
1319 2707 1636 2764 dilationem
1678 2705 1732 2761 in
1795 2701 2059 2775 apostolis
2099 2701 2264 2757 abru-

2356 498 2572 569 μικρῶν
2600 499 2772 566 λόγων
2820 497 2920 561 τὰς
2984 498 3226 567 μεγάλας
3260 501 3365 554 τῶν
3409 502 3662 572 πράξεων
3694 506 3947 578 συλλογί-

2353 591 2577 644 σασθαι·
2608 587 2796 659 σχεδὸν
2822 587 2959 650 δἐἰς
2992 588 3211 657 μείζους
3239 591 3347 644 τῶν
3382 594 3617 666 πρόσθεν
3653 600 3946 666 φροντίδας

2353 680 2589 750 ἐμαυτὸν
2620 679 2910 750 έμδάλλειν
2931 679 3072 734 δοκῶ
3094 683 3193 752 τῆς
3210 683 3444 738 ἐκείνων
3467 687 3748 754 φροντίδος
3774 691 3942 748 ἕνεκα

2353 773 2532 843 λέγειν
2555 773 2868 844 ἐπιχειρῶν.
2908 773 3162 829 Μάλιστα
3191 775 3292 846 μὶν
3312 776 3419 847 γάρ
3459 779 3568 851 οὐδ’
3599 780 3715 836 εστι
3771 785 3845 852 μὴ
3875 787 3938 838 οὐ

2353 869 2452 920 σὺν
2485 866 2698 937 μεγάλῃ
2730 869 3053 939 παρασκευῇ
3087 868 3445 939 περὶξτούτων
3490 872 3686 930 είπείν.
3724 879 3770 930 εί
3803 877 3860 932 δέ
3887 898 3940 932 τι

2356 960 2453 1013 καὶ
2489 959 2550 1012 τὺ
2617 957 2905 1030 βούλεσθαι
2951 954 3112 1031 μόνον
3136 960 3223 1037 in.”
3270 962 3394 1032 ιμοὶ
3445 964 3728 1038 δυνηθείη,
3779 972 3946 1046 χάριν

2353 1050 2572 1120 εἵσομαι
2605 1052 2696 1106 καὶ
2724 1051 2812 1107 διά
2839 1051 3010 1107 ταῦτα
3067 1055 3180 1117 τοῖς
3233 1055 3573 1124 ἀποστόλοις.
3612 1059 3777 1114 Αὐτοὶ
3833 1064 3945 1131 γὰρ

2352 1141 2428 1207 ῶς
2457 1141 2566 1195 τῶν
2590 1143 2786 1210 ἀλλων,
2843 1145 2937 1199 καὶ
2988 1145 3143 1200 τοῦδε
3202 1148 3602 1217 φροντίζουσι*
3634 1153 3803 1221 τριῶν
3834 1157 3948 1220 γὰρ

2354 1237 2562 1291 τούτων
2587 1237 2780 1304 δντων,
2815 1239 2891 1303 ὡς
2918 1239 3286 1308 γενικώτερον
3326 1241 3623 1304 διελέσθαι,
3655 1239 3731 1298 ὦν
3777 1247 3947 1300 ῑνεκα

2358 1328 2691 1399 μεριμνήσει
2722 1346 2826 1395 τις.
2855 1328 3037 1401 ψυχῆς
3063 1329 3128 1402 δὴ
3148 1329 3312 1400 λέγω,
3340 1333 3591 1405 σώματός
3617 1352 3675 1389 τε
3709 1338 3802 1390 καὶ
3833 1339 3947 1394 τῶν

2355 1419 2533 1485 ῖκτδς,
2567 1421 2628 1474 οὐ
2662 1419 2758 1474 τοῦ
2794 1422 2895 1492 μεν
2925 1407 3394 1494 έπιμελουμένους
3450 1426 3645 1490 αὐτοὺς
3706 1429 3806 1484 ῖδοι
3858 1448 3947 1493 τις

2355 1511 2443 1580 ἀν,
2476 1511 2570 1567 τοῦ
2596 1512 2952 1587 δδόλιγώρως
2976 1515 3220 1586 ἔχοντας,
3253 1518 3285 1588 ἢ
3317 1519 3542 1574 πάντων
3570 1523 3948 1590 ιπιμελουμέ-

2357 1623 2502 1669 νους,
2540 1603 2660 1662 εῐτα
2678 1605 3164 1676 διαλιμπάνοντας,
3202 1609 3324 1663 ἀλλ’
3344 1609 3468 1665 οὒτε
3493 1611 3700 1667 τούτων
3725 1615 3946 1676 οὐδενὸς

2356 1695 2480 1766 δίχα
2512 1697 2620 1752 τῶν
2666 1695 2869 1752 λοιπῶν
2903 1697 3259 1768 κηδομένους,
3296 1700 3392 1754 καὶ
3446 1701 3635 1771 χρόνον
3665 1703 3946 1772 ὑπερδαν-

2355 1804 2454 1849 τας
2485 1787 2698 1852 οὐδένα,
2725 1787 2897 1860 χωρὶς
2922 1788 3018 1842 τοῦ
3049 1790 3308 1859 πρόνοιαν
3339 1791 3599 1846 ἁπάντων
3637 1793 3854 1846 ποιιίσῦ
3869 1813 3941 1847 ιι.

2356 1875 2560 1949 Ψυχῶν
2595 1877 2696 1946 μὶν
2728 1877 2836 1950 γὰρ
2865 1877 3204 1948 ιφρόντιζον,
3250 1879 3373 1934 τίνα
3402 1881 3607 1951 τρόπον
3635 1883 3788 1946 ἀξίας
3816 1885 3948 1937 ἑαυ-

2358 1972 2457 2035 τάς
2493 1971 2790 2042 παρέξουσι
2822 1971 2899 2041 τῷ
2928 1970 3048 2041 Θεῷ
3074 1985 3090 2000 ⁶
3143 1974 3416 2043 σωμάτων
3471 1973 3551 2039 δι,
3609 1974 3683 2037 ὼς
3741 1973 3806 2028 ἂν
3851 1977 3951 2029 καὶ

2360 2061 2559 2132 ψυχαῖς
2591 2062 2984 2116 ὑποτάττοιντο
3009 2061 3106 2116 καὶ
3139 2064 3214 2132 μὴ
3244 2065 3487 2118 ἁτονοῖεν
3517 2067 3651 2133 πρὸς
3684 2065 3751 2119 τά
3781 2067 3947 2120 καλά.

2360 2154 2482 2209 Τῶν
2507 2154 2553 2210 δ’
2577 2155 2736 2220 tm;
2773 2155 2953 2225 μόνων
2983 2155 3119 2226 πρὸς
3148 2158 3246 2225 τῆς
3279 2155 3498 2224 φύσεως
3529 2158 3847 2223 ἀναγκαίως
3883 2175 3950 2226 γε

2362 2248 2782 2317 ἀπαιτουμένων
2836 2247 3120 2302 έποιοῦντο
3183 2248 3278 2303 τὸν
3333 2249 3514 2318 λόγον.
3554 2249 3635 2304 Τὰ
3683 2250 3792 2320 γὰρ
3853 2267 3955 2303 πε-

2367 2337 2525 2408 ριττά
2574 2341 2688 2403 τοῖς
2745 2339 2880 2410 περὶ
2957 2339 3136 2411 σάρκα
3199 2340 3644 2411 καλινδουμένοις
3715 2342 3953 2414 ἀπέρρι-

2362 2429 2491 2501 om.

2439 2519 2547 2574 Kal
2572 2521 2770 2591 πρῶτα
2804 2520 2868 2592 δὴ
2909 2521 3010 2592 τῆς
3043 2521 3154 2576 τῶν
3200 2521 3390 2594 ψυχῶν
3438 2523 3718 2594 φροντίδος
3757 2525 3952 2591 ἓνεκα,

2365 2610 2462 2666 ατε
2495 2613 2590 2665 καὶ
2621 2612 2843 2682 πρώτης
2908 2613 3255 2686 διαληπτέον.
3290 2615 3439 2688 Αὕτη
3485 2615 3531 2671 δ’
3567 2617 3650 2673 ὅτι
3684 2617 3786 2688 μὶν
3848 2636 3959 2689 μη-

2366 2703 2561 2775 δεμίαν
2589 2705 2901 2780 ὑπερϐολὴν
2922 2707 3314 2766 ἀπολείπουσιν
3343 2712 3628 2784 ένηργεῖτο
3669 2716 3780 2776 τοῖς
3816 2714 3956 2767 ἀπο-

693 2809 854 2881 perit.
879 2805 1052 2862 cuivis
1087 2801 1438 2859 manifestum
1483 2799 1574 2855 lict
1601 2797 1697 2853 vel-
1737 2813 1805 2855 ex
1839 2795 1954 2853 sola
1983 2795 2255 2851 celeritate

2369 2800 2599 2868 creditore,
2622 2802 2786 2857 παντί
2815 2820 2893 2872 τῳ
2918 2803 3079 2874 δῆλον
3108 2803 3176 2859 ἀν
3204 2805 3471 2875 γίγνοιτο,
3505 2806 3614 2861 κάκ
3651 2808 3818 2876 eam
3855 2806 3955 2861 τοῦ

694 2898 970 2971 Evangelii
1021 2897 1222 2968 ubique
1291 2892 1657 2965 pradicandi;
1708 2892 1781 2947 ita
1821 2899 1879 2944 ut
1949 2887 2157 2943 nullum
2192 2888 2255 2940 lo-

2371 2892 2626 2948 σπεύδιιν
2666 2893 2944 2965 πανταχοῦ
3001 2896 3301 2972 κηρύττειν
3330 2898 3394 2952 τὸ
3432 2898 3790 2968 Εὑαγγέλιον.
3853 2902 3958 2954 καὶ

693 3010 817 3050 cum
856 2989 1066 3047 cmlesti
1095 2987 1358 3044 doctrina:
1392 2986 1670 3042 occultum
1702 2997 1823 3039 esse
1854 2981 2119 3044 sinerent,
2156 2992 2255 3032 non

2375 2983 2580 3054 μηδένα
2600 2985 2764 3038 τόπον
2799 2985 3089 3040 ἀδιάδατον
3117 2989 3188 3058 τῇ
3221 2986 3538 3059 διδασκαλίᾳ
3564 2991 3845 3058 παρεῖναι,
3877 2993 3958 3061 μὴ

697 3082 928 3148 insulas,
962 3095 1070 3135 non
1104 3078 1496 3141 continentem,
1553 3089 1684 3139 non,
1741 3076 1786 3130 si
1827 3086 1989 3142 quam
2053 3070 2255 3126 tertiant

2371 3075 2592 3145 νήσους,
2627 3074 2704 3145 μὴ
2735 3077 2988 3146 ἠπειρον,
3025 3076 3148 3146 μηδ’
3175 3075 3231 3130 εῖ
3254 3095 3379 3133 τινα
3409 3079 3604 3150 τρίτην
3631 3080 3957 3149 ἀνθρώποις

697 3172 1082 3228 habitationem
1151 3169 1462 3225 hominibus
1534 3175 1729 3222 natura
1797 3163 2094 3220 concessit.
2134 3161 2255 3218 Nan

2378 3167 2666 3221 κατοικίαν
2693 3169 2729 3238 ἡ
2757 3168 2921 3238 φύσις
2952 3167 3145 3224 taceo».
3175 3168 3249 3223 Τὸ
3277 3169 3392 3241 γὰρ
3439 3175 3746 3244 πανταχόσε
3793 3191 3861 3228 πε
3871 3193 3959 3245 9t-

699 3280 891 3322 ontnns
929 3263 1176 3340 regiones
1231 3256 1637 3329 evangelizandi
1670 3254 1846 3328 gratia
1882 3254 2139 3316 circuire,
2166 3267 2255 3307 nor

2377 3259 2585 3311 νοστεῖν
2613 3258 2699 3328 ῖφ⁸
2723 3252 2767 3327 ᾧ
2789 3259 3114 3330 κηρύττοιεν
3147 3262 3268 3315 ἀντὶ
3294 3260 3391 3316 τοῦ
3417 3264 3764 3335 ταλαίπωρον
3793 3267 3897 3320 ύπι
3910 3287 3958 3320 ι-

703 3357 862 3411 modo
907 3367 1015 3409 non
1100 3363 1286 3421 grave,
1340 3347 1432 3403 sed
1478 3354 1534 3401 et
1588 3344 1744 3399 valde
1791 3342 1906 3397 leve
1964 3340 2251 3395 videbatur

2376 3349 2579 3419 λῆφοαι
2609 3349 2811 3418 κοῦφον
2840 3349 3039 3405 ιδόκει.
3073 3350 3198 3406 Ὀτι
3246 3353 3302 3407 δὲ
3337 3354 3431 3407 καὶ
3475 3352 3566 3409 διὰ
3619 3353 3824 3417 παντὸς
3855 3354 3957 3409 τοῦ

703 3445 991 3516 Apostolos
1039 3455 1168 3498 vero
1214 3439 1329 3496 haec
1377 3452 1592 3508 semper
1686 3435 1985 3497 factitasse,
2058 3435 2140 3487 vel
2179 3432 2248 3486 l'e

2373 3440 2436 3493 τό
2452 3456 2516 3506 γε
2544 3439 2836 3510 έπραττον,
2866 3441 3073 3512 Πέτρου
3103 3443 3203 3512 μιν
3223 3442 3432 3516 ἀκούσῃ
3452 3444 3662 3500 δίκαιον
3690 3447 3952 3518 ἡγεῖσθαι

678 3552 848 3595 trum
893 3536 1042 3600 audi,
1107 3533 1200 3604 qui
1234 3550 1253 3585 ι
1293 3532 1499 3603 justum
1555 3529 1871 3592 arbitratur,
1917 3523 2159 3596 qu:mdiu
2192 3539 2250 3579 es

2373 3533 2700 3604 γράφοντος,
2725 3550 2745 3586 ε
2773 3534 2859 3601 ιφ“-
2876 3534 3010 3604 ὅσην
3034 3533 3181 3589 έστὶν
3207 3538 3264 3589 έν
3299 3534 3378 3604 τῷ
3406 3537 3724 3608 σκηνώματι
3747 3539 3954 3609 τούτῳ,

702 3631 755 3686 ἱι
805 3631 905 3683 hoc
975 3625 1350 3690 tabernaculo,
1412 3632 1678 3678 suscitare
1746 3621 1798 3674 in
1847 3616 2255 3673 cotlttnoniliunt

2376 3625 2664 3696 διεγείρειν
2695 3627 2754 3679 έν
2782 3625 3089 3695 ὑπομνήσει
3118 3626 3246 3691 τοὺς
3270 3627 3520 3699 μαδητάς
3551 3646 3566 3664 ο
3598 3647 3618 3682 s
3650 3630 3867 3686 Παύλου
3894 3633 3955 3687 δὲ

705 3718 1002 3792 discipulos
1032 3718 1070 3750 ”
1108 3754 1122 3771 .
1155 3734 1175 3769 ι
1217 3714 1284 3770 Et
1326 3713 1524 3768 Paulus
1556 3729 1574 3762 ι
1611 3712 1906 3765 debitorem
1927 3722 1983 3764 se
2011 3722 2132 3764 esse
2153 3720 2272 3778 pro-

708 3815 883 3869 fessus
916 3817 1000 3866 est
1030 3805 1235 3864 Grecis
1286 3803 1644 3865 et-Barbaris,
1693 3801 2029 3870 sapientibus
2093 3811 2145 3855 et
2191 3803 2272 3854 itt-

2384 3719 2697 3788 ιδφειλέτην
2713 3719 2906 3776 ἑαυτὸν
2929 3714 3070 3774 εῐναι
3099 3719 3351 3790 λέγοντος
3369 3722 3596 3794 Ἕλλησί
3621 3741 3679 3778 τε
3695 3726 3790 3780 καὶ
3820 3727 3958 3798 βαρ-

2376 3810 2587 3882 ϐάροις,
2617 3813 2803 3880 σοφοῖς
2831 3827 2893 3866 τε
2921 3811 3018 3867 καὶ
3041 3812 3311 3884 ἀνοήτοις,
3352 3831 3372 3866 ι
3407 3813 3503 3870 καὶ
3537 3815 3635 3886 τὴν
3670 3816 3956 3889 μέριμναν

707 3901 1030 3974 sipientibus
1063 3899 1140 3953 ".
1175 3915 1196 3950 ι
1225 3897 1432 3951 Etcum
1463 3894 1876 3950 sollicitudinem
1920 3892 2159 3949 omnium
2187 3907 2255 3948 ec

2373 3901 2666 3967 διεξιόντος
2746 3903 2939 3958 πασῶν
3011 3902 3124 3958 τῶν
3173 3905 3504 3976 έκκλησιῶν,
3560 3909 3655 3961 καὶ
3717 3909 3778 3962 τὸ
3838 3913 3957 3974 τοῖς

608 4027 611 4030 -
709 3993 997 4050 etesiarum
1041 3988 1283 4059 exponit,
1345 3993 1594 4050 testatur,
1624 3999 1683 4040 se
1749 3999 1871 4039 cum
1951 3983 2273 4038 inﬁrmanti-

709 4083 812 4136 bus
862 4077 1147 4143 inlirmari,
1201 4084 1255 4131 et
1291 4075 1393 4140 uri,
1445 4073 1659 4143 quoties
1689 4073 1812 4143 quis
1851 4073 2272 4136 scandalizatur,

711 4189 757 4226 ot
795 4185 1012 4228 rursum
1075 4183 1157 4234 se,
1189 4182 1311 4223 cum
1360 4165 1496 4222 liber
1562 4173 1733 4231 esset,
1767 4167 2010 4222 omnium
2054 4180 2271 4220 servum

716 4267 918 4318 r«ctum
974 4276 1114 4318 esse.
1168 4257 1310 4328 Quid
1366 4257 1466 4313 hac
1522 4256 1899 4314 sollicitudine
1960 4256 2270 4321 sollicitius,

715 4353 1160 4426 quandoquidem
1200 4365 1322 4406 cum
1382 4357 1603 4419 possent
1639 4348 1723 4403 sui
1766 4347 1909 4418 juris
1949 4363 2092 4415 esse,
2127 4346 2270 4410 aliis,

2373 3995 2664 4052 ἀσθενοῦσι
2713 3995 3084 4063 συνασοενεῖν,
3141 3998 3237 4050 καὶ
3287 3997 3589 4071 πυροῦσθαι
3639 4002 3836 4063 ὁσάκις
3868 4020 3958 4068 τις

2375 4089 2443 4143 ἂν
2478 4087 2926 4161 σκανδαλίζηται,
2955 4088 3054 4144 καὶ
3074 4088 3145 4144 αὖ
3181 4089 3346 4150 πάλιν
3373 4091 3450 4155 ὡς
3478 4091 3763 4163 έλιύίὶερος
3782 4091 3862 4147 ῶν
3889 4096 3959 4150 ἐκ

2375 4181 2617 4246 πάντων,
2650 4181 2817 4235 πᾶσιν
2842 4179 3140 4236 meum
3172 4181 3390 4238 ἑαυτόν.
3425 4180 3492 4236 Τί
3531 4181 3693 4252 τῆσδε
3724 4185 3823 4255 τῆς
3855 4202 3960 4256 κη.

2375 4271 2632 4343 δεμονίας
2663 4269 2863 4343 γένοιτ’
2890 4269 2959 4327 ἀν
2984 4270 3531 4344 κηδεμονικόντερονς
3559 4273 3720 4328 ὁπότε
3743 4276 3959 4329 ἑαυτῶν

2377 4359 2516 4418 εἶναι
2544 4363 2851 4430 δυνάμενοι,
2889 4363 3098 4433 έτέροις
3131 4363 3342 4418 δαυτῶν
3390 4364 3793 4435 ὑπεξέστησαν.
3861 4369 3965 4421 κά·-

716 4417 1086 4502 έυύίοειέείιε
1113 4456 1176 4500 se
1225 4417 1511 4513 potestate,
1558 4454 1680 4496 sese
1705 4417 2068 4503 tradiderunt,
2101 4438 2255 4508 iisqut

2377 4417 2729 4524 κείνοιςούξιὶ
2760 4417 3006 4524 μετρίοις
3058 4417 3422 4520 εγίπεῐν,ἀλλ’
3466 4417 3629 4519 ὅσους
3653 4417 3793 4510 ὀδδξ
3839 4417 3960 4512 ἔστι

715 4553 820 4593 nou
857 4536 1069 4607 paucis,
1095 4532 1190 4592 sed
1233 4531 1483 4597 infinitis,
1504 4545 1643 4601 quos
1679 4531 1829 4585 nullo
1861 4542 2087 4584 numero
2118 4544 2271 4584 com-

715 4629 1053 4699 prehendere
1083 4624 1286 4682 liceat?
1320 4625 1463 4680 Satis
1485 4625 1629 4680 enim
1671 4624 2074 4690 existimabant,
2126 4626 2273 4680 euris

715 4733 830 4773 sese
872 4717 1214 4786 immergere,
1262 4721 1316 4770 et
1372 4713 1619 4768 miserias
1668 4713 1899 4783 perpeti,
1961 4722 2020 4767 ut
2056 4727 2272 4774 omnes,

717 4811 761 4865 si
808 4808 921 4865 lieri
953 4791 1152 4879 pesset,
1190 4794 1486 4871 salvarent,
1521 4820 1681 4877 quam
1722 4803 1954 4875 propriis
2010 4804 2273 4860 duntaxat

715 4899 1014 4956 l'OlilmOdll
1045 4896 1374 4970 prospicere.

787 4990 1053 5045 Caeterum
1113 4991 1214 5045 hoc
1277 4990 1464 5045 itidem
1521 4991 1587 5046 de
1636 4991 1896 5060 apostotis
1957 4991 2274 5054 dicendum,

722 5103 762 5136 ι..
814 5083 993 5139 dicere
1023 5082 1267 5154 justum;
1303 5095 1382 5138 est
1416 5093 1591 5139 autem
1627 5085 1860 5154 justum,
1917 5095 1971 5140 et
2036 5086 2275 5140 omnium

724 5174 1132 5230 niasitnezaton
1199 5177 1339 5230 enim
1416 5176 1636 5253 ηιρύίοω
1695 5191 1837 5232 cura:
1895 5186 2273 5248 argumentum

754 5280 793 5316 κε
878 5263 1051 5337 Opera
1099 5268 1463 5333 apostolorum
1523 5277 1871 5323 accesserunt
1955 5273 2020 5324 ad
2071 5270 2275 5326 Christi

724 5369 736 5410 ι
779 5365 822 5406 t.-
872 5395 874 5400 .
913 5358 1073 5414 etiam
1137 5355 1412 5421 ιηιιιτίδωὶι
1456 5358 1544 5427 qui
1600 5368 1654 5413 et
1697 5360 2019 5431 evangelica:
2091 5366 2275 5431 gratiae

723 5452 1033 5516 credebant,
1069 5461 1121 5504 et
1166 5464 1194 5502 a
1227 5449 1342 5522 lege
1384 5448 1616 5505 Mosaiea
1670 5452 1939 5508 absistere
1980 5469 2146 5524 grave
2177 5455 2272 5525 ju-

718 5545 1006 5609 dicabant;
1061 5541 1323 5612 praecipue
1358 5545 1501 5612 quod
1580 5545 1862 5600 credentes
1911 5561 1974 5602 ex
2034 5548 2271 5604 ethnicis

794 5729 827 5741 ’-
863 5707 911 5774 ἰι
968 5717 1179 5782 Peli-.1,
1227 5720 1306 5807 ις’».
1393 5722 1430 5750 τ·
1475 5719 1622 5772 “om.
1663 5739 1696 5787 ι,
1748 5725 1824 5776 ιι.

2379 4547 2700 4615 περιλαϐεῖν
2718 4546 2959 4617 ἀριθμῷ.
2991 4545 3208 4601 Βέλτιον
3237 4548 3349 4617 γὰρ
3371 4549 3648 4618 ἡγήσαντο
3675 4552 3964 4620 φροντίσιν

2381 4639 2612 4703 έαυτοὺς
2643 4638 2893 4702 ῖκδόντες
2921 4639 3020 4694 καὶ
3043 4639 3561 4712 ταλαιπωρούμενοι
3609 4642 3820 4706 πάντας
3859 4643 3965 4696 σῶ-

2382 4728 2517 4796 ζειν,
2545 4729 2594 4783 εί
2629 4724 2740 4784 οἷόν
2764 4745 2848 4795 τε,
2879 4729 2914 4801 ἢ
2967 4730 3244 4802 μερίμνης
3273 4732 3432 4795 me;
3479 4731 3539 4785 τὸ
3574 4731 3699 4786 καθ’
3755 4733 3962 4796 αὐτοὺς

2386 4819 2569 4889 μόνον,
2595 4820 2745 4885 ὅπως
2769 4820 2836 4874 ἀν
2869 4820 2928 4873 εὖ
2968 4821 3146 4895 σχοίη,
3177 4825 3424 4878 σκοπεῖν.

2461 5002 2568 5055 Καὶ
2601 5003 2710 5074 μὴν
2735 5005 2823 5058 καὶ
2868 5003 3026 5060 τοῦτο
3050 5023 3160 5061 των
3214 5008 3530 5062 ἀποστόλων
3558 5010 3608 5062 εί
3666 5009 3850 5078 λέγειν
3879 5012 3963 5065 δίο

2387 5109 2563 5148 καιον·
2595 5094 2803 5150 δίκαιον
2827 5095 2884 5150 δέ
2919 5113 2984 5166 γε
3029 5097 3124 5152 καὶ
3167 5097 3327 5154 τοῦτο
3373 5099 3571 5168 λέγειν,
3609 5102 3703 5155 καὶ
3754 5104 3963 5168 παντὸς

2391 5185 2615 5254 μᾶλλον·
2646 5188 2707 5241 οὗ
2748 5188 2858 5258 γὰρ
2913 5193 3116 5261 μικρᾶς
3159 5191 3256 5260 τῆς
3306 5193 3586 5263 φροντίδος
3651 5194 3961 5264 προσῆλθον

2387 5277 2483 5330 καὶ
2515 5281 2798 5348 φαρισαῖοι
2830 5280 2918 5333 διὰ
2945 5279 3055 5335 τῶν
3079 5282 3392 5338 ἀποστόλων
3420 5283 3666 5353 Χριστῷ.
3697 5283 3865 5341 Οὗτοι
3895 5288 3962 5356 δὴ

2385 5373 2452 5442 τῇ
2483 5372 2663 5441 χάριτί
2691 5389 2749 5425 τε
2784 5374 3093 5440 έπίστευον,
3145 5377 3239 5430 καὶ
3269 5378 3364 5431 τοῦ
3399 5378 3566 5449 νόμου
3619 5379 3961 5447 ἀφίστασθαι

2383 5462 2556 5515 δεινὸν
2586 5462 2822 5533 ἔκρινον,
2856 5467 2950 5519 καὶ
2988 5468 3224 5536 μάλιστα
3279 5469 3340 5522 το
3403 5471 3479 5540 μὴ
3527 5471 3961 5540 περιτέμνεσθαι

2384 5553 2506 5614 τοὺς
2539 5552 2595 5617 ἐξ
2632 5553 2799 5609 ἐθνῶν
2827 5558 3170 5627 προσιόντας,
3203 5561 3340 5631 ὅπερ
3373 5562 3446 5629 μὴ
3481 5561 3588 5614 δεῖν
3629 5560 3776 5615 οὕτω
3815 5578 3963 5628 γνο-
