4234 6446
715 436 849 499 1071

1937 423 2223 483 MAXIM]
2270 421 2648 482 l'LANUDﬂt

3824 419 3845 478 ι
3857 421 3964 480 072

708 566 833 606 rum
883 548 999 616 ipse
1037 545 1141 600 sibi
1200 543 1286 600 sui
1369 541 1522 598 exitii
1609 549 1803 594 auctor
1876 540 2284 607 cxstitit;nam

2386 538 2511 598 τοὺς
2547 535 2745 599 ἔξωθεν
2794 532 3328 603 προσλαμϐάνουσας
3372 531 3511 584 ’Λλϊ
3540 532 3746 595 ἐκεῖνος
3774 533 3962 604 ἑαυτῷ

713 641 857 696 Deus
909 651 1033 691 eum
1093 637 1163 690 sit
1193 632 1394 698 bonus,
1424 633 1597 688 bonos
1646 630 1776 684 facit
1817 638 1872 684 et
1906 639 2120 695 servat;
2154 627 2281 683 mali

711 748 840 787 vero
887 731 1145 785 malitiam
1175 729 1279 786 sibi
1361 727 1669 797 imputent;
1731 739 1854 778 cum
1907 723 2058 778 enim
2136 720 2280 774 domi

711 841 826 880 suae
862 824 1128 892 incipiunt
1181 838 1303 877 esse
1364 821 1513 879 mali,
1541 819 1605 872 de
1641 828 1840 872 caatcro
1887 815 2018 872 nihil
2055 814 2157 868 loci
2189 815 2284 866 bo-

707 933 778 972 no
839 915 1185 986 relinquitur.
1236 915 1316 968 Ex
1377 927 1487 983 quo
1532 918 1720 980 postea
1790 909 1868 973 ﬁt,
1920 921 1978 962 ut
2036 898 2283 962 bonitate

707 1007 929 1071 deserti,
1008 1008 1148 1060 male
1203 1005 1388 1060 itidem
1445 1003 1750 1058 ambulent.
1788 1000 1855 1054 Et
1901 1004 2002 1056 hoc
2060 1000 2279 1070 quidem

707 1117 876 1155 unum
933 1105 1036 1152 est.

777 1193 1041 1255 Alterum,
1108 1190 1286 1259 qualis
1386 1187 1603 1250 Petrus,
1675 1186 1768 1254 qui
1845 1183 2280 1252 coapostolorum

704 1287 1031 1342 electionem
1064 1283 1324 1346 instituit,
1356 1291 1411 1336 et
1455 1281 1523 1334 ad
1557 1293 1742 1354 parem
1776 1277 1878 1333 sibi
1937 1278 2276 1332 iunctionem

707 1378 907 1442 evehit,
962 1373 1106 1444 quod
1149 1373 1280 1428 nulli
1336 1373 1513 1437 alteri,
1542 1369 1650 1425 nisi
1691 1369 1793 1425 soli
1854 1367 2077 1424 Christo
2132 1384 2280 1423 com-

709 1484 892 1540 petere
921 1469 1166 1524 scimus:
1195 1466 1300 1519 hoc
1331 1463 1478 1518 enim
1511 1461 1659 1515 omni
1690 1463 1897 1515 honore
1940 1471 1995 1514 et
2018 1454 2279 1529 dignitate

708 1561 1040 1616 eminentius
1076 1567 1158 1613 est
1188 1575 1205 1610 ι
1240 1565 1292 1610 et
1331 1554 1432 1608 soli
1477 1553 1637 1608 Petro
1677 1567 1745 1606 ex
1790 1552 1939 1607 omni
1964 1550 2276 1604 mortalium

708 1667 936 1708 numero
997 1653 1110 1704 haec
1166 1648 1399 1702 felicitas
1474 1645 1692 1715 obtigit.
1741 1643 1943 1713 quippe
2002 1644 2094 1713 qui
2159 1643 2278 1697 loco

706 1745 914 1800 Christi
959 1744 1191 1797 aliorum
1223 1742 1332 1794 dux
1365 1749 1417 1793 et
1475 1738 1728 1806 princeps
1758 1749 1788 1788 a
1814 1735 2035 1790 Christo
2067 1735 2273 1788 constis

707 1848 854 1892 tutus
895 1844 1036 1897 erat,
1061 1834 1418 1903 ejusdemque
1450 1831 1628 1883 locum
1653 1841 1782 1895 erga
1824 1827 1965 1880 alios
2017 1827 2273 1892 tenebat;

705 1937 923 1998 propter
959 1941 1081 1995 qua:
1121 1925 1302 1978 nullus
1331 1938 1396 1976 ex
1455 1920 1580 1974 aliis
1614 1917 1880 1988 apostolis
1913 1926 2059 1970 tanta
2101 1917 2274 1970 adrni-

703 2023 917 2074 rntione
963 2018 1163 2086 dignus
1214 2027 1317 2079 est,
1374 2023 1572 2082 quanta
1633 2009 1854 2066 Petrus.
1910 2009 2082 2076 Quem
2130 2009 2275 2063 enim

703 2110 906 2179 alioqui
946 2107 1338 2175 discipulorum
1390 2107 1633 2157 omnium
1677 2102 2138 2157 lerventissimum
2195 2103 2279 2156 di-

703 2205 974 2274 scipuluut
1006 2201 1211 2257 Christi
1252 2199 1529 2261 uotimus,
1569 2212 1693 2251 cum
1733 2209 1878 2250 nunc
1918 2197 2036 2249 vice
2073 2205 2126 2250 ct
2157 2195 2278 2250 loco

701 2296 904 2351 tlhristi
973 2294 1237 2361 apostolis
1289 2291 1598 2360 pra-fectum
1686 2288 2093 2358 conspicantes,
2169 2303 2277 2356 quo

706 2387 924 2440 tandem
980 2384 1099 2438 loco
1149 2379 1517 2449 reponemus?
1575 2379 1681 2433 Sed
1731 2379 2005 2433 orationis
2042 2379 2278 2447 impetus

707 2495 735 2531 ιι
782 2478 1060 2546 proposito
1140 2474 1248 2528 huc
1331 2487 1416 2526 tne
1473 2471 1759 2525 abstraxit.
1812 2471 1883 2523 At
1937 2469 2274 2524 redeundum

704 2581 810 2625 est.
863 2571 1114 2622 Dicebam
1151 2566 1316 2635 igitur
1343 2565 1412 2619 de
1443 2564 1614 2629 curis,
1654 2563 1855 2631 quibus
1884 2563 2097 2617 animas
2131 2577 2278 2617 com-

709 2664 1086 2733 plectebautur
1141 2657 1398 2726 apostoli,
1439 2666 1496 2710 et
1529 2655 1598 2709 de
1649 2655 1771 2708 aliis
1801 2656 1907 2708 huc
1958 2653 2278 2724 pertinenti-

707 2758 834 2818 bus,
864 2768 987 2822 qum
1025 2759 1078 2804 et
1101 2750 1270 2804 multa
1308 2757 1362 2802 et
1410 2746 1596 2818 gravia
1654 2746 1825 2802 fuisse
1854 2735 2088 2801 cOnstat.

773 2844 962 2912 Quoad
1011 2857 1245 2910 corpora
1277 2839 1494 2904 attinet,
1523 2846 1783 2908 quantam
1849 2853 2040 2892 eorum
2088 2853 2273 2892 utram

708 2936 997 3007 gesserint,
1037 2917 1506 2987 indicem'certum
1542 2932 1808 2985 habemus
1839 2933 1954 3000 ipsa
1990 2933 2274 2995 miracula,

708 3036 763 3079 et
799 3027 903 3079 hoc
935 3024 1124 3086 etiam,
1175 3022 1329 3090 quod
1389 3021 1653 3088 apostolis
1696 3021 1912 3075 curatio
1961 3023 2275 3077 morborum

711 3119 884 3186 magis
931 3131 1076 3169 certe
1129 3115 1291 3168 luerit
1331 3128 1495 3182 quam
1536 3113 1671 3181 ipsis
1702 3113 1922 3183 aegrotis
1961 3131 1974 3167 :
2012 3129 2133 3168 nam
2167 3118 2277 3181 his,

2385 631 2484 699 τῆς
2515 631 2899 698 καταστροφῆς
2929 628 3130 692 αἰτιος,
3181 628 3256 690 ὼς
3302 628 3330 680 ὃ
3358 643 3421 691 γε
3450 626 3582 689 Θεδς
3612 627 3813 694 ἀγαθὸς
3857 629 3961 688 ὣν.

2385 721 2626 787 ἀγαθοὺς
2663 719 2762 788 μὲν
2786 720 2882 772 καὶ
2912 722 3056 772 ποιεῖ
3080 720 3179 772 καὶ
3205 719 3399 787 τηρεῖ·
3431 718 3593 772 κακοὶ
3633 719 3690 770 δὲ
3726 720 3960 781 ἑαυτοὺς

2387 812 2754 865 αίτιάσθωσαν
2797 811 2896 879 τῆς
2940 810 3159 872 κακίας.
3189 809 3442 862 Ἐπειδὰν
3475 809 3582 878 γὰρ
3618 809 3831 863 οῐκοθεν
3859 811 3965 880 ἆρ-

2388 905 2585 969 ξωνται
2631 905 2790 958 κακοὶ
2837 904 3103 973 γίνεσθαι,
3144 903 3298 956 οὐδὲν
3337 903 3394 956 ἐν
3423 903 3503 974 τῷ
3531 902 3722 973 ἀγαθῷ
3770 903 3964 956 λοιπόν

2385 999 2503 1050 ἐστι
2533 999 2736 1066 μένειν.
2769 997 3033 1050 Δείπεται
3061 995 3117 1048 δὲ
3159 995 3347 1048 τούτου
3389 1011 3454 1063 γε
3482 995 3640 1058 ἐκτὸς
3664 995 3964 1050 ἀπολειπο-

2389 1090 2582 1159 μένους
2606 1089 2791 1149 κακῶς
2820 1087 3088 1157 οἴχεσθαι.
3129 1086 3282 1149 Ἐνὸς
3313 1087 3413 1156 μέν
3445 1086 3537 1140 οὖν
3566 1087 3780 1141 τούτου.

2455 1174 2718 1248 Δευτέρου
2753 1180 2832 1241 δὲ,
2867 1181 2916 1231 εἰ
2951 1177 3194 1241 τοιοῦτος
3227 1180 3257 1231 ὁ
3305 1179 3530 1247 Πέτρος,
3567 1180 3641 1242 ὡς
3687 1180 3784 1233 καὶ
3832 1198 3964 1233 συνο

2386 1272 2703 1326 αποστόλων
2734 1272 2963 1340 ἐκλογὴν
3017 1273 3310 1337 ποιεῖσθαι,
3364 1273 3459 1325 καὶ
3510 1273 3646 1341 πρὸς
3687 1273 3789 1344 τὴν
3841 1276 3967 1344 ἴσην

2386 1365 2535 1435 αύτῷ
2565 1363 2934 1431 καθιστάνειν,
2977 1365 3258 1418 διακονίαν
3294 1365 3322 1417 δ
3361 1364 3590 1435 μηδενὸς
3617 1367 3782 1419 ἄλλου
3829 1370 3970 1435 πρό-

2388 1456 2510 1508 σΟεν
2548 1454 2606 1507 ὃν
2637 1456 2794 1525 ἴσμεν
2826 1455 2860 1526 ἢ
2904 1457 3066 1525 μόνου
3120 1456 3381 1528 Χριστοῦ.
3415 1457 3587 1511 Τοῦτο
3641 1459 3751 1528 γὰρ
3792 1462 3966 1528 τιμῆς

2425 1550 2604 1618 ’πάσης
2636 1550 2921 1610 ἐπέκεινα,
2967 1551 3062 1602 καὶ
3096 1551 3257 1619 μόνος
3303 1547 3608 1618 ἀνθρώπων
3651 1551 3967 1619 εὐτυχήσας

2383 1639 2545 1692 τοῦτο
2578 1640 2782 1708 Πέτρος
2814 1640 3010 1707 ἐφάνη,
3064 1642 3186 1692 ἀντὶ
3222 1641 3458 1710 Χριστοῦ
3493 1642 3602 1695 τῶν
3647 1641 3825 1695 ἄλλων
3874 1646 3968 1694 αἱ-

2387 1731 2563 1800 ρεθεὶς
2612 1734 2910 1801 κορυφαῖος
2962 1734 3112 1801 παρὰ
3164 1731 3403 1804 Χριστοῦ
3455 1735 3548 1785 καὶ
3595 1736 3688 1786 τὸν
3742 1735 3964 1787 ἐκείνου

2384 1826 2544 1878 τόπον
2576 1825 2646 1878 τὰ
2671 1827 2806 1893 πρὸς
2835 1829 2960 1890 τοὺς
2982 1827 3174 1888 ἄλλους
3206 1828 3411 1897 τηρῶν.
3451 1828 3534 1880 Δι’
3561 1827 3596 1881 ἃ
3633 1829 3698 1899 δὴ
3727 1831 3818 1881 καὶ
3849 1835 3960 1900 πρὸ

2381 1919 2574 1972 ἐαυτοῦ
2631 1920 2818 1973 οὐδένα
2870 1920 3246 1991 θαυμάζεσθαι
3292 1923 3402 1975 τῶν
3453 1923 3630 1978 ἄλλων
3701 1927 3957 1996 ἀφίησιν.

2387 2014 2483 2066 Ὃν
2515 2013 2620 2084 γὰρ
2653 2017 2746 2065 καὶ
2779 2014 2953 2077 ἄλλως
2982 2017 3089 2080 πρὸ
3126 2017 3347 2072 πάντων
3378 2018 3711 2086 ἠγασάμεθα
3761 2021 3964 2088 Θερμό-

2379 2122 2543 2158 τατον
2589 2107 2808 2159 πάντων
2866 2107 3116 2177 μαθητὴν
3166 2109 3469 2174 ἐγνωκότες
3529 2111 3808 2180 Χριστοῦ,
3867 2114 3966 2165 νῦν

2380 2199 2500 2250 ἀντὶ
2554 2198 2789 2267 Χριστοῦ
2822 2203 2956 2263 τοῖς
3000 2201 3321 2263 ἀποστόλοις
3363 2204 3602 2272 ὁρῶντες
3650 2205 3962 2275 γινόμενον,

2382 2294 2486 2345 ποῦ
2528 2295 2772 2356 στάσεως
2802 2295 3017 2346 τάττειν
3049 2295 3376 2363 ὀφείλομενς
3418 2295 3561 2348 Ἀλλ’
3614 2299 3642 2347 ὁ
3698 2297 3858 2364 λόγος
3893 2317 3964 2366 με

2384 2387 2739 2456 συναρπάσας
2767 2388 2875 2440 τῶν
2908 2388 3287 2457 προκειμένων
3314 2387 3474 2457 δεῦρο
3504 2391 3824 2460 παρήγαγε·
3879 2392 3967 2444 δεῖ

2379 2479 2426 2533 δ’
2462 2483 2781 2549 ἐπανάγειν,
2815 2482 2944 2548 περὶ
2976 2475 3036 2533 οὗ
3067 2484 3251 2533 τοίνυν
3282 2481 3489 2548 ἔλεγον.
3527 2482 3638 2545 Τὰς
3685 2485 3786 2549 μὲν
3833 2487 3968 2552 περὶ

2382 2569 2570 2639 ψυχῶν
2620 2573 2732 2633 τοῖς
2777 2570 3098 2631 ἀποστόλοις
3159 2571 3483 2640 φροντίδας,
3538 2573 3632 2624 καὶ
3671 2573 3772 2624 ὃσα
3828 2575 3966 2641 πρὸς

2380 2663 2547 2724 αὑτὰς
2580 2663 2756 2732 ερέρει,
2797 2661 2942 2716 οῦτω
2973 2662 3173 2724 πολλὰς
3204 2666 3296 2715 καὶ
3329 2665 3571 2732 μεγάλας
3598 2665 3753 2718 ἐστιν
3802 2666 3959 2721 ἰδεῖν.

2452 2838 2554 2898 Ὠν
2599 2845 2655 2898 δὲ
2710 2849 2838 2914 περὶ
2885 2848 3154 2916 σωμάτων
3209 2843 3375 2915 εἶχον,
3433 2847 3672 2917 γνώμων
3723 2849 3964 2918 ἀληθὴς,

2382 2937 2518 2989 αὑτά
2552 2955 2634 2990 σοι
2666 2939 2731 2991 τὰ
2766 2938 3045 3009 θαύματα,
3081 2943 3172 2993 καὶ
3219 2942 3279 2992 τδ
3326 2940 3527 3006 μᾶλλον
3569 2945 3687 3003 τοῖς
3716 2943 3962 2994 ἀποστό-

2380 3030 2509 3094 λοις,
2533 3031 2563 3100 ἦ
2583 3035 2690 3091 τοῖς
2723 3032 3012 3100 κάμνουσι,
3041 3033 3136 3093 τάς
3161 3033 3457 3099 θεραπείας
3490 3033 3599 3086 τῶν
3627 3035 3958 3104 νοσημάτων

2379 3123 2467 3176 διὰ
2500 3124 2735 3192 σπουδῆς
2778 3121 2938 3177 εἶναι⁹
2972 3128 3066 3178 καὶ
3100 3126 3208 3194 γὰρ
3232 3127 3510 3187 τοιούτους
3548 3127 3786 3189 ἑαυτοὺς
3815 3143 3966 3196 παρ-

711 3210 803 3276 ιμιί
856 3223 959 3275 ope
985 3208 1168 3275 aliqua
1220 3205 1559 3275 indigebant,
1605 3205 1743 3260 tales
1810 3220 1870 3259 se
1906 3205 2276 3274 pmbuerunt,

2383 3217 2527 3285 εἰχον
2583 3219 2697 3279 τοῖς
2746 3216 3046 3285 δεομένοις,
3099 3219 3321 3280 ὁποίους
3365 3219 3485 3270 οὐδ’
3531 3219 3598 3272 ἄν
3644 3222 3840 3273 ἐκεῖνοί
3897 3239 3966 3290 γε

706 3303 897 3372 quales
948 3301 1054 3355 sibi
1079 3299 1328 3369 polliceri
1362 3313 1470 3351 non
1510 3305 1787 3366 poterant.
1823 3295 2085 3351 'Stabilita
2129 3298 2273 3370 enim

705 3396 1089 3464 prtedicatiame
1137 3407 1233 3460 per
1276 3390 1394 3443 duo
1449 3392 1577 3454 icta,
1631 3405 1727 3459 per
1768 3388 2080 3444 doctrinam
2118 3391 2277 3444 nimi-

706 3501 825 3540 rum
857 3485 928 3538 de
957 3484 1204 3548 Christo,
1246 3492 1298 3536 et
1336 3495 1432 3548 per
1470 3480 1866 3536 miraculorum
1911 3482 2274 3547 eﬂectionem,

704 3590 758 3633 et
807 3593 930 3631 cum
961 3590 1194 3646 utroque
1266 3575 1467 3643 ubique
1511 3575 1596 3628 usi
1664 3574 1917 3638 fuissent,
1969 3590 2078 3628 non
2110 3575 2279 3644 magis

705 3670 986 3731 doctrinae,
1029 3683 1189 3736 quam
1220 3666 1608 3722 miraculorum
1649 3665 1940 3733 patrationi
1973 3665 2274 3731 vacabant,

709 3777 880 3831 neque
931 3762 1021 3814 uni
1057 3761 1251 3828 magis,
1292 3771 1458 3827 quam
1505 3756 1665 3810 alteri
1718 3758 2110 3822 attende-baut;
2150 3772 2276 3811 nam

705 3856 746 3908 si
778 3856 904 3923 quis
935 3854 1055 3908 illos
1080 3853 1246 3907 etiam
1300 3861 1359 3904 ut
1391 3850 1648 3904 doctores
1677 3848 1937 3902 admirari
1968 3849 2122 3912 velit,
2154 3862 2276 3902 cer-

707 3960 790 4003 tos
856 3948 1103 4015 ﬁdosque
1200 3942 1462 3998 doctrinm
1525 3941 1924 4008 admirabitur;
1973 3941 2019 3995 si
2094 3950 2275 3995 autem

707 4039 964 4093 admirari
1029 4037 1212 4091 lubeat
1272 4042 1528 4100 tanquam
1582 4032 1864 4085 miraculis
1930 4033 2276 4100 conspicuos,

706 4141 852 4186 recte
907 4131 1106 4194 faciet;
1157 4127 1288 4195 quia
1334 4125 1630 4180 admiratio
1693 4124 1977 4180 miraculis
2036 4137 2267 4196 cognata

706 4234 788 4279 est
820 4233 875 4277 et
906 4221 1272 4290 cognominis.

775 4316 1081 4377 Docebaut,
1111 4313 1336 4382 quando
1369 4321 1581 4380 tempus
1617 4322 1756 4379 erat,
1789 4313 1869 4366 vel
1915 4314 2095 4382 potius
2126 4314 2273 4369 omni

707 4420 990 4476 tempore:
1037 4416 1089 4461 et
1146 4405 1301 4472 signa
1333 4403 1628 4468 faciebant,
1697 4405 1915 4472 quando
1970 4407 2275 4461 necessitas

709 4499 1040 4568 postulabat.
1088 4495 1168 4549 vel
1231 4495 1412 4565 potius
1459 4509 1720 4563 semper:
1759 4510 1977 4565 semper
2011 4499 2156 4550 enim
2219 4499 2271 4551 in

705 4600 856 4643 tanta
897 4586 1270 4658 magnitudine
1313 4576 1460 4641 orbis
1510 4585 1614 4640 hoc
1645 4586 2011 4640 necessarium
2044 4599 2182 4642 erat.
2211 4589 2276 4644 Et

705 4684 923 4750 quidem
959 4696 1082 4734 cum
1115 4679 1400 4743 docerent,
1461 4679 1698 4747 seipsos,
1767 4688 1824 4732 ut
1882 4681 2272 4734 miraculorum

705 4775 1015 4837 etlectores,
1064 4770 1599 4839 superabant:cum
1635 4785 1762 4827 vero
1824 4772 2086 4825 miracula
2144 4775 2298 4843 ede;

708 4876 851 4930 rent,
887 4863 1224 4933 superabant
1253 4876 1312 4915 se
1345 4868 1404 4913 ut
1435 4862 1722 4922 doctores;
1774 4861 1847 4913 ita
1887 4872 1940 4912 ut
1966 4862 2183 4930 'seipsis
2218 4863 2270 4915 in

709 4957 991 5011 ambobus.
1022 4954 1433 5025 praestantior-es
1469 4968 1593 5008 esse
1643 4953 1981 5016 viderentur,
2041 4957 2274 5022 aequales

706 5061 885 5104 tamen
943 5057 1210 5117 paresque
1265 5045 1576 5113 utrobique.
1626 5043 1791 5114 Atqui
1834 5053 1888 5098 et
1938 5061 2134 5114 corpus
2179 5062 2272 5098 ca-

709 5142 914 5210 stigare
946 5141 1109 5208 inque
1138 5139 1458 5193 servitutem
1509 5136 1782 5206 redigere,
1815 5145 1868 5190 et
1899 5137 2096 5191 iterum
2150 5139 2271 5194 aliis

706 5235 1042 5304 praecipere,
1100 5241 1157 5283 ut
1231 5239 1450 5298 propter
1501 5227 1769 5283 stomachi
1834 5230 2266 5285 imbecillitatem

705 5332 890 5383 viuum
970 5327 1462 5391 bibant,niaximm
1542 5324 1932 5379 sollicitudinis
2008 5326 2269 5379 iudicium

704 5431 786 5475 est
813 5437 825 5472 :
868 5421 1196 5488 plenumque
1234 5416 1593 5471 admiratione
1645 5424 1858 5485 reputo,
1890 5432 1952 5470 ea
1982 5432 2104 5485 qua:
2136 5419 2269 5470 alias

705 5513 956 5566 videntur
1004 5510 1300 5572 contraria,
1332 5509 1398 5562 ad
1463 5508 1714 5563 eumdem
1774 5509 1935 5564 ﬁnem
1983 5509 2266 5576 dirigere;

705 5621 798 5674 per
851 5604 981 5656 illud
1020 5603 1173 5670 enim
1219 5604 1576 5656 exsultantem
1648 5603 1824 5654 instar
1862 5602 1992 5669 puHi
2049 5616 2268 5654 carnem

703 5691 966 5746 refrenari
1005 5692 1174 5758 jubet,
1205 5707 1270 5744 nc
1296 5690 1512 5758 spiritui
1553 5691 1828 5757 negotium
1860 5690 2140 5744 facessat:
2174 5705 2269 5758 per

705 5784 806 5835 hoc
843 5784 1055 5851 corpori
1086 5784 1150 5837 ad
1213 5790 1358 5836 :ecte
1414 5780 1681 5835 factorum
1737 5780 2078 5836 eﬂectionem
2124 5796 2267 5835 vn-cs

701 5874 937 5944 subiicit.

2381 3307 2638 3377 ἤλπισαν.
2673 3311 2804 3370 Ausi.
2831 3310 2938 3379 γάρ
2960 3308 3172 3370 τούτοις
3199 3307 3294 3362 τοῦ
3316 3310 3673 3379 κηρύγματος
3699 3312 3965 3382 ’βεϐαιου-

2385 3399 2572 3467 μένου,
2603 3399 2789 3468 διδαχῇ
2822 3416 2882 3451 τε
2917 3402 2983 3467 τῇ
3038 3401 3164 3470 περὶ
3205 3401 3447 3470 Χριστοῦ
3488 3403 3583 3456 καὶ
3612 3403 3968 3474 θαυματουρ-

2381 3491 2529 3560 γίαις
2578 3492 2672 3545 καὶ
2725 3491 2932 3553 τούτοις
2971 3492 3299 3560 ,ἁπανταχοῦ
3348 3497 3680 3565 κεχρημένοι
3728 3497 3853 3550 οὔτε
3905 3517 3966 3552 τι

2385 3584 2585 3654 μᾶλλον
2609 3583 2924 3648 διδάξαντες
2951 3585 2982 3654 ἦ
3017 3585 3616 3658 θαυμαῖουργήσαντις
3646 3592 3964 3658 φαίνονται,

2380 3673 2502 3728 οὔτε
2561 3677 2732 3744 τούτῳ
2784 3675 3092 3747 μᾶλλον,ἢ
3150 3682 3344 3747 ἐκείνῳ
3369 3683 3735 3751 προσχόντες.
3783 3684 3855 3736 Εἴ
3901 3702 3965 3737 τι

2380 3766 2486 3834 γάρ
2513 3783 2595 3828 τις
2622 3768 2698 3830 ὡς
2731 3767 3084 3831 διδασκάλους
3116 3769 3421 3841 θαυμάζειν
3454 3775 3654 3836 αὐτοὺς
3684 3774 3961 3844 βούλοιτο,

2379 3859 2645 3926 ἀσφαλεῖς
2675 3860 2986 3914 διδάσκαλοι
3034 3863 3543 3935 θαυμασθήσονται·
3575 3867 3629 3920 εἰ
3653 3866 3703 3918 τ’
3734 3867 3850 3933 οὖν,
3882 3869 3962 3930 ὡς

2381 3951 2622 4020 θαύμασι
2661 3954 3083 4024 διαπρέψαντας,
3133 3959 3411 4027 προσφυὲς
3439 3961 3630 4024 αὐτοῖς
3691 3962 3784 4014 καὶ
3816 3961 3966 4014 ἐπώ·

2379 4061 2553 4112 νυμον
2583 4047 2693 4107 τοῖς
2727 4045 2968 4115 θαύμασι
3001 4047 3063 4101 τὸ
3093 4047 3493 4119 θαυμάζεσθαι.

2436 4312 2765 4368 Ἐδιδασκόν
2801 4331 2862 4367 τε
2889 4313 2998 4384 γὰρ
3028 4313 3088 4367 οῦ
3127 4315 3320 4370 τούτου
3351 4317 3545 4388 καιρός
3574 4335 3614 4392 ον
3646 4319 3853 4390 μᾶλλον
3897 4322 3960 4374 δέ

2381 4407 2554 4460 πάντα
2587 4408 2814 4478 καιρόν·
2869 4409 2965 4461 καὶ
3000 4413 3203 4478 σημεῖα
3239 4412 3643 4479 ἐπεδείκνυντο,
3694 4410 3757 4469 οὗ
3806 4415 3960 4469 τοῦτ’

2379 4500 2700 4564 ἀναγκαῖον,
2733 4501 2765 4571 ἢ
2803 4503 3004 4570 μᾶλλον
3035 4504 3124 4557 ἀεὶ
3167 4505 3568 4561 ἐπεδείκνυντο.
3595 4505 3713 4562 Ἀεὶ
3747 4512 3861 4581 γὰρ
3897 4513 3961 4564 ἐν

2383 4590 2560 4658 πολλῷ
2593 4593 2761 4661 μήκει
2806 4596 2901 4646 καὶ
2929 4595 3027 4664 τῆς
3060 4598 3388 4668 οικουμένης
3412 4596 3481 4670 ἦν
3507 4602 3834 4669 ἀναγκαῖον,
3863 4611 3960 4657 καὶ

2377 4682 2720 4746 διδάσκοντες
2775 4686 2872 4753 μὲν
2925 4688 3136 4740 ἑαυτῶν
3185 4689 3262 4752 ὡς
3325 4689 3580 4761 θαύματα
3645 4695 3960 4747 ποιούντων

2377 4776 2664 4842 ἐκράτουν,
2724 4776 2978 4846 Θαύματα
3025 4779 3079 4832 δέ
3137 4781 3303 4836 πάλιν
3357 4783 3640 4849 τελοῦντες
3682 4785 3759 4849 ὡς
3807 4787 3960 4840 διδα-

2379 4867 2635 4931 σκόντων,
2687 4869 2780 4920 καὶ
2827 4870 2905 4938 τῷ
2965 4871 3248 4938 κρείττους
3297 4874 3510 4929 ἑαυτῶν
3557 4878 3616 4929 ἐν
3663 4878 3960 4946 ἑκατέροις

2377 4953 2513 5010 εἶναι
2536 4959 2734 5023 δοκεῖν,
2781 4962 2884 5014 ῐσοι
2919 4961 3052 5024 ,καθ’
3087 4963 3331 5035 ἑκάτερα
3366 4967 3462 5020 καὶ
3489 4968 3809 5037 ἐφάμιλλοι.
3844 4973 3958 5023 Καὶ

2381 5053 2487 5120 μὴν
2521 5053 2614 5104 καὶ
2667 5053 2726 5105 τὸ
2765 5054 3132 5124 δου).αγωγεῑν
3169 5057 3290 5122 μὲν,
3351 5062 3445 5112 καὶ
3496 5061 3843 5126 ὑπωπιάζειν
3893 5066 3957 5114 τὸ

2379 5140 2558 5208 σῶμα,
2597 5143 2759 5195 πάλιν
2810 5145 2855 5197 δ’
2885 5146 3094 5215 ἑτέροις
3145 5150 3487 5203 ἐπιστέλλειν
3536 5154 3665 5223 οἴνῳ
3714 5156 3958 5224 χρῆσθαι

2375 5231 2462 5283 διὰ
2490 5234 2760 5304 στόμαχον
2788 5239 2881 5290 καὶ
2910 5238 3220 5305 ἀσθένειαν,
3250 5243 3344 5311 τῆς
3378 5244 3644 5314 μεγίστης
3665 5249 3957 5315 φροντίδος

2375 5323 2449 5386 ὡς
2479 5327 2718 5395 ἀληθῶς.
2756 5328 2943 5381 Ταῦτα
2987 5330 3040 5383 δὲ
3083 5332 3183 5402 ήδη
3231 5337 3324 5386 καὶ
3369 5335 3610 5404 γέμοντα
3645 5338 3954 5405 θαύματος,

2374 5417 2453 5467 δτι
2481 5433 2585 5488 περ
2620 5420 2836 5473 ἐναντία
2861 5421 3121 5474 δοκοῦντα
3156 5425 3291 5493 πρὸς
3314 5425 3405 5477 τὸν
3455 5428 3620 5479 αὑτὸν
3664 5435 3955 5501 συντρέχει

2376 5511 2597 5562 σκοπόν.
2636 5512 2709 5563 Τὸ
2737 5512 2834 5579 μὲν
2864 5517 2971 5583 γὰρ
2996 5515 3308 5585 σκιρτῶσαν
3336 5517 3408 5579 ὠς
3433 5517 3633 5582 πῶλον,
3655 5519 3753 5589 τὴν
3779 5525 3957 5590 σάρκα

2374 5601 2468 5652 τοῦ
2505 5604 2580 5671 μὴ
2613 5606 2917 5676 πράγματα
2957 5610 3218 5678 παρέχειν
3248 5613 3313 5680 τῇ
3339 5611 3515 5681 ψυχῇ,
3539 5613 3793 5682 χαλινοῦν
3827 5615 3952 5683 βού-

2373 5695 2559 5748 λεταιο
2595 5699 2652 5749 τὸ
2697 5698 2753 5751 δὲ
2789 5701 2922 5771 πρὸς
2956 5703 3217 5772 ἐργασίαν
3248 5705 3354 5758 τῶν
3390 5706 3573 5759 καλῶν
3613 5706 3768 5779 ἰσχὺν
3799 5709 3955 5780 νέμει

2371 5804 2448 5856 τῳ
2484 5805 2722 5858 σωματι.
2765 5850 2767 5852 ,
