4234 6446
280 420 297 482 1
309 419 414 481 073

1247 419 1653 480 ENCOMIUM
1689 421 1790 482 SS.
1829 420 2058 480 PETRI
2097 424 2194 482 ET
2235 423 2489 484 PAULI.

3390 421 3523 489 1074

354 535 543 588 Βούλει
573 537 668 590 καὶ
713 527 857 610 ᾗτινι
889 535 1261 589 κατετείνοντο
1308 534 1548 606 φροντίδι
1587 536 1712 604 περὶ
1744 533 1852 586 τῶν
1883 535 1912 592 Α

1904 535 1928 592 ι
2029 538 2112 592 An
2143 538 2320 608 cupis,
2359 549 2414 593 nt
2471 554 2761 608 exponam,
2827 553 2931 608 qua
2967 552 3098 593 cura
3161 536 3321 590 etiam
3381 539 3524 590 circa

275 629 454 690 ἐκτὸς,
485 629 662 692 sint»;
703 627 851 695 Αῦτη
887 628 1044 681 κοινά
1079 629 1145 680 τά
1174 629 1351 682 πάντα
1383 629 1493 688 τοῖς
1528 626 1852 679 πιστεύσασι

275 720 584 791 προῦθηκι.
616 722 725 774 Καὶ
776 721 931 774 τοῦτο
955 721 1018 793 δὴ
1051 722 1111 773 τὸ
1139 721 1345 790 ψυχρὸν
1373 721 1434 793 to
1480 721 1628 789 ἐμόν
1659 737 1716 772 τε
1762 723 1856 774 καὶ

273 812 394 866 σὸν
418 813 520 880 τῆς
550 831 609 866 τε
642 812 888 882 γλώττης
931 816 1024 867 καὶ
1065 814 1288 883 γνώμης
1318 792 1540 878 ἐξεῗλεν.
1571 812 1717 882 Αῦτη
1753 832 1858 866 πα-

277 907 687 975 ραθεωρεῖσθαι
723 909 821 970 τάς
855 908 1030 978 χήρας
1071 909 1170 976 οὐχ
1211 908 1285 970 ὡς
1317 908 1541 960 ἀνεκτὸν
1587 908 1855 976 ἤνεγκεν·

276 999 419 1068 αῦτη
468 1001 742 1067 Στέφανον
769 1001 865 1052 καὶ
894 1001 1018 1062 τοὺς
1068 1000 1126 1065 ἒξ
1162 1002 1241 1062 εἰς
1280 1001 1554 1053 διακονίαν
1585 999 1858 1068 ἐχειροτό-

276 1107 448 1159 νησε·
484 1091 688 1156 ταύτης
739 1089 902 1159 ἔργον
938 1092 996 1142 τὸ
1028 1091 1113 1142 διὰ
1168 1091 1387 1145 Παύλου
1439 1091 1700 1159 σταλῆναι
1750 1093 1861 1152 τοῖς

279 1183 422 1234 κατά
478 1182 577 1252 τὴν
647 1184 911 1235 Ἰουδαίαν
968 1185 1242 1250 ἀδελφοῖς,
1303 1184 1492 1236 καθότι
1543 1183 1607 1236 ἂν
1656 1180 1735 1244 εἷς
1782 1200 1863 1245 τις

286 1273 522 1337 ἕκαστος
556 1275 852 1343 ηῦπορεῐτο
883 1276 991 1328 τῶν
1037 1278 1326 1345 μαθητῶν·
1368 1276 1578 1343 ταύτην
1624 1278 1717 1328 καὶ
1745 1278 1864 1337 ταῖς

284 1367 396 1420 τῶν
421 1370 595 1422 ἄλλων
619 1369 970 1438 ἐγχαράττων
991 1372 1015 1421 ὁ
1036 1369 1241 1432 Παῦλος
1259 1367 1621 1438 ψυχαῖς,ἰ“αῒς
1640 1370 1864 1436 χρείαις

281 1481 402 1530 μου
430 1462 525 1516 καὶ
549 1461 669 1527 τοῖς
685 1461 823 1515 οὖσι
846 1463 970 1529 μετ’
991 1461 1137 1531 ἐμοῦ
1161 1461 1624 1530 ὐετηρέτησαναί
1651 1461 1864 1530 χεῖρες,

287 1555 500 1622 ἔλεγεν,
542 1550 738 1609 αὗται.
776 1553 913 1615 Τοὺς
946 1553 1123 1606 τοίνυν
1151 1553 1291 1606 οῦτω
1329 1554 1428 1623 μὲν
1470 1555 1683 1623 ψυχῶν.
1726 1553 1868 1608 οῦτω

287 1645 342 1697 δὲ
378 1646 676 1712 σωμάτων,
721 1643 868 1697 οὕτω
901 1645 960 1698 δὲ
989 1644 1098 1696 τῶν
1131 1645 1285 1709 ἐκτὸς
1320 1646 1628 1714 φροντίζειν
1664 1643 1870 1714 προθύ-

293 1757 429 1806 μους
479 1738 660 1800 ὂντας,
715 1739 790 1801 ὠς
832 1737 1059 1805 μηδενὸς
1090 1739 1194 1790 τῶν
1241 1737 1276 1792 ἃ
1311 1737 1406 1789 καὶ
1442 1737 1508 1789 δι’
1554 1729 1627 1788 ὧν
1659 1736 1772 1787 ὲστί
1812 1753 1868 1787 τε

291 1832 386 1884 καὶ
412 1830 758 1898 διαγίγνεται
813 1829 1125 1898 ἄνθρωπος,
1158 1829 1404 1898 ἀμελεῖν,
1439 1829 1532 1881 καὶ
1571 1829 1705 1896 πρὸς
1748 1825 1870 1879 τού-

289 1941 406 1984 τοις
435 1925 565 1975 εῐσω
599 1926 700 1992 τῆς
738 1923 947 1985 οἰκείας
994 1923 1354 1992 ποιουμένους
1391 1923 1672 1994 φροντίδος
1718 1924 1868 1992 ἔθνη,

296 2012 510 2075 πόλεις,
557 2012 772 2080 κώμας,
827 2013 1033 2081 ἀγροὺς
1086 2016 1212 2078 τοὺς
1269 2013 1608 2067 καθέκαστον
1666 2014 1874 2076 πάντας

291 2104 504 2167 ἁπλῶς,
536 2109 606 2157 τά
660 2122 716 2158 τε
765 2106 901 2158 ἄλλα
954 2108 1219 2170 τοιούτοις
1259 2109 1332 2171 ὡς
1386 2109 1568 2160 ἀεὶτὸ
1619 2107 1875 2176 δεύτερον

293 2197 422 2261 περί
454 2196 656 2260 αὐτῶν,
692 2197 874 2267 ῥηθὲν,
911 2200 1160 2267 κρεῖττον
1206 2200 1298 2251 τοῦ
1353 2198 1720 2269 προλαϐόντος
1776 2198 1866 2250 δο-

294 2292 436 2353 κεῖν,
478 2291 645 2342 πόσον
675 2308 758 2352 τις
783 2293 1125 2344 ἐπαινεῖσθαι
1155 2293 1279 2353 τοὺς
1322 2292 1387 2344 ἂν
1419 2290 1610 2361 πόρῤιο
1646 2309 1752 2342 που
1780 2288 1876 2343 τοῦ

295 2384 434 2446 πρὸς
482 2384 639 2446 ἀξίαν
687 2383 996 2453 εὑρίσκοιτο
1032 2385 1132 2436 ἑτι.
1170 2385 1347 2453 Μέχρι
1406 2385 1504 2453 μὲν
1562 2383 1626 2452 δὴ
1673 2382 1880 2436 τούτων

296 2474 496 2539 ταῦτα,
527 2476 623 2528 καὶ
656 2479 770 2537 τοῖς
810 2477 1057 2544 φιλοῦσιν
1092 2475 1298 2529 ἕκαστα
1333 2478 1561 2546 ἱστορεῖν
1583 2477 1881 2548 σύνδρομον

295 2569 366 2637 τῇ
396 2568 625 2638 ἀληθείᾳ
657 2569 750 2620 καὶ
778 2567 838 2620 τὸ
865 2567 1051 2638 θαῦμα
1090 2567 1467 2638 προτείνοντα.

377 2750 591 2819 Καιρδς
630 2750 685 2802 δὲ
724 2749 822 2818 ἥδη
856 2751 950 2807 καὶ
981 2751 1046 2822 ἧν
1082 2751 1131 2803 οἱ
1174 2751 1462 2805 ἀπόστολοι
1495 2754 1654 2823 χάριν
1688 2755 1883 2807 ὲπλοῦ-

299 2857 430 2891 τουν
466 2839 560 2891 τοῦ
599 2840 940 2907 Πνεῦματος,
977 2842 1210 2904 καὶτοῖς
1241 2843 1422 2905 ἄλλοις
1453 2843 1694 2913 δαψιλῶς
1721 2862 1887 2914 μεταο

300 2934 514 2987 διδόναι
562 2929 730 3002 εἶχον,
777 2934 971 2993 εἰπεῖν,
1001 2935 1137 3002 ὅπερ
1193 2935 1290 3004 οὐχ
1334 2937 1485 2998 ὅπως
1534 2940 1659 3005 σιγῇ
1694 2955 1776 3000 τις
1823 2939 1889 2991 ἂν

305 3027 522 3097 παριὼν
573 3027 753 3079 αἰτίαν
804 3026 1110 3094 λαμϐάνοι,
1171 3028 1286 3080 ἀλλ’
1335 3031 1382 3081 εἰ
1440 3028 1517 3101 μὴ
1563 3031 1658 3082 καὶ
1688 3032 1749 3083 ὲκ
1783 3032 1890 3084 τῶν

305 3127 542 3176 ἐνόντων
578 3124 852 3192 ἐπαινοίη,
884 3124 1145 3193 ἀσχολίαν
1186 3124 1354 3192 ἄλλην
1406 3123 1627 3176 ἃπασαν
1660 3122 1888 3186 ἀνελὼν,

1958 638 2182 685 externa
2271 632 2374 686 ista
2442 633 2694 702 occupati
2769 629 3007 685 fuerint?
3080 629 3203 682 llaec
3279 628 3530 681 ﬁdelibus

1962 725 2142 777 omnia
2184 725 2498 778 communia
2554 725 2787 778 reddidit
2816 732 2868 777 et
2907 721 3159 792 frigidum
3230 721 3358 774 illud
3410 739 3533 774 ver-

1965 815 2119 878 bum,
2149 834 2321 871 meum
2345 825 2396 871 ct
2432 825 2576 870 tuum
2604 827 2658 870 et
2688 833 2750 870 ex
2787 831 2882 871 ore
2909 824 2961 869 et
2992 831 3053 868 ex
3101 822 3279 866 mente
3307 813 3529 866 exemit.

1964 908 2087 963 Haec
2126 909 2324 974 eﬂecit,
2361 919 2419 965 ut
2465 909 2754 963 viduarum
2821 910 3188 985 neglectus‘et
3248 906 3536 973 despectus

1967 1001 2684 1058 intolerabiliscenseretur.
2747 999 2869 1055 Haec
2907 1001 3244 1069 Stephanum
3275 1014 3401 1052 cum
3441 1013 3535 1050 sex

1966 1093 2190 1162 collegis
2222 1095 2483 1150 diaeonos
2518 1094 2741 1149 creavit.
2807 1093 2929 1146 "me
2975 1093 3178 1154 eﬂecit,
3235 1101 3294 1144 ιιι
3353 1089 3537 1158 egenis

1968 1189 2020 1242 in
2055 1189 2240 1243 Iudaea
2278 1188 2542 1243 fratribus
2568 1204 2666 1257 per
2713 1186 2944 1241 Paulum
2998 1185 3297 1240 subsidium
3357 1182 3538 1235 mitte-

1970 1291 2140 1343 rctnr,
2175 1297 2274 1350 pro
2311 1282 2466 1348 copia
2504 1293 2558 1334 et
2625 1280 2975 1334 facultatibus
3043 1275 3385 1346 singulorum
3453 1273 3538 1326 di-

1970 1375 2324 1442 scipulorum.
2358 1376 2510 1428 Hanc
2535 1373 2765 1427 aliorum
2801 1387 3019 1441 quoque
3043 1369 3316 1424 mentibus
3341 1367 3542 1419 Paulus

1973 1470 2282 1538 insculpere
2349 1472 2572 1533 volens,
2626 1469 2880 1523 dicebat:
2938 1467 3017 1520 Ad
3069 1482 3187 1536 quae
3237 1463 3363 1515 mihi
3412 1479 3542 1531 opus

1971 1570 2144 1625 erant,
2211 1570 2259 1615 et
2301 1562 2401 1625 Itis,
2463 1564 2550 1632 qui
2623 1577 2823 1616 mecum
2897 1571 3039 1622 sunt,
3112 1558 3544 1611 ministraverunt

1973 1671 2161 1708 manus
2218 1656 2334 1708 ista:
2364 1653 2429 1707 ”‘.
2464 1653 2570 1709 Eos
2616 1655 2800 1725 igitur,
2839 1653 2933 1722 qui
2987 1662 3092 1706 tam
3142 1652 3350 1703 alacres
3379 1647 3549 1702 exsu-

1978 1757 2094 1802 tere
2158 1749 2210 1800 in
2279 1764 2411 1802 cura
2478 1749 2807 1808 animarum,
2873 1761 3187 1815 corporum,
3250 1758 3549 1808 rerumque

1904 1878 1941 1931 Β
1976 1851 2350 1901 externarum,
2407 1841 2481 1894 ita
2519 1850 2576 1892 ut
2639 1839 2772 1893 nihil
2828 1854 3042 1904 eorum,
3099 1851 3196 1907 per
3233 1850 3352 1904 qua:
3389 1836 3548 1887 homo

1977 1939 2058 1984 est
2106 1939 2161 1983 et
2210 1929 2477 1995 subsistit,
2535 1930 2843 1982 incuratum
2875 1929 3260 1995 relinquerent,
3310 1935 3362 1976 et
3409 1940 3546 1990 pra?-

1979 2033 2125 2078 terea
2160 2039 2313 2078 suam
2356 2024 2408 2077 in
2448 2039 2631 2077 curam
2673 2024 2978 2091 reciperent
3008 2032 3217 2089 gentes.
3272 2020 3547 2074 civitates.

1979 2118 2151 2178 vicos,
2203 2131 2366 2185 agros
2421 2131 2514 2170 seu
2567 2115 2843 2169 territoria
2902 2114 3112 2182 singula
3149 2121 3203 2165 et
3241 2112 3449 2172 omnia,
3499 2120 3556 2163 et

1984 2211 2066 2264 bis
2110 2211 2335 2273 sitnilia,
2386 2222 2444 2263 ut
2478 2209 2622 2278 quod
2656 2209 2898 2264 secundo
2937 2209 3057 2260 loco
3087 2206 3152 2260 de
3191 2206 3296 2261 illis
3353 2205 3554 2259 dicitur

1982 2303 2177 2356 melius
2241 2304 2495 2356 videatur
2526 2318 2616 2363 eo,
2665 2302 2806 2370 quod
2862 2301 3203 2365 antecessit;
3262 2305 3556 2367 quantum-

1982 2409 2199 2463 cunque
2231 2397 2356 2464 quis
2427 2396 2753 2455 laudaverit,
2791 2410 2896 2447 non
2938 2393 3127 2461 procul
3191 2389 3260 2442 ab
3287 2405 3352 2443 eo
3409 2389 3555 2458 quod

1983 2505 2049 2542 ex
2120 2488 2387 2555 dignitate
2441 2492 2544 2550 est,
2594 2486 2788 2539 abesse
2845 2483 3208 2551 iudicabitur.
3283 2477 3558 2534 Haetenus

1987 2581 2087 2634 ista
2129 2579 2492 2631 admiratione
2532 2576 2694 2642 digna
2739 2577 2792 2630 in
2854 2576 3084 2643 gratiam
3141 2573 3442 2628 amantium
3473 2587 3560 2626 ve-

1990 2671 2204 2724 ritatem
2243 2670 2631 2724 convenienter
2653 2669 2924 2737 explicare
2953 2667 3157 2720 stndni.

2066 2764 2303 2834 Tempus
2343 2778 2490 2817 nunc
2552 2763 2718 2817 luerit
2750 2763 2912 2815 etiam
2950 2761 3017 2813 de
3074 2757 3247 2828 gratia
3306 2755 3563 2826 Spiritus.

1989 2871 2093 2925 qua
2129 2855 2360 2924 apostoli
2399 2852 2770 2914 abundabant,
2826 2852 3055 2919 aliisque
3090 2866 3150 2906 se
3187 2850 3410 2916 largiter
3462 2848 3567 2900 int-

1991 2948 2324 3016 pertiebant,
2358 2947 2654 3006 disserere.
2697 2953 2749 2999 et
2787 2943 2889 2998 hoc
2920 2960 3048 3005 non,
3093 2952 3152 2997 ut
3187 2943 3232 2996 si
3288 2941 3413 3009 quis
3445 2955 3564 2992 eam

1995 3041 2211 3094 silentio
2244 3047 2555 3109 praztereat,
2580 3038 2796 3106 culpam
2846 3036 3133 3090 contrahat
3162 3053 3175 3098 ;
3224 3034 3321 3088 sed
3356 3041 3416 3087 ut
3461 3031 3565 3084 nisi

1996 3133 2219 3203 prmcisa
2278 3133 2430 3186 omni
2479 3132 2583 3184 alia
2629 3131 3010 3198 occupatione,
3070 3137 3124 3181 et
3184 3127 3436 3197 prmsenli
3488 3141 3572 3177 re-

306 3217 370 3270 οῦ
411 3236 502 3286 μοι
535 3218 682 3270 δοκεῖ
712 3217 877 3286 ἔχειν,
909 3219 1057 3280 ὅπως
1095 3218 1160 3269 ἂν
1190 3217 1290 3286 τὴν
1322 3216 1411 3268 ἐπὶ
1441 3216 1615 3282 τούτῳ
1651 3219 1887 3286 κατηγο-

1917 3220 1956 3275 C
1994 3242 2112 3279 rum
2169 3227 2321 3295 c0pia
2382 3225 2742 3279 laudationem
2797 3230 3093 3281 contexat,
3169 3219 3221 3272 in
3284 3217 3572 3271 inevitabi-

310 3309 439 3378 ρίαν
492 3310 743 3376 ἐκφύγοι.
794 3303 901 3360 Ἦν
949 3310 994 3362 δ’
1045 3309 1193 3377 ὅμως
1228 3310 1403 3360 εἰπεῖν
1459 3308 1532 3378 μὴ
1581 3309 1760 3376 πολλῷ
1791 3309 1888 3374 τῆς

310 3401 476 3465 ἀξίας
529 3401 981 3468 καταδεέστερον,
1033 3400 1201 3462 εἴτις
1249 3400 1347 3468 τῆς
1394 3401 1619 3452 ἐκείνων
1669 3400 1889 3468 χάριτος

314 3493 575 3562 μετέχειν
606 3492 753 3559 ἐξῆν.
786 3492 900 3544 Νῦν
927 3492 984 3544 δέ
1024 3511 1114 3561 μοι
1149 3491 1449 3544 κινδυνεύει
1475 3490 1655 3543 λαλεῖν
1679 3492 1705 3541 ὁ
1735 3491 1892 3556 λόγος

310 3589 384 3640 τὰ
418 3586 512 3638 τοῦ
545 3585 855 3653 πνεύματος
885 3589 1051 3654 χωρὶς
1076 3585 1406 3651 πνεύματος,
1432 3585 1527 3636 καὶ
1553 3587 1662 3646 τοῖς
1684 3585 1894 3650 ἀκροω-

319 3683 507 3752 μένοις
537 3681 633 3749 οἰχ
666 3681 790 3731 ὅσον
840 3679 955 3730 ἔστι
1001 3678 1346 3746 βουλομένοις
1383 3675 1615 3728 ἀκοῦσαι
1644 3674 1896 3726 τοσοῦτον

315 3778 502 3826 εἰπεῖν
532 3773 849 3841 δυνηθῆναι.
899 3771 1038 3823 Ἀλλ’
1071 3771 1194 3823 ἐπεὶ
1228 3770 1362 3840 μηδὲ
1393 3768 1550 3822 τοῦτό
1579 3787 1661 3829 τις
1693 3769 1754 3819 τὸ
1788 3768 1898 3836 μέο

317 3885 421 3939 ρος
473 3868 833 3932 ἀνεξέταστον
891 3863 1181 3932 παρελθεῖν
1232 3862 1538 3929 ἐπιτρέπει,
1590 3860 1818 3929 λέγομεν
1863 3859 1900 3912 ἆ

317 3963 390 4014 ἂν
447 3961 586 4028 ἡμῖν
640 3958 930 4020 δεηθεῖσιν,
980 3954 1111 4008 αὐτὸ
1152 3953 1225 4021 δῷ
1285 3951 1526 4020 Πνεῦμα.
1569 3952 1641 4002 Τό
1690 3968 1747 4002 τε
1791 3953 1898 4020 γΞςρ

319 4054 500 4123 μηδὲν
530 4052 669 4111 ὅλως
705 4050 882 4102 εἰπεῖν
912 4047 1109 4101 οὔκουν
1141 4045 1444 4114 εὔγνωμον,
1477 4045 1571 4096 καὶ
1607 4045 1668 4096 τὸ
1700 4042 1776 4113 μὴ
1802 4045 1899 4096 σὺν

315 4145 604 4215 εὐλαϐείᾳ,
635 4145 992 4213 θρασύτερον.

315 4255 435 4296 non
505 4248 766 4301 meretur,
827 4243 882 4291 et
931 4235 1049 4290 sine
1101 4235 1285 4290 debita

327 4335 658 4400 deputatur.

399 4425 518 4493 Τὴν
550 4424 712 4490 χάριν
742 4418 837 4472 τοῦ
882 4417 1198 4487 Πνεῦματος
1224 4418 1315 4468 καὶ
1345 4418 1476 4486 πρὶν
1523 4420 1604 4480 εις
1646 4414 1909 4486 οὐρανοὺς

315 4517 580 4572 ἀνελθεῖν
610 4513 849 4582 Χριστὸς
887 4513 999 4573 τοῖς
1050 4509 1374 4570 ἀποστόλοις
1401 4508 1775 4577 δεδωρημένος
1819 4523 1908 4574 γι-

314 4611 604 4664 νώσκεται
639 4606 732 4658 καὶ
769 4603 1103 4662 πιστεύεται,
1141 4603 1234 4652 καὶ
1272 4601 1361 4653 τὸν
1407 4601 1767 4670 Παράκλητον
1810 4598 1908 4650 αὐ·

1377 4232 1679 4287 reverentia
1737 4228 1957 4284 dicendi

1997 3321 2135 3382 lem,
2192 3319 2398 3388 judicio
2467 3334 2624 3380 meo,
2677 3315 3152 3385 reprehensionem
3241 3311 3569 3364 incursuros

1997 3414 2089 3466 sit.
2149 3410 2212 3464 Et
2272 3411 2384 3463 lieri
2449 3408 2665 3477 poterit,
2747 3417 2807 3461 nt
2877 3407 3000 3476 quis
3066 3405 3236 3472 gratia
3307 3403 3392 3454 illa
3458 3416 3572 3455 co:-

2001 3503 2120 3556 lesti
2183 3501 2444 3570 praeditus
2505 3516 2610 3553 non
2695 3498 2869 3551 multo
2928 3497 3189 3558 inferius,
3254 3509 3415 3562 quam
3481 3506 3573 3543 ar-

2003 3603 2321 3663 gumentum
2391 3601 2685 3653 mereatur,
2748 3589 2915 3643 dicat.
2986 3585 3114 3640 ΜΗιί
3173 3595 3350 3640 autem
3427 3597 3575 3635 nunc

2005 3685 2302 3753 periculum
2370 3684 2634 3745 imminet,
2723 3691 2907 3751 utpote
2974 3680 3066 3748 qui
3154 3694 3276 3748 qua:
3343 3676 3575 3744 spiritus

2005 3785 2150 3839 sunt,
2180 3775 2387 3842 absque
2434 3773 2626 3841 spiritu
2675 3771 2856 3839 eloqui
2912 3780 3138 3832 tentem,
3197 3784 3294 3821 nec
3354 3767 3570 3820 audito-

2005 3883 2125 3921 rum
2173 3866 2399 3921 incenso
2431 3864 2703 3919 desiderio
2751 3863 3065 3917 satisfacere
3095 3861 3320 3914 valeam.
3377 3859 3572 3914 Verum

2007 3970 2130 4009 cum
2185 3969 2360 4022 neque
2415 3953 2555 4008 banc
2608 3961 2816 4022 partem
2875 3951 3136 4004 intactam
3195 3951 3579 4017 praetervolnt‘e.

2011 4049 2398 4115 permittatur,
2456 4061 2518 4101 ea
2595 4045 2924 4107 all‘eremus,
2991 4060 3110 4112 qua:
3174 4044 3291 4112 ipse
3347 4042 3580 4110 Spiritus

2012 4137 2504 4206 suppeditaverit:
2574 4150 2698 4189 nam
2791 4136 3007 4205 penitus
3083 4134 3284 4196 silere,
3366 4133 3579 4186 veniam

2046 4231 2380 4298 provinciam
2457 4229 2779 4297 suscipere,
2861 4225 3088 4280 audacia
3163 4225 3304 4279 haud
3383 4222 3580 4293 injuria

2083 4412 2387 4474 Christum,
2431 4406 2595 4462 etiam
2635 4413 2761 4459 ante
2812 4400 3189 4458 ascensionem
3249 4402 3302 4454 in
3355 4400 3584 4454 coelum:

2010 4502 2238 4574 gratiam
2275 4499 2512 4569 Spiritus
2567 4495 2849 4565 discipulis
2892 4495 3009 4549 suis
3050 4493 3284 4558 dedisse,
3330 4492 3584 4546 novimus

2011 4605 2064 4650 et
2096 4594 2395 4658 credimus,
2454 4591 2743 4660 ipsumque
2793 4586 3136 4641 Paraeletum
3168 4595 3293 4654 post
3351 4584 3582 4638 reditum

314 4707 423 4758 τὶν
460 4701 598 4770 μετά
630 4699 729 4766 τὴν
763 4699 842 4759 είς
875 4697 1139 4762 οὐρανοὺς
1163 4693 1347 4746 ἄνοδον
1381 4693 1698 4747 ἀποστελεῖν
1735 4693 1909 4758 ἐπηγ-

1904 4719 1909 4730 -
1945 4735 1987 4789 Β
2017 4689 2070 4742 in
2104 4686 2301 4740 cadum
2333 4699 2390 4738 se
2446 4683 2525 4738 eis
2561 4683 2858 4736 missurum
2919 4679 3210 4750 promisit;
3273 4692 3374 4730 nec
3429 4677 3589 4745 quid-

2257 4776 2268 4789 ι
2326 4784 2336 4789 -
2395 4788 2398 4789 ,
2451 4773 2485 4789 ιο
2575 4771 2751 4789 ι’·μτκι
2779 4778 2860 4789 ---Α
2943 4785 3038 4789 ___-_
3093 4769 3273 4789 __.2__-__
3323 4783 3381 4789 _..
3444 4766 3586 4789 ,Ιῖρ-..ξ

314 4795 579 4863 γείλατο.
640 4788 808 4840 Οὐδὲν
863 4785 974 4855 γάρ
1025 4783 1216 4836 καθότι
1277 4783 1352 4852 μὴ
1402 4783 1594 4834 τούτου
1650 4782 1911 4850 παρεῖχον

314 4887 522 4950 ἀξίους
571 4881 802 4940 ἑαυτοὺς
836 4871 980 4930 οὗτοι
1014 4877 1107 4929 καὶ
1141 4875 1308 4944 σκεύη
1359 4876 1493 4943 πρὸς
1525 4873 1793 4942 ὑποδοχὴν
1823 4874 1911 4924 εὑ-

313 4980 656 5052 ψυχέστατα
679 4988 692 5002 ³
731 4975 856 5034 τοὺς
897 4971 1005 5041 γὰρ
1036 4969 1112 5039 τῷ
1140 4968 1256 5038 Θεῷ
1289 4967 1446 5036 Λόγῳ
1479 4964 1911 5035 συμπολιτευσα-

319 5075 537 5144 μένους
572 5067 850 5119 πολιτείαν
879 5065 1116 5133 ἐκείνην,
1152 5059 1220 5134 ἧς
1253 5061 1426 5120 οὐδεὶς
1454 5059 1560 5111 τῶν
1593 5058 1688 5111 ἀπ’
1718 5058 1912 5120 αἰῶνος

320 5161 842 5233 εὐδαιμονεστέραν
868 5156 1278 5219 ἐπολιτεύσατο,
1302 5155 1394 5207 καὶ
1417 5153 1634 5222 νύκτωρ
1673 5153 1764 5204 καὶ
1798 5151 1918 5220 μεθ’

318 5251 556 5328 ἡμέραν
587 5252 1012 5319 συγγεγονότας,
1057 5247 1244 5300 λοιπὸν
1275 5242 1341 5316 ἦν
1376 5245 1471 5296 καὶ
1506 5243 1599 5296 τοῦ
1636 5242 1922 5314 συμφυοῦς

321 5349 495 5418 αὐτῷ
529 5347 624 5398 καὶ
653 5346 921 5413 ὁμοτίμου
966 5341 1285 5408 Πνεῦματος
1323 5339 1505 5405 δοχεῖα
1539 5337 1820 5402 γενέσθαι.
1863 5335 1922 5386 '0

327 5444 446 5514 μὲν
474 5435 572 5494 οὖν
611 5438 795 5492 αὐτῶν
821 5435 919 5504 τὴν
958 5434 1139 5487 πίστιν
1178 5431 1375 5493 τελέως
1412 5431 1488 5491 εἰς
1521 5429 1753 5492 δεκάτην
1786 5427 1923 5495 μετὰ

319 5537 442 5605 τὴν
505 5529 776 5598 ἀνάληψιν
834 5528 1048 5597 ἡμέραν
1096 5525 1428 5593 ἐγύμνασεν.
1490 5521 1644 5572 Ἐπεὶ
1688 5519 1743 5570 δὲ
1779 5519 1917 5586 μήτε

319 5632 517 5703 rupi;
555 5625 735 5692 φωτὸς
781 5621 933 5691 ἥλιον
985 5620 1134 5672 ἔστιν
1179 5619 1326 5677 [δεῖν.
1363 5615 1436 5684 μή
1478 5629 1536 5665 τε
1567 5612 1700 5664 Θεὸν
1732 5611 1923 5677 νοῆσαι

323 5720 470 5791 δίχα
505 5716 602 5770 τοῦ
652 5714 964 5785 ἀληθεύειν,
1013 5712 1195 5782 παρῆν
1249 5711 1280 5779 ἡ
1329 5705 1640 5778 προθεσμία
1691 5703 1927 5757 καὶτῶν

422 5899 465 5930 ’³
496 5897 619 5949 Aet.
659 5909 748 5956 xx,
781 5889 867 5945 ει.

2020 4792 2183 4848 quam
2216 4773 2487 4830 obstaculi
2537 4771 2887 4841 objiciebant,
2935 4785 3043 4839 quo
3093 4769 3276 4822 minus
3318 4783 3386 4821 eo
3440 4766 3588 4836 digni

2019 4871 2231 4924 ﬁerent.
2286 4866 2402 4920 lmo
2459 4862 2811 4931 suscipiendo
2844 4860 3070 4928 Spiritui
3129 4858 3413 4928 aptissima
3456 4872 3587 4911 vasa

2019 4971 2219 5028 erant;
2273 4974 2396 5014 nam
2433 4957 2527 5028 qui
2585 4971 2707 5010 eum
2746 4954 2838 5008 Dei
2878 4951 3062 5007 Verbo
3103 4967 3221 5006 eam
3269 4954 3390 5004 vita:
3423 4950 3591 5002 ratio—

2022 5071 2144 5109 nem
2200 5054 2456 5115 inierant,
2501 5047 2730 5119 qualisa
2762 5045 2984 5100 condito
3029 5043 3231 5098 mundo
3292 5042 3440 5096 nulla
3498 5057 3590 5093 cx-

2019 5145 2178 5209 stitit,
2238 5143 2441 5214 quique
2471 5155 2595 5195 cum
2634 5139 2823 5193 eodem
2873 5134 3058 5191 Verbo
3118 5135 3236 5188 dies
3297 5145 3593 5200 noctesque

2021 5237 2220 5294 versati
2253 5235 2490 5297 fuerant,
2545 5246 2643 5287 eos
2703 5230 2991 5299 oportebat
3051 5227 3289 5294 Spiritus
3343 5225 3588 5292 ejusdem

2022 5346 2143 5387 cum
2172 5329 2354 5383 Verbo
2408 5332 2639 5388 naturae,
2702 5322 2951 5384 honoris,
2989 5328 3045 5373 et
3085 5317 3365 5387 dignitatis
3429 5332 3591 5384 quam

2024 5423 2260 5477 maxime
2287 5421 2484 5474 idonea
2527 5412 3068 5484 receptaculaeﬂici.
3106 5411 3206 5475 Qui
3244 5419 3363 5479 post
3403 5424 3595 5461 ascen—

2025 5517 2232 5569 sionem
2266 5526 2420 5566 suam
2460 5523 2556 5580 per
2588 5507 2708 5562 dies
2736 5506 2923 5560 decem
2985 5518 3172 5555 eorum
3212 5501 3371 5554 ﬁdem
3429 5514 3595 5553 accu-

2032 5617 2149 5664 rate
2197 5604 2464 5660 excrcuit.
2533 5601 2825 5669 Postquam
2882 5613 3010 5650 vero
3071 5611 3244 5663 neque
3302 5593 3420 5647 sine
3478 5592 3595 5645 luce

2039 5700 2208 5754 solem
2234 5696 2416 5751 videre
2440 5693 2592 5760 licet,
2619 5705 2795 5760 neque
2827 5689 2993 5744 Deum
3048 5687 3352 5754 intelligere
3386 5683 3595 5753 absque
