4234 6446
580 395 582 397 .
649 340 787 406 1075

1867 335 2155 397 MAXIMI
2198 333 2572 397 PLANUDAZ

3759 328 3898 390 1076

652 458 902 519 veritate,
941 453 1155 510 advenit
1184 453 1398 508 tandem
1431 453 1727 520 pr:estituta
1761 452 1898 514 dies,
1947 462 2000 506 et
2047 451 2214 504 disci-

2347 453 2583 520 ιαθητῶν
2617 450 2946 518 καθημένων
2977 453 3033 501 ἐν
3084 449 3338 518 ὑπερῴῳ,
3378 449 3509 508 ἴσως
3554 446 3632 512 τῷ
3673 450 3901 513 προσδο-

649 551 794 618 pulis
827 551 876 600 iu
906 547 1186 614 superiore
1241 546 1524 599 «cenaculo
1580 544 1918 604 sedentibus.
1973 543 2219 610 apposite

653 641 908 693 nimirum
967 639 1031 689 ad
1065 637 1490 705 exspectandum
1549 634 1808 688 Paracleti
1866 637 1934 687 de
2001 634 2217 687 sublimi

655 731 969 790 adventura,
1001 731 1090 798 qui
1134 729 1289 795 quasi
1325 731 1375 780 in
1423 742 1714 780 occursum
1769 727 1889 793 ejus
1943 727 2114 779 altum
2168 725 2220 777 in

658 820 840 872 locum
868 820 1252 880 ascenderant,
1307 833 1432 870 ecce
1461 816 1758 885 derepente
1793 813 2035 883 Spiritus
2095 828 2225 867 san-

658 918 778 963 ctus
840 907 1118 962 descendit
1178 924 1282 961 non
1342 911 1460 962 sine
1528 908 1843 976 iungentibus
1915 890 2222 968 miraculis,

662 1015 897 1068 moxque
928 1000 1155 1068 apostoli
1185 1016 1248 1054 ex
1280 999 1461 1054 idiotis
1488 1001 1760 1068 sapientes
1792 998 2064 1064 evadunt;
2103 1012 2225 1067 quae

663 1091 930 1160 sapientia
968 1109 1074 1145 non
1121 1094 1418 1154 terrestris,
1453 1093 1544 1146 sed
1578 1092 1818 1146 caelestis
1852 1103 1990 1154 erat,
2053 1106 2227 1160 neque

619 1199 621 1202 '
666 1184 910 1237 adhibito
940 1185 1122 1236 studio
1152 1194 1206 1236 et
1239 1184 1422 1236 labore
1457 1193 1634 1251 parta,
1684 1192 1742 1236 ut
1797 1184 1919 1238 aliis
1953 1184 2226 1248 usuvenit,

667 1279 760 1330 sed
799 1275 923 1330 inde
957 1291 1079 1327 nata
1130 1286 1235 1340 est,
1268 1276 1408 1343 quod
1483 1290 1548 1328 ex
1613 1274 1911 1343 improviso
1955 1273 2230 1327 uberrima

670 1368 844 1434 gratia
888 1366 1075 1435 repleti
1139 1375 1340 1420 essent.
1389 1365 1525 1419 lliuc
1589 1366 1864 1418 variarum
1921 1366 2229 1435 linguarum

668 1473 921 1516 accurata
957 1463 1215 1530 cOgnitio,
1273 1461 1665 1513 miraculorum
1698 1461 1966 1528 operatio,
1999 1460 2233 1529 prophe-

669 1556 758 1609 tia:
794 1555 1146 1619 abundantia,
1194 1553 1455 1606 doctrina:
1484 1552 1844 1621 dispensatio,
1882 1563 1935 1606 et
1989 1553 2233 1606 omnium

672 1650 962 1708 bonorum,
995 1661 1114 1714 qua:
1141 1647 1264 1714 quis
1293 1645 1371 1696 vel
1429 1655 1607 1696 mente
1650 1644 1961 1713 concipere,
2009 1642 2096 1696 vel
2133 1643 2237 1695 lin-

672 1755 775 1808 gua
813 1737 994 1806 eloqui
1031 1745 1228 1805 potest,
1269 1736 1491 1790 ubertas
1526 1735 1829 1803 repentina.
1864 1734 1995 1799 Quae
2051 1734 2236 1788 omnia

2325 545 2427 613 κᾷν
2478 542 2684 595 ἄνωθεν
2743 541 3060 594 ἐλεύσεσθαι
3120 542 3214 592 τὸν
3265 539 3643 609 Παράκλητον,
3695 538 3900 590 ὡσανεὶ

2327 637 2464 704 πρὶς
2498 635 2744 704 ὑπαντὴν
2780 634 3040 686 ἀνιόντων
3070 633 3330 701 ἐξαίφνης
3379 632 3411 700 ὴ
3454 628 3548 682 τοῦ
3583 630 3898 697 Πνεύματος

2326 727 2572 792 κάθοδος,
2614 727 2673 778 οὐ
2712 726 2830 794 μετ’
2858 725 3158 794 ἐλαχίστων
3199 723 3312 776 τῶν
3337 724 3666 790 τεραστίων.
3698 723 3805 772 Καὶ
3849 721 3902 771 οἱ

2327 819 2621 874 ἀπόστολοι
2660 817 3006 888 παραχρῆμα
3036 817 3191 884 σοφοὶ
3227 817 3286 883 ἐξ
3321 815 3570 878 ἰδιωτῶν,
3607 815 3702 866 καὶ
3746 815 3779 882 ἡ
3815 830 3906 866 σου

2329 915 2429 980 φία
2457 913 2555 965 οὐκ
2590 912 2853 979 ἐπίγειος,
2891 910 3008 964 ἀλλ’
3040 912 3314 979 οὐράνιος,
3343 910 3456 962 οὐδ’
3481 909 3589 962 ἀπὸ
3609 908 3704 961 τοῦ
3733 906 3908 959 πολλά

2334 1005 2528 1074 μαθεῖν
2560 1005 2635 1066 ῶς
2671 1006 2783 1067 τοῖς
2836 1003 3038 1066 ἄλλοις,
3091 1002 3207 1056 ἀλλ’
3239 1006 3302 1056 ἐκ
3346 1001 3440 1054 τοῦ
3476 1001 3675 1067 πολλῆς
3708 999 3911 1066 ἀθρόον

2330 1095 2721 1164 δμπλησθῆναι
2772 1095 2874 1164 τῆς
2919 1096 3165 1165 χάριτος,
3217 1096 3311 1147 καὶ
3353 1091 3615 1161 γλωσσῶν
3644 1089 3912 1142 ποικίλων

2332 1187 2612 1257 ἀκρίϐεια,
2645 1190 2740 1242 καὶ
2773 1187 3072 1256 θαυμάτων
3117 1188 3394 1256 ἐνέργεια,
3427 1184 3525 1237 καὶ
3568 1180 3912 1251 προφητείας

2333 1279 2496 1342 εὐθὺς
2526 1279 2780 1350 εὐπορία,
2813 1279 2908 1333 καὶ
2938 1279 3285 1341 διδασκαλίας
3314 1277 3621 1345 οἰκονομία,
3652 1275 3750 1327 καὶ
3776 1273 3916 1326 πάν-

2334 1385 2444 1421 των
2470 1362 2547 1421 ὧν
2576 1369 2642 1422 ἂν
2672 1371 2801 1441 εἴπῃ
2827 1387 2912 1429 τις
2937 1369 3180 1436 ἀγαθῶν,
3203 1370 3466 1439 αἰφνίδιος
3494 1369 3707 1436 κτῆσις,
3744 1366 3779 1419 ἀ
3803 1365 3916 1416 τῶν

2339 1461 2438 1529 μὲν
2499 1460 2678 1512 ἄλλων
2733 1461 2988 1513 ἁπάντων
3050 1462 3177 1531 ἑξῆς
3249 1458 3605 1520 διδασκάλους
3674 1457 3913 1516 ιδείκνυ,

2341 1552 2503 1620 μόνου
2539 1553 2595 1605 δὲ
2642 1552 2880 1622 Χριστοῦ
2933 1553 3205 1623 μαθητὰς,
3235 1552 3364 1624 παρ’
3405 1545 3451 1620 ᾧ
3497 1553 3597 1621 τῆς
3643 1550 3837 1617 σοφίας
3867 1549 3922 1598 οἱ

2341 1642 2625 1712 θησαυροὶ,
2659 1646 2754 1698 καὶ
2782 1648 2880 1716 τῆς
2911 1647 3188 1714 γνώσεως,
3233 1647 3320 1700 ὅτε
3370 1644 3467 1700 καὶ
3517 1646 3570 1698 ετ
3614 1661 3699 1708 τις
3735 1645 3922 1703 αὐτοῖς

2341 1735 2644 1803 ἀντιλέγειν
2707 1737 3142 1810 φιλονεικότερον
3208 1740 3402 1792 ἑαυτὸν
3473 1738 3748 1804 καθίστη,
3826 1735 3928 1787 καὶ⁷

678 1837 999 1897 argumento
1048 1836 1226 1889 erant,
1266 1825 1545 1894 apostolos
1599 1826 1934 1894 reliquorum
1988 1827 2233 1879 omnium

2347 1831 2662 1896 σοφιστείαν
2711 1832 2982 1886 ἁντετίθει
3037 1834 3223 1902 σοφία,
3268 1833 3357 1886 διὰ
3407 1833 3604 1901 τάχους
3651 1827 3926 1898 ἐμάνθανε

674 1924 985 1989 magistros,
1017 1919 1190 1974 solius
1228 1928 1409 1971 autem
1458 1918 1662 1973 Christi
1698 1916 1999 1987 discipulos
2027 1933 2172 1980 esse,
2209 1932 2237 1969 a

675 2030 783 2084 quo
815 2022 949 2068 sunt
996 2027 1184 2066 omnes
1216 2011 1461 2065 thesauri
1527 2011 1810 2079 sapientia:
1880 2018 1934 2064 et
1991 2010 2275 2074 scientia;

2354 1919 2533 1988 μάτην
2565 1923 2918 1994 σοφιζόμενος
2952 1927 3088 1996 πρὸς
3122 1927 3247 1989 τοὺς
3279 1925 3588 1993 θεοσόφσυς.

2349 2012 2548 2080 quibus
2606 2017 2650 2070 si
2711 2018 2834 2087 quis
2895 2022 3266 2076 contentiosus
3327 2020 3728 2079 adversaretur,
3776 2015 3912 2069 nihil

675 2107 824 2162 aliud
912 2105 1198 2161 eﬂieiebat.
1254 2117 1418 2171 quam
1483 2113 1540 2155 ut
1609 2118 1753 2157 verte
1811 2103 2094 2170 sapientia:
2158 2103 2484 2171 sophisticas
2576 2124 2746 2179 nugas
2805 2121 2858 2168 et
2933 2112 3177 2170 fallacia;
3255 2123 3572 2183 ορροῃθιιει,
3624 2111 3920 2180 saumque

685 2203 920 2256 disceret
945 2216 1003 2252 se
1063 2213 1186 2252 cum
1249 2197 1334 2252 his
1399 2197 1612 2252 ccelesti
1666 2197 1917 2252 doctrina
1968 2199 2251 2253 instructis
2292 2197 2495 2254 frustra
2519 2204 2801 2262 dimicare.

753 2297 972 2365 Antiqui
1019 2295 1353 2350 fabulatorés
1409 2295 1705 2352 tinxerunt.
1756 2296 2003 2362 gigantes
2075 2309 2140 2348 ex
2174 2308 2260 2348 se-

683 2391 829 2445 mine
889 2387 1134 2442 dentium
1193 2387 1446 2442 draconis
1507 2387 1823 2456 productos,
1887 2400 2028 2453 quos
2080 2384 2259 2438 adhuc

684 2482 808 2536 libri
846 2481 1103 2534 ridendos
1135 2489 1437 2548 exponunt,
1487 2495 1611 2532 cum
1657 2479 1842 2546 potius
1874 2477 2052 2532 ridere
2101 2491 2260 2546 opor-

693 2581 808 2627 teat
840 2587 952 2634 cos,
984 2573 1075 2641 qui
1110 2571 1234 2625 talia
1269 2578 1720 2640 composuerunt.
1749 2571 1804 2622 Si
1835 2569 1982 2623 enim
2012 2568 2116 2622 hoc
2145 2584 2256 2622 uon

687 2665 984 2731 rideamus,
1014 2679 1151 2732 quos
1199 2664 1414 2718 tandem
1453 2661 1778 2727 ridebimus,
1830 2662 1922 2731 qui
1975 2661 2257 2714 nominum

688 2757 939 2825 penuria,
970 2757 1132 2810 rebus
1183 2773 1290 2811 non
1347 2755 1786 2825 suppetentibus,
1818 2769 1923 2807 non
1960 2751 2260 2814 habebant,

691 2865 832 2918 quos
871 2849 1087 2919 publico
1117 2849 1356 2902 ludibrio
1393 2847 1769 2916 subjicerent?
1797 2846 1863 2898 At
1893 2856 2118 2899 nostros
2169 2845 2264 2898 he-

696 2958 821 2996 roas
856 2952 910 2996 et
956 2942 1332 3011 philosOpbos,
1393 2955 1660 3008 quosnam
1712 2938 2112 3008 pronuntiabis,
2158 2934 2262 2988 nisi

697 3050 817 3095 eos.
853 3034 902 3086 id
935 3034 1077 3102 quod
1119 3042 1269 3096 sunt,
1302 3033 1597 3101 derepente
1623 3030 1735 3098 jam
1766 3047 1794 3083 a
1827 3029 2035 3099 Spiritu
2069 3035 2262 3082 sancto

701 3127 877 3179 factos
907 3125 1068 3178 esse?
1119 3122 1482 3177 Succensebis
1537 3120 1793 3185 orationi,
1826 3117 1967 3188 quod
2035 3131 2132 3186 pro
2180 3117 2263 3174 di-

701 3219 905 3285 gnitate
937 3231 1023 3270 res
1078 3229 1530 3277 commemorare,
1565 3223 1618 3268 et
1655 3213 1718 3267 ad
1755 3212 2002 3266 veritatis
2037 3223 2266 3278 scopum

702 3310 1010 3379 pertingere
1038 3317 1294 3375 nequeat.
1331 3307 1500 3376 Igitur
1524 3306 1659 3360 adeo
1693 3303 1920 3374 grandia
1971 3316 2118 3367 sunt,
2150 3315 2272 3370 quae

708 3402 989 3471 apostolos
1021 3410 1380 3462 concernuut,
1415 3411 1468 3453 et
1497 3399 1577 3454 sic
1598 3413 1722 3452 cum
1754 3397 1985 3450 veritate
2020 3409 2271 3448 connexa

709 3505 790 3556 ut,
837 3494 964 3547 licet
1021 3494 1198 3546 oratio
1235 3491 1440 3561 aliquid
1472 3490 1839 3545 conﬁdentius
1879 3488 2130 3548 aliirmet,
2192 3503 2274 3540 se-

706 3603 856 3641 cura:
887 3585 1000 3639 basi
1052 3593 1108 3638 et
1156 3583 1512 3638 fundamento
1566 3598 1743 3637 rerum
1800 3591 2078 3651 gestarum
2136 3579 2278 3631 inni-

706 3688 878 3733 tatur.
908 3677 970 3731 Et
1016 3691 1271 3746 quamius
1329 3675 1512 3728 omnis
1541 3673 1717 3728 oratio
1750 3673 1819 3726 de
1855 3672 1954 3724 hoc
2008 3668 2279 3721 miraculo

712 3774 936 3837 sileret,
998 3786 1086 3826 res
1151 3769 1268 3840 ipsa
1341 3776 1522 3822 tamen
1593 3781 1755 3821 oinne
1835 3765 2113 3819 silentium
2165 3762 2280 3815 ab-

711 3873 1013 3934 rumperet.

791 3956 990 4007 Annon
1017 3953 1188 4012 vides.
1251 3947 1526 4020 quomodo
1549 3948 1751 4016 ubique
1783 3955 2051 4000 terrarum
2099 3946 2155 3996 in
2195 3958 2288 3998 ne-

718 4039 918 4093 minem
952 4039 1265 4094 Christiano
1325 4037 1545 4090 nomine
1598 4043 1853 4090 ornatum
1914 4033 2146 4096 incidas,
2194 4034 2284 4101 qui

715 4145 827 4185 non
878 4131 1205 4186 confiteatur
1244 4146 1302 4185 se
1354 4129 1750 4199 apostolorum,
1813 4142 1921 4195 qua
1973 4127 2024 4179 iu
2088 4125 2286 4192 spiritu

719 4223 1015 4293 pollebant,
1077 4221 1357 4291 sapientis:
1408 4229 1461 4273 et
1505 4220 1724 4274 virtutis
1783 4232 1920 4286 opus
1972 4216 2136 4284 esse?
2185 4213 2289 4269 Sed

721 4316 862 4386 quod
898 4317 1076 4369 dicere
1115 4314 1484 4379 institueram,
1518 4311 1754 4382 Spiritus
1799 4311 1947 4364 hunc
1980 4310 2033 4362 in
2067 4307 2290 4362 modum

721 4409 997 4479 apostolos
1051 4408 1222 4476 gratia
1265 4420 1359 4458 sua
1394 4404 1659 4474 implevit,
1695 4409 1756 4457 ut
1793 4401 1840 4456 si
1882 4400 2006 4469 quis
2055 4411 2290 4468 perpen-

726 4506 866 4559 derit
901 4502 1028 4572 quid
1084 4500 1175 4554 isti
1230 4499 1434 4554 iuerint
1481 4507 1606 4552 ante
1657 4496 1873 4551 tertiam
1907 4493 2051 4548 illam
2083 4493 2268 4546 horam

724 4596 858 4666 quid
911 4601 1037 4664 post
1066 4594 1211 4648 illam
1248 4592 1373 4648 facti
1430 4591 1581 4656 sint;
1618 4598 1673 4643 et
1704 4587 1850 4657 quod
1897 4586 2048 4654 prius
2074 4582 2292 4650 quidem

725 4688 1025 4759 piscatores
1059 4691 1244 4738 essent
1297 4693 1351 4737 et
1385 4680 1671 4743 illitterati,
1693 4676 1888 4733 deinde
1918 4690 2048 4729 vero
2074 4672 2301 4743 quibus-

730 4778 861 4832 libet
926 4774 1264 4844 sapientibus
1315 4772 1673 4841 sapientiorcs
1724 4769 2017 4833 evaserint,
2046 4765 2298 4835 quando-

728 4869 944 4941 quidem
973 4867 1147 4935 prisci
1191 4865 1263 4918 illi
1320 4864 1636 4935 Pythagora:
1681 4871 1736 4913 ct
1766 4861 2020 4914 Socrates
2049 4865 2298 4926 respectu

730 4974 895 5019 tanta?
919 4961 1173 5023 solertiae,
1203 4958 1395 5013 merito
1421 4955 1742 5026 ignorantiae
1772 4952 2033 5007 infantilis
2057 4948 2304 5002 damnari

737 5066 984 5126 poterant
1003 5071 1016 5107 ι
1036 5054 1137 5106 hoc
1167 5053 1342 5120 ipsum
1363 5049 1462 5118 ipsi
1486 5047 1715 5103 suillciet
1737 5046 1802 5099 ad
1826 5040 2306 5099 demonstrandam

739 5161 853 5202 tum
887 5145 1216 5200 ineﬂabilem
1264 5141 1501 5210 Spiritus
1541 5138 1714 5194 sancti
1746 5135 2064 5204 sapientiam
2100 5147 2164 5187 ac
2209 5143 2311 5200 po-

736 5240 984 5299 tentiam,
1021 5248 1135 5290 tum
1192 5234 1573 5302 aptitudinem,
1599 5230 1704 5299 qua
1747 5226 1972 5297 apostoli
2004 5224 2070 5280 ad
2125 5237 2311 5278 susce-

742 5334 980 5402 ptionem
1003 5328 1242 5397 Spiritus
1262 5325 1435 5379 sancti
1463 5321 1865 5392 praditicrant.
1899 5315 1962 5369 Et
1979 5315 2058 5368 sic
2085 5312 2306 5383 quidem

743 5401 978 5492 Spiritus
998 5420 1212 5491 agebat.
1237 5416 1478 5487 Apostoli
1498 5425 1675 5493 autem
1698 5410 1832 5464 tales
1859 5422 1978 5463 sese
2010 5404 2132 5458 aliis
2159 5401 2312 5457 exhi-

741 5519 999 5578 buerunt,
1030 5513 1205 5582 qualis
1235 5519 1352 5564 erat
1379 5508 1469 5562 ille
1505 5503 1784 5573 magister,
1819 5513 1927 5569 quo
1973 5495 2314 5551 ducebantur

745 5620 801 5662 et
831 5608 1172 5677 regebantur.
1193 5604 1237 5656 Α
1257 5618 1362 5671 quo
1381 5600 1607 5653 missum
1633 5593 1897 5666 Spiritum
1917 5595 2164 5643 sanetum
2186 5597 2310 5639 cum

747 5693 1102 5766 accepissent,
1134 5710 1255 5748 cum
1283 5692 1404 5745 aliis
1433 5689 1659 5757 gratiam
1689 5678 2184 5739 communicabant;
2208 5687 2311 5726 non

747 5789 831 5841 sic
866 5763 1073 5845 tamen,
1116 5792 1174 5835 ut
1217 5782 1346 5849 ipsis
1387 5781 1564 5834 minor
1618 5775 1814 5845 portio,
1846 5785 2008 5841 quam
2037 5763 2309 5838 prmlcrito

2429 2299 2716 2374 Σπαρτοὺς
2793 2310 2987 2379 μενοῦν
3045 2313 3307 2380 γίγαντας
3356 2311 3527 2364 πάλαι
3601 2308 3699 2378 μὲν
3770 2304 3944 2374 μῦθος

2358 2400 2587 2465 ἔπλασε,
2618 2401 2794 2470 βίϐλοι
2833 2403 2889 2455 δὲ
2927 2405 3089 2471 μέχρι
3120 2405 3213 2456 καὶ
3245 2404 3302 2464 ις
3331 2400 3489 2471 δεῦρο
3524 2402 3748 2469 φέρουσι
3769 2396 3946 2464 γελωο

2361 2493 2582 2559 μένους,
2622 2494 2824 2559 μᾶλλον
2847 2495 2903 2546 δὲ
2935 2495 3217 2565 καταγελᾷ
3243 2495 3443 2563 ἔχομεν
3471 2493 3579 2544 τῶν
3611 2490 3782 2543 ταῦτα
3812 2505 3943 2542 συνο

2359 2583 2629 2652 θεμένων.
2688 2586 2753 2638 Τί
2807 2587 2917 2657 γὰρ
2975 2587 3038 2656 δὴ
3091 2587 3439 2657 γελασόμεθα
3485 2585 3594 2638 τῶν
3657 2583 3946 2650 ὀνομάτων

2361 2678 2569 2747 ἐρημία
2604 2680 2948 2746 πραγμάτων
2971 2679 3070 2732 οὐκ
3096 2680 3350 2750 ἐχόντων,
3379 2678 3474 2741 οὓς
3506 2678 3573 2731 ἂν
3605 2676 3847 2730 ὑποθῶσι
3873 2676 3944 2742 τῇ

2363 2769 2567 2841 χλεύῃς
2603 2770 2741 2831 Τοὺς
2791 2770 2838 2823 δ’
2881 2772 3187 2839 ἡμετέρους
3233 2770 3420 2841 ἥρωας
3451 2769 3567 2839 ἅμα
3604 2770 3698 2820 καὶ
3729 2767 3949 2835 φιλοσό-

2365 2879 2501 2927 φους
2528 2864 2580 2914 τί
2609 2862 2675 2915 ἂν
2702 2863 2913 2932 εἴποιςις
2947 2864 2979 2934 ἢ
3015 2865 3276 2932 ἐξαπίνης
3305 2866 3405 2932 μὲν
3429 2862 3534 2914 ὑπὸ
3564 2861 3659 2914 τοῦ
3697 2857 3954 2926 Πνεύμα-

2372 2969 2463 3014 τος
2492 2954 2808 3019 γεγονότας,
2841 2955 2980 3022 ὅπερ
3030 2954 3313 3020 ὲγένοντος
3365 2951 3726 3021 Δυσχερανεῖς
3768 2947 3825 2998 δὲ
3867 2944 3952 3013 τῷ

2371 3046 2538 3113 λόγῳ,
2589 3047 2673 3098 ὅτι
2713 3048 2786 3114 μὴ
2824 3047 2946 3099 κατ’
2977 3045 3135 3110 ἀξίαν
3170 3043 3505 3112 ἀπαγγεῖλαι
3537 3045 3602 3096 τὰ
3644 3042 3955 3110 πράγματα

2374 3140 2620 3203 δύναται,
2651 3139 2776 3209 μηδ’
2807 3139 3090 3206 ἐφικέσθαι
3121 3138 3220 3206 τῆς
3252 3137 3532 3207 ἀληθείας.
3565 3133 3773 3188 Οὐκοῦν
3805 3131 3955 3184 οὕτω

2380 3235 2523 3302 μέγα
2563 3237 2624 3287 τὸ
2659 3233 2783 3286 κατ’
2816 3234 3012 3296 αὐτοὺς
3044 3234 3136 3286 καὶ
3171 3231 3433 3302 ἀληθείας
3465 3229 3636 3290 οὕτως
3670 3227 3956 3294 ἐχόμενον,

2377 3327 2522 3380 ῶστε
2552 3328 2645 3381 καὶ
2673 3329 2766 3380 τὸν
2797 3327 2953 3394 λόγον
2985 3326 3174 3393 ὥσπερ
3204 3325 3337 3378 ποτὲ
3368 3319 3675 3393 θαρροῦντα
3713 3320 3961 3385 ἀποφαί-

2378 3421 2565 3474 νεσθοι
2607 3421 2736 3489 περὶ
2782 3419 2975 3472 τούτου
3021 3418 3099 3480 ὡς
3133 3418 3224 3470 ἐπὶ
3273 3417 3483 3484 βάσεως
3524 3409 3802 3480 ἀσφαλοῦς
3845 3409 3960 3460 τῶν

2383 3515 2728 3584 πραγμάτων
2757 3513 3066 3580 ἱστάμενον,
3094 3509 3195 3564 κᾶν
3224 3511 3413 3578 μηδεὶς
3439 3507 3595 3576 λόγος
3626 3502 3796 3573 διεξίῃ
3825 3503 3962 3570 περὶ

2382 3605 2476 3659 τοῦ
2517 3606 2818 3675 θαύματος,
2866 3605 2934 3657 τά
2963 3621 3026 3672 γε
3050 3602 3355 3674 πράγματα
3410 3599 3486 3670 μὴ
3519 3596 3805 3652 καθεύδειν
3858 3592 3964 3645 ἀν-

2383 3699 2624 3769 ἅχεσθαι.

2464 3976 2578 4045 οὐχ
2619 3974 2750 4043 ὁρᾷς
2796 3972 2929 4040 γὰρ,
2981 3969 3057 4032 ὡς
3105 3967 3207 4021 οὐκ
3252 3965 3402 4020 ἔστιν
3430 3962 3606 4018 οὐδενὶ
3649 3958 3972 4029 περιτυχεῖν

2388 4068 2502 4120 τῶν
2553 4061 2870 4131 ἁπανταχοῦ
2906 4061 3010 4130 γῆς
3053 4059 3188 4112 Θεὸν
3239 4058 3334 4110 τὸν
3377 4053 3616 4124 Χριστὸν
3659 4051 3973 4118 ἐπιγραφο-

2398 4160 2600 4229 μένων,
2627 4157 2686 4219 ὃς
2706 4158 2768 4209 οὐ
2799 4155 2900 4224 τῆς
2923 4153 3033 4206 τῶν
3053 4151 3372 4205 ἀποστόλων
3395 4150 3451 4201 ὲν
3474 4145 3745 4214 πνεύματι
3778 4158 3874 4206 σος
3889 4141 3974 4203 ίας

2391 4270 2452 4305 τι
2486 4251 2584 4305 καὶ
2607 4250 2892 4317 δυνάμεως
2923 4247 3106 4314 ἔργον·
3130 4243 3245 4297 ἀλλ’
3270 4243 3406 4311 ὅπερ
3427 4241 3635 4307 ελεγον,
3657 4237 3716 4289 τὸ
3747 4235 3980 4304 Πνεῦμα

2402 4347 2502 4415 μὲν
2532 4343 2681 4397 οὕτω
2705 4343 2805 4411 τῆς
2835 4341 2973 4410 παρ’
3005 4337 3203 4393 ἑαυτοῦ
3233 4336 3455 4408 χάριτος
3486 4338 3611 4395 τοὺς
3638 4329 3980 4389 ἀποστόλους

2399 4439 2718 4507 ἐνέπλησεν,
2771 4437 2848 4500 ὡς
2907 4435 3004 4489 καὶ
3049 4435 3176 4495 τοὺς
3223 4427 3742 4498 συλλογιζομένους,
3771 4423 3825 4476 τί
3881 4421 3984 4490 μὲν

2276 4530 2292 4605 ξ
2338 4529 2374 4585 Β
2403 4531 2545 4605 ἦσαν
2572 4529 2721 4587 οὗτοι
2744 4531 2873 4602 πρὶν
2896 4526 3187 4596 Ξπιστῆναι
3214 4525 3313 4595 τὴν
3334 4523 3526 4593 τρίτην
3551 4519 3701 4586 ῶραν
3726 4516 3982 4581 ἐκείνην,

2402 4626 2457 4679 τί
2487 4623 2544 4677 δὲ
2597 4623 2737 4690 μετά
2782 4619 2991 4688 ταύτην
3037 4618 3292 4685 γεγόνασι
3319 4632 3334 4645 ·
3394 4612 3490 4666 καὶ
3539 4610 3615 4673 ὡς
3668 4609 3850 4660 ἐκεῖνο
3887 4605 3988 4674 μὲν

2408 4722 2580 4783 ἁλιεῖς
2618 4735 2764 4781 τινες
2812 4717 2906 4770 καὶ
2953 4713 3333 4785 ἀγράμματοι,
3369 4707 3526 4761 τοῦτο
3569 4705 3625 4756 δὲ
3673 4703 3767 4756 καὶ
3802 4700 3987 4766 σοφῶν

2411 4812 2486 4873 ὧν
2517 4817 2583 4868 ἂν
2611 4814 2788 4874 εἴποις
2825 4809 3166 4879 σοφώτεροι·
3198 4806 3247 4858 oi
3282 4804 3338 4857 δὲ
3373 4801 3545 4856 πάλαι
3579 4795 3902 4863 Πυθαγόραι
3928 4806 3990 4842 τε

2417 4912 2511 4965 καὶ
2544 4906 2860 4977 Σωκράτεις
2904 4905 3116 4972 νηπίων
3168 4901 3349 4966 ἄνοια,
3383 4895 3518 4964 πρὸς
3565 4890 3776 4960 ἀνδρῶν
3829 4889 3994 4954 ἀγχί-

2413 5022 2565 5060 νοιαν
2593 5001 3006 5071 ἱπλάγχθησανο
3035 4996 3239 5066 -ἀρκεῐν
3268 4991 3415 5047 τοῦτ’
3445 4989 3577 5044 αὐτὸ
3607 4985 3742 5055 πρὸς
3789 4982 3995 5047 δεῖγμα

2413 5099 2515 5168 τῆς
2537 5096 2632 5151 τοῦ
2661 5095 2977 5164 Πνεύματος
2998 5091 3240 5160 ἀρρήτου
3268 5085 3460 5154 σοφίας
3484 5099 3540 5133 τε
3569 5078 3660 5132 καὶ
3678 5075 3993 5143 δυνάμεως,

2417 5166 2515 5245 καὶ
2546 5191 2643 5258 τῆς
2673 5188 2783 5241 τῶν
2812 5185 3130 5240 ἀποστόλων
3183 5181 3321 5248 πρὸς
3353 5177 3450 5245 τὴν
3499 5173 3692 5227 τούτου
3721 5166 3995 5258 ὑποδοχὴν

2419 5256 2882 5350 ἐπιτηδειότητος.
2939 5276 3051 5329 Καὶ
3093 5274 3153 5326 τὸ
3200 5270 3427 5338 Πνεῦμα
3480 5266 3578 5336 μὲν
3606 5262 3790 5316 οὔτιν’
3845 5260 3897 5312 οί
3951 5256 3997 5311 δ’

2419 5376 2712 5431 ἀπόστολοι
2743 5373 3021 5433 τοιούτους
3053 5368 3280 5430 ἑαυτοὺς
3313 5366 3426 5426 τοϊς
3462 5360 3643 5422 ἄλλοις
3691 5355 3996 5424 παρέσχον,

2417 5475 2600 5533 ὁποῖος
2624 5469 2809 5531 αὐτοῖς
2830 5462 2900 5537 ἦν
2930 5467 2958 5519 ό
2984 5462 3328 5523 διδάσκαλος.
3354 5458 3464 5512 Καὶ
3484 5455 3589 5524 γάρ
3621 5449 3752 5520 παρ’
3780 5450 3996 5500 ἐκείνου

2421 5564 2671 5634 πεμφθὲν
2700 5563 2761 5614 τὸ
2797 5560 3024 5629 Πνεῦμα
3057 5556 3368 5622 δεξάμενοι,
3403 5551 3496 5603 καὶ
3536 5549 3647 5609 τοῖς
3682 5545 3868 5606 ἀλλοις
3903 5541 3996 5609 τὴν

2423 5661 2585 5730 χάριν
2611 5659 2712 5710 οὐκ
2737 5656 2892 5710 αὐτοὶ
2926 5654 3079 5723 μεῖον
3113 5650 3255 5706 κατὰ
3281 5648 3340 5700 τὸ
3361 5647 3444 5699 ἀεὶ
3479 5644 3672 5713 παρὸν,
3703 5640 3800 5693 τοῦ
3833 5641 3890 5691 ἐν
3920 5638 3996 5705 τῷ

2426 5750 2824 5824 παρεληλυθότι
2878 5746 3131 5817 λείψανον
3190 5745 3401 5814 ἔχοντες
3450 5738 3555 5792 οὐδ’
3607 5739 3640 5807 ἡ
3692 5735 3993 5804 νεμηθεῖσι
