4234 6446
290 453 420 516 ιοτι

1257 452 1666 513 ENCOMIUM
1703 452 1802 516 SS.
1840 453 2070 515 PETRI
2113 456 2207 516 ET
2245 453 2503 517 PAULI.

3421 454 3556 522 1078

290 586 448 637 χαρις
482 567 668 628 αὐτοῖς
704 567 1007 638 ἠλαττοῦτο
1037 571 1102 639 τῇ
1140 570 1446 636 μεταδόσει.
1483 570 1608 632 Πῶς
1641 570 1749 639 γὰρ
1784 573 1883 624 οὐκ
1911 582 1958 637 Λ

1911 582 1958 637 Λ
1989 584 2236 644 tempore
2269 582 2542 635 restaret;
2579 583 2754 642 neque
2779 570 2923 625 enim
2953 580 3176 641 accepta
3228 571 3399 640 gratia
3451 573 3556 626 mi-

284 661 510 724 ἁτοπον,
540 661 636 714 καὶ
667 662 838 726 πυρὸς
871 660 1094 713 ἔλαττον
1125 659 1312 713 ὑλικοῦ
1343 661 1442 730 τὴν
1468 661 1629 731 χάριν
1656 661 1869 716 οῐεσοαι

285 752 380 805 τοῦ
415 752 733 819 Πνεύματος
763 754 1178 824 ἀποῃέρεσθαις
1237 757 1330 808 καὶ
1370 756 1600 825 σμικρὸν
1635 756 1736 826 μὲν
1779 755 1870 808 λύ-

287 859 418 912 χνον
454 843 624 913 μηδὲν
672 845 803 915 περὶ
847 845 908 896 τὸ
935 847 1138 898 οἰκεῖον
1167 846 1283 913 φῶς
1337 847 1745 910 κινδυνεύοντα,
1780 848 1873 900 καλ⁸

285 933 468 1003 πολλῷ
500 934 719 1002 μείζους
752 937 951 988 ἐαυτοῦ
983 937 1250 1006 καμίνους
1280 937 1544 990 ἀνάπτειν
1573 937 1870 991 δύνασθαι·

284 1026 492 1096 ταύτην
526 1029 606 1092 δέ,
633 1030 682 1083 εί
720 1032 902 1099 μήπου
951 1030 1283 1100 πενίστερον
1331 1030 1490 1086 ἄλλον
1537 1032 1873 1096 ἀποδείξειεν

287 1117 514 1186 ἐαυτοῦ,
547 1120 624 1190 μὴ
671 1122 814 1175 πάνυ
864 1140 922 1175 τε
955 1121 1272 1187 πλουτίζειν
1305 1122 1495 1192 ἕτερον
1531 1125 1872 1192 πεφυκέναι;

362 1390 597 1458 Ἔμοιγε
634 1391 824 1460 μέντοι
859 1391 1008 1445 δοκεῖ
1039 1393 1134 1445 καὶ
1163 1393 1336 1448 πλείω
1367 1393 1574 1463 ταύτην
1596 1394 1688 1446 τὸν
1718 1410 1881 1464 μετα-

289 1480 506 1533 διδόντα
533 1483 987 1552 προσλαμϐάνειν
1016 1485 1125 1550 ἀεὶ,
1159 1483 1214 1536 εῐ
1238 1501 1323 1546 τις
1349 1480 1458 1537 οῐδε
1495 1485 1587 1537 καὶ
1610 1485 1679 1537 τὰ
1705 1488 1882 1539 ἁπαν-

286 1570 568 1640 τλούμενα
635 1574 849 1645 φρέατα
911 1572 1224 1646 γλυκύτερα
1281 1575 1557 1644 γενόμενα
1618 1576 1830 1628 ἑαυτῶν
1864 1592 1877 1606 ·

291 1666 596 1737 φιλόδωρον
619 1670 729 1738 γάρ
756 1685 838 1722 τοι
863 1669 924 1722 τδ
949 1668 1097 1722 θεῖον
1126 1672 1221 1722 καὶ
1249 1668 1478 1736 ἀγαθὸν,
1512 1669 1606 1722 καὶ
1624 1668 1880 1735 ἄφθονον,

290 1759 386 1810 καὶ
439 1759 710 1822 ἀνενδεές,
742 1761 834 1814 καὶ
867 1763 915 1813 si
950 1760 1279 1831 θαυμαστὴν
1323 1760 1468 1814 οὕτω
1516 1762 1688 1832 πυρδς
1721 1761 1884 1828 φύσιν

289 1846 649 1917 δημιουργεῖν
677 1849 811 1918 ἕχει,
842 1851 895 1902 τί
928 1850 994 1903 ἂν
1024 1851 1352 1921 είκάσαιμεν
1384 1851 1516 1904 αὐτὸ
1537 1853 1839 1917 πεφυκέναι
1865 1870 1881 1918 ;

290 1935 366 1994 Τὸ
387 1938 444 1990 δέ
469 1937 534 2010 δὴ
567 1943 660 1994 καὶ
695 1940 805 2008 πῦρ
832 1942 966 1994 αὐτὸ
996 1942 1254 2009 λέγεσθαι
1285 1943 1381 1996 καὶ
1411 1943 1668 2013 πυρίναις
1700 1944 1878 2010 γλώσ·
1914 1942 1953 1994 Β

292 2047 418 2094 σαις
471 2033 804 2087 ἐπιπτέσθαι
862 2037 976 2097 τοῖς
1041 2036 1384 2102 ἀποστόλοις,
1443 2038 1623 2091 πάντα
1675 2038 1876 2108 μᾶλλον

289 2125 478 2180 δίδωσι
499 2128 641 2178 νοεῖν
671 2127 892 2192 ἀπεῖναι
916 2127 1077 2191 Θεοῦ,
1105 2129 1136 2198 ἢ
1160 2129 1225 2192 ἃς
1246 2129 1358 2199 πῦρ
1388 2130 1661 2200 ἰδιότητας
1694 2130 1872 2200 φέρει.

292 2218 434 2272 Οῦτε
465 2219 572 2288 γὰρ
605 2221 775 2290 πυρδς
812 2223 870 2274 ἐν
923 2223 1034 2284 τοῖς
1067 2223 1347 2291 αἰσθητοῖς
1397 2224 1879 2292 ὲπικρατὲστερον,

291 2312 325 2382 ἢ
356 2313 796 2382 δραστικώτερον
817 2353 833 2378 ,
888 2313 1013 2367 οὔτε
1075 2315 1214 2369 Θεοῦ
1266 2317 1322 2367 ἐν
1349 2318 1461 2375 τοῖς
1493 2315 1665 2379 οῦσιν,
1704 2317 1753 2368 εί
1787 2316 1884 2369 καὶ

297 2406 567 2472 μειζόνων
596 2406 804 2476 ἀπορίᾳ
832 2407 1297 2476 παραδειγμάτων
1323 2408 1380 2459 ἐν
1409 2408 1586 2477 τούτῳ
1615 2408 1703 2459 τὸν
1728 2407 1884 2474 λόγον

292 2499 599 2568 ἐρείδομεν.
639 2501 750 2552 Καὶ
783 2499 960 2568 ἔγωγε
994 2501 1094 2572 τὴν
1140 2503 1250 2555 τῶν
1282 2503 1537 2555 Στωϊκῶν
1577 2503 1888 2572 ἐκπύρωσιν

293 2593 396 2644 οὐκ
432 2593 858 2664 ἀποδεχόμενος,
903 2594 962 2647 ἐν
993 2595 1156 2647 τοῦτο
1211 2596 1474 2664 ἀσφαλῶς
1530 2598 1886 2666 ἀποφηναμέ-

293 2704 422 2748 νους
455 2687 653 2748 αὐτοὺς
690 2685 831 2750 οἶδα,
866 2690 948 2741 δτι
1009 2689 1084 2758 μή
1135 2705 1194 2741 τε
1230 2689 1529 2759 ἐξαέρωσιν
1559 2689 1651 2742 τοῦ
1688 2690 1890 2751 παντὸς

295 2780 369 2842 (εί
419 2777 502 2828 δεῖ
537 2777 658 2829 κατ’
692 2779 938 2840 ἐκείνους
966 2779 1205 2848 ὀνόματα
1235 2779 1514 2848 πλάττειν)
1553 2780 1627 2848 μή
1679 2796 1738 2830 τε
1773 2780 1892 2844 ἐξυ-

295 2870 555 2933 δάτωσιν,
608 2872 642 2942 ἦ
691 2889 744 2924 τι
795 2872 984 2940 ἓτερον
1039 2873 1425 2942 ἐδογμάτισαν,
1487 2873 1586 2924 οὐκ
1639 2871 1888 2939 ἀμαθῶς,

293 2963 656 3027 ἐμοὶδοκεῖν,
718 2965 1049 3026 συνιδόντες.
1099 2965 1172 3026 ὼς
1229 2964 1375 3017 εἴτι
1431 2965 1676 3018 τοιοῦτον
1727 2982 1890 3032 τερα-

292 3054 559 3107 τεύεσθαι
595 3055 727 3120 δέοι,
772 3055 943 3124 μηδὲν
976 3056 1126 3121 ἄλλο,
1159 3055 1192 3124 ἢ
1227 3056 1326 3126 τὴν
1375 3057 1456 3117 εἰς
1504 3056 1564 3108 τὸ
1600 3056 1891 3125 κράτιστον

294 3148 410 3199 τῶν
442 3148 724 3217 στοιχείων
760 3152 1178 3218 μετακόσμησιν
1215 3149 1541 3218 σχεδιάζειν.

1976 667 2254 721 nuebatur
2317 666 2816 719 communicatione
2891 680 3015 717 cum
3072 663 3215 719 aliis.
3270 663 3562 729 Quomodo

1974 761 2119 815 enim
2179 759 2475 814 absurdum
2522 773 2629 812 non
2684 756 2892 821 luerit,
2954 756 3267 812 existimare
3329 760 3560 826 gratiam

1977 849 2212 920 Spiritus
2249 849 2535 904 deterioris
2585 847 2914 903 conditionis
2944 850 3102 908 esse',
3161 862 3323 916 quam
3380 849 3553 917 igneo:

1977 942 2338 1007 materialem;
2373 952 2427 996 et
2488 941 2738 1010 exiguam
2791 940 3010 1009 quidem
3059 940 3365 1005 lucernam,
3412 939 3558 992 mdia

1979 1033 2182 1103 proprii
2218 1032 2440 1086 luminis
2466 1031 2681 1100 jactura
2715 1031 2878 1095 facta,
2912 1031 3085 1085 multo
3111 1031 3344 1097 majores
3381 1031 3563 1085 forna-

1979 1141 2070 1179 ees
2110 1125 2443 1179 succendere
2471 1162 2485 1187 ,
2546 1126 2682 1177 hanc
2726 1137 2875 1186 vero,
2927 1124 2972 1176 si
3006 1124 3059 1177 in
3097 1124 3334 1192 aliquem
3396 1138 3562 1189 egen-

1979 1218 2173 1272 tiorcm
2239 1217 2512 1284 inciderit,
2564 1232 2687 1273 cum
2773 1216 2992 1287 largiter
3047 1216 3376 1285 locupletare
3456 1231 3561 1270 non

1983 1326 2146 1379 posse
2170 1311 2194 1362 ?

2052 1400 2217 1471 Atqui
2259 1415 2357 1472 ego
2411 1401 2483 1455 ita
2542 1400 2756 1470 judico,
2825 1417 2954 1456 eum
3001 1400 3093 1470 qui
3145 1402 3374 1466 gratiam
3438 1415 3563 1454 cum

1986 1495 2158 1548 altero
2189 1495 2585 1559 communicat,
2619 1510 2832 1563 semper
2869 1493 3238 1562 copiosiorem
3294 1493 3564 1561 accipere,

1987 1587 2146 1656 idque
2177 1583 2456 1651 fatebitur,
2486 1587 2572 1639 cui
2624 1596 2963 1654 compertum
3009 1594 3117 1648 est,
3174 1594 3381 1654 puteos
3432 1587 3567 1640 bau—

1987 1687 2103 1735 stos
2151 1679 2423 1732 dulciores
2476 1679 2671 1747 seipsis
2715 1679 2884 1732 reddi.
2926 1678 3179 1732 Divinum
3236 1681 3382 1732 enim
3457 1678 3564 1729 Nu-

1990 1790 2112 1828 men
2169 1773 2396 1828 liberale
2437 1782 2540 1837 est,
2599 1782 2650 1824 et
2692 1773 2915 1835 bonum,
2961 1778 3014 1823 et
3071 1770 3288 1824 invidiae
3345 1785 3565 1839 expers.

1989 1878 2040 1920 et
2074 1882 2236 1935 supra
2266 1881 2482 1919 omnem
2544 1871 2862 1933 egestatem.
2912 1862 3064 1927 Quod
3115 1863 3161 1917 si
3219 1863 3361 1932 ignis
3413 1875 3566 1915 natu-

1986 1975 2098 2010 ram
2135 1969 2243 2011 tam
2276 1957 2648 2010 admirabilem
2683 1955 2948 2015 condidit,
2975 1954 3102 2023 quid
3133 1956 3309 2023 ipsum
3355 1954 3564 2008 Numen

1988 2049 2043 2102 in
2077 2065 2135 2102 se
2187 2064 2306 2104 esse
2366 2048 2823 2117 conjeclabimus.
2887 2047 3030 2113 quod
3085 2057 3135 2099 et
3195 2047 3374 2116 ipsum
3425 2047 3568 2114 ignis

1991 2142 2314 2209 appr-llatur,
2375 2151 2423 2194 et
2492 2141 2661 2207 specie
2726 2141 3031 2210 linguarum
3091 2141 3365 2208 iguearum
3415 2154 3569 2205 super

1986 2234 2247 2299 apostolos
2281 2234 2412 2285 sedit
2447 2235 2488 2264 ¹⁶
2518 2234 2538 2284 ?
2578 2232 2709 2298 Quae
2744 2249 2875 2287 sane
2900 2233 3098 2285 iudicio
3134 2240 3282 2292 sunt,
3327 2234 3504 2282 omnia
3539 2248 3566 2281 a

1993 2327 2100 2376 beo
2129 2327 2302 2391 magis
2330 2326 2544 2386 abesse,
2574 2341 2737 2394 quam
2771 2325 3135 2394 proprietates
3171 2325 3340 2392 ignis.
3381 2322 3568 2392 Νιιῳιιτ

1991 2416 2135 2468 enim
2176 2417 2301 2484 igne
2345 2417 2551 2486 aliquid
2610 2418 2880 2485 potentius
2939 2427 2991 2471 et
3046 2417 3322 2471 eilicacius
3382 2431 3465 2470 εει
3517 2418 3567 2467 in

1993 2509 2154 2561 rebus
2185 2509 2368 2562 sensui
2401 2508 2662 2577 expositis
2687 2551 2701 2576 ,
2771 2524 2946 2577 neque
2980 2508 3088 2562 Deo
3117 2509 3171 2562 in
3229 2508 3330 2562 hoc
3387 2525 3568 2562 rerum

1995 2599 2298 2652 universo:
2352 2601 2453 2653 etsi
2527 2601 2791 2666 majorum
2843 2600 3218 2668 exetuplorum
3283 2600 3465 2667 inopia
3517 2601 3569 2652 in

1995 2690 2096 2742 hoc
2145 2689 2446 2744 orationem
2506 2690 2774 2745 sistimus.
2829 2689 2893 2744 Et
2940 2706 3041 2761 ego
3095 2691 3313 2760 quidem
3367 2694 3567 2760 rejecta

1999 2783 2312 2835 Stoicorum
2349 2783 2795 2852 conﬂagratione,
2865 2782 2968 2836 hoc
3026 2799 3193 2845 unum
3239 2783 3387 2846 novi,
3449 2783 3570 2836 illos

1995 2877 2205 2943 absque
2289 2876 2533 2942 periculo
2615 2877 2881 2936 sensisse,
2961 2890 3139 2944 neque
3197 2875 3569 2928 universitatis

1997 2969 2403 3020 execrationem
2465 2968 2530 3038 (si
2595 2984 2744 3023 more
2812 2969 3031 3022 illorum
3096 2983 3234 3022 nova
3307 2967 3569 3022 vocabula

2001 3060 2200 3127 ﬁngere
2250 3061 2419 3130 licet),
2470 3077 2642 3131 neque
2671 3063 3087 3130 exaquationem
3122 3060 3200 3114 vel
3242 3059 3446 3128 aliquid
3497 3059 3572 3112 si-

2000 3152 2126 3204 mile
2177 3166 2241 3204 ex
2284 3167 2470 3205 eorum
2533 3153 2765 3206 decretis
2819 3167 3059 3220 unquam
3116 3150 3366 3204 futurum
3427 3165 3573 3202 csse.

296 3242 416 3296 Mea
451 3244 710 3311 Opinione
739 3258 848 3297 non
877 3244 1093 3299 inscize.
1128 3244 1191 3297 Et
1230 3245 1273 3299 si
1303 3243 1431 3312 quid
1487 3244 1553 3296 de
1618 3257 1816 3312 genere
1857 3243 1962 3298 hoc
1994 3244 2306 3314 prodigiose
2339 3255 2642 3311 asseratur,
2706 3244 2759 3300 id
2803 3260 2907 3299 non
2946 3244 3048 3298 nisi
3082 3245 3151 3298 de
3175 3243 3569 3297 elementorum

297 3331 356 3388 in
385 3336 653 3402 Optimum
685 3344 883 3388 statum
917 3336 1263 3389 resttutione
1313 3334 1517 3403 iuteligi
1547 3334 1787 3389 debebit.

376 3431 596 3486 Οὐκοῦν
653 3431 754 3493 τῆς
803 3431 898 3483 τοῦ
958 3432 1279 3500 Πνεύματος
1336 3431 1557 3501 χάριτος
1607 3431 1680 3493 ὡς
1740 3429 1981 3501 πυρδςο

1901 3437 1981 3494 :c
2089 3429 2224 3484 Cum
2262 3445 2393 3498 ergo
2429 3427 2664 3498 Spiritus
2697 3430 2871 3484 sancti
2926 3430 3122 3500 gratia,
3178 3428 3353 3486 instar
3412 3430 3573 3496 ignis.

297 3524 582 3592 ἀμειώτου
620 3522 913 3591 μενούσης,
951 3525 1160 3592 Πέτρος
1200 3524 1299 3592 μὲν
1330 3526 1445 3586 τοῖς
1477 3524 1582 3576 ὑπὸ
1627 3522 1899 3576 Φιλίππου

298 3622 448 3670 κατὰ
471 3618 796 3687 Σαμάρειαν
829 3617 1202 3685 βαπτισθεῖσι,
1245 3618 1339 3668 καὶ
1376 3617 1541 3684 μήπω
1577 3614 1633 3666 τδ
1677 3614 1903 3682 Πνεῦμα

298 3711 589 3774 λαϐοῦσιν,
625 3710 795 3761 ἐλθὼν
845 3709 937 3760 καὶ
967 3711 1061 3770 τὰς
1096 3711 1283 3777 χεῖρας
1334 3708 1596 3768 ἐπιτιθεὶς
1615 3701 1756 3774 ’ἥκει
1809 3706 1902 3758 καὶ

299 3805 395 3858 ἐπ’
421 3806 668 3865 ἐκείνους
725 3803 904 3855 ἐποίει
957 3802 1017 3853 τὸ
1053 3802 1299 3868 Πνεῦμα.
1356 3802 1608 3854 Κᾶπειτα
1644 3799 1780 3867 πρὸς
1811 3799 1902 3876 τῂν

305 3897 728 3964 ἑκατοντάρχην
765 3891 898 3962 ἦλθε
945 3894 1266 3963 Κορνήλιον,
1303 3893 1400 3944 καὶ
1435 3893 1544 3952 τοῖς
1580 3889 1814 3959 παροῦσι
1843 3890 1904 3942 τὸ

305 3989 651 4055 Εὑαγγέλιον
700 3985 923 4056 διεξῄει,
963 3985 1160 4046 αὐτούς
1200 4001 1257 4036 τε
1309 3983 1426 4053 ἅμα
1467 3980 1695 4046 ἐδίδαξε,
1724 3980 1903 4034 καὶτὸ

302 4081 539 4149 Πνεῦμα
566 4081 659 4132 ἐπὶ
692 4080 903 4139 πάντας
934 4076 1193 4131 ἐπιπεσδν
1228 4075 1496 4143 γλωσσῶν
1542 4074 1710 4126 ἐδίδου
1743 4073 1903 4143 χαρί-

301 4191 514 4242 σματα.
554 4171 759 4233 Παῦλος
795 4171 852 4222 δέ
887 4171 1014 4233 τοὺς
1053 4167 1173 4222 κατ’
1209 4168 1444 4235 Ἔφεσον
1491 4167 1572 4229 είς
1615 4166 1675 4218 τὸ
1714 4164 1904 4234 βάπτι-

304 4283 427 4333 σμα
471 4265 876 4333 βαπτισθέντας
922 4263 1193 4326 Ἰωάννου,
1234 4264 1331 4316 καὶ
1375 4258 1752 4329 ἐρωτηθέντας
1777 4258 1899 4328 μὲν,

303 4361 354 4410 εἰ
392 4357 590 4425 Πεῦμα
626 4356 783 4422 ἅγιον
835 4353 1234 4415 πιστεύσαντες
1280 4352 1494 4416 ἒλαῦον,
1532 4353 1906 4420 ἀποκριναμέ-

302 4469 434 4512 νους
483 4450 562 4514 δέ,
600 4452 822 4514 ἀγνοεῖν
855 4449 950 4501 καὶ
983 4450 1031 4500 εί
1066 4446 1289 4516 Πνεῦμα
1323 4446 1474 4499 ἐστιν
1509 4444 1686 4513 ἆγιον,
1734 4433 1815 4506 εἰς
1845 4443 1905 4497 τδ

304 4546 482 4612 ὖνομα
497 4542 594 4595 τοῦ
622 4540 864 4612 Χριστοῦ
892 4540 1188 4609 βαπτίσας,
1216 4540 1312 4592 καὶ
1335 4539 1430 4600 τὰς
1452 4540 1644 4608 χεῖρας
1667 4536 1903 4605 ἐπιθεὶς,

303 4639 408 4706 τῆς
443 4633 538 4688 τοῦ
577 4633 896 4701 Πνεύματος
925 4633 1127 4684 αὐτίκα
1144 4631 1415 4714 ⁸μετέχειν
1443 4628 1717 4698 πεποίηκε
1746 4630 1904 4698 χάρι-

306 4749 400 4792 τος
439 4728 813 4793 ἐπιτοσοῦτον,
853 4726 995 4779 ὥστε
1036 4728 1130 4778 καὶ
1162 4725 1439 4792 γλώσσαις
1469 4723 1652 4776 λαλεῖν
1687 4722 1903 4790 ἑτέραις

307 4827 405 4878 καὶ
440 4820 835 4891 προφητεύειν.

397 4917 542 4969 Ἀλλ’
594 4909 697 4966 ὦδε
733 4913 828 4965 τοῦ
883 4910 1044 4976 λόγου
1092 4907 1388 4976 γενομένου
1433 4905 1781 4976 ἐνεθυμήθην
1806 4906 1901 4958 κά-

311 5015 489 5066 κεῖνο.
517 5010 602 5061 ὅτι
635 5007 731 5060 καὶ
758 5005 867 5058 ἀπὸ
896 5003 990 5056 τοῦ
1025 5005 1081 5055 ἐν
1100 5001 1178 5071 τῷ
1205 5002 1393 5053 Μωσεῖ
1421 4999 1726 5067 πνεύματος
1759 4998 1902 5050 ἐϐδο-

316 5111 569 5174 μήκοντα
626 5101 735 5153 τῶν
803 5097 1197 5168 πρεσϐυτέρων
1272 5092 1402 5145 ποτέ
1462 5092 1900 5161 προεφήτευσαν.

325 5194 475 5266 ’0ρῶ
513 5195 698 5263 μέντοι
727 5192 825 5260 τὴν
848 5191 940 5241 τὸν
971 5185 1288 5242 ἀποστόλων
1311 5183 1588 5253 ὑπεροχὴν
1614 5184 1674 5235 οῦ
1699 5182 1902 5252 μικρὰν

317 5287 458 5356 πρὸς
517 5285 715 5336 ἐκεῖνο.
767 5278 1033 5333 Ἐνταῦθα
1069 5279 1168 5348 μὲν
1210 5278 1321 5345 γὰρ
1363 5276 1514 5327 αὐτοὶ
1554 5274 1662 5326 τῶν
1709 5272 1907 5344 χειρῶν

316 5379 565 5433 διαθέσει
617 5376 678 5428 τὸ
714 5373 902 5444 θαῦμα
932 5372 1268 5443 είργάζοντο,
1310 5370 1424 5420 ἐκεῖ
1447 5368 1505 5420 δὲ
1552 5368 1754 5436 Κύριον
1777 5369 1910 5435 ἀφε-

320 5474 434 5522 λεῖν
463 5468 690 5536 λέγεται
722 5465 819 5518 τοῦ
867 5468 926 5518 ἐν
954 5464 1033 5534 τῷ
1065 5464 1252 5516 Μωσεῖ
1293 5459 1630 5528 πνεύματος,
1662 5463 1757 5513 καὶ
1788 5463 1908 5514 ἐτει-

321 5559 505 5612 θιῖναι
541 5560 654 5620 τοῖς
703 5555 1135 5627 πρεσϐυτέροιςο
1169 5553 1330 5605 ὁπότε
1365 5551 1421 5602 δὲ
1451 5551 1542 5602 καί
1581 5568 1728 5614 τινες
1773 5552 1907 5620 μηδὲ

321 5651 760 5721 παραγινόμενοι
808 5650 945 5718 πρὸς
968 5647 1194 5711 Μωσῆν,
1236 5645 1352 5697 ἀλλ’
1384 5646 1440 5696 ἐν
1473 5645 1540 5709 τῇ
1587 5645 1906 5714 παρεμϐολῇ

324 5749 607 5818 μένοντες,
629 5745 1072 5813 προεψὴτευσαν.
1095 5738 1329 5798 Εἰκότως
1357 5751 1373 5767 ο
1394 5736 1441 5786 εἰ
1461 5735 1567 5803 γὰρ
1591 5735 1680 5788 καὶ
1702 5736 1904 5803 Μωσῆς

404 5948 448 5971 ³⁸
480 5945 606 5993 Act.
642 5951 700 5989 tl-.
743 5935 796 5989 5.
905 5933 946 5965 ¹¹¹
975 5938 1095 5986 Act.
1145 5949 1261 5996 γιιι,
1307 5930 1366 5986 Η
1419 5945 1568 5998 sequ.

1653 5927 1692 5956 "‘
1741 5926 1857 5979 Ᾱιι.
1912 5945 1964 5983 ιι.
2021 5930 2084 5983 Η
2118 5929 2198 5983 4'6.
2287 5931 2324 5960 ’θ

2005 3520 2096 3588 qui
2136 3534 2243 3573 non
2285 3528 2461 3587 potest
2513 3518 2708 3582 minui,
2768 3531 3096 3588 perseveret,
3141 3519 3336 3574 Petrus
3373 3533 3400 3571 a
3453 3519 3577 3573 Phi-

2007 3614 2150 3680 lippo
2183 3614 2234 3665 in
2273 3613 2522 3665 Samaria
2603 3614 2920 3682 baptizatis,
2972 3623 3025 3667 et
3082 3613 3323 3666 nondum
3368 3614 3575 3679 Spiritu

2005 3711 2197 3755 sancto
2246 3702 2482 3767 donatis,
2545 3718 2736 3758 manus
2798 3704 3107 3773 imponens,
3147 3702 3349 3766 elfecit,
3405 3713 3464 3756 ut
3526 3714 3580 3756 et

2005 3809 2168 3862 super
2197 3793 2320 3847 illos
2363 3791 2599 3861 Spiritus
2635 3804 2860 3849 sanctus
2892 3794 3251 3850 descenderet
3294 3796 3357 3847 ¹⁷.
3419 3794 3577 3848 Post-

2005 3902 2068 3942 ea
2132 3887 2197 3940 ad
2262 3886 2577 3940 Cornelium
2609 3886 2988 3940 centurionem
3030 3885 3330 3956 profectus,
3369 3899 3581 3938 annuu-

2009 3981 2139 4031 tiato
2173 3977 2535 4046 prarsentibus
2578 3977 2889 4048 Evangelia,
2925 3977 3054 4031 dum
3118 3993 3210 4033 eos
3246 3978 3576 4042 institueret,

2009 4071 2246 4138 Spiritus
2276 4081 2501 4125 sanctus
2542 4084 2705 4140 SUper
2733 4086 2925 4125 omnes
2956 4070 3178 4137 cecidit,
3211 4079 3266 4123 et
3299 4069 3574 4123 variarum

2006 4163 2315 4232 linguarum
2349 4163 2491 4217 dona
2525 4165 2762 4218 contulit
2794 4163 2859 4219 ¹⁸.
2894 4164 3098 4217 Paulus
3130 4177 3260 4217 vero
3314 4159 3578 4228 Ephesios

2008 4255 2130 4309 illos
2159 4257 2487 4326 baptismate
2532 4255 2756 4312 Joannis
2797 4257 3125 4326 baptizatos,
3159 4265 3214 4309 et
3275 4255 3580 4322 interroga-

2010 4358 2111 4410 tos,
2157 4350 2200 4402 si
2265 4348 2525 4418 Spiritum
2579 4357 2827 4404 sanctum
2877 4349 3164 4403 credentes
3215 4350 3578 4415 accepissent,

2009 4442 2402 4508 respondentes
2461 4457 2591 4496 vero
2626 4456 2708 4508 se,
2740 4455 2807 4495 ne
2853 4443 2897 4494 si
2925 4439 3162 4500 Spiritus
3219 4448 3445 4493 sanctus
3490 4439 3582 4500 sit,

2009 4549 2192 4599 nosse,
2235 4535 2288 4587 in
2326 4536 2549 4588 nomine
2579 4534 2783 4589 Christi
2834 4533 3154 4602 baptizavit,
3219 4533 3583 4598 manibusque

2009 4623 2317 4693 impositis,
2371 4623 2659 4679 confestim
2719 4622 2938 4688 ell'eeit,
3001 4631 3060 4678 ut
3095 4621 3304 4693 gratiae
3347 4620 3584 4690 Spiritus

2011 4717 2188 4770 sancti
2229 4717 2520 4786 participes
2573 4715 2957 4782 redderentur,
2997 4716 3132 4771 adeo
3174 4723 3233 4770 ut
3284 4725 3338 4771 et
3386 4715 3586 4784 linguis

1937 4787 1981 4840 Β
2012 4810 2207 4864 alienis
2245 4810 2624 4878 loquerentur,
2663 4819 2718 4863 et
2766 4812 3162 4879 prOphetarent
3199 4811 3264 4863 ".

2086 4899 2283 4954 Verum
2311 4903 2416 4954 huc
2447 4901 2697 4956 oratione
2727 4900 2940 4955 delatus
2986 4901 3118 4955 illud
3155 4901 3322 4956 etiam
3379 4901 3584 4972 cogito,

2010 4994 2153 5064 quod
2188 4994 2316 5048 olim
2369 4995 2437 5048 de
2470 4994 2666 5064 spiritu
2697 4993 2897 5065 Moysis
2927 4995 3276 5064 septuaginta
3337 4995 3585 5048 seniores

2010 5085 2405 5154 prophetarum
2439 5085 2510 5139 ὀ.
2581 5084 2823 5140 Tametsi
2870 5085 3016 5140 inter
3077 5086 3357 5155 apostolos
3407 5094 3458 5139 et
3508 5083 3585 5138 fa-

2010 5191 2157 5234 ctum
2214 5177 2341 5230 illud
2407 5177 2601 5247 ingens
2653 5177 2946 5233 discrimen
3009 5178 3351 5232 intercedere
3401 5178 3581 5234 video.

2011 5271 2108 5325 llic
2132 5270 2274 5327 enim
2313 5270 2531 5339 ipsimet
2577 5270 2828 5338 apostoli,
2888 5286 3150 5324 manuum
3209 5271 3580 5340 impositionc,

2013 5362 2334 5415 miraculum
2402 5361 2735 5431 patrabant:
2801 5362 2876 5416 ibi
2925 5368 3054 5417 vero
3120 5362 3353 5432 legimus
3406 5361 3584 5432 ipsum

2013 5453 2299 5506 Dominum
2406 5453 2472 5508 de
2557 5454 2753 5522 spiritu
2822 5451 3024 5523 Moysis
3105 5454 3402 5508 abstulisse
3444 5492 3460 5518 ,
3531 5463 3584 5507 et

2012 5549 2077 5600 ad
2141 5545 2388 5599 seniores
2460 5544 2832 5600 transtulisse.
2880 5544 2996 5600 lmo
3061 5544 3285 5613 quidam
3351 5545 3445 5613 qui
3519 5545 3584 5597 ad

2013 5639 2234 5708 Moysen
2273 5652 2331 5692 se
2376 5651 2483 5691 non
2527 5638 2897 5699 contulerant,
2955 5639 3050 5693 sed
3105 5639 3158 5692 in
3213 5637 3409 5691 castris
3464 5652 3586 5704 per-

2017 5739 2365 5792 manserant,
2405 5729 2831 5799 prOplietarunt..
2872 5728 3098 5783 Merito:
3151 5729 3404 5795 quamvis
3431 5727 3580 5782 enim

2386 5930 2504 5981 Act.
2540 5943 2623 5979 an
2683 5927 2716 5976 2’.
2746 5940 2895 5990 seqq.
2997 5921 3040 5949 ²⁰
3073 5919 3230 5974 Num.
3269 5934 3338 5984 xi,
3372 5921 3394 5974 l
3424 5932 3577 5986 seqq.
