4234 6446
705 367 841 430 1079

1912 380 2198 442 MAXIM!
2241 385 2616 448 PLANUDzE

3822 393 3961 459 meo

700 489 912 559 Moyses
943 490 1155 546 dicatur
1189 508 1313 547 cum
1354 495 1584 549 Domino
1613 497 1847 566 loculus,
1880 500 2024 555 sicut
2054 504 2268 557 amicus
2301 506 2342 565 Α

2301 506 2342 565 Α
2375 507 2606 572 Ααλῆσαι
2643 506 2779 572 πρὸς
2811 507 3036 574 Κύριον,
3070 507 3202 562 ιῦσεί
3238 526 3315 568 τις
3348 506 3579 576 λαλῆσαι
3609 505 3743 574 πρὸς
3764 507 3960 560 ἑαυτοῦ

696 599 819 636 cum
851 584 1027 638 amico
1053 585 1204 655 loqui
1233 588 1374 643 solet
1406 632 1422 657 ,
1478 591 1609 643 nihil
1661 601 1841 648 tamen
1875 591 1968 648 hic
1999 604 2103 660 est,
2160 597 2272 648 eol-

695 675 899 730 latione
944 693 1069 732 eum
1118 683 1385 748 apostolis
1443 686 1605 737 facta.
1667 685 1760 739 ille
1791 686 1934 741 enim
1969 690 2270 758 posteriora

697 767 787 822 Dei
821 770 1027 826 vidisse
1059 787 1413 838 memoratur,
1448 775 1537 830 isti
1595 793 1727 834 vero
1760 779 1925 834 Deum
1963 779 2016 832 in
2078 795 2265 844 carne,

693 859 835 916 facie
893 864 956 917 ad
1017 852 1212 921 faciem
1265 870 1542 934 viderunt,
1598 881 1651 925 et
1714 873 1974 929 manibus
2045 884 2268 928 contre-

692 965 937 1021 ctarunt,
989 969 1043 1014 et
1110 975 1229 1014 cum
1299 962 1392 1016 illo
1463 965 1824 1018 comederunt
1890 976 1943 1020 et
1993 967 2269 1029 biberunt,

695 1058 750 1102 et
779 1050 829 1102 in
864 1051 1144 1114 omnibus,
1177 1056 1642 1122 quemadmodum
1675 1056 1838 1112 homo
1868 1073 1992 1112 eum
2022 1059 2265 1121 homine,

693 1151 819 1189 eum
863 1138 956 1192 illo
1013 1144 1321 1196 conversati
1373 1153 1522 1208 sunt,
1587 1146 1652 1200 ad
1706 1162 1824 1201 eam
1893 1149 2264 1218 dignationem

694 1227 944 1290 admissi,
976 1242 1032 1284 ut
1073 1244 1125 1287 et
1162 1235 1348 1298 amici,
1379 1245 1434 1290 et
1459 1239 1678 1308 cognati
1711 1249 1766 1294 et
1799 1239 1999 1297 fratres
2025 1243 2267 1311 appella-

696 1334 901 1378 rentur.
956 1323 1136 1393 Neque
1165 1328 1340 1381 solum
1391 1327 1612 1399 Moysen
1668 1331 1725 1385 in
1780 1332 1884 1387 hoc
1917 1321 2267 1404 superarunt,

693 1415 873 1468 sedet
917 1414 1109 1470 Eliam.
1171 1418 1302 1473 Nam
1356 1421 1402 1473 si
1450 1420 1725 1490 duplicem
1811 1425 1958 1478 illam
2040 1427 2269 1493 spiritus

690 1507 921 1573 gratiam
964 1546 978 1570 ,
1039 1525 1203 1577 quam
1272 1511 1468 1567 Eliszro
1549 1515 1916 1586 tmnscripsit,
1974 1517 2267 1581 intuearis,

691 1597 865 1651 multo
911 1602 1172 1667 apostolis
1235 1604 1502 1660 minorem
1584 1608 1868 1665 invenies:
1957 1627 2064 1666 non
2122 1613 2268 1667 enim

693 1709 816 1745 cum
847 1695 1023 1750 adlmc
1061 1696 1114 1750 in
1149 1706 1294 1752 terra
1338 1700 1480 1753 inter
1513 1700 1766 1757 homines
1825 1703 2067 1773 degeret,
2103 1703 2269 1757 disci-

691 1786 820 1853 pulo
859 1789 1086 1856 gratiam
1119 1789 1264 1843 itlam
1308 1791 1528 1859 reliquit
1579 1795 1954 1856 auttradidit;
1985 1810 2163 1864 neque
2201 1795 2270 1848 oh

2381 595 2602 662 λέγεται
2635 597 2812 664 φίλον,
2837 597 2948 650 ἀλλ’
2983 599 3101 666 οὐχὶ
3119 599 3212 650 καὶ
3240 601 3351 662 τοῖς
3375 598 3696 660 ἀποστόλοις
3720 599 3922 665 ὁμοίως
3945 614 3960 627 ·

2381 689 2591 750 ἐκεῖνος
2627 690 2724 756 μὲν
2774 690 2885 757 γὰρ
2921 691 3146 744 ὀπίσθια
3183 708 3307 742 τινα
3351 689 3487 742 Θεοῦ
3536 691 3665 743 ἰδεῖν
3699 691 3918 755 λέγεται
3946 707 3959 718 ·

2379 777 2527 836 οὗτοι
2558 782 2612 834 δὲ
2657 780 2793 834 Θεὸν
2843 784 2901 833 ἐν
2935 784 3098 851 σαρκὶ
3141 783 3284 836 κατὰ
3323 783 3618 851 πρόσωπον
3647 779 3811 843 εἶδον,
3862 781 3962 838 καὶ

2381 878 2570 941 χερσὶν
2616 871 3011 942 ἐψηλάφησαν·
3064 874 3158 928 καὶ
3208 875 3510 941 συνέφαγον
3555 872 3639 942 δὴ,
3672 877 3765 926 καὶ
3799 874 3960 924 συνέ⁴

2379 981 2526 1026 πιον,
2559 964 2655 1016 καὶ
2689 965 2867 1016 πάντα
2919 965 3456 1028 συνεπολιτεύσαντο,
3509 966 3614 1017 ὅσα
3649 966 3714 1017 ἂν
3744 964 3962 1029 άνθρω·

2379 1072 2480 1118 πος
2513 1055 2806 1126 ἀνθρώπῳ,
2834 1058 2928 1110 καλ⁵
2957 1057 3125 1124 φίλοι,
3146 1059 3238 1110 καὶ
3269 1059 3572 1124 συγγενεῖς,
3607 1058 3704 1110 καὶ
3734 1057 3964 1122 ἀδελφοὶ

2380 1147 2637 1216 γενέσθαι
2672 1146 3112 1217 κατηξιώθησαν.
3149 1151 3259 1202 Καὶ
3294 1152 3355 1201 οὐ
3395 1151 3642 1210 Μωσέως
3699 1149 3864 1218 μόνου
3901 1151 3964 1196 τὸ

2379 1239 2542 1292 πλέον
2593 1239 2751 1309 ἔσχον
2786 1241 2844 1293 ἐν
2893 1240 3089 1311 τούτῳ,
3135 1242 3270 1294 ἀλλά
3323 1242 3427 1294 κᾶν
3489 1242 3675 1294 Ἠλίαν
3728 1243 3963 1308 σκοπῇς,

2377 1334 2575 1403 διπλῆν
2606 1335 2703 1404 τὴν
2735 1334 2918 1404 χάριν,
2947 1336 3015 1406 ἢν
3043 1331 3181 1404 εἶχε,
3213 1334 3308 1388 τοῦ
3341 1336 3651 1401 πνεύματος
3679 1334 3756 1401 τῷ
3781 1333 3966 1385 Ἐλισ-

2379 1425 2518 1491 σαίῳ
2548 1424 2613 1491 δὴ
2657 1426 3131 1494 παραπέμποντα,
3180 1427 3435 1478 κάκεῖνον
3481 1425 3602 1493 ὕψει
3646 1425 3807 1478 τοῦτο
3850 1425 3966 1475 τῶν

2376 1515 2693 1568 ἀποστόλων
2736 1515 3072 1585 ἡττώμενον.
3129 1517 3204 1569 Οὐ
3265 1518 3375 1586 γάρ
3432 1517 3513 1569 ἔτι
3559 1520 3672 1578 τοῖς
3721 1519 3812 1567 ἐπὶ
3859 1519 3966 1582 γῆς

2378 1608 2691 1678 ἀνθρώποις
2745 1609 3212 1679 συνδιαιτώμενος
3258 1612 3337 1680 τῷ
3388 1611 3604 1678 μαθητῇ
3657 1610 3755 1676 τὴν
3798 1609 3964 1674 χάριν

2381 1702 2697 1764 κατέλιπεν,
2741 1702 3138 1772 ῆ’μετέδωκεν,
3179 1701 3290 1756 οὐδ’
3342 1701 3484 1774 ἥσθη
3528 1700 3615 1755 ἐπ’
3644 1701 3790 1769 αὑτῷ
3821 1703 3965 1751 κατὰ

2379 1793 2474 1844 τὸν
2526 1793 2849 1846 διδάσκαλον
2893 1793 3270 1855 ἐπιδεδωκότι,
3315 1795 3392 1855 ὥς
3443 1810 3547 1845 που
3594 1793 3688 1844 καὶ
3723 1791 3963 1858 πατέρες

695 1880 1047 1949 discipulum,
1086 1884 1332 1952 magistri
1379 1885 1430 1939 in
1479 1900 1688 1939 morem
1746 1887 2054 1948 excultum,
2109 1885 2234 1940 volu
2298 1871 2343 1930 Β

2298 1871 2343 1930 Β
2369 1884 2591 1953 ἥδονται
2624 1885 2749 1946 τοὺς
2788 1884 2985 1945 παῖδας
3015 1886 3237 1953 ὁμοίους
3271 1886 3455 1946 αὐτοῖς
3482 1884 3797 1943 ἀποϐάντας
3825 1881 3959 1932 θεώ-

699 1983 906 2040 ptatem
942 1977 1111 2044 cepit,
1153 1978 1298 2032 sicut
1336 1991 1519 2048 patres
1554 1979 1921 2044 obiectantur,
1955 1997 2078 2034 eum
2132 1980 2272 2034 ﬁlius

2374 1993 2550 2042 μενοι.
2611 1975 2750 2028 Ἀλλ’
2779 1976 2942 2044 ἡνίκα
2977 1978 3115 2046 πρὸς
3141 1979 3329 2047 μεῖζον
3361 1976 3785 2044 ἀνελαμϐἀνετο,
3809 1992 3957 2041 τηνι⁸

696 2066 801 2120 sibi
836 2067 1045 2122 similes
1078 2070 1320 2124 evasisse
1348 2083 1583 2129 cernunt
1606 2076 1628 2136 ’ς
1663 2072 1756 2126 sed
1811 2072 2032 2141 quando
2066 2074 2174 2139 jam
2204 2071 2269 2123 ad

2370 2069 2548 2120 καῦτα
2608 2071 2670 2122 τὸ
2721 2070 2987 2140 πρότερον
3044 2071 3375 2136 παριδίδουυ
3419 2070 3610 2139 ὥσπερ
3655 2069 3824 2128 εἴτις
3875 2067 3961 2132 ἔφ’

695 2159 1072 2215 sublimiorem
1151 2172 1355 2218 statum
1413 2165 1792 2226 evehebatur,
1861 2173 1992 2218 tunc
2067 2165 2271 2232 primas

2374 2161 2608 2227 ἱματίων
2659 2163 2866 2214 καινῶν
2922 2162 3127 2232 ἀμοιϐῇ
3179 2162 3258 2232 τῷ
3293 2161 3543 2233 ὑπηρέτῃ
3595 2161 3664 2214 τά
3708 2163 3962 2228 πρότερα

690 2247 888 2302 Elisaeo
955 2255 1253 2320 concessit,
1303 2255 1763 2323 quemadmodum
1822 2255 1866 2308 si
1928 2255 2052 2320 quis
2103 2269 2271 2307 novas

691 2349 874 2395 vestes
923 2343 1178 2408 induens,
1209 2344 1462 2399 ministro
1491 2361 1591 2398 suo
1646 2345 1851 2414 primas
1882 2346 2163 2399 concedat.
2208 2345 2276 2397 At

691 2436 918 2502 apostoli
950 2435 1128 2490 adhuc
1151 2437 1477 2505 superstites
1498 2447 1548 2493 et
1577 2453 1698 2492 cum
1739 2438 2052 2492 hominibus
2102 2453 2267 2508 agt-u-

694 2541 795 2590 tes,
843 2530 1042 2584 donum
1121 2530 1360 2603 Spiritus
1429 2531 1600 2587 sancti
1653 2531 2072 2602 distriqtterunt.

762 2627 931 2684 Porro
948 2633 990 2684 si
1016 2631 1101 2683 cui
1117 2631 1321 2699 grande
1337 2631 1570 2689 videtur,
1597 2629 1742 2698 quod
1775 2630 1848 2685 ibi
1870 2630 2064 2697 duplex
2092 2631 2266 2700 gratia

693 2715 878 2781 fuerit,
926 2718 972 2770 is
1030 2718 1304 2780 Elismum,
1363 2735 1485 2773 cum
1541 2736 1682 2771 unus
1742 2719 1834 2782 sit,
1887 2720 2269 2788 prtetervolare

690 2821 800 2860 non
835 2808 976 2862 sinat
1004 2825 1018 2862 :
1053 2808 1182 2878 quid
1215 2811 1358 2862 enim
1397 2809 1440 2863 si
1472 2809 1714 2863 inﬁnitos
1742 2807 1934 2864 Petros
1963 2819 2016 2863 et
2073 2811 2270 2866 Paulos

693 2914 1043 2966 percenseas,
1095 2900 1217 2954 illos
1271 2901 1538 2970 intelligo,
1571 2903 1661 2970 qui
1717 2902 1784 2955 ah
1837 2904 1969 2971 ipsis
2029 2902 2269 2970 Spiritus

691 2994 924 3061 gratiam
963 2993 1340 3061 acceperunt?
1386 2995 1603 3058 Quanto
1652 2995 2019 3050 admiratione
2050 2995 2271 3066 dignius

691 3093 777 3140 est
813 3086 935 3149 hoc,
970 3101 1137 3155 quam
1194 3087 1380 3141 illud?
1431 3087 1695 3153 Quamvis
1725 3099 1778 3142 et
1809 3088 1943 3142 illttd
2005 3089 2269 3158 apostolis

689 3178 904 3246 priores
933 3187 1116 3247 partes
1174 3179 1464 3234 concedit:
1506 3180 1652 3234 Elias
1715 3181 1799 3234 vix
1862 3179 2077 3233 tandem
2147 3187 2270 3248 post

2370 2252 2577 2304 δίδωσε.
2615 2255 2754 2314 Τοὺς
2803 2254 2848 2305 δ’
2898 2255 3235 2316 ἀποστόλους
3264 2254 3398 2322 όρᾷν
3434 2253 3553 2305 ἐστι
3586 2252 3680 2304 καὶ
3729 2248 3808 2318 τῷ
3857 2247 3963 2315 βίῳ

2375 2346 2661 2414 περιόντας
2691 2347 2771 2398 ἔτι
2806 2347 2865 2400 τὸ
2893 2347 3139 2418 χάρισμα
3169 2345 3456 2417 νέμοντας.

2446 2631 2506 2681 Εἰ
2560 2630 2616 2682 δὲ
2666 2630 2726 2682 τὸ
2763 2629 2956 2696 διπλῆν
3008 2632 3128 2682 ἐκεῖ
3186 2629 3605 2698 παρασχεθῆναι
3657 2623 3756 2694 τὴν
3799 2627 3968 2692 χάριν

2374 2725 2515 2791 μέγα
2549 2724 2716 2786 δοκεῖ,
2753 2724 2876 2792 μηδ’
2923 2721 3228 2783 Ἐλισσαῖος
3264 2723 3340 2784 ὡς
3388 2714 3468 2781 εἷς
3501 2719 3862 2787 παραδράμῃ.
3896 2717 3967 2767 Τί

2370 2816 2479 2883 γὰρ
2513 2815 2577 2882 δὴ
2624 2815 2839 2884 φήσεις,
2881 2813 2947 2865 ἂν
2993 2812 3226 2882 μυρίους
3270 2813 3512 2880 Πέτρους
3559 2812 3654 2863 καὶ
3687 2809 3964 2871 Παύλους,

2377 2913 2522 2979 λέγω
2554 2912 2618 2982 δὴ
2659 2910 2782 2964 κατ’
2811 2910 3010 2970 αὐτοὺς
3041 2909 3282 2972 ἐκείνους
3331 2908 3400 2960 δι’
3433 2909 3660 2961 ἐκείνων
3689 2904 3966 2964 λαϐόγιας

2381 3005 2494 3075 ῖδῃς
2533 3005 2594 3055 τὸ
2635 3003 2913 3072 χάρισμα;
2945 3002 3101 3071 πόσῳ
3128 3019 3210 3054 σοι
3239 3000 3648 3052 πολλαπλάσιον
3679 2996 3966 3064 θαυμάσαι

2379 3095 2541 3150 τοῦτο
2567 3095 2778 3146 ἐκείνου
2803 3095 3195 3160 προκείσεταις
3229 3093 3340 3144 Καὶ
3383 3091 3490 3158 μὴν
3521 3091 3745 3143 κάκεῖνο
3771 3089 3966 3156 μεῖζον

2378 3188 2440 3238 τὸ
2461 3186 2569 3236 τῶν
2596 3185 2911 3238 ἀποστόλων
2936 3185 3291 3253 παρίστησιν,
3328 3180 3520 3241 Ἠλίας
3539 3180 3637 3247 μὲν
3663 3179 3771 3246 γάρ
3805 3177 3966 3245 μόλις

693 3272 898 3324 multas
929 3287 1117 3339 preces
1153 3272 1424 3340 discipulo
1476 3273 1707 3340 gratiam
1759 3273 1892 3328 dare
1939 3273 2131 3326 annuit
2165 3288 2180 3338 ;
2219 3281 2277 3325 at
2304 3272 2344 3326 C

2304 3272 2344 3326 C
2378 3278 2728 3346 αίτησαμένῳ
2748 3277 2827 3345 τῷ
2867 3275 3082 3344 μαθητῇ
3110 3275 3209 3344 τὴν
3238 3274 3398 3344 χάριν
3444 3273 3737 3325 ἐπένευσεν
3761 3287 3775 3300 ·
3815 3285 3968 3321 ουτοι

696 3365 787 3415 isti
818 3362 988 3416 eli‘use
1043 3363 1438 3432 largiebantur,
1476 3362 1690 3415 etiamsi
1724 3377 1888 3416 nemo
1944 3363 2266 3431 postularet.

696 3453 879 3508 Testis
913 3455 1109 3507 horum
1164 3453 1392 3506 multam
1427 3454 1964 3508 verisimilitudinem
2027 3453 2273 3522 undique

696 3549 974 3603 aseiscens
1020 3555 1126 3610 est,
1188 3546 1439 3599 homines
1535 3560 1701 3616 supra
1779 3547 2003 3600 modum
2067 3547 2273 3617 majore

694 3639 895 3708 gratia,
931 3652 1093 3706 quam
1129 3637 1183 3690 in
1217 3638 1331 3705 lege
1365 3638 1603 3692 donatos
1635 3652 1778 3692 esse.
1824 3638 2010 3706 Itaque
2036 3639 2269 3708 apostoli

693 3740 750 3784 et
782 3731 942 3784 modo
993 3729 1510 3784 communicationis
1541 3737 1594 3782 et
1642 3730 1995 3783 multitudine
2048 3731 2272 3799 partici-

693 3823 968 3892 pantiutn,
1017 3825 1332 3892 superiores
1366 3833 1542 3876 sunt:
1606 3837 1784 3890 neque
1826 3823 1973 3875 enim
2033 3821 2274 3874 necessi-

696 3927 811 3971 tate
871 3925 1122 3986 urgente,
1191 3932 1366 3984 neque
1431 3916 1650 3986 aliquo,
1707 3924 1966 3983 tanquam
2024 3912 2271 3967 debitum

693 4023 759 4062 ex
789 4016 989 4076 gente,
1042 4007 1358 4060 tribuebant
1405 4007 1473 4061 iis
1507 4046 1522 4068 .
1589 4005 1795 4076 quibus
1847 4004 2270 4066 ministrabant,

699 4105 927 4170 gratiam
964 4119 976 4165 ;
1013 4109 1066 4154 et
1101 4110 1156 4152 ut
1195 4102 1296 4152 hoc
1329 4101 1382 4152 in
1421 4113 1621 4168 genere
1681 4098 1869 4167 plures
1903 4096 2006 4150 sibi
2063 4094 2272 4150 similes

696 4193 992 4257 edicerent,
1049 4192 1499 4247 honoriﬁcentius
1556 4201 1610 4246 et
1681 4192 1871 4245 uttlius
1951 4189 2271 4253 censebant,

693 4300 856 4350 quain
891 4292 947 4335 ut
978 4283 1079 4352 ipsi
1104 4284 1206 4336 soli
1239 4283 1496 4339 erunibus
1523 4282 1919 4351 praecellerent.
1946 4280 2270 4348 Quanquam

693 4377 1079 4442 pra'eellebant
1112 4390 1352 4446 quoque,
1395 4375 1488 4429 sed
1519 4391 1628 4429 non
1660 4385 1719 4428 ut
1743 4375 1896 4443 prius
1924 4393 1938 4437 ;
1970 4389 2092 4427 cum
2124 4373 2269 4426 enim

695 4476 830 4520 tunc
861 4466 1039 4520 nullos
1071 4465 1317 4519 subditos
1369 4465 1667 4530 baberent,
1722 4480 1869 4518 nunc.
1927 4463 2126 4530 insigni
2183 4477 2274 4516 eo-

697 4575 816 4611 rum
851 4558 1200 4612 multitudine
1255 4557 1478 4627 gloriari
1543 4557 1764 4622 licebat,
1806 4557 2158 4625 illustresque
2191 4555 2272 4608 ef-

2373 3371 2428 3424 δὲ
2463 3372 2723 3438 παρεῖχον
2768 3365 3037 3434 ἀφθόνως,
3079 3365 3182 3418 κᾶν
3215 3366 3390 3418 ἐδεῖτο
3421 3363 3609 3433 μηδείς
3643 3379 3657 3394 ο
3686 3362 3782 3415 καὶ
3821 3377 3966 3427 μαρ-

2373 3464 2533 3532 τυρία
2569 3463 2634 3530 δὴ
2683 3461 2894 3524 τούτοις
2952 3459 3123 3512 ταῦτα
3175 3458 3412 3526 γίνεται,
3467 3457 3603 3510 πολὺ
3655 3456 3717 3508 τδ
3767 3453 3970 3505 πιστὸν

2373 3554 2712 3623 πανταχόθεν
2766 3551 3114 3619 ἐπαγομένη,
3177 3549 3421 3619 μεγίστῳ
3458 3546 3702 3616 μείζονος
3747 3545 3780 3614 ἢ
3819 3545 3966 3597 κατά

2374 3649 2501 3708 τοὺς
2549 3649 2607 3699 ἐν
2637 3646 2786 3714 νόμῳ
2824 3645 2922 3713 τῆς
2963 3644 3184 3712 χάριτος
3234 3641 3501 3713 ἠξιῶσθαι
3524 3680 3540 3702 ,
3571 3639 3839 3699 νικῶντας
3877 3637 3970 3689 διὰ

2374 3737 2593 3788 πάντων
2639 3735 2734 3787 καὶ
2782 3734 2860 3804 τῷ
2908 3733 3096 3800 τρόπῳ
3130 3732 3230 3803 τῆς
3284 3731 3653 3802 μεταδόσεως,
3706 3731 3802 3780 καὶ
3851 3728 3968 3780 τῶν

2378 3828 2784 3898 μετειληφότων
2831 3827 2909 3896 τῷ
2963 3825 3185 3896 πλήθει.
3234 3826 3345 3880 Καὶ
3393 3826 3502 3895 γὰρ
3561 3823 3674 3877 οὔτ’
3712 3821 3966 3888 ἀνάγκης

2374 3921 2730 3989 ἐπικειμένης
2782 3919 2903 3973 οὐδὲ
2951 3921 3122 3988 μιᾶς,
3179 3916 3310 3972 οὔτε
3370 3918 3520 3980 τινὸς
3590 3917 3667 3980 ὡς
3733 3916 3967 3984 ὀφειλὴν

2379 4013 2762 4078 ἀπαιτοῦντος,
2810 4005 2887 4066 ὧν
2923 4009 3305 4081 ὑπηρέτησαν,
3345 4009 3445 4078 τὴν
3491 4009 3653 4078 χάριν
3690 4009 3964 4068 ἐδίδοσαν,

2374 4105 2468 4158 καὶ
2499 4106 2560 4158 τὸ
2597 4105 2825 4167 πολλοὺς
2854 4103 3075 4172 ὁμοίους
3100 4104 3324 4163 ἑαυτοῖς
3358 4105 3500 4155 κατὰ
3525 4099 3685 4154 τοῦτο
3717 4100 3967 4168 προϐάλ-

2375 4195 2584 4260 λεσθαι,
2615 4196 2944 4264 τιμιώτερον
2967 4197 3062 4249 καὶ
3090 4194 3544 4263 λυσιτελέστερον
3565 4189 3780 4262 inetur,
3812 4192 3967 4260 μόνοι

2376 4293 2599 4346 πάντων
2631 4291 2908 4362 προέχειν.
2944 4291 3053 4344 Καί
3084 4309 3167 4343 τοι
3201 4291 3296 4344 καὶ
3322 4290 3482 4342 τοῦτο
3519 4286 3830 4349 ποιοῦντες,
3862 4287 3964 4354 οὐχ

2375 4383 2578 4450 ὁμοίως
2621 4382 2715 4434 καὶ
2750 4381 2987 4452 πρόσθεν
3020 4384 3301 4452 προεῖχον.
3338 4381 3473 4434 Τότε
3513 4380 3612 4446 μὲν
3652 4379 3764 4446 γάρ
3808 4378 3968 4430 οὐδὲν

2378 4476 2520 4545 μέγα
2581 4474 2834 4543 ἐχόντων,
2879 4475 3000 4527 νυνὶ
3054 4472 3102 4526 δ’
3145 4474 3240 4526 ἐπὶ
3287 4472 3546 4542 μεγάλοις
3595 4471 3832 4539 ἐχόντων
3877 4487 3968 4522 οε-

2379 4564 2698 4635 μνύνεσθαι,
2739 4564 2835 4617 καὶ
2868 4562 3116 4632 λαμπροὶ
3161 4561 3225 4631 δή
3275 4578 3420 4623 τινες
3467 4559 3620 4621 ὄντες
3652 4561 3970 4612 ἐδείκνυντο

695 4651 823 4706 fecti
854 4664 998 4713 sunt,
1033 4665 1143 4704 non
1182 4622 1327 4718 quod
1363 4650 1572 4718 paucis.
1621 4647 1717 4704 sed
1763 4649 1910 4718 quod
1952 4622 2162 4717 magnis
2220 4656 2273 4701 et
2308 4622 2350 4677 ί)

2308 4622 2474 4725 θοὺχ
2529 4656 2612 4708 ὃτι
2669 4622 2885 4723 μικρῶν
2936 4622 3225 4721 ἀρχουόιν,
3276 4622 3510 4706 ἀλλ’ῖὸτι
3564 4651 3818 4716 μεγάλων
3870 4652 3969 4699 καὶ

696 4743 1034 4797 admirandis
1103 4742 1459 4810 imperarent.
1535 4738 1710 4795 Video
1769 4741 1936 4809 igitur
1994 4741 2273 4809 apostolos

698 4835 962 4904 Spiritum
1021 4841 1271 4888 sanctum
1339 4834 1778 4889 communicasse
1833 4833 1961 4898 illis,
2017 4834 2108 4900 qui
2172 4833 2273 4886 hoc

696 4941 926 4982 munere
957 4924 1108 4988 digni
1141 4934 1324 4979 erant.

775 5017 948 5072 Video
1004 5016 1288 5070 Simonem
1352 5033 1573 5086 quoque
1630 5034 1846 5086 magum
1906 5016 2188 5081 accedere,
2224 5027 2280 5070 et

699 5113 964 5180 apostolis
1000 5110 1284 5178 pecuniam
1316 5110 1535 5174 ot‘l‘erre,
1574 5120 1632 5164 ut
1668 5126 1851 5178 parem
1887 5125 2014 5165 eum
2063 5111 2277 5165 caneris

702 5206 934 5274 gratiam
967 5213 1422 5272 consequeretur.
1453 5203 1571 5268 Qua
1605 5204 1659 5257 in
1693 5218 1752 5258 ro
1797 5218 1973 5272 usque
2013 5203 2149 5257 adeo
2177 5202 2281 5257 imo

702 5295 976 5365 pudenter
1020 5309 1078 5348 se
1112 5298 1302 5362 gessit,
1339 5302 1397 5348 ut
1420 5311 1580 5349 neruo
1610 5295 1751 5350 alius
1780 5295 1889 5351 tale
1935 5295 2066 5364 quid
2115 5308 2282 5350 ausus

702 5388 822 5442 l'ufs'
843 5401 872 5440 e
907 5387 1175 5450 videatur,
1205 5389 1248 5441 si
1274 5387 1491 5455 quidem
1525 5387 1652 5440 illud
1679 5387 1921 5442 audaciae
1951 5387 2170 5441 nomine
2190 5402 2284 5439 vo-

702 5481 939 5534 candum
963 5490 1067 5534 est.
1129 5477 1270 5543 Quid
1320 5495 1451 5549 ergo
1479 5479 1672 5535 Petrus
1695 5479 1719 5533 1
1739 5479 1928 5551 Neque
1963 5481 2054 5535 hic
2081 5483 2282 5536 oblitus

707 5584 808 5631 t-st,
840 5587 897 5624 se
925 5587 1046 5626 esse
1091 5571 1349 5638 Petrum;
1399 5573 1494 5626 sed
1556 5573 1694 5642 ipse,
1747 5583 1807 5627 ut
1853 5575 2068 5644 primus
2137 5577 2282 5630 inter

706 5671 955 5724 caeteros,
988 5677 1310 5731 semperque
1339 5664 1454 5717 zelo
1483 5679 1580 5731 pro
1612 5664 1783 5734 gloria
1816 5663 1910 5720 Dei
1974 5667 2282 5722 inﬂamma-

706 5759 819 5813 tus,
877 5746 1092 5816 Magum
1150 5750 1308 5803 simul
1360 5766 1482 5804 cum
1541 5753 1771 5820 pecunia
1817 5753 1869 5806 in
1917 5756 2278 5823 perditionem

706 5839 874 5894 misit.
906 5842 1114 5897 Etenim
1152 5854 1205 5896 ιιι
1252 5844 1370 5898 altis
1434 5848 1602 5913 pictas
1645 5857 1698 5902 et
1756 5850 1928 5902 virtus
1979 5849 2044 5902 ad
2102 5851 2276 5905 sUsci-

2379 4744 2738 4813 θαυμαστῶν.
2784 4742 2928 4812 Ὀρῶ
2965 4743 3060 4810 μέν
3089 4737 3184 4794 οὖν
3214 4743 3342 4804 τοὺς
3371 4740 3707 4801 ἀποστόλους
3745 4741 3972 4806 μεταδι-

2377 4836 2564 4895 δόντας
2589 4839 2700 4898 τοῖς
2727 4835 2894 4900 ἀξίοις
2921 4833 3016 4887 τοῦ
3049 4833 3393 4904 Πνεύματος.

2467 5020 2610 5089 Ὀρῶ
2637 5020 2693 5071 δὲ
2720 5019 2815 5073 καὶ
2841 5019 3062 5087 Σίμωνα
3087 5017 3386 5086 προσιόντα
3409 5015 3498 5068 τὸν
3528 5013 3703 5082 μάγον
3731 5013 3826 5065 καὶ
3854 5015 3969 5076 τοῖς

2381 5112 2705 5173 ἀποστόλοις
2738 5109 3092 5180 προτείνοντα
3136 5109 3419 5179 χρήματα,
3457 5106 3552 5159 τοῦ
3590 5104 3690 5173 τὴν
3713 5105 3842 5172 ι’σην
3870 5122 3970 5171 με-

2381 5205 2605 5273 τασχεῖν
2634 5203 2792 5272 χάριν
2833 5206 2944 5264 τοῖς
2989 5201 3192 5266 ἄλλοις,
3253 5202 3349 5253 καὶ
3396 5198 3457 5250 τδ
3514 5198 3745 5264 πρᾶγμα
3785 5197 3968 5258 οὕτως

2382 5294 2618 5356 ἀναιδῶς
2664 5294 2902 5362 δρῶντα,
2937 5292 3012 5354 ὡς
3057 5292 3233 5354 οὐδεὶς
3281 5291 3349 5344 ἂν
3403 5291 3722 5359 ἐτόλμησεν,
3774 5290 3891 5342 οὐδ’
3920 5292 3968 5342 εί

2382 5387 2483 5455 τὴν
2532 5385 2736 5454 τόλμαν
2789 5385 2963 5446 εἴποις
3012 5383 3205 5453 αὑτήν.
3246 5381 3314 5434 Τί
3350 5380 3444 5438 οὖν
3481 5383 3510 5433 ό
3560 5382 3805 5448 Πέτρος;
3839 5380 3967 5434 Οὐδ’

2385 5480 2618 5534 ἐνταῦθα
2653 5478 2748 5531 τοῦ
2779 5477 2983 5546 Πέτρος
3012 5473 3152 5529 ιίναι
3182 5473 3603 5542 ἐπιλαθόμενος,
3633 5472 3751 5524 ἀλλ’
3780 5473 3858 5535 ὡς
3895 5475 3962 5526 ἂν

2384 5591 2466 5635 τις
2499 5571 2660 5632 αὐτὸς
2692 5571 2850 5640 μόνος
2893 5569 2989 5622 καὶ
3037 5569 3254 5636 πρῶτος
3284 5566 3396 5619 τῶν
3427 5564 3604 5619 ἄλλων
3633 5563 3726 5616 ἀεὶ
3756 5562 3963 5634 ζηλοῦν

2386 5663 2554 5727 ἀξιῶν
2579 5663 2720 5732 ὑπὲρ
2739 5659 2831 5715 τοῦ
2849 5660 3008 5726 Θεοῦ,
3035 5660 3168 5730 πρὸς
3193 5658 3468 5712 ἀπώλειαν
3495 5657 3587 5710 τὸν
3618 5657 3800 5724 μάγον
3821 5654 3962 5723 ἐμοῦ

2386 5757 2750 5825 παραπέμπει
2782 5755 2858 5824 τῷ
2885 5754 3157 5825 ἀργυρίῳ.
3192 5753 3299 5805 Καὶ
3337 5752 3446 5820 γὰρ
3476 5751 3506 5803 ὃ
3528 5753 3638 5811 τοῖς
3680 5748 3865 5809 ἄλλοις
3894 5742 3962 5815 ἦν

2388 5849 2635 5900 εὐσέϐεια
2667 5849 2758 5900 καὶ
2810 5849 2979 5916 rigati}
3015 5847 3114 5916 τῆς
3145 5845 3238 5898 τοῦ
3289 5843 3604 5910 Πνεύματος
3644 5838 3955 5911 παρουσίας
