4234 6446
307 389 439 458 1031

1306 398 1711 461 ENCOMIUM
1760 400 1861 460 SS.
1892 402 2119 463 PETRI
2158 404 2259 462 ET
2290 403 2539 466 PAULI.

3427 408 3565 471 1032

306 506 625 575 ἑτοιμασία,
678 508 839 563 τοῦτο
890 509 1084 578 ἐκείνῳ
1136 510 1199 562 τά
1247 514 1527 581 χρήματα.
1582 514 1777 566 Καίτοι
1837 516 1960 587 εἰΑ

1911 528 1960 587 Α
1990 516 2245 583 piendum
2286 518 2552 587 Spiritum
2597 526 2842 571 sanctum
2896 524 3219 587 prmriaratio
3274 534 3423 587 erat,
3487 527 3558 578 ita

304 601 482 653 ταῦτα
537 601 637 671 τὴν
700 602 862 671 χάριν
925 602 1170 670 πέφυκεν
1224 602 1424 667 ἕλκειν,
1478 605 1776 658 ἀπολέσθαι
1827 605 1893 658 ἂν

306 692 531 759 εὖξαιτό
557 710 639 755 τις
671 692 875 763 ἀρετῆς
922 694 1120 756 πόνους
1164 697 1258 748 καὶ
1303 695 1611 757 εὐσεϐείας,
1647 696 1767 759 ἐξὸν
1797 696 1893 748 σὺν

313 785 571 856 ῥᾳστώνῃ
606 788 867 855 χρήματα
904 786 1098 856 ἔχοντα
1128 785 1320 855 ὥσπερ
1354 788 1523 857 ἀγρὸν
1558 787 1589 857 ἢ
1625 788 1803 841 οίκίαν
1831 787 1894 839 τδ

312 875 544 945 Πνεῦμα
588 877 880 947 πρίασθαι.
926 878 1067 932 Ἀλλ’
1102 880 1129 931 ὁ
1173 880 1273 949 μὲν
1313 880 1550 951 χρηστὸς
1586 880 1681 933 καὶ
1730 898 1894 932 σπου-

310 970 461 1031 δαῖος
517 970 657 1038 ἀνὴρ
711 970 819 1023 οὐδ’
859 968 925 1024 ἂν
976 970 1167 1023 ὀδολοῦ
1224 971 1444 1040 δεηθείη
1482 970 1621 1041 πρὸς
1658 972 1718 1025 τὸ
1773 973 1892 1026 θεῖα

316 1060 507 1113 λαὸεἰν
530 1078 545 1092 ο
579 1066 604 1114 ὁ
627 1063 680 1114 δὲ
707 1063 1029 1129 πονηρός-τε
1056 1064 1151 1116 καὶ
1172 1062 1396 1129 φαῦλος,
1417 1063 1540 1116 ὅσον
1560 1064 1731 1116 ταῦτα
1758 1080 1892 1132 χρη·

312 1153 502 1222 μάτων
524 1153 695 1205 οἴεται
728 1154 983 1219 κτᾶσθαι,
1019 1154 1274 1208 τοσοῦτον
1306 1155 1485 1209 αὐτῶν
1519 1155 1732 1223 γίνεται
1761 1158 1892 1225 πορ-

313 1247 564 1313 ρωτάτω.
602 1246 789 1309 Οὕτως
824 1248 1084 1301 οὐδέποτε
1122 1252 1404 1317 κτήσεται,
1441 1248 1576 1303 ἀλλὰ
1622 1249 1726 1302 κᾶν
1758 1251 1891 1320 χρή-

311 1354 461 1404 ματα
511 1338 689 1399 διδούς
756 1341 929 1401 ἐστιν,
997 1340 1083 1392 ὅτε
1157 1341 1319 1409 χάριν
1376 1341 1681 1409 λαμϐάνειν
1737 1341 1889 1410 δοκῇ,

307 1428 571 1497 χρήματα
621 1430 720 1499 μὶν
753 1432 1027 1495 ἀπώλεσε,
1061 1434 1284 1501 χάριτος
1328 1432 1383 1485 δὲ
1411 1433 1513 1485 οὐκ
1561 1433 1773 1501 ἔτυχεν.
1820 1434 1885 1486 Ἠ

309 1523 420 1589 γάρ
445 1522 512 1574 ἂν
539 1522 660 1575 οὐδὲ
698 1524 915 1593 χάριςὴ
958 1524 1117 1593 χάρις
1146 1519 1236 1593 ἦν,
1275 1525 1386 1592 είγε
1418 1527 1715 1594 χρημάτων
1759 1527 1893 1578 ἁπο-

309 1612 556 1666 δίόοσθαι
585 1615 792 1683 ταύτην
822 1633 906 1679 τις
935 1611 1103 1687 εἶχεν,
1138 1617 1273 1670 ἀλλὰ
1326 1622 1400 1687 μὴ
1431 1620 1635 1687 προῖκα
1664 1617 1887 1670 διδόναι.

382 1793 495 1845 Καὶ
528 1793 591 1861 δὴ
621 1795 713 1846 καὶ
734 1794 761 1845 ό
786 1795 853 1848 τὰ
884 1796 1095 1864 μεγάλα
1130 1798 1264 1865 πρὸς
1287 1796 1424 1849 Θεοῦ
1454 1797 1779 1864 λαμϐάνειν,
1817 1797 1891 1858 ὦς

1993 608 2124 661 huii:
2156 611 2409 676 pecunia.
2460 607 2781 675 Quanquam
2814 609 2857 661 si
2900 611 3123 676 pecunia
3160 613 3299 666 hanc
3332 614 3559 677 gratiam

1994 698 2287 751 conciliare
2320 700 2482 761 solet,
2532 699 2802 751 intereant
2853 711 3066 767 Oportet
3110 716 3299 756 omnes
3344 704 3561 755 virtutis

1992 798 2046 842 ει
2077 789 2293 857 pietatis
2344 788 2789 849 exercitationes,
2849 789 3068 855 quando
3127 791 3211 854 ei,
3250 792 3339 858 qui
3401 807 3563 858 pecu-

1994 881 2190 935 niosus
2225 888 2329 944 est,
2381 876 2646 946 Spiritum
2705 889 2954 935 sanctum
2989 895 3110 934 cum
3142 884 3324 951 quiete
3379 897 3562 934 emere

1995 974 2137 1034 licet,
2178 987 2283 1025 non
2346 985 2509 1026 secus
2568 985 2633 1023 ac
2692 984 2881 1041 agrum
2925 983 3016 1026 aut
3055 974 3300 1028 domum.
3353 977 3420 1027 At
3481 975 3565 1025 vir

1993 1061 2170 1114 bonus
2201 1068 2253 1114 et
2320 1062 2624 1117 industrius
2659 1077 2726 1115 ne
2789 1063 2948 1116 obolo
3011 1064 3231 1132 quidem
3266 1055 3331 1117 ad
3380 1067 3563 1118 divina

1992 1136 2135 1207 dona
2162 1154 2526 1219 comparanda
2556 1152 2780 1221 indiget.
2847 1152 3131 1222 Improbus
3171 1171 3302 1208 vero
3356 1166 3562 1224 quanto

1992 1245 2113 1315 plus
2150 1260 2495 1299 nummorum
2530 1260 2587 1299 se
2620 1246 2899 1314 possidere
2934 1255 3201 1311 autmnat,
3247 1257 3395 1301 tanto
3449 1250 3565 1301 Ion-

1993 1338 2112 1401 gius
2146 1335 2351 1388 abillis
2399 1345 2705 1402 separatur.
2765 1334 2855 1389 Sic
2916 1352 3191 1405 nunquam
3244 1339 3562 1405 possidebit.

1991 1426 2095 1479 Sed
2151 1426 2401 1493 quamvis
2452 1426 2709 1494 pecunias
2763 1428 2953 1496 gratia:
3010 1428 3340 1494 accipiendae
3396 1444 3561 1483 causa

1991 1518 2332 1586 expendet-it,
2386 1527 2439 1570 et
2488 1517 2748 1586 pecunias
2807 1518 3060 1587 perdidit,
3093 1526 3146 1572 et
3194 1522 3422 1589 gratiam
3459 1536 3564 1574 non

1993 1610 2252 1663 obtinuit.
2291 1607 2401 1663 Nec
2437 1612 2611 1678 gratia
2668 1611 2831 1664 fuerit
2884 1613 3146 1681 gratia,si
3204 1628 3312 1667 non
3373 1615 3563 1683 gratis,

1992 1702 2087 1756 sed
2133 1702 2377 1769 pecuniis
2414 1703 2577 1756 alicui
2608 1703 2963 1757 concedatur.

2064 1793 2302 1848 Tametsi
2336 1810 2479 1863 sazpe
2538 1796 2826 1865 contingit,
2866 1807 2921 1850 ut
2969 1799 3059 1866 qui
3097 1799 3310 1868 magnis
3344 1800 3501 1852 donis
3536 1817 3564 1853 a

304 1902 363 1938 τι
414 1888 522 1938 τῶν
581 1888 819 1941 εὐτελῶν
872 1889 1246 1959 λογιζόμενος,
1301 1892 1579 1959 καθειρείν
1634 1894 1890 1960 πειρᾶται
1924 1885 1967 1943 Β

1924 1885 1967 1943 Β
2002 1889 2109 1941 Deo
2165 1889 2478 1942 cumulatus
2524 1898 2627 1953 est,
2686 1904 2746 1942 ea
2801 1898 3077 1956 extenuet,
3133 1900 3188 1945 et
3253 1892 3332 1945 sic
3400 1893 3562 1946 Deum

305 1981 462 2033 Θεὸν.
495 1984 624 2034 Δέον
644 1986 876 2046 καὶτοῖς
900 1985 1111 2038 ἐκεῖθεν
1138 1986 1377 2053 μικροῖς,
1407 1987 1529 2039 εἴτι
1553 1985 1660 2036 τῶν
1683 1984 1894 2037 ἐκείνου

306 2074 587 2138 τοιοῦτον,
621 2077 697 2139 ὡς
737 2077 1021 2145 μεγίστοις
1059 2096 1117 2129 τε
1147 2080 1243 2130 καὶ
1277 2079 1628 2148 τιμιωτάτοις
1659 2077 1895 2145 προσφέ-

317 2170 538 2238 ρεσθαι,
564 2170 701 2224 ἀλλὰ
726 2173 888 2242 μάγῳ
910 2173 1016 2224 τῶν
1031 2173 1295 2225 τοιούτων
1320 2171 1538 2233 σύνεσις
1560 2167 1629 2240 ἦν
1647 2170 1893 2238 οὐδεμία.

312 2266 596 2337 Εύενδότῳ
631 2267 733 2336 μὲν
768 2264 881 2329 οὖν,
920 2267 1015 2319 καὶ
1059 2266 1308 2333 μαλακῷ,
1348 2269 1440 2319 καὶ
1476 2264 1766 2333 καπηλικῷ
1805 2264 1915 2313 τδκΐ

307 2362 514 2431 τρόπον
546 2360 699 2430 ᾠήθη
730 2360 809 2428 τῷ
843 2360 1037 2429 Πέτρῳ
1065 2358 1250 2426 Σίμων
1286 2357 1629 2423 ἐντεύξεσθαι
1651 2371 1666 2388 ·
1700 2355 1897 2425 ᾔσθετο

306 2453 354 2507 δ’
403 2453 638 2521 ἀσφαλεῖ
697 2450 1025 2521 προσϐαλὼν
1075 2453 1170 2503 καὶ
1191 2451 1475 2519 ἀῤῥήκτῳ,
1532 2449 1628 2501 καὶ
1684 2448 1896 2515 φανερᾶ

311 2547 501 2615 ἔργοις
540 2544 811 2613 τιθεμένῳ
842 2543 938 2613 τὴν
973 2544 1166 2610 κλῆσιν
1192 2560 1204 2573 ·
1245 2544 1474 2611 μάταιος
1505 2540 1814 2608 ἄνθρωπος,
1849 2541 1896 2590 εἰ

312 2636 443 2706 μήθ’
467 2636 547 2688 ὅτι
599 2638 882 2704 κρείττους
939 2635 1239 2701 χρημάτων
1264 2634 1310 2683 of
1338 2632 1625 2684 ἀπόστολοι
1657 2633 1896 2683 συνεῖναι

311 2724 451 2799 εἷχε,
482 2730 579 2781 καὶ
622 2730 654 2795 ἠ
688 2728 868 2797 χάρις,
904 2726 977 2786 ὼς
1006 2726 1067 2779 οὐ
1108 2724 1316 2786 δοῦλον,
1369 2724 1506 2776 ἀλλὰ
1560 2724 1668 2774 τῶν
1723 2721 1894 2774 ὄντων

307 2821 766 2892 ὶλίυθερὼτατον,
822 2820 987 2891 ἢὸτι
1044 2819 1175 2871 ποτέ
1226 2836 1311 2881 τις
1376 2819 1443 2872 ἂν
1502 2816 1651 2887 εὖροι
1710 2814 1895 2882 μεῖζον

308 2918 510 2970 εἰπεῖν.

404 3178 571 3232 ’Δλλὰ
607 3177 715 3245 γάρ
748 3173 956 3229 κείσθω
982 3174 1046 3245 δὴ
1073 3174 1199 3238 τοὺς
1233 3173 1562 3236 ἀποστόλους
1598 3170 1894 3243 χρημάτων

313 3276 475 3344 ὲρᾷν,
514 3272 681 3324 πόθεν
734 3272 813 3329 είς
865 3269 991 3321 νοῦν
1038 3268 1197 3320 τοῦτό
1246 3285 1309 3333 γε
1351 3267 1537 3318 λαῦεἶν
1572 3266 1891 3335 ἐτόλμησεν,

307 3368 391 3418 ὃτι
428 3363 566 3417 Θεοῦ
598 3362 760 3430 χάριν
788 3358 1088 3429 χρημάτων
1114 3358 1416 3427 ὼνήσεταις
1456 3354 1544 3417 Ὦς
1576 3354 1702 3424 ἡδὺς
1730 3350 1797 3423 ἦν
1846 3356 1894 3405 εί

303 3456 528 3523 πνεῦμα
575 3453 698 3518 μὲν,
728 3452 793 3505 ἂν
847 3451 1156 3517 αὐτόματον
1206 3450 1279 3517 μὴ
1314 3447 1471 3517 πλέῃ,
1508 3446 1696 3515 βορέου
1732 3445 1894 3513 τυχὸν

305 3550 340 3620 ἢ
370 3549 553 3610 νότου,
587 3543 711 3613 μηδ’
746 3542 812 3596 ἂν
862 3543 1008 3603 ὅσοις
1046 3541 1249 3605 κόσμος
1292 3538 1406 3608 ιχει
1458 3538 1706 3607 χρήμασι
1743 3554 1894 3604 κινη-

307 3641 494 3709 θῆναι,
523 3638 627 3705 τὴν
676 3636 733 3687 δὲ
788 3634 941 3687 θείαν
992 3632 1298 3694 ἐπίπνοιαν,
1334 3631 1433 3699 τὴν
1465 3630 1558 3680 καὶ
1592 3628 1744 3686 τοῦδε
1798 3625 1892 3679 τοῦ

308 3732 633 3799 Πνεύματος
676 3726 1030 3797 παρακτικὴν
1077 3725 1170 3777 καὶ
1223 3722 1511 3791 κινητικὴν
1545 3721 1739 3787 οἰκτρά
1772 3737 1895 3771 τινα

306 3825 571 3896 χρήματα
619 3817 948 3874 καταϐαλὼν
1004 3816 1327 3882 πορίσεσθαι
1378 3816 1628 3884 ἤλπισεν.
1690 3812 1894 3864 Ἐδόκει

306 3934 371 3987 γε
426 3917 535 3985 μὴν
579 3914 608 3966 ό
664 3913 1088 3981 μεγαλέμπορος
1130 3905 1376 3975 ἁσμένην
1425 3908 1536 3967 τοῖς
1576 3902 1895 3964 ἀποστόλοις

302 4012 407 4080 τὴν
444 4004 720 4076 ἐμπορίαν
756 4002 904 4072 αὑτῷ
944 4001 1299 4069 γενήσεσθαι,
1337 3999 1429 4051 καὶ
1460 3998 1558 4065 τὴν
1607 4012 1895 4065 προσαγω-

302 4108 411 4171 γὴν
442 4101 553 4153 τῶν
584 4097 884 4168 χρημάτων
909 4094 1295 4164 προχωρήσειν
1327 4091 1706 4161 εὐπρόσωπον
1740 4107 1893 4141 πτωο

302 4197 391 4264 χοὶ
419 4196 530 4260 γὰρ
562 4187 644 4253 οἷς
669 4188 846 4243 ταῦτα
876 4188 1207 4257 προσήγετο,
1237 4185 1329 4236 καὶ
1354 4182 1654 4251 χρημάτων
1677 4181 1895 4241 πάντως

306 4288 341 4356 ἢ
371 4285 515 4353 τάχα
558 4283 831 4350 δεόμενοι.
883 4278 1175 4332 Ἐλάνθανε
1214 4278 1272 4329 δὲ
1312 4276 1497 4339 αὑτὸν,
1535 4275 1609 4336 ὡς
1644 4274 1894 4326 ἐντεῦθεν

306 4379 524 4439 τούτοις
547 4378 607 4428 τὸ
656 4371 948 4436 πένεσθαι,
1003 4374 1068 4423 εκ
1095 4370 1193 4424 τοῦ
1244 4370 1410 4440 μηδὲν
1463 4368 1615 4435 παρὰ
1668 4367 1895 4435 μηδενὸς

306 4470 618 4539 λαμϐάνειν
647 4464 965 4535 ἀνέχεσθαι.
1008 4462 1072 4516 El
1122 4462 1232 4531 γὰρ
1263 4462 1384 4514 κατ’
1410 4461 1578 4530 ἄνδρα
1624 4460 1731 4511 τῶν
1760 4460 1897 4525 λαμ-

1998 1982 2154 2048 quasi
2186 1980 2251 2032 de
2282 1981 2479 2032 throno
2518 1980 2812 2033 deturbare
2860 1990 3047 2047 tentet,
3106 1998 3228 2036 cum
3266 1984 3475 2044 deceat,
3512 1995 3569 2037 ut

1999 2085 2049 2125 ct
2091 2073 2286 2139 exigua
2322 2074 2463 2126 dona
2496 2073 2713 2127 caelitus
2741 2073 2864 2126 data
2908 2076 2974 2144 (si
3005 2076 3133 2143 quid
3184 2085 3363 2129 tamen
3403 2076 3565 2144 hujus

1999 2163 2216 2227 generis
2248 2163 2503 2231 exiguum
2546 2162 2651 2232 est)
2685 2173 2937 2233 tanquam
2970 2165 3202 2218 maxima
3262 2175 3315 2218 et
3368 2167 3568 2235 pretio—

1998 2254 2214 2307 sissima
2291 2263 2663 2321 acceptemus.
2726 2255 2829 2309 Sed
2886 2256 3071 2308 talium
3135 2257 3317 2310 nullus
3375 2273 3568 2311 sensus

1998 2356 2115 2400 erat
2138 2360 2319 2414 mago,
2348 2346 2440 2414 qui
2469 2359 2594 2397 cum
2630 2347 2789 2400 Petro
2813 2362 3164 2415 congressus,
3197 2349 3566 2410 existimabat,

2000 2454 2061 2492 se
2096 2438 2148 2489 in
2182 2437 2460 2490 hominem
2505 2436 2701 2502 facilis,
2734 2437 2911 2491 mollis
2957 2446 3013 2491 et
3041 2440 3359 2507 cauponarii
3396 2441 3566 2493 animi

2001 2530 2277 2583 incidisse.
2323 2529 2428 2583 Sed
2454 2544 2577 2583 mox
2608 2529 2822 2592 didicit,
2880 2544 2940 2584 se
2983 2531 3269 2599 impegisse
3328 2532 3385 2585 in
3428 2532 3569 2585 invi-

1999 2629 2144 2675 ctum
2194 2629 2356 2689 atque
2429 2621 2925 2691 inexpugnabilem.
2988 2630 3043 2675 et
3093 2624 3184 2690 qui
3233 2624 3567 2678 vocationem

2000 2730 2156 2768 suam
2199 2715 2329 2780 ipsis
2364 2714 2522 2767 factis
2584 2713 2854 2782 probaret.
2911 2712 3249 2769 Vanissimus
3297 2715 3480 2777 homo,
3524 2717 3566 2768 si

2001 2807 2282 2874 apostolos
2339 2807 2589 2874 pecuniis
2640 2808 2949 2873 superiores
3000 2821 3123 2860 esse
3184 2822 3288 2861 non
3327 2808 3485 2871 vidit,
3515 2816 3571 2860 et

2001 2899 2171 2964 gratia
2200 2902 2333 2949 adeo
2367 2913 2475 2949 non
2508 2906 2590 2950 est
2631 2897 2735 2950 sub
2773 2898 3061 2957 Servitute,
3089 2905 3145 2950 ut
3188 2900 3428 2951 omnium
3482 2915 3569 2952 rc-

2000 3003 2120 3041 rum
2152 2990 2224 3042 sit
2266 2991 2566 3055 liberrima,
2634 2991 2714 3044 vel
2753 2990 2799 3045 si
2838 2987 2968 3059 quid
3026 2992 3204 3060 majus
3232 3009 3259 3046 a
3296 3008 3567 3061 quoqua-It

1998 3081 2105 3136 dici
2135 3090 2332 3149 potest.

2074 3173 2177 3227 Sed
2213 3174 2475 3230 faciamus
2524 3176 2804 3244 apostolos
2847 3175 3106 3245 pecunias
3132 3188 3391 3227 amasse:
3431 3171 3572 3225 unde

2001 3276 2181 3320 tamen
2211 3267 2339 3320 huic
2386 3268 2439 3321 in
2480 3276 2712 3321 mentem
2764 3268 2953 3321 venire
2990 3268 3165 3336 putuit
3217 3265 3307 3318 Dei
3341 3266 3570 3330 gratiam

2002 3360 2253 3429 pecuniis
2287 3360 2441 3413 emi?
2474 3359 2657 3414 Bellus
2703 3361 2865 3413 homo
2894 3369 3032 3415 erat.
3091 3360 3146 3413 Si
3199 3359 3423 3427 spiritus
3476 3373 3569 3411 seu

2000 3464 2212 3515 ventus,
2232 3452 2504 3520 aquilonis
2544 3461 2670 3521 puta
2694 3463 2788 3505 aut
2817 3455 3014 3517 austri,
3034 3460 3224 3521 sponte
3248 3468 3355 3504 non
3383 3461 3570 3520 Spll‘t",

2000 3560 2104 3597 non
2147 3544 2330 3605 ﬂabit,
2376 3544 2499 3597 licet
2526 3544 2693 3599 totius
2726 3545 2910 3598 mundi
2942 3545 3207 3614 pecunias
3240 3544 3569 3614 pollicear-is.

1995 3636 2066 3691 Δι
2100 3652 2226 3689 vero
2258 3635 2500 3689 divinum
2537 3634 2769 3689 aﬂlatum
2808 3647 2860 3691 et
2887 3638 3243 3705 spiraculum,
3274 3637 3415 3705 quod
3453 3633 3574 3703 Spi-

1998 3728 2161 3782 ritum
2196 3728 2400 3795 profert
2434 3738 2489 3782 et
2513 3739 2712 3791 movet,
2745 3731 2947 3784 oblatis
2983 3732 3203 3785 miseris
3235 3728 3569 3798 quibusdam

2004 3823 2302 3877 nummulis
2334 3838 2394 3877 se
2424 3823 2745 3892 adepturum
2767 3824 3043 3891 sperabat.
3071 3823 3461 3876 Arhitrabatur
3492 3820 3576 3873 ni-

1999 3917 2193 3969 mirum
2226 3915 2477 3984 egregius
2519 3917 2620 3972 iste
2647 3926 2948 3978 mercator,
2982 3915 3247 3983 apostolis
3295 3923 3573 3968 mercatu-

1998 4024 2113 4062 ram
2142 4021 2296 4062 suam
2326 4008 2648 4074 jucundam,
2702 4016 2756 4062 et
2814 4008 3149 4062 oblationem
3213 4006 3570 4075 pecuniarum

1999 4113 2257 4168 perquam
2334 4107 2544 4169 gratam
2616 4107 3012 4168 acceptamque
3079 4098 3239 4161 fore;
3310 4111 3575 4166 panperos

1997 4193 2142 4246 enim
2167 4199 2344 4257 erant,
2377 4191 2577 4260 quibus
2633 4191 2920 4260 pecuniam
2968 4189 3251 4253 offerebat,
3294 4197 3346 4242 et
3401 4202 3568 4256 pecu-

1999 4285 2209 4339 niarum
2241 4297 2404 4353 quam
2461 4283 2698 4337 maxime
2760 4282 2949 4350 indigi.
3001 4282 3069 4335 At
3130 4280 3372 4346 fugiebat
3419 4293 3571 4341 eum,

2001 4376 2193 4430 horum
2212 4382 2511 4444 egestatem
2546 4372 2672 4426 inde
2708 4372 2878 4434 nasci,
2908 4370 3051 4440 quod
3077 4370 3211 4424 nihil
3238 4384 3268 4423 a
3299 4382 3573 4438 quoquam

2000 4470 2247 4537 accipere
2272 4467 2630 4522 sustinerent.
2664 4464 2719 4518 Si
2769 4466 2916 4518 enim
2947 4464 3150 4517 viritim
3214 4477 3312 4530 pro
3346 4475 3577 4513 numero

307 4561 588 4614 6ανόντων
639 4558 701 4611 τὸ
752 4557 1001 4625 χάρισμα
1061 4551 1303 4606 τοσαῦτα
1361 4552 1590 4614 τούτοις,
1646 4552 1745 4605 ὅσα
1804 4550 1898 4603 καὶ
1930 4574 1978 4633 D

1930 4574 1978 4633 ι)
2003 4576 2215 4622 eorum,
2259 4560 2351 4627 qui
2378 4558 2641 4627 Spiritum
2679 4566 2928 4611 sanctum
2980 4564 3324 4624 acceperant,
3361 4562 3571 4605 tantum

306 4652 517 4719 Σίμων,
553 4648 822 4708 ἐδίδοσαν,
856 4644 970 4697 οὐδ’
1003 4643 1070 4697 ἂν
1097 4643 1335 4711 πτωχῶν
1364 4643 1521 4706 δόξαν
1551 4642 1744 4695 Ελαῦον
1771 4643 1898 4711 παρ’

304 4743 479 4810 αὐτῷ,
519 4740 553 4809 ἢ
586 4741 698 4793 τῶν
728 4737 942 4790 ἐκείνου
976 4736 1115 4803 πρὸς
1150 4735 1342 4804 χρείαν
1380 4736 1541 4804 ἥκειν
1584 4732 1754 4795 τινός.

392 4833 539 4887 Ἀλλ’
570 4834 598 4885 ὀ
632 4833 731 4900 μὲν
783 4832 969 4901 Σίμων
1003 4829 1147 4881 οὕτω
1178 4831 1273 4882 καὶ
1308 4830 1516 4898 Πέτρου
1565 4826 1770 4895 φαῦλον
1809 4843 1898 4893 φι-

304 4924 618 4995 λαργυρίας
653 4918 788 4993 ἦθος
820 4923 1254 4991 κατεμαρτύρει,
1291 4918 1386 4973 καὶ
1424 4919 1486 4971 τὸ
1520 4918 1743 4985 Πνεῦμα
1778 4917 1900 4969 δοῦ-

306 5021 401 5073 λον
446 5020 542 5071 καὶ
593 5017 787 5085 μάγων
829 5012 1025 5084 ἡλπισε
1077 5013 1346 5080 γίνεσθαι.
1400 5011 1604 5078 Πέτρος
1655 5012 1700 5062 δ’
1754 5010 1899 5080 ὑπὲρ

304 5114 509 5169 ἑαυτοῦ
547 5114 647 5183 μὲν
677 5114 783 5165 κᾶν
809 5109 1073 5177 συνέγνω,
1105 5109 1203 5180 τὴν
1223 5109 1279 5160 δὲ
1300 5108 1445 5161 κατὰ
1467 5107 1562 5161 τοῦ
1586 5107 1899 5176 Πνεύματος

307 5208 438 5263 οὐδὲ
485 5207 685 5275 μέχρις
718 5205 893 5271 ἀκοῆς
944 5204 1225 5272 ὑπήνεγκε
1281 5200 1654 5269 βλασφημίαν.
1700 5198 1839 5250 Ἀλλ’
1871 5200 1899 5249 ό

306 5302 486 5356 πάλαι
518 5302 650 5352 ποτε
684 5298 871 5359 ἁλιεὺς
898 5300 989 5350 καὶ
1016 5297 1186 5351 πάλιν
1216 5296 1403 5357 ἁλιεὺς
1436 5294 1637 5363 ἀγαθὸς
1664 5294 1896 5361 γίνεται,

308 5399 407 5448 καὶ
456 5395 521 5462 τῇ
570 5391 790 5462 τριαίνῃ
834 5392 933 5459 τῆς
990 5390 1265 5449 ἀπωλείας
1318 5389 1410 5440 τὸν
1438 5387 1588 5450 ἄξιον
1623 5385 1899 5448 ἀπωλείας

308 5485 500 5560 βαλὼν
550 5485 770 5551 ἄφυκτα
806 5484 1140 5553 περιπείρει.
1186 5482 1296 5551 Ούχ
1334 5482 1417 5533 ὅτι
1455 5480 1562 5550 γὰρ
1612 5478 1889 5543 ὠνεῖσθαι,

304 5581 536 5640 πάντως
572 5577 629 5629 δέ
663 5593 768 5629 που
795 5576 887 5629 καὶ
918 5575 1393 5645 μεταπιπράσκειν
1431 5573 1530 5642 τὴν
1561 5572 1725 5641 χάριν
1758 5570 1898 5637 ἔγνω

306 5670 722 5737 διανοούμενον.
781 5670 844 5721 Et
901 5670 1011 5739 γάρ
1073 5667 1223 5733 ἄξιος
1270 5662 1429 5727 οὗτος
1475 5665 1753 5727 ἀπωλείας
1805 5665 1898 5716 καὶ

308 5766 555 5837 πρὸσθεν
583 5759 670 5817 οἶα
704 5765 827 5825 ταῖς
858 5762 1135 5833 γοητείαις
1165 5762 1397 5823 πολλοὺς
1436 5756 1893 5827 ἐξανδραποδιζό-

314 5876 501 5929 μενος,
536 5858 763 5926 τὴν⁶ὲπὶ
805 5857 1010 5923 ταύτην
1052 5857 1261 5923 ἡγεῖτο,
1306 5854 1487 5906 πόσων
1528 5852 1766 5920 ὀλέθρων
1796 5851 1894 5903 οὐκ

2003 4654 2360 4723 accepissent,
2398 4662 2663 4721 quantum
2696 4647 2959 4703 offerebat
3008 4648 3220 4710 Simon,
3278 4647 3419 4700 haud
3473 4661 3566 4701 eus

2003 4762 2101 4818 pro
2132 4746 2339 4816 egenis,
2369 4754 2423 4799 et
2454 4743 2546 4812 qui
2587 4756 2685 4797 sua
2721 4756 2824 4809 ope
2848 4749 3091 4809 egerent,
3125 4739 3428 4793 habuisset.

2071 4840 2137 4892 Et
2166 4837 2386 4907 quidem
2423 4834 2610 4890 Simon
2638 4833 2782 4887 hunc
2819 4834 2872 4885 in
2905 4834 3125 4887 modum
3177 4840 3410 4886 testatus
3464 4841 3548 4886 est

2002 4930 2145 4999 quod
2176 4928 2395 4981 Petrum
2430 4939 2527 4993 pro
2567 4922 2744 4991 turpis
2775 4923 2911 4976 lucri
2943 4922 3143 4991 cupido
3170 4930 3223 4975 et
3278 4935 3442 4974 avaro
3490 4938 3551 4975 re

2003 5025 2226 5090 putarit,
2260 5016 2607 5083 sperarilque
2637 5014 2900 5083 Spiritum
2934 5013 2989 5067 in
3030 5012 3347 5066 servitutem
3408 5012 3573 5064 etiam

2004 5112 2168 5182 Magis
2198 5111 2313 5163 dari
2348 5124 2528 5179 posse.
2562 5108 2629 5161 At
2654 5105 2847 5160 Petrus
2885 5105 3239 5160 commissum
3299 5106 3349 5157 in
3385 5120 3442 5159 se
3469 5104 3578 5157 cri-

2004 5221 2124 5258 men
2177 5203 2414 5255 libenter
2465 5202 2516 5254 ei
2585 5200 2935 5263 condonavit,
2998 5197 3389 5267 blasphemiam
3446 5209 3579 5249 vero

2003 5306 2190 5351 contra
2224 5296 2488 5364 Spiritum
2521 5308 2587 5347 ne
2619 5292 2685 5345 ad
2714 5306 2874 5345 aures
2922 5290 3140 5359 quidem
3187 5288 3443 5352 admisit;
3480 5286 3574 5340 sed

1999 5387 2089 5457 qui
2139 5387 2267 5439 olim
2331 5386 2569 5453 piscator
2633 5382 2830 5445 fuerat,
2914 5396 3060 5434 nunc
3118 5380 3313 5433 iterum
3366 5391 3577 5446 gnavus

2000 5478 2241 5546 piscator
2269 5473 2518 5535 efﬁcitur,
2548 5480 2604 5527 et
2633 5472 2869 5525 tridente
2896 5468 3222 5539 perditionis
3256 5466 3569 5533 perculsum

2000 5584 2122 5622 eum
2158 5570 2245 5637 qui
2277 5567 2471 5635 dignus
2497 5562 2959 5632 eratperditione,
2985 5558 3367 5614 iuevitabiliter
3390 5567 3567 5609 trans-

2002 5661 2134 5729 figit.
2162 5673 2267 5710 non
2298 5656 2473 5709 solum
2505 5655 2632 5718 quia
2684 5668 2885 5717 emere,
2920 5650 3014 5704 sed
3067 5658 3122 5703 et
3146 5649 3273 5718 quia
3324 5645 3569 5698 vendere

2000 5752 2228 5821 gratiam
2257 5747 2549 5816 cogitabat.
2596 5746 2653 5798 Si
2686 5744 2830 5798 enim
2878 5744 2980 5796 iste
3024 5742 3177 5809 prius
3209 5752 3428 5809 quoque
3455 5735 3564 5787 exi-

2002 5851 2074 5899 tio
2110 5843 2303 5910 dignus
2348 5840 2545 5901 fuerat,
2612 5837 2752 5905 quod
2812 5833 2996 5888 multis
3026 5848 3121 5905 per
3174 5828 3567 5886 fascinationes
