4234 6446
668 428 808 495 1033

1909 418 2009 476 MA
2025 416 2097 475 XI
2113 416 2199 474 Ml
2246 414 2622 474 PLANUDE

3793 403 3926 471 1084

668 563 799 600 suas
833 543 1178 605 dementatis,
1217 541 1282 596 ad
1313 540 1540 595 exitium
1599 539 1893 607 prxeiverit,
1929 553 2064 606 quot
2110 537 2228 590 exi-
2260 532 2305 586 A

2376 549 2410 579 ,ν
2437 533 2520 598 εἴη
2549 531 2641 582 νῦν
2671 527 2991 593 ἀξιώτατος,
3017 526 3074 591 ες
3101 544 3162 594 γε
3195 527 3293 598 τὴν
3318 524 3411 580 τοῦ
3433 524 3568 579 Θεοῦ
3598 524 3760 594 χάριν
3788 521 3934 577 οὕτω

672 640 763 693 tiis
791 652 936 691 nunc
981 635 1334 703 dignissimus
1388 649 1493 688 non
1531 645 1636 696 est,
1690 631 1780 698 qui
1841 631 2080 684 divinam
2116 645 2238 700 gra-

669 732 798 784 liam
831 733 902 782 ita
935 730 1182 794 venalem
1216 728 1475 790 somniat,
1505 726 1664 781 sicuti
1699 729 1749 778 in
1779 725 1899 778 foro
1926 739 2011 779 res
2039 737 2237 777 venum

666 821 1091 891 proponuntur?
1128 821 1321 874 Verum
1377 820 1489 873 hmc
1545 818 1769 884 Spiritui
1825 818 2018 885 magis.
2078 831 2237 883 quam

668 929 806 979 aqua
841 915 976 983 igni,
1014 913 1473 966 adversabantur.
1507 912 1675 964 Porro
1703 924 1824 963 cum
1871 909 2238 970 erubesceret,

668 1021 727 1057 se
760 1005 824 1057 ad
857 1021 1043 1057 eorum
1091 1014 1316 1064 castum,
1351 1004 1443 1072 qui
1498 1003 1706 1072 Spiritu
1762 1002 1909 1071 digni
1941 1011 2118 1061 erant,
2153 1015 2244 1069 ag-

668 1112 914 1164 gregare,
955 1095 1199 1150 audacia:
1243 1110 1355 1149 suae
1388 1095 1591 1163 absque
1645 1109 1792 1147 mora
1853 1107 2043 1162 pinnas
2098 1091 2242 1145 luit:

673 1204 794 1241 nam
831 1188 964 1240 nihil
994 1187 1144 1241 aliud
1181 1189 1445 1250 restabat,
1476 1203 1637 1256 quam
1684 1197 1739 1240 ut
1775 1187 1844 1249 is,
1882 1186 1969 1255 qui
2019 1200 2124 1238 non
2178 1198 2245 1239 ex

672 1280 974 1351 ignorantia
1035 1294 1209 1347 neque
1253 1279 1454 1348 impetu
1504 1280 1782 1348 abreptus,
1838 1279 1932 1331 sed
1991 1279 2246 1333 consulto

676 1373 929 1435 consilio,
963 1381 1016 1427 et
1059 1387 1122 1426 ex
1157 1374 1400 1427 versutia
1445 1381 1553 1426 tam
1605 1375 1823 1440 indigna
1883 1373 2243 1441 magnitudini

678 1467 873 1518 divitire
908 1465 1159 1520 ail‘ricare
1185 1466 1512 1522 conabatur.
1540 1466 1592 1519 in
1633 1467 1858 1520 exitium
1912 1468 2243 1519 mitteretur.

678 1557 830 1624 Quod
862 1567 917 1614 et
959 1559 1156 1613 factum
1198 1573 1225 1611 a
1253 1556 1414 1612 Petro
1442 1559 1751 1628 justissimo
1775 1559 2006 1627 judicio.

753 1653 940 1720 Itaque
968 1653 1093 1705 licet
1123 1652 1248 1719 quis
1294 1652 1626 1721 cogitatione
1649 1653 1713 1704 ad
1768 1651 1916 1705 Giezi
1979 1659 2248 1713 recurrat,

681 1743 868 1796 Simon
912 1759 1066 1812 paena
1126 1744 1344 1813 dignior
1378 1745 1624 1809 exstitit;
1674 1760 1851 1811 neque
1889 1743 2034 1796 enim
2093 1744 2250 1796 simi-

681 1838 783 1888 l--m
824 1846 1077 1890 eventum
1122 1837 1332 1898 habuit,
1376 1839 1469 1906 qui
1506 1836 1646 1890 dona
1700 1835 1822 1906 Syri
1877 1837 2013 1890 male
2052 1838 2182 1891 emit
2217 1853 2230 1889 :

679 1941 805 1978 nam
845 1927 915 1980 ibi
951 1929 1094 1983 alius
1130 1937 1269 1986 erat.
1307 1929 1391 1982 cui
1429 1930 1766 1984 curationem
1794 1929 2055 1996 dederat;
2089 1931 2250 1990 alius,

678 2021 767 2084 qui
801 2028 1109 2088 acceperat,
1167 2021 1365 2088 quibus
1415 2023 1613 2075 tertius
1659 2025 2050 2092 superveniens
2105 2023 2250 2076 Giezi

683 2127 910 2164 munera
947 2113 1181 2180 accepit,
1210 2128 1400 2167 verum
1441 2116 1788 2178 exiStimans,
1832 2130 1890 2170 se
1916 2131 2089 2184 neque
2128 2131 2256 2168 veu-

683 2205 837 2267 dere,
875 2221 1053 2274 neque
1105 2221 1290 2261 emere
1341 2209 1614 2277 gratiam;
1653 2223 1831 2278 neque
1869 2209 2011 2261 enim
2076 2209 2122 2264 is
2168 2210 2258 2262 ille

680 2305 817 2358 erat,
877 2298 970 2364 qui
1030 2297 1304 2361 dederat,
1356 2313 1538 2366 neque
1597 2299 1687 2365 qui
1748 2308 2077 2366 acceperat;
2139 2299 2256 2361 sed,

685 2397 878 2442 sanato
921 2388 1032 2453 jam
1079 2389 1238 2458 Syro,
1276 2390 1538 2451 accurrit,
1602 2400 1653 2442 et
1687 2405 1912 2443 munera
1961 2390 2064 2445 sibi
2098 2392 2262 2459 depo-

683 2480 878 2547 poscit.
916 2479 1048 2545 Quze
1095 2482 1280 2534 omnia
1343 2483 1542 2535 minori
1593 2482 2031 2550 reprehensioni,
2093 2498 2257 2552 quam

686 2573 987 2633 Simonem,
1049 2573 1346 2627 obnoxium
1417 2573 1682 2626 indicant.
1750 2573 2076 2640 Quanquam
2168 2573 2257 2626 ille

687 2664 952 2730 pecunias
998 2664 1231 2733 accepit,
1268 2665 1353 2718 hic
1384 2664 1513 2718 dare
1547 2674 1832 2733 promptus
1881 2676 2018 2725 erat,
2050 2681 2158 2733 quo
2180 2666 2262 2727 lit,

689 2763 748 2805 nt
775 2755 920 2808 illius
949 2756 1180 2809 avaritia
1211 2755 1456 2808 deterior
1488 2771 1618 2809 esse
1665 2756 1936 2819 videatur,
1965 2772 2128 2827 quam
2178 2757 2265 2809 Si-

689 2850 873 2903 monis
936 2848 1234 2903 liberalitas
1313 2849 1585 2904 Catterum
1638 2850 1901 2915 pecunias
1962 2865 2166 2913 amare,
2213 2856 2260 2901 et

694 2939 866 2994 Deum
911 2941 1249 2995 inhonorare
1282 2943 1441 3006 velle,
1478 2957 1674 3010 magno
1715 2943 1925 2997 distant
1960 2942 2265 3005 intervallo,

694 3042 748 3084 ιιι
783 3042 989 3100 quanto
1019 3033 1124 3088 hoc
1157 3036 1430 3103 posterius
1460 3035 1637 3100 priore
1674 3034 2002 3088 sceleratius
2055 3045 2109 3086 et
2170 3035 2268 3083 ah-

695 3123 914 3177 surdius
943 3132 1049 3189 est,
1081 3133 1234 3178 tanto
1264 3125 1426 3178 etiam
1454 3124 1644 3178 Simon
1684 3125 1877 3192 magis,
1903 3138 2064 3191 quam
2120 3122 2266 3176 Giczi

699 3216 1069 3269 maledictioni
1102 3217 1332 3270 idoneus
1355 3227 1495 3269 crat.
1545 3217 1708 3282 Atqui
1742 3216 1786 3268 si
1822 3213 2015 3268 Petrus
2074 3222 2262 3267 aucto-
2295 3231 2340 3294 ε

699 3323 812 3361 rem
848 3309 1009 3377 hujus
1035 3308 1403 3376 improbitatis
1435 3307 1600 3362 simul
1636 3323 1762 3362 cum
1790 3310 1908 3376 ipsa
1948 3307 2270 3375 improbita-

703 3412 752 3452 le
785 3418 888 3454 non
932 3401 1120 3454 statim
1169 3400 1557 3468 oppressisset,
1597 3414 1760 3468 quam
1829 3401 2031 3454 multos
2101 3400 2275 3452 malus

701 3498 913 3549 ibt-mon
972 3495 1236 3549 excitaret
1281 3495 1557 3557 Simuncs,
1608 3495 1826 3564 quando
1858 3496 2109 3558 necdum,
2159 3493 2280 3547 licet

702 3591 986 3644 confestim
1015 3591 1083 3642 ah
1116 3590 1271 3642 initio
1301 3588 1582 3643 sauciatus
1635 3597 1687 3643 et
1745 3595 2074 3658 prostratus,
2130 3589 2283 3656 quie-

703 3698 855 3738 scere
891 3683 1060 3745 novit,
1092 3682 1264 3736 cladis
1297 3690 1532 3751 acceptae
1560 3682 1808 3735 memor!

780 3861 980 3914 Verum
1017 3862 1320 3927 enimvero,
1344 3876 1451 3927 quo
1481 3861 1663 3916 oratio
1689 3861 1745 3916 in
1773 3875 2072 3930 progressu
2099 3875 2290 3930 prove-

717 3959 888 4017 hitur,
923 3957 1050 4009 dum
1077 3954 1368 4009 ostendere
1402 3954 1577 4024 cupit,
1608 3954 1752 4023 quod
1779 3964 1835 4008 et
1858 3954 2059 4022 saepius
2107 3966 2293 4009 osten-

709 4049 809 4111 dit,
841 4048 1104 4117 apostolis
1124 4048 1188 4101 ad
1211 4046 1555 4115 largitionem
1587 4044 1716 4098 doni
1745 4043 1987 4099 cmlestis
2045 4045 2296 4101 suiiicere

712 4146 882 4195 solam
915 4153 1175 4191 manuum
1216 4136 1627 4205 impositionem
1666 4150 1680 4187 :
1731 4136 1825 4204 qui
1875 4134 2023 4188 enim
2073 4144 2296 4202 aspectu

715 4241 871 4286 erant
908 4229 1115 4284 indocti
1149 4272 1163 4294 ,
1193 4228 1409 4296 inglorii
1439 4237 1491 4280 et
1519 4227 1716 4297 egeni,
1752 4226 1841 4279 illa
1882 4226 2054 4280 eil'use
2088 4227 2298 4281 submi-

718 4325 1026 4379 nistrabant
1051 4365 1063 4384 ,
1099 4338 1218 4392 qua:
1255 4335 1352 4374 nec
1386 4319 1846 4388 sapientissimus,
1877 4334 1996 4382 nec,
2054 4319 2138 4374 cui
2210 4320 2292 4372 iii-

717 4433 902 4489 genies
939 4433 1102 4486 εοεαε,
1127 4416 1322 4485 quibus
1357 4415 1492 4469 alios
1519 4412 1829 4482 superabat,
1863 4411 2132 4482 insignem
2178 4412 2296 4482 glo-

720 4527 850 4563 riam
888 4510 1247 4579 peperissent,
1286 4514 1545 4576 praestare
1583 4511 1813 4573 poterat.
1876 4503 2078 4557 lterum
2135 4505 2280 4558 Deus

718 4606 859 4658 inter
916 4603 1168 4656 homines
1251 4607 1536 4663 versatur,

720 4706 1036 4764 assumptus
1067 4693 1229 4747 Deus.
1269 4691 1469 4744 lterum
1502 4688 1794 4743 ineﬂ'abilis
1851 4691 2152 4743 descensus
2192 4701 2295 4743 est.

725 4793 922 4841 lterum
954 4788 1294 4856 mysterium.
1331 4782 1392 4836 Et
1417 4781 1646 4850 apostoli
1673 4782 1738 4834 ad
1769 4789 2064 4850 utrumque
2093 4792 2300 4850 myste-

726 4883 862 4934 riuni
895 4877 1030 4946 apti,
1072 4885 1125 4929 et
1149 4873 1454 4928 incredibili
1486 4872 1767 4926 alacritate
1800 4872 2117 4926 ministrare
2144 4887 2302 4942 para-

727 4974 789 5033 ti,
815 4981 891 5037 et,
920 4980 979 5024 ut
1009 4970 1175 5023 verbo
1206 4968 1403 5031 dicam,
1430 4966 1687 5020 omnibus
1746 4964 1867 5019 aliis
1913 4965 2156 5029 omissis,
2206 4980 2299 5019 ora

729 5066 917 5128 Verbi,
951 5072 1003 5116 et
1036 5061 1274 5128 Spiritus
1301 5060 1681 5119 in~trumenta,
1711 5063 1765 5109 et
1823 5070 1918 5123 per
1954 5054 2067 5108 hazc
2133 5057 2295 5108 etiam

729 5160 915 5228 prima:
947 5155 1145 5208 nn-nlis
1177 5153 1378 5220 clligics
1419 5164 1480 5203 ac
1519 5148 1854 5201 imitationes
1884 5148 2129 5216 quasdam
2166 5146 2298 5200 effe-

731 5255 802 5304 eti
832 5258 980 5303 sunt.
1015 5247 1248 5301 Possunt
1271 5259 1433 5311 porro
1457 5239 1691 5310 aposmli
1724 5239 1888 5293 etiam
1916 5240 1969 5292 in
2025 5253 2217 5293 samno
2247 5249 2301 5291 et

732 5341 1033 5397 secundum
1067 5337 1302 5402 quietem
1346 5331 1652 5399 intelligere
1702 5327 1994 5397 Spiritum,
2028 5327 2141 5396 qui,
2181 5341 2301 5395 qua:

735 5429 983 5486 facienda
1027 5429 1160 5490 sint,
1196 5431 1472 5494 suggerat,
1501 5423 1554 5476 in
1579 5421 1768 5490 eisque
1825 5419 2172 5488 principalem
2222 5435 2310 5472 ra-

736 5525 903 5579 tionis
939 5529 1174 5589 partem,
1209 5518 1628 5587 quibuscuuque
1655 5513 1844 5583 figuris
1879 5513 2167 5582 placuerit,
2197 5512 2304 5564 fur-

739 5627 867 5678 mct,
897 5625 950 5670 et
981 5629 1100 5682 qua
1133 5611 1242 5680 pati
1268 5615 1538 5677 oporteat,
1567 5613 1923 5675 praemoneat,
1954 5615 2008 5659 et
2055 5620 2213 5674 quem
2250 5604 2303 5656 in

740 5713 915 5766 locum
955 5704 1200 5760 mittendi
1233 5704 1368 5764 sint,
1399 5702 1615 5762 doceat,
1637 5699 1723 5753 hic
1744 5697 1962 5769 quidem
1995 5695 2048 5749 in
2073 5694 2305 5765 Joppcn,

736 5804 826 5859 ille
854 5802 906 5854 in
947 5797 1317 5851 Macedoniam
1359 5812 1370 5846 :
1407 5805 1631 5845 necesse
1659 5790 1800 5844 enim
1843 5797 1924 5841 est
1981 5796 2043 5839 nt
2102 5796 2154 5840 ct
2210 5786 2311 5848 illi,

2349 623 2641 689 τυγχάνειν
2687 621 2993 690 ὠνείρωξεν
3029 619 3252 686 εὔωνον,
3300 621 3376 683 ὡς
3414 619 3479 673 ἂν
3520 618 3572 671 εί
3600 634 3653 670 τι
3687 615 3796 670 τῶν
3839 613 3930 668 ιπ⁹

2353 717 2558 783 ἀγορᾶς
2585 716 2851 786 κειμένων
2878 715 3078 781 ὠνίωνς
3116 714 3280 768 Ἀλλά
3297 715 3406 784 γάρ
3434 709 3503 784 ἦν
3531 713 3628 783 μὲν
3648 712 3754 764 τῶν
3777 711 3906 764 ὲιαν

2349 811 2634 862 τιωτάτων
2681 808 2760 876 τῷ
2806 808 3089 878 Πνεῦματι
3136 811 3232 860 καὶ
3286 806 3548 877 μᾶλλονῆ
3585 805 3728 874 ὕδωρ
3757 802 3931 872 ἰτυρί⁶

2351 900 2514 952 αὑτὸν
2570 899 2626 952 δὲ
2682 900 2794 959 τοῖς
2846 897 3019 962 ἀξίοις
3075 897 3170 950 τοῦ
3233 896 3552 966 Πνεύματος
3618 893 3938 947 συντάττειν

2353 991 2710 1062 ἀνασχυντῶν
2741 991 2898 1060 δίκην
2941 990 3142 1045 αὐτίκα
3189 990 3283 1044 τοῦ
3317 989 3557 1061 θράσους
3582 988 3798 1056 ὑπεῖχε.
3830 984 3939 1036 Τδν

2353 1087 2462 1155 γὰρ
2508 1087 2606 1137 οὐκ
2638 1085 2698 1151 ιε
2744 1085 2989 1154 ἀγνοίας,
3043 1084 3165 1137 οὐδὲ
3199 1080 3675 1151 συναρπασθέντα,
3729 1075 3844 1129 ἀλλ’
3875 1077 3942 1126 ἐκ

2354 1177 2610 1247 προνοίας
2636 1178 2730 1229 καὶ
2754 1175 3112 1245 πανουργίας,
3145 1173 3322 1234 οὕτως
3351 1172 3547 1236 ἀνάξια
3579 1166 3938 1238 προστρίσειν

2354 1273 2418 1341 τῇ
2455 1270 2837 1339 μεγαλειότητι
2894 1269 3236 1341 πειρώμενον
3291 1264 3387 1319 τοῦ
3442 1262 3602 1327 Θεοῦ,
3643 1260 3830 1312 λοιπὸν
3869 1251 3943 1328 ἦν

2356 1340 2686 1416 sacoma»
2738 1361 2972 1432 ὀλέθρῳ,
3030 1361 3057 1415 δ
3089 1340 3169 1431 ’δὴ
3238 1363 3336 1416 και
3389 1357 3595 1427 Πέτρος
3647 1353 3818 1408 ποιῶν
3873 1352 3946 1405 τὰ

2356 1456 2538 1510 δίκαια
2564 1457 2767 1527 κρίνων
2790 1455 3087 1509 ἐδείκνυτο.

2432 1634 2598 1686 Ὥστε
2631 1631 2733 1685 κᾶν
2761 1631 2857 1686 ἐπὶ
2890 1631 2984 1684 τὸν
3034 1630 3185 1693 Γιεζί
3223 1646 3308 1693 τις
3332 1627 3620 1698 άναδράμῃ
3654 1625 3730 1695 τῷ
3775 1624 3947 1692 λόγῳ.

2361 1726 2547 1793 Σίμων
2576 1727 2601 1776 6
2625 1726 2780 1792 δίκην
2812 1725 3072 1791 ὑποσχεῖν
3104 1722 3446 1790 δικαιότερος
3472 1735 3484 1747 ·
3519 1720 3641 1771 οὐδὲ
3667 1719 3774 1786 γὰρ
3806 1720 3946 1785 πρδς

2359 1817 2520 1884 ὅμοια
2552 1816 2841 1884 κεχώρηκε
2863 1817 2940 1884 τῷ
2965 1814 3154 1876 κακῶς
3175 1813 3430 1881 όναμένῳ
3456 1812 3565 1862 τῶν
3595 1810 3953 1878 δωρημάτων

2359 1909 2450 1962 τοῦ
2481 1909 2675 1973 Σύρου.
2715 1909 2863 1959 Ἐκεῖ
2889 1908 2998 1976 γὰρ
3021 1908 3181 1960 άλλου
3212 1905 3311 1975 μὲν
3338 1905 3505 1964 ὅντως
3533 1902 3624 1955 τοῦ
3654 1903 3750 1970 τὴν
3783 1900 3955 1970 Θερα-

2359 2001 2520 2053 πείαν
2549 2001 2858 2069 ὀρέγοντος,
2894 2001 3022 2052 άλλο
3050 1999 3106 2050 δὲ
3140 1997 3235 2050 τοῦ
3265 1996 3662 2066 λαμὸάνοντος,
3706 1995 3890 2061 τρίτος
3918 1994 3949 2044 ὁ

2358 2093 2504 2156 Γιεζῖ
2556 2093 2874 2160 παρεισδὺς,
2921 2091 3136 2159 εἰλήφει
3176 2090 3241 2142 τὰ
3300 2088 3471 2158 διῖιρα,
3531 2088 3630 2139 οὐκ
3676 2085 3951 2154 οἰόμενος,

2359 2184 2483 2235 οὒτε
2514 2185 2869 2250 πιπράσκειν,
2901 2181 3017 2234 οὔτ’
3049 2179 3306 2233 ὠνεῖσθαι
3329 2177 3428 2248 τὴν
3456 2178 3639 2247 χάριν.
3675 2176 3811 2229 Οῦτε
3839 2179 3951 2245 γὰρ

2361 2276 2521 2337 αὐτὸς
2556 2271 2624 2345 ἦν
2655 2277 2683 2328 6
2724 2274 2902 2336 διδοὺς
2945 2273 3173 2340 ταύτην.
3221 2270 3335 2324 οὔθ’
3367 2272 3396 2322 6
3437 2270 3772 2335 λαμϐάνων·
3815 2269 3958 2320 άλλά

2361 2369 2458 2420 καὶ
2491 2366 2629 2433 μετά
2662 2365 2724 2417 τὸ
2761 2363 3021 2430 γενέσθαι
3053 2365 3129 2432 τῷ
3161 2363 3320 2432 Σύρῳ
3349 2362 3451 2429 τὴν
3482 2360 3784 2426 Θεραπείαν
3830 2361 3959 2425 όμι-

2362 2460 2531 2526 λήσας
2565 2457 2701 2525 πρὸς
2744 2456 2806 2508 τὸ
2835 2455 3021 2508 λαϐεῖν
3055 2453 3270 2508 ἅπαντα
3315 2454 3530 2520 ἐκείνῳ,
3568 2452 3959 2520 μετριωτάτην

2364 2551 2396 2620 ἢ
2431 2549 2636 2616 Σίμωνι
2671 2547 2769 2616 τὴν
2791 2546 3132 2614 κατηγορίαν
3156 2544 3388 2610 εἰσάγει.
3429 2544 3540 2595 Καί
3575 2560 3658 2594 τοι
3691 2543 3961 2610 χρήματα.

2364 2645 2571 2705 ἐκεῖνος
2605 2643 2704 2710 μὲν
2752 2641 2965 2703 ἔλαϐεν,
3018 2638 3174 2701 οὗτος
3207 2638 3264 2690 δὲ
3305 2636 3578 2705 παρέχειν
3608 2635 3825 2702 ’ἕτοιμος
3861 2629 3960 2702 ἦν,

2365 2736 2439 2796 ὼς
2473 2735 2571 2804 τὴν
2603 2733 2812 2786 ἐκείνου
2856 2730 3236 2800 φιλαργυρίαν
3291 2728 3463 2797 χείρω
3513 2727 3692 2778 δοκεῖν
3728 2725 3829 2792 τῆς
3862 2722 3964 2776 τοῦ

2366 2828 2610 2894 Σίμωνος
2665 2823 3134 2893 ἐλευθεριότητος.
3183 2821 3344 2872 Ἐστι
3406 2819 3450 2872 δ’
3490 2819 3550 2870 οὗ
3608 2817 3834 2884 μέτριον
3897 2817 3965 2866 τὸ

2371 2919 2534 2986 μέσον
2583 2916 2678 2969 τοῦ
2721 2933 2778 2966 τε
2817 2917 3078 2985 χρήματα
3139 2911 3341 2982 φιλεῖν,
3405 2909 3628 2964 καὶτοῦ
3687 2909 3779 2960 τὸν
3827 2908 3967 2958 Θεὶν

2368 3009 2600 3080 ἀτιμοῦν
2646 3007 2972 3076 βούλεσθαι,
3009 3005 3126 3058 ἀλλ’
3157 3006 3269 3074 ὅσῳ
3302 3004 3396 3055 τοῦ
3436 3003 3705 3072 προτέρου
3749 3000 3810 3051 τὸ
3839 2999 3969 3051 δεύι

2369 3117 2530 3169 τερον
2562 3098 2925 3167 άσεὸἐστερόν
2948 3114 3031 3158 τε,
3067 3096 3162 3147 καὶ
3196 3094 3563 3162 ἀτοπώτερον,
3594 3088 3836 3158 τοσούτῳ
3867 3096 3968 3146 καὶ

2372 3195 2556 3261 Σίμων
2585 3193 2680 3245 τοῦ
2710 3191 2860 3253 Γιεζὶ
2894 3190 3094 3259 μᾶλλον
3124 3188 3188 3241 ἂν
3221 3190 3308 3258 εῐη
3345 3191 3477 3256 πρὸς
3509 3188 3648 3256 ἀράν
3666 3185 3976 3252 ἐπιτηδειό-

2376 3299 2534 3352 τερος
2557 3298 2570 3310 ·
2614 3287 2708 3337 καί⁵
2752 3283 2858 3351 μὴν
2893 3282 2987 3333 καὶ
3021 3283 3070 3334 εί
3104 3281 3180 3350 μὴ
3226 3279 3319 3333 τὸν
3355 3277 3587 3350 πρώτως
3633 3277 3731 3346 τὴν
3766 3275 3976 3327 κακίαν

2377 3375 2583 3444 ταύτην
2624 3372 2938 3443 ἐκρήξαντα
2969 3370 3372 3426 συναπολέσθαι
3420 3368 3499 3438 τῷ
3533 3366 3690 3434 κακῷ
3717 3365 3977 3432 κυήματι

2380 3467 2702 3519 κατεδίκασε
2735 3467 2963 3535 Πέτρος,
2997 3465 3200 3524 πόσους
3223 3464 3291 3515 ἂν
3315 3463 3448 3530 ἡμῖν
3479 3458 3650 3513 οῐοιτό
3676 3474 3759 3520 τις
3789 3457 3980 3522 Σίμω-

2384 3578 2482 3623 νας
2513 3559 2812 3628 ἀναστῆσαι
2841 3559 2933 3611 τὸν
2972 3557 3233 3626 πονηρὸν,
3280 3555 3442 3607 ὁπότε
3493 3552 3627 3622 μηδὲ
3654 3551 3752 3618 τὴν
3794 3549 3980 3617 ἀρχὴν

2388 3652 2605 3723 βληθεὶς
2628 3653 2724 3704 καὶ
2770 3651 2953 3703 πεσὼν
2979 3651 3230 3720 ἠρεμεῖν,
3274 3642 3356 3710 οἷς
3391 3649 3590 3714 πεῖραν
3624 3643 3838 3712 εἰλήφει
3873 3641 3978 3708 τῆς

2388 3748 2593 3817 finus;

2464 3839 2540 3889 Οὐ
2573 3838 2682 3907 μὴν
2729 3837 2844 3892 ἀλλ’
2872 3834 2926 3891 οἷ
2962 3836 3194 3906 βαδίζων
3225 3837 3253 3890 6
3279 3835 3437 3902 λόγος
3481 3833 3767 3903 ἠπείγετο,
3802 3827 3984 3890 δεῖξαι

2398 3930 2745 4001 βουλόμενος,
2779 3930 2871 3984 καί
2907 3947 2971 3999 γε
3022 3928 3354 3997 πολλαχόθεν
3385 3926 3587 3990 δείξας,
3626 3922 3817 3993 ἀρκεῖν
3864 3920 3986 3984 τοῖς

2397 4025 2741 4091 ἀποστόλοις,
2784 4027 2864 4086 εἰς
2901 4023 3189 4093 μετάδοσιν
3234 4020 3327 4072 τοῦ
3361 4020 3704 4089 χαρίσματος
3737 4016 3831 4066 καὶ
3864 4032 3984 4083 χει-

2403 4118 2510 4189 ρῶν
2573 4118 2743 4186 μόνην
2796 4118 3065 4171 ἐπίθεσιν.
3128 4115 3362 4168 ’ἰδιῶται
3426 4113 3535 4181 γάρ
3599 4113 3826 4172 ἐκεῖνοι,
3887 4110 3987 4160 καὶ

2400 4216 2605 4283 ἄτιμοι,
2656 4211 2751 4264 καὶ
2782 4210 3010 4281 πένητες
3043 4207 3200 4271 ίδεῖν,
3243 4209 3426 4259 ἐκεῖνα
3461 4203 3759 4272 φιλοτίμως
3790 4202 3990 4267 παρεῖ-

2399 4323 2515 4377 χον,
2556 4303 2592 4358 ἃ,
2636 4303 2763 4373 μηδ’
2820 4302 2890 4355 ἂν
2944 4300 3037 4354 τὸν
3099 4300 3417 4368 σοφώτατον
3465 4299 3646 4367 εἴπῃς,
3684 4298 3778 4349 καὶ
3829 4289 3873 4360 ᾧ
3929 4293 3989 4346 τδ

2404 4395 2578 4448 πολλὰ
2638 4391 2943 4462 κεκτῆσθαι
3003 4390 3162 4455 δόξαν
3227 4389 3478 4458 παρέχει,
3546 4387 3641 4440 τοῦ
3709 4387 3804 4439 καὶ
3876 4385 3988 4437 τῶν

2403 4489 2579 4540 ἄλλων
2602 4504 2654 4540 τι
2690 4484 2854 4536 πλέον
2888 4483 3054 4552 ἔχειν.
3091 4482 3262 4536 Πάλιν
3293 4481 3356 4549 δὴ
3390 4481 3526 4542 Θεὸς
3557 4480 3614 4531 ἐν
3645 4476 3986 4546 ἀνθρώποις,

1612 4597 1867 4666 quamvis
1932 4599 2114 4651 denuo
2177 4574 2340 4651 nonl

2401 4581 2450 4630 εί
2477 4580 2570 4630 καὶ
2602 4577 2677 4647 μὴ
2696 4575 2830 4638 Θεὸς
2857 4576 3150 4644 ἄνθρωπον
3177 4570 3527 4640 προσλαδών.
3559 4570 3728 4623 Πάλιν
3754 4568 3990 4628 κάθοδος

2400 4672 2662 4741 άῤῥητος,
2715 4667 2880 4720 πάλιν
2929 4667 3252 4736 μυστήριον,
3299 4666 3392 4718 καὶ
3429 4663 3479 4716 oi
3516 4659 3806 4714 ἀπόστολοι
3853 4661 3994 4727 πρὸς

2400 4764 2659 4831 ἑκάτερον
2689 4758 2901 4828 άρμοζό
2921 4774 3072 4827 μενοι
3100 4758 3161 4809 τὸ
3197 4758 3521 4828 μυστήριον,
3561 4755 3657 4806 καὶ
3689 4752 3994 4819 ὑπηρετεῖν

2400 4854 2640 4922 ἕτοιμοι,
2681 4852 2776 4904 καὶ
2805 4850 2866 4902 τὸ
2902 4850 3190 4919 πρόθυμον
3218 4850 3345 4902 ὅσον
3374 4849 3583 4917 ἡλίκον,
3618 4845 3711 4898 καὶ
3755 4844 3832 4905 ὡς
3863 4843 3995 4903 ἔπος

2402 4948 2579 4999 εἰπεῖν
2614 4946 2796 4997 πάντα
2850 4959 2914 5010 γε
2953 4942 3226 5011 ἀφελόντα
3274 4941 3343 4994 τά
3399 4940 3555 5002 ἄλλα,
3599 4938 3848 5005 στόματα
3898 4933 3995 4986 τοῦ

2404 5036 2603 5103 Λόγου,
2648 5034 2744 5088 τοῦ
2774 5035 3096 5103 Πνεύματος
3132 5033 3368 5103 δργανα,
3403 5031 3497 5084 καὶ
3529 5029 3616 5084 διὰ
3642 5028 3851 5080 τούτων
3901 5026 3996 5077 τοῦ

2408 5131 2627 5202 πρώτου
2660 5128 2752 5182 νοῦ
2786 5129 2948 5180 τύποι
2978 5143 3037 5178 τε
3086 5132 3184 5179 καὶ
3222 5125 3541 5194 μιμήματα.
3583 5123 3692 5173 Καὶ
3728 5123 3997 5189 πρόσεστι

2408 5228 2469 5280 τὸ
2500 5225 2592 5278 καὶ
2626 5223 2750 5277 καθ’
2801 5221 3007 5282 ὕπνους
3062 5221 3301 5272 συνεῖναι
3342 5216 3404 5269 τὸ
3440 5213 3667 5283 Πνεῦμα
3714 5214 3828 5273 τοῖς
3860 5215 3998 5265 ἁπο-

2413 5319 2643 5380 στὸλοις,
2677 5317 2770 5369 καὶ
2801 5314 2837 5369 ἃ
2869 5313 2975 5383 χρὴ
3007 5315 3180 5365 ποιεῖν
3215 5307 3593 5370 ὑποτίθεσθαι,
3643 5307 3739 5358 καὶ
3792 5303 4000 5356 τυποῦν

2413 5413 2472 5464 τὸ
2503 5416 2560 5464 ἐν
2590 5412 2770 5471 αὐτοῖς
2799 5405 3130 5479 ἡγεμονικὸν
3158 5403 3233 5464 ὡς
3267 5402 3372 5472 ἅδῃ
3413 5399 3686 5468 βούλεται,
3735 5400 3831 5448 καὶ
3866 5413 4000 5464 προ-

2416 5505 2597 5572 λέγειν
2643 5502 2739 5554 ἆτε
2775 5500 2973 5552 παθεῖν
3008 5498 3110 5561 δεῖ,
3149 5498 3244 5550 καὶ
3279 5494 3363 5557 τίς
3392 5496 3420 5546 6
3450 5493 3648 5562 χῶρος,
3680 5489 3809 5542 καθ’
3835 5488 3895 5540 ὃν
3925 5489 4000 5538 δεῖ

2417 5596 2511 5649 καὶ
2557 5596 2823 5662 πέμπειν,
2865 5589 3056 5644 τοῦτον
3107 5589 3206 5659 μὲν
3232 5588 3311 5650 εἰς
3351 5587 3598 5653 Ἰόππην,
3632 5581 3826 5634 τοῦτον
3855 5581 3899 5633 δ’
3931 5579 3998 5631 αὖ

2417 5691 2494 5749 εἰς
2525 5683 2888 5740 Μακεδονίαν·
2922 5683 3014 5735 Δεῖ
3043 5684 3152 5752 γὰρ
3181 5681 3393 5743 πάντας
3437 5681 3537 5735 καὶ
3584 5677 3712 5740 τοὺς
3746 5676 3867 5727 ἐκεῖ
3895 5673 3999 5726 τῶν

2424 5780 2748 5847 σωζομένων
2774 5775 3049 5844 γενέσθαι.

739 5893 838 5965 qui
867 5891 940 5946 ibi
968 5891 1191 5960 degunt,
1228 5893 1626 5940 accenscautur
1684 5894 1871 5935 eorum
1930 5893 2184 5944 numero,
2219 5878 2310 5947 qui
2351 5877 2655 5930 salvantur.
