4234 6446
340 388 483 451 1085

1331 382 1740 446 ENCOMIUM
1784 385 1887 447 SS.
1938 384 2162 444 PETRI
2193 385 2289 445 ET
2331 385 2575 445 PAULI.

3450 376 3586 442 1086

407 507 473 556 0t
502 502 547 554 δ’
581 498 871 553 ἀπόστολοι
905 499 1013 552 οὐδ’
1042 500 1132 551 ἐπὶ
1168 502 1458 569 προδήλοις
1496 506 1606 563 τοῖς
1650 502 1915 564 κινδύνοις
1950 504 1991 559 Α

1950 504 1991 559 Α
2091 502 2360 556 (Ξςιειετιιιιι
2404 498 2638 571 apostoli
2675 512 2850 565 neque
2890 495 2942 549 in
2984 492 3445 549 manifestissimis
3498 511 3592 563 pe-

336 591 629 662 συνθηκῶν
682 592 1029 659 ἐξιστάμενοι
1086 592 1197 644 τῶν
1252 592 1385 661 πρὸς
1428 595 1520 645 τὸν
1573 592 1914 657 διδάσκαλον,

334 685 475 739 ἀλλὰ
505 688 615 753 γὰρ
648 684 701 736 εἴ
729 701 807 755 τῳ
851 683 923 753 μὴ
948 685 1005 734 ὲν
1040 683 1117 751 τῷ
1153 684 1372 751 βλέπειν
1412 688 1443 754 ή
1496 686 1679 745 πίστις
1730 684 1913 753 μόνον,

332 780 431 832 καὶ
490 776 973 849 προανιστάμενοι,
1032 776 1124 828 καὶ
1183 778 1600 848 προτρέχοντες,
1658 778 1750 829 καὶ
1802 779 1912 839 τοῖς

336 872 533 931 δεινοῖς
588 870 1065 939 ὶμπομπεύοντες,
1124 873 1217 922 καὶ
1255 872 1391 940 πρὸς
1431 870 1531 933 τὰς
1580 870 1770 931 ὀδύνας
1816 870 1914 932 τὰς

335 962 548 1015 ἐκεῖθεν
575 962 972 1031 ἁμιλλώμενοι·
1007 962 1180 1015 δεινὸν
1204 962 1311 1030 γὰρ
1336 961 1642 1026 ἐποιοῦντο,
1672 962 1719 1013 εἰ
1743 961 1914 1033 δήπου

337 1055 517 1123 ψυχῆς
550 1056 822 1125 ἀλήπτου,
856 1054 1107 1124 σώματος
1130 1055 1421 1124 ἀλγηδόνες
1447 1056 1689 1122 γένοιντο
1734 1055 1916 1124 κρείτ-

338 1163 495 1209 τους,
528 1147 624 1200 καὶ
656 1149 706 1200 εἰ
743 1146 917 1214 δήπου
950 1144 1131 1217 ψυχῆς
1159 1147 1527 1215 ἀποστολικῆς
1559 1145 1916 1199 ἁποστολικδν

339 1234 504 1302 σῶμα
535 1236 921 1304 ἀπολειφθείη,
944 1238 1037 1289 καὶ
1064 1237 1323 1302 ὀκλάσαν,
1355 1238 1455 1291 οὐκ
1484 1237 1550 1291 ἂν
1581 1236 1667 1305 εἴη
1701 1233 1761 1291 εὖ
1794 1237 1915 1306 ἔχον

337 1327 594 1380 ἔπεσθαι.
624 1326 930 1397 ’Υπέρευγε
957 1368 971 1389 ,
1027 1329 1103 1391 ὡς
1153 1330 1426 1397 ἀηττήτου
1470 1330 1675 1403 ⁵*ταῦτα
1736 1330 1918 1399 ψυχῆς

338 1421 435 1471 καὶ
458 1419 713 1488 σώματος
743 1421 809 1473 τὰ
848 1421 938 1475 ῐσα
961 1424 1027 1491 τῇ
1061 1422 1205 1492 ψυχῇ
1246 1422 1554 1489 βλέποντος,
1584 1423 1683 1476 καὶ
1716 1424 1919 1490 ἀμφοῖν

340 1511 483 1618 πολὺ
526 1514 586 1564 τὸ
638 1516 887 1581 γενναῖον
933 1515 1420 1585 ἐπιδεικνυμένων,
1488 1515 1584 1569 καὶ
1634 1516 1919 1586 ἀμήχανον

340 1622 534 1670 φαναι.

2026 597 2217 649 viculis
2274 593 2590 648 defecerunt
2625 605 2651 641 τι
2701 589 2870 659 paetis
2921 602 3043 642 cum
3094 586 3351 654 magistro
3400 583 3593 650 initis;

2027 690 2147 748 sed.
2181 688 2225 742 si
2255 688 2343 741 cui
2402 687 2535 739 fides
2566 699 2675 737 non
2698 691 2901 737 tantum
2936 680 2991 733 in
3030 677 3203 733 oculis
3248 674 3474 737 residet.
3538 675 3587 727 is

2026 782 2236 836 videbit
2293 793 2387 834 eos
2448 778 2514 831 ad
2569 774 2812 844 pericula
2855 774 3005 841 prius
3054 773 3216 825 etiam
3270 784 3589 838 exsurgere,

2023 888 2375 943 praecurrere,
2406 880 2458 924 et
2481 872 2533 923 in
2571 868 2813 922 adversis
2838 864 3197 932 triumphare.
3230 874 3281 915 et
3303 877 3427 914 ctun
3458 877 3590 913 cru-

2025 964 2261 1017 ciatibus
2296 962 2419 1015 inde
2458 961 2595 1015 ortis
2618 957 2832 1011 fortiter
2858 954 3149 1023 conﬂigere
3171 952 3385 1006 solitos.
3419 951 3594 1005 Grave

2024 1057 2171 1111 enim
2194 1054 2488 1118 ducebant,
2522 1053 2591 1117 si,
2615 1051 2791 1105 anima
2846 1050 3038 1111 illaesa,
3067 1047 3314 1115 corporis
3374 1045 3593 1099 dolores

2028 1150 2341 1221 superiores
2398 1146 2715 1208 evaderent,
2752 1153 2804 1200 et
2863 1140 3265 1209 aliquando_ab
3296 1138 3592 1207 apostolica

2028 1246 2211 1298 anima
2259 1240 2618 1310 apostolicum
2650 1252 2850 1305 corpus
2913 1236 3279 1294 desereretur,
3344 1231 3597 1283 debilita-

2031 1348 2255 1405 tumque
2294 1334 2464 1403 probe
2518 1331 2670 1399 sequi
2725 1345 2830 1384 non
2878 1334 3084 1395 posset,
3136 1321 3592 1379 Prmelarissimel

2032 1443 2088 1485 ut
2122 1424 2301 1483 anitlia
2332 1426 2592 1482 invictum
2632 1438 2690 1477 se
2732 1421 3074 1491 prrestiterit.
3114 1431 3421 1485 corpusque
3446 1413 3596 1482 paria

2028 1538 2148 1576 cum
2190 1520 2371 1573 anima
2423 1516 2636 1581 fecerit,
2678 1521 2736 1568 et
2767 1527 2928 1582 quam
2979 1522 3247 1578 generose
3306 1506 3487 1559 anima
3543 1512 3598 1557 et

2029 1626 2233 1681 corpus
2286 1624 2405 1664 sese
2439 1608 2732 1679 gesserint,
2765 1602 2933 1658 nullis
2974 1600 3157 1656 verbis
3196 1596 3455 1667 explicari
3492 1610 3591 1664 po-

2032 1708 2183 1761 terit.

414 1782 606 1834 Καίτοι
656 1782 821 1837 πάλιν
854 1785 936 1848 τίς
980 1785 1047 1839 ἂν
1088 1785 1231 1839 εἴποι
1268 1804 1381 1857 μοι,
1426 1789 1545 1852 πῶς
1578 1790 1606 1841 ό
1639 1790 1797 1856 λόγος
1830 1791 1922 1841 ἐπὶ
1953 1814 1997 1873 Β

1920 1831 1922 1839 ι
1953 1814 1997 1873 Β
2098 1799 2165 1847 At
2190 1794 2314 1863 quis
2348 1793 2477 1847 mihi
2508 1791 2733 1853 indicet,
2765 1804 2872 1859 qua
2920 1785 3134 1841 ratione
3184 1797 3366 1839 sermo
3398 1782 3592 1837 iterum

337 1875 468 1932 τοὺς
517 1874 796 1938 κινδύνους
849 1877 1184 1951 περιηνέχθη
1236 1881 1344 1934 τῶν
1401 1883 1753 1947 ἀποστόλωνς
1806 1884 1919 1935 ἀλλ’

339 1966 667 2032 ἐπαναγέτω
707 1969 869 2021 πάλιν
910 1971 997 2032 ἐφ’
1033 1972 1193 2025 ἑαυτὸ
1222 1973 1410 2027 τοῦτον
1439 1973 1498 2027 τὸ
1538 1974 1783 2044 Πνεῦμα,
1828 1977 1923 2028 καὶ

340 2054 632 2122 δεικνύτω,
664 2053 745 2121 οἷς
785 2060 904 2113 ούδέ
925 2079 977 2115 τι
1010 2062 1212 2130 μᾶλλον
1246 2064 1559 2134 ἐπίφθονον,
1592 2067 1714 2119 οὐδὲ
1753 2084 1926 2137 προσ-

343 2149 534 2216 κορὲς,
599 2152 730 2220 περὶ
777 2152 984 2207 τούτων
1032 2154 1214 2221 λέγειν
1254 2174 1309 2209 τι
1350 2159 1441 2209 καὶ
1474 2158 1693 2212 ἀκούειν
1744 2160 1923 2213 κιιινό⁹

339 2255 526 2306 τερον,
578 2240 660 2292 ὅτι
723 2238 883 2295 τοῦτο
914 2243 989 2312 τῷ
1044 2247 1244 2315 Παύλῳ
1304 2249 1495 2317 παρὸν,
1549 2251 1643 2301 καί
1690 2251 1737 2303 τ’
1791 2252 1925 2303 ἄλλα

340 2333 611 2401 παρεῖχεν
640 2333 991 2402 ἐργάζεσθαι,
1017 2338 1113 2389 καὶ
1138 2339 1236 2407 τὴν
1256 2339 1471 2407 ἔχιδναν
1495 2341 1593 2408 τὴν
1614 2343 1672 2393 ὲν
1693 2342 1923 2412 Μελίτῃ,

346 2423 484 2493 μηδὲ
520 2424 697 2478 δοκεῖν
744 2425 961 2497 ἔχιδναν
1006 2431 1438 2499 παρεσκεύασεν,
1484 2432 1515 2503 ἢ
1561 2432 1762 2501 μᾶλλον
1794 2434 1927 2486 Θεὸν

337 2518 431 2567 τὸν
456 2517 684 2583 Παῦλον,
710 2518 823 2572 ἀλλ’
849 2521 948 2573 οὐκ
973 2521 1262 2589 ἄνθρωπον
1286 2520 1427 2576 εἶναι
1444 2526 1642 2578 δοκεῖν.
1670 2526 1928 2593 Λεγίσθω

341 2608 902 2700 καὶ-ὅπεργὶνταυθοῖ
930 2615 1181 2682 παριδεῖν
1222 2617 1321 2669 οὐκ
1371 2618 1435 2670 ἂν
1467 2619 1676 2685 γένοιτο
1714 2622 1926 2700 χάριεν⁹

336 2699 371 2767 ή
401 2698 513 2751 τῶν
544 2699 855 2753 Μελιταίων
880 2700 956 2764 ὡς
986 2702 1133 2784 περὶ.
1154 2705 1439 2774 μιαιφόνου
1483 2708 1576 2760 τοῦ
1615 2708 1830 2761 Παύλου
1862 2698 1929 2761 τὰ

340 2794 590 2862 πρότερα
619 2794 784 2861 δόξαο
818 2798 913 2849 καὶ
956 2799 989 2868 ἠ
1034 2801 1170 2867 μετά
1224 2801 1386 2856 τοῦτο
1434 2804 1572 2874 πρὸς
1619 2806 1929 2859 τούναντίον

340 2885 493 2937 ἆπαν
527 2890 627 2958 τῆς
661 2889 822 2957 δόξης
856 2893 1335 2961 ἁντιμετάστασις,
1388 2896 1485 2949 καὶ
1518 2899 1549 2967 ἡ
1599 2897 1719 2969 δίκη
1763 2918 1929 2952 κατα-

339 2977 737 3085 ὶσέμῖὁανομὲνη
773 2984 877 3085 ps:
906 2984 998 3035 ὑπ’
1023 2986 1268 3050 ἐκείνων,
1293 2988 1430 3057 τάχα
1460 2992 1554 3041 καὶ
1588 2990 1926 3064 ὑμνουμένη,

2027 1889 2092 1942 ad
2127 1886 2492 1954 apostolorum
2524 1884 2762 1953 pericula
2793 1880 3002 1935 delatus
3037 1877 3317 1942 sitiquem
3356 1872 3598 1940 Spiritus

2027 1997 2219 2036 rursus
2274 1980 2430 2049 quasi
2495 1979 2715 2031 domum
2779 1975 3027 2036 reducat,
3059 1980 3113 2027 et
3163 1969 3417 2024 ostendat
3466 1965 3595 2027 illis,

2027 2076 2228 2145 quibus
2254 2074 2392 2127 nihil
2423 2082 2516 2128 aut
2545 2073 2609 2124 ad
2661 2068 2947 2132 invidiam,
3009 2074 3104 2119 aut
3156 2062 3222 2116 ad
3288 2060 3595 2117 satietatem

2029 2171 2388 2239 generandam
2424 2162 2890 2221 accommodatius
2918 2169 3022 2222 eet,
3052 2172 3217 2227 quam
3255 2157 3321 2211 de
3370 2154 3455 2209 Itis
3514 2152 3598 2207 vel

2028 2262 2210 2316 dicere
2239 2260 2320 2314 vel
2344 2263 2534 2314 audire
2567 2255 2771 2326 aliquid
2796 2255 2943 2308 novi.
3010 2249 3186 2304 Etiam
3229 2247 3396 2301 Paulo
3424 2245 3598 2315 Spiri—

2030 2360 2143 2405 tum
2178 2352 2447 2413 astitisse,
2477 2351 2805 2404 documento
2824 2342 3106 2413 sitvipera
3140 2340 3198 2394 in
3236 2339 3417 2393 Melita
3444 2340 3596 2393 insu-

2030 2445 2102 2504 la.
2128 2458 2288 2513 quam
2322 2444 2394 2495 ita
2442 2440 2713 2499 tractavit.
2747 2447 2805 2491 ut
2846 2451 2953 2491 non
2990 2434 3265 2488 videretur
3292 2446 3413 2486 esse
3444 2430 3596 2498 vipe-

2034 2551 2112 2597 ra,
2138 2534 2220 2587 vel
2246 2535 2447 2603 potius,
2480 2542 2533 2583 ιιι
2565 2532 2681 2598 ipse
2707 2529 2905 2582 Paulus
2930 2542 3037 2581 non
3080 2526 3265 2587 homo,
3300 2521 3394 2576 sed
3456 2520 3598 2573 Deus

2031 2635 2347 2682 censeretur
2376 2626 2441 2679 ἰ.
2497 2625 2744 2677 Addatur
2774 2630 2830 2675 et
2854 2622 2991 2684 hrec,
3023 2633 3183 2687 quam
3223 2617 3276 2670 in
3311 2612 3597 2680 praesentia

2032 2718 2453 2790 prmtetmittere
2486 2731 2677 2783 parum
2724 2712 2974 2767 festivum
3009 2717 3177 2771 esset,
3233 2705 3597 2761 Melitensium

2032 2812 2289 2868 nimirum
2322 2811 2391 2865 de
2416 2808 2606 2868 Paulo,
2631 2815 2889 2875 tanquam
2914 2805 2980 2857 de
3005 2800 3302 2863 homicida,
3332 2796 3598 2863 suspicio,

2033 2923 2139 2976 qua
2177 2908 2329 2974 prius
2370 2902 2561 2956 imbuti
2592 2899 2831 2959 fuerant,
2873 2906 2926 2950 et
2958 2896 3186 2948 mutatio
3246 2891 3491 2960 ejusdem
3545 2889 3598 2942 in

2034 2998 2372 3054 contrariam
2408 3009 2635 3066 prorsus
2681 2992 3019 3059 opinionem,
3055 2993 3111 3039 et
3140 2984 3351 3054 iustitia
3381 2983 3446 3035 ab
3493 2981 3601 3035 illis

343 3068 467 3120 Εἶτ’
500 3070 697 3123 αὐτίκα
746 3073 911 3142 μηδέν
954 3092 1007 3127 τι
1061 3077 1196 3146 πρὸς
1238 3080 1421 3131 αὐτῶν
1455 3081 1514 3133 δν
1560 3085 1672 3147 τοῖς
1712 3086 1930 3155 ἀδήλοις
1968 3148 1999 3159 Α

1968 3148 1999 3159 Α
2038 3088 2395 3159 deprehensa,
2430 3086 2615 3139 forsan
2644 3090 2699 3136 et
2720 3079 3055 3143 laudata,ita
3094 3086 3152 3130 ut
3197 3074 3333 3130 nihil
3366 3073 3446 3127 eis
3505 3071 3602 3126 ob-

336 3160 674 3229 ἐμϐατεύειν
717 3166 922 3233 αὐτῆς,
977 3171 1072 3223 καὶ
1125 3172 1382 3225 εἰκόντων
1432 3174 1510 3243 τῷ
1553 3176 1793 3244 θαύματι
1845 3188 1935 3237 καὶ

344 3254 920 3321 συμμεταδαλλόντων
966 3263 1033 3329 τῇ
1090 3263 1361 3333 μεταϐολῇ
1420 3266 1512 3318 τοῦ
1585 3269 1912 3338 πράγματος

341 3347 442 3397 καὶ
473 3346 572 3407 τὰς
614 3348 935 3417 ὑπολήψεις.
988 3354 1132 3405 Ἴστε
1174 3356 1267 3407 καὶ
1304 3357 1489 3423 ὑμεῖς,
1529 3361 1633 3412 κᾶν
1669 3362 1743 3429 μὴ
1771 3362 1915 3429 λέγω

337 3438 521 3504 πόσην
552 3440 802 3509 εἰσέφερε
834 3442 992 3507 δόξαν
1018 3447 1111 3497 καὶ
1143 3447 1310 3517 τιμὴν
1343 3450 1538 3521 Παύλῳ
1565 3453 1625 3506 τὸ
1681 3453 1934 3527 πρᾶγμαξ

340 3529 440 3580 καὶ
495 3530 558 3597 δὴ
602 3533 695 3582 καὶ
728 3534 832 3602 πρὸ
871 3535 1087 3587 Παύλου
1136 3538 1214 3607 τῷ
1262 3539 1452 3593 τούτου
1486 3543 1627 3613 Θεῷ.
1661 3521 1737 3600 Ei
1766 3521 1872 3620 γαρ
1906 3521 1935 3603 ό

341 3620 525 3687 κήρνξ
585 3620 760 3686 οὕτως
808 3625 1212 3681 ἐκκαλέσασθαι
1258 3632 1384 3695 τοὺς
1429 3635 1628 3705 ἄνδρας
1675 3636 1800 3707 ἔσχε
1853 3643 1929 3707 τῷ

344 3710 612 3776 θαύματι,
666 3714 741 3775 ὡς
793 3716 990 3784 ἁθρόον
1023 3721 1085 3771 ὲκ
1135 3724 1476 3796 φαυλοτέρας
1672 3695 1927 3797 ὑπονοίας

340 3805 437 3856 ἐπὶ
487 3804 585 3873 τὴν
639 3808 871 3879 ἀρίστην
926 3815 1330 3884 μεταπηδήσαι,
1387 3820 1439 3871 τί
1491 3818 1556 3873 ἂν
1606 3822 1784 3886 εἴποις
1836 3828 1930 3878 τὸν

342 3901 756 3967 κηρυττόμενον
777 3917 791 3964 ;

419 3992 777 4059 Προσκείσθω
818 3995 1062 4059 κάκεῖνα,
1093 3996 1188 4051 τοῦ
1221 4001 1324 4067 γὰρ
1368 4002 1536 4057 αὐτοῦ
1589 4006 1928 4077 Πνεύματος,

340 4080 379 4136 ἃ
405 4085 500 4134 καί
532 4099 663 4136 ποτε
698 4086 1003 4156 προσετέθη
1049 4087 1127 4157 τῷ
1165 4090 1428 4158 θαύματι,
1454 4096 1548 4147 καί
1580 4096 1929 4164 λεγέσθωσαν

341 4173 495 4225 νόσοι
524 4175 988 4244 φυγαδευόμεναι,
1030 4180 1378 4252 ἀπορώτεραι
1412 4186 1585 4239 πᾶσαι
1637 4190 1735 4258 μὲν
1764 4191 1797 4261 ἢ
1836 4196 1928 4247 καὶ

344 4266 725 4330 ἀνθίστασθαι,
761 4275 853 4321 καὶ
885 4271 919 4340 ὴ
950 4273 1088 4340 πρὸς
1134 4276 1325 4341 καιρὸν
1356 4278 1432 4347 τῷ
1476 4280 1713 4335 Ποπλίου
1757 4286 1929 4355 πατρὶ

347 4362 628 4425 παρουσία
665 4359 758 4413 τοῦ
815 4362 1049 4426 Παύλου,
1082 4366 1141 4417 τό
1172 4382 1233 4419 τε
1282 4368 1507 4437 σύμπαν
1535 4375 1589 4426 ει
1614 4390 1698 4437 τις
1748 4377 1926 4449 ἀξιοίη

2045 3189 2235 3245 staret,
2270 3180 2568 3249 quominus
2612 3189 2817 3229 arcana
2852 3172 2977 3241 ejus
3002 3174 3376 3239 penetrarent,
3405 3163 3603 3233 quippe

2037 3276 2129 3344 qui
2160 3270 2424 3327 miraculo
2453 3269 2564 3337 jam
2599 3266 2881 3326 cederent,
2909 3271 2964 3317 et
3012 3276 3136 3316 cum
3173 3259 3475 3311 mulatione
3520 3255 3595 3307 rei

2038 3364 2386 3433 suspiciones
2416 3373 2635 3429 quoque
2660 3362 2957 3410 mutarent.
3002 3351 3191 3406 Nostis
3221 3349 3460 3419 ipsimet,
3520 3362 3605 3399 me

2036 3458 2220 3514 itidem
2254 3462 2484 3517 tacente,
2518 3457 2778 3519 quantam
2830 3446 3059 3517 gloriam
3086 3452 3138 3498 et
3198 3441 3601 3497 venerationem

2037 3554 2151 3606 inec
2180 3564 2267 3603 res
2302 3544 2612 3603 conciliarit
2645 3541 2834 3603 Paulo,
2868 3538 2953 3592 vel
2989 3537 3173 3607 potius
3199 3544 3328 3590 ante
3348 3534 3601 3597 l’aulum,

2040 3645 2148 3698 Deo
2179 3640 2353 3694 Pauli.
2375 3638 2432 3692 Si
2459 3638 2605 3691 enim
2634 3646 2813 3701 prach
2864 3630 2944 3684 sic
2991 3643 3093 3684 suo
3155 3626 3421 3681 miraculo
3454 3625 3602 3677 viros

2035 3737 2160 3791 illos
2202 3744 2531 3803 permovere
2564 3726 2766 3797 potuit.
2810 3730 2870 3778 ut
2915 3738 2982 3776 ex
3020 3719 3318 3789 improviso
3353 3717 3601 3788 deposita

2032 3825 2309 3880 deteriore
2332 3819 2596 3889 opinione
2632 3815 2699 3869 ad
2747 3813 3033 3867 meliorem
3078 3811 3397 3874 transirent,
3465 3805 3600 3876 quid

2037 3918 2268 3984 deipso,
2301 3913 2394 3983 qui
2432 3908 2852 3980 praadicabatur,
2882 3898 3323 3973 suspicabimur?

2102 4008 2486 4077 Adjungautur
2562 4009 2617 4055 et
2678 4000 2793 4059 illa.
2876 3995 3119 4064 ejusdem
3183 4004 3418 4058 namque
3474 3995 3600 4043 sunt

2032 4101 2288 4171 Spiritus,
2320 4111 2444 4165 qua
2476 4101 2532 4149 et
2566 4100 2695 4146 tunc
2730 4089 2997 4143 miraculo
3030 4086 3175 4140 circa
3206 4084 3446 4161 viperam
3507 4079 3602 4133 ad-

2035 4194 2181 4263 jecta
2207 4189 2465 4252 fueruntf;
2498 4190 2920 4244 enumerentur,
2958 4179 3208 4245 inquam,
3242 4173 3413 4243 fugati
3455 4185 3601 4224 mor-

2031 4284 2107 4345 bi,
2174 4294 2367 4336 omnes
2414 4274 2771 4337 inﬁrmiores,
2818 4285 2981 4340 quam
3047 4278 3107 4322 ut
3148 4268 3482 4325 resisterent,
3548 4269 3602 4315 et

2031 4375 2184 4430 Pauli
2222 4371 2569 4428 conversatio
2619 4369 2688 4423 ad
2746 4377 2967 4433 tempus
2994 4378 3117 4418 cum
3176 4358 3352 4419 Publii
3408 4366 3599 4426 patre;

343 4449 536 4546 ζητεῖν
559 4452 624 4519 ,ἡ
684 4452 921 4546 ἐνταῦθα
956 4458 1068 4517 τοῖς
1104 4460 1399 4546 νησιώταις
1432 4462 1539 4515 τῶν
1586 4445 1926 4537 πραγμάτων
1954 4486 2006 4546 ι)

1954 4486 2006 4546 ι)
2034 4471 2075 4523 si
2112 4468 2236 4538 quis
2268 4482 2399 4520 vero
2427 4463 2610 4518 omnia
2634 4458 2878 4530 penitius
2910 4455 3146 4511 scrutari
3178 4452 3325 4514 velit,
3361 4450 3407 4502 is
3441 4445 3604 4501 intel—

341 4544 687 4605 κατάστασις
722 4544 795 4606 ὡς
826 4546 1047 4611 ἀγαθῶν
1079 4544 1219 4601 εἶναι
1246 4551 1354 4603 τῶν
1383 4555 1657 4622 μεγίστων
1680 4561 1917 4615 ἀπόλαυ-

343 4649 468 4695 σις,
516 4635 611 4685 καὶ
656 4634 742 4687 οἷα
775 4636 989 4700 οὐδενὸς
1017 4638 1179 4693 ἄλλου
1229 4642 1375 4709 δόξα,
1417 4647 1526 4699 τῶν
1582 4650 1661 4711 είς
1707 4653 1920 4723 ἐκείνην

338 4726 441 4792 τὴν
482 4725 691 4793 ἡμέραν
720 4728 1058 4795 οἰκησάντων
1088 4734 1186 4801 τὴν
1214 4734 1405 4803 νῆσονθ
1427 4739 1516 4790 καὶ
1549 4740 1760 4805 Παῦλος
1789 4745 1921 4797 ἀπο-

340 4818 609 4886 κρύπτων
640 4820 797 4882 εῐτίς
831 4838 932 4873 που
968 4821 1105 4873 θεῶν
1155 4821 1223 4896 ἦν
1277 4828 1335 4880 ἐν
1374 4829 1624 4895 ἐκείνοις,
1659 4838 1757 4890 καὶ
1798 4836 1919 4899 θεὸς

338 4906 488 4963 εἶναι
520 4911 721 4966 δοκῶν.
756 4912 924 4965 Πάλιν
953 4916 1058 4983 γὰρ
1090 4919 1183 4970 καὶ
1215 4921 1474 4985 πολλάκις
1512 4924 1591 4986 εἰς
1624 4926 1785 4980 τοῦτό
1829 4947 1917 4996 μοι

334 5003 619 5067 τὸνλόγον
648 5002 745 5056 τοῦ
785 5006 1110 5074 πράγματος
1152 5010 1314 5082 ἡδονὴ
1350 5016 1527 5081 φέρει,
1586 5022 1681 5071 καὶ
1722 5022 1920 5090 πρόσε-

337 5110 429 5145 στι
462 5094 520 5144 τὸ
544 5094 619 5162 μὴ
645 5096 795 5163 παρά
822 5097 997 5162 λόγον.
1032 5101 1140 5152 Καὶ
1178 5104 1280 5172 γὰρ
1306 5106 1353 5155 εἰ
1402 5109 1556 5160 τοῦτό
1580 5128 1639 5177 γε
1663 5112 1916 5182 ἀποχρῶν

334 5189 418 5247 εἰς
444 5186 605 5248 δόξαν
638 5184 890 5251 θεώσεως
917 5195 976 5241 τ’)
1001 5192 1165 5259 μηδὲν
1197 5193 1320 5262 μηδ’
1346 5198 1447 5249 ὑπὸ
1466 5200 1572 5252 τῶν
1589 5172 1919 5274 ⁷ὀλεθριαωτιπὶ-

332 5299 449 5333 των
474 5282 667 5332 παθεῖν
700 5277 841 5332 εἶναι
869 5277 978 5335 οἷόν
1004 5301 1085 5347 τε,
1134 5286 1368 5353 πάρεστι
1418 5290 1630 5355 Παῦλος
1684 5294 1801 5356 θεὸς
1846 5298 1919 5347 εί-

333 5374 515 5432 κότως
549 5365 690 5423 εἶναι
724 5372 919 5424 δοκῶν.
957 5376 1065 5427 Καὶ
1096 5376 1143 5427 εί
1189 5377 1253 5445 δή
1284 5395 1368 5439 τις
1402 5380 1462 5432 τὸ
1494 5382 1685 5447 μείζω,
1719 5386 1918 5454 ἢκατὰ

333 5462 635 5530 ἄνθρωπον
692 5464 934 5517 εύποιεῖν
1005 5466 1287 5530 δύνασθαι,
1346 5475 1480 5542 πρὸς
1546 5477 1669 5529 θεοῦ
1722 5480 1914 5542 οῐεται,

334 5556 465 5607 οὐδὲ
500 5553 689 5606 τούτου
724 5557 933 5620 Παῦλος
965 5560 1029 5613 ἂν
1067 5565 1152 5630 εἴη
1182 5566 1635 5635 ἀπολειπόμενος.
1671 5571 1776 5621 Καὶ
1806 5572 1913 5639 γὰρ

334 5648 523 5703 ἐκεῖνό
556 5664 620 5717 γε
654 5645 721 5720 ἦν
754 5651 991 5719 Παύλου,
1021 5654 1082 5707 τὸ
1122 5658 1394 5728 πανταχοῦ
1429 5660 1591 5716 πλέον
1640 5662 1783 5732 ἔχειν
1817 5664 1913 5715 ἀν-

440 5825 485 5860 ²¹
540 5823 657 5879 Act.
714 5842 901 5890 xivut,
960 5828 1073 5883 5-6.

2033 4563 2183 4629 liget,
2237 4557 2507 4613 insulanis
2530 4569 2655 4608 eum
2689 4563 2890 4606 statum
2923 4549 3049 4602 inde
3106 4544 3446 4615 provenisse,
3501 4540 3596 4610 qui

2030 4654 2139 4705 iliis
2175 4648 2479 4718 ingentium
2511 4646 2777 4699 bonorum
2822 4640 3178 4694 fruendorum
3203 4634 3415 4703 copiam
3466 4647 3595 4699 sup-

2034 4744 2397 4814 peditaret,et
2428 4754 2545 4794 eam
2582 4735 2809 4807 gloriam
2863 4746 3077 4804 parere,
3106 4744 3211 4798 qua
3270 4726 3497 4802 majore
3534 4722 3603 4776 in»

2027 4852 2150 4890 eum
2173 4848 2343 4901 usque
2360 4831 2502 4885 diem
2524 4828 2703 4882 nullus
2724 4841 2786 4879 ex
2807 4824 2997 4880 insulae
3025 4818 3288 4889 indigenis
3304 4818 3606 4872 claruerat.

2026 4929 2091 4981 Et
2124 4926 2320 4980 Paulus
2351 4924 2571 4993 quidem
2595 4919 2923 4981 occultabat,
2959 4929 3086 4967 num
3130 4912 3252 4981 quis
3291 4912 3424 4964 deus
3454 4908 3605 4961 inter-

2024 5023 2147 5075 illos
2165 5026 2495 5079 versaretur,
2525 5013 2737 5069 tametsi
2768 5010 3038 5063 videretur
3069 5020 3191 5060 esse
3212 5004 3365 5059 deus.
3393 5000 3599 5061 Iterum

2022 5111 2164 5163 enim
2206 5117 2260 5163 et
2301 5108 2497 5173 saepius
2531 5105 2606 5157 rei
2647 5102 2894 5156 suavitas
2943 5109 2995 5152 et
3034 5095 3349 5165 jucuuditas
3381 5090 3486 5143 huc
3507 5104 3594 5141 me

2023 5202 2227 5264 trahit,
2261 5214 2359 5252 nec
2396 5204 2587 5266 praeter
2611 5192 2916 5257 rationem;
2950 5203 3075 5243 nam
3102 5188 3147 5240 si
3180 5201 3207 5237 a
3242 5180 3597 5253 perniciosisa

2021 5296 2174 5350 simis
2198 5291 2330 5345 nihil
2364 5286 2674 5344 nocumenti
2697 5289 2943 5352 accipere
2964 5295 3144 5351 posse,
3168 5274 3443 5332 suﬂicitad
3464 5288 3601 5340 apo-.

2025 5385 2235 5442 theosin
2262 5399 2277 5451 ;
2304 5383 2423 5451 jure
2447 5380 2650 5449 optimo
2685 5376 2883 5431 Paulus
2908 5372 3127 5426 habitus
3152 5380 3237 5424 est
3257 5369 3393 5423 deus
3420 5381 3433 5417 :
3470 5374 3522 5416 et
3542 5363 3588 5417 si

2026 5478 2070 5531 is
2100 5477 2191 5547 qui
2232 5476 2460 5542 majora,
2484 5486 2645 5541 quam
2680 5484 2774 5537 pro
2812 5464 3049 5520 hominis
3080 5462 3356 5517 facultate.
3386 5457 3599 5511 benene

2020 5571 2105 5623 cia
2140 5567 2387 5623 conferre
2421 5573 2617 5632 potest,
2647 5561 2779 5615 deus
2797 5566 3065 5621 censetur,
3094 5568 3268 5622 neque
3292 5551 3393 5605 ltoc
3420 5548 3594 5603 Paulo.

2022 5662 2208 5718 delicit
2237 5675 2252 5714 :
2288 5674 2408 5714 nam
2432 5658 2534 5713 hoc
2548 5663 2664 5712 erat
2690 5654 2846 5725 quasi
2875 5652 3085 5721 insigne
3108 5648 3280 5713 Pauli,
3304 5655 3363 5700 ut
3381 5642 3592 5714 ubique
