4234 6446
684 370 705 435 l
719 371 816 435 “87

1974 375 2258 435 MAXIM!
2293 375 2662 435 PLANUDJS

3812 374 3949 441 1088

680 500 946 544 terrarum
1001 491 1144 559 plus,
1180 505 1342 560 quam
1397 494 1580 558 homo,
1632 494 1876 556 haberet,
1930 502 1984 548 et
2030 496 2250 559 valeret,
2289 496 2331 547 Α

2289 496 2331 547 Α
2362 494 2605 563 θρὼπου,
2634 496 2725 547 καὶ
2750 489 2825 549 ὧν
2846 492 3052 561 ἀπορία
3088 495 3200 557 τοῖς
3236 492 3417 557 ἄλλοις
3439 489 3614 547 ταῦτα
3631 493 3823 564 ἐκείνῳ
3850 495 3944 548 εὐ-

678 594 873 650 ctqum
901 583 1020 637 aliis
1062 588 1307 651 prtestitu
1342 598 1496 641 erant
1528 587 1907 656 impossibilia,
1954 587 2068 641 haec
2119 603 2257 655 prm-

678 685 826 729 stare
857 690 1088 743 pronmn
1115 678 1162 729 ei
1197 693 1261 732 ac
1307 679 1546 747 proclive
1579 690 1745 742 esset,
1791 684 2048 750 quodque
2105 681 2252 735 dictu

681 768 979 819 maximum
998 776 1049 821 et
1074 768 1430 823 admiratione
1458 770 1859 839 dignissimum.
1884 772 2137 841 captivus
2170 779 2255 825 te-

682 865 947 929 nrbalttr;
985 879 1161 932 neque
1189 866 1295 918 ulla
1326 868 1369 920 ei
1401 866 1454 920 in
1479 867 1783 922 libertatem
1829 883 1948 922 sese
1972 867 2253 923 asserendi

681 955 913 1011 facultas
949 958 1307 1026 suppetebat;
1360 973 1459 1013 nec
1491 960 1636 1027 quod
1672 974 1737 1013 eo
1768 960 2027 1021 venisset.
2074 976 2138 1015 ex
2177 976 2257 1013 ar-

681 1049 846 1103 bitrio
878 1050 994 1117 ejus
1032 1051 1322 1113 acciderat,
1356 1066 1455 1106 nec
1496 1052 1547 1106 in
1579 1069 1739 1106 manu
1773 1052 1890 1118 ejus
1918 1063 2054 1118 erat,
2088 1053 2253 1107 rebus

680 1143 794 1196 suis
826 1144 999 1207 uti,et
1029 1146 1132 1209 eis,
1164 1146 1255 1200 ubi
1279 1159 1330 1200 et
1365 1162 1473 1215 quo
1508 1146 1667 1201 modo
1719 1147 1906 1206 vellet,
1956 1161 2053 1215 pro
2097 1147 2253 1200 liliitn

684 1234 895 1285 adessm
930 1233 1038 1287 Iste
1064 1245 1263 1301 tamen,
1302 1236 1354 1289 in
1377 1237 1475 1291 lioc
1498 1244 1641 1291 statu
1668 1238 2017 1300 constitutus,
2048 1239 2254 1292 morbis

677 1326 1015 1385 medebatur.
1050 1336 1105 1381 et
1154 1326 1411 1381 facillime
1476 1330 1732 1383 restituta
1796 1328 2032 1383 sanitate
2064 1328 2132 1382 ab
2159 1328 2257 1382 ad-

676 1432 835 1468 versa
889 1417 1206 1471 valetudine
1257 1418 1542 1481 liberabat,
1601 1426 1655 1472 et
1700 1433 1822 1487 quae
1882 1418 2009 1486 quis
2070 1418 2255 1471 iuliae

684 1508 795 1559 vita
822 1516 1012 1576 cptare
1042 1516 1271 1577 poterat,
1304 1509 1710 1577 promptissime
1735 1508 2088 1579 largiebatur.

756 1600 876 1651 llaec
906 1608 957 1651 et
993 1598 1095 1651 alia
1122 1599 1285 1666 hujus
1313 1599 1527 1667 generis
1580 1599 1821 1667 Spiritus
1854 1598 1983 1651 fecit
2026 1597 2079 1651 in
2125 1612 2255 1666 apo-

681 1691 857 1754 stolis,
896 1706 1017 1758 quae
1041 1692 1083 1745 si
1115 1707 1215 1762 pro
1257 1692 1519 1760 dignitate
1545 1691 1687 1745 dicta
1710 1700 1764 1745 et
1792 1691 2066 1745 celebrata
2096 1698 2249 1752 sunt,

680 1786 849 1855 pratia
890 1788 1115 1857 Spiritui
1154 1806 1165 1843 :
1204 1789 1248 1842 si
1285 1798 1487 1852 autem,
1519 1788 1657 1857 quod
1704 1788 1877 1857 magis
1905 1789 2172 1855 suspicor,
2222 1801 2250 1839 a

678 1881 938 1949 dignitate
973 1896 1151 1934 rerum
1209 1896 1369 1949 quam
1432 1880 1749 1949 longissime
1789 1880 2059 1943 aberravi,
2094 1880 2251 1933 venia

680 1973 812 2024 mihi
844 1974 1020 2038 detur,
1052 1987 1214 2041 quam
1240 1976 1402 2027 etiam
1427 1972 1579 2027 ﬂexis
1603 1974 1831 2042 genibus
1868 1980 1920 2026 et
1952 1972 2098 2024 humi
2129 1988 2254 2039 pro-

676 2063 937 2117 enmbens
962 2075 1116 2131 peto:
1144 2066 1394 2119 conscius
1427 2065 1560 2118 mihi
1587 2081 1729 2129 sum,
1766 2079 1851 2119 me
1881 2065 2249 2127 ntltileorum,

675 2170 796 2220 qum
840 2156 981 2209 vires
1006 2172 1137 2210 mete
1168 2155 1431 2223 ferebant,
1460 2157 1894 2226 praetermisisse.
1938 2154 2048 2209 Vos
2085 2170 2236 2217 vero,

677 2249 981 2313 auditores,
1020 2249 1217 2303 mentis
1248 2261 1442 2305 vesme
1466 2262 1519 2303 et
1551 2249 1835 2303 sententiae
1879 2249 2113 2312 domini,
2157 2248 2251 2318 qui

680 2342 942 2393 hactenus
975 2356 1061 2393 me
1088 2356 1281 2409 magna
1308 2343 1679 2396 benevolentia
1709 2340 2247 2404 audiistis,eatndem

678 2428 743 2477 ad
776 2427 935 2479 tinem
999 2443 1171 2497 usque
1230 2430 1361 2484 mihi
1421 2431 1678 2486 exhibere
1728 2430 2053 2499 dignemini.
2111 2431 2248 2496 Quid

675 2516 913 2582 amplius
951 2517 1134 2571 dicere
1168 2528 1382 2588 oportet
1413 2520 1437 2573 ?

749 2614 867 2663 .lam
910 2610 1108 2664 dudum
1138 2614 1315 2666 sentio
1379 2615 1595 2684 aliquos
1628 2626 1964 2685 exspectare,
2003 2628 2071 2667 an
2139 2629 2248 2667 non

679 2706 956 2771 apostolos
982 2721 1293 2776 comparem
1346 2709 1433 2770 iis,
1463 2708 1561 2777 qui
1593 2725 1655 2762 ex
1688 2711 1837 2763 omni
1881 2724 1997 2762 aevo
2048 2709 2249 2777 pietate

675 2808 729 2847 ιιι
758 2800 956 2850 virtute
975 2798 1314 2852 claruerunt.
1344 2798 1409 2853 Et
1442 2798 1544 2852 hoc
1605 2798 1737 2852 milii
1768 2811 2079 2869 promptutn
2113 2808 2197 2851 est
2233 2816 2249 2854 :

680 2891 866 2943 rutilus
888 2892 1031 2942 enim
1059 2891 1323 2958 apostolis
1350 2891 1417 2943 de
1446 2892 1755 2960 principatu
1806 2893 1951 2946 litem
1987 2894 2250 2957 movebit,

680 2998 855 3050 neque
881 2980 947 3035 de
989 2982 1217 3035 victoria
1247 2984 1622 3050 concertabit;
1659 2984 1751 3038 sed
1806 2998 1998 3038 omnes
2055 2993 2249 3052 sponte

679 3076 898 3136 ('Cllt‘lll,
932 3083 985 3127 et
1021 3074 1207 3142 glorire
1238 3074 1446 3145 primas
1494 3076 1756 3145 apostolis
1790 3076 2055 3130 tribuent.
2091 3059 2247 3142 Quod

2360 604 2505 654 πορα
2535 582 2676 641 εἶναι
2709 585 2969 656 χρῆσθαι,
2997 586 3093 638 καὶ
3127 585 3186 637 τὸ
3208 583 3273 654 δὴ
3308 585 3529 639 πάντων
3584 585 3843 653 μέγιστον
3866 588 3947 638 είέ

2362 681 2488 733 πεῖν
2520 682 2616 734 καὶ
2650 680 2955 749 θαυμάσαι,
2981 676 3267 747 δεσμώτης
3310 676 3411 746 μὲν
3439 673 3527 746 ἦν,
3563 677 3663 730 καὶ
3685 676 3797 729 οὐδ’
3822 679 3947 730 ὅσον

2360 774 2441 834 εἰς
2472 773 2643 842 ἄνδρα
2675 768 2809 844 ἧκεν
2840 769 3129 840 ἐλεύθερον
3178 771 3430 839 μετεῖχεν
3476 768 3685 831 ἀδείας,
3716 766 3827 821 οὐδ’
3856 768 3948 820 ἐπ’

2359 865 2509 933 αὐτῷ
2545 882 2608 933 γε
2638 859 2727 930 ἦν,
2763 865 2884 919 οὐδὲ
2933 866 2995 918 τὸ
3059 865 3241 916 ὲκεῖσε
3293 861 3543 931 ἀφῖχθαι,
3594 860 3706 913 οὐδ’
3737 862 3952 929 αἵρεσις

2361 957 2659 1028 προὺκειτο
2691 960 2806 1019 τοῖς
2833 956 2957 1011 καθ’
2983 956 3149 1009 αὐτὸν
3170 954 3407 1023 χρῆσθαι
3430 953 3680 1023 καὶπρὸς
3716 952 3952 1015 ἐκείνοις

2359 1050 2607 1118 γίνεσθαι
2644 1050 2773 1102 ἔνθα
2806 1050 2872 1103 ἂν
2904 1050 2999 1102 καὶ
3056 1047 3182 1101 καθ’
3211 1047 3269 1100 ὃν
3304 1045 3563 1115 βούληται
3616 1045 3840 1115 τρόπον.
3888 1044 3949 1098 '0

2357 1142 2414 1208 δὲ
2447 1142 2689 1203 τοιοῦτος
2727 1142 2823 1193 καὶ
2862 1140 3007 1193 οὔτω
3058 1140 3169 1193 τῶν
3198 1140 3330 1209 περὶ
3371 1138 3537 1193 αὐτδν
3584 1136 3745 1205 ἔχων,
3785 1154 3949 1202 νοση-

2362 1233 2549 1301 μάτων
2597 1231 2696 1301 μὲν
2727 1231 2953 1298 ἀπέλυε,
3017 1232 3157 1301 πρὸς
3205 1230 3263 1284 δὲ
3322 1230 3516 1296 ὑγείαν
3574 1229 3948 1297 εὐχερέστατα

2360 1325 2626 1392 ἐπανῆγε.
2684 1326 2779 1376 καὶ
2812 1323 2906 1376 τοῦ
2957 1322 3147 1387 κακῶς
3205 1322 3353 1391 ἔχειν
3388 1320 3757 1390 ἀπήλλαττεν,
3796 1322 3888 1373 καὶ
3919 1322 3947 1373 ὅ

2357 1434 2443 1480 τις
2477 1415 2680 1487 μᾶλλον
2710 1416 2820 1469 τῶν
2849 1416 2906 1468 ὲν
2932 1416 3011 1485 τῷ
3037 1413 3137 1485 βίῳ
3160 1415 3380 1468 πάντων
3404 1413 3470 1466 ἂν
3496 1412 3733 1479 εὐξαιτο,
3768 1414 3947 1483 ῥᾷστα

2358 1511 2611 1578 παρεῖχε.

2427 1601 2666 1654 Τοιαῦτα
2701 1601 2794 1653 ἐπὶ
2814 1602 2925 1663 τοῖς
2956 1601 3277 1665 ἀποστόλοις
3314 1600 3411 1655 καὶ
3446 1598 3621 1663 οὑτως
3650 1600 3842 1668 ἔχοντα
3874 1599 3947 1651 τά

2355 1690 2448 1744 τοῦ
2478 1691 2811 1759 Ιινεύματος.
2843 1694 2903 1745 Εἰ
2941 1693 3039 1760 μὲν
3072 1691 3145 1761 μὴ
3175 1692 3274 1759 τῆς
3308 1690 3465 1755 ἀξίας
3488 1691 3563 1755 ὡς
3588 1690 3946 1762 πορρωτάτω

2355 1784 2614 1852 λεχθέντα
2649 1785 2741 1835 καὶ
2768 1784 3099 1854 ὐμνηθέντα,
3131 1783 3208 1853 τῷ
3252 1784 3531 1853 Πνεύματι
3565 1785 3747 1855 χάρις·
3780 1788 3827 1836 εἰ
3863 1785 3943 1850 δ’,

2360 1871 2405 1944 ᾧ
2463 1879 2557 1930 καὶ
2619 1876 2821 1947 μᾶλλον
2897 1878 3144 1946 τίθεμαι,
3202 1881 3567 1950 πορρωτάτω,
3632 1877 3944 1948 συγγνώμη

2363 1970 2556 2037 πρῶτα
2590 1972 2688 2039 μὲν
2714 1972 2928 2024 ἐκεῖθεν
2954 1972 3089 2041 ἡμῖν
3120 1974 3561 2043 καταπέμποιτο,
3585 1974 3678 2028 καὶ
3718 1974 3827 2042 γάρ
3852 1969 3949 2025 οὖν

2362 2066 2491 2133 γόνυ
2519 2065 2689 2117 κλίνω
2720 2066 2814 2117 καὶ
2846 2065 3142 2118 ὑποπεσὼν
3185 2065 3400 2135 δέομαι·
3452 2068 3547 2118 καὶ
3592 2066 3703 2137 γὰρ
3755 2065 3850 2119 τοῦ
3883 2082 3949 2133 γε

2358 2159 2500 2213 κατά
2530 2160 2761 2227 δύναμιν
2804 2160 2904 2213 οὐκ
2948 2160 3221 2214 ἐνέλιπον.
3279 2159 3511 2212 Ἔπειτα
3546 2160 3603 2213 δὲ
3627 2161 3724 2213 καὶ
3759 2160 3945 2228 ὑμεῖς,

2357 2245 2402 2306 ὦ
2433 2252 2717 2323 παρόντες,
2750 2252 2929 2320 κύριοι
2965 2252 3190 2322 γνώμης
3222 2253 3403 2317 ὄντες,
3435 2254 3951 2323 εὐγνωμονέστερον

2357 2345 2506 2414 εῖητέ
2546 2362 2645 2413 μου
2680 2346 2805 2408 τοὺς
2836 2346 3030 2414 λόγους
3064 2345 3389 2412 ἀκηκοότες,
3420 2347 3514 2397 καὶ
3549 2345 3713 2414 μέχρι
3741 2344 3806 2413 δὴ
3853 2346 3952 2398 καὶ

2356 2438 2435 2498 εἰς
2470 2436 2644 2503 πέρας
2670 2436 2996 2499 ἀκούσοντες
3023 2431 3169 2490 εἴτε.
3203 2436 3270 2489 Τί
3298 2438 3359 2504 δή
3402 2454 3492 2507 μοι
3517 2436 3577 2489 τὸ
3608 2438 3700 2489 ἐπὶ
3731 2438 3951 2500 τούτοις

2357 2532 2530 2583 εἰπεῖν
2558 2543 2574 2595 ;

2424 2621 2760 2691 Δὶσθάνομαι
2787 2621 2885 2690 μὲν
2912 2620 3080 2675 πάλαι
3104 2620 3258 2683 τινὰς
3304 2618 3465 2673 τοῦτο
3504 2620 3951 2689 προσδοκῶντας,

2359 2714 2516 2767 εἵπου
2548 2716 2677 2776 τοὺς
2707 2716 3041 2778 ἀποστόλους
3074 2716 3186 2777 τοῖς
3241 2717 3306 2767 ὲκ
3351 2714 3446 2767 τοῦ
3485 2714 3687 2775 παντὸς
3750 2713 3954 2777 αἰῶνος

2359 2809 2444 2860 ἐπ’
2479 2809 2732 2879 εὐσεϐείᾳ.
2762 2811 2859 2863 καὶ
2908 2811 3077 2881 ἀρετῇ
3108 2810 3359 2879 λάμψασι
3400 2808 3799 2877 παραϐάλοιμι,
3851 2809 3955 2859 καὶ

2356 2903 2415 2955 τό
2438 2920 2497 2971 γε
2523 2902 2618 2954 ἀπ’
2653 2900 2787 2970 ἐμοῦ
2817 2904 3117 2973 πρόθυμον.
3143 2904 3329 2964 Οὐδεὶς
3367 2903 3477 2970 γὶρ
3501 2902 3633 2969 ἡμῖν
3656 2900 3765 2953 τῶν
3793 2917 3955 2969 πρω-

2357 3000 2520 3049 τείων
2554 2995 2991 3065 ἀμφισϐητήσει,
3046 2994 3167 3047 οὐδὲ
3223 2996 3549 3061 ἀγωνιεῖται
3579 2992 3713 3062 περὶ
3732 2991 3831 3060 τῆς
3867 2988 3950 3041 νε-

2356 3107 2479 3151 κης,
2514 3088 2651 3156 πλὴν
2676 3089 2757 3139 ὅτι
2791 3087 2887 3140 καὶ
2912 3086 3195 3151 ὑπείξουσι
3218 3086 3445 3149 πάντες,
3480 3087 3577 3137 καλ⁵
3605 3081 3955 3152 παραχωρή-

684 3168 814 3219 mihi
852 3169 934 3221 vel
966 3168 1201 3222 maxime
1235 3166 1555 3237 persuadet,
1586 3176 1843 3222 conatum
1902 3168 2049 3221 hunc
2095 3184 2247 3223 com-
2274 3173 2319 3230 ο

2281 3173 2319 3230 Β
2358 3198 2513 3234 σουσι
2565 3183 2680 3241 τοῖς
2724 3179 3048 3241 ἀποστόλοις
3093 3178 3195 3246 τῆς
3249 3176 3427 3247 δόξης.
3497 3176 3628 3246 Ἐμὲ
3674 3176 3732 3229 δὲ
3783 3175 3953 3228 τοῦτο

682 3260 1002 3324 partitionis,
1064 3275 1170 3313 non
1232 3275 1355 3313 esse
1413 3259 1594 3313 studio
1656 3274 1854 3328 magno
1896 3260 2143 3329 dignum.
2192 3260 2251 3315 Si

676 3351 820 3403 enim
854 3366 957 3404 non
985 3360 1191 3419 pateret
1227 3352 1508 3412 omnibus,
1545 3353 1693 3420 quod
1730 3350 1838 3407 illis
1866 3352 2172 3406 decantatis
2195 3361 2251 3406 ct

678 3443 967 3497 celebratis
1025 3443 1094 3497 ab
1149 3444 1405 3497 omnibus
1438 3446 1778 3506 conceditur,
1835 3442 2019 3497 forsan
2070 3444 2249 3499 oratio

679 3534 880 3603 aliquid
954 3535 1242 3589 levamenti
1292 3536 1629 3599 invenisset;
1678 3548 1804 3588 cum
1858 3548 1989 3586 vero
2055 3535 2249 3589 borum

681 3628 917 3696 dignitas
948 3637 1001 3683 et
1034 3627 1303 3683 celsitudo
1334 3644 1441 3682 non
1474 3630 1639 3688 sinat,
1680 3636 1737 3681 ut
1768 3643 2098 3696 quemquam
2124 3639 2251 3681 ante

686 3721 806 3773 illo;
835 3722 1192 3784 admiremur,
1225 3735 1527 3791 omnesque
1555 3720 1663 3773 illis
1698 3721 1857 3785 quasi
1885 3721 1949 3774 de
1970 3721 2056 3773 via
2091 3722 2253 3774 dece-

685 3813 837 3874 dant,
875 3811 1005 3879 quid
1041 3812 1164 3879 quis
1196 3811 1425 3863 dicendo
1480 3809 1717 3876 amplius
1757 3808 2019 3873 cllecerit,
2085 3824 2250 3878 quam

687 3917 745 3955 ιιι
775 3902 1085 3972 superﬂuus
1114 3902 1411 3970 judicetnr,
1436 3902 1657 3970 quando
1686 3901 1853 3954 etiam
1886 3901 1984 3963 illi,
2013 3902 2108 3971 qui
2160 3916 2251 3970 pe-

687 3998 838 4049 nitus
893 3996 1038 4057 silet,
1091 3994 1171 4049 fas
1202 4002 1306 4056 cst,
1368 3993 1573 4062 absque
1636 3994 1742 4045 ulla
1792 3994 2249 4060 contradictione,

688 4091 935 4140 Ofl‘llllllll
980 4088 1228 4148 calculis,
1259 4091 1465 4155 primas
1497 4085 1753 4154 apostolis
1807 4086 2066 4153 elargiri?
2116 4088 2251 4142 Nul-

686 4180 796 4231 lwn
833 4178 977 4231 enim
1018 4193 1081 4231 ex
1107 4176 1254 4229 omni
1284 4174 1594 4228 mortalium
1622 4188 1850 4228 numero
1874 4174 2118 4228 invenire
2145 4183 2249 4239 est,

682 4274 774 4337 qui
809 4285 931 4321 cum
977 4268 1439 4336 auditapostolos
1494 4267 1817 4337 coryplueos
1874 4274 1930 4321 ct
1971 4270 2251 4337 principes

687 4363 983 4429 ιιυηιῑιιςιιί,
1011 4362 1193 4415 animo
1224 4375 1333 4414 non
1389 4361 1572 4412 statim
1605 4367 1881 4427 assurgat,
1908 4360 2254 4427 pronuntiet-

691 4470 798 4525 quc
853 4470 948 4510 eos
982 4454 1224 4507 omnium
1254 4452 1484 4506 aliorum
1530 4462 1845 4521 coryphach
1875 4458 1929 4505 et
1980 4450 2251 4520 principes

681 4560 709 4598 ε
716 4558 767 4599 Si
773 4559 825 4597 (‘0

755 4635 817 4689 Et
850 4639 963 4690 lucc
1000 4635 1212 4706 vulgata
1246 4643 1327 4690 est
1362 4633 1504 4705 apud
1541 4636 1680 4703 pios,
1704 4642 1759 4689 et
1814 4635 2057 4688 omnium
2091 4635 2251 4689 tutis-

684 4731 823 4784 sima
879 4732 1189 4798 persuasio,
1227 4729 1499 4783 neminem
1536 4728 1879 4792 mortalium,
1921 4742 2253 4797 quocunque

686 4822 933 4874 tandem.
981 4830 1123 4874 statu
1186 4819 1519 4889 insignium,
1590 4819 1855 4887 apostolis
1921 4818 2252 4887 aequiparari

687 4927 870 4983 posse.
920 4910 1037 4967 Non
1063 4912 1207 4967 enim
1262 4926 1382 4976 eos,
1415 4910 1508 4980 qui
1541 4910 1741 4964 acriter
1792 4924 1907 4964 rem
1955 4910 2255 4979 diiudicare

689 5015 911 5071 rorunt,
946 5008 1125 5067 decet,
1178 5014 1235 5058 ut
1274 5019 1396 5059 cum
1452 5009 1822 5073 apostolorum
1858 5004 2064 5057 mentio
2120 5004 2257 5057 inci-

689 5098 792 5159 dit,
825 5099 1099 5151 adducant
1131 5097 1286 5161 alios,
1319 5097 1679 5153 admiratione
1743 5094 1988 5164 quidem,
2020 5096 2114 5151 sed
2150 5112 2257 5149 non

691 5191 861 5245 instar
894 5193 1148 5255 istorum,
1178 5190 1393 5259 dignos.
1422 5190 1548 5260 quia
1574 5189 1659 5242 lllS
1690 5201 1906 5255 quoque
1939 5187 1992 5240 in
2024 5203 2255 5258 compa-

692 5284 960 5337 rationem
996 5284 1273 5347 adductis,
1307 5282 1535 5352 apostoli
1560 5280 1989 5335 exet-llentiores
2031 5294 2259 5349 appare-

694 5373 830 5426 bunt
862 5389 877 5437 ;
909 5373 1369 5440 quemadmodum
1404 5384 1456 5427 et
1502 5374 1606 5427 ltoc
1648 5374 1701 5427 in
1734 5374 1927 5443 primis
1989 5372 2261 5439 aposmli-

696 5478 817 5515 cum
851 5471 953 5526 est,
981 5462 1127 5516 omni
1158 5462 1432 5515 industria
1461 5480 1489 5516 a
1515 5464 1655 5525 initi,
1698 5471 1759 5516 ut
1807 5460 2068 5515 omnibus
2103 5470 2260 5513 ante-

698 5554 919 5618 ccllant,
954 5562 1010 5607 ut
1038 5554 1108 5609 ob
1147 5554 1575 5623 magnitudinem
1598 5564 1651 5609 ct
1676 5554 2086 5609 multitudinem
2114 5562 2263 5607 recte

700 5647 970 5703 factorum
991 5647 1173 5703 nullus
1190 5649 1414 5703 omnino
1446 5648 1538 5703 ulli
1562 5649 1957 5717 comparationi
1988 5649 2266 5717 relinqua-

700 5744 790 5791 tur
826 5741 999 5791 locus.
1030 5734 1218 5804 Neque
1243 5736 1289 5791 si
1322 5737 1486 5790 Solem
1510 5738 1563 5790 in
1597 5738 1836 5793 mediam
1870 5740 2259 5807 producamus,

701 5838 757 5885 cl
809 5844 931 5885 cum
989 5828 1233 5899 qualibet
1281 5828 1435 5882 sle-I73
1480 5829 1830 5885 confernnus
1884 5840 1937 5885 et
2000 5838 2257 5886 accurate

2276 4531 2331 4591 D

2364 3275 2604 3341 μάλιστα
2649 3274 2816 3343 μηδέν
2845 3290 2897 3325 τι
2931 3272 3226 3325 σπουδαῖον
3254 3265 3394 3324 εἴναι
3442 3269 3503 3323 τὸ
3546 3270 3779 3339 πρᾶγμα
3825 3270 3955 3321 πεί-

2361 3364 2462 3416 θει.
2495 3363 2557 3416 Εἰ
2592 3365 2700 3430 γὰρ
2741 3363 2816 3432 μὴ
2852 3361 3117 3429 πρόδηλον
3154 3364 3322 3415 πᾶσιν
3353 3357 3419 3431 ἧν
3452 3360 3513 3413 τὸ
3542 3359 3694 3429 παρὰ
3726 3359 3956 3413 πάντων

2361 3456 2790 3525 συγκεχωρηκὸς
2842 3455 2956 3516 τοῖς
2990 3453 3457 3524 εὐφημουμένοις,
3520 3454 3662 3519 τάχα
3694 3453 3760 3506 ἄν
3824 3469 3955 3503 τινα

2359 3545 2456 3595 καὶ
2488 3543 2845 3612 παραμυθίαν
2877 3543 3036 3597 τοῦτο
3062 3543 3140 3613 τῷ
3198 3543 3343 3613 λόγῳ
3399 3541 3747 3611 παρείχετο.’
3788 3542 3954 3596 Ἐπεὶ

2358 3634 2415 3688 δὲ
2436 3635 2495 3687 τὸ
2526 3634 2732 3687 τούτων
2764 3635 2984 3703 ἀξίωμα
3018 3634 3115 3687 κα¹ι
3138 3635 3197 3686 τὸ
3230 3633 3363 3703 ὕψος
3390 3634 3496 3701 πρὸ
3526 3634 3707 3687 αὐτῶν
3751 3632 3953 3687 οὐδένα

2361 3726 2666 3796 θαυμάζειν
2694 3726 2779 3797 ἐᾷ,
2814 3727 2908 3778 καὶ
2961 3725 3167 3787 πάντες
3198 3724 3382 3787 αὐτοῖς
3431 3724 3847 3790 ὐπεξίστανται,
3892 3725 3953 3778 τί

2359 3833 2444 3878 τις
2479 3816 2545 3869 ἂν
2574 3816 2735 3868 πλέον
2792 3814 2939 3880 δόξαι
2995 3817 3194 3880 ποιεῖν,
3232 3818 3263 3883 ἢ
3300 3806 3353 3869 τί
3411 3815 3472 3882 δή
3504 3833 3633 3869 ποτε
3685 3817 3953 3885 περιττὸς

2360 3904 2498 3960 εἶναι
2531 3906 2818 3975 βουληθείη
2867 3907 2977 3969 τοῖς
3010 3906 3211 3973 λόγοις,
3247 3906 3409 3961 ὁπότε
3441 3907 3537 3959 καὶ
3596 3907 3765 3976 μηῖὲν
3815 3910 3955 3980 περὶ

2358 3999 2553 4052 τούτου
2578 4016 2642 4064 γε
2682 4001 2892 4051 εἰπόντι
2925 3999 3186 4068 πρόσεστι
3219 3998 3281 4051 τδ
3319 3998 3531 4061 πάντας
3569 4000 3754 4063 αὐτοῖς
3785 4001 3955 4054 ἀναν-

2359 4093 2634 4162 τιῤῥὴτιυς
2657 4092 2722 4144 τὰ
2746 4091 2939 4159 πρῶτα
2976 4092 3085 4142 τῶν
3114 4091 3314 4159 ψήφων
3343 4091 3530 4158 νέμειν
3554 4106 3569 4157 ;
3601 4092 3695 4143 καὶ
3723 4091 3833 4161 γάρ
3863 4110 3956 4148 τοι

2360 4183 2455 4235 καὶ
2484 4182 2659 4234 οὐδενὶ
2685 4182 2796 4233 τῶν
2824 4180 3085 4235 ἁπάντων
3135 4180 3254 4234 ἔστι
3317 4183 3659 4251 περιτυχεῖν,
3708 4180 3766 4245 ὃς
3817 4182 3955 4247 τοὺς

2361 4275 2699 4344 κορυφαίους
2731 4273 2843 4327 τῶν
2882 4273 3201 4326 ἀποστόλων
3246 4274 3510 4339 ἀκούσας,
3551 4275 3651 4327 οὐκ
3683 4274 3850 4337 εὐθὺς
3879 4279 3955 4344 τῇ

2364 4366 2510 4437 ψυχῇ
2534 4366 2893 4429 διανίσταται,
2924 4365 3019 4418 καὶ
3048 4365 3159 4418 τῶν
3187 4362 3366 4420 ἄλλων
3399 4364 3654 4418 ἁπάντων
3702 4366 3955 4434 ἀποφαίο

2358 4475 2511 4512 νεται
2560 4456 2909 4527 κορυφαίους.

2426 4635 2537 4689 Καὶ
2568 4634 2869 4706 δημοτελὴς
2900 4632 3042 4702 αὕτη
3083 4633 3148 4702 δὴ
3174 4634 3300 4699 δόξα
3340 4632 3497 4703 παρά
3537 4636 3650 4698 τοῖς
3697 4634 3957 4693 εὐσεϐέσι

2357 4726 2454 4779 καὶ
2484 4726 2875 4796 ἀσφαλέστατα
2903 4727 3096 4778 πασῶν
3127 4725 3354 4795 ἔχουσα,
3383 4725 3590 4796 μηδένα
3622 4726 3735 4779 τῶν
3769 4728 3829 4778 ὲν
3851 4728 3958 4798 οἴῳ

2358 4819 2423 4887 δή
2451 4834 2560 4871 τινι
2592 4818 2738 4871 τέλει
2759 4817 3221 4886 κατειλεγμένων,
3270 4816 3397 4887 μηδ’
3452 4817 3633 4882 ὲξίσου
3663 4821 3780 4880 τοῖς
3811 4822 3957 4873 ἀπο-

2366 4913 2576 4977 στόλοις
2611 4913 2896 4981 γίγνεσθαι
2946 4914 3116 4982 ἔχειν.
3144 4912 3220 4966 Οὐ
3265 4912 3375 4981 γὰρ
3409 4914 3588 4966 ἐκεῖνό
3617 4932 3684 4982 γε
3733 4914 3849 4968 τῶν
3885 4918 3960 4970 τὰ.

2364 5008 2587 5076 ἀσφαλῆ
2616 5007 2826 5074 κρίνειν
2869 5006 3107 5071 εἰδότων,
3158 5006 3293 5059 ὅπου
3322 5005 3388 5076 δὴ
3418 5008 3607 5075 καιρὸς
3637 5007 3748 5059 τῶν
3812 5010 3958 5061 ἀπο-

2367 5097 2575 5149 στόλων
2631 5096 2966 5166 μεμνῆσθαι,
3019 5095 3113 5149 καί
3162 5113 3317 5158 τινας
3376 5097 3601 5165 ἐτέρους
3649 5100 3957 5166 παράγειν,

2367 5188 2496 5242 ἄλλο
2523 5204 2581 5240 τε
2614 5187 2681 5240 ἂν
2719 5190 2813 5239 καὶ
2850 5192 2925 5257 μὴ
2967 5189 3109 5242 κατά
3147 5187 3322 5240 ταῦτα
3354 5187 3957 5258 θαυμασθησομένους,

2366 5278 2438 5339 ὡς
2467 5278 2531 5341 δὴ
2561 5280 2625 5347 τῇ
2650 5279 2856 5330 τούτων
2889 5278 3215 5348 παραθέσει.
3245 5276 3355 5331 τῶν
3378 5277 3704 5331 ἀποστόλων
3739 5282 3804 5333 τὸ
3836 5284 3960 5351 μεῖ-

2369 5368 2462 5432 ζον
2498 5368 2726 5433 ἐξόντων
2755 5368 2943 5438 ὥσπερ
2972 5370 3094 5422 οὐδὲ
3122 5369 3283 5422 τοῦτό
3312 5386 3376 5437 γε
3401 5370 3511 5423 τῶν
3535 5370 3859 5424 ἀποστόλων
3893 5374 3961 5427 τδ

2372 5463 2449 5530 μὴ
2475 5463 2655 5515 πᾶσαν
2688 5460 2881 5513 θέσθαι
2905 5460 3169 5532 σπουδὴν,
3197 5462 3409 5524 πάντας
3460 5462 3519 5515 ὲν
3555 5464 3727 5515 πᾶσιν
3780 5464 3955 5535 ὑπερ-

2371 5554 2653 5618 6αλέσθαι,
2683 5554 2759 5617 ὡς
2800 5554 2989 5625 μηδενὶ
3045 5554 3242 5608 διδόναι
3264 5555 3345 5622 τῷ
3381 5554 3605 5625 μεγέθει
3632 5556 3730 5608 καὶ
3760 5557 3959 5626 πλήθει

2370 5646 2477 5699 τῶν
2508 5646 2984 5714 κατωρθωμένων,
3015 5646 3379 5715 παραθέσεως
3417 5648 3554 5714 πρὸς
3598 5646 3805 5709 αὐτοὺς
3846 5650 3956 5717 χώ-

2376 5755 2495 5805 ραν.
2524 5737 2734 5790 Οὐκοῦν
2762 5737 2883 5790 οὐδὲ
2907 5736 2998 5790 τὸν
3019 5738 3174 5807 ἥλιον
3210 5739 3563 5808 περιάγοντες
3594 5740 3692 5789 καὶ
3732 5741 3954 5807 ἑκάστῳ

2372 5830 2479 5883 τῶν
2510 5830 2756 5896 ἀστέρων
2814 5829 3205 5894 παρατιθέντες
3250 5846 3309 5882 τε
3359 5830 3453 5883 καὶ
3496 5829 3953 5892 ἀντεξετάζοντες
