4234 6446
245 392 388 460 1101

1257 392 1670 454 ENCOMIUM
1715 391 1799 449 SS
1859 389 2089 448 PETRI
2125 389 2219 448 ET
2270 387 2526 448 PAULI.

3405 387 3429 448 1
3441 386 3542 450 102

247 505 528 575 γελμένης
571 505 689 574 ἅμα
723 511 801 576 τῷ
829 506 1079 576 Δεσπότῃ
1121 504 1414 576 καθέδρας,
1449 505 1556 557 τίνι
1612 503 1835 565 πλείους

1955 503 2094 554 ιιιίηο
2129 501 2396 563 promissa
2430 499 2700 562 sessione,
2744 500 2871 568 quis
2915 497 3166 568 pluribus
3225 508 3278 553 et
3314 499 3542 567 majori-

247 598 496 662 δοξουσιν
526 599 560 668 ἢ
597 597 822 668 μείζους
856 600 1142 667 προσεῖναι
1176 617 1188 662 ;

324 692 635 762 Στρατηγοὶ
675 692 815 761 μετὰ
863 691 1111 755 τούτους,
1148 693 1242 746 καὶ
1276 693 1376 745 ὅσα
1429 692 1539 744 τῶν
1583 695 1838 762 ήγεμονι-

249 785 366 836 κῶν
394 784 684 854 ὀνομάτων
736 783 805 836 τά
855 785 1073 853 μεγάλα
1112 786 1438 855 χειρίζουσι,
1487 786 1738 853 πολέμων
1765 787 1840 836 ol-

249 876 519 945 κονομίας
548 875 613 946 δὴ
638 876 805 944 λέγω,
849 877 944 928 καὶ
989 878 1369 945 στρατοπέδων
1402 877 1747 945 καταλόγους
1782 894 1842 929 τε

249 967 349 1018 καὶ
391 967 697 1032 συντάξεις,
746 968 826 1019 ἔτι
874 985 933 1019 τε
974 969 1154 1038 μάχης
1184 969 1402 1036 ἀγῶνας
1435 969 1839 1033 παντοδαποὺς,

249 1061 348 1112 καὶ
377 1060 589 1112 πόλεων
621 1059 944 1129 πολιορκίας
969 1079 1028 1113 τε
1059 1064 1153 1115 καὶ
1185 1061 1439 1126 ἁλώσεις,
1468 1064 1563 1115 καὶ
1588 1063 1688 1116 ὅσα
1718 1061 1844 1132 περὶ

249 1154 409 1215 νὶκας
444 1155 539 1207 καὶ
568 1156 812 1223 τρόπαια
843 1156 938 1208 καὶ
976 1155 1075 1226 τὴν
1106 1155 1274 1225 ἀλλην
1320 1157 1639 1222 ὲξετάζεται
1673 1156 1843 1209 λείαν.

251 1247 496 1313 Οὐκοῦν,
535 1248 712 1310 οὐδεὶς
742 1248 852 1300 τῶν
900 1249 1221 1301 ἀποστόλων
1275 1250 1561 1317 παρόντων
1609 1265 1848 1317 στρατη-

251 1341 384 1408 γίαν
416 1340 724 1410 κομπάσει.
744 1340 821 1392 Οὐ
851 1343 962 1409 γὰρ
994 1343 1124 1411 περὶ
1157 1341 1394 1410 μικρῶν,
1425 1341 1544 1398 οὐδὲ
1573 1343 1706 1412 πρὸς
1737 1342 1848 1394 ὀλί-

251 1450 410 1500 γους,
443 1433 476 1504 ῆ
513 1433 634 1502 μετ’
657 1433 880 1501 ὀλίγων,
916 1432 949 1503 ἢ
991 1434 1080 1486 ἐπ’
1108 1434 1292 1500 ὀλίγον
1323 1436 1506 1496 αὐτοῖς
1535 1437 1562 1488 ό
1587 1436 1847 1504 πόλεμοτ,

253 1527 397 1579 ἀ).λά
455 1527 589 1595 περὶ
622 1524 910 1594 βασιλείας
943 1527 1220 1580 ἀθανάτου
1271 1527 1381 1579 τῶν
1429 1529 1682 1598 οὐρανῶν
1711 1569 1724 1591 ,
1756 1532 1850 1583 καὶ

257 1620 402 1690 πρὸς
442 1620 629 1681 πάσας
661 1621 758 1681 τὰς
786 1618 882 1672 τοῦ
912 1620 1138 1683 σκότους
1169 1621 1369 1689 ἀρχὰς,
1408 1624 1502 1676 καὶ
1560 1621 1678 1690 μεθ’
1707 1624 1850 1676 ὅσων

255 1719 286 1767 ὁ
309 1717 516 1783 κόσμος
548 1713 857 1783 ἀνθρώπων
888 1715 1046 1783 φέρει
1079 1717 1175 1769 καὶ
1213 1716 1300 1783 ἐφ’
1340 1716 1464 1769 ὅσον
1495 1715 1560 1770 ἂν
1589 1718 1854 1788 πρῃκραί-

257 1824 346 1858 νοι
388 1806 456 1857 τά
504 1806 604 1875 τῆς
645 1806 939 1875 γενέσεως.
992 1806 1067 1857 Οὺ
1124 1803 1231 1875 γὰρ
1275 1806 1493 1875 ἄδηλον,
1526 1807 1608 1859 ὅτι
1637 1809 1733 1860 καὶ
1760 1809 1854 1860 νῦν

263 1898 672 1970 στρατηγοῦσιν

341 2084 459 2136 Οὐκ
507 2081 707 2150 ἀτιμον
747 2081 887 2150 μετά
935 2080 1161 2145 τούτους
1207 2083 1319 2151 ὁρῶ
1347 2085 1539 2154 χρῆμα
1568 2085 1660 2138 τὸν
1699 2104 1863 2157 στρα-

264 2178 496 2244 τιώτην.
530 2175 639 2228 Καὶ
683 2175 791 2243 γὰρ
848 2173 1082 2227 ἔκτοπον
1130 2170 1284 2239 οὗτος
1336 2176 1517 2246 θέαμα
1555 2180 1650 2232 σὺν
1677 2179 1863 2241 ὅπλοις

265 2271 569 2340 ὁρώμενος,
607 2272 702 2320 καὶ
757 2269 870 2329 τοῖς
931 2270 1145 2339 ἐχθροῖς
1199 2270 1281 2332 είς
1343 2274 1534 2340 χεῖρας
1589 2274 1706 2327 ἰών.
1757 2274 1863 2326 Καὶ

264 2363 432 2416 τοῦτο
479 2364 536 2416 δὲ
577 2362 660 2425 τίς
695 2364 794 2416 οὐκ
846 2363 913 2417 ἂν
942 2363 1057 2432 δοίη
1087 2365 1200 2426 τοῖς
1239 2364 1607 2433 ἀποστόλοις;
1646 2368 1720 2420 Ού
1757 2369 1864 2437 γὰρ

265 2458 420 2518 ὅπως
470 2457 599 2518 τοὺς
646 2457 842 2518 ἄλλους
897 2457 1035 2526 πρὸς
1069 2458 1164 2509 τὸν
1197 2461 1583 2528 πνευματικὸν
1616 2461 1862 2531 παραθή-

265 2567 462 2616 γοντες
495 2550 757 2617 πόλεμον,
812 2551 966 2603 αὐτοί
1001 2568 1062 2618 γε
1098 2552 1340 2620 ἠμέλουν
1366 2594 1381 2618 ,
1420 2553 1556 2607 ἀλλά
1597 2559 1693 2609 καὶ
1732 2558 1858 2610 καθ’

265 2643 470 2703 αὐτοὺς
505 2643 930 2713 παρετάττοντο.
981 2643 1353 2697 Ἐδεδοίκεσαν
1387 2646 1520 2717 γὰρ,
1572 2647 1649 2711 ὡς
1682 2650 1862 2702 αὐτῶν

264 2734 386 2785 ἔστι
420 2733 692 2801 λεγόντων
743 2733 986 2796 ἀκούειν,
1043 2736 1246 2804 μήπως
1290 2737 1472 2800 ἀλλοις
1503 2739 1861 2808 κηρύξαντες,

271 2825 454 2889 αὐτοὶ,
483 2826 560 2895 τῷ
604 2825 673 2879 δι’
707 2827 948 2888 ἐκείνους
987 2827 1182 2898 θάρρει
1226 2829 1577 2899 ψευσθέντες,
1610 2833 1863 2902 ἀδόκιμοι

265 2922 561 2984 γένωνται.
599 2921 712 2973 Καὶ
761 2920 868 2989 μὴν
915 2923 1011 2974 καὶ
1039 2921 1300 2993 ἀριστεὺς
1338 2926 1674 2994 στρατιώτου
1705 2944 1862 2996 περι-

265 3013 628 3081 φανέστερος.
663 3012 728 3063 Τί
756 3013 864 3082 γὰρ
897 3013 1091 3066 τούτου
1121 3014 1325 3083 μᾶλλον
1353 3016 1418 3069 ἄν
1448 3034 1534 3078 τις
1567 3018 1861 3087 ἀγάσαιτο,

266 3106 530 3174 φάλαγγα
575 3105 688 3157 τῶν
719 3107 983 3159 ἐναντίων
1021 3107 1344 3177 ρηγνύντος,
1377 3111 1474 3163 καὶ
1509 3114 1721 3182 τροπὴν
1762 3116 1862 3167 αύ-

263 3200 377 3252 τῶν
425 3199 780 3269 ποιουμένου,
818 3200 915 3253 καὶ
967 3203 1229 3265 νικῶντος
1257 3245 1270 3268 ,
1306 3207 1419 3266 τοῖς
1459 3206 1600 3268 ὅλοις
1649 3208 1746 3258 καὶ
1786 3209 1866 3260 οἰ·

1945 593 2047 647 bus
2075 594 2386 647 cumulatus
2422 592 2524 645 fttit
2547 593 2581 658 ’ί

2018 684 2147 738 Post
2181 701 2338 754 reges
2377 693 2682 753 sequuntur
2744 683 2869 739 belli
2927 681 3120 747 duces,
3167 690 3220 736 ct
3269 691 3543 750 quntqum

1946 779 2176 834 illustria
2211 779 2588 848 praefectorum
2620 779 2940 833 militarium
2980 778 3199 832 nomina
3255 788 3304 831 et
3350 776 3539 831 munia

1947 882 2165 941 gerunt,
2205 872 2470 926 bellorum
2527 871 2958 935 administratio,
3011 872 3263 940 inquam,
3327 869 3542 924 exerci-

1950 971 2101 1015 tunm
2135 964 2369 1033 catalogi
2403 975 2454 1018 et
2488 958 2733 1026 ordines,
2791 965 2943 1018 varia
2999 949 3308 1032 pugnarum
3358 973 3538 1017 certa-

1952 1057 2122 1118 mina,
2162 1055 2385 1109 urbium
2429 1055 2748 1111 obsidiones
2801 1068 2855 1111 et
2920 1056 3333 1125 occupationes,
3367 1063 3420 1108 et
3469 1067 3534 1106 ea

1951 1165 2072 1217 quae
2104 1148 2167 1200 ad
2231 1149 2510 1209 victorias,
2564 1150 2629 1202 ad
2681 1158 2885 1219 tropaea
2913 1156 2968 1203 et
3001 1149 3064 1204 ad
3102 1157 3353 1204 ceteram
3401 1162 3542 1212 pra:-

1951 1241 2076 1294 dam
2133 1240 2428 1307 pertinent.
2486 1242 2551 1294 At
2629 1243 2776 1297 enim
2857 1243 3215 1311 praesentibus
3281 1243 3543 1310 apostolis

1955 1351 2114 1389 nemo
2145 1336 2212 1390 de
2264 1351 2322 1390 re
2366 1335 2562 1390 hellica
2601 1335 2759 1391 facile
2807 1351 2864 1392 se
2892 1335 3229 1405 jactaverit:
3263 1351 3369 1390 non
3395 1335 3541 1388 enim

1957 1429 2056 1481 fuit
2101 1429 2208 1481 illis
2239 1429 2445 1483 bellum
2507 1429 2574 1483 de
2606 1429 2772 1510 rebus
2825 1430 3064 1500 exiguis,
3120 1445 3298 1498 neque
3351 1436 3542 1482 contra

1957 1536 2182 1590 paucos,
2215 1537 2394 1591 neque
2428 1537 2552 1576 cum
2588 1523 2798 1591 paucis,
2840 1538 3018 1592 neque
3053 1536 3230 1591 pauco
3276 1530 3543 1589 tempore.

1958 1617 2054 1670 sed
2127 1616 2195 1670 de
2255 1616 2551 1682 immortali
2609 1617 2874 1670 ccelorum
2932 1631 3122 1686 regno,
3163 1623 3219 1669 et
3280 1617 3544 1669 adversus

1959 1722 2150 1762 omnes
2216 1707 2568 1761 tenebrarmn
2626 1716 2951 1776 potestates.
2990 1719 3046 1761 et
3077 1722 3202 1760 cum
3265 1714 3365 1768 tot.
3415 1714 3546 1774 quot

1960 1801 2200 1854 mundus
2229 1799 2480 1855 homines
2510 1809 2853 1868 progenerat,
2887 1810 2940 1854 et
2992 1815 3278 1870 quousque
3318 1814 3546 1869 genera-

1890 1890 1938 1952 B
1970 1895 2042 1947 tio
2075 1893 2357 1949 hOminntn
2401 1894 2579 1947 durat.
2616 1893 2734 1948 Non
2765 1895 2910 1948 enim
2975 1894 3270 1949 obscurum
3301 1902 3408 1960 est,
3450 1909 3547 1949 eos

1967 1989 2131 2043 etiam
2174 2003 2321 2042 nunc
2371 1988 2632 2043 militare.

2037 2079 2167 2135 Post
2198 2082 2298 2136 hos
2344 2084 2596 2151 sequitur
2627 2082 2806 2144 miles,
2834 2083 2976 2136 hami
3011 2083 3251 2153 ignobile
3278 2092 3332 2139 et
3385 2083 3546 2136 inho-

1969 2155 2162 2229 norum
2190 2190 2386 2227 nomen
2412 2193 2425 2228 :
2462 2174 2674 2240 insigne
2697 2175 2838 2229 enim
2862 2175 3238 2244 spectaculum
3263 2183 3348 2231 est
3368 2176 3548 2230 videre

1968 2278 2238 2322 armatqu
2268 2268 2493 2321 militem
2519 2268 2572 2320 in
2598 2267 2782 2322 hostes
2807 2277 2953 2322 recta
2979 2268 3312 2322 tendentem.
3343 2269 3406 2322 Et
3427 2269 3547 2337 quis

1969 2363 2107 2416 hanc
2145 2360 2355 2414 Iaudem
2405 2360 2669 2429 apostolis
2709 2376 2812 2414 non
2844 2361 3222 2415 concesserit?
3254 2359 3373 2415 Non
3405 2362 3548 2415 enim

1968 2454 2104 2508 alios
2138 2455 2191 2508 in
2234 2454 2436 2508 bellum
2470 2453 2756 2524 spirituale
2781 2455 3069 2516 acuebant,
3109 2455 3211 2523 ipsi
3244 2469 3370 2508 vero
3409 2454 3542 2506 otia-

1969 2548 2190 2612 bantur,
2232 2551 2323 2603 sed
2352 2559 2405 2602 et
2439 2549 2652 2618 seipsos
2693 2548 2942 2602 hostibus
2981 2548 3335 2616 objiciebant.
3370 2545 3548 2600 Tune'

1967 2639 2099 2693 bant
2124 2656 2382 2711 namque,
2419 2650 2477 2694 ut
2510 2641 2726 2708 ipsimet
2758 2650 3053 2702 testantur,
3097 2656 3166 2696 ne
3196 2642 3319 2695 aliis
3354 2641 3546 2709 praediv

1968 2744 2156 2791 cantes
2174 2736 2300 2804 ipsi,
2320 2735 2542 2805 proprio
2559 2735 2752 2790 robore
2771 2735 2916 2798 falsi.
2932 2734 3280 2791 edicerentur
3302 2735 3531 2802 improbi

1967 2829 2125 2896 Atqui
2206 2827 2378 2882 milite
2443 2827 2710 2882 illustrior
2757 2837 2863 2891 est,
2898 2829 2994 2896 qui
3045 2829 3260 2884 facinus
3301 2829 3551 2884 omnium

1967 2920 2448 2987 praeclarissimum
2516 2921 2739 2974 edidit:
2779 2935 2942 2989 quem
3009 2921 3154 2975 enim
3220 2922 3347 2991 quis
3383 2922 3549 2991 magis

1968 3013 2235 3081 inspiciat
2267 3013 2393 3076 isto,
2429 3015 2522 3082 qui
2573 3011 2893 3082 phalangem
2927 3013 3181 3068 hostilem
3227 3019 3534 3082 perrumpit

1966 3122 2197 3176 eamque
2230 3107 2280 3160 in
2306 3106 2486 3175 fugam
2509 3107 2694 3165 vertit.
2728 3108 3015 3162 victoriam
3060 3109 3295 3170 obtinet,
3321 3124 3550 3178 eamque

1970 3210 2076 3253 tam
2148 3202 2446 3259 universis.
2488 3215 2651 3267 quam
2719 3199 3089 3255 familiaribus
3152 3202 3551 3264 communicat,

269 3292 442 3353 κεὶοις
471 3293 603 3344 αὐτὸ
628 3291 790 3344 τοῦτο
821 3292 1077 3358 διδόντος,
1107 3296 1203 3347 καὶ
1242 3295 1409 3365 γέρας
1436 3297 1812 3364 λαμϐάνοντος
1843 3316 1857 3365 ;

1966 3300 2187 3357 accepto
2246 3307 2474 3345 munere
2551 3291 2894 3345 honorario?
2927 3293 2983 3346 Si
3048 3293 3176 3362 quis
3219 3297 3325 3349 hoc
3368 3295 3550 3349 itidem

264 3387 329 3438 Εἰ
364 3386 420 3437 δὲ
471 3388 565 3438 καὶ
615 3387 773 3439 τοῦτο
804 3387 933 3448 τοὺς
977 3388 1294 3439 ἀποστόλων
1327 3389 1551 3442 καλέσει
1580 3408 1685 3455 τις,
1726 3393 1860 3462 ἀλη-

264 3477 509 3530 θέστατα
543 3477 762 3530 πάντων
793 3478 1084 3550 κεκληκὼς
1125 3480 1303 3535 ἔσται.
1342 3483 1452 3544 Τάς
1502 3499 1564 3549 γε
1600 3484 1707 3553 μὴν
1734 3488 1857 3552 ἀρι-

266 3572 498 3636 στείας,
560 3570 626 3633 ἀς
680 3573 825 3624 κατὰ
876 3572 1154 3641 δαιμόνων
1202 3576 1564 3644 ἠρίστευσαν,
1600 3581 1695 3630 καὶ
1745 3581 1857 3630 τῶν

265 3659 525 3714 ἐπάθλων
559 3663 621 3713 τὸ
661 3661 887 3730 πλῆθος,
921 3664 1163 3734 ὅτιιπερ
1211 3665 1570 3734 ἐκδηλότατα,
1624 3670 1717 3721 καὶ
1768 3671 1858 3722 ἆλ-

267 3755 387 3817 λοις
416 3755 494 3814 ὡς
525 3753 592 3807 ἂν
622 3760 736 3817 τοῖς
765 3756 1092 3820 ἀποστόλοις
1125 3759 1460 3827 χαρίζοιντο.
1492 3765 1732 3831 παρίημι
1763 3780 1861 3815 κα-

264 3847 548 3913 ταλέγειν.
612 3846 832 3917 Ταύτης
883 3849 983 3918 τῆς
1047 3851 1243 3919 μοίρας
1292 3856 1392 3906 καὶ
1432 3853 1859 3924 Ὀλυμπιονίκης

265 3937 420 4005 άθλῳ
450 3937 788 4006 τιμώμενος,
845 3941 942 3994 καὶ
990 3941 1041 3993 οι
1089 3943 1385 3998 ἀπόστολοι
1440 3948 1584 3999 κατά
1638 3948 1858 4001 πάντων

266 4031 695 4099 ἀνταγωνιστῶν
731 4033 1164 4102 στεφανούμενοι
1192 4050 1205 4065 ·
1244 4034 1467 4107 ἔτρεχον
1501 4040 1609 4108 γὰρ
1650 4040 1726 4103 ὠς
1759 4043 1857 4093 οὐκ

263 4124 505 4194 ἀδήλωςο
533 4125 841 4179 ἐπύκτευον
890 4126 966 4190 ὡς
1020 4129 1119 4180 οὐκ
1167 4128 1305 4198 ἀέρα
1361 4131 1616 4202 διακενῆς
1667 4133 1856 4186 παίον-

265 4233 384 4278 τες.

342 4308 604 4378 Πρώτους
658 4308 767 4360 τῶν
819 4312 949 4379 παρ’
978 4310 1173 4374 αὐταῖς
1212 4311 1441 4380 ἄγουσιν
1493 4315 1550 4368 αί
1589 4318 1856 4370 πολιτεῖαι

267 4401 397 4462 τοὺς
434 4402 755 4472 νομοθέτας,
791 4398 880 4455 οἷα
912 4404 976 4472 δὴ
1002 4405 1071 4457 τά
1100 4407 1354 4475 πρακτέα
1384 4409 1481 4460 καὶ
1514 4408 1592 4479 μὴ
1631 4409 1857 4473 ταύταις

267 4497 713 4566 ὑφηγουμένους,
742 4498 838 4549 καὶ
873 4496 986 4549 τίσι
1016 4499 1141 4562 τοὺς
1168 4499 1411 4569 ἀγαθούς
1443 4519 1500 4554 τε
1539 4504 1633 4555 καὶ
1666 4504 1857 4572 χρησί-

268 4607 410 4657 μους
444 4591 844 4657 στεφανωτέον,
898 4593 996 4643 καὶ
1045 4594 1172 4655 τοὺς
1208 4595 1474 4646 τάναντία
1529 4597 1734 4648 τούτων
1791 4598 1855 4667 δὴ
1894 4636 1938 4693 D

266 4681 587 4735 κολαστέον.
621 4681 799 4733 -Ἃλλά
852 4683 958 4734 κᾶν
1001 4682 1112 4750 ἐγὼ
1147 4685 1219 4754 μὴ
1260 4685 1403 4753 λέγω
1430 4691 1583 4739 τουτὶ
1614 4690 1856 4756 πεφυκέ-

266 4791 357 4826 vat
394 4773 524 4835 τοὺς
560 4773 918 4838 ἀποστόλους,
954 4775 1158 4839 πάντες
1208 4772 1304 4830 οἶδ’
1347 4781 1430 4832 ὃτι
1484 4779 1708 4848 βοήσετε
1767 4784 1860 4833 καὶ

266 4865 582 4935 προθήσετε
643 4865 743 4927 τὰς
796 4867 1093 4930 ἐπιστολάς
1123 4883 1137 4899 ⁸
1204 4870 1297 4922 καὶ
1325 4871 1687 4939 προδαλεῖσθε
1732 4874 1860 4934 τοὺς

268 4961 330 5011 ὲν
368 4958 565 5020 αὑταῖς
622 4959 851 5027 νόμους,
907 4960 939 5028 ἢ
1008 4961 1210 5028 μᾶλλον
1258 4961 1384 5025 ὅλας
1443 4965 1614 5027 αὑτάς
1665 4967 1860 5034 νόμους

268 5049 415 5106 εἶναι
471 5051 808 5103 διατενεῐσθε
844 5068 857 5082 ⁸
892 5051 958 5103 δι’
987 5047 1061 5103 ὦν
1109 5054 1232 5122 οὐχὶ
1278 5055 1437 5122 τήνδε
1491 5057 1591 5124 τὴν
1639 5058 1859 5129 πόλινῆ

267 5148 434 5216 τήνδε
473 5146 656 5207 καλῶς
678 5144 828 5197 ἐστιν
860 5145 1155 5210 οἰκεῖσθαι,
1189 5145 1286 5218 τὴν
1309 5145 1356 5198 δ’
1391 5151 1721 5220 οἰκουμένην
1759 5155 1861 5207 πᾶ·-

270 5257 376 5291 σαν
417 5237 578 5306 ὁμοῦ.

344 5331 650 5392 Δικασταῖς
698 5331 898 5382 οἰκεῖον
933 5330 1150 5402 ἑκάστῳ
1195 5332 1381 5402 νέμειν
1432 5335 1501 5387 τά
1541 5337 1854 5408 πρόσφορα.

269 5425 339 5476 Τί
369 5425 470 5490 se;
514 5424 882 5491 ’Δπροσφυεῖς
915 5424 1052 5492 πρός
1087 5441 1148 5490 γε
1182 5425 1340 5478 τοῦτο
1369 5428 1493 5490 τοὺς
1532 5430 1862 5492 ἀποστόλους

269 5519 518 5588 ἣκοντας
547 5515 695 5569 ἔστιν
735 5515 896 5582 ίδεῖν;
927 5515 1128 5569 Πολλοῦ
1162 5517 1254 5570 καὶ
1284 5518 1398 5570 δεῖ·
1427 5520 1532 5573 κᾶν
1557 5522 1666 5590 γὰρ
1697 5523 1863 5576 τᾶλλα

272 5629 357 5670 τις
396 5608 582 5662 αὐτῶν
631 5610 760 5679 σιγῇ
793 5608 1152 5678 παραδράμῃ,
1191 5612 1250 5663 τό
1282 5627 1343 5678 γε
1375 5615 1581 5681 κρινεῖν
1612 5613 1706 5665 ἐπὶ
1741 5614 1865 5684 θρό-

275 5721 385 5756 νων
437 5703 538 5764 τάς
588 5701 762 5768 φυλὰς
822 5700 1039 5769 Ἰσραὴλ
1086 5703 1310 5772 ἐξαρκεῖ
1343 5704 1467 5773 -τὴν
1536 5705 1863 5777 δικαστικὴν

307 5795 527 5862 ξουσίαν
557 5792 890 5861 σοφωτάτων
918 5791 1184 5862 δηλῶσαι.

1964 3390 2187 3443 nomine
2221 3388 2500 3456 apostolos
2542 3389 2835 3458 indigitare
2858 3390 3020 3453 volet,
3075 3391 3123 3444 is
3152 3392 3550 3446 convenientis-

1964 3484 2162 3537 simum
2208 3497 2403 3536 nomen
2448 3483 2707 3548 imponet.
2746 3480 2958 3536 Eximia
3008 3485 3153 3538 enim
3209 3486 3374 3552 facta,
3433 3502 3554 3555 qua'

1966 3585 2156 3629 contra
2189 3577 2463 3629 daemones
2499 3584 2810 3642 patrarunt,
2862 3584 2919 3628 et
2969 3575 3321 3644 praemiorum
3373 3581 3556 3633 multiv

1968 3669 2237 3732 tudinem,
2265 3679 2527 3734 tanquam
2567 3683 2657 3723 res
2688 3667 3034 3730 notissimas,
3092 3676 3145 3722 et
3179 3681 3236 3724 ut
3266 3671 3388 3724 aliis
3425 3687 3553 3741 apo-

1963 3761 2118 3816 stolis
2151 3761 2340 3814 eadem
2403 3761 2791 3830 impertierint,
2833 3762 3194 3829 praetermitto
3222 3778 3553 3820 commemo-

1963 3868 2105 3907 rare.
2138 3850 2312 3922 llupts
2344 3853 2511 3909 sortis
2540 3863 2623 3910 est
2651 3868 2871 3924 quoque
2890 3852 3301 3925 Olympionices
3328 3862 3554 3926 prremio

1961 3944 2215 4010 affectus,
2275 3947 2510 4015 apostoli
2577 3962 2799 4017 quoque
2838 3962 3141 4013 ,coronam
3169 3953 3238 4005 ab
3294 3953 3554 4007 omnibus

1959 4039 2075 4092 suis
2105 4039 2440 4094 adversariis
2472 4050 2822 4109 reportarunt
2847 4057 2864 4110 ;
2906 4043 3204 4098 currebant
3237 4045 3382 4100 enim
3443 4062 3550 4102 non

1963 4141 2021 4184 ut
2055 4132 2107 4184 in
2155 4133 2457 4201 incertum;
2487 4135 2836 4203 pugnabant,
2860 4149 2968 4189 non
3002 4117 3162 4204 qdasi
3224 4150 3410 4192 aerem
3461 4140 3549 4193 in-

1961 4239 2180 4280 cassum
2216 4227 2591 4280 verberantes.

2030 4317 2244 4371 Primas
2264 4329 2450 4372 tenent
2470 4319 2521 4371 in
2557 4320 2721 4373 rebus
2740 4320 3554 4393 publicislsgislatores.quippe

1961 4412 2052 4478 qui
2093 4410 2339 4466 facienda
2387 4422 2440 4465 et
2471 4412 2726 4481 fugienda
2768 4416 3146 4480 prescrihant,
3183 4416 3550 4487 doceantque,

1961 4505 2158 4572 quibus
2193 4505 2398 4559 laureis
2439 4506 2560 4558 boni
2594 4513 2649 4559 et
2689 4507 2855 4562 utiles
2896 4508 3218 4568 decorandi.
3249 4519 3302 4562 et
3349 4513 3551 4576 quibus

1964 4597 2249 4665 suppliciis
2299 4598 2381 4653 his
2429 4599 2711 4651 contraria
2745 4598 3055 4654 factitantes
3112 4599 3383 4655 alliciendi
3418 4605 3546 4658 sint.

1966 4690 2022 4744 Si
2066 4705 2169 4758 ego
2214 4690 2481 4744 atlirmem
2531 4691 2808 4757 apostolos
2860 4706 2963 4745 non
3025 4691 3194 4747 fuisse
3242 4695 3397 4759 tales,
3435 4713 3553 4747 mtt-

1966 4797 2084 4841 nes.
2120 4786 2252 4834 satis
2305 4782 2452 4840 novi.
2486 4782 2893 4844 exclamabitis,
2921 4791 2978 4837 et
3003 4783 3231 4852 prolatis
3281 4786 3547 4853 epistolis.

1965 4874 2130 4941 leges,
2167 4889 2303 4939 quas
2327 4873 2630 4937 continent,
2663 4874 3025 4942 deprometis,
3062 4877 3145 4929 vel
3190 4878 3377 4945 potius
3405 4879 3553 4944 ipsas

1966 4964 2223 5032 integrasf
2253 4964 2536 5030 epistolas,
2587 4964 2662 5017 nil
2698 4966 2842 5019 aliud
2881 4965 2989 5019 nisi
3041 4966 3189 5034 leges
3225 4981 3368 5030 esse,
3425 4981 3552 5020 con~

1968 5058 2216 5120 tendetis,
2260 5058 2461 5126 quibus
2499 5072 2605 5111 non
2663 5058 2778 5110 haec
2837 5057 2921 5112 vel
2999 5059 3087 5112 illa
3169 5060 3384 5124 civitas,
3461 5061 3553 5113 sed

1967 5149 2261 5202 universus
2296 5149 2448 5203 orbis
2501 5148 2742 5219 legitime
2777 5149 3202 5205 administratur
3256 5162 3309 5205 et
3349 5150 3556 5220 guber-

1968 5250 2152 5294 natur.

2039 5330 2334 5388 Familiare
2389 5317 2474 5388 est
2527 5333 2830 5402 judicibus,
2872 5341 2929 5386 ut
2976 5332 3276 5399 unicuique
3315 5333 3364 5386 id
3407 5333 3553 5402 quod

1966 5428 2310 5481 c0nducibile
2340 5439 2441 5491 est,
2481 5427 2729 5481 reddant.
2780 5425 2923 5491 Quid
2968 5425 3139 5494 ergo?
3173 5426 3312 5479 Num
3352 5430 3420 5479 ad
3456 5428 3556 5479 hoc

1969 5523 2181 5589 ineptos
2231 5519 2494 5574 accedere
2545 5518 2917 5588 iudicabimus
2973 5518 3297 5583 apostolos?
3329 5519 3393 5571 Et
3431 5519 3556 5571 licet

1967 5616 2089 5683 quis
2116 5615 2217 5667 alia
2252 5614 2473 5668 silentio
2506 5621 2816 5681 praetereat,
2840 5622 3084 5666 attamen
3117 5611 3261 5680 quod
3296 5610 3555 5664 sedentes

1968 5722 2133 5774 super
2186 5708 2414 5760 thronos
2443 5705 2744 5773 judicaturi
2791 5713 2920 5758 sunt
2959 5703 3246 5758 duodecim
3283 5703 3459 5756 trihus
3485 5702 3555 5755 Is.

1970 5797 2100 5857 rnel,
2159 5797 2208 5849 id
2247 5797 2380 5849 satis
2426 5804 2509 5848 est
2554 5796 2618 5847 ad
2652 5811 2867 5859 eorum,
2910 5809 3170 5862 tanquam
3219 5793 3549 5862 sapientissi-

1974 5905 2208 5953 morum,
2239 5889 2586 5960 judiciariam
2619 5898 2947 5959 potestatem
3003 5887 3413 5943 declarandum.
