4234 6446
249 394 395 463 1113

1139 410 1557 471 TRANSLAT.
1600 412 1663 473 S.
1697 411 2123 474 AUCUSTINI
2170 415 2265 475 DE
2309 414 2604 479 TRINIT.

3353 422 3499 483 1114

324 514 589 569 Cmterum
620 531 685 570 ne
716 517 1032 571 oﬂ‘cndatnr
1059 518 1184 588 pius
1222 521 1412 580 lector.
1451 522 1709 589 quoniam
1740 523 2014 580 Planndes
2048 537 2284 595 quatuor
2299 529 2640 597 argumentis
2664 530 2926 586 adversus
2952 548 3139 586 verum
3170 533 3365 601 dogma
3393 531 3498 585 La-

248 601 490 655 ti’uoru-n
522 606 738 659 videtur
769 608 1073 677 insurgere.
1106 609 1392 661 sciendum
1422 623 1501 663 est
1526 626 1648 663 cum
1670 612 1865 663 timore
1891 616 2153 681 principis
2174 616 2305 669 illud
2333 616 2554 679 fecisse,
2580 628 2637 670 ut
2665 627 2899 672 testatur
2923 620 3227 675 Demetrius
3252 619 3501 689 Cydonea

245 696 302 777 et
323 687 614 746 Bessarion
644 695 696 747 in
720 694 994 751 solutione
1017 698 1230 750 illorum
1257 707 1729 767 argumentorum,
1750 714 1870 768 quze
1898 700 1950 753 in
1979 702 2128 757 calce
2148 714 2266 772 post
2289 706 2471 773 capita
2502 706 2680 758 sancti
2702 707 2993 777 Augustini
3020 723 3082 761 ex
3115 709 3253 762 libro
3285 687 3359 760 De
3389 704 3507 760 Tri-

248 774 421 830 nitate
441 780 751 851 desumpta,
814 785 1117 852 posuimus.

1015 1100 1469 1166 AUGUSTINI
1501 1103 1617 1164 EX
1649 1103 1903 1167 LIBRO
1953 1109 2065 1170 XV
2101 1111 2214 1171 DE
2260 1111 2748 1175 TRINITATE.

809 1414 1036 1471 CAPUT
1069 1419 1229 1477 XVII.

321 1502 471 1559 Satis
503 1506 570 1559 de
607 1506 767 1561 Patre
790 1519 844 1562 et
886 1508 1046 1577 Filio,
1074 1524 1337 1581 quantum
1373 1532 1467 1586 per
1498 1520 1601 1576 hoc
1625 1536 1819 1591 specu-

240 1598 358 1651 lum
389 1599 633 1665 atquein
674 1599 776 1653 hoc
805 1603 1095 1671 aanigmate
1140 1608 1330 1664 videre
1394 1615 1693 1681 potuimus,
1743 1616 1821 1669 Io-

238 1690 355 1742 cuti
388 1706 600 1746 sumus.
638 1691 795 1747 Nunc
825 1693 892 1748 de
920 1694 1125 1763 Spiritu
1153 1711 1361 1768 saneto,
1389 1714 1681 1772 quantum,
1711 1708 1821 1762 Deo

239 1781 509 1844 donante,
548 1784 733 1839 videre
757 1789 1093 1855 conceditur,
1129 1792 1502 1849 disserendum
1561 1807 1641 1851 est
1676 1817 1689 1853 :
1726 1801 1820 1869 qui

240 1872 486 1940 Spiritus
510 1888 755 1943 sanctus,
778 1881 1082 1934 secundum
1114 1882 1425 1953 Scripturas
1456 1900 1694 1955 sanctas,
1722 1909 1822 1949 nec

242 1965 432 2021 Patris
470 1968 641 2024 solius
665 1979 771 2035 est,
812 1988 914 2026 nec
940 1972 1055 2027 Filii
1088 1978 1280 2041 solius,
1314 1981 1407 2032 secl
1434 1982 1739 2045 amborum.
1768 1994 1823 2039 et

239 2058 370 2111 ideo
403 2075 777 2129 communem,
810 2066 933 2133 quia
979 2068 1209 2141 invicem
1241 2086 1298 2125 se
1324 2072 1554 2143 diligunt
1589 2075 1747 2130 Pater
1769 2087 1824 2133 ct

237 2148 441 2215 Filius,
480 2154 639 2209 nobis
670 2158 915 2213 insinuat
946 2160 1297 2219 cliaritatcm.
1345 2164 1411 2220 Ut
1476 2178 1654 2222 autem
1722 2187 1823 2226 nos

236 2254 531 2298 exerceret
562 2261 746 2300 sermo
764 2250 1004 2315 divinus,
1044 2270 1147 2306 non
1181 2272 1266 2308 res
1298 2256 1351 2308 in
1384 2268 1634 2328 promptu
1666 2261 1818 2327 sitas,

237 2337 337 2389 sed
369 2337 625 2393 inabdito
642 2343 987 2406 scrutandas,
1020 2356 1157 2399 etex
1181 2347 1367 2401 abdito
1397 2351 1689 2413 eruendas,
1713 2369 1827 2405 ma-

237 2424 361 2491 iore
378 2426 562 2480 studio
583 2428 703 2483 fecit
744 2430 970 2501 inquiri.
1001 2436 1115 2488 Non
1142 2438 1322 2506 itaque
1346 2439 1481 2493 dixit
1503 2440 1822 2511 Scriptura:

236 2514 486 2583 Spiritus
520 2531 743 2574 sanctus
770 2524 1009 2579 ebaritas
1041 2537 1161 2593 est;
1192 2532 1335 2597 quod
1364 2532 1409 2583 si
1433 2532 1690 2597 dixisset,
1718 2549 1823 2589 non

235 2621 469 2674 pirvam
512 2622 716 2679 partem
753 2619 1075 2683 qu:estionis
1126 2620 1284 2675 istius
1341 2624 1651 2677 abstulisset
1690 2628 1821 2681 :sed

238 2702 385 2753 dixit
416 2719 429 2753 ε
458 2720 476 2752 σ
511 2703 656 2759 Deus
706 2707 949 2764 cbaritas
996 2722 1074 2765 est
1106 2713 1162 2779 ¹;
1194 2733 1210 2764 ι
1247 2726 1305 2768 ut
1336 2717 1600 2771 incertum
1629 2720 1721 2780 sit.
1770 2730 1823 2774 et

1847 1433 1895 1491 Α
1924 1429 2192 1494 Quoniam
2221 1442 2274 1484 tu
2301 1448 2358 1486 es
2385 1433 2647 1502 patientia
2675 1448 2811 1487 mea.
2839 1433 3027 1502 Neque
3069 1433 3212 1487 enim
3242 1444 3501 1504 propter-

1924 1538 1985 1576 ea
2038 1523 2244 1576 dictum
2268 1534 2372 1590 est,
2406 1526 2537 1594 quia
2578 1525 2669 1578 Dei
2703 1525 3012 1580 substantia
3042 1536 3129 1580 est
3160 1535 3351 1582 nostra
3404 1542 3501 1594 pa-

1927 1614 2137 1682 tientia,
2171 1616 2265 1669 sed
2295 1617 2441 1685 quod
2478 1622 2544 1671 ab
2572 1618 2692 1685 ipso
2726 1617 2886 1670 nobis
2920 1626 3025 1682 est,
3060 1618 3205 1671 sicut
3252 1618 3387 1671 alibi
3430 1620 3504 1671 le-

1925 1704 2113 1771 gitur:
2154 1726 2172 1758 ε
2205 1707 2474 1772 Quoniam
2529 1708 2596 1763 ab
2646 1710 2765 1778 ipso
2816 1719 2898 1763 est
2958 1710 3217 1777 patientia
3271 1725 3390 1765 mea
3428 1726 3444 1763 :
3479 1728 3497 1760 ι

1925 1793 2082 1850 llnnc
2115 1799 2315 1868 quippe
2350 1815 2570 1853 sensum
2606 1800 2765 1852 facile
2814 1799 3018 1853 refellit
3084 1798 3497 1867 Scripturaruni

1926 1892 2039 1962 ipsa
2065 1883 2282 1947 locutio.
2318 1892 2450 1948 Tale
2475 1902 2554 1948 est
2578 1895 2747 1961 cnim,
2781 1912 2798 1945 ι
2827 1894 2905 1947 Tn
2931 1910 2988 1947 es
3014 1894 3275 1963 patientia
3310 1909 3425 1946 mea
3449 1908 3496 1961 ;›

1926 1986 2084 2053 quale
2105 1996 2209 2046 est.
2243 2003 2261 2036 ι
2292 1987 2372 2037 Tu
2405 2002 2487 2049 es,
2522 1986 2771 2053 Domine,
2797 2002 2920 2054 spes
2952 2001 3102 2053 mea;
3136 2005 3155 2037 ι
3184 1995 3277 2039 et:
3316 2004 3333 2036 ι
3365 1986 3503 2039 Deus

1929 2091 2082 2129 meus
2122 2077 2492 2129 misericordia
2527 2092 2542 2143 ;
2580 2095 2598 2127 ι
2631 2084 2684 2130 et
2712 2077 2880 2130 multa
2902 2076 3119 2131 similia.
3145 2074 3261 2128 Non
3295 2083 3378 2129 est
3406 2090 3505 2129 au-

1928 2178 2032 2222 tem
2065 2169 2291 2234 dictum,
2321 2167 2568 2233 Domine,
2600 2168 2836 2222 Charitas
2869 2184 3008 2233 mea,
3040 2179 3157 2233 aut,
3185 2167 3263 2221 Tn
3289 2182 3347 2220 es
3376 2167 3502 2219 cha-

1925 2261 2060 2315 ritas
2085 2275 2222 2320 mea,
2251 2268 2372 2324 aut,
2414 2258 2554 2313 Deus
2581 2261 2823 2313 Charitas
2852 2273 3008 2325 mea;
3043 2258 3133 2313 sed
3197 2258 3269 2311 ita
3299 2256 3501 2310 dictum

1926 2359 2057 2404 est:
2112 2366 2130 2399 ι
2171 2348 2312 2402 Dens
2366 2349 2604 2400 Charitas
2654 2356 2773 2413 est,
2808 2365 2827 2398 ι
2894 2346 3041 2401 sicut
3099 2345 3303 2398 dictum
3360 2350 3443 2395 est
3485 2358 3499 2392 :

1934 2461 1952 2492 ε
1978 2441 2121 2495 Deus
2157 2439 2395 2509 Spiritus
2423 2448 2521 2493 est.
2554 2458 2571 2489 ι
2611 2437 2722 2491 lloc
2753 2439 2843 2506 qui
2878 2452 2985 2489 non
3020 2435 3307 2498 discernit,
3344 2432 3503 2487 intel-

1927 2534 2127 2588 lectum
2163 2548 2191 2585 a
2222 2531 2472 2595 Domino,
2505 2546 2609 2585 non
2643 2530 3040 2598 expositionem
3074 2535 3281 2597 qua‘rat
3315 2541 3345 2578 a
3406 2538 3502 2576 no-

1927 2625 2031 2679 bis.
2066 2624 2178 2677 Ncn
2238 2624 2381 2677 enim
2447 2624 2686 2690 apertius
2725 2621 3019 2690 quidquam
3073 2630 3364 2689 possumus
3419 2612 3504 2665 di-

1929 2731 2073 2770 cere.
2101 2715 2243 2769 Deus
2267 2730 2397 2782 ergo
2420 2714 2783 2768 cbaritas'est.
2832 2709 3028 2764 Utrum
3082 2716 3263 2762 autem
3319 2705 3500 2769 Pater,

240 2793 371 2847 ideo
398 2798 810 2865 requirendum,
851 2815 1030 2856 utrum
1062 2806 1199 2860 Dens
1230 2807 1389 2863 Pater
1436 2811 1505 2864 sit
1553 2813 1816 2877 Charitas,
1850 2798 1896 2857 Β
1925 2826 1992 2864 an
2025 2808 2216 2871 Filius,
2238 2825 2302 2861 an
2330 2806 2564 2877 Spiritus
2587 2813 2838 2866 sanctus,
2865 2818 2930 2856 an
2950 2803 3066 2872 ipsa
3089 2800 3354 2863 Trinitas.
3374 2796 3501 2865 quia

238 2900 312 2937 an
351 2885 497 2941 Deus
531 2888 723 2954 Filius,
755 2908 821 2945 an
862 2892 1001 2948 Deus
1030 2896 1267 2964 Spiritus
1292 2912 1537 2966 sanctus,
1572 2919 1638 2957 an
1690 2906 1829 2959 Dens

238 2978 364 3043 ipsa
400 2975 665 3034 Trinitas.
696 2980 883 3052 Neque
908 2988 1051 3038 enim
1085 2988 1285 3041 dicturi
1316 3007 1529 3055 sumus,
1570 3009 1677 3046 non
1705 3010 1828 3063 pro-

236 3075 433 3135 pterea
460 3069 625 3124 Deum
651 3073 856 3127 dictum
888 3092 1010 3129 esse
1033 3077 1379 3143 cbaritatem,
1402 3086 1546 3150 quod
1566 3083 1679 3151 ipsa
1701 3085 1829 3139 cha-

240 3160 389 3215 ritas
420 3163 565 3215 nulla
592 3166 900 3220 substantia
955 3184 1075 3236 quze
1097 3171 1190 3223 Dei
1236 3171 1395 3241 digna
1457 3176 1528 3228 sit
1582 3177 1827 3242 nomine,

240 3255 525 3322 sedquod
564 3257 767 3312 donum
802 3259 893 3313 Dei
952 3261 1043 3328 sit,
1098 3262 1244 3316 sicut
1298 3263 1504 3319 dictum
1559 3274 1642 3321 est
1694 3265 1825 3335 Deo,

813 3462 1035 3515 ΚΕΦᾹΛ
1053 3504 1065 3517 .
1126 3464 1225 3519 1Ζ’.

238 3596 394 3667 Περὶ
426 3594 533 3667 τοῦ
566 3595 758 3667 κάγίου
788 3598 1158 3664 Πνεύματος,
1192 3599 1340 3667 ὅπερ
1384 3601 1467 3665 τῷ
1494 3604 1677 3666 Πατρὶ
1729 3606 1827 3660 καί

316 3662 403 3745 τῷ
428 3664 540 3729 Υίῷ
562 3662 707 3745 ἴσως
727 3662 1123 3745 λαμϐάνεται,
1152 3670 1249 3721 καὶ
1275 3662 1829 3745 ῥ’καζέρουηνεῦμα

316 3734 586 3812 λέγεται,
615 3736 713 3812 am}
752 3734 829 3812 rei)
858 3737 969 3804 τῆς
1006 3736 1245 3812 ἀγάπης
1282 3734 1507 3812 ἴοεῖτὶιι
1550 3734 1821 3812 ὀνόματι,

314 3808 513 3881 καίτοι
548 3805 646 3881 καὶ
680 3806 946 3881 ἑκάστου
991 3808 1111 3861 τῶν
1134 3810 1201 3861 ἐν
1233 3808 1307 3877 τῇ
1362 3812 1560 3880 mea.
1591 3805 1827 3881 προσώσί

314 3890 451 3928 πων
481 3876 728 3945 ἀγάπης
752 3877 951 3944 ὄντος.

322 4014 482 4076 Ἅλις
513 4015 611 4081 μὲν
641 4011 737 4069 οὖν
770 4022 898 4087 περὶ
927 4018 1143 4086 Πατρός
1178 4020 1275 4072 καὶ
1303 4021 1456 4085 Υἱοῦ,
1490 4022 1689 4075 ὁπόσον
1736 4022 1826 4076 διὰ

1933 2911 1981 2953 et
2015 2902 2129 2970 ipsa
2165 2915 2269 2953 non
2296 2910 2405 2954 tres
2436 2897 2531 2964 dii,
2562 2898 2654 2951 sed
2680 2913 2815 2949 unus
2842 2894 3006 2961 Deus,
3062 2893 3164 2946 hoc
3216 2890 3499 2959 qumritur.

1932 2993 2035 3048 Sed
2070 2992 2181 3060 jam
2212 2992 2265 3045 in
2299 2991 2400 3044 hoc
2435 2991 2574 3042 libro
2601 2990 2853 3055 superius
2908 2983 3203 3054 disputavi,
3260 2997 3367 3035 non
3422 2979 3504 3035 sic

1932 3083 2305 3154 accipiendam
2330 3098 2453 3136 esse
2496 3080 2837 3140 Trinitatem,
2897 3092 3019 3144 qua:
3082 3074 3223 3129 Deus
3289 3082 3371 3126 est
3436 3086 3502 3123 cx

1929 3179 2037 3233 illis
2064 3178 2258 3240 tribus,
2291 3192 2410 3243 quae
2436 3175 2489 3227 in
2522 3173 2789 3227 Trinitate
2844 3179 3043 3225 nostrae
3078 3168 3278 3221 mentis
3319 3170 3504 3218 osten-

1931 3270 2133 3329 dimus,
2166 3276 2226 3319 ut
2258 3274 2515 3333 tanquam
2556 3262 2903 3316 memoriasit
2935 3259 3177 3313 omnium
3208 3256 3372 3309 trium
3403 3252 3504 3306 Pa-

1858 3426 1861 3431 .
1935 3470 2011 3540 μὴ
2068 3467 2156 3522 διὰ
2193 3466 2367 3520 ταῦτα
2424 3463 2648 3531 ἀγάπην
2700 3461 2789 3511 τὸν
2836 3457 2969 3509 Θεὸν
3002 3452 3278 3524 εἰρῆσθαι,
3326 3450 3408 3501 ὅτι
3458 3447 3492 3516 ή

1929 3561 2117 3628 ἀγάπη
2148 3558 2247 3611 οὐκ
2278 3556 2427 3609 ἐστιν
2466 3556 2497 3623 ἡ
2545 3552 2704 3605 οὐσία
2749 3549 2957 3616 ἐκείνη.
2998 3548 3122 3616 ἥτις
3181 3544 3332 3597 ἐστὶν
3371 3541 3497 3605 ἀξία

1929 3652 2024 3705 τοῦ
2048 3652 2312 3719 ὀνόματος
2336 3648 2429 3700 τοῦ
2461 3645 2618 3704 Θεοῦ,
2646 3644 2760 3697 ἀλλ’
2780 3644 2860 3695 ὅτι
2880 3639 3054 3709 δῶρόν
3076 3639 3193 3690 ἐστι
3222 3636 3315 3687 τοῦ
3339 3633 3500 3693 Θεοῦ,

1929 3744 2119 3813 ὥσπερ
2139 3741 2356 3811 εἴρηται
2388 3739 2526 3807 πρὸς
2548 3738 2639 3788 τὸν
2669 3736 2825 3796 Θεὸν,
2852 3734 2934 3785 ὅτι
2963 3748 2981 3781 ‹
3016 3730 3087 3781 Σὺ
3115 3724 3165 3779 εἶ
3195 3729 3229 3796 η
3251 3725 3500 3795 ὑπομονὴ

1933 3851 2056 3903 μου.
2096 3852 2113 3884 ι
2160 3832 2233 3884 Οὑ
2270 3830 2378 3899 γὰρ
2407 3830 2621 3887 πάντω,
2658 3827 2743 3877 ’ὁιά
2777 3822 2953 3875 ταῦτα
3004 3822 3241 3890 εἴρηται,
3278 3818 3361 3871 ὅτι
3402 3815 3499 3869 τοῦ

1928 3924 2063 3976 Θεοῦ
2098 3925 2245 3975 ἐστιν
2274 3919 2433 3972 οὐσία
2466 3921 2499 3987 ἡ
2550 3917 2797 3985 ἡμετέρα
2822 3911 3095 3979 ὑπομονὴ,
3124 3909 3239 3962 ἀλλ’
3264 3912 3345 3963 ὅτι
3370 3904 3501 3975 παρ’

1928 4018 2141 4071 ἐκείνου
2174 4015 2308 4083 ἡμῖν
2336 4016 2487 4064 ἐστιν
2514 4026 2526 4039 ·
2560 4009 2751 4072 ὥσπερ
2791 4006 2886 4057 καὶ
2941 4002 3176 4071 ἀλλαχοῦ
3228 4000 3497 4066 ἀναγινώ-

238 4104 405 4158 τοῦδε
437 4104 533 4158 τοῦ
569 4106 842 4177 ἐσόπτρου
889 4112 979 4163 καὶ
1010 4112 1068 4161 ἐν
1100 4110 1234 4179 τῷδε
1266 4112 1342 4181 τῷ
1376 4111 1665 4181 αἰνίγματι
1700 4114 1827 4165 ἰδεῖν
1853 4133 1898 4195 ς
1933 4124 2160 4177 σκομεν,
2197 4107 2278 4158 ὅτι
2319 4123 2336 4155 ι
2370 4101 2508 4169 ιΙαρ’
2538 4097 2702 4152 αὑτοῦ
2734 4099 2764 4157 ἡ
2799 4094 3043 4162 ὑπομονὴ
3082 4109 3183 4160 μου
3206 4107 3219 4121 ο
3248 4109 3266 4142 ι
3299 4090 3502 4191 ταύτην

232 4198 621 4267 ἠδυνήθημεν,
672 4199 1022 4269 διειλέγμεθα
1095 4201 1231 4256 Νυνὶ
1282 4203 1339 4256 δὲ
1374 4204 1627 4273 περὶτοῦ
1663 4205 1823 4271 ἁγίου

232 4295 573 4363 ῐῖνεύματος
599 4294 818 4361 ὁπόσον,
844 4296 938 4349 τοῦ
972 4297 1107 4349 Θεοῦ
1143 4298 1505 4369 χρηγοῦντος,
1532 4301 1666 4370 ὀρᾷν
1696 4316 1828 4369 συγ-

230 4383 601 4455 χωρούμεθα,
635 4387 1005 4455 διασαφητέον
1036 4406 1045 4417 ι
1086 4389 1161 4452 ὡς
1189 4391 1249 4443 τὸ
1293 4391 1519 4460 Πνεῦμα
1574 4392 1635 4444 τὸ
1667 4392 1824 4460 ἆγιον

231 4478 391 4529 κατὰ
435 4476 534 4538 τὰς
566 4478 719 4547 ίεράς
768 4478 993 4547 Γραφάς
1028 4480 1150 4533 οὔτε
1184 4481 1279 4534 τοῦ
1322 4483 1540 4550 Πατρός
1572 4484 1689 4535 ἐστι
1732 4483 1830 4550 μό-

238 4586 363 4633 νου,
425 4566 551 4619 οὔτε
590 4567 682 4621 τοῦ
744 4570 876 4621 Υἱοῦ
916 4572 1105 4639 μόνου,
1142 4573 1261 4625 ἀλλ’
1293 4574 1498 4640 ἀμφοῖν
1524 4591 1539 4606 ·
1578 4574 1674 4626 καὶ
1738 4574 1827 4627 διὰ

232 4661 412 4713 τοῦτο
462 4662 649 4728 κοινὴν
684 4663 818 4729 ἡμῖν
853 4666 952 4731 τὴν
1005 4664 1229 4733 ἀγάπην
1265 4665 1531 4730 διδάσκει,
1584 4666 1706 4718 καθ’
1760 4666 1828 4735 ἣν

238 4752 521 4823 ἀλλήλους
568 4756 597 4806 ὁ
654 4755 847 4823 Πατὴρ
891 4758 987 4808 καὶ
1037 4760 1063 4809 ὁ
1108 4757 1235 4819 Υἱὸς
1286 4760 1600 4826 ἀγαπῶσιν.
1635 4760 1752 4812 Ἵνα
1781 4759 1825 4811 δ’

233 4846 397 4914 ἡμᾶς
426 4847 454 4896 ὁ
475 4844 620 4907 θεῖος
648 4844 809 4911 λόγος
852 4847 1134 4917 γυμνάσῃ,
1158 4850 1260 4901 οὑκ
1306 4852 1383 4911 είς
1416 4850 1696 4920 προῦπτον
1718 4849 1826 4901 κεί-

238 4954 392 5006 μενα
424 4936 748 5004 πράγματα,
774 4936 890 4988 ἀλλ’
933 4940 992 4988 ἐν
1034 4940 1341 5007 ἀποκρύφῳ
1375 4940 1696 5010 ὲρευνητὲα,
1736 4942 1830 4993 καὶ

232 5028 303 5091 ἐξ
355 5026 683 5095 ἀποκρύφου
715 5028 1031 5095 ἐξενεκτέα,
1073 5031 1285 5099 μείζονι
1339 5033 1512 5098 ἀγῶνι
1560 5033 1826 5101 πεποίηκε

236 5120 532 5190 ζητεῖσθαι
562 5136 575 5148 ·
624 5122 745 5173 οὐδέ
781 5122 891 5190 γὰρ
922 5120 1080 5175 εἶπεν
1107 5126 1138 5192 ἡ
1167 5124 1380 5192 Γραφὴ,
1408 5124 1488 5175 ὅτι
1514 5124 1573 5176 τὸ
1604 5123 1830 5193 Πνεῦμα

235 5220 306 5270 τὸ
354 5216 517 5281 ἆγιον
572 5216 765 5285 ἀγάπη
821 5218 991 5272 ἐστίν.
1035 5217 1096 5270 El
1133 5219 1241 5286 γὰρ
1284 5216 1430 5270 τοῦτ’
1492 5220 1735 5286 εἴρηκεν,
1766 5219 1829 5271 οὑ

242 5309 458 5378 μικρὸν
490 5309 556 5361 ἂν
618 5309 785 5377 μέρος
833 5310 1091 5379 ἀφείλετο
1144 5310 1298 5363 τοῦδε
1340 5310 1433 5363 τοῦ
1489 5312 1827 5380 ζητήματος,

235 5402 365 5455 ἀλλ’
388 5395 561 5465 εἶπεν,
590 5418 608 5450 ‹
645 5402 703 5452 ’0
725 5401 856 5463 Θεὸς
877 5402 1064 5471 ἀγάπη
1096 5403 1296 5465 ἐστίν,›
1332 5404 1406 5464 ὡς
1438 5402 1634 5471 ἄδηλον
1669 5399 1827 5467 εἶναι,

1930 4205 2040 4273 γὰρ
2069 4201 2167 4270 τὴν
2189 4199 2401 4251 ἔννοιαν
2432 4193 2630 4266 ῥᾳδίως
2663 4188 3031 4258 ἀποκρούεται
3060 4187 3094 4254 ἡ
3124 4185 3232 4236 τῶν
3266 4181 3500 4273 Γραφῶν

1928 4271 2135 4363 ὁμιλία,
2188 4288 2447 4342 Τοιοῦτον
2495 4289 2604 4353 γάρ
2656 4283 2773 4332 ἐστι
2811 4280 2891 4339 τὸ,
2929 4297 2949 4327 ι
2993 4277 3064 4328 Σὺ
3095 4273 3143 4327 εἷ
3195 4276 3227 4342 ἡ
3254 4271 3501 4339 ὑπομονή

1933 4402 2056 4456 μου,
2094 4403 2113 4435 ι
2144 4381 2325 4436 ὁποῖόν
2368 4380 2482 4430 ἐστι
2516 4376 2596 4439 τὸ,
2636 4392 2655 4425 ι
2699 4374 2796 4437 Σὺ,
2838 4370 3032 4442 Κύριε,
3062 4370 3095 4437 ἡ
3132 4368 3285 4427 ἐλπίς
3321 4382 3446 4432 μου.
3478 4382 3496 4415 ι

1931 4478 2042 4541 καὶ,
2084 4494 2102 4527 ι
2126 4475 2188 4527 '0
2212 4472 2343 4534 Θεός
2381 4488 2504 4539 μου,
2531 4468 2590 4519 τὸ
2618 4464 2766 4527 ἔλεός
2800 4480 2900 4531 μου
2925 4478 2937 4490 ·
2966 4480 2984 4511 ι
3014 4463 3106 4512 καὶ
3136 4457 3305 4509 πολλά
3325 4472 3502 4525 παρα-

1931 4569 2134 4638 πλήσια
2160 4583 2174 4597 ⁶
2208 4565 2309 4619 οὐκ
2358 4563 2574 4631 εἴρηται
2607 4559 2686 4619 δὲ,
2722 4556 2918 4623 Κύριε,
2950 4554 2983 4621 ἡ
3049 4551 3244 4617 ἀγάπη
3282 4565 3404 4617 μου,
3437 4546 3493 4612 ἢ,

1929 4668 2001 4719 Σὺ
2032 4660 2082 4716 εἷ
2110 4665 2141 4733 ἡ
2174 4662 2363 4730 ἀγάπη
2391 4677 2515 4729 μου,
2548 4659 2605 4728 ἢ,
2656 4654 2714 4708 'O
2746 4654 2873 4714 Θεὸς
2929 4653 2962 4720 ἠ
2995 4650 3181 4716 ἀγάπη
3214 4664 3314 4716 μου
3342 4662 3357 4677 ο
3385 4644 3499 4698 ἀλλ’

1930 4758 2102 4819 οὕτως
2134 4754 2431 4827 εἰρημένον
2467 4754 2636 4813 ἐστὶν,
2693 4767 2709 4799 ι
2768 4747 2824 4798 '0
2875 4744 3007 4807 Θεὸς
3054 4743 3243 4823 ἀγάπη
3274 4741 3441 4799 ἐστὶν,
3476 4757 3493 4788 ι

1931 4854 2121 4921 ὥσπερ
2154 4852 2369 4920 εἴρηται
2407 4866 2425 4893 ι
2476 4847 2536 4899 '0
2573 4844 2707 4906 Θεὸς
2735 4842 2956 4909 πνεῦμά
2991 4842 3162 4891 ἐστιν.
3206 4857 3222 4887 ι
3273 4836 3333 4889 ’0
3358 4836 3412 4887 δὲ
3438 4835 3500 4902 δὴ

1930 4947 2092 4999 τοῦτο
2127 4942 2203 5013 μὴ
2224 4940 2519 5010 διακρίνων
2552 4937 2741 5005 νόησιν
2773 4933 2925 5002 παρὰ
2972 4928 3205 4998 Κυρίου,
3239 4927 3376 4980 ἀλλά
3426 4925 3503 4993 μὴ

1932 5040 2196 5108 ἐξήγησιν
2238 5034 2371 5103 παρ’
2403 5031 2561 5100 ἡμῶν
2611 5028 2872 5096 ζητείτω.
2919 5024 3057 5077 Οὑδέ
3082 5024 3190 5092 γὰρ
3252 5018 3503 5087 καθαρώ-

1932 5133 2091 5201 τερόν
2122 5148 2175 5180 τι
2200 5128 2381 5193 λέγειν
2420 5121 2718 5190 δυνάμεθα.
2760 5121 2819 5171 Ὀ
2847 5118 2979 5179 Θεὸς
3006 5116 3114 5184 ἄρα
3148 5114 3342 5179 ἀγάπη
3363 5111 3500 5167 ἐστί,

1932 5226 2169 5291 Πότερον
2204 5220 2262 5272 δὲ
2296 5220 2328 5288 ἢ
2384 5224 2409 5269 ὁ
2446 5216 2655 5284 Πατὴρ,
2690 5214 2718 5283 ἢ
2758 5215 2785 5266 ὁ
2824 5210 2969 5271 Υἱὸς,
3004 5209 3035 5275 ἢ
3091 5207 3151 5260 τὸ
3188 5203 3413 5270 Πνεῦμα
3446 5202 3507 5253 τὸ

1934 5316 2110 5380 ἅγιον,
2144 5312 2176 5380 ἢ
2207 5309 2345 5377 αὑτὴ
2368 5311 2400 5377 ἠ
2438 5308 2641 5375 Τριάς·
2690 5304 2787 5356 καὶ
2817 5302 2925 5370 γὰρ
2956 5298 3051 5351 καὶ
3084 5296 3223 5363 αὑτὴ
3253 5294 3313 5344 οὐ

1935 5405 2069 5467 θεοὶ,
2110 5379 2246 5453 ἀλλά
2301 5398 2433 5459 Θεός
2484 5400 2630 5448 ἐστιν
2664 5388 2741 5454 εἷς
2771 5408 2786 5424 ο
2822 5388 2983 5442 τοῦτο
3032 5385 3299 5456 ζητεῖται.
3359 5379 3501 5433 Ἀλλ’

232 5497 338 5548 καὶ
361 5493 456 5546 διὰ
488 5494 666 5547 ταῦτα
708 5494 999 5564 ζητητέον,
1037 5470 1267 5564 πότερον
1295 5498 1321 5547 ὁ
1351 5494 1484 5557 Θεὸς
1520 5470 1613 5547 παὶ
1637 5495 1827 5563 Πατὴρ
1855 5517 1911 5578 D
1935 5496 2035 5566 ήδη
2068 5496 2125 5547 ἐν
2181 5491 2319 5561 τῷδε
2370 5490 2449 5559 τῷ
2498 5484 2686 5557 βιϐλίῳ
2733 5476 3403 5578 ἀνωτὶέριυᾳδιείλεγμαιᾌ

236 5587 443 5654 ἀγάπη
473 5586 646 5650 ἐστὶν,
678 5585 710 5646 ἦ
733 5589 759 5639 ὁ
790 5586 924 5649 Θεὸς
948 5588 1040 5640 καὶ
1064 5587 1212 5651 Υἱὸς,
1243 5587 1275 5654 ἦ
1311 5588 1339 5638 ὁ
1362 5586 1493 5648 Θεὸς
1520 5585 1581 5637 τὸ
1606 5585 1828 5654 Πνεῦμα

237 5676 306 5729 τὸ
337 5676 521 5741 ἆγιον,
551 5675 585 5744 ῆ
618 5676 645 5726 ὁ
670 5673 804 5738 Θεὸς
832 5674 972 5746 αὑτὴ
1010 5678 1042 5746 η
1068 5676 1259 5747 Τριάς.
1295 5676 1430 5730 Οὐδὲ
1452 5675 1560 5747 γάρ
1591 5675 1828 5745 ἐροῦμεν

318 5854 333 5887 ¹
376 5851 533 5907 Joan.
570 5865 640 5913 IV,
680 5849 765 5903 l6.

1935 5560 2079 5640 οὕτω
2107 5560 2304 5655 χρῆναι
2356 5579 2656 5648 λαμϐάνειν
2705 5575 2803 5645 τὴν
2852 5570 3084 5641 Τριάδα,
3134 5567 3257 5636 ἦτις
3294 5564 3320 5614 ὁ
3364 5560 3498 5655 Sed;

1936 5679 2085 5729 ἐστιν
2109 5652 2315 5728 τῶν
2364 5668 2532 5742 τριῶν
2572 5665 2819 5733 ἐκείνων,
2866 5663 3011 5733 ἅπερ
3061 5660 3119 5713 ἐν
3172 5660 3239 5729 τῇ
3284 5652 3497 5725 τριάδι,
