4232 6448
304 396 451 461 1117

1201 398 1621 462 ἹἪΑΝΞίΛΤ.
1657 401 1714 462 S.
1761 403 2191 465 AUGUSTINI
2246 407 2341 466 DE
2371 406 2668 468 ΤΙὶΙΝΙΤ.

3411 405 3556 474 1118

309 529 397 568 me
443 510 610 578 gratis
639 509 660 541 ³
700 527 712 562 :
753 528 770 560 ι
810 523 929 562 cum
983 509 1083 561 hoc
1133 509 1341 577 legatur
1386 510 1438 561 in
1485 508 1722 563 Psalmo.
1773 511 1883 561 Ali-
1915 517 1959 568 Α
1992 518 2374 572 universalitcr
2405 517 2646 571 charitas
2676 525 2729 570 et
2755 519 2916 570 Pater
2962 522 3014 569 ct
3053 516 3244 571 Filius.
3305 516 3406 572 Sed
3471 520 3562 572 Dei

308 608 534 677 quando
569 615 754 660 autem
790 605 1008 675 proprie
1035 615 1260 660 vocatur
1287 605 1391 667 lex,
1427 621 1547 674 qua:
1603 606 1728 659 data
1799 616 1882 661 est

311 718 405 764 per
435 702 651 769 Moysen
685 701 989 754 secundum
1021 701 1164 769 quod
1194 701 1400 754 dictmn
1440 710 1525 754 est
1565 719 1578 754 :
1613 719 1629 750 ι
1667 701 1774 754 Lex
1833 708 1886 752 et

311 795 591 861 prophetae
625 809 796 860 usque
840 795 903 845 ad
935 793 1195 847 Joannem
1224 794 1265 846 ⁸.
1303 814 1321 844 ι
1358 795 1418 846 Ει
1454 812 1468 847 :
1503 811 1520 843 ι
1559 792 1611 846 In
1651 793 1734 845 his
1759 792 1888 845 duo-

313 886 416 938 bus
442 887 730 954 prteceptis
759 895 871 939 tom
906 886 988 939 lex
1025 889 1224 954 pendet
1255 895 1307 939 et
1356 886 1635 954 prophelm
1661 887 1702 938 '.
1738 903 1755 936 ι
1795 885 1889 939 llic

312 978 506 1042 utique
533 982 749 1048 proprie
781 978 860 1031 lex
927 980 1193 1048 appellata
1248 988 1330 1032 est
1375 980 1442 1032 de
1482 990 1661 1032 monte
1710 977 1837 1031 Sina
1874 992 1889 1042 ;

314 1067 701 1132 prophetarum
761 1079 944 1122 autem
993 1072 1208 1123 nomine
1242 1069 1405 1123 etiam
1471 1070 1660 1137 psalmi
1719 1069 1890 1135 signi-

316 1159 462 1212 ﬁcati
491 1169 642 1222 sunt,
664 1172 717 1214 et
748 1174 926 1215 tamen
950 1164 1196 1218 alio'loco
1232 1166 1346 1232 ipse
1372 1164 1650 1216 Salvator:
1680 1181 1696 1212 ι
1723 1161 1894 1230 Opur-

316 1255 483 1314 tebat.
521 1256 718 1322 inquit,
754 1257 964 1323 impleri
995 1260 1196 1315 omnia.
1235 1273 1356 1324 quae
1384 1257 1585 1322 scripta
1659 1267 1785 1308 sunt
1838 1258 1888 1306 in

314 1345 452 1412 lege.
483 1354 534 1396 et
571 1346 871 1412 prophetis,
905 1357 958 1398 et
990 1347 1210 1413 psalmis
1246 1349 1314 1400 de
1347 1361 1431 1398 tlte
1458 1346 1501 1398 ⁸.
1538 1366 1554 1397 ι
1583 1346 1679 1396 llic
1704 1361 1894 1396 rursus

319 1438 708 1504 prophetarum
738 1454 960 1500 nomen,
990 1440 1236 1506 exceptis
1270 1439 1518 1503 psalmis.
1545 1437 1769 1497 intelligi
1795 1451 1893 1486 vo-

321 1527 443 1581 luit.
478 1527 688 1581 Dicitur
721 1544 849 1597 ergo
879 1531 962 1582 lex
992 1531 1374 1583 universaliter
1433 1546 1556 1581 cum
1618 1530 1894 1595 prophetis

315 1629 371 1674 et
403 1622 633 1688 psalmis
674 1622 920 1687 ;dicitur
951 1633 1005 1676 ct
1052 1624 1291 1690 proni-ie,
1357 1637 1479 1690 qua:
1531 1637 1622 1689 per
1676 1621 1892 1690 Moysen

315 1715 443 1766 data
478 1725 582 1768 est.
609 1713 737 1767 Item
765 1715 1023 1768 dicuntur
1045 1717 1414 1770 conminuitcr
1439 1717 1712 1782 proliln-tar
1737 1716 1894 1768 simul

317 1822 442 1857 cum
482 1807 731 1874 psalmis,
791 1810 1044 1860 dicuntur
1070 1819 1120 1860 et
1159 1808 1375 1876 proprie.
1407 1819 1603 1876 przetcr
1637 1808 1892 1874 psalmos.

321 1899 388 1950 lit
425 1900 610 1952 multis
665 1898 790 1951 aliis
824 1901 1088 1966 exemplis
1137 1900 1320 1952 doceri
1378 1909 1553 1966 potest
1600 1900 1888 1951 mttltarmu

323 2004 506 2041 rerum
563 1990 824 2042 vocabula
871 2000 917 2042 et
955 1991 1334 2044 universaliter
1376 1990 1523 2056 poni,
1572 2000 1625 2042 ct
1680 1990 1894 2055 proprie

316 2080 650 2147 quibusdam
685 2084 845 2134 rebus
879 2083 1143 2146 adhiberi,
1178 2084 1277 2135 nisi
1304 2085 1353 2134 iu
1378 2099 1434 2136 re
1460 2093 1646 2150 aperta
1672 2083 1891 2135 Vitanda

317 2170 393 2222 sit
427 2170 711 2237 longitudo
737 2171 1026 2225 sermonis.
1050 2172 1172 2223 "me
1205 2174 1325 2225 ideo
1356 2173 1490 2230 dixi,
1518 2189 1580 2224 ne
1602 2172 1891 2238 quisquam

321 2269 612 2328 pi-Opterea
647 2277 746 2314 nos
790 2262 1236 2316 incom'enienter
1269 2265 1546 2316 existimes
1575 2265 1892 2315 charitaleat

322 2353 604 2420 appellare
646 2353 911 2421 Spiritunt
972 2358 1484 2421 sanetum,quiact
1543 2355 1682 2406 Deus
1739 2355 1897 2406 Pater

321 2454 380 2497 et
431 2443 573 2496 Deus
617 2444 787 2498 Filius
844 2456 1022 2512 potest
1069 2447 1308 2500 Charitas
1365 2448 1689 2513 nuncupari.
1747 2446 1898 2499 Sicut

321 2552 460 2601 ergo
493 2539 712 2590 unicum
745 2539 835 2591 Dei
867 2538 1104 2591 Verbum
1140 2540 1357 2607 proprie
1392 2555 1650 2591 vocatntts
1679 2541 1898 2591 nomine

325 2628 632 2691 sapientia}.
656 2645 777 2679 cum
803 2629 875 2681 sit
910 2631 1286 2681 universaliter
1315 2639 1365 2680 ct
1395 2629 1632 2695 Spiritus
1679 2639 1898 2682 sanctus

325 2723 384 2765 et
417 2710 579 2764 Pater
613 2714 726 2780 ipsa
765 2715 1037 2781 Sapientia
1072 2734 1082 2767 :
1113 2717 1182 2767 ita
1233 2716 1472 2784 Spiritus
1508 2729 1729 2769 sanctus
1779 2734 1903 2784 pro-

327 2803 450 2872 prie
523 2815 879 2873 nuncopatur
954 2808 1218 2860 vocabulo
1278 2808 1589 2872 charitatis,
1648 2824 1770 2861 cum
1832 2813 1902 2862 sit

329 2984 513 3038 πάντα
538 2984 607 3036 τά
641 2986 740 3055 τῆς
768 2986 1006 3047 παλαιᾶς
1040 2988 1132 3039 καὶ
1166 2988 1316 3049 θείας
1363 2988 1587 3056 Γραφῆς
1615 2988 1900 3053 δηλοῦνται

329 3077 493 3142 λόγια
513 3092 527 3108 ⁸
559 3079 787 3148 καὶγὰρ
816 3080 880 3131 ὲκ
920 3079 1020 3145 τῆς
1058 3080 1283 3147 Γραφῆς
1309 3080 1404 3131 τοῦ
1448 3081 1671 3132 Ἡσαΐου
1701 3099 1905 3149 μαρτυ-

1991 607 2251 673 Verbum,
2289 609 2341 660 id
2366 616 2448 662 est
2477 609 2790 677 unigenitus
2821 607 2909 659 Dei
2937 607 3131 673 Filius,
3166 619 3350 676 aperte
3381 608 3561 661 dictus

1989 712 2071 756 est
2103 703 2194 755 Dei
2224 703 2522 772 Sapientia,
2548 718 2642 756 ore
2669 702 2992 771 apostolico.
3031 702 3120 754 tibi
3151 702 3246 762 ait.
3279 701 3559 755 Christum

1997 797 2088 850 Dei
2127 797 2380 850 virtutem
2431 806 2484 849 et
2537 796 2627 848 Dei
2681 795 3025 863 sapientiam.
3085 794 3320 856 Spiritus
3382 806 3559 846 autem

1994 899 2216 944 sanctus
2249 890 2338 942 ubi
2367 891 2438 942 sit
2465 889 2644 940 dictus
2667 890 2926 950 charitas,
2978 889 3308 947 invenimus,
3363 889 3405 938 si
3441 888 3566 938 dili—

1994 995 2182 1052 genter
2210 982 2434 1034 Joannis
2486 983 2716 1048 apostoli
2755 991 3066 1035 scrutemur
3095 967 3397 1046 eloquium.
3457 978 3561 1042 Qui

1993 1092 2116 1128 cum
2168 1075 2444 1128 dixisset:
2494 1097 2511 1126 ι
2551 1072 2922 1135 DilectiSsiuii,
2971 1075 3260 1139 diligamus
3308 1073 3561 1131 iuvit-eiu,

1994 1170 2119 1236 quia
2151 1168 2370 1221 dilectio
2413 1182 2475 1218 ex
2512 1167 2619 1220 Deo
2665 1178 2781 1230 est,
2815 1184 2834 1217 ι
2882 1173 3100 1218 secutus
3141 1163 3420 1230 adjunxit:
3461 1179 3477 1210 ι
3508 1161 3566 1211 Et

1996 1264 2176 1314 omnis
2207 1259 2294 1327 qui
2327 1261 2519 1324 diligit,
2555 1276 2614 1311 ex
2645 1259 2754 1312 Deo
2785 1269 2943 1312 natus
2972 1266 3086 1322 cst;
3119 1258 3208 1323 qui
3243 1271 3349 1307 non
3375 1254 3564 1317 diligit.

1999 1365 2104 1402 noii
2131 1351 2384 1409 cognovit
2415 1347 2597 1410 Deum;
2642 1349 2767 1412 quia
2806 1348 2946 1400 Deus
2980 1346 3199 1398 dilectio
3231 1353 3314 1396 est
3345 1346 3386 1394 τ.
3420 1363 3436 1393 ι
3470 1343 3568 1396 llic

2000 1440 2367 1492 manifestavit
2416 1453 2534 1490 eam
2595 1452 2653 1488 se
2699 1437 2904 1489 dixisse
2957 1434 3304 1488 dilectionem
3377 1431 3568 1488 Deum.

1998 1551 2161 1602 quam
2197 1536 2331 1586 dixit
2368 1549 2430 1584 ex
2462 1531 2591 1583 Deo.
2627 1530 2770 1582 Deus
2800 1546 2928 1594 ergo
2957 1544 3020 1580 ex
3054 1527 3162 1580 Dco
3192 1533 3273 1577 est
3323 1525 3568 1576 dilectio.

2002 1629 2105 1681 Sed
2148 1627 2276 1695 quia
2309 1627 2552 1679 etFilius
2580 1639 2640 1676 ex
2673 1624 2782 1675 Deo
2809 1623 2966 1674 Patre
2999 1631 3159 1673 natus
3187 1629 3291 1681 est,
3347 1630 3402 1671 et
3454 1617 3573 1684 Spi-

2003 1726 2140 1777 ritus
2173 1732 2395 1774 sanctus
2417 1737 2480 1772 ex
2521 1721 2626 1772 Ileo
2662 1716 2822 1771 Patre
2865 1714 3130 1784 procedit,
3172 1728 3330 1782 quem
3393 1713 3572 1779 potius

2003 1833 2190 1870 eorum
2229 1816 2314 1866 hic
2350 1815 2648 1866 debeamus
2706 1813 2973 1879 accipere,
3011 1809 3218 1861 dictum
3264 1820 3387 1859 esse
3437 1804 3574 1855 dile-

2002 1911 2234 1961 etioncm
2279 1907 2464 1968 Deum,
2500 1906 2696 1958 merito
2718 1905 2982 1973 quau-itur
3018 1919 3029 1953 :
3062 1900 3223 1953 Pater
3256 1899 3398 1952 enim
3427 1897 3574 1948 solus

2001 2005 2073 2055 ita
2107 2002 2247 2054 lleus
2269 2010 2368 2058 est.
2415 2006 2470 2049 ttt
2498 2014 2604 2050 non
2637 2000 2708 2050 sit
2739 2013 2799 2047 ex
2831 1995 2938 2047 Deo
2965 2007 3060 2060 ;ac
3087 2007 3182 2058 per
3207 1989 3569 2050 hocdilertio,

2002 2110 2121 2164 qum
2157 2094 2227 2145 ita
2262 2091 2408 2144 Deus
2441 2097 2543 2150 cst,
2587 2096 2647 2139 ut
2680 2102 2742 2139 ex
2774 2087 2885 2138 Deo
2936 2084 3030 2144 sit,
3094 2091 3188 2135 aut
3242 2079 3410 2132 Filius
3467 2089 3572 2142 est,

2002 2198 2094 2241 aut
2125 2185 2362 2251 Spiritus
2386 2190 2628 2235 sanctus.
2674 2177 2777 2230 Sed
2813 2179 2864 2228 in
2929 2171 3390 2241 consequentibus
3451 2186 3572 2223 cum

2003 2275 2095 2327 Dei
2127 2273 2471 2325 dilectionem
2510 2274 3010 2325 commemorasset,
3036 2277 3143 2314 non
3169 2277 3272 2329 qua
3305 2277 3405 2313 nos
3425 2275 3575 2322 eum,

2006 2367 2098 2420 scd
2127 2381 2229 2432 qua
2269 2365 2384 2431 ipse
2411 2361 2602 2413 dilexit
2632 2375 2751 2418 nos,
2789 2368 2840 2410 et
2873 2356 3020 2408 misit
3055 2354 3252 2408 Filium
3286 2369 3444 2406 suum
3507 2352 3540 2404 li
3562 2381 3578 2392 -

2006 2459 2308 2511 beratorem
2348 2470 2445 2522 pro
2479 2450 2718 2520 peccatis
2755 2447 2981 2512 nostris,
3016 2455 3074 2500 et
3106 2447 3233 2498 hinc
3260 2444 3578 2496 exhortatus

2005 2562 2147 2605 esset
2189 2560 2243 2601 ut
2298 2556 2478 2599 etuos
2526 2544 2757 2596 invicem
2816 2540 3127 2608 diligamus,
3187 2544 3348 2602 atque
3396 2536 3468 2587 ita
3522 2535 3577 2586 in

2009 2644 2168 2694 nobis
2200 2640 2341 2692 “eus
2366 2648 2581 2690 maneat
2610 2653 2623 2689 :
2659 2637 2782 2701 quia
2815 2635 3002 2698 utique
3029 2628 3374 2682 dilectioueut
3410 2627 3577 2678 Deum

2009 2737 2238 2798 dixerat,
2272 2731 2454 2786 statim
2491 2729 2678 2780 volens
2715 2726 2782 2778 de
2814 2726 2915 2776 hac
2965 2738 3022 2776 re
3080 2720 3322 2790 apertius
3372 2717 3579 2785 aliquid

2009 2828 2188 2895 eloqui
2223 2843 2236 2878 :
2283 2843 2300 2875 ι
2332 2823 2388 2876 lu
2422 2824 2544 2882 hoc,
2577 2820 2773 2888 inquit,
2810 2816 3194 2886 cognoscimus
3223 2811 3349 2880 quia
3381 2813 3433 2864 in
3467 2811 3584 2878 ipso

2011 3000 2142 3060 Θεὸς
2184 2998 2278 3048 καὶ
2327 2995 2538 3062 Πατὴρ,
2576 2993 2674 3044 καὶ
2723 2992 2750 3043 6
2790 2988 2920 3052 Θεὸς
2956 2990 3085 3051 Υίὸς
3118 2987 3340 3040 δύναται
3391 2987 3581 3054 ἀγάπη

2012 3087 2561 3160 προσαγορεύεσθαι·
2621 3086 2810 3153 ῶσπερ
2859 3083 2952 3135 οῦν
3010 3083 3102 3134 τὸν
3171 3081 3432 3150 μονογενῆ
3488 3078 3582 3130 τοῦ

332 3173 458 3242 ρίαν
491 3171 668 3265 τιθεὶς
721 3172 750 3222 6
793 3172 1117 3228 Ἀπόστολος
1174 3173 1301 3224 ἔνθα
1361 3177 1548 3240 φησὶν.
1605 3193 1624 3223 ι
1678 3175 1763 3225 Ἐν
1792 3175 1905 3227 ἐτε-
1935 3208 1979 3265 C
2014 3182 2148 3235 Θεοῦ
2181 3183 2353 3248 Λόγον
2388 3180 2589 3246 κυρίως
2620 3177 2893 3241 καλοῦμεν
2923 3174 3001 3243 τῷ
3029 3177 3128 3238 τῆς
3157 3175 3349 3240 σοφίας
3383 3173 3580 3238 ὀνόμα-

334 3264 678 3334 ρογλὼσσαις
711 3265 806 3316 καὶ
834 3267 892 3314 ὲν
921 3265 1158 3333 χείλεσιν
1195 3267 1406 3333 ἑτέροις
1440 3266 1660 3334 λαλήσω
1696 3265 1772 3334 τῷ
1794 3267 1910 3336 λαῷ

328 3357 548 3426 τούτῳ,
595 3376 613 3407 ι
678 3355 994 3426 προύθηκεν
1021 3357 1192 3422 ὅμως,
1234 3375 1250 3405 ι
1300 3357 1386 3408 Ἐν
1417 3357 1491 3424 τῷ
1533 3358 1679 3426 νόμῳ
1707 3361 1909 3428 γέγρα-

331 3467 493 3503 πται.
535 3469 553 3500 β
617 3450 727 3500 Καὶ
762 3449 928 3510 αὐτὸς
971 3448 1025 3500 δὲ
1054 3452 1081 3500 6
1131 3448 1361 3516 Κύριος,
1399 3469 1417 3500 ι
1472 3450 1559 3502 Ἐν
1606 3450 1681 3519 τῷ
1741 3452 1908 3520 νόμῳ,

332 3543 527 3609 φησὶν,
585 3542 765 3592 αὐτῶν
815 3541 1148 3608 γέγραπται,
1189 3541 1293 3600 ὅτι,
1351 3541 1651 3609 Ἐμίσησάν
1703 3560 1770 3610 με
1808 3543 1911 3595 δω-

336 3637 494 3704 ρεὰν,
563 3651 582 3684 ι
644 3633 823 3686 καίτοι
885 3633 1078 3684 τούτου
1142 3633 1658 3698 ἀναγινωσκομένου
1720 3636 1774 3685 ὲν
1834 3635 1912 3704 τῷ

334 3727 564 3796 ψαλμῷ.
610 3726 814 3778 Ἐνίοτε
841 3727 894 3777 δὲ
931 3725 1095 3788 νόμος
1127 3726 1334 3791 κυρίως
1363 3724 1714 3777 καλεῖταιδιὰ
1745 3729 1912 3780 Μωῦ-

335 3819 500 3884 σέως,
533 3819 674 3870 κατὰ
701 3817 761 3869 τὸ
789 3816 972 3886 ῥηθὲν,
1003 3835 1020 3866 ι
1047 3816 1103 3868 't)
1125 3817 1284 3881 νόμος
1309 3818 1399 3867 καὶ
1427 3818 1475 3868 οἱ
1498 3820 1773 3886 προφῆται
1808 3819 1913 3882 ἕως

348 3911 628 3962 Ἰωάννου.
657 3928 675 3960 ll
723 3909 862 3960 Καί·
904 3927 922 3956 ι
961 3908 1052 3958 Ἐν
1093 3907 1316 3968 ταύταις
1342 3909 1457 3966 ταῖς
1497 3907 1644 3958 δυσὶν
1676 3908 1914 3970 ἐντολαῖς

333 4003 461 4064 ὅλος
484 4005 511 4053 ό
533 4003 696 4070 νόμος
729 4001 821 4052 καὶ
849 4000 898 4053 οἱ
930 4000 1208 4068 προφῆται
1240 4000 1568 4067 κρέμανται.
1602 4017 1617 4050 ι
1650 3999 1913 4052 Ἐνταῦθα

334 4096 449 4164 γὰρ
479 4096 698 4155 πάντως
731 4092 896 4161 νόμος
925 4091 1130 4159 κυρίως
1159 4090 1628 4159 προσαγορεύεται
1663 4094 1690 4144 6
1719 4093 1782 4142 ὲκ
1824 4092 1913 4143 τοῦ

337 4190 505 4258 ὅρους
550 4187 717 4251 Σινᾶ,
763 4186 841 4254 τῷ
889 4185 996 4236 τῶν
1033 4184 1329 4252 προφητῶν
1370 4184 1426 4236 δὲ
1467 4185 1694 4253 ὀνόματι
1730 4186 1823 4237 καὶ
1866 4188 1913 4238 ot

339 4281 553 4350 ψαλμοὶ
600 4281 978 4347 σημαίνονται.
1012 4278 1100 4328 Ἐν
1127 4277 1297 4345 ἑτέρῳ
1323 4277 1504 4343 μέντοι
1527 4276 1684 4345 τύπῳ
1709 4279 1866 4339 αὐτὸς
1890 4281 1917 4331 ό

339 4377 557 4442 Σωτὴρ,
583 4392 600 4424 ι
624 4373 792 4433 Ἔδει,
826 4390 844 4420 ›
880 4371 1032 4438 φησὶ,
1072 4390 1089 4420 ‹
1141 4369 1494 4437 πληρωθῆναι
1541 4371 1719 4424 πάντα
1736 4372 1802 4424 τὰ
1825 4389 1917 4440 γε-

336 4467 642 4536 γραμμένα
686 4466 742 4515 ὲν
783 4463 860 4530 τῷ
893 4464 1041 4529 νόμῳ
1099 4463 1192 4511 καὶ
1222 4463 1528 4528 προφήταις
1565 4462 1654 4513 καὶ
1685 4462 1916 4530 ψαλμοῖς

2012 3292 2084 3336 τι,
2116 3273 2293 3325 καίτοι
2324 3271 2554 3322 καθόλου
2584 3269 2678 3320 καὶ
2713 3266 2806 3318 τοῦ
2835 3267 2992 3333 ἁγίου
3014 3264 3334 3332 Πνεύματος
3369 3264 3465 3315 καὶ
3490 3263 3584 3313 τοῦ

2013 3361 2224 3428 Πατρὸς
2259 3358 2451 3426 σοφίας
2479 3356 2652 3420 ὄντος,
2687 3355 2827 3407 οὓτω
2860 3354 2950 3406 καὶ
2980 3354 3040 3405 τὸ
3072 3352 3300 3420 Πνεῦμα
3335 3353 3394 3404 τὸ
3428 3353 3586 3418 ἅγιον

2012 3451 2220 3520 κυρίως
2252 3450 2330 3519 τῷ
2359 3449 2456 3518 τῆς
2488 3448 2714 3515 ἀγάπης
2758 3446 3006 3515 ὀνόματι,
3063 3445 3293 3504 καθόλου
3342 3446 3438 3495 καὶ
3493 3444 3586 3495 τοῦ

2013 3547 2224 3614 Πατρδς
2279 3545 2374 3596 καὶ
2419 3543 2511 3596 τοῦ
2564 3539 2696 3594 Υίοῦ
2753 3539 2974 3607 ἀγάπης
3009 3538 3184 3599 ὄντος.
3233 3536 3378 3588 Ἀλλ’
3418 3538 3445 3587 6
3489 3535 3586 3602 μὲν

2014 3639 2184 3704 Λόγος
2244 3636 2331 3689 τοῦ
2386 3633 2523 3687 Θεοῦ
2549 3676 2562 3698 ,
2599 3632 2882 3686 τουτέστιν
2931 3633 2957 3682 6
2996 3627 3292 3699 μονογενὴς
3324 3627 3449 3689 Υἱὸς
3492 3627 3586 3677 τοῦ

2013 3729 2167 3792 Θεοῦ,
2202 3726 2453 3796 φανερῶς
2487 3725 2704 3794 εἴρηται
2734 3723 2826 3775 τοῦ
2864 3720 2997 3774 Θεοῦ
3046 3721 3207 3788 σοφία
3235 3720 3311 3786 τῷ
3348 3721 3583 3771 ἀποστο-

2015 3825 2150 3890 λικῷ
2186 3822 2434 3889 στόματι,
2467 3818 2596 3871 ἔνθα
2643 3817 2797 3882 φησὶ,
2832 3836 2849 3866 ι
2893 3814 3127 3884 Χριστὸν
3158 3812 3294 3865 Θεοῦ
3329 3812 3583 3877 δύναμιν,

2013 3915 2108 3968 καὶ
2143 3913 2280 3965 Θεοῦ
2315 3910 2533 3978 σοφίαν.
2575 3928 2593 3960 ι
2626 3909 2699 3959 Τὸ
2723 3908 2778 3959 δὲ
2806 3906 3034 3974 Πνεῦμα
3057 3905 3114 3956 τὺ
3139 3906 3295 3971 ᾰγιον
3323 3905 3424 3956 ποῦ
3455 3920 3586 3953 ποτε

2015 4005 2265 4074 εἰρῆσθαι
2303 4004 2526 4069 ἀγάπην
2556 4001 2919 4068 εὐρίσκομεν;
2965 3999 3030 4050 ἄν
3063 4013 3168 4064 περ
3211 3996 3483 4061 ἐπιμελῶς
3511 3993 3588 4060 τῷ

2014 4095 2106 4147 τοῦ
2139 4093 2440 4146 ἀποστόλου
2502 4091 2757 4143 Ἰωάννου
2799 4088 2969 4156 λογίῳ
3005 4089 3392 4154 πρόσσχωμεν,
3419 4085 3477 4146 ὃς
3507 4087 3583 4135 εἰ·

2017 4185 2157 4247 πῶν,
2187 4203 2205 4235 σι
2245 4183 2568 4251 Ἀγαπητοί,
2593 4179 2901 4247 ἀγαπῶμεν
2925 4177 3208 4244 ἀλλήλους,
3241 4176 3322 4228 ὅτι
3345 4177 3377 4242 ἠ
3400 4176 3585 4241 ἀγάπη

2018 4282 2080 4333 ὲκ
2107 4279 2201 4330 τοῦ
2249 4276 2384 4329 Θεοῦ
2419 4278 2593 4336 ὲστιν,
2633 4293 2652 4326 ι
2687 4273 2968 4339 ἑπομένως
3002 4271 3231 4339 συνῆψε,
3277 4288 3294 4319 ι
3339 4272 3448 4324 Καὶ
3478 4274 3588 4332 πᾶς

2017 4375 2044 4424 6
2076 4371 2306 4440 ἀγαπῶν
2336 4372 2398 4422 ὲκ
2432 4368 2526 4421 τοῦ
2558 4367 2692 4419 Θεοῦ
2735 4365 3024 4433 ἐγεννήθη·
3052 4367 3080 4417 6
3129 4366 3184 4416 δὲ
3241 4365 3314 4432 μὴ
3355 4365 3588 4430 ἀγαπῶν

2019 4465 2122 4516 οὐκ
2155 4464 2296 4529 ἔγνω
2328 4461 2416 4512 τὸν
2441 4459 2596 4520 Θεὸν,
2634 4459 2715 4509 ὅτι
2756 4458 2784 4509 6
2807 4455 2941 4517 Θεὸς
2975 4457 3165 4524 ἀγάπη
3201 4455 3369 4509 ἐστίν.
3412 4476 3428 4506 ι
3471 4455 3587 4507 Ἐν-

333 4564 469 4630 περὶ
517 4557 674 4625 ἐμοῦ.
703 4574 720 4605 ι
777 4553 1043 4606 Ἐνταῦθα
1067 4553 1172 4622 γὰρ
1202 4552 1364 4604 πάλιν
1393 4553 1453 4605 τὸ
1484 4554 1590 4604 τῶν
1618 4555 1913 4622 προφητῶν
1949 4547 1988 4598 Ι)
2017 4557 2194 4610 ταῦθα
2226 4554 2578 4622 ἐφανέρωσεν
2609 4551 2810 4603 ἑαυτὸν
2848 4549 3019 4618 αὐτὴν
3053 4549 3336 4617 εἰρηκέναι
3364 4549 3588 4617 ἀγάπην

331 4655 531 4719 ὄνομα,
565 4650 970 4718 ἐξαιρουμένων
1033 4646 1139 4698 τῶν
1194 4645 1459 4714 ψαλμῶν,
1497 4645 1736 4698 νοεῖσθαι
1792 4647 1914 4716 ἠθέ-

329 4750 494 4817 λησε.
527 4745 763 4810 Λέγεται
795 4741 904 4808 ἄρα
936 4740 1100 4806 νόμος
1153 4738 1458 4800 καθολικῶς
1491 4737 1587 4790 σὺν
1618 4741 1730 4801 τοῖς
1779 4758 1914 4808 προ-

329 4849 537 4914 φήταις
584 4842 680 4893 καὶ
705 4839 962 4908 ψαλμοῖς.
983 4837 1220 4902 Λέγεται
1251 4835 1348 4889 καὶ
1376 4833 1578 4903 κυρίως
1611 4838 1637 4886 6
1665 4834 1749 4887 διὰ
1787 4836 1913 4888 Μω-

331 4938 477 4995 σέως
523 4932 722 4992 δοθείς.
756 4931 877 4982 Ἐτι
911 4930 1162 4995 λέγονται
1195 4928 1388 4989 κοινῶς
1421 4927 1470 4978 οῖ
1501 4926 1780 4996 προφῆται
1815 4928 1912 4979 σὺν

327 5030 447 5089 τοῖς
480 5026 736 5094 ψαλμοῖς.
765 5024 1025 5088 Λέγονται
1051 5021 1106 5072 δὲ
1138 5020 1233 5073 καὶ
1259 5019 1402 5081 ἰδίως
1454 5018 1592 5087 πλὴν
1636 5019 1745 5071 τῶν
1778 5018 1912 5087 ψαλ-

332 5118 598 5190 μῶν.Καὶ
623 5115 838 5176 πολλοῖς
857 5113 913 5164 δὲ
939 5113 1345 5181 παραδείγμασι
1367 5112 1460 5163 καὶ
1484 5109 1662 5172 ἄλλοις
1684 5110 1912 5162 δυνατὸν

329 5211 486 5279 ἡμᾶς
515 5209 741 5276 γνῶναι,
771 5206 845 5267 ὡς
887 5205 1102 5256 πολλῶν
1136 5203 1480 5272 πραγμάτων
1525 5204 1766 5269 ὀνόματα
1816 5201 1910 5252 καὶ

330 5298 648 5361 καθολικῶς
681 5296 966 5360 τίθεσθαι,
1006 5297 1100 5346 καὶ
1138 5296 1284 5357 ἰδίως
1315 5293 1460 5346 τισὶν
1494 5293 1864 5358 άπονέμεσθαι
1893 5309 1906 5322 ·

332 5396 384 5445 εί
422 5392 494 5460 μὴ
525 5392 582 5442 ἐν
620 5391 910 5458 πράγματι
943 5386 1165 5455 φανερῷ
1201 5387 1568 5454 φυλάττεσθαι
1603 5384 1708 5452 χρὴ
1735 5384 1792 5434 τὸ
1813 5384 1906 5436 τοῦ

329 5486 498 5549 λόγου
530 5482 722 5549 μῆκος.
758 5479 929 5531 Τοῦτο
975 5479 1028 5531 δὲ
1072 5477 1160 5530 διὰ
1197 5477 1338 5530 τοῦτ’
1374 5474 1546 5539 είπον,
1580 5479 1666 5532 ἵνα
1719 5479 1791 5546 μή
1826 5493 1910 5535 τις

332 5574 487 5643 ἡμᾶς
519 5571 710 5623 τούτου
746 5571 907 5638 χάριν
936 5568 1149 5637 οἰηθείη
1176 5607 1193 5633 ,
1233 5568 1306 5637 μὴ
1363 5568 1638 5637 ἁρμοδίως
1687 5568 1908 5635 ἀγάπην

330 5662 781 5734 προσαγορεύειν
830 5662 890 5714 τὸ
940 5660 1163 5731 Πνεῦμα
1199 5661 1259 5713 τὸ
1296 5661 1482 5728 ἅγιον,
1516 5661 1700 5731 ἐπειδὴ
1755 5660 1845 5711 καὶ
1878 5663 1904 5711 ὁ

409 5849 432 5879 ³
464 5846 620 5901 Joan.
680 5859 768 5907 xv,
794 5842 882 5895 ‘25.
991 5840 1012 5869 ‘
1051 5840 1178 5894 Luc.
1212 5853 1318 5900 xw,
1351 5835 1438 5888 l6.

1547 5835 1776 5890 l"Matth.
1813 5854 1920 5890 xxi.
1989 5837 2072 5888 10.

2015 4650 2106 4701 τὸν
2136 4648 2290 4709 Θεὸν,
2327 4648 2390 4716 ἥν
2423 4642 2576 4696 εἶπεν
2611 4645 2674 4695 ἐκ
2704 4641 2797 4695 τοῦ
2850 4640 3009 4693 Θεοῦ.
3061 4640 3192 4700 Θεὸς
3225 4642 3331 4709 ἄρα
3362 4641 3422 4690 ἐκ
3453 4637 3587 4690 Θεοῦ

2015 4744 2165 4794 ἐστιν
2213 4741 2246 4809 ἠ
2293 4739 2478 4807 ἀγάπη
2506 4753 2519 4766 ⁸
2560 4731 2676 4788 ἀλλ’
2708 4735 2831 4787 ἐπεὶ
2874 4733 2969 4784 καὶ
3000 4735 3028 4785 ό
3062 4732 3188 4795 Υἱὸς
3235 4734 3298 4784 ὲκ
3326 4730 3421 4782 τοῦ
3449 4729 3586 4782 Θεοῦ

2019 4834 2113 4886 καὶ
2149 4831 2358 4898 Πατρὸς
2387 4827 2673 4896 ἐγεννήθη.
2705 4826 2798 4878 καὶ
2844 4825 2906 4877 τὸ
2964 4825 3185 4892 Πνεῦμα
3230 4823 3288 4876 τὸ
3332 4822 3487 4889 ἅγιον
3522 4823 3588 4872 ἐκ

2012 4925 2108 4978 τοῦ
2168 4921 2302 4976 Θεοῦ
2361 4922 2456 4973 καὶ
2507 4918 2718 4987 Πατρός
2772 4915 3162 4984 ἐκπορεύεται,
3204 4915 3324 4965 τίνα
3371 4913 3582 4964 τούτων

2025 5014 2226 5080 μᾶλλον
2255 5009 2489 5063 ἐνταῦθα
2525 5006 2778 5059 ἐκλαϐεῖν
2810 5005 3108 5073 ὀφείλομεν
3144 5004 3402 5073 εἰρῆσθαι
3449 5004 3588 5072 ἀγά-

2021 5125 2130 5174 πην
2154 5105 2242 5159 τὸν
2279 5105 2430 5165 Θεὸν,
2464 5100 2690 5161 δικαίως
2723 5098 2996 5168 ζητεῖται.
3037 5097 3097 5151 ’0
3132 5098 3240 5166 γάρ
3275 5097 3463 5164 Πατὴρ
3495 5098 3592 5164 μό-

2020 5219 2105 5262 νος
2131 5201 2275 5252 ὲστῖν
2313 5196 2455 5247 οῦτω
2489 5195 2640 5258 Θεὸς,
2673 5193 2748 5255 ὡς
2788 5193 2862 5262 μὴ
2916 5195 2978 5244 ὲκ
3025 5191 3160 5241 Θεοῦ
3189 5185 3350 5252 εἶναι,
3376 5189 3467 5240 καὶ
3498 5189 3586 5240 διὰ

2021 5294 2191 5346 ταῦτα
2225 5292 2256 5358 ἡ
2310 5288 2524 5354 ἀγάπη,
2556 5287 2676 5355 ἥτις
2719 5285 2864 5337 οὕτω
2897 5283 3025 5344 Θεός
3060 5285 3228 5345 ἐστιν,
3263 5282 3336 5341 ὡς
3383 5282 3444 5330 ὲκ
3491 5280 3584 5331 τοῦ

2021 5386 2155 5439 Θεοῦ
2192 5381 2352 5445 εἶναι,
2393 5382 2422 5450 ἦ
2465 5380 2591 5440 Υίός
2641 5381 2810 5442 ἐστιν,
2849 5377 2879 5447 ἢ
2929 5377 2990 5428 τὸ
3039 5375 3263 5442 Πνεῦμα
3319 5374 3376 5424 τὸ
3408 5373 3582 5438 ᾶγιον,

2020 5476 2138 5528 ἀλλ’
2180 5476 2233 5524 ὲν
2264 5474 2372 5532 τοῖς
2416 5469 2702 5537 ἑπομένοις
2751 5468 2847 5530 τὴν
2892 5467 3113 5533 ἀγάπην
3143 5463 3237 5515 τοῦ
3280 5462 3414 5514 Θεοῦ
3447 5465 3582 5513 ἁνα-

2024 5568 2251 5636 μνήσας,
2283 5566 2343 5616 ού
2368 5561 2489 5613 καθ’
2513 5562 2578 5628 ἣν
2612 5560 2772 5628 ἡμεῖς
2803 5559 2988 5619 αὐτὸν,
3017 5556 3150 5609 ἀλλὰ
3173 5554 3294 5608 καθ’
3325 5557 3393 5624 ἢν
3423 5553 3583 5614 αὐτὸς

2017 5660 2304 5727 ⁴Ιγγεὶπησεν
2339 5654 2508 5722 ἡμᾶς,
2550 5668 2568 5702 ι
2609 5651 2720 5704 Καὶ
2745 5648 3030 5703 ἀπέστειλε
3057 5646 3144 5698 τὸν
3179 5645 3306 5698 Υἱὸν
3332 5643 3522 5708 αὑτοῦ,
3554 5661 3574 5694 ι

2172 5834 2189 5864 ⁸
2221 5832 2328 5888 Luc
2401 5849 2548 5896 xxiv,
2586 5832 2672 5885 14.
2777 5831 2795 5859 "
2830 5829 2842 5880 |
2877 5826 3030 5882 Joau.
3072 5843 3142 5894 tv,
3188 5825 3238 5892 7,
3301 5826 3352 5881 8.
