4232 6448
710 403 853 510 111s

1957 439 2239 499 ΜΑΧΙΜΙ
2279 434 2656 497 ηΑΝυυΑε

3826 402 3981 487 112a

716 556 1724 626 nt:tuemus.ctipseinnobis.quiade
1767 555 1971 623 Spiritu
2006 571 2104 608 suo
2143 554 2289 605 dedit
2324 558 2362 610 Α
2394 562 2538 613 ctus,
2592 559 2649 602 ut
2718 563 2840 601 eum
2902 548 2994 600 Dei
3042 554 3093 599 et
3146 543 3373 613 proximi
3430 541 3591 595 faciat
3653 550 3978 595 amatorem-

714 650 869 703 oohis
887 650 929 701 ⁸.
961 668 977 699 ι
1005 649 1243 715 Spiritus
1270 650 1453 718 itaque
1480 657 1707 704 Sanctus
1728 651 1793 699 de.
1814 664 1921 717 quo
1945 648 2087 699 dedit
2116 648 2293 706 nobis,

713 743 845 797 facit
876 758 975 797 nos
999 742 1050 793 in
1082 745 1190 795 l)eo
1222 758 1464 804 manere,
1490 751 1542 795 et
1567 742 1742 811 ipsum
1775 742 1827 793 in
1862 741 2041 802 nobis,
2072 742 2175 792 hoc
2206 756 2293 791 nu-

712 825 819 887 tent
854 833 1251 887 facitdilectio.
1287 833 1406 902 Ipse
1461 843 1546 887 est
1622 834 1791 901 igitur
1854 834 1998 887 Deus
2053 832 2295 887 dilectio.

713 924 962 991 Denique
994 925 1153 993 paulo
1188 936 1308 995 post
1334 942 1457 979 cum
1491 927 1594 980 hoc
1637 928 1812 994 ipsum
1848 927 2159 995 repetisset,
2215 934 2295 979 at-

714 1034 821 1085 que
857 1018 1129 1072 dixisset:
1190 1037 1208 1069 ‹
1252 1020 1394 1072 Deus
1428 1020 1647 1073 dilectio
1682 1032 1784 1084 est,
1830 1039 1848 1071 ι
1878 1020 2138 1073 continuo
2163 1020 2296 1071 sub-

708 1111 841 1180 jecit
872 1130 885 1165 τ
928 1131 945 1162 ι
987 1110 1051 1164 Et
1083 1114 1175 1181 qui
1207 1125 1387 1167 manet
1418 1115 1469 1166 in
1499 1114 1791 1167 dilectione
1818 1156 1832 1176 ,
1869 1116 1919 1166 in
1949 1113 2061 1165 Deo
2090 1122 2290 1170 manet.

715 1214 769 1257 et
811 1202 953 1257 Deus
988 1216 1167 1257 manet
1200 1206 1253 1258 iu
1284 1220 1371 1258 eo.
1411 1226 1429 1256 ι
1472 1205 1625 1261 Unde
1658 1220 1823 1275 supra
1862 1206 2069 1260 dixerat
2110 1223 2122 1257 :
2161 1223 2178 1255 ι
2237 1203 2295 1257 In

714 1294 818 1347 hoc
855 1295 1211 1364 cognovimus
1266 1298 1393 1364 quia
1426 1298 1481 1351 in
1516 1298 1632 1365 ipso
1690 1313 1972 1351 manemus
2007 1307 2059 1349 et
2092 1296 2207 1365 ipse
2243 1295 2295 1349 in

716 1388 899 1450 nobis,
931 1388 1057 1456 quia
1094 1388 1159 1443 de
1189 1388 1395 1458 Spiritu
1434 1405 1536 1444 suo
1566 1390 1719 1445 dedit
1752 1391 1931 1443 nobis.
1968 1408 1986 1441 ι
2026 1388 2143 1459 Ipse
2169 1404 2297 1458 ergo

616 1538 619 1539 ν
713 1478 1050 1548 significatur
1078 1480 1167 1533 ubi
1204 1480 1405 1549 legitur
1443 1499 1456 1534 :
1485 1501 1503 1532 ‹
1536 1482 1677 1536 Deus
1718 1482 1939 1536 dilectio
1963 1494 2068 1537 ρει.
2113 1482 2296 1537 »1)0118

715 1569 883 1636 igitur
915 1568 1154 1638 Spiritus
1184 1584 1408 1625 sanatus
1442 1573 1531 1641 qui
1566 1574 1810 1642 procedit
1855 1589 1921 1628 ex
1993 1576 2121 1637 Deo,
2173 1590 2297 1627 cum

714 1661 877 1715 datus
908 1659 1069 1716 fuerit
1104 1663 1335 1731 homini,
1372 1665 1618 1718 accendit
1661 1682 1782 1718 eum
1839 1667 1890 1718 in
1946 1665 2291 1718 dilectionem

716 1751 811 1804 Dei
840 1762 892 1805 et
926 1754 1181 1820 proximi,
1203 1762 1257 1807 et
1289 1754 1407 1822 ipse
1437 1756 1657 1808 dilectio
1681 1767 1788 1810 est.
1815 1755 1932 1810 Non
1965 1758 2110 1810 enim
2139 1756 2298 1810 habet

715 1844 881 1897 homo
923 1846 1067 1898 unde
1123 1845 1289 1899 Deum
1322 1847 1532 1916 diligat,
1582 1848 1685 1901 nisi
1752 1865 1814 1901 ex
1891 1848 2019 1902 Deo.
2066 1847 2299 1917 Propter

717 1938 861 2000 quod
899 1939 1062 2005 paulo
1086 1950 1204 2006 post
1242 1939 1376 1991 dicit
1413 1958 1425 1993 :
1464 1958 1482 1989 ι
1513 1939 1622 1993 Nos
1654 1941 1967 2006 diligamus,
2002 1940 2129 2009 quia
2183 1942 2297 2006 ipse

718 2026 866 2095 prior
915 2026 1105 2081 dilexit
1166 2044 1265 2081 nos
1292 2030 1333 2085 ’.
1377 2047 1393 2079 ι
1428 2029 1719 2097 Apostolus
1772 2045 1986 2100 quoque
2042 2030 2239 2084 Paulus
2279 2046 2294 2083 :

724 2138 742 2168 ‹
790 2119 1033 2179 Dilectio,
1074 2120 1271 2189 inquit.
1309 2122 1400 2175 Dci
1433 2122 1627 2175 dill'usa
1670 2133 1753 2177 est
1808 2124 1862 2177 itt
1895 2124 2153 2178 cordibus
2201 2139 2299 2176 no-

722 2215 853 2267 stris
882 2229 977 2283 per
1005 2214 1268 2285 Spiritum
1290 2223 1567 2273 sanctum.
1592 2215 1681 2283 qui
1712 2217 1875 2269 datus
1906 2226 1986 2269 est
2018 2216 2244 2270 nobis“.
2274 2235 2294 2268 ι

1293 2352 1521 2407 CAPUT
1554 2350 1741 2408 XVIII.

794 2488 1011 2543 Nullum
1064 2499 1150 2544 est
1201 2491 1310 2545 isto
1376 2490 1468 2546 Dei
1498 2493 1640 2546 dono
1698 2493 2078 2550 excellentius.
2114 2494 2301 2549 Solum

721 2590 828 2644 est,
866 2580 1012 2649 quod
1059 2582 1254 2635 dividit
1315 2584 1456 2637 inter
1486 2584 1628 2639 ﬁlios
1656 2586 1807 2652 regni
1844 2586 2031 2640 aeterni
2071 2596 2126 2640 et
2164 2587 2305 2641 ﬁlios

725 2673 1051 2742 perditionis
1100 2688 1336 2731 atternm.
1394 2676 1602 2733 Dantur
1645 2688 1701 2733 et
1754 2661 1989 2749 aliti'per
2034 2679 2299 2749 Spiritum

716 2776 978 2821 sanctum
1032 2784 1287 2833 munera,
1323 2769 1418 2825 sed
1452 2772 1570 2824 sine
1597 2771 1865 2825 charitate
1894 2770 2029 2824 nihil
2055 2781 2304 2839 prosunt.

722 2856 840 2912 Nisi
872 2872 1005 2928 ergo
1050 2868 1258 2916 tantum
1286 2861 1631 2930 impertiatur
1682 2862 1882 2931 cuique
1911 2862 2152 2933 Spiritus
2184 2878 2314 2918 san-

729 3042 922 3116 φησὶν,
954 3062 976 3098 ι
1014 3045 1246 3112 ἱλασμὸν
1270 3044 1411 3114 ὑπὲρ
1438 3045 1547 3098 τῶν
1583 3045 1872 3115 ἁμαρτιῶν
1904 3042 2083 3115 ἡμῶν⁸
2122 3063 2142 3097 ι
2175 3044 2309 3097 κάν-

728 3141 922 3195 τεῦθεν
965 3140 1203 3204 ἐδίδαξεν
1238 3140 1314 3202 ὠς
1344 3140 1441 3192 καὶ
1467 3140 1632 3205 ἡμεῖς
1667 3139 1936 3209 ἀλλήλους
1974 3137 2310 3206 ἀγαπῶμεν,

726 3234 825 3285 καὶ
870 3231 1047 3294 οὕτως
1100 3233 1129 3284 ὀ
1190 3230 1323 3294 Θεὸς
1378 3234 1438 3284 ἐν
1501 3232 1633 3301 ἡμῖν
1696 3230 1874 3298 μένει.
1921 3231 2079 3283 Ἐπεὶ
2129 3229 2383 3302 τοίνυνα

728 3324 955 3393 ἀγάπην
988 3323 1082 3377 τὸν
1137 3322 1273 3376 Θεὸν
1329 3325 1545 3392 εἴρηκε,
1578 3322 1744 3381 εὐθὺς
1790 3322 1966 3374 τέλων
1994 3323 2126 3392 περὶ
2154 3310 2311 3375 τοῦδέ

728 3413 826 3467 τοῦ
862 3416 1197 3484 πράγματος
1232 3414 1619 3486 φανερώτερόν
1662 3431 1717 3468 τι
1744 3413 2121 3485 διαλεχθῆναι,
2158 3434 2179 3468 ι
2225 3415 2314 3469 Ἐν

728 3508 926 3578 τούτῳ,
966 3527 985 3559 ι
1020 3507 1177 3579 φησὶ,
1213 3526 1231 3559 ι
1271 3508 1645 3577 γινώσκομεν,
1673 3509 1755 3561 ὅτι
1790 3510 1848 3561 ὲν
1879 3508 2029 3578 αὐτῷ
2056 3509 2315 3580 μένομεν,

732 3602 827 3653 καὶ
871 3603 1033 3664 αὐτὸς
1078 3604 1137 3655 ἐν
1190 3604 1346 3673 ἡμῖν,
1407 3604 1492 3655 ὅτι
1543 3606 1607 3658 ἐκ
1658 3604 1755 3657 τοῦ
1792 3602 2116 3674 Πνεῦματος
2147 3605 2316 3658 αὐτοῦ

732 3697 967 3748 δέδωκεν
1000 3697 1153 3766 ἡμῖν.
1194 3713 1212 3747 ι
1253 3696 1327 3748 Τὸ
1379 3696 1608 3763 Πνεῦμα
1646 3698 1831 3750 τοίνυν
1860 3698 1922 3750 τὸ
1954 3697 2132 3765 ἅγιον,
2163 3697 2221 3762 ἐξ
2255 3691 2317 3752 οὗ

732 3785 970 3839 δέδωκεν
1018 3788 1175 3856 ἡμῖν,
1210 3789 1354 3841 ποιεῖ
1403 3789 1554 3856 ἡμᾶς
1604 3788 1663 3840 ὲν
1710 3786 1789 3855 τῷ
1824 3788 1945 3860 Θεῷ
1992 3791 2199 3858 μένειν,
2227 3789 2321 3840 καὶ

734 3880 902 3932 αὑτὸν
934 3882 993 3931 ὲν
1020 3880 1151 3948 ἡμῖν
1175 3896 1187 3909 ⁸
1217 3880 1378 3933 τοῦτο
1411 3881 1468 3932 δὲ
1491 3882 1640 3934 ποιεί
1665 3882 1699 3950 ἡ
1736 3881 1948 3951 ἀγάπησ
1980 3880 2144 3944 αὑτός
2172 3884 2322 3934 ἐστιν

736 3972 847 4039 ἄρα
884 3973 913 4023 ὁ
942 3970 1077 4033 Θεὸς
1113 3972 1146 4039 ή
1176 3971 1389 4041 ἀγάπη.
1424 3972 1537 4025 Καὶ
1575 3971 1732 4033 τέλος
1771 3972 1912 4040 μετά
1948 3971 2144 4040 μικρὸν
2173 3970 2322 4023 τοῦτ’

738 4065 873 4119 αὐτὸ
925 4064 1332 4128 ὲπαναλαϐὼν,
1394 4066 1494 4117 καὶ
1545 4065 1742 4131 εἰπὼν,
1781 4082 1801 4116 ι
1850 4063 1910 4117 Ὀ
1941 4063 2075 4127 Θεὸς
2130 4065 2323 4134 ἀγάπη

739 4159 911 4225 ἐστὶν,
949 4178 968 4211 ι
999 4158 1124 4227 ἑξῆς
1157 4159 1429 4227 ἐπήγαγε,
1456 4149 1482 4210 ἰ
1524 4158 1635 4211 Καὶ
1669 4161 1697 4211 ὁ
1738 4158 1919 4226 μένων
1944 4159 2004 4211 ὲν
2033 4160 2099 4228 τῇ
2132 4161 2324 4229 ἀγάπῃ

741 4254 801 4303 ἐν
837 4251 916 4319 τῷ
947 4250 1069 4320 Θεῴ
1107 4250 1283 4319 μένει,
1321 4251 1467 4303 καὶὸ
1505 4249 1638 4313 Θεὸς
1666 4252 1723 4303 ἐν
1752 4250 1904 4320 αὐτῷ
1938 4250 2115 4321 μένει·
2152 4270 2169 4301 ι
2203 4251 2327 4304 ὅθεν

742 4344 1002 4412 ἀνωτέρω
1046 4342 1304 4413 εἴρηκεν,
1347 4361 1365 4393 ι
1413 4342 1501 4393 Ἐν
1561 4340 1739 4412 τούτῳ
1785 4342 2130 4412 γινώσκομεν
2160 4344 2240 4395 ὅτι
2271 4346 2328 4397 ὲν

744 4434 896 4504 αὐτῷ
933 4435 1194 4502 μένομεν,
1220 4432 1317 4485 καὶ
1347 4430 1508 4493 αὐτὸς
1539 4432 1597 4482 ἐν
1628 4432 1785 4500 ἡμῖν,
1817 4432 1900 4484 ὅτι
1936 4433 1998 4484 ἐκ
2023 4430 2117 4483 τοῦ
2153 4429 2325 4483 Πνεῦ-

748 4543 921 4596 ματος
969 4524 1138 4580 αὑτοῦ
1187 4523 1423 4576 δέδωκεν
1458 4524 1612 4591 ἡμῖν.
1654 4540 1673 4572 ι
1717 4521 1860 4575 Αὐτὸ
1914 4522 2023 4589 ἄρα
2069 4518 2328 4588 δηλοῦται

2403 642 2631 694 sinistra
2667 654 2773 691 non
2804 637 3135 691 transfertur
3187 640 3252 689 ad
3289 637 3559 687 dextram.
3599 632 3707 685 Nec
3740 631 3983 699 Spiritus

2404 734 2629 804 proprie
2656 732 2857 785 dieitur
2906 730 3135 790 donum,
3170 728 3278 781 nisi
3322 737 3544 794 propter
3608 723 3980 778 dilectionem.

2401 827 2571 891 Quam
2634 824 2727 893 qui
2794 838 2901 877 non
2965 820 3239 879 habuerit,
3275 837 3292 868 ι
3337 818 3392 871 Si
3449 815 3645 884 linguis
3699 814 3980 866 hominum

2398 919 2654 986 loquatur
2684 928 2737 971 et
2780 916 3124 984 angelorum,
3166 927 3373 965 sonans
3399 915 3752 962 temulentum
3784 913 3892 968 est,
3930 910 3985 953 et

2399 1012 2707 1083 cymbalum
2771 1009 3029 1063 tinniens.
3062 1007 3128 1060 Et
3155 1008 3200 1059 si
3237 1005 3490 1057 hnhucrit
3530 998 3896 1071 prophetiam,
3932 1006 3986 1047 et

2401 1106 2588 1161 scierit
2624 1102 2806 1157 omnia
2838 1109 3202 1163 sacramenta,
3236 1107 3289 1151 et
3320 1110 3535 1148 omnem
3590 1093 3901 1149 scientiam,
3929 1101 3983 1141 et

2402 1199 2445 1253 si
2480 1196 2731 1249 habuerit
2779 1208 2994 1247 omnem
3028 1191 3185 1244 (idem
3223 1189 3297 1242 ita
3330 1198 3388 1241 ut
3420 1196 3635 1240 montes
3663 1182 3982 1245 transierat,

2400 1289 2533 1343 nihil
2579 1298 2681 1341 est.
2726 1286 2792 1340 Et
2842 1284 2886 1339 si
2942 1283 3284 1338 distribuerit
3346 1294 3564 1333 onmem
3618 1275 3983 1329 substantiam

2400 1398 2577 1445 suam,
2627 1380 2755 1435 etsi
2816 1376 3100 1431 tradiderit
3153 1389 3355 1442 corpus
3415 1387 3570 1425 suum
3631 1378 3694 1423 ut
3769 1366 3984 1427 ardeat,

2400 1474 2533 1528 nihil
2578 1474 2625 1524 ei
2683 1471 2900 1540 prodest
2934 1470 3002 1523 ¹¹.
3038 1488 3056 1519 ι
3099 1467 3371 1535 Quantum
3414 1480 3543 1531 ergo
3593 1464 3794 1516 bonum
3861 1468 3984 1521 est,

2401 1567 2521 1620 sine
2551 1580 2661 1634 quo
2700 1563 2763 1615 ad
2816 1570 3078 1616 aeternam
3131 1560 3297 1612 vitam
3336 1558 3613 1611 nemiuem
3647 1556 3792 1607 bona
3834 1561 3988 1604 tanta

2400 1643 2743 1729 perducunt?
2773 1653 2892 1723 Ipsa
2924 1668 3054 1707 vero
3101 1651 3342 1713 dilectio,
3394 1650 3508 1703 sire
3554 1647 3817 1708 Charitas,
3861 1658 3988 1696 nam

2402 1753 2566 1805 unius
2600 1754 2677 1805 rei
2711 1760 2797 1804 est
2837 1760 3130 1816 utrmnque
3211 1758 3432 1803 nomen.
3472 1743 3518 1797 si
3582 1742 3781 1795 haheat
3840 1753 3987 1797 eaut,

2403 1844 2492 1911 qui
2530 1858 2635 1895 nou
2687 1840 2926 1907 laquitur
2963 1836 3182 1902 linguis,
3225 1850 3325 1889 nec
3398 1834 3567 1887 habet
3615 1829 3988 1900 prophetiam,

2405 1948 2505 1987 nec
2534 1932 2719 1987 omnia
2754 1931 2858 1983 scit
2891 1936 3266 1987 sacramenta,
3303 1936 3637 1989 omnemque
3673 1920 3991 1981 scientiam,

2406 2040 2504 2079 nec
2552 2022 2828 2078 distribuit
2862 2020 3044 2075 omnia
3092 2033 3186 2073 Sua
3222 2015 3577 2084 pauperibus,
3612 2012 3695 2064 vel
3749 2025 3861 2063 non
3893 2010 3999 2060 ho-

2404 2117 2582 2172 bendo
2615 2115 2761 2184 quod
2799 2113 3106 2173 distribuit,
3150 2109 3233 2162 vel
3263 2108 3446 2175 aliqua
3483 2106 3810 2159 necessitate
3856 2116 3990 2169 pro-

2406 2209 2631 2267 hihitus,
2664 2219 2764 2258 nec
2796 2203 2963 2257 tradit
2996 2215 3194 2267 corpus
3261 2214 3422 2252 suum
3472 2208 3529 2249 ut
3564 2196 3769 2256 ardeat,
3802 2195 3847 2246 si
3876 2192 4000 2245 talis

2407 2298 2680 2371 passionis
2729 2296 2876 2349 nulla
2956 2290 3185 2346 tcntatio
3213 2298 3314 2352 est,
3344 2288 3593 2355 perducit
3628 2287 3691 2338 ad
3746 2300 3999 2352 regnum,

2406 2392 2481 2446 ita
2540 2399 2598 2443 ut
2646 2389 2818 2457 ipsam
2894 2384 3056 2438 ﬁdem
3113 2397 3221 2437 non
3275 2381 3439 2435 faciat
3488 2378 3676 2432 utilem
3727 2376 3832 2430 nisi
3865 2377 4000 2427 cha-

2409 2484 2563 2537 ritas.
2602 2480 2731 2534 Sine
2759 2478 3029 2532 charitate
3078 2477 3279 2544 quippe
3340 2472 3473 2525 lldes
3507 2478 3687 2540 potest
3777 2468 4001 2537 quidem

2409 2593 2555 2642 esse,
2586 2575 2679 2629 sed
2715 2589 2821 2628 non
2856 2574 3137 2640 prodesse.
3191 2569 3418 2637 Propter
3450 2566 3595 2637 quod
3636 2573 3688 2619 et
3727 2564 4006 2631 apostoins

2410 2670 2611 2723 Paulus
2642 2686 2655 2721 :
2696 2684 2714 2717 ι
2740 2668 2799 2719 in
2831 2664 3072 2727 Christo,
3105 2661 3305 2730 inquit,
3337 2658 3465 2714 Jesn
3515 2672 3692 2725 neque
3718 2654 4009 2708 circumci-

2412 2764 2516 2826 sio,
2545 2774 2720 2827 neque
2744 2759 3069 2827 prmputium
3110 2752 3316 2820 aliquid
3358 2751 3523 2811 valet,
3565 2752 3657 2803 sed
3700 2746 3859 2809 ﬁdes,
3884 2760 4009 2813 qua:

2412 2868 2510 2923 per
2551 2850 2895 2905 dilectionem
2938 2855 3198 2917 operatur
3229 2845 3312 2894 ηε
3346 2860 3364 2893 ›
3399 2841 3481 2897 sic
3526 2853 3645 2893 eam
3681 2836 4010 2890 discernens

3004 3025 3258 3080 ΚΕΦᾹΛ.
3295 3024 3408 3076 ιη’.

2420 3148 2563 3218 Περὶ
2604 3141 2711 3211 τῆς
2737 3140 3047 3218 ὑπεροχῆς
3097 3138 3214 3218 τῆς
3242 3136 3505 3218 ἀγάπης,
3536 3134 3674 3218 ﬁcte
3705 3130 3898 3218 οῇτως
3942 3128 4013 3181 ἐκ

2542 3198 2830 3272 hibeat”)
2852 3198 3048 3276 'éo'z'ti‘,
3078 3198 3169 3275 ώς⁷
3192 3198 3300 3261 ’καί
3338 3198 3493 3272 αὐτὴ
3530 3198 3677 3268 Θεὸς
3703 3198 3881 3255 εἶναι.

2492 3311 2661 3366 Οὐδέν
2696 3310 2810 3361 ἔστι
2856 3306 3010 3358 τοῦδε
3057 3302 3152 3355 τοῦ
3202 3301 3379 3370 δώρου
3411 3298 3505 3351 τοῦ
3556 3294 3693 3348 Θεοῦ
3737 3291 4016 3361 ὑψηλότε-

2426 3421 2518 3473 ρον
2541 3420 2554 3433 ο
2591 3402 2751 3471 μόνον
2781 3400 2890 3469 γάρ
2929 3395 3133 3449 ἔστιτὸ
3184 3391 3429 3463 διαιροῦν
3464 3387 3669 3461 μεταξὺ
3716 3387 3826 3440 τῶν
3882 3384 4015 3436 υἱιῖιν

2425 3497 2523 3564 τῆς
2581 3493 2801 3547 αἰωνίου
2855 3487 3156 3559 βασιλείας,
3196 3487 3293 3538 καὶ
3325 3483 3436 3537 τῶν
3472 3482 3605 3535 υἱῶν
3655 3480 3755 3549 τῆς
3786 3480 4015 3530 αἰωνίου

2427 3585 2723 3646 ἀπωλείας.
2776 3582 3021 3634 Δίδοντσιι
3075 3578 3131 3630 δὲ
3185 3578 3280 3631 καὶ
3326 3575 3489 3641 ἕτερα
3543 3572 3631 3625 διά
3686 3569 3781 3623 τοῦ
3844 3567 4020 3620 Πνεῦ-

2432 3694 2599 3747 ματος
2645 3675 2815 3743 δῶρα,
2868 3672 3005 3726 ἀλλά
3063 3668 3187 3740 δίχα
3239 3669 3338 3735 τῆς
3392 3665 3616 3734 ἀγάπης
3644 3662 3798 3717 οὐδὲν
3848 3660 4021 3728 ὠφει-

2428 3769 2641 3832 λοῦσιν,
2689 3769 2739 3820 εξ
2792 3764 2870 3834 μὴ
2919 3765 3029 3834 ἀρα
3089 3760 3348 3816 τοσοῦτον
3400 3754 3765 3828 διανεμηθείη
3806 3755 3921 3806 τινὶ
3961 3751 4021 3803 τὸ

2433 3861 2660 3930 Πνεῦμα
2694 3859 2755 3912 τὸ
2784 3858 2966 3926 ἀγιον,
3003 3856 3078 3917 ὡς
3113 3856 3281 3907 αὐτὸν
3309 3851 3402 3906 τοῦ
3429 3850 3572 3905 Θεοῦ
3607 3851 3703 3903 καὶ
3728 3846 3830 3900 τοῦ
3876 3847 4022 3915 πλη-

2434 3957 2550 4009 σίον
2578 3952 2818 4024 ἐραστὴν
2846 3948 3073 4017 ποιῆσαι
3098 3965 3113 3979 ·
3146 3950 3211 4000 ὲκ
3240 3948 3348 4017 γὰρ
3372 3946 3472 4015 τῆς
3494 3944 3796 4014 ἀριστερᾶς
3823 3942 3882 3992 οὐ
3922 3957 4021 4009 με·

2432 4046 2661 4113 τάγεται
2694 4041 2832 4111 πρὸς
2861 4039 2961 4108 τὴν
2990 4037 3194 4103 δεξιάν.
3244 4034 3390 4089 Ἀλλ’
3414 4035 3537 4087 οὐδὲ
3567 4034 3627 4085 τὸ
3654 4030 3885 4097 Πνεῦμα
3916 4046 4020 4080 κυ-

2438 4134 2569 4205 ρίως
2603 4132 2824 4198 λέγεται
2864 4126 3058 4195 δῶρον,
3088 4126 3171 4178 ὅτι
3225 4124 3300 4192 μὴ
3340 4122 3429 4175 διὰ
3459 4122 3557 4190 τὴν
3604 4120 3852 4186 ἀγάπην,
3886 4117 3955 4185 ἣν
3995 4118 4023 4168 ὁ

2440 4228 2515 4297 μὴ
2560 4225 2727 4295 ἔχων,
2764 4222 2860 4275 ἐὰν
2900 4222 3022 4283 ταῖς
3054 4217 3332 4287 γλώσσαις
3357 4215 3469 4267 τῶν
3502 4212 3814 4281 ἀνθρώπων
3860 4210 4022 4275 λαλῇ,

2437 4322 2533 4373 καὶ
2574 4319 2683 4370 τῶν
2710 4316 2983 4383 ἀγγέλων,
3018 4311 3169 4381 ὴχῶν
3205 4311 3323 4362 ἔστι
3372 4306 3576 4377 χαλκὸς
3608 4306 3702 4358 καὶ
3738 4302 3805 4355 κύ
3819 4302 4027 4371 μϐαλον

2379 4420 2382 4423 ⁷
2436 4408 2731 4473 ἀλαλάζον,
2762 4406 2857 4458 καὶ
2889 4406 2983 4456 ἐὰν
3026 4402 3127 4472 ἔχῃ
3159 4398 3527 4469 προφητείαν,
3558 4396 3650 4448 καὶ
3676 4392 3791 4461 εἱδῇ
3827 4396 3893 4444 τὰ
3929 4410 4032 4459 μυ·-

2442 4506 2640 4571 στήρια
2672 4499 2874 4557 πάντα,
2903 4494 2999 4546 καὶ
3034 4493 3218 4545 πᾶσαν
3251 4490 3351 4557 τὴν
3388 4487 3617 4556 γνῶσιν,
3651 4484 3747 4537 καὶ
3781 4483 3878 4535 ὲάν
3924 4483 4031 4550 σχῇ

748 4575 919 4596 τ-η-.
973 4575 1128 4580 ν-νη
1199 4575 1207 4576 κ
1292 4575 1313 4576 η
1480 4575 1512 4591 ..
1956 4575 1965 4589 .
2123 4575 2133 4588 .

745 4619 873 4672 ἔνθα
919 4615 1390 4687 ἀναγινώσκομεν,
1431 4634 1449 4665 ι
1496 4615 1556 4667 '0
1596 4613 1728 4676 Θεὸς
1784 4614 1973 4683 ἀγάπη
2016 4611 2164 4664 ἐστίν
2190 4628 2203 4641 ·
2241 4631 2258 4663 ι
2303 4613 2331 4664 ὁ
2365 4608 2407 4661 D
2440 4599 2620 4650 ’πᾶσαν
2666 4592 2767 4660 τὴν
2825 4588 3037 4646 πίστινν
3084 4584 3227 4638 ὧδτε
3275 4582 3377 4652 ὅρη
3443 4579 3793 4650 μεθιπτάνειν
3819 4618 3834 4641 ν
3871 4575 4034 4627 οὐδέν

2451 4686 2458 4687 κ
2703 4680 2713 4687 .
2761 4677 2806 4687 .ι
2898 4674 2909 4687 ι
3026 4676 3037 4687 ι
3202 4676 3213 4687 ι
3401 4670 3410 4684 I
3480 4670 3494 4687 Ι
3566 4670 3578 4685 ο
3606 4685 3617 4687 _
3650 4685 3681 4687 γε
3732 4684 3789 4687 -.Δ
3839 4666 4005 4687 ..1-,3

746 4713 879 4773 Θεὸς
899 4712 1079 4765 τοίνυν
1101 4710 1163 4763 τὸ
1193 4708 1417 4777 Πνεῦμα
1453 4709 1515 4759 τὸ
1537 4706 1694 4774 ἅγιον
1713 4706 1774 4759 τὸ
1803 4706 2237 4773 ἐκπορευόμενον
2274 4706 2337 4757 ἐκ

744 4802 841 4856 τιιῦ
872 4801 1035 4867 Θεοῦ,
1064 4800 1287 4853 ἐπειδᾶν
1319 4798 1449 4868 δοθῇ
1480 4797 1557 4868 τῷ
1582 4797 1883 4867 ἀνθρώπῳ,
1914 4792 2145 4849 ἀνάπτει
2172 4794 2335 4847 αὑτὸν

748 4900 829 4960 εἰς
862 4896 962 4965 τὴν
993 4894 1215 4963 ἀγάπην
1244 4892 1336 4945 τοῦ
1364 4891 1530 4956 Θεοῦ,
1568 4890 1664 4943 καὶ
1702 4890 1796 4942 τοῦ
1833 4888 2081 4957 πλησίον,
2116 4888 2211 4940 καὶ
2240 4888 2338 4939 αὐ-

750 4990 811 5043 τδ
838 4988 1047 5057 -ἀγάπη
1087 4986 1257 5040 ἐστίν).
1308 4984 1446 5037 Οὐδὲ
1486 4983 1597 5052 γὰρ
1651 4968 1767 5051 εχει
1825 4983 1852 5033 ὁ
1889 4980 2180 5050 ἄνθρωπος
2214 4978 2338 5032 ὅθεν

749 5086 841 5135 τὶν
871 5082 1005 5133 Θεὸν
1037 5079 1325 5149 ἀγαπήσῃ,
1374 5078 1457 5130 ὅτι
1503 5076 1579 5145 μὴ
1632 5077 1695 5128 ὲκ
1749 5073 1847 5127 τοῦ
1900 5074 2060 5125 Θεοῦ.
2092 5073 2183 5125 Διὸ
2219 5072 2340 5140 μετ’

750 5176 907 5241 ὀλίγα
942 5172 1131 5243 φησὶν,
1169 5190 1189 5223 ι
1241 5171 1424 5239 Ἠμᾶς
1454 5169 1510 5222 δὲ
1534 5167 1863 5235 ἀγαπῶμεν,
1894 5167 1979 5220 ὅτι
2009 5167 2174 5228 αὐτὸς
2205 5166 2341 5236 πρό-

753 5284 913 5335 τερον
964 5266 1257 5335 ἠγάπησεν
1297 5264 1468 5332 ἡμᾶς.
1516 5280 1535 5313 ι
1571 5263 1683 5314 Καὶ
1725 5263 1753 5312 ὁ
1792 5260 2094 5321 ἀπόστολος
2128 5258 2342 5322 Παῦλος

765 5378 782 5409 ‹
829 5358 893 5411 Ἤ
921 5357 1115 5427 ἀγάπη
1151 5356 1246 5408 τοῦ
1275 5353 1434 5418 Θεοῦ,
1487 5373 1505 5405 ι
1540 5353 1728 5421 φησιν,
1758 5371 1776 5403 ι
1806 5350 2099 5419 ἐκκέχυται
2131 5351 2190 5400 ὲν
2222 5353 2345 5412 ταῖς

757 5451 1013 5520 καρδίάις
1043 5450 1203 5520 ἡμῶν
1248 5448 1339 5502 διὰ
1390 5445 1713 5516 Πνεύματος
1759 5443 1921 5512 ἁγίου
1959 5442 2055 5497 τοῦ
2097 5441 2345 5504 δοθέντος

760 5545 915 5613 ἡμῖν.
954 5562 974 5596 ι
1765 5541 1771 5546 ’

1393 5897 1413 5928 ο
1454 5893 1586 5951 nuo.
1617 5890 1702 5947 t9.
1815 5891 1856 5922 ιο
1890 5888 2025 5943 Rom
2082 5903 2133 5954 ν,
2170 5884 2224 5939 5.

842 5902 862 5932 '
898 5900 1056 5961 Joan.
1088 5916 1163 5965 tv,
1204 5897 1291 5953 15.

2333 5884 2374 5916 “
2405 5881 2421 5936 Ι
2447 5879 2575 5935 Cor.
2609 5892 2727 5943 .\'ttl,
2786 5875 2805 5927 l
2845 5889 2996 5944 seqq.

2446 4686 2587 4737 ἔστι·
2629 4680 2726 4733 καὶ
2758 4677 2851 4730 ἐὰν
2883 4674 3110 4747 ψωμίσῃ
3146 4676 3323 4727 πάντα
3354 4670 3425 4723 τά
3473 4670 3794 4737 ὑπάρχοντα
3834 4666 4035 4727 αὑτοῦ,

2446 4778 2544 4830 καὶ
2578 4775 2674 4827 ἑάν
2707 4770 2938 4841 παραδῷ
2978 4766 3039 4821 τὸ
3081 4767 3241 4835 σῶμα
3276 4763 3467 4829 αὐτοῦ,
3500 4764 3589 4815 ἵνα
3638 4761 3845 4829 καυθῇ,
3878 4761 4037 4813 οὐδὲν

2443 4869 2760 4938 ὠφελεῖται.
2809 4867 2983 4917 Πόσον
3035 4860 3218 4914 ’τοίνυν
3272 4856 3475 4923 ἀγαθόν
3532 4857 3689 4918 ἐστι,
3741 4848 3804 4905 οῦ
3860 4853 4073 4926 χωρὶς.

2445 4963 2583 5032 πρὸς
2631 4961 2730 5029 τὴν
2774 4956 2996 5009 αἰώνιον
3028 4952 3177 5021 ζωὴν
3209 4950 3403 5003 οὐδένα
3446 4946 3688 5000 τοσαῦτα
3735 4944 4038 5014 ὁδηγοῦσιν

2445 5052 2663 5119 ἀγαθά;
2710 5047 2860 5117 Αὐτὴ
2888 5047 2943 5098 δὲ
2980 5047 3012 5113 ἡ
3044 5045 3260 5112 ἀγάπη,
3298 5043 3348 5093 εἰ
3383 5041 3478 5093 καὶ
3515 5040 3589 5106 μὴ
3633 5035 3918 5104 γλώσσαις
3945 5034 4045 5088 λα-

2446 5144 2547 5209 λεῖ,
2580 5144 2704 5212 μήτ’
2736 5142 2849 5209 ἔχει
2881 5135 3246 5206 προφητείαν,
3282 5133 3421 5202 μήτε
3467 5130 3650 5183 πάντα
3688 5123 3801 5179 οἶδε
3833 5126 3908 5179 τὰ
3942 5144 4043 5196 μυ-

2448 5236 2669 5307 στηρία.
2703 5237 2796 5287 xal.
2831 5232 3014 5285 πᾶσαν
3052 5229 3149 5298 τὴν
3179 5227 3406 5295 γνῶσιν,
3444 5225 3585 5293 μήτε
3616 5221 3861 5291 ψωμίσει
3892 5236 4045 5270 πτω-

2449 5332 2565 5401 χοῖς
2612 5327 2791 5378 πάντα
2833 5323 2899 5375 τὰ
2953 5320 3179 5387 ἑαυτῆς,
3222 5318 3253 5387 ἢ
3294 5317 3374 5381 τῷ
3425 5314 3498 5384 μὴ
3548 5314 3695 5383 ἔχειν
3732 5311 3786 5365 τί
3826 5310 3951 5365 ποτ’
3979 5310 4047 5363 ἀν

2448 5420 2778 5491 ψωμίσειεν,
2813 5416 2848 5487 ἡ
2897 5431 3008 5466 τινι
3067 5412 3284 5479 ἀνάγκη
3316 5406 3650 5465 κωλυθεῖσα,
3684 5406 3827 5473 μήτε
3863 5422 4049 5470 παρι-

2451 5513 2614 5565 δώσει
2649 5508 2712 5561 τὸ
2766 5506 2927 5574 σῶμα
2974 5500 3179 5569 ἑαυτῆς
3211 5497 3287 5560 ὡς
3336 5495 3613 5565 καυθῆναι
3640 5534 3655 5557 ,
3710 5493 3757 5545 εἰ
3796 5492 4047 5546 τοιούτου

2458 5605 2665 5665 πάθους
2716 5599 2907 5670 μηδείς
2964 5599 3082 5664 ἐστι
3129 5591 3481 5663 πειρασμὸς,
3534 5588 3874 5659 χειραγίηγεῖ
3910 5586 4048 5654 πρὶς

2459 5698 2558 5769 τὴν
2616 5695 2895 5765 βασιλείαν
2982 5691 3058 5743 ώ⁴
3112 5689 3207 5742 καὶ
3263 5685 3434 5755 αὐτὴν
3478 5683 3580 5752 τὴν
3645 5681 3839 5735 πίστιν
3882 5679 4049 5750 μηδὲν

3101 5871 3140 5901 ⁸⁸
3172 5869 3193 5947 ιλ
3217 5867 3343 5923 Cor.
3380 5885 3432 5933 ν,
3464 5866 3520 5921 6.
