4232 6448
257 399 397 466 1121

1158 403 1590 470 TRANSLAT.
1638 405 1694 468 S.
1733 401 2158 462 AUGUSTINI
2208 403 2300 462 DE
2340 402 2632 462 TllINlT.

3370 396 3524 466 1122

258 524 329 574 ab
363 534 426 572 ea
490 518 594 570 [ide
647 533 752 584 qua
798 537 813 567 σ
845 529 895 570 ct
936 519 1208 571 dmmuurs
1266 520 1515 579 credunt,
1553 527 1600 568 et
1632 525 1846 568 contre-
1879 528 1920 577 Α
1953 515 2083 567 Nam
2123 515 2384 568 Dominus
2425 516 2568 569 idem
2602 517 2824 578 quando
2854 528 2975 567 cum
3014 514 3243 568 muliere
3277 512 3521 568 Samari-

256 614 502 664 miscutt
533 611 629 662 ".t
669 609 898 662 llilei'tio
939 611 1102 678 igitur
1126 628 1242 678 qn'e
1263 628 1324 663 et
1359 611 1465 662 Deo
1490 621 1592 670 est,
1624 618 1675 662 et
1703 609 1843 661 Uetts

263 716 368 765 est,
408 704 630 772 proprie
691 702 927 771 Spiritus
983 714 1206 755 sanctus
1245 715 1347 763 est,
1387 717 1479 768 per
1521 717 1682 769 quetn
1729 699 1842 752 dif-

262 798 515 851 funditur
581 798 633 848 itt
696 795 953 848 cordibus
1023 797 1224 847 nostris
1287 794 1377 845 Dei
1423 793 1696 855 «bat-itas,
1749 805 1844 860 per

255 904 424 957 quam
459 905 558 941 nos
595 898 702 940 tota
737 887 1004 940 inhabitat
1043 885 1307 939 Trinitas.
1353 884 1620 950 Quocirca
1656 885 1845 936 rectis-

257 983 398 1034 sime
452 980 693 1048 Spiritus
749 990 1008 1041 sanctus,
1068 994 1190 1030 cum
1249 980 1318 1030 sit
1375 978 1558 1042 Deus,
1621 986 1845 1027 voratur

257 1076 426 1126 etiam
491 1074 696 1126 donum
785 1073 895 1125 Dei.
960 1070 1114 1135 Quod
1168 1073 1370 1123 donum
1439 1070 1657 1139 proprie
1713 1068 1841 1136 quid

260 1167 366 1218 nisi
419 1166 662 1218 eliarttus
735 1165 1084 1232 intelligenda
1141 1173 1249 1225 est,
1300 1180 1419 1231 quze
1471 1161 1725 1231 producit
1777 1162 1843 1212 a.l

261 1259 456 1320 Deum,
504 1269 557 1310 et
606 1258 722 1310 sine
765 1273 872 1324 qua
940 1258 1221 1324 quodlibet
1295 1256 1440 1310 aliud
1494 1257 1696 1307 donum
1751 1251 1843 1305 Dei

260 1368 370 1405 non
404 1350 657 1420 pt'odut'it
690 1349 756 1402 ad
794 1349 964 1403 Deum
994 1351 1015 1401 ?

827 1484 1060 1540 CAPUT
1108 1485 1246 1538 XIX.

333 1627 414 1673 An
449 1631 501 1673 et
539 1620 641 1672 hoc
705 1618 1046 1688 probandum
1095 1627 1196 1681 est,
1249 1616 1341 1671 Dei
1376 1617 1582 1670 donum
1637 1616 1843 1669 dictum

261 1730 389 1768 esse
424 1715 475 1766 in
511 1714 685 1768 sueris
711 1711 936 1765 Litteris
970 1711 1234 1777 Spiritum
1262 1707 1632 1763 sanctuiu‘!Si
1661 1718 1715 1762 et
1746 1710 1848 1760 hoc

263 1814 641 1874 exspectatur,
717 1804 983 1856 habemus
1067 1803 1119 1854 in
1187 1801 1479 1869 Evangelio
1538 1801 1841 1852 secundum

1948 618 2073 661 tuna
2128 607 2192 660 ad
2256 617 2480 675 puteum
2545 605 2895 674 loquebatur,
2956 606 3045 658 cui
3089 605 3300 659 dixerat
3333 620 3348 657 :
3387 626 3401 652 ι
3447 602 3519 655 Da

1948 700 2079 752 tttilti
2117 699 2323 763 bibere,
2359 718 2374 748 ι
2405 714 2529 750 cum
2565 699 2649 750 ιιὲιι
2686 699 3084 767 respondisset.
3108 697 3255 767 quod
3286 715 3304 748 ι
3339 694 3517 750 ,Ιιιιιιιεί

1947 807 2055 844 non
2090 801 2385 843 coutnutur
2425 791 2812 853 Samaritnnis,
2852 808 2870 840 ι
2921 791 3206 858 respondit
3241 789 3430 850 .lesus,
3467 796 3521 840 et

1947 885 2084 937 dixit
2135 884 2183 937 ei
2221 900 2234 935 :
2280 902 2297 933 ι
2339 883 2392 935 Si
2445 883 2617 937 scires
2652 884 2855 936 donum
2901 882 3019 946 Dei,
3059 893 3111 934 et
3145 882 3266 948 quis
3306 891 3386 934 est
3427 881 3519 950 qui

1947 977 2083 1031 dicit
2145 976 2278 1040 tibi,
2329 977 2398 1028 Du
2456 975 2585 1027 mibi
2626 975 2854 1038 bibere,
2915 985 2968 1028 tu
3027 973 3255 1027 forsitan
3295 975 3524 1040 petisses

1950 1068 2018 1121 ab
2056 1082 2144 1129 eo,
2184 1077 2238 1120 et
2291 1066 2535 1120 dedisset
2569 1064 2662 1118 tibi
2701 1080 2898 1133 aquam
2960 1066 3162 1118 vivam.
3211 1084 3228 1114 ι
3277 1063 3419 1116 Dixit
3474 1063 3521 1114 ei

1949 1159 2185 1212 tnulier:
2223 1178 2239 1210 ι
2280 1158 2525 1223 Domine,
2561 1173 2741 1226 neque
2776 1159 2828 1210 itt
2859 1173 2969 1225 quo
3001 1157 3224 1211 haurias
3251 1156 3438 1218 habes,
3473 1167 3526 1205 rt

1947 1263 2147 1322 puteus
2176 1252 2316 1305 altus
2349 1263 2433 1304 est
2462 1269 2478 1318 ;
2511 1252 2653 1305 unde
2673 1267 2804 1318 ergo
2831 1251 2997 1303 babes
3027 1266 3220 1318 aquam
3254 1250 3428 1301 Vl\atl|
3453 1248 3473 1299 ?
3501 1267 3519 1298 ›

1952 1357 2006 1400 et
2040 1356 2261 1399 caetera.
2297 1344 2602 1412 Respondit
2641 1342 2800 1397 .Iesus
2827 1355 2879 1398 et
2911 1342 3051 1396 dixit
3084 1359 3096 1396 :
3142 1360 3160 1393 ι
3208 1339 3398 1395 Omnis
3431 1343 3523 1408 qui

1950 1436 2149 1490 biberit
2189 1453 2257 1490 ex
2297 1436 2400 1488 hac
2432 1450 2573 1504 aqua
2642 1436 2787 1488 sitiet
2852 1435 3080 1496 iterum;
3119 1433 3209 1500 qui
3236 1441 3413 1484 autem
3451 1432 3529 1482 bi-

1951 1527 2092 1580 berit
2121 1543 2184 1580 ex
2225 1543 2392 1596 aqua,
2433 1541 2600 1596 quam
2650 1526 2790 1578 dabo
2829 1525 2900 1588 ei,
2935 1542 3041 1576 non
3086 1524 3234 1576 sitiet
3275 1526 3327 1575 itt
3374 1533 3530 1573 ινιιττ-

1951 1637 2119 1684 ttnm;
2158 1622 2252 1672 sed
2292 1634 2456 1688 aqua,
2482 1634 2645 1687 quam
2683 1633 2783 1688 ego
2811 1619 2951 1671 dabo
2986 1621 3056 1682 ei,
3097 1618 3186 1670 [iet
3224 1620 3276 1668 iu
3314 1631 3378 1669 eo
3407 1615 3528 1668 fons

1951 1726 2105 1780 aqua:
2140 1711 2394 1763 salientis
2447 1710 2501 1761 in
2555 1710 2719 1762 vitam
2760 1708 3104 1762 aeternam“.
3148 1726 3166 1757 ι
3207 1706 3346 1772 Quia
3393 1720 3527 1774 ergo

1955 1805 2069 1857 haze
2107 1820 2248 1871 aqua
2288 1805 2430 1866 viva,
2465 1803 2608 1857 sicut
2636 1803 2975 1868 evangelista
3003 1803 3248 1870 exponit,
3284 1798 3526 1867 Spiritus

261 1897 531 1950 Joannem
581 1892 798 1946 Domini
830 1890 956 1946 Jesu
989 1891 1193 1946 Christi
1227 1892 1392 1944 verba
1421 1890 1657 1945 dir-cutis
1687 1908 1699 1942 :
1742 1909 1758 1940 ι
1791 1888 1845 1942 Si
1884 1888 1922 1939 Β
1954 1907 2041 1951 ρει
2076 1911 2322 1958 saucius,
2357 1896 2546 1964 ρι-οοιιι
2575 1895 2744 1948 dum.)
2776 1894 3018 1961 spiritus
3044 1892 3250 1946 donum
3291 1890 3380 1944 Dei
3417 1903 3526 1956 cst,

263 1989 391 2058 quis
426 1988 566 2051 sitit,
591 1985 770 2039 veniat
807 1985 870 2036 ad
901 1998 1004 2045 me,
1032 1991 1084 2037 et
1117 1983 1281 2034 bibat.
1316 1999 1434 2032 ι-ι
1465 1980 1563 2046 Qui
1599 1978 1770 2034 credit
1797 1981 1847 2032 in

266 2100 378 2146 me,
420 2086 565 2135 sicut
607 2083 737 2134 dicit
773 2077 1079 2149 Scriptura,
1126 2079 1349 2130 [lumina
1404 2078 1470 2131 de
1513 2058 1702 2131 ventre
1733 2076 1851 2144 eius

265 2178 443 2230 ﬂuent
474 2189 629 2244 aqua:
673 2175 834 2227 vivie.
870 2193 887 2224 ι
924 2172 1099 2224 Porro
1130 2173 1462 2237 evangelista
1493 2182 1718 2224 secutus
1751 2171 1848 2222 ad-

266 2268 486 2332 iunxit:
529 2285 546 2316 ι
588 2264 704 2317 Hoc
735 2275 914 2316 autem
947 2263 1085 2315 dixit
1119 2264 1184 2315 de
1223 2262 1452 2330 Spiritu,
1485 2276 1645 2330 quem
1689 2276 1846 2313 aeee-

266 2359 417 2429 pturi
455 2365 614 2410 erant
636 2355 926 2408 credentes
960 2356 1012 2405 in
1043 2370 1166 2406 eum
1189 2355 1251 2404 ¹⁸.
1298 2373 1315 2402 ›
1344 2351 1498 2406 Unde
1529 2353 1658 2405 dicit
1689 2352 1850 2404 etiam

264 2452 480 2504 Paulus
516 2449 799 2517 apostolus
852 2465 863 2498 :
923 2464 941 2496 ι
995 2445 1058 2498 Ει
1119 2461 1312 2498 omnes
1349 2461 1520 2497 unum
1583 2443 1849 2512 Spiritum

265 2544 580 2612 potavimus
604 2541 670 2594 ⁸⁸.
710 2559 726 2590 ι
766 2538 963 2594 Utrum
992 2549 1170 2591 autem
1206 2538 1411 2590 donum
1438 2537 1531 2590 Dei
1564 2537 1633 2589 sit
1667 2537 1854 2604 appel-

267 2638 382 2689 lata
407 2648 549 2701 aqua
583 2632 713 2696 ista,
745 2645 865 2698 qua:
899 2639 985 2682 est
1021 2628 1262 2697 Spiritus
1295 2636 1543 2692 sanctus,
1576 2629 1676 2680 hoc
1704 2644 1851 2695 quac-

265 2730 435 2780 ritur.
482 2724 589 2777 Sed
628 2725 774 2776 sicut
813 2723 901 2775 hic
946 2719 1257 2774 invenimus
1312 2721 1452 2772 hanc
1483 2734 1680 2786 aquam
1727 2718 1850 2784 Spi-

267 2823 438 2874 ritum
486 2831 741 2872 saucmm
798 2830 945 2880 esse,
980 2816 1054 2868 ita
1100 2815 1411 2867 invenimus
1462 2811 1591 2864 alibi
1649 2812 1700 2862 in
1735 2814 1852 2877 ipso

265 2909 572 2980 Evangelio
632 2907 772 2959 hanc
825 2920 1020 2972 aquam
1079 2905 1286 2957 douunt
1342 2901 1438 2955 Dei
1496 2899 1850 2968 appellatam.

263 3093 462 3159 ἕτερον
493 3089 638 3139 ποιεῖ
674 3086 950 3155 ὼςρέλιμον
1004 3082 1164 3149 εἶναι,
1197 3085 1280 3135 ὅτι
1315 3084 1390 3151 μὴ
1419 3084 1450 3149 ὴ
1487 3082 1697 3150 ἀγάπη,
1725 3081 1850 3132 Χω.

267 3188 359 3255 ρἰς
405 3183 515 3250 γὰρ
561 3182 784 3248 ἀγάπης
840 3180 872 3248 ή
932 3179 1118 3238 πίστις
1164 3176 1386 3228 δύναται
1445 3175 1544 3242 μὲν
1596 3171 1757 3236 εἶναι,
1792 3172 1852 3223 οῦ

276 3277 390 3345 μὴν
435 3275 490 3326 δὲ
531 3276 622 3324 καὶ
673 3272 931 3339 ὠφελεῖν.
985 3271 1178 3322 Ἔνθεν
1235 3286 1317 3320 τοι
1361 3270 1455 3319 καὶ
1500 3269 1526 3318 6
1558 3266 1851 3326 ἀπόστολος

267 3366 509 3427 Παῦλος,
544 3385 562 3414 ι
602 3364 692 3415 Ἐν
743 3360 985 3431 Χριστῷ,
1025 3380 1042 3411 ι
1091 3359 1280 3428 φησὶν,
1315 3377 1332 3406 ι
1384 3356 1557 3424 Ἰησοῦ
1592 3355 1716 3407 οὔτε
1759 3373 1851 3408 πε-

267 3459 474 3530 ριτομή
509 3474 563 3508 τι
594 3454 790 3524 ἰσχύει,
823 3452 946 3505 οὔτε
992 3449 1352 3521 ἀκροῦυστία,
1397 3449 1530 3501 ἀλλά
1579 3448 1782 3511 πίστις,
1821 3449 1852 3516 ὴ

265 3548 359 3602 διὰ
394 3552 511 3616 ,τῆς
559 3548 782 3616 ἀγάπης
828 3545 1218 3614 ἐνεργουμένη,
1258 3561 1276 3592 ι
1320 3540 1496 3602 οὕτως
1531 3539 1704 3609 αὐτὴν
1733 3541 1853 3591 δια-

265 3641 483 3711 κρίνων
512 3640 620 3690 ἀπὸ
650 3639 748 3706 τῆς
777 3637 1038 3698 πίστεως,
1070 3633 1193 3686 καθ’
1227 3633 1294 3703 ἢν
1327 3651 1344 3683 ι
1382 3632 1477 3684 καὶ
1506 3632 1575 3684 τὰ
1602 3631 1854 3699 δαιμόνια

267 3729 597 3783 πιστεύουσι
631 3728 724 3780 καὶ
765 3725 1101 3795 φρίττουσιν.
1136 3741 1153 3773 ι
1203 3724 1266 3775 Ἡ
1294 3723 1481 3790 ἀγάπη
1504 3721 1702 3787 τοίνυν,
1733 3720 1855 3790 ἥτις

267 3829 340 3875 ἐκ
369 3820 465 3872 τοῦ
503 3819 641 3874 Θεοῦ
672 3821 810 3879 ἐστὶ,
838 3820 933 3869 καὶ
959 3816 1092 3878 Θεός
1124 3818 1240 3867 ἐστι
1275 3815 1504 3884 κυρίως,
1535 3815 1595 3866 τὸ
1631 3813 1853 3879 Πνεῦμα

265 3919 334 3970 τὸ
383 3914 540 3982 ἆγιὸν
578 3915 720 3975 ἐστι,
762 3913 827 3963 δι’
863 3904 924 3962 οῦ
976 3910 1271 3977 ἐκκέχυται
1327 3909 1383 3960 ἐν
1433 3910 1552 3966 ταῖς
1604 3906 1856 3975 καρδίαις

265 4006 438 4076 ἡμῶν
480 4005 514 4070 ἡ
547 4003 640 4053 τοῦ
663 4001 798 4053 Θεοῦ
824 3999 1120 4067 ἁγάπη,δι’
1154 3993 1219 4068 ἦς
1255 3999 1310 4048 ὲν
1339 3997 1521 4065 ἡμῖνή
1553 3995 1724 4064 Τριὰς
1756 3995 1854 4062 ὅλη

267 4100 506 4152 ἐνοικεῖ.
551 4095 763 4162 Ἀμέλει
813 4094 910 4144 καὶ
960 4091 1228 4160 ὀρθότατα
1258 4091 1317 4141 τὸ
1345 4088 1564 4156 Πνεῦμα
1589 4087 1650 4138 τὺ
1702 4089 1856 4154 amo

267 4194 412 4252 Θεὸς
431 4189 513 4250 ὃν,
541 4188 639 4239 καὶ
654 4186 826 4254 δῶρον
847 4183 981 4235 Θεοῦ
1007 4183 1351 4235 καλεῖται.⁹¹0
1371 4183 1544 4247 δῶρον
1571 4180 1776 4247 κυρίως
1805 4177 1856 4229 τί

267 4299 416 4336 ποτε
446 4281 635 4347 ἕτερον
666 4277 908 4344 νοητέον,
946 4275 1028 4327 ὅτι
1063 4278 1136 4345 μὴ
1167 4276 1267 4343 τὴν
1311 4275 1558 4341 ἀγάπην,
1590 4271 1688 4342 τὴν
1723 4270 1857 4340 πρὸς

265 4377 370 4426 τὸν
405 4373 541 4424 Θεὸν
576 4370 964 4436 προσάγουσαν
991 4404 1007 4429 ,
1057 4366 1155 4417 καὶ
1203 4361 1270 4434 ἧς
1329 4363 1498 4434 χωρὶς
1530 4363 1639 4415 πᾶν
1678 4359 1858 4413 ὁτιοῦν

268 4470 471 4532 ἕτερον
504 4460 640 4514 Θεοῦ
691 4460 939 4529 χάρισμα
974 4459 1035 4509 οὑ
1080 4457 1353 4526 προσάγει
1387 4457 1523 4525 πρὸς
1553 4456 1644 4507 τὸν
1676 4453 1810 4505 Θεόν
1841 4467 1856 4516 ;

885 4573 1134 4626 ΚΕΦΑΛ.
1171 4571 1268 4624 ΙΘ’.

273 4675 408 4732 Τίνι
438 4675 600 4740 λόγῳ
631 4667 825 4740 δῶρον
851 4668 948 4740 καί
973 4666 1256 4740 ’χάρισμα
1297 4662 1405 4716 τοῦ
1431 4661 1580 4717 Θεοῦ
1618 4663 1859 4733 λέγεται

743 4739 810 4788 τὸ
840 4737 1079 4802 Πνεῦμα
1106 4737 1170 4786 τὸ
1201 4734 1390 4801 ἅγιον.

344 4832 478 4904 'Ap‘
535 4831 629 4884 οὖν
685 4829 777 4882 καὶ
835 4827 980 4879 τοῦτ’
1031 4827 1425 4890 ἀποδεικτέον,
1490 4826 1664 4894 δῶρον
1718 4824 1856 4877 Θεοῦ

265 4926 538 4997 εἰρῆσθαι
599 4927 657 4976 ἐν
707 4925 830 4983 ταῖς
885 4921 1067 4988 ἁγίαις
1123 4920 1368 4988 Γραφαίς
1414 4919 1474 4970 τὸ
1524 4918 1748 4987 Πνεῦμα
1799 4916 1860 4970 τὸ

265 5024 477 5086 ἃγιονς
514 5017 676 5071 Ἀλλὰ
711 5016 805 5067 καὶ
851 5013 1010 5066 τοῦτο
1041 5014 1122 5075 τίς
1175 5013 1493 5081 ικδέχεται;
1534 5013 1772 5083 Ἐχομεν
1803 5013 1862 5062 ὲν

263 5112 353 5179 τῷ
391 5109 535 5162 κατὰ
559 5107 814 5173 Ἰωάννην
849 5104 1170 5172 Εὑαγγελίῳ
1216 5107 1286 5156 τὰ
1318 5105 1412 5156 τοῦ
1448 5105 1657 5174 Κυρίου
1698 5102 1857 5173 ἡμῶν

268 5206 505 5277 ῥήματα
537 5194 812 5266 λέγοντος,
845 5215 864 5247 ι
904 5197 974 5250 Εἴ
1000 5215 1084 5258 τις
1114 5196 1266 5266 διψᾷ,
1307 5197 1556 5266 ἐρχέσθω
1587 5197 1724 5264 πρός
1764 5214 1852 5264 με,

265 5294 372 5349 καὶ
401 5293 618 5345 πινέτω.
653 5307 778 5340 ι-ι
825 5287 883 5340 Ὀ
923 5289 1195 5340 πιστεύων
1221 5289 1298 5349 είς
1319 5289 1442 5356 ἐμὲ,
1467 5307 1485 5337 ι
1525 5289 1598 5350 ὡς
1641 5287 1792 5340 εἶπεν
1823 5291 1854 5357 ἡ

263 5385 495 5457 Γραφὴ,
527 5403 546 5434 ι
579 5384 814 5450 ποταμοὶ
854 5384 918 5434 ἐκ
958 5381 1056 5449 τῆς
1097 5380 1308 5443 κοιλίας
1364 5380 1531 5432 αὑτοῦ
1567 5381 1856 5450 ῥεύσουσιν

264 5479 474 5537 ὓδατος
524 5475 746 5538 ζῶντος.
790 5492 808 5524 ι
873 5473 1053 5534 Εὐθὺς
1106 5472 1162 5525 δὲ
1222 5473 1316 5524 καὶ
1373 5474 1401 5524 6
1454 5472 1856 5540 εὐαγγελιστὴς

261 5570 546 5636 ἑπόμενος
600 5566 828 5635 συνῆψε,
868 5584 886 5616 ‹
926 5565 1097 5616 Τοῦτο
1142 5565 1197 5617 δὲ
1252 5561 1373 5617 εἷπε
1406 5566 1534 5636 περὶ
1567 5567 1659 5617 τοῦ
1688 5568 1859 5618 Πνεῦ-

264 5679 470 5735 ματος,
514 5657 575 5714 οὗ
629 5660 854 5729 ἔμελλον
911 5659 1210 5727 λαμϐάνειν
1262 5660 1309 5711 οί
1368 5659 1719 5722 πιστεύοντες
1776 5663 1854 5722 εἰς

375 5843 419 5874 ¹³
450 5843 565 5896 Jac.
604 5857 662 5905 ιι,
699 5841 793 5896 19.
892 5842 934 5874 ’⁸
963 5839 1119 5897 Joan.
1143 5857 1235 5909 vn,
1265 5844 1449 5898 57-39.

1552 5844 1595 5876 ¹⁵
1625 5844 1642 5898 1
1675 5842 1802 5898 Cor.
1837 5858 1931 5908 xu,
1968 5843 2046 5896 l5.

1954 1992 2019 2043 de
2053 2005 2162 2058 quo
2195 1989 2284 2042 hic
2327 1988 2591 2042 Dominus
2619 1989 2731 2042 ait:
2773 2006 2789 2038 ι
2836 1988 2891 2041 Si
2934 1987 3107 2040 scires
3161 1985 3366 2037 donum
3405 1983 3525 2044 Dei,

1955 2083 2154 2149 etquis
2175 2089 2259 2134 est
2281 2081 2372 2149 qui
2407 2079 2540 2134 dicit
2561 2081 2683 2143 tibi,
2712 2079 2786 2132 Du
2816 2078 2948 2130 mihi
2976 2077 3181 2138 bibere,
3206 2084 3263 2128 tu
3298 2075 3527 2128 forsitan

1957 2174 2188 2241 p-tisses
2211 2173 2279 2226 ab
2300 2187 2388 2236 eo,
2413 2183 2465 2226 et
2497 2173 2735 2226 dedisset
2758 2172 2853 2225 tibi
2881 2185 3076 2240 aquam
3111 2171 3310 2223 vivam.
3345 2187 3362 2220 ι
3389 2170 3527 2223 Nam

1954 2269 2096 2333 quod
2171 2265 2244 2318 ibi
2316 2265 2412 2328 ait,
2467 2283 2485 2314 ι
2531 2263 2780 2317 Flumina
2829 2264 2896 2318 de
2954 2273 3148 2317 ventre
3195 2266 3315 2331 ejus
3364 2261 3533 2316 ﬂuent

1955 2372 2113 2424 aqua:
2140 2357 2295 2418 vivae,
2338 2375 2356 2407 ι
2400 2357 2651 2409 ltoc'isto
2686 2358 2852 2417 loco;
2896 2374 2914 2406 ι
2953 2355 3070 2409 Fiet
3116 2358 3166 2408 itt
3198 2371 3285 2418 eo,
3329 2356 3527 2424 inquit,

1957 2452 2077 2502 fons
2110 2464 2262 2517 aquae
2325 2449 2572 2503 salientis
2627 2448 2680 2502 in
2723 2449 2887 2501 vitam
2936 2458 3218 2502 aeternam.
3276 2466 3294 2499 ι
3331 2449 3532 2503 Paulus

1956 2557 2173 2609 quoque
2224 2542 2508 2609 apostolus
2557 2583 2574 2607 ,
2625 2558 2642 2590 ι
2685 2538 3017 2607 Unicuique,
3054 2541 3252 2609 inquit,
3286 2549 3530 2592 nostrum

1957 2635 2119 2687 datur
2170 2634 2323 2698 ,ratia
2351 2638 2649 2688 secundum
2684 2650 2994 2687 mensurant
3024 2635 3340 2688 donationis
3371 2633 3532 2688 Chri-

1956 2727 2022 2778 sti
2052 2726 2114 2778 ¹’¹.
2140 2745 2158 2777 ι
2193 2729 2367 2794 Atque
2393 2737 2451 2778 ut
2480 2727 2830 2779 donationem
2859 2726 3065 2779 Christi
3100 2725 3364 2795 Spiritqu
3398 2743 3531 2780 sati-

1956 2828 2102 2872 ctum
2136 2818 2469 2880 ostenderet,
2501 2827 2720 2873 set-ntus
2758 2819 3044 2888 adiunxit:
3079 2837 3097 2870 ι
3120 2818 3348 2889 Propter
3379 2821 3524 2889 quod

1957 2908 2122 2962 dicit:
2165 2911 2424 2965 Ascendit
2455 2913 2508 2963 in
2541 2910 2743 2976 altum;
2781 2912 3077 2980 eaptivavit
3120 2911 3524 2980 captivitatem,

1957 3087 2140 3139 αὐτόν.
2199 3107 2215 3137 ι
2286 3088 2448 3140 Ὀοεν
2507 3091 2641 3157 φησὶ
2701 3090 2796 3143 καὶ
2852 3092 2878 3142 6
2933 3091 3232 3153 ἀπόστολος
3295 3092 3528 3157 Παῦλος,

1963 3202 1979 3232 ι
2029 3182 2136 3234 Καὶ
2185 3181 2386 3244 πάντες
2438 3182 2496 3233 ἓν
2548 3182 2771 3251 Πνεῦμα
2831 3185 3080 3252 ἐπίομεν.
3122 3203 3140 3235 ι
3187 3185 3425 3253 Πότερον
3475 3187 3532 3238 δὲ

1954 3275 2126 3344 δῶρον
2158 3274 2290 3326 Θεοῦ
2325 3273 2620 3342 ὠνομάσθη
2664 3275 2784 3327 τόδε
2830 3276 2892 3327 τὸ
2938 3276 3103 3345 ὕδωρ,
3155 3277 3294 3347 ὅπερ
3326 3280 3440 3330 ἐστὶ
3471 3279 3533 3330 τὸ

1958 3363 2202 3431 Πνεῦμα,
2260 3363 2420 3415 τοῦτο
2482 3363 2752 3432 ζητεῖται.
2815 3364 2957 3416 Ἀλλ’
3031 3365 3223 3435 ὥσπερ
3295 3366 3532 3420 ἐνταῦθα

1955 3457 2282 3525 εὑρίσκομεν
2310 3457 2428 3508 τόδε
2459 3457 2518 3507 τὸ
2554 3455 2699 3524 ὕδωρ
2725 3457 2785 3507 τὸ
2830 3457 3054 3526 Πνεῦμα
3080 3459 3142 3510 τὸ
3182 3460 3337 3526 ἅγιον
3370 3456 3530 3523 εἶναι,

1955 3545 2124 3608 οὕτως
2174 3548 2504 3616 εὑρίσκομεν
2547 3549 2640 3599 καὶ
2688 3549 2924 3618 ἀλλαχοῦ
2958 3551 3015 3600 ἐν
3047 3551 3199 3619 αὐτῷ
3235 3551 3310 3619 τῷ
3345 3552 3525 3619 Εὐαγ-

1957 3640 2120 3708 γελίῳ
2148 3639 2305 3691 τοῦτο
2337 3641 2393 3692 τὸ
2426 3639 2569 3709 ὕδωρ
2600 3640 2705 3693 τοῦ
2739 3641 2888 3694 Θεοῦ
2924 3640 3119 3708 δῶρον
3151 3659 3527 3714 προσαγορευ-

1958 3733 2068 3785 Οέν.
2110 3733 2217 3785 Καὶ
2263 3735 2373 3800 γὰρ
2409 3735 2435 3785 ὁ
2477 3733 2637 3794 αὐτὸς
2681 3734 2884 3802 Κύριος
2917 3736 2980 3804 τῇ
3035 3735 3392 3804 Σαμαρείτιδι
3438 3752 3534 3801 γυ-

1959 3828 2106 3879 ναικὶ
2178 3829 2327 3884 παρὰ
2397 3827 2473 3894 τῷ
2534 3828 2730 3895 φρέατι
2790 3828 3019 3895 ὁμιλῶν,
3070 3823 3214 3899 ᾗπερ
3287 3829 3532 3898 εἴρηκεν,

1966 3937 1984 3969 ι
2051 3920 2147 3980 Δός
2206 3936 2296 3986 μοι
2355 3923 2520 3983 πιεῖν,
2589 3939 2606 3970 ι
2673 3919 2890 3990 ἐκείνης
2956 3921 3376 3990 ἀποκριθείσης,
3451 3923 3533 3974 ὅτι

1965 4030 1983 4061 ι
2025 4009 2274 4063 Ἰουδαῖοι
2325 4012 2384 4062 οὺ
2454 4010 2802 4078 συγχρῶνται
2871 4012 2986 4071 τοῖς
3052 4011 3459 4079 Σαμαρείταις,
3512 4029 3529 4061 ι

1958 4102 2230 4171 ἀπεκρίθη
2285 4101 2375 4152 καὶ
2429 4098 2601 4167 εἶπεν,
2647 4120 2663 4151 ι
2723 4102 2781 4153 Ei
2819 4101 2966 4169 ᾔδεις
3016 4104 3116 4171 τὴν
3175 4101 3386 4167 δωρεὰν
3435 4101 3528 4153 τσῦ

1959 4193 2117 4257 Θεοῦ,
2149 4193 2242 4246 καὶ
2287 4193 2368 4254 τίς
2399 4194 2544 4245 ἐστιν
2575 4197 2600 4244 6
2641 4193 2814 4260 λέγων
2856 4210 2962 4256 σοι,
2995 4194 3092 4254 Δός
3135 4209 3225 4260 μοι
3258 4193 3424 4254 πιεῖν,
3467 4193 3533 4245 σὺ

1962 4288 2026 4340 ἂν
2060 4287 2268 4357 ᾔτησας
2297 4285 2484 4348 αὐτὸν,
2516 4286 2609 4338 καὶ
2642 4285 2809 4337 ἔδωκέ
2843 4301 2926 4337 σοι
2961 4283 3104 4352 ὕδωρ
3141 4283 3270 4347 ζῶν.
3311 4302 3330 4335 ι
3367 4284 3536 4348 Λέγει

1961 4379 2109 4449 αὑτῷ
2135 4381 2168 4448 ἡ
2195 4381 2357 4448 γυνὴ,
2398 4398 2414 4429 ι
2455 4379 2649 4446 Κύριε,
2682 4375 2806 4428 οὔτε
2842 4377 3098 4445 ἄντλημα
3145 4377 3310 4446 ἔχεις,
3342 4376 3435 4428 καὶ
3475 4377 3536 4426 τὸ

1961 4473 2142 4542 φρέαρ
2173 4473 2286 4524 ἐστὶ
2309 4470 2444 4541 βαθύ
2469 4486 2481 4500 ο
2511 4470 2673 4521 πόθεν
2703 4468 2793 4520 οῦν
2820 4469 2965 4536 ἔχεις
2993 4470 3050 4518 τὸ
3079 4467 3223 4536 ὕδωρ
3252 4467 3312 4518 τὸ
3336 4467 3484 4533 ζώνς
3514 4487 3530 4516 ι

1891 4599 1936 4654 D
1965 4566 2063 4618 καὶ
2097 4567 2163 4617 τὰ
2193 4565 2340 4631 ἑξῆς.
2374 4561 2675 4630 ’Λπεκρίοη
2728 4563 2756 4612 ὁ
2805 4559 3011 4628 Ἰησοῦς
3044 4560 3136 4611 καὶ
3177 4554 3333 4610 εἶπεν
3368 4557 3534 4626 αὐτῇ,

1972 4677 1990 4709 ι
2031 4658 2146 4720 Πᾶς
2196 4658 2222 4707 6
2259 4656 2428 4708 πίνων
2450 4658 2511 4706 ὲκ
2539 4652 2633 4705 τοῦ
2669 4653 2854 4713 ὕδατος
2884 4651 3075 4703 τούτου
3099 4651 3316 4719 διψήσει
3353 4652 3532 4714 πάλιν,

1962 4747 1990 4797 6
2037 4745 2092 4797 δὲ
2131 4744 2300 4796 πίνων
2356 4746 2419 4794 ὲκ
2473 4743 2566 4794 τοῦ
2625 4740 2836 4801 ὕδατος.
2885 4733 2947 4792 οῦ
2999 4739 3108 4808 ἐγὼ
3162 4741 3318 4792 δώσω
3365 4741 3534 4809 αὐτῷ,

1963 4839 2255 4905 γενήσεται
2297 4836 2447 4905 αὐτῷ
2504 4836 2654 4904 πηγὴ
2697 4835 2888 4897 ὓδατος
2932 4833 3230 4901 ἁλλομένου
3277 4835 3357 4894 είς
3393 4832 3537 4901 ζωὴν

1965 4929 2206 4979 αἰώνιον.
2265 4945 2285 4978 ι
2318 4926 2538 4995 Ἐπειδὴ
2590 4925 2771 4978 τοίνυν
2823 4925 2882 4976 τὸ
2913 4924 3054 4993 ὕδωρ
3087 4924 3247 4976 τοῦτο
3288 4926 3349 4974 τὸ
3406 4920 3534 4986 ζῶν,

1966 5019 2221 5090 καθαπερ
2247 5021 2276 5072 6
2312 5019 2706 5086 εὐαγγελιστὴς
2757 5017 3090 5086 ἐξηγήσαιο,
3126 5017 3187 5067 τὸ
3221 5015 3448 5082 Πνεῦμα
3478 5016 3538 5065 τὸ

1963 5114 2119 5180 ἅγιόν
2188 5115 2370 5173 ἐστιν,
2434 5110 2823 5177 ἀναμφιϐόλως
2891 5110 3063 5178 δῶρον
3119 5107 3212 5159 τοῦ
3275 5106 3415 5158 Θεοῦ
3476 5106 3538 5156 τὸ

1963 5205 2186 5272 Πνεῦμα
2242 5205 2536 5273 ἐστι,περ“ι
2595 5202 2654 5256 οῦ
2713 5202 2950 5256 ἐνταῦΟὰ
3012 5219 3178 5270 φησιν
3225 5203 3252 5252 ὁ
3307 5200 3531 5267 Κύριος,

1971 5319 1988 5350 ι
2033 5301 2092 5350 Ei
2148 5297 2292 5366 ᾔδεις
2328 5298 2426 5368 τὴν
2457 5299 2666 5368 δωρεὰν
2701 5298 2792 5349 τοῦ
2837 5297 2993 5357 Θεοῦ,
3028 5298 3119 5347 καὶ
3171 5294 3256 5356 τίς
3307 5294 3456 5344 ἐστιν
3507 5292 3535 5340 ὁ

1965 5391 2134 5455 λέγων
2165 5407 2268 5451 σοι,
2305 5391 2401 5452 Δός
2453 5408 2543 5458 μοι
2577 5393 2741 5449 πιεῖν,
2777 5390 2842 5441 σὺ
2877 5388 2942 5440 ἄν
2979 5387 3191 5458 ⁴ᾔτησας
3226 5383 3413 5442 αὑτὸν,
3441 5380 3537 5432 καὶ

1965 5484 2132 5534 ἔδωκέ
2188 5499 2268 5532 σοι
2309 5481 2453 5550 ὕδωρ
2492 5481 2620 5542 ζῶν.
2661 5499 2678 5530 ι
2730 5482 2794 5532 ’Ὁ
2822 5482 2930 5549 γὰρ
2979 5485 3096 5533 ἐκεῖ
3124 5481 3334 5549 εἴρηκε,
3376 5492 3395 5524 ι
3435 5475 3534 5525 Πῦ-

1965 5575 2130 5640 ταμοὶ
2164 5575 2225 5623 ἐκ
2256 5572 2353 5639 τῆς
2396 5572 2607 5633 κοιλίας
2635 5572 2800 5624 αὑτοῦ
2846 5572 3134 5642 ῥεύσουσιν
3161 5572 3355 5633 ὓδατος
3394 5570 3535 5633 ζῶν-

1965 5679 2074 5727 τος,
2140 5682 2157 5712 ι
2225 5662 2383 5714 τοῦτο
2443 5663 2677 5716 ἐνταῦθά
2738 5682 2894 5734 φησι,
2959 5685 2975 5716 ι
3046 5666 3339 5735 Γενήσεται
3382 5661 3534 5730 αὐτῷ

2160 5843 2200 5874 ³⁸
2257 5842 2411 5897 Joau.
2471 5859 2542 5910 tv,
2613 5843 2796 5898 lO-li.
2913 5847 2949 5876 ¹⁷
2998 5846 3193 5915 [ίνίιεε.
3224 5861 3297 5912 tv,
3329 5844 3383 5898 7.
