4232 6448
707 438 851 508 1193

2016 426 2117 486 MA
2130 424 2302 485 ΧΪΜΙ
2331 425 2709 488 PLANUD/E

3841 416 3980 481 1124

713 550 864 603 dedit
898 550 1036 600 dona
1071 545 1381 600 hominibus
1409 543 1472 597 ιδ.
1511 562 1529 594 ι
1565 541 1924 596 Notissimum
1956 547 2042 593 est
2074 553 2282 603 autem,
2319 545 2362 599 Α
2392 551 2475 593 est
2511 541 2750 610 Spiritus
2785 550 3032 605 sanctus,
3082 541 3134 592 in
3165 553 3457 592 commune
3508 534 3764 589 omnibus
3800 547 3971 586 mem-

719 639 1005 692 llozzliuum
1037 637 1243 697 Jt‘SlIlll,
1279 650 1402 686 cum
1433 640 1554 700 post
1580 633 2044 685 resurrectionem
2083 646 2110 681 a
2150 646 2292 682 tuor-

716 733 828 784 tnis
864 730 1206 784 ascendisset
1257 730 1309 779 in
1341 728 1564 788 cadum,
1606 725 1826 778 dedisse
1861 722 2128 791 Spiritum
2166 737 2294 774 san-

714 834 885 890 ctum,
928 837 1036 890 quo
1069 822 1274 890 impleti
1306 822 1398 888 qui
1429 817 1777 872 crediderant
1811 817 2017 886 linguis
2045 817 2293 868 omnium

715 919 956 984 gentium
989 917 1374 983 loquebantur.
1402 911 1512 964 Nec
1539 923 1773 974 mereat,
1795 911 1941 978 quod
1991 909 2088 971 ait,
2119 908 2294 970 Dona,

719 1027 827 1060 nun
857 1009 1057 1060 donutn
1104 1023 1118 1068 ;
1156 1006 1205 1057 id
1247 1006 1390 1056 enim
1430 1002 1802 1055 testimonium
1847 1016 1912 1052 ex
1946 1001 2156 1068 psalmo
2201 1013 2299 1066 po-

715 1102 845 1153 suit.
872 1099 982 1150 lloc
1013 1107 1194 1150 autem
1234 1098 1286 1148 in
1321 1099 1534 1162 psalmo
1567 1097 1638 1146 ita
1667 1096 1898 1161 legitur:
1939 1112 1958 1143 ι
1989 1092 2297 1146 Ascendisti

718 1196 771 1246 in
808 1193 997 1254 altum,
1049 1189 1335 1257 captivasti
1388 1190 1784 1255 captivitatem,
1827 1186 2089 1254 accepisti
2148 1186 2294 1238 dona

719 1289 771 1336 in
817 1284 1125 1336 hominibus
1153 1281 1215 1332 ¹⁹.
1257 1299 1276 1332 ι
1309 1280 1400 1334 Sic
1433 1281 1580 1333 enim
1613 1280 1796 1347 plures
1828 1279 2048 1332 codices
2073 1277 2297 1336 habent.

716 1385 770 1429 et
810 1353 1045 1427 Inaxime
1075 1372 1271 1433 Graeci,
1306 1383 1359 1426 et
1385 1387 1448 1425 ex
1485 1370 1714 1423 llelirteo
1747 1369 1826 1423 sic
1873 1369 2294 1437 interpretatum

721 1467 1004 1520 habemus.
1041 1464 1190 1518 Dona
1250 1467 1435 1532 itaque
1480 1464 1621 1516 dixit
1667 1462 1986 1532 Apostolus,
2033 1460 2300 1528 quemad-

725 1559 946 1610 modum
983 1556 1278 1625 Proplteta,
1312 1572 1421 1609 non
1460 1557 1690 1607 donum.
1725 1555 1827 1606 Sed
1861 1567 1986 1605 cum
2021 1551 2294 1619 PrOplieta

720 1650 921 1703 dixerit
950 1667 962 1702 :
997 1666 1016 1700 ι
1051 1649 1324 1716 Accepisti
1353 1649 1405 1700 in
1439 1647 1773 1706 hominibus,
1804 1662 1822 1694 ι
1858 1645 2157 1714 Apostolus
2189 1659 2302 1696 ma-

722 1743 1047 1804 luitdicere,
1078 1761 1094 1792 ι
1121 1742 1280 1794 Dedit
1303 1739 1803 1801 donaltominibus,
1837 1757 1855 1788 ι
1885 1752 1945 1789 ιιι
1970 1755 2033 1791 ex
2067 1749 2300 1804 utroque

720 1834 929 1887 scilicet
969 1834 1159 1896 Verbo,
1212 1851 1321 1885 uno
1366 1834 1710 1903 prophetico,
1745 1831 2052 1899 apoStolico
2100 1833 2296 1891 altero,

2399 633 2514 686 bris
2538 633 2747 688 Christi
2784 633 2956 686 multa
3004 633 3144 685 dona
3189 646 3310 700 qua:
3347 642 3470 684 sunt
3504 628 3819 697 quibusque
3853 637 3979 690 pro-

2399 728 2515 795 pria
2555 727 2896 779 dividuntur.
2932 723 3049 777 Non
3091 723 3237 776 enim
3274 721 3473 789 singuli
3518 720 3725 788 quique
3766 715 3976 769 habent

2399 819 2608 878 omnia,
2642 818 2736 872 sed
2775 817 2825 870 Ιιὶ
2867 818 2984 875 illa.
3018 826 3072 870 et
3104 815 3196 868 alii
3224 814 3348 875 alia,
3388 813 3643 880 quamvis
3667 809 3848 876 ipsum
3881 807 3980 859 do-

2399 927 2557 975 num,
2622 927 2650 963 a
2710 926 2820 979 quo
2861 912 3058 977 cuique
3114 907 3337 976 propria
3387 904 3738 962 dividuntur,
3787 913 3981 953 omnes

2406 1007 2665 1066 habeant,
2699 1006 2752 1058 id
2805 1015 2889 1059 est
2932 1003 3199 1071 Spiritum
3241 1009 3518 1055 sanctum.
3575 997 3700 1050 Nan'
3750 1005 3804 1048 et
3850 993 3979 1044 alibi

2401 1114 2526 1152 cum
2559 1099 2724 1151 multa
2753 1097 2895 1151 dona
2921 1104 3449 1149 commemorasset:
3479 1109 3496 1140 ι
3525 1089 3740 1152 Omnia,
3773 1086 3979 1152 inquit,

2357 1205 2365 1217 ‘
2400 1191 2517 1246 btec
2573 1197 2836 1258 operatur
2871 1203 3016 1242 unus
3045 1196 3208 1255 atque
3250 1184 3394 1238 idem
3436 1182 3697 1252 Spiritus,
3731 1178 3985 1230 dividens

2405 1283 2628 1352 propria
2663 1280 2987 1349 unicuique,
3036 1288 3198 1348 prout
3243 1276 3362 1329 vult
3385 1276 3450 1328 ".
3485 1292 3503 1324 ι
3547 1272 3702 1337 Quod
3751 1270 3982 1322 verbum

2402 1386 2454 1428 et
2483 1373 2538 1427 in
2572 1371 2836 1441 Epistola,
2869 1385 2991 1439 quae
3024 1370 3090 1423 ad
3119 1367 3382 1422 Hebraeos
3413 1374 3517 1429 est,
3561 1361 3864 1420 invenitur,
3892 1356 3985 1409 ubi

2405 1465 2671 1530 scriptum
2701 1473 2785 1517 est
2822 1481 2835 1516 :
2884 1480 2902 1512 ι
2943 1463 3252 1515 Attestante
3291 1456 3404 1511 Deo
3432 1456 3606 1524 signis
3632 1462 3687 1506 et
3727 1454 3984 1510 ostentis,

2403 1562 2456 1606 et
2491 1553 2661 1606 variis
2716 1553 3043 1612 virtutibus,
3073 1559 3129 1604 et
3163 1548 3404 1618 Spiritus
3429 1545 3610 1598 sancti
3633 1541 3986 1596 distributio-

2404 1645 2658 1700 nibus“.
2701 1662 2718 1695 ι
2768 1642 2834 1696 Et
2877 1643 2966 1697 hic
3014 1656 3136 1696 cum
3192 1641 3465 1693 dixisset:
3524 1633 3771 1688 Ascendit
3807 1631 3862 1682 in
3897 1628 3988 1681 al-

2404 1750 2548 1806 tum,
2592 1739 2876 1806 captivavit
2929 1737 3333 1804 captivitatem,
3374 1732 3516 1784 dedit
3571 1732 3709 1782 dona
3761 1724 3992 1777 homini-

2407 1829 2500 1882 bus
2526 1847 2544 1884 :
2581 1849 2599 1881 ι
2630 1831 2783 1896 Quod
2815 1839 2993 1883 autem
3029 1827 3280 1883 ascendit
3312 1827 3407 1889 ait,
3449 1823 3578 1891 quid
3610 1829 3692 1874 est
3724 1818 3828 1872 nisi
3859 1816 3988 1884 quia

720 1924 849 1991 quia
905 1926 958 1974 in
999 1933 1236 1989 utroque
1286 1936 1369 1977 est
1424 1922 1596 1975 divini
1645 1921 1916 1976 sermonis
1971 1920 2298 1982 auctoritas,
2332 1891 2461 1975 Bet
2514 1922 2795 1976 descendit
2871 1921 2926 1974 in
3000 1919 3290 1974 inferiores
3347 1930 3531 1986 partes
3601 1911 3817 1968 terra?
3881 1907 3990 1974 Qui

721 2028 914 2067 sensus
968 2012 1319 2082 plenissimus
1361 2015 1706 2067 redderetur.
1770 2010 2081 2077 Utrumque
2136 2013 2284 2073 enim

721 2121 911 2158 verum
949 2114 1051 2166 est.
1078 2115 1128 2157 et
1161 2106 1288 2173 quia
1321 2105 1471 2158 dedit
1502 2105 1839 2165 hominibus,
1863 2112 1915 2154 ct
1940 2105 2068 2171 quia
2092 2101 2304 2169 accepit

725 2193 780 2246 in
842 2194 1180 2247 hominibus.
1233 2194 1392 2248 Dedit
1439 2195 1776 2253 hominibus,
1835 2203 2096 2259 tanquam
2133 2207 2300 2259 caput

727 2285 993 2338 membris
1055 2287 1194 2339 suis.
1236 2287 1464 2354 Accepit
1509 2288 1560 2338 in
1623 2285 1942 2337 hominibus
1994 2283 2134 2336 idern
2190 2285 2304 2350 ipse

730 2378 921 2446 utique
954 2377 1006 2429 in
1043 2379 1306 2432 membris
1347 2380 1486 2440 suis,
1533 2387 1755 2447 prepter
1782 2393 1903 2444 qua:
1932 2377 2176 2429 utetubra
2203 2391 2302 2429 sua

723 2470 980 2524 clamavit
1006 2473 1073 2526 de
1111 2474 1250 2526 caelo
1285 2488 1298 2524 :
1341 2490 1358 2521 ι
1397 2471 1580 2534 8.ιυ1υ,
1618 2471 1802 2529 Saule.
1834 2470 1964 2534 quid
2003 2485 2085 2523 nte
2118 2485 2305 2537 perse-

722 2563 1010 2629 queris“?
1035 2582 1052 2613 ι
1083 2562 1144 2616 Et
1161 2563 1227 2617 de
1247 2563 1451 2632 quibus
1477 2563 1737 2615 membris
1754 2563 1871 2615 suis
1889 2565 1998 2614 ait:
2033 2579 2051 2612 ‹
2074 2560 2304 2625 Quando

728 2653 819 2704 uni
863 2667 928 2705 ex
983 2655 1225 2707 minimis
1283 2659 1419 2706 lueis
1479 2653 1707 2718 (castis,
1755 2654 1887 2705 mihi
1942 2651 2236 2706 fecistis“.
2281 2671 2299 2703 ι

724 2744 845 2812 ipse
879 2762 1010 2814 ergo
1038 2746 1294 2800 Christus
1330 2755 1384 2799 et
1426 2746 1578 2797 dedit
1611 2749 1676 2798 de
1711 2748 1870 2808 cwlo,
1905 2756 1958 2798 et
1991 2747 2207 2814 aet-epit
2249 2746 2302 2799 in

724 2845 891 2890 terra.
923 2838 1095 2891 Porro
1135 2849 1319 2893 autem
1348 2839 1488 2892 dona
1541 2840 1611 2890 ob
1671 2839 1774 2892 hoc
1813 2839 1976 2892 ambo
2024 2839 2304 2899 dixerunt,

722 2939 776 2981 et
806 2933 1098 2998 propheta.
1136 2941 1190 2986 et
1223 2931 1544 2999 Apostolus,
1588 2931 1719 3000 quia
1759 2947 1853 3000 per
1891 2932 2123 2997 donum,
2158 2932 2305 3000 quod

1105 3032 1118 3060 1

723 3111 878 3180 πηγὴ
926 3110 1117 3173 ὓδατος
1161 3112 1460 3182 ἁλλομένου
1516 3116 1596 3176 εἰς
1649 3115 1796 3185 ζωὴν
1830 3115 2072 3171 αἰώνιον.
2133 3137 2151 3170 ι
2194 3121 2306 3172 Kal.

2407 2015 2714 2077 descendit,
2757 2015 2873 2084 ipse
2925 2021 3010 2068 est
3051 2022 3105 2067 et
3136 2010 3239 2081 qui
3296 2011 3543 2064 ascendit
3577 2022 3740 2074 super
3792 2016 3990 2056 omnes

2409 2110 2599 2171 melos.
2620 2119 2679 2164 ut
2715 2111 3044 2179 adimpleret
3066 2111 3270 2162 omnia.
3301 2107 3365 2160 Et
3397 2106 3512 2174 ipse
3537 2103 3687 2156 dedit
3712 2098 3984 2166 quosdam

2408 2203 2634 2270 quidem
2697 2202 3000 2270 apostolos,
3061 2200 3336 2268 quosdam
3403 2206 3587 2248 autem
3659 2195 3984 2261 prophetas,

2408 2294 2676 2362 quosdam
2717 2309 2847 2347 vero
2889 2291 3286 2361 evangelistas,
3346 2288 3617 2358 quosdam
3671 2293 3852 2337 autem
3886 2295 3988 2348 pa-

2409 2397 2584 2439 Stores
2621 2395 2674 2439 et
2707 2385 2982 2440 doctores.
3013 2403 3032 2436 ι
3066 2383 3204 2437 Ecce
3257 2396 3434 2448 quare
3479 2379 3622 2432 dicta
3660 2385 3788 2428 sunt
3819 2375 3991 2429 dona.

2408 2477 2534 2544 quia
2568 2477 2711 2531 sicut
2749 2478 2879 2530 alibi
2926 2477 3063 2530 dicit
3093 2494 3104 2528 :
3141 2495 3160 2526 ‹
3192 2473 3451 2541 Nunquid
3495 2485 3689 2524 omnes
3720 2469 3996 2536 apostoli?

2408 2568 2664 2638 Nunquid
2682 2584 2873 2624 omnes
2904 2567 3282 2638 prophetat"?
3314 2585 3332 2617 ι
3365 2575 3670 2620 etcmtera:
3703 2566 3789 2616 hic
3811 2574 3994 2616 autem

2410 2665 2711 2733 adjunxit:
2769 2666 2897 2718 «Ad
2956 2661 3490 2718 consummationem
3545 2669 3884 2721 sanctorum,
3940 2658 3993 2709 in

2409 2771 2548 2824 opus
2585 2757 2899 2821 ministerii,
2934 2757 2993 2810 in
3063 2754 3487 2808 aedificationem
3546 2751 3800 2820 corporis
3831 2749 3992 2802 Chri-

2411 2849 2564 2900 sti”.
2605 2865 2623 2898 ι
2657 2846 2781 2902 Haec
2813 2859 2895 2902 est
2923 2848 3150 2910 domus,
3193 2861 3337 2914 quae,
3369 2847 3511 2900 sicut
3539 2829 3794 2896 Psalmus
3821 2844 3992 2902 canit,

2411 2937 2720 2993 aediﬁcatur
2759 2949 2885 3009 post
2911 2939 3336 3006 captivitatem;
3374 2938 3636 3006 quoniam
3679 2936 3769 3002 qui
3807 2941 3939 2988 sunt
3967 2946 3998 2985 a

2417 3117 2622 3187 μέλεσι,
2659 3119 2728 3171 δι’
2779 3119 2924 3188 ἅπερ
2979 3120 3154 3172 οίκεία
3197 3118 3333 3188 μέλη
3384 3117 3442 3184 ἐξ
3489 3115 3722 3186 οὐρανοῦ
3772 3116 3996 3185 ἐϐόησε,

722 3203 934 3264 Παῦλος
980 3205 1008 3254 6
1045 3204 1370 3266 ἀπόστολος,
1413 3223 1428 3253 ι
1477 3205 1748 3274 Ἐκάστῳ,
1790 3225 1808 3257 ι
1849 3209 2034 3276 φησὶν,
2074 3227 2093 3259 ι
2147 3211 2308 3278 ἡμῶν
2336 3227 2379 3286 c
2420 3228 2438 3260 ι
2469 3211 2666 3276 Σαῦλε,
2702 3211 2897 3273 Σαῦλε,
2924 3211 2975 3263 τί
3013 3228 3080 3277 με
3117 3211 3379 3276 διώκεις;
3413 3229 3430 3259 ι
3481 3210 3590 3260 Καὶ
3621 3211 3748 3276 περὶ
3782 3208 3894 3259 τῶν
3925 3209 4002 3260 oi-

722 3296 925 3347 δίδοται
955 3296 1116 3364 χάρις
1159 3297 1302 3347 κατά
1344 3297 1404 3347 τὸ
1440 3300 1639 3365 μέτρον
1676 3299 1773 3366 τῆς
1801 3301 2011 3367 δωρεάς
2047 3303 2141 3354 τοῦ
2175 3305 2308 3373 Χρι-

724 3386 874 3440 στοῦ.
913 3405 932 3437 ι
972 3389 1080 3440 Καὶ
1114 3387 1196 3438 ἵνα
1220 3387 1317 3457 τὴν
1347 3391 1558 3455 δωρεὰν
1591 3389 1683 3443 τοῦ
1714 3392 1957 3460 Χριστοῦ
1988 3397 2047 3446 τὸ
2077 3396 2306 3465 Πνεῦμα

722 3479 784 3529 τὸ
819 3477 972 3545 ἅγιον
1020 3474 1158 3530 εἶναι
1210 3479 1490 3548 ἀποδείξῃ,
1531 3482 1799 3548 ἑπόμενος
1857 3487 2086 3555 συνῆψε,
2142 3507 2162 3538 ‹
2216 3491 2308 3542 Διὸ

723 3570 819 3621 καὶ
850 3571 1036 3636 φησὶν,
1071 3568 1305 3630 Ἀναϐὰς
1338 3571 1417 3632 εἰς
1468 3569 1599 3637 ὕψος
1631 3572 2064 3640 ᾐχμαλώτευσεν
2102 3577 2309 3644 αἰχμα-

723 3660 950 3725 λωσίαν,
1000 3661 1166 3714 ἔδωκε
1222 3661 1432 3731 δόματα
1484 3665 1598 3724 τοῖς
1649 3664 1984 3731 ἀνθρώποις.
2029 3685 2046 3716 ι
2104 3667 2308 3736 Γνωρι-

728 3755 974 3820 μώτατον
1000 3755 1056 3807 δέ
1093 3757 1231 3814 ἐστι,
1264 3756 1353 3806 τὸν
1389 3756 1594 3825 Κύριον
1647 3755 1887 3824 Ἰησοῦν,
1921 3759 2061 3826 μετά
2107 3760 2209 3824 τὴν
2246 3760 2311 3811 ἐκ

724 3849 937 3914 νεκρῶν
965 3849 1266 3901 ἀνάστασιν
1292 3851 1371 3909 εἰς
1405 3848 1636 3917 οὐρανὸν
1673 3835 1995 3912 ἀνελθόντα,
2037 3850 2220 3903 δοῦναι
2251 3850 2312 3902 τὸ

728 3941 951 4007 Πνεῦμα
996 3941 1052 3992 τὸ
1104 3941 1284 4007 ἅγιον,
1325 3934 1389 3993 οὗ
1423 3940 1760 4009 πλησθέντες
1809 3941 1860 3992 οἱ
1892 3943 2308 4005 πιστεύσαντες,

725 4033 844 4092 ταῖς
879 4030 988 4081 τῶν
1039 4030 1211 4082 ἐθνῶν
1258 4028 1534 4098 γλώσσαις
1585 4033 1805 4084 πάντων
1852 4033 2079 4084 ἐλάλουν
2105 4050 2118 4063 ·
2154 4038 2227 4102 μή
2257 4035 2313 4086 δὲ

725 4122 956 4191 θροείτω
985 4123 1158 4191 ἡμᾶς,
1182 4124 1266 4175 ὅτι
1297 4123 1454 4192 φησὶ,
1489 4123 1723 4191 δόματα,
1749 4124 1870 4194 οὐχὶ
1899 4125 2063 4192 δόμα.
2092 4125 2312 4192 Ταύτην

726 4218 835 4283 γάρ
864 4212 979 4285 τήν
1027 4216 1339 4285 μαρτυρίαν
1371 4220 1436 4270 ὲκ
1472 4215 1567 4268 τοῦ
1615 4217 1835 4285 ψαλμοῦ
1882 4217 2121 4281 τέθεικε,
2153 4217 2313 4271 τοῦτο

726 4307 771 4359 δ’
801 4310 856 4359 ἐν
885 4309 960 4377 τῷ
985 4307 1189 4377 ψαλμῷ
1219 4309 1390 4370 οὕτως
1428 4311 1891 4375 ἀναγινώσκεται,
1930 4329 1949 4362 1
1978 4310 2206 4375 Ἀνέϐης
2235 4315 2315 4372 εἰς

728 4401 880 4471 ὕψος,
911 4402 1348 4473 ήχμαλώτευσας
1392 4402 1802 4469 αἰχμαλωσίαν,
1854 4403 2048 4462 ἔλαϐες
2091 4404 2311 4471 δόματα

727 4495 786 4544 ὲν
815 4491 1145 4561 ἀνθρώποις.
1185 4510 1204 4543 ι
1241 4490 1398 4544 Οῦτω
1430 4499 1535 4562 γὰρ
1575 4493 1645 4545 τὰ
1675 4493 1908 4545 πλεῖστα
1945 4494 2055 4546 τῶν
2085 4493 2310 4563 βιϐλίων

728 4585 942 4654 ἔχουσι,
1025 4583 1122 4635 καὶ
1205 4584 1444 4652 μάλιστα
1527 4583 1638 4636 τῶν
1706 4584 1958 4651 Γραικῶν
2032 4587 2123 4638 καὶ
2204 4587 2316 4638 τῶν

738 4677 1008 4746 Ἐϐραίων
1043 4675 1214 4735 οὕτως
1247 4676 1584 4744 ἑρμηνευθὲν
1616 4675 1836 4744 ἔχομεν.
1877 4679 2100 4746 Δόματα
2130 4679 2314 4733 τοίνυν

731 4773 894 4836 φησιν
920 4769 947 4820 6
977 4767 1302 4830 Ἀπόστολος
1325 4768 1386 4820 ὃν
1409 4769 1609 4836 τρόπον
1652 4770 1679 4819 6
1718 4770 2029 4839 προφήτης,
2055 4773 2116 4824 οὐ
2151 4772 2313 4839 δόμα,

731 4860 864 4910 ἀλλὰ
897 4860 987 4911 τοῦ
1019 4860 1300 4928 προφήτου
1359 4850 1626 4926 φᾶμὲνου,
1665 4877 1683 4910 ι
1725 4861 1957 4923 Ἕλαϐες
2012 4865 2069 4914 ὲν
2113 4864 2319 4934 ἀνθρώ-

734 4969 874 5014 ποις,
914 4940 944 5001 ι’
969 4955 996 5004 6
1019 4952 1343 5015 ’Λπόστολος
1378 4953 1580 5020 μᾶλλον
1617 4955 1793 5006 εῐλετο
1822 4957 2021 5021 εἰπεῖν,
2054 4975 2073 5006 t
2109 4958 2318 5011 Ἔδωκε

733 5047 845 5105 τοῖς
876 5043 1226 5112 ἀνθρώποις·
1274 5065 1294 5096 ι
1325 5045 1401 5108 ὼς
1446 5046 1504 5111 ἐξ
1551 5048 1812 5116 ἑκατέρου
1864 5049 2069 5118 δηλαδή
2129 5050 2313 5117 λόγου,

735 5137 850 5197 ἑιδς
885 5138 983 5203 μὲν
1035 5136 1128 5188 τοῦ
1167 5139 1532 5206 προφητικοῦ,
1589 5139 1778 5208 ἑτέρου
1839 5138 1897 5191 δὲ
1945 5141 2039 5192 τοῦ
2083 5142 2318 5194 ἀποστο-

736 5228 891 5280 λικοῦ
955 5231 1073 5298 (καὶ
1123 5229 1230 5301 γὰρ
1286 5232 1344 5282 ὲν
1395 5232 1643 5302 ἑκατέρῳ
1704 5232 1962 5286 αὑθεντία
2015 5233 2109 5286 τοῦ
2169 5230 2331 5298 θείου⁴

734 5320 915 5391 λόγου)
970 5322 1322 5393 πληρεστάτη
1383 5324 1621 5394 ἀποδοθῇ
1673 5326 1704 5394 ἡ
1766 5325 1946 5378 ἔννοια
1981 5343 1994 5358 ⁸
2051 5327 2316 5395 ἑκάτερον

735 5414 842 5481 γὰρ
876 5415 1076 5482 ἀληθὲς
1109 5417 1204 5468 καὶ
1245 5418 1328 5468 ὅτι
1363 5417 1565 5469 δέδωκε
1592 5419 1707 5478 τοῖς
1740 5419 2076 5487 ἀνθρώποις,
2109 5422 2205 5473 καὶ
2234 5423 2316 5474 ὅτι

736 5503 929 5558 ἐλαϐεν
958 5510 1018 5560 έν
1059 5508 1391 5578 ἀνθρώποις.
1436 5510 1646 5562 Ἔδωκε
1677 5511 1779 5580 μιν
1806 5514 1913 5582 γάρ
1965 5515 2077 5575 τοις
2106 5514 2318 5584 ἀνθρώ-

739 5613 883 5657 ποις,
913 5599 987 5660 ώς
1019 5598 1086 5651 ἂν
1134 5601 1344 5668 κεφαλὴ
1378 5604 1489 5662 τοῖς
1530 5603 1748 5664 οἰκείοις
1790 5603 2031 5671 μέλεσιν,
2065 5606 2225 5660 ἔλαϐε
2254 5610 2308 5662 δὲ

746 5692 801 5738 ἑν
855 5687 1164 5757 ἀνθρώποις
1216 5691 1242 5740 6
1298 5691 1479 5752 αὐτὸς,
1511 5691 1756 5760 δηλονότι
1811 5695 1870 5744 ἐν
1921 5699 2031 5753 τοῖς
2093 5700 2316 5764 οἰκείοις

813 5799 1017 5879 ξπέἰῃῑι.
1051 5819 1126 5863 Iv,
1156 5803 1207 5854 8.
1271 5805 1333 5879 _'_’
1367 5803 1700 5879 l’sal._t.xvt.
1736 5807 1827 5860 19.
1906 5810 1949 5838 ὀ
1991 5811 2107 5863 Act.
2135 5830 2210 5879 nt,
2244 5817 2296 5869 4.

742 5872 784 5900 ἰ
813 5870 826 5922 1
854 5870 982 5925 Cor.
1012 5889 1107 5935 xu,
1137 5878 1224 5937 as,
1262 5875 1355 5930 29.
1451 5878 1492 5906 ’³
1517 5873 1714 5953 Ephes-
1762 5893 1831 5934 Iv.
1869 5880 1956 5934 42-

2411 3305 2576 3358 κείων
2609 3304 2789 3374 μελῶν
2840 3323 3033 3373 φησιν,
3066 3322 3086 3356 t
3123 3303 3241 3370 Ἐφ’
3269 3304 3394 3355 ὅσον
3423 3303 3503 3355 ἑνὶ
3556 3304 3665 3355 τῶν
3696 3302 3999 3369 ἐλαχίστων

2413 3415 2516 3466 μου
2570 3399 2885 3466 ἐποιήσατε,
2921 3398 3047 3464 ἐμοὶ
3107 3398 3426 3463 ἐποιήσατε.
3467 3414 3487 3445 ι
3554 3394 3726 3456 Αὐτὸς
3798 3395 3910 3461 ἄρα
3971 3395 4001 3445 6

2410 3493 2643 3562 Χριστὸς
2692 3496 2786 3546 καὶ
2835 3493 3039 3545 ἔδωκεν
3087 3492 3144 3557 ἐξ
3185 3492 3441 3561 οὐρανοῦ,
3475 3491 3571 3543 καὶ
3606 3491 3800 3542 ἐλαϐεν
3837 3492 3897 3543 ἐν
3925 3492 3994 3558 τῇ

2411 3586 2504 3654 γῇ.
2536 3586 2635 3637 Διά
2688 3584 2861 3637 ταῦτα
2915 3585 2970 3636 δὲ
3028 3584 3240 3653 δόματα
3297 3585 3392 3635 καὶ
3442 3584 3609 3652 ἄμφω
3662 3579 3843 3644 εἷπον,
3881 3584 3997 3634 ὅτε

2413 3679 2702 3746 προφήτης
2753 3679 2848 3729 καὶ
2887 3679 2915 3730 6
2962 3677 3315 3742 Ἃπόστολος,
3369 3679 3452 3729 ὅτι
3510 3677 3598 3728 διὰ
3644 3674 3737 3728 τοῦ
3798 3675 3999 3744 δώρου,

2411 3771 2661 3822 τουτέστι
2708 3770 2801 3822 τοῦ
2843 3771 3002 3841 ἁγίου
3037 3771 3376 3838 Πνεῦματος,
3411 3772 3490 3830 είς
3527 3769 3708 3822 κοινὸν
3741 3772 3855 3832 τοῖς
3907 3771 4006 3824 άν-

2415 3863 2653 3930 θρώποις
2714 3867 2830 3925 τοῖς
2891 3863 2984 3916 τοῦ
3035 3863 3275 3937 Χριστοῦ
3345 3864 3536 3932 μέλεσι
3602 3861 3773 3915 πολλὰ
3826 3863 4003 3932 δῶρα,

2415 3955 2560 4023 ἇπερ
2617 3956 2753 4007 εἰσὶν
2808 3956 3025 4023 ἑκάστῳ
3079 3954 3208 4019 ἴδια,
3260 3953 3644 4022 διαιροῦνται·
3700 3954 3821 4006 οὐδὲ
3892 3956 4006 4022 γὰρ

2413 4047 2632 4099 ἕκαστοι
2693 4048 2870 4101 πάντα
2914 4047 3154 4116 ἔχουσιν,
3216 4045 3330 4098 ἀλλ’
3377 4048 3424 4099 oi
3487 4048 3587 4114 μὲν
3647 4047 3796 4106 τάδε,
3845 4049 3894 4098 οἱ
3949 4048 4005 4101 δὲ

2413 4140 2561 4204 τάδε,
2595 4139 2798 4211 καίπερ
2845 4140 2977 4193 αὐτὸ
3027 4141 3088 4191 τὸ
3131 4141 3330 4207 δῶρον,
3367 4139 3461 4205 ἀφ’
3503 4132 3564 4191 οὗ
3620 4138 3842 4205 ἑκάστῳ
3894 4137 4005 4192 ῐδια

2414 4231 2778 4302 διαιροῦνται,
2814 4234 3018 4296 πάντες
3053 4233 3263 4301 ἔχουσι,
3293 4234 3541 4286 τουτέστι
3575 4232 3635 4283 16
3666 4230 3898 4298 Πνεῦμα
3943 4232 4007 4284 τὸ

2417 4329 2593 4396 ἅγιον.
2646 4327 2752 4378 Kal.
2806 4326 2915 4394 γάρ
2970 4325 3206 4394 ἀλλαχοῦ
3259 4326 3472 4377 πολλῶν
3524 4324 3713 4392 δώρων
3748 4325 3851 4376 εἰτ’
3909 4321 4006 4376 οῦν

2415 4419 2770 4490 χαρισμάτων
2829 4419 3244 4486 μνημονεύσας,
3302 4437 3320 4468 ι
3385 4416 3672 4470 Πάντιδὲ
3731 4416 3930 4478 ταῦτα,
3983 4435 4001 4466 ι

2422 4513 2610 4581 φησὶν,
2660 4529 2680 4561 ι
2738 4513 2949 4580 ἐνεργεῖ
3007 4509 3065 4562 ἓν
3097 4511 3190 4562 καὶ
3222 4510 3284 4562 τὸ
3319 4510 3452 4561 αὐτὸ
3483 4508 3729 4577 Πνεῦμα,
3759 4507 4009 4577 διαιροῦν

2425 4605 2646 4673 ἑκάστῳ
2689 4604 2870 4661 καθὼς
2909 4603 3179 4671 βούλεται.
3225 4621 3242 4652 ι
3283 4603 3348 4652 Ὀ
3389 4602 3542 4668 ῥῆμα
3592 4601 3693 4651 κάν
3745 4603 3811 4668 τῇ
3865 4603 4008 4668 πρὸς

2430 4695 2716 4764 Ἐϐραίους
2769 4695 3054 4764 Ἐπιστολῇ
3120 4694 3458 4764 εὑρίσκεται,
3508 4691 3633 4744 ἔνθα
3673 4692 4010 4759 γέγραπται,

2427 4806 2445 4839 t
2496 4787 3117 4858 Συνεπιμαρτυροῦντος
3173 4786 3267 4837 τοῦ
3299 4783 3438 4836 Θεοῦ
3487 4783 3738 4852 σημείοις
3784 4784 3882 4835 καὶ
3917 4784 4006 4834 τὲ-

2424 4895 2573 4948 ρασι,
2609 4887 2703 4933 καὶ⁴
2742 4880 3019 4942 ποικίλαις
3044 4879 3330 4945 δυνάμεσι,
3359 4877 3454 4928 καὶ
3486 4876 3804 4943 [Ινεύματος
3835 4875 4000 4942 ἁγίου

2425 4975 2758 5044 μερισμοῖς·
2822 4990 2841 5023 ι
2896 4970 3176 5024 κάνταῦθα
3226 4971 3281 5022 δὲ
3332 4967 3528 5034 εἰπὼν,
3569 4986 3586 5018 ι
3648 4968 3884 5030 Ἀναϐὰς
3932 4969 4012 5038 εἰς

2426 5065 2558 5133 ὕψος
2613 5063 3042 5134 ᾐχμαλώτευσεν
3085 5062 3504 5131 αἰχμαλωσίαν,
3559 5059 3726 5110 ἔδωκε
3793 5059 4010 5127 δόματα

2421 5161 2536 5219 τοῖς
2560 5157 2895 5224 ἀνθρώποις.
2923 5174 2942 5206 ι
2963 5137 3037 5195 -έ-
3059 5171 3077 5204 ι
3103 5154 3175 5205 Τὸ
3197 5153 3254 5204 δὲ
3277 5151 3480 5217 ἀνέϐη,
3508 5153 3665 5219 φησὶ.
3691 5153 3742 5202 τί
3775 5153 3948 5212 ἐστιν,
3971 5154 4018 5205 εἰ

2428 5249 2503 5319 μή
2530 5250 2615 5301 ὅτι
2647 5249 2740 5300 καὶ
2765 5245 2976 5316 κατέϐη
3002 5248 3082 5308 είς
3114 5245 3182 5297 τὰ
3212 5244 3498 5312 κατώτερα
3541 5244 3678 5311 μέρη
3726 5241 3833 5310 τῆς
3863 5241 4009 5310 γῆςς

2434 5345 2493 5395 '0
2522 5343 2575 5393 δὲ
2611 5339 2857 5401 καταϐάς
2912 5339 3074 5402 αὐτός
3114 5342 3230 5390 ἐστι
3287 5339 3379 5390 καὶ
3427 5338 3454 5389 6
3501 5335 3706 5396 ἀναϐὰς
3751 5335 4013 5403 ὑπεράνω

2425 5434 2647 5487 πάντων
2677 5433 2785 5484 τῶν
2807 5430 3076 5501 οὐρανῶν,
3109 5431 3197 5482 ἴνα
3253 5429 3521 5500 πληρώσῃ
3552 5428 3622 5480 τὰ
3656 5427 3862 5479 πάντα.
3901 5427 4009 5477 Καὶ

2426 5523 2588 5583 αὐτὸς
2609 5522 2843 5574 δέδωκεν
2865 5520 2956 5582 οὓς
2988 5521 3089 5590 μὲν
3116 5519 3475 5580 ἀποστόλους,
3495 5517 3588 5580 οὓς
3608 5517 3666 5569 δὲ
3699 5516 4017 5583 προφήτας,

2421 5613 2512 5676 οὒς
2541 5614 2583 5664 δ’
2615 5611 3025 5679 εὐαγγελιστάς.
3062 5609 3155 5672 οὒς
3187 5610 3244 5663 δὲ
3299 5610 3564 5679 ποιμένας
3610 5609 3706 5660 καὶ
3753 5607 4016 5659 διδασκά-

2422 5706 2569 5767 λους.
2609 5723 2626 5756 ι
2660 5706 2798 5757 ’ἰδοῦ
2839 5703 2982 5766 τίνος
3014 5704 3201 5757 ἕνεκεν
3235 5705 3488 5773 εἴρηνται
3515 5703 3748 5770 δόματα.
3769 5702 3884 5752 Καὶ
3911 5702 4017 5770 γὰρ

2401 5818 2444 5849 ³⁸
2482 5816 2672 5872 Matth.
2695 5832 2820 5884 xxv,
2854 5815 2943 5872 40.
3027 5816 3111 5871 “l
3151 5817 3279 5874 Cor.
3313 5817 3510 5884 xr:,ll.
3596 5817 3641 5847 "
3671 5809 3842 5868 Hebr.
3880 5830 3937 5878 ll,
3967 5815 4020 5870 ι.
