  <div class='ocr_page' id='page_1' title='image "/cluster/home/n/w/nwhite01/storage/ocr_20150623/147/nnc1.0046980555/579.png"; bbox 0 0 4232 6448; ppageno 0'>
   <div class='ocr_carea' id='block_1_1' title="bbox 740 389 880 486">
    <p class='ocr_par' dir='ltr' id='par_1_1' title="bbox 740 389 880 486">
     <span class='ocr_line' id='line_1_1' title="bbox 740 389 880 486; baseline 0.007 -2"><span class='ocrx_word' id='word_1_1' title='bbox 740 389 880 486; x_wconf 61' lang='lat' dir='ltr'><strong>mi</strong></span> 
     </span>
    </p>
   </div>
   <div class='ocr_carea' id='block_1_2' title="bbox 1951 406 2653 473">
    <p class='ocr_par' dir='ltr' id='par_1_2' title="bbox 1951 406 2653 473">
     <span class='ocr_line' id='line_1_2' title="bbox 1951 406 2653 473; baseline -0.01 -2"><span class='ocrx_word' id='word_1_2' title='bbox 1951 410 2234 473; x_wconf 75' lang='lat' dir='ltr'><strong>MAXIM!</strong></span> <span class='ocrx_word' id='word_1_3' title='bbox 2281 406 2653 469; x_wconf 76' lang='lat' dir='ltr'><strong>PLANUD/E</strong></span> 
     </span>
    </p>
   </div>
   <div class='ocr_carea' id='block_1_3' title="bbox 3852 386 3995 452">
    <p class='ocr_par' dir='ltr' id='par_1_3' title="bbox 3852 386 3995 452">
     <span class='ocr_line' id='line_1_3' title="bbox 3852 386 3995 452; baseline -0.014 0"><span class='ocrx_word' id='word_1_4' title='bbox 3852 386 3995 452; x_wconf 72' lang='lat'><strong>1198</strong></span> 
     </span>
    </p>
   </div>
   <div class='ocr_carea' id='block_1_4' title="bbox 743 505 3997 601">
    <p class='ocr_par' dir='ltr' id='par_1_4' title="bbox 743 505 3997 601">
     <span class='ocr_line' id='line_1_4' title="bbox 743 505 3997 601; baseline -0.008 -17"><span class='ocrx_word' id='word_1_5' title='bbox 743 536 925 587; x_wconf 76' lang='lat' dir='ltr'><strong>\‘itletil</strong></span> <span class='ocrx_word' id='word_1_6' title='bbox 952 533 1216 601; x_wconf 80' lang='lat' dir='ltr'><strong>Spiritum</strong></span> <span class='ocrx_word' id='word_1_7' title='bbox 1252 539 1528 591; x_wconf 87' lang='lat' dir='ltr'><strong>sanctum,</strong></span> <span class='ocrx_word' id='word_1_8' title='bbox 1574 538 1628 582; x_wconf 97' lang='grc' dir='ltr'><strong>ιιι</strong></span> <span class='ocrx_word' id='word_1_9' title='bbox 1674 545 1795 582; x_wconf 90' lang='lat' dir='ltr'><strong>cum</strong></span> <span class='ocrx_word' id='word_1_10' title='bbox 1830 528 2062 579; x_wconf 88' lang='lat' dir='ltr'><strong>audiunt</strong></span> <span class='ocrx_word' id='word_1_11' title='bbox 2107 527 2312 579; x_wconf 86' lang='lat' dir='ltr'><strong>donum</strong></span> <span class='ocrx_word' id='word_1_12' title='bbox 2346 529 2389 582; x_wconf 85' lang='grc' dir='ltr'>Λ</span> <span class='ocrx_word' id='word_1_13' title='bbox 2420 530 2479 575; x_wconf 88' lang='grc' dir='ltr'><strong>ιιι</strong></span> <span class='ocrx_word' id='word_1_14' title='bbox 2506 522 2622 589; x_wconf 89' lang='lat' dir='ltr'><strong>ipse</strong></span> <span class='ocrx_word' id='word_1_15' title='bbox 2655 519 2725 574; x_wconf 89' lang='lat' dir='ltr'><strong>sit</strong></span> <span class='ocrx_word' id='word_1_16' title='bbox 2752 516 3015 580; x_wconf 88' lang='lat' dir='ltr'><strong>charitas,</strong></span> <span class='ocrx_word' id='word_1_17' title='bbox 3044 514 3139 581; x_wconf 98' lang='lat' dir='ltr'><strong>qui</strong></span> <span class='ocrx_word' id='word_1_18' title='bbox 3172 513 3377 567; x_wconf 86' lang='lat' dir='ltr'><strong>dicitur</strong></span> <span class='ocrx_word' id='word_1_19' title='bbox 3397 518 3450 565; x_wconf 92' lang='lat' dir='ltr'><strong>et</strong></span> <span class='ocrx_word' id='word_1_20' title='bbox 3487 510 3631 564; x_wconf 85' lang='lat' dir='ltr'><strong>Deus</strong></span> <span class='ocrx_word' id='word_1_21' title='bbox 3665 516 3719 563; x_wconf 86' lang='lat' dir='ltr'><strong>ct</strong></span> <span class='ocrx_word' id='word_1_22' title='bbox 3748 524 3814 561; x_wconf 80' lang='lat' dir='ltr'><strong>ex</strong></span> <span class='ocrx_word' id='word_1_23' title='bbox 3846 505 3997 561; x_wconf 78' lang='lat' dir='ltr'><strong>Deo?</strong></span> 
     </span>
    </p>
   </div>
   <div class='ocr_carea' id='block_1_5' title="bbox 750 622 2312 692">
    <p class='ocr_par' dir='ltr' id='par_1_5' title="bbox 750 622 2312 692">
     <span class='ocr_line' id='line_1_5' title="bbox 750 622 2312 692; baseline -0.008 -10"><span class='ocrx_word' id='word_1_24' title='bbox 750 628 985 692; x_wconf 75' lang='lat' dir='ltr'><strong>Spiritus</strong></span> <span class='ocrx_word' id='word_1_25' title='bbox 1020 625 1220 685; x_wconf 86' lang='lat' dir='ltr'><strong>sancti,</strong></span> <span class='ocrx_word' id='word_1_26' title='bbox 1258 623 1387 675; x_wconf 84' lang='lat' dir='ltr'><strong>illud</strong></span> <span class='ocrx_word' id='word_1_27' title='bbox 1422 639 1591 691; x_wconf 78' lang='lat' dir='ltr'><strong>genus</strong></span> <span class='ocrx_word' id='word_1_28' title='bbox 1642 622 1938 675; x_wconf 76' lang='lat' dir='ltr'><strong>locutionis</strong></span> <span class='ocrx_word' id='word_1_29' title='bbox 1985 629 2312 689; x_wconf 81' lang='lat' dir='ltr'><strong>agnoscant,</strong></span> 
     </span>
    </p>
   </div>
   <div class='ocr_carea' id='block_1_6' title="bbox 747 707 2314 787">
    <p class='ocr_par' dir='ltr' id='par_1_6' title="bbox 747 707 2314 787">
     <span class='ocr_line' id='line_1_6' title="bbox 747 707 2314 787; baseline -0.004 -16"><span class='ocrx_word' id='word_1_30' title='bbox 747 734 857 787; x_wconf 76' lang='lat' dir='ltr'><strong>quo</strong></span> <span class='ocrx_word' id='word_1_31' title='bbox 885 720 1087 771; x_wconf 89' lang='lat' dir='ltr'><strong>dictum</strong></span> <span class='ocrx_word' id='word_1_32' title='bbox 1136 723 1240 778; x_wconf 88' lang='lat' dir='ltr'><strong>cst,</strong></span> <span class='ocrx_word' id='word_1_33' title='bbox 1300 716 1351 767; x_wconf 93' lang='lat' dir='ltr'><strong>in</strong></span> <span class='ocrx_word' id='word_1_34' title='bbox 1404 707 1773 781; x_wconf 50' lang='lat' dir='ltr'><strong>c‘XpliCntionc</strong></span> <span class='ocrx_word' id='word_1_35' title='bbox 1817 714 2069 780; x_wconf 89' lang='lat' dir='ltr'><strong>corporis</strong></span> <span class='ocrx_word' id='word_1_36' title='bbox 2111 713 2314 764; x_wconf 84' lang='lat' dir='ltr'><strong>carnis.</strong></span> 
     </span>
    </p>
   </div>
   <div class='ocr_carea' id='block_1_7' title="bbox 750 803 2317 875">
    <p class='ocr_par' dir='ltr' id='par_1_7' title="bbox 750 803 2317 875">
     <span class='ocr_line' id='line_1_7' title="bbox 750 803 2317 875; baseline -0.006 -12"><span class='ocrx_word' id='word_1_37' title='bbox 750 806 903 864; x_wconf 81' lang='lat' dir='ltr'><strong>Sicut</strong></span> <span class='ocrx_word' id='word_1_38' title='bbox 966 812 1112 862; x_wconf 84' lang='lat' dir='ltr'><strong>cnim</strong></span> <span class='ocrx_word' id='word_1_39' title='bbox 1170 823 1368 875; x_wconf 87' lang='lat' dir='ltr'><strong>corpus</strong></span> <span class='ocrx_word' id='word_1_40' title='bbox 1409 806 1591 859; x_wconf 79' lang='lat' dir='ltr'><strong>cumis</strong></span> <span class='ocrx_word' id='word_1_41' title='bbox 1643 806 1776 857; x_wconf 82' lang='lat' dir='ltr'><strong>nihil</strong></span> <span class='ocrx_word' id='word_1_42' title='bbox 1832 816 1912 857; x_wconf 86' lang='lat' dir='ltr'><strong>est</strong></span> <span class='ocrx_word' id='word_1_43' title='bbox 1969 803 2117 856; x_wconf 81' lang='lat' dir='ltr'><strong>aliud</strong></span> <span class='ocrx_word' id='word_1_44' title='bbox 2154 819 2317 871; x_wconf 89' lang='lat' dir='ltr'><strong>quam</strong></span> 
     </span>
    </p>
   </div>
   <div class='ocr_carea' id='block_1_8' title="bbox 753 896 2317 967">
    <p class='ocr_par' dir='ltr' id='par_1_8' title="bbox 753 896 2317 967">
     <span class='ocr_line' id='line_1_8' title="bbox 753 896 2317 967; baseline -0.003 -14"><span class='ocrx_word' id='word_1_45' title='bbox 753 919 901 967; x_wconf 76' lang='lat' dir='ltr'><strong>raro,</strong></span> <span class='ocrx_word' id='word_1_46' title='bbox 951 902 1030 954; x_wconf 81' lang='lat' dir='ltr'><strong>sic</strong></span> <span class='ocrx_word' id='word_1_47' title='bbox 1078 902 1279 953; x_wconf 90' lang='lat' dir='ltr'><strong>donum</strong></span> <span class='ocrx_word' id='word_1_48' title='bbox 1324 898 1567 966; x_wconf 74' lang='lat' dir='ltr'><strong>Spiritus</strong></span> <span class='ocrx_word' id='word_1_49' title='bbox 1612 898 1788 950; x_wconf 82' lang='lat' dir='ltr'><strong>sancti</strong></span> <span class='ocrx_word' id='word_1_50' title='bbox 1829 896 1966 949; x_wconf 85' lang='lat' dir='ltr'><strong>nihil</strong></span> <span class='ocrx_word' id='word_1_51' title='bbox 2023 904 2108 950; x_wconf 87' lang='lat' dir='ltr'><strong>est</strong></span> <span class='ocrx_word' id='word_1_52' title='bbox 2171 896 2317 949; x_wconf 88' lang='lat' dir='ltr'><strong>aliud</strong></span> 
     </span>
    </p>
   </div>
   <div class='ocr_carea' id='block_1_9' title="bbox 751 987 2320 1059">
    <p class='ocr_par' dir='ltr' id='par_1_9' title="bbox 751 987 2320 1059">
     <span class='ocr_line' id='line_1_9' title="bbox 751 987 2320 1059; baseline -0.003 -16"><span class='ocrx_word' id='word_1_53' title='bbox 751 1012 911 1047; x_wconf 69' lang='lat' dir='ltr'><strong>uuam</strong></span> <span class='ocrx_word' id='word_1_54' title='bbox 958 993 1196 1059; x_wconf 80' lang='lat' dir='ltr'><strong>Spiritus</strong></span> <span class='ocrx_word' id='word_1_55' title='bbox 1254 1004 1502 1043; x_wconf 78' lang='lat' dir='ltr'><strong>saucius.</strong></span> <span class='ocrx_word' id='word_1_56' title='bbox 1548 987 1604 1041; x_wconf 91' lang='lat' dir='ltr'><strong>In</strong></span> <span class='ocrx_word' id='word_1_57' title='bbox 1665 997 1874 1040; x_wconf 84' lang='lat' dir='ltr'><strong>tantum</strong></span> <span class='ocrx_word' id='word_1_58' title='bbox 1930 1001 2062 1055; x_wconf 73' lang='lat' dir='ltr'><strong>ergo</strong></span> <span class='ocrx_word' id='word_1_59' title='bbox 2119 988 2320 1039; x_wconf 89' lang='lat' dir='ltr'><strong>donum</strong></span> 
     </span>
    </p>
   </div>
   <div class='ocr_carea' id='block_1_10' title="bbox 751 1078 2320 1150">
    <p class='ocr_par' dir='ltr' id='par_1_10' title="bbox 751 1078 2320 1150">
     <span class='ocr_line' id='line_1_10' title="bbox 751 1078 2320 1150; baseline -0.004 -12"><span class='ocrx_word' id='word_1_60' title='bbox 751 1086 843 1138; x_wconf 66' lang='grc' dir='ltr'>ξιιτί</span> <span class='ocrx_word' id='word_1_61' title='bbox 886 1095 990 1146; x_wconf 83' lang='lat' dir='ltr'><strong>est,</strong></span> <span class='ocrx_word' id='word_1_62' title='bbox 1011 1085 1063 1136; x_wconf 92' lang='lat' dir='ltr'><strong>in</strong></span> <span class='ocrx_word' id='word_1_63' title='bbox 1102 1096 1365 1150; x_wconf 86' lang='lat' dir='ltr'><strong>quantum</strong></span> <span class='ocrx_word' id='word_1_64' title='bbox 1397 1083 1557 1134; x_wconf 85' lang='lat' dir='ltr'><strong>datur</strong></span> <span class='ocrx_word' id='word_1_65' title='bbox 1586 1080 1691 1139; x_wconf 86' lang='lat' dir='ltr'><strong>cis,</strong></span> <span class='ocrx_word' id='word_1_66' title='bbox 1721 1080 1923 1147; x_wconf 81' lang='lat' dir='ltr'><strong>quibus</strong></span> <span class='ocrx_word' id='word_1_67' title='bbox 1950 1080 2130 1131; x_wconf 89' lang='lat' dir='ltr'><strong>datur.</strong></span> <span class='ocrx_word' id='word_1_68' title='bbox 2168 1078 2320 1144; x_wconf 82' lang='lat' dir='ltr'><strong>Apud</strong></span> 
     </span>
    </p>
   </div>
   <div class='ocr_carea' id='block_1_11' title="bbox 755 1168 2324 1237">
    <p class='ocr_par' dir='ltr' id='par_1_11' title="bbox 755 1168 2324 1237">
     <span class='ocr_line' id='line_1_11' title="bbox 755 1168 2324 1237; baseline -0.005 -8"><span class='ocrx_word' id='word_1_69' title='bbox 755 1186 1017 1229; x_wconf 60' lang='lat' dir='ltr'><strong>senatum</strong></span> <span class='ocrx_word' id='word_1_70' title='bbox 1060 1174 1199 1225; x_wconf 74' lang='lat' dir='ltr'><strong>Dens</strong></span> <span class='ocrx_word' id='word_1_71' title='bbox 1247 1182 1353 1236; x_wconf 80' lang='lat' dir='ltr'><strong>est,</strong></span> <span class='ocrx_word' id='word_1_72' title='bbox 1392 1182 1444 1224; x_wconf 88' lang='lat' dir='ltr'><strong>ct</strong></span> <span class='ocrx_word' id='word_1_73' title='bbox 1479 1172 1524 1224; x_wconf 87' lang='lat' dir='ltr'><strong>si</strong></span> <span class='ocrx_word' id='word_1_74' title='bbox 1557 1170 1757 1223; x_wconf 89' lang='lat' dir='ltr'><strong>nemini</strong></span> <span class='ocrx_word' id='word_1_75' title='bbox 1802 1171 1987 1232; x_wconf 88' lang='lat' dir='ltr'><strong>datur,</strong></span> <span class='ocrx_word' id='word_1_76' title='bbox 2018 1169 2142 1237; x_wconf 89' lang='lat' dir='ltr'><strong>quia</strong></span> <span class='ocrx_word' id='word_1_77' title='bbox 2182 1168 2324 1221; x_wconf 82' lang='lat' dir='ltr'><strong>Dens</strong></span> 
     </span>
    </p>
   </div>
   <div class='ocr_carea' id='block_1_12' title="bbox 750 1262 2316 1329">
    <p class='ocr_par' dir='ltr' id='par_1_12' title="bbox 750 1262 2316 1329">
     <span class='ocr_line' id='line_1_12' title="bbox 750 1262 2316 1329; baseline -0.005 -11"><span class='ocrx_word' id='word_1_78' title='bbox 750 1278 868 1319; x_wconf 70' lang='lat' dir='ltr'><strong>erat</strong></span> <span class='ocrx_word' id='word_1_79' title='bbox 907 1267 1048 1318; x_wconf 80' lang='lat' dir='ltr'><strong>l’atri</strong></span> <span class='ocrx_word' id='word_1_80' title='bbox 1078 1276 1130 1317; x_wconf 91' lang='lat' dir='ltr'><strong>ct</strong></span> <span class='ocrx_word' id='word_1_81' title='bbox 1164 1263 1303 1317; x_wconf 87' lang='lat' dir='ltr'><strong>Filio</strong></span> <span class='ocrx_word' id='word_1_82' title='bbox 1344 1272 1672 1325; x_wconf 65' lang='lat' dir='ltr'><strong>coaeternus,</strong></span> <span class='ocrx_word' id='word_1_83' title='bbox 1713 1271 2003 1329; x_wconf 80' lang='lat' dir='ltr'><strong>antequam</strong></span> <span class='ocrx_word' id='word_1_84' title='bbox 2060 1262 2316 1329; x_wconf 83' lang='lat' dir='ltr'><strong>cuiquam</strong></span> 
     </span>
    </p>
   </div>
   <div class='ocr_carea' id='block_1_13' title="bbox 751 1351 2327 1422">
    <p class='ocr_par' dir='ltr' id='par_1_13' title="bbox 751 1351 2327 1422">
     <span class='ocr_line' id='line_1_13' title="bbox 751 1351 2327 1422; baseline -0.006 -12"><span class='ocrx_word' id='word_1_85' title='bbox 751 1358 995 1410; x_wconf 77' lang='lat' dir='ltr'><strong>daretur.</strong></span> <span class='ocrx_word' id='word_1_86' title='bbox 1028 1353 1139 1407; x_wconf 86' lang='lat' dir='ltr'><strong>Nec</strong></span> <span class='ocrx_word' id='word_1_87' title='bbox 1171 1355 1298 1422; x_wconf 84' lang='lat' dir='ltr'><strong>quia</strong></span> <span class='ocrx_word' id='word_1_88' title='bbox 1339 1354 1412 1405; x_wconf 90' lang='lat' dir='ltr'><strong>illi</strong></span> <span class='ocrx_word' id='word_1_89' title='bbox 1438 1353 1594 1415; x_wconf 84' lang='lat' dir='ltr'><strong>dant,</strong></span> <span class='ocrx_word' id='word_1_90' title='bbox 1621 1352 1738 1419; x_wconf 86' lang='lat' dir='ltr'><strong>ipse</strong></span> <span class='ocrx_word' id='word_1_91' title='bbox 1772 1353 1956 1411; x_wconf 86' lang='lat' dir='ltr'><strong>datur.</strong></span> <span class='ocrx_word' id='word_1_92' title='bbox 1996 1351 2119 1405; x_wconf 87' lang='lat' dir='ltr'><strong>ideo</strong></span> <span class='ocrx_word' id='word_1_93' title='bbox 2151 1355 2327 1403; x_wconf 80' lang='lat' dir='ltr'><strong>:niuor</strong></span> 
     </span>
    </p>
   </div>
   <div class='ocr_carea' id='block_1_14' title="bbox 751 1443 2325 1506">
    <p class='ocr_par' dir='ltr' id='par_1_14' title="bbox 751 1443 2325 1506">
     <span class='ocr_line' id='line_1_14' title="bbox 751 1443 2325 1506; baseline -0.005 -4"><span class='ocrx_word' id='word_1_94' title='bbox 751 1460 835 1502; x_wconf 75' lang='lat' dir='ltr'><strong>est</strong></span> <span class='ocrx_word' id='word_1_95' title='bbox 869 1448 993 1501; x_wconf 88' lang='lat' dir='ltr'><strong>illis.</strong></span> <span class='ocrx_word' id='word_1_96' title='bbox 1025 1447 1104 1500; x_wconf 87' lang='lat' dir='ltr'><strong>lla</strong></span> <span class='ocrx_word' id='word_1_97' title='bbox 1129 1446 1272 1500; x_wconf 86' lang='lat' dir='ltr'><strong>enim</strong></span> <span class='ocrx_word' id='word_1_98' title='bbox 1310 1449 1471 1497; x_wconf 87' lang='lat' dir='ltr'><strong>datur</strong></span> <span class='ocrx_word' id='word_1_99' title='bbox 1505 1446 1647 1499; x_wconf 84' lang='lat' dir='ltr'><strong>sicut</strong></span> <span class='ocrx_word' id='word_1_100' title='bbox 1688 1446 1892 1497; x_wconf 86' lang='lat' dir='ltr'><strong>donum</strong></span> <span class='ocrx_word' id='word_1_101' title='bbox 1923 1443 2036 1506; x_wconf 90' lang='lat' dir='ltr'><strong>Dci,</strong></span> <span class='ocrx_word' id='word_1_102' title='bbox 2074 1452 2131 1495; x_wconf 90' lang='grc' dir='ltr'><strong>ιιι</strong></span> <span class='ocrx_word' id='word_1_103' title='bbox 2164 1444 2325 1495; x_wconf 85' lang='lat' dir='ltr'><strong>etiam</strong></span> 
     </span>
    </p>
   </div>
   <div class='ocr_carea' id='block_1_15' title="bbox 752 1534 2322 1605">
    <p class='ocr_par' dir='ltr' id='par_1_15' title="bbox 752 1534 2322 1605">
     <span class='ocr_line' id='line_1_15' title="bbox 752 1534 2322 1605; baseline -0.004 -15"><span class='ocrx_word' id='word_1_104' title='bbox 752 1539 992 1605; x_wconf 82' lang='lat' dir='ltr'><strong>scipsnnt</strong></span> <span class='ocrx_word' id='word_1_105' title='bbox 1037 1538 1149 1595; x_wconf 87' lang='lat' dir='ltr'><strong>det.</strong></span> <span class='ocrx_word' id='word_1_106' title='bbox 1198 1535 1343 1589; x_wconf 89' lang='lat' dir='ltr'><strong>sicut</strong></span> <span class='ocrx_word' id='word_1_107' title='bbox 1406 1534 1568 1588; x_wconf 82' lang='lat' dir='ltr'><strong>Dens.</strong></span> <span class='ocrx_word' id='word_1_108' title='bbox 1606 1534 1723 1587; x_wconf 87' lang='lat' dir='ltr'><strong>Non</strong></span> <span class='ocrx_word' id='word_1_109' title='bbox 1754 1535 1899 1586; x_wconf 83' lang='lat' dir='ltr'><strong>enim</strong></span> <span class='ocrx_word' id='word_1_110' title='bbox 1956 1534 2065 1587; x_wconf 87' lang='lat' dir='ltr'><strong>dici</strong></span> <span class='ocrx_word' id='word_1_111' title='bbox 2123 1545 2322 1603; x_wconf 78' lang='lat' dir='ltr'><strong>potest,</strong></span> 
     </span>
    </p>
   </div>
   <div class='ocr_carea' id='block_1_16' title="bbox 752 1625 2328 1698">
    <p class='ocr_par' dir='ltr' id='par_1_16' title="bbox 752 1625 2328 1698">
     <span class='ocr_line' id='line_1_16' title="bbox 752 1625 2328 1698; baseline -0.003 -16"><span class='ocrx_word' id='word_1_112' title='bbox 752 1648 859 1682; x_wconf 81' lang='lat' dir='ltr'><strong>non</strong></span> <span class='ocrx_word' id='word_1_113' title='bbox 893 1646 1016 1683; x_wconf 83' lang='lat' dir='ltr'><strong>esse</strong></span> <span class='ocrx_word' id='word_1_114' title='bbox 1046 1645 1158 1683; x_wconf 65' lang='lat' dir='ltr'><strong>sum</strong></span> <span class='ocrx_word' id='word_1_115' title='bbox 1178 1630 1483 1698; x_wconf 73' lang='lat' dir='ltr'><strong>potesratis,</strong></span> <span class='ocrx_word' id='word_1_116' title='bbox 1519 1630 1584 1682; x_wconf 88' lang='lat' dir='ltr'><strong>de</strong></span> <span class='ocrx_word' id='word_1_117' title='bbox 1608 1644 1720 1698; x_wconf 91' lang='lat' dir='ltr'><strong>quo</strong></span> <span class='ocrx_word' id='word_1_118' title='bbox 1750 1628 1959 1681; x_wconf 86' lang='lat' dir='ltr'><strong>dictum</strong></span> <span class='ocrx_word' id='word_1_119' title='bbox 1983 1636 2068 1680; x_wconf 89' lang='lat' dir='ltr'><strong>cst</strong></span> <span class='ocrx_word' id='word_1_120' title='bbox 2097 1643 2112 1678; x_wconf 86' lang='lat'><strong>:</strong></span> <span class='ocrx_word' id='word_1_121' title='bbox 2145 1645 2161 1675; x_wconf 81' lang='grc' dir='ltr'><strong>ι</strong></span> <span class='ocrx_word' id='word_1_122' title='bbox 2205 1625 2328 1695; x_wconf 89' lang='lat' dir='ltr'><strong>Spi-</strong></span> 
     </span>
    </p>
   </div>
   <div class='ocr_carea' id='block_1_17' title="bbox 756 1718 2324 1787">
    <p class='ocr_par' dir='ltr' id='par_1_17' title="bbox 756 1718 2324 1787">
     <span class='ocr_line' id='line_1_17' title="bbox 756 1718 2324 1787; baseline -0.003 -13"><span class='ocrx_word' id='word_1_123' title='bbox 756 1726 896 1775; x_wconf 73' lang='lat' dir='ltr'><strong>ritus</strong></span> <span class='ocrx_word' id='word_1_124' title='bbox 935 1723 1023 1773; x_wconf 90' lang='lat' dir='ltr'><strong>ubi</strong></span> <span class='ocrx_word' id='word_1_125' title='bbox 1083 1722 1197 1773; x_wconf 81' lang='lat' dir='ltr'><strong>vult</strong></span> <span class='ocrx_word' id='word_1_126' title='bbox 1247 1720 1499 1787; x_wconf 74' lang='lat' dir='ltr'><strong>spirat”.</strong></span> <span class='ocrx_word' id='word_1_127' title='bbox 1553 1738 1571 1770; x_wconf 73' lang='grc' dir='ltr'><strong>ι</strong></span> <span class='ocrx_word' id='word_1_128' title='bbox 1647 1721 1709 1772; x_wconf 78' lang='lat' dir='ltr'><strong>Et</strong></span> <span class='ocrx_word' id='word_1_129' title='bbox 1766 1719 1896 1772; x_wconf 87' lang='lat' dir='ltr'><strong>illud</strong></span> <span class='ocrx_word' id='word_1_130' title='bbox 1939 1718 2324 1785; x_wconf 86' lang='lat' dir='ltr'><strong>apostolicum,</strong></span> 
     </span>
    </p>
   </div>
   <div class='ocr_carea' id='block_1_18' title="bbox 755 1809 2327 1881">
    <p class='ocr_par' dir='ltr' id='par_1_18' title="bbox 755 1809 2327 1881">
     <span class='ocr_line' id='line_1_18' title="bbox 755 1809 2327 1881; baseline -0.003 -16"><span class='ocrx_word' id='word_1_131' title='bbox 755 1815 898 1881; x_wconf 68' lang='lat' dir='ltr'><strong>qrin</strong></span> <span class='ocrx_word' id='word_1_132' title='bbox 947 1815 1055 1880; x_wconf 89' lang='lat' dir='ltr'><strong>jam</strong></span> <span class='ocrx_word' id='word_1_133' title='bbox 1119 1828 1284 1878; x_wconf 85' lang='lat' dir='ltr'><strong>supra</strong></span> <span class='ocrx_word' id='word_1_134' title='bbox 1342 1813 1764 1865; x_wconf 68' lang='lat' dir='ltr'><strong>commemoravi</strong></span> <span class='ocrx_word' id='word_1_135' title='bbox 1816 1829 1828 1862; x_wconf 89' lang='lat'><strong>:</strong></span> <span class='ocrx_word' id='word_1_136' title='bbox 1897 1832 1912 1861; x_wconf 80' lang='grc' dir='ltr'><strong>ι</strong></span> <span class='ocrx_word' id='word_1_137' title='bbox 1964 1810 2158 1863; x_wconf 78' lang='lat' dir='ltr'><strong>Omnia</strong></span> <span class='ocrx_word' id='word_1_138' title='bbox 2214 1809 2327 1862; x_wconf 74' lang='lat' dir='ltr'><strong>lucc</strong></span> 
     </span>
    </p>
   </div>
   <div class='ocr_carea' id='block_1_19' title="bbox 758 1903 2327 1972">
    <p class='ocr_par' dir='ltr' id='par_1_19' title="bbox 758 1903 2327 1972">
     <span class='ocr_line' id='line_1_19' title="bbox 758 1903 2327 1972; baseline -0.003 -19"><span class='ocrx_word' id='word_1_139' title='bbox 758 1918 1014 1972; x_wconf 58' lang='lat' dir='ltr'><strong>uiit‘rztltll&#39;</strong></span> <span class='ocrx_word' id='word_1_140' title='bbox 1051 1920 1214 1967; x_wconf 90' lang='lat' dir='ltr'><strong>unus,</strong></span> <span class='ocrx_word' id='word_1_141' title='bbox 1249 1915 1412 1969; x_wconf 85' lang='lat' dir='ltr'><strong>atque</strong></span> <span class='ocrx_word' id='word_1_142' title='bbox 1442 1903 1581 1955; x_wconf 71' lang='lat' dir='ltr'><strong>idem</strong></span> <span class='ocrx_word' id='word_1_143' title='bbox 1609 1904 1877 1969; x_wconf 69' lang='lat' dir='ltr'><strong>Spililits,</strong></span> <span class='ocrx_word' id='word_1_144' title='bbox 1916 1903 2166 1954; x_wconf 69' lang='lat' dir='ltr'><strong>dividens</strong></span> <span class='ocrx_word' id='word_1_145' title='bbox 2199 1916 2327 1967; x_wconf 90' lang='lat' dir='ltr'><strong>pro-</strong></span> 
     </span>
    </p>
   </div>
   <div class='ocr_carea' id='block_1_20' title="bbox 757 1994 2325 2066">
    <p class='ocr_par' dir='ltr' id='par_1_20' title="bbox 757 1994 2325 2066">
     <span class='ocr_line' id='line_1_20' title="bbox 757 1994 2325 2066; baseline -0.001 -20"><span class='ocrx_word' id='word_1_146' title='bbox 757 2002 865 2062; x_wconf 75' lang='lat' dir='ltr'><strong>;.:-i.i</strong></span> <span class='ocrx_word' id='word_1_147' title='bbox 901 2000 1217 2066; x_wconf 79' lang='lat' dir='ltr'><strong>unicuique,</strong></span> <span class='ocrx_word' id='word_1_148' title='bbox 1253 2009 1414 2066; x_wconf 82' lang='lat' dir='ltr'><strong>prout</strong></span> <span class='ocrx_word' id='word_1_149' title='bbox 1468 1996 1661 2048; x_wconf 74' lang='lat' dir='ltr'><strong>vult&quot;.</strong></span> <span class='ocrx_word' id='word_1_150' title='bbox 1714 2014 1730 2044; x_wconf 75' lang='grc' dir='ltr'>ι</span> <span class='ocrx_word' id='word_1_151' title='bbox 1772 1995 1885 2047; x_wconf 69' lang='lat' dir='ltr'><strong>Non</strong></span> <span class='ocrx_word' id='word_1_152' title='bbox 1924 2007 2003 2048; x_wconf 79' lang='lat' dir='ltr'><strong>est</strong></span> <span class='ocrx_word' id='word_1_153' title='bbox 2052 1994 2162 2047; x_wconf 87' lang='lat' dir='ltr'><strong>illic</strong></span> <span class='ocrx_word' id='word_1_154' title='bbox 2193 2008 2325 2046; x_wconf 82' lang='lat' dir='ltr'><strong>eon-</strong></span> 
     </span>
    </p>
   </div>
   <div class='ocr_carea' id='block_1_21' title="bbox 754 2085 2327 2153">
    <p class='ocr_par' dir='ltr' id='par_1_21' title="bbox 754 2085 2327 2153">
     <span class='ocr_line' id='line_1_21' title="bbox 754 2085 2327 2153; baseline -0.003 -12"><span class='ocrx_word' id='word_1_155' title='bbox 754 2092 890 2143; x_wconf 70' lang='lat' dir='ltr'><strong>aiétio</strong></span> <span class='ocrx_word' id='word_1_156' title='bbox 916 2090 1050 2153; x_wconf 85' lang='lat' dir='ltr'><strong>dati,</strong></span> <span class='ocrx_word' id='word_1_157' title='bbox 1100 2098 1154 2140; x_wconf 87' lang='lat' dir='ltr'><strong>et</strong></span> <span class='ocrx_word' id='word_1_158' title='bbox 1204 2090 1507 2141; x_wconf 77' lang='lat' dir='ltr'><strong>dominatio</strong></span> <span class='ocrx_word' id='word_1_159' title='bbox 1548 2088 1834 2147; x_wconf 89' lang='lat' dir='ltr'><strong>dantium,</strong></span> <span class='ocrx_word' id='word_1_160' title='bbox 1887 2086 1979 2139; x_wconf 87' lang='lat' dir='ltr'><strong>sed</strong></span> <span class='ocrx_word' id='word_1_161' title='bbox 2031 2085 2327 2138; x_wconf 87' lang='lat' dir='ltr'><strong>concordia</strong></span> 
     </span>
    </p>
   </div>
   <div class='ocr_carea' id='block_1_22' title="bbox 754 2176 2329 2248">
    <p class='ocr_par' dir='ltr' id='par_1_22' title="bbox 754 2176 2329 2248">
     <span class='ocr_line' id='line_1_22' title="bbox 754 2176 2329 2248; baseline -0.002 -17"><span class='ocrx_word' id='word_1_162' title='bbox 754 2184 861 2234; x_wconf 85' lang='lat' dir='ltr'><strong>dati</strong></span> <span class='ocrx_word' id='word_1_163' title='bbox 897 2191 950 2235; x_wconf 82' lang='lat' dir='ltr'><strong>et</strong></span> <span class='ocrx_word' id='word_1_164' title='bbox 1000 2182 1275 2236; x_wconf 81' lang='lat' dir='ltr'><strong>(lantiunt.</strong></span> <span class='ocrx_word' id='word_1_165' title='bbox 1312 2178 1665 2248; x_wconf 84' lang='lat' dir='ltr'><strong>QuaprOpter</strong></span> <span class='ocrx_word' id='word_1_166' title='bbox 1716 2178 1759 2231; x_wconf 89' lang='lat' dir='ltr'><strong>si</strong></span> <span class='ocrx_word' id='word_1_167' title='bbox 1798 2190 1985 2231; x_wconf 85' lang='lat' dir='ltr'><strong>saneta</strong></span> <span class='ocrx_word' id='word_1_168' title='bbox 2045 2176 2329 2244; x_wconf 84' lang='lat' dir='ltr'><strong>Scriptura</strong></span> 
     </span>
    </p>
   </div>
   <div class='ocr_carea' id='block_1_23' title="bbox 756 2267 2329 2337">
    <p class='ocr_par' dir='ltr' id='par_1_23' title="bbox 756 2267 2329 2337">
     <span class='ocr_line' id='line_1_23' title="bbox 756 2267 2329 2337; baseline -0.001 -13"><span class='ocrx_word' id='word_1_169' title='bbox 756 2276 1076 2337; x_wconf 69' lang='lat' dir='ltr'><strong>proclamat,</strong></span> <span class='ocrx_word' id='word_1_170' title='bbox 1113 2293 1130 2324; x_wconf 77' lang='grc' dir='ltr'><strong>ι</strong></span> <span class='ocrx_word' id='word_1_171' title='bbox 1183 2274 1323 2326; x_wconf 81' lang='lat' dir='ltr'><strong>Deus</strong></span> <span class='ocrx_word' id='word_1_172' title='bbox 1352 2272 1597 2325; x_wconf 79' lang='lat' dir='ltr'><strong>Charitas</strong></span> <span class='ocrx_word' id='word_1_173' title='bbox 1632 2280 1747 2329; x_wconf 83' lang='lat' dir='ltr'><strong>est;</strong></span> <span class='ocrx_word' id='word_1_174' title='bbox 1794 2288 1810 2319; x_wconf 74' lang='grc' dir='ltr'><strong>ι</strong></span> <span class='ocrx_word' id='word_1_175' title='bbox 1847 2268 1934 2321; x_wconf 88' lang='lat' dir='ltr'><strong>illa</strong></span> <span class='ocrx_word' id='word_1_176' title='bbox 1978 2284 2097 2336; x_wconf 71' lang='lat' dir='ltr'><strong>qua:</strong></span> <span class='ocrx_word' id='word_1_177' title='bbox 2125 2283 2186 2319; x_wconf 75' lang='lat' dir='ltr'><strong>ex</strong></span> <span class='ocrx_word' id='word_1_178' title='bbox 2221 2267 2329 2322; x_wconf 85' lang='lat' dir='ltr'><strong>Deo</strong></span> 
     </span>
    </p>
   </div>
   <div class='ocr_carea' id='block_1_24' title="bbox 755 2360 2331 2431">
    <p class='ocr_par' dir='ltr' id='par_1_24' title="bbox 755 2360 2331 2431">
     <span class='ocr_line' id='line_1_24' title="bbox 755 2360 2331 2431; baseline -0.003 -16"><span class='ocrx_word' id='word_1_179' title='bbox 755 2374 860 2425; x_wconf 62' lang='grc' dir='ltr'>νει,</span> <span class='ocrx_word' id='word_1_180' title='bbox 895 2377 949 2417; x_wconf 86' lang='lat' dir='ltr'><strong>et</strong></span> <span class='ocrx_word' id='word_1_181' title='bbox 982 2366 1035 2416; x_wconf 92' lang='lat' dir='ltr'><strong>in</strong></span> <span class='ocrx_word' id='word_1_182' title='bbox 1070 2362 1229 2416; x_wconf 84' lang='lat' dir='ltr'><strong>nobis</strong></span> <span class='ocrx_word' id='word_1_183' title='bbox 1267 2361 1319 2414; x_wconf 88' lang='lat' dir='ltr'><strong>id</strong></span> <span class='ocrx_word' id='word_1_184' title='bbox 1376 2363 1508 2431; x_wconf 75' lang='lat' dir='ltr'><strong>agit,</strong></span> <span class='ocrx_word' id='word_1_185' title='bbox 1562 2371 1617 2412; x_wconf 92' lang='lat' dir='ltr'><strong>ut</strong></span> <span class='ocrx_word' id='word_1_186' title='bbox 1657 2360 1709 2412; x_wconf 91' lang='lat' dir='ltr'><strong>in</strong></span> <span class='ocrx_word' id='word_1_187' title='bbox 1750 2360 1855 2412; x_wconf 77' lang='lat' dir='ltr'><strong>Deo</strong></span> <span class='ocrx_word' id='word_1_188' title='bbox 1890 2374 2228 2425; x_wconf 84' lang='lat' dir='ltr'><strong>maneamus,</strong></span> <span class='ocrx_word' id='word_1_189' title='bbox 2277 2369 2331 2411; x_wconf 89' lang='lat' dir='ltr'><strong>ct</strong></span> 
     </span>
    </p>
   </div>
   <div class='ocr_carea' id='block_1_25' title="bbox 758 2449 2330 2521">
    <p class='ocr_par' dir='ltr' id='par_1_25' title="bbox 758 2449 2330 2521">
     <span class='ocr_line' id='line_1_25' title="bbox 758 2449 2330 2521; baseline -0.001 -18"><span class='ocrx_word' id='word_1_190' title='bbox 758 2459 875 2521; x_wconf 75' lang='lat' dir='ltr'><strong>ipse</strong></span> <span class='ocrx_word' id='word_1_191' title='bbox 919 2456 971 2509; x_wconf 92' lang='lat' dir='ltr'><strong>in</strong></span> <span class='ocrx_word' id='word_1_192' title='bbox 1009 2455 1188 2517; x_wconf 89' lang='lat' dir='ltr'><strong>nobis,</strong></span> <span class='ocrx_word' id='word_1_193' title='bbox 1219 2464 1271 2507; x_wconf 88' lang='lat' dir='ltr'><strong>et</strong></span> <span class='ocrx_word' id='word_1_194' title='bbox 1306 2454 1409 2506; x_wconf 88' lang='lat' dir='ltr'><strong>hoc</strong></span> <span class='ocrx_word' id='word_1_195' title='bbox 1464 2452 1588 2504; x_wconf 86' lang='lat' dir='ltr'><strong>inde</strong></span> <span class='ocrx_word' id='word_1_196' title='bbox 1641 2453 2049 2519; x_wconf 68' lang='lat' dir='ltr'><strong>cognoscimus,</strong></span> <span class='ocrx_word' id='word_1_197' title='bbox 2087 2449 2213 2518; x_wconf 76' lang='lat' dir='ltr'><strong>quia</strong></span> <span class='ocrx_word' id='word_1_198' title='bbox 2263 2450 2330 2502; x_wconf 88' lang='lat' dir='ltr'><strong>de</strong></span> 
     </span>
    </p>
   </div>
   <div class='ocr_carea' id='block_1_26' title="bbox 758 2542 2331 2613">
    <p class='ocr_par' dir='ltr' id='par_1_26' title="bbox 758 2542 2331 2613">
     <span class='ocr_line' id='line_1_26' title="bbox 758 2542 2331 2613; baseline -0.003 -15"><span class='ocrx_word' id='word_1_199' title='bbox 758 2548 964 2613; x_wconf 66' lang='lat' dir='ltr'><strong>Spiritu</strong></span> <span class='ocrx_word' id='word_1_200' title='bbox 1015 2562 1117 2601; x_wconf 92' lang='lat' dir='ltr'><strong>suo</strong></span> <span class='ocrx_word' id='word_1_201' title='bbox 1172 2547 1321 2599; x_wconf 86' lang='lat' dir='ltr'><strong>dedit</strong></span> <span class='ocrx_word' id='word_1_202' title='bbox 1378 2544 1570 2609; x_wconf 69' lang='lat' dir='ltr'><strong>nobis;</strong></span> <span class='ocrx_word' id='word_1_203' title='bbox 1613 2545 1725 2609; x_wconf 82' lang='lat' dir='ltr'><strong>ipse.</strong></span> <span class='ocrx_word' id='word_1_204' title='bbox 1779 2542 2020 2608; x_wconf 74' lang='lat' dir='ltr'><strong>Spiritus</strong></span> <span class='ocrx_word' id='word_1_205' title='bbox 2056 2542 2197 2606; x_wconf 78' lang='lat' dir='ltr'><strong>eius,</strong></span> <span class='ocrx_word' id='word_1_206' title='bbox 2248 2550 2331 2595; x_wconf 73' lang='lat' dir='ltr'><strong>est</strong></span> 
     </span>
    </p>
   </div>
   <div class='ocr_carea' id='block_1_27' title="bbox 757 2632 2329 2700">
    <p class='ocr_par' dir='ltr' id='par_1_27' title="bbox 757 2632 2329 2700">
     <span class='ocr_line' id='line_1_27' title="bbox 757 2632 2329 2700; baseline -0.002 -10"><span class='ocrx_word' id='word_1_207' title='bbox 757 2638 898 2691; x_wconf 78' lang='lat' dir='ltr'><strong>Deus</strong></span> <span class='ocrx_word' id='word_1_208' title='bbox 931 2639 1176 2691; x_wconf 74' lang='lat' dir='ltr'><strong>Charitas</strong></span> <span class='ocrx_word' id='word_1_209' title='bbox 1209 2653 1225 2690; x_wconf 89' lang='lat'><strong>:</strong></span> <span class='ocrx_word' id='word_1_210' title='bbox 1256 2634 1453 2688; x_wconf 80' lang='lat' dir='ltr'><strong>deinde</strong></span> <span class='ocrx_word' id='word_1_211' title='bbox 1494 2637 1539 2689; x_wconf 91' lang='lat' dir='ltr'><strong>si</strong></span> <span class='ocrx_word' id='word_1_212' title='bbox 1579 2637 1631 2687; x_wconf 93' lang='lat' dir='ltr'><strong>in</strong></span> <span class='ocrx_word' id='word_1_213' title='bbox 1662 2634 1824 2688; x_wconf 89' lang='lat' dir='ltr'><strong>donis</strong></span> <span class='ocrx_word' id='word_1_214' title='bbox 1860 2632 1952 2685; x_wconf 85' lang='lat' dir='ltr'><strong>Dei</strong></span> <span class='ocrx_word' id='word_1_215' title='bbox 1983 2634 2115 2686; x_wconf 81' lang='lat' dir='ltr'><strong>nihil</strong></span> <span class='ocrx_word' id='word_1_216' title='bbox 2152 2634 2329 2700; x_wconf 77' lang='lat' dir='ltr'><strong>majus</strong></span> 
     </span>
    </p>
   </div>
   <div class='ocr_carea' id='block_1_28' title="bbox 751 2725 2328 2793">
    <p class='ocr_par' dir='ltr' id='par_1_28' title="bbox 751 2725 2328 2793">
     <span class='ocr_line' id='line_1_28' title="bbox 751 2725 2328 2793; baseline -0.004 -11"><span class='ocrx_word' id='word_1_217' title='bbox 751 2738 836 2782; x_wconf 81' lang='lat' dir='ltr'><strong>est</strong></span> <span class='ocrx_word' id='word_1_218' title='bbox 878 2729 1164 2793; x_wconf 84' lang='lat' dir='ltr'><strong>charitate,</strong></span> <span class='ocrx_word' id='word_1_219' title='bbox 1215 2736 1269 2780; x_wconf 88' lang='lat' dir='ltr'><strong>et</strong></span> <span class='ocrx_word' id='word_1_220' title='bbox 1322 2728 1529 2779; x_wconf 90' lang='lat' dir='ltr'><strong>nullum</strong></span> <span class='ocrx_word' id='word_1_221' title='bbox 1584 2738 1666 2778; x_wconf 76' lang='lat' dir='ltr'><strong>est</strong></span> <span class='ocrx_word' id='word_1_222' title='bbox 1722 2725 1901 2793; x_wconf 84' lang='lat' dir='ltr'><strong>majus</strong></span> <span class='ocrx_word' id='word_1_223' title='bbox 1953 2726 2158 2779; x_wconf 88' lang='lat' dir='ltr'><strong>donum</strong></span> <span class='ocrx_word' id='word_1_224' title='bbox 2215 2725 2328 2787; x_wconf 82' lang='lat' dir='ltr'><strong>Dei,</strong></span> 
     </span>
    </p>
   </div>
   <div class='ocr_carea' id='block_1_29' title="bbox 754 2818 2327 2890">
    <p class='ocr_par' dir='ltr' id='par_1_29' title="bbox 754 2818 2327 2890">
     <span class='ocr_line' id='line_1_29' title="bbox 754 2818 2327 2890; baseline -0.001 -19"><span class='ocrx_word' id='word_1_225' title='bbox 754 2837 918 2889; x_wconf 72' lang='lat' dir='ltr'><strong>qnatll</strong></span> <span class='ocrx_word' id='word_1_226' title='bbox 957 2822 1193 2890; x_wconf 77' lang='lat' dir='ltr'><strong>Spiritus</strong></span> <span class='ocrx_word' id='word_1_227' title='bbox 1243 2828 1493 2884; x_wconf 87' lang='lat' dir='ltr'><strong>sanctus,</strong></span> <span class='ocrx_word' id='word_1_228' title='bbox 1534 2818 1662 2886; x_wconf 91' lang='lat' dir='ltr'><strong>quid</strong></span> <span class='ocrx_word' id='word_1_229' title='bbox 1697 2818 2123 2885; x_wconf 86' lang='lat' dir='ltr'><strong>consequentius</strong></span> <span class='ocrx_word' id='word_1_230' title='bbox 2163 2832 2327 2885; x_wconf 87' lang='lat' dir='ltr'><strong>quam</strong></span> 
     </span>
    </p>
   </div>
   <div class='ocr_carea' id='block_1_30' title="bbox 751 2991 2331 3061">
    <p class='ocr_par' dir='ltr' id='par_1_30' title="bbox 751 2991 2331 3061">
     <span class='ocr_line' id='line_1_30' title="bbox 751 2991 2331 3061; baseline 0.001 -17"><span class='ocrx_word' id='word_1_231' title='bbox 751 2992 1064 3058; x_wconf 72' lang='grc' dir='ltr'><strong>ἀγαπῶσιν.</strong></span> <span class='ocrx_word' id='word_1_232' title='bbox 1096 2991 1262 3045; x_wconf 81' lang='grc' dir='ltr'>’Δλλά</span> <span class='ocrx_word' id='word_1_233' title='bbox 1321 2991 1530 3061; x_wconf 76' lang='grc' dir='ltr'>σφόδρα</span> <span class='ocrx_word' id='word_1_234' title='bbox 1565 2991 1779 3059; x_wconf 79' lang='grc' dir='ltr'>μακρὸν</span> <span class='ocrx_word' id='word_1_235' title='bbox 1831 2992 2192 3061; x_wconf 74' lang='grc' dir='ltr'>ἀναλέγεσθαι</span> <span class='ocrx_word' id='word_1_236' title='bbox 2229 2997 2331 3046; x_wconf 69' lang='grc' dir='ltr'>πά-</span> 
     </span>
    </p>
   </div>
   <div class='ocr_carea' id='block_1_31' title="bbox 755 3082 2329 3157">
    <p class='ocr_par' dir='ltr' id='par_1_31' title="bbox 755 3082 2329 3157">
     <span class='ocr_line' id='line_1_31' title="bbox 755 3082 2329 3157; baseline 0.002 -24"><span class='ocrx_word' id='word_1_237' title='bbox 755 3102 873 3144; x_wconf 78' lang='grc' dir='ltr'>σας.</span> <span class='ocrx_word' id='word_1_238' title='bbox 901 3085 1008 3135; x_wconf 74' lang='grc' dir='ltr'><strong>Καὶ</strong></span> <span class='ocrx_word' id='word_1_239' title='bbox 1034 3084 1207 3145; x_wconf 76' lang='grc' dir='ltr'>ἄλλως</span> <span class='ocrx_word' id='word_1_240' title='bbox 1240 3082 1298 3135; x_wconf 80' lang='grc' dir='ltr'>δὲ</span> <span class='ocrx_word' id='word_1_241' title='bbox 1330 3084 1381 3135; x_wconf 76' lang='grc' dir='ltr'><strong>τί</strong></span> <span class='ocrx_word' id='word_1_242' title='bbox 1410 3084 1527 3157; x_wconf 82' lang='grc' dir='ltr'>ποτ’</span> <span class='ocrx_word' id='word_1_243' title='bbox 1549 3082 1617 3135; x_wconf 83' lang='grc' dir='ltr'>ἂν</span> <span class='ocrx_word' id='word_1_244' title='bbox 1667 3084 2003 3154; x_wconf 82' lang='grc' dir='ltr'>ἀποχρήσειε</span> <span class='ocrx_word' id='word_1_245' title='bbox 2046 3086 2158 3146; x_wconf 83' lang='grc' dir='ltr'>τοῖς</span> <span class='ocrx_word' id='word_1_246' title='bbox 2187 3085 2329 3154; x_wconf 75' lang='grc' dir='ltr'>άπερ</span> 
     </span>
    </p>
   </div>
   <div class='ocr_carea' id='block_1_32' title="bbox 2424 596 3996 673">
    <p class='ocr_par' dir='ltr' id='par_1_32' title="bbox 2424 596 3996 673">
     <span class='ocr_line' id='line_1_32' title="bbox 2424 596 3996 673; baseline -0.011 -10"><span class='ocrx_word' id='word_1_247' title='bbox 2424 610 2487 663; x_wconf 80' lang='lat' dir='ltr'><strong>Et</strong></span> <span class='ocrx_word' id='word_1_248' title='bbox 2519 611 2563 662; x_wconf 85' lang='lat' dir='ltr'><strong>si</strong></span> <span class='ocrx_word' id='word_1_249' title='bbox 2596 607 2861 673; x_wconf 85' lang='lat' dir='ltr'><strong>charitas,</strong></span> <span class='ocrx_word' id='word_1_250' title='bbox 2898 621 3002 672; x_wconf 87' lang='lat' dir='ltr'><strong>qua</strong></span> <span class='ocrx_word' id='word_1_251' title='bbox 3032 603 3193 657; x_wconf 84' lang='lat' dir='ltr'><strong>Pater</strong></span> <span class='ocrx_word' id='word_1_252' title='bbox 3223 602 3399 672; x_wconf 80' lang='lat' dir='ltr'><strong>diligit</strong></span> <span class='ocrx_word' id='word_1_253' title='bbox 3428 599 3651 662; x_wconf 88' lang='lat' dir='ltr'><strong>Filium,</strong></span> <span class='ocrx_word' id='word_1_254' title='bbox 3686 606 3741 651; x_wconf 89' lang='lat' dir='ltr'><strong>et</strong></span> <span class='ocrx_word' id='word_1_255' title='bbox 3778 596 3996 649; x_wconf 85' lang='lat' dir='ltr'><strong>Patrem</strong></span> 
     </span>
    </p>
   </div>
   <div class='ocr_carea' id='block_1_33' title="bbox 2421 690 3987 768">
    <p class='ocr_par' dir='ltr' id='par_1_33' title="bbox 2421 690 3987 768">
     <span class='ocr_line' id='line_1_33' title="bbox 2421 690 3987 768; baseline -0.013 -13"><span class='ocrx_word' id='word_1_256' title='bbox 2421 702 2595 768; x_wconf 77' lang='lat' dir='ltr'><strong>diligit</strong></span> <span class='ocrx_word' id='word_1_257' title='bbox 2646 698 2833 763; x_wconf 85' lang='lat' dir='ltr'><strong>Filius,</strong></span> <span class='ocrx_word' id='word_1_258' title='bbox 2870 695 3218 750; x_wconf 76' lang='lat' dir='ltr'><strong>ineffabiliter</strong></span> <span class='ocrx_word' id='word_1_259' title='bbox 3267 692 3711 747; x_wconf 86' lang='lat' dir='ltr'><strong>communionem</strong></span> <span class='ocrx_word' id='word_1_260' title='bbox 3751 690 3987 740; x_wconf 84' lang='lat' dir='ltr'><strong>demon-</strong></span> 
     </span>
    </p>
   </div>
   <div class='ocr_carea' id='block_1_34' title="bbox 2422 777 3989 857">
    <p class='ocr_par' dir='ltr' id='par_1_34' title="bbox 2422 777 3989 857">
     <span class='ocr_line' id='line_1_34' title="bbox 2422 777 3989 857; baseline -0.014 -10"><span class='ocrx_word' id='word_1_261' title='bbox 2422 803 2557 847; x_wconf 84' lang='lat' dir='ltr'><strong>strat</strong></span> <span class='ocrx_word' id='word_1_262' title='bbox 2598 792 2908 853; x_wconf 88' lang='lat' dir='ltr'><strong>amborum,</strong></span> <span class='ocrx_word' id='word_1_263' title='bbox 2948 788 3078 857; x_wconf 91' lang='lat' dir='ltr'><strong>quid</strong></span> <span class='ocrx_word' id='word_1_264' title='bbox 3109 784 3527 840; x_wconf 82' lang='lat' dir='ltr'><strong>eonvenientius</strong></span> <span class='ocrx_word' id='word_1_265' title='bbox 3579 794 3742 849; x_wconf 86' lang='lat' dir='ltr'><strong>quam</strong></span> <span class='ocrx_word' id='word_1_266' title='bbox 3802 786 3864 830; x_wconf 91' lang='lat' dir='ltr'><strong>ut</strong></span> <span class='ocrx_word' id='word_1_267' title='bbox 3899 777 3989 826; x_wconf 80' lang='lat' dir='ltr'><strong>ille</strong></span> 
     </span>
    </p>
   </div>
   <div class='ocr_carea' id='block_1_35' title="bbox 2423 869 3990 949">
    <p class='ocr_par' dir='ltr' id='par_1_35' title="bbox 2423 869 3990 949">
     <span class='ocr_line' id='line_1_35' title="bbox 2423 869 3990 949; baseline -0.01 -13"><span class='ocrx_word' id='word_1_268' title='bbox 2423 885 2638 937; x_wconf 86' lang='lat' dir='ltr'><strong>dicatur</strong></span> <span class='ocrx_word' id='word_1_269' title='bbox 2660 883 2905 936; x_wconf 87' lang='lat' dir='ltr'><strong>charitas</strong></span> <span class='ocrx_word' id='word_1_270' title='bbox 2928 880 3149 949; x_wconf 83' lang='lat' dir='ltr'><strong>proprie</strong></span> <span class='ocrx_word' id='word_1_271' title='bbox 3178 877 3273 946; x_wconf 90' lang='lat' dir='ltr'><strong>qui</strong></span> <span class='ocrx_word' id='word_1_272' title='bbox 3299 874 3541 943; x_wconf 87' lang='lat' dir='ltr'><strong>Spiritus</strong></span> <span class='ocrx_word' id='word_1_273' title='bbox 3568 880 3651 925; x_wconf 89' lang='lat' dir='ltr'><strong>est</strong></span> <span class='ocrx_word' id='word_1_274' title='bbox 3678 869 3990 924; x_wconf 87' lang='lat' dir='ltr'><strong>communis</strong></span> 
     </span>
    </p>
   </div>
   <div class='ocr_carea' id='block_1_36' title="bbox 2425 959 4005 1030">
    <p class='ocr_par' dir='ltr' id='par_1_36' title="bbox 2425 959 4005 1030">
     <span class='ocr_line' id='line_1_36' title="bbox 2425 959 4005 1030; baseline -0.012 -1"><span class='ocrx_word' id='word_1_275' title='bbox 2425 976 2732 1030; x_wconf 87' lang='lat' dir='ltr'><strong>ambobus?</strong></span> <span class='ocrx_word' id='word_1_276' title='bbox 2763 974 2875 1028; x_wconf 87' lang='lat' dir='ltr'><strong>Hoc</strong></span> <span class='ocrx_word' id='word_1_277' title='bbox 2924 976 3072 1027; x_wconf 90' lang='lat' dir='ltr'><strong>enim</strong></span> <span class='ocrx_word' id='word_1_278' title='bbox 3110 970 3298 1023; x_wconf 87' lang='lat' dir='ltr'><strong>sanius</strong></span> <span class='ocrx_word' id='word_1_279' title='bbox 3329 967 3572 1021; x_wconf 85' lang='lat' dir='ltr'><strong>creditur</strong></span> <span class='ocrx_word' id='word_1_280' title='bbox 3611 963 3695 1016; x_wconf 78' lang='lat' dir='ltr'><strong>vel</strong></span> <span class='ocrx_word' id='word_1_281' title='bbox 3741 959 4005 1028; x_wconf 83' lang='lat' dir='ltr'><strong>intelligi-</strong></span> 
     </span>
    </p>
   </div>
   <div class='ocr_carea' id='block_1_37' title="bbox 2428 1056 3998 1135">
    <p class='ocr_par' dir='ltr' id='par_1_37' title="bbox 2428 1056 3998 1135">
     <span class='ocr_line' id='line_1_37' title="bbox 2428 1056 3998 1135; baseline -0.011 -12"><span class='ocrx_word' id='word_1_282' title='bbox 2428 1079 2535 1135; x_wconf 77' lang='lat' dir='ltr'><strong>tur,</strong></span> <span class='ocrx_word' id='word_1_283' title='bbox 2577 1081 2632 1122; x_wconf 87' lang='lat' dir='ltr'><strong>ut</strong></span> <span class='ocrx_word' id='word_1_284' title='bbox 2674 1086 2779 1123; x_wconf 83' lang='lat' dir='ltr'><strong>non</strong></span> <span class='ocrx_word' id='word_1_285' title='bbox 2836 1068 2983 1122; x_wconf 90' lang='lat' dir='ltr'><strong>solus</strong></span> <span class='ocrx_word' id='word_1_286' title='bbox 3019 1065 3258 1134; x_wconf 90' lang='lat' dir='ltr'><strong>Spiritus</strong></span> <span class='ocrx_word' id='word_1_287' title='bbox 3292 1070 3520 1115; x_wconf 87' lang='lat' dir='ltr'><strong>sanctus</strong></span> <span class='ocrx_word' id='word_1_288' title='bbox 3564 1060 3809 1114; x_wconf 87' lang='lat' dir='ltr'><strong>charitas</strong></span> <span class='ocrx_word' id='word_1_289' title='bbox 3844 1057 3914 1110; x_wconf 86' lang='lat' dir='ltr'><strong>sit</strong></span> <span class='ocrx_word' id='word_1_290' title='bbox 3944 1056 3998 1108; x_wconf 93' lang='lat' dir='ltr'><strong>in</strong></span> 
     </span>
    </p>
   </div>
   <div class='ocr_carea' id='block_1_38' title="bbox 2428 1145 4004 1218">
    <p class='ocr_par' dir='ltr' id='par_1_38' title="bbox 2428 1145 4004 1218">
     <span class='ocr_line' id='line_1_38' title="bbox 2428 1145 4004 1218; baseline -0.012 -5"><span class='ocrx_word' id='word_1_291' title='bbox 2428 1161 2519 1215; x_wconf 90' lang='lat' dir='ltr'><strong>illa</strong></span> <span class='ocrx_word' id='word_1_292' title='bbox 2583 1159 2869 1218; x_wconf 84' lang='lat' dir='ltr'><strong>Triuitate,</strong></span> <span class='ocrx_word' id='word_1_293' title='bbox 2912 1158 3005 1210; x_wconf 86' lang='lat' dir='ltr'><strong>sed</strong></span> <span class='ocrx_word' id='word_1_294' title='bbox 3068 1171 3173 1207; x_wconf 89' lang='lat' dir='ltr'><strong>non</strong></span> <span class='ocrx_word' id='word_1_295' title='bbox 3219 1152 3424 1205; x_wconf 80' lang='lat' dir='ltr'><strong>frustra</strong></span> <span class='ocrx_word' id='word_1_296' title='bbox 3480 1148 3700 1217; x_wconf 88' lang='lat' dir='ltr'><strong>proprie</strong></span> <span class='ocrx_word' id='word_1_297' title='bbox 3756 1145 4004 1198; x_wconf 76' lang='lat' dir='ltr'><strong>charitas</strong></span> 
     </span>
    </p>
   </div>
   <div class='ocr_carea' id='block_1_39' title="bbox 2429 1238 4007 1319">
    <p class='ocr_par' dir='ltr' id='par_1_39' title="bbox 2429 1238 4007 1319">
     <span class='ocr_line' id='line_1_39' title="bbox 2429 1238 4007 1319; baseline -0.011 -14"><span class='ocrx_word' id='word_1_298' title='bbox 2429 1263 2790 1319; x_wconf 76' lang='lat' dir='ltr'><strong>nuncupetur,</strong></span> <span class='ocrx_word' id='word_1_299' title='bbox 2849 1260 3070 1316; x_wconf 85' lang='lat' dir='ltr'><strong>propter</strong></span> <span class='ocrx_word' id='word_1_300' title='bbox 3117 1247 3205 1299; x_wconf 84' lang='lat' dir='ltr'><strong>illa</strong></span> <span class='ocrx_word' id='word_1_301' title='bbox 3266 1259 3387 1311; x_wconf 76' lang='lat' dir='ltr'><strong>quze</strong></span> <span class='ocrx_word' id='word_1_302' title='bbox 3426 1242 3570 1295; x_wconf 88' lang='lat' dir='ltr'><strong>dicta</strong></span> <span class='ocrx_word' id='word_1_303' title='bbox 3617 1248 3748 1293; x_wconf 79' lang='lat' dir='ltr'><strong>sunt</strong></span> <span class='ocrx_word' id='word_1_304' title='bbox 3789 1254 3804 1289; x_wconf 90' lang='lat'><strong>:</strong></span> <span class='ocrx_word' id='word_1_305' title='bbox 3858 1238 4007 1290; x_wconf 83' lang='lat' dir='ltr'><strong>sicut</strong></span> 
     </span>
    </p>
   </div>
   <div class='ocr_carea' id='block_1_40' title="bbox 2430 1328 4003 1398">
    <p class='ocr_par' dir='ltr' id='par_1_40' title="bbox 2430 1328 4003 1398">
     <span class='ocr_line' id='line_1_40' title="bbox 2430 1328 4003 1398; baseline -0.01 -1"><span class='ocrx_word' id='word_1_306' title='bbox 2430 1359 2537 1397; x_wconf 90' lang='lat' dir='ltr'><strong>non</strong></span> <span class='ocrx_word' id='word_1_307' title='bbox 2577 1344 2754 1397; x_wconf 81' lang='lat' dir='ltr'><strong>Solum</strong></span> <span class='ocrx_word' id='word_1_308' title='bbox 2809 1352 2891 1395; x_wconf 74' lang='lat' dir='ltr'><strong>cst</strong></span> <span class='ocrx_word' id='word_1_309' title='bbox 2938 1342 2990 1393; x_wconf 90' lang='lat' dir='ltr'><strong>in</strong></span> <span class='ocrx_word' id='word_1_310' title='bbox 3050 1340 3137 1392; x_wconf 90' lang='lat' dir='ltr'><strong>illa</strong></span> <span class='ocrx_word' id='word_1_311' title='bbox 3177 1336 3447 1389; x_wconf 84' lang='lat' dir='ltr'><strong>Trinitate</strong></span> <span class='ocrx_word' id='word_1_312' title='bbox 3498 1333 3580 1384; x_wconf 80' lang='lat' dir='ltr'><strong>vel</strong></span> <span class='ocrx_word' id='word_1_313' title='bbox 3611 1331 3853 1398; x_wconf 81' lang='lat' dir='ltr'><strong>Spiritus</strong></span> <span class='ocrx_word' id='word_1_314' title='bbox 3918 1328 4003 1381; x_wconf 73' lang='lat' dir='ltr'><strong>vel</strong></span> 
     </span>
    </p>
   </div>
   <div class='ocr_carea' id='block_1_41' title="bbox 2431 1420 4002 1502">
    <p class='ocr_par' dir='ltr' id='par_1_41' title="bbox 2431 1420 4002 1502">
     <span class='ocr_line' id='line_1_41' title="bbox 2431 1420 4002 1502; baseline -0.013 -11"><span class='ocrx_word' id='word_1_315' title='bbox 2431 1446 2674 1499; x_wconf 74' lang='lat' dir='ltr'><strong>Sanctus,</strong></span> <span class='ocrx_word' id='word_1_316' title='bbox 2716 1435 2844 1502; x_wconf 83' lang='lat' dir='ltr'><strong>quia</strong></span> <span class='ocrx_word' id='word_1_317' title='bbox 2877 1444 2931 1487; x_wconf 93' lang='lat' dir='ltr'><strong>et</strong></span> <span class='ocrx_word' id='word_1_318' title='bbox 2990 1431 3152 1485; x_wconf 82' lang='lat' dir='ltr'><strong>Pater</strong></span> <span class='ocrx_word' id='word_1_319' title='bbox 3194 1428 3457 1497; x_wconf 89' lang='lat' dir='ltr'><strong>Spiritus,</strong></span> <span class='ocrx_word' id='word_1_320' title='bbox 3491 1434 3545 1478; x_wconf 85' lang='lat' dir='ltr'><strong>et</strong></span> <span class='ocrx_word' id='word_1_321' title='bbox 3595 1423 3768 1477; x_wconf 81' lang='lat' dir='ltr'><strong>Filius</strong></span> <span class='ocrx_word' id='word_1_322' title='bbox 3822 1420 4002 1487; x_wconf 82' lang='lat' dir='ltr'><strong>Spiri-</strong></span> 
     </span>
    </p>
   </div>
   <div class='ocr_carea' id='block_1_42' title="bbox 2432 1517 3990 1590">
    <p class='ocr_par' dir='ltr' id='par_1_42' title="bbox 2432 1517 3990 1590">
     <span class='ocr_line' id='line_1_42' title="bbox 2432 1517 3990 1590; baseline -0.009 -10"><span class='ocrx_word' id='word_1_323' title='bbox 2432 1536 2549 1590; x_wconf 86' lang='lat' dir='ltr'><strong>tus;</strong></span> <span class='ocrx_word' id='word_1_324' title='bbox 2574 1539 2625 1579; x_wconf 87' lang='lat' dir='ltr'><strong>et</strong></span> <span class='ocrx_word' id='word_1_325' title='bbox 2658 1526 2813 1578; x_wconf 82' lang='lat' dir='ltr'><strong>Pater</strong></span> <span class='ocrx_word' id='word_1_326' title='bbox 2836 1533 3078 1586; x_wconf 86' lang='lat' dir='ltr'><strong>sanctus,</strong></span> <span class='ocrx_word' id='word_1_327' title='bbox 3110 1531 3164 1575; x_wconf 87' lang='lat' dir='ltr'><strong>et</strong></span> <span class='ocrx_word' id='word_1_328' title='bbox 3210 1521 3381 1573; x_wconf 85' lang='lat' dir='ltr'><strong>Filius</strong></span> <span class='ocrx_word' id='word_1_329' title='bbox 3404 1527 3659 1577; x_wconf 86' lang='lat' dir='ltr'><strong>sanctus,</strong></span> <span class='ocrx_word' id='word_1_330' title='bbox 3698 1517 3847 1581; x_wconf 88' lang='lat' dir='ltr'><strong>quod</strong></span> <span class='ocrx_word' id='word_1_331' title='bbox 3878 1532 3990 1567; x_wconf 91' lang='lat' dir='ltr'><strong>non</strong></span> 
     </span>
    </p>
   </div>
   <div class='ocr_carea' id='block_1_43' title="bbox 2431 1609 4011 1685">
    <p class='ocr_par' dir='ltr' id='par_1_43' title="bbox 2431 1609 4011 1685">
     <span class='ocr_line' id='line_1_43' title="bbox 2431 1609 4011 1685; baseline -0.007 -15"><span class='ocrx_word' id='word_1_332' title='bbox 2431 1619 2656 1685; x_wconf 73' lang='lat' dir='ltr'><strong>ambigit</strong></span> <span class='ocrx_word' id='word_1_333' title='bbox 2690 1619 2886 1685; x_wconf 72' lang='lat' dir='ltr'><strong>pietas,</strong></span> <span class='ocrx_word' id='word_1_334' title='bbox 2921 1625 2973 1669; x_wconf 79' lang='lat' dir='ltr'><strong>et</strong></span> <span class='ocrx_word' id='word_1_335' title='bbox 3023 1626 3206 1667; x_wconf 85' lang='lat' dir='ltr'><strong>tamen</strong></span> <span class='ocrx_word' id='word_1_336' title='bbox 3240 1612 3343 1666; x_wconf 84' lang='lat' dir='ltr'><strong>iste</strong></span> <span class='ocrx_word' id='word_1_337' title='bbox 3387 1626 3495 1664; x_wconf 90' lang='lat' dir='ltr'><strong>non</strong></span> <span class='ocrx_word' id='word_1_338' title='bbox 3541 1610 3744 1664; x_wconf 79' lang='lat' dir='ltr'><strong>frustra</strong></span> <span class='ocrx_word' id='word_1_339' title='bbox 3784 1609 4011 1677; x_wconf 84' lang='lat' dir='ltr'><strong>proprie</strong></span> 
     </span>
    </p>
   </div>
   <div class='ocr_carea' id='block_1_44' title="bbox 2432 1699 4008 1774">
    <p class='ocr_par' dir='ltr' id='par_1_44' title="bbox 2432 1699 4008 1774">
     <span class='ocr_line' id='line_1_44' title="bbox 2432 1699 4008 1774; baseline -0.009 -11"><span class='ocrx_word' id='word_1_340' title='bbox 2432 1711 2634 1763; x_wconf 86' lang='lat' dir='ltr'><strong>dicitur</strong></span> <span class='ocrx_word' id='word_1_341' title='bbox 2669 1709 2907 1774; x_wconf 57' lang='lat' dir='ltr'><strong>Spirims</strong></span> <span class='ocrx_word' id='word_1_342' title='bbox 2940 1717 3187 1762; x_wconf 86' lang='lat' dir='ltr'><strong>sanctus.</strong></span> <span class='ocrx_word' id='word_1_343' title='bbox 3223 1703 3363 1770; x_wconf 87' lang='lat' dir='ltr'><strong>Quia</strong></span> <span class='ocrx_word' id='word_1_344' title='bbox 3396 1704 3544 1758; x_wconf 91' lang='lat' dir='ltr'><strong>enim</strong></span> <span class='ocrx_word' id='word_1_345' title='bbox 3580 1713 3661 1755; x_wconf 68' lang='lat' dir='ltr'><strong>est</strong></span> <span class='ocrx_word' id='word_1_346' title='bbox 3692 1699 4008 1753; x_wconf 78' lang='lat' dir='ltr'><strong>communis</strong></span> 
     </span>
    </p>
   </div>
   <div class='ocr_carea' id='block_1_45' title="bbox 2436 1790 4015 1865">
    <p class='ocr_par' dir='ltr' id='par_1_45' title="bbox 2436 1790 4015 1865">
     <span class='ocr_line' id='line_1_45' title="bbox 2436 1790 4015 1865; baseline -0.009 -12"><span class='ocrx_word' id='word_1_347' title='bbox 2436 1803 2725 1865; x_wconf 87' lang='lat' dir='ltr'><strong>ambobus,</strong></span> <span class='ocrx_word' id='word_1_348' title='bbox 2782 1803 2830 1853; x_wconf 89' lang='lat' dir='ltr'><strong>id</strong></span> <span class='ocrx_word' id='word_1_349' title='bbox 2898 1808 3123 1851; x_wconf 65' lang='lat' dir='ltr'><strong>voratur</strong></span> <span class='ocrx_word' id='word_1_350' title='bbox 3172 1802 3284 1864; x_wconf 85' lang='lat' dir='ltr'><strong>ipse</strong></span> <span class='ocrx_word' id='word_1_351' title='bbox 3326 1796 3566 1865; x_wconf 68' lang='lat' dir='ltr'><strong>proprie,</strong></span> <span class='ocrx_word' id='word_1_352' title='bbox 3636 1794 3778 1861; x_wconf 83' lang='lat' dir='ltr'><strong>quod</strong></span> <span class='ocrx_word' id='word_1_353' title='bbox 3848 1790 4015 1844; x_wconf 88' lang='lat' dir='ltr'><strong>ambo</strong></span> 
     </span>
    </p>
   </div>
   <div class='ocr_carea' id='block_1_46' title="bbox 2437 1886 4016 1958">
    <p class='ocr_par' dir='ltr' id='par_1_46' title="bbox 2437 1886 4016 1958">
     <span class='ocr_line' id='line_1_46' title="bbox 2437 1886 4016 1958; baseline -0.008 -13"><span class='ocrx_word' id='word_1_354' title='bbox 2437 1893 2823 1945; x_wconf 82' lang='lat' dir='ltr'><strong>communiter.</strong></span> <span class='ocrx_word' id='word_1_355' title='bbox 2871 1892 3124 1958; x_wconf 70' lang='lat' dir='ltr'><strong>Alioquin</strong></span> <span class='ocrx_word' id='word_1_356' title='bbox 3187 1890 3229 1941; x_wconf 85' lang='lat' dir='ltr'><strong>si</strong></span> <span class='ocrx_word' id='word_1_357' title='bbox 3295 1889 3347 1940; x_wconf 81' lang='lat' dir='ltr'><strong>in</strong></span> <span class='ocrx_word' id='word_1_358' title='bbox 3406 1890 3494 1939; x_wconf 84' lang='lat' dir='ltr'><strong>iila</strong></span> <span class='ocrx_word' id='word_1_359' title='bbox 3550 1886 3822 1938; x_wconf 66' lang='lat' dir='ltr'><strong>‘l&#39;t‘inilatc</strong></span> <span class='ocrx_word' id='word_1_360' title='bbox 3864 1891 4016 1936; x_wconf 78' lang='lat' dir='ltr'><strong>solus</strong></span> 
     </span>
    </p>
   </div>
   <div class='ocr_carea' id='block_1_47' title="bbox 2441 1973 4011 2053">
    <p class='ocr_par' dir='ltr' id='par_1_47' title="bbox 2441 1973 4011 2053">
     <span class='ocr_line' id='line_1_47' title="bbox 2441 1973 4011 2053; baseline -0.007 -18"><span class='ocrx_word' id='word_1_361' title='bbox 2441 1983 2676 2053; x_wconf 86' lang='lat' dir='ltr'><strong>Spiritus</strong></span> <span class='ocrx_word' id='word_1_362' title='bbox 2722 1998 2945 2037; x_wconf 77' lang='lat' dir='ltr'><strong>sanatus</strong></span> <span class='ocrx_word' id='word_1_363' title='bbox 2980 1991 3063 2036; x_wconf 85' lang='lat' dir='ltr'><strong>est</strong></span> <span class='ocrx_word' id='word_1_364' title='bbox 3117 1981 3387 2039; x_wconf 88' lang='lat' dir='ltr'><strong>charitas,</strong></span> <span class='ocrx_word' id='word_1_365' title='bbox 3446 1978 3691 2046; x_wconf 78' lang='lat' dir='ltr'><strong>profecto</strong></span> <span class='ocrx_word' id='word_1_366' title='bbox 3738 1985 3793 2029; x_wconf 89' lang='lat' dir='ltr'><strong>et</strong></span> <span class='ocrx_word' id='word_1_367' title='bbox 3831 1973 4011 2027; x_wconf 83' lang='lat' dir='ltr'><strong>Filius</strong></span> 
     </span>
    </p>
   </div>
   <div class='ocr_carea' id='block_1_48' title="bbox 2438 2066 4012 2136">
    <p class='ocr_par' dir='ltr' id='par_1_48' title="bbox 2438 2066 4012 2136">
     <span class='ocr_line' id='line_1_48' title="bbox 2438 2066 4012 2136; baseline -0.009 -7"><span class='ocrx_word' id='word_1_368' title='bbox 2438 2092 2545 2129; x_wconf 89' lang='lat' dir='ltr'><strong>non</strong></span> <span class='ocrx_word' id='word_1_369' title='bbox 2589 2077 2764 2129; x_wconf 85' lang='lat' dir='ltr'><strong>solum</strong></span> <span class='ocrx_word' id='word_1_370' title='bbox 2822 2073 3020 2133; x_wconf 75' lang='lat' dir='ltr'><strong>Patris,</strong></span> <span class='ocrx_word' id='word_1_371' title='bbox 3069 2088 3254 2125; x_wconf 76' lang='lat' dir='ltr'><strong>vernn:</strong></span> <span class='ocrx_word' id='word_1_372' title='bbox 3314 2072 3479 2123; x_wconf 83' lang='lat' dir='ltr'><strong>etiam</strong></span> <span class='ocrx_word' id='word_1_373' title='bbox 3542 2069 3781 2136; x_wconf 90' lang='lat' dir='ltr'><strong>Spiritus</strong></span> <span class='ocrx_word' id='word_1_374' title='bbox 3834 2066 4012 2118; x_wconf 74' lang='lat' dir='ltr'><strong>sancti</strong></span> 
     </span>
    </p>
   </div>
   <div class='ocr_carea' id='block_1_49' title="bbox 2437 2157 4013 2220">
    <p class='ocr_par' dir='ltr' id='par_1_49' title="bbox 2437 2157 4013 2220">
     <span class='ocr_line' id='line_1_49' title="bbox 2437 2157 4013 2220; baseline -0.008 -1"><span class='ocrx_word' id='word_1_375' title='bbox 2437 2166 2613 2220; x_wconf 91' lang='lat' dir='ltr'><strong>Filius</strong></span> <span class='ocrx_word' id='word_1_376' title='bbox 2647 2165 2945 2219; x_wconf 79' lang='lat' dir='ltr'><strong>invenitur.</strong></span> <span class='ocrx_word' id='word_1_377' title='bbox 2990 2165 3065 2217; x_wconf 73' lang='lat' dir='ltr'><strong>lla</strong></span> <span class='ocrx_word' id='word_1_378' title='bbox 3126 2162 3270 2217; x_wconf 87' lang='lat' dir='ltr'><strong>enim</strong></span> <span class='ocrx_word' id='word_1_379' title='bbox 3314 2162 3448 2215; x_wconf 90' lang='lat' dir='ltr'><strong>locis</strong></span> <span class='ocrx_word' id='word_1_380' title='bbox 3504 2157 4013 2213; x_wconf 84' lang='lat' dir='ltr'><strong>innumerabilibus</strong></span> 
     </span>
    </p>
   </div>
   <div class='ocr_carea' id='block_1_50' title="bbox 2437 2249 4016 2327">
    <p class='ocr_par' dir='ltr' id='par_1_50' title="bbox 2437 2249 4016 2327">
     <span class='ocr_line' id='line_1_50' title="bbox 2437 2249 4016 2327; baseline -0.008 -15"><span class='ocrx_word' id='word_1_381' title='bbox 2437 2256 2638 2313; x_wconf 81' lang='lat' dir='ltr'><strong>dicitur</strong></span> <span class='ocrx_word' id='word_1_382' title='bbox 2668 2269 2719 2312; x_wconf 86' lang='lat' dir='ltr'><strong>et</strong></span> <span class='ocrx_word' id='word_1_383' title='bbox 2752 2258 2947 2327; x_wconf 83' lang='lat' dir='ltr'><strong>legitur</strong></span> <span class='ocrx_word' id='word_1_384' title='bbox 2976 2255 3148 2309; x_wconf 89' lang='lat' dir='ltr'><strong>Filius</strong></span> <span class='ocrx_word' id='word_1_385' title='bbox 3178 2254 3498 2321; x_wconf 81' lang='lat' dir='ltr'><strong>unigenitus</strong></span> <span class='ocrx_word' id='word_1_386' title='bbox 3556 2252 3647 2304; x_wconf 88' lang='lat' dir='ltr'><strong>Dei</strong></span> <span class='ocrx_word' id='word_1_387' title='bbox 3684 2249 3864 2303; x_wconf 86' lang='lat' dir='ltr'><strong>Patris</strong></span> <span class='ocrx_word' id='word_1_388' title='bbox 3899 2265 3912 2301; x_wconf 94' lang='lat'><strong>:</strong></span> <span class='ocrx_word' id='word_1_389' title='bbox 3951 2256 4016 2299; x_wconf 89' lang='lat' dir='ltr'><strong>ut</strong></span> 
     </span>
    </p>
   </div>
   <div class='ocr_carea' id='block_1_51' title="bbox 2439 2338 4016 2415">
    <p class='ocr_par' dir='ltr' id='par_1_51' title="bbox 2439 2338 4016 2415">
     <span class='ocr_line' id='line_1_51' title="bbox 2439 2338 4016 2415; baseline -0.008 -11"><span class='ocrx_word' id='word_1_390' title='bbox 2439 2359 2621 2404; x_wconf 81' lang='lat' dir='ltr'><strong>tamen</strong></span> <span class='ocrx_word' id='word_1_391' title='bbox 2655 2360 2707 2403; x_wconf 79' lang='lat' dir='ltr'><strong>et</strong></span> <span class='ocrx_word' id='word_1_392' title='bbox 2741 2350 2871 2402; x_wconf 92' lang='lat' dir='ltr'><strong>illud</strong></span> <span class='ocrx_word' id='word_1_393' title='bbox 2920 2363 3106 2402; x_wconf 80' lang='lat' dir='ltr'><strong>verum</strong></span> <span class='ocrx_word' id='word_1_394' title='bbox 3158 2355 3263 2412; x_wconf 87' lang='lat' dir='ltr'><strong>est,</strong></span> <span class='ocrx_word' id='word_1_395' title='bbox 3298 2347 3443 2415; x_wconf 92' lang='lat' dir='ltr'><strong>quod</strong></span> <span class='ocrx_word' id='word_1_396' title='bbox 3485 2342 3783 2411; x_wconf 81' lang='lat' dir='ltr'><strong>Apostolus</strong></span> <span class='ocrx_word' id='word_1_397' title='bbox 3834 2340 3910 2392; x_wconf 86' lang='lat' dir='ltr'><strong>ait</strong></span> <span class='ocrx_word' id='word_1_398' title='bbox 3944 2338 4016 2393; x_wconf 87' lang='lat' dir='ltr'><strong>de</strong></span> 
     </span>
    </p>
   </div>
   <div class='ocr_carea' id='block_1_52' title="bbox 2441 2432 4013 2506">
    <p class='ocr_par' dir='ltr' id='par_1_52' title="bbox 2441 2432 4013 2506">
     <span class='ocr_line' id='line_1_52' title="bbox 2441 2432 4013 2506; baseline -0.008 -13"><span class='ocrx_word' id='word_1_399' title='bbox 2441 2442 2548 2495; x_wconf 88' lang='lat' dir='ltr'><strong>Deo</strong></span> <span class='ocrx_word' id='word_1_400' title='bbox 2586 2443 2784 2496; x_wconf 79' lang='lat' dir='ltr'><strong>Patre:</strong></span> <span class='ocrx_word' id='word_1_401' title='bbox 2822 2461 2840 2492; x_wconf 78' lang='grc' dir='ltr'><strong>ι</strong></span> <span class='ocrx_word' id='word_1_402' title='bbox 2879 2440 2980 2506; x_wconf 85' lang='lat' dir='ltr'><strong>Qui</strong></span> <span class='ocrx_word' id='word_1_403' title='bbox 3014 2439 3158 2494; x_wconf 90' lang='lat' dir='ltr'><strong>eruit</strong></span> <span class='ocrx_word' id='word_1_404' title='bbox 3185 2453 3288 2492; x_wconf 91' lang='lat' dir='ltr'><strong>nos</strong></span> <span class='ocrx_word' id='word_1_405' title='bbox 3329 2438 3396 2491; x_wconf 90' lang='lat' dir='ltr'><strong>de</strong></span> <span class='ocrx_word' id='word_1_406' title='bbox 3444 2443 3717 2505; x_wconf 86' lang='lat' dir='ltr'><strong>potestate</strong></span> <span class='ocrx_word' id='word_1_407' title='bbox 3752 2432 4013 2484; x_wconf 84' lang='lat' dir='ltr'><strong>tenebra-</strong></span> 
     </span>
    </p>
   </div>
   <div class='ocr_carea' id='block_1_53' title="bbox 2441 2521 4015 2599">
    <p class='ocr_par' dir='ltr' id='par_1_53' title="bbox 2441 2521 4015 2599">
     <span class='ocr_line' id='line_1_53' title="bbox 2441 2521 4015 2599; baseline -0.01 -11"><span class='ocrx_word' id='word_1_408' title='bbox 2441 2553 2585 2597; x_wconf 88' lang='lat' dir='ltr'><strong>rum,</strong></span> <span class='ocrx_word' id='word_1_409' title='bbox 2650 2545 2705 2587; x_wconf 83' lang='lat' dir='ltr'><strong>et</strong></span> <span class='ocrx_word' id='word_1_410' title='bbox 2762 2532 3044 2587; x_wconf 89' lang='lat' dir='ltr'><strong>transtulit</strong></span> <span class='ocrx_word' id='word_1_411' title='bbox 3111 2533 3163 2585; x_wconf 90' lang='lat' dir='ltr'><strong>in</strong></span> <span class='ocrx_word' id='word_1_412' title='bbox 3229 2544 3457 2599; x_wconf 83' lang='lat' dir='ltr'><strong>regnum</strong></span> <span class='ocrx_word' id='word_1_413' title='bbox 3530 2526 3653 2579; x_wconf 86' lang='lat' dir='ltr'><strong>Filii</strong></span> <span class='ocrx_word' id='word_1_414' title='bbox 3720 2521 4015 2578; x_wconf 74' lang='lat' dir='ltr'><strong>charizatis</strong></span> 
     </span>
    </p>
   </div>
   <div class='ocr_carea' id='block_1_54' title="bbox 2441 2616 4017 2691">
    <p class='ocr_par' dir='ltr' id='par_1_54' title="bbox 2441 2616 4017 2691">
     <span class='ocr_line' id='line_1_54' title="bbox 2441 2616 4017 2691; baseline -0.008 -10"><span class='ocrx_word' id='word_1_415' title='bbox 2441 2645 2553 2681; x_wconf 64' lang='lat' dir='ltr'><strong>suae</strong></span> <span class='ocrx_word' id='word_1_416' title='bbox 2580 2626 2649 2691; x_wconf 79' lang='grc'><strong>³³,</strong></span> <span class='ocrx_word' id='word_1_417' title='bbox 2683 2646 2699 2678; x_wconf 71' lang='grc' dir='ltr'><strong>ι</strong></span> <span class='ocrx_word' id='word_1_418' title='bbox 2730 2641 2839 2679; x_wconf 89' lang='lat' dir='ltr'><strong>non</strong></span> <span class='ocrx_word' id='word_1_419' title='bbox 2873 2627 3029 2689; x_wconf 74' lang='lat' dir='ltr'><strong>dixit,</strong></span> <span class='ocrx_word' id='word_1_420' title='bbox 3054 2622 3174 2676; x_wconf 82' lang='lat' dir='ltr'><strong>Filii</strong></span> <span class='ocrx_word' id='word_1_421' title='bbox 3202 2625 3314 2686; x_wconf 86' lang='lat' dir='ltr'><strong>sui;</strong></span> <span class='ocrx_word' id='word_1_422' title='bbox 3341 2622 3484 2687; x_wconf 81' lang='lat' dir='ltr'><strong>quod</strong></span> <span class='ocrx_word' id='word_1_423' title='bbox 3509 2622 3551 2673; x_wconf 85' lang='lat' dir='ltr'><strong>si</strong></span> <span class='ocrx_word' id='word_1_424' title='bbox 3580 2619 3802 2679; x_wconf 80' lang='lat' dir='ltr'><strong>diceret,</strong></span> <span class='ocrx_word' id='word_1_425' title='bbox 3837 2616 4017 2668; x_wconf 74' lang='lat' dir='ltr'><strong>veris-</strong></span> 
     </span>
    </p>
   </div>
   <div class='ocr_carea' id='block_1_55' title="bbox 2440 2711 4020 2787">
    <p class='ocr_par' dir='ltr' id='par_1_55' title="bbox 2440 2711 4020 2787">
     <span class='ocr_line' id='line_1_55' title="bbox 2440 2711 4020 2787; baseline -0.011 -13"><span class='ocrx_word' id='word_1_426' title='bbox 2440 2722 2577 2775; x_wconf 82' lang='lat' dir='ltr'><strong>sime</strong></span> <span class='ocrx_word' id='word_1_427' title='bbox 2607 2723 2829 2783; x_wconf 81' lang='lat' dir='ltr'><strong>diceret,</strong></span> <span class='ocrx_word' id='word_1_428' title='bbox 2878 2717 3362 2787; x_wconf 85' lang='lat' dir='ltr'><strong>quemadmodum,</strong></span> <span class='ocrx_word' id='word_1_429' title='bbox 3392 2715 3517 2782; x_wconf 89' lang='lat' dir='ltr'><strong>quia</strong></span> <span class='ocrx_word' id='word_1_430' title='bbox 3557 2727 3698 2781; x_wconf 65' lang='lat' dir='ltr'><strong>sa‘pc</strong></span> <span class='ocrx_word' id='word_1_431' title='bbox 3737 2711 3900 2770; x_wconf 72' lang='lat' dir='ltr'><strong>dixit,</strong></span> <span class='ocrx_word' id='word_1_432' title='bbox 3925 2725 4020 2759; x_wconf 67' lang='lat' dir='ltr'><strong>VC-</strong></span> 
     </span>
    </p>
   </div>
   <div class='ocr_carea' id='block_1_56' title="bbox 2440 2799 4022 2874">
    <p class='ocr_par' dir='ltr' id='par_1_56' title="bbox 2440 2799 4022 2874">
     <span class='ocr_line' id='line_1_56' title="bbox 2440 2799 4022 2874; baseline -0.008 -8"><span class='ocrx_word' id='word_1_433' title='bbox 2440 2815 2657 2867; x_wconf 69' lang='lat' dir='ltr'><strong>rissime</strong></span> <span class='ocrx_word' id='word_1_434' title='bbox 2688 2814 2846 2874; x_wconf 82' lang='lat' dir='ltr'><strong>dixit,</strong></span> <span class='ocrx_word' id='word_1_435' title='bbox 2882 2809 2977 2866; x_wconf 87' lang='lat' dir='ltr'><strong>sed</strong></span> <span class='ocrx_word' id='word_1_436' title='bbox 2998 2810 3091 2873; x_wconf 91' lang='lat' dir='ltr'><strong>ait,</strong></span> <span class='ocrx_word' id='word_1_437' title='bbox 3124 2828 3141 2859; x_wconf 80' lang='grc' dir='ltr'><strong>ι</strong></span> <span class='ocrx_word' id='word_1_438' title='bbox 3168 2806 3289 2862; x_wconf 88' lang='lat' dir='ltr'><strong>Filii</strong></span> <span class='ocrx_word' id='word_1_439' title='bbox 3320 2807 3603 2861; x_wconf 85' lang='lat' dir='ltr'><strong>charitatis</strong></span> <span class='ocrx_word' id='word_1_440' title='bbox 3629 2819 3760 2858; x_wconf 66' lang='lat' dir='ltr'><strong>sum.</strong></span> <span class='ocrx_word' id='word_1_441' title='bbox 3786 2820 3805 2853; x_wconf 73' lang='grc' dir='ltr'>ι</span> <span class='ocrx_word' id='word_1_442' title='bbox 3845 2799 4022 2854; x_wconf 78' lang='lat' dir='ltr'><strong>Filius</strong></span> 
     </span>
    </p>
   </div>
   <div class='ocr_carea' id='block_1_57' title="bbox 2441 2980 4019 3061">
    <p class='ocr_par' dir='ltr' id='par_1_57' title="bbox 2441 2980 4019 3061">
     <span class='ocr_line' id='line_1_57' title="bbox 2441 2980 4019 3061; baseline -0.007 -19"><span class='ocrx_word' id='word_1_443' title='bbox 2441 2990 2674 3061; x_wconf 81' lang='grc' dir='ltr'>ρίσμασι</span> <span class='ocrx_word' id='word_1_444' title='bbox 2712 2988 2805 3041; x_wconf 86' lang='grc' dir='ltr'><strong>τοῦ</strong></span> <span class='ocrx_word' id='word_1_445' title='bbox 2842 2987 2981 3040; x_wconf 82' lang='grc' dir='ltr'>Θεοῦ</span> <span class='ocrx_word' id='word_1_446' title='bbox 3034 2984 3192 3039; x_wconf 81' lang='grc' dir='ltr'>οὐδέν</span> <span class='ocrx_word' id='word_1_447' title='bbox 3241 2985 3359 3036; x_wconf 81' lang='grc' dir='ltr'>ἐστι</span> <span class='ocrx_word' id='word_1_448' title='bbox 3402 2982 3588 3052; x_wconf 78' lang='grc' dir='ltr'>μεῖζον</span> <span class='ocrx_word' id='word_1_449' title='bbox 3612 2983 3713 3050; x_wconf 83' lang='grc' dir='ltr'>τῆς</span> <span class='ocrx_word' id='word_1_450' title='bbox 3765 2980 4019 3047; x_wconf 79' lang='grc' dir='ltr'>ἀγάπης,</span> 
     </span>
    </p>
   </div>
   <div class='ocr_carea' id='block_1_58' title="bbox 2438 3073 4021 3153">
    <p class='ocr_par' dir='ltr' id='par_1_58' title="bbox 2438 3073 4021 3153">
     <span class='ocr_line' id='line_1_58' title="bbox 2438 3073 4021 3153; baseline -0.008 -16"><span class='ocrx_word' id='word_1_451' title='bbox 2438 3086 2529 3137; x_wconf 77' lang='grc' dir='ltr'><strong>καὶ</strong></span> <span class='ocrx_word' id='word_1_452' title='bbox 2568 3083 2737 3153; x_wconf 72' lang='grc' dir='ltr'>μηδέν</span> <span class='ocrx_word' id='word_1_453' title='bbox 2762 3083 2878 3133; x_wconf 78' lang='grc' dir='ltr'>ἐστι</span> <span class='ocrx_word' id='word_1_454' title='bbox 2908 3078 3093 3150; x_wconf 79' lang='grc' dir='ltr'>μεῖζον</span> <span class='ocrx_word' id='word_1_455' title='bbox 3124 3077 3297 3146; x_wconf 82' lang='grc' dir='ltr'>δῶρον</span> <span class='ocrx_word' id='word_1_456' title='bbox 3324 3077 3419 3129; x_wconf 90' lang='grc' dir='ltr'><strong>τοῦ</strong></span> <span class='ocrx_word' id='word_1_457' title='bbox 3444 3076 3583 3130; x_wconf 85' lang='grc' dir='ltr'>Θεοῦ</span> <span class='ocrx_word' id='word_1_458' title='bbox 3617 3076 3649 3145; x_wconf 83' lang='grc' dir='ltr'>ἢ</span> <span class='ocrx_word' id='word_1_459' title='bbox 3680 3076 3744 3128; x_wconf 83' lang='grc' dir='ltr'><strong>τδ</strong></span> <span class='ocrx_word' id='word_1_460' title='bbox 3788 3073 4021 3143; x_wconf 86' lang='grc' dir='ltr'>Πνεῦμα</span> 
     </span>
    </p>
   </div>
   <div class='ocr_carea' id='block_1_59' title="bbox 754 3166 4024 3266">
    <p class='ocr_par' dir='ltr' id='par_1_59' title="bbox 754 3166 4024 3266">
     <span class='ocr_line' id='line_1_59' title="bbox 754 3166 4024 3266; baseline -0.002 -44"><span class='ocrx_word' id='word_1_461' title='bbox 754 3175 963 3242; x_wconf 54' lang='grc' dir='ltr'>ἔφημεν</span> <span class='ocrx_word' id='word_1_462' title='bbox 1001 3173 1075 3241; x_wconf 85' lang='grc' dir='ltr'><strong>μὴ</strong></span> <span class='ocrx_word' id='word_1_463' title='bbox 1107 3174 1434 3241; x_wconf 80' lang='grc' dir='ltr'>ἀποχρῶντα</span> <span class='ocrx_word' id='word_1_464' title='bbox 1463 3189 1479 3239; x_wconf 86' lang='grc'>;</span> <span class='ocrx_word' id='word_1_465' title='bbox 1526 3172 1696 3226; x_wconf 86' lang='grc' dir='ltr'>Τοῦτό</span> <span class='ocrx_word' id='word_1_466' title='bbox 1727 3191 1790 3242; x_wconf 85' lang='grc' dir='ltr'><strong>γε</strong></span> <span class='ocrx_word' id='word_1_467' title='bbox 1829 3177 1936 3243; x_wconf 77' lang='grc' dir='ltr'>μὴν</span> <span class='ocrx_word' id='word_1_468' title='bbox 1970 3175 2075 3244; x_wconf 82' lang='grc' dir='ltr'>χρὴ</span> <span class='ocrx_word' id='word_1_469' title='bbox 2106 3176 2328 3238; x_wconf 75' lang='grc' dir='ltr'>τούτους</span> <span class='ocrx_word' id='word_1_470' title='bbox 2362 3211 2402 3266; x_wconf 78' lang='lat' dir='ltr'>c</span> <span class='ocrx_word' id='word_1_471' title='bbox 2438 3180 2499 3231; x_wconf 72' lang='grc' dir='ltr'>τὸ</span> <span class='ocrx_word' id='word_1_472' title='bbox 2528 3180 2702 3244; x_wconf 75' lang='grc' dir='ltr'>ἅγιον,</span> <span class='ocrx_word' id='word_1_473' title='bbox 2740 3178 2794 3229; x_wconf 90' lang='grc' dir='ltr'><strong>τί</strong></span> <span class='ocrx_word' id='word_1_474' title='bbox 2827 3172 3296 3241; x_wconf 71' lang='grc' dir='ltr'>καταλληλότερον</span> <span class='ocrx_word' id='word_1_475' title='bbox 3346 3169 3379 3239; x_wconf 80' lang='grc' dir='ltr'>ἢ</span> <span class='ocrx_word' id='word_1_476' title='bbox 3423 3171 3555 3223; x_wconf 79' lang='grc' dir='ltr'>αὐτὸ</span> <span class='ocrx_word' id='word_1_477' title='bbox 3599 3166 3739 3222; x_wconf 78' lang='grc' dir='ltr'>εἶναι</span> <span class='ocrx_word' id='word_1_478' title='bbox 3769 3171 4024 3236; x_wconf 76' lang='grc' dir='ltr'>ἀγάπην,</span> 
     </span>
    </p>
   </div>
   <div class='ocr_carea' id='block_1_60' title="bbox 751 3265 2333 3337">
    <p class='ocr_par' dir='ltr' id='par_1_60' title="bbox 751 3265 2333 3337">
     <span class='ocr_line' id='line_1_60' title="bbox 751 3265 2333 3337; baseline 0 -18"><span class='ocrx_word' id='word_1_479' title='bbox 751 3266 985 3329; x_wconf 75' lang='grc' dir='ltr'>διδάξαι,</span> <span class='ocrx_word' id='word_1_480' title='bbox 1026 3266 1102 3326; x_wconf 80' lang='grc' dir='ltr'>ὡς</span> <span class='ocrx_word' id='word_1_481' title='bbox 1133 3267 1295 3317; x_wconf 81' lang='grc' dir='ltr'>ὁπότε</span> <span class='ocrx_word' id='word_1_482' title='bbox 1325 3266 1498 3334; x_wconf 85' lang='grc' dir='ltr'>δῶρον</span> <span class='ocrx_word' id='word_1_483' title='bbox 1532 3265 1670 3317; x_wconf 81' lang='grc' dir='ltr'>Θεοῦ</span> <span class='ocrx_word' id='word_1_484' title='bbox 1699 3267 1799 3335; x_wconf 72' lang='grc' dir='ltr'>ἤδη</span> <span class='ocrx_word' id='word_1_485' title='bbox 1852 3267 2154 3336; x_wconf 77' lang='grc' dir='ltr'><strong>συνορῶσιν</strong></span> <span class='ocrx_word' id='word_1_486' title='bbox 2184 3268 2333 3337; x_wconf 73' lang='grc' dir='ltr'>εἰρῆ-</span> 
     </span>
    </p>
   </div>
   <div class='ocr_carea' id='block_1_61' title="bbox 755 3358 2332 3431">
    <p class='ocr_par' dir='ltr' id='par_1_61' title="bbox 755 3358 2332 3431">
     <span class='ocr_line' id='line_1_61' title="bbox 755 3358 2332 3431; baseline 0 -21"><span class='ocrx_word' id='word_1_487' title='bbox 755 3359 883 3410; x_wconf 71' lang='grc' dir='ltr'>σθαι</span> <span class='ocrx_word' id='word_1_488' title='bbox 913 3360 972 3411; x_wconf 79' lang='grc' dir='ltr'><strong>τὸ</strong></span> <span class='ocrx_word' id='word_1_489' title='bbox 1003 3358 1229 3426; x_wconf 83' lang='grc' dir='ltr'>Πνεῦμα</span> <span class='ocrx_word' id='word_1_490' title='bbox 1257 3358 1317 3409; x_wconf 77' lang='grc' dir='ltr'><strong>τὸ</strong></span> <span class='ocrx_word' id='word_1_491' title='bbox 1346 3358 1523 3423; x_wconf 75' lang='grc' dir='ltr'>ἅγιον,</span> <span class='ocrx_word' id='word_1_492' title='bbox 1552 3360 1773 3411; x_wconf 79' lang='grc' dir='ltr'>ἐπειδὰν</span> <span class='ocrx_word' id='word_1_493' title='bbox 1797 3360 2059 3425; x_wconf 72' lang='grc' dir='ltr'>ἀκούωσι,</span> <span class='ocrx_word' id='word_1_494' title='bbox 2095 3380 2113 3410; x_wconf 73' lang='grc' dir='ltr'>ι</span> <span class='ocrx_word' id='word_1_495' title='bbox 2159 3361 2332 3431; x_wconf 79' lang='grc' dir='ltr'>δῶρον</span> 
     </span>
    </p>
   </div>
   <div class='ocr_carea' id='block_1_62' title="bbox 754 3451 2333 3522">
    <p class='ocr_par' dir='ltr' id='par_1_62' title="bbox 754 3451 2333 3522">
     <span class='ocr_line' id='line_1_62' title="bbox 754 3451 2333 3522; baseline 0.003 -19"><span class='ocrx_word' id='word_1_496' title='bbox 754 3452 848 3504; x_wconf 81' lang='grc' dir='ltr'><strong>τοῦ</strong></span> <span class='ocrx_word' id='word_1_497' title='bbox 887 3452 1045 3519; x_wconf 77' lang='grc' dir='ltr'>ἁγίου</span> <span class='ocrx_word' id='word_1_498' title='bbox 1081 3451 1419 3520; x_wconf 79' lang='grc' dir='ltr'>Πνεῦματος,</span> <span class='ocrx_word' id='word_1_499' title='bbox 1458 3471 1477 3503; x_wconf 71' lang='grc' dir='ltr'>ι</span> <span class='ocrx_word' id='word_1_500' title='bbox 1534 3455 1713 3505; x_wconf 80' lang='grc' dir='ltr'>ἐκεῖνο</span> <span class='ocrx_word' id='word_1_501' title='bbox 1764 3454 1822 3504; x_wconf 87' lang='grc' dir='ltr'><strong>τὸ</strong></span> <span class='ocrx_word' id='word_1_502' title='bbox 1871 3457 2023 3521; x_wconf 80' lang='grc' dir='ltr'>γένος</span> <span class='ocrx_word' id='word_1_503' title='bbox 2078 3456 2333 3522; x_wconf 84' lang='grc' dir='ltr'>ἐπιγινώ-</span> 
     </span>
    </p>
   </div>
   <div class='ocr_carea' id='block_1_63' title="bbox 760 3544 2334 3616">
    <p class='ocr_par' dir='ltr' id='par_1_63' title="bbox 760 3544 2334 3616">
     <span class='ocr_line' id='line_1_63' title="bbox 760 3544 2334 3616; baseline 0.004 -21"><span class='ocrx_word' id='word_1_504' title='bbox 760 3562 880 3597; x_wconf 86' lang='grc' dir='ltr'>σκει</span> <span class='ocrx_word' id='word_1_505' title='bbox 929 3546 1026 3613; x_wconf 82' lang='grc' dir='ltr'>τῆς</span> <span class='ocrx_word' id='word_1_506' title='bbox 1071 3544 1386 3607; x_wconf 78' lang='grc' dir='ltr'>διαλέξεως,</span> <span class='ocrx_word' id='word_1_507' title='bbox 1426 3545 1565 3613; x_wconf 77' lang='grc' dir='ltr'>ὅπερ</span> <span class='ocrx_word' id='word_1_508' title='bbox 1599 3545 1815 3614; x_wconf 73' lang='grc' dir='ltr'>εἴρηται</span> <span class='ocrx_word' id='word_1_509' title='bbox 1847 3550 1902 3597; x_wconf 73' lang='grc' dir='ltr'>ἐν</span> <span class='ocrx_word' id='word_1_510' title='bbox 1947 3551 2015 3616; x_wconf 77' lang='grc' dir='ltr'>τῇ</span> <span class='ocrx_word' id='word_1_511' title='bbox 2048 3549 2334 3601; x_wconf 75' lang='grc' dir='ltr'>ἐπεκδύσει</span> 
     </span>
    </p>
   </div>
   <div class='ocr_carea' id='block_1_64' title="bbox 752 3635 2327 3710">
    <p class='ocr_par' dir='ltr' id='par_1_64' title="bbox 752 3635 2327 3710">
     <span class='ocr_line' id='line_1_64' title="bbox 752 3635 2327 3710; baseline 0.004 -23"><span class='ocrx_word' id='word_1_512' title='bbox 752 3636 848 3687; x_wconf 87' lang='grc' dir='ltr'><strong>τοῦ</strong></span> <span class='ocrx_word' id='word_1_513' title='bbox 886 3636 1142 3703; x_wconf 85' lang='grc' dir='ltr'>σώματος</span> <span class='ocrx_word' id='word_1_514' title='bbox 1173 3635 1270 3703; x_wconf 80' lang='grc' dir='ltr'>τῆς</span> <span class='ocrx_word' id='word_1_515' title='bbox 1304 3636 1767 3705; x_wconf 51' lang='grc' dir='ltr'>σαρκόςΑὯσπερ</span> <span class='ocrx_word' id='word_1_516' title='bbox 1800 3639 1908 3707; x_wconf 66' lang='grc' dir='ltr'><strong>γὰρ</strong></span> <span class='ocrx_word' id='word_1_517' title='bbox 1941 3641 2000 3689; x_wconf 82' lang='grc' dir='ltr'>τὸ</span> <span class='ocrx_word' id='word_1_518' title='bbox 2042 3640 2203 3707; x_wconf 82' lang='grc' dir='ltr'>σῶμα</span> <span class='ocrx_word' id='word_1_519' title='bbox 2232 3641 2327 3710; x_wconf 80' lang='grc' dir='ltr'>τῆς</span> 
     </span>
    </p>
   </div>
   <div class='ocr_carea' id='block_1_65' title="bbox 756 3728 2332 3801">
    <p class='ocr_par' dir='ltr' id='par_1_65' title="bbox 756 3728 2332 3801">
     <span class='ocr_line' id='line_1_65' title="bbox 756 3728 2332 3801; baseline 0.003 -22"><span class='ocrx_word' id='word_1_520' title='bbox 756 3728 959 3797; x_wconf 82' lang='grc' dir='ltr'>σαρκὸς</span> <span class='ocrx_word' id='word_1_521' title='bbox 989 3729 1144 3781; x_wconf 83' lang='grc' dir='ltr'>οὐδὲν</span> <span class='ocrx_word' id='word_1_522' title='bbox 1175 3728 1365 3797; x_wconf 73' lang='grc' dir='ltr'>ἔτερόν</span> <span class='ocrx_word' id='word_1_523' title='bbox 1396 3730 1546 3780; x_wconf 79' lang='grc' dir='ltr'>ἐστιν</span> <span class='ocrx_word' id='word_1_524' title='bbox 1573 3728 1606 3797; x_wconf 81' lang='grc' dir='ltr'><strong>ἦ</strong></span> <span class='ocrx_word' id='word_1_525' title='bbox 1637 3730 1670 3799; x_wconf 80' lang='grc' dir='ltr'>ἠ</span> <span class='ocrx_word' id='word_1_526' title='bbox 1711 3729 1866 3797; x_wconf 84' lang='grc' dir='ltr'>σὰρξ,</span> <span class='ocrx_word' id='word_1_527' title='bbox 1895 3729 2041 3783; x_wconf 84' lang='grc' dir='ltr'>οῦτω</span> <span class='ocrx_word' id='word_1_528' title='bbox 2069 3733 2127 3782; x_wconf 65' lang='grc' dir='ltr'>τὸ</span> <span class='ocrx_word' id='word_1_529' title='bbox 2158 3732 2332 3801; x_wconf 85' lang='grc' dir='ltr'>δῶρον</span> 
     </span>
    </p>
   </div>
   <div class='ocr_carea' id='block_1_66' title="bbox 756 3817 2335 3888">
    <p class='ocr_par' dir='ltr' id='par_1_66' title="bbox 756 3817 2335 3888">
     <span class='ocr_line' id='line_1_66' title="bbox 756 3817 2335 3888; baseline 0.003 -20"><span class='ocrx_word' id='word_1_530' title='bbox 756 3817 854 3868; x_wconf 87' lang='grc' dir='ltr'><strong>τοῦ</strong></span> <span class='ocrx_word' id='word_1_531' title='bbox 891 3818 1213 3887; x_wconf 83' lang='grc' dir='ltr'>Πνεύματος</span> <span class='ocrx_word' id='word_1_532' title='bbox 1242 3817 1399 3870; x_wconf 78' lang='grc' dir='ltr'>οὐδὲν</span> <span class='ocrx_word' id='word_1_533' title='bbox 1452 3817 1643 3887; x_wconf 71' lang='grc' dir='ltr'>ἔτερόν</span> <span class='ocrx_word' id='word_1_534' title='bbox 1674 3820 1823 3871; x_wconf 82' lang='grc' dir='ltr'>ἐστιν</span> <span class='ocrx_word' id='word_1_535' title='bbox 1859 3819 1891 3888; x_wconf 81' lang='grc' dir='ltr'><strong>ἢ</strong></span> <span class='ocrx_word' id='word_1_536' title='bbox 1927 3820 1987 3869; x_wconf 89' lang='grc' dir='ltr'><strong>τὸ</strong></span> <span class='ocrx_word' id='word_1_537' title='bbox 2020 3821 2245 3887; x_wconf 80' lang='grc' dir='ltr'>Πνεῦμα</span> <span class='ocrx_word' id='word_1_538' title='bbox 2274 3820 2335 3872; x_wconf 86' lang='grc' dir='ltr'><strong>τὸ</strong></span> 
     </span>
    </p>
   </div>
   <div class='ocr_carea' id='block_1_67' title="bbox 755 3908 2335 3979">
    <p class='ocr_par' dir='ltr' id='par_1_67' title="bbox 755 3908 2335 3979">
     <span class='ocr_line' id='line_1_67' title="bbox 755 3908 2335 3979; baseline 0 -16"><span class='ocrx_word' id='word_1_539' title='bbox 755 3911 931 3977; x_wconf 78' lang='grc' dir='ltr'>ἅγιον.</span> <span class='ocrx_word' id='word_1_540' title='bbox 954 3910 1078 3962; x_wconf 85' lang='grc' dir='ltr'>Ἐπὶ</span> <span class='ocrx_word' id='word_1_541' title='bbox 1102 3908 1357 3961; x_wconf 88' lang='grc' dir='ltr'>τοσοῦτον</span> <span class='ocrx_word' id='word_1_542' title='bbox 1387 3909 1567 3961; x_wconf 84' lang='grc' dir='ltr'>τοίνυν</span> <span class='ocrx_word' id='word_1_543' title='bbox 1594 3908 1768 3979; x_wconf 81' lang='grc' dir='ltr'>δῶρόν</span> <span class='ocrx_word' id='word_1_544' title='bbox 1796 3912 1910 3963; x_wconf 75' lang='grc' dir='ltr'>ἐστι</span> <span class='ocrx_word' id='word_1_545' title='bbox 1942 3911 2037 3963; x_wconf 92' lang='grc' dir='ltr'><strong>τοῦ</strong></span> <span class='ocrx_word' id='word_1_546' title='bbox 2069 3911 2227 3976; x_wconf 83' lang='grc' dir='ltr'>Θεοῦ,</span> <span class='ocrx_word' id='word_1_547' title='bbox 2250 3910 2335 3979; x_wconf 79' lang='grc' dir='ltr'><strong>ἐφ’</strong></span> 
     </span>
    </p>
   </div>
   <div class='ocr_carea' id='block_1_68' title="bbox 753 3997 2330 4071">
    <p class='ocr_par' dir='ltr' id='par_1_68' title="bbox 753 3997 2330 4071">
     <span class='ocr_line' id='line_1_68' title="bbox 753 3997 2330 4071; baseline -0.001 -16"><span class='ocrx_word' id='word_1_548' title='bbox 753 4004 877 4055; x_wconf 78' lang='grc' dir='ltr'>ὅσον</span> <span class='ocrx_word' id='word_1_549' title='bbox 895 4002 1121 4065; x_wconf 83' lang='grc' dir='ltr'>δίδοται,</span> <span class='ocrx_word' id='word_1_550' title='bbox 1138 3997 1220 4065; x_wconf 75' lang='grc' dir='ltr'>οἷς</span> <span class='ocrx_word' id='word_1_551' title='bbox 1246 4001 1470 4054; x_wconf 87' lang='grc' dir='ltr'>δίδοται.</span> <span class='ocrx_word' id='word_1_552' title='bbox 1497 4002 1634 4071; x_wconf 85' lang='grc' dir='ltr'>Παρ’</span> <span class='ocrx_word' id='word_1_553' title='bbox 1661 4002 1837 4070; x_wconf 80' lang='grc' dir='ltr'>ἑαυτῷ</span> <span class='ocrx_word' id='word_1_554' title='bbox 1859 4002 1916 4054; x_wconf 82' lang='grc' dir='ltr'>δὲ</span> <span class='ocrx_word' id='word_1_555' title='bbox 1937 4005 1965 4054; x_wconf 98' lang='lat'><strong>6</strong></span> <span class='ocrx_word' id='word_1_556' title='bbox 1996 4003 2130 4065; x_wconf 86' lang='grc' dir='ltr'>Θεός</span> <span class='ocrx_word' id='word_1_557' title='bbox 2158 4006 2330 4068; x_wconf 74' lang='grc' dir='ltr'>ἐστιν,</span> 
     </span>
    </p>
   </div>
   <div class='ocr_carea' id='block_1_69' title="bbox 753 4089 2329 4164">
    <p class='ocr_par' dir='ltr' id='par_1_69' title="bbox 753 4089 2329 4164">
     <span class='ocr_line' id='line_1_69' title="bbox 753 4089 2329 4164; baseline 0 -18"><span class='ocrx_word' id='word_1_558' title='bbox 753 4095 802 4146; x_wconf 89' lang='grc' dir='ltr'>εἰ</span> <span class='ocrx_word' id='word_1_559' title='bbox 828 4095 921 4146; x_wconf 82' lang='grc' dir='ltr'>καὶ</span> <span class='ocrx_word' id='word_1_560' title='bbox 956 4093 1146 4161; x_wconf 78' lang='grc' dir='ltr'>μηδενὶ</span> <span class='ocrx_word' id='word_1_561' title='bbox 1176 4091 1403 4156; x_wconf 86' lang='grc' dir='ltr'>δίδοται,</span> <span class='ocrx_word' id='word_1_562' title='bbox 1434 4092 1626 4162; x_wconf 75' lang='grc' dir='ltr'>ἐπειδὴ</span> <span class='ocrx_word' id='word_1_563' title='bbox 1658 4091 1791 4154; x_wconf 84' lang='grc' dir='ltr'>Θεὸς</span> <span class='ocrx_word' id='word_1_564' title='bbox 1820 4089 1888 4161; x_wconf 83' lang='grc' dir='ltr'>ἦν</span> <span class='ocrx_word' id='word_1_565' title='bbox 1920 4092 1998 4162; x_wconf 84' lang='grc' dir='ltr'>τῷ</span> <span class='ocrx_word' id='word_1_566' title='bbox 2025 4095 2202 4164; x_wconf 72' lang='grc' dir='ltr'>Πατρὶ</span> <span class='ocrx_word' id='word_1_567' title='bbox 2232 4094 2329 4146; x_wconf 79' lang='grc' dir='ltr'>καὶ</span> 
     </span>
    </p>
   </div>
   <div class='ocr_carea' id='block_1_70' title="bbox 752 4186 2335 4257">
    <p class='ocr_par' dir='ltr' id='par_1_70' title="bbox 752 4186 2335 4257">
     <span class='ocr_line' id='line_1_70' title="bbox 752 4186 2335 4257; baseline 0.002 -19"><span class='ocrx_word' id='word_1_568' title='bbox 752 4188 831 4256; x_wconf 80' lang='grc' dir='ltr'>τῷ</span> <span class='ocrx_word' id='word_1_569' title='bbox 862 4186 973 4255; x_wconf 83' lang='grc' dir='ltr'>Υίῴ</span> <span class='ocrx_word' id='word_1_570' title='bbox 1011 4186 1282 4249; x_wconf 72' lang='grc' dir='ltr'>ωναῖδιος</span> <span class='ocrx_word' id='word_1_571' title='bbox 1308 4186 1498 4256; x_wconf 72' lang='grc' dir='ltr'><strong>πρὶνῆ</strong></span> <span class='ocrx_word' id='word_1_572' title='bbox 1534 4187 1753 4255; x_wconf 76' lang='grc' dir='ltr'>ἑκάστῳ</span> <span class='ocrx_word' id='word_1_573' title='bbox 1782 4186 2027 4256; x_wconf 83' lang='grc' dir='ltr'>δοθῆναι.</span> <span class='ocrx_word' id='word_1_574' title='bbox 2059 4187 2194 4241; x_wconf 77' lang='grc' dir='ltr'>Οὐδὲ</span> <span class='ocrx_word' id='word_1_575' title='bbox 2229 4186 2335 4257; x_wconf 78' lang='grc' dir='ltr'><strong>μὴν</strong></span> 
     </span>
    </p>
   </div>
   <div class='ocr_carea' id='block_1_71' title="bbox 754 4277 2335 4347">
    <p class='ocr_par' dir='ltr' id='par_1_71' title="bbox 754 4277 2335 4347">
     <span class='ocr_line' id='line_1_71' title="bbox 754 4277 2335 4347; baseline -0.001 -15"><span class='ocrx_word' id='word_1_576' title='bbox 754 4280 944 4347; x_wconf 79' lang='grc' dir='ltr'>ἐπειδὴ</span> <span class='ocrx_word' id='word_1_577' title='bbox 967 4282 1018 4331; x_wconf 77' lang='grc' dir='ltr'><strong>οἱ</strong></span> <span class='ocrx_word' id='word_1_578' title='bbox 1054 4279 1154 4346; x_wconf 78' lang='grc' dir='ltr'>μὲν</span> <span class='ocrx_word' id='word_1_579' title='bbox 1178 4277 1408 4341; x_wconf 84' lang='grc' dir='ltr'>διδόασι,</span> <span class='ocrx_word' id='word_1_580' title='bbox 1432 4278 1493 4329; x_wconf 83' lang='grc' dir='ltr'><strong>τὸ</strong></span> <span class='ocrx_word' id='word_1_581' title='bbox 1519 4279 1575 4329; x_wconf 70' lang='grc' dir='ltr'>δὲ</span> <span class='ocrx_word' id='word_1_582' title='bbox 1609 4277 1835 4345; x_wconf 78' lang='grc' dir='ltr'>δίδοται,</span> <span class='ocrx_word' id='word_1_583' title='bbox 1858 4279 1947 4332; x_wconf 77' lang='grc' dir='ltr'><strong>διὰ</strong></span> <span class='ocrx_word' id='word_1_584' title='bbox 1970 4281 2143 4333; x_wconf 87' lang='grc' dir='ltr'>ταῦτα</span> <span class='ocrx_word' id='word_1_585' title='bbox 2177 4281 2335 4333; x_wconf 79' lang='grc' dir='ltr'>ἐλατ-</span> 
     </span>
    </p>
   </div>
   <div class='ocr_carea' id='block_1_72' title="bbox 752 4368 2334 4443">
    <p class='ocr_par' dir='ltr' id='par_1_72' title="bbox 752 4368 2334 4443">
     <span class='ocr_line' id='line_1_72' title="bbox 752 4368 2334 4443; baseline 0.004 -21"><span class='ocrx_word' id='word_1_586' title='bbox 752 4388 845 4422; x_wconf 83' lang='grc' dir='ltr'><strong>τον</strong></span> <span class='ocrx_word' id='word_1_587' title='bbox 870 4371 1080 4423; x_wconf 82' lang='grc' dir='ltr'>ἐκείνου</span> <span class='ocrx_word' id='word_1_588' title='bbox 1111 4371 1284 4423; x_wconf 79' lang='grc' dir='ltr'>ἐστίν.</span> <span class='ocrx_word' id='word_1_589' title='bbox 1311 4368 1469 4425; x_wconf 76' lang='grc' dir='ltr'>Οὕτω</span> <span class='ocrx_word' id='word_1_590' title='bbox 1494 4371 1605 4439; x_wconf 87' lang='grc' dir='ltr'><strong>γὰρ</strong></span> <span class='ocrx_word' id='word_1_591' title='bbox 1631 4371 1834 4425; x_wconf 87' lang='grc' dir='ltr'>δίδοται</span> <span class='ocrx_word' id='word_1_592' title='bbox 1863 4372 2055 4443; x_wconf 79' lang='grc' dir='ltr'>ὥσπερ</span> <span class='ocrx_word' id='word_1_593' title='bbox 2082 4374 2175 4428; x_wconf 85' lang='grc' dir='ltr'><strong>τοῦ</strong></span> <span class='ocrx_word' id='word_1_594' title='bbox 2200 4374 2334 4427; x_wconf 86' lang='grc' dir='ltr'>Θεοῦ</span> 
     </span>
    </p>
   </div>
   <div class='ocr_carea' id='block_1_73' title="bbox 754 4462 2334 4535">
    <p class='ocr_par' dir='ltr' id='par_1_73' title="bbox 754 4462 2334 4535">
     <span class='ocr_line' id='line_1_73' title="bbox 754 4462 2334 4535; baseline 0.003 -20"><span class='ocrx_word' id='word_1_595' title='bbox 754 4463 952 4532; x_wconf 85' lang='grc' dir='ltr'>δῶρον,</span> <span class='ocrx_word' id='word_1_596' title='bbox 974 4463 1050 4525; x_wconf 81' lang='grc' dir='ltr'>ὼς</span> <span class='ocrx_word' id='word_1_597' title='bbox 1084 4464 1178 4515; x_wconf 77' lang='grc' dir='ltr'><strong>καὶ</strong></span> <span class='ocrx_word' id='word_1_598' title='bbox 1209 4462 1341 4515; x_wconf 66' lang='grc' dir='ltr'>αὐτὸ</span> <span class='ocrx_word' id='word_1_599' title='bbox 1369 4463 1532 4514; x_wconf 77' lang='grc' dir='ltr'>ἑαυτὸ</span> <span class='ocrx_word' id='word_1_600' title='bbox 1562 4463 1766 4516; x_wconf 76' lang='grc' dir='ltr'>διδόναι</span> <span class='ocrx_word' id='word_1_601' title='bbox 1795 4466 1986 4535; x_wconf 82' lang='grc' dir='ltr'>ὥσπερ</span> <span class='ocrx_word' id='word_1_602' title='bbox 2014 4468 2167 4528; x_wconf 80' lang='grc' dir='ltr'>Θεός.</span> <span class='ocrx_word' id='word_1_603' title='bbox 2199 4468 2334 4519; x_wconf 72' lang='grc' dir='ltr'>Οὐδὲ</span> 
     </span>
    </p>
   </div>
   <div class='ocr_carea' id='block_1_74' title="bbox 2436 3261 4023 3340">
    <p class='ocr_par' dir='ltr' id='par_1_74' title="bbox 2436 3261 4023 3340">
     <span class='ocr_line' id='line_1_74' title="bbox 2436 3261 4023 3340; baseline -0.008 -17"><span class='ocrx_word' id='word_1_604' title='bbox 2436 3272 2553 3340; x_wconf 75' lang='grc' dir='ltr'>ἣτις</span> <span class='ocrx_word' id='word_1_605' title='bbox 2584 3273 2645 3321; x_wconf 78' lang='grc' dir='ltr'>ἐκ</span> <span class='ocrx_word' id='word_1_606' title='bbox 2671 3270 2805 3322; x_wconf 82' lang='grc' dir='ltr'>Θεοῦ</span> <span class='ocrx_word' id='word_1_607' title='bbox 2864 3270 2958 3321; x_wconf 65' lang='lat' dir='ltr'><strong>xui.</strong></span> <span class='ocrx_word' id='word_1_608' title='bbox 3000 3266 3132 3327; x_wconf 77' lang='grc' dir='ltr'>Θεὸς</span> <span class='ocrx_word' id='word_1_609' title='bbox 3180 3261 3320 3315; x_wconf 75' lang='grc' dir='ltr'>εἶναι</span> <span class='ocrx_word' id='word_1_610' title='bbox 3361 3262 3581 3329; x_wconf 86' lang='grc' dir='ltr'>λέγεται</span> <span class='ocrx_word' id='word_1_611' title='bbox 3609 3279 3624 3327; x_wconf 88' lang='grc'><strong>;</strong></span> <span class='ocrx_word' id='word_1_612' title='bbox 3654 3261 3717 3313; x_wconf 85' lang='grc' dir='ltr'>Εί</span> <span class='ocrx_word' id='word_1_613' title='bbox 3751 3262 3809 3313; x_wconf 83' lang='grc' dir='ltr'>δὲ</span> <span class='ocrx_word' id='word_1_614' title='bbox 3845 3261 3947 3313; x_wconf 67' lang='grc' dir='ltr'>καὶ</span> <span class='ocrx_word' id='word_1_615' title='bbox 3989 3263 4023 3330; x_wconf 86' lang='grc' dir='ltr'><strong>ἡ</strong></span> 
     </span>
    </p>
   </div>
   <div class='ocr_carea' id='block_1_75' title="bbox 2438 3352 4026 3429">
    <p class='ocr_par' dir='ltr' id='par_1_75' title="bbox 2438 3352 4026 3429">
     <span class='ocr_line' id='line_1_75' title="bbox 2438 3352 4026 3429; baseline -0.006 -15"><span class='ocrx_word' id='word_1_616' title='bbox 2438 3364 2649 3429; x_wconf 82' lang='grc' dir='ltr'>ἀγάπη,</span> <span class='ocrx_word' id='word_1_617' title='bbox 2697 3359 2819 3413; x_wconf 82' lang='grc' dir='ltr'>καθ’</span> <span class='ocrx_word' id='word_1_618' title='bbox 2852 3360 2918 3428; x_wconf 83' lang='grc' dir='ltr'>ἢν</span> <span class='ocrx_word' id='word_1_619' title='bbox 2948 3361 2975 3409; x_wconf 91' lang='lat'><strong>6</strong></span> <span class='ocrx_word' id='word_1_620' title='bbox 3013 3356 3203 3424; x_wconf 78' lang='grc' dir='ltr'>Πατὴρ</span> <span class='ocrx_word' id='word_1_621' title='bbox 3258 3355 3450 3423; x_wconf 82' lang='grc' dir='ltr'>ἀγαπᾷ</span> <span class='ocrx_word' id='word_1_622' title='bbox 3503 3353 3594 3405; x_wconf 71' lang='grc' dir='ltr'><strong>τὸν</strong></span> <span class='ocrx_word' id='word_1_623' title='bbox 3650 3352 3799 3415; x_wconf 77' lang='grc' dir='ltr'>Υίὺν,</span> <span class='ocrx_word' id='word_1_624' title='bbox 3850 3354 3947 3404; x_wconf 78' lang='grc' dir='ltr'><strong>καὶ</strong></span> <span class='ocrx_word' id='word_1_625' title='bbox 3997 3355 4026 3404; x_wconf 85' lang='lat'><strong>6</strong></span> 
     </span>
    </p>
   </div>
   <div class='ocr_carea' id='block_1_76' title="bbox 2437 3445 4023 3519">
    <p class='ocr_par' dir='ltr' id='par_1_76' title="bbox 2437 3445 4023 3519">
     <span class='ocr_line' id='line_1_76' title="bbox 2437 3445 4023 3519; baseline -0.006 -15"><span class='ocrx_word' id='word_1_626' title='bbox 2437 3452 2563 3513; x_wconf 74' lang='grc' dir='ltr'>Υἰῖις</span> <span class='ocrx_word' id='word_1_627' title='bbox 2604 3451 2794 3519; x_wconf 78' lang='grc' dir='ltr'>ἀγαπᾷ</span> <span class='ocrx_word' id='word_1_628' title='bbox 2832 3449 2924 3501; x_wconf 80' lang='grc' dir='ltr'><strong>τὸν</strong></span> <span class='ocrx_word' id='word_1_629' title='bbox 2961 3448 3209 3516; x_wconf 76' lang='grc' dir='ltr'>Πατέρα,</span> <span class='ocrx_word' id='word_1_630' title='bbox 3242 3447 3525 3516; x_wconf 75' lang='grc' dir='ltr'>ἀρρήτως,</span> <span class='ocrx_word' id='word_1_631' title='bbox 3577 3445 3678 3512; x_wconf 81' lang='grc' dir='ltr'><strong>τὴν</strong></span> <span class='ocrx_word' id='word_1_632' title='bbox 3722 3451 4023 3495; x_wconf 73' lang='grc' dir='ltr'>κοινωνίαν</span> 
     </span>
    </p>
   </div>
   <div class='ocr_carea' id='block_1_77' title="bbox 2436 3535 4024 3610">
    <p class='ocr_par' dir='ltr' id='par_1_77' title="bbox 2436 3535 4024 3610">
     <span class='ocr_line' id='line_1_77' title="bbox 2436 3535 4024 3610; baseline -0.006 -16"><span class='ocrx_word' id='word_1_633' title='bbox 2436 3544 2712 3596; x_wconf 79' lang='grc' dir='ltr'>δείκνυσιν</span> <span class='ocrx_word' id='word_1_634' title='bbox 2766 3542 2991 3610; x_wconf 79' lang='grc' dir='ltr'>ἀμφοῖν,</span> <span class='ocrx_word' id='word_1_635' title='bbox 3034 3541 3087 3591; x_wconf 91' lang='grc' dir='ltr'><strong>τί</strong></span> <span class='ocrx_word' id='word_1_636' title='bbox 3145 3536 3266 3590; x_wconf 87' lang='grc' dir='ltr'>ποτ’</span> <span class='ocrx_word' id='word_1_637' title='bbox 3316 3535 3383 3588; x_wconf 82' lang='grc' dir='ltr'><strong>ἂν</strong></span> <span class='ocrx_word' id='word_1_638' title='bbox 3436 3535 3844 3604; x_wconf 82' lang='grc' dir='ltr'>ἁρμοδιώτερον</span> <span class='ocrx_word' id='word_1_639' title='bbox 3879 3536 3912 3603; x_wconf 82' lang='grc' dir='ltr'><strong>ἢ</strong></span> <span class='ocrx_word' id='word_1_640' title='bbox 3946 3535 4024 3595; x_wconf 80' lang='grc' dir='ltr'>ὡς</span> 
     </span>
    </p>
   </div>
   <div class='ocr_carea' id='block_1_78' title="bbox 2437 3629 4025 3704">
    <p class='ocr_par' dir='ltr' id='par_1_78' title="bbox 2437 3629 4025 3704">
     <span class='ocr_line' id='line_1_78' title="bbox 2437 3629 4025 3704; baseline -0.006 -15"><span class='ocrx_word' id='word_1_641' title='bbox 2437 3636 2572 3689; x_wconf 80' lang='grc' dir='ltr'>αὐτὸ</span> <span class='ocrx_word' id='word_1_642' title='bbox 2599 3637 2805 3704; x_wconf 84' lang='grc' dir='ltr'>κυρίως</span> <span class='ocrx_word' id='word_1_643' title='bbox 2838 3634 3094 3700; x_wconf 82' lang='grc' dir='ltr'>λέγεσθαι</span> <span class='ocrx_word' id='word_1_644' title='bbox 3146 3631 3389 3699; x_wconf 82' lang='grc' dir='ltr'>ἀγάπην,</span> <span class='ocrx_word' id='word_1_645' title='bbox 3425 3630 3562 3699; x_wconf 84' lang='grc' dir='ltr'>ὅπερ</span> <span class='ocrx_word' id='word_1_646' title='bbox 3598 3629 3828 3698; x_wconf 81' lang='grc' dir='ltr'>Πνεῦμα</span> <span class='ocrx_word' id='word_1_647' title='bbox 3863 3629 4025 3696; x_wconf 70' lang='grc' dir='ltr'>ἅγιόν</span> 
     </span>
    </p>
   </div>
   <div class='ocr_carea' id='block_1_79' title="bbox 2438 3723 4026 3796">
    <p class='ocr_par' dir='ltr' id='par_1_79' title="bbox 2438 3723 4026 3796">
     <span class='ocr_line' id='line_1_79' title="bbox 2438 3723 4026 3796; baseline -0.006 -13"><span class='ocrx_word' id='word_1_648' title='bbox 2438 3733 2553 3783; x_wconf 81' lang='grc' dir='ltr'>ἐστι</span> <span class='ocrx_word' id='word_1_649' title='bbox 2587 3730 2763 3781; x_wconf 81' lang='grc' dir='ltr'>κοινὸν</span> <span class='ocrx_word' id='word_1_650' title='bbox 2799 3726 3163 3796; x_wconf 82' lang='grc' dir='ltr'>ἀμφοτέρων;</span> <span class='ocrx_word' id='word_1_651' title='bbox 3195 3723 3369 3777; x_wconf 89' lang='grc' dir='ltr'>Τοῦτο</span> <span class='ocrx_word' id='word_1_652' title='bbox 3402 3723 3512 3792; x_wconf 83' lang='grc' dir='ltr'><strong>γάρ</strong></span> <span class='ocrx_word' id='word_1_653' title='bbox 3559 3723 3881 3792; x_wconf 85' lang='grc' dir='ltr'>ὑγιέστερον</span> <span class='ocrx_word' id='word_1_654' title='bbox 3934 3741 4026 3775; x_wconf 82' lang='grc' dir='ltr'>πι-</span> 
     </span>
    </p>
   </div>
   <div class='ocr_carea' id='block_1_80' title="bbox 2439 3820 4027 3893">
    <p class='ocr_par' dir='ltr' id='par_1_80' title="bbox 2439 3820 4027 3893">
     <span class='ocr_line' id='line_1_80' title="bbox 2439 3820 4027 3893; baseline -0.003 -16"><span class='ocrx_word' id='word_1_655' title='bbox 2439 3825 2713 3888; x_wconf 83' lang='grc' dir='ltr'>στεύεται,</span> <span class='ocrx_word' id='word_1_656' title='bbox 2768 3823 2800 3893; x_wconf 81' lang='grc' dir='ltr'>ἢ</span> <span class='ocrx_word' id='word_1_657' title='bbox 2852 3824 3078 3885; x_wconf 84' lang='grc' dir='ltr'>νοεῖται,</span> <span class='ocrx_word' id='word_1_658' title='bbox 3128 3822 3205 3882; x_wconf 85' lang='grc' dir='ltr'>ὡς</span> <span class='ocrx_word' id='word_1_659' title='bbox 3259 3820 3337 3890; x_wconf 77' lang='grc' dir='ltr'>μὴ</span> <span class='ocrx_word' id='word_1_660' title='bbox 3395 3821 3554 3890; x_wconf 80' lang='grc' dir='ltr'>μόνον</span> <span class='ocrx_word' id='word_1_661' title='bbox 3587 3822 3647 3873; x_wconf 82' lang='grc' dir='ltr'>τὸ</span> <span class='ocrx_word' id='word_1_662' title='bbox 3683 3821 3913 3889; x_wconf 83' lang='grc' dir='ltr'>Πνεῦμα</span> <span class='ocrx_word' id='word_1_663' title='bbox 3962 3824 4027 3873; x_wconf 74' lang='grc' dir='ltr'>τὸ</span> 
     </span>
    </p>
   </div>
   <div class='ocr_carea' id='block_1_81' title="bbox 2438 3910 4024 3983">
    <p class='ocr_par' dir='ltr' id='par_1_81' title="bbox 2438 3910 4024 3983">
     <span class='ocr_line' id='line_1_81' title="bbox 2438 3910 4024 3983; baseline -0.004 -12"><span class='ocrx_word' id='word_1_664' title='bbox 2438 3918 2593 3983; x_wconf 83' lang='grc' dir='ltr'>ἂγιον</span> <span class='ocrx_word' id='word_1_665' title='bbox 2630 3917 2851 3983; x_wconf 83' lang='grc' dir='ltr'>ἀγάπην</span> <span class='ocrx_word' id='word_1_666' title='bbox 2897 3910 3040 3967; x_wconf 76' lang='grc' dir='ltr'>εἶναι</span> <span class='ocrx_word' id='word_1_667' title='bbox 3090 3914 3147 3964; x_wconf 80' lang='grc' dir='ltr'>ὲν</span> <span class='ocrx_word' id='word_1_668' title='bbox 3190 3915 3258 3982; x_wconf 83' lang='grc' dir='ltr'>τῇ</span> <span class='ocrx_word' id='word_1_669' title='bbox 3288 3912 3502 3982; x_wconf 73' lang='grc' dir='ltr'>Τριάδι,</span> <span class='ocrx_word' id='word_1_670' title='bbox 3531 3912 3669 3966; x_wconf 78' lang='grc' dir='ltr'>ἀλλὰ</span> <span class='ocrx_word' id='word_1_671' title='bbox 3730 3912 3808 3983; x_wconf 81' lang='grc' dir='ltr'>μὴ</span> <span class='ocrx_word' id='word_1_672' title='bbox 3844 3915 4024 3982; x_wconf 81' lang='grc' dir='ltr'>μάτην</span> 
     </span>
    </p>
   </div>
   <div class='ocr_carea' id='block_1_82' title="bbox 2441 4002 4018 4074">
    <p class='ocr_par' dir='ltr' id='par_1_82' title="bbox 2441 4002 4018 4074">
     <span class='ocr_line' id='line_1_82' title="bbox 2441 4002 4018 4074; baseline -0.003 -14"><span class='ocrx_word' id='word_1_673' title='bbox 2441 4008 2588 4068; x_wconf 82' lang='grc' dir='ltr'>ἰδίως</span> <span class='ocrx_word' id='word_1_674' title='bbox 2645 4005 3152 4074; x_wconf 81' lang='grc' dir='ltr'>προσαγορεύεσθαι</span> <span class='ocrx_word' id='word_1_675' title='bbox 3197 4004 3419 4072; x_wconf 79' lang='grc' dir='ltr'>ἀγάπην</span> <span class='ocrx_word' id='word_1_676' title='bbox 3467 4002 3557 4054; x_wconf 80' lang='grc' dir='ltr'>διὰ</span> <span class='ocrx_word' id='word_1_677' title='bbox 3599 4004 3667 4054; x_wconf 80' lang='grc' dir='ltr'>τὰ</span> <span class='ocrx_word' id='word_1_678' title='bbox 3706 4004 4018 4071; x_wconf 76' lang='grc' dir='ltr'>εἰρημένα·</span> 
     </span>
    </p>
   </div>
   <div class='ocr_carea' id='block_1_83' title="bbox 2437 4094 4017 4171">
    <p class='ocr_par' dir='ltr' id='par_1_83' title="bbox 2437 4094 4017 4171">
     <span class='ocr_line' id='line_1_83' title="bbox 2437 4094 4017 4171; baseline -0.004 -17"><span class='ocrx_word' id='word_1_679' title='bbox 2437 4102 2628 4171; x_wconf 82' lang='grc' dir='ltr'>ὥσπερ</span> <span class='ocrx_word' id='word_1_680' title='bbox 2663 4102 2723 4153; x_wconf 84' lang='grc' dir='ltr'><strong>οὐ</strong></span> <span class='ocrx_word' id='word_1_681' title='bbox 2764 4100 2927 4169; x_wconf 86' lang='grc' dir='ltr'>μόνον</span> <span class='ocrx_word' id='word_1_682' title='bbox 2956 4098 3173 4166; x_wconf 73' lang='grc' dir='ltr'>εἴρηται</span> <span class='ocrx_word' id='word_1_683' title='bbox 3207 4099 3265 4148; x_wconf 83' lang='grc' dir='ltr'>ἐν</span> <span class='ocrx_word' id='word_1_684' title='bbox 3310 4099 3376 4166; x_wconf 84' lang='grc' dir='ltr'>τῇ</span> <span class='ocrx_word' id='word_1_685' title='bbox 3432 4094 3623 4165; x_wconf 85' lang='grc' dir='ltr'>Τριάδι</span> <span class='ocrx_word' id='word_1_686' title='bbox 3661 4095 3692 4165; x_wconf 82' lang='grc' dir='ltr'>ἢ</span> <span class='ocrx_word' id='word_1_687' title='bbox 3725 4095 3953 4164; x_wconf 86' lang='grc' dir='ltr'>Πνεῦμα</span> <span class='ocrx_word' id='word_1_688' title='bbox 3982 4096 4017 4165; x_wconf 79' lang='grc' dir='ltr'>ἦ</span> 
     </span>
    </p>
   </div>
   <div class='ocr_carea' id='block_1_84' title="bbox 2438 4186 4023 4263">
    <p class='ocr_par' dir='ltr' id='par_1_84' title="bbox 2438 4186 4023 4263">
     <span class='ocr_line' id='line_1_84' title="bbox 2438 4186 4023 4263; baseline -0.004 -16"><span class='ocrx_word' id='word_1_689' title='bbox 2438 4193 2615 4261; x_wconf 76' lang='grc' dir='ltr'>ἅγιον.</span> <span class='ocrx_word' id='word_1_690' title='bbox 2650 4193 2759 4247; x_wconf 77' lang='grc' dir='ltr'>Καὶ</span> <span class='ocrx_word' id='word_1_691' title='bbox 2813 4192 2923 4263; x_wconf 81' lang='grc' dir='ltr'>γὰρ</span> <span class='ocrx_word' id='word_1_692' title='bbox 2969 4190 3066 4243; x_wconf 77' lang='grc' dir='ltr'>καὶ</span> <span class='ocrx_word' id='word_1_693' title='bbox 3108 4192 3135 4242; x_wconf 86' lang='grc' dir='ltr'><strong>ὁ</strong></span> <span class='ocrx_word' id='word_1_694' title='bbox 3186 4188 3377 4258; x_wconf 81' lang='grc' dir='ltr'>Πατὴρ</span> <span class='ocrx_word' id='word_1_695' title='bbox 3432 4186 3681 4255; x_wconf 89' lang='grc' dir='ltr'>Πνεῦμα,</span> <span class='ocrx_word' id='word_1_696' title='bbox 3713 4189 3859 4241; x_wconf 79' lang='grc' dir='ltr'>καὶὸ</span> <span class='ocrx_word' id='word_1_697' title='bbox 3892 4186 4023 4252; x_wconf 73' lang='grc' dir='ltr'>Υἱὸς</span> 
     </span>
    </p>
   </div>
   <div class='ocr_carea' id='block_1_85' title="bbox 2440 4279 4027 4355">
    <p class='ocr_par' dir='ltr' id='par_1_85' title="bbox 2440 4279 4027 4355">
     <span class='ocr_line' id='line_1_85' title="bbox 2440 4279 4027 4355; baseline -0.003 -17"><span class='ocrx_word' id='word_1_698' title='bbox 2440 4287 2687 4355; x_wconf 81' lang='grc' dir='ltr'>Πνεῦμα,</span> <span class='ocrx_word' id='word_1_699' title='bbox 2720 4286 2814 4338; x_wconf 77' lang='grc' dir='ltr'>καὶ</span> <span class='ocrx_word' id='word_1_700' title='bbox 2837 4288 2864 4337; x_wconf 90' lang='lat'><strong>6</strong></span> <span class='ocrx_word' id='word_1_701' title='bbox 2901 4284 3085 4353; x_wconf 82' lang='grc' dir='ltr'>Πατὴρ</span> <span class='ocrx_word' id='word_1_702' title='bbox 3142 4281 3318 4348; x_wconf 74' lang='grc' dir='ltr'>ἅγιος,</span> <span class='ocrx_word' id='word_1_703' title='bbox 3345 4282 3436 4334; x_wconf 74' lang='grc' dir='ltr'><strong>καὶ</strong></span> <span class='ocrx_word' id='word_1_704' title='bbox 3459 4280 3486 4331; x_wconf 90' lang='grc' dir='ltr'><strong>ὀ</strong></span> <span class='ocrx_word' id='word_1_705' title='bbox 3518 4279 3644 4342; x_wconf 86' lang='grc' dir='ltr'>Υίὸς</span> <span class='ocrx_word' id='word_1_706' title='bbox 3677 4280 3858 4347; x_wconf 81' lang='grc' dir='ltr'>ἆγιος,</span> <span class='ocrx_word' id='word_1_707' title='bbox 3885 4281 4027 4350; x_wconf 81' lang='grc' dir='ltr'>ὅπερ</span> 
     </span>
    </p>
   </div>
   <div class='ocr_carea' id='block_1_86' title="bbox 2396 4370 4022 4449">
    <p class='ocr_par' dir='ltr' id='par_1_86' title="bbox 2396 4370 4022 4449">
     <span class='ocr_line' id='line_1_86' title="bbox 2396 4370 4022 4449; baseline -0.004 -18"><span class='ocrx_word' id='word_1_708' title='bbox 2396 4402 2399 4405; x_wconf 94' lang='grc'>·</span> <span class='ocrx_word' id='word_1_709' title='bbox 2439 4381 2473 4449; x_wconf 81' lang='grc' dir='ltr'><strong>ἡ</strong></span> <span class='ocrx_word' id='word_1_710' title='bbox 2504 4378 2756 4431; x_wconf 76' lang='grc' dir='ltr'>εὐσέϐεια</span> <span class='ocrx_word' id='word_1_711' title='bbox 2790 4376 2851 4428; x_wconf 80' lang='grc' dir='ltr'><strong>οὐ</strong></span> <span class='ocrx_word' id='word_1_712' title='bbox 2891 4374 3154 4437; x_wconf 79' lang='grc' dir='ltr'>διστάζει,</span> <span class='ocrx_word' id='word_1_713' title='bbox 3187 4374 3339 4441; x_wconf 86' lang='grc' dir='ltr'>ὅμως</span> <span class='ocrx_word' id='word_1_714' title='bbox 3374 4372 3437 4424; x_wconf 83' lang='grc' dir='ltr'><strong>οὐ</strong></span> <span class='ocrx_word' id='word_1_715' title='bbox 3469 4372 3649 4440; x_wconf 85' lang='grc' dir='ltr'>μάτην</span> <span class='ocrx_word' id='word_1_716' title='bbox 3681 4370 3818 4425; x_wconf 82' lang='grc' dir='ltr'>αὐτὸ</span> <span class='ocrx_word' id='word_1_717' title='bbox 3867 4373 4022 4434; x_wconf 80' lang='grc' dir='ltr'>ίδίως</span> 
     </span>
    </p>
   </div>
   <div class='ocr_carea' id='block_1_87' title="bbox 2440 4463 4032 4538">
    <p class='ocr_par' dir='ltr' id='par_1_87' title="bbox 2440 4463 4032 4538">
     <span class='ocr_line' id='line_1_87' title="bbox 2440 4463 4032 4538; baseline -0.005 -13"><span class='ocrx_word' id='word_1_718' title='bbox 2440 4471 2669 4538; x_wconf 80' lang='grc' dir='ltr'>Πνεῦμα</span> <span class='ocrx_word' id='word_1_719' title='bbox 2720 4467 2877 4536; x_wconf 73' lang='grc' dir='ltr'>ἅγιον</span> <span class='ocrx_word' id='word_1_720' title='bbox 2945 4467 3209 4534; x_wconf 85' lang='grc' dir='ltr'>λέγεται·</span> <span class='ocrx_word' id='word_1_721' title='bbox 3242 4463 3429 4532; x_wconf 82' lang='grc' dir='ltr'>ἐπειδὴ</span> <span class='ocrx_word' id='word_1_722' title='bbox 3482 4464 3592 4532; x_wconf 83' lang='grc' dir='ltr'><strong>γάρ</strong></span> <span class='ocrx_word' id='word_1_723' title='bbox 3646 4463 3829 4516; x_wconf 84' lang='grc' dir='ltr'>κοινόν</span> <span class='ocrx_word' id='word_1_724' title='bbox 3881 4466 4032 4518; x_wconf 75' lang='grc' dir='ltr'>ἐστιν</span> 
     </span>
    </p>
   </div>
   <div class='ocr_carea' id='block_1_88' title="bbox 754 4552 4029 4632">
    <p class='ocr_par' dir='ltr' id='par_1_88' title="bbox 754 4552 4029 4632">
     <span class='ocr_line' id='line_1_88' title="bbox 754 4552 4029 4632; baseline 0.001 -25"><span class='ocrx_word' id='word_1_725' title='bbox 754 4560 864 4622; x_wconf 80' lang='grc' dir='ltr'><strong>γὰρ</strong></span> <span class='ocrx_word' id='word_1_726' title='bbox 888 4554 1113 4607; x_wconf 84' lang='grc' dir='ltr'>δυνατὸν</span> <span class='ocrx_word' id='word_1_727' title='bbox 1149 4554 1403 4622; x_wconf 84' lang='grc' dir='ltr'>λέγεσθαι</span> <span class='ocrx_word' id='word_1_728' title='bbox 1433 4556 1508 4624; x_wconf 83' lang='grc' dir='ltr'>μὴ</span> <span class='ocrx_word' id='word_1_729' title='bbox 1533 4552 1675 4608; x_wconf 76' lang='grc' dir='ltr'>εἶναι</span> <span class='ocrx_word' id='word_1_730' title='bbox 1699 4556 1801 4625; x_wconf 81' lang='grc' dir='ltr'>τῆς</span> <span class='ocrx_word' id='word_1_731' title='bbox 1829 4557 2024 4610; x_wconf 71' lang='grc' dir='ltr'>ἑαυτοῦ</span> <span class='ocrx_word' id='word_1_732' title='bbox 2060 4557 2335 4623; x_wconf 76' lang='grc' dir='ltr'>ἐξουσίας,</span> <span class='ocrx_word' id='word_1_733' title='bbox 2367 4560 2414 4615; x_wconf 75' lang='grc'><strong>1)</strong></span> <span class='ocrx_word' id='word_1_734' title='bbox 2445 4563 2671 4632; x_wconf 79' lang='grc' dir='ltr'>ἀμφοῖν,</span> <span class='ocrx_word' id='word_1_735' title='bbox 2703 4559 2863 4613; x_wconf 87' lang='grc' dir='ltr'>τοῦτο</span> <span class='ocrx_word' id='word_1_736' title='bbox 2900 4557 3045 4619; x_wconf 81' lang='grc' dir='ltr'>ἰδίως</span> <span class='ocrx_word' id='word_1_737' title='bbox 3074 4557 3208 4610; x_wconf 78' lang='grc' dir='ltr'>αὐτὸ</span> <span class='ocrx_word' id='word_1_738' title='bbox 3239 4557 3511 4621; x_wconf 81' lang='grc' dir='ltr'>καλεῖται,</span> <span class='ocrx_word' id='word_1_739' title='bbox 3534 4556 3670 4624; x_wconf 84' lang='grc' dir='ltr'>ὅπερ</span> <span class='ocrx_word' id='word_1_740' title='bbox 3707 4555 3881 4626; x_wconf 72' lang='grc' dir='ltr'>ἄμφω</span> <span class='ocrx_word' id='word_1_741' title='bbox 3913 4576 4029 4611; x_wconf 85' lang='grc' dir='ltr'>κοι-</span> 
     </span>
    </p>
   </div>
   <div class='ocr_carea' id='block_1_89' title="bbox 756 4646 2327 4716">
    <p class='ocr_par' dir='ltr' id='par_1_89' title="bbox 756 4646 2327 4716">
     <span class='ocr_line' id='line_1_89' title="bbox 756 4646 2327 4716; baseline 0.003 -19"><span class='ocrx_word' id='word_1_742' title='bbox 756 4648 886 4714; x_wconf 76' lang='grc' dir='ltr'>περὶ</span> <span class='ocrx_word' id='word_1_743' title='bbox 922 4646 982 4698; x_wconf 76' lang='grc' dir='ltr'>οὗ</span> <span class='ocrx_word' id='word_1_744' title='bbox 1013 4646 1253 4715; x_wconf 74' lang='grc' dir='ltr'>εἴρηται,</span> <span class='ocrx_word' id='word_1_745' title='bbox 1296 4665 1315 4696; x_wconf 75' lang='grc' dir='ltr'><strong>ι</strong></span> <span class='ocrx_word' id='word_1_746' title='bbox 1362 4646 1434 4697; x_wconf 86' lang='grc' dir='ltr'><strong>Τὸ</strong></span> <span class='ocrx_word' id='word_1_747' title='bbox 1467 4646 1717 4716; x_wconf 83' lang='grc' dir='ltr'>Πνεῦμα,</span> <span class='ocrx_word' id='word_1_748' title='bbox 1750 4650 1883 4700; x_wconf 78' lang='grc' dir='ltr'>ὅπου</span> <span class='ocrx_word' id='word_1_749' title='bbox 1931 4649 2079 4702; x_wconf 82' lang='grc' dir='ltr'>θέλει</span> <span class='ocrx_word' id='word_1_750' title='bbox 2116 4652 2257 4702; x_wconf 80' lang='grc' dir='ltr'>πνεῖ.</span> <span class='ocrx_word' id='word_1_751' title='bbox 2308 4669 2327 4701; x_wconf 83' lang='grc'><strong>›</strong></span> 
     </span>
    </p>
   </div>
   <div class='ocr_carea' id='block_1_90' title="bbox 757 4736 2335 4812">
    <p class='ocr_par' dir='ltr' id='par_1_90' title="bbox 757 4736 2335 4812">
     <span class='ocr_line' id='line_1_90' title="bbox 757 4736 2335 4812; baseline 0.002 -22"><span class='ocrx_word' id='word_1_752' title='bbox 757 4740 869 4791; x_wconf 76' lang='grc' dir='ltr'>Καὶ</span> <span class='ocrx_word' id='word_1_753' title='bbox 918 4740 1071 4807; x_wconf 74' lang='grc' dir='ltr'>παρὰ</span> <span class='ocrx_word' id='word_1_754' title='bbox 1106 4739 1183 4805; x_wconf 79' lang='grc' dir='ltr'><strong>τῷ</strong></span> <span class='ocrx_word' id='word_1_755' title='bbox 1215 4736 1552 4808; x_wconf 76' lang='grc' dir='ltr'>Ἀποστόὶῳ,</span> <span class='ocrx_word' id='word_1_756' title='bbox 1601 4740 1741 4806; x_wconf 84' lang='grc' dir='ltr'>ὅπερ</span> <span class='ocrx_word' id='word_1_757' title='bbox 1787 4741 1887 4810; x_wconf 74' lang='grc' dir='ltr'>ἤδη</span> <span class='ocrx_word' id='word_1_758' title='bbox 1919 4742 2180 4812; x_wconf 81' lang='grc' dir='ltr'>ἀνωτέρω</span> <span class='ocrx_word' id='word_1_759' title='bbox 2210 4742 2335 4794; x_wconf 85' lang='grc' dir='ltr'>ἀνέ-</span> 
     </span>
    </p>
   </div>
   <div class='ocr_carea' id='block_1_91' title="bbox 758 4827 2337 4899">
    <p class='ocr_par' dir='ltr' id='par_1_91' title="bbox 758 4827 2337 4899">
     <span class='ocr_line' id='line_1_91' title="bbox 758 4827 2337 4899; baseline 0.003 -18"><span class='ocrx_word' id='word_1_760' title='bbox 758 4846 962 4899; x_wconf 87' lang='grc' dir='ltr'>μνησα,</span> <span class='ocrx_word' id='word_1_761' title='bbox 999 4847 1017 4879; x_wconf 74' lang='grc' dir='ltr'><strong>ι</strong></span> <span class='ocrx_word' id='word_1_762' title='bbox 1064 4829 1251 4881; x_wconf 85' lang='grc' dir='ltr'>Πάντα</span> <span class='ocrx_word' id='word_1_763' title='bbox 1285 4828 1340 4880; x_wconf 77' lang='grc' dir='ltr'><strong>δὲ</strong></span> <span class='ocrx_word' id='word_1_764' title='bbox 1390 4827 1568 4881; x_wconf 85' lang='grc' dir='ltr'>ταῦτα</span> <span class='ocrx_word' id='word_1_765' title='bbox 1621 4833 1838 4898; x_wconf 82' lang='grc' dir='ltr'>ἐνεργεῖ</span> <span class='ocrx_word' id='word_1_766' title='bbox 1870 4830 1927 4883; x_wconf 81' lang='grc' dir='ltr'>ἓν</span> <span class='ocrx_word' id='word_1_767' title='bbox 1962 4833 2055 4885; x_wconf 78' lang='grc' dir='ltr'>καὶ</span> <span class='ocrx_word' id='word_1_768' title='bbox 2101 4834 2162 4885; x_wconf 77' lang='grc' dir='ltr'><strong>τὸ</strong></span> <span class='ocrx_word' id='word_1_769' title='bbox 2204 4833 2337 4885; x_wconf 84' lang='grc' dir='ltr'>αὐτὸ</span> 
     </span>
    </p>
   </div>
   <div class='ocr_carea' id='block_1_92' title="bbox 756 4922 2331 4994">
    <p class='ocr_par' dir='ltr' id='par_1_92' title="bbox 756 4922 2331 4994">
     <span class='ocr_line' id='line_1_92' title="bbox 756 4922 2331 4994; baseline 0.003 -20"><span class='ocrx_word' id='word_1_770' title='bbox 756 4922 1002 4993; x_wconf 50' lang='lat' dir='ltr'><strong>llis-ipa,</strong></span> <span class='ocrx_word' id='word_1_771' title='bbox 1053 4922 1301 4990; x_wconf 77' lang='grc' dir='ltr'>διαιροῦν</span> <span class='ocrx_word' id='word_1_772' title='bbox 1349 4922 1456 4974; x_wconf 83' lang='grc' dir='ltr'>ίδια</span> <span class='ocrx_word' id='word_1_773' title='bbox 1492 4923 1708 4992; x_wconf 74' lang='grc' dir='ltr'>ἑκάστῳ</span> <span class='ocrx_word' id='word_1_774' title='bbox 1763 4924 1949 4987; x_wconf 79' lang='grc' dir='ltr'>καθὼς</span> <span class='ocrx_word' id='word_1_775' title='bbox 1985 4925 2259 4994; x_wconf 79' lang='grc' dir='ltr'>βούλεται.</span> <span class='ocrx_word' id='word_1_776' title='bbox 2310 4943 2331 4979; x_wconf 70' lang='grc' dir='ltr'>ι</span> 
     </span>
    </p>
   </div>
   <div class='ocr_carea' id='block_1_93' title="bbox 756 5015 2341 5085">
    <p class='ocr_par' dir='ltr' id='par_1_93' title="bbox 756 5015 2341 5085">
     <span class='ocr_line' id='line_1_93' title="bbox 756 5015 2341 5085; baseline 0.003 -18"><span class='ocrx_word' id='word_1_777' title='bbox 756 5015 877 5067; x_wconf 77' lang='grc' dir='ltr'>Οὐδ’</span> <span class='ocrx_word' id='word_1_778' title='bbox 907 5017 1053 5066; x_wconf 77' lang='grc' dir='ltr'>ἔστιν</span> <span class='ocrx_word' id='word_1_779' title='bbox 1100 5016 1216 5066; x_wconf 80' lang='grc' dir='ltr'>ἐκεῖ</span> <span class='ocrx_word' id='word_1_780' title='bbox 1259 5016 1507 5085; x_wconf 83' lang='grc' dir='ltr'>ὑποταγὴ</span> <span class='ocrx_word' id='word_1_781' title='bbox 1540 5015 1636 5068; x_wconf 90' lang='grc' dir='ltr'><strong>τοῦ</strong></span> <span class='ocrx_word' id='word_1_782' title='bbox 1678 5016 1959 5085; x_wconf 82' lang='grc' dir='ltr'>διδομένου</span> <span class='ocrx_word' id='word_1_783' title='bbox 1994 5019 2088 5070; x_wconf 81' lang='grc' dir='ltr'>καὶ</span> <span class='ocrx_word' id='word_1_784' title='bbox 2121 5019 2230 5070; x_wconf 83' lang='grc' dir='ltr'><strong>τῶν</strong></span> <span class='ocrx_word' id='word_1_785' title='bbox 2262 5021 2341 5072; x_wconf 89' lang='grc' dir='ltr'>δι·-</span> 
     </span>
    </p>
   </div>
   <div class='ocr_carea' id='block_1_94' title="bbox 754 5107 2336 5178">
    <p class='ocr_par' dir='ltr' id='par_1_94' title="bbox 754 5107 2336 5178">
     <span class='ocr_line' id='line_1_94' title="bbox 754 5107 2336 5178; baseline 0.001 -18"><span class='ocrx_word' id='word_1_786' title='bbox 754 5109 975 5171; x_wconf 67' lang='grc' dir='ltr'>δὸντων,</span> <span class='ocrx_word' id='word_1_787' title='bbox 997 5108 1109 5161; x_wconf 83' lang='grc' dir='ltr'>ἀλλ’</span> <span class='ocrx_word' id='word_1_788' title='bbox 1133 5107 1357 5175; x_wconf 82' lang='grc' dir='ltr'>ὁμόνοια</span> <span class='ocrx_word' id='word_1_789' title='bbox 1377 5108 1471 5159; x_wconf 86' lang='grc' dir='ltr'><strong>τοῦ</strong></span> <span class='ocrx_word' id='word_1_790' title='bbox 1494 5107 1779 5178; x_wconf 86' lang='grc' dir='ltr'>διδομένου</span> <span class='ocrx_word' id='word_1_791' title='bbox 1809 5110 1901 5161; x_wconf 82' lang='grc' dir='ltr'><strong>καὶ</strong></span> <span class='ocrx_word' id='word_1_792' title='bbox 1927 5110 2035 5161; x_wconf 77' lang='grc' dir='ltr'><strong>τῶν</strong></span> <span class='ocrx_word' id='word_1_793' title='bbox 2058 5110 2336 5176; x_wconf 84' lang='grc' dir='ltr'>διδόντων,</span> 
     </span>
    </p>
   </div>
   <div class='ocr_carea' id='block_1_95' title="bbox 758 5200 2338 5274">
    <p class='ocr_par' dir='ltr' id='par_1_95' title="bbox 758 5200 2338 5274">
     <span class='ocr_line' id='line_1_95' title="bbox 758 5200 2338 5274; baseline 0.003 -23"><span class='ocrx_word' id='word_1_794' title='bbox 758 5202 857 5253; x_wconf 84' lang='grc' dir='ltr'>Διά</span> <span class='ocrx_word' id='word_1_795' title='bbox 873 5202 936 5270; x_wconf 83' lang='grc' dir='ltr'>δὴ</span> <span class='ocrx_word' id='word_1_796' title='bbox 954 5200 1128 5253; x_wconf 88' lang='grc' dir='ltr'>ταῦτα</span> <span class='ocrx_word' id='word_1_797' title='bbox 1148 5200 1353 5270; x_wconf 75' lang='grc' dir='ltr'>εἰπερὴ</span> <span class='ocrx_word' id='word_1_798' title='bbox 1380 5201 1500 5253; x_wconf 86' lang='grc' dir='ltr'>Θεία</span> <span class='ocrx_word' id='word_1_799' title='bbox 1518 5200 1711 5270; x_wconf 72' lang='grc' dir='ltr'>Γραφὴ</span> <span class='ocrx_word' id='word_1_800' title='bbox 1731 5201 1879 5271; x_wconf 50' lang='lat' dir='ltr'><strong>x3603,:</strong></span> <span class='ocrx_word' id='word_1_801' title='bbox 1905 5200 1961 5254; x_wconf 83' lang='lat'><strong>&#39;0</strong></span> <span class='ocrx_word' id='word_1_802' title='bbox 1993 5202 2123 5265; x_wconf 68' lang='grc' dir='ltr'>Θεὸς</span> <span class='ocrx_word' id='word_1_803' title='bbox 2148 5206 2338 5274; x_wconf 83' lang='grc' dir='ltr'>ἀγάπη</span> 
     </span>
    </p>
   </div>
   <div class='ocr_carea' id='block_1_96' title="bbox 759 5292 2340 5363">
    <p class='ocr_par' dir='ltr' id='par_1_96' title="bbox 759 5292 2340 5363">
     <span class='ocr_line' id='line_1_96' title="bbox 759 5292 2340 5363; baseline 0.002 -17"><span class='ocrx_word' id='word_1_804' title='bbox 759 5296 923 5357; x_wconf 70' lang='grc' dir='ltr'>ἐστὶν,</span> <span class='ocrx_word' id='word_1_805' title='bbox 963 5311 984 5343; x_wconf 83' lang='grc'>›</span> <span class='ocrx_word' id='word_1_806' title='bbox 1036 5295 1069 5362; x_wconf 81' lang='grc' dir='ltr'><strong>ή</strong></span> <span class='ocrx_word' id='word_1_807' title='bbox 1126 5294 1192 5345; x_wconf 68' lang='grc' dir='ltr'>ὲκ</span> <span class='ocrx_word' id='word_1_808' title='bbox 1237 5292 1333 5345; x_wconf 85' lang='grc' dir='ltr'><strong>τοῦ</strong></span> <span class='ocrx_word' id='word_1_809' title='bbox 1368 5292 1506 5345; x_wconf 82' lang='grc' dir='ltr'>Θεοῦ</span> <span class='ocrx_word' id='word_1_810' title='bbox 1559 5292 1715 5359; x_wconf 82' lang='grc' dir='ltr'>οὖσα,</span> <span class='ocrx_word' id='word_1_811' title='bbox 1765 5297 1860 5347; x_wconf 70' lang='grc' dir='ltr'>καὶ</span> <span class='ocrx_word' id='word_1_812' title='bbox 1891 5298 1949 5347; x_wconf 84' lang='grc' dir='ltr'>ὲν</span> <span class='ocrx_word' id='word_1_813' title='bbox 1995 5298 2130 5363; x_wconf 85' lang='grc' dir='ltr'>ἡμῖν</span> <span class='ocrx_word' id='word_1_814' title='bbox 2181 5297 2340 5350; x_wconf 87' lang='grc' dir='ltr'>τοῦτο</span> 
     </span>
    </p>
   </div>
   <div class='ocr_carea' id='block_1_97' title="bbox 758 5383 2339 5453">
    <p class='ocr_par' dir='ltr' id='par_1_97' title="bbox 758 5383 2339 5453">
     <span class='ocr_line' id='line_1_97' title="bbox 758 5383 2339 5453; baseline 0.003 -17"><span class='ocrx_word' id='word_1_815' title='bbox 758 5384 1008 5447; x_wconf 84' lang='grc' dir='ltr'>ποιοῦσα,</span> <span class='ocrx_word' id='word_1_816' title='bbox 1040 5384 1116 5446; x_wconf 85' lang='grc' dir='ltr'>ὡς</span> <span class='ocrx_word' id='word_1_817' title='bbox 1143 5386 1202 5436; x_wconf 81' lang='grc' dir='ltr'><strong>έν</strong></span> <span class='ocrx_word' id='word_1_818' title='bbox 1231 5383 1310 5453; x_wconf 82' lang='grc' dir='ltr'>τῷ</span> <span class='ocrx_word' id='word_1_819' title='bbox 1361 5383 1482 5453; x_wconf 86' lang='grc' dir='ltr'>Θεῷ</span> <span class='ocrx_word' id='word_1_820' title='bbox 1529 5385 1679 5453; x_wconf 78' lang='grc' dir='ltr'>ἡμᾶς</span> <span class='ocrx_word' id='word_1_821' title='bbox 1717 5384 1920 5453; x_wconf 85' lang='grc' dir='ltr'>μένειν,</span> <span class='ocrx_word' id='word_1_822' title='bbox 1954 5389 2051 5439; x_wconf 76' lang='grc' dir='ltr'>καὶ</span> <span class='ocrx_word' id='word_1_823' title='bbox 2082 5388 2246 5440; x_wconf 80' lang='grc' dir='ltr'>αὐτὸν</span> <span class='ocrx_word' id='word_1_824' title='bbox 2281 5391 2339 5441; x_wconf 82' lang='grc' dir='ltr'><strong>έν</strong></span> 
     </span>
    </p>
   </div>
   <div class='ocr_carea' id='block_1_98' title="bbox 756 5474 2338 5547">
    <p class='ocr_par' dir='ltr' id='par_1_98' title="bbox 756 5474 2338 5547">
     <span class='ocr_line' id='line_1_98' title="bbox 756 5474 2338 5547; baseline 0.003 -18"><span class='ocrx_word' id='word_1_825' title='bbox 756 5479 913 5547; x_wconf 74' lang='grc' dir='ltr'>ἡμῖν,</span> <span class='ocrx_word' id='word_1_826' title='bbox 950 5477 1045 5529; x_wconf 81' lang='grc' dir='ltr'>καὶ</span> <span class='ocrx_word' id='word_1_827' title='bbox 1098 5475 1259 5528; x_wconf 87' lang='grc' dir='ltr'>τοῦτο</span> <span class='ocrx_word' id='word_1_828' title='bbox 1305 5474 1560 5529; x_wconf 80' lang='grc' dir='ltr'>ἐντεῦθεν</span> <span class='ocrx_word' id='word_1_829' title='bbox 1609 5477 1979 5547; x_wconf 86' lang='grc' dir='ltr'>γινώσκομεν,</span> <span class='ocrx_word' id='word_1_830' title='bbox 2003 5481 2087 5533; x_wconf 87' lang='grc' dir='ltr'>ὅτι</span> <span class='ocrx_word' id='word_1_831' title='bbox 2131 5481 2196 5533; x_wconf 76' lang='grc' dir='ltr'>ἐκ</span> <span class='ocrx_word' id='word_1_832' title='bbox 2241 5480 2338 5534; x_wconf 89' lang='grc' dir='ltr'><strong>τοῦ</strong></span> 
     </span>
    </p>
   </div>
   <div class='ocr_carea' id='block_1_99' title="bbox 758 5566 2337 5641">
    <p class='ocr_par' dir='ltr' id='par_1_99' title="bbox 758 5566 2337 5641">
     <span class='ocr_line' id='line_1_99' title="bbox 758 5566 2337 5641; baseline 0.001 -18"><span class='ocrx_word' id='word_1_833' title='bbox 758 5570 1080 5638; x_wconf 83' lang='grc' dir='ltr'>Πνεύματος</span> <span class='ocrx_word' id='word_1_834' title='bbox 1108 5566 1275 5621; x_wconf 80' lang='grc' dir='ltr'>αὐτοῦ</span> <span class='ocrx_word' id='word_1_835' title='bbox 1311 5567 1513 5620; x_wconf 78' lang='grc' dir='ltr'>ἔδωκεν</span> <span class='ocrx_word' id='word_1_836' title='bbox 1547 5569 1706 5638; x_wconf 75' lang='grc' dir='ltr'>ἡμῖν,</span> <span class='ocrx_word' id='word_1_837' title='bbox 1732 5569 1864 5622; x_wconf 80' lang='grc' dir='ltr'>αὐτό</span> <span class='ocrx_word' id='word_1_838' title='bbox 1892 5569 1954 5623; x_wconf 79' lang='grc' dir='ltr'><strong>τὸ</strong></span> <span class='ocrx_word' id='word_1_839' title='bbox 1984 5570 2211 5641; x_wconf 87' lang='grc' dir='ltr'>Πνεῦμα</span> <span class='ocrx_word' id='word_1_840' title='bbox 2242 5573 2337 5624; x_wconf 83' lang='grc' dir='ltr'>αὐ·-</span> 
     </span>
    </p>
   </div>
   <div class='ocr_carea' id='block_1_100' title="bbox 758 5659 2338 5735">
    <p class='ocr_par' dir='ltr' id='par_1_100' title="bbox 758 5659 2338 5735">
     <span class='ocr_line' id='line_1_100' title="bbox 758 5659 2338 5735; baseline 0.003 -21"><span class='ocrx_word' id='word_1_841' title='bbox 758 5660 856 5714; x_wconf 88' lang='grc' dir='ltr'><strong>τοῦ</strong></span> <span class='ocrx_word' id='word_1_842' title='bbox 891 5662 1041 5713; x_wconf 72' lang='grc' dir='ltr'>ἐστιν</span> <span class='ocrx_word' id='word_1_843' title='bbox 1075 5662 1104 5712; x_wconf 88' lang='grc' dir='ltr'><strong>ὀ</strong></span> <span class='ocrx_word' id='word_1_844' title='bbox 1131 5659 1266 5722; x_wconf 82' lang='grc' dir='ltr'>Θεὸς</span> <span class='ocrx_word' id='word_1_845' title='bbox 1294 5659 1511 5729; x_wconf 80' lang='grc' dir='ltr'>ἀγάπη.</span> <span class='ocrx_word' id='word_1_846' title='bbox 1563 5660 1807 5715; x_wconf 82' lang='grc' dir='ltr'>Ἔπειτα.</span> <span class='ocrx_word' id='word_1_847' title='bbox 1835 5660 1893 5715; x_wconf 71' lang='grc' dir='ltr'>δὲ</span> <span class='ocrx_word' id='word_1_848' title='bbox 1924 5663 1973 5717; x_wconf 85' lang='grc' dir='ltr'><strong>εί</strong></span> <span class='ocrx_word' id='word_1_849' title='bbox 2001 5663 2061 5718; x_wconf 78' lang='grc' dir='ltr'><strong>έν</strong></span> <span class='ocrx_word' id='word_1_850' title='bbox 2089 5666 2202 5728; x_wconf 85' lang='grc' dir='ltr'>τοῖς</span> <span class='ocrx_word' id='word_1_851' title='bbox 2234 5683 2338 5735; x_wconf 80' lang='grc' dir='ltr'><strong>χα-</strong></span> 
     </span>
    </p>
   </div>
   <div class='ocr_carea' id='block_1_101' title="bbox 824 5830 1828 5919">
    <p class='ocr_par' dir='ltr' id='par_1_101' title="bbox 824 5830 1828 5919">
     <span class='ocr_line' id='line_1_101' title="bbox 824 5830 1828 5919; baseline -0.001 -13"><span class='ocrx_word' id='word_1_852' title='bbox 824 5830 875 5881; x_wconf 65' lang='grc'><strong>³⁶</strong></span> <span class='ocrx_word' id='word_1_853' title='bbox 903 5848 1061 5906; x_wconf 79' lang='lat' dir='ltr'><strong>Joan.</strong></span> <span class='ocrx_word' id='word_1_854' title='bbox 1095 5865 1178 5916; x_wconf 88' lang='lat' dir='ltr'><strong>nl,</strong></span> <span class='ocrx_word' id='word_1_855' title='bbox 1207 5844 1263 5901; x_wconf 82' lang='lat'><strong>8.</strong></span> <span class='ocrx_word' id='word_1_856' title='bbox 1338 5847 1381 5880; x_wconf 80' lang='lat'>“</span> <span class='ocrx_word' id='word_1_857' title='bbox 1414 5848 1584 5907; x_wconf 88' lang='lat' dir='ltr'><strong>lCor.</strong></span> <span class='ocrx_word' id='word_1_858' title='bbox 1612 5866 1713 5919; x_wconf 82' lang='lat' dir='ltr'><strong>xu,</strong></span> <span class='ocrx_word' id='word_1_859' title='bbox 1740 5851 1828 5906; x_wconf 82' lang='grc'><strong>11.</strong></span> 
     </span>
    </p>
   </div>
   <div class='ocr_carea' id='block_1_102' title="bbox 1936 5849 2426 5920">
    <p class='ocr_par' dir='ltr' id='par_1_102' title="bbox 1936 5849 2426 5920">
     <span class='ocr_line' id='line_1_102' title="bbox 1936 5849 2426 5920; baseline -0.006 -12"><span class='ocrx_word' id='word_1_860' title='bbox 1936 5852 1982 5885; x_wconf 78' lang='grc'><strong>³¹</strong></span> <span class='ocrx_word' id='word_1_861' title='bbox 2013 5849 2227 5908; x_wconf 88' lang='lat' dir='ltr'><strong>Coloss.</strong></span> <span class='ocrx_word' id='word_1_862' title='bbox 2259 5866 2301 5920; x_wconf 84' lang='grc' dir='ltr'>ι,</span> <span class='ocrx_word' id='word_1_863' title='bbox 2335 5851 2426 5908; x_wconf 76' lang='lat' dir='ltr'><strong>l3.</strong></span> 
     </span>
    </p>
   </div>
   <div class='ocr_carea' id='block_1_103' title="bbox 2442 4645 4033 4721">
    <p class='ocr_par' dir='ltr' id='par_1_103' title="bbox 2442 4645 4033 4721">
     <span class='ocr_line' id='line_1_103' title="bbox 2442 4645 4033 4721; baseline -0.001 -17"><span class='ocrx_word' id='word_1_864' title='bbox 2442 4652 2585 4712; x_wconf 75' lang='grc' dir='ltr'>νῶςο</span> <span class='ocrx_word' id='word_1_865' title='bbox 2624 4653 2670 4703; x_wconf 84' lang='grc' dir='ltr'>εἰ</span> <span class='ocrx_word' id='word_1_866' title='bbox 2710 4650 2806 4721; x_wconf 82' lang='grc' dir='ltr'>μὴ,</span> <span class='ocrx_word' id='word_1_867' title='bbox 2859 4651 2907 4701; x_wconf 84' lang='grc' dir='ltr'><strong>εί</strong></span> <span class='ocrx_word' id='word_1_868' title='bbox 2956 4651 3013 4702; x_wconf 84' lang='grc' dir='ltr'>ὲν</span> <span class='ocrx_word' id='word_1_869' title='bbox 3067 4650 3134 4719; x_wconf 83' lang='grc' dir='ltr'>τῇ</span> <span class='ocrx_word' id='word_1_870' title='bbox 3169 4645 3363 4718; x_wconf 83' lang='grc' dir='ltr'>Τριάδι</span> <span class='ocrx_word' id='word_1_871' title='bbox 3417 4646 3578 4716; x_wconf 82' lang='grc' dir='ltr'>μόνον</span> <span class='ocrx_word' id='word_1_872' title='bbox 3604 4647 3664 4699; x_wconf 82' lang='grc' dir='ltr'><strong>τὸ</strong></span> <span class='ocrx_word' id='word_1_873' title='bbox 3700 4647 3934 4715; x_wconf 79' lang='grc' dir='ltr'>Πνεῦμα</span> <span class='ocrx_word' id='word_1_874' title='bbox 3972 4649 4033 4702; x_wconf 77' lang='grc' dir='ltr'>τὸ</span> 
     </span>
    </p>
   </div>
   <div class='ocr_carea' id='block_1_104' title="bbox 2444 4740 4033 4813">
    <p class='ocr_par' dir='ltr' id='par_1_104' title="bbox 2444 4740 4033 4813">
     <span class='ocr_line' id='line_1_104' title="bbox 2444 4740 4033 4813; baseline -0.002 -15"><span class='ocrx_word' id='word_1_875' title='bbox 2444 4745 2603 4812; x_wconf 81' lang='grc' dir='ltr'>ἆγιον</span> <span class='ocrx_word' id='word_1_876' title='bbox 2634 4745 2823 4813; x_wconf 84' lang='grc' dir='ltr'>ἀγάπη</span> <span class='ocrx_word' id='word_1_877' title='bbox 2856 4745 2996 4808; x_wconf 72' lang='grc' dir='ltr'>ἐστὶ,</span> <span class='ocrx_word' id='word_1_878' title='bbox 3031 4743 3349 4794; x_wconf 83' lang='grc' dir='ltr'>παντάπασι</span> <span class='ocrx_word' id='word_1_879' title='bbox 3385 4741 3482 4793; x_wconf 84' lang='grc' dir='ltr'>καὶ</span> <span class='ocrx_word' id='word_1_880' title='bbox 3512 4742 3540 4793; x_wconf 91' lang='grc' dir='ltr'>ὁ</span> <span class='ocrx_word' id='word_1_881' title='bbox 3589 4740 3716 4803; x_wconf 71' lang='grc' dir='ltr'>Υἱὸς</span> <span class='ocrx_word' id='word_1_882' title='bbox 3752 4741 3817 4793; x_wconf 84' lang='grc' dir='ltr'><strong>οὐ</strong></span> <span class='ocrx_word' id='word_1_883' title='bbox 3869 4745 4033 4811; x_wconf 83' lang='grc' dir='ltr'>μόνον</span> 
     </span>
    </p>
   </div>
   <div class='ocr_carea' id='block_1_105' title="bbox 2443 4831 4084 4908">
    <p class='ocr_par' dir='ltr' id='par_1_105' title="bbox 2443 4831 4084 4908">
     <span class='ocr_line' id='line_1_105' title="bbox 2443 4831 4084 4908; baseline -0.003 -16"><span class='ocrx_word' id='word_1_884' title='bbox 2443 4839 2537 4892; x_wconf 89' lang='grc' dir='ltr'><strong>τοῦ</strong></span> <span class='ocrx_word' id='word_1_885' title='bbox 2587 4839 2822 4908; x_wconf 65' lang='grc' dir='ltr'>Πατρὶς,</span> <span class='ocrx_word' id='word_1_886' title='bbox 2855 4836 2996 4889; x_wconf 86' lang='grc' dir='ltr'><strong>ἀλλά</strong></span> <span class='ocrx_word' id='word_1_887' title='bbox 3034 4836 3128 4887; x_wconf 80' lang='grc' dir='ltr'>καὶ</span> <span class='ocrx_word' id='word_1_888' title='bbox 3164 4834 3258 4886; x_wconf 91' lang='grc' dir='ltr'><strong>τοῦ</strong></span> <span class='ocrx_word' id='word_1_889' title='bbox 3308 4831 3466 4901; x_wconf 83' lang='grc' dir='ltr'>ἁγίου</span> <span class='ocrx_word' id='word_1_890' title='bbox 3517 4832 3840 4902; x_wconf 78' lang='grc' dir='ltr'>Πνεύματος</span> <span class='ocrx_word' id='word_1_891' title='bbox 3903 4834 4034 4896; x_wconf 77' lang='grc' dir='ltr'>Υίδς</span> <span class='ocrx_word' id='word_1_892' title='bbox 4079 4905 4084 4907; x_wconf 88' lang='lat'>_</span> 
     </span>
    </p>
   </div>
   <div class='ocr_carea' id='block_1_106' title="bbox 2445 4911 4033 5002">
    <p class='ocr_par' dir='ltr' id='par_1_106' title="bbox 2445 4911 4033 5002">
     <span class='ocr_line' id='line_1_106' title="bbox 2445 4911 4033 5002; baseline -0.003 -17"><span class='ocrx_word' id='word_1_893' title='bbox 2445 4933 2787 5002; x_wconf 78' lang='grc' dir='ltr'>εὑρίσκεται.</span> <span class='ocrx_word' id='word_1_894' title='bbox 2840 4930 2998 4985; x_wconf 67' lang='grc' dir='ltr'>Οὕτω</span> <span class='ocrx_word' id='word_1_895' title='bbox 3032 4928 3140 4996; x_wconf 76' lang='grc' dir='ltr'>γὰρ</span> <span class='ocrx_word' id='word_1_896' title='bbox 3194 4929 3251 4980; x_wconf 76' lang='grc' dir='ltr'><strong>έν</strong></span> <span class='ocrx_word' id='word_1_897' title='bbox 3299 4911 3520 4996; x_wconf 80' lang='grc' dir='ltr'>μυρίοις</span> <span class='ocrx_word' id='word_1_898' title='bbox 3569 4927 3757 4988; x_wconf 79' lang='grc' dir='ltr'>τόποις</span> <span class='ocrx_word' id='word_1_899' title='bbox 3813 4927 4033 4994; x_wconf 78' lang='grc' dir='ltr'>λέγεται</span> 
     </span>
    </p>
   </div>
   <div class='ocr_carea' id='block_1_107' title="bbox 2449 5018 4036 5092">
    <p class='ocr_par' dir='ltr' id='par_1_107' title="bbox 2449 5018 4036 5092">
     <span class='ocr_line' id='line_1_107' title="bbox 2449 5018 4036 5092; baseline -0.003 -13"><span class='ocrx_word' id='word_1_900' title='bbox 2449 5027 2545 5079; x_wconf 74' lang='grc' dir='ltr'><strong>καὶ</strong></span> <span class='ocrx_word' id='word_1_901' title='bbox 2596 5024 3032 5092; x_wconf 75' lang='grc' dir='ltr'>ἀναγινώσκεται</span> <span class='ocrx_word' id='word_1_902' title='bbox 3068 5022 3097 5073; x_wconf 92' lang='lat'><strong>6</strong></span> <span class='ocrx_word' id='word_1_903' title='bbox 3136 5020 3430 5088; x_wconf 79' lang='grc' dir='ltr'>μονογενὴς</span> <span class='ocrx_word' id='word_1_904' title='bbox 3461 5018 3589 5081; x_wconf 76' lang='grc' dir='ltr'>Υἱὸς</span> <span class='ocrx_word' id='word_1_905' title='bbox 3627 5018 3721 5072; x_wconf 88' lang='grc' dir='ltr'><strong>τοῦ</strong></span> <span class='ocrx_word' id='word_1_906' title='bbox 3753 5018 3895 5073; x_wconf 84' lang='grc' dir='ltr'>Θεοῦ</span> <span class='ocrx_word' id='word_1_907' title='bbox 3942 5023 4036 5075; x_wconf 82' lang='grc' dir='ltr'>καὶ</span> 
     </span>
    </p>
   </div>
   <div class='ocr_carea' id='block_1_108' title="bbox 2449 5109 4036 5189">
    <p class='ocr_par' dir='ltr' id='par_1_108' title="bbox 2449 5109 4036 5189">
     <span class='ocr_line' id='line_1_108' title="bbox 2449 5109 4036 5189; baseline -0.003 -18"><span class='ocrx_word' id='word_1_908' title='bbox 2449 5119 2684 5189; x_wconf 59' lang='grc' dir='ltr'>Πατρὶς,</span> <span class='ocrx_word' id='word_1_909' title='bbox 2710 5119 2785 5179; x_wconf 80' lang='grc' dir='ltr'>ὡς</span> <span class='ocrx_word' id='word_1_910' title='bbox 2814 5117 3037 5168; x_wconf 81' lang='grc' dir='ltr'>κάκεῖνο</span> <span class='ocrx_word' id='word_1_911' title='bbox 3063 5112 3263 5182; x_wconf 78' lang='grc' dir='ltr'>ἀληθὲς</span> <span class='ocrx_word' id='word_1_912' title='bbox 3291 5109 3453 5179; x_wconf 78' lang='grc' dir='ltr'>εἶναι,</span> <span class='ocrx_word' id='word_1_913' title='bbox 3473 5112 3503 5164; x_wconf 90' lang='grc' dir='ltr'><strong>δ</strong></span> <span class='ocrx_word' id='word_1_914' title='bbox 3531 5129 3696 5181; x_wconf 76' lang='grc' dir='ltr'>φησιν</span> <span class='ocrx_word' id='word_1_915' title='bbox 3719 5114 3748 5163; x_wconf 91' lang='lat'><strong>6</strong></span> <span class='ocrx_word' id='word_1_916' title='bbox 3770 5111 4036 5167; x_wconf 80' lang='grc' dir='ltr'>’Δπόστο-</span> 
     </span>
    </p>
   </div>
   <div class='ocr_carea' id='block_1_109' title="bbox 2445 5206 4034 5282">
    <p class='ocr_par' dir='ltr' id='par_1_109' title="bbox 2445 5206 4034 5282">
     <span class='ocr_line' id='line_1_109' title="bbox 2445 5206 4034 5282; baseline -0.003 -17"><span class='ocrx_word' id='word_1_917' title='bbox 2445 5213 2538 5274; x_wconf 82' lang='grc' dir='ltr'><strong>λος</strong></span> <span class='ocrx_word' id='word_1_918' title='bbox 2569 5213 2697 5282; x_wconf 68' lang='grc' dir='ltr'>περὶ</span> <span class='ocrx_word' id='word_1_919' title='bbox 2718 5209 2810 5262; x_wconf 85' lang='grc' dir='ltr'><strong>τοῦ</strong></span> <span class='ocrx_word' id='word_1_920' title='bbox 2836 5207 2970 5262; x_wconf 89' lang='grc' dir='ltr'>Θεοῦ</span> <span class='ocrx_word' id='word_1_921' title='bbox 3007 5209 3102 5260; x_wconf 81' lang='grc' dir='ltr'><strong>καὶ</strong></span> <span class='ocrx_word' id='word_1_922' title='bbox 3138 5207 3375 5275; x_wconf 80' lang='grc' dir='ltr'>Πατρδς,</span> <span class='ocrx_word' id='word_1_923' title='bbox 3404 5223 3423 5256; x_wconf 73' lang='grc' dir='ltr'><strong>ε</strong></span> <span class='ocrx_word' id='word_1_924' title='bbox 3462 5206 3559 5268; x_wconf 85' lang='grc' dir='ltr'>Ὃς</span> <span class='ocrx_word' id='word_1_925' title='bbox 3582 5206 3858 5277; x_wconf 76' lang='grc' dir='ltr'>ἐρρύσατο</span> <span class='ocrx_word' id='word_1_926' title='bbox 3887 5209 4034 5277; x_wconf 73' lang='grc' dir='ltr'>ἡμᾶς</span> 
     </span>
    </p>
   </div>
   <div class='ocr_carea' id='block_1_110' title="bbox 2449 5298 4036 5373">
    <p class='ocr_par' dir='ltr' id='par_1_110' title="bbox 2449 5298 4036 5373">
     <span class='ocr_line' id='line_1_110' title="bbox 2449 5298 4036 5373; baseline -0.003 -16"><span class='ocrx_word' id='word_1_927' title='bbox 2449 5308 2513 5359; x_wconf 80' lang='grc' dir='ltr'>ἐκ</span> <span class='ocrx_word' id='word_1_928' title='bbox 2544 5306 2640 5373; x_wconf 73' lang='grc' dir='ltr'>τῆς</span> <span class='ocrx_word' id='word_1_929' title='bbox 2673 5304 2925 5368; x_wconf 77' lang='grc' dir='ltr'>ἐξουσίας</span> <span class='ocrx_word' id='word_1_930' title='bbox 2973 5301 3068 5353; x_wconf 86' lang='grc' dir='ltr'><strong>τοῦ</strong></span> <span class='ocrx_word' id='word_1_931' title='bbox 3124 5300 3375 5364; x_wconf 83' lang='grc' dir='ltr'>σκότους,</span> <span class='ocrx_word' id='word_1_932' title='bbox 3427 5298 3520 5352; x_wconf 73' lang='grc' dir='ltr'><strong>καὶ</strong></span> <span class='ocrx_word' id='word_1_933' title='bbox 3576 5300 3924 5369; x_wconf 83' lang='grc' dir='ltr'>μετήνεγκεν</span> <span class='ocrx_word' id='word_1_934' title='bbox 3957 5302 4036 5363; x_wconf 83' lang='grc' dir='ltr'><strong>είς</strong></span> 
     </span>
    </p>
   </div>
   <div class='ocr_carea' id='block_1_111' title="bbox 2445 5391 4036 5466">
    <p class='ocr_par' dir='ltr' id='par_1_111' title="bbox 2445 5391 4036 5466">
     <span class='ocr_line' id='line_1_111' title="bbox 2445 5391 4036 5466; baseline -0.003 -18"><span class='ocrx_word' id='word_1_935' title='bbox 2445 5395 2545 5466; x_wconf 85' lang='grc' dir='ltr'>τὴν</span> <span class='ocrx_word' id='word_1_936' title='bbox 2574 5394 2852 5465; x_wconf 81' lang='grc' dir='ltr'>βασιλείαν</span> <span class='ocrx_word' id='word_1_937' title='bbox 2876 5394 2968 5445; x_wconf 80' lang='grc' dir='ltr'><strong>τοῦ</strong></span> <span class='ocrx_word' id='word_1_938' title='bbox 2998 5391 3129 5445; x_wconf 84' lang='grc' dir='ltr'>Υίοῦ</span> <span class='ocrx_word' id='word_1_939' title='bbox 3155 5392 3255 5460; x_wconf 76' lang='grc' dir='ltr'>τῆς</span> <span class='ocrx_word' id='word_1_940' title='bbox 3292 5392 3514 5460; x_wconf 79' lang='grc' dir='ltr'>ἀγάπης</span> <span class='ocrx_word' id='word_1_941' title='bbox 3537 5391 3726 5455; x_wconf 83' lang='grc' dir='ltr'>αὐτοῦ,</span> <span class='ocrx_word' id='word_1_942' title='bbox 3754 5410 3775 5444; x_wconf 74' lang='grc' dir='ltr'>ι</span> <span class='ocrx_word' id='word_1_943' title='bbox 3812 5392 3911 5444; x_wconf 80' lang='grc' dir='ltr'>καὶ</span> <span class='ocrx_word' id='word_1_944' title='bbox 3938 5394 4036 5444; x_wconf 69' lang='grc' dir='ltr'>οὐκ</span> 
     </span>
    </p>
   </div>
   <div class='ocr_carea' id='block_1_112' title="bbox 2446 5480 4028 5554">
    <p class='ocr_par' dir='ltr' id='par_1_112' title="bbox 2446 5480 4028 5554">
     <span class='ocr_line' id='line_1_112' title="bbox 2446 5480 4028 5554; baseline -0.001 -13"><span class='ocrx_word' id='word_1_945' title='bbox 2446 5483 2589 5552; x_wconf 81' lang='grc' dir='ltr'>εἷπε,</span> <span class='ocrx_word' id='word_1_946' title='bbox 2643 5485 2736 5539; x_wconf 88' lang='grc' dir='ltr'><strong>τοῦ</strong></span> <span class='ocrx_word' id='word_1_947' title='bbox 2788 5484 2921 5539; x_wconf 82' lang='grc' dir='ltr'>Υίοῦ</span> <span class='ocrx_word' id='word_1_948' title='bbox 2968 5483 3159 5549; x_wconf 84' lang='grc' dir='ltr'>αὑτοῦ,</span> <span class='ocrx_word' id='word_1_949' title='bbox 3209 5484 3350 5554; x_wconf 83' lang='grc' dir='ltr'>ὅπερ</span> <span class='ocrx_word' id='word_1_950' title='bbox 3383 5485 3432 5537; x_wconf 83' lang='grc' dir='ltr'><strong>εί</strong></span> <span class='ocrx_word' id='word_1_951' title='bbox 3468 5480 3644 5549; x_wconf 80' lang='grc' dir='ltr'>εἶπεν,</span> <span class='ocrx_word' id='word_1_952' title='bbox 3672 5483 4028 5552; x_wconf 74' lang='grc' dir='ltr'>ἀληθέστατα</span> 
     </span>
    </p>
   </div>
   <div class='ocr_carea' id='block_1_113' title="bbox 2446 5571 4039 5645">
    <p class='ocr_par' dir='ltr' id='par_1_113' title="bbox 2446 5571 4039 5645">
     <span class='ocr_line' id='line_1_113' title="bbox 2446 5571 4039 5645; baseline -0.002 -15"><span class='ocrx_word' id='word_1_953' title='bbox 2446 5576 2514 5630; x_wconf 80' lang='grc' dir='ltr'><strong>ἂν</strong></span> <span class='ocrx_word' id='word_1_954' title='bbox 2546 5576 2692 5642; x_wconf 78' lang='grc' dir='ltr'>εἷπε,</span> <span class='ocrx_word' id='word_1_955' title='bbox 2716 5573 2862 5629; x_wconf 78' lang='grc' dir='ltr'>καθὰ</span> <span class='ocrx_word' id='word_1_956' title='bbox 2894 5574 2958 5645; x_wconf 82' lang='grc' dir='ltr'>δὴ</span> <span class='ocrx_word' id='word_1_957' title='bbox 2996 5573 3262 5636; x_wconf 82' lang='grc' dir='ltr'>πολλάκις</span> <span class='ocrx_word' id='word_1_958' title='bbox 3322 5572 3518 5640; x_wconf 75' lang='grc' dir='ltr'>εἰπὼν,</span> <span class='ocrx_word' id='word_1_959' title='bbox 3554 5572 3911 5643; x_wconf 74' lang='grc' dir='ltr'>ἀληθέστατα</span> <span class='ocrx_word' id='word_1_960' title='bbox 3962 5571 4039 5627; x_wconf 75' lang='grc' dir='ltr'>εί-</span> 
     </span>
    </p>
   </div>
   <div class='ocr_carea' id='block_1_114' title="bbox 2446 5663 4036 5738">
    <p class='ocr_par' dir='ltr' id='par_1_114' title="bbox 2446 5663 4036 5738">
     <span class='ocr_line' id='line_1_114' title="bbox 2446 5663 4036 5738; baseline -0.001 -17"><span class='ocrx_word' id='word_1_961' title='bbox 2446 5686 2550 5723; x_wconf 80' lang='grc' dir='ltr'><strong>πεν</strong></span> <span class='ocrx_word' id='word_1_962' title='bbox 2574 5685 2589 5701; x_wconf 88' lang='grc'><strong>·</strong></span> <span class='ocrx_word' id='word_1_963' title='bbox 2613 5666 2727 5732; x_wconf 76' lang='grc' dir='ltr'>ἀλλ’</span> <span class='ocrx_word' id='word_1_964' title='bbox 2758 5669 2885 5738; x_wconf 75' lang='grc' dir='ltr'>εφη,</span> <span class='ocrx_word' id='word_1_965' title='bbox 2922 5684 2941 5719; x_wconf 79' lang='grc' dir='ltr'>ι</span> <span class='ocrx_word' id='word_1_966' title='bbox 2978 5665 3072 5719; x_wconf 89' lang='grc' dir='ltr'><strong>τοῦ</strong></span> <span class='ocrx_word' id='word_1_967' title='bbox 3122 5663 3254 5720; x_wconf 83' lang='grc' dir='ltr'>Υίοῦ</span> <span class='ocrx_word' id='word_1_968' title='bbox 3284 5663 3388 5735; x_wconf 83' lang='grc' dir='ltr'><strong>τῆς</strong></span> <span class='ocrx_word' id='word_1_969' title='bbox 3411 5664 3634 5736; x_wconf 79' lang='grc' dir='ltr'>ἀγάπης</span> <span class='ocrx_word' id='word_1_970' title='bbox 3676 5666 3873 5722; x_wconf 82' lang='grc' dir='ltr'>αὐτοῦ.</span> <span class='ocrx_word' id='word_1_971' title='bbox 3919 5684 3940 5718; x_wconf 70' lang='grc' dir='ltr'>ι</span> <span class='ocrx_word' id='word_1_972' title='bbox 3977 5666 4036 5719; x_wconf 89' lang='lat'><strong>&#39;0</strong></span> 
     </span>
    </p>
   </div>
  </div>
