4232 6448
293 384 448 452 1133

1233 389 1338 456 DE
1371 387 1902 452 PROCESSIONE
1947 388 2309 452 SPIRITUS
2337 388 2610 452 SANCTI

3438 391 3582 462 1134

299 500 437 555 Nam
472 500 606 570 quid
638 509 744 565 est,
782 521 798 554 t
829 500 883 555 Si
913 516 1019 553 noti
1055 501 1265 566 abiero,
1296 502 1613 557 l‘aracletns
1654 518 1762 557 non
1794 518 1886 558 ve-
1915 521 1959 575 Α
1997 505 2128 557 serit
2154 518 2275 558 csse
2313 505 2632 567 missurum,
2661 509 2720 556 ιιι
2746 517 2870 558 cum
2930 505 3008 558 eis
3042 508 3259 560 essetin
3291 517 3575 600 aeternum

296 596 412 649 niet
437 595 504 648 ad
532 609 665 657 vos;
691 595 735 649 si
764 604 945 649 autem
974 597 1185 663 abiero,
1214 597 1428 652 mittam
1455 613 1582 652 eum
1616 599 1681 653 ad
1705 614 1801 654 vos
1824 600 1878 653 ?t

295 686 560 757 Nunquid
624 688 715 742 hic
780 691 1015 758 positus,
1053 705 1178 743 eum
1217 706 1324 744 non
1375 699 1589 759 poterat
1619 693 1883 747 mittere?

295 780 436 844 Quis
494 780 600 832 hoc
639 781 890 833 dixerit?
926 780 1111 850 Neque
1171 783 1318 836 enim
1366 782 1455 835 ubi
1490 782 1580 837 ille
1605 792 1748 844 erat,
1782 781 1885 837 iste

296 874 427 926 inde
482 883 792 926 reci-sscrat
843 893 854 925 :
888 875 971 926 vt-l
1006 876 1085 928 sic
1135 886 1360 927 venerat
1400 893 1427 927 a
1473 875 1655 939 Patre,
1693 885 1882 927 utnon

296 973 547 1018 maneret
584 966 636 1016 in
670 965 877 1018 Patre?
911 965 1194 1019 Postremo
1225 968 1503 1035 quomodo
1557 983 1680 1022 eum
1719 969 1881 1020 etiam

295 1057 389 1109 hic
418 1055 762 1109 constitutus
797 1073 903 1110 non
940 1067 1153 1124 potet-at
1195 1060 1436 1122 mittere,
1468 1074 1628 1127 quem
1679 1059 1886 1111 scimus

294 1163 470 1217 super
511 1162 636 1201 eunt
679 1150 1016 1217 baptizatum
1069 1152 1310 1211 venisse,
1356 1161 1518 1219 atque
1559 1152 1830 1206 mansisse
1869 1167 1883 1204 :

299 1243 418 1294 imo
469 1255 602 1294 vero
638 1255 666 1293 a
703 1258 813 1309 quo
844 1241 1052 1296 scimus
1090 1257 1215 1296 eum
1257 1259 1539 1312 nunquam
1587 1245 1884 1312 separabi—

294 1333 402 1387 lem
440 1332 668 1387 fuisse?
709 1334 850 1398 Quid
880 1345 968 1388 est
997 1349 1127 1405 ergo
1160 1351 1175 1390 :
1217 1353 1234 1385 ι
1277 1336 1333 1388 Si
1390 1349 1497 1388 nt‘n
1551 1334 1886 1397 διῄει-ολδε-

294 1426 540 1478 raelettts
571 1440 678 1478 non
716 1426 897 1479 veniet
932 1426 997 1477 ad
1023 1440 1133 1488 tos,
1165 1443 1183 1476 ι
1225 1428 1350 1490 nisi,
1382 1425 1498 1480 Νυιι
1533 1428 1761 1496 potestis
1785 1442 1884 1480 ca-

291 1531 428 1585 pere
454 1514 719 1584 Spiritum
743 1518 986 1586 quandiu
1012 1519 1316 1572 secundum
1343 1535 1564 1572 carm-tu
1589 1521 1886 1589 persistitis

295 1624 465 1663 nosse
531 1609 867 1662 Christum?
903 1609 1060 1664 Unde
1114 1611 1228 1675 ille,
1262 1613 1354 1679 qui
1398 1613 1513 1680 jam
1593 1621 1886 1680 acceperat

291 1702 597 1772 Spiritum,
634 1721 653 1755 ι
699 1704 766 1757 Et
807 1707 852 1759 si
911 1720 1268 1768 noveramus,
1335 1708 1536 1776 inquit,
1584 1706 1885 1761 secundum

295 1811 522 1848 carnem
560 1797 864 1859 Christum.
902 1797 997 1852 Sed
1049 1815 1195 1852 nunc
1226 1804 1338 1867 jam
1377 1816 1486 1853 non
1543 1801 1817 1854 novimus.
1862 1819 1880 1852 ι

1996 597 2074 649 Ac
2106 611 2199 664 per
2230 595 2338 650 hoc
2366 611 2488 650 cum
2534 612 2598 651 ex
2629 597 2971 659 ramalibus.
2996 600 3080 652 vel
3111 601 3464 662 animalibus.
3493 595 3582 657 es-

1996 690 2117 736 sent
2150 683 2422 750 spiritales
2456 684 2645 748 l'uturi,
2673 686 2920 753 profecto
2945 697 2997 741 et
3017 687 3255 754 Patri-ni,
3277 705 3326 744 et
3357 691 3580 754 Filium,

1994 785 2047 828 et
2103 775 2370 843 Spiritum
2406 785 2654 829 sanctum
2719 781 2976 846 capacius
3031 780 3250 835 fuerant
3315 786 3577 838 habituri.

1999 866 2053 918 lu
2105 868 2256 920 nullo
2307 877 2488 920 autem
2558 871 2864 925 credendus
2932 881 3017 925 est
3069 888 3191 929 esse
3251 875 3408 932 Pater
3465 879 3585 933 sine

1998 958 2155 1021 Filio,
2193 970 2247 1012 et
2280 959 2489 1027 Spiritu
2533 971 2747 1027 Sancto,
2805 976 2898 1018 aut
2955 966 3118 1020 Pater
3148 977 3201 1020 et
3237 967 3406 1024 Filius
3467 973 3584 1025 sine

1997 1049 2202 1119 Spiritu
2243 1060 2473 1118 sancto;
2505 1061 2598 1104 aut
2649 1053 2821 1110 Filius
2870 1059 2990 1112 sine
3047 1059 3208 1113 Patre
3262 1071 3315 1114 t-t
3371 1061 3581 1130 Spiritu‘

1994 1155 2221 1211 Sancto;
2252 1153 2342 1198 ant
2377 1148 2494 1199 sine
2529 1145 2687 1201 Patre
2735 1160 2788 1202 et
2849 1150 2984 1204 Filio
3029 1152 3267 1222 Spiritus
3321 1169 3582 1226 sanctus;

1995 1245 2089 1292 aut
2125 1237 2282 1290 l’ater
2320 1246 2372 1291 et
2407 1236 2649 1307 Spiritus
2696 1254 2926 1297 sanctus
2983 1245 3100 1299 sine
3131 1247 3304 1312 Filio;
3357 1253 3450 1303 sed
3490 1253 3578 1304 tibi

1995 1343 2185 1382 eorum
2209 1331 2435 1398 quilibet
2463 1348 2630 1396 unus,
2665 1333 2739 1387 ibi
2778 1334 3023 1391 Trinitas
3050 1337 3193 1391 Deus
3225 1357 3385 1395 unus.
3413 1342 3582 1410 Opor-

1997 1424 2142 1474 tebat
2176 1435 2357 1476 autem
2391 1423 2462 1476 ita
2500 1424 2768 1480 insinuari
2819 1427 3170 1491 Trinitatem,
3212 1441 3270 1484 ιιι
3324 1440 3576 1501 ιιιιειιιινιη

1998 1514 2144 1566 nulla
2207 1525 2355 1568 esst~t
2422 1517 2714 1572 diversitas
2773 1521 3242 1586 substantiarntn,
3307 1528 3581 1596 sigillatim

1995 1611 2178 1660 tamen
2209 1609 2690 1664 conuuendaretnr
2729 1611 3012 1668 distinctio
3046 1631 3406 1684 personarum
3441 1639 3452 1672 :
3488 1624 3578 1674 ubi

1995 1699 2077 1751 eis
2106 1699 2200 1767 qui
2255 1710 2404 1753 recte
2466 1701 2801 1772 intelligunt,
2848 1721 3125 1776 nunquam
3184 1709 3353 1765 videri
3409 1723 3583 1783 potest

1998 1791 2276 1861 separatio
2306 1801 2657 1890 nat’urarunt.

293 1887 476 1940 Etiam
521 1889 693 1956 ipsam
737 1891 938 1960 quippe
992 1906 1217 1945 carnem
1269 1893 1498 1959 (lltriSti,
1533 1908 1639 1947 non
1700 1909 1894 1948 secun-
1925 1901 1972 1961 B
2002 1905 2077 1960 Εχ
2109 1905 2364 1982 Tur-utut
2393 1887 2556 1970 XCV,
2584 1921 2747 1976 super
2775 1910 2880 1964 illis
2909 1913 3092 1967 verbis
3124 1932 3136 1968 ε
3169 1915 3304 1971 Cum
3366 1920 3584 1982 ωηεν-ει,

297 1987 430 2033 dum
481 1997 708 2035 carnem
774 1983 944 2049 novit,
976 1984 1069 2053 qui
1104 1982 1340 2038 Verbum
1396 2000 1621 2040 carnem
1685 1986 1890 2040 factum

296 2076 628 2141 spiritaliter
665 2075 831 2128 novit.
895 2079 1011 2131 Hoc
1073 2079 1332 2130 nimirum
1363 2079 1676 2148 signiﬁcare
1722 2081 1895 2134 v.i|uit

299 2165 564 2237 Magister
612 2167 812 2235 bonus,
873 2164 1151 2224 dicendo:
1189 2188 1208 2220 ι
1249 2169 1304 2224 Si
1343 2174 1486 2225 enim
1520 2187 1630 2225 non
1687 2173 1893 2239 abiero,

297 2258 620 2312 Paracletns
679 2276 786 2313 non
849 2263 1031 2315 veniet
1089 2263 1155 2315 ad
1213 2279 1348 2328 vos;
1383 2265 1425 2317 si
1468 2273 1649 2316 autem
1682 2265 1893 2330 abiero,

296 2351 516 2404 mittam
573 2366 699 2405 eum
753 2351 822 2405 ad
853 2368 972 2408 vos.
1015 2371 1032 2404 ι
1063 2354 1290 2409 Christo
1331 2367 1513 2410 autem
1580 2357 1893 2412 discedente

295 2443 686 2513 corporaliter,
717 2459 824 2497 non
857 2445 1036 2500 solum
1094 2445 1334 2515 Spiritus
1392 2459 1636 2511 sanctus,
1677 2450 1771 2504 sed
1832 2459 1886 2504 et

296 2532 468 2588 Pater
497 2545 554 2588 et
581 2533 753 2590 Filius
778 2538 883 2590 illis
928 2538 1085 2591 alluit
1121 2542 1504 2608 spiritualitcr.
1561 2541 1695 2594 Nam
1751 2543 1794 2594 si
1827 2543 1891 2595 ab

294 2628 385 2680 eis
439 2628 520 2680 sic
580 2629 854 2682 abscessit
909 2629 1186 2696 Christus,
1231 2641 1287 2684 ut
1315 2646 1413 2701 pro
1451 2631 1564 2694 illo,
1633 2647 1889 2685 noneum

298 2719 396 2772 illo
431 2722 484 2773 in
535 2721 616 2774 eis
674 2729 826 2774 esset
886 2723 1128 2791 Spiritus
1173 2735 1422 2787 sanctus,
1485 2723 1576 2777 tibi
1636 2732 1721 2778 est
1770 2726 1892 2792 ejus

295 2814 599 2884 promissio
620 2813 855 2868 dicentis
882 2830 894 2866 :
925 2833 944 2866 ι
972 2814 1112 2868 Ecce
1131 2831 1232 2883 ego
1255 2819 1537 2869 vobiscum
1569 2831 1688 2870 sum
1717 2831 1893 2885 usque

295 2907 354 2959 ιιι
391 2905 928 2960 consummationem
974 2907 1160 2961 saeculi
1192 2906 1214 2958 ?
1245 2925 1261 2956 t
1295 2916 1348 2960 ct
1385 2925 1399 2960 :
1433 2925 1449 2957 ι
1493 2906 1786 2961 Vt-niemus
1823 2907 1889 2960 ad

293 3011 425 3052 cum
485 3012 610 3066 ego,
653 3005 707 3050 et
737 2998 919 3062 Pater,
955 3007 1009 3051 et
1055 3001 1395 3052 mansionem
1445 3000 1587 3067 apud
1623 3015 1746 3052 eum
1808 2998 1891 3052 [ιιι

295 3092 534 3152 cieinus,
560 3106 581 3141 ι
612 3105 738 3142 eum
782 3101 835 3143 et
862 3090 1131 3158 Spiritum
1175 3100 1425 3143 sanctum
1460 3093 1533 3144 ita
1602 3108 1661 3147 se
1688 3093 1891 3159 pronti-

2071 1978 2261 2057 iuquit,
2283 1977 2582 2057 illeorguet
2612 1983 2868 2034 mundum
2892 1985 2956 2037 de
2982 1997 3220 2053 peccato,
3249 2003 3298 2041 et
3329 1990 3392 2042 de
3417 1977 3583 2057 justi;

2075 2051 2170 2111 tio,
2201 2059 2249 2100 et
2272 2049 2504 2117 judicio.

2069 2163 2212 2230 Quid
2256 2165 2512 2220 esthoc?
2563 2166 2952 2233 Nynquidnam
2999 2170 3267 2228 Dominus
3324 2175 3583 2232 Christus

2002 2259 2182 2325 arguit
2218 2258 2482 2311 mundum
2519 2227 2865 2328 de‘peccato,
2904 2277 3026 2316 cum
3060 2266 3174 2320 ait:
3214 2286 3229 2316 ι
3264 2267 3319 2320 Si
3355 2285 3462 2322 non
3491 2286 3582 2323 ve-

2002 2350 2229 2415 nissem,
2256 2361 2310 2404 et
2338 2352 2553 2407 locutus
2576 2355 2654 2407 eis
2675 2353 2929 2415 fuissent.
2955 2367 3238 2424 peccatum
3271 2376 3376 2413 non
3415 2362 3582 2415 liabe-

2001 2449 2140 2502 rcnt,
2190 2457 2336 2496 nunc
2393 2454 2574 2495 autem
2631 2445 3043 2500 excusationem
3096 2465 3203 2502 non
3269 2454 3472 2508 habent
3518 2457 3583 2510 de

1999 2541 2223 2603 peccato
2257 2530 2407 2587 suo?
2446 2553 2464 2585 t
2505 2533 2611 2587 Sed
2638 2551 2706 2591 ne
2752 2537 2876 2606 quis
2911 2536 3050 2592 forte
3079 2540 3222 2595 dicat
3258 2544 3361 2598 hoc
3391 2547 3458 2600 ad
3490 2545 3582 2601 Ju-

1996 2626 2143 2679 dmos
2170 2626 2390 2694 proprie
2419 2628 2714 2691 pertinere,
2769 2646 2877 2684 non
2939 2631 3005 2683 ad
3050 2635 3342 2699 mundum,
3398 2654 3582 2694 nonne

1995 2717 2106 2771 alio
2150 2720 2274 2770 loco
2303 2717 2523 2787 inquit:
2565 2737 2584 2769 ‹
2621 2719 2676 2773 Si
2704 2721 2769 2775 de
2820 2724 3026 2777 tnuntlo
3057 2729 3274 2792 essetis,
3344 2733 3581 2787 mundus

1993 2811 2139 2879 quod
2176 2825 2334 2863 suum
2390 2821 2508 2865 erat
2557 2811 2850 2881 diligeret?
2881 2831 2899 2864 t
2935 2814 3191 2885 Nunquid
3244 2836 3350 2875 non
3401 2826 3580 2894 arguit

1992 2903 2059 2957 de
2087 2903 2317 2972 jusntia,
2348 2903 2437 2956 tibi
2490 2905 2566 2956 ait
2597 2921 2611 2957 :
2657 2925 2673 2955 ι
2708 2903 2870 2960 Pater
2894 2905 3069 2976 juste,
3120 2914 3356 2970 mundus
3393 2924 3444 2970 te
3471 2933 3580 2972 non

1992 2996 2285 3066 cognovit?
2321 3014 2338 3047 t
2379 2995 2636 3065 Nunquid
2677 3012 2785 3051 non
2813 3001 2996 3068 arguit
3031 3001 3097 3056 tle
3129 3002 3360 3070 judicio,
3398 3008 3484 3061 tibi
3521 3025 3580 3064 se

1992 3091 2067 3144 ait
2104 3090 2347 3144 sinistris
2369 3104 2493 3144 esse
2526 3089 2876 3146 dicturumu
2907 3093 3058 3148 llein
3086 3095 3264 3166 ignem
3290 3109 3576 3168 aeternum,

3436 3202 3444 3227 l

293 3272 387 3325 ἵνα
417 3273 530 3339 ἐγω
558 3270 801 3324 ἀπέλθω.
843 3259 970 3323 Ἐὰν
1019 3272 1131 3341 γὰρ
1159 3272 1268 3337 ἐγὼ
1303 3273 1377 3341 μὴ
1416 3272 1657 3333 ἀπέλθω,
1702 3275 1729 3323 6
1776 3265 1955 3324 ﬂi-C
1991 3267 2236 3337 ματικῶς
2318 3269 2671 3336 παρεγένετο.
2730 3269 2792 3321 El
2873 3269 2985 3340 γὰρ
3040 3270 3215 3335 οὕτως
3263 3276 3290 3328 6
3337 3276 3575 3346 Χριστὸς

293 3364 573 3433 ράκλητος
619 3366 720 3416 οὐκ
769 3362 1048 3416 ἐλεύσεται
1097 3367 1234 3432 πρὸς
1289 3366 1402 3433 ὐμσὶ
1440 3404 1455 3418 .
1509 3368 1607 3417 ’Λν
1661 3367 1735 3434 μὴ
1785 3366 1881 3434 τὴν

293 3457 514 3523 ἁπαιλὴν
539 3458 770 3526 τροφὴν,
801 3457 866 3526 ἢν
899 3456 1042 3524 ὑμᾶς
1085 3459 1248 3526 μέχρι
1278 3458 1368 3510 τοῦ
1403 3457 1496 3507 νῦν
1544 3458 1768 3527 ἔθρεψα,
1805 3459 1881 3525 μὴ

290 3550 608 3619 ἀφέλωμαι,
653 3550 746 3616 τῆς
783 3551 1010 3619 στερεᾶς
1061 3551 1161 3601 οὐκ
1210 3549 1612 3617 ἐπιθυμήσετε.
1647 3552 1706 3601 Εἰ
1755 3566 1885 3618 σαρ-

291 3644 468 3704 κικῶς
498 3642 794 3706 ἁνθέξεσθε
839 3643 935 3711 τῆς
968 3643 1192 3711 σαρκὸς,
1221 3644 1322 3694 οὐκ
1345 3641 1537 3694 ἔσεσθε
1568 3642 1661 3693 τοῦ
1710 3643 1881 3694 [Ινεύ-

293 3749 469 3802 ματος
497 3733 757 3784 ᾶεκτικοί.
792 3731 858 3785 Τί
897 3733 1007 3802 γὰρ
1040 3732 1312 3800 βούλεται,
1359 3749 1377 3782 t
1427 3733 1486 3784 Εί
1522 3731 1596 3800 μὴ
1637 3733 1876 3792 ἀπέλθω,

289 3832 319 3878 6
356 3826 720 3896 Παράκλῖητος
767 3825 866 3877 οὐκ
918 3825 1201 3877 ἐλεύσεται
1256 3827 1391 3894 πρὸς
1447 3825 1616 3892 ὑμᾶς,
1671 3825 1769 3875 ἐὰν
1821 3823 1879 3875 δὲ

286 3919 537 3981 ἀπέλθω,
569 3919 774 3988 πέμψω
819 3916 1013 3970 τοῦτον
1053 3917 1189 3985 πρὸς
1238 3918 1422 3986 ὕμᾶς;
1475 3935 1492 3967 ι
1526 3918 1618 3986 Μὴ
1649 3919 1757 3985 γὰρ
1791 3919 1878 3969 ἐν·

290 4007 473 4061 ταῦθα
502 4009 602 4070 ὢν,
638 4008 832 4060 τοῦτον
881 4009 983 4059 οὐκ
1027 4007 1260 4076 ἠδύνατο
1314 4006 1569 4076 πέμψαις
1608 4010 1698 4067 Ἰίς
1737 4005 1879 4058 τοῦτ’

283 4102 355 4154 ἂν
390 4103 572 4166 εἴποις
619 4102 743 4154 οὐδὲ
790 4102 900 4172 γὰρ
929 4103 1065 4154 ὅπου
1113 4098 1181 4172 ἦν
1230 4100 1406 4164 οὗτος,
1460 4102 1666 4163 ἐκεῖνος
1710 4101 1876 4168 ἀπῆν.

291 4195 366 4246 Ἢ
399 4197 550 4263 παρὰ
598 4196 691 4246 τοῦ
726 4196 943 4263 Ματρὸς
971 4192 1145 4256 οὕτως
1175 4191 1358 4264 ἦλθεν,
1392 4191 1467 4254 ὡς
1500 4193 1574 4260 μὴ
1612 4195 1794 4260 μένειν
1825 4193 1881 4244 ὲν

282 4289 366 4356 τῷ
398 4287 571 4356 Πατρί
601 4303 618 4352 ;
651 4284 788 4338 Εἶτα
825 4288 918 4340 καὶ
952 4287 1069 4348 πῶς
1093 4290 1300 4339 ἐκεῖνον
1354 4283 1636 4336 κάνταῦθα
1671 4285 1881 4353 διατρί-

284 4381 405 4433 6ων
434 4380 536 4432 οὐκ
569 4380 808 4448 ἠδύνατο
842 4380 1054 4448 πέμψαι
1077 4397 1092 4444 ;
1118 4380 1177 4431 ὃν
1215 4380 1373 4446 ἴσμεν
1412 4380 1507 4430 καὶ
1541 4377 1713 4429 ἐλθεῖν
1748 4379 1881 4446 προς

281 4473 455 4526 αὑτὸν
488 4472 891 4541 βαπτιζόμενον
937 4473 1030 4524 καὶ
1075 4475 1259 4541 μεῖναι
1283 4487 1297 4500 °
1331 4472 1537 4536 μᾶλλον
1569 4472 1668 4540 μὲν
1698 4465 1790 4522 οὖν
1822 4471 1882 4521 ὃν

284 4567 452 4633 ἴσμεν
483 4564 679 4616 τούτου
725 4564 1018 4623 διαπαντὸς
1054 4564 1362 4634 ἀχώριστον
1393 4564 1544 4617 ὄντα.
1606 4566 1670 4616 Ἰ“ί
1699 4565 1878 4616 τοίνυν

1989 3359 2211 3411 ἐκείνων
2250 3359 2456 3426 διέστη,
2490 3361 2566 3421 ὡς
2607 3359 2724 3411 ἀντ’
2763 3359 2998 3422 ἐκείνου,
3030 3361 3146 3413 ἀλλ’
3177 3363 3236 3414 οὐ
3270 3365 3390 3432 μετ’
3425 3367 3575 3418 ἐκεί.

1983 3471 2077 3504 νου
2108 3453 2167 3503 τὸ
2215 3450 2434 3517 Πνεῦμα
2471 3454 2531 3503 τὸ
2576 3452 2730 3518 ἇγιον
2783 3451 3016 3514 ἐκείνοις
3070 3455 3349 3522 παρεῖναι,
3378 3456 3483 3509 ποῦ
3540 3459 3573 3526 ή

1985 3543 2291 3611 ἐπαγγελία
2327 3545 2521 3595 τούτου
2562 3543 2832 3610 λέγοντος,
2876 3561 2894 3594 t
2940 3543 3071 3596 ’ἰδιὺ
3118 3546 3229 3612 ἐγὼ
3264 3547 3384 3616 μεθ’
3417 3549 3574 3618 ὑμῶν

1984 3641 2100 3704 εἰμι
2149 3637 2331 3697 πάσας
2379 3635 2480 3697 τὰς
2530 3635 2748 3705 ἡμέρας
2801 3634 2907 3698 ἕως
2958 3636 3057 3705 τῆς
3114 3638 3428 3701 συντελείας
3477 3640 3571 3693 τοῦ

1983 3726 2199 3786 αἰῶνος.
2249 3742 2267 3775 t
2307 3724 2414 3776 Καὶ
2446 3724 2634 3783 πάλιν.
2673 3742 2691 3774 t
2727 3723 2872 3791 Ἐγὼ
2903 3725 2997 3778 καὶ
3048 3728 3074 3779 6
3125 3729 3318 3798 Πατὴρ
3352 3729 3574 3782 ὲλευσὸ-

1987 3818 2148 3887 μεθα,
2204 3818 2300 3868 καὶ
2360 3816 2529 3886 μονὴν
2575 3817 2707 3884 παρ’
2765 3817 2918 3886 αὑτῷ
2979 3819 3305 3888 ποιήσομεν.
3348 3840 3366 3873 ι
3405 3821 3574 3876 Ἀλλὰ

1984 3909 2075 3960 καὶ
2109 3909 2169 3960 τὸ
2207 3906 2430 3975 Πνεῦμα
2459 3909 2521 3960 τὸ
2557 3909 2713 3973 ἅγιον
2749 3906 2925 3970 οὕτως
2977 3910 3160 3972 αὐτοῖς
3190 3912 3566 3980 ἐπηγγείλατο

1984 3999 2241 4069 πέμψειν,
2274 4001 2360 4051 ἴνα
2413 3997 2536 4068 μετ’
2569 3997 2747 4051 αὐτῶν
2792 3996 2825 4074 ᾖ
2869 4001 2949 4063 είς
2987 4002 3077 4053 τὸν
3110 4001 3307 4065 αίῶνα,
3349 4005 3444 4057 καὶ
3481 4004 3572 4057 διὰ

1981 4095 2154 4146 ταῦτα
2187 4094 2295 4145 ἀπ’)
2348 4091 2633 4161 σαρκικῶν
2678 4094 2966 4159 γεγονότες
3009 4097 3410 4163 πνευματικοὶ,
3439 4099 3571 4150 ἀνα-

1983 4186 2192 4253 γκαίως
2251 4184 2346 4236 κλὶ
2408 4183 2502 4235 τοῦ
2561 4183 2795 4253 Πατρδς,
2830 4186 2925 4237 καὶ
2975 4185 3068 4237 τοῦ
3126 4186 3278 4250 Υίοῦ,
3331 4188 3427 4240 καὶ
3471 4188 3567 4241 τοῦ

1985 4277 2140 4340 ἁγίου
2179 4276 2497 4343 Πνεῦματος
2524 4275 2754 4344 ἔμελλον
2786 4275 3008 4328 ἔσεσθαι
3031 4277 3444 4348 δεκτικῶτεροι.
3473 4279 3565 4332 Ἐν

1983 4364 2158 4415 οὐδενὶ
2203 4362 2312 4433 γὰρ
2369 4364 2685 4416 πιστευτέον
2732 4359 2871 4416 εἶναι
2910 4365 3001 4416 τὸν
3052 4367 3270 4436 Πατέρα
3310 4371 3439 4422 ἄνευ
3472 4369 3566 4422 τοῦ

1985 4453 2136 4516 Υίοῦ,
2170 4456 2264 4506 καὶ
2294 4453 2386 4505 τοῦ
2420 4454 2578 4521 ἁγίου
2609 4455 2928 4522 Πνεύματος
2957 4473 2970 4487 ·
3008 4458 3041 4526 ἢ
3088 4457 3178 4509 τὸν
3213 4458 3435 4527 Πατέρα
3475 4462 3568 4512 καὶ

1984 4545 2075 4596 τὸν
2112 4545 2238 4596 Υίῑν
2295 4545 2424 4598 ἄνευ
2477 4543 2570 4595 τοῦ
2626 4544 2786 4608 ἁγίου
2852 4545 3172 4613 Πνεύματος
3201 4549 3273 4617 ’ἦ
3315 4552 3406 4600 τὸν
3441 4550 3566 4603 Υίὸν

279 4614 462 4720 ait},
498 4614 537 4708 ἶ
559 4614 700 4709 ίίέέν
734 4656 809 4724 μὴ
845 4614 1142 4715 ἀπέλθοιΓὸ
1176 4614 1543 4725 institisti;
1581 4614 1682 4708 ait;
1711 4614 1876 4706 tuo-
1911 4614 1953 4666 θ
1982 4637 2112 4690 ἀνευ
2145 4635 2238 4688 τοῦ
2280 4636 2489 4705 ιιατρδς
2520 4637 2611 4687 και
2641 4635 2736 4687 τοῦ
2779 4637 2936 4703 ἁγίου
2984 4640 3348 4705 umnam;-
3394 4643 3562 4713 ἢχω·

280 4766 444 4802 σεται
498 4749 634 4816 πρὸς
687 4749 854 4816 ὑμᾶς,
904 4749 1206 4816 ἢπὰντως,
1238 4750 1350 4817 Οὐχ
1407 4743 1510 4800 οἷοί
1569 4765 1629 4801 τε
1681 4749 1872 4800 ἔσεσθε

277 4841 545 4906 δέξασθαι
591 4844 650 4892 τὸ
697 4841 945 4909 Πνεῦμα,
993 4841 1077 4907 ἐφ’
1131 4842 1254 4892 ὅσον
1304 4842 1395 4893 τὸν
1441 4842 1677 4912 Χριστὸν
1732 4842 1874 4893 κατὰ

280 4938 471 5004 σάρκα
507 4933 798 5002 γινώσκειν
829 4933 1200 4996 σπουδάζετε;
1242 4954 1260 4985 ι
1297 4935 1464 4986 ’Ὅθεν
1515 4936 1721 4996 ἐκεῖνος
1748 4937 1775 4984 6
1811 4934 1873 4985 τὸ

282 5025 520 5092 Ιινεῦμα
547 5027 607 5076 τὸ
641 5022 796 5091 ἅγιον
823 5023 922 5093 ήδη
946 5025 1260 5091 ὄεξάμενος,
1300 5027 1349 5075 εί
1388 5030 1479 5077 καὶ
1506 5025 1622 5094 ᾔδει
1653 5027 1752 5092 μὲν
1780 5025 1872 5076 τὸν

276 5119 526 5173 Χοιστὸν
577 5120 719 5173 κατὰ
771 5118 973 5186 σάρκα,
1010 5118 1198 5183 φησὶν,
1242 5135 1260 5167 ι
1300 5116 1462 5169 Ἀλλὰ
1513 5117 1610 5168 νῦν
1641 5118 1739 5169 οὐκ
1792 5116 1872 5168 ἔτι

272 5215 528 5280 οἴδαμεν.
573 5229 592 5260 ο
645 5209 755 5261 Καὶ
789 5210 959 5277 αὐτὴν
1002 5209 1111 5277 γὰρ
1143 5210 1240 5276 τὴν
1272 5208 1364 5260 τοῦ
1416 5210 1653 5278 Χριστοῦ
1693 5210 1871 5276 σάρκα

269 5310 340 5361 οὐ
393 5304 676 5373 σαρκικῶς
729 5303 870 5355 οἶδεν
924 5303 951 5352 6
1004 5303 1094 5353 τὸν
1147 5303 1322 5369 Λόγον
1378 5303 1556 5370 σάρκα
1609 5303 1870 5369 γεγονότα

272 5399 678 5466 πνευματικῶς
724 5395 901 5456 εἰδώς.
947 5394 1118 5446 Τοῦτο
1172 5398 1390 5455 παντως
1418 5398 1444 5446 6
1485 5396 1690 5456 ἀγαθὸς
1721 5395 1867 5447 διδά-

273 5491 485 5552 σκαλος
533 5489 733 5558 δηλοῦν
795 5488 1042 5540 ὲὸούλετο
1099 5488 1311 5554 λέγων⁹
1371 5506 1388 5537 t
1438 5487 1564 5540 Ἐὰν
1622 5487 1731 5554 ἐγὼ
1792 5487 1866 5556 μὴ

267 5583 526 5644 ἀπέλθω,
573 5583 603 5632 6
653 5579 1010 5648 Παρακλητος
1053 5581 1154 5632 οὐκ
1189 5579 1474 5630 ἐλεύσεται
1520 5581 1655 5648 πρὸς
1697 5582 1859 5647 ὑμᾶς.

283 5678 422 5729 Ἐὰν
446 5676 505 5727 δὲ
537 5673 777 5735 ἀπέλθω,
805 5673 1004 5741 πέμψω
1033 5672 1221 5724 τοῦτον
1253 5672 1402 5740 ὑμῖν.
1429 5691 1447 5722 t
1481 5673 1588 5723 Τοῦ
1624 5671 1860 5740 Χριστοῦ

265 5771 330 5823 δὲ.
368 5765 705 5835 σωματικῶς
756 5765 1093 5833 διαστάντος,
1130 5766 1188 5815 οὐ
1235 5765 1395 5831 μόνον
1427 5765 1488 5815 τὸ
1537 5765 1759 5832 Πνεῦμα
1800 5766 1861 5816 τὸ

266 5863 458 5928 ἆγιον,
492 5859 628 5911 ἀλλὰ
663 5859 806 5910 καὶὸ
841 5855 1047 5925 Πατὴρ,
1083 5857 1176 5908 καὶ
1211 5858 1238 5907 6
1271 5858 1395 5910 Υἱὸξ
1432 5857 1660 5919 ἐκείνοις
1697 5873 1859 5909 πνευ-

1987 4732 2069 4796 ρῖς
2113 4727 2205 4779 τοῦ
2256 4727 2467 4794 Πατρὸς
2504 4728 2597 4777 καὶ
2627 4727 2721 4777 τοῦ
2759 4727 2889 4779 Υίοῦ
2925 4731 2983 4780 τὸ
3014 4730 3173 4796 ἆγιον
3209 4732 3431 4799 Πνεῦμα
3471 4749 3484 4762 ’
3527 4734 3558 4801 ἢ

1981 4837 2073 4871 τ,ν
2107 4819 2322 4887 Πατέρα
2359 4817 2449 4867 καὶ
2480 4818 2540 4869 τὸ
2571 4818 2796 4886 Πνεῦμα
2824 4821 2883 4869 τὸ
2917 4821 3070 4885 Ξιγιον
3117 4823 3245 4874 ἄνευ
3280 4825 3372 4874 τοῦ
3411 4824 3561 4879 Υἱοῦ.

1983 4914 2157 4965 ’Ὅπου
2211 4913 2318 4980 γὰρ
2361 4907 2441 4973 εἷς
2477 4929 2557 4971 τις
2601 4912 2809 4963 τούτων
2840 4914 3009 4974 ἐστὶν,
3043 4915 3160 4966 ἐκεῖ
3191 4917 3282 4967 καὶ
3314 4913 3396 4977 εἷς
3431 4919 3559 4980 Θεὸς

1980 5007 2011 5074 ἡ
2051 5007 2238 5073 ἰ’ριάς.
2278 5003 2424 5055 Ἔδει
2457 5005 2500 5055 6'
2531 5001 2675 5054 οὕτω
2718 5005 2817 5069 τὴν
2854 5005 3066 5073 Τριάδα
3101 5009 3559 5078 παραδειχθῆναι,

1980 5098 2110 5150 ὥστ’
2139 5101 2187 5149 εί
2228 5102 2320 5150 καὶ
2368 5096 2606 5166 μηδεμία
2634 5091 2699 5165 ἦν
2732 5096 2790 5145 ὲν
2821 5098 2886 5164 τῇ
2934 5096 3092 5166 οὐσία
3120 5097 3375 5168 διαφορὰ,
3410 5102 3556 5169 ὅμως

1981 5190 2394 5261 παραδεχθῆναι
2426 5189 2532 5239 τῶν
2572 5188 2877 5253 προσώπων
2912 5189 3081 5252 ἰδίως,
3115 5193 3208 5242 καὶ
3234 5192 3407 5254 οὓτως
3450 5197 3554 5255 τοῖς

1982 5283 2194 5335 νοοῦσιν
2212 5282 2386 5350 ὀρθῶς
2407 5280 2684 5350 χωρισμὸν
2705 5279 2919 5348 φύσεως
2939 5281 3189 5348 οὐδαμῶς
3207 5282 3546 5352 θεωρεῖσθαι.

1987 5417 2083 5470 Ἐκ
2134 5417 2229 5469 τοῦ
2283 5417 2637 5487 ὲνενηκοστ.ὖ
2672 5417 2925 5484 πέμπτου
2978 5417 3136 5483 λόγου
3166 5434 3177 5445 ⁸
3225 5418 3450 5471 Ἐλθὼν
3492 5420 3554 5470 δὲ

2043 5489 2295 5553 ἐκεῖνος,
2329 5489 2562 5554 ἑλεγξει
2620 5488 2726 5538 τὸν
2781 5488 3013 5553 κόσμον
3061 5490 3192 5553 περὶ
3245 5491 3554 5556 ἁμαρτίας,

2043 5561 2140 5610 καὶ
2173 5560 2302 5625 περὶ
2341 5558 2758 5623 δικαιοσύνης,
2800 5559 3062 5623 καὶπερὶ
3101 5560 3374 5624 κρίσεως.

2047 5676 2112 5726 Τί
2167 5674 2414 5742 gadium
2464 5672 2659 5738 toi-co;
2714 5674 2790 5742 μὴ
2839 5673 2949 5739 γὰρ
3003 5672 3031 5722 6
3094 5670 3293 5741 Κύριος
3349 5673 3553 5742 Ἰησοῦς

1971 5765 2208 5835 Χριστὸς
2233 5767 2331 5815 οὐκ
2359 5765 2551 5833 ἤλεγξε
2580 5765 2669 5815 τὸν
2702 5765 2912 5833 κόσμον
2942 5765 3069 5832 περὶ
3098 5764 3394 5834 ἁμαρτίας,
3422 5766 3554 5817 ὅταν

1970 5861 2125 5923 λέγη,
2161 5877 2177 5910 ι
2216 5859 2274 5910 Εἰ
2304 5861 2377 5924 μὴ
2412 5854 2572 5923 ἦλθον
2610 5859 2700 5910 καὶ
2738 5857 2981 5926 ἐλάλησα
3035 5857 3240 5921 αὐτοῖς,
3276 5859 3550 5922 ἁμαρτίαν
