4232 6448
690 386 832 448 1139

1585 385 1900 448 lNCER'I‘l
1933 387 2032 445 EX
2072 385 2519 450 AUGUSTINO
2548 390 2628 450 IN
2661 392 3020 456 JOANNEM

3795 383 3936 449 11m

697 492 785 544 llci
813 495 834 544 ‘.'
859 511 878 543 ι
900 494 1036 558 Quid
1066 508 1197 562 ergo
1227 503 1372 557 est,c
1393 493 1477 549 Ad
1499 493 1715 548 Patrem
1749 494 1912 556 Vndo,
1937 504 1989 548 et
2010 495 2029 563 j
2051 511 2118 546 im
2150 511 2256 548 non
2291 508 2332 562 Α
2353 502 2453 564 ubi
2493 501 2701 556 dictum
2725 512 2808 557 est
2836 522 2849 558 :
2889 504 2982 557 «Et
3013 500 3250 555 mundus
3275 513 3369 568 per
3397 512 3520 551 eum
3588 497 3764 551 factus
3795 509 3926 552 esu

695 583 949 636 videbitis
979 598 1086 645 me,
1121 601 1140 633 ›
1179 584 1287 638 nisi
1320 585 1600 653 quomodo
1645 601 1789 648 sum,
1820 601 1943 637 cum
1979 585 2262 638 vobiscum

694 694 812 729 sum
840 677 1037 732 ?Tunc
1067 679 1213 732 cutim
1250 679 1431 733 adhuc
1455 688 1576 734 erat
1605 680 1880 740 mortalis,
1918 679 1971 732 iu
2009 679 2267 732 similitu-

692 770 817 821 dine
840 771 1022 823 carnis
1087 772 1318 837 peccati,
1382 771 1480 840 qui
1539 773 1755 828 esurire
1807 779 2042 840 poterat,
2103 781 2266 838 atque

691 862 863 923 sitire,
933 862 1169 931 fatigari,
1199 871 1365 931 atque
1409 864 1670 918 dormire.
1716 862 1874 918 Hunc
1924 879 2056 930 ergo
2107 864 2266 918 Chri-

692 964 858 1019 slum,
893 957 945 1008 id
978 965 1080 1019 est,
1138 957 1299 1011 talem
1356 957 1656 1024 Christum,
1695 975 1821 1012 cum
1859 958 2147 1013 transisset
2198 957 2267 1010 de

693 1046 794 1097 hoe
828 1047 1031 1102 mnudo
1066 1050 1131 1101 ad
1164 1047 1407 1112 Patrem,
1470 1065 1574 1102 non
1611 1059 1772 1102 erant
1823 1051 1936 1119 jam
1979 1049 2168 1112 visuri,
2212 1057 2267 1104 et

693 1135 806 1199 ipsa
830 1144 913 1189 cst
940 1136 1146 1203 iustitia
1184 1139 1430 1201 ﬁdei,»de
1453 1156 1558 1208 qua
1586 1140 1721 1194 dicit
1750 1141 2046 1210 Apostolus
2079 1157 2094 1192 :
2129 1158 2148 1190 σ
2199 1140 2262 1194 Et

691 1226 736 1279 si
805 1241 1132 1283 noveramus
1188 1231 1468 1284 Christum
1517 1233 1816 1285 secundum
1876 1247 2122 1295 carnem,
2168 1229 2264 1285 sed

691 1337 836 1373 nunc
871 1321 981 1388 jam
1016 1337 1125 1375 non
1160 1323 1472 1378 novimus.»
1530 1323 1646 1376 Erit
1675 1323 1883 1391 itaque,
1917 1323 2117 1390 inquit,
2177 1338 2268 1376 ve-

691 1426 800 1466 stra
822 1411 1052 1478 iustitia,
1079 1430 1186 1484 qua
1215 1417 1450 1477 mundus
1499 1422 1782 1485 arguetur,
1821 1414 1991 1481 «Quia
2030 1413 2170 1468 vado
2197 1413 2263 1466 ad

687 1501 905 1560 Patrem
935 1517 984 1559 et
1005 1508 1114 1577 jam
1147 1523 1256 1563 nou
1288 1508 1539 1564 videbitis
1567 1523 1692 1577 me;
1719 1525 1739 1562 ι
1761 1507 2018 1579 quoniam
2041 1509 2095 1561 in
2116 1521 2264 1571 eum,

692 1615 856 1666 quem
882 1616 989 1653 non
1019 1600 1292 1668 videbitis,
1327 1600 1568 1677 credetis
1606 1601 1664 1657 in
1696 1617 1784 1657 me
1807 1617 1824 1668 ;
1846 1611 1900 1654 ct
1925 1601 2146 1670 quando
2182 1615 2267 1654 me

695 1689 971 1753 videbitis,
1007 1706 1117 1758 quo
1174 1703 1305 1746 tunc
1367 1708 1487 1759 ero,
1536 1709 1645 1747 non
1700 1693 1954 1751 videbitis
2000 1707 2107 1756 mc,
2155 1707 2267 1760 quo

695 1798 815 1834 sum
853 1781 1160 1847 vobiscum,
1181 1784 1366 1838 modo.
1389 1782 1507 1838 Non
1537 1784 1790 1840 videbitis
1819 1784 1949 1855 (me)
1978 1784 2262 1847 humilem,

2368 593 2461 645 Sed
2491 595 2674 647 mundi
2701 593 3056 649 estdiabolus
3089 592 3363 661 princeps,
3388 594 3455 643 de
3480 605 3589 659 quo
3618 587 3819 642 mundo
3864 587 3937 640 ibi

2365 686 2629 738 cozitinuo
2652 685 2957 754 subiungit,
3013 695 3175 753 atque
3212 683 3282 736 ait
3313 699 3329 735 ι
3367 682 3462 736 «Et
3523 681 3758 736 mundus
3813 697 3937 735 eum

2368 778 2800 843 uoueognnvit,»
2844 778 2944 830 hoc
2975 786 3058 830 est
3115 777 3364 829 homines
3411 771 3682 835 inﬁdeles,
3739 772 3942 834 quibus

2368 875 2482 920 toto
2545 868 2678 922 orbe
2741 877 3013 921 terrarmu
3069 865 3306 920 mundus
3358 877 3443 919 est
3503 865 3699 935 plenus
3746 882 3761 917 :
3801 863 3943 916 inter

2367 975 2506 1027 quos
2542 961 2701 1026 gemit
2729 959 2903 1014 lidelis
2931 958 3188 1020 tottudus,
3219 972 3379 1026 quem
3412 957 3477 1010 de
3510 957 3712 1008 mundo
3755 955 3940 1018 elegit,

2369 1066 2464 1118 per
2494 1068 2652 1118 quem
2689 1050 2863 1104 (actus
2905 1061 2990 1105 est
3019 1051 3279 1113 mundus,
3307 1050 3376 1103 de
3424 1064 3534 1117 quo
3595 1049 3712 1117 ipse
3758 1047 3893 1100 dicit
3923 1061 3940 1100 :

2373 1141 2519 1195 «Non
2554 1142 2699 1195 venit
2757 1140 2928 1196 Filius
2971 1142 3232 1202 hominis,
3291 1149 3350 1192 ut
3398 1140 3607 1208 judicet
3653 1138 3944 1202 mundum,

2367 1234 2463 1286 sed
2496 1243 2552 1286 ut
2575 1235 2820 1286 salvetur
2861 1233 3097 1286 mundus
3145 1247 3240 1301 per
3282 1233 3514 1300 ipsum.»
3579 1229 3830 1290 Mundus,
3879 1244 3945 1278 (ιιι

2361 1325 2659 1393 judieaute.
2695 1325 3003 1378 damnatur.
3041 1323 3292 1381 Mundus.
3324 1340 3389 1376 co
3435 1323 3812 1382 Subvenieute,
3839 1322 3951 1374 sal-

2369 1426 2546 1472 vatur.
2576 1413 2843 1479 Quoniam
2877 1413 3021 1470 sicut
3051 1416 3215 1467 arbor
3249 1413 3397 1468 foliis
3446 1425 3499 1468 et
3552 1413 3747 1479 prunis,
3801 1412 3949 1465 sicut

2366 1522 2492 1561 area
2526 1507 2695 1575 paleis
2721 1517 2773 1561 et
2818 1506 3134 1568 frumentis,
3194 1506 3268 1559 ita
3326 1505 3642 1559 infidelibus
3671 1515 3725 1557 et
3773 1502 3951 1557 ﬁdeli-

2367 1599 2470 1656 bus
2531 1601 2723 1668 plenus
2775 1611 2858 1656 est
2922 1600 3184 1655 mundus.
3245 1598 3508 1668 Princeps
3575 1612 3707 1666 ergo
3758 1598 3947 1650 mundi

2367 1692 2551 1762 hujus,
2597 1693 2698 1747 hoc
2739 1702 2818 1747 est
2849 1695 3100 1761 princeps
3163 1693 3512 1748 tenebrarum
3573 1690 3790 1752 harum,
3844 1690 3950 1743 hoc

2366 1795 2452 1838 est
2487 1784 2815 1848 inﬁdelium,
2846 1783 2912 1837 de
2944 1783 3148 1852 quibus
3182 1785 3393 1839 eruitur
3432 1782 3690 1845 mundus,
3743 1783 3952 1850 quibus

696 1872 788 1924 sed
821 1874 1094 1927 excelsum
1121 1890 1136 1941 ;
1170 1890 1276 1929 non
1300 1875 1556 1932 uidebitis
1590 1877 1900 1941 mortalem,
1931 1876 2025 1938 sed
2055 1876 2259 1943 sempi-
2297 1871 2340 1929 Β
2368 1876 2568 1931 dicitur
2597 1895 2612 1931 :
2654 1877 2890 1931 «Fuistis
2942 1877 3235 1945 aliquando
3267 1878 3524 1937 tenebrae,
3579 1893 3723 1930 nuuc
3757 1887 3943 1929 autem

699 1973 936 2030 tcruum;
957 1982 1061 2019 non
1082 1966 1337 2020 videbitis
1351 1968 1728 2036 judicandum,
1747 1969 1840 2023 sed
1864 1968 2262 2038 judicaturum,

692 2063 745 2110 et
777 2055 842 2108 de
879 2057 976 2108 hac
1006 2057 1112 2110 tide
1144 2068 1347 2119 vestra.
1368 2059 1418 2111 id
1451 2069 1556 2125 est,
1588 2059 1801 2127 justiti:
1837 2068 2043 2124 vestra,
2074 2069 2268 2130 arguet

693 2146 932 2214 Spiritus
956 2161 1176 2202 sanctus
1201 2150 1544 2204 incredulum
1566 2152 1851 2205 mundum.
1879 2152 2085 2220 Arguet
2101 2155 2267 2206 etiam

692 2239 1016 2308 dejudicio,
1040 2242 1170 2309 quia
1228 2241 1486 2311 princeps
1538 2242 1707 2311 hujus
1754 2243 1942 2299 mundi
1987 2241 2268 2312 judicatus

692 2341 792 2389 est.
829 2331 967 2397 Quis
995 2346 1078 2387 est
1113 2335 1239 2394 iste,
1273 2333 1380 2386 nisi
1405 2332 1475 2386 de
1502 2348 1614 2401 quo
1647 2334 1724 2388 ait
1756 2335 1865 2388 alio
1888 2337 2010 2393 loco
2040 2352 2056 2389 :
2100 2336 2269 2390 «Ecce

696 2427 843 2476 venit
872 2425 1124 2493 princeps
1163 2425 1372 2488 mundi,
1404 2425 1542 2478 etin
1580 2440 1664 2477 me
1687 2426 1825 2479 nihil
1881 2427 2176 2487 invenient
2213 2428 2266 2480 id

692 2528 797 2581 cst,
838 2518 971 2570 nihil
1010 2518 1158 2585 juris,
1185 2519 1296 2578 sui,
1327 2520 1463 2572 nihil
1524 2519 1669 2587 quod
1709 2520 1775 2572 ad
1805 2536 1930 2576 cum
1980 2522 2266 2590 pertineat,

696 2609 902 2662 nullum
929 2610 1137 2662 scilicet
1166 2609 1394 2680 omnino
1427 2618 1708 2677 peccatum
1739 2611 1765 2665 2
1803 2610 1905 2665 Per
1958 2612 2064 2666 hoc
2119 2614 2267 2667 cnim

692 2710 772 2752 est
804 2701 1056 2753 diabolus
1079 2701 1334 2769 princeps
1393 2702 1603 2757 mundi.
1634 2700 1754 2755 Non
1817 2703 1964 2757 enim
2020 2705 2170 2767 caeli,
2211 2715 2270 2760 et

694 2800 875 2855 terrae,
914 2801 967 2845 et
997 2792 1238 2848 omnium
1288 2807 1411 2861 qua:
1444 2793 1499 2845 in
1544 2793 1628 2847 eis
1679 2801 1831 2859 sunt,
1883 2803 1967 2848 est
2016 2794 2270 2852 diabolus

695 2891 977 2958 princeps,
1028 2905 1133 2958 qua
1195 2889 1598 2959 significatione
1636 2889 1961 2960 intelligitur
2007 2890 2268 2955 mundus,

701 3069 970 3139 μηδαμῶς
996 3066 1092 3121 τοῦ
1135 3066 1324 3120 λοιποῦ
1356 3066 1447 3118 τὸν
1484 3066 1720 3134 Χριστὸν
1749 3066 2055 3135 ὀψομένους
2083 3069 2115 3136 ἠ
2140 3068 2272 3136 ἀλή-

698 3163 821 3214 θεια
866 3160 1295 3228 προηγόρευσεν.
1368 3157 1517 3225 Αὕτη
1575 3154 2030 3226 ὁμολογουμένως
2083 3159 2269 3212 ἀδικία

2371 1965 2463 2018 lux
2513 1967 2564 2019 in
2604 1967 2831 2020 Domino
2869 1984 2884 2034 ;
2917 1987 2937 2019 ι
2981 1968 3236 2037 princeps
3278 1968 3463 2021 mundi
3499 1966 3682 2034 hujus,
3720 1965 3789 2020 de
3839 1981 3952 2034 quo

2371 2058 2496 2112 alibi
2530 2059 2704 2112 dicit:
2739 2057 2925 2112 «Nunc
2955 2060 3208 2128 princeps
3267 2059 3454 2112 mundi
3517 2059 3684 2126 hujus
3743 2058 3954 2113 missus

2368 2162 2449 2207 est
2478 2151 2679 2215 foras,»
2727 2153 2916 2221 utique
2941 2152 3224 2223 judicatus
3259 2163 3363 2216 est,
3419 2153 3684 2223 quoniam
3733 2151 3954 2217 judicio

2369 2246 2509 2315 ignis
2537 2244 2725 2299 aeterni
2789 2245 3225 2298 irrevocabiliter
3278 2244 3586 2298 destinatus
3627 2251 3730 2298 est.
3771 2241 3838 2296 Et
3882 2243 3954 2296 de

2371 2339 2476 2393 hoc
2510 2337 2696 2406 itaque
2725 2337 2956 2405 judicio,
2979 2352 3090 2406 quo
3111 2337 3368 2406 princeps
3390 2337 3668 2405 judicatus
3691 2343 3776 2389 est
3800 2351 3956 2388 muu~

2369 2428 2443 2492 di,
2469 2432 2716 2498 arguitur
2748 2445 2776 2481 a
2823 2428 3034 2496 Spiritu
3095 2438 3286 2483 sancto
3333 2429 3625 2483 mundus:
3687 2428 3951 2496 quoniam

2370 2536 2494 2577 cum
2558 2536 2662 2579 suo
2719 2513 2968 2590 principe
3028 2521 3328 2588 judicatur,
3393 2537 3555 2584 quem
3650 2522 3952 2588 superbum

2371 2622 2533 2681 atque
2561 2612 2783 2680 impium
2814 2611 3075 2666 imitatur.
3110 2611 3165 2665 Si
3217 2614 3361 2666 enim
3402 2631 3419 2663 ι
3456 2613 3615 2675 Deus,
3648 2614 3792 2665 sicut
3818 2612 3955 2663 dicit

2371 2704 2652 2773 apostolus
2686 2703 2895 2766 Petrus,
2928 2705 3286 2773 peccantibus
3318 2705 3530 2774 angelis
3590 2721 3695 2758 non
3759 2720 3955 2773 peper—

2371 2798 2466 2859 cit,
2500 2798 2594 2851 sed
2619 2797 2940 2850 carceribus
2967 2796 3216 2862 caliginis
3248 2795 3408 2850 inferi
3465 2798 3773 2859 rettudi-ns,
3841 2808 3955 2848 tra-

2371 2891 2501 2950 didit
2530 2892 2584 2945 in
2605 2889 2812 2960 judicio
2831 2889 3139 2959 puniendos
3164 2890 3440 2949 servari»
3463 2889 3740 2960 quomodo
3770 2905 3881 2943 nou
3917 2906 3945 2941 a

2371 3072 2631 3132 πίστεως,
2671 3069 2922 3121 τουτέστι
2965 3068 3063 3136 τῆς
3110 3067 3462 3136 δικαιοσύνης
3496 3067 3678 3135 ὑμῶν,
3708 3067 3800 3119 τδν
3829 3068 3957 3121 dm-

2374 3177 2502 3214 στον
2532 3160 2741 3222 κόσμον
2785 3159 2993 3227 ἐλέγξει
3039 3160 3100 3213 τὸ
3153 3158 3376 3228 Πνεῦμα
3409 3159 3469 3212 τὸ
3501 3158 3677 3228 ἅγιον.
3708 3158 3956 3227 Ἑλέτξει

695 3254 834 3317 ἐστὶ,
879 3249 1165 3304 πιστεύειν
1201 3250 1299 3318 μὲν
1343 3251 1426 3312 είς
1475 3250 1733 3316 Χριστὸν,
1770 3249 1982 3319 μήποτε
2013 3249 2070 3303 δὲ
2103 3250 2269 3303 αὑτὸν
2297 3230 2340 3284 c
2381 3250 2440 3303 δὲ
2471 3251 2669 3302 τοῦτον
2697 3251 2791 3303 καὶ
2823 3250 2955 3319 περὶ
3001 3251 3260 3318 κρίσεως,
3310 3251 3394 3303 ὅτι
3423 3253 3449 3302 6
3481 3249 3663 3319 ἄρχων
3705 3250 3800 3301 τοῦ
3855 3250 3950 3302 κός

695 3343 942 3412 ὄψεσθαι.
991 3341 1090 3396 Διά
1145 3340 1304 3394 τοῦτο
1333 3342 1441 3408 γὰρ
1487 3342 1796 3394 ἐπαινεῖται
1824 3343 1858 3411 ἡ
1897 3341 2081 3404 πίστις
2112 3343 2173 3406 ἐξ
2205 3338 2272 3414 ἧς

694 3439 724 3490 6
756 3436 962 3495 δίκαιος
1009 3433 1273 3503 ζήσεται·
1311 3435 1392 3488 ὅτι
1427 3434 1487 3486 ὃν
1532 3433 1628 3487 νῦν
1672 3437 1732 3487 οὐ
1784 3434 1976 3503 βλέπει
2011 3437 2273 3505 Χριστὸν,

696 3527 887 3581 τοῦτον
940 3528 1169 3597 δψεσθαι
1208 3526 1456 3580 πιστεύει
1511 3527 1666 3580 ποτέ.
1719 3525 1854 3581 Εἶτα
1896 3529 2040 3581 κατὰ
2067 3529 2273 3595 ταύτην

699 3620 798 3688 τὴν
825 3618 1181 3688 δικαιοσύνην
1231 3618 1351 3671 οὐδὲ
1373 3617 1464 3670 τὸν
1491 3618 1790 3671 ἀπόστολον
1824 3619 2037 3671 Παῦλον
2065 3620 2274 3673 δίκαιον

699 3714 937 3782 ἐροῦμεν
960 3713 1237 3783 γενέσθαι,
1273 3711 1506 3776 λέγοντα
1545 3713 1636 3763 τὸν
1685 3712 1924 3781 Χριστὸν
1959 3713 2088 3764 ίδείν
2135 3713 2274 3781 μετὰ

639 3837 644 3844 -
698 3803 795 3871 τὴν
826 3806 905 3867 εἰς
933 3803 1197 3873 οὐρανοὺς
1230 3801 1498 3854 ἀνάϐασιν
1520 3817 1535 3832 ⁸
1565 3802 1745 3856 καίτοι
1793 3804 1920 3872 περὶ
1950 3803 2045 3855 τοῦ
2077 3804 2272 3873 καιροῦ

698 3895 892 3950 τούτου
927 3895 1211 3964 εἰρηκότα,
1249 3911 1268 3945 ι
1316 3891 1433 3948 Οὐκ
1461 3894 1537 3947 ἐτι
1575 3911 1644 3963 με
1675 3893 1897 3955 ὕφεσθε,
1933 3913 1953 3944 ι
2005 3894 2098 3963 Μὴ
2131 3895 2275 3947 κατά

700 3989 908 4058 ταύτην
953 3987 1051 4057 τὴν
1103 3985 1453 4053 δικαιοσύνην
1483 3987 1584 4040 οὐκ
1613 3982 1682 4057 ἦν
1711 3987 1920 4049 δίκαιος
1948 3990 2046 4047 καὶ
2073 3989 2102 4040 ὁ
2131 3987 2276 4038 ὲνδο-

702 4079 920 4143 ξότατος
947 4078 1242 4147 Στέφανος,
1269 4077 1327 4140 ὃς
1370 4077 1727 4146 λιθαζόμενος
1771 4079 1975 4146 ἔφησεν
1998 4096 2012 4110 ·
2048 4098 2069 4132 ι
2132 4078 2275 4147 ’0ρῶ

701 4171 794 4221 τὸν
836 4169 1066 4236 οὐρανὸν
1114 4169 1482 4238 ἀνεῳγμένον,
1519 4170 1613 4222 καὶ
1647 4171 1738 4222 τὸν
1771 4169 1898 4222 Υἰδν
1935 4173 2026 4222 τοῦ
2062 4169 2276 4240 ἀνθρὼ-

700 4277 806 4312 που
859 4260 1072 4312 ἑστῶτα
1106 4261 1169 4312 ἐκ
1219 4260 1412 4326 δεξιῶν
1461 4261 1554 4314 τοῦ
1602 4261 1737 4314 Θεοῦ
1765 4280 1778 4326 ;
1804 4262 1870 4314 Τί
1911 4264 2094 4315 τοίνυν
2131 4263 2271 4326 ἐστὶ,

709 4369 730 4402 ι
764 4351 906 4421 Πρὸς
929 4351 1021 4403 τὸν
1048 4349 1268 4418 Πατέρα
1325 4368 1425 4419 μου
1467 4352 1797 4420 πορεύομαι,
1827 4353 1922 4405 καὶ
1953 4353 2056 4405 οὐκ
2089 4353 2168 4403 ἔτι
2206 4369 2274 4421 με

703 4445 882 4513 θεωρή
896 4461 1036 4507 τετε,
1066 4461 1086 4493 ι
1113 4443 1142 4511 ἢ
1175 4443 1364 4512 ὥσπερ
1381 4443 1476 4495 νῦν
1498 4446 1613 4511 ειμι
1648 4443 1766 4513 μεθ’
1787 4444 1975 4512 ὐμῶνς
2005 4445 2137 4495 Τότε
2168 4445 2276 4513 γὰρ

2377 3359 2518 3409 σμου
2549 3343 2742 3394 τούτου
2773 3339 3052 3408 κέκριται.
3096 3341 3193 3400 Τίς
3219 3341 3368 3392 ἐστιν
3397 3339 3552 3402 οὗτος
3585 3343 3612 3393 6
3637 3341 3826 3408 ἄρχων
3855 3341 3955 3392 τοῦ

2374 3433 2581 3501 κόσμου
2607 3452 2620 3498 ;
2646 3433 2888 3494 Ἐκεῖνος
2919 3431 3050 3499 περὶ
3085 3431 3146 3485 οὗ
3176 3433 3378 3500 ἔφησεν
3411 3431 3670 3499 ἀλλαχοῶ
3697 3449 3713 3481 ι
3760 3432 3954 3500 Ἔρχε-

2373 3543 2465 3579 ται
2493 3528 2520 3578 6
2554 3525 2740 3594 ἇρχων
2769 3521 2866 3576 τοῦ
2905 3525 3114 3592 κόσμου
3165 3523 3383 3589 τούτου,
3418 3525 3513 3576 καὶ
3543 3526 3602 3576 ἐν
3630 3524 3756 3591 ipsi
3786 3525 3958 3591 εὑρή-

2375 3635 2458 3670 σει
2489 3617 2662 3680 οὖδέν,
2712 3635 2732 3667 ι
2767 3616 3070 3679 τουτέστιν,
3121 3616 3275 3668 οὐδὲν
3327 3617 3662 3685 ἁμάρτημα,
3703 3616 3956 3684 δηλονότι

2373 3710 2528 3762 οὐδὲν
2559 3709 2667 3762 τῶν
2713 3708 2897 3762 αὑτοῦ.
2946 3707 3103 3759 Κατὰ
3134 3710 3243 3777 γὰρ
3274 3709 3372 3776 τὴν
3413 3709 3691 3776 ἁμαρτίαν
3719 3711 3746 3760 6
3777 3709 3958 3761 διὰϐου

2375 3803 2463 3866 λός
2496 3805 2646 3854 ἔστιν
2689 3801 2876 3871 ἄρχων
2911 3801 3006 3854 τοῦ
3060 3803 3290 3870 κόσμου.
3336 3801 3410 3853 Ού
3441 3803 3552 3872 γὰρ
3582 3803 3676 3854 τοῦ
3715 3803 3956 3869 οὐρανοῦ

2375 3895 2467 3946 καὶ
2492 3895 2592 3959 τῆς
2621 3896 2744 3963 γῆς.
2780 3896 2876 3948 καὶ
2899 3897 3118 3949 πάντων
3147 3897 3258 3948 τῶν
3282 3897 3340 3948 ἐν
3377 3897 3560 3957 αὐτοῖς
3591 3897 3777 3964 ἄρχων
3809 3898 3960 3948 ἐστὶν

2373 3987 2403 4039 6
2436 3986 2703 4049 διάϐολος,
2735 3987 2857 4040 καθ’
2888 3988 2955 4058 ἦν
2995 3988 3279 4056 οημασίαν
3320 3989 3414 4040 τοῦ
3465 3988 3678 4053 κόσμου
3711 3987 3958 4053 λέγεται,

2383 4098 2402 4130 ι
2458 4079 2519 4132 Ὀ
2549 4081 2762 4148 κόσμος
2791 4081 2860 4133 δι’
2915 4081 3078 4133 αὑτοῦ
3109 4080 3330 4147 ἐγένετο
3352 4096 3368 4112 ο
3408 4098 3428 4130 ι
3459 4079 3577 4130 ἀλλ’
3617 4081 3833 4132 ἐκείνου
3863 4079 3962 4132 τοῦ

2327 4225 2335 4232 _
2377 4172 2585 4240 κόσμου
2615 4172 2801 4240 ἄρχων
2835 4174 2984 4223 ἐστὶν
3024 4173 3053 4224 6
3099 4170 3373 4233 διάϐολος,
3398 4172 3529 4237 περὶ
3555 4169 3617 4223 οὔ
3641 4188 3810 4239 φησιν
3841 4172 3961 4239 ἐφε-

2378 4261 2494 4328 ξῆς,
2527 4281 2546 4313 ί
2596 4263 2707 4316 Καὶ
2738 4263 2766 4314 6
2800 4263 3006 4331 κόσμος
3057 4261 3222 4316 αὑτὸν
3274 4263 3376 4315 οὐκ
3409 4263 3574 4330 ἔγνω,
3619 4279 3639 4314 ι
3670 4264 3964 4315 τουτέστιν

2375 4356 2424 4406 oi
2477 4356 2698 4407 ἄπιστοι
2747 4353 3044 4422 ἄνθρωποι,
3073 4346 3149 4406 ὧν
3203 4353 3327 4405 καθ’
3355 4354 3476 4405 ὅλον
3508 4352 3701 4405 ἑαυτὸν
3740 4353 3848 4416 πλῆ
3859 4370 3963 4422 ρης

2379 4446 2529 4496 ἐστὶν
2562 4447 2589 4498 6
2619 4446 2847 4512 κόσμος.
2886 4438 2988 4498 Ὧν
3019 4443 3222 4513 μεταξὺ
3251 4447 3278 4496 6
3309 4442 3500 4500 πιστὸς
3530 4442 3735 4510 κόσμος
3761 4445 3961 4503 στένει,

705 4536 786 4586 ἔτι
819 4525 1009 4604 θνητὸς
1049 4531 1116 4604 ἦν
1152 4536 1210 4586 ἐν
1244 4533 1550 4600 ὁμοιώματι
1601 4536 1806 4606 σαρκὸς
1859 4537 2155 4604 ἁμαρτίας,
2180 4534 2273 4586 καὶ
2307 4563 2350 4615 D
2379 4536 2438 4589 6v
2466 4537 2532 4588 ἐκ
2561 4535 2658 4588 τοῦ
2693 4538 2900 4605 κόσμου
2953 4535 3240 4600 ἐξελέξατο
3273 4535 3503 4598 ἐκεῖνος,
3532 4533 3603 4586 δι’
3640 4525 3701 4585 οὗ
3734 4535 3966 4600 γέγονεν

704 4631 894 4696 πεινῄν
933 4626 1164 4695 ἠδύνατο
1197 4628 1288 4690 καὶ
1337 4627 1497 4696 διψῇν
1536 4628 1632 4680 καὶ
1697 4629 1880 4680 πονεῖν
1928 4627 2024 4681 καὶ
2073 4625 2273 4679 καθεύ-

701 4720 830 4772 δειν.
862 4719 1065 4772 Τοῦτον
1096 4722 1276 4772 τοίνυν
1315 4718 1407 4771 τὸν
1438 4720 1699 4786 Χριστὸν,
1725 4720 1974 4774 τουτέστι
2005 4719 2271 4783 τοιοῦτον,

701 4814 803 4869 οὒκ
849 4813 929 4865 ἔτι
975 4812 1200 4881 ἔμελλον
1230 4811 1477 4880 ὄψεσθαι,
1508 4812 1648 4881 μετά
1678 4811 1737 4866 τὸ
1763 4811 1853 4864 τὸν
1880 4812 2085 4879 κόσμον
2117 4811 2275 4878 ἀφεῖ-

702 4924 790 4958 ναι
817 4924 831 4938 ο
862 4906 952 4957 καὶ
978 4906 1117 4972 αὕτη
1147 4907 1292 4957 ἐστὶν
1323 4908 1356 4974 ἡ
1387 4905 1488 4974 τῆς
1517 4907 1754 4966 πίστεως
1779 4905 2121 4969 δικαιοσύνη,
2151 4903 2275 4970 περὶ

703 4996 772 5068 ἧς
821 5017 986 5066 φησιν
1016 5001 1041 5050 6
1074 4998 1423 5062 ’Λπόστολος,
1461 5017 1478 5048 ι
1523 4999 1582 5049 Εἰ
1614 4999 1710 5050 καὶ
1763 4997 1991 5067 ᾔδειμεν
2021 4996 2110 5047 τὸν
2145 4997 2268 5062 Χρι-

707 5089 835 5141 στὸν
867 5087 1010 5139 κατὰ
1045 5090 1247 5158 σέιρκα,
1279 5089 1414 5141 ἀλλὰ
1450 5087 1544 5139 νῦν
1574 5088 1674 5138 οὐκ
1709 5086 1790 5139 ἔτι
1843 5086 2204 5152 γινώσκομεν.
2252 5103 2271 5134 ι

714 5181 910 5232 Ἔσται
948 5179 1151 5242 τοίνυν,
1206 5180 1397 5247 φησὶν,
1445 5178 1691 5248 ἡμετέρα
1724 5177 2071 5241 δικαιοσύνη,
2105 5176 2174 5228 δι’
2208 5169 2276 5245 ἦς

708 5279 735 5325 6
767 5274 970 5340 κόσμος
1002 5272 1473 5342 ἐξελεγχθήσεται,
1495 5272 1555 5324 τὺ
1579 5270 1910 5340 πορεύεσθαί
1930 5288 1996 5338 με
2031 5271 2165 5340 πρὸς
2186 5270 2279 5322 τὴν

709 5367 950 5434 Πατέρα,
981 5367 1078 5419 καὶ
1137 5367 1235 5418 οὐκ
1292 5366 1371 5418 ἔτι
1406 5383 1474 5434 με
1507 5365 1736 5434 θεωρεῖν
1762 5365 1927 5432 ὑμᾶς,
1956 5364 2037 5415 ὅτι
2086 5365 2167 5426 εἰς
2220 5360 2280 5414 ὃν

708 5459 810 5509 οὐκ
855 5457 1051 5526 ὄψεσθὲ
1099 5475 1164 5528 με
1222 5457 1528 5509 πιστεύετε.
1559 5457 1730 5508 Ὅταν
1761 5455 1816 5507 δὲ
1850 5455 1997 5522 ίῦητέ
2035 5471 2100 5523 με
2137 5454 2278 5520 ὅπερ

709 5552 923 5618 ἔσομαι.
954 5550 1072 5602 τότε
1102 5551 1199 5602 οὐκ
1231 5549 1423 5617 ὄψεσθε
1460 5549 1488 5602 ὃ
1528 5548 1624 5602 νῦν
1652 5550 1772 5613 εξμι
1798 5549 1920 5615 μεθ’
1947 5547 2103 5614 ὑμῶν
2127 5560 2142 5575 ‘
2177 5545 2281 5597 οὐκ

707 5641 906 5712 {Id/3303'
939 5660 1006 5712 με
1043 5645 1330 5706 ταπεινὸν,
1362 5641 1501 5696 ἀλλά
1551 5639 1756 5710 ὑψηλόν
1781 5657 1796 5671 ο
1827 5639 1929 5692 οὐκ
1978 5638 2179 5707 δψεσθέ
2212 5653 2280 5706 με

713 5736 927 5804 θνητὸν,
966 5735 1081 5788 ἀλλ’
1113 5736 1330 5787 αἰώνιον
1356 5752 1368 5764 ·
1403 5734 1502 5786 οὐκ
1542 5732 1740 5802 ὕφεσθε
1807 5749 1874 5800 με
1933 5733 2280 5798 κρινόμενον,

715 5827 852 5891 ἀλλὰ
905 5828 1190 5901 δικαστήν.
1223 5827 1319 5879 Ἐκ
1367 5830 1464 5893 τῆς
1512 5825 1784 5892 ὑμετέρας
1839 5824 2020 5876 τοίνυν
2075 5821 2276 5889 ταύτης

2376 4629 2404 4678 6
2460 4626 2684 4695 κόσμος.
2723 4627 2859 4693 Περὶ
2905 4620 2970 4680 οὗ
3022 4642 3191 4693 φησιν
3220 4627 3247 4677 6
3274 4623 3436 4685 αὑτός
3463 4640 3477 4654 ο
3529 4641 3548 4673 ι
3587 4623 3702 4676 Οὐκ
3734 4618 3904 4692 ἦλθεν
3936 4625 3964 4676 ὁ

2378 4719 2504 4786 Υἱὸς
2536 4718 2630 4772 τοῦ
2663 4716 2956 4787 ἀνθρώπου
2989 4716 3074 4768 ἶνα
3108 4715 3270 4785 κρίνῃ
3295 4715 3388 4767 τὸν
3423 4715 3651 4782 κόσμον,
3678 4714 3797 4766 ἀλλ’
3822 4715 3911 4766 ἵνα
3938 4717 3964 4767 6

2377 4812 2586 4879 κόσμος
2641 4808 2788 4878 σωθῇ
2842 4807 2911 4860 δι’
2955 4808 3144 4860 αὑτοῦ.
3197 4825 3217 4859 ι
3263 4807 3322 4858 '0
3355 4806 3559 4874 κόσμος
3590 4805 3783 4861 τούτου
3836 4816 3964 4877 κρι-

2378 4920 2562 4965 νοντος
2613 4900 3081 4969 κατακρίνεται,ό
3133 4899 3340 4966 κόσμος
3385 4898 3579 4950 τούτου
3637 4897 3964 4966 βοηθοῦντος

2381 4997 2638 5062 σώζεται.
2695 4996 2909 5063 Ὥσπερ
2943 4994 3051 5062 γὰρ
3085 4992 3144 5044 τό
3181 4991 3398 5060 δένδρον
3446 4991 3540 5043 καὶ
3590 4990 3829 5053 φύλλων,
3873 4991 3966 5042 mi

2384 5087 2595 5156 μήλων,
2625 5086 2718 5138 καὶ
2755 5086 2787 5150 ἡ
2822 5082 3093 5148 ᾶλωςκαὶ
3121 5081 3345 5150 ἀχύρων
3378 5079 3471 5131 καὶ
3521 5077 3692 5140 σίτου,
3732 5076 3907 5139 οῦτως
3940 5079 3965 5130 ό

2383 5177 2588 5246 κόσμος
2613 5177 2709 5228 καὶ
2737 5174 2946 5226 πιστῶν
2981 5173 3077 5224 καὶ
3105 5171 3355 5223 ἀπίστων
3383 5170 3497 5222 ἐστὶ
3529 5169 3745 5238 πλήρης
3775 5187 3786 5196 ·
3821 5171 3847 5220 6
3875 5169 3964 5237 ἐρ·

2380 5287 2492 5339 χων
2542 5267 2724 5320 τοίνυν
2777 5263 2874 5319 τοῦ
2911 5264 3144 5330 κόσμου,
3171 5263 3420 5314 τουτέστι
3451 5260 3546 5313 τοῦ
3581 5265 3808 5322 σκότους
3839 5262 3963 5313 τιύο

2379 5378 2500 5423 του,
2527 5360 2699 5428 ἦγουν
2718 5355 2828 5409 τῶν
2855 5357 3126 5420 ἀπίστων,
3149 5347 3224 5407 ὧν
3247 5353 3652 5407 ἀπαλλάττεται
3677 5356 3703 5406 6
3734 5354 3962 5420 κόσμος,

2381 5452 2511 5519 περὶ
2541 5448 2602 5500 οὗ
2636 5465 2801 5518 φησιν
2830 5489 2845 5512 ,
2885 5467 2902 5497 ι
2948 5444 3090 5500 ’[1τὲ
3118 5462 3251 5496 ποτε
3285 5445 3497 5508 σκότος,
3524 5444 3616 5496 νῦν
3649 5444 3706 5496 δὲ
3747 5443 3864 5512 φῶς
3905 5445 3960 5496 ὲν

2389 5542 2582 5612 Κυρίῳ
2609 5557 2624 5571 ’
2673 5558 2693 5591 ι
2724 5539 2853 5608 περὶ
2893 5530 2956 5590 οῦ
3003 5554 3172 5604 φησιν
3218 5535 3478 5605 ἀλλαχοῦ,
3516 5554 3533 5584 ι
3571 5535 3686 5587 Νῦν
3719 5538 3746 5588 6
3777 5536 3959 5604 ἅρχων

2383 5634 2478 5687 τοῦ
2531 5633 2739 5699 κόσμου
2785 5630 2977 5682 τούτου
3004 5628 3403 5698 ἐκϐληθήσεται
3440 5627 3565 5690 ἔξω,
3595 5645 3612 5678 ι
3651 5628 3754 5696 ἥδη
3779 5629 3958 5694 κέκρι-

2383 5744 2497 5791 ται,
2568 5723 2802 5792 έπείπερ
2867 5721 3268 5788 ἀνεπίστροφος
3349 5717 3424 5772 ὢν
3497 5719 3731 5787 ὥρισται
3786 5722 3958 5788 κρίσει

2389 5817 2559 5888 πυρὸς
2595 5815 2834 5870 αἰωνίου.
2884 5814 3018 5883 Περὶ
3075 5813 3276 5882 ταύτης
3313 5811 3491 5873 τοίνυν
3546 5814 3644 5881 τῆς
3689 5815 3959 5879 κρίσεως,
