4232 6448
199 468 349 541 1153

1191 469 1289 532 DE
1321 459 1844 534 PnOCESStONE‘
1890 458 2253 532 srimrus
2275 457 2550 531 SAth‘t

3343 458 3490 524 1154

200 591 299 645 sed
332 591 386 643 in
410 603 520 659 quo
543 584 916 641 communitas
947 592 1168 652 apparet
1200 586 1504 638 amborum.
1527 585 1639 638 Cur
1667 600 1796 653 ergo
1824 595 1871 649 Α
1900 583 1956 636 Si
1992 583 2157 652 igitur
2189 583 2513 652 intelligitur
2538 579 2648 639 hic.
2671 575 2792 645 ejus
2815 575 3277 642 doctrinmquam
3306 579 3488 624 tamen

202 698 316 738 non
355 681 673 742 credamus,
701 679 846 746 quod
879 675 1041 730 etiam
1073 677 1142 731 de
1175 676 1313 730 Filio
1338 678 1601 745 procedat
1629 675 1802 745 Spiri-

206 786 299 828 tus
333 784 584 840 sanctus,
622 786 747 826 cum
801 769 920 823 Filii
953 785 1176 840 quoque
1219 770 1333 838 ipse
1386 769 1458 822 sit
1517 767 1803 837 Spiritus?

205 871 262 921 Si
297 867 447 922 enim
482 880 590 919 non
629 864 697 917 ab
719 878 788 916 eo
821 863 1162 932 procederet.
1235 876 1342 914 non
1381 868 1505 930 post
1541 874 1793 912 resurre-

209 964 453 1016 cuoneut
482 972 542 1012 se
565 966 962 1025 repraesentans
993 954 1280 1022 discipulis
1305 954 1422 1006 suis
1452 949 1803 1012 insuﬂlasset,

207 1054 407 1106 dicens
448 1067 462 1104 :
509 1067 528 1100 ι
563 1049 806 1118 Accipite
847 1045 1114 1116 Spiritum
1150 1053 1459 1100 sanetum.)
1494 1043 1634 1109 Quid
1659 1043 1804 1097 enim

207 1142 363 1195 aliud
423 1139 756 1212 signiﬁcavit
820 1137 1138 1199 iusultlatio,
1189 1136 1292 1189 nisi
1342 1134 1484 1204 quod
1546 1133 1808 1203 procedat

211 1235 458 1304 Spiritus
487 1242 711 1287 sanctus
735 1240 789 1286 ct
820 1231 888 1284 de
917 1232 1034 1300 ipso
1065 1229 1088 1282 ?
1118 1228 1200 1282 Ad
1239 1230 1340 1281 hoc
1375 1227 1615 1296 pertinet
1641 1225 1807 1277 etiam

208 1330 377 1392 illud,
420 1328 561 1394 quod
615 1325 684 1380 de
713 1324 942 1377 muliere
992 1337 1113 1392 quae
1144 1322 1348 1374 ﬂitxum
1389 1317 1674 1385 sanguinis
1706 1331 1804 1384 pa-

213 1422 481 1482 tiebatur,
525 1419 645 1472 ait:
683 1436 700 1468 ι
737 1415 942 1486 Tetigit
978 1429 1066 1469 me
1097 1413 1320 1482 aliquis;
1358 1425 1462 1480 ego
1485 1410 1631 1464 enim
1662 1409 1809 1462 sensi

210 1515 282 1565 de
327 1525 415 1564 me
450 1511 711 1564 virtutem
767 1509 992 1562 exiisse.
1037 1525 1055 1558 ι
1113 1504 1245 1559 Nam
1313 1503 1532 1558 virtutis
1589 1503 1810 1556 nomine

213 1600 487 1670 appellari
509 1600 672 1653 etiam
699 1597 1255 1667 Spiritumsanctum,
1289 1602 1343 1646 et
1375 1607 1440 1644 eo
1463 1591 1582 1644 loco
1605 1590 1811 1642 clarum

214 1703 324 1756 est,
363 1689 456 1744 ubi
487 1688 738 1755 angelus,
795 1685 996 1739 dicenti
1046 1682 1230 1738 Maria:
1267 1698 1281 1734 :
1324 1701 1341 1732 ι
1377 1679 1664 1746 Quomodo
1722 1678 1813 1730 lict

219 1783 399 1848 istud,
438 1781 695 1850 quoniam
725 1779 898 1831 \‘irttm
932 1791 1038 1830 non
1073 1787 1347 1843 cognosco
1377 1772 1399 1824 ‘.'
1433 1789 1452 1822 ι
1493 1768 1813 1839 respondit:

223 1894 243 1925 ι
273 1873 516 1942 Spiritus
556 1878 780 1924 sanctus
803 1866 1151 1936 superveniet
1179 1867 1232 1919 in
1266 1875 1337 1928 te,
1364 1874 1417 1919 et
1443 1863 1615 1915 virtus
1648 1860 1816 1914 Altis-

1904 677 2042 729 dixit
2070 689 2176 728 non
2209 689 2384 736 suam,
2415 673 2508 726 sed
2533 671 2736 731 Patris,
2763 679 2968 740 quanto
2997 667 3170 736 magis
3191 663 3298 717 illie
3334 664 3492 716 intel-

1906 767 2154 836 ligendus
2193 776 2297 831 est,
2321 777 2376 820 et
2400 766 2466 819 de
2491 768 2609 835 ipso
2638 763 2936 836 procedere
2965 761 3208 830 Spiritus
3241 767 3489 820 sanctus,

1908 862 1999 914 tibi
2032 861 2112 915 sic
2145 861 2261 913 ait:
2298 859 2404 913 «De
2444 857 2608 913 Patre
2659 857 2960 927 procedit,»
2989 866 3045 908 ut
3078 869 3185 908 non
3245 853 3491 906 diceret:

1912 953 1988 1006 De
2018 968 2104 1005 me
2128 968 2235 1005 non
2263 951 2554 1021 procedit?
2585 951 2626 1002 Α
2658 965 2766 1018 quo
2799 959 2980 1002 autem
3017 947 3181 1000 habet
3229 942 3399 996 Filius
3438 952 3496 994 ut

1909 1047 1976 1100 sit
2017 1045 2180 1108 Deus,
2206 1053 2291 1098 est
2321 1044 2468 1098 enim
2505 1042 2572 1096 de
2600 1041 2711 1095 Deo
2749 1042 2912 1104 lli-us,
2959 1040 3026 1093 ab
3060 1039 3151 1092 illo
3192 1037 3359 1090 habet
3390 1043 3498 1087 utt-

1909 1153 2036 1208 que,
2073 1147 2130 1190 ut
2166 1138 2328 1191 etiam
2364 1136 2430 1190 de
2469 1137 2559 1188 illo
2590 1134 2851 1205 procedat
2879 1132 3121 1202 Spiritus
3153 1143 3399 1195 sanctus,
3433 1150 3498 1188 ac

1913 1246 2006 1300 per
2038 1233 2138 1284 hoc
2172 1229 2413 1300 Spiritus
2441 1239 2686 1291 sanctus,
2714 1236 2774 1280 ut
2798 1228 2962 1280 etiam
2990 1226 3055 1279 de
3094 1225 3230 1278 Filio
3300 1243 3494 1296 proce-

1913 1325 2029 1388 dat,
2056 1325 2198 1377 sicut
2219 1323 2467 1392 procedit
2499 1323 2566 1375 de
2601 1319 2782 1383 Patre,
2843 1319 2910 1371 ab
2943 1319 3061 1388 ipso
3093 1319 3257 1371 habet
3312 1317 3494 1371 Patre.

1913 1415 2015 1470 llic
2039 1428 2318 1483 utcunque
2373 1415 2536 1468 etiam
2593 1414 2723 1466 illud
2781 1413 3109 1481 intelligitur
3167 1420 3432 1480 quantum
3469 1429 3496 1463 a

1917 1507 2136 1569 talibus,
2171 1506 2364 1576 quales
2390 1520 2491 1559 nos
2525 1521 2740 1570 sumus,
2767 1503 2995 1574 intelligi
3028 1514 3232 1573 potest,
3266 1519 3365 1556 cur
3393 1520 3498 1556 non

1915 1599 2133 1653 dicatur
2165 1607 2331 1652 natus
2352 1613 2492 1664 esse,
2535 1599 2628 1652 sed
2696 1596 2877 1666 potius
2933 1597 3228 1663 procedere
3281 1595 3502 1665 Spritus

1918 1700 2162 1743 sanctus.
2189 1689 2459 1756 Quoniam
2490 1688 2534 1741 si
2567 1695 2622 1742 et
2674 1688 2792 1756 ipse
2850 1684 3022 1740 Filius
3052 1686 3353 1752 diceretur,
3388 1702 3503 1739 am-

1919 1783 2112 1838 borum
2168 1783 2358 1851 utique
2388 1780 2565 1835 Filius
2616 1781 2914 1844 diceretur,
2972 1781 3116 1847 quod
3166 1779 3503 1833 absurdissi-

1922 1893 2069 1930 mum
2092 1886 2214 1931 est:
2249 1876 2420 1929 Filius
2452 1875 2653 1943 quippe
2714 1873 2901 1927 nullus
2951 1882 3040 1927 est
3093 1871 3353 1935 duorum,
3395 1874 3498 1926 uid

217 1935 348 2016 siuii
383 1959 740 2013 obumbrabit
799 1935 921 2012 tibi.
964 1975 983 2009 ι
1021 1956 1085 2008 Ει
1113 1955 1228 2024 ipse
1264 1955 1532 2008 Dominus
1580 1953 1808 2022 premit-

1917 1972 2109 2040 patris,
2153 1979 2206 2023 et
2250 1969 2461 2023 matris.
2487 1968 2644 2022 Absit
2688 1978 2897 2026 autem,
2932 1974 2990 2018 ut
3038 1965 3179 2018 inter
3214 1965 3378 2018 Deum
3404 1965 3504 2017 l'a-

220 2063 352 2107 tens
377 2069 504 2106 euut
562 2052 869 2121 discipulis,
902 2050 975 2103 ait
1006 2064 1019 2101 :
1059 2066 1078 2100 ι
1133 2047 1242 2104 Vos
1275 2047 1461 2101 sedete
1486 2047 1540 2100 in
1569 2045 1812 2106 civitate,

219 2161 525 2217 quousque
575 2143 878 2198 induamini
932 2144 1130 2196 virtute
1160 2157 1222 2194 ex
1254 2142 1384 2193 alto.
1423 2157 1441 2190 ι
1494 2138 1560 2191 Ει
1595 2138 1815 2191 iterum:

227 2256 248 2290 ι
300 2237 626 2306 Accipietis,
708 2234 907 2303 inquit,
989 2235 1245 2285 virtutem
1317 2228 1557 2298 Spiritus
1616 2225 1817 2289 sancti,

222 2330 712 2400 superreuientem
743 2329 796 2380 iu
825 2341 940 2392 ros,
974 2334 1028 2378 et
1056 2323 1215 2379 eritis
1253 2323 1384 2376 mihi
1430 2331 1616 2376 testes.
1680 2337 1699 2370 ι
1742 2319 1820 2373 De

225 2427 334 2479 hac
415 2424 616 2476 virtute
667 2419 978 2474 credendus
1047 2429 1130 2471 est
1186 2419 1370 2470 dicere
1436 2413 1817 2482 evangelista:

233 2513 462 2568 «Virtus
496 2515 562 2566 de
587 2513 678 2566 illo
704 2513 911 2572 exibat,
957 2520 1011 2564 ct
1042 2510 1274 2563 sanabat
1307 2522 1553 2560 omnes.»
1600 2504 1657 2557 Si
1691 2519 1824 2573 ergo

227 2616 286 2660 et
304 2607 376 2659 de
401 2604 560 2658 Patre
583 2615 635 2657 et
658 2601 724 2655 de
748 2599 886 2654 Filio
917 2601 1159 2668 procedit
1193 2596 1429 2666 Spiritus
1452 2601 1698 2654 sanctus,
1725 2606 1826 2645 cur

229 2697 411 2751 Filius
444 2696 581 2749 dixit
618 2712 636 2753 ι
665 2694 770 2746 «De
793 2691 953 2745 Patre
982 2690 1228 2760 procedit
1258 2689 1311 2740 “li
1350 2689 1457 2741 Cur
1507 2696 1685 2754 putas,
1715 2683 1822 2738 nisi

230 2789 700 2861 quemadmodum
724 2787 790 2839 ad
817 2801 941 2839 eum
964 2787 1106 2839 solet
1129 2783 1356 2847 referre,
1380 2790 1435 2835 et
1464 2783 1608 2849 quod
1649 2779 1826 2849 ipsius

232 2893 342 2947 est,
372 2882 440 2936 de
471 2893 583 2950 quo
611 2889 663 2934 ct
695 2879 813 2949 ipse
839 2885 922 2930 est
950 2876 974 2930 ἲ
1001 2875 1152 2930 Unde
1188 2873 1320 2927 illud
1358 2881 1463 2935 est,
1496 2871 1642 2940 quod
1705 2871 1823 2924 ait:

247 2974 393 3030 (Mea
421 2973 676 3028 doctrina
706 2987 814 3024 non
836 2977 920 3024 est
942 2966 1199 3033 mea,st
1231 2967 1350 3036 ejus
1383 2964 1477 3034 qui
1509 2961 1660 3018 misit
1683 2977 1820 3016 me.»

237 3159 339 3213 καὶ
369 3155 635 3224 ἑκάτερος
667 3149 990 3213 καλοῦνται,
1030 3146 1177 3208 ἰδίως
1200 3145 1363 3198 τοῦτο
1404 3143 1514 3197 ἔδει
1543 3143 1830 3195 καλεῖσθαι

1920 2070 2156 2123 trcm,et
2211 2061 2378 2112 Deum
2417 2058 2613 2111 Filium
2676 2057 2784 2111 tale
2842 2057 3051 2127 aliquid
3115 2057 3501 2123 suspicemutl

1918 2154 2055 2219 Quia
2093 2167 2195 2208 nec
2237 2151 2409 2205 Filius
2453 2152 2692 2205 hominis
2720 2150 2912 2214 simul,
2945 2159 2996 2203 et
3041 2165 3106 2201 ex
3150 2157 3301 2216 patre
3345 2157 3399 2202 et
3438 2165 3504 2200 ex

1921 2256 2094 2302 matre
2129 2248 2374 2316 procedit
2407 2266 2421 2312 ;
2454 2245 2548 2300 sed
2573 2260 2694 2298 eum
2751 2242 3000 2314 procedit
3051 2255 3116 2296 ex
3178 2249 3354 2311 patre,
3397 2256 3502 2293 non

1921 2347 2053 2391 tune
2115 2339 2363 2408 procedit
2415 2348 2469 2391 ct
2513 2352 2579 2391 ex
2625 2346 2839 2400 matre;
2889 2344 2941 2388 et
2972 2350 3096 2387 rum
3145 2333 3196 2386 iu
3253 2333 3393 2385 hanc
3425 2334 3507 2384 Iu-

1923 2447 2040 2484 cem
2071 2431 2275 2499 prodit,
2303 2429 2552 2498 procedit
2596 2444 2661 2482 ex
2691 2438 2884 2491 matre,
2935 2442 3044 2481 non
3083 2437 3212 2479 tunc
3263 2426 3460 2493 proced
3491 2437 3509 2478 ι

1923 2536 1986 2574 ex
2024 2529 2199 2589 patre.
2232 2520 2474 2588 Spiritus
2495 2528 2676 2573 autem
2710 2531 2940 2572 sanctus
2963 2533 3069 2570 non
3097 2517 3163 2571 de
3193 2516 3356 2570 Patre
3383 2535 3505 2585 pru-

1926 2613 2072 2665 eedit
2105 2612 2159 2664 in
2189 2612 2409 2676 Filium,
2446 2620 2498 2665 et
2527 2612 2593 2664 de
2624 2611 2762 2664 F.lio
2785 2612 3032 2680 procedit
3057 2613 3121 2664 ad
3151 2613 3507 2665 sanctiﬁcan-

1926 2703 2050 2757 dam
2091 2716 2426 2767 creaturam,
2481 2703 2574 2756 sed
2619 2703 2780 2755 simul
2811 2702 2878 2756 de
2918 2714 3156 2770 utroque
3206 2705 3451 2770 procedit
3495 2721 3508 2754 :

1927 2798 2181 2866 quamvis
2213 2796 2315 2849 hoc
2349 2796 2482 2848 Filio
2506 2794 2668 2848 Pater
2690 2796 2922 2857 dederit,
2963 2807 3018 2848 ut
3050 2796 3512 2864 quemadmodum

1929 2889 1995 2942 de
2028 2904 2107 2952 se,
2142 2887 2215 2940 ita
2263 2889 2330 2940 de
2381 2887 2473 2940 illo
2520 2902 2737 2955 quoque
2794 2888 3071 2956 procedit.
3132 2887 3319 2957 Neque
3366 2891 3512 2942 enini

1930 2993 2225 3048 possumus
2256 2980 2440 3034 dicere
2499 2979 2641 3049 quod
2676 2995 2782 3032 nou
2843 2978 2916 3034 sit
2950 2981 3060 3033 vita
3098 2981 3338 3050 Spiritus
3386 2997 3517 3035 sau-

1937 3160 2064 3231 παρ’
2100 3159 2161 3212 οὗ
2210 3160 2305 3211 καὶ
2351 3160 2514 3223 αὑτός
2568 3160 2739 3213 ἐστιν.
2776 3159 2944 3212 Ὅθεν
2982 3161 3226 3214 ’κάκεῖνό
3277 3163 3448 3224 ἐστιν,
3491 3163 3520 3211 ὀ

242 3247 426 3350 ικεῖνο
457 3243 598 3350 ὅπερ
634 3240 695 3291 οὐ
752 3237 989 3350 θατέρου
1030 3236 1241 3350 τούτων
1295 3234 1622 3350 sertulam"
1677 3234 1735 3283 ἐν
1786 3225 1905 3350 (Ioc
1938 3225 2128 3322 φήσιν,
2168 3269 2186 3301 ε
2241 3252 2307 3303 οη
2347 3252 2457 3319 ἐμὴ
2506 3250 2697 3320 διδαχὴ
2744 3251 2843 3303 οὐκ
2877 3251 3029 3305 ἔστιν
3062 3254 3198 3323 ἐμὴ,
3253 3253 3391 3307 ἀλλά
3422 3256 3517 3307 τοῦ

240 3337 507 3405 φαίνεται
547 3334 609 3387 τὸ
664 3332 845 3384 κοινὸν
904 3331 1284 3398 ἀμφωτέρων.
1327 3329 1482 3382 Διατί
1533 3326 1718 3379 τοίνυν
1759 3326 1836 3395 μὴ

241 3429 650 3496 πιστεύσωμεν
704 3427 799 3477 καὶ
868 3427 932 3476 ἐκ
985 3424 1080 3475 τοῦ
1132 3421 1266 3473 Υίοῦ
1322 3417 1721 3487 ἐκπορεύεσθαι
1774 3419 1837 3468 τὸ

244 3523 483 3593 Πνεῦμα
541 3521 605 3573 τὸ
658 3519 840 3586 ἅγιον,
896 3517 1020 3569 ἐπεὶ
1053 3513 1277 3568 καὶτοῦ
1321 3513 1453 3565 Υἱοῦ
1505 3515 1656 3564 ἐστιν
1706 3510 1836 3563 αὐτὸ

243 3616 518 3685 Πνεῦμα;
563 3614 625 3665 Εἰ
656 3613 765 3680 γὰρ
815 3610 893 3680 μὴ
939 3610 1070 3678 παρ’
1100 3605 1265 3659 αὑτοῦ
1308 3603 1690 3674 ἐξεπορεύετο,
1736 3604 1836 3654 ούκ

243 3714 314 3766 ἂν
352 3713 494 3780 μετὰ
525 3711 623 3778 την
657 3706 961 3760 ἀνάστασιν
989 3702 1185 3754 ἐαυτὸν
1215 3699 1538 3770 ἐμφανίζων
1572 3700 1684 3759 τοῖς
1735 3713 1836 3766 μα-

242 3806 470 3873 θηταῖς,
500 3801 841 3868 ἐνεφύσησεν
860 3797 1046 3858 αὐτοῖς
1071 3796 1249 3861 λέγων
1272 3811 1286 3825 ·
1327 3811 1345 3843 ι
1371 3793 1585 3844 Λάϐετε
1611 3792 1835 3858 Πνεῦμα

240 3902 432 3963 arm.
470 3915 488 3946 ι
531 3894 596 3944 Τί
635 3895 746 3961 γὰρ
778 3891 970 3958 ἕτερον
1025 3885 1286 3956 ἐδηλοῦτο
1342 3885 1410 3938 δι’
1469 3886 1688 3937 ἐκείνου
1739 3883 1834 3934 τοῦ

242 3992 677 4058 ἑμφυσήματος,
704 3987 752 4036 εί
783 3983 859 4053 μὴ
888 3984 972 4035 ὅτι
999 3983 1094 4034 καὶ
1124 3979 1492 4058 παρ’ἐκείνου
1518 3978 1579 4030 τὸ
1609 3975 1836 4044 Πνεῦμα

241 4083 309 4133 τὸ
342 4082 502 4146 ἆγιον
537 4075 942 4146 ἐκπορεύεται,
998 4071 1142 4140 Πρὸς
1189 4072 1348 4124 τοῦτο
1380 4070 1425 4121 δ’
1482 4071 1677 4140 ἀνήκει
1737 4075 1837 4122 κα-

243 4177 422 4236 κεῖνο,
459 4174 598 4240 ὅπερ
631 4170 768 4237 φησὶ
800 4167 929 4235 περὶ
961 4167 1058 4234 τῆς
1093 4163 1512 4234 αἰμορῤοούσης
1543 4162 1828 4229 γυναικὸςο

251 4288 271 4318 ο
310 4264 532 4334 Ἥψατό
565 4263 668 4331 μού
715 4278 797 4323 τις
828 4278 843 4291 ·
878 4260 989 4326 ἐγὼ
1022 4259 1130 4329 γὰρ
1183 4258 1358 4324 ἔγνων
1413 4256 1648 4325 δύναμιν
1686 4256 1839 4320 ἐξελ-

245 4357 456 4410 θοῦσαν
483 4356 542 4418 ἐξ
565 4351 721 4421 ἐμοῦ·
764 4370 783 4403 ι
821 4352 884 4403 τί,
901 4352 1010 4421 γὰρ
1041 4350 1118 4419 τῷ
1150 4350 1383 4417 ὀνόματι
1417 4350 1516 4417 ’ἧς
1551 4348 1839 4418 δυνάμεως

247 4452 351 4504 καὶ
379 4451 440 4502 τι
477 4446 703 4516 Πνεῦμα
727 4445 788 4496 τὸ
823 4447 981 4510 ἅγιον
1036 4441 1325 4494 καλεῖσθαι
1371 4440 1533 4510 δῆλον
1577 4442 1635 4507 ἐξ
1680 4439 1754 4494 ὧν
1810 4443 1838 4494 ὁ

245 4541 515 4609 ἅγγελτι,
549 4543 618 4610 τῇ
650 4540 839 4606 Μαρίᾳ
868 4536 1128 4606 λεγούσῃ,
1185 4553 1202 4585 ι
1236 4536 1395 4588 Κατὰ
1445 4535 1497 4587 τί
1544 4535 1836 4602 γνώσομαι

1939 3344 2256 3412 πέμψαντός
2284 3361 2354 3412 με
2387 3344 2620 3412 Πατρός.
2656 3362 2673 3395 ι
2703 3344 2762 3395 Εἰ
2791 3345 2975 3397 τοίνυν
3002 3346 3282 3399 κάνταῦθα
3315 3350 3520 3400 νοεῖται

1939 3434 2221 3489 κα“ιαύτοῦ
2256 3437 2287 3504 ἡ
2325 3435 2674 3499 διδασκαλία,
2705 3435 2884 3487 καίτοι
2923 3437 3133 3504 ταύτην
3161 3437 3259 3506 οὐχ
3297 3439 3519 3498 ἐαυτοῦ,

1941 3528 2081 3580 ἀλλὰ
2113 3526 2211 3579 τοῦ
2267 3526 2483 3593 Πατρδς
2513 3522 2654 3579 εἶναι
2713 3529 3016 3595 φήσαντος,
3051 3527 3167 3590 rd);
3215 3530 3276 3580 ού
3316 3531 3503 3596 μᾶλλο

1942 3622 2105 3672 κάκεῖ
2136 3617 2216 3668 δεῖ
2248 3620 2391 3668 νοεῖν
2445 3618 2537 3668 καὶ
2598 3616 2729 3682 παρ’
2783 3617 2949 3667 αὑτοῦ
2999 3617 3403 3686 ἐκπορεύεσθαι
3462 3621 3523 3670 τἈ

1941 3709 2172 3776 Πλεῦμα
2245 3709 2307 3760 ’τὸ
2375 3708 2554 3774 ἅγιον,
2626 3707 2756 3758 ἐν.οα
2808 3705 2986 3770 οῦτως
3039 3709 3263 3774 ἔφησεν,
3309 3713 3370 3759 ἐκ
3429 3709 3521 3760 τοῦ

1945 3800 2157 3870 Πατρὺς
2214 3800 2346 3852 αὐτο
2405 3798 2846 3869 ἐκπορεύεσθαι,
2919 3799 2991 3862 ὼς
3043 3801 3121 3868 μὴ
3171 3801 3352 3866 λέγειν
3429 3806 3526 3852 καί

1950 3915 1966 3945 ι
2006 3894 2136 3964 παρ’
2178 3894 2316 3964 ἐμοῦ
2355 3892 2432 3962 μὴ
2462 3892 2906 3962 ἐκπορεύεσθαις
2941 3910 2959 3942 ι
2997 3891 3129 3959 παρ’
3163 3888 3223 3946 οῦ
3249 3893 3306 3944 δὲ
3334 3894 3450 3961 ἔχει
3499 3900 3526 3946 ο

1945 3989 2070 4049 Υἰὸς
2100 3988 2158 4038 τὸ
2204 3981 2346 4038 εἶναι
2387 3985 2541 4049 θεὸς,
2580 3985 2696 4035 ἐστι
2739 3985 2845 4052 γὰρ
2886 3984 3018 4042 Θεὸς

1943 4077 2110 4131 αὐτοῦ
2145 4077 2260 4146 ἔχει
2298 4077 2519 4137 πάντως
2543 4076 2600 4126 τὸ
2634 4075 2728 4126 καὶ
2762 4075 2893 4144 παρ’
2914 4073 3082 4126 αὑτοῦ
3112 4075 3526 4146 ἐκπορεύεσθαι

1941 4171 2004 4222 τὺ
2037 4169 2260 4240 Πνεῦμα
2300 4169 2359 4220 τὸ
2411 4167 2590 4226 ἕκγιον.
2641 4167 2914 4222 Ἐνταῦθα
2965 4167 3217 4220 ὁπωσοῦν
3269 4169 3526 4230 κάκεῖνος

1944 4264 2172 4323 νοεῖται,
2210 4259 2284 4321 ὡς
2321 4260 2549 4311 δυνλτίιν
2581 4259 2733 4330 παρὰ
2777 4262 2859 4324 *ἐς
2890 4254 2992 4312 οἷοι
3018 4258 3206 4329 ἡμεῖς,
3257 4257 3525 4320 νοεῖσθαι,

1944 4355 2060 4416 πῶς
2080 4355 2140 4406 ού
2164 4352 2370 4422 μᾶλλον
2394 4368 2519 4417 γενν
2551 4351 2715 4411 σθαι,
2741 4348 3279 4420 ιἰιλίκπορεύισθαι
3303 4351 3528 4420 Emam

1943 4449 2004 4500 τὸ
2032 4446 2257 4515 Πνεῦμα
2279 4445 2340 4496 τὸ
2367 4444 2486 4510 ὅστις
2543 4491 2556 4509 ,
2594 4445 2649 4494 .Ji
2675 4445 2784 4511 γὰρ
2812 4443 2972 4494 τοῦτο
3003 4442 3124 4504 Υἱὸς
3155 4442 3394 4510 nam,
3432 4446 3443 4458 '
3463 4463 3527 4514 μ-

1953 4560 2046 4608 .9.":
2086 4556 2195 4608 pm
2219 4538 2284 4590 ἂν
2319 4538 2430 4596 υἱὸς
2462 4536 2702 4602 ἐλέγετο,
2761 4535 2898 4602 ὅπερ
2934 4536 3302 4602 ἀνοητότατον
3349 4539 3522 4590 ἐστιν.

3068 3987 3132 4035 ἐκ
3180 3983 3343 4046 Θεοῦ,
3383 3984 3522 4052 παρ’

288 4631 439 4693 ν’·ῧτον
495 4628 617 4679 ἕπε’*
657 4627 830 4694 ἄνδρα
899 4624 960 4675 οὐ
1039 4621 1332 4689 γινώσκω
1376 4639 1413 4672 ³¹
1450 4623 1792 4690 ἀπεκρίνατο
1817 4640 1829 4652 ⁸
1872 4645 1915 4697 ι)
1945 4633 2132 4695 Οὐδεὶς
2162 4630 2274 4699 γὰρ
2309 4630 2433 4689 Υἱὸς
2467 4628 2612 4680 δυεῖν
2644 4629 2761 4679 ἐστι
2791 4628 2932 4697 πλὴν
2962 4627 3055 4679 τοῦ
3081 4630 3287 4700 πατρὸς
3311 4633 3404 4682 καὶ
3429 4633 3526 4698 τῆς

317 4722 545 4789 Πνεῦμα
579 4719 736 4786 ἆγιον
791 4717 1161 4768 ἐπελεύσεται
1208 4715 1304 4766 ἐπὶ
1339 4715 1422 4777 σὲ,
1461 4714 1556 4766 καὶ
1604 4713 1838 4783 δύναμις

257 4815 532 4884 Ὑψίστου
576 4810 896 4864 ἐπισκιάσει
927 4825 1034 4859 σοι.
1076 4825 1094 4859 ι
1143 4806 1306 4860 Ἀλλὰ
1325 4805 1423 4858 λαὶ
1458 4806 1621 4868 αὐτὸς
1662 4807 1690 4857 ὁ
1721 4806 1836 4858 Κύ-

247 4925 372 4982 ριος
428 4906 870 4976 υπνσχνούμενος
917 4901 1050 4954 αὐτὸ
1106 4902 1221 4963 τοῖς
1276 4900 1551 4969 μαθηταῖς
1621 4916 1836 4967 φησιν·

321 5001 517 5069 Ὑμεῖς
545 4999 603 5050 δέ
633 4996 901 5050 καθίσατε
933 4995 992 5044 ἐν
1028 4995 1095 5062 τῇ
1131 4992 1289 5044 πόλει
1339 4989 1705 5061 Ἰερουσαλὴμ
1733 4990 1836 5055 ἐως

245 5087 314 5148 οὗ
340 5089 642 5146 ἐνδύστπσοε
673 5089 908 5156 δύναμιν
940 5084 999 5147 ἐξ
1026 5085 1218 5153 ῦψους,
1262 5103 1280 5136 ι
1316 5084 1414 5136 καὶ
1435 5083 1598 5136 πάλιν
1623 5101 1637 5115 ·
1683 5101 1702 5132 σ
1733 5085 1844 5151 Λη-

246 5185 450 5257 ψεσθε,
488 5182 646 5252 φησι,
700 5180 936 5247 δύναμιν
970 5175 1295 5239 ἐπελθόντος
1347 5175 1444 5227 τοῦ
1481 5173 1639 5242 ἁγίου
1670 5174 1842 5227 Πνεύ-

250 5291 433 5349 ματος
458 5273 543 5341 ἐφ’
581 5272 751 5340 ὑμᾶς,
784 5269 882 5321 καὶ
913 5266 1108 5319 ἐσεσοέ
1151 5281 1244 5336 μοι
1291 5265 1592 5334 μάρτυρες.
1633 5282 1653 5315 ι
1705 5264 1844 5330 Περὶ

246 5369 465 5435 ταύτης
496 5365 680 5418 τοίνυν
705 5364 805 5432 τῆς
834 5361 1122 5429 δυνάμεως
1168 5359 1493 5411 πιστευτέον
1538 5358 1633 5409 τὸν
1681 5358 1845 5426 εὐαγ-

244 5459 519 5528 γελιστὴν
554 5455 759 5521 λέγειν,
799 5470 820 5503 ο
855 5452 1104 5520 Δύναμις
1155 5449 1290 5519 παρ’
1322 5448 1490 5502 αὑτοῦ
1549 5449 1840 5519 ἐξήρχετο,

251 5556 354 5609 καὶ
403 5551 524 5602 Ιᾶτο
547 5549 786 5608 πάντας.
820 5563 838 5596 ι
874 5545 937 5598 Et
959 5544 1144 5596 τοίνυν
1171 5544 1270 5595 καὶ
1295 5544 1450 5612 παρὰ
1472 5541 1568 5594 τοῦ
1604 5542 1841 5611 Πατρὸς,

250 5646 354 5699 καὶ
390 5642 548 5711 παρὰ
576 5639 670 5693 τοῦ
711 5638 842 5690 Υίοῦ
883 5637 944 5690 τὸ
979 5637 1134 5704 ἆγιον
1169 5635 1542 5703 ἐκπορεύεται
1587 5633 1840 5703 Πνεῦμα,

247 5737 410 5796 τίνος
442 5734 608 5802 χάριν
631 5732 660 5783 ὁ
687 5729 816 5791 Υίδς
845 5728 1057 5797 εῐρηκε,
1100 5745 1118 5778 ι
1155 5727 1316 5795 Παρὰ,
1355 5723 1450 5778 τοῦ
1483 5725 1698 5794 Πατρὺς
1751 5727 1842 5776 ἐκ-

252 5827 600 5900 πορεύεται;
656 5841 677 5876 ι
731 5820 888 5874 Διατί
937 5819 1032 5872 οῦν
1074 5821 1212 5885 olet;
1253 5819 1482 5882 Πάντως
1531 5818 1590 5870 ὃν
1633 5818 1841 5888 τρόπον

245 5924 452 5982 εἴωθεν
485 5919 786 5990 ἀναφέρειν
815 5916 950 5987 πρὸς
977 5916 1069 5971 τὸν
1106 5916 1328 5986 Πατέρα
1359 5916 1456 5969 καὶ
1518 5912 1584 5967 τὰ
1616 5914 1839 5982 ἑαυτοῦ,

1945 4724 2175 4794 μητρός.
2224 4723 2416 4790 ’Δπείη
2445 4720 2502 4771 δέ
2531 4719 2775 4771 τοιοῦτόν
2814 4736 2866 4770 τι
2906 4720 3116 4788 μεταξὺ
3142 4721 3234 4772 τοῦ
3268 4722 3404 4773 Θεοῦ
3435 4726 3528 4775 καὶ

1947 4816 2161 4886 Πατρὺς
2204 4815 2299 4867 καὶ
2345 4812 2440 4865 τοῦ
2489 4812 2628 4864 Θεοῦ
2663 4813 2760 4863 καὶ
2796 4812 2927 4863 Υίοῦ
2962 4813 3116 4880 ἡμᾶς
3169 4814 3525 4866 ἐποπτεύειν.

1954 4909 2111 4961 Ἐπεὶ
2147 4907 2242 4960 καὶ
2292 4909 2320 4960 ὁ
2375 4905 2492 4968 υίὸς
2526 4904 2635 4955 τῶν
2671 4902 2982 4971 ἀνθρώπων
3035 4906 3132 4973 οὺχ
3169 4904 3284 4971 ἅμα
3335 4907 3397 4957 ἐκ
3431 4907 3527 4958 τοῦ

1943 5001 2145 5070 πιτρὺς
2182 5001 2400 5070 πρόεισι
2441 4999 2537 5050 καὶ
2583 4997 2685 5066 τῆς
2721 4998 2928 5066 μητρός
2961 5012 2976 5028 '
3005 4995 3126 5049 ἀλλ’
3178 4998 3306 5049 ὅταν
3357 5000 3526 5067 προΐῃ

1943 5095 2008 5146 ἐκ
2067 5091 2165 5144 τοῦ
2227 5091 2461 5160 πατρὸς,
2502 5089 2656 5141 οὔπω
2692 5090 2945 5157 πρόεισιν
3005 5090 3071 5140 ἐκ
3120 5088 3220 5156 τῆς
3271 5091 3476 5158 μητρός
3509 5106 3523 5120 ·

1945 5188 2038 5237 καὶ
2070 5187 2204 5237 ὅταν
2265 5187 2346 5246 είς
2402 5183 2561 5234 τοῦτο
2604 5183 2666 5233 τὸ
2717 5182 2831 5250 φῶ,
2869 5182 3237 5250 προέρχηται,
3285 5183 3346 5233 ού
3400 5189 3525 5233 τ-έτε

1944 5279 2283 5348 προέρχεται
2321 5281 2416 5328 καὶ
2471 5276 2533 5326 ἐκ
2581 5274 2673 5327 τοῦ
2711 5275 2941 5339 πατρὸς.
2986 5274 3058 5324 Τὸ
3105 5273 3162 5324 δὲ
3200 5274 3426 5342 Πνεῦμα
3467 5279 3527 5327 τὸ

1945 5370 2100 5437 ἆγιον
2134 5369 2236 5420 οὑκ
2257 5372 2320 5420 ἐκ
2356 5368 2451 5420 τοῦ
2491 5367 2706 5436 Πατρὸς
2762 5366 3125 5434 ἐκπορεύεται
3159 5370 3350 5428 εἰςτὸν
3376 5368 3441 5420 Υί
3475 5388 3523 5433 ν,

1945 5465 2055 5513 κάκ
2091 5459 2187 5512 τοῦ
2242 5459 2371 5511 Υίοῦ
2417 5460 2784 5527 ἐκπορεύεται
2837 5460 2973 5528 πρὸς
3020 5459 3081 5511 τὸ
3140 5458 3391 5526 ἀγιάζειν
3425 5465 3525 5526 τὴν

1945 5554 2146 5618 κτίσιν,
2181 5552 2297 5605 ἀλλ’
2325 5552 2462 5622 ὁμοῦ
2491 5554 2548 5617 ἐξ
2574 5552 2911 5622 ἀμφοτέρων
2941 5552 3328 5622 ἐκπορεύεται,
3363 5553 3409 5602 εί
3428 5553 3525 5602 καὶ

1944 5646 1972 5698 ὁ
1995 5647 2187 5715 Πατὴρ
2213 5643 2375 5698 τοῦτο
2405 5645 2607 5697 δέδωκε
2640 5645 2716 5712 τῷ
2747 5644 2884 5713 Υίῴ,
2914 5644 2982 5696 ἵν’
3004 5645 3194 5713 ὥσπερ
3221 5644 3280 5709 ἐξ
3303 5643 3525 5708 ἐαυτοῦ,

1944 5734 2091 5789 οὕτω
2129 5737 2224 5786 καὶ
2255 5735 2314 5799 ἐξ
2367 5735 2580 5786 ἐκείνου
2609 5732 3010 5803 ἐκπορεύηται.
3045 5735 3183 5786 Οῦόε
3215 5735 3326 5803 γὰρ
3359 5733 3526 5786 διινὰ-

1948 5828 2088 5897 μεθα
2111 5826 2313 5894 λέγειν,
2349 5825 2425 5895 μὴ
2456 5821 2597 5877 εἶναι
2632 5825 2780 5895 ζωὴν
2821 5827 2885 5878 τὸ
2931 5825 3157 5896 Πνεῦμα
3207 5825 3269 5877 τὸ
3311 5826 3469 5894 ἅγιον
3505 5842 3523 5858 ο

1955 5920 2080 5972 ἐπεὶ
2113 5919 2209 5972 καὶ⁵
2236 5918 2264 5966 ὁ
2287 5916 2474 5988 Πατὴρ
2499 5916 2616 5988 ζωή
2646 5919 2879 5972 ἐστικαὶ
2906 5919 2934 5972 ὁ
2960 5918 3106 5982 Υίίς.
3128 5919 3234 5973 Καὶ
3261 5919 3346 5973 δ;ἀ
3364 5920 3526 5973 τοῦτο
