4232 6448
206 456 348 519 1157

1175 455 1272 517 DE
1308 448 1829 516 PROCESSIONE
1869 449 2229 513 SPlRITUS
2272 449 2560 515 SANCTI.

3337 456 3482 521 1153

210 571 618 642 gloriﬁt'alurus
655 569 798 623 :ltoc
837 585 992 624 sacer
1029 572 1296 640 psalmus,
1367 573 1465 624 ltoe
1509 572 1624 638 ipse
1668 570 1799 624 Uni-
1829 579 1873 633 Α
1915 578 2269 636 putaverunt,
2304 572 2581 623 tnittut'est
2607 567 2744 620 ("ilio
2779 568 3016 638 Spiritus
3047 581 3270 627 sanctus
3299 591 3313 639 ;
3347 592 3481 642 qua-

207 666 431 730 geuitus
462 663 713 732 promisit
738 663 1006 728 futurum,
1037 666 1181 733 quod
1209 666 1458 718 videmus
1486 664 1790 731 impletum.

213 758 372 820 Quod
403 767 586 809 autem
612 760 688 809 ait
718 756 849 810 Ztnt‘.
875 772 996 810 meo
1026 757 1273 824 accipiet,
1305 766 1357 808 et
1387 755 1788 817 annuuliabit,»

215 846 506 900 catholicis
541 847 727 899 audite
749 847 1001 908 auribus,
1027 845 1320 898 catholicis
1352 846 1612 912 percipite
1645 859 1796 896 men-

219 938 390 991 tibus.
426 937 542 989 Non
579 939 726 990 enim
751 945 1061 1006 propterea,
1097 938 1238 990 sicut
1269 937 1492 1006 quidam
1553 939 1796 992 ltaaretici

213 1099 329 1168 γὰρ
359 1097 552 1168 ὥσπερ
590 1099 733 1157 τινὲς
785 1095 1046 1164 ᾠήθησαν
1080 1096 1188 1146 τῶν
1222 1095 1543 1162 αἱρετικῶν,
1577 1094 1800 1146 ἔλαττόν

1906 665 1950 714 si
1981 660 2150 715 Filius
2189 662 2424 731 accipiat
2482 680 2510 712 :t
2563 663 2740 723 Patre,
2800 673 2854 714 et
2907 663 3144 732 Spiritus
3198 679 3422 723 sanctus
3457 688 3484 720 :t

1905 755 2043 808 Filio
2073 755 2400 821 quibusdam
2451 753 2711 823 gradibus
2745 763 3092 808 naturarum.
3156 758 3314 812 Absit
3384 760 3486 814 ltoc

1903 847 2127 898 credere
2156 846 2168 897 !
2200 846 2338 898 absit
2373 846 2474 898 ltoc
2498 845 2681 898 dicere
2711 844 2722 895 l
2758 843 2902 897 absit
2937 861 2964 897 a
2994 837 3323 903 Christianis
3362 865 3486 903 coro

1903 937 2066 991 dibus
2098 937 2340 1007 cogitare
2370 937 2382 989 l

1925 1095 2244 1165 Πνεύματος
2294 1099 2446 1165 παρὰ
2493 1096 2584 1150 τοῦ
2644 1097 2773 1150 ΥΞοῦ
2808 1096 3032 1166 βαθμοῖς
3069 1115 3178 1150 τισι
3243 1098 3482 1165 φύσεων.

215 1192 340 1242 ἐστι
367 1191 458 1241 τοῦ
501 1189 629 1242 Υἱού
655 1191 714 1241 τὸ
745 1189 970 1257 Πνεῦμα
1021 1187 1080 1240 τὸ
1110 1187 1301 1252 ἆγιον·
1340 1189 1414 1249 ὡς
1450 1189 1515 1239 ἂν
1572 1188 1667 1240 τοῦ
1703 1190 1800 1254 μὲν

222 1285 356 1336 Υίοῦ
395 1284 526 1354 λαμ¹
549 1287 770 1345 ἀνοντος
814 1282 969 1349 παρὰ
996 1281 1090 1332 τοῦ
1124 1279 1363 1349 Πατρὸς,
1391 1278 1484 1330 τοῦ
1530 1280 1585 1331 δὲ
1637 1280 1798 1346 ἁγίου

1928 1189 2125 1256 ’Λπείη
2156 1192 2312 1242 τοῦτο
2353 1193 2652 1255 πιστεύειν,
2691 1193 2858 1255 ἀπείη
2887 1193 3047 1243 τοῦτο
3081 1194 3282 1259 λέγειν,
3315 1194 3482 1264 ἀπείη

1909 1283 2260 1354 Χριστιανῶν
2294 1284 2542 1353 καρδίαις
2577 1284 2750 1336 ταῦτα
2774 1284 3124 1352 λογίζεσθαιῑ

294 1545 500 1601 Praeter
528 1545 644 1598 haec
684 1544 996 1598 testimonia
1028 1544 1333 1598 certissima
1371 1546 1544 1598 sancti
1607 1543 1919 1612 Augustini,
1975 1547 2148 1615 plztcel
2174 1549 2370 1603 addere
2415 1550 2576 1603 etiam
2639 1550 3013 1602 testimonium
3076 1563 3104 1600 a
3148 1550 3487 1604 nostratibus

214 1652 441 1706 quoque
468 1634 786 1687 tnGrzecutn
813 1647 1137 1685 conversum
1173 1648 1238 1684 ex
1264 1633 1424 1695 liiiro,
1453 1637 1542 1700 qtti
1574 1634 1646 1685 De
1678 1635 1976 1700 cognitione
2009 1653 2139 1687 vorm
2183 1641 2301 1688 vitm
2353 1637 2676 1690 inscribitur
2729 1651 2853 1704 cap.
2912 1636 2998 1698 i0,
3054 1647 3188 1690 tom.
3225 1637 3291 1690 IX
3328 1654 3341 1700 ;
3392 1637 3484 1706 qui

218 1726 386 1784 liber,
411 1723 668 1790 quamvis
702 1736 808 1771 tton
853 1721 922 1772 sit
952 1729 1312 1773 certumesse
1345 1722 1655 1787 Augustini,
1692 1722 1835 1789 quod
1877 1739 1980 1773 non
2018 1727 2324 1792 reperiatur
2358 1727 2409 1777 in
2461 1724 2974 1788 ltelractationibtts,
3010 1740 3184 1792 neque
3241 1727 3292 1779 itt
3342 1726 3487 1779 Iud-i-

214 1811 346 1864 culo
376 1807 641 1866 Possidii.
671 1815 724 1860 et
757 1806 992 1874 theologi
1031 1807 1401 1861 ananienses
1441 1819 1637 1871 negent
1664 1823 1724 1859 ex
1763 1810 1941 1876 pltrasi
1972 1813 2120 1861 illum
2158 1829 2276 1865 ('SSl'
2305 1813 2618 1874 Augustini,
2652 1812 3018 1865 ΒεΙΙςιιΊιιίηιιε
3053 1825 3234 1865 tamen
3267 1815 3317 1866 itt
3347 1815 3487 1866 libro

218 1900 297 1952 De
327 1898 675 1965 scriptoribus
704 1895 1098 1962 ecclesiasticm,
1128 1898 1195 1950 de
1227 1899 1511 1965 opusculis
1560 1898 1829 1965 ejusmodi
1884 1914 2004 1965 qua:
2065 1910 2194 1962 sunt
2270 1902 2320 1951 itt
2366 1911 2510 1952 tonio
2550 1899 2616 1950 IX
2690 1900 3005 1968 Augustini,
3062 1911 3342 1965 cettsural,
3389 1917 3487 1954 nee

213 2001 382 2057 posse
407 1995 558 2039 certo
588 1994 839 2038 astruere
875 1999 972 2038 eos
1006 2000 1127 2038 esse
1157 1986 1466 2054 Augustini,
1505 2001 1627 2038 cum
1658 1986 2142 2051 diligentissimusu
2172 1991 2434 2040 callet-tor
2466 1987 2749 2040 Possidius
2780 2004 2874 2040 eos
2917 1989 3260 2054 pra-teriertt,
3312 2005 3487 2054 neque

217 2077 578 2132 inveniantur
603 2089 633 2127 a
661 2073 805 2127 Beda
833 2074 1011 2139 citari,
1043 2075 1133 2142 qui
1159 2089 1221 2127 ex
1254 2075 1510 2144 operibus
1539 2075 1832 2143 Augustini
1899 2075 2304 2126 (.‘otnmenlarizt
2345 2075 2397 2127 in
2443 2075 2715 2143 Epistolas
2771 2073 2915 2128 beati
2988 2073 3141 2127 Pauli
3207 2076 3439 2128 confecit
3467 2084 3484 2132 ;

218 2179 398 2234 neque
420 2163 619 2216 audere
651 2163 943 2232 plerosque
968 2163 1165 2216 horum
1201 2163 1467 2215 librorum
1509 2176 1706 2230 negare
1731 2177 1854 2215 esse
1879 2162 2188 2229 Augustini,
2216 2179 2340 2213 t-utn
2376 2164 2447 2228 pii
2478 2163 2663 2214 sititet
2697 2163 2867 2224 docti,
2910 2171 2963 2215 et
3004 2163 3296 2230 Augustini
3331 2163 3486 2231 inge-

217 2254 314 2306 ttio
344 2267 456 2304 non
490 2250 725 2320 indigni.
765 2249 856 2303 Sic
884 2250 1050 2318 igitur
1078 2259 1267 2302 auctor
1295 2250 1613 2317 quicunque
1645 2249 1738 2311 sit,
1768 2252 1988 2304 disserit
2017 2250 2082 2304 de
2132 2248 2400 2303 Trittitate
2426 2251 2477 2303 itt
2539 2265 2604 2304 eo
2645 2251 2808 2316 libro,
2843 2250 2893 2302 iit
2949 2266 3074 2317 quo,
3114 2262 3374 2318 tauquam
3433 2254 3486 2304 itt

221 2340 475 2409 Dialogo,
508 2335 738 2391 Fratres
767 2336 1136 2402 interrogant,
1177 2335 1436 2405 Magister
1471 2339 1787 2404 respondet.

675 2492 811 2560 Cap.
855 2492 944 2555 10,
987 2507 1048 2544 ac
1077 2491 1363 2559 deinceps:

300 2613 548 2667 Fratres.
576 2610 684 2666 Sed
714 2611 842 2679 quia
874 2608 1094 2679 pondus
1120 2609 1302 2662 carnis
1351 2610 1590 2662 animam
1619 2624 1807 2677 aggra-

219 2715 340 2771 vat,
369 2722 498 2760 ecce
520 2706 720 2759 iterum
751 2704 994 2756 carnalis
1028 2702 1291 2771 cogitatio
1326 2712 1560 2754 mentem
1621 2701 1808 2754 divina

220 2799 692 2868 Contemplantem
729 2797 930 2861 pulsat.
962 2795 1098 2849 Cum
1135 2795 1279 2846 enim
1348 2794 1605 2862 superius
1669 2796 1810 2845 ratio

223 2907 400 2946 unum
448 2889 617 2942 Deum
647 2886 936 2940 verissime
959 2899 1080 2938 esse
1115 2884 1594 2941 demonstraverit,
1626 2889 1681 2934 et
1716 2885 1803 2946 ip-

223 2999 354 3039 sum
390 2982 570 3035 solum
609 2988 809 3032 cuncta
863 2991 929 3031 ex
991 2976 1164 3028 nihilo
1219 2976 1414 3027 iecisse
1469 2973 1807 3042 probaverit,

223 3078 513 3145 quomodo
544 3071 704 3141 quasi
737 3083 846 3125 tres
883 3071 1017 3122 deos
1047 3067 1276 3120 adorare
1341 3069 1630 3128 docemur,
1683 3067 1810 3118 dum

221 3170 453 3223 Patrem
483 3165 787 3235 perfectum
827 3165 1023 3224 Deum,
1052 3159 1252 3213 Filium
1279 3159 1582 3229 perfectum
1615 3157 1810 3230 Deum,

224 3261 500 3330 Spiritum
536 3263 786 3310 sanctum
823 3253 1125 3322 perfectum
1157 3250 1591 3304 Deumeonﬁteri
1629 3263 1815 3302 mone-

226 3349 402 3404 mur?
436 3349 571 3401 Dum
605 3346 752 3400 enim
788 3343 1166 3398 subdistineta:
1205 3353 1315 3396 tres
1345 3355 1592 3410 personae
1622 3341 1816 3393 distin-

223 3450 500 3512 guuntur,
542 3435 673 3505 quid
716 3435 864 3490 aliud
900 3448 1062 3504 quam
1105 3441 1217 3487 tres
1241 3432 1315 3486 dii
1351 3448 1380 3484 a
1417 3431 1575 3486 nobis
1619 3430 1816 3485 intelli-

223 3531 483 3604 guntur?

300 3624 586 3694 Magister.
641 3623 700 3674 tn
753 3620 872 3689 ipsa
907 3617 1144 3672 veritate
1203 3630 1261 3670 se
1292 3615 1727 3675 demonstrante,
1761 3620 1816 3666 et

221 3718 448 3771 ratione
479 3714 767 3784 probante,
810 3711 978 3765 citius
1034 3708 1289 3763 videbitis
1346 3707 1719 3761 necessariam
1758 3707 1813 3757 in

221 3824 338 3863 una
373 3807 613 3862 essentia
641 3819 1000 3875 personarum
1024 3799 1368 3864 Trinitatem,
1407 3802 1534 3852 item
1578 3813 1671 3867 per
1701 3812 1816 3851 om-

1842 2531 1880 2584 Β
1915 2496 2186 2563 loquerer,
2248 2496 2376 2565 quia
2431 2511 2536 2548 non
2599 2506 2846 2563 poteram
2904 2497 3144 2567 proprie,
3200 2495 3328 2565 quid
3376 2497 3489 2550 dixi

1911 2589 2204 2642 essentiam
2233 2589 2324 2643 Dei
2357 2589 2517 2643 esset

1986 2681 2222 2733 Fratres.
2262 2681 2485 2734 Lucctn.

1983 2771 2262 2840 Magister.
2303 2774 2372 2826 De
2404 2774 2523 2827 luce
2549 2772 2677 2841 quid
2715 2771 2995 2841 gignitur!

1989 2864 2230 2920 Fratres.
2273 2867 2566 2937 Splendor.

1991 2961 2261 3030 Magister.
2295 2967 2435 3031 Quid
2473 2966 2524 3019 in
2563 2966 2684 3020 luce
2741 2975 2794 3021 et
2825 2966 3122 3037 splendore
3167 2966 3331 3022 simul
3359 2980 3494 3021 cor..-

1915 3060 2226 3116 sideratur?

1986 3155 2227 3208 Fratres.
2257 3152 2439 3206 Calor.

1988 3247 2265 3316 Magister.
2309 3247 2443 3298 Num
2474 3248 2525 3300 in
2560 3247 2868 3302 substantia
2894 3247 3056 3313 lucis,
3085 3249 3393 3319 splendoris
3439 3261 3494 3306 et

1916 3339 2116 3391 caloris
2152 3338 2425 3390 invenitur
2459 3338 2796 3392 diversitas?

1990 3429 2230 3483 Fratres.
2258 3431 2396 3492 bon,
2433 3431 2529 3484 sed
2563 3431 2848 3484 ideittitas.

1987 3525 2258 3592 Magister.
2297 3521 2436 3575 Nutu
2469 3524 2521 3576 iit
2546 3524 2854 3587 voc:bulis,
2891 3523 2975 3577 vel
3011 3522 3206 3579 ciliciis
3231 3526 3494 3594 praedica-

1917 3626 2004 3668 tur
2043 3615 2296 3668 identitas
2329 3615 2352 3668 ?

1989 3705 2230 3761 Fratres.
2264 3705 2506 3772 Minime,
2541 3705 2632 3760 sed
2659 3704 2951 3760 diversitas
2980 3723 2994 3770 ;
3031 3720 3157 3759 nam
3218 3707 3358 3760 locis
3408 3724 3498 3759 vo-

1918 3800 2173 3853 cabulum
2205 3802 2378 3867 ipsam
2405 3799 2794 3860 substantiam,
2823 3800 3136 3867 splendoris
3165 3801 3493 3853 vocabulum

220 3902 314 3954 nia
356 3899 724 3953 necessariam
766 3895 943 3949 tribus
965 3892 1216 3962 personis
1237 3890 1532 3945 individua:
1550 3891 1808 3943 substan-
1840 3870 1885 3930 (ἶ
1918 3895 2055 3948 lucis
2077 3894 2330 3963 gratiam,
2363 3892 2562 3944 caloris
2596 3906 2726 3945 vero
2758 3891 3088 3944 vocabulum
3145 3892 3361 3946 videtur
3393 3907 3494 3944 ex-

223 3993 317 4047 tiae
337 3991 629 4044 unitatem.
663 3987 797 4040 (lum
825 3985 938 4055 jam
969 3983 1224 4051 superius
1248 3981 1590 4050 aanigtnatice
1624 3979 1692 4033 de
1743 3993 1810 4031 eo

239 4166 544 4233 Ἀποκοπὴ
576 4165 698 4218 alte
723 4164 1106 4229 ἀπόσπασμα
1149 4182 1223 4215 εκ
1266 4155 1374 4233 τοᾷ
1397 4155 1646 4233 ﬂia/you
1676 4155 1810 4233 βοῇ

507 4218 618 4305 ἰῆς
657 4236 938 4305 γνώσεως
970 4218 1083 4305 τῆς
1125 4230 1415 4305 ἀληθοῦς.
1443 4223 1614 4305 ζωῆς.
1663 4224 1732 4305 er
1764 4218 1812 4291 ᾦ

297 4294 473 4373 ὡς’ἐν
508 4294 769 4374 διᾶλόγῳ
805 4294 1071 4372 ἐρωὶώοᾶ
1101 4294 1305 4370 μὲν-ὀι
1341 4297 1619 4364 ἀδελφοὶ,
1661 4294 1811 4346 ἀπο-

298 4381 572 4447 κρίνεται
598 4376 666 4428 δὲ
692 4379 724 4428 ό
750 4374 1149 4437 διδάσκαλος.

309 4532 622 4602 Ἀδελφοί.
656 4528 802 4584 Ἀλλ’
828 4529 912 4581 ὅτι
942 4526 1002 4579 τὸ
1035 4526 1133 4594 τῆς
1173 4523 1377 4594 σαρκὸς
1411 4522 1576 4592 βάρος
1632 4519 1810 4582 πιέζει

218 4632 329 4700 τὴν
389 4626 597 4696 ψυχὴν,
631 4622 830 4692 ἀμέλει
877 4622 971 4672 καὶ
1026 4620 1053 4670 ὁ
1106 4617 1368 4686 σαρκικὸς
1420 4613 1679 4680 λογισμὸς
1712 4613 1812 4680 τὴν

221 4723 441 4791 θεωρὸν
481 4719 593 4770 τῶν
626 4716 786 4767 Θείων
820 4714 1058 4766 διάνοιαν
1105 4711 1334 4778 ἐνοχλεῖ.
1372 4707 1659 4774 Ἀνωτέρω
1712 4705 1812 4772 μὲν

218 4821 252 4869 ὁ
289 4815 383 4876 σὸς
423 4811 582 4877 λόγος
643 4807 738 4860 ἕνα
796 4805 930 4858 Θεὸν
990 4800 1278 4862 ἀπέδειξεν
1311 4797 1681 4866 ἀληθέστατα,
1718 4797 1814 4847 καὶ

221 4906 396 4959 αὐτὸν
429 4905 592 4970 μόνον
638 4899 987 4966 παρέστησεν
1034 4897 1099 4946 ὲκ
1131 4893 1228 4945 τοῦ
1288 4891 1364 4960 μὴ
1428 4889 1582 4951 ὄντος
1635 4889 1812 4941 πάντα

222 4996 608 5066 παραγαγεῖν,
642 4990 779 5043 ἀλλὰ
838 4990 932 5040 νῦν
969 4987 1131 5039 πάλιν
1163 4986 1316 5052 τρεῖς
1355 4984 1510 5043 θεοὺς
1566 4997 1810 5050 προσκυ-

221 5093 344 5143 νεῖν
381 5087 533 5156 ὴμᾶς
565 5085 712 5136 εἴποι
762 5099 843 5143 τις
895 5080 984 5140 ἂν,
1044 5075 1388 5137 διδάσκοντός
1442 5091 1560 5137 σου,
1605 5074 1812 5124 τέλειον

224 5185 367 5236 Θεὸν
400 5183 493 5230 τὸν
548 5175 790 5244 Πατέρα,
823 5174 1028 5222 τέλειον
1081 5170 1212 5220 Θεὸν
1271 5168 1362 5218 τὸν
1403 5167 1554 5233 Υἱὸν,
1607 5165 1812 5217 τέλειον

223 5275 368 5327 Θεὸν
394 5271 457 5322 τὸ
495 5239 720 5336 Πνεῦμα
749 5266 809 5317 τὸ
841 5263 996 5330 ἆγιον
1025 5263 1136 5314 δεῖν
1169 5261 1475 5328 ὁμολογεῖν.
1503 5260 1671 5311 Ὅταν
1707 5261 1812 5328 γὰρ
1848 5239 1893 5296 ί)

222 5368 362 5435 τρία
393 5364 672 5431 πρόσωπὰ
704 5376 788 5420 τις
823 5358 1063 5426 ὁμολογῇ
1105 5355 1524 5423 διακεκριμένα,
1559 5354 1745 5422 ἕτερον
1781 5353 1812 5420 ἢ

224 5462 388 5530 τρεῖς
433 5456 588 5515 θεοὺς
618 5452 1105 5519 ἀναγκασθήσεται
1136 5449 1352 5508 παντως
1395 5446 1702 5513 ὁμολογεῖν.

303 5551 711 5611 Διδάσκαλος.
741 5546 922 5613 Αὐτῆς
977 5543 1074 5609 τῆς
1124 5540 1388 5609 ἀληθείας
1434 5539 1633 5605 ἑαυτὴν
1667 5537 1815 5588 δεικ-

226 5652 427 5713 νύσης.
470 5645 565 5696 καὶ
596 5640 692 5692 τοῦ
717 5640 878 5691 λόγου
909 5633 1506 5703 συνεπιψηφιζομένου,
1527 5630 1723 5697 ὄψεσθε
1758 5628 1816 5693 ἐξ

226 5746 484 5810 ἀνάγκης
520 5740 577 5791 ὲν
620 5737 719 5807 μιᾷ
757 5733 914 5801 οὐσία
944 5729 1149 5800 Τριὰδα
1175 5726 1502 5796 προσώπων,
1531 5726 1622 5776 κα)⁸
1646 5726 1811 5778 πάλιν

225 5846 298 5896 ἀν
323 5836 570 5905 ἁγκαίαν
595 5832 684 5884 διὰ
703 5828 923 5880 πάντων
947 5828 1003 5877 ὲν
1025 5827 1136 5885 τοῖς
1161 5821 1310 5890 τρισὶ
1336 5816 1522 5882 προςώ
1539 5832 1651 5878 ποις
1685 5822 1812 5886 μίαν

231 5933 552 6002 ἀδιαιρέτου
597 5925 784 5987 οὐσίας
847 5919 1096 5987 ἑνότητα.
1131 5915 1262 5968 Ὅτε
1309 5914 1486 5965 τοίνυν
1542 5911 1804 5974 ἀνωτέρω

1917 3987 2154 4055 primere
2187 3985 2327 4039 lucis
2353 3984 2672 4038 eﬂicaciam.

1913 4163 2242 4232 διελεγόμην
2271 4163 2400 4232 περὶ
2428 4160 2568 4213 Θεοῦ
2614 4159 2685 4212 δι’
2740 4158 3091 4228 αἰνίγματος,
3126 4160 3251 4212 ἐπεὶ
3286 4161 3495 4229 κυρίως

1912 4257 2011 4324 οὐχ
2039 4249 2150 4316 οἷός
2176 4270 2233 4307 τε
2263 4249 2354 4324 ἦν,
2385 4253 2437 4305 τί
2464 4269 2596 4305 ποτε
2635 4251 2736 4323 τὴν
2781 4251 2977 4304 οὐσίαν
3015 4250 3154 4320 ἔφην
3183 4251 3280 4303 τοῦ
3331 4252 3490 4316 Θεοῦ,

1914 4345 1966 4396 εἰ
2003 4346 2332 4415 μέμνησοε;

2000 4437 2192 4491 Ἀδελ.
2253 4438 2395 4499 Φῶς.

1985 4529 2105 4584 Διὸ.
2156 4533 2254 4584 Ἐκ
2284 4529 2379 4582 τοῦ
2413 4530 2590 4598 φωτὸς
2616 4529 2668 4582 τί
2694 4530 2988 4599 γεννᾶταις

1998 4625 2193 4679 Ἀδελ.
2252 4626 2306 4676 'A
2318 4626 2646 4692 παύγασμα.

1986 4719 2110 4772 Διδ.
2137 4718 2200 4768 Τί
2229 4719 2284 4769 δὲ
2317 4717 2477 4768 πάλιν
2509 4719 2564 4766 ἐν
2587 4716 2664 4786 τῷ
2690 4717 2827 4783 φωτὶ
2871 4719 2956 4767 ut
2985 4716 3057 4784 τῷ
3087 4716 3488 4784 ἀπαυγασματι

1916 4810 2111 4869 κοινῶς
2139 4807 2426 4874 Οεωρείται
2453 4822 2466 4870 ;

2000 4899 2192 4952 Ἀδελ.
2228 4899 2439 4966 Θέρμη.

1987 4991 2106 5044 Διδ.
2150 4992 2239 5060 Μὴ
2276 4992 2454 5042 τοίνυν
2509 4994 2564 5041 ἐν
2600 4992 2665 5059 τῇ
2724 4989 2816 5041 τοῦ
2858 4990 3059 5054 φωτὸς,
3100 4991 3193 5042 τοῦ
3229 4994 3488 5060 ἀπαυγὰ-

1917 5102 2146 5154 σματος,
2183 5088 2278 5150 τῆς
2325 5085 2533 5152 υέρμης
2574 5085 2732 5153 οὐσίᾳ
2766 5085 2888 5134 ἐστι
2921 5102 3004 5146 τις
3044 5086 3310 5151 διαφοράς

2003 5176 2196 5230 Ἀδελ.
2237 5175 2524 5242 Οὐδαμῶς,
2559 5175 2693 5225 ἀλλὰ
2724 5175 2925 5241 μᾶλλον
2961 5178 3248 5243 ταυτότης.

1993 5267 2116 5320 Διδ.
2174 5267 2313 5318 Ἀκλ’
2347 5267 2453 5334 ἄρα
2499 5269 2570 5334 μὴ
2599 5268 2631 5334 ή
2659 5267 2798 5337 ιτύτὴ
2836 5271 2926 5316 καὶ
2961 5269 3073 5327 τοῖς
3106 5268 3362 5335 ὀνόμασι,
3397 5270 3488 5321 κ.ὶ

1918 5366 2034 5420 ταῐ,
2075 5360 2375 5425 ἐνεργείαις
2404 5359 2691 5424 Θεωρείται
2722 5357 3023 5419 ταυτότηςς

2000 5450 2193 5506 Ἀδελ.
2225 5450 2511 5515 υύδαμῶς,
2541 5449 2676 5501 ἀλλὰ
2712 5447 2915 5515 μᾶλλον
2972 5447 3207 5515 διαιρορὰ
3240 5463 3253 5476 ·
3296 5449 3356 5498 τὸ
3388 5450 3488 5516 μὲν

1919 5549 2026 5614 γὰρ
2060 5547 2154 5595 τοῦ
2191 5545 2366 5610 (ptati;
2392 5541 2565 5611 ὄνομα
2601 5540 2769 5609 αὐτὴν
2797 5540 2896 5609 τὴν
2939 5539 3150 5600 οὐαίαν,
3190 5540 3248 5589 τὸ
3296 5540 3352 5590 δὲ
3395 5559 3486 5589 τω

1918 5641 2354 5706 ἁπαι-γὰσματος
2405 5637 2503 5706 τὴν
2556 5635 2649 5686 τοῦ
2695 5634 2871 5702 φωτὸς
2927 5634 3111 5702 χάριν,
3177 5634 3224 5683 ιδ
3285 5631 3339 5683 δὲ
3390 5633 3486 5698 τῆς

1920 5733 2130 5801 θέρμης
2157 5732 2251 5797 τὴν
2274 5728 2367 5779 τού
2397 5728 2569 5794 φωτὸς
2599 5725 2807 5779 καὶτοῦ
2838 5725 3269 5793 ἁπευγάσματος
3297 5724 3489 5792 δρᾶςιν

1920 5827 2202 5894 ὲκςαίνειν
2241 5822 2406 5874 δοκεῖ.
