4232 6448
731 398 878 456 1163

2002 399 2289 458 ΜΛΧΙΜΙ
2335 399 2712 460 PLANUDxE

3852 397 3990 461 1164

735 515 1035 580 permanet.
1070 505 1428 576 Niltilqnippe
1486 507 1629 563 aliud
1665 518 1748 563 est
1807 524 1919 576 ars,
1969 525 2130 579 quam
2200 513 2318 565 ani-
2351 517 2392 569 Α
2428 511 2605 563 sentia
2642 511 2918 566 mentiset
2945 510 3220 564 memoria:
3245 524 3353 564 non
3414 510 3638 564 recedit.
3693 509 3810 564 Non
3864 525 3991 581 ergo

733 610 930 665 ma,-et
983 601 1158 654 anima
1214 598 1347 653 nihil
1418 599 1694 654 aliudest
1726 617 1887 670 quam
1927 617 2015 656 ars
2067 602 2205 671 ejus,
2259 612 2312 658 et

733 709 823 748 ars
847 692 966 762 ejus
988 692 1116 745 nihil
1148 689 1396 746 aliudest
1450 707 1610 760 quam
1663 694 1775 760 ipsa
1839 695 1966 747 vita.
2030 695 2122 748 Sic
2185 693 2314 748 Ver-

735 783 862 837 bttm
891 782 980 836 Dei
1018 782 1150 835 nihil
1208 782 1354 835 aliud
1408 792 1491 836 est
1538 797 1699 851 qttam
1762 798 1850 836 ars
1908 785 2048 852 ejus,
2112 793 2164 838 et
2222 799 2312 837 ars

738 877 868 929 nihil
900 877 1046 930 aliud
1071 883 1173 935 est,
1230 891 1391 944 quam
1419 875 1534 942 ipsa
1590 875 1722 938 vita,
1773 884 1824 928 et
1854 877 1905 928 iu
1966 877 2066 929 hac
2115 888 2310 930 cunc'a

735 971 1147 1024 itnmutabiliter
1218 969 1636 1040 permanebunt,
1709 983 1828 1038 qua:
1901 969 1954 1021 in
2005 971 2308 1023 sub5tautia

736 1064 822 1117 sui
855 1065 1134 1118 mutabilia
1166 1065 1446 1118 deficiunt.

812 1155 1059 1211 Fratres.
1100 1157 1235 1210 Cum
1269 1160 1496 1213 evidens
1528 1160 1667 1212 ratio
1695 1157 1836 1210 idctu
1899 1155 2136 1210 Verbum
2184 1169 2307 1208 cum

741 1249 918 1310 Patre.
945 1258 999 1302 et
1029 1249 1230 1317 Spiritu
1258 1258 1470 1316 sancto,
1505 1265 1664 1303 uuam
1711 1257 1764 1302 ct
1797 1249 2126 1302 itnlividuam
2179 1245 2310 1301 sub-

739 1344 1002 1398 stantiam.
1066 1344 1560 1414 inetpugnabiliter
1620 1341 1952 1409 probaverit,
2037 1338 2309 1408 quomodo

739 1437 915 1492 solum
956 1437 1234 1490 iucaruari
1263 1436 1483 1505 potuit?
1515 1435 1570 1488 Si
1601 1435 1745 1489 enim
1783 1449 1810 1486 a
1841 1432 2020 1486 Patris
2072 1440 2126 1484 et
2188 1431 2310 1500 Spi-

739 1531 878 1584 ritus
906 1529 1078 1583 sancti
1111 1527 1348 1583 essentia
1384 1540 1469 1582 est
1505 1539 1836 1598 separatum,
1865 1535 1918 1579 et
1939 1527 2018 1580 sic
2069 1525 2310 1595 singula-

738 1623 873 1677 riter
905 1625 957 1676 in
989 1622 1295 1677 substantia
1332 1637 1437 1675 non
1465 1633 1547 1675 est
1605 1619 1905 1684 individua,
1967 1633 2087 1687 quae.
2135 1617 2308 1685 potuit

736 1716 844 1782 pati
880 1714 1239 1783 separationis
1283 1711 1624 1766 discrimina.

810 1808 1086 1875 Magister.
1121 1805 1272 1859 Sicut
1303 1805 1630 1872 sempiterna
1657 1803 1833 1854 virtus
1866 1799 2177 1853 Divinitatis
2210 1814 2306 1867 per

2419 617 2572 656 tuens
2600 618 2772 671 neque
2809 603 3089 664 memoria,
3116 602 3211 656 sed
3269 601 3449 656 solum
3502 602 3724 655 verbum
3755 603 3983 670 singula-

2416 695 2552 746 riter
2579 696 2761 747 sonuit
2791 710 2885 763 per
2911 709 3114 762 corpus
3178 692 3326 747 vocis
3371 693 3658 757 sensibile,
3704 701 3758 746 ct
3811 701 3991 746 tamen

2419 783 2868 852 inseparabiliter
2907 785 3113 838 mansit
3146 783 3199 835 in
3235 783 3473 837 essentia
3531 782 3751 847 mentis,
3785 792 3838 835 et
3879 795 3992 834 me-

2415 877 2602 929 morias
2625 876 2917 930 invisibile.
2945 877 3035 930 Sic
3062 892 3309 932 summus
3335 876 3500 930 Pater
3557 875 3794 929 Verbum
3832 888 3994 927 suum

2413 969 2654 1036 seipsum
2686 969 2975 1038 cogitando
2997 969 3204 1039 genuit,
3231 969 3377 1039 quod
3414 969 3467 1021 in
3494 967 3673 1022 Patris
3717 977 3772 1022 et
3822 965 3994 1036 Spiri-

2413 1063 2506 1110 tus
2537 1059 2709 1112 sancti
2731 1061 2971 1114 essentia
3002 1061 3164 1116 simul
3204 1064 3561 1118 coessentiale
3585 1063 3872 1118 subsistit:
3897 1061 3995 1117 sed

2415 1158 2594 1203 tamen
2621 1166 2717 1205 nec
2742 1151 3020 1207 Paternec
3051 1153 3289 1223 Spiritus
3352 1167 3602 1230 sanctus,
3657 1158 3750 1211 sed
3812 1155 3990 1211 solum

2414 1239 2676 1305 Verbum,
2704 1244 2850 1313 quod
2881 1255 2963 1299 est
2993 1245 3176 1302 Patris
3197 1247 3370 1301 Filius
3420 1248 3773 1319 singulariter
3797 1248 3992 1301 huma-

2412 1350 2544 1389 num
2570 1351 2773 1406 corpus
2800 1339 2999 1403 induit,
3038 1355 3098 1394 se
3151 1340 3465 1395 hominibus
3521 1342 3788 1396 sensibile
3833 1341 3991 1394 exlti-

2412 1428 2551 1494 buit,
2587 1444 2786 1497 corpus
2835 1441 3114 1499 sumptqu
3165 1432 3386 1502 indigna
3450 1434 3558 1500 pati
3616 1434 3890 1503 permisit,
3941 1442 3997 1488 et

2413 1520 2589 1589 ipsum
2624 1521 3064 1590 inseparabiliter
3099 1523 3153 1576 in
3185 1525 3425 1579 essentia
3454 1522 3652 1590 Patris,
3700 1534 3755 1578 et
3817 1524 3992 1596 Spiri-

2413 1621 2500 1664 tus
2529 1613 2701 1666 sancti
2727 1613 3028 1680 invisibile,
3053 1622 3106 1668 et
3125 1613 3462 1685 impassibile
3527 1619 3846 1685 permansit.

2483 1703 2725 1759 Fratres.
2753 1708 2868 1772 Qua
2897 1717 3079 1761 autem
3112 1708 3471 1765 similitudine
3495 1725 3651 1766 amor
3715 1711 3810 1768 Dei
3864 1711 3991 1782 Spi-

2415 1797 2550 1851 ritus
2583 1807 2804 1853 sanctus
2828 1802 3181 1856 nominatur?

737 1914 799 1951 ea
837 1867 957 1968 qua:
992 1896 1128 1950 facta
1186 1867 1621 1965 conspici-untur,
1683 1902 1857 1961 potest
1916 1891 2166 1960 intelligi,
2222 1890 2304 1946 sic
2339 1867 2383 1925 θ
2483 1885 2762 1958 Magister.
2807 1891 2901 1943 Dei
2926 1893 3224 1946 essentiam
3261 1892 3372 1947 dixi
3428 1910 3554 1951 esse
3608 1897 3809 1963 vitam;
3865 1913 3995 1953 vera

738 1992 841 2044 boc
864 1988 1200 2060 profundum
1254 1986 1572 2057 mysterium
1628 1994 1682 2037 et
1732 1984 2037 2046 occultum,
2096 1995 2194 2052 per
2238 1995 2304 2038 ea

737 2101 858 2152 qua:
890 2083 943 2136 in
979 2082 1139 2135 nobis
1163 2089 1427 2144 geruntur
1453 2079 1667 2131 ratione
1702 2083 2084 2145 perscrutante
2141 2084 2304 2142 pote-

740 2178 810 2229 rit
835 2175 1053 2244 inspici.
1095 2171 1292 2227 Notum
1333 2182 1418 2224 est
1475 2171 1620 2223 enim
1674 2169 1817 2236 quod
1868 2167 2100 2220 humana
2153 2182 2307 2222 meus

736 2267 965 2319 verbum
989 2262 1291 2317 communis
1315 2261 1604 2315 locutionis
1631 2276 1694 2313 ex
1727 2276 1783 2314 se
1808 2259 2096 2326 cogitando
2115 2260 2307 2328 gignit,

737 2367 789 2409 et
818 2356 959 2408 idem
995 2355 1219 2407 verbum
1255 2351 1310 2406 in
1343 2361 1522 2406 mcute
1545 2365 1597 2404 et
1633 2356 1683 2404 iu
1715 2351 1972 2404 memoria
2001 2349 2162 2403 simul
2204 2363 2308 2401 una

735 2446 974 2500 essentia
1025 2447 1262 2500 exsistit.
1312 2445 1447 2499 Cum
1477 2458 1606 2497 vero
1669 2458 1822 2509 mens
1874 2440 2099 2513 verbum
2148 2454 2307 2493 suum

737 2541 862 2594 aliis
897 2541 1234 2593 innotescere
1256 2537 1423 2606 cupit,
1452 2549 1572 2588 cum
1597 2535 1783 2588 eadem
1812 2534 2164 2603 cogitatione,
2189 2546 2310 2600 quae

737 2633 874 2688 nihil
906 2630 1049 2684 aliud
1089 2640 1173 2683 est
1204 2641 1366 2698 quam
1400 2628 1623 2680 verbum
1654 2641 1835 2688 suum,
1856 2635 1905 2678 et
1945 2640 2066 2678 cum
2100 2638 2309 2678 memo-

738 2726 817 2779 ria
841 2723 1097 2793 disponit,
1130 2720 1272 2790 quod
1303 2719 1443 2773 idem
1476 2717 1697 2771 verbum
1729 2731 1928 2785 corpus
1960 2717 2104 2771 vocis
2136 2715 2310 2770 induit

737 2829 792 2872 et
817 2817 1043 2870 auribus
1094 2812 1334 2867 audibile
1362 2818 1416 2864 ct
1439 2810 1699 2864 cordibus
1730 2808 2065 2863 audientium
2100 2808 2311 2864 visibile

739 2909 1021 2980 procedit,
1054 2917 1108 2960 et
1133 2907 1300 2960 etiam
1329 2903 1525 2956 litteris
1570 2915 1771 2969 corpus
1833 2915 1992 2953 suum
2057 2899 2210 2966 ligari
2257 2907 2312 2952 et

741 3001 913 3056 videri
950 2999 1233 3069 permittit,
1258 3005 1311 3050 ct
1353 3005 1533 3047 tamen
1570 2991 1840 3044 invisibile
1879 3007 2102 3046 manens
2131 2991 2197 3045 de
2227 3005 2311 3045 es-

744 3200 858 3245 τως
893 3180 1096 3245 όλόγος
1124 3177 1217 3230 τοῦ
1253 3174 1388 3227 Θεοῦ
1419 3174 1573 3227 οὐδὲν
1602 3172 1790 3241 ἕτερόν
1843 3175 1991 3224 ἐστιν
2033 3173 2082 3224 εί
2145 3172 2219 3241 μὴ
2275 3175 2308 3242 ἡ
2341 3199 2384 3258 c

749 3279 912 3345 τέχνη
946 3271 1110 3326 αὑτοῦ
1143 3288 1160 3305 ο
1229 3271 1261 3339 ἡ
1295 3269 1351 3320 δὲ
1375 3268 1536 3337 τέχνη
1570 3267 1722 3319 οὐδὲν
1755 3265 1884 3319 ἄλλο
1919 3267 1965 3318 εί
2012 3265 2086 3335 μὴ
2118 3265 2254 3335 αὐτὴ
2279 3268 2311 3334 ἠ

755 3366 887 3434 ζωὴ,
940 3362 1034 3416 καὶ
1057 3365 1114 3413 ὲν
1164 3361 1300 3430 αὐτῇ
1362 3361 1540 3412 πάντα
1604 3355 1997 3424 ἁμεταδλήτως
2047 3356 2312 3425 διαμένει,

753 3460 899 3527 ἆτιερ
929 3458 986 3508 ὲν
1015 3456 1082 3523 τῇ
1122 3452 1303 3504 αὐτῶν
1333 3449 1492 3518 οὐσίᾳ
1528 3447 1926 3518 μεταϐάλλεται
1978 3448 2070 3499 καὶ
2123 3449 2316 3516 ἀπογί-

756 3568 929 3604 νεται.

825 3644 1014 3697 Ἀδελ.
1065 3640 1217 3694 Ἐπεὶ
1263 3636 1506 3706 ἀριδὴλῳ
1559 3638 1659 3690 καὶ
1714 3635 2139 3703 ἀκαταγιιινίστῳ
2177 3631 2319 3702 λόγῳ

761 3737 889 3805 μίαν
925 3734 1020 3787 καὶ
1050 3732 1356 3802 ἀδιαίρετον
1382 3729 1572 3781 οὐσίαν
1619 3725 1761 3779 εἶναι
1793 3725 1887 3779 τοῦ
1923 3726 2082 3793 λόγου
2128 3725 2318 3778 τούτου

759 3826 899 3896 μετὰ
926 3825 1019 3877 τοῦ
1057 3823 1265 3891 Πατρδς
1291 3823 1386 3874 καὶ
1425 3821 1518 3871 τοῦ
1554 3819 1867 3886 Πνεύματος
1890 3819 2174 3880 δέδεικται,
2206 3817 2319 3878 πῶς

756 3922 821 3972 ἂν
853 3918 940 3986 εἴη
964 3917 1191 3970 δυνατὸν
1220 3914 1381 3983 μόνον
1413 3913 1506 3965 τὸν
1533 3911 1661 3963 Υίδν
1694 3909 2050 3980 σαρκωθῆναι
2082 3926 2098 3975 ;
2131 3911 2176 3961 εί
2215 3911 2322 3979 γὰρ

757 4010 852 4074 τῆς
881 4006 975 4060 τοῦ
1007 4003 1221 4074 Πατρδς
1246 4003 1435 4064 οὐσίας
1466 3998 1783 4070 χωρισθεὶς,
1849 3999 1990 4059 ίδίως
2041 3999 2322 4069 σεσάρκω-

754 4117 866 4162 ται,
900 4097 1060 4167 δῆλον
1093 4097 1168 4158 ὡς
1203 4095 1354 4165 ἡτοῦ
1393 4094 1607 4162 Πατρὸς
1659 4092 1754 4143 καὶ
1793 4090 1886 4142 τοῦ
1919 4089 2047 4142 Υίοῦ
2077 4092 2172 4141 καὶ
2228 4090 2321 4142 τοῦ

760 4192 916 4260 ἁγίου
947 4189 1262 4258 “vstitu-to;
1292 4185 1451 4239 οὐσία
1475 4186 1574 4237 οὐκ
1609 4183 1756 4237 ἔστιν
1784 4184 2115 4254 ἀδιαίρετος,
2155 4182 2321 4245 πάθος

761 4283 1043 4335 ῦποστᾶσα
1085 4277 1390 4349 χωρισμοῦ.

831 4374 952 4427 Διδ.
992 4374 1202 4440 Ὠσπερ
1253 4372 1285 4440 ἡ
1336 4369 1507 4431 ἀΐδιος
1536 4367 1766 4437 δύναμις
1827 4368 1922 4420 καὶ
1978 4367 2191 4434 θειότης
2239 4365 2325 4418 διὰ

758 4465 865 4518 τῶν
911 4463 1219 4533 γενομένων
1293 4460 1615 4529 καθορᾶται,
1646 4460 1741 4512 καὶ
1779 4458 2004 4511 δυνατὸν
2039 4457 2323 4528 νοηθῆναιο

2409 1986 2589 2032 autem
2619 1979 2723 2033 vita
2747 1995 2806 2034 se
2825 1982 3008 2036 vivere
3035 1985 3307 2054 intelligit,
3329 1996 3384 2042 et
3409 1987 3456 2043 si
3508 2003 3568 2043 se
3589 1992 3755 2044 vitam
3785 1991 3995 2045 intelli-

2409 2070 2506 2138 git,
2535 2085 2594 2124 se
2612 2073 2801 2141 utique
2829 2073 3003 2143 diligit
3045 2091 3061 2141 ;
3093 2075 3186 2131 Dei
3217 2086 3398 2133 autem
3432 2081 3634 2146 vivere,
3666 2083 3995 2152 intelligere,

2412 2163 2544 2215 nibil
2571 2173 2654 2218 est
2682 2165 2852 2231 aliud,
2877 2182 3038 2236 quam
3066 2172 3353 2226 exsistere.
3389 2172 3620 2230 Dilectio
3643 2191 3771 2247 ergo
3791 2178 3884 2232 Dei
3910 2190 3997 2234 est

2412 2255 2541 2320 vita,
2576 2267 2630 2308 et
2659 2256 2762 2308 vita
2793 2267 2877 2310 est
2897 2257 3159 2327 Spiritus.
3204 2262 3264 2316 Et
3289 2266 3416 2331 quia
3455 2248 3594 2322 Deus
3622 2283 3718 2336 per
3738 2271 3997 2325 dilectio-

2411 2356 2533 2395 nem
2561 2344 2774 2398 cunctis
2810 2359 2952 2409 esse,
2974 2348 3060 2401 vel
3082 2347 3264 2403 vivere
3287 2352 3500 2414 tribuit,
3522 2354 3729 2410 idcirco
3751 2357 3995 2428 Spiritus

2413 2445 2780 2502 nuncupatur.
2815 2435 2941 2490 Ideo
2980 2447 3164 2492 autem
3202 2453 3430 2498 sanctus
3449 2446 3686 2511 additur,
3713 2451 3840 2518 quia
3861 2465 4000 2504 cuu-

2412 2531 2497 2576 cta
2523 2537 2619 2590 per
2654 2538 2778 2576 eum
2815 2526 3253 2585 sanctiﬁcantur.

2483 2611 2992 2681 Fratres.Qualiter
3025 2622 3287 2688 probatur
3313 2624 3403 2681 hic
3468 2624 3706 2698 Spiritus
3751 2646 3783 2685 a
3830 2631 3995 2688 Patre

2412 2715 2465 2759 et
2497 2703 2634 2759 Filio
2679 2711 3010 2775 procedere?

2485 2798 2765 2868 Magister.
2824 2799 2971 2856 Nihil
3031 2803 3179 2858 aliud
3229 2803 3471 2875 Spiritus
3526 2823 3768 2880 sanctus,
3824 2831 3989 2883 quam

2413 2909 2568 2947 amor
2604 2896 2691 2948 Dei
2724 2898 3070 2966 intelligitur,
3102 2900 3243 2955 unde
3279 2903 3422 2957 Deus
3471 2905 3712 2964 charitas
3761 2911 3992 2970 dicitur.

2413 2985 2642 3041 Constat
2671 3000 2850 3042 autem
2879 2989 3007 3058 quia
3039 2989 3201 3046 Pater
3235 2991 3435 3048 Filium
3500 3006 3557 3050 ut
3587 3000 3828 3068 seipsutn
3898 3005 4001 3058 di-

2418 3161 2717 3229 ἀποχωρεῖ.
2751 3163 2826 3214 υὺ
2859 3167 3040 3217 τοίνυν
3061 3166 3088 3218 6
3119 3163 3240 3230 νοῦς
3275 3167 3310 3239 ἢ
3344 3170 3376 3239 ἠ
3405 3171 3621 3243 μνήμη,
3665 3175 3800 3228 ἀλλὰ
3837 3177 4000 3247 μόνος

2419 3258 2446 3306 6
2479 3257 2632 3322 λόγος
2666 3257 2836 3326 ἤχησε
2871 3257 2958 3310 διὰ
2996 3259 3092 3312 τοῦ
3122 3260 3387 3332 αἰσθητοῦ
3417 3265 3673 3334 σώματος
3720 3268 3823 3339 τῆς
3883 3288 4000 3340 φω-

2419 3349 2514 3416 νῆς
2537 3367 2550 3380 ο
2582 3350 2675 3401 καὶ
2698 3351 2845 3418 ὅμως
2875 3352 3183 3418 ἀδιαίρετος
3214 3353 3431 3424 ἔμεινεν
3449 3359 3510 3411 ἓν
3538 3363 3604 3430 τῇ
3651 3360 3748 3414 τοῦ
3779 3363 3874 3417 νοῦ
3907 3369 4004 3418 καὶ

2420 3442 2520 3509 τῆς
2575 3446 2796 3512 μνήμης
2847 3444 3024 3515 οὐσία.
3071 3446 3228 3499 Οὕτω
3258 3451 3354 3502 καὶ
3411 3451 3440 3501 6
3491 3452 3661 3522 ἄκρος
3704 3455 3899 3526 Πατὴρ
3923 3461 4004 3528 τῷ

2421 3539 2561 3587 νοεῖν
2587 3537 2779 3588 ἑαυτὸν
2814 3536 2905 3589 τὸν
2936 3539 3129 3592 ἑαυτοῦ
3164 3541 3325 3608 λόγον
3373 3545 3586 3613 ἐνόησε,
3637 3549 3741 3601 κάν
3773 3553 3841 3620 τῇ
3903 3553 4003 3604 τοῦ

2420 3625 2634 3694 Πατρὸς
2662 3626 2756 3679 καὶ
2788 3627 2882 3679 τοῦ
2911 3629 3069 3695 ἁγίου
3103 3631 3425 3702 Πνεῦματος
3478 3636 3638 3707 οὐσίᾳ
3687 3637 4005 3706 ὁμοουσίως

2423 3718 2724 3788 ὑφέστηκεν
2755 3735 2769 3750 ·
2803 3723 2917 3773 ἀλλ’
2937 3724 3083 3790 ὅμως
3119 3724 3209 3776 διὰ
3231 3725 3390 3778 τοῦτο
3410 3726 3527 3779 οὗθ’
3571 3731 3600 3781 6
3633 3731 3844 3801 Πατὴρ,
3869 3733 4000 3786 οὔτε

2422 3810 2482 3861 τὸ
2516 3810 2740 3878 Πνεῦμα
2771 3812 2830 3865 τὸ
2868 3814 3044 3881 ἅγιον,
3073 3815 3194 3866 ἀλλ’
3228 3817 3258 3868 6
3289 3818 3463 3885 Λόγος
3489 3821 3669 3888 μόνος,
3705 3824 3845 3874 ὁτοῦ
3897 3844 4002 3879 πα-

2423 3901 2550 3971 τρὸς
2578 3903 2699 3965 Υίδς
2727 3905 2947 3973 δηλαδὴ,
2986 3907 3133 3968 ἰδίως
3169 3907 3514 3976 ἀνθρώπινον
3549 3913 3707 3980 σῶμα
3737 3917 4004 3986 αἰσθητὸν

2425 3994 2732 4055 ἐνεδύσατο,
2767 3998 2860 4048 καὶ
2891 3999 3082 4050 ἑαυτὸν
3114 4002 3230 4061 τοῖς
3283 4001 3590 4071 ἀνθρώποις
3656 4007 3994 4078 παρέστησε.

2426 4083 2498 4136 T6
2524 4087 2870 4155 προσληφθὲν
2903 4091 3060 4158 σῶμα
3105 4091 3331 4158 ἀτιμίαν
3365 4093 3687 4162 ὑπενεγκεῖν
3745 4101 3997 4170 συνεχώ-

2430 4191 2619 4242 ρησεν,
2643 4176 2758 4227 ἀλλ’
2784 4177 2941 4232 αὐτὸς
2975 4179 3295 4247 ἀχωρίστως
3327 4183 3386 4233 ἑν
3439 4186 3505 4252 τῇ
3535 4184 3628 4235 τοῦ
3667 4186 3882 4256 Πατρδς
3911 4191 4006 4243 καὶ

2425 4269 2520 4317 τοῦ
2546 4268 2702 4334 ἁγίου
2738 4268 3057 4338 Πνεῦματος
3107 4270 3270 4342 οὐσίᾳ
3314 4273 3538 4343 ἀπαθὴς
3597 4276 4002 4348 διαμεμένηκε,

2427 4362 2519 4409 καί¹
2558 4359 2810 4428 ἀόρατος.

2499 4452 2694 4508 Ἀδει.
2724 4454 2840 4504 Ἰίνι
2865 4454 3005 4522 λόγῳ
3036 4456 3097 4506 τὸ
3125 4455 3348 4527 Πνεῦμα
3380 4458 3517 4530 ἔρως
3546 4459 3878 4531 ὀνομάζεται
3911 4467 4003 4520 τοῦ

758 4557 900 4610 οὕτω
928 4557 1022 4609 καὶ
1056 4553 1116 4606 τὸ
1153 4552 1286 4622 βαθὺ
1306 4551 1463 4605 τοῦτο
1497 4568 1592 4602 και
1622 4550 2082 4620 συνεσκιασμένον
2116 4552 2322 4619 μυστή-
2359 4529 2397 4581 1)
2428 4545 2566 4599 Θεοῦ
2597 4565 2610 4613 ;

763 4667 878 4719 ριον
921 4648 1009 4699 διὰ
1037 4646 1145 4698 τῶν
1173 4643 1302 4711 παρ’
1332 4645 1463 4711 ἡμῖν
1492 4641 1794 4711 γινομένων
1830 4646 1924 4695 καὶ
1957 4643 2041 4696 διὰ
2080 4643 2173 4695 τοῦ
2237 4643 2324 4696 λό-

760 4759 859 4809 γου
893 4737 1320 4809 διερευνωμένου
1351 4733 1575 4786 δυνατὸν
1614 4735 1706 4785 καὶ
1744 4733 1899 4785 τοῦτο
1933 4735 2323 4804 καθοραθῆναι.

764 4833 932 4902 Δῆλον
980 4828 1090 4898 γὰρ
1145 4827 1236 4878 τὸν
1287 4823 1629 4890 ἀνθρώπινον
1674 4824 1799 4876 νοῦν
1847 4824 2186 4893 λογιζόμενοι
2235 4827 2325 4893 ἀφ’

767 4922 960 4979 ἑαυτοῦ
1001 4923 1262 4988 γεννῆσαι
1305 4918 1495 4970 τοῦτον
1524 4918 1615 4969 τὸν
1645 4918 1743 4986 τῆς
1805 4918 1993 4985 κοινῆς
2046 4918 2326 4972 διαλέκτου

765 5019 945 5084 λόγον,
962 5015 1057 5066 καί⁵
1085 5011 1272 5064 τοῦτον
1302 5012 1390 5063 τὶν
1418 5011 1576 5076 λόγον
1608 5011 1664 5062 ὲν
1695 5009 1772 5079 τῷ
1802 5010 1875 5078 νῷ
1921 5013 2014 5062 καὶ
2043 5012 2107 5080 τῇ
2141 5013 2328 5083 μνήμῃ

767 5108 901 5176 ὁμοῦ
932 5106 1059 5176 μίαν
1093 5101 1231 5157 εἶναι
1261 5103 1470 5155 οὐσίαν.
1513 5102 1685 5154 Ὅταν
1713 5100 1772 5152 δὲ
1811 5103 1900 5155 τὸν
1956 5101 2121 5155 αὑτοῦ
2177 5104 2330 5169 λόγον

772 5202 863 5254 καὶ
910 5198 1089 5260 ἄλλοις
1122 5194 1437 5262 ἐπιθυμήσῃ
1472 5195 1695 5260 ποιῆσαι
1725 5194 2024 5262 γνώριμον,
2059 5195 2332 5262 οἰκονομεῖ

777 5293 914 5362 μετὰ
943 5287 1036 5340 τοῦ
1069 5286 1200 5339 ίδίου
1229 5283 1510 5354 λογισμοῦ,
1538 5285 1594 5345 ὃς
1617 5285 1770 5338 οὐδὲν
1803 5285 1987 5353 ἕτερόν
2037 5287 2182 5340 ἐστιν
2234 5288 2266 5357 ἦ
2305 5290 2333 5339 6

773 5389 926 5451 λόγος
973 5380 1158 5435 αὐτοῦ.
1226 5380 1331 5432 Καὶ
1378 5379 1516 5448 μετὰ
1558 5378 1658 5442 τῆς
1714 5381 1936 5448 μνήμης
1983 5380 2144 5434 αὑτὸν
2181 5380 2334 5448 λόγον

775 5477 929 5544 σῶμα
961 5472 1145 5542 φωνῆς
1173 5471 1515 5536 ἐνδύσασθαι,
1549 5473 1643 5523 καὶ
1691 5475 1800 5534 τοῖς
1852 5472 1986 5526 ὠσὶν
2046 5474 2332 5536 ἀκουστὸν,

773 5568 865 5616 καὶ
886 5565 1004 5624 ταῖς
1031 5563 1137 5614 τῶν
1166 5558 1472 5612 ἀκουόντων
1507 5560 1755 5629 καρδίαις
1781 5561 1974 5629 ὁρατὸν
2001 5563 2183 5630 ἐφίησι
2241 5580 2334 5631 γε-

773 5654 978 5707 νέσθαι.
1005 5653 1124 5705 Ἔτι
1177 5652 1269 5704 καὶ
1324 5652 1611 5720 γράμμασι
1648 5653 2028 5723 περισφίγγων
2080 5654 2139 5706 τὸ
2177 5655 2332 5722 σῶμα

773 5744 865 5798 τοῦ
923 5743 1102 5811 λόγου,
1154 5743 1266 5795 ἀλλ’
1323 5743 1468 5808 ὅμως
1532 5746 1559 5794 6
1621 5743 1776 5808 λόγος
1854 5747 2060 5807 ἐκεῖνος
2103 5746 2332 5817 ἀόρατος

777 5839 948 5908 μένω)
977 5837 1071 5906 τῆς
1105 5835 1196 5888 τοῦ
1225 5834 1314 5888 νοῦ
1365 5839 1452 5886 καὶ
1482 5833 1577 5902 τῆς
1612 5835 1834 5904 μνήμης
1878 5836 2174 5905 ὑπάρξεως
2229 5840 2327 5892 οὐκ

2499 4640 2619 4693 Διὸ.
2657 4641 2768 4711 Τὴν
2796 4643 2890 4696 τοῦ
2923 4642 3056 4694 Θεοῦ
3085 4642 3277 4697 οὐσίαν
3297 4645 3444 4715 ζωὴν
3468 4642 3624 4703 εἶπον
3652 4646 3794 4705 εἶναι
3831 4669 3847 4684 ⁸
3880 4656 3918 4722 ἡ
3949 4655 4004 4707 δὲ

2429 4731 2629 4801 ἀληθὴς
2649 4732 2760 4803 ζωὴ
2775 4734 2975 4803 ἑαυτὴν
3005 4734 3185 4797 ζῶσαν
3207 4739 3338 4790 νοεῖ.
3362 4738 3422 4790 Ei
3440 4739 3620 4794 τοίνυν
3636 4743 3839 4815 ἑαυτὴν
3863 4746 4008 4817 ζωὴν

2429 4819 2593 4875 οὖσαν
2623 4827 2756 4887 νοεῖ,
2788 4827 2986 4894 ἑαυτὴν
3016 4826 3238 4888 πάντως
3268 4828 3478 4902 ἀγαπᾷ.
3521 4831 3628 4884 Τοῦ
3681 4834 3738 4886 δὲ
3775 4836 3916 4891 Θεοῦ
3949 4841 4009 4891 τὸ

2431 4914 2549 4984 ζῇν,
2568 4916 2628 4967 τὸ
2657 4917 2817 4979 νοεῖν,
2847 4917 2908 4968 τὸ
2941 4917 3190 4988 ἀγαπᾷν,
3221 4919 3378 4972 οὐδέν
3400 4921 3549 4974 ἐστιν
3573 4922 3764 4994 ἕτερον
3790 4927 3821 4998 ἦ
3853 4930 3916 4982 τδ
3934 4925 4008 4982 εἷ-

2431 5027 2516 5061 ναι
2537 5024 2556 5042 ο
2597 5011 2628 5080 ή
2658 5012 2844 5078 ἀγάπη
2873 5013 3051 5065 τοίνυν
3091 5013 3186 5065 τοῦ
3215 5013 3352 5065 Θεοῦ
3383 5014 3500 5084 ζωὴ
3519 5019 3658 5072 ἐστι.
3681 5021 3794 5073 Καὶ
3828 5023 3862 5092 η
3893 5023 4008 5094 ζωὴ

2434 5100 2651 5170 πνεῦμά
2677 5105 2813 5165 ἐστι,
2849 5104 2943 5156 καὶ
2968 5102 3088 5156 ἐπεὶ
3118 5107 3147 5157 6
3185 5105 3321 5169 Θεὸς
3349 5105 3419 5159 δι’
3465 5109 3690 5181 ἀγάπην
3743 5116 3886 5167 πᾶσι
3947 5118 4006 5169 τὸ

2433 5189 2572 5245 εἶναι
2612 5194 2706 5246 καὶ
2739 5195 2837 5264 ζῇν
2867 5195 3089 5260 δέδωκε,
3133 5195 3224 5249 διὰ
3253 5196 3412 5251 τοῦτο
3454 5200 3679 5270 Πνεῦμα
3729 5219 4006 5272 προσαγοο

2438 5285 2678 5348 ρεύεται.
2724 5283 2875 5338 Ἐκεὶ
2905 5286 2962 5338 δὲ
2993 5287 3052 5337 τὸ
3082 5287 3238 5355 ἅγιον
3265 5289 3714 5361 πρόσκειται,ὅτι
3737 5294 3808 5347 δι’
3839 5299 4006 5352 αὐτοῦ

2437 5372 2608 5426 πάντα
2650 5376 2961 5442 ἁγιάζεται.

2507 5465 2705 5521 Ἀδελ.
2769 5469 2891 5532 Πῶς
2937 5469 3212 5524 δείκνυται
3253 5473 3415 5527 τοῦτο
3456 5474 3519 5528 τὸ
3565 5474 3800 5546 Πνεῦμα
3858 5481 4008 5549 παρὰ

2440 5561 2647 5629 Πατρὸς
2679 5562 2771 5614 καὶ
2803 5561 2935 5616 Υἰοῦ
2971 5565 3370 5633 ἐκπορεύεσθαι
3391 5583 3439 5633 ;.

2509 5655 2639 5710 Aid.
2679 5655 2752 5709 Τὸ
2784 5654 3010 5724 Πνεῦμα
3045 5657 3105 5711 τὸ
3134 5657 3288 5727 ἆγιον
3334 5659 3494 5713 οὐδὲν
3549 5659 3740 5730 ἕτερον
3791 5661 3826 5732 ἢ
3872 5661 4005 5732 ἔρως

2438 5749 2530 5801 τοῦ
2561 5748 2694 5801 Θεοῦ
2723 5753 2942 5814 νοεῖται,
2969 5751 3091 5802 ὅθεν
3107 5751 3200 5801 καὶ
3221 5753 3250 5804 6
3279 5750 3411 5814 Θεὸς
3435 5753 3622 5822 ἀγάπη
3645 5755 3893 5821 λέγεται,
3917 5755 4005 5823 δή·

2439 5843 2528 5896 λον
2559 5842 2610 5894 δὲ
2650 5842 2723 5906 ὡς
2752 5844 2776 5892 6
2809 5845 2996 5911 ﬂatrp
3036 5843 3128 5898 τὶν
3155 5843 3283 5898 Υἰδν
3325 5844 3400 5908 ὡς
3427 5845 3620 5900 ἑαυτὸν
3667 5847 3880 5906 ἀγαπᾰ.
3919 5849 4006 5901 καὶ
