4074 6208
943 529 1956 740 ΝΙΚΗΦΟΡΟΥ
2032 526 3024 667 ΚΑΛΛΙΣΤΟΥ

1627 759 1778 815 ,ΤΟΥ
1814 758 2327 817 ΞΔΝΘΟΠΟΥΔΟΥ

741 934 2329 1056 ΕΚΚΑΗΣΙΑΣΤΙΚΗΣ
2421 941 3294 1059 ΙΣΤΟΡΙΑΣ,

1661 1169 2050 1257 ΤΟΜΟΣ
2140 1171 2294 1256 ΙΕ’.

1137 1528 1997 1656 NICEPHORI
2093 1524 2824 1655 CALLISTI

1691 1763 2222 1826 XANTHOPULI

786 1948 2167 2067 ECCLESIASTICE
2301 1865 3169 2070 HISTORIZE

1628 2189 2038 2286 TOMUS
2111 2195 2317 2286 XV.

947 2570 1197 2628 ΚΕΦᾹΔ.
1243 2571 1324 2623 A’.

1953 2573 2002 2628 lt

2559 2523 2721 2633 535
2757 2559 2984 2618 CAPUT
3027 2560 3068 2614 ι.

351 2689 492 2757 Περὶ
521 2688 634 2757 τῆς
664 2686 985 2757 βασιλείας
1011 2682 1354 2757 Μαρκιανοῇ
1381 2697 1413 2757 °_
1425 2681 1525 2735 καί
1556 2681 1674 2736 ὅσα
1699 2679 1924 2757 ᾳημεῒιι

2030 2677 2104 2732 De
2139 2677 2406 2757 Marciani
2447 2679 2688 2757 imperio.
2721 2676 2849 2757 Quae
2887 2678 3042 2757 signa
3081 2679 3466 2757 precarer-int,
3499 2677 3604 2732 im-

423 2750 857 2828 Ξτροηλρήοναντο
881 2750 997 2820 τὴν·
1023 2750 1222 2823 ἀρχὴν
1260 2750 1422 2817 αὐτῷ
1459 2751 1887 2823 προμηνύοντα
1906 2768 1920 2781 ·

423 2832 524 2887 καί
562 2828 690 2895 οἶος
717 2823 796 2899 ἦν
827 2829 892 2881 τὸ
921 2823 1087 2898 ἦθος.

420 2941 674 3013 Στερρῶς
707 2936 915 2993 δὀὔτω
947 2937 1015 3006 τῇ
1053 2935 1150 3004 τῆς
1195 2932 1473 3005 βασιλείας
1527 2913 1752 3004 κρηπῖδι
1790 2934 1922 2987 ἐπε-

349 3032 587 3105 ρεισθεὶς
629 3033 659 3085 ὀ
691 3029 1012 3101 Μαρκιανὸς
1038 3029 1376 3097 διαγέγονεν,
1411 3027 1634 3082 ἑαυτὸν
1696 3025 1921 3090 δεικνὺς

347 3132 448 3184 καὶ
476 3129 657 3199 πολλῷ
679 3126 1030 3197 διαφέροντα,
1064 3125 1096 3195 ἢ
1127 3125 1220 3178 ἐπὶ
1244 3123 1354 3178 τῶν
1391 3123 1623 3179 ἐλπίδων
1653 3117 1743 3193 ἦν.
1783 3121 1924 3176 Ἀλλ’

349 3224 402 3274 εί
439 3221 615 3286 δοκεῖ,
649 3219 784 3288 φέρε
814 3217 879 3287 δὴ
933 3217 1026 3270 καὶ
1077 3215 1242 3269 αὑτὸν
1286 3214 1369 3278 τίς
1403 3232 1466 3268 τε
1517 3210 1606 3287 ἦν,
1654 3214 1751 3268 καὶ
1781 3213 1926 3278 ὅθεν,

348 3314 504 3375 ὅπως
532 3329 594 3365 τε
628 3312 707 3373 είς
732 3309 832 3380 τὴν
863 3307 1144 3379 βασιλείαν
1173 3305 1442 3378 παρῆλθε,
1489 3305 1568 3376 τῷ
1596 3305 1741 3377 λόγῳ
1773 3304 1929 3358 καθι-

352 3405 741 3474 στορήσωμεν.
780 3394 915 3452 Εἶτα
957 3397 1054 3451 καὶ
1105 3397 1207 3450 ὅσα
1260 3396 1348 3449 ἐπ’
1378 3394 1545 3448 αὐτοῦ
1601 3392 1926 3465 διεπράχθη,

348 3493 430 3562 τῷ
474 3492 814 3562 προσήκοντι
862 3488 1042 3559 καιρῷ
1096 3487 1478 3555 διεξέλθωμεν.
1514 3482 1622 3542 Ἦν
1675 3486 1856 3540 τοίνυν
1900 3490 1930 3541 ὀ

348 3583 594 3654 ἀοίδιμος
625 3574 782 3642 οὗτος
812 3580 1157 3650 Μαρκιανος,
1210 3579 1284 3641 ὣς
1316 3596 1451 3650 φησι
1484 3581 1581 3632 καὶ
1626 3578 1870 3649 Πρίσκος
1901 3579 1930 3631 ὁ

351 3677 561 3746 ῥήτωρ,
591 3673 743 3744 Θρᾲξ
786 3671 886 3741 μὲν
910 3671 970 3724 τὸ
1020 3670 1286 3740 γένος,,ὲξ
1335 3671 1529 3741 ἀνδρὸς
1590 3668 1927 3742 στρατιώτου

345 3768 451 3838 τὴν
477 3767 734 3836 γέννησιν
783 3763 1051 3834 ἐσχηκώς
1080 3761 1140 3815 οὗ
1170 3761 1230 3814 τὺ
1287 3760 1434 3832 βιοῦν
1471 3761 1926 3832 μεταλλάξαντος,

2097 2750 2302 2871 pebrium
2343 2749 2392 2802 ei
2430 2750 2840 2818 portendentia:
2871 2749 3162 2818 quibusque
3202 2748 3244 2801 is
3286 2747 3444 2816 fuerit
3490 2765 3604 2803 mo-

2097 2835 2142 2871 r:
2183 2836 2262 2871 us.

2097 2835 2262 2874 rwus.

2098 2933 2408 2990 Marcianus
2423 2934 2517 2990 ubi
2546 2931 2700 2989 ﬁrma
2725 2932 2942 3004 imperii
2963 2933 3048 2989 sui
3073 2933 3430 2988 fundamenta
3446 2933 3601 3004 jecit,

2029 3025 2460 3098 praestantiorem
2487 3039 2566 3090 se,
2586 3039 2749 3094 quam
2782 3024 2850 3080 de
2866 3039 2934 3081 eo
2965 3039 3090 3095 spes
3107 3033 3371 3093 concepta
3400 3024 3606 3089 fuerat,

2028 3117 2276 3189 praebere
2336 3118 2730 3187 perseveravit.
2764 3117 2964 3172 Verum
3005 3131 3102 3187 age
3154 3117 3198 3171 si
3249 3116 3492 3179 videtur,
3539 3116 3608 3171 de

2028 3225 2114 3274 eo,
2159 3209 2302 3280 quis,
2337 3219 2390 3263 et
2417 3209 2563 3264 unde
2607 3208 2797 3272 fuerit,
2831 3219 2887 3264 et
2916 3207 3191 3279 quomodo
3218 3207 3285 3262 ad
3311 3207 3603 3278 imperium

2027 3303 2366 3373 pervenerit,
2409 3303 2736 3376 referamus,
2771 3294 2968 3356 deinde
3002 3316 3154 3364 vero,
3201 3315 3324 3370 quae
3363 3299 3480 3370 ipso
3504 3299 3609 3354 im-

2031 3404 2259 3464 perante
2298 3403 2448 3466 gesta
2477 3395 2590 3450 sint
2620 3409 2720 3449 suo
2765 3402 3012 3464 tempore
3045 3393 3260 3464 singula
3289 3407 3604 3448 narremus.

2029 3488 2432 3544 Celeberrimus
2465 3487 2777 3542 Marcianus
2812 3487 2936 3551 iste,
2966 3486 3128 3542 sicuti
3159 3495 3212 3540 et
3239 3484 3460 3542 Priscus
3483 3486 3609 3541 rhe-

2033 3592 2116 3637 tor
2147 3582 2345 3650 inquit,
2378 3595 2578 3652 genere
2609 3579 2791 3634 Thrax
2837 3578 2962 3645 fuit,
3003 3578 3227 3634 militari
3259 3590 3414 3650 patre
3447 3580 3607 3650 geni-

2032 3681 2140 3728 tus.
2193 3670 2312 3737 Quo
2357 3682 2599 3735 mortuo,
2651 3684 2776 3725 eum
2811 3671 2929 3740 ipse
2977 3679 3209 3740 paterna
3263 3670 3370 3726 sibi
3421 3670 3605 3726 studia

2031 3763 2306 3834 sequenda
2342 3762 2646 3829 statuisset,
2675 3761 3104 3833 Philippopolim
3140 3778 3199 3818 se
3227 3763 3483 3822 contulit.
3510 3763 3604 3818 ubi

346 3853 507 3916 οὗτος
575 3852 672 3906 τοῦ
733 3849 1006 3921 πατρικοῦ
1107 3850 1542 3920 ἐπιτηδεύματος
1603 3849 1931 3921 μεταλαχείν

2035 3865 2180 3910 recte
2226 3869 2286 3910 se
2335 3869 2535 3909 nomen
2584 3853 2797 3908 militiae
2828 3853 3082 3909 daturum
3123 3854 3412 3926 judicavit.
3467 3851 3605 3910 Cum

346 3947 734 4014 ὶπειγόμενος,
805 3941 942 4012 πρὸς
1003 3941 1104 4012 τὴν
1153 3941 1426 3995 Φιλίππου
1481 3941 1639 3994 πόλιν
1698 3940 1920 4014 ἐχώρει·

346 4037 480 4090 ἔνθα
524 4035 589 4106 δὴ
619 4034 902 4105 προσῆκον
952 4033 1151 4104 ἐκείνῳ
1193 4049 1256 4102 γε
1303 4033 1553 4103 ἐκρίνετο
1601 4034 1715 4094 τοῖς
1752 4050 1922 4105 στρα-

347 4131 625 4191 τιωτικοῖς
691 4126 975 4194 συλλόγοις
1043 4122 1486 4194 ἑγκατειλέχθαι.
1532 4122 1621 4187 Ὠς
1682 4119 1778 4177 οὖν
1828 4122 1924 4176 ἐπὶ

346 4221 525 4288 τούτῳ
553 4219 648 4291 τὴν
695 4219 924 4290 πορείαν
963 4218 1170 4287 διήνυε,
1233 4218 1529 4286 νεοσφαγεῖ
1577 4215 1791 4286 σώματι
1841 4217 1925 4269 ἔνο

347 4310 630 4380 τυγχάνει,
671 4313 814 4364 κατὰ
866 4308 974 4378 γῆν
1012 4309 1087 4372 ὡς
1128 4308 1319 4379 ἔτυχεν
1355 4309 1699 4381 ἐρριμμένῳ*
1765 4307 1852 4377 ἐφ’
1881 4299 1926 4375 ᾧ

346 4402 446 4456 καὶ
483 4401 678 4471 μικρόν
707 4418 760 4454 τι
801 4400 902 4471 τὴν
946 4398 1168 4468 κίνησιν
1201 4399 1447 4469 ἐπισχὼν
1505 4394 1595 4470 (ἦν
1627 4401 1737 4470 γὰρ
1789 4398 1925 4471 πρὸς

345 4494 461 4555 τοῖς
483 4491 730 4561 ἀφθόνως
755 4490 951 4561 ἐκείνῳ
973 4489 1156 4542 ἐνοῦσι
1194 4489 1382 4553 καλοῖς
1416 4489 1512 4542 καὶ
1553 4489 1926 4560 διαφερόντως

346 4583 921 4653 φιλανθρωπότατος),
986 4581 1066 4644 είς
1095 4576 1278 4633 οἶκτον
1303 4580 1564 4651 τραπεὶς,
1632 4580 1700 4634 τά
1740 4581 1926 4635 εἰκότα

344 4671 426 4743 τῷ
460 4672 866 4728 ἀποσεϐιωκότι
907 4670 1297 4741 ἀπεχαρίζετο.
1343 4669 1429 4733 Ὠς
1499 4670 1557 4723 δέ
1587 4687 1734 4734 τινες
1785 4687 1928 4742 παρ.

353 4767 530 4828 ιόντες
585 4763 847 4818 τεθέαντο
877 4763 1022 4832 ἀμφὶ
1070 4760 1146 4830 τῷ
1179 4759 1362 4831 νεκρῷ
1411 4760 1766 4830 πονούμενον,
1813 4765 1927 4826 τοῖς

346 4858 492 4910 κατὰ
555 4857 652 4925 τὴν
687 4854 1120 4910 Φιλιππούπολιν
1162 4853 1356 4924 ἄρχειν
1404 4851 1631 4923 λαχοῦσι
1711 4853 1926 4924 προήγ-

353 4951 566 5018 γειὶανο
601 4950 696 5002 καὶ
739 4950 831 5001 τὸν
864 4947 1188 5018 Μαρκιανὺν
1217 4946 1412 4999 ἔπειτα
1437 4947 1647 5016 ἥκοντα
1673 4946 1930 4998 συλλαϐό-

351 5057 530 5107 μενοι,
561 5039 752 5110 κριταὶ
783 5037 883 5108 τῆς
928 5038 1245 5108 μιαιφονίας
1284 5027 1636 5090 καθίσταντο.
1699 5036 1850 5088 Ἐπεὶ
1870 5035 1927 5088 δὲ

343 5137 416 5188 τὰ
440 5134 624 5187 εἰκότα
651 5134 748 5185 καὶ
773 5133 822 5184 οί
853 5133 917 5184 ὲκ
952 5130 1064 5184 τῶν
1097 5129 1286 5200 ἀρχῶν
1348 5129 1656 5198 στοχασμοί
1708 5129 1806 5197 τῆς
1867 5145 1926 5180 τε

344 5226 598 5295 γλώττης
625 5226 722 5278 καὶ
772 5223 872 5293 τῆς
896 5222 1336 5294 ἀληθείαςξμάλα
1366 5222 1689 5292 κατίσχυον,
1752 5237 1926 5289 παρα-

2028 3954 2212 4001 autem
2245 3944 2299 3999 in
2329 3944 2530 4001 itinere
2563 3959 2631 4000 eo
2674 3951 2845 4010 esset,
2884 3943 2940 3999 in
2981 3943 3215 3998 cadaver
3238 3956 3430 4000 recens
3479 3941 3605 3996 exesi

2029 4036 2269 4091 hominis
2303 4036 2514 4103 incidit,
2563 4035 2711 4106 quod
2744 4043 2966 4102 temere
2999 4034 3053 4089 in
3099 4043 3169 4088 tet
3187 4049 3244 4087 ra
3301 4031 3604 4101 projectum

2021 4131 2258 4201 jacebat.
2297 4130 2520 4186 Restitit
2551 4129 2617 4184 ad
2664 4129 2716 4184 id
2746 4129 3045 4200 paulisper,
3070 4125 3216 4196 quod
3243 4133 3440 4194 praeter
3471 4123 3607 4179 reli-

2028 4235 2134 4289 qua
2161 4220 2378 4288 egregia
2405 4229 2755 4282 ornamenta,
2812 4217 3018 4286 quibus
3069 4213 3290 4268 abunde
3342 4211 3602 4280 pollebat,

2029 4309 2374 4366 humanitate
2405 4323 2626 4378 quoque
2673 4316 2732 4363 et
2773 4304 3158 4362 misericordia
3185 4303 3479 4359 excelleret
3507 4321 3522 4358 :
3550 4316 3608 4360 et

2029 4415 2215 4457 casum
2258 4399 2499 4456 hominis
2541 4400 2856 4461 miseratus.
2901 4412 3001 4466 pro
3025 4412 3092 4452 eo
3122 4405 3288 4467 atque
3320 4397 3604 4463 convenit,

2029 4510 2228 4566 corpus
2255 4494 2374 4566 ejus
2422 4492 2719 4563 sepultura:
2769 4491 3063 4546 mandavit.
3091 4489 3258 4562 586
3285 4491 3390 4548 Ubi
3419 4501 3605 4548 autem

2027 4603 2156 4644 eum
2215 4585 2469 4642 nonnulli
2516 4585 2572 4640 in
2629 4583 2898 4640 cadavere
2947 4583 3229 4640 bumando
3275 4593 3604 4654 occupatum

2029 4695 2151 4736 esse
2175 4687 2601 4748 conspexerunt,
2631 4676 3044 4745 magistratibus
3089 4675 3608 4746 Philippopolitanis

2029 4786 2145 4825 rem
2169 4785 2288 4824 eam
2320 4766 2779 4836 indicaruntzqui
2810 4765 3011 4821 deinde
3039 4767 3190 4820 illum
3219 4765 3606 4823 advenientem

2030 4861 2590 4932 comprehenderunt,
2607 4868 2662 4915 et
2690 4857 2855 4915 caedis
2876 4858 3233 4930 quaestionem
3269 4868 3458 4914 contra
3480 4873 3608 4913 eum

2032 4953 2412 5008 instituerunt.
2446 4951 2617 5007 Porro
2638 4967 2762 5007 cum
2825 4967 2912 5007 res
2941 4951 3261 5007 verisimilis
3293 4966 3415 5006 esse
3449 4951 3609 5008 vide-

2033 5057 2209 5112 retur,
2247 5057 2302 5101 ct
2331 5047 2662 5116 conjectura:
2708 5047 2777 5101 ab
2806 5046 2964 5100 initio
2998 5047 3118 5117 ejus
3148 5057 3450 5116 conceptae,
3486 5048 3611 5116 plus

2031 5150 2196 5206 quam
2245 5133 2426 5189 oratio
2463 5133 2724 5190 Marciani
2751 5136 2962 5190 crimen
3008 5136 3285 5206 objectum
3332 5139 3607 5208 negantis,

2032 5237 2090 5282 et
2119 5228 2323 5282 veritas
2349 5227 2488 5297 ipsa,
2511 5228 2760 5284 valerent
2795 5247 2809 5282 :
2843 5228 3126 5283 homicidii
3163 5230 3253 5284 ille
3289 5245 3479 5300 positas
3515 5231 3611 5286 de-

298 5298 311 5315 ‘
343 5317 520 5388 ϐραχὺ
545 5315 877 5387 ἀνδροφόνου
904 5315 1004 5366 καὶ
1044 5313 1337 5384 μιαιφόνου
1387 5313 1582 5375 ποινὰς
1625 5311 1927 5382 ἐκπλήσειν
1954 5298 1958 5312 ’

2031 5319 2228 5384 disset,
2261 5319 2366 5373 nisi
2401 5319 2624 5388 quidam
2661 5318 2849 5374 divino
2892 5327 3031 5375 nutu
3061 5320 3229 5376 caedis
3271 5298 3640 5390 patratorem'

345 5408 598 5478 ἔμελλεν,
652 5407 703 5460 εί
739 5406 815 5478 μή
870 5424 951 5469 τις
992 5406 1102 5476 ἄρα
1171 5404 1422 5472 Θειοτέρα
1483 5404 1625 5476 ῥοπὴ
1683 5403 1777 5458 τὸν
1826 5404 1926 5474 τῆς

347 5499 603 5570 πράξεως
633 5497 946 5568 αὐτουργὸν
979 5495 1072 5548 ἐπὶ
1115 5495 1214 5566 τὴν
1254 5495 1412 5558 ἀξίαν
1456 5494 1628 5565 ἧλασε
1655 5495 1832 5566 δίκην,
1865 5494 1927 5558 ὃς

343 5597 444 5665 τὴν
479 5596 749 5664 σφετέραν
780 5590 1025 5662 κεφαλὴν
1070 5589 1262 5661 ποινὴν
1296 5589 1388 5642 τοῦ
1447 5589 1726 5658 δράματος
1763 5589 1928 5660 θέμε-

345 5703 459 5753 νος,
516 5688 614 5758 τὴν
665 5683 918 5753 κεφαλὴν

665 5783 944 5845 ΡΑΤΒοιι.
988 5781 1101 5841 Gtt.
1148 5774 1445 5841 CXLVII.
1515 5787 1518 5791 ‘

362 5869 763 6188 χιλῆ

2035 5410 2090 5465 in
2143 5409 2416 5481 judicium
2473 5409 2845 5480 produxisset,
2875 5411 2968 5481 qui
3019 5411 3198 5482 capite
3229 5429 3332 5468 suo
3383 5412 3610 5468 sceleris

2036 5499 2366 5569 supplicium
2401 5499 2680 5568 pendens,
2718 5501 2970 5556 Marciani
3015 5510 3179 5570 caput
3216 5502 3470 5558 servavit.
3513 5500 3610 5554 Ju-

2035 5589 2183 5644 dieio
2203 5604 2271 5643 eo
2301 5595 2499 5658 praeter
2548 5589 2865 5658 opinionem
2898 5591 3205 5655 absolutus,
3231 5591 3298 5646 ad
3349 5588 3609 5644 ordinem

995 5679 1302 5753 Μαρκιανῴ
1354 5677 1660 5748 ἑχαρὲζετο.
1712 5681 1822 5735 Καὶ
1861 5680 1925 5750 δὴ

2037 5682 2114 5738 ibi
2147 5681 2381 5738 militum
2423 5691 2823 5738 sacramentum
2849 5682 3096 5738 dicturus
3128 5685 3297 5736 venit.
3327 5680 3502 5748 Atque
3529 5680 3608 5737 illi

3175 5781 3206 5832 1
