4074 6208
459 321 525 387 13
1387 308 1979 371 ECCLESIASTICAZ
2022 274 2407 367 nisronm
2450 310 2591 368 LIB.
2638 294 2754 371 x‘v.
3616 317 3681 381 ιι

455 436 506 488 δ’
535 473 551 496 ,
601 430 691 482 Ἐν
721 428 872 491 τάξει
902 424 1105 493 πατρῆς
1138 425 1300 492 ὑμᾶς,
1357 425 1558 491 ἔλεγεν,
1614 424 1736 487 ἔξω.
1789 423 1898 476 Καὶ
1958 423 2064 492 δὴλ

2137 419 2300 483 leret,
2338 420 2389 473 in
2416 422 2535 475 aula
2560 422 2732 476 futuri
2768 433 2971 484 essent,
3010 425 3266 480 sciscitati
3299 440 3440 481 sunt.
3472 428 3583 491 Ille,
3622 448 3679 483 se
3735 487 3746 501 ,

454 520 669 590 χρυσίῳ
698 517 889 570 τοῦτον
933 514 1340 581 δεξιωσάμενοι,
1388 516 1479 565 ἐπὶ
1529 514 1624 582 τὴν
1678 516 2010 567 Κωνσταντὶ-

2123 526 2218 566 eos
2246 520 2465 579 patrum
2508 513 2627 565 loco
2690 513 3004 566 habiturum
3055 531 3173 569 esse
3202 516 3360 569 dixit.
3394 519 3569 581 Quare
3603 521 3676 572 illi

456 628 549 662 νου
590 609 969 677 προέπεμπον.
1020 606 1107 667 Ὠς
1149 605 1193 657 δ’
1229 607 1308 667 εἰς
1358 605 1519 673 ἔργον
1567 606 1749 673 ἐξέϐη,
1794 608 1858 658 ὲκ
1908 606 2014 657 Λυ-

2126 601 2401 656 bominem
2459 604 2655 656 deinde
2702 619 2833 657 auro
2882 606 3225 673 hospitaliter
3294 608 3677 676 locupletatum

453 701 584 762 χίας
653 700 780 759 τοὺς
828 698 1150 766 εξρημένους
1196 696 1706 764 μεταστειλάμενος,
1778 696 2017 765 πατέρας

2121 690 2650 760 Constantinopolim
2680 693 3044 747 deduxerunt.
3076 694 3172 748 Ubi
3207 710 3334 749 vero
3358 713 3515 749 omen
3544 700 3673 752 illud

456 791 639 859 ἑαυτῷ
673 790 1027 858 άνεκήρυττε.
1068 789 1177 841 Καὶ
1207 788 1282 857 τῷ
1320 788 1415 856 μὲν
1462 789 1711 857 Τατιανῷ
1764 789 1863 858 τὴν
1916 790 2015 855 τῆς

2124 783 2191 835 ad
2246 799 2357 835 rem
2416 784 2669 835 collatum
2732 794 2834 845 est,
2888 785 3190 837 Marcianus
3244 801 3308 839 ex
3360 786 3523 855 Lycia
3588 804 3679 842 eos

455 882 611 948 σφῶν
638 881 844 941 πόλεως
876 881 1177 947 περιῆπτεν
1211 879 1386 945 ἀξίαν·
1420 880 1623 949 Ἰουλίῳ
1667 880 1722 932 δὲ
1754 882 1855 950 τὴν
1908 882 2017 935 τῶν

2124 883 2395 934 evocatos.
2432 884 2609 941 patres
2655 889 2783 927 suos
2831 875 3079 927 creavit:
3134 886 3189 928 et
3224 876 3451 930 Tatiano
3495 881 3680 946 patria:

451 974 674 1026 Λυκίων
700 971 874 1042 ἀρχὴν
896 972 1216 1039 ἐνεχείριζε.
1252 971 1489 1025 Τοιαῦτα
1516 976 1717 1043 σημεῖα
1742 976 2018 1043 ἡγήσαντο

2125 980 2233 1018 suae
2293 964 2695 1031 praefecturam,
2746 964 3168 1018 Julianoantcm
3218 967 3393 1037 Lycia!
3444 969 3678 1043 admini-

455 1070 555 1131 τὴν
627 1066 801 1133 ἀρχὴν
859 1065 933 1131 τῷ
995 1064 1300 1134 Μαρκιανῷ
1384 1065 1811 1135 μνηστευόμενα.
1875 1066 2017 1120 Ἀλλ’

2125 1057 2439 1109 strationem
2473 1057 2759 1109 concessit.
2804 1057 2927 1110 Haec
2982 1058 3226 1125 prodigia
3280 1060 3537 1114 Marciani
3583 1062 3682 1114 im-

449 1160 547 1209 ἐπὶ
577 1159 637 1209 τὸ
689 1155 1052 1224 προκείμενον
1104 1156 1437 1221 ὲπανίωμεν.
1486 1156 1545 1209 ’0
1596 1159 1908 1227 Μαρκιανὸς
1950 1155 2016 1229 ἧν

2126 1147 2336 1215 perium
2396 1161 2739 1215 praeeessere.
2784 1148 2850 1198 At
2904 1162 3003 1200 nos
3049 1148 3113 1200 ad
3161 1148 3467 1202 institutum
3509 1166 3676 1219 argu—

451 1250 558 1312 μὲν
611 1246 771 1314 εἴπερ
804 1262 889 1304 τις
918 1247 986 1297 τὰ
1027 1245 1163 1314 πρὸς
1194 1245 1329 1297 Θεὸν
1386 1246 1640 1316 εὐσεϐὴς,
1703 1250 2020 1321 δικαιοσύνῃ

2127 1246 2367 1290 mentum
2400 1248 2759 1291 revi-rtainur.
2787 1238 3111 1302 Marcianus,
3135 1250 3400 1307 quantum
3427 1242 3513 1293 vix
3541 1243 3681 1297 alius

455 1338 657 1401 συζῶν,
710 1335 940 1388 πλοῦτον
977 1336 1280 1404 ἡγούμενος
1312 1337 1371 1389 τὸ
1400 1336 1474 1406 μὴ
1506 1338 1574 1390 τὰ
1606 1339 1861 1408 ἀλλότρια
1888 1357 2017 1393 συν·-

2124 1328 2436 1398 quisquam,
2466 1328 2694 1381 verioris
2720 1344 2849 1395 erga
2899 1328 3065 1381 Deum
3110 1329 3327 1396 pietatis
3349 1330 3680 1399 justitimque

454 1424 613 1492 ἀγειν
656 1425 823 1476 πᾶσιν
875 1422 1329 1489 ἐπιτηδεύμασιν,
1384 1423 1497 1477 ἀλλ’
1524 1424 1582 1486 ὃς
1614 1425 1680 1479 ἂν
1742 1427 2019 1496 δεομένοις

2124 1420 2304 1473 cultor
2331 1420 2473 1475 fuit:
2517 1423 2733 1475 divitias
2766 1435 3006 1491 opesque
3034 1437 3191 1475 veras
3230 1437 3349 1476 esse
3384 1432 3600 1493 putans,
3636 1423 3682 1477 si

454 1512 716 1580 ἐπαρκεῖν
756 1509 998 1570 δυνατός.
1028 1505 1134 1561 Ἦν
1161 1512 1215 1562 δὲ
1263 1516 1355 1561 καὶ
1408 1512 1474 1563 τὰ
1513 1513 1746 1579 μάλιστα
1788 1516 2019 1586 φοϐερὸς

2128 1525 2235 1563 non
2274 1510 2455 1564 studio
2484 1512 2631 1565 omni
2667 1512 2841 1565 aliena
2894 1513 3035 1566 bona
3068 1514 3379 1578 corradere,
3416 1514 3511 1567 sed
3542 1514 3683 1568 indi-

455 1603 560 1654 οὐκ
586 1601 645 1652 ὲν
671 1598 746 1667 τῷ
774 1599 1157 1667 τιμωρεῖσθαι,
1195 1601 1310 1652 ἀλλ’
1351 1601 1409 1651 ἐν
1464 1603 1765 1672 προσδοκίᾳ
1814 1605 1907 1656 τοῦ
1941 1622 2018 1658 τι-

2126 1602 2365 1666 gentium
2396 1604 2676 1669 penuriam
2717 1604 3041 1658 liberalitate
3079 1620 3176 1659 sua
3216 1605 3505 1659 sublevare
3542 1620 3682 1673 pos-

464 1691 839 1761 μωρήσεσθαιο
880 1689 915 1742 ἆ
945 1708 1031 1757 γε,
1063 1687 1237 1760 οἶμαι,
1278 1694 1371 1744 καὶ
1404 1688 1561 1745 ἆθλον
1577 1695 1773 1762 ἀρετῆς
1804 1696 1864 1747 οὐ
1890 1696 2021 1763 κλη-
2053 1754 2073 1763 _

2072 1755 2092 1763 ⁵
2127 1704 2226 1747 set.
2268 1693 2647 1748 Foriuidabilis
2702 1697 2865 1749 etiam
2918 1699 3149 1751 maxime
3184 1698 3403 1750 habitus
3436 1709 3537 1759 est,
3571 1713 3681 1751 non

465 1754 725 1855 ρονομίας
766 1781 865 1850 τὴν
926 1754 1099 1850 ἀρχὴν
1120 1754 1344 1847 ἔδοσαν,
1380 1754 1627 1847 ἁπάσαις
1679 1754 1880 1855 ψηιροις
1924 1754 2074 1855 τήςῙ

2075 1755 2095 1811 3
2129 1794 2233 1836 tam
2262 1786 2523 1852 exemplis
2552 1802 2835 1853 pinnarum
2867 1788 3044 1846 editis.
3075 1803 3235 1856 quam
3277 1791 3684 1856 exspectatione

467 1876 755 1942 γερουσίας
775 1875 864 1925 καὶ
900 1873 1120 1926 πάντων
1158 1874 1631 1943 συμπληρούντων
1696 1877 1795 1947 τὴν
1852 1878 2023 1948 τύχην

2127 1882 2179 1926 et
2222 1886 2371 1928 metu
2407 1876 2825 1942 suppliciorum.
2860 1876 3023 1945 588
3053 1877 3181 1940 Quae
3209 1877 3441 1931 virtutes
3481 1879 3681 1942 fecere,

477 1963 667 2032 γνώμη
712 1964 1037 2032 Πουλχερίας
1069 1965 1165 2032 τῆς
1202 1963 1494 2034 βασιλίδος·
1526 1966 1559 2035 ἣ
1621 1968 1684 2032 δὴ
1719 1968 1815 2019 καὶ
1853 1966 2023 2036 συνῴο

2129 1975 2182 2019 ιιι
2230 1981 2337 2019 non
2367 1966 2701 2019 hmrcditatis
2735 1969 3155 2031 successionem,
3184 1964 3276 2021 sed
3306 1968 3522 2022 virtutis
3542 1984 3684 2023 mer-

481 2073 569 2107 κει
618 2056 712 2123 μὲν
769 2056 936 2123 αὐτῷ,
994 2056 1087 2108 καὶ
1138 2058 1236 2123 τὴν
1296 2057 1571 2125 βασιλείαν
1620 2058 2019 2128 συνέπραττεν·

2128 2056 2314 2112 cedem
2341 2057 2630 2125 imperium
2654 2057 2947 2126 acceperit,
2978 2066 3168 2110 senatu
3202 2059 3318 2125 ipso
3344 2068 3398 2110 et
3425 2060 3681 2111 omnibus

470 2148 687 2210 ἀιίπαις
728 2148 785 2199 δὲ
823 2149 1071 2217 ἐτηρεῖτο
1104 2149 1232 2217 ἄχρι
1285 2150 1466 2219 γήρως
1513 2148 1700 2213 αὐτοῦ,
1758 2149 2023 2218 μηδαμῶς

2128 2147 2361 2201 fortuna:
2385 2148 2649 2216 cujusque
2690 2147 3011 2200 hominibus
3054 2148 3277 2223 calculis
3307 2148 3421 2200 suis
3455 2148 3684 2201 l‘ulcbe—

468 2240 588 2299 τοὺς
619 2239 815 2308 ὅρκους
840 2241 1168 2309 αἱρουμένου
1191 2241 1339 2294 λύειν
1387 2243 1727 2311 Μαρκιανοῦ.
1779 2242 2019 2311 Συνεψη-

2129 2238 2222 2291 ria:
2249 2240 2501 2307 Angusta:
2550 2237 2873 2292 sententiam
2917 2238 3428 2308 comprobantibus.
3448 2237 3578 2302 Qua:
3628 2238 3684 2290 in

467 2328 660 2397 φίζετο
683 2330 727 2382 δ’
759 2334 817 2392 ἐς
843 2331 1072 2400 ὕστερον
1100 2334 1191 2384 καὶ
1209 2333 1649 2394 Οὐαλεντινιανδς
1676 2333 1893 2401 ἐκείνῳ,
1931 2336 2027 2403 τὴν

2130 2330 2252 2382 aula
2280 2330 2499 2399 quidem
2547 2329 2891 2397 imperatoria
2929 2346 3053 2383 cum
3098 2344 3164 2383 eo
3188 2330 3338 2392 vixit,
3367 2338 3422 2383 et
3454 2346 3556 2383 una
3586 2330 3686 2384 im-

470 2418 765 2484 ἡγεμονίαν
787 2420 885 2487 τῆς
928 2420 1155 2488 Ῥώμης
1210 2422 1520 2489 κατάρχων,
1581 2422 1674 2472 καὶ
1727 2422 1822 2490 τὴν
1878 2422 2028 2490 βασι-

2131 2420 2343 2488 perium
2379 2420 2795 2485 administravit,
2847 2421 3000 2491 virgo
3039 2432 3219 2473 autem
3252 2421 3317 2474 ad
3350 2429 3684 2474 senectutem

466 2506 618 2557 λείαν
646 2508 844 2577 ἐκύρου
871 2510 1198 2581 Μαρκιανῷ,
1247 2510 1346 2578 τὴν
1388 2510 1588 2580 ἀρετὴν
1632 2512 1857 2581 τάνδρὸς
1914 2514 2025 2565 δια·

2134 2524 2302 2577 usque
2326 2510 2648 2576 permansit,
2670 2508 2937 2563 Marciano
2960 2510 3008 2561 ei
3041 2509 3199 2563 tidem
3222 2525 3315 2576 per
3332 2509 3685 2577 jurisjurandi

468 2595 689 2657 κούσας.
715 2594 824 2649 Ἦν
857 2598 912 2650 δὲ
938 2601 1042 2667 πρὸ
1072 2601 1268 2662 παντὸς
1310 2601 1614 2670 Μαρκιανῷ
1665 2601 2030 2671 σπουδαζόμε-

2133 2598 2446 2667 religionem
2477 2600 2657 2651 datam
2698 2608 2969 2651 servante.
3025 2598 3375 2651 Postmodum
3413 2608 3464 2651 et
3495 2599 3688 2651 Valen-

468 2703 556 2735 νον
590 2688 649 2737 ἓν
680 2705 729 2738 τι
759 2689 850 2740 καὶ
884 2691 1060 2742 κοινὸν
1098 2694 1246 2760 παρὰ
1290 2694 1507 2745 πάντων
1537 2692 1701 2753 σέεας
1740 2693 1857 2761 Θεῷ
1892 2696 2024 2745 ἁνα-

2137 2690 2395 2751 ιζιιίιιιιυε,
2445 2690 2536 2757 qui
2604 2690 2895 2742 Romanam
2958 2690 3146 2742 urbem
3198 2690 3436 2757 regebat,
3480 2689 3569 2741 ubi
3621 2691 3690 2742 de

470 2775 752 2843 φέρεσθαι,
780 2780 843 2829 ὲκ
882 2781 1045 2847 μέσου
1078 2798 1134 2831 τε
1167 2783 1260 2843 τάς
1295 2781 1537 2850 αἱρέσεις
1582 2781 1857 2847 γενέσθαι,
1895 2781 2028 2849 μίαν

2136 2781 2339 2831 virtute
2388 2782 2505 2847 ejus
2538 2780 2739 2833 certior
2788 2790 2870 2833 est
2906 2780 3096 2842 factus,
3154 2781 3412 2848 sull'ragio
3445 2795 3543 2832 suo
3594 2781 3692 2832 im-

474 2880 531 2913 τε
565 2863 657 2917 διὰ
689 2869 787 2933 τῆς
841 2867 1087 2931 ὲνὼσεως
1146 2869 1476 2922 καθεστάναι
1535 2871 1631 2939 τὴν
1683 2870 2028 2939 Ἐκκλησίαν,

2136 2871 2346 2937 perium
2385 2872 2434 2923 ei
2482 2872 2841 2924 conﬁrmavit.
2891 2871 2948 2923 ιιι
2986 2870 3176 2937 primis
3205 2887 3334 2924 vero
3382 2872 3510 2923 illud
3546 2871 3688 2923 Mar-

470 2955 569 3005 καὶ
628 2957 730 3009 ὑπὸ
759 2961 856 3027 μιᾷ
880 2960 1158 3030 δοξολογίᾳ
1196 2961 1293 3029 τὴν
1318 2960 1613 3029 θρησκείαν
1652 2960 2031 3028 γεραίρεσθαι.

2140 2961 2330 3014 cianus
2353 2962 2656 3023 studuit,ut
2678 2977 2844 3013 unum
2871 2971 2926 3013 et
2952 2975 3295 3013 communem
3318 2960 3385 3012 ab
3411 2962 3687 3023 omnibus,

471 3046 702 3101 sublatis
740 3066 769 3103 e
817 3053 997 3105 medio
1031 3052 1351 3117 hmresibus,
1399 3051 1507 3106 Deo
1537 3052 1758 3107 oﬂ‘erret
1796 3054 2024 3119 cultum,
2067 3061 2121 3106 et
2156 3053 2398 3108 Ecclesia
2429 3069 2523 3122 per
2580 3052 3020 3122 coniunctionem
3086 3053 3259 3114 unita,
3289 3052 3611 3105 sententiain
3635 3062 3691 3104 ct.

477 3137 797 3207 religionem
828 3156 991 3197 uuam
1016 3144 1239 3197 coleret.

1068 3280 1418 3336 KEQAA.uz
2055 3290 2103 3353 ο

2055 3290 2103 3353 c
2738 3280 2966 3336 CAPUT
3013 3281 3079 3335 u.

490 3375 622 3428 ἐπὶ
649 3373 844 3437 ποίαις
884 3372 1099 3444 αζτίαις
1137 3372 1175 3444 ἡ
1226 3373 1364 3444 (ira;
1390 3371 1490 3426 καί
1519 3374 1905 3443 οἱκουμενικὴ
1939 3393 2032 3429 τε·

2139 3371 2331 3438 Quibus
2363 3373 2624 3444 decumis
2645 3383 2827 3425 sancta
2855 3373 3179 3444 universalis
3212 3376 3440 3444 synodus
3473 3383 3690 3444 quarta,

546 3444 727 3508 τάρτη
762 3442 1025 3513 σύνοδος
1064 3442 1163 3493 ἐπὶ
1188 3441 1299 3507 τῆς
1340 3441 1410 3493 ἐν
1440 3441 1700 3508 Βιθυνίᾷ
1726 3445 2033 3513 Χαλκηδό-

1812 3445 2033 3513 λκηδό-
2404 3442 2724 3497 Chalcedone
2757 3443 2809 3493 in
2844 3442 3092 3513 Bithynia
3128 3446 3193 3495 sit
3219 3441 3419 3497 coacta.

548 3529 655 3577 νος
687 3511 980 3577 συνέστη.

548 3622 707 3676 Οῦτω
755 3623 801 3675 δ’
835 3622 1010 3690 ἔχοντι
1056 3620 1301 3691 γνώμης,
1334 3621 1487 3687 Λέων
1524 3625 1551 3675 ὁ
1581 3624 1811 3686 πάππας
1844 3622 2033 3692 γράμ-

2207 3623 2322 3675 Hoc
2354 3620 2503 3674 illum
2552 3621 2629 3673 sic
2669 3622 2850 3674 animo
2888 3624 3203 3687 agitantem,
3240 3623 3434 3679 litteris
3469 3626 3691 3693 insuper

478 3731 647 3782 μασιν
669 3712 981 3779 ἀνηρέθιζε,
1031 3713 1099 3764 τὰ
1129 3711 1467 3779 τολμηθέντα
1496 3714 1729 3783 Εὐτυχεὶ
1752 3715 1847 3768 καὶ
1876 3718 2035 3767 Διοσ-

2136 3715 2247 3769 suis
2278 3714 2391 3767 Leo
2416 3728 2552 3781 papa
2591 3713 2882 3778 excitavit,
2914 3723 2973 3766 ut
3023 3715 3076 3767 in
3108 3716 3397 3769 universali
3436 3718 3708 3779 concilio,_

476 3805 629 3871 κόρῳ
659 3804 800 3855 κατὰ
838 3802 939 3870 τῆς
997 3803 1232 3864 πίστεως
1283 3803 1493 3856 καὶτοῦ
1523 3804 1770 3874 ἀοιδίμου
1808 3805 2037 3858 Φλασια-

2137 3804 2204 3857 de
2221 3803 2391 3858 atroci
2422 3804 2613 3873 injuria
2643 3819 2805 3872 quam
2846 3804 3112 3872 Eutyches
3142 3814 3197 3858 et.
3237 3807 3526 3861 Dioscorus
3564 3808 3690 3861 ﬁdei

480 3894 574 3945 νοῦ
612 3895 703 3945 ὲπὶ
733 3894 1087 3962 οἱκουμενικῇ
1138 3892 1340 3960 συνόδῳ
1370 3893 1748 3964 ἐξετασθῆναι.
1787 3878 1917 3949 Εἶτα
1945 3898 2037 3950 καὶ

2132 3892 2460 3947 Christianae
2495 3903 2551 3947 et
2589 3895 2947 3948 celeberrimo
2994 3897 3111 3949 viro
3152 3897 3406 3949 Flaviano
3452 3898 3691 3965 irrogare

472 3990 596 4042 ὅσοι
631 3988 760 4057 παρ’
804 3978 1024 4040 ἐκείνων
1060 3984 1198 4057 ἦσαν
1241 3987 1720 4056 καθυϐρισθέντες,
1754 3991 1848 4042 καὶ
1888 3988 2033 4042 οῦτοι

2136 3983 2251 4036 ausi
2304 3983 2573 4047 fuissent,
2632 3986 3021 4053 inquireretur.
3077 3989 3437 4040 Accesserunt
3496 3989 3689 4048 etiam,

475 4083 738 4146 προσίασι
776 4080 841 4132 τὰ
889 4080 1029 4130 κατὰ
1069 4081 1211 4146 σφᾶς
1247 4079 1525 4141 αἰτοῦντες
1553 4079 1837 4148 κριθῆναι’
1875 4082 2033 4149 μάλι-

2136 4076 2454 4144 quicunque
2483 4077 2550 4129 ab
2577 4077 2681 4129 illis
2707 4078 3034 4130 contumelia
3061 4078 3237 4130 aﬂ‘ecti
3272 4078 3505 4142 fuerant,
3532 4090 3590 4132 ut
3619 4081 3684 4133 de

478 4186 580 4221 στα
604 4170 660 4221 δὲ
691 4170 905 4222 πάντων
937 4170 1199 4232 Εὐσέϐιος
1226 4172 1252 4222 ὁ
1282 4171 1575 4239 Δορυλαὶου
1608 4172 1910 4233 ἐπίσκοπος
1937 4189 2034 4239 γε·

2136 4180 2325 4217 eorum
2374 4180 2535 4217 causa
2580 4166 2918 4233 judicaretur
2955 4176 3200 4233 petentes
3239 4184 3251 4218 :
3305 4168 3534 4219 maxime
3562 4182 3692 4223 vero

476 4259 653 4329 γονὼς
680 4262 775 4327 τὴν
798 4261 1053 4312 ὑπόθεσιν
1083 4260 1338 4320 ἀνεκίνει,
1372 4263 1599 4328 φάσκων
1622 4262 1694 4324 ὼς
1720 4263 2032 4324 ἐπιϐουλαῖς

2134 4270 2201 4308 οι
2227 4254 2481 4308 omnibus
2512 4255 2799 4316 Eusebius,
2851 4256 3073 4323 Dorylaei
3111 4256 3185 4323 (I)
3211 4257 3457 4319 antistes,
3488 4258 3692 4311 sollici-

478 4347 825 4414 Χρυσαφίου,
871 4347 1152 4400 Θεοδοσίου
1200 4347 1268 4398 τὰ
1314 4346 1498 4399 δίκαια
1545 4349 1824 4416 φέροντος,
1872 4349 2035 4410 αὐτὸς

2138 4342 2343 4395 talione
2383 4357 2477 4394 sua
2510 4358 2626 4395 eam
2666 4358 2778 4394 rem
2813 4343 2941 4410 egit,
2970 4345 3184 4397 insidiis
3214 4344 3557 4415 Clirysapliii,
3595 4349 3688 4415 qui

477 4439 577 4489 καὶ
606 4437 907 4499 Φλαδιανὸς
948 4437 1302 4506 καθαιρεθείη
1330 4454 1343 4467 ·
1375 4439 1566 4506 ὅτιπερ
1599 4440 1819 4506 χρυσίον
1849 4441 1939 4491 ἐπὶ
1967 4441 2034 4509 τῇ

2140 4433 2437 4485 Theodosii
2464 4433 2681 4501 juribus
2706 4433 2909 4487 abusus
2934 4443 3095 4497 eSset,
3122 4444 3179 4489 et
3216 4435 3322 4489 sibi
3353 4446 3403 4489 et
3436 4437 3692 4489 Flaviam

478 4530 787 4598 χειροτονία
811 4529 1061 4597 ζητοῦντι
1086 4530 1162 4598 τῷ
1182 4529 1477 4599 Χρυσαφίῳ
1500 4531 1822 4593 Φλαδιανος,
1846 4534 2033 4601 ὥσπερ

2144 4530 2431 4589 propterea
2463 4521 2782 4588 dignitatem
2814 4523 3122 4591 ademptam
3145 4538 3263 4578 esse
3302 4526 3686 4580 memorando:

476 4621 778 4688 ἐντρέπων,
815 4622 933 4689 ἱερὰ
962 4622 1130 4688 σκεύη
1160 4621 1396 4689 ἔπεμπε,
1429 4622 1525 4689 τὴν
1556 4622 1765 4674 ἔνδειαν
1795 4623 2033 4691 προδαλ-
2065 4607 2085 4663 Ι

2085 4608 2111 4662 3
2138 4613 2283 4682 quod
2314 4612 2652 4683 Cltrysaphio
2680 4613 2968 4668 Flavianus
3017 4630 3209 4667 aurum
3254 4615 3537 4668 electionis
3560 4631 3694 4667 ron-

478 4714 727 4781 λόμενος.
768 4713 1078 4781 Προσετίθει
1111 4730 1174 4780 γε
1206 4716 1313 4781 μὴν
1344 4717 1438 4767 καὶ
1468 4712 1541 4774 ὡς
1584 4714 1811 4782 Εὐτυχεί
1856 4731 2033 4783 παρα-

2142 4704 2571 4772 secrationisque
2623 4719 2735 4757 sua:
2773 4704 2991 4757 nomine
3028 4707 3268 4772 petenti,
3318 4712 3692 4773 paupertatem

476 4804 708 4870 πλήσιος
756 4800 821 4873 ἦν
866 4806 966 4870 τὴν
1025 4803 1319 4873 θρησκείαν
1379 4806 1406 4856 ὁ
1450 4803 1797 4870 Χρυσάςριος·
1861 4806 1920 4858 τὸ
1972 4807 2031 4857 δὲ

2139 4809 2294 4847 suam
2346 4795 2704 4863 praetendens,
2741 4804 2796 4848 et
2828 4804 2885 4848 ut
2917 4795 3068 4848 illum
3095 4795 3301 4863 pudore
3327 4795 3690 4856 sutl'underet,

479 4900 764 4963 μέγιστον,
830 4895 906 4957 ὡς
958 4897 1049 4947 καὶ
1100 4895 1397 4957 Φλαῦιανδς
1460 4897 1659 4955 ἀδίκως
1716 4896 2028 4964 ἀναιρεθείη

2140 4898 2291 4936 sacra
2358 4884 2598 4937 ecclesiae
2648 4899 2770 4937 vasa
2821 4885 3131 4938 obtulisset.
3183 4884 3396 4951 Adjecit
3456 4884 3503 4937 is
3562 4883 3692 4936 illud

480 4987 621 5054 πρὸς
650 4985 938 5053 Διοσκόρου
986 4987 1354 5053 ἀπηνέστερον
1399 4987 1493 5037 τοῦ
1538 4986 1831 5056 λῃστρικοῦ
1879 5003 2033 5037 συνε-

2140 4991 2378 5044 quoque,
2400 4974 2798 5045 Cbrysaphium
2818 4977 3064 5029 eamdem
3086 4992 3209 5030 cum
3238 4976 3534 5045 Eutycliete
3554 4990 3693 5028 com-

474 5076 633 5143 δρίου
661 5074 1016 5141 διωθούμενός
1057 5092 1113 5126 τε
1159 5076 1252 5126 καὶ
1285 5074 1696 5143 λακτιζόμενος.
1723 5070 1821 5125 Ὧν
1856 5077 2038 5143 χάριν,

2140 5067 2300 5133 plecti
2351 5066 2687 5134 religionem.
2718 5066 2781 5118 Et
2817 5069 2960 5135 quod
3012 5065 3304 5119 maximqu
3357 5075 3523 5129 esset,
3575 5064 3693 5117 Fla-

475 5166 772 5233 γράμμασι
801 5164 905 5216 τῶν
940 5167 1287 5233 κρατούντων
1326 5166 1434 5218 τῶν
1484 5163 1799 5235 ἁπανταχοῦ
1847 5165 2039 5233 ἱερέων

2141 5158 2359 5209 vianum
2390 5172 2419 5209 a
2452 5156 2707 5210 Dioscoro
2740 5157 3021 5211 crudelem
3048 5156 3102 5210 in
3122 5158 3339 5210 modum
3372 5155 3693 5223 praedatoria

478 5255 962 5323 μετακληθέντων,
984 5258 1015 5325 ἡ
1040 5259 1097 5309 ὲν
1120 5258 1422 5324 Χαλκηδόνι
1448 5256 1761 5325 ἀθροίζεται
1788 5252 2002 5318 σύνοδος
2022 5272 2036 5286 ·

2142 5262 2397 5300 ουιιεθςειι
2462 5248 2717 5316 ejectum,
2768 5248 3010 5302 calcibus
3057 5247 3429 5315 proculcatum
3484 5255 3692 5298 etene-

474 5348 514 5416 ἡ
549 5348 613 5415 δη
647 5346 862 5413 πρῶτον
891 5348 991 5414 μὲν
1034 5349 1090 5399 ὲν
1122 5347 1329 5418 Νικαίᾳ
1360 5346 1647 5417 ἠθροίσθη,
1689 5345 1821 5399 ἔνθα
1852 5346 1915 5413 δὴ
1949 5345 2044 5397 καὶ

2146 5345 2289 5387 ctum
2328 5350 2467 5389 esse.
2497 5336 2697 5389 Eorum
2732 5352 2911 5390 rerum
2938 5336 3105 5404 gratia
3138 5336 3528 5403 imperatorum
3553 5333 3693 5385 litte-

472 5441 505 5489 ὁ
559 5436 818 5505 πρόεδρος
852 5436 1073 5504 Ῥώμης
1115 5438 1266 5489 Λέων
1312 5436 1613 5498 ἐπέστειλε,
1675 5438 2038 5498 Πασκασίνου,

2147 5427 2243 5488 ris,
2294 5427 2535 5480 locorum
2577 5427 2819 5480 omnium
2873 5425 3143 5496 episcopis
3175 5423 3507 5485 convncatis,
3540 5436 3691 5490 syno-

474 5525 574 5580 καὶ
606 5526 956 5591 Λουκενσίου,
1000 5527 1092 5577 καὶ
1128 5526 1331 5597 ἑτέρων
1368 5528 1477 5589 τοῖς
1518 5524 1810 5595 γράμμασι
1861 5524 2042 5574 διακο·

2149 5518 2251 5573 dus
2296 5516 2637 5573 Chalcedone
2681 5527 2766 5574 est
2812 5526 3019 5582 coacta,
3054 5530 3173 5584 qum
3212 5514 3430 5581 quidem
3463 5512 3690 5580 primum

552 5679 630 5746 (Ι)
663 5678 800 5733 Plin.
823 5677 1100 5733 Dorilaum
1134 5692 1306 5740 vocat.
1342 5679 1434 5733 lib.
1469 5694 1520 5740 v.
1549 5692 1666 5738 cap.
1703 5678 1791 5731 29.
