4070 6204
381 327 411 389 1
424 327 456 384 5
996 372 1001 377 .
1628 307 1988 374 NICEPIIOI

2093 304 2307 367 CALLl
2320 304 2409 365 ST
2420 304 2440 363 l
2754 366 2757 371 ι
3593 301 3655 373 16

387 438 585 492 b’icm
643 439 1022 490 convenerat:
1078 442 1189 500 quo
1263 424 1428 480 etiam
1494 421 1755 477 Romana:
1810 416 1967 472 urbis

2089 414 2383 483 ωυμένων·
2436 414 2667 481 ὕστερον
2715 410 2773 464 δέ
2805 409 2901 465 ἐπὶ
2948 408 3270 481 Χαλκηδόνα
3321 409 3526 483 μετέϐη
3557 416 3656 481 τῆς

375 529 681 598 cpiscOpus
733 525 865 587 Leo,
905 537 1003 592 per
1053 515 1326 573 Pascasini
1379 522 1435 569 et
1495 511 1749 568 Lucentii
1792 508 1868 578 (l)
1907 515 1964 561 ct

2089 502 2360 565 ὶιθυνίας·
2409 503 2670 572 παρεῖναι
2709 501 2822 572 γάρ
2861 502 2957 556 κα)⁵
2986 504 3015 555 6
3061 501 3320 572 βασιλεὺς
3356 504 3424 572 τῇ
3454 504 3656 574 συνόδῳ

388 587 622 676 aliorum
650 587 1047 678 ministerium,
1067 612 1287 666 litteras
1315 609 1561 663 miserat.
1584 604 1689 660 Sed
1717 618 1781 658 ea
1804 600 1967 657 Chal-

2089 594 2283 663 ﬁpei‘ro,
2320 592 2415 645 τον
2463 592 2640 663 μέγαν
2674 593 3086 647 Κωνσταντῖνον
3119 598 3493 663 μιμούμενος,
3521 587 3566 663 ᾧ
3596 597 3654 659 ἐς

387 712 654 768 redonem
708 706 978 778 Bithynia:
1019 714 1105 759 est
1153 701 1441 765 translata,
1467 697 1615 764 quod
1658 696 1961 766 imperator

2089 685 2138 738 ιὰ
2175 684 2391 755 μάλιστ’
2433 684 3046 755 ἀντιφιλοτιμούμενος,
3085 685 3298 740 καὶτὸν
3341 686 3488 755 ἱερὸν
3510 688 3657 741 ἐκεῖ·

388 801 508 871 ipse
540 797 750 870 synodo
782 774 853 849 ei-
881 795 1076 849 adesse
1101 791 1289 856 vellet,
1322 788 1488 860 589
1524 784 1790 857 'magnum
1824 783 1966 836 Con-

2089 792 2161 828 ιον
2189 775 2541 839 ἐδιπλασίαζε
2595 776 2875 844 σύλλογον,
2905 778 3026 832 ἀντὶ
3056 774 3165 845 τιη’
3209 776 3527 842 ἑξακοσίους
3563 780 3657 851 χς¹

386 864 689 948 εἰιιιιιίιιιιιη
754 887 1047 941 imitatus:
1104 899 1229 937 cum
1283 895 1393 952 quo
1420 894 1582 949 quam
1638 877 1869 931 maxime
1900 874 1967 927 dc

2089 868 2328 939 Πατέρας
2355 868 2609 940 ἀθροῖσαι
2640 870 3019 932 ἐσπουδακώς.
3052 869 3217 923 Ἀλλά
3242 872 3523 940 Ζαχαρίας
3553 864 3655 942 μέν

386 981 565 1053 gloria
597 987 949 1040 concertans,
979 990 1199 1031 sacrum
1231 973 1382 1028 illum
1425 977 1757 1025 conventum
1784 963 1968 1035 dupli-

2089 961 2100 1012 l
2128 961 2318 1032 ῥήτωρ
2343 960 2610 1030 ἐμπαθῶς
2646 963 2872 1031 ἱστορεῖ,
2911 961 3310 1030 μετάπεμπτον
3341 966 3408 1033 τῇ
3451 965 3655 1033 συνόδῳ

392 1073 557 1138 cavit,
590 1088 688 1142 pro
721 1068 985 1124 trecentis
1033 1068 1220 1121 decem
1276 1072 1332 1118 et
1361 1072 1511 1125 octo.
1565 1057 1842 1115 sexcentis
1873 1055 1971 1110 tri-

2089 1054 2244 1126 ταύτῃ
2281 1054 2539 1123 γενέσθαι
2572 1053 2803 1123 γράφων
2842 1055 2939 1107 καὶ
2972 1053 3066 1107 τὸν
3096 1053 3393 1121 Νεστόριον
3421 1071 3436 1086 ·
3473 1056 3558 1108 ὅτι
3606 1057 3655 1109 δ’

379 1136 552 1236 ςὶιιια-
582 1136 675 1219 sex
720 1161 977 1217 Patribus
1025 1157 1230 1213 coactis
1255 1155 1360 1226 (2).
1413 1152 1710 1208 Zacharias
1744 1148 1967 1236 quidem

2089 1148 2172 1217 ιύχ
2200 1146 2376 1209 οὕτως
2403 1146 2543 1215 ἔχει,
2583 1146 2884 1216 τεκμήριον
2929 1144 3330 1216 ἐναργέστατον
3374 1147 3434 1198 τὸ
3466 1136 3655 1216 σχεδ¹ύ

390 1234 609 1319 rhetor,
654 1251 952 1309 affectione
983 1248 1276 1307 adductus,
1313 1241 1625 1299 Nes’torium
1649 1253 1866 1309 quoque
1901 1234 1968 1291 ad

2089 1237 2390 1307 ἱπανταχοῦ
2433 1238 2532 1307 τῆς
2580 1237 2799 1290 συνόδου
2830 1235 3024 1290 τοῦτον
3071 1236 3177 1289 ὑπὸ
3221 1236 3475 1306 ἀνάθεμα
3505 1237 3651 1306 γίνε·

393 1349 695 1403 concilium
761 1347 865 1398 hoc
895 1350 1151 1396 vocatum
1209 1353 1332 1393 esse
1396 1336 1612 1392 scribit.
1662 1332 1768 1387 Sed
1826 1330 1971 1401 quod

2089 1330 2224 1383 σθαι.
2257 1330 2469 1384 Ἔτιδέ
2527 1330 2727 1401 μᾶλλον
2777 1329 3101 1398 καθίστησιν
3149 1329 3507 1399 ἐκδηλότερον
3552 1330 3654 1382 E6-

395 1434 556 1494 a’liter
584 1454 641 1493 se
678 1452 768 1492 res
793 1435 1020 1497 habeat,
1055 1433 1189 1487 illud
1231 1429 1534 1486 clarissime
1566 1427 1795 1494 indicat,
1826 1425 1973 1500 quod

2089 1426 2296 1487 στάθιος
2321 1424 2349 1476 6
2376 1423 2476 1493 τὴν
2516 1422 2800 1493 Βηρυτίων
2825 1422 3225 1491 ἐπισκοπήσας.
3257 1422 3487 1490 γράφων
3515 1423 3651 1491 πρὲς

398 1530 602 1598 uhique
632 1527 745 1582 fere
776 1541 805 1579 a
845 1524 1056 1596 synodo
1098 1521 1448 1576 anathemate
1489 1528 1759 1573 mactatus
1788 1517 1973 1598 fuerit.

2089 1515 2344 1584 Ἰωάννην
2377 1514 2702 1579 ἐπίσκοπον,
2740 1513 2836 1565 καὶ
2883 1513 3073 1583 ἕτερον
3103 1512 3365 1583 Ἰωάννην
3405 1515 3647 1584 πρεσϐύο

387 1623 465 1676 Et
496 1591 741 1688 apertius
768 1591 937 1671 etiam
998 1616 1103 1669 hoc
1134 1612 1378 1669 ostendit
1417 1610 1740 1666 Eustathius
1792 1593 1976 1678 Beryti

2089 1624 2239 1677 τερον
2282 1606 2412 1676 περὶ
2443 1606 2552 1658 τῶν
2582 1606 2639 1658 ἐν
2673 1606 2874 1672 συνόδῳ
2913 1591 3275 1675 πραχθέντων
3296 1621 3311 1636 ·
3359 1610 3417 1657 ἐν
3448 1601 3531 1669 οἷς
3561 1610 3654 1658 καὶ

388 1712 705 1782 episcopus,
731 1707 796 1763 ad
818 1707 1082 1762 Joannem
1112 1705 1456 1774 episcopum.
1481 1711 1537 1755 et
1563 1702 1793 1755 alterum
1816 1698 1979 1753 Joan-

2089 1699 2207 1752 τάδε
2264 1698 2402 1768 πρὸς
2443 1698 2589 1764 λέξιν
2622 1692 2818 1766 φησίν·
2858 1716 2879 1749 ε
2925 1698 3372 1767 Ὕπαντήσαντες
3403 1698 3459 1750 δέ
3491 1700 3656 1751 πάλιν

395 1770 522 1857 nem
543 1770 917 1871 presbyterum
946 1796 1014 1849 de
1042 1770 1234 1865 synodi
1260 1770 1396 1864 actis
1417 1790 1683 1853 scribens,
1708 1790 1760 1842 in
1777 1788 1981 1858 quibus

2089 1794 2132 1845 οί
2173 1794 2239 1844 τά
2272 1790 2571 1861 Νεστορίου
2633 1788 2928 1858 ζητοῦντες
2980 1789 3235 1859 λείψανα,
3282 1790 3389 1858 τῆς
3438 1790 3656 1842 συνόδου

396 1892 600 1947 litteris
631 1891 745 1944 hmo
772 1888 935 1943 etiam
975 1890 1142 1938 verba
1170 1892 1365 1937 sunt”
1398 1878 1732 1934 Prodierunt
1752 1893 1882 1949 vero
1903 1876 1980 1932 illi

2089 1881 2384 1943 κατεϐόων,
2435 1883 2498 1935 Ui
2552 1881 2698 1948 ἅγιοι
2748 1879 2837 1931 διά
2891 1878 2944 1931 τί
2993 1877 3533 1947 ἀναθεματίζονταις
3580 1878 3655 1941 ὡς

395 1984 604 2043 denuo,
637 1980 727 2050 qui
758 1975 991 2032 Nestorii
1024 1973 1286 2042 reliquias
1333 1980 1608 2040 quaerunt,
1636 1979 1689 2023 et
1714 1968 1982 2023 adversus

2089 1974 2543 2039 ἀγανακτήσαντα
2582 1971 2675 2024 τὸν
2717 1970 2969 2037 βασιλέα,
3014 1973 3127 2034 τοῖς
3169 1969 3493 2039 δορυφόροις
3536 1972 3658 2024 ἐπι-

396 2072 666 2145 synodum
692 2066 971 2124 vociferati
999 2075 1129 2121 sunt
1149 2082 1163 2118 :
1185 2063 1357 2129 Quam
1387 2060 1458 2114 ob
1488 2074 1707 2114 causam
1732 2058 1833 2112 viri
1854 2073 1984 2113 san-

383 2166 469 2237 -_cti
493 2163 839 2219 anathemate
866 2156 1183 2215 feriuntur?
1210 2154 1348 2209 adeo
1371 2161 1432 2208 ut
1463 2152 1781 2223 indignatus
1811 2150 1983 2219 impe-

395 2264 552 2312 rator
604 2253 868 2309 satellites
886 2250 1019 2328 illos
1041 2250 1204 2319 longe
1234 2245 1461 2317 rejicerc
1487 2242 1735 2315 jusserit.
1770 2260 1788 2294 ι
1824 2238 1980 2307 Quo-

384 2348 566 2403 modo
604 2346 771 2418 igitur
806 2344 1049 2416 synodus
1078 2356 1204 2395 eum
1238 2337 1504 2399 evocarit.
1541 2335 1700 2403 cujus
1733 2332 1979 2389 defuncti

396 2440 661 2512 reliquias
699 2438 779 2494 illi
808 2436 1221 2509 quaesiverunt,
1256 2430 1514 2501 colligere
1540 2440 1778 2498 nequeo.

1010 2565 1240 2622 CAPUT
1276 2563 1364 2619 111.

388 2666 697 2735 Descriptio
744 2661 928 2732 templi
966 2669 1186 2735 sanctae
1222 2669 1273 2714 et
1323 2656 1837 2735 celebris_m_arlyris
1872 2654 1983 2735 Ett-

469 2728 724 2808 pheiniw,
768 2728 908 2803 quod
953 2730 1291 2786 Chalcedone
1331 2746 1364 2783 α
1404 2728 1590 2799 primis
1619 2728 1980 2798 fundamentis

469 2816 546 2862 cst
575 2813 954 2861 constructum.

472 2918 729 2991 Synodus
777 2924 1069 2987 postquam
1121 2911 1521 2970 Chalcedoan
1578 2912 1868 2981 pervenit,
1920 2910 1979 2965 in

396 3025 558 3070 sacro
589 3006 906 3078 Euphemize
939 3005 1197 3076 martyris
1239 3002 1455 3074 inclytae
1501 3001 1629 3057 fano
1654 3010 1841 3057 coacta
1871 3011 1977 3066 est,

398 3098 551 3173 quod
572 3097 919 3163 Chalcedone
938 3103 1315 3152 constructum
1335 3103 1441 3159 est,
1471 3101 1529 3148 et
1549 3090 1768 3148 duobus
1796 3090 1978 3146 maxi-
2008 3117 2055 3178 ο

380 3208 492 3249 -me
532 3190 725 3248 stadiis
773 3205 802 3243 a
834 3189 1081 3258 Bosporo
1114 3186 1292 3250 abest,
1329 3185 1381 3238 in
1423 3184 1545 3239 loco
1575 3197 1894 3254 peramteno
1923 3191 1980 3238 et

386 3284 643 3341 molliter
662 3280 855 3337 acclivi
885 3280 1079 3341 situm.
1101 3277 1175 3331 ita
1210 3273 1677 3330 utambulationis
1710 3274 1979 3340 laborem,

402 3376 498 3447 qui
531 3376 586 3430 in
617 3372 873 3444 martyris
912 3367 1177 3439 templum
1218 3368 1520 3423 ascendere
1553 3368 1690 3434 vult,
1711 3382 1821 3422 non
1857 3382 1986 3423 sen-

396 3471 523 3532 tiat,
553 3474 608 3523 st
660 3466 818 3521 facile
846 3464 1034 3518 statim
1067 3462 1126 3517 in
1161 3461 1448 3516 basilicam
1490 3474 1615 3516 eam
1651 3461 1837 3515 veniat
1866 3475 1880 3512 :
1926 3468 1984 3514 et

380 3578 471 3618 «ex
499 3561 652 3617 edito
701 3559 824 3615 loco
855 3558 1045 3613 oculos
1090 3554 1472 3624 circumagens
1530 3553 1635 3623 (ὅ),
1674 3553 1982 3624 subjectum

391 3663 660 3720 campum
687 3662 903 3702 omnem
931 3644 1099 3699 herba
1136 3653 1324 3699 tenera
1351 3642 1740 3707 virescentem,
1764 3642 1985 3711 altoque

405 3743 627 3807 frugum
682 3746 952 3809 proventu
1003 3736 1387 3798 fluctuantem.
1453 3743 1510 3788 et
1538 3733 1719 3788 omnis
1768 3734 1987 3803 generis

404 3824 651 3887 consitas
700 3829 928 3883 arbores
966 3827 1287 3890 habentem,
1314 3826 1507 3881 adimo
1538 3825 1709 3880 colles
1758 3823 1986 3894 pulchre

408 3940 470 3981 se
504 3924 556 3977 in
589 3922 825 3978 sublime
850 3919 1189 3988 attollentes,
1215 3926 1273 3974 et
1306 3917 1602 3972 nonnullos
1629 3917 1833 3971 sensim
1866 3930 1987 3972 sese

408 4017 781 4077 incurvanles,
807 4011 1143 4081 densamque
1178 4024 1390 4065 comam
1429 4008 1832 4079 przetendentes
1863 4020 1989 4063 cer-

407 4113 503 4167 nat
545 4123 559 4158 ;
588 4111 885 4157 occurrant
930 4099 1099 4155 etiam
1151 4098 1225 4153 illi
1259 4098 1424 4153 variae
1456 4102 1623 4152 maris
1656 4096 1839 4162 undae,
1868 4095 1989 4151 alia:

408 4194 633 4269 quidem
683 4194 948 4266 paulatim
977 4193 1276 4249 serenitate
1318 4200 1376 4246 et
1412 4189 1811 4261 tranquillitate
1853 4204 1990 4258 pur-

409 4304 582 4360 purea
639 4296 990 4352 resonantes,
1047 4285 1369 4356 placideque
1422 4293 1481 4340 ct
1527 4282 1771 4338 suaviter
1812 4281 1989 4337 littori

410 4379 777 4445 colludentes,
825 4378 1073 4449 quadam
1101 4386 1287 4432 autem
1310 4384 1623 4445 strepentes
1650 4373 1910 4429 fluctibus
1930 4382 1987 4427 et

2082 2063 2279 2132 τρέψαι
2331 2063 2550 2133 μακράν
2581 2063 2778 2126 αὐτοὺς
2833 2062 3127 2116 ἀπελάσαι.
3177 2080 3195 2112 ι
3226 2061 3351 2124 Πῶς
3374 2056 3471 2115 οὖν
3495 2057 3556 2115 οὗ
3586 2063 3653 2116 τὰ

2082 2154 2312 2225 λείψανα
2339 2155 2565 2226 ἐζήτουν
2592 2154 2702 2208 τῶν
2732 2154 2944 2208 ἐνθένδε
2973 2154 3484 2224 μεταχωρήσαντος,
3521 2170 3654 2224 μετα

2083 2248 2368 2302 εστέλλετο
2394 2250 2470 2316 τῇ
2506 2246 2732 2319 συνόδῳ,
2767 2247 3022 2315 συνάγειν
3052 2246 3152 2300 οὐκ
3182 2246 3314 2317 ἔχω.

2689 2556 2943 2611 ΚΕΦΑΛ.
2986 2556 3062 2612 I".

2085 2648 2427 2718 Ἕκςρρασις
2456 2648 2561 2704 τοῦ
2584 2649 2736 2703 ναοῦ
2765 2647 2877 2715 τῆς
2907 2649 3086 2717 ἁγίας
3127 2649 3224 2703 καί
3254 2649 3655 2719 πανευρήμου

2147 2719 2451 2788 μάρτυρος
2502 2719 2841 2787 Εὐφημίας,
2886 2719 3085 2775 τοῦὲν
3116 2719 3190 2788 τῇ
3223 2720 3660 2789 Χαλκηδονέωγ

2154 2789 2477 2859 ιδρυμένου
2507 2791 2707 2844 πόλει.

2164 2905 2254 2968 Ὦς
2280 2903 2327 2958 δ’
2359 2898 2455 2958 οὖν
2506 2904 2586 2967 είς
2624 2904 2947 2975 Χαλκηδόνα
2981 2905 3016 2977 ἡ
3055 2904 3277 2966 σύνοδος
3330 2901 3655 2976 μετεχώρει,

2070 3000 2177 3053 ἐπὶ
2208 2998 2269 3051 τὸ
2304 2997 2449 3068 ίερὸν
2482 2996 2770 3065 ἠθροίζετο
2813 2997 3042 3068 τέμενος
3076 2996 3376 3066 Εύφημίας
3420 2996 3520 3067 τῆς
3560 3014 3660 3048 πε-

2087 3091 2341 3163 ριϐοήτου
2366 3093 2424 3145 ἐν
2457 3090 2997 3162 μάρτυσιν.Ἵδρυται
3027 3088 3085 3142 δὲ
3111 3088 3172 3141 τὸ
3200 3089 3345 3166 ἱερὸν
3377 3087 3464 3143 ἐπ’
3486 3088 3658 3158 αὐτῆς

2086 3181 2445 3251 Χαλκηδόνος,
2496 3180 2629 3233 ὡσεὶ
2662 3179 2914 3243 σταδίους
2974 3178 3219 3250 μάλιστα
3268 3175 3365 3230 δύο
3398 3176 3489 3229 τοῦ
3521 3177 3656 3230 Βοσ-

2086 3273 2256 3343 πόρου
2306 3271 2810 3343 ἁπῳκισμένον,ιέν
2854 3289 2964 3326 τινι
3008 3271 3193 3343 χωρίῳ
3232 3270 3451 3341 εὐφυῶς
3484 3270 3661 3341 ἔχοντι

2085 3366 2181 3418 καὶ
2212 3364 2401 3437 ἡρέμα
2436 3365 2771 3436 προσάντει·
2800 3365 2889 3430 ὡς
2911 3365 3035 3437 μηδ’
3062 3363 3349 3420 αίσθέσθαι
3381 3363 3474 3420 τοῦ
3495 3380 3658 3438 περι-

2089 3459 2264 3512 πάτου
2303 3458 2393 3512 τὸν
2426 3457 2486 3521 ὃς
2524 3458 2619 3511 ἐπὶ
2649 3457 2741 3511 τὸν
2780 3456 2917 3513 νεὼν
2947 3457 3265 3513 ἀναϐαίνειν
3287 3458 3531 3528 αἱρεῖται
3561 3458 3663 3529 τῆς

2091 3552 2371 3622 μάρτυρος
2392 3566 2404 3581 ·
2443 3550 2506 3604 ἐκ
2535 3550 2631 3603 τοῦ
2666 3551 2855 3622 σχεδόν
2888 3568 2948 3604 τε
2978 3551 3037 3605 ἐν
3064 3550 3330 3623 μετεώρῳ
3359 3547 3502 3605 εἶναι
3532 3554 3664 3621 περί

2085 3644 2148 3696 τὸ
2180 3643 2483 3715 ἀνάκτορον
2513 3644 2803 3711 γεγονότα,
2831 3642 2927 3697 καὶ
2958 3644 3058 3707 τὰς
3078 3642 3231 3714 ὄψεις
3271 3647 3335 3699 ἐκ
3379 3645 3666 3716 περιωπῆς

2080 3734 2395 3804 διαχέοντα,
2436 3734 2585 3789 ἅπαν
2621 3735 2820 3805 ἀθρόον
2843 3735 2904 3789 τδ
2934 3736 3118 3790 πεδίον
3139 3736 3327 3807 ἀθρεῖν
3355 3736 3549 3789 ὕπτιον
3576 3737 3664 3805 ἐφ’

2087 3828 2273 3899 ἁπαλῇ
2303 3827 2534 3897 χλοάζον
2564 3830 2632 3899 τῇ
2678 3828 2809 3899 πόᾳ,
2844 3827 3003 3898 βαθεῖ
3029 3846 3097 3881 τε
3139 3829 3541 3899 κυμαινόμενον
3587 3830 3666 3900 τῷ

2087 3920 2248 3991 ληΐῳ,
2307 3921 2400 3975 καὶ
2436 3920 2681 3990 δένδρεσι
2733 3922 3015 3985 παντοίοις
3070 3921 3423 3991 κατάφυτον·
3459 3921 3553 3974 ἐπὶ
3608 3899 3677 3973 δὲ’

2087 4012 2302 4077 τούτοις
2348 4013 2451 4084 ὅρη
2505 4012 2806 4084 εὐπρεπῶς
2863 4013 3339 4085 μετεωριζόμενα,
3388 4013 3482 4067 καὶ
3526 4012 3664 4067 ἄλλα

2089 4104 2276 4175 ἠρέμα
2301 4104 2770 4176 ἐπικυρτούμενα,
2802 4106 2897 4159 καὶ
2933 4106 3081 4180 κόμῃ
3120 4105 3286 4176 λασίᾳ
3314 4105 3665 4174 ἐγκαλυπτό-

2095 4214 2255 4268 μενα.
2285 4197 2445 4260 Ἴδοις
2475 4197 2523 4251 δ’
2554 4198 2622 4253 ἂν
2655 4199 2749 4252 καὶ
2786 4197 3002 4270 πελάγη
3034 4199 3270 4270 διάφορα
3295 4212 3310 4226 ·
3363 4197 3400 4254 ἃ
3434 4197 3533 4269 μέν
3564 4214 3666 4268 γα-

2090 4292 2230 4363 λήνῃ
2261 4290 2548 4363 πορφυρέᾳ
2579 4291 2767 4363 ἡρέμα
2791 4292 3228 4365 περιηχούμενα,
3260 4292 3360 4365 ἡδὺ
3391 4292 3450 4347 δέ
3470 4309 3525 4347 τι
3562 4292 3658 4347 καὶ

2091 4384 2303 4456 ἥμερον
2327 4384 2743 4455 προσπαίζοντα
2781 4385 2902 4445 ταῖς
2926 4386 3121 4448 ἀκταῖς
3145 4400 3161 4417 ·
3196 4384 3332 4440 ἄλλα
3363 4384 3421 4438 δέ
3450 4384 3669 4455 παφλά-

413 4483 804 4538 tumescentes,
860 4470 1027 4541 590
1055 4479 1194 4526 astu
1227 4485 1360 4525 vero
1387 4469 1506 4539 ipso
1534 4467 1873 4524 concharum
1902 4474 1988 4521 te-

2097 4472 2259 4537 ζοντα
2300 4473 2395 4527 καὶ
2445 4471 2802 4544 ἀνοιδούμενα
2858 4472 3091 4543 κύμασι,
3138 4475 3207 4543 τῇ
3254 4472 3301 4524 δ’
3348 4472 3667 4542 ὑποστροφῇ

413 4572 562 4625 stas,
591 4562 741 4632 algas
774 4571 829 4617 et
875 4574 1236 4630 quascunque
1281 4558 1417 4613 alias
1445 4573 1533 4613 res
1579 4558 1730 4612 leves
1757 4556 1995 4612 circum-

412 4654 714 4717 volventes,
750 4662 807 4708 et
851 4651 1113 4706 facilitate
1154 4650 1392 4720 plurima
1414 4649 1790 4704 :eollidentes.
1821 4646 1991 4701 Tem-

414 4747 561 4813 plum
592 4758 719 4799 vero
753 4743 956 4814 ipsum,
992 4757 1028 4798 e
1057 4742 1277 4812 regione
1312 4740 1434 4795 urbi
1480 4748 1882 4802 constructum,
1915 4739 1989 4792 ita

410 4839 574 4909 jacet,
626 4848 685 4891 ut
729 4852 797 4892 ex
840 4835 950 4890 situ
1000 4834 1123 4905 ipso
1177 4832 1440 4903 colligere
1481 4830 1639 4886 facile
1690 4832 1785 4899 sit,
1835 4831 1991 4887 urbis

396 4939 579 4986 ~tantte
625 4940 850 5001 aspectu
898 4928 951 4984 id
1000 4927 1365 4998 conspicuum
1410 4924 1810 4994 animarumque
1840 4937 1987 4979 esse.

412 5022 615 5077 Tribus
650 5035 832 5078 autem
856 5021 1170 5092 ingentibus
1201 5018 1497 5074 structuris
1523 5016 1669 5072 aedes
1695 5019 1809 5071 haec
1834 5030 1992 5070 sacra

395 5114 669 5168 distincta
697 5122 783 5168 est
818 5131 832 5167 :
872 5128 1105 5184 quarum
1145 5127 1252 5165 una
1293 5110 1559 5166 subdialis
1613 5109 1737 5164 aula
1767 5117 1875 5175 est,
1934 5108 1991 5162 in

414 5220 663 5274 magnam
699 5205 1094 5275 longitudinem
1115 5215 1364 5267 extensa.
1393 5214 1450 5259 et
1479 5203 1865 5272 frequentibus
1900 5217 1994 5257 co-

404 5297 617 5352 .luntuis
662 5307 853 5351 ornata
885 5313 900 5349 :
934 5296 1173 5351 secunda
1208 5298 1472 5365 aqualem
1507 5310 1634 5349 cum
1669 5295 1763 5350 illa
1800 5296 1987 5361 habet,

416 5386 768 5457 paucioribus
800 5398 979 5443 tamen
1010 5388 1303 5453 columnis,
1348 5386 1766 5456 amplitudinem
1787 5396 1844 5441 et
1872 5386 1992 5440 lon-

406 5483 744 5552 gitudinem,
778 5497 885 5535 una
919 5485 1018 5537 hac
1053 5497 1111 5536 re
1160 5483 1229 5537 ab
1264 5482 1355 5537 illa
1392 5482 1633 5547 varians,
1661 5481 1806 5551 quod
1847 5490 1992 5534 tecto

403 5590 446 5629 c
474 5574 654 5628 coctili
704 5573 879 5629 latere
929 5582 1179 5629 contecta
1207 5586 1316 5630 est.
1350 5575 1432 5629 Ad
1470 5575 1631 5645 cujus
1660 5573 1878 5628 boreale
1914 5573 1994 5627 la-

491 5686 939 5760 (l)EtABonifai-ii
973 5688 1297 5760 presbyteri.
1327 5688 1525 5760 Evagr.
1560 5689 1658 5745 lib.
1694 5705 1755 5755 ιι,
1783 5704 1906 5759 cap.
1939 5690 1992 5744 1.

481 5760 566 5820 (2)
596 5758 699 5812 Alii
722 5769 930 5816 tantum
962 5759 1067 5816 U50
1105 5770 1413 5813 numerant.

2093 4563 2378 4633 κάχληκάς
2405 4578 2465 4615 τε
2514 4563 2607 4615 καὶ
2640 4561 2810 4630 φυκία
2836 4563 2930 4614 καὶ
2974 4560 3090 4615 ἀλλ’
3139 4560 3279 4614 ἄττα
3311 4558 3534 4627 κούφως
3568 4577 3669 4612 πε·

2096 4649 2467 4721 ριειλούμενα.
2500 4650 2597 4703 σὺν
2632 4648 2890 4722 ῥᾳστώνῃ
2934 4648 3166 4720 πλείστῃ
3210 4649 3665 4716 ἀνασειράζοντα.

2104 4742 2356 4815 ᾊντικρίι
2397 4742 2455 4797 δὲ
2505 4742 2603 4811 τῆς
2662 4742 2871 4803 πόλεως
2914 4741 2979 4793 τὸ
3031 4739 3259 4809 τέμενος
3296 4740 3531 4808 ἵδρυται,
3586 4741 3664 4804 ώς

2094 4833 2418 4905 συμϐαίνειν
2439 4832 2739 4888 κάντεῦθεν
2769 4833 2865 4886 καὶ
2898 4835 2966 4904 τῇ
2999 4833 3098 4904 θέᾳ
3129 4831 3229 4901 τῆς
3258 4830 3531 4904 τοσαύτης
3564 4835 3667 4887 πό-

2092 4929 2229 4991 λεως
2258 4925 2617 4996 ώραῖξεσθαι.
2653 4923 2833 4996 Τριχῆ
2863 4924 2908 4979 δ’
2942 4926 3022 4990 είς
3053 4923 3238 4987 οίκους
3260 4923 3668 4996 ὑπερμεγέθεις

2093 5022 2387 5093 διαιρεῖται
2434 5021 2464 5074 6
2506 5020 2707 5091 δόμος·
2762 5013 2838 5073 ὧν
2893 5013 2977 5082 εἷς
3010 5016 3278 5090 ὕπαιθρός
3331 5016 3481 5072 ἐστιν
3529 5018 3668 5091 αὐλῇ

2094 5119 2175 5179 είς
2238 5115 2507 5185 μήκιστον
2558 5112 2903 5185 ἐκτεταμένῃ
2932 5152 2948 5178 ,
2997 5112 3214 5180 συχνοῖς
3264 5109 3675 5178 καλλυνόμενος

2096 5208 2270 5261 κίοσιν
2296 5224 2310 5239 ·
2370 5209 2399 5260 6
2445 5204 2702 5277 δεύτερος
2738 5203 2807 5257 ’δέ
2859 5203 3265 5274 παραπλησίως
3301 5203 3444 5273 ἔχων
3503 5203 3582 5273 τῷ
3612 5220 3676 5256 τε

2096 5300 2250 5371 εὔρει
2285 5300 2378 5354 καὶ
2413 5300 2580 5370 μήκει
2618 5298 2713 5350 ἐπὶ
2753 5297 3062 5369 ἐλαχίστοις
3094 5295 3210 5359 τοῖς
3240 5293 3422 5349 κίοσιν
3445 5309 3459 5324 ⁸
3508 5295 3589 5347 ἐνί
3619 5293 3676 5345 δέ

2095 5394 2271 5462 τούτῳ
2298 5393 2658 5457 διαλλάττων,
2680 5392 2877 5460 ὅτιπερ
2907 5387 3115 5460 ὀροφὴν
3143 5389 3205 5440 ἐκ
3245 5387 3470 5440 πλίνθου
3499 5386 3673 5453 ὀπτῆς

2096 5486 2521 5554 περιϐάλλεται·
2569 5482 2630 5536 οὗ
2663 5479 2803 5554 πρὸς
2835 5482 3063 5555 βορρᾶν,
3098 5479 3222 5534 καθ’
3263 5480 3291 5533 6
3352 5479 3517 5550 μέρος
3561 5476 3679 5530 ἁνί-

2100 5591 2248 5644 σχειν
2305 5574 2597 5644 συμϐαίνει
2653 5575 2747 5627 τὸν
2792 5574 2966 5643 ἥλιον,
2991 5572 3334 5641 κυκλοτερὴς
3377 5569 3677 5639 ἐγήγερται

2170 5690 2247 5763 (ὅ)
2282 5689 2474 5760 Evagr.
2510 5691 2604 5745 lib.
2630 5705 2689 5756 ιι,
2731 5704 2851 5758 cap.
2878 5690 2931 5743 5.
