4070 6204
471 334 546 398 17
1407 330 2000 393 ECCLESIASTICfE
2039 329 2430 394 HISTORIA!
2464 334 2612 395 LIB.
2657 337 2778 400 XV.
3393 385 3399 393 .
3675 336 3738 401 13

466 439 643 507 οἶκος,
668 442 725 505 ές
756 440 953 512 τέχνην
991 437 1134 509 μάλα
1162 438 1561 510 ἐξησκημένος,
1588 440 1734 492 κίοσι
1765 441 1862 493 καὶ
1891 439 2053 503 αὑτὸς

2167 452 2267 501 tus.
2319 457 2427 512 qua
2464 451 2618 513 parte
2663 443 2976 510 soloritur,
3028 444 3175 500 :cdes
3209 446 3501 501 rotundior
3554 457 3746 501 erecta-

466 534 574 604 τὴν
617 534 750 603 ὓλην
786 535 924 592 ἴσοις
977 533 1075 586 καὶ
1115 535 1228 594 τοῖς
1259 534 1516 600 μεγέθεσι
1555 532 1650 584 καὶ
1681 532 1796 590 τοῖς
1823 530 2057 601 χρώμα-

2167 543 2262 600 est,
2295 533 2468 588 multa
2488 543 2604 590 arte
2621 534 2918 599 elaborata,
2955 536 3231 592 columnis
3258 546 3312 592 et
3343 537 3459 607 ipsa
3497 537 3741 591 materi.e

476 646 585 693 σιν,
626 629 704 692 ὡς
738 627 798 680 ἑν
828 625 978 697 χορῷ
1012 625 1156 680 κατὰ
1204 625 1406 678 κύκλον
1454 625 1705 691 έστῶσιν,
1741 625 1952 679 ἔνδοθεν
1983 625 2058 678 ὼ·-

476 721 688 791 ραῖςων
737 719 800 773 τδ
828 722 1079 787 τέμενος.
1114 717 1233 786 Ἐφ’
1279 713 1364 781 οἷς
1420 718 1674 789 ὑπερῷόν
1707 736 1762 772 τι
1816 720 2057 789 ἐπῆρται

474 813 653 882 ὀροφῇ
681 813 748 880 τῇ
774 810 939 880 αὐτῇ.
972 810 1048 873 ὡς
1079 810 1148 863 ἄν
1189 810 1241 877 γ’
1273 807 1368 878 ἐξῇ
1399 809 1709 880 βουλομένῳ
1747 810 1914 864 παντὶ
1943 812 2058 872 τοῖς

473 902 829 973 τελουμένοις
879 904 1160 972 παρεῖναι,
1204 901 1266 952 ἐν
1329 900 1518 971 ταυτῷ
1562 901 1620 953 δέ
1653 901 1873 970 καὶτῆς
1915 901 2058 970 μάρ-

475 1013 644 1064 τυρος
693 994 921 1056 δεῖσθαι,
980 993 1351 1062 τετραμμένῳ
1379 993 1516 1062 πρὸς
1568 993 1666 1048 ἕω.
1699 992 1806 1046 Τοῦ
1839 1009 1906 1060 γε
1952 993 2058 1062 μὴν

478 1089 637 1139 θόλου
669 1086 816 1138 ἔνδον
846 1085 1002 1146 ἄλλος
1038 1085 1156 1137 ἐστὶ
1193 1086 1364 1152 σηκὸς
1397 1085 1850 1155 εὐπρεπέστατος
1871 1103 1884 1118 ι
1921 1087 2056 1139 ὅπου

477 1181 543 1250 δὴ
576 1180 678 1248 τὴν
705 1179 966 1248 μάρτυρα
1010 1176 1228 1229 κεῖσθαι
1266 1177 1578 1240 συνέϐαινε,
1613 1179 1758 1248 σορῷ
1795 1195 1902 1230 τινι
1935 1180 2062 1230 ἐπι-

483 1275 670 1342 μήκει,
699 1271 765 1339 ἣν
793 1269 924 1322 ἔνιοι
954 1267 1181 1321 καλοῦσι
1208 1269 1473 1339 Μακρὰν,
1505 1268 1735 1340 ἀργύρῳ
1757 1273 1836 1332 είς
1863 1271 2062 1340 τέχνην

480 1363 808 1431 διαχυθέντι,
841 1356 901 1412 εὖ
943 1360 1089 1429 μάλα
1117 1359 1439 1429 ἁπανταχοῦ
1469 1363 1929 1431 περιειλουμένην
1964 1364 2060 1417 καὶ⁸

481 1455 560 1515 είς
595 1452 792 1515 κάλλος
817 1452 1062 1516 ἐξαίσιον
1110 1450 1600 1521 διεσκευασμένην.
1644 1452 1785 1506 Ἀλλ’
1828 1455 1927 1507 ὅσα
1961 1455 2061 1524 μὲν

483 1545 568 1596 ἀεὶ
600 1543 764 1608 ξένως
790 1542 1303 1612 ἐθαυματουργεῖτο
1334 1539 1504 1596 πάλαι
1537 1545 1601 1614 τῇ
1635 1545 1898 1615 μάρτυρι,
1923 1547 2061 1600 πᾶσι

486 1635 834 1703 Χριστιανοῖς
879 1633 1150 1702 πρόδηλα.
1189 1634 1297 1685 Καὶ
1330 1633 1440 1703 γὰρ
1478 1636 1819 1706 ἐφισταμένη
1855 1637 1932 1708 τῷ
1960 1639 2058 1707 τὴν

371 1720 388 1790 ί
484 1725 669 1793 χώραν
730 1723 1131 1776 ἐπισκοποῦντι
1185 1724 1464 1802 ’πολλάκιςΧ
1502 1726 1660 1796 ὄναρ,
1707 1728 1740 1797 ἦ
1789 1745 1895 1780 τινι
1951 1731 2060 1782 τῶν

489 1817 662 1877 ἄλλως
707 1817 990 1884 ἐπισήμως
1029 1813 1321 1885 βιόὑντων,
1372 1817 1436 1869 ἐκ
1483 1817 1578 1870 τοῦ
1627 1821 1972 1889 παρήκοντος
2017 1821 2061 1872 δ’

494 1907 926 1975 ἐντυγχανόντων
955 1907 1034 1974 τῷ
1069 1908 1272 1979 ταύτης
1311 1909 1483 1979 δόμῳ,
1510 1909 1759 1978 ἀφθόνως
1790 1911 1898 1964 τῶν
1931 1910 2066 1964 θαυ-

503 1993 688 2062 μάτων
719 1998 919 2064 τρυγᾷν
949 1996 1318 2050 ἐνεκελεὺετο.
1364 1999 1429 2050 Ὃ
1453 1998 1519 2067 δὴ
1545 1999 1790 2067 γνωσθὲν
1821 2002 1936 2063 τοῖς
1959 2001 2064 2052 ἀνα

497 2086 595 2154 τὴν
623 2087 1052 2153 Κωνσταντίνου,
1093 2091 1328 2158 ἐφοίτων
1366 2090 1642 2160 πανδημεὶ
1679 2092 1870 2160 ὅμιλος
1916 2093 2068 2145 πλεῖ-

492 2191 653 2239 στος·
685 2179 714 2230 ὅ
740 2195 800 2230 τε
853 2179 922 2232 τὰ
965 2184 1223 2250 σκῆπτρα
1269 2181 1496 2245 διέπων,
1549 2184 1642 2235 καὶ
1689 2185 1748 2256 οι
1783 2185 1881 2244 τὰς
1912 2185 2065 2256 ἱερὰς

485 2269 644 2336 ἡνίας
675 2270 1129 2341 διαχειρίζοντες,
1173 2274 1269 2326 καὶ
1291 2275 1340 2327 οῖ
1373 2277 1492 2336 ταῖς
1523 2275 1741 2338 λοιπαῖς
1777 2277 2064 2348 ἐφίσταντο

487 2361 596 2411 τῶν
629 2361 831 2430 ἀρχῶν,
865 2362 935 2414 τὰ
961 2364 1271 2435 τελούμενα
1309 2364 1630 2435 βουλόμενοι
1655 2369 1916 2420 κατιδεῖν.
1953 2369 2066 2422 Καὶ

486 2451 555 2520 δὴ
581 2452 798 2504 πάντων
835 2454 1113 2524 ὁρώντων,
1144 2457 1173 2509 ό
1203 2457 1300 2519 τῆς
1326 2457 1745 2510 Κωνσταντίνου
1773 2461 1870 2528 τὴν
1903 2459 2064 2528 ἱερω-

489 2541 653 2613 σύνην
680 2544 1084 2614 ἐπειλημμένος
1139 2546 1280 2614 μετὰ
1337 2546 1448 2599 τῶν
1495 2547 1634 2616 ἀμφ’
1670 2547 1831 2600 αὑτὸν
1870 2548 2065 2618 ἱερέων

487 2635 619 2688 εῖσω
650 2635 747 2688 τοῦ
793 2637 1090 2706 εἰρημένου
1140 2655 1229 2705 μοι
1269 2638 1436 2709 δόμου
1479 2639 1698 2708 ἐχώρει,
1751 2639 1878 2692 ἔνθα
1911 2638 1976 2710 δὴ
2007 2640 2065 2692 τὸ

493 2727 834 2795 μαρτυρικδν
865 2731 1040 2781 ἐκεῖνο
1091 2729 1252 2798 σῶμα
1286 2732 1634 2785 κατάκειται.
1673 2731 1888 2800 Ιιροσῆν
1911 2730 1969 2784 δὲ
1995 2733 2062 2802 τῇ

495 2816 640 2884 σορῷ
685 2817 832 2868 κατὰ
870 2819 929 2870 τὸ
975 2819 1124 2872 λαιὸν
1181 2821 1349 2889 μέρος
1397 2821 1719 2891 κλειθρίδιόν
1743 2839 1796 2874 τι
1841 2822 2062 2892 σεμνὸν,

492 2901 688 2972 θύραις
721 2907 947 2972 μικραῖς
980 2908 1034 2968 ἐς
1079 2907 1142 2957 τὸ
1173 2907 1574 2975 ἀκριϐέστατον
1612 2909 2067 2979 κατησφαλισμέ-

492 3005 620 3040 νον·
654 2990 741 3056 ἐφ’
766 2984 809 3056 ᾦ
845 2992 1066 3062 σίδηρόν
1091 3011 1212 3048 τινα
1247 2996 1501 3066 ἐπιμήκη
1534 2997 1783 3061 καθιᾶσι,
1824 3001 2063 3066 σπόγγον

492 3082 638 3134 κατὰ
665 3082 726 3133 τὸ
755 3081 925 3153 ἄκρον
969 3087 1445 3158 περιαρτήσαντες
1471 3105 1484 3118 ·
1521 3089 1580 3141 δν
1609 3091 1688 3160 τῷ
1720 3092 1931 3162 σιδήρῳ
1962 3091 2066 3144 ἀνὰ

488 3175 562 3225 τὰ
590 3174 837 3242 πανάγια
865 3175 1098 3245 λείψανα
1127 3179 1227 3247 τῆς
1258 3178 1540 3248 μάρτυρος
1573 3184 2058 3252 περιστρέφοντες,

489 3267 767 3334 ἁνιμῶντο
795 3265 955 3330 αὖθις
1003 3269 1254 3338 αἱμάτων
1304 3271 1511 3341 πλήρη,
1545 3273 1640 3325 καὶ
1677 3273 1933 3343 θρόμϐων
1965 3292 2063 3343 με·
2091 3309 2103 3328 .

491 3359 640 3424 στὸν,
672 3358 730 3424 ἐξ
759 3359 973 3429 ἰχώρων
1025 3361 1136 3414 τῶν
1167 3363 1530 3433 μαρτυρικῶν
1583 3365 2060 3434 ἀνακεκραμένον.

494 3451 594 3501 ’ον
627 3451 852 3504 ἐπειδὰν
884 3452 944 3503 τὸ
977 3452 1182 3521 πλῆθος
1222 3455 1452 3519 κατίδοι,
1484 3453 1644 3518 εὐθὺς
1688 3457 1768 3519 εἰς
1811 3460 1914 3526 γῆν
1941 3457 2059 3509 κλί-

488 3561 703 3610 ναντες,
757 3545 856 3596 σὺν
914 3544 1215 3615 ἀλαλαγμῷ
1273 3547 1518 3617 μεγίστῳ
1561 3546 1692 3600 Θεὸν
1741 3549 2056 3618 ἐγέραιρον,

488 3637 682 3704 χεῖρας
713 3635 958 3706 αἴροντες
997 3638 1193 3706 καὶτῷ
1242 3639 1534 3709 παραδόξῳ
1585 3640 2059 3709 ἐκπεπληγμένοι.

489 3727 667 3779 Τόσον
699 3727 744 3779 δ’
797 3724 866 3797 ἦν
901 3727 964 3780 τὸ
1017 3730 1291 3799 ἀπορρέον
1340 3731 1575 3796 ἐκεῖθεν,
1627 3733 1722 3784 καὶ
1766 3733 1860 3785 ἐπὶ
1905 3731 2061 3785 τόσον

488 3815 724 3884 ἄφθονον
756 3819 1052 3888 προΐσχετο
1103 3821 1202 3891 τὴν
1247 3821 1612 3892 πλημμύραν,
1659 3821 1737 3885 ὡς
1781 3821 1856 3893 μὴ
1901 3825 2062 3892 μόνον

491 3906 735 3975 βασιλεῖς
760 3925 820 3960 τε
855 3912 950 3962 καὶ
1001 3911 1182 3981 ίερέας
1216 3911 1266 3963 οἶ
1315 3913 1696 3975 συναλίζονται
1733 3913 1828 3966 καὶ
1881 3913 2061 3966 πάντα

487 3997 584 4048 τὸν
642 3999 1132 4067 συναθροιζόμενον
1185 3999 1318 4053 λαὸν
1372 4001 1647 4064 πλουσίως
1691 4001 2060 4056 ἐπαπολαὺειν

489 4089 602 4138 τών
631 4090 835 4141 ἐκεῖθεν
861 4091 1241 4162 ἀναρῥεόντων
1273 4092 1480 4162 ὑγρῶν,
1511 4093 1649 4147 ἀλλὰ
1687 4095 1782 4147 καὶ
1812 4096 2061 4148 ἁπαντα-

491 4177 590 4247 χθῦ
632 4179 727 4246 ιῆς
778 4181 1170 4250 μετακομίζειν
1203 4182 1329 4245 τοὺς
1387 4182 1789 4253 βουλομένουςο
1841 4183 1935 4236 καὶ
1982 4181 2060 4251 τῷ

489 4273 669 4340 χρόνῳ
703 4273 840 4342 μήτε
868 4275 994 4336 τοὺς
1024 4273 1305 4343 θρόμϐους
1346 4275 1639 4340 ἐπιλιπεῖν,
1667 4274 1761 4328 καὶ
1814 4273 1875 4326 τὸ
1921 4268 2061 4343 αἷμα

490 4367 553 4419 τὸ
612 4366 754 4419 θεῖον
823 4367 1088 4437 μηδαμῶς
1123 4367 1627 4436 παραλλάττεσθαι,
1672 4367 1786 4422 ἀλλ’
1822 4369 1910 4420 ἀεὶ
1964 4367 2066 4434 τὴν

2160 623 2553 693 magnitudinis
2611 635 2664 680 et
2695 625 2893 682 coloris
2923 627 3192 696 ejusdem,
3250 629 3418 683 veluti
3473 629 3528 683 in
3571 628 3740 682 choro

2157 718 2212 770 in
2243 716 2440 772 circuli
2474 717 2717 771 formam
2757 719 3055 783 stantibus,
3089 720 3279 789 templi
3314 721 3595 774 interioris
3621 735 3751 788 par-

2171 821 2280 865 tem
2329 809 2718 865 cohonestans.
2773 810 2951 880 Super
2984 812 3186 880 quibus
3216 813 3459 882 porticus
3488 812 3740 866 sublimis

2161 901 2348 956 eadem
2377 903 2480 956 sub
2508 902 2782 957 testudine
2809 911 3127 957 constructa
3170 914 3275 968 est,
3317 904 3410 959 ubi
3443 904 3622 958 cuivis
3650 903 3738 956 di-

2160 993 2303 1047 vinae
2334 991 2413 1047 rei
2451 993 2804 1064 mysticisque
2827 995 2999 1049 sacris
3026 995 3240 1059 adesse,
3278 1006 3442 1065 atque
3473 995 3639 1050 etiam
3670 994 3749 1049 ad-

2115 1159 2124 1164 _
2159 1085 2428 1141 orientem
2453 1101 2719 1141 converso
2750 1087 3118 1156 precationem
3144 1087 3209 1141 ad
3237 1099 3530 1153 martyrem
3565 1087 3737 1156 ipsam

2161 1173 2342 1227 facere
2374 1172 2522 1229 licet.
2560 1173 2707 1228 Intra
2743 1177 3013 1243 porticum
3047 1175 3221 1244 ipsam
3257 1177 3558 1229 sacrarium
3594 1175 3738 1228 aliud

2158 1274 2245 1320 est
2274 1265 2434 1336 longe
2458 1266 2914 1335 pulcherrimum,
2956 1267 3046 1320 ubi
3094 1277 3301 1337 martyr
3348 1268 3522 1337 posita
3553 1276 3658 1331 est,
3686 1267 3740 1319 in

2162 1356 2376 1410 tumulo
2435 1357 2699 1426 longiore,
2732 1361 2896 1426 quem
2958 1359 3208 1412 nonnulli
3270 1359 3434 1412 etiam
3495 1359 3742 1427 Longum

2165 1461 2380 1514 vocant,
2410 1459 2636 1518 argento
2679 1459 2797 1504 arte
2842 1450 3046 1504 diffuso
3092 1451 3318 1520 pulchre
3350 1450 3640 1504 admodum
3675 1465 3745 1504 ex

2161 1542 2310 1595 omni
2341 1552 2495 1611 parte
2529 1543 2826 1606 inclusum,
2873 1554 2929 1598 et
2977 1543 3044 1597 ad
3083 1545 3414 1613 prrecipuam
3441 1543 3744 1613 pulchritu-

2163 1631 2348 1686 dinem
2374 1632 2676 1687 redactum.
2710 1633 2980 1688 Caeterum
3018 1650 3140 1704 qua:
3167 1634 3297 1688 olim
3343 1649 3560 1702 semper
3602 1648 3746 1686 mar-

2167 1729 2249 1792 tyr
2280 1737 2343 1776 ea
2375 1721 2612 1777 ediderit
2646 1723 2929 1787 miracula,
2963 1715 3292 1778 Christianis
3322 1724 3582 1778 omnibus
3614 1738 3746 1777 con-

2168 1821 2296 1868 stat.
2342 1813 2469 1867 Loci
2520 1829 2758 1883 namque
2814 1816 2933 1886 ejus
2987 1830 3230 1884 persmpe
3279 1815 3619 1884 episcopum.
3687 1814 3741 1868 in

2169 1905 2379 1961 somnis
2436 1921 2556 1960 sese
2589 1906 2639 1959 ei
2671 1906 2963 1971 exhibens,
3010 1915 3104 1960 aut
3135 1907 3302 1960 alium
3332 1909 3496 1960 etiam
3553 1920 3744 1974 quem-

2166 1997 2310 2064 piam
2342 1996 2594 2063 praeclare
2616 1997 2780 2049 vitam
2801 2003 3076 2064 agentem,
3125 1995 3305 2048 obiter
3334 1995 3597 2062 templum
3621 1993 3743 2062 ejus

2167 2089 2500 2158 ingressum,
2539 2095 2598 2140 ut
2629 2087 3022 2139 miraculorum
3055 2085 3244 2141 talium
3287 2085 3525 2138 fructum
3556 2088 3737 2153 perci-

2166 2186 2388 2248 perent,
2420 2187 2501 2230 est
2539 2176 2846 2230 cohortata.
2873 2175 3030 2242 Quod
3070 2175 3163 2230 ubi
3205 2175 3262 2228 in
3303 2177 3440 2228 urbe
3477 2173 3773 2227 Constan—_

2167 2267 2524 2336 tinopolitana
2577 2265 2838 2331 innotuit,
2892 2264 3160 2318 universa:
3215 2278 3282 2318 eo
3326 2261 3512 2331 papuli
3572 2259 3745 2314 turba:

2163 2369 2293 2414 sunt
2332 2357 2588 2428 profecta:
2623 2375 2634 2410 :
2666 2356 2781 2425 ipse
2811 2355 2975 2410 etiam
3009 2355 3329 2423 imperator,
3354 2359 3408 2405 et
3435 2350 3528 2420 qui
3559 2364 3744 2402 sacras

2164 2448 2526 2503 ecclesiarum
2582 2446 2822 2500 habenas
2876 2460 3090 2516 regunt,
3125 2445 3332 2514 quique
3389 2442 3628 2494 honores
3687 2446 3745 2491 et

2167 2543 2519 2612 magistratus
2550 2541 2685 2595 alios
2732 2540 2785 2592 in
2831 2538 3108 2609 republica
3151 2546 3370 2608 gerunt,
3417 2545 3474 2589 ut
3505 2549 3626 2602 qua:
3667 2533 3746 2587 ibi

2165 2645 2582 2705 peragerentur,
2618 2633 2890 2686 viderent.
2911 2631 3093 2700 Atque
3119 2631 3278 2684 etiam
3303 2624 3754 2696 inspectantibus,

2167 2728 2445 2790 munibus,
2492 2727 2786 2795 cpiscopus
2815 2721 3464 2792 ConstantinOpolitanus
3491 2732 3614 2772 cum
3656 2731 3745 2772 sa-

2166 2819 2482 2875 cerdotibus
2520 2820 2634 2873 suis
2693 2818 2959 2886 templum
2993 2815 3064 2877 id,
3102 2815 3194 2869 ubi
3239 2812 3493 2882 martyris
3541 2821 3745 2877 corpus

2168 2910 2471 2980 repositum
2499 2918 2602 2975 est,
2624 2907 2770 2962 visit.
2801 2905 2860 2961 In
2888 2905 3054 2961 loculi
3085 2905 3223 2959 levo
3251 2904 3424 2957 latere
3460 2899 3745 2955 fenestella

2167 3001 2414 3070 quazdam
2460 2999 2781 3055 admiranda
2838 3006 2958 3062 est,
2997 2995 3262 3066 operculo
3292 3008 3455 3061 quam
3508 2990 3743 3044 maxime

2168 3093 2476 3157 obfirmata,
2536 3107 2632 3161 per
2671 3090 2818 3160 quod
2875 3089 3268 3144 ferramentum
3317 3082 3744 3154 longiusculum,

2170 3189 2259 3241 cui
2289 3187 2341 3239 in
2369 3195 2615 3240 extrema
2647 3192 2800 3254 parte
2831 3182 3058 3253 spongia
3089 3181 3302 3249 alligata
3331 3184 3499 3243 esset,
3533 3174 3744 3229 inunit-

2168 3279 2358 3333 tebant
2393 3297 2406 3332 :
2441 3275 2600 3347 591
2638 3276 3032 3346 spongiamque
3073 3273 3242 3340 ipsam
3291 3272 3343 3324 in
3375 3264 3746 3323 sacrosanctis

2172 3353 2425 3442 martyris
2458 3369 2702 3437 reliquiis
2733 3347 3070 3430 obvolutum,
3092 3375 3145 3419 et
3175 3365 3344 3434 guttis
3366 3376 3566 3416 cruore
3595 3359 3745 3411 illius

2172 3460 2433 3516 delibutis
2486 3459 2767 3522 refertam,
2800 3456 3182 3511 cxtrabebant.
3240 3455 3390 3507 llauc
3443 3451 3534 3506 ubi
3591 3449 3745 3518 plebs

2173 3552 2568 3622 conspexisset,
2612 3550 2864 3604 homines
2895 3549 3077 3601 statim
3113 3546 3167 3600 in
3217 3555 3419 3599 terram
3471 3539 3747 3602 inclinati,

2170 3642 2560 3696 vociferatione
2601 3643 2834 3693 maxima
2873 3639 3036 3692 Deum
3091 3637 3462 3699 honorabant,
3504 3633 3744 3685 miracu-

2167 3733 2333 3802 loque
2387 3747 2453 3786 eo
2505 3731 2795 3800 stapefacti
2853 3747 3046 3784 manus
3087 3729 3468 3784 sustollebant.
3527 3725 3742 3778 Tantus

2171 3832 2353 3877 autem
2384 3820 2506 3875 inde
2530 3820 2789 3892 proﬂuxit
2822 3820 3056 3878 ubertim
3092 3820 3312 3882 humor,
3337 3827 3394 3871 ut
3424 3831 3530 3869 non
3563 3815 3742 3868 solum

2172 3912 2533 3981 imperatores
2559 3922 2613 3967 et
2638 3913 2903 3982 episcopi,
2938 3911 3284 3980 populusque
3321 3909 3413 3977 qui
3471 3907 3549 3960 ibi
3611 3920 3742 3959 cou-

2169 4007 2381 4075 gregari
2415 4007 2608 4060 solitus
2637 4005 2760 4067 fuit,
2807 4006 3010 4058 affatim
3050 4020 3115 4058 eo
3173 4002 3608 4072 perfruereutur,
3650 4015 3743 4052 ve-

2172 4112 2294 4149 rum
2319 4097 2483 4150 etiam
2514 4111 2842 4164 quocunque
2880 4096 3060 4164 quivis
3097 4095 3261 4148 vellet
3287 4095 3558 4153 locorum,
3587 4091 3653 4142 dc
3676 4103 3743 4142 eo

2172 4187 2374 4257 aliquid
2395 4201 2581 4241 secum
2610 4185 2869 4240 auferret.
2916 4185 3099 4252 Neque
3131 4193 3297 4251 guttae
3327 4193 3572 4248 tempore
3625 4179 3744 4246 ipso

2173 4281 2444 4346 defecere,
2469 4295 2646 4348 neque
2673 4279 2894 4332 divinus
2929 4277 3017 4330 ille
3043 4276 3262 4343 sanguis
3287 4276 3470 4342 aliqua
3501 4290 3565 4327 ex
3591 4283 3747 4340 parte-

2176 4379 2418 4424 mutatus
2448 4378 2550 4432 est,
2581 4369 2676 4423 sed
2706 4369 2749 4422 is
2789 4383 3005 4437 semper
3046 4367 3284 4421 colorem
3317 4381 3475 4418 suum
3527 4379 3741 4418 summe

493 4458 622 4526 ἴσην
681 4457 806 4526 bii-tv
855 4458 1095 4527 ἐρυθρὰν
1148 4461 1204 4521 ἐς
1265 4459 1428 4527 βάθος
1459 4459 1519 4513 εὑ
1583 4460 1727 4530 μάλα
1760 4463 2063 4531 διατηρεῖν.

2171 4461 2397 4515 rubrum
2429 4459 2792 4513 conservavit.
2832 4459 2993 4514 Facta
3043 4460 3159 4513 hare
3186 4475 3294 4512 non
3343 4467 3496 4512 certo
3527 4484 3530 4487 -
3557 4459 3743 4527 aliquo

504 4549 833 4619 ’ἐπράττετο
861 4551 916 4600 δὲ
945 4549 1118 4603 ταῦτα
1143 4550 1204 4602 οὑ
1229 4551 1370 4603 κατά
1404 4568 1524 4604 τινα
1551 4553 1798 4620 περίοδον
1824 4553 2065 4622 ὡρισμέ-

491 4657 614 4709 νην,
641 4640 754 4692 ἀλλ’
782 4641 855 4704 ὼς
885 4641 950 4694 ἂν
977 4641 1011 4709 ἦ
1034 4659 1092 4694 τε
1117 4641 1210 4694 τοῦ
1240 4643 1594 4712 προεδρεύειν
1624 4644 1877 4713 λαχόντος
1908 4644 2063 4715 βιοτὴ

492 4735 591 4785 καὶ
623 4735 656 4801 ἡ
695 4735 801 4784 τῶν
842 4735 1062 4802 τρόπων
1103 4734 1374 4804 σεμνότης
1408 4737 1689 4804 ἠϐούλετο.
1735 4738 1906 4805 Λόγος
1955 4741 2065 4806 γὰρ

491 4825 631 4894 ἔχει,
672 4826 910 4893 ὁπηνίκα
949 4843 1031 4888 τις
1075 4828 1142 4878 τὰ
1172 4830 1271 4897 τῆς
1297 4827 1624 4898 Ἐκκλησίας
1659 4829 1850 4894 ἰθύνοι,
1875 4831 2066 4899 ἐπισή-

496 4934 617 4985 μως
643 4916 870 4968 διαϐιῶν
900 4920 991 4970 καὶ
1035 4921 1204 4989 ἀρετῇ
1241 4919 1332 4972 τὸν
1367 4920 1480 4989 βίον
1530 4921 1776 4990 κοσμῶν,
1810 4923 1871 4972 τὸ
1901 4922 2065 4990 τέρας

495 5006 819 5074 συχνότερον
880 5007 1256 5073 ἐπιγίνεσθαι·
1313 5011 1403 5062 ὅτε
1452 5010 1506 5062 δὲ
1559 5013 1632 5080 μὴ
1685 5010 1928 5074 τοιοῦτος
1955 5011 2067 5080 εἴη,

496 5098 787 5162 σπανίζειν
836 5099 897 5152 τὸ
936 5099 1142 5171 θαῦμα,
1175 5103 1268 5154 καὶ
1321 5101 1396 5172 μὴ
1451 5103 1652 5174 ῥαδίως
1685 5105 1934 5173 προϊέναι
1969 5106 2068 5175 τῆς

498 5192 777 5261 μάρτυρος
798 5192 860 5244 τὸ
882 5194 1191 5258 τεράστιον.
1228 5193 1402 5246 Τοῦτο
1447 5194 1546 5262 μὲν
1575 5194 1746 5257 οὑτως
1787 5195 1962 5264 ἔγνων
1986 5213 2071 5263 γι·-

494 5282 752 5350 νόμενον·
783 5283 811 5334 ὃ
858 5282 904 5335 δ’
933 5278 1030 5336 οὖν
1093 5280 1219 5336 οὔτε
1273 5284 1490 5352 χρόνος,
1546 5285 1662 5338 ἀλλ’
1716 5286 1837 5338 οὑδὲ
1876 5287 2069 5355 καιρὸς

494 5372 795 5442 διατέμνει,
821 5375 910 5426 ἀεὶ
930 5373 986 5425 δὲ
1020 5375 1106 5442 ῥεῖ
1137 5373 1235 5426 καὶ
1269 5375 1434 5427 πᾶσιν
1461 5375 1671 5428 ἀνεῖται
1703 5377 1934 5439 πιστοῖς,
1971 5375 2068 5426 καὶ

494 5463 672 5526 ἄλλως
701 5464 906 5532 ἔχουσι,
936 5464 1105 5526 λέξων
1131 5465 1390 5534 ἔρχομαι.
1446 5464 1721 5534 Ὀπηνίκα
1752 5483 1836 5530 τις
1876 5467 2068 5519 ἐνθάδε

496 5553 732 5623 γένηται
757 5556 891 5608 ὅπου
923 5557 990 5626 δὴ
1029 5557 1130 5626 τὴν
1157 5557 1317 5623 σορὸν
1347 5557 1443 5609 καὶ
1484 5557 1550 5609 τὰ
1576 5558 1700 5627 ιερὰ
1723 5559 1825 5628 τῆς
1855 5561 2067 5629 μάρτυ-

500 5665 595 5717 ρος
636 5649 842 5718 ἀρτίως
875 5651 1276 5721 θησαυρίζεται
1316 5649 1787 5721 λείψανα,-όδμῆς
1831 5652 2062 5720 ἀπείρου

498 5743 596 5794 m‘.
625 5740 933 5811 ὑπερφυοῦς
954 5742 1284 5812 πίμπλαται,
1307 5741 1614 5812 ὑπερτέρας
1635 5741 1741 5796 τῶν
1760 5736 1835 5796 ὧν
1860 5742 2066 5811 ἀνθρώ-

2175 4551 2434 4621 temporis
2458 4551 2756 4616 curriculo,
2780 4551 2872 4605 sed
2903 4567 2997 4620 pro
3022 4566 3088 4606 eo
3109 4560 3273 4621 atque
3301 4550 3543 4620 episc0pi
3571 4551 3744 4618 ipsius

2170 4647 2294 4700 vitae
2337 4659 2659 4712 morumque
2697 4644 2958 4698 sanctitas
3008 4643 3194 4697 ferret.
3230 4643 3322 4698 Sic
3364 4643 3510 4696 enim
3547 4643 3746 4703 fertur,

2172 4751 2296 4790 cum
2330 4737 2374 4788 is
2397 4735 2490 4803 qui
2528 4733 2824 4788 Ecclesiam
2847 4735 3196 4804 gubernaret,
3223 4735 3482 4801 pra-clare
3512 4735 3742 4794 viveret,

2170 4837 2226 4882 et
2261 4826 2466 4880 virtute
2495 4835 2798 4879 exornatus
2830 4833 2997 4888 esset,
3027 4825 3374 4894 frequentius
3410 4825 3741 4877 miraculum

2175 4921 2280 4974 hoc
2308 4920 2612 4973 cxhibitum
2643 4933 2785 4983 esse,
2827 4933 2952 4972 cum
2984 4928 3166 4971 autem
3193 4919 3425 4971 antistes
3453 4931 3740 4970 Sacrorum

2174 5011 2298 5066 talis
2329 5027 2436 5064 non
2474 5019 2644 5071 esset,
2687 5013 2866 5062 rarius
2891 5023 3010 5062 eam
3049 5024 3162 5062 rem
3191 5018 3297 5061 tam
3336 5005 3742 5068 admirandam,

2171 5118 2277 5156 nec
2307 5110 2415 5154 tam
2440 5100 2598 5155 facile
2628 5115 2658 5152 a
2709 5109 2951 5168 martyre
2981 5099 3339 5167 processisse.
3387 5097 3498 5152 lloc
3531 5098 3612 5151 sic
3641 5093 3744 5148 fa—

2171 5201 2321 5245 ctum
2355 5204 2476 5245 esse
2509 5188 2660 5242 novi.
2702 5186 2959 5242 Sedenim
2994 5187 3141 5255 quod
3199 5203 3378 5257 neque
3410 5187 3530 5240 dies
3563 5202 3746 5256 neque
3800 5229 3804 5234 .

2172 5290 2392 5349 tempus
2443 5280 2616 5334 ullum
2653 5279 2963 5349 intercipit,
2999 5280 3094 5335 sed
3156 5290 3422 5349 perpetuo
3485 5279 3746 5331 omnibus

2174 5373 2426 5429 tidclibus
2454 5372 2620 5427 simul
2653 5381 2708 5426 et
2739 5371 3059 5426 infidelibus
3085 5373 3255 5425 atlluit
3292 5383 3348 5428 ct
3397 5371 3634 5434 accedit,
3686 5370 3751 5424 id.

2171 5482 2320 5522 nunc
2346 5465 2548 5521 dicam.
2577 5464 2634 5520 Si
2669 5463 2795 5531 quis
2841 5463 2896 5518 iu
2933 5465 3236 5519 sacrarium
3283 5465 3360 5529 id,
3401 5464 3494 5517 ubi
3529 5464 3744 5516 loculus

2172 5568 2229 5615 et
2268 5567 2471 5612 sancta:
2491 5556 2749 5627 martyris
2791 5557 3037 5626 reliquiae
3063 5554 3292 5626 perinde
3316 5565 3481 5623 atque
3515 5554 3744 5605 thesau-

2175 5665 2271 5706 rus
2305 5665 2450 5704 nunc
2482 5649 2733 5718 reposita).
2765 5658 2914 5712 sunt,
2955 5649 3158 5709 veniat,
3189 5647 3327 5699 odor
3358 5648 3659 5699 immensus
3688 5653 3746 5698 et

2177 5751 2386 5797 natura:
2439 5750 2682 5810 captum,
2738 5738 3050 5808 odoresque
3090 5751 3284 5792 omnes
3310 5751 3451 5806 quos
3500 5752 3589 5789 ars
3642 5736 3744 5791 hu-
