4070 6204
247 286 251 292 ’
314 305 384 366 23
1541 301 1966 363 NICEPHORI
2011 301 2360 364 CALLISTI
3498 298 3572 365 et

314 422 420 476 bus
471 430 599 477 sunt
653 421 960 478 consecuti.
1001 420 1235 484 Περι-θεῖε
1275 420 1449 491 ipsius
1483 420 1585 474 dux
1617 419 1889 489 Gangram

2015 435 2076 472 rst
2109 421 2204 472 real
2234 419 2468 490 νεύμασι
2498 417 2593 473 τοῦ
2620 418 2942 491 κρατοῦντος
2969 418 3326 487 ἀνακλήσεως
3355 417 3572 488 ἔτυχον.

315 514 472 570 exsul
501 514 774 570 abductus
801 526 903 577 est.
935 513 1037 579 Qui
1078 521 1261 567 autem
1284 528 1313 566 a
1344 513 1602 568 Dioscoro
1627 509 1882 564 condem-

320 608 434 662 nati
470 606 878 678 proscriptique
911 605 1147 668 fuerant,
1189 601 1254 658 de
1283 602 1475 673 synodi
1505 600 1778 656 sententia
1825 607 1882 654 et

1993 507 2210 562 Πολλῶν
2242 509 2299 563 δὲ
2329 511 2422 563 καὶ
2448 510 2623 564 ἄλλων
2652 509 3079 577 πεπραγμένων,
3115 510 3240 578 ὅρος
3267 511 3336 580 τῇ
3365 510 3575 580 συνόδῳ

1991 598 2333 670 ὲξεφωνήθη,
2379 600 2510 654 τάδε
2527 599 2680 670 ,κατὰ
2716 601 2866 669 ῥῆμα
2892 597 3110 663 διεξιών
3132 615 3147 630 ο

316 702 672 772 imperatoris
696 714 966 757 consensu
1000 699 1239 755 revocati
1269 707 1418 753 sunt.
1483 697 1662 768 Atque
1695 696 1791 751 ubi
1853 695 1957 750 alia
1997 693 2163 750 etiam
2220 695 2480 766 pleraque
2508 705 2624 751 acta
2656 703 2805 760 sunt,
2836 693 3119 750 decretum
3155 695 3398 752 svnodus
3421 695 3576 752 hisce

315 805 642 865 conceptum
678 793 864 848 verbis
887 791 1254 862 promulgavit
1290 808 1305 845 :

917 905 1142 965 CAPUT
1201 907 1288 965 Vl.

318 999 602 1054 Decretum
644 999 769 1068 ﬁdei
819 1005 1018 1052 sancta
1067 995 1386 1051 universalis
1432 1005 1638 1066 quarta:
1685 996 1892 1066 synodi.

398 1191 418 1224 ε
452 1170 819 1242 Dominusm
843 1181 899 1226 et
928 1171 1182 1228 Salvator
1233 1182 1420 1228 noster
1436 1170 1594 1228 Jesus
1621 1171 1894 1238 Christus,

321 1262 450 1318 ﬁdei
512 1263 820 1318 doctrinam
878 1262 1165 1334 discipulis
1235 1263 1606 1329 conﬁrmans,
1681 1263 1894 1328 Pacem,

323 1353 528 1423 inquit.
588 1369 763 1407 meam
786 1353 851 1406 do
879 1353 1041 1419 vobis,
1091 1371 1275 1424 pacem
1311 1371 1482 1409 meam
1541 1355 1779 1424 relinquo
1808 1370 1896 1408 vo-

323 1445 402 1498 bis
434 1447 474 1510 ⁸,
517 1454 757 1499 utnemo
787 1459 816 1498 a
851 1459 992 1500 vera:
1007 1445 1228 1513 pietatis
1251 1445 1596 1514 dogmatibus
1627 1445 1894 1508 dissonet,

2590 903 2848 956 ΚΕΦΑΔ.
2891 898 2985 968 q'.

1975 997 2171 1066 _"0poc
2204 993 2316 1062 τῆς
2338 992 2633 1078 ἀγΙαςιθξαῖ
2660 992 3083 1078 οῐειουμενικῆς
3115 992 3402 1061 τετάρτης
3423 1008 3576 1047 συν-

2496 1062 2642 1118 όδου
2669 1062 2776 1130 τῆς
2799 1064 3083 1126 πίστεως.

2078 1195 2098 1228 ι
2131 1175 2195 1231 Ὀ
2225 1176 2430 1244 Κύριος
2452 1172 2610 1244 ἡμῶν
2638 1173 2736 1226 καὶ
2757 1174 2947 1244 Σωτὴρ
2976 1172 3186 1243 Ἰησοῦς
3205 1174 3461 1243 Χριστὸς,
3479 1176 3580 1245 τῆς

2001 1267 2237 1330 πίστεως
2287 1266 2387 1336 τὴν
2421 1266 2624 1333 γνῶσιν
2656 1267 2770 1328 τοῖς
2806 1264 3078 1335 μαθηταῖς
3125 1266 3385 1335 βεϐαιῶν,
3434 1265 3575 1335 ἔφη⁶

1998 1359 2268 1427 Είρήνην
2322 1358 2438 1427 τὴν
2486 1358 2643 1426 ἐμὴν
2691 1357 2902 1426 δίδωμι
2938 1357 3121 1426 ﬁgit!”
3176 1357 3433 1425 εἰρήνην
3466 1358 3580 1425 τὴν

1996 1450 2155 1520 ἐμὴν
2201 1450 2415 1520 ἀφίημι
2458 1448 2632 1518 ὑμῖν·
2667 1449 2743 1511 ὡς
2795 1448 3001 1517 μηδένα
3031 1447 3324 1516 διαφωνεῖν
3358 1449 3418 1500 ἐν
3464 1449 3579 1510 τοῖς

322 1534 417 1589 sed
448 1549 685 1604 exaequo
701 1548 894 1590 omnes
921 1535 1174 1591 veritatis
1199 1535 1507 1591 doctrinam
1534 1537 1887 1607 praedicent.»

2015 1544 2232 1613 ἰόγμασι
2259 1543 2359 1612 τῆς
2381 1539 2689 1603 εὐσεϐείας,
2727 1538 2844 1592 ἀλλ’
2872 1540 3070 1605 ἐπίσης
3098 1540 3158 1592 τὸ
3189 1540 3291 1609 τῆς
3319 1539 3579 1608 ἀληθείας

327 1625 397 1680 Et
427 1635 615 1696 postea
651 1636 837 1681 sancto
863 1627 1082 1681 Nicteno
1099 1625 1376 1698 Symbolo,
1404 1639 1458 1684 et
1487 1639 1704 1684 centum
1731 1638 1894 1698 atque

327 1715 724 1786 quinquaginta
753 1716 1310 1785 sanctorum_Patrum
1349 1717 1571 1772 decreto
1599 1719 1770 1781 lecto,
1809 1719 1894 1772 in-

1997 1633 2373 1688 ἔνδείκνυσθαι
2391 1633 2680 1702 κήρυγμα.
2695 1648 2712 1681 ι
2737 1630 2840 1682 Καὶ
2861 1629 3301 1696 ἀναγνωσθέντος
3317 1630 3413 1682 τοῦ
3434 1629 3582 1682 θείου

2001 1714 2296 1795 συμϐόλου,
2343 1725 2440 1777 καὶ
2471 1722 2609 1793 πρός
2647 1738 2711 1789 γε
2748 1720 2808 1774 τὸ
2861 1722 2970 1774 τῶν
2997 1721 3194 1773 ἑκατὸν
3233 1721 3582 1788 πεντήκοντα

329 1810 613 1864 tulerunt:
649 1829 669 1863 ι
700 1808 844 1865 Satis
874 1810 1042 1882 igitur
1073 1811 1139 1866 ad
1169 1809 1468 1880 perfectam
1506 1827 1650 1867 veras
1679 1812 1897 1883 pietatis

2015 1813 2173 1881 ὶγίων
2213 1811 2492 1882 Πατέρων,
2519 1811 2798 1880 ἐπήγαγον
2822 1826 2835 1840 ·
2889 1811 3124 1880 εἬρκει
3157 1809 3254 1878 μὲν
3271 1805 3367 1862 οὖν
3389 1810 3467 1873 εἰς
3491 1809 3580 1862 ἔνο

332 1900 700 1971 cognitionem
719 1909 774 1956 et
799 1901 1268 1956 confirmationem
1299 1909 1462 1964 esset,
1482 1903 1756 1971 sapienter
1770 1917 1902 1957 conv

333 2002 553 2062 ceptum
583 2003 639 2048 et
670 1992 907 2048 salutare
943 1992 1090 2047 istud
1121 1991 1319 2047 divinae
1345 1992 1532 2063 gratiae
1559 1993 1900 2058 Symbolum.

333 2085 410 2140 De
441 2085 600 2140 Patre
640 2084 843 2140 etenim
875 2093 931 2139 et
957 2083 1098 2140 Filio
1133 2094 1189 2139 et
1213 2083 1421 2154 Spiritu
1454 2095 1647 2140 sancto
1680 2085 1902 2139 absolu-

333 2181 443 2228 tam
467 2172 775 2228 doctrinam
806 2173 1074 2238 continet,
1102 2183 1158 2227 et
1191 2171 1626 2226 inhumationem
1687 2171 1902 2225 Domini

333 2279 458 2319 cum
490 2263 595 2319 ﬁde
617 2279 736 2318 eam
769 2261 1165 2333 recipientibus
1197 2262 1414 2318 astruit.
1452 2261 1902 2330 Quandoquidem

333 2367 516 2411 autem
575 2357 827 2412 veritatis
867 2354 1104 2420 inimici,
1139 2353 1236 2423 qui
1295 2352 1520 2408 abolere
1549 2367 1648 2422 per
1671 2352 1906 2406 haereses

335 2463 466 2503 suas
541 2449 989 2518 praedicationem
1103 2443 1466 2508 contendunt,
1525 2443 1908 2512 inaniloquen-

337 2539 468 2593 tiam
518 2553 784 2609 peperere
817 2579 836 2604 ,
895 2536 1057 2608 595
1105 2546 1160 2593 et
1198 2537 1448 2592 nonnulli
1503 2545 1904 2592 sacrosanctam

338 2630 557 2685 Domini
600 2639 787 2686 nostra
836 2630 1009 2700 gratia
1071 2637 1385 2698 susceptam
1441 2629 1904 2698 dispensationem

338 2719 668 2786 adulterare,
693 2729 748 2776 et
782 2736 970 2776 vocem
991 2720 1132 2775 hanc
1179 2719 1460 2785 Θεοτόκος,
1497 2720 1592 2774 Dei
1627 2719 1893 2785 Genitrix,

310 2828 638 2885 .pernegare
666 2813 785 2868 ausi
809 2821 958 2877 sunt,
1009 2811 1179 2882 aliqui
1212 2827 1343 2866 vero
1363 2811 1763 2865 oconfusionem
1805 2812 1908 2866 nti-

343 2907 692 2974 stionemque
716 2903 1060 2966 inducentes,
1083 2918 1246 2958 unam
1272 2917 1393 2958 esse
1421 2902 1605 2957 carnis
1632 2911 1687 2956 et
1711 2901 1910 2956 divini-

341 2997 471 3052 tatis
508 3004 760 3050 naturam
813 2994 1215 3051 inconsiderate
1277 2993 1512 3065 tingunt,
1557 2993 1910 3063 divinumque

346 3085 620 3158 Unigeniti
669 3094 922 3156 naturam
985 3100 1085 3155 per
1123 3084 1521 3147 ,conlusionem
1569 3082 1904 3154 perpessioni
1937 3119 1983 3179 α

342 3175 636 3232 obnoxiam
700 3176 1013 3246 prodigiose
1074 3182 1365 3246 asserunt:
1421 3174 1538 3230 haec
1595 3174 1709 3243 ipsa
1763 3188 1910 3228 nunc

346 3269 539 3324 sancta
568 3277 625 3324 et
663 3283 859 3340 magna
893 3267 1218 3322 universalis
1247 3267 1510 3338 synodus,
1543 3281 1760 3321 omnem
1805 3265 1910 3322 illis

345 3359 594 3415 fraudem
641 3367 697 3414 et
774 3356 1234 3413 machinationem
1303 3356 1571 3412 adversus
1626 3358 1913 3412 veritatem

345 3450 684 3522 prmcludere
705 3450 918 3516 volens,
941 3459 998 3505 et
1024 3449 1395 3520 integritatem
1420 3449 1914 3520 inﬁrmitatemque

345 3544 552 3599 veteris
579 3541 842 3598 doctrina:
887 3540 1191 3606 vindicans,
1229 3543 1284 3595 in
1337 3540 1533 3612 primis
1586 3541 1828 3607 statuit,"
1851 3548 1914 3595 ut

349 3641 671 3689 sanctorum
724 3643 1099 3690 trecentorum
1174 3634 1399 3686 Patrum
1466 3630 1605 3687 ﬁdes.
1655 3631 1916 3686 inviolata

305 3729 312 3732 ’
350 3731 588 3779 constet.
639 3724 849 3779 Deinde
903 3734 960 3779 et
1011 3739 1213 3779 eorum
1243 3724 1418 3794 quiin
1449 3723 1584 3779 urbe
1607 3723 1916 3793 imperante

351 3815 618 3870 adversus
649 3813 891 3884 Spiritus
936 3814 1114 3870 sancti
1148 3815 1332 3869 hostes
1354 3815 1754 3886 posterioribus
1780 3823 1917 3870 tem-

352 3905 580 3978 poribus
601 3913 997 3969 convenerunt,
1024 3913 1244 3960 centum
1259 3904 1651 3975 quinquaginta
1670 3905 1915 3978 Patrum,

350 3998 420 4053 de
446 3997 683 4068 Spiritus
704 3995 939 4052 essentia
960 3995 1267 4050 doctrinam
1295 3995 1620 4050 auctoritate
1668 4011 1764 4050 sua
1789 4011 1920 4052 con-

354 4089 536 4143 ﬁrmat
569 4105 582 4142 :
611 4104 773 4157 quam
805 4086 884 4141 illi
936 4087 1128 4142 Patres
1179 4085 1432 4141 omnibus
1462 4095 1644 4140 notam
1686 4102 1807 4141 esse
1825 4102 1921 4141 vo-

352 4183 596 4245 luerunt,
633 4195 768 4234 non
825 4189 887 4235 ut
916 4178 1124 4248 aliquid
1160 4179 1308 4250 quod
1351 4178 1652 4250 majoribus
1675 4180 1919 4250 ignotum
1959 4207 1964 4210 -

356 4272 576 4336 fuisset,
601 4269 1057 4334 inducerent,sed
1093 4278 1151 4325 ut
1187 4269 1424 4341 Spiritus
1445 4270 1619 4325 sancti
1645 4279 1918 4339 naturam,

355 4364 606 4433 quaedam
638 4363 706 4418 de
738 4362 886 4418 illius
916 4371 1186 4432 potestate
1235 4362 1482 4419 obtinere
1538 4363 1805 4428 volentes,
1843 4373 1924 4419 te-

2001 1903 2130 1973 τελῆ
2181 1902 2284 1971 τῆς
2341 1901 2628 1964 εὐσεϐείας
2659 1900 2960 1968 ἐπίγνωσιν
3015 1899 3109 1953 καὶ
3170 1898 3468 1969 βεϐαίωσιν
3515 1901 3580 1952 τὸ

2005 1993 2169 2061 σοφὸν
2203 1991 2300 2045 καὶ
2331 1991 2604 2059 σωτήριον
2645 1990 2806 2043 τοῦτο
2843 1990 2942 2058 τῆς
2986 1990 3138 2051 θείας
3179 1991 3402 2058 χάριτος
3435 1993 3579 2059 σύμ-

2005 2084 2160 2136 ϐολον
2183 2098 2197 2112 ο
2233 2081 2360 2151 περί
2394 2098 2455 2134 τε
2481 2081 2590 2150 γὰρ
2620 2081 2716 2133 τοῦ
2743 2081 2955 2151 Πατρδς
2981 2079 3072 2133 καὶ
3100 2081 3193 2132 τοῦ
3219 2080 3372 2146 ἁγίου
3407 2081 3580 2132 Πνεῦ-

2009 2190 2178 2244 ματος
2202 2170 2512 2226 ἐκδιδάσκει
2561 2171 2624 2224 τὸ
2655 2171 2883 2233 τέλειον,
2945 2169 3166 2223 καὶτοῦ
3221 2169 3424 2238 Κυρίου
3473 2169 3577 2239 τὴν

2007 2261 2425 2333 ἑνανθρώπησιν
2453 2264 2567 2324 τοῖς
2605 2261 2814 2322 πιστῶς
2855 2259 3170 2330 δεχομένοις
3205 2259 3568 2328 παρίστησινο

2007 2356 2124 2410 ἀλλ’
2164 2355 2467 2426 ἐπειδήπερ
2492 2355 2540 2407 ol
2579 2355 2680 2424 τῆς
2711 2353 2974 2424 ἀληθείας
3005 2351 3191 2422 ἐχθροὶ
3216 2351 3434 2404 ἀθετεῖν
3455 2353 3592 2403 ὲπιο,

2007 2445 2252 2517 χειροῠσι
2284 2445 2344 2498 τὸ
2399 2445 2685 2514 κήρυγμα,
2744 2444 2832 2498 διὰ
2865 2443 2995 2504 τῶν,
3035 2442 3259 2496 οἰκείων
3310 2442 3579 2512 αίρέσεων

2008 2536 2347 2605 κενοφωνίας
2393 2536 2666 2590 ἀπέτεκον
2690 2551 2704 2565 °
2737 2536 2788 2588 οί
2843 2540 2940 2606 μὲν
2964 2536 3024 2589 τὸ
3054 2537 3154 2606 τῆς
3183 2535 3250 2588 δι’
3298 2535 3448 2604 ἡμᾶς
3483 2532 3582 2586 τοῦ

2009 2629 2219 2699 Κυρίου
2251 2627 2565 2694 οἰκονομίας
2598 2627 2905 2696 μυστήριον
2952 2626 3351 2696 παραφθείρειν
3379 2623 3584 2692 τολμή-

2011 2737 2225 2784 σαντες,
2251 2723 2345 2772 καὶ
2371 2717 2470 2789 τὴν
2509 2719 2800 2783 Θεοτόκος
2831 2718 2922 2770 ἐπὶ
2951 2718 3050 2785 τῆς
3092 2714 3370 2785 Παρθένου
3395 2713 3580 2783 φωνὴν

2010 2810 2418 2882 ἀπαρνούμενοι
2443 2824 2460 2842 ο
2494 2809 2543 2862 οί
2573 2807 2629 2861 δὲ
2676 2807 2944 2879 σύγχυσιν
2977 2807 3072 2860 καὶ
3103 2793 3308 2876 πρᾶσιν
3339 2803 3585 2871 είσάγονο

2011 2917 2124 2964 τες,
2169 2899 2264 2954 καὶ
2303 2902 2434 2969 μίαν
2467 2895 2611 2952 εἶναι
2653 2898 2751 2968 τὴν
2784 2899 2948 2966 φύσιν
2995 2897 3095 2966 τῆς
3133 2898 3338 2967 σαρκὸς
3368 2893 3585 2963 καὶτῆς

2012 2989 2263 3060 θεότητος
2293 2975 2538 3051 ἀνοήτως
2573 2989 3037 3052 ἀναπλάττοντες,
3080 2989 3176 3041 καὶ
3209 2986 3457 3058 παθητὴν
3485 2985 3586 3055 τὴν

2015 3082 2166 3136 θείαν
2222 3081 2315 3135 τοῦ
2351 3080 2689 3148 Μονογενοῦς
2735 3083 2802 3151 τῇ
2841 3079 3584 3151 συγχύσειξτερατευόμενοι.

2014 3173 2112 3228 Διά
2145 3172 2301 3226 τοῦτο
2363 3173 2547 3226 πᾶσαν
2595 3172 2779 3234 αὐτοῖς
2816 3171 2960 3225 κατὰ
3015 3173 3114 3240 τῆς
3157 3171 3417 3240 ἀληθείας
3450 3170 3586 3223 ἀποο

2014 3263 2225 3318 κλεῖσαι
2288 3263 2542 3334 μηχανὴν
2588 3263 2955 3336 βουλομένηή
3003 3266 3259 3336 παροῦσα
3288 3265 3385 3318 νῦν
3443 3263 3584 3332 αὔτη

2015 3355 2148 3424 ἁγία
2175 3355 2274 3408 καὶ
2317 3357 2532 3426 μεγάλη
2576 3356 2934 3426 οίκουμενικὴ
2977 3356 3219 3422 σύνοδος,
3257 3356 3318 3408 τδ
3362 3355 3457 3409 τοῦ
3485 3372 3588 3424 κη-

2019 3448 2301 3520 ρύγματος
2327 3429 2853 3504 ἄνωθενάσάλευτον
2883 3448 3195 3514 ὲκδικοῦσα,
3224 3447 3392 3518 ὥρισε
3417 3463 3589 3518 προη-

2014 3542 2298 3610 γουμένως
2327 3541 2436 3594 τῶν
2469 3540 2798 3611 τριακοσίων
2863 3547 2934 3613 ιη’
2983 3541 3156 3608 ἁγίων
3201 3541 3464 3612 Πατέρων
3487 3539 3593 3609 τὴν

2017 3632 2201 3687 πίστιν
2259 3633 2443 3703 μένειν
2492 3632 2992 3706 ἀπαρεγχείρητον.
3049 3634 3160 3687 Καὶ
3215 3631 3316 3702 μὲν
3372 3633 3436 3701 δὴ
3490 3631 3589 3684 καὶ

2016 3725 2142 3788 τοὺς
2174 3724 2251 3793 τῷ
2282 3723 2566 3794 Πνεύματι
2594 3723 2674 3794 τῷ
2720 3725 2862 3794 ἁγίῳ
2898 3724 3270 3797 μαχομένους,
3309 3722 3409 3792 τὴν
3458 3720 3589 3792 χρό-

2019 3833 2142 3881 νους
2177 3816 2406 3886 ὕστερον
2434 3815 2588 3886 παρά
2619 3814 2730 3868 τῶν
2763 3814 2856 3866 ἐπὶ
2917 3815 3014 3884 τῆς
3057 3813 3451 3884 βασιλευούσης
3493 3811 3593 3865 πό-

2017 3907 2154 3970 λεως
2183 3913 2264 3979 ρν⁹
2292 3907 2662 3962 συνελθόντων
2691 3907 2954 3977 Πατέρων
2989 3907 3121 3976 περὶ
3152 3908 3250 3974 τῆς
3287 3904 3380 3959 τοῦ
3412 3903 3590 3958 Πνεύ-

2024 4017 2192 4071 ματος
2229 3997 2419 4061 οὐσίας
2450 3997 2855 4066 παραδοθείσης
2889 3999 3068 4067 κυροῖ,
3099 3997 3166 4068 ἢν
3196 3996 3392 4049 ἐκεῖνοι
3419 3995 3588 4047 πᾶσιν

2021 4089 2329 4162 ἐγνώρισαν
2351 4089 2450 4158 οὐχ
2472 4087 2547 4151 ὥς
2571 4105 2624 4142 τι
2645 4088 2834 4140 λεῖπον
2864 4089 2976 4149 τοῖς
3007 4085 3372 4158 προλαϐοῦσιν
3401 4085 3592 4137 ἐπεισ-

2023 4179 2291 4242 ἀγοντες,
2343 4178 2481 4232 ἀλλὰ
2535 4179 2638 4246 τὴν
2690 4176 2843 4246 παρὰ
2897 4175 2992 4228 τοῦ
3053 4175 3212 4243 ἁγίου
3271 4173 3588 4242 Πνεύματος

2024 4269 2213 4334 αὐτοῦ,
2251 4269 2370 4322 ένια
2401 4269 2546 4322 κατά
2591 4267 2693 4336 τὴν
2722 4266 2888 4320 αὐτοῦ
2939 4267 3264 4331 δεσποτείαν
3312 4264 3596 4318 αὐθεντεῖν

2024 4364 2384 4436 πειρώμενοι,
2431 4361 2738 4432 γραφικαῖς
2795 4359 3129 4431 μαρτυρίαις
3181 4357 3591 4429 τρανώσαντες.

354 4453 631 4508 stimouiis
666 4452 720 4506 in
746 4453 1009 4521 scriptum
1039 4452 1246 4519 relatis,
1269 4452 1468 4509 clarius
1489 4454 1913 4524 promulgarent.

2026 4457 2126 4511 Διὰ
2150 4456 2207 4511 δὲ
2229 4456 2354 4519 τούς
2374 4453 2437 4509 τὸ
2456 4453 2555 4522 τῆς
2583 4453 2898 4522 οἰκονομίας
2935 4449 3336 4520 παραφθεὶρειν
3353 4447 3597 4518 τολμῶν-

356 4544 588 4611 Propter
611 4556 707 4596 eos
739 4557 872 4596 vero
899 4543 993 4611 qui
1049 4544 1371 4598 (nconomia:
1401 4553 1458 4598 et
1492 4544 1922 4615 dispensationis

358 4630 679 4702 mysterium
729 4630 1272 4700 depravareaudent,
1297 4642 1353 4687 et
1377 4633 1470 4703 qui
1512 4649 1577 4688 ex
1613 4635 1779 4689 Maria
1807 4636 1928 4690 Vir—

359 4724 487 4796 gine
540 4732 705 4778 natus
728 4731 833 4787 est,
870 4737 1080 4777 merum
1123 4722 1399 4778 hominem
1426 4739 1547 4781 esse
1581 4726 1927 4796 impudenter

356 4826 411 4869 et
437 4813 750 4870 conviciose
777 4814 988 4880 dicunt,
1016 4811 1158 4867 beati
1177 4811 1387 4884 Cyrilli,
1413 4816 1506 4883 qui
1545 4815 1926 4872 Alexandrina:

357 4902 617 4958 Ecclesia:
650 4911 838 4973 pastor
861 4900 985 4970 fuit,
1009 4900 1300 4973 synodalcs
1318 4903 1578 4972 epistolas
1629 4905 1695 4958 ad
1729 4905 1927 4962 Nesto-

361 4995 506 5049 rium
537 5003 596 5050 et
640 4994 944 5051 Orientales
996 4996 1285 5066 episcopos
1337 4996 1512 5061 datas,
1568 4996 1715 5067 quod
1778 5007 1927 5054 recte

360 5086 580 5158 scripta:
603 5087 732 5153 sint,
781 5101 907 5142 cum
933 5085 1003 5141 ad
1055 5086 1290 5142 Nestorii
1311 5101 1566 5143 vesanam
1594 5087 1926 5144 dementiam

363 5183 729 5248 refutandam,
763 5193 878 5238 tum
906 5182 974 5237 ad
1011 5182 1337 5238 sententiam
1373 5181 1624 5239 salutaris
1660 5180 1928 5255 Symboli,

361 5276 445 5330 eis
501 5274 739 5345 qttieam
787 5277 878 5344 pio
913 5273 1112 5328 ardore
1149 5272 1458 5343 requirunt,
1513 5271 1928 5336 declarandam.

361 5365 607 5437 recepit:
665 5365 868 5434 quibus
900 5365 1189 5435 epistolam
1221 5379 1441 5434 quoque
1497 5364 1747 5418 maximae
1777 5364 1928 5420 urbis

362 5457 563 5513 veteris
581 5458 764 5512 Romae
786 5457 1066 5521 antistitis,
1091 5454 1389 5510 beatissimi
1406 5462 1461 5509 et
1487 5456 1812 5511 sanctissimi
1839 5472 1928 5510 ar-

472 5573 487 5603 ³
522 5570 682 5626 .loan.
717 5586 826 5635 xlv,
858 5568 949 5622 27.

2029 4565 2128 4612 τας
2171 4547 2497 4619 μυστήριον,
2541 4545 2638 4598 καί¹
2677 4541 2834 4612 ψιλὸν
2865 4541 3153 4610 ἄνθρωπον
3197 4539 3286 4592 τὸν
3317 4539 3468 4608 παρὰ
3497 4538 3596 4606 τῆς

2028 4637 2191 4704 ἁγίας
2247 4633 2520 4703 Παρθένου
2565 4630 2828 4701 τεχθέντα
2879 4627 3099 4697 Μαρίας
3135 4624 3373 4686 ἀναιδῶς
3423 4623 3592 4675 λοιδοα-

2031 4726 2278 4798 ροῦντας,
2314 4724 2412 4786 τὰς
2444 4721 2538 4776 τοῦ
2576 4720 2847 4792 μακαρίου
2879 4705 3150 4788 Κύρίλλου
3179 4713 3273 4767 τοῦ
3301 4713 3397 4780 τῆς
3436 4710 3592 4762 Ἀλε-

2031 4816 2300 4885 ξανδρέων
2328 4812 2658 4882 Ἐκκλησίας
2687 4811 2985 4881 γενομένου
3019 4805 3276 4875 ποιμένος
3308 4799 3597 4862 συνοδικάς

2029 4906 2320 4966 ὐπιστολὰς
2352 4904 2489 4974 πρός
2529 4920 2592 4971 γε
2642 4903 2942 4972 Νεστόριον
2991 4899 3086 4952 καὶ
3132 4895 3271 4966 πρὸς
3321 4893 3448 4955 τοὺς
3497 4893 3598 4960 τῆς

2042 4993 2338 5064 Ἀκατολῆς
2369 4990 2698 5052 ἐπισκόπους
2728 4987 3019 5059 ἁρμοδίους
3051 4982 3212 5045 οὐσας
3253 4979 3492 5044 ἐδέξατο,
3514 4977 3596 5039 είς

2033 5085 2255 5156 ἔλεγχον
2307 5083 2406 5155 μὲν
2440 5082 2539 5152 τῆς
2584 5077 2884 5148 Νεστορίου
2942 5071 3398 5146 φρενοϐλαϐείας,
3429 5069 3602 5137 ἑρμη-

2033 5177 2186 5231 νείαν
2216 5175 2274 5229 δὲ
2302 5175 2413 5228 τῶν
2445 5174 2503 5226 ἐν
2541 5170 2756 5224 εὐσεϐεῖ
2788 5169 2939 5240 ζήλῳ
2963 5166 3060 5220 τοῦ
3093 5162 3367 5234 σωτηρίου
3395 5156 3603 5226 συμϐό·

2033 5269 2128 5322 λου
2162 5266 2473 5322 ποθούντων
2518 5265 2618 5333 τὴν
2645 5263 2854 5315 ἔννοιαν
2880 5278 2894 5292 ο
2929 5257 3017 5322 αἷς
3047 5259 3144 5312 καὶ
3172 5256 3272 5327 τὴν
3311 5248 3602 5317 ἐπιστολὴν

2031 5363 2129 5416 τοῦ
2167 5361 2264 5430 τῆς
2310 5358 2576 5430 μεγίστης
2617 5354 2714 5407 καὶ
2758 5350 3138 5423 πρεσϐυτέρας
3175 5347 3396 5416 Ῥώμης
3440 5337 3607 5410 προέ-

2033 5457 2162 5526 δρου
2191 5429 2284 5507 τοῦ
2323 5448 2745 5521 μακαριωτάτου
2781 5446 2874 5499 καὶ
2911 5445 3221 5513 ἁγιωτάτου
3247 5429 3604 5509 ἁρχιεπισκό-

451 5712 527 5783 (l)
559 5709 618 5765 ι.
645 5710 905 5775 Quoniam
940 5702 1251 5760 venerabilis
1310 5700 1392 5772 (Ο.
1432 5701 1502 5756 De
1532 5701 1698 5770 episc.
1727 5709 1779 5756 et
1825 5697 2006 5756 cleric.
2037 5697 2096 5753 L.
2122 5695 2426 5768 Quicunque
2455 5698 2506 5750 in
2529 5698 2646 5751 hac.
2682 5696 2743 5751 (1.
2782 5695 2856 5751 Dc
2890 5694 3162 5749 lueretuet
3191 5683 3452 5753 Manich.)
