4070 6204
437 300 511 363 25
1376 293 1982 355 ECCLESIASTICIE
2021 292 2410 355 HISTORIA!
2444 298 2588 357 LIB.
2633 299 2750 361 XV.
2798 312 2803 317 ‘
3636 298 3705 362 26

440 433 557 468 που
602 412 853 475 Λέοντος,
912 408 1013 479 τὴν
1062 410 1369 479 γραφεῖσαν
1424 410 1561 479 πρὸς
1610 410 1703 464 τὸν
1750 411 1807 463 ἐν
1852 410 2027 477 ἁγίοις

2134 410 2468 481 chiepiscopi
2519 411 2741 475 Leonis,
2804 413 2870 467 ad
2900 429 3024 468 eum
3050 414 3141 484 qui
3202 413 3258 468 in
3277 411 3482 468 sancti-5
3507 420 3592 466 est
3620 426 3705 463 ar-

441 507 893 579 ἀρχιεπίσκοπον
935 502 1263 566 Φλαϐιανδν,
1297 501 1383 554 ἐπ’
1418 503 1706 573 ἀναιρέσει
1742 506 1839 571 τῆς
1868 505 2036 557 Εὐτυ-

438 601 583 668 χοῦς
634 594 927 657 κακονοίας
959 608 973 623 °
1006 594 1197 663 ἥντινα
1252 594 1319 662 τῇ
1381 591 1478 644 106
1524 592 1762 661 μεγάλου
1823 593 2033 663 Πέτρου

440 689 719 758 ὁμολογίᾳ
752 686 1186 756 συμϐαίνουσαν,
1223 683 1411 753 κοινήν
1439 700 1566 738 τινα
1607 684 1811 754 στήλην
1851 685 2035 755 ὑπάρ-

441 796 661 850 χουσαν
703 778 846 831 κατά
888 778 1001 829 τῶν
1046 776 1508 842 κακοδοξούντων,
1559 775 1788 838 εἰκότως
1837 774 2036 844 συνήρ-

428 888 595 940 μοσε
652 872 788 941 πρὸς
834 870 936 940 τὴν
974 868 1083 920 τῶν
1139 868 1317 938 ὀρθῶν
1366 868 1653 937 δογμάτων
1718 865 2035 937 βεϐαἵωσιν.

448 968 585 1030 Τοῖς
621 984 680 1019 τε
711 968 823 1035 γὰρ
866 968 948 1027 εἰς
983 964 1119 1017 υἰῶν
1150 964 1320 1018 δυάδα
1349 963 1409 1016 τὸ
1440 962 1543 1031 τῆς
1575 962 1888 1031 οἰκονομίας
1919 960 2037 1013 δια-

450 1062 604 1130 σπᾷν
629 1058 975 1128 ἐπιχειροῦσι
1001 1057 1304 1126 μυστήριον
1324 1058 1761 1125 παρατάττεται,
1793 1055 1887 1107 καὶ
1909 1054 2035 1116 τοὺς

453 1151 714 1220 παθητὴν
744 1151 929 1212 λέγειν
954 1147 1271 1218 τολμῶντας
1298 1147 1393 1201 τοῦ
1425 1147 1766 1215 Μονογενούς
1796 1148 1895 1217 τὴν
1917 1146 2007 1200 θεό

452 1258 598 1311 τητα
628 1240 737 1292 τῶν
773 1239 937 1308 ἰερῶν
965 1237 1267 1290 ἀπωθεῖται
1304 1234 1581 1303 συλλόγων
1603 1251 1618 1266 ο
1652 1237 1748 1288 καὶ
1797 1237 1910 1296 τοῖς
1944 1235 2035 1285 ἐπὶ

454 1333 567 1383 τῶν
600 1330 694 1383 δύο
743 1330 965 1398 φύσεων
1006 1327 1103 1381 106
1159 1325 1398 1395 Χριστοῦ
1438 1327 1637 1395 κρᾶσιν
1684 1324 1716 1387 ἢ
1772 1324 2034 1393 σύγχυσιν

455 1421 771 1475 ἐπινοοῦσιν
803 1420 1167 1472 ἀνθίσταται·
1207 1420 1303 1469 καὶ
1332 1417 1459 1479 τοὺς
1490 1416 1745 1487 οὐράνιον
1774 1416 1806 1485 ἢ
1840 1416 2033 1485 ἐτέρας

457 1512 604 1575 τινος
633 1511 824 1573 οὐσίας
855 1508 959 1577 τὴν
988 1508 1048 1572 ἐξ
1078 1507 1235 1578 ἡμῶν
1264 1505 1568 1577 ληφθεῖσαν
1596 1504 1745 1576 αύτῷ
1778 1504 1868 1558 106
1914 1503 2034 1556 δού-

458 1604 553 1657 λου
582 1602 796 1673 μορφὴν
823 1600 1250 1667 παραπαίοντας
1310 1598 1607 1663 ἐξελαύνει.
1647 1598 1758 1652 Καὶ
1804 1597 1899 1650 δύο
1934 1596 2031 1665 μὲν

463 1694 570 1763 προ
599 1694 696 1761 τῆς
746 1692 998 1753 ἐνὼσεως
1033 1690 1225 1757 φύσεις
1272 1689 1368 1742 τοῦ
1417 1690 1622 1757 Κυρίου
1675 1687 2030 1757 μυθεύοντας,

470 1786 601 1853 μίαν
636 1785 695 1835 δὲ
728 1782 865 1848 μετὰ
890 1783 987 1850 τὴν
1023 1782 1221 1834 ἕνωσιν
1256 1780 1724 1842 ἀναπλάττοντας,
1755 1777 2033 1845 ἀναθεμα-

475 1871 643 1934 τίζει.
688 1871 968 1937 Ἐπόμενοι
996 1869 1180 1920 τοίνυν
1209 1872 1324 1929 τοῖς
1359 1866 1536 1934 ἁγίοις
1593 1865 1898 1936 Πατράσιν,
1938 1864 2033 1915 ἕνα

481 1963 574 2014 καὶ
606 1961 698 2012 τὸν
724 1960 882 2012 αὑτὸν
923 1959 1294 2028 ὁμολογοῦμεν
1334 1958 1465 2011 Υἰὸν
1494 1958 1584 2011 τὸν
1641 1956 1844 2026 Κύριον
1873 1956 2032 2026 ἡμῶν

491 2052 691 2120 Ἰησοῦν
724 2051 993 2121 Χριστόν·
1030 2051 1126 2102 καὶ
1182 2049 1492 2119 συμφώνως
1538 2032 1779 2111 ἅπαντες
1822 2046 2031 2100 ἐκδιδά-

468 2164 664 2216 σκομεν
688 2147 893 2198 τέλειον
922 2145 1015 2198 τὸν
1041 2145 1202 2198 αὐτὸν
1231 2146 1287 2196 ἐν
1315 2143 1555 2213 θεότητι,
1582 2145 1677 2196 καὶ
1704 2142 1913 2195 τέλειον
1935 2141 2027 2194 τὸν

456 2238 620 2289 αὑτὸν
657 2239 714 2289 ὲν
747 2234 1155 2304 ἀνθρωπότητι,
1187 2233 1322 2286 Θεὸν
1346 2233 1584 2302 ἀληθῶς,
1620 2233 1713 2286 καὶ
1742 2230 2029 2300 ἄνθρωπον

456 2327 698 2398 ἀληθῶς,
728 2327 819 2379 τδν
845 2326 1010 2379 αὑτὸν
1047 2327 1110 2378 ἐκ
1151 2324 1333 2396 ψυχῆς
1371 2324 1602 2395 λογικῆς
1632 2325 1725 2379 καὶ
1754 2323 2026 2393 σώματος,

457 2420 746 2487 δμοούσιον
775 2418 853 2486 τῷ
890 2419 1070 2488 Πατρὶ
1110 2418 1253 2470 κατὰ
1275 2416 1373 2487 τὴν
1406 2416 1657 2486 θεότητα,
1694 2416 1789 2471 καὶ
1834 2415 2029 2486 όμοού-

458 2529 575 2565 σιον
606 2513 739 2581 ἡμῖν
763 2510 856 2563 τδν
886 2510 1054 2563 αὐτὸν
1100 2512 1240 2563 κατά
1273 2510 1374 2580 τὴν
1433 2508 1853 2579 άνθρωπότητα,
1886 2507 2027 2561 κατὰ

454 2600 635 2655 πάντα
682 2600 875 2670 ὅμοιον
909 2600 1043 2669 ἡμῖν
1092 2598 1261 2669 χωρὶς
1309 2597 1610 2669 ἁμαρτίας,
1659 2596 1765 2667 πρὸ
1813 2595 2026 2650 αἰώνων

458 2695 559 2765 μὲν
590 2695 656 2748 ἐκ
701 2693 797 2746 106
830 2692 1046 2759 Πατρδς
1074 2689 1407 2760 γεννηθέντα
1452 2691 1592 2743 κατὰ
1637 2689 1734 2759 τὴν
1771 2688 2024 2756 θεότητα,

456 2786 543 2839 ἐπ’
580 2784 826 2855 ἐσχάτων
861 2783 918 2837 δέ
943 2782 1052 2835 τῶν
1089 2782 1313 2852 ἡμερῶν
1337 2782 1429 2834 τὸν
1465 2781 1628 2834 αὑτὸν
1654 2782 1723 2834 δι’
1752 2781 1901 2851 ἡμᾶς
1931 2782 2026 2833 καὶ

456 2877 546 2931 διὰ
573 2877 675 2946 τὴν
701 2875 985 2946 ἡμετέραν
1016 2875 1292 2945 σωτηρίαν
1322 2875 1383 2927 ἐκ
1414 2874 1637 2944 Μαρίας
1667 2875 1767 2945 τῆς
1816 2872 2026 2944 παρθέ-

455 2985 550 3021 νου
577 2969 672 3021 καὶ
701 2966 969 3021 Θεοτόκου
1015 2966 1156 3020 κατὰ
1185 2966 1285 3035 τὴν
1328 2965 1749 3036 ἀνθρωπότητα,
1793 2964 1889 3016 ἕνα
1931 2963 2025 3016 καὶ

2138 504 2549 573 cbiepiscopum
2619 505 2965 570 Flavianum,
3040 504 3355 561 refellenda:
3386 502 3704 572 Eutychetis

2139 595 2535 650 malevolentia:
2569 597 2743 665 gratia
2771 598 3059 664 scriptam,
3082 613 3201 666 quae
3222 595 3367 650 beati
3397 594 3543 649 Petri
3575 609 3705 647 con—

2136 688 2359 743 fessioni
2413 690 2693 755 convenit,
2753 702 2810 744 et
2865 691 3132 746 adversus
3163 703 3450 760 perperam
3476 696 3531 740 ct
3560 686 3702 739 male

2136 778 2461 843 sentientes,
2500 781 2655 849 quasi
2712 780 2959 849 quaedam
3017 780 3326 835 communis
3376 787 3433 833 et
3488 777 3705 847 publica

2137 872 2390 925 columna
2418 880 2520 935 est,
2550 873 2619 927 ad
2649 874 2899 941 dogmata
2928 882 3074 927 recta
3091 869 3486 935 confirmanda,
3512 869 3707 923 merito

2136 963 2437 1032 conjunxit.
2501 963 2635 1017 Nam
2697 963 2963 1017 adversus
3012 978 3108 1017 eos
3152 963 3247 1031 qui
3280 958 3707 1031 dispensationis

2136 1053 2480 1121 mysterium,
2514 1053 2569 1106 in
2610 1042 2748 1107 ducs
2775 1052 2916 1107 filios
2954 1053 3260 1108 distrahere
3283 1062 3572 1115 conantur,
3609 1067 3707 1120 pu-

2136 1154 2303 1215 gnat:
2338 1152 2392 1200 et
2422 1160 2517 1199 eos
2544 1146 2638 1214 qui
2679 1145 2956 1216 Uuigeniti
2988 1145 3326 1199 divinitatem
3367 1142 3706 1213 perpessioni

2135 1237 2424 1291 obnoxiam
2476 1253 2597 1291 esse
2628 1237 2811 1292 dicere
2837 1237 3062 1303 audent,
3119 1237 3290 1291 sacris
3321 1236 3700 1290 conventibus

2135 1328 2392 1381 excludit.
2449 1327 2611 1398 596
2662 1328 2800 1382 Tum
2849 1338 3032 1382 autem
3084 1329 3167 1383 eis
3221 1342 3441 1397 quoque
3502 1327 3594 1395 qui
3645 1328 3702 1380 in

2135 1417 2346 1473 duabus
2373 1420 2576 1473 Christi
2626 1422 2837 1475 naturis
2874 1420 3187 1474 mistionem
3226 1429 3282 1474 et
3324 1419 3702 1473 confusionem

2135 1509 2646 1574 comminiscuntur,
2676 1511 2900 1566 resiStit.
2924 1512 3033 1565 Eos
3060 1520 3321 1580 praeterea
3346 1510 3437 1578 qui
3466 1510 3705 1565 cmlcstis

2145 1609 2239 1654 aut
2282 1601 2512 1655 alterius
2569 1602 2888 1673 cujusquam
2953 1602 3204 1656 essentia:
3287 1616 3411 1657 esse
3470 1601 3707 1656 delirant

2134 1706 2296 1758 quam
2329 1707 2395 1745 ex
2427 1691 2586 1746 nobis
2616 1693 2717 1746 sibi
2749 1693 3044 1762 assumpsit
3076 1694 3216 1747 servi
3254 1692 3507 1756 formam,
3569 1707 3704 1761 pro-

2149 1782 2365 1836 scribit.
2395 1781 2502 1837 Eos
2538 1783 2797 1852 denique,
2826 1785 2917 1852 qui
2946 1786 3081 1838 duas
3110 1784 3328 1853 quidem
3369 1793 3497 1837 ante
3549 1782 3702 1835 rinio-

2134 1889 2257 1927 nem
2280 1875 2490 1928 Domini
2522 1885 2741 1929 naturas
2772 1875 3304 1943 profitentur,~unam
3333 1882 3517 1927 autem
3578 1882 3701 1942 post

2135 1964 2393 2018 unionem
2427 1964 2653 2028 faciunt,
2720 1968 3056 2022 anathemati
3103 1967 3345 2037 subiicit.
3386 1966 3571 2033 Itaque
3603 1964 3702 2017 Pa—

2134 2059 2279 2104 trum
2310 2052 2553 2123 vestigiis
2614 2055 2949 2120 insistentes,
3005 2073 3173 2111 unum
3229 2066 3392 2125 atque
3447 2055 3702 2108 eumdem

2131 2143 2452 2213 profitemur
2484 2161 2605 2200 esse
2653 2145 2879 2211 Filium,
2914 2148 3200 2201 Dominum
3252 2156 3496 2201 nostrum
3521 2145 3706 2199 Jesum

2128 2234 2437 2290 Christum:
2464 2244 2520 2291 et
2542 2252 2648 2290 una
2674 2253 2808 2293 voce
2836 2254 3027 2293 onmes
3096 2238 3528 2308 depra-dicamus
3584 2252 3705 2305 per-

2128 2327 2329 2383 fectum
2352 2330 2605 2383 eumdem
2638 2330 2693 2382 in
2721 2329 3029 2394 divinitate,
3050 2341 3105 2385 et
3124 2330 3425 2398 perfectum
3446 2328 3701 2383 ernndem

2130 2417 2185 2471 in
2240 2416 2599 2485 humanitate,
2638 2420 2806 2474 Deum
2846 2437 3037 2479 verum
3075 2429 3131 2475 et
3172 2420 3455 2474 hominem
3494 2427 3703 2476 vcrd’nt.

2127 2507 2379 2564 eumdem
2410 2525 2477 2564 ex
2507 2511 2760 2566 rationali
2784 2512 2962 2565 anima
2992 2521 3047 2566 et
3083 2527 3312 2581 corpore
3339 2510 3672 2565 consubstan
3692 2542 3704 2551 -

2129 2601 2313 2655 tialem
2346 2599 2489 2655 Patri
2526 2602 2826 2656 secundum
2861 2601 3226 2665 divinitatem,
3254 2614 3311 2655 et
3343 2603 3700 2656 consubstan-

2131 2690 2309 2746 tialem
2371 2692 2533 2747 nobis
2563 2694 2866 2748 secundum
2906 2695 3324 2755 humanitatem,
3363 2710 3458 2763 per
3505 2694 3689 2747 omnia

2127 2784 2288 2839 nobis
2335 2786 2599 2854 aequalem
2628 2786 2834 2857 absque
2872 2797 3118 2857 peccato,
3161 2796 3286 2841 aute
3337 2786 3538 2841 saecula
3585 2786 3698 2855 qui-

2126 2874 2249 2929 dem
2282 2891 2349 2930 ει
2394 2877 2557 2932 Patre
2602 2877 2904 2933 secundum
2953 2875 3400 2941 divinitatem,in
3439 2875 3704 2930 extremis

2126 2976 2306 3022 autem
2329 2968 2523 3024 diebus
2549 2969 2833 3036 eumdem,
2872 2977 3099 3039 propter
3131 2982 3231 3022 nos
3266 2976 3322 3022 et
3352 2976 3573 3037 propter
3608 2982 3702 3019 no.

454 3060 547 3112 τὸν
576 3059 740 3111 αὑτὸν
762 3057 973 3127 Ἰησοῦν
999 3056 1233 3127 Χριστὸν
1258 3055 1382 3109 Υίὸν
1405 3055 1500 3108 καὶ
1524 3055 1731 3125 Κύριον
1758 3058 2023 3125 μονογενῆ

2129 3069 2294 3115 stram
2325 3060 2577 3124 salutem,
2622 3075 2687 3115 ex
2718 3061 2886 3116 Maria
2919 3062 3140 3131 Virgine
3187 3071 3238 3115 et
3275 3059 3370 3114 Dei
3421 3058 3703 3114 Geuitrice

456 3151 513 3202 ἐν
544 3150 639 3203 δύο
672 3147 922 3217 φύσεσιν,
954 3145 1302 3216 ἀσυγχύτως,
1333 3146 1646 3213 ἀτρέπτως,
1679 3144 2022 3213 ἁδιαιρέτως,

455 3236 777 3306 ἀχωρίστως
806 3235 1213 3303 γνωριζόμενον
1234 3249 1251 3265 ο
1281 3231 1521 3302 οὐδαμοῦ
1552 3231 1652 3301 τῆς
1678 3232 1786 3284 τῶν
1808 3233 2024 3300 φύσεων

452 3329 806 3399 ἀνῃρημένης
834 3324 1099 3396 διαφορᾶς
1144 3324 1234 3378 διὰ
1283 3324 1383 3392 τὴν
1410 3325 1606 3378 ἕνωσιν
1633 3365 1648 3390 ,
1706 3323 2024 3394 σωζομένης

452 3423 511 3475 δὲ
551 3420 749 3491 μᾶλλον
779 3419 881 3481 τῆς
930 3418 1193 3487 ἰδιότητος
1226 3418 1498 3490 ἑκατέρας
1543 3418 1780 3488 φύσεως,
1812 3417 1905 3471 καὶ
1942 3419 2023 3480 εἰς

452 3512 513 3565 ἒν
545 3511 843 3580 πρόσωπον
862 3511 955 3561 καὶ
983 3510 1112 3578 μίαν
1139 3508 1440 3563 ὑπόστασιν
1458 3510 1856 3579 συντρεχούσης
1877 3524 1892 3539 ο
1924 3508 2024 3577 οὐχ

451 3602 529 3664 ὡς
564 3603 643 3663 εἰς
676 3601 770 3652 δύο
803 3600 1073 3669 πρόσωπα
1126 3598 1487 3669 μεριζόμετον
1528 3600 1561 3669 ἢ
1615 3598 2019 3668 διαιρούμενον,

450 3690 569 3744 ἀλλ’
598 3689 695 3742 ἕνα
753 3690 846 3743 καὶ
879 3690 968 3742 τὸν
997 3689 1159 3742 αὑτὸν
1196 3689 1318 3741 Υἰὸν
1357 3690 1620 3757 μονογενῆ
1676 3687 1809 3740 Θεὸν
1848 3687 2021 3753 Λόγον

446 3784 658 3854 Κύριον
687 3784 897 3853 Ἰησοῦν
946 3783 1179 3853 Χριστόν
1201 3797 1216 3813 ·
1273 3782 1528 3850 καθάπερ
1563 3780 1769 3835 ἄνωθεν
1800 3781 1850 3832 οἰ
1888 3795 2022 3849 προ-

449 3879 623 3946 φῆται
676 3878 807 3945 περ)⁸
853 3874 1022 3929 αὑτοῦ
1076 3874 1173 3926 καὶ
1205 3874 1364 3936 αὐτὸς
1399 3874 1546 3943 ἡμᾶς
1589 3872 1617 3923 ὁ
1670 3871 1874 3939 Κύριος
1908 3870 2021 3934 ἑξε.

448 3969 737 4033 παίδευσε,
770 3969 879 4023 καὶ
927 3968 985 4020 τὸ
1034 3967 1141 4019 τῶν
1188 3965 1446 4035 Ματέρων
1487 3966 1622 4034 ἡμῖν
1666 3962 2047 4034 παραδέδωκε’

446 4060 740 4130 σύμϐολον.
779 4079 798 4111 ι

1047 4373 1299 4427 ΚΕΦΔΛ.
1342 4370 1417 4426 Ζ¹.

590 4492 727 4560 Περί
756 4492 877 4546 τῶν
902 4490 1112 4545 ἄλλων
1145 4489 1184 4543 ἄ
1205 4490 1241 4558 ἡ
1271 4488 1537 4552 σύνοδος
1557 4487 1889 4553 διετάξατο.

519 4607 740 4661 Τούτων
780 4604 964 4658 τοίνυν
995 4603 1134 4673 μετὰ
1165 4603 1346 4672 πάσης
1382 4600 1673 4668 ἀκριϐείας
1703 4618 1762 4653 τε
1797 4600 1891 4654 καὶ
1918 4600 2021 4669 ἐμ-

446 4700 669 4769 μελείας
704 4696 836 4766 παρ’
882 4695 1039 4764 ἡμῶν
1070 4693 1550 4755 διατυπωθέντων,
1581 4690 1781 4760 ὥρισεν
1813 4692 1845 4760 ἡ
1890 4691 2022 4757 ἁγία

442 4789 545 4843 καὶ
576 4784 939 4856 οἰκουμενικὴ
975 4783 1192 4845 σύνοδος
1225 4784 1426 4849 ἑτέραν
1450 4780 1637 4833 πίστιν
1672 4781 1860 4849 μηδενὶ
1885 4779 2023 4844 ἐξεῖ-

445 4900 536 4934 ναι
572 4881 897 4949 προφέρειν,
945 4873 1043 4928 εἴτ’
1083 4870 1177 4928 οὖν
1228 4872 1651 4943 συγγράφειν,ἣ
1688 4872 2023 4937 συντιθέναι,

444 4973 483 5043 ἦ
519 4973 765 5040 φρονεῖν,
799 4969 835 5039 ἢ
875 4968 1151 5020 διδάσκειν
1201 4966 1427 5035 ἐτέρους
1455 4981 1469 4996 ⁸
1499 4967 1629 5027 τοὺς
1669 4965 1730 5017 δὲ
1777 4964 2041 5033 τολμῶν;“·

444 5080 551 5123 τας
594 5064 627 5132 ἢ
677 5060 993 5113 συντιθέναι
1042 5059 1232 5111 πίστιν
1282 5058 1502 5130 ἑτέραν,
1534 5058 1706 5128 ἤγουν
1750 5056 2025 5126 προκομί-

448 5152 589 5217 ζειν,
628 5152 662 5221 ἢ
697 5152 998 5213 διδάσκειν,
1028 5149 1062 5218 ἢ
1096 5148 1462 5218 παραδιδόναι
1511 5148 1699 5219 ἕτερον
1750 5147 2023 5216 σύμϐολον

443 5245 561 5306 τοῖς
596 5243 876 5295 ἐθέλουσιν
909 5241 1277 5310 ἐπιστρέφειν
1317 5241 1396 5303 εἰς
1430 5241 1730 5308 ἐπίγνωσιν
1760 5238 2023 5309 ἀληθείας

446 5336 507 5403 ἐξ
553 5331 916 5405 Ἑλληνισμοῦ
950 5334 1045 5387 καὶ
1079 5331 1497 5402 ἰουδαῖσμοῢ,ἢ
1533 5332 1593 5397 ἐξ
1624 5332 1821 5401 ἐτέρας
1871 5332 2023 5402 αἰρέ-

451 5444 588 5489 σεως
629 5426 751 5489 οῑας
781 5426 845 5495 δή
890 5442 1049 5490 ποτε,
1090 5424 1339 5487 τούτους,
1368 5424 1416 5476 εἰ
1452 5423 1551 5493 μὲν
1584 5424 1875 5477 ἐπίσκοποι
1910 5421 2023 5476 εἶεν

449 5519 480 5587 ἢ
514 5516 798 5586 κληρικοί,
834 5514 1153 5584 ἀλλοτρίους
1196 5508 1341 5567 εἶναι
1382 5514 1510 5576 τοὺς
1556 5515 1892 5577 ἐπισκόπους
1924 5517 2022 5585 τῆς

450 5612 787 5680 ἐπισκοπῆς,
822 5608 917 5661 καὶ
967 5610 1095 5671 τοὺς
1141 5608 1442 5679 κληρικοὺς
1477 5608 1571 5660 τοῦ
1618 5608 1852 5679 κλήρου’
1882 5613 1931 5662 εἰ
1965 5610 2021 5662 δὲ

453 5705 786 5775 μονάζοντες
822 5704 856 5772 ἦ
894 5703 1075 5757 λαῖκοὶ
1124 5700 1255 5771 εἶεν,
1301 5702 1824 5772 ἀναθεματίςεσθλι.
1865 5703 2021 5756 Μετὰ

2051 4414 2098 4469 D

2124 3152 2426 3206 secundum
2452 3151 2844 3207 humanitatem
2875 3153 3141 3224 genitum,
3164 3167 3330 3206 unum
3357 3160 3413 3205 et
3451 3149 3705 3204 eumdem

2122 3241 2307 3300 Jcsum
2340 3242 2612 3299 Christum
2638 3244 2834 3299 Filium
2857 3257 2912 3301 et
2935 3245 3229 3300 Dominum
3274 3240 3615 3313 unigenitum
3650 3243 3704 3297 in

2124 3334 2339 3390 duabus
2366 3336 2576 3391 naturis
2604 3336 2909 3402 ineonfuse,
2963 3337 3401 3402 immutabililer,
3436 3334 3697 3398 indivise,

2125 3422 2593 3494 insegregabiliter
2651 3427 2928 3495 cognitum
2996 3436 3159 3496 atque
3221 3425 3690 3495 deprwdicatum:

2126 3514 2546 3586 haudquaquam
2586 3527 2903 3571 naturarum
2949 3516 3310 3572 differentiam
3352 3516 3555 3570 unione
3584 3516 3688 3570 tol-

2124 3610 2291 3672 lente,
2320 3608 2417 3662 sed
2481 3610 2868 3679 proprietatem
2929 3610 3111 3680 potius
3160 3610 3443 3679 utriusque
3472 3615 3682 3661 natura:

2123 3707 2505 3765 conservante,
2525 3701 2717 3769 quaain
2745 3716 3030 3771 personam
3058 3716 3222 3755 unam
3247 3700 3529 3755 concurrit
3551 3717 3564 3752 :
3584 3713 3692 3752 non
3770 3724 3773 3725 ν

2122 3790 2290 3844 veluti
2322 3791 2376 3844 in
2429 3791 2566 3847 duas
2611 3807 2868 3861 personas
2916 3793 3262 3862 dispertitum
3294 3800 3390 3845 aut
3437 3791 3700 3851 divisum.

2122 3882 2217 3937 sed
2263 3898 2433 3936 unum
2491 3892 2547 3937 et
2599 3885 2852 3939 eumdem
2887 3884 3084 3939 Filium
3139 3885 3479 3955 unigenitum
3532 3882 3699 3936 Deum

2122 3970 2360 4027 Verbum
2381 3972 2666 4026 Dominum
2698 3983 2946 4028 nostrum
2967 3975 3153 4030 Jesum
3173 3974 3447 4029 Christum
3477 3990 3490 4027 :
3515 3989 3702 4041 quem-

2122 4060 2417 4116 admodum
2464 4063 2773 4132 antiquitus
2824 4066 3123 4135 prophetae,
3174 4075 3230 4120 et
3268 4065 3383 4133 ipse
3418 4065 3485 4116 de
3508 4064 3690 4130 scipsu

2122 4166 2223 4206 nos
2259 4151 2445 4205 docuit
2477 4151 2751 4221 Christus,
2787 4166 2841 4210 et
2890 4157 3205 4227 Symbolum
3260 4155 3484 4209 Patrum
3542 4156 3701 4211 nobis

2123 4241 2368 4296 tradidit.
2412 4262 2432 4295 ι

2618 4357 2779 4428 597
2818 4357 3045 4435 CAPUT
3096 4357 3206 4413 vn.

2320 4472 2396 4526 De
2431 4472 2648 4542 reliquis
2674 4474 2845 4541 rebus,
2873 4490 3004 4543 quas
3034 4476 3265 4547 synodus
3290 4479 3499 4533 statuit.

2198 4586 2293 4642 His
2314 4587 2481 4658 igitur
2500 4603 2623 4642 cum
2644 4604 2773 4643 cura
2791 4599 2844 4644 et
2865 4590 3147 4660 diligentia
3166 4590 3363 4645 omnia
3389 4592 3547 4647 nobis
3565 4607 3701 4647 con-

2126 4680 2353 4747 stitutis,
2388 4695 2574 4735 saneta
2600 4691 2655 4735 ct
2688 4683 3015 4736 universalis
3051 4683 3292 4754 synodus
3322 4684 3585 4749 decrevit,
3631 4693 3696 4739 ut

2126 4773 2335 4828 nemini
2395 4777 2557 4829 liceat
2590 4776 2749 4830 aliter
2789 4776 3016 4839 sentire,
3051 4785 3145 4829 aut
3185 4776 3345 4830 fidem
3382 4776 3539 4829 aliam
3570 4792 3700 4845 pro-

2124 4866 2292 4926 ferre,
2320 4867 2405 4921 vel
2433 4868 2805 4932 conscribere,
2833 4868 2918 4922 vel
2952 4883 3305 4937 componere,
3327 4867 3410 4922 vel
3435 4868 3570 4922 alios
3597 4869 3709 4921 do--

2126 4970 2274 5010 cere.
2321 4957 2646 5027 Quicunque
2679 4970 2860 5012 autem
2914 4958 3032 5013 ausi
3066 4958 3272 5013 fuerint
3322 4959 3483 5014 fidem
3535 4959 3713 5013 aliam

2126 5064 2475 5118 componere,
2499 5061 2591 5104 aut
2618 5050 2880 5118 proferre,
2908 5036 3001 5104 aut
3024 5051 3244 5116 docere,
3266 5060 3361 5119 aut
3388 5050 3703 5123 symbolum

2125 5144 2273 5199 aliud
2295 5146 2375 5200 eis
2394 5146 2609 5201 tradere
2625 5146 2717 5215 qui
2737 5160 2801 5199 ex
2819 5146 3005 5201 Graeca
3030 5147 3420 5217 superstitione
3442 5156 3499 5204 et
3517 5147 3713 5203 Judai»

2124 5256 2265 5306 smo,
2297 5241 2380 5295 vel
2407 5240 2513 5294 alia
2576 5256 2907 5310 quacunque
2952 5241 3145 5297 haeresi
3170 5252 3499 5297 convertere
3548 5258 3605 5296 se
3631 5242 3712 5295 ad

2126 5332 2373 5389 veritatis
2399 5332 2769 5403 cognitionem
2802 5332 3097 5397 voluerint,
3142 5348 3261 5399 eos,
3285 5332 3555 5402 siquidem
3578 5333 3707 5401 epi~

2124 5426 2275 5495 scopi
2309 5436 2401 5479 aut
2421 5426 2606 5481 clerici
2635 5425 2860 5493 fuerint,
2881 5427 2948 5482 ab
2971 5427 3290 5497 episcOpatu
3313 5437 3369 5480 et
3392 5426 3540 5479 clero
3559 5423 3709 5475 alie‘

2127 5520 2348 5582 nos,sin
2367 5528 2547 5574 autem
2571 5520 2822 5575 monachi
2852 5520 3088 5575 autlaici
3116 5521 3340 5581 fuerint,
3363 5515 3711 5572 anathemati

2126 5611 2403 5680 subjectos
2432 5626 2550 5666 esse
2579 5612 2803 5667 debere.
2829 5610 2958 5667 Post
2989 5619 3102 5667 haec
3129 5613 3429 5680 imperator
3464 5608 3703 5662 Marcia-

2124 5721 2250 5769 nus,
2306 5704 2397 5775 qui
2445 5705 2655 5773 synodo
2719 5705 2989 5771 interfuit,
3040 5705 3127 5759 ubi
3173 5720 3233 5758 ea
3270 5719 3390 5768 qua-
3422 5718 3519 5767 par
3548 5709 3685 5755 erat,
