4070 6204
357 268 426 330 ιτ
807 247 814 252 ”
1603 269 2027 331 NlCEl‘llORI
2067 272 2409 332 CALLISTI
3565 272 3637 333 es

354 399 454 451 pro
476 383 737 439 concione
760 382 917 449 dixit,
940 385 993 440 in
1013 384 1350 454 imperialem
1375 393 1457 439 est
1473 398 1724 438 reversus
1748 381 1953 434 aulam.

2061 382 2114 434 δέ
2163 383 2321 436 τοῦτο
2369 389 2462 436 καὶ
2501 383 2754 452 βασιλεὺς
2803 383 2978 446 αὖτίς.
3013 380 3333 453 Μαρκιανὸς
3382 382 3489 435 ἀνὰ
3538 385 3636 450 τὴν

357 477 611 547 Synodus
663 487 848 531 autem
910 478 1349 533 controversiam
1403 491 1632 546 quoque
1670 491 1792 545 quae
1843 474 1951 527 Ma-

357 553 504 624 ximo
557 570 750 624 Domni
798 571 851 624 in
884 570 1116 624 ecclesia
1151 569 1492 623 Antiochena
1524 565 1848 628 successori,
1897 574 1952 618 et

355 663 608 717 Juvenali
664 659 1160 732 Hierosolymitano
1184 662 1467 732 episcopo,
1516 661 1584 715 de
1637 657 1950 729 provincia-

361 769 478 806 rum
511 753 709 807 finibus
733 754 1063 811 intercessit.
1082 753 1181 807 rite
1205 762 1260 807 et
1285 752 1477 808 ordine
1501 751 1721 806 decidit.
1748 749 1952 804 Adhzec

357 851 412 894 et
459 841 842 897 Theodoretus
915 851 972 896 et
1028 843 1149 897 lhas
1184 843 1412 897 thronos
1441 857 1571 896 suos
1603 850 1949 909 receperunt.

357 931 724 986 Coustitutum
777 933 942 987 etiam
973 933 1070 998 ibi,
1124 943 1184 985 ut
1227 933 1385 988 sedes
1423 948 1574 987 nova:
1637 933 1824 987 Romae
1865 947 1951 986 sc-

358 1022 613 1078 cuudasa
637 1024 807 1078 veteri
836 1023 1028 1089 Ronta,
1054 1023 1122 1078 ab
1145 1023 1267 1078 aliis
1289 1034 1471 1080 autem
1509 1023 1724 1077 thronis
1746 1023 1950 1092 primas

361 1115 554 1170 ferret.
604 1116 848 1169 Plurima
907 1116 1134 1187 insuper
1187 1119 1290 1173 alia
1320 1119 1373 1170 in
1408 1116 1641 1170 concilio
1673 1115 1776 1169 hoc
1805 1125 1948 1179 acta,

361 1222 483 1273 qua:
505 1206 690 1259 omnia
716 1206 873 1261 initio
895 1207 1057 1261 altius
1089 1208 1344 1276 repetito.
1365 1207 1418 1259 in
1450 1206 1554 1259 fine
1581 1205 1742 1275 hujus
1787 1204 1944 1268 torni,

361 1314 464 1365 pro
499 1315 563 1353 eo
594 1309 758 1369 atque
795 1310 989 1370 potero
1023 1302 1279 1356 oratione
1309 1299 1631 1369 persequar,
1673 1309 1726 1352 ut
1759 1298 1990 1367 quivis-

366 1392 572 1447 clarius
595 1407 683 1445 res
709 1391 781 1446 ibi
809 1401 994 1462 gestas
1021 1401 1340 1462 cognoscat.
1377 1387 1763 1462 Importunum
1786 1407 1944 1443 nam-

365 1500 472 1553 que
535 1484 944 1554 quodammodo
985 1500 1103 1539 esse
1146 1483 1299 1550 duxi,
1329 1485 1373 1538 si
1423 1485 1476 1538 in
1520 1484 1808 1554 przesentia
1850 1496 1948 1535 eas

365 1573 650 1638 referrem,
688 1590 756 1628 ne
800 1575 1087 1630 historiam
1149 1583 1466 1645 perpetuam
1527 1573 1943 1643 iuterpolarem.

366 1669 485 1732 Qua
519 1669 682 1722 etiam
717 1668 784 1722 de
815 1683 980 1723 causa
1012 1669 1190 1723 fusius
1213 1683 1277 1724 ea
1307 1683 1455 1722 nunc
1506 1677 1738 1721 tractare
1768 1665 1944 1719 nolui.

368 1760 606 1815 Proinde
654 1754 748 1829 qui
805 1771 998 1815 exacte
1045 1761 1237 1832 synodi
1274 1761 1434 1815 istius
1492 1774 1582 1814 res
1617 1773 1951 1829 cognoscere

368 1851 546 1918 ('ttpil,
610 1849 1064 1918 compendiosam
1116 1851 1263 1904 illam
1307 1851 1701 1916 narrationem,
1740 1869 1859 1920 qum
1883 1854 1952 1907 ad

379 1943 540 1994 tinem
577 1940 912 2009 quindecimi
976 1941 1142 2009 hujus
1193 1942 1316 1995 libri
1383 1942 1592 2012 adjecta
1633 1953 1734 2008 est,
1774 1946 1937 2013 legat.

373 2032 532 2084 Nunc
553 2047 718 2099 porro
741 2033 806 2085 ad
843 2032 1129 2086 historiam
1160 2035 1585 2088 continuandam
1621 2037 1959 2105 progrediar.

2057 474 2277 528 σύνοδον
2331 475 2594 542 γεγονὼς,
2635 476 2700 528 τὰ
2756 477 2944 528 εἰκότα
2989 475 3412 543 δημηγορήσας,
3454 475 3634 526 ἐπανη

2055 567 2192 636 ἧκεν
2239 563 2396 630 αὖθις
2423 570 2478 631 ἐς
2507 568 2575 621 τὰ
2621 568 2888 638 βασίλεια.
2944 566 3003 619 ἸΙ
3037 568 3091 620 δέ
3121 565 3341 628 συνόδος
3381 565 3478 618 καὶ
3511 566 3639 633 περὶ
3722 583 3728 589 ·

2055 661 2168 713 τῶν
2198 660 2529 730 συμϐάντων
2560 659 2800 730 Μαξίμῳ
2827 677 2891 713 τε
2921 659 2998 728 τῷ
3041 659 3404 726 Ἀντιοχείας,
3428 658 3486 718 ὃς
3518 658 3638 712 διά-

2054 753 2211 822 δοχος
2241 753 2449 820 Δόμνου
2489 751 2813 814 καθίστατο,
2853 751 2947 803 καὶ
2995 748 3334 817 Ἰουϐεναλίῳ
3361 749 3438 816 τῷ
3476 747 3640 819 Ἰερο-

2059 843 2185 895 σολύ
2198 861 2334 911 μων,
2367 859 2432 894 πε
2447 843 2496 910 pi.
2527 842 2669 913 ὅρων
2703 841 3010 910 ἐπαρχιῶν,
3039 840 3225 902 καλῶς
3255 840 3348 892 καὶ
3369 840 3442 902 ώς
3466 840 3640 910 ἐχρῆν

2055 932 2388 1001 διῳκήσατο.
2452 930 2579 984 Ἐπὶ
2630 929 2694 997 δὴ
2745 931 2960 992 τούτοις
3011 929 3106 983 καὶ
3156 928 3507 997 Θεοδώρητος
3542 931 3638 982 καὶ

2057 1024 2211 1086 Ἶϐας
2260 1023 2388 1084 τοὺς
2433 1007 2678 1082 οἰκείους
2715 1020 2940 1089 θρόνους
2978 1019 3270 1074 ἀπέλαϐον.
3329 1021 3535 1074 Ἐδόκει
3579 1020 3636 1072 δὲ

2053 1114 2228 1182 ταύτῃ
2260 1113 2357 1166 καὶ
2384 1114 2475 1165 τὸν
2507 1111 2696 1182 θρόνον
2727 1115 2827 1182 τῆς
2861 1111 2990 1174 νέοις
3030 1109 3255 1180 Ῥώμης
3287 1112 3351 1163 ἐκ
3377 1111 3485 1162 τῶν
3513 1111 3636 1164 δευ-

2055 1206 2286 1275 τερείων
2320 1205 2416 1273 τῆς
2451 1204 2839 1274 πρεσϐυτέρας
2896 1202 3117 1270 Ῥώμης
3164 1203 3273 1253 τῶν
3320 1202 3498 1256 ἄλλων
3537 1206 3632 1272 φέ-

2055 1297 2245 1366 ρεσθαι
2274 1295 2344 1348 τὰ
2365 1297 2628 1365 πρωτεῖα.
2659 1295 2768 1347 Καὶ
2794 1294 2958 1358 ’ἐτερα
2988 1293 3044 1345 δὲ
3080 1294 3310 1346 πλεῖστα
3334 1298 3399 1364 τῇ
3426 1298 3628 1367 συνόδῳ

2053 1391 2362 1458 κεκίνηται,
2389 1387 2424 1441 ἂ
2454 1388 2517 1458 δὴ
2556 1389 2734 1442 πάντα
2767 1386 2972 1441 ἄνωθεν
2995 1386 3302 1452 ἀναλαϐὼν,
3331 1387 3404 1450 ὡς
3433 1383 3544 1443 οἷόν
3575 1408 3632 1442 τε

2053 1480 2474 1554 ἐπιδραμοῦμαι
2505 1482 2582 1550 τῷ
2613 1481 2760 1550 λόγῳ
2797 1481 2935 1550 μετὰ
2969 1480 3068 1550 τὴν
3113 1480 3207 1533 τοῦ
3242 1483 3516 1552 παρόντος
3547 1487 3635 1536 τό-

2055 1592 2158 1646 μου
2188 1571 2586 1642 συμπλήρωσιν
2609 1587 2626 1604 ο
2663 1572 2730 1624 ἶν’
2758 1570 2853 1641 ἐξῇ
2882 1572 2960 1641 τῷ
2990 1571 3308 1642 βουλομένῳ
3340 1575 3633 1642 γινώσκειν

2056 1668 2166 1718 τῶν
2205 1663 2565 1735 πραχθέντων
2615 1662 2713 1731 τὴν
2753 1662 3009 1730 δήλωσ.ν.
3044 1665 3308 1735 Ἀκαιρον
3356 1666 3464 1735 γάρ
3521 1686 3638 1730 πως

2059 1747 2248 1829 ᾠήθην
2274 1761 2366 1812 ἐπὶ
2393 1758 2487 1811 τοῦ
2515 1758 2787 1826 παρῧντος
2817 1756 3013 1821 θεῖναι,
3046 1759 3136 1811 ἵνα
3165 1758 3240 1829 μὴ
3270 1759 3329 1811 τὸ
3359 1761 3460 1829 τῆς
3494 1762 3638 1815 irco-

2067 1851 2187 1920 ρίας
2243 1850 2465 1919 συνεχὲς
2521 1845 2789 1916 διακξψω.
2844 1848 3014 1901 Τοῦδε
3052 1850 3161 1918 γὰρ
3200 1852 3387 1904 εἵνεκα
3429 1855 3540 1906 οὐδ’
3583 1855 3636 1917 ἐς

2068 1945 2268 2004 πλάτος
2323 1941 2638 2008 ἐπεξελθεῖν
2672 1943 2768 1994 ἐπὶ
2813 1940 2910 1993 τοῦ
2962 1943 3228 2012 παρόντος
3272 1944 3384 1997 δεῖν
3435 1947 3634 2012 ἔγνων.

2073 2035 2238 2089 Ὅθεν
2279 2037 2305 2087 ὁ
2335 2034 2594 2104 τᾲκριϐἐς
2629 2035 2728 2104 τῆς
2777 2035 2998 2086 συνόδου
3036 2033 3228 2102 μαθεῖν
3259 2035 3634 2106 ὀριγνώμενος

367 2126 488 2178 κατ’
529 2128 707 2178 ἐκεῖνο
745 2127 844 2195 τῆς
894 2129 1169 2198 ἐπιτομῆς
1202 2130 1320 2195 ἴτω,
1366 2130 1502 2199 πρὸς
1539 2130 1615 2199 τῷ
1659 2131 1804 2182 τέλει
1852 2129 1945 2183 τοῦ
1988 2132 2264 2199 παρόντος
2327 2128 2823 2182 πεντεκαιδεκάτου
2866 2128 3056 2197 τόμον,
3079 2121 3223 2199 ᾗπερ
3287 2129 3628 2199 μοιείρηται,

366 2221 648 2288 κείμενον.
698 2220 840 2288 Ἐγὼ
874 2221 918 2274 δ’
951 2222 1043 2273 ἐπὶ
1079 2222 1140 2274 τὸ
1177 2223 1399 2292 συνεχὲς
1433 2223 1533 2292 τῆς
1572 2223 1818 2291 ἱστορίας
1852 2223 2215 2294 πορεύσομαι.

882 2338 1048 2409 593
1075 2339 1301 2397 CAPUT
1325 2341 1458 2398 vui.

370 2428 448 2482 De
494 2430 745 2483 seditione
787 2431 1164 2504 dlexandriw.
1206 2446 1420 2504 propter
1453 2435 1690 2490 Proterii
1741 2453 1952 2491 succeso

633 2504 772 2555 coris
803 2502 1041 2557 Dioscori
1070 2502 1460 2560 ordinationem
1488 2518 1692 2560 coorta.

445 2684 667 2754 Synodo
693 2684 821 2738 huic
843 2683 1147 2740 interfuere
1196 2702 1265 2740 ex
1291 2688 1465 2743 veteri
1495 2687 1664 2742 Roma
1706 2687 1954 2742 Pasrasi-

370 2793 497 2841 nus,
561 2779 876 2846 Loceutius,
936 2790 992 2836 et
1054 2782 1389 2851 Bonifacius,
1439 2785 1639 2840 Leonis
1723 2785 1955 2840 Romani

373 2870 639 2925 antistitis
667 2871 848 2926 locum
917 2874 1254 2929 obtinentes.
1312 2875 1564 2932 Interfuit
1593 2889 1645 2933 et
1673 2879 1962 2934 Anatolius

372 2977 527 3016 nova:
577 2961 765 3017 Roma:
818 2964 1134 3034 episcopus,
1191 2966 1459 3022 Maximus
1543 2970 1846 3024 Autiochim
1887 2973 1956 3026 ad

326 3105 333 3116 ,
373 3055 966 3119 OrontemJuvenalis
995 3058 1529 3130 Hierosolymorum,
1563 3071 1618 3114 et
1677 3063 1790 3132 ipse
1822 3063 1954 3116 Dio-

371 3165 568 3205 scorus
599 3149 963 3215 Alexandriae,
991 3151 1291 3220 praesules:
1317 3152 1433 3220 qui,
1475 3153 1639 3207 sicuti
1687 3155 1953 3218 diximus,

373 3251 787 3307 exauctoratus,
828 3253 880 3298 et
908 3244 973 3298 ad
1027 3244 1282 3301 exsilium
1316 3246 1627 3311 damnatus,
1671 3246 1959 3317 Gangren-

371 3352 485 3390 sem
513 3337 788 3406 regionem
819 3337 872 3390 in
904 3338 1268 3408 Paphlagonia
1325 3339 1568 3400 incolere
1602 3349 1686 3393 est
1737 3341 1956 3410 jussus.

373 3429 544 3483 Porro
567 3427 944 3498 episcopatum
999 3429 1429 3486 Alexandrinum
1456 3431 1736 3485 communi
1763 3434 1958 3502 synodi

374 3533 646 3573 consensu
672 3519 894 3574 divinus
946 3519 1231 3576 Proterius
1279 3522 1510 3576 sortitus
1561 3529 1667 3577 est.
1727 3521 1792 3576 Et
1832 3540 1956 3578 cum

377 3609 698 3664 isthronum
728 3626 888 3664 suum
921 3610 1212 3680 reciperet,
1243 3612 1437 3682 ingens
1484 3614 1830 3670 multitudini
1868 3618 1957 3670 in-

377 3702 543 3757 cessit
585 3714 884 3769 certamen,
919 3704 1077 3758 turba
1115 3713 1172 3758 et
1220 3706 1511 3769 tumultus,
1547 3708 1741 3775 vulgus
1768 3710 1823 3764 in
1856 3728 1949 3765 va-

377 3797 490 3849 rias
548 3795 808 3848 Scindens
883 3796 1210 3850 sententias.
1287 3797 1763 3862 Quemadmodum
1810 3804 1956 3858 enim

378 3884 715 3956 ejuseemodi
745 3885 1087 3954 temporibus
1114 3887 1336 3940 evenire
1395 3889 1551 3952 solet,
1583 3890 1673 3944 alii
1721 3891 1958 3955 fortiter,

380 3992 504 4046 qua:
573 3977 806 4030 maxima
835 3994 960 4047 pars
1004 3987 1144 4042 erat,
1177 3993 1377 4032 novum
1404 3990 1678 4048 pastorem
1701 3982 1959 4038 defende-

381 4070 515 4124 bant
543 4069 700 4124 :aliis
734 4070 1048 4126 Dioscorus
1078 4071 1468 4128 ecclesiastica:
1533 4073 1830 4142 provincia:
1863 4077 1959 4130 ad—

381 4160 756 4216 ministranda:
778 4161 1010 4216 idoneus
1045 4161 1216 4231 magis
1243 4178 1366 4217 esse
1398 4163 1712 4220 videbatur.
1749 4167 1816 4221 Et
1869 4184 1958 4223 res

381 4255 439 4308 in
493 4269 752 4323 magnum
780 4253 1080 4309 discrimen
1119 4256 1409 4323 processit.
1471 4255 1690 4313 Priscus
1721 4273 1958 4328 namque

379 4356 569 4401 orator
617 4347 670 4401 in
732 4347 976 4402 historiis
1031 4348 1148 4402 suis
1174 4363 1231 4403 se
1284 4365 1352 4402 eo
1388 4361 1638 4418 tempore
1673 4350 1958 4405 scrib.tex

2666 2343 2706 2394 K
2724 2342 2920 2395 ΕΦΛΛ.
2963 2338 3042 2395 ll'.

2060 2435 2200 2500 Πὲρὶ
2255 2433 2364 2500 τῆς
2427 2433 2755 2502 γενομένης
2795 2435 2864 2487 ἐν
2899 2433 3314 2502 Ἀλεξανδρείᾳ
3367 2433 3638 2500 στάσεως

2127 2506 2226 2559 διὰ
2254 2506 2369 2572 τὴν·
2395 2507 2774 2573 χειροτονίαν
2798 2505 3118 2572 Προτερίου
3151 2505 3258 2559 τοῦ
3285 2505 3433 2574 μετὰ
3463 2509 3638 2559 Διόσ-

2129 2592 2334 2643 κορον.

2125 2681 2310 2738 Ἦσαν
2363 2685 2462 2754 μὲν
2509 2683 2604 2738 οὖν
2651 2683 2987 2756 πληροῦντες
3028 2684 3128 2756 τὴν
3177 2687 3396 2740 σύνοδον
3430 2687 3493 2740 ἐκ
3539 2688 3639 2756 μὲν

2058 2775 2158 2845 τῆς
2191 2777 2570 2845 πρεσϐυτέρας
2610 2775 2832 2846 Ῥώμης
2891 2779 3234 2840 Πασκασῖνός
3269 2797 3324 2830 τε
3356 2779 3451 2832 καὶ
3495 2781 3638 2832 Aou-

2061 2870 2274 2930 κὲνσιος
2322 2871 2416 2923 καὶ
2450 2869 2792 2938 Βονιφάτιος,
2820 2869 2913 2922 τὸν
2944 2870 3110 2922 τόπον
3137 2871 3430 2940 ἐπέχοντες
3471 2871 3638 2924 Λέον-

2059 2980 2149 3026 τος
2183 2963 2278 3017 τοῦ
2331 2962 2551 3034 Ῥώμης
2601 2963 2875 3034 προέδρου
2904 2979 2918 2994 ·
2959 2963 3146 3034 παρῆν
3183 2964 3240 3016 δὲ
3278 2966 3372 3032 καὶ
3420 2964 3637 3016 ’Λνατό-

2061 3055 2171 3116 λιος
2202 3056 2227 3108 ὁ
2253 3057 2352 3124 τῆς
2379 3057 2506 3119 νέας
2540 3055 2769 3126 Ῥώμης
2796 3057 3126 3120 ἐπίσκοπος,
3155 3057 3412 3126 Μάξιμος
3434 3075 3491 3109 τε
3521 3059 3641 3110 ’Λν-

2059 3149 2302 3218 τιοχείας
2357 3150 2456 3218 τῆς
2507 3151 2646 3219 πρὸς
2691 3149 2769 3218 τῷ
2823 3147 3074 3219 Ὀρόντῃ,
3137 3150 3494 3212 Ὶουϐενάλιός
3522 3169 3577 3202 τε
3612 3154 3640 3204 ὁ

2070 3240 2491 3310 Ἱεροσολύμων,
2517 3241 2612 3292 καὶ
2649 3240 2812 3302 αὐτὸς
2841 3241 3134 3310 Διόσκορος
3163 3239 3260 3310 τὴν
3285 3239 3639 3311 Ἀλεξάνδρου

2061 3331 2399 3400 ἱερατεύων’
2451 3329 2512 3384 οὗ
2547 3331 2642 3383 καὶ
2679 3316 3126 3396 καθαιρεθέντος,
3158 3331 3233 3394 ὡς
3268 3334 3510 3402 εἴρηται»
3547 3337 3642 3387 καὶ

2061 3423 2241 3494 χώραν
2267 3423 2370 3494 τὴν
2402 3423 2741 3492 Γαγγρηνών
2789 3423 2898 3474 τῶν
2949 3423 3326 3491 Παφλαγόνων
3373 3442 3641 3494 κατακριο

2060 3519 2245 3581 θέντος
2291 3519 2482 3581 οἰκεῖν,
2512 3518 2541 3570 ὁ
2573 3515 2717 3578 θεῖος
2757 3516 3054 3584 ΙΙροτέριος
3083 3516 3251 3586 ψήφῳ
3284 3519 3380 3585 τῆς
3415 3520 3641 3571 συνόδου

2060 3610 2213 3678 κοινῇ
2247 3607 2344 3677 τὴν
2375 3607 2485 3659 τῶν
2525 3606 2929 3679 ’Δλεξανδρέων
2982 3607 3290 3678 ἐπισκοπὴν
3316 3609 3639 3678 ἐκληροῦτο.

2073 3697 2225 3750 Ἐπεὶ
2269 3693 2364 3751 οὖν
2397 3697 2491 3751 τὸν
2537 3699 2741 3752 οίκείον
2789 3699 2980 3770 θρόνον
3027 3699 3316 3764 κατέλαϐε,
3351 3699 3520 3770 πολλή
3557 3719 3642 3763 τις

2061 3789 2303 3858 εἰσέῥρει
2336 3789 2406 3842 τὰ
2447 3789 2628 3860 πλήθη
2668 3789 2996 3860 ἀμφιϐολία,
3029 3793 3243 3862 ταραχή
3295 3810 3356 3844 τε
3392 3794 3507 3862 ἅμα
3546 3797 3642 3848 καὶ

2061 3878 2294 3948 θόρυϐος
2327 3879 2465 3950 πρὸς
2512 3879 2809 3948 διαφόρους
2858 3879 3086 3949 γνώμας
3120 3880 3478 3948 διαμερίζων.
3531 3881 3641 3933 Καὶ

2059 3966 2258 4040 οἷάπερ
2282 3974 2394 4034 τοῖς
2420 3972 2686 4034 τοιούτοις
2713 3973 2860 4041 φιλεῖ
2888 3973 3166 4037 γίνεσθαι,
3187 3974 3236 4022 οἱ
3267 3973 3365 4040 μὲν
3392 3971 3485 4023 τοῦ
3517 3973 3637 4025 νέου

2061 4067 2319 4134 ποιμένος
2349 4065 2619 4132 γεννικῶς
2654 4065 2800 4136 μάλα
2823 4063 3156 4133 ἀντείχοντο,
3189 4067 3299 4127 τοῖς
3322 4064 3379 4116 δὲ
3411 4064 3638 4117 Διόσκοο

2062 4173 2153 4225 ρος
2199 4156 2405 4222 μᾶλλον
2453 4155 2634 4208 ἐδόκει
2669 4155 3077 4226 ἁρμοδιώτερος
3101 4171 3117 4187 ο
3150 4159 3246 4207 καὶ
3277 4157 3358 4216 είς
3395 4157 3544 4226 μέγα
3577 4157 3639 4209 τὸ

2059 4248 2237 4302 δεινὸν
2267 4247 2541 4318 ἐπεχώρει
2562 4266 2577 4280 ·
2610 4249 2848 4320 Πρίσκος
2879 4248 2988 4319 γάρ
3017 4265 3185 4318 φησιν
3215 4251 3243 4304 ὁ
3277 4250 3464 4320 ῥήτωρ
3494 4252 3642 4302 ίστο-

2065 4341 2195 4411 ρῶν,
2233 4340 2538 4412 τηνικαῦτα
2583 4343 2646 4394 ἐκ
2679 4341 2780 4411 τῆς
2818 4342 3093 4412 ἐπαρχίας
3130 4341 3386 4410 Θηϐαίων
3433 4343 3514 4405 είς
3542 4346 3644 4410 τὴν

383 4437 744 4491 Thebazorum
776 4439 1057 4506 provincia
1079 4439 1464 4494 Alexandriam
1495 4441 1732 4507 venisse,
1761 4452 1818 4496 et
1842 4452 1955 4495 tur-

2074 4433 2492 4506 ’Ᾱλεξάνδρειαν
2525 4434 2726 4500 ἐλθεῖν,
2758 4436 2854 4506 καὶ
2897 4435 2992 4486 τὸν
3035 4433 3206 4488 πολὺν
3252 4435 3410 4504 ὄχλον
3437 4433 3642 4486 θεασα-

380 4529 508 4584 bam
538 4529 810 4597 ingentem
859 4529 1085 4595 vidisse,
1112 4531 1440 4585 seditionem
1470 4533 1735 4587 adversus
1790 4535 1961 4601 magi-

380 4630 588 4677 stratus
611 4629 919 4674 moventem
941 4636 955 4674 :
975 4630 1174 4675 etcum
1200 4622 1402 4676 milites
1425 4622 1675 4677 inhibere
1694 4640 1812 4678 eam
1830 4641 1958 4678 cou-

384 4711 704 4774 tenderent,
764 4724 865 4779 pro
904 4710 1050 4776 telis,
1101 4710 1250 4765 saxis
1281 4710 1431 4779 ipsis,
1456 4727 1578 4782 quae
1607 4727 1674 4767 ex
1713 4723 1961 4783 tempore

383 4808 584 4876 passim
611 4803 852 4876 iacentia
883 4803 1084 4873 rapuit,
1138 4817 1313 4867 usam,
1346 4803 1467 4858 illos
1523 4802 1711 4873 fugere
1738 4819 1962 4871 compn-

381 4898 536 4962 lisse,
565 4899 629 4948 all
671 4898 934 4965 templqu
960 4893 1106 4963 quod
1139 4895 1268 4948 olim
1307 4894 1590 4964 Serapidis
1619 4910 1821 4949 nomen
1863 4895 1963 4949 ha-

385 4990 523 5044 buit.
588 4988 715 5043 Fuit
766 5000 949 5042 autem
976 4989 1198 5057 Serapis
1245 4987 1480 5057 Jupiter,
1511 4999 1606 5042 aut
1653 4989 1832 5053 Nilus,
1861 4999 1957 5043 aut

382 5081 514 5151 Apis
539 5082 636 5150 (l),
657 5079 878 5150 quidam
907 5079 958 5133 in
991 5080 1123 5134 urbe
1166 5079 1516 5148 Memphitica
1551 5081 1658 5143 vir,
1679 5081 1772 5149 qui
1803 5080 1962 5136 famis

383 5184 631 5242 tempore
665 5176 732 5227 de
756 5189 855 5228 suo
895 5174 1275 5228 Alexandrinis
1309 5173 1644 5228 frumentum
1681 5173 1961 5228 submini-

381 5267 594 5322 Stravit.
624 5267 681 5320 Ei
712 5283 840 5321 vero
862 5267 1120 5322 defuncto
1149 5266 1410 5336 templum
1438 5277 1492 5321 et
1511 5273 1750 5320 statuam
1769 5279 1963 5319 sacra-

384 5369 534 5423 runt,
569 5363 621 5414 in
652 5377 761 5430 quo
817 5360 983 5414 etiam
1026 5361 1121 5414 bos
1150 5359 1388 5430 insignia
1418 5358 1666 5428 quaedam
1704 5369 1760 5413 et
1798 5371 1959 5413 notas

384 5450 595 5506 habens
617 5451 855 5506 nutritus
876 5463 983 5514 est,
1013 5452 1066 5505 in
1097 5451 1464 5521 agriculturze,
1496 5462 1762 5521 quantum
1791 5453 1961 5520 conji-

461 5613 536 5682 (l)
559 5611 715 5665 Suid.
738 5611 912 5675 addit,
932 5621 1024 5666 aut
1047 5609 1259 5680 Ioseph.
1309 5611 1517 5682 Scribit
1555 5611 1599 5666 is
1625 5626 1870 5680 quoque,
1903 5611 1959 5666 in

387 5686 571 5753 capite
615 5683 733 5753 ejus
755 5683 920 5737 fuisse
947 5683 1190 5739 modium
1224 5690 1279 5739 ct
1301 5681 1694 5752 cubitum,qno
1721 5682 1955 5736 Alexan-

2067 4527 2192 4580 σθαι
2229 4528 2375 4598 μάλα
2406 4526 2773 4592 στασιάζοντα
2807 4527 2947 4596 πρὸς
2973 4527 3035 4580 τὸ
3066 4526 3336 4596 ὑπερέχον
3357 4544 3370 4556 ο
3405 4527 3500 4577 καὶ
3531 4523 3639 4575 τῶν

2066 4621 2420 4690 στρατιωτῶν
2467 4620 2895 4691 ἐπιχειρούντων
2943 4620 3286 4680 διακωλύειν,
3315 4617 3638 4686 ἀμυντηρὲῳ

2065 4715 2129 4766 ἐκ
2154 4711 2250 4764 τοῦ
2288 4714 2472 4782 σχεδὸν
2520 4716 2634 4776 τοῖς
2677 4713 3037 4782 ἐρριμμένοις
3077 4711 3186 4762 τῶν
3229 4711 3393 4760 λίθων
3429 4709 3641 4778 χρήσα-

2067 4803 2191 4853 σθαι
2216 4817 2230 4831 ο
2261 4806 2356 4853 καί
2392 4801 2689 4857 συνελάσαι
2722 4807 2852 4872 περὶ
2883 4802 2943 4854 τὸ
2979 4800 3123 4869 ἱερὸν
3153 4799 3182 4851 ὃ
3215 4800 3385 4852 πάλαι
3417 4799 3513 4851 τοῦ
3540 4800 3638 4852 Σε-

2067 4893 2294 4964 ράπιδος
2338 4893 2513 4965 ὄνομα
2562 4891 2701 4964 εἶχε.
2741 4896 2978 4965 Σέραπις
3003 4894 3047 4946 δ’
3088 4893 3239 4945 ἐστὶν
3269 4895 3294 4945 ὁ
3325 4893 3482 4958 Ζευς,
3531 4893 3565 4962 ἢ
3616 4895 3644 4945 ὁ

2064 4983 2278 5046 Νειλος,
2309 4983 2342 5053 ἢ
2374 4985 2540 5047 "Am;
2570 5001 2656 5046 τις
2691 4984 2831 5054 ἀνὴρ
2877 4986 2936 5036 ἐν
2965 4983 3218 5052 Μέμφιδι
3252 4984 3438 5035 πόλει·
3475 4983 3532 5043 ὃς
3562 4982 3643 5032 λιι

2068 5075 2170 5146 μού
2207 5076 2502 5146 γενομένου
2534 5078 2598 5128 ἐκ
2629 5075 2737 5129 τῶν
2770 5077 2918 5128 ἰδίων
2971 5073 3420 5142 Ἀλεξανδρεῦσιν
3467 5075 3640 5140 ἐπήρ-

2067 5186 2226 5221 κεσεν
2249 5185 2261 5198 °
2296 5163 2339 5236 ᾧ
2372 5170 2761 5239 τελευτήσαντι
2791 5167 2930 5220 νεὼν
2965 5168 3059 5219 καὶ
3089 5167 3293 5235 στήλην
3331 5166 3638 5235 ἱδρύσαντο·

2066 5263 2199 5314 ὅπου
2235 5261 2302 5332 δὴ
2333 5262 2428 5314 καὶ
2459 5261 2585 5331 βοῦς
2637 5261 2887 5330 ἐπίσημὰ
2939 5277 3064 5311 τινα
3113 5259 3250 5328 ἔχων
3301 5258 3642 5327 διετρέφετο,

2066 5355 2144 5416 εἰς
2178 5352 2466 5421 σύμϐολον,
2485 5353 2561 5416 ώς
2595 5351 2838 5415 είκάσαι,
2871 5353 2969 5421 τῆς
3001 5349 3282 5420 γεωργίας
3304 5367 3317 5381 ·
3344 5350 3403 5402 ὃν
3427 5350 3521 5402 καὶ
3543 5352 3642 5400 αὺ-

2065 5446 2155 5498 τὸν
2192 5445 2362 5498 Ἀπιν
2407 5445 2718 5516 ὁμωνύμως
2753 5445 2831 5516 τῷ
2860 5445 3100 5514 δεσπότῃ
3146 5443 3400 5496 ἐκάλουν.
3445 5442 3556 5513 Τὴν
3587 5442 3647 5496 δὲ

2066 5606 2206 5660 driui
2239 5615 2458 5660 auctum
2489 5606 2596 5662 Nili
2621 5606 2793 5659 mensi
2855 5613 3024 5659 sunt:
3065 5615 3118 5659 et
3177 5603 3439 5673 templum
3485 5601 3536 5656 id
3577 5603 3645 5656 ab

2067 5677 2373 5732 Alexandro
2411 5695 2530 5733 esse
2592 5677 2899 5732 conditum.
