4074 6208
453 275 525 345 31
1691 282 2115 346 NICEPIIORI
2154 286 2241 346 CA
2252 286 2505 348 LLISTI
3642 292 3711 358 32

456 398 710 466 petierat,
746 397 1253 473 Hierosolymorum
1290 399 1549 459 thronum
1585 404 1897 474 occupavit,
1933 404 2029 459 ad-

2142 421 2256 474 μων
2289 405 2605 477 ύφαρπάζει
2657 405 2870 476 θρόνον,
2927 407 3168 479 ἀρωγοῖς
3215 410 3562 482 χρησάμενος
3595 413 3710 475 τοῖς

454 491 732 560 iutoribus
758 507 819 546 ea
850 492 904 547 in
935 496 994 547 re
1019 508 1175 560 usus,
1203 495 1297 561 qui
1326 495 1516 567 synodi
1544 496 2032 553 constitutionibus

457 582 919 648 adversabantur,
944 594 1001 641 et
1027 585 1286 643 Eudocim
1310 588 1780 657 gratiﬁcabantur.
1809 589 1879 645 Et
1906 605 2032 645 cum

458 674 703 745 episcopi
754 677 998 732 nondum
1037 693 1067 733 a
1102 678 1313 752 synodo
1358 680 1566 735 reversi
1609 680 1863 744 fuissent,
1897 681 2035 737 alios

459 764 577 836 ipse
625 766 910 822 ordinatos
976 768 1028 821 in
1078 768 1244 824 urbes
1278 782 1526 839 quasque
1569 769 1741 824 misit.
1779 768 2032 825 Severia-

462 870 593 910 num
629 866 814 910 autem
848 857 1198 929 Scythopolis
1237 859 1584 929 episcopum,
1617 860 1762 929 quod
1793 861 2034 916 malevo-

461 948 643 1002 lentiae
680 948 830 1023 illius
855 949 1139 1018 suffragari
1157 950 1353 1015 nollet,
1401 950 1606 1020 oppido
1645 960 1899 1006 exactum
1953 951 2038 1005 in-

461 1040 699 1098 teremit.
741 1039 985 1110 Magnam
1013 1055 1232 1112 quoque
1270 1041 1441 1096 movit
1484 1043 1945 1111 persecutionem,
1980 1044 2034 1098 in

462 1130 685 1188 civitate
740 1143 965 1200 sancta,
1020 1133 1291 1190 adversus
1335 1148 1433 1189 eos
1480 1132 1575 1202 qui
1625 1134 2036 1190 communicare

470 1238 595 1276 cum
627 1238 694 1277 eo
727 1225 1007 1279 nolebant.
1042 1224 1319 1292 Quosdam
1362 1240 1595 1295 namque
1628 1224 1916 1279 tormentis
1945 1240 2039 1279 ex-

467 1318 756 1384 cruciavit,
792 1319 1069 1389 aliquibus
1119 1319 1483 1376 substantiam
1533 1319 1761 1383 ademit,
1801 1319 2036 1374 aliorum

461 1402 671 1464 aedibus
702 1410 881 1480 ignem
919 1411 1122 1480 iniecit,
1153 1412 1229 1466 ita
1263 1421 1324 1466 ut
1357 1412 1490 1467 urbs
1520 1425 1549 1465 a
1578 1411 1835 1466 barbaris
1881 1420 2037 1479 capta

461 1517 585 1557 esse
621 1502 919 1557 videretur.
969 1502 1044 1557 De
1078 1518 1188 1573 quo
1230 1513 1423 1574 postea
1463 1503 1861 1559 monachorum
1900 1502 2040 1557 ordo

464 1594 533 1648 ad
582 1593 914 1649 Alcisonem‘
951 1596 1164 1652 litteras
1209 1598 1367 1661 dans,
1406 1595 1540 1651 illud
1588 1596 1856 1665 scripsit:
1893 1597 2037 1665 quod

463 1696 590 1754 cum
624 1695 683 1740 ut
718 1687 998 1743 maleﬁcus
1042 1698 1098 1743 et
1138 1689 1400 1759 episcopo
1447 1704 1549 1744 suo
1597 1687 1798 1742 inlidus
1839 1690 2039 1759 depre-

467 1773 675 1830 hensus
723 1790 891 1844 esset,
942 1779 1280 1836 monasterio
1329 1796 1433 1835 suo
1481 1779 1763 1850 expulsus,
1801 1790 1855 1836 et
1907 1780 2037 1850 quia

462 1865 807 1922 Alexandriae
839 1884 1061 1939 quoque
1095 1866 1319 1926 rebellis
1354 1870 1618 1931 Dioscoro
1650 1870 1853 1939 fuerat,
1887 1870 2037 1940 quod

465 1957 795 2015 Verberibus
825 1960 1013 2017 multis
1040 1961 1286 2026 all'ectns,
1320 1972 1580 2033 tanquam
1614 1963 1781 2018 homo
1809 1963 2039 2018 seditio-

463 2063 558 2104 sus
588 2065 687 2120 per
717 2053 907 2108 urbem
939 2054 1193 2109 scabioso
1225 2055 1438 2109 camelo
1470 2053 1715 2110 insidens
1748 2054 2036 2108 traductus

463 2140 560 2196 sit.
592 2139 737 2197 ldem
770 2159 988 2213 quoque
1020 2144 1326 2200 Palaestina:
1358 2145 1521 2199 urbes
1553 2142 1911 2205 circumiens,
1941 2155 2038 2197 eas

464 2241 527 2287 ut
558 2233 665 2288 sibi
703 2234 994 2305 episcopos
1032 2235 1299 2304 legerent,
1349 2233 1550 2303 coegit.
1595 2232 1840 2297 Quorum
1889 2247 2034 2287 unus

461 2324 628 2378 etiam
661 2323 767 2379 fuit
794 2326 1012 2390 Petrus,
1041 2340 1110 2379 ex
1151 2325 1328 2378 lberia
1374 2323 1671 2385 oriundus.
1710 2310 2032 2379 Gazzeorunt

460 2411 721 2474 civitatis,
752 2412 841 2466 cui
873 2412 1120 2480 Maiumze
1162 2427 1362 2467 nomen
1392 2420 1504 2476 est,
1534 2411 1850 2482 cpiscopus.
1885 2412 2036 2468 Adeo

464 2509 525 2554 ut
582 2503 916 2557 Athanasius
967 2503 1190 2572 quidam
1250 2504 1306 2558 in
1366 2502 1727 2557 diaconorum
1786 2503 2035 2559 ordinem

463 2598 789 2660 cooptatus,
842 2591 896 2645 in
945 2592 1123 2646 media
1176 2593 1409 2648 ecclesia
1463 2593 1858 2664 Hierosolymis
1908 2609 2035 2649 cum

465 2680 638 2734 multa
690 2679 909 2735 dicendi
960 2681 1234 2746 libertate,
1278 2681 1568 2751 inquitatis
1622 2683 2037 2739 ahominatione

469 2773 667 2827 throno
714 2773 1063 2829 sanctissimo
1115 2775 1413 2839 insidente,
1448 2790 1642 2830 vocem
1694 2775 1844 2830 illam
1895 2792 2038 2845 pra:-

464 2866 668 2919 claram
705 2867 952 2921 emiserit
988 2882 1004 2919 :
1046 2885 1063 2917 ι
1102 2866 1321 2929 Desine,
1355 2859 1657 2941 Theodosi,
1686 2875 1892 2922 tantam
1928 2884 2036 2925 cte-

466 2958 591 3011 dem
634 2960 1003 3024 committere,
1049 2957 1241 3013 desine
1288 2957 1516 3013 Christo
1564 2957 1767 3013 bellum
1813 2958 2037 3024 inferre,

2134 497 2395 551 τάναντία
2427 499 2493 568 τῇ
2531 497 2739 568 συνόδῳ
2788 498 3073 568 φρονοῦσι,
3104 500 3197 553 καὶ
3240 503 3358 565 τοῖς
3410 504 3712 572 ύπουργοῖς

2134 583 2422 647 Εύδοκίας.
2453 586 2566 640 Καὶ
2596 586 2709 640 τῶν
2742 588 3063 644 ἐπισκόπων
3089 592 3257 660 μήπω
3280 592 3345 645 ὲκ
3369 591 3468 660 τῆς
3490 593 3706 646 συνόδου

2133 674 2570 745 ἐπανελθόντων,
2605 679 2817 742 ἐκεῖνος
2868 681 3088 750 ἑτέρους
3133 684 3537 753 χειροτονήσας,
3569 684 3709 737 κατά

2136 766 2292 821 πόλιν
2339 766 2648 837 ἰξέπεμπε.
2696 770 3031 840 Σευηριανὸν
3076 772 3135 826 δὲ
3183 774 3277 827 τὸν
3325 774 3708 837 Σκυθοπόλεως

2137 858 2457 924 ἐπίσκοπον,
2496 860 2571 931 μή
2598 862 2915 933 ὑπαχθῆναι
2945 866 3011 933 τῇ
3039 864 3253 917 ἐκείνου
3282 865 3548 934 κακονοίᾳ
3576 867 3712 936 ᾑρη-

2140 950 2321 1019 μένον,
2352 950 2451 1021 τῆς
2486 953 2694 1016 πόλεως
2725 952 3014 1023 ἐξαγαγὼν
3046 957 3282 1013 ἔκτεινε.
3316 959 3510 1027 Μέγαν
3534 959 3579 1012 δ’
3601 959 3714 1012 ὲκί-

2137 1059 2266 1112 νησε
2296 1043 2537 1112 διωγμὸν
2565 1046 2672 1099 ἀνά
2716 1045 2817 1115 τὴν
2850 1047 3016 1115 ἁγίαν
3049 1049 3207 1102 πόλιν
3240 1050 3364 1103 κατ’
3405 1051 3634 1106 ἐκείνων
3661 1051 3715 1105 οῖ

2138 1133 2217 1199 μὴ
2244 1133 2440 1203 ἐκείνῳ
2463 1136 2743 1188 κοινωνεῖν
2774 1135 2981 1190 εἴλοντο
3002 1152 3015 1165 ·
3047 1136 3142 1201 οὓς
3180 1139 3281 1207 μὲν
3309 1140 3421 1209 γάρ
3453 1139 3712 1208 βασάνοις

2137 1223 2369 1294 ᾐκίσατο
2397 1239 2410 1253 '
2437 1225 2616 1280 ἀλλων
2648 1226 2747 1299 τὴν
2780 1229 3108 1298 περιουσίαν
3134 1228 3439 1300 διήρπασεν
3461 1247 3477 1264 ν
3500 1231 3712 1301 ἑτέρων

2137 1314 2192 1366 δὲ
2228 1312 2337 1382 πῦρ
2371 1313 2536 1381 ἐνῆκε
2567 1316 2682 1378 τοῖς
2727 1316 2898 1379 οἴκοις
2918 1332 2934 1348 ·
2971 1317 3047 1380 ὡς
3079 1318 3259 1373 δοκεῖν
3289 1318 3389 1390 τὴν
3417 1320 3574 1374 πόλιν
3605 1319 3713 1372 ὑπὸ

2140 1400 2435 1475 βαρϐάρων
2468 1404 2817 1461 ἁλίσκεσθαι.
2849 1408 2984 1478 Περὶ
3039 1409 3100 1462 οὗ
3133 1409 3192 1462 τὸ
3229 1410 3524 1481 μοναχικδν
3554 1410 3714 1463 ὓστε-

2140 1511 2233 1564 ρον
2260 1495 2398 1565 πρὸς
2436 1495 2745 1550 Ἀλκίσωνα
2797 1500 3011 1569 γράφον
3058 1500 3301 1570 εἴρηκεν,
3328 1501 3402 1564 ὡς
3452 1501 3549 1554 καὶ
3579 1499 3714 1568 περὶ

2138 1586 2230 1640 τδν
2278 1588 2481 1642 οἰκεῖον
2530 1590 2836 1644 ἐπίσκοπον
2886 1588 2978 1647 οἷα
3032 1593 3344 1662 κακοῦργος
3397 1594 3583 1657 ἁλοὺς,
3614 1591 3713 1646 τοῦ

2140 1679 2261 1732 κατ’
2285 1680 2447 1734 αὑτὸν
2477 1682 2737 1754 ἀπηλάθη
2768 1685 3159 1756 μοναστηρίου,
3188 1689 3283 1740 καὶ
3310 1686 3403 1739 ἐπὶ
3432 1686 3530 1756 τῆς
3565 1685 3716 1740 Ἀλε-

2074 1749 2113 1804 Β
2141 1769 2366 1842 ξάνδρου
2400 1771 2656 1845 διάφορος
2691 1749 2974 1847 Ᾰιοσκόρῳ
2998 1749 3264 1846 κατέστη.
3295 1779 3467 1832 Ἔνθα
3488 1749 3717 1839 πολλαῖς

2141 1862 2502 1929 καταξανθεὶς
2530 1869 2650 1927 ταῖς
2681 1867 2923 1936 πληγαῖς
2948 1867 3022 1932 ὡς
3056 1870 3385 1939 στασιώδης,
3413 1870 3507 1922 ἐπὶ
3534 1869 3719 1939 καμή·

2139 1952 2230 2005 λου
2257 1953 2556 2022 ψωριώσης
2581 1957 2686 2008 ἀνα
2715 1956 2815 2026 τὴν
2849 1958 3004 2011 πόλιν
3038 1959 3392 2028 περιηνέχθη.
3437 1961 3547 2013 Καὶ
3576 1959 3717 2030 πρὸς

2140 2045 2237 2104 τὰς
2271 2044 2459 2106 πόλεις
2492 2044 2852 2116 Παλαιστίνης
2887 2046 3006 2111 ἰὼν,
3051 2048 3387 2111 ἐπισκόπους
3418 2051 3570 2117 σφίσι
3602 2067 3719 2119 κει-

2141 2134 2377 2202 ροτονεῖν
2410 2133 2853 2202 κατηνάγκαζεν.
2895 2128 2997 2189 Ὧν
3023 2133 3102 2200 εἷς
3134 2132 3204 2205 ἦν
3233 2141 3328 2190 καὶ
3369 2139 3573 2207 Πέτρος
3596 2141 3626 2191 6
3652 2139 3715 2203 te

2137 2222 2381 2293 Ἰϐηρίας
2419 2227 2519 2295 τῆς
2555 2224 2799 2287 Γαζαίων
2824 2226 3054 2290 πόλεως,
3088 2222 3121 2302 ᾖ
3165 2229 3463 2297 Μαῖουμᾶς
3514 2228 3711 2297 δνομα,

2135 2316 2263 2378 τοὺς
2292 2315 2387 2386 τῆς
2416 2318 2723 2387 ἐπισκοπῆς
2754 2317 2951 2381 οἴακας
2983 2320 3295 2382 πιστευθείς
3321 2336 3336 2350 ο
3364 2319 3442 2383 ὼς
3474 2319 3562 2373 καί
3587 2336 3713 2374 τινα

2136 2402 2461 2459 ’Δθανάσιον
2508 2404 2589 2475 τῷ
2640 2403 2751 2458 τῶν
2804 2404 3075 2459 διακόνων
3110 2407 3538 2477 κατειλεγμένον
3566 2407 3715 2478 χορῷ

2140 2497 2692 2569 παρρησιασάμενον,
2741 2500 2799 2553 ὲν
2854 2499 2996 2570 μέσῃ
3045 2502 3112 2569 τῇ
3164 2500 3459 2571 ἐκκλησίᾳ,
3480 2500 3577 2553 τοῦ
3612 2501 3713 2570 τῆς

2137 2587 2365 2657 ἀνομίας
2396 2587 2790 2658 βδελύγματος,
2820 2590 2878 2642 ὲν
2926 2588 3006 2659 τῷ
3058 2590 3349 2660 ἁγιωτάτῳ
3380 2591 3716 2660 ὲςεζομένου

2139 2680 2337 2752 θρόνῳ,
2380 2681 2564 2751 φωνὴν
2599 2682 2841 2750 ἀφεῖναι,
2875 2700 2893 2733 ι
2942 2682 3181 2745 Παῦσαι,
3209 2681 3500 2751 λέγουσαν,
3529 2683 3715 2737 Θεοδό-

2141 2788 2244 2838 σ.ε,
2280 2772 2378 2841 τῆς
2407 2771 2680 2841 τοσαύτης
2707 2772 3026 2841 μιαιφονίας
3049 2789 3063 2802 ·
3094 2772 3306 2827 παῦσαι
3346 2771 3586 2843 Χριστὸν
3616 2788 3715 2824 πο-

2138 2863 2341 2936 λεμῶν,
2373 2865 2470 2918 καὶ
2523 2864 2586 2918 τὸ
2634 2863 2800 2918 αὑτοῦ
2848 2866 3105 2935 ποίμνιον
3140 2867 3234 2935 τῆς
3269 2864 3420 2925 θείας
3472 2864 3718 2934 μάνδρας

2139 2938 2449 3025 λῃστρικῶς
2483 2953 2806 3007 ἀπελαύνων
2831 2971 2844 2986 ο
2876 2957 2972 3009 καὶ
3025 2956 3231 3024 γνῶναι
3284 2955 3437 3026 μόλις
3471 2954 3720 3022 γενέσθω

465 3052 521 3098 ει
571 3060 792 3114 gregem
846 3048 969 3118 ejus
1020 3046 1074 3100 in
1130 3046 1447 3115 praedonum
1502 3063 1712 3103 morem
1765 3064 1796 3102 e
1846 3049 2036 3103 divino

2142 3062 2226 3099 σοι
2258 3047 2319 3099 τὸ
2346 3047 2618 3116 ἡμέτερον
2650 3047 2840 3101 εὔνουν
2875 3048 3008 3118 περὶ
3031 3048 3124 3100 τὸν
3176 3046 3354 3117 ἀληθῆ
3402 3045 3497 3125 καὶ⁵
3548 3046 3719 3109 ὅντως

466 3134 599 3188 ovili
637 3135 859 3205 ejicere,
897 3146 954 3191 et
997 3136 1298 3207 aliquando
1331 3139 1553 3194 tandem
1595 3138 2038 3195 benevolentiam

2142 3140 2400 3209 ποιμένα·
2440 3139 2648 3210 ἣκιστα
2679 3141 2789 3210 γὰρ
2813 3138 3080 3209 ἀλλοτρίῳ
3126 3138 3356 3193 ἔπεσθαι
3392 3137 3720 3208 μεμαθήκα-

468 3240 598 3295 erga
632 3240 827 3281 verum
863 3243 1300 3298 get-manumque
1335 3240 1612 3301 pastorem
1658 3240 1900 3285 nostram
1944 3246 2043 3286 CO-

465 3333 708 3389 gnosce;
737 3333 919 3388 neque
948 3320 1094 3374 enim
1121 3320 1359 3377 alienum
1394 3322 1549 3392 sequi
1585 3322 1905 3386 didicimus,
1939 3338 2045 3377 ne-

466 3424 578 3478 que
605 3424 799 3463 vocem
828 3419 1148 3466 extraneam
1179 3412 1392 3467 audire.
1433 3430 1453 3465 ι
1494 3413 1619 3468 Παιο
1651 3428 1779 3468 cum
1809 3414 2042 3481 diceret,

468 3516 499 3553 ιι
531 3501 868 3556 satellitibus
882 3501 1177 3557 Theodosii
1211 3510 1487 3573 arreptus,
1507 3512 1562 3558 et
1581 3518 1646 3559 ex
1667 3505 1897 3561 ecclesia
1935 3514 2046 3559 tra-

468 3599 593 3645 ctns
636 3599 749 3655 est.
801 3590 984 3661 Atque
1038 3587 1326 3647 insolentis
1378 3594 1694 3662 petulantiae
1735 3604 1792 3649 et
1828 3596 2045 3650 crucia-

473 3694 629 3736 tuum
662 3697 835 3753 genus
866 3696 1031 3736 omne
1063 3693 1291 3753 propter
1320 3682 1603 3739 Christum
1646 3700 1958 3756 perpessus,
1990 3693 2048 3741 et

473 3777 658 3847 ﬂagris
682 3775 870 3830 multis
896 3776 1175 3843 concisus,
1203 3785 1482 3845 postremo
1508 3776 1675 3831 etiam
1705 3776 1852 3832 ferro
1877 3777 2044 3831 vitam

472 3868 676 3923 amisit.
704 3866 954 3923 Cadaver
977 3868 1098 3937 eius
1122 3883 1189 3922 ex
1221 3867 1456 3936 pedibus
1481 3882 1579 3935 per
1607 3869 1799 3923 urbem
1825 3883 2044 3923 omnem

473 3972 716 4030 raptum,
743 3960 976 4015 canibus
1003 3959 1223 4013 tandem
1250 3973 1377 4013 esca
1405 3960 1709 4029 projectum
1738 3968 1840 4014 est.
1874 3958 2047 4016 Porro

475 4054 809 4113 Dorotheus.
842 4052 936 4121 qui
987 4050 1330 4106 Palmatinam
1383 4041 1721 4120 provinciam
1767 4051 1837 4105 ab
1875 4052 2048 4122 impe-

475 4158 658 4201 nitore
684 4152 969 4214 acceptam
1000 4139 1443 4206 administrabat,
1474 4142 1632 4212 σοι
1667 4150 1725 4196 et
1758 4151 1871 4197 tum
1902 4143 2047 4213 apud

474 4238 826 4293 Moabitidem
897 4235 1042 4291 bello
1098 4234 1365 4289 adversus
1425 4231 1692 4289 barbaros
1747 4244 2048 4304 occupatus

470 4340 612 4407 erat,
643 4331 735 4386 ubi
771 4345 834 4386 ea
866 4345 988 4400 quae.
1019 4330 1073 4382 in
1109 4328 1243 4383 urbe
1275 4326 1354 4381 sic
1386 4326 1723 4397 gerebantur
1759 4327 2045 4398 cognovit,

2144 3248 2268 3301 μεν,
2323 3232 2462 3301 μηδὲ
2519 3231 2679 3303 ξένης
2727 3232 2953 3286 ἀκούειν
2986 3233 3192 3301 φωνῆς.
3235 3249 3255 3283 ι
3292 3231 3481 3285 Ταῦτα
3522 3231 3719 3300 λέγων,
3820 3276 3825 3279 .

2142 3324 2493 3394 ἀνάρπαστος
2521 3324 2705 3395 ήγετο,
2732 3324 2839 3377 ύπδ
2875 3322 2986 3376 τῶν
3034 3323 3320 3377 Θεοδοσίου
3356 3323 3719 3377 ὑπασπιστῶν

2142 3412 2249 3477 ἔξω
2280 3413 2606 3483 συρόμενος,
2638 3413 2737 3466 καὶ
2773 3414 2883 3466 πᾶν
2912 3406 3052 3475 εἶδος
3106 3413 3399 3484 παροινίας
3427 3413 3523 3466 καὶ⁸
3549 3411 3721 3482 βασάα

2146 3520 2238 3555 νου
2291 3503 2476 3574 φέρων
2525 3504 2615 3558 διὰ
2660 3504 2924 3574 Χριστόν.
2971 3502 3206 3566 Πολλαῖς
3253 3503 3312 3556 δὲ
3361 3501 3721 3569 καταξανθεὶς

2148 3592 2391 3662 μάστιξι,
2421 3593 2575 3654 τέλος
2606 3595 2701 3648 καὶ⁵
2735 3591 2987 3663 μαχαίρᾳ
3021 3592 3280 3646 καταλύει
3326 3594 3386 3646 τὸ
3420 3590 3544 3661 ζῇν.
3581 3593 3641 3648 '0
3672 3592 3720 3648 6'

2145 3683 2358 3737 ἐκείνου
2383 3684 2598 3751 νεκρὸς,
2635 3684 2701 3735 ὲκ
2732 3682 2893 3745 ποδὸς
2924 3682 3015 3736 διὰ
3051 3682 3233 3753 πάσης
3263 3684 3363 3753 τῆς
3396 3684 3608 3747 πόλεως
3635 3684 3723 3737 έλ-

2146 3777 2389 3839 κυσθεὶς,
2420 3775 2574 3835 τέλος
2603 3774 2733 3827 κυσὶ
2781 3773 2919 3845 βορὰ
2954 3775 3292 3844 παρεδίδοτο.
3347 3776 3625 3847 Δωρόθεος
3674 3776 3722 3829 δ’

2144 3869 2173 3920 6
2199 3868 2297 3938 τήν
2333 3866 2703 3936 Παλαιστίνην
2751 3867 2816 3919 ὲκ
2857 3866 3122 3936 βασιλέως
3174 3866 3401 3929 διέπων,
3432 3870 3562 3938 περί
3617 3885 3722 3921 που

2146 3955 2243 4022 τὴν
2270 3953 2554 4008 Μωαϐῖτιν
2586 3954 2723 4024 πρδς
2768 3952 3087 4026 βαρϐάρους
3144 3956 3630 4025 ἐνασχολούμενος,
3654 3959 3724 4011 τὰ

2146 4048 2290 4101 κατά
2314 4049 2415 4118 τὴν
2446 4046 2603 4100 πόλιν
2635 4049 2908 4118 γενόμενα
2937 4047 3212 4115 διαγνοὺς,
3244 4048 3371 4100 ὅσον
3404 4048 3571 4117 τάχος
3595 4049 3723 4118 ἥκει

2148 4141 2247 4193 σὺν
2293 4141 2393 4194 οὐκ
2439 4141 2657 4208 ἀγεννεῖ
2695 4140 2773 4210 τῷ
2811 4139 3031 4211 στρατῷ
3082 4139 3371 4210 βοηθήσων
3399 4144 3512 4204 τοῖς
3542 4143 3725 4210 πράγ-

2150 4248 2340 4301 μασιν.
2372 4229 2444 4287 Oi
2475 4248 2537 4299 γε
2583 4231 2691 4302 μὴν
2737 4231 3027 4285 Θεοδοσίου
3059 4231 3154 4284 καὶ
3189 4231 3454 4293 Εύδοκίας
3483 4233 3726 4286 ύπασπι-

2150 4326 2273 4378 στα“;
2313 4324 2414 4384 τὰς
2447 4322 2617 4394 θύρας
2645 4323 2842 4393 ἐκείνῳ
2870 4319 3339 4391 ὲπιζυγώσαντες,
3367 4323 3429 4376 ού
3459 4323 3726 4392 πρότερον

438 4409 442 4413 “
473 4405 760 4479 celeritate
785 4426 999 4476 summa
1024 4435 1150 4476 cum
1177 4418 1427 4474 exercitu
1458 4417 1586 4473 forti
1616 4419 1778 4474 rebus
1803 4434 2041 4489 prazsen-

2152 4413 2382 4481 ἀνῆκαν,
2407 4412 2512 4476 ἕως
2546 4405 2607 4464 οὗ
2636 4412 2798 4480 λόγον
2834 4412 2927 4464 καὶ
2979 4411 3109 4482 παρ’
3159 4410 3327 4464 αὑτοῦ
3373 4410 3568 4465 ἔλαϐον
3592 4450 3607 4476 ,
3650 4412 3727 4475 ὡς

474 4518 622 4573 tibus
659 4514 1019 4569 consulturus
1052 4512 1314 4566 accurrit.
1352 4509 1625 4565 Ca:terum
1664 4510 1957 4565 Theodosii
1991 4520 2047 4565 et

472 4608 733 4666 Eudocia:
766 4605 1055 4668 satellites,
1090 4604 1269 4672 portis
1311 4602 1539 4666 clausis,
1573 4617 1683 4655 non
1726 4603 1882 4671 prius
1918 4618 2044 4658 eum

473 4700 773 4764 admisere,
810 4710 971 4767 quam
1003 4695 1087 4749 eis
1117 4693 1398 4765 pollicitus
1426 4703 1593 4756 esset,
1622 4709 1681 4746 se
1717 4708 1938 4763 quoque
1977 4696 2043 4750 ad

476 4801 658 4861 partes
683 4803 875 4845 eorum
906 4785 1280 4851 deiecturum,
1307 4784 1469 4838 sicuti
1504 4784 1897 4838 monachorum
1930 4800 2048 4839 om-

472 4884 626 4940 nium
662 4881 799 4936 ordo
824 4888 884 4935 et
910 4879 1169 4934 universa
1204 4875 1446 4931 civitatis
1477 4875 1774 4930 multitudo
1803 4873 2044 4931 fecisset.

476 4975 552 5028 Ita
575 4986 795 5028 menses
820 4970 1011 5042 viginti
1039 4968 1310 5026 exitiosus
1333 4966 1678 5022 Theodosius
1704 4967 2047 5038 tyrannidem

474 5066 530 5121 in
561 5065 691 5121 sede
722 5062 1219 5135 Hierosolymitana
1249 5058 1519 5117 exercuit.
1549 5057 1724 5126 Quam
1754 5075 1866 5115 rem
1897 5070 2047 5130 post-

473 5172 643 5229 quam
677 5156 989 5212 Marcianus
1021 5153 1317 5216 intellexit,
1349 5167 1379 5207 a
1413 5152 1691 5207 Dorotheo
1721 5152 1810 5207 ille
1838 5152 2051 5223 eiectus

469 5258 595 5303 est:
628 5261 792 5317 quem
826 5246 872 5301 is
901 5260 1101 5316 capere
1132 5244 1358 5315 quidem
1390 5244 1493 5315 (sic
1518 5244 1666 5297 enim
1700 5243 2050 5314 imperatoris

471 5339 1017 5412 praeceperatjussio)
1034 5347 1265 5395 conatus
1279 5348 1391 5402 est;
1425 5335 1522 5393 sed
1546 5335 1599 5391 id
1623 5337 1691 5391 ab
1716 5352 1782 5392 eo
1804 5337 1919 5393 tieri
1938 5352 2048 5392 non

473 5429 676 5502 potuit,
710 5439 1000 5501 pmpterea
1025 5429 1173 5501 quod
1212 5428 1385 5500 pestis
1408 5428 1501 5483 illa
1533 5428 1589 5483 in
1616 5427 1857 5483 Sinatum
1886 5443 2049 5482 mon-

473 5537 583 5580 tem
633 5522 975 5595 profugerat.
1027 5520 1202 5589 Quam
1250 5520 1323 5577 ob
1365 5535 1588 5575 causam
1644 5519 1905 5590 plurimi.
1953 5520 2048 5589 qui

470 5617 723 5690 partibus
751 5617 874 5689 ejus
902 5616 1175 5681 faverant,
1199 5612 1493 5671 tormentis
1521 5612 1728 5668 subditi
1761 5623 1913 5679 sunt,
1940 5628 2048 5667 non

474 5710 674 5782 plebeii
724 5718 938 5766 tantum
987 5707 1276 5778 homines,
1322 5705 1421 5764 sed
1470 5704 1637 5762 etiam
1686 5704 1779 5775 qui
1829 5714 2050 5776 propter

2153 4506 2406 4567 κάκεῖνος
2442 4505 2544 4558 σὺν
2579 4502 2763 4567 αὐτοῖς
2807 4502 2893 4572 είη
2924 4504 3252 4556 ἀποστατῶν
3271 4518 3286 4534 ·
3316 4500 3508 4571 ὥσπερ
3537 4502 3601 4571 δή
3631 4504 3728 4554 καὶ

2149 4595 2209 4648 τὸ
2245 4596 2537 4664 μοναχικὸν
2571 4594 2715 4647 ἀπαν
2756 4594 2942 4647 καὶτὸ
2989 4596 3092 4662 τῆς
3139 4592 3346 4653 πόλεως
3392 4591 3728 4660 διεπράξατο

2148 4686 2377 4756 πλῆθος.
2414 4686 2540 4740 Ἐπὶ
2590 4685 2763 4738 εἴκοσι
2810 4683 2991 4736 τοίνυν
3023 4684 3190 4751 μησὶν
3225 4683 3252 4733 6
3283 4679 3501 4749 λυμεὼν
3530 4681 3726 4733 Θεοδό-

2152 4796 2264 4841 σιος
2281 4780 2372 4831 τὸν
2397 4778 2586 4849 θρόνον
2614 4776 2978 4845 τυραννήσας,
3009 4773 3332 4843 Μαρκιανοῦ
3358 4773 3427 4825 τά
3459 4789 3714 4841 πεπραγ-

2154 4874 2290 4942 μένα
2325 4869 2609 4941 μαθόντος,
2656 4867 2791 4936 πρὸς
2838 4864 3120 4935 Δωροθέου
3171 4863 3521 4928 ἐκϐάλλεται,
3551 4880 3727 4917 κατα-

2151 4966 2300 5033 σχεῖν
2334 4964 2437 5034 μὲν
2469 4959 2825 5031 πειραθέιτος
2875 4958 3105 5010 ἐκεῖνον’
3140 4955 3287 5009 οὕτω
3330 4957 3441 5025 γὰρ
3489 4956 3548 5008 τὸ
3583 4957 3730 5009 θεῖον

2150 5056 2368 5110 ικέλευε
2399 5053 2735 5124 πρόσταγμα
2756 5068 2774 5085 ·
2812 5050 2891 5123 μή
2933 5049 3257 5120 δυνηθέντος
3286 5065 3349 5117 γε
3381 5049 3512 5119 μὴν,
3537 5047 3615 5119 τῷ
3637 5048 3731 5102 τὸν

2150 5150 2439 5219 ἀλιτήριον
2471 5145 2609 5217 πρὸς
2636 5144 2699 5198 τό
2731 5143 2950 5197 Σίναιον
2985 5143 3291 5213 ἀποδρᾶναι
3317 5158 3334 5175 ο
3367 5143 3437 5197 δι’
3470 5137 3547 5200 ὧν
3577 5144 3729 5198 πλεῖ-

2152 5256 2270 5294 στοι
2315 5238 2424 5293 τῶν
2474 5236 2669 5308 ἐκείνῳ
2702 5234 3101 5306 συναραμένων
3137 5234 3351 5298 αἰκίαις
3383 5236 3731 5307 ὑπήχθησαν,

2152 5332 2216 5387 ού
2254 5334 2417 5402 μόνον
2467 5329 2562 5384 τοῦ
2615 5328 2859 5392 λαώδους
2909 5316 3302 5398 πληρώματος,
3325 5326 3463 5382 ἀλλὰ
3493 5329 3586 5381 καὶ
3618 5328 3730 5379 τῶν

2156 5422 2433 5496 μοναδικῷ
2487 5422 2736 5495 σχήματι
2789 5404 3318 5489 κατα-τεταγμένων.
3384 5418 3629 5472 Ἐκείνου
3681 5417 3729 5472 δ’

2151 5515 2400 5572 ἐκποδὼν
2450 5516 2763 5585 γεγονότος,
2814 5513 3170 5577 ἰουϐενάλιος
3203 5508 3362 5576 αὖθις
3407 5512 3498 5565 τὸν
3538 5511 3729 5582 θρόνον

2155 5608 2462 5664 κατέλαϐε·
2513 5609 2609 5663 καὶ
2661 5606 2876 5670 πάντας
2924 5607 3084 5668 ὅσους
3143 5603 3477 5676 χειροτονίας
3527 5605 3733 5672 ἠξίωσε

2154 5702 2456 5769 Θεοδόσιος,
2480 5699 2728 5755 καθεῖλεν
2780 5698 2964 5763 εύθύς.
3003 5696 3180 5751 Πολλὰ
3208 5698 3265 5752 δὲ
3302 5697 3400 5752 καὶ
3426 5697 3591 5769 ἔτερα
3621 5695 3732 5764 τῶν
