4070 6204
382 212 463 271 3’!
1355 216 1962 281 ECCLESIASTICE
1998 224 2389 287 HISTORLE
2428 227 2572 289 LIB.
2618 229 2739 291 XV.
3602 232 3677 300 34

383 320 660 388 ἀνιαρῶν
688 320 765 387 τῷ
797 323 994 391 πλήθει
1027 323 1329 394 ἐπισυνέϐη
1354 327 1567 380 ἐκεῖθεν
1597 328 1751 381 ἐνθεν
1782 333 1992 400 προῖόν-

2103 335 2349 390 habitum
2410 337 2462 390 in
2524 338 2917 393 monachorum
2967 338 3163 394 ordine
3221 339 3373 407 censi
3426 339 3664 400 fuerant.

387 430 543 475 των,
577 413 677 465 ὅσα
712 430 776 480 γε
816 416 844 467 ὁ
879 415 1049 483 θυμὸς
1082 416 1234 486 αύτῷ
1263 417 1570 488 διηγόρευε,
1596 418 1690 472 τοῦ
1726 420 1995 489 βασκάνου

391 504 505 555 καλ⁵
542 503 843 573 θεομισοῦς
877 506 1134 577 δαίμονος
1169 509 1311 562 οῦτω
1356 512 1618 578 πράττειν
1669 514 1996 583 εἰσηγουμέ-

395 609 507 644 νου
541 594 665 665 ἐνὸς
690 595 1025 664 γράμματος
1060 596 1325 666 ἐναλλαγῇ
1349 613 1362 628 ·
1390 596 1465 659 ὡς
1489 597 1690 663 ἐξεῖναι
1718 601 1783 669 τῇ
1817 601 1997 668 ἐκφω-

398 685 578 751 νήσει
614 685 848 755 θατέρου
895 687 1120 756 σύμπαν
1154 688 1384 755 ἐπάγειν
1412 689 1645 741 ἐνταῦθα
1676 690 1737 742 τὸ
1769 690 1955 759 ἕτερον
1979 708 1993 721 ·

396 775 511 828 ἐπὶ
549 777 732 843 τόσον,
759 777 834 840 ὡς
865 780 961 831 καὶ
991 778 1127 832 πολὺ
1172 780 1233 832 τὸ
1269 778 1646 850 παραλλάττον
1677 780 1996 848 νομίζεσθαι

400 868 576 934 παρὰ
600 871 717 931 τοῖς
752 870 984 933 πλείοσι,
1013 871 1106 923 καὶ
1136 871 1396 940 ἄντικρυς
1426 872 1525 932 τὰς
1553 871 1761 934 ἐννοίας
1796 873 1856 924 ἐκ
1884 872 1997 925 δια-

407 959 627 1027 μέτρου
684 959 972 1028 φέρεσθαι,
1008 961 1083 1021 ὡς
1128 962 1481 1031 ἀναιρετικάς
1540 961 1787 1032 ἀλλήλων
1836 963 1997 1015 καθε-

405 1052 639 1106 στάναι.
676 1053 784 1104 Καὶ
818 1051 929 1119 γάρ
954 1054 981 1105 ὁ
1006 1053 1098 1106 τὸν
1132 1054 1367 1122 Χριστὸν
1399 1056 1457 1105 ἐν
1486 1054 1579 1107 δύο
1604 1055 1833 1122 φύσεσιν
1870 1059 1998 1126 ὁμο-

405 1145 597 1211 λογῶν
632 1149 693 1196 ἐκ
727 1144 821 1196 δύο
854 1145 1116 1215 ἄντικρυς
1147 1146 1321 1213 λέγει,
1347 1148 1506 1215 εἰπερ
1531 1148 1588 1199 ἐν
1639 1146 1855 1217 θεότητι
1902 1152 1997 1201 καὶ

408 1237 811 1304 ἀνθρωπότητι
868 1237 1253 1304 συνομολογῶν
1289 1238 1381 1288 τὸν
1431 1232 1689 1306 Χριστὸν,
1715 1241 1777 1291 ἐκ
1809 1238 1997 1307 θεότη-

414 1345 511 1388 τος
562 1330 657 1380 καὶ
708 1327 1133 1395 ἀνθρωπότητος
1174 1328 1548 1381 συντεθεῖσθαι
1578 1329 1725 1396 λέγει
1750 1346 1764 1359 ⁸
1792 1332 1819 1384 ὃ
1844 1347 1903 1383 τε
1933 1333 1997 1384 ἐκ

417 1421 514 1474 δύο
544 1421 723 1487 λέγων
757 1421 860 1488 τὴν
886 1421 944 1470 ἐν
977 1420 1068 1471 δύο
1100 1421 1320 1483 πάντως
1349 1421 1647 1489 ὁμολογίαν
1678 1424 1895 1487 ἐπάγει,
1921 1426 1995 1477 εῖ-

422 1530 529 1583 περ
577 1514 640 1564 ἐκ
686 1511 946 1581 θεότητος
999 1514 1094 1564 καὶ⁸
1146 1511 1570 1583 ἀνθρωπότητος
1620 1514 1710 1566 τὸν
1757 1506 2001 1583 Χριστὸν

422 1601 619 1667 λέγων,
651 1604 706 1652 ἐν
737 1600 954 1669 θεότητι
987 1602 1083 1653 καὶ
1136 1601 1514 1671 ἀνθρωπότητι
1551 1603 1805 1671 ὁμολογεῖ
1835 1605 1997 1659 αὐτὸν

2103 427 2232 480 Post
2262 426 2560 482 Theodosii
2592 428 2797 499 fugam,
2823 430 3107 484 Iuvenalis
3135 430 3187 483 in
3220 430 3479 486 thronum
3508 448 3671 488 suum

2104 517 2415 582 restitutus,
2456 518 2714 573 omnibus
2760 534 2900 588 quos
2938 520 3031 573 ille
3075 519 3449 585 ordinaverat,
3489 521 3671 592 digni-

2104 614 2270 660 tatem
2320 609 2502 662 statim
2546 610 2770 665 ademit.
2820 611 2985 665 Multa
3031 621 3296 681 praeterea
3342 614 3447 668 alia
3493 614 3671 668 tristia

2102 698 2233 752 hinc
2278 708 2334 753 et
2375 700 2501 754 inde
2549 702 2932 769 provenieutia
2987 702 3325 757 multitudini
3384 704 3672 769 accidere,

2100 804 2221 856 qure
2253 790 2468 843 animus
2496 790 2570 855 ei,
2610 791 2796 845 invido
2828 805 2884 846 et
2923 792 3034 845 Deo
3065 793 3241 846 inviso
3274 796 3540 852 daemone.
3575 812 3673 865 per

2102 880 2270 935 unius
2320 880 2519 936 litterae
2574 883 2957 944 mutationem,
3011 884 3298 949 suadente,
3345 889 3615 956 suggessit
3655 907 3668 942 :

2102 972 2176 1025 ita
2212 980 2271 1025 ut
2303 973 2534 1027 alterius
2574 973 2774 1028 littera:
2817 974 3292 1042 pronuntiatione,
3329 976 3478 1030 aliud
3516 993 3673 1046 pror—

2101 1079 2195 1118 sus
2236 1065 2501 1119 inducere
2541 1066 2755 1119 liceret.
2786 1066 2936 1119 Adeo
2975 1066 3161 1127 etiam,
3196 1075 3252 1120 ut
3291 1069 3460 1122 multa
3495 1084 3524 1122 a
3553 1070 3675 1138 plu-

2103 1152 2255 1206 ribus
2309 1154 2540 1207 mutatio
2590 1155 2747 1217 fieri,
2800 1164 2856 1208 et
2907 1156 3181 1209 sententia
3233 1157 3286 1209 in
3335 1161 3669 1214 contrariam

2101 1258 2329 1311 prorsus
2372 1253 2427 1297 et
2463 1260 2529 1299 ex
2561 1244 2833 1299 diametro
2868 1256 3265 1316 repugnantem
3315 1250 3673 1319 significatio-

2100 1349 2225 1387 nem
2263 1334 2417 1399 ferri,
2453 1345 2508 1389 et
2542 1336 2769 1392 alteram
2811 1352 2909 1405 per
2949 1338 3173 1391 alteram
3225 1341 3339 1394 tolli
3388 1341 3672 1397 existima-

2100 1433 2272 1479 retur.
2310 1424 2442 1478 Nam
2479 1425 2759 1480 Christum
2794 1428 2873 1492 ἐν,
2907 1427 3011 1481 hoc
3039 1436 3125 1481 est
3180 1427 3233 1481 in
3269 1429 3480 1483 duabus
3512 1441 3673 1485 natu-

2100 1514 2184 1568 ris
2215 1515 2307 1584 qui
2350 1517 2656 1584 profitelur,
2684 1519 2795 1589 ἐκ,
2834 1518 2939 1571 hoc
2971 1527 3059 1571 est
3088 1533 3155 1572 ex
3204 1518 3441 1584 duabus,
3487 1521 3620 1575 dicit
3655 1541 3669 1575 :

2103 1604 2374 1672 siquidem
2433 1606 2562 1659 (lum
2629 1608 2683 1660 in
2726 1607 3010 1661 divinitate
3048 1616 3104 1662 et
3141 1608 3483 1664 humanitate
3515 1610 3674 1666 Citri-

423 1697 777 1759 καθεστάναι,
802 1695 929 1749 οὔτε
966 1697 1067 1765 τῆς
1102 1696 1301 1762 σαρκὸς
1345 1698 1427 1759 είς
1456 1697 1685 1767 θεότητα
1722 1699 1992 1768 μεταϐλη-

2100 1705 2246 1750 stum
2281 1696 2596 1762 confitetur,
2631 1713 2697 1751 ex
2743 1697 3027 1752 divinitate
3072 1708 3128 1753 et
3176 1700 3512 1755 humanitate
3547 1703 3674 1757 uni-

427 1790 644 1855 θείσης,
680 1789 788 1841 οὒτ’
817 1785 880 1842 αὖ
912 1789 1010 1856 τῆς
1048 1788 1304 1858 Θεότητος
1335 1790 1412 1852 είς
1439 1790 1618 1859 σάρκα
1641 1791 1992 1859 χωρησάση;·

440 1878 507 1942 ἐξ
533 1872 608 1931 ὢν
646 1881 677 1948 ἡ
726 1880 951 1950 ἄρῤητος
985 1880 1201 1943 ἐνωσις,
1234 1881 1309 1942 ὡς
1366 1880 1461 1932 καὶ
1491 1880 1579 1933 διὰ
1614 1881 1714 1948 τῆς
1764 1880 1833 1933 ἐκ
1887 1880 1997 1935 δύο

437 1970 625 2039 φωνῆς
674 1969 902 2023 ἐνταῦθα
950 1971 1189 2023 νοεῖσθαι
1243 1970 1570 2041 προσφόρως
1605 1970 1703 2039 τὴν
1747 1969 1817 2022 ἐν
1858 1969 1994 2033 δύο,

434 2062 524 2114 καὶ
556 2061 640 2114 διὶ
672 2063 769 2130 τῆς
816 2061 889 2116 ἐν
938 2063 1051 2116 δύο
1096 2062 1198 2131 τὴν
1248 2062 1317 2115 ἐκ
1346 2061 1479 2125 δύο,
1507 2061 1602 2114 καὶ
1631 2060 1862 2131 θάτερον
1899 2060 1995 2114 τοῦ

423 2154 611 2222 ἐτέρου
672 2153 747 2224 μὴ
799 2154 1285 2223 ἀπολιμπάνεσθαι
1315 2169 1331 2185 ’
1365 2154 1501 2207 ὅπου
1536 2170 1600 2220 γε
1632 2154 1776 2206 κατά
1809 2152 1872 2207 τὸ
1900 2170 1998 2206 πε-

420 2242 667 2314 ριούσιον
694 2244 755 2295 ού
796 2243 961 2313 μόνον
994 2244 1056 2296 τὸ
1110 2244 1232 2298 ὅλον
1277 2245 1342 2298 ἐκ
1393 2244 1598 2314 μερῶν,
1644 2245 1780 2298 ἀλλὰ
1815 2245 1907 2298 καὶ
1937 2248 1995 2297 ἐν

421 2334 617 2406 μέρεσι
652 2334 711 2387 τὸ
746 2336 871 2389 ὂλον
904 2337 1251 2406 γνωρίζεται.
1284 2338 1395 2393 Καὶ
1432 2339 1585 2409 ὅμως
1632 2340 1877 2405 ἀλλήλων
1904 2338 1997 2392 οῦ-

420 2441 529 2485 τως
563 2426 982 2495 ἀπεσχοινίσθαι
1010 2427 1184 2481 ταῦτα
1212 2431 1529 2499 νομίζουσιν
1562 2430 1840 2501 ἄνθρωποι
1864 2448 1994 2483 συν·

416 2516 579 2586 ηθείᾳ
640 2519 752 2570 τινὶ
782 2518 915 2589 περὶ
950 2521 1046 2589 τῆς
1076 2518 1169 2572 τοῦ
1195 2519 1329 2573 Θεοῦ
1360 2522 1520 2591 δόξης
1541 2538 1557 2554 ⁸
1587 2522 1619 2591 ἢ
1650 2522 1747 2574 καὶ
1769 2522 1831 2575 τὸ
1852 2522 1995 2574 οὕτω

421 2606 712 2674 βούλεσθαι
767 2610 1220 2681 προειλημμένοι,
1251 2613 1346 2664 καὶ⁵
1386 2612 1567 2681 πάσης
1620 2613 1763 2674 ἰδέας
1814 2630 1996 2682 παρα-

422 2703 677 2771 φρονεῖν·
708 2700 741 2772 ἢ
774 2702 911 2770 πρὸς
953 2700 1054 2772 τὴν
1087 2701 1180 2755 τοῦ
1214 2703 1368 2767 ὄντος
1400 2705 1537 2756 ίὲναι
1574 2706 1994 2772 συγκατάθεσιν.

421 2794 499 2845 Δι’
526 2793 673 2863 άπερ
706 2794 765 2847 αἱ
799 2795 1092 2864 εἰρημέναι
1125 2812 1215 2864 μοι
1251 2795 1544 2866 συγχύσεις
1575 2797 1843 2863 ἐγένοντο.
1889 2799 1998 2852 Καὶ

422 2886 487 2939 τά
530 2886 628 2951 μὲν
683 2886 857 2949 οῦτως
910 2886 968 2939 ἓν
1017 2903 1077 2940 τε
1131 2888 1511 2960 Ἀλεξανδρείᾳ
1542 2888 1634 2942 καὶ
1668 2889 1997 2963 Παλαιστίνῃ

427 2978 732 3033 συνέϐαινε.

2102 1797 2214 1840 tum
2244 1803 2362 1842 esse
2395 1787 2667 1842 concedit.
2699 1790 2766 1842 Et
2797 1790 2892 1857 qui
2926 1806 2992 1845 ex
3032 1790 3245 1846 duabus
3274 1792 3427 1855 dicit,
3462 1794 3673 1863 profes-

2098 1880 2309 1935 sionem
2351 1887 2528 1932 tamen
2575 1879 2627 1932 in
2687 1880 2901 1934 duabus
2947 1882 3159 1935 infert:
3194 1883 3238 1938 si
3276 1875 3341 1937 ex
3386 1884 3674 1940 divinitate

2097 1980 2153 2024 et
2208 1969 2550 2023 humanitate
2602 1969 2883 2024 Christum
2935 1970 3145 2036 dicens,
3187 1972 3241 2025 in
3287 1972 3575 2029 divinitate
3617 1986 3675 2030 et

2099 2059 2442 2115 humanitate
2509 2060 2812 2115 consistere
2876 2060 3053 2129 ipsum
3120 2060 3430 2130 profitetur,
3492 2079 3674 2133 neque

2096 2166 2263 2207 carne
2293 2152 2347 2205 in
2390 2150 2737 2207 divinitatem
2779 2161 2969 2218 eunte,
3000 2166 3179 2222 neque
3211 2168 3427 2207 rursum
3467 2153 3674 2209 divini-

2100 2252 2208 2299 tate
2240 2244 2293 2298 in
2321 2258 2542 2299 carnem
2584 2244 2891 2309 evadente;
2941 2243 3088 2299 unde
3122 2243 3416 2299 inell‘abilis
3454 2246 3544 2300 illa
3581 2260 3676 2301 ex—

2097 2335 2239 2390 stitit
2274 2336 2424 2399 unio,
2457 2344 2517 2391 ut
2539 2351 2633 2405 per
2664 2334 3026 2399 locutionem,
3059 2351 3122 2389 ea:
3153 2337 3376 2397 duabus,
3406 2337 3496 2392 hic
3525 2352 3675 2392 com-

2098 2427 2258 2481 mode
2300 2428 2503 2483 locutio
2550 2429 2605 2481 in
2637 2427 2866 2493 duabus,
2901 2436 2959 2483 et
3006 2444 3123 2499 per,
3153 2430 3207 2482 in
3251 2430 3474 2495 duabus,
3506 2432 3674 2487 etiam

2095 2536 2159 2574 ea:
2199 2522 2399 2574 duabus
2445 2520 2809 2589 intelligatur,
2844 2530 2900 2574 et
2950 2520 3181 2575 alterum
3231 2522 3301 2575 ab
3343 2523 3515 2577 altero
3560 2539 3673 2579 non

2097 2612 2348 2677 differat;
2394 2610 2838 2681 quandoquidem
2883 2623 2939 2665 et
2978 2612 3129 2680 iuxta
3173 2614 3547 2669 abundantem
3594 2617 3677 2670 I0-

2100 2703 2302 2770 quendi
2353 2703 2623 2756 rationem
2671 2717 2780 2757 non
2830 2703 3006 2757 solum
3060 2711 3233 2758 totum
3285 2720 3351 2759 ex
3402 2707 3672 2775 partibus,

2098 2796 2193 2851 sed
2238 2796 2403 2849 etiam
2455 2795 2508 2847 in
2544 2795 2793 2865 partibus
2825 2804 2997 2848 totum
3050 2796 3369 2864 percipitur.
3410 2798 3571 2868 602
3611 2799 3676 2854 Et

2102 2898 2282 2941 tamen
2316 2894 2565 2955 separata
2597 2886 2712 2939 hare
2740 2887 2882 2939 inter
2916 2900 2975 2939 se
3016 2886 3095 2940 sic
3126 2901 3247 2941 esse
3278 2887 3527 2942 homines
3554 2889 3671 2957 Opi-

2100 2981 2211 3035 nati
2247 2988 2395 3043 sunt,
2426 2978 2657 3048 quadam
2681 2978 2750 3033 de
2774 2978 2885 3032 Deo
2914 2978 3193 3047 opinionis
3222 2979 3625 3034 consuetudine
3657 2994 3673 3036 :

425 3075 507 3128 vel
531 3074 678 3144 quod
710 3075 784 3130 ita
809 3074 1175 3133 destinatione
1207 3078 1376 3133 animi
1404 3079 1699 3146 voluerint,
1764 3087 1823 3134 et
1848 3079 2083 3149 quodvis
2155 3076 2336 3145 potius
2410 3074 2602 3128 mortis
2642 3088 2813 3143 genus
2845 3072 3052 3137 subire,
3081 3088 3243 3143 quam
3280 3075 3332 3129 ei
3366 3075 3512 3145 quod
3579 3090 3673 3131 ve-

424 3184 542 3222 rum
578 3177 690 3235 est,
766 3171 1046 3229 assentiri.
1102 3174 1275 3240 Quam
1327 3176 1398 3229 ob
1439 3190 1683 3241 causam,
1756 3190 1877 3245 qua:
1917 3191 1947 3230 a
1996 3190 2081 3229 me
2123 3173 2280 3227 dieue
2332 3179 2461 3225 sunt
2508 3169 2856 3224 confusioues
2897 3168 3176 3224 exstitere.
3225 3168 3352 3225 llam
3401 3171 3483 3226 sic
3527 3170 3674 3242 apud

423 3258 827 3318 Alexandrinos
855 3273 912 3318 et
937 3265 1084 3335 apud
1114 3264 1434 3321 Palazstinos
1468 3264 1740 3321 accidere.

1022 3402 1281 3457 ΚΕΦΑΛ.
1340 3405 1400 3456 l'.

422 3513 560 3579 Περὶ
589 3514 693 3568 τοῦ
716 3513 1245 3584 ἑπεισφρήσαντος
1273 3517 1342 3570 ἐν
1371 3514 1499 3581 ταῖς
1538 3515 1705 3580 ἑῴοις
1739 3514 1857 3568 τῶν
1885 3517 1993 3569 πό-

491 3587 649 3654 λείων
668 3585 848 3654 λιμοῦ
874 3603 936 3637 τε
963 3586 1109 3654 ὁμοῦ
1158 3587 1255 3639 καὶ
1285 3587 1498 3653 λοιμοῦ
1521 3603 1535 3618 ο
1578 3587 1672 3639 καὶ
1706 3586 1785 3650 ὡς
1813 3588 1992 3638 αὺτο-

488 3653 689 3721 μάτως
711 3655 747 3721 ἡ
782 3652 858 3722 τῆ
887 3654 967 3719 τῷ
988 3652 1217 3710 ἐπιόντι
1242 3656 1360 3710 ἔτει
1381 3652 1573 3723 ἀνῆκε
1602 3657 1892 3722 καρπούς.

494 3768 671 3837 Πολλὴ
698 3769 753 3821 δέ
793 3787 873 3832 τις
907 3770 1030 3822 κατ’
1074 3770 1252 3823 ἐκεῖνο
1303 3769 1498 3840 καιροῦ
1554 3770 1826 3840 ἀνομϐρία
1874 3771 1995 3838 ἐγέ-

417 3877 563 3924 νετο,
596 3862 691 3912 καὶ
736 3862 892 3928 λιμὸς
928 3861 1063 3931 ὁμοῦ
1102 3861 1196 3914 καὶ
1244 3862 1429 3930 λοιμὸς
1462 3863 1518 3914 ἐν
1546 3880 1604 3914 τε
1645 3864 1856 3935 Φρυγίᾳ
1891 3867 1992 3917 Γα-

419 3954 580 4021 λατίᾳ
616 3970 674 4006 τε
709 3954 775 4007 αὖ
806 3959 901 4007 καὶ
933 3958 1001 4023 τῇ
1056 3955 1443 4008 Καππαδοκῶν
1470 3971 1483 3985 ’
1518 3957 1612 4009 καὶ
1644 3956 1772 4026 ἄχρι
1802 3958 1866 4027 δὴ
1900 3959 1991 4011 καὶ

419 4045 673 4108 Κιλικίας
703 4047 871 4115 αὐτῆς
912 4047 1230 4118 περιφανῶς
1273 4047 1582 4118 προεχώρει
1617 4065 1631 4079 ·
1658 4048 1731 4111 ὠς
1757 4051 1993 4119 συμϐαί-

418 4155 531 4190 νειν
566 4142 630 4208 τῇ
667 4138 845 4208 ἐνδείᾳ
875 4140 984 4192 τῶν
1019 4139 1340 4208 ἀναγκαίων
1369 4142 1493 4204 τοὺς
1538 4142 1853 4211 περιοίκους
1885 4143 1992 4196 τῶν

420 4230 733 4297 εἰρημένων
786 4232 1214 4304 ἀπηγορευμένῃ
1270 4234 1365 4284 noti.
1415 4232 1635 4304 ὀλεθρία
1689 4233 1781 4285 xui.
1829 4234 1991 4303 ἀήθει

418 4320 726 4388 χρήσασθαι
750 4322 813 4390 τῇ
838 4322 1037 4390 τροφῇ,
1066 4319 1490 4372 ἐπιλελοιπότων
1509 4320 1619 4371 τῶν
1648 4320 1988 4387 ἀναγκαίων.

420 4410 599 4480 Λιμοῦ
622 4412 679 4464 δὲ
702 4411 955 4464 τοσούτου
978 4412 1456 4482 ἐπιχωριάζοντος,
1483 4414 1547 4482 τῇ
1580 4412 1857 4481 μεταϐολῇ
1886 4412 1989 4481 τῆς

418 4502 630 4571 διαίτης
681 4503 899 4555 ἐνόσουν
955 4503 1100 4573 μάλα
1146 4502 1195 4553 oi
1231 4501 1543 4568 ἄνθρωποι·
1573 4503 1850 4572 ὑπερϐολῇ
1883 4504 1991 4571 γὰρ

418 4594 734 4662 φλεγμονῆς
770 4593 1098 4656 οἱδαίνοιιτος
1147 4593 1297 4660 σφίσι
1334 4592 1427 4644 τοῦ
1474 4594 1746 4663 σώματος,
1772 4594 1991 4663 πρῶτον

420 4686 519 4755 μὲν
547 4689 643 4748 τὰς
669 4686 821 4754 ὄψεις
858 4685 1177 4754 ἐφθείροντο
1205 4700 1219 4715 ⁸
1247 4681 1295 4737 εί
1309 4684 1347 4736 δ’
1372 4686 1764 4754 ἐπιγινομένης
1797 4686 1986 4755 βηχὸς,

2019 3409 2067 3472 C

2723 3396 2951 3453 CAPUT
2980 3398 3050 3453 Χ.

2098 3514 2175 3567 De
2201 3514 2341 3583 fame
2370 3510 2531 3565 simul
2558 3522 2605 3565 et
2636 3521 2797 3581 peste,
2826 3528 2943 3581 qua:
2968 3513 3268 3566 civitatibus
3299 3511 3664 3572 Orientalibus

2168 3587 2492 3655 incesserunt
2518 3590 2611 3655 :_et
2642 3591 2697 3635 ut
2722 3598 2818 3635 sua
2848 3592 3030 3652 sponte
3061 3592 3205 3637 terra
3240 3600 3382 3637 anno
3416 3596 3666 3655 sequente

2167 3654 2343 3723 fruges
2375 3652 2677 3719 protulerit.

2170 3767 2385 3822 Eisdem
2438 3765 2778 3834 temporibus
2822 3764 3012 3835 ingens
3057 3765 3157 3818 fuit
3193 3765 3434 3831 siccitas,
3464 3766 3671 3821 fames-

2094 3877 2201 3933 que
2240 3859 2401 3914 simul
2439 3868 2495 3914 et
2534 3859 2702 3927 pestis
2733 3860 2785 3914 iu
2819 3857 3074 3929 Phrygia,
3135 3858 3345 3914 Galatia
3376 3869 3429 3914 et
3458 3860 3673 3930 Cappa-

2095 3951 2297 4005 docia:
2340 3965 2461 4018 qua:
2521 3949 2807 4003 calamitas
2862 3949 3026 4002 etiam
3079 3949 3143 4003 ad
3199 3949 3443 4003 Ciliciam
3498 3965 3675 4020 usque

2094 4056 2381 4112 progressa
2430 4048 2534 4105 est,
2577 4048 2636 4093 ut
2678 4054 2867 4094 earum
2920 4053 3057 4109 quas
3099 4039 3337 4093 diximus
3386 4042 3671 4110 regionum

2094 4134 2286 4188 incolae
2316 4133 2371 4185 in
2408 4146 2622 4184 sunnna
2672 4129 2903 4199 penuria
2935 4129 3000 4181 ad
3032 4144 3127 4184 eas
3156 4130 3437 4199 angustias
3479 4147 3675 4201 pervc-

2096 4224 2299 4287 nerint,
2337 4222 2504 4277 rebus
2548 4220 2881 4275 necessariis
2928 4220 3332 4285 deficientibus,
3372 4230 3432 4275 ut
3481 4223 3672 4292 prohi-

2096 4314 2242 4377 bitis,
2278 4312 2514 4366 insolitis
2559 4320 2615 4365 et
2660 4310 2911 4364 exitiosis
2945 4310 3220 4364 alimentis
3258 4320 3566 4371 uterentur.
3604 4314 3674 4368 Et

2093 4405 2237 4458 fame
2288 4411 2571 4471 tantopere
2620 4402 3012 4462 invalescente,
3054 4402 3330 4468 homines,
3361 4404 3539 4458 victus
3582 4421 3671 4460 ra-

2097 4497 2242 4549 tione
2291 4502 2521 4560 mutata,
2561 4496 2613 4549 in
2662 4496 3015 4566 mgritudines
3055 4494 3393 4565 inciderunt.
3425 4494 3669 4565 Corpora

2096 4602 2334 4657 namque
2366 4598 2593 4658 propter
2640 4589 2903 4642 maximas
2934 4588 3413 4653 inflammationes,
3459 4596 3671 4643 tumore

2094 4692 2384 4750 concepto,
2418 4683 2607 4735 oculos
2636 4680 2873 4750 primum
2906 4678 3234 4733 amittebant
3261 4695 3274 4731 :
3306 4678 3504 4733 deinde
3536 4681 3671 4734 tussi

416 4779 654 4843 τριταῖοι
694 4779 785 4829 τὶν
818 4777 935 4845 βίον
984 4777 1255 4848 ἀπῄεσαν.
1322 4776 1483 4828 Ἀλλά
1518 4778 1612 4829 τοῦ
1668 4778 1764 4847 μὲν
1800 4777 1990 4847 λοιμοῦ

2098 4774 2419 4838 accedente,
2456 4775 2544 4828 die
2582 4774 2746 4828 tertio
2794 4774 3194 4827 moriebantur.
3228 4772 3427 4827 Contra
3462 4785 3671 4843 pestem

404 4869 518 4920 ὀὐκ
542 4863 608 4938 ἦν
635 4885 719 4929 τις
748 4868 972 4937 βοήθεια
1000 4866 1238 4936 οὐδαμοῦ
1262 4883 1274 4895 ·
1298 4870 1415 4930 τοῖς
1435 4885 1497 4936 γε
1525 4868 1629 4938 μὴν
1654 4869 1745 4921 ὑπ’
1773 4871 1985 4923 ἐκείνου

417 4959 662 5022 σπανίοις
712 4961 945 5029 πάμπαν
970 4961 1417 5029 καταλειφθεῖσιν
1454 4962 1676 5031 ἀρωγὴν
1706 4964 1738 5031 ἡ
1771 4961 1989 5015 πάντων

350 5114 353 5115 ν
415 5051 651 5122 σώτειρα
706 5052 945 5122 Πρόνοια
986 5052 1207 5118 δέδωκε,
1234 5053 1324 5106 τὸν
1356 5052 1512 5120 λιμὸν
1570 5052 1981 5121 θεραπεύσασα.

414 5142 569 5195 Κατὰ
604 5142 705 5211 μὲν
753 5144 862 5212 γὰρ
903 5146 1080 5196 ἐκεῖνο
1125 5144 1184 5194 τὸ
1235 5142 1353 5205 ἔτος
1395 5136 1438 5209 ᾧ
1476 5142 1550 5212 μὴ
1585 5142 1686 5211 ἔφυ
1719 5140 1786 5194 τὰ
1819 5144 1983 5212 σπέρ-

416 5250 575 5302 ματα,
616 5235 785 5303 ἀερίῳ
816 5238 989 5305 τροφῇ
1025 5234 1277 5304 ἔθρεψεν,
1318 5232 1508 5303 ὥσπερ
1545 5234 1676 5287 ποτέ
1731 5236 1845 5295 τοῖς
1882 5235 1983 5285 πά-

350 5391 357 5399 .
411 5325 500 5377 λαι
534 5328 901 5395 Ἰσραηλίταις
942 5328 1225 5396 ἱστύρηται
1253 5325 1532 5396 πράξασα,
1558 5326 1585 5378 ὂ
1610 5326 1787 5395 μάννα
1817 5343 1981 5396 προσκ

412 5421 704 5489 ηγόρευται
752 5420 1117 5491 ἐπιόρέξασογ
1163 5419 1509 5487 αὐτομάτους
1575 5417 1631 5469 δὲ
1672 5417 1981 5486 τελεσιουρ-

411 5517 628 5583 γῄσασα
665 5514 793 5574 τοὺς
840 5513 1088 5584 καρποὺς
1139 5510 1251 5562 ἔτει
1301 5508 1380 5579 τῷ
1418 5509 1555 5577 μετά
1592 5507 1772 5560 τοῦτο.
1805 5509 1885 5560 Tot
1922 5509 1979 5560 δὲ

409 5606 635 5660 τοιαῦτα
665 5606 811 5661 κακά
841 5607 939 5677 τήν
964 5623 1022 5659 τε
1061 5601 1440 5659 Παλαιστινῶν
1466 5598 1745 5671 ἐπέδραμε
1775 5600 1977 5671 χώραν,

2093 4882 2211 4921 eam
2260 4867 2471 4921 nullum
2508 4882 2737 4936 usquam
2772 4865 2876 4919 fuit
2910 4865 3200 4918 auxilium.
3234 4863 3337 4929 Qui
3381 4875 3561 4919 autem
3604 4881 3669 4919 ex

2091 4972 2153 5011 ea
2186 4958 2393 5026 perrari
2433 4956 2781 5026 superfuere,
2807 4957 2894 5010 eis
2922 4970 3082 5021 Opem
3112 4953 3379 5007 servatrix
3420 4955 3668 5008 omnium

2090 5050 2440 5105 Providentia
2471 5050 2676 5112 attulit,
2699 5058 2754 5103 et
2779 5049 2904 5103 fami
2933 5047 3212 5102 subvenit.
3243 5046 3318 5099 Eo
3343 5047 3489 5100 enim
3524 5060 3669 5099 anno

2092 5161 2202 5212 quo
2252 5145 2436 5213 fruges
2483 5160 2592 5198 non
2642 5152 3032 5213 provenerunt,
3081 5142 3345 5195 alimento
3378 5142 3528 5194 aerio
3574 5154 3671 5193 eos

2090 5234 2247 5297 fovit,
2281 5235 2440 5289 sicuti
2474 5235 2603 5289 olim
2636 5234 2914 5287 veteribus
2943 5232 3206 5286 lsraelitis
3235 5231 3431 5285 fecisse
3462 5244 3670 5283 memo-

2092 5334 2267 5388 ratur,
2311 5342 2507 5379 manua
2559 5326 2664 5379 illis
2715 5324 2878 5395 (quod
2931 5324 3155 5392 dicitur)
3203 5324 3418 5378 coalitus
3466 5318 3666 5374 demit-

2094 5431 2235 5474 tens.
2286 5419 2544 5475 Proximo
2585 5427 2766 5473 autem
2817 5433 2959 5473 anno
3006 5426 3066 5471 ut
3108 5418 3291 5484 fruges
3328 5430 3425 5469 sua
3470 5424 3667 5480 sponte

2090 5522 2495 5574 excrescereut,
2528 5512 2729 5567 effecit.
2795 5510 2919 5565 llaec
2948 5510 3082 5562 mala
3120 5508 3461 5563 Palmstinam
3498 5502 3663 5555 etiam

2089 5615 2145 5661 et
2174 5604 2441 5676 plurimus
2469 5604 2604 5659 alias
2634 5605 2889 5674 regiones
2924 5607 3299 5672 pervaserunt.
3336 5598 3400 5650 Et
3428 5591 3656 5647 calami.
