4070 6204
436 262 504 326 39
1661 255 2082 318 NICEPHORI
2123 256 2210 316 CA
2221 257 2470 320 [.LISTI
3625 263 3695 329 40

1029 367 1252 424 CAPUT
1294 367 1413 421 ΧΠ.

443 463 508 521 Ut
541 463 856 532 imperatria:
881 462 1128 532 ,Eudocia
1167 459 1750 532 ιζυΙεΙιενίω-Αιιριιειω
1781 460 1852 532 sit
1888 478 2012 516 con-

509 529 695 589 ciliata
726 549 746 589 :
775 541 825 586 et
854 531 918 585 de
936 532 1151 602 juniare
1181 530 1438 596 Eudocia,
1472 529 1728 585 Eudoxia:
1754 531 1901 600 ﬁlice.

509 711 756 766 Eudoeia
803 710 1050 780 Augusta
1101 708 1156 763 in
1208 707 1496 763 Palaestina
1553 708 1736 787 adhuc
1784 713 2011 781 degens,

441 805 508 856 de
543 802 665 858 tiliae
701 801 981 864 Eudoxim,
1013 801 1310 872 maritique
1338 810 1394 855 et
1426 801 1734 856 liberorum
1765 802 2012 874 ejusdem

441 893 608 947 rebus
656 894 861 948 certior
915 892 1081 956 facta,
1140 892 1208 947 ad
1264 901 1568 948 extremam
1627 894 1878 966 conjecta
1928 905 2014 951 est

440 981 610 1037 animi
660 983 1014 1036 anxietatem.
1061 981 1300 1036 Proinde
1336 980 1523 1034 funem
1564 997 1816 1048 omnem,
1866 992 1927 1036 ut
1957 985 2011 1036 in

436 1074 738 1142 proverbio
768 1083 872 1138 est,
909 1088 1159 1139 movens,
1191 1089 1290 1143 per
1323 1073 1602 1129 Valerium
1638 1083 1694 1128 et
1725 1074 2011 1145 Olybrium

442 1165 706 1236 patricios
734 1165 1042 1220 Pulchcriaa
1090 1166 1440 1220 reconciliata
1475 1174 1560 1220 est
1591 1183 1602 1219 :
1637 1181 1666 1220 a
1706 1181 1814 1235 qua
1847 1167 2012 1222 etiam

441 1261 622 1330 petiit,
660 1269 721 1314 ut
752 1261 833 1314 eis
862 1276 982 1328 quae
1014 1260 1067 1312 in
1107 1259 1427 1328 captivitate
1456 1268 1664 1323 essent,
1709 1274 1868 1328 opem
1899 1260 2013 1315 fer-

443 1361 550 1408 ret.
577 1353 645 1406 Et
672 1368 795 1406 cum
829 1367 933 1422 pax
971 1351 1114 1406 inter
1143 1350 1546 1405 Genserichum
1579 1360 1636 1404 et
1670 1350 2011 1406 Marcianum

443 1446 586 1499 facta
631 1454 800 1506 esset,
831 1442 1138 1497 Eudo‘xiatn
1170 1441 1548 1497 Genserichus
1607 1452 1661 1497 et
1691 1442 2011 1508 Placidiam,

441 1536 728 1594 Pulcheria
779 1543 1022 1604 petente,
1073 1534 1236 1588 sicuti
1287 1534 1422 1600 dixi,
1477 1534 1798 1604 Byzantium
1843 1534 2012 1589 misit.

440 1622 637 1677 Junior
673 1631 854 1676 autem
889 1621 1132 1675 Eudocia
1167 1622 1310 1690 apud
1345 1622 1604 1676 maritum
1640 1621 2014 1678 Honorichum

2717 373 2969 430 ΚΕΦΑΛ.
3006 376 3103 431 lB'.

2130 461 2230 540 Ὠς
2259 463 2298 530 ἡ
2327 463 2582 540 βασιλὶς
2637 465 2903 540 Ερδοκία
2929 468 3007 540 ζῇ
3052 470 3330 534 βασιλίδι
3363 472 3727 540 Πουλχερία

2188 533 2519 609 ἐσπείσατο
2537 550 2553 564 ’
2575 603 2586 609 _
2605 535 2869 609 καίπερῑῄ
2894 533 3005 605 τῆξ
3042 533 3333 609 νεωτέρας
3364 533 3684 609 Εῠδοᾶἱίᾶς,

2193 601 2301 668 τῆς
2332 603 2630 672 θυγατρὸς
2650 601 2968 673 Εὐδοξίαςζ

2191 715 2423 770 Εὐδοκία
2454 718 2572 786 δὲὴ
2623 718 2933 788 βασίλισσα,
2980 721 3048 774 τὰ
3084 723 3226 776 κατὰ
3272 723 3372 794 τὴν
3419 724 3699 798 θυγατέρα

2123 805 2383 871 Εὑδοξίαν
2408 809 2502 860 καὶ
2542 809 2632 862 τὸν
2669 810 2905 877 σύζυγον
2949 814 3174 877 καὶτὰς
3221 815 3447 869 ἐκείνων
3499 819 3700 883 παῖδας

2121 898 2499 969 ἀναμαθοῦσα,
2525 902 2606 955 ἐτι
2643 905 2708 972 τῇ
2762 903 3100 977 Παλαιστίνῃ
3145 905 3582 976 ἐνδιατρίϐουσα,
3615 909 3700 976 είς

2121 992 2349 1061 ἔσχατον
2393 991 2634 1061 ἀθυμίας
2682 989 2821 1066 ἧκε·
2860 998 2956 1050 καὶ
3007 997 3186 1050 πάντα
3238 999 3439 1066 κάλων,
3489 1001 3549 1054 τὸ
3600 1002 3699 1056 τοῦ

2121 1083 2313 1152 λόγου,
2373 1085 2680 1154 κινήσασα,
2747 1087 3058 1148 σπένδεται,
3103 1089 3448 1162 Πουλχερίᾳ,
3518 1093 3701 1162 μέσων

2122 1175 2429 1244 γενομένων
2479 1177 2814 1247 Οὒαλλερίου
2868 1181 2964 1231 καὶ
3021 1180 3310 1250 Ὀλυϐρίου
3351 1183 3463 1235 τῶν
3502 1199 3702 1252 πατρι-

2123 1266 2280 1321 κίων.
2318 1267 2477 1337 ’ῌτει
2505 1267 2559 1320 δὲ
2586 1267 2779 1338 βοηθὸν
2804 1272 2899 1324 καὶ
2923 1261 3049 1335 ’ταῖς
3077 1273 3136 1324 ἐν
3160 1273 3510 1344 αἰχμαλωσίᾳ
3548 1275 3702 1341 γενέ-

2124 1358 2270 1413 σθαι.
2300 1360 2413 1414 Καὶ
2456 1360 2556 1430 τῆς
2604 1363 2829 1433 εἰρήνης
2884 1365 3242 1433 ἀκμαζούσης
3290 1366 3498 1435 μεταξὺ
3540 1366 3700 1430 Γιξε-

2125 1452 2277 1522 ρίχου
2309 1453 2405 1504 καὶ
2447 1453 2799 1524 Μαρκιανοῐλ
2838 1455 2938 1523 τὴν
2983 1457 3082 1526 μὲν
3113 1457 3373 1522 Εὑδοξίαν
3415 1457 3512 1512 καὶ
3549 1460 3698 1512 Πλα-

2122 1542 2300 1595 κιδίαν
2331 1544 2634 1615 αίτησάσης
2687 1545 3047 1616 ῐΙουλχερίας,
3079 1549 3138 1610 ἐς
3171 1548 3487 1612 Βυζάντιον,
3508 1551 3701 1620 ὥσπερ

2124 1632 2280 1702 ἔφην.
2316 1633 2601 1704 Γιζέριχος
2652 1635 2939 1707 ἔπεμπεν·
2987 1640 3022 1710 ὴ
3065 1639 3120 1692 δὲ
3168 1640 3409 1710 νεωτέρα
3468 1641 3700 1696 Εὑδοκια
3759 1663 3766 1670 ’

442 1711 499 1764 in
548 1712 724 1765 Africa
762 1712 999 1776 mansit,
1045 1727 1168 1765 cutn
1205 1727 1316 1782 quo
1365 1713 1606 1766 sedecim
1657 1728 1834 1767 annos
1864 1715 2015 1775 vixit.

2129 1726 2276 1795 παρὰ
2329 1725 2406 1796 τῷ
2457 1726 2616 1797 ἀνδρὶ
2670 1727 2948 1800 Ὀνωρίχῳ
2979 1726 3046 1801 ἦν
3090 1733 3232 1786 κατὰ
3285 1733 3386 1802 τὴν
3423 1733 3700 1805 Ἀφρικὴν

441 1803 734 1873 eidemque
781 1804 949 1857 lilium
985 1804 1384 1858 lluldericltum
1428 1805 1638 1873 genuit.
1682 1806 1851 1859 Porro
1884 1821 2010 1861 cum

439 1910 634 1965 parum
665 1904 818 1966 grata
849 1897 899 1950 ei
943 1904 1088 1950 esset
1118 1896 1223 1950 viri
1257 1895 1599 1965 conjunctio,
1631 1898 1724 1967 qui
1756 1896 2016 1954 Arianam

437 1985 797 2056 profitebatur
846 1987 1196 2057 religionem,
1247 1999 1362 2042 arte
1397 2004 1596 2043 manus
1647 1990 1768 2060 ejus
1802 1990 2014 2060 elapsa,

437 2087 494 2132 et
523 2078 700 2132 aviam
729 2078 1032 2133 Eudociam
1071 2079 1284 2133 imitata
1307 2120 1322 2143 ,
1359 2080 1426 2134 ad
1481 2090 1674 2135 sancta
1723 2083 1841 2136 loca
1874 2096 2015 2136 con-

439 2170 642 2230 cessit.
671 2179 728 2224 et
776 2170 1090 2238 sepulcrum
1145 2171 1294 2227 illius
1334 2172 1494 2242 longe
1525 2181 1651 2240 post
1695 2171 2015 2226 exosculata

436 2267 542 2316 est.
574 2260 680 2317 Ubi
726 2273 784 2316 et
809 2263 922 2333 ipsa
973 2279 1081 2317 non
1128 2264 1225 2317 diu
1269 2264 1445 2319 vixit:
1482 2263 1578 2318 sed
1628 2279 1822 2318 somno
1853 2264 2016 2320 beato

437 2355 639 2422 sopita,
685 2355 840 2423 juxta
885 2356 1022 2409 aviae
1068 2356 1341 2410 tumulum
1382 2355 1436 2410 in
1486 2356 1752 2426 praeclaro
1795 2365 1850 2412 et
1898 2359 2018 2428 ipsa

439 2445 680 2514 reposita
725 2453 813 2500 est
843 2456 1226 2501 monumento.
1274 2446 1553 2517 Quidquid
1589 2455 1774 2502 autem
1810 2449 1862 2503 ei
1899 2460 2018 2505 erat

437 2533 782 2601 facultatum,
820 2537 873 2591 id
908 2539 1246 2608 pauperibus
1274 2548 1330 2595 et
1361 2549 1563 2596 sanctae
1591 2541 1801 2599 Christi
1830 2557 2015 2600 resur-

437 2627 674 2684 rectioni
703 2629 779 2701 (l)
811 2633 1178 2686 consecravit.

925 2835 1089 2906 eos
1119 2836 1346 2893 CAPUT
1384 2837 1527 2894 xm.

443 2925 514 2986 Ut
543 2928 916 2999 procuratione
943 2938 1134 2999 et_arte
1159 2927 1480 2994 Pulcheriw,
1520 2930 1752 2988 Eudocia
1773 2943 2014 2990 sanctam

509 2997 780 3077 quartam”
817 2997 1156 3077 approbarit"
1174 3000 1471 3077 synodum,
1531 3007 1870 3077 persuasione
1918 3005 2017 3077 Sy-

510 3062 711 3146 ineonis
744 3062 953 3138 Slylitw
979 3068 1087 3120 sive
1117 3062 1427 3125 Columella:
1458 3081 1506 3123 et
1531 3062 1718 3141 'magni
1743 3062 2014 3146 Euthymvii
2043 3062 2086 3121 c-

513 3140 749 3193 inducta.

512 3250 803 3307 Pulcheria
850 3251 1093 3322 Augusta
1149 3251 1560 3320 quamprimum
1613 3254 1872 3310 Eudocire
1931 3271 2018 3310 re-

440 3343 733 3398 conciliata
781 3353 888 3406 est,
937 3343 1133 3397 fratres
1158 3353 1213 3398 et
1247 3343 1387 3398 ﬁlias
1414 3345 1536 3414 ejus
1575 3345 1789 3401 hortata
1818 3358 1922 3416 est,
1957 3358 2018 3404 ut

441 3434 666 3489 crebras
690 3435 757 3489 ad
785 3450 904 3489 eam
947 3434 1143 3490 darent
1171 3435 1410 3500 litteras,
1442 3438 1661 3507 quo'ab
1694 3439 2016 3511 Eutychetis

439 3536 493 3580 et
527 3527 774 3581 Dioscori
809 3526 1070 3596 Opinione
1105 3527 1462 3593 descisceret,
1497 3537 1552 3584 et
1581 3540 1784 3585 sanetae
1828 3533 2020 3587 catho-

437 3616 560 3671 licae
594 3617 848 3672 Ecclesia:
881 3618 1324 3674 communionem
1359 3620 1810 3690 amplecteretur.
1843 3623 2018 3678 Litte-

439 3708 518 3761 ris
560 3707 830 3778 ejusmodi
883 3707 1130 3764 Eudocia
1173 3712 1439 3780 acceptis,
1471 3727 1596 3766 cum
1645 3713 1810 3769 etiam
1857 3715 2016 3770 beata

439 3797 603 3852 Bassa
632 3813 850 3864 semper
874 3799 946 3864 ei,
979 3808 1040 3854 ut
1070 3800 1263 3856 eadem
1293 3817 1482 3856 secum
1512 3803 1568 3858 in
1599 3805 1867 3874 religione
1893 3821 2019 3861 sen-

441 3891 605 3954 tiret,
641 3891 874 3946 molesta
904 3904 1090 3947 esset:
1135 3901 1390 3948 metuens
1430 3894 1556 3962 illa,
1605 3911 1674 3951 ne
1715 3898 1770 3952 id
1810 3914 1921 3954 non
1951 3915 2018 3954 ex

441 3981 718 4036 sententia
747 3981 841 4037 Dei
874 3982 1106 4051 faceret,
1141 3985 1458 4041 faciendum
1489 3989 1594 4043 sibi
1625 4004 1747 4045 esse
1779 3993 2016 4061 putavit,

441 4080 501 4128 ut
536 4074 604 4128 de
635 4089 698 4128 ea
733 4089 791 4128 re
821 4076 887 4129 ad
924 4077 1143 4132 divinos
1173 4078 1366 4134 Patres
1399 4079 1676 4159 referret,
1717 4083 1811 4152 qui
1856 4099 1915 4139 se
1951 4085 2017 4140 de

435 4179 570 4219 vero
603 4165 823 4235 pietatis
853 4165 1005 4222 cultu
1034 4177 1190 4223 certo
1231 4167 1556 4226 edocerent.
1589 4173 1831 4229 Proinde
1875 4175 2019 4230 Ana-

437 4257 610 4312 stasio
663 4258 1060 4329 ehorepiseopo
1089 4261 1307 4327 accito,
1368 4263 1436 4317 ad
1489 4273 1738 4320 sanetum
1792 4265 2017 4338 Symeo-

2120 1819 2396 1887 μένουσαλ
2434 1819 2556 1890 μεθ’
2597 1813 2660 1872 οὗ
2705 1821 3003 1875 ἑκκαίδεκα
3051 1822 3146 1892 ἔτη
3190 1821 3551 1887 διαϐιώσασα,
3602 1825 3699 1878 καὶ

2119 1911 2282 1964 παῖδα
2316 1909 2377 1975 ἐξ
2424 1911 2630 1964 ἐκείνου
2682 1911 2998 1983 Ἦλδέριχον
3041 1913 3412 1980 ἀποτεκοῦσα,
3463 1913 3699 1986 δυσαρεο-

2119 1993 2321 2053 στοῦσα
2366 2001 2576 2071 τάνδρὶ,
2612 2002 2693 2055 ὅτι
2726 2002 2796 2054 τά
2834 2001 3131 2072 ’Δρειανῶν
3177 2004 3506 2075 ἐπρέσϐευε,
3530 2007 3696 2078 τέχνῃ

2117 2091 2218 2152 τὰς
2247 2095 2434 2161 χεῖρας
2461 2091 2672 2145 ἐκείνου
2706 2091 3074 2161 διαφυγοῦσα,
3115 2093 3216 2164 τὴν
3261 2093 3496 2164 μάμμην
3523 2096 3695 2150 Εὑδοο

2118 2184 2240 2237 κίαν
2269 2185 2649 2254 μιμησαμένη,
2672 2187 2804 2255 πρδς
2832 2187 2957 2251 τοὺς
2984 2187 3176 2257 ἁγίους
3202 2188 3298 2240 καὶ
3321 2186 3457 2259 αὐτὴ
3488 2188 3693 2250 τόπους

2119 2274 2359 2341 ἐγένετο,
2411 2275 2506 2329 καὶ
2557 2274 2649 2327 τὸν
2705 2274 2926 2345 ἐκείνης
2980 2277 3149 2346 τάφον
3191 2276 3465 2347 ἠσπάζετο
3508 2274 3689 2346 πολλῷ

2118 2367 2366 2438 ὕστερον.
2408 2367 2498 2422 Ἐν
2526 2360 2572 2436 ᾧ
2605 2369 2700 2421 καὶ
2730 2368 2868 2440 αὕτη
2898 2369 2987 2421 ἐπ’
3033 2369 3212 2437 ὀλίγον
3261 2369 3570 2437 διαϐιοῦσα,
3598 2369 3692 2422 τον

2121 2458 2392 2529 μακάριον
2453 2458 2701 2513 ὕπνωσεν
2761 2458 2954 2526 ῦπνον,
3011 2462 3164 2530 παρὰ
3213 2461 3309 2514 τὸν
3363 2461 3537 2530 τάφον
3595 2463 3696 2530 τῆς

2122 2551 2362 2620 μάμμης
2389 2552 2727 2622 περιφανοῦς
2763 2552 3002 2622 τυχοῦσα
3054 2554 3254 2623 ταφῆς.
3291 2554 3432 2607 Ὅσα
3479 2554 3526 2607 δ’
3556 2555 3695 2626 αὐτῇ

2120 2641 2418 2709 προσῆσαν,
2436 2640 2631 2711 πένησι
2671 2641 2766 2694 καὶ
2797 2644 2866 2710 τῇ
2903 2641 3036 2713 άγίᾳ
3063 2642 3158 2696 τοῦ
3187 2642 3426 2713 Χριστοῦ
3453 2643 3695 2714 ἀφιέρω-

2121 2747 2212 2783 σεν
2243 2731 2560 2786 ἀναστάσει.

2716 2849 2964 2905 ΚΕΦΑΛ.
3001 2850 3100 2905 II".
3245 2897 3247 2902 .

2132 2941 2231 3007 Ὠς
2279 2939 2514 3010 μεθόδῳ
2571 2939 2942 3009 Πουλχερίας
2987 2941 3025 3007 ἠ
3062 2939 3323 3010 Εὐδοκία
3371 2939 3488 3006 τὴν
3519 2941 3698 3009 ἁγίαν

2192 3009 2482 3079 τετάρτην
2519 3011 2892 3079 ,προσήκατο
2944 3009 3219 3064 σύνοδον
3247 3051 3262 3074 ,
3330 3010 3697 3078 ὀδηγηθεῖσα

2191 3083 2310 3136 ὑπὸ
2331 3078 2592 3148 Συμεὼν
2647 3080 2752 3134 τοῦ
2806 3083 3100 3135 Στυλίτου
3157 3082 3255 3134 καὶ
3296 3081 3400 3135 τοῦ
3424 3079 3696 3150 μεγάλου

2191 3152 2499 3220 Εὐθυμίου
2512 3189 2527 3204 .

2190 3262 2492 3333 ιῐουλχερία
2543 3262 2600 3316 δὲ
2652 3263 2686 3332 ή
2747 3262 2981 3331 βασιλὶς,
3035 3262 3160 3334 άρτι
3224 3264 3568 3334 σπεισαμένη
3627 3267 3698 3336 τῇ

2121 3354 2376 3424 Εὑδοκίᾳ,
2433 3355 2547 3416 τοῖς
2604 3369 2665 3407 τε
2722 3353 2974 3422 ἀδελφοῖς
3029 3354 3246 3425 ἐκείνης
3302 3357 3548 3408 ὑπετίθει
3602 3361 3699 3410 καὶ

2119 3446 2423 3518 θυγατράσι
2477 3448 2867 3518 συνεχέστερον
2910 3447 3222 3517 γράμματα
3255 3451 3501 3520 πέμπειν
3531 3452 3696 3524 αὐτῇ,

2119 3537 2258 3590 ὥστε
2283 3540 2384 3608 τῆς
2417 3539 2515 3608 μὲν
2551 3539 2826 3608 Εὐτοχοῦς
2853 3542 2948 3592 καὶ
2975 3541 3269 3611 Διοσκόρου
3295 3541 3456 3611 δόξης
3488 3543 3700 3597 πείθειν

2120 3630 2474 3700 ἀφίστασθαι,
2523 3633 2592 3703 τῇ
2641 3633 2699 3686 δὲ
2754 3633 2888 3702 ἁγίᾳ
2942 3639 3034 3686 καὶ
3077 3634 3338 3706 καθολικῇ
3401 3636 3700 3708 Ἐκκλησία

2119 3725 2398 3779 κοινωνεῖν
2448 3726 2724 3796 αἱρεῖσθαι
2750 3740 2766 3756 ο
2809 3725 2845 3779 ἃ
2874 3726 3007 3795 δῆτα
3056 3727 3322 3798 δεχομένη
3359 3731 3392 3800 ή
3444 3724 3698 3796 Εὐδοκία,

2121 3820 2216 3873 καὶ
2242 3819 2343 3887 τῆς
2398 3819 2675 3887 μακαρίας
2709 3819 2927 3889 Βάσσης
2959 3819 3029 3872 τά
3064 3820 3152 3873 ἴσα
3205 3825 3426 3890 φρονεῖν
3457 3826 3548 3878 ἀεὶ
3579 3829 3700 3879 ἐνο-

2120 3913 2374 3985 χλούσης,
2427 3913 2653 3966 δείσασα
2710 3913 2786 3986 μὴ
2843 3914 2904 3967 οὐ
2966 3916 3108 3969 κατὰ
3176 3921 3405 3990 γνώμην
3463 3922 3698 3991 πράττοι

2118 4006 2275 4072 Θεοῦ,
2310 4007 2422 4060 δεῖν
2451 4007 2626 4060 ἐδόκει
2654 4009 2722 4061 τά
2754 4008 2848 4061 τοῦ
2884 4009 3092 4061 axem}
3136 4013 3250 4073 τοῖς
3282 4011 3566 4083 θεοφόροις
3589 4015 3700 4072 τῶν

2119 4099 2380 4169 Πατέρων
2429 4099 2817 4168 κοινώσασθαι,
2851 4102 2947 4154 καὶ
2999 4102 3134 4172 παρ’
3163 4105 3386 4160 ἐκείνων
3429 4107 3489 4159 τὸ
3533 4125 3700 4178 προσ-

2119 4191 2251 4262 ῆκον
2278 4190 2442 4254 σέϐας
2467 4191 2980 4262 ἁπακριϐώσασθαι.
3009 4195 3121 4248 Καὶ
3146 4195 3211 4266 δὴ
3240 4197 3330 4250 τὸν
3355 4202 3699 4269 χωρεπίσκο.

2121 4301 2220 4337 πον
2253 4283 2607 4339 Ἀναστάσιον
2640 4286 3139 4358 μεταστειλαμένη,
3169 4289 3248 4360 τῷ
3277 4291 3420 4363 άγίῳ
3448 4294 3700 4363 Συμεῶνι.

438 4364 564 4403 nem
593 4347 842 4419 Stylitem
878 4366 978 4420 per
1009 4351 1161 4406 illum
1208 4353 1464 4424 scripsit,
1501 4357 1594 4426 qui
1641 4368 1754 4412 tum
1794 4359 2014 4415 virtuti-

2120 4375 2199 4447 τῷ
2229 4377 2459 4449 Στυλίτῃ
2490 4347 2812 4457 ἀπέστελλε,
2848 4347 3150 4451 τηνικαῦτα
3175 4347 3276 4455 την
3309 4347 3543 4458 όφῆλιοᾷ
3577 4347 3700 4452 ταῖς

436 4440 542 4494 bus
569 4441 686 4494 suis
714 4441 906 4495 orbem
937 4442 1269 4499 illustrabat.
1303 4445 1383 4500 Ad
1412 4462 1537 4501 euut
1565 4448 1769 4504 litteris
1793 4467 2013 4522 quoque

440 4545 606 4584 manu
647 4546 744 4584 sua
783 4534 1135 4603 conscriptis,
1167 4537 1564 4593 conscientiam
1606 4555 1761 4595 suam
1803 4545 2016 4599 revela-

439 4619 560 4674 vit:
595 4621 1004 4690 Complexuram
1051 4638 1110 4677 se
1157 4639 1300 4690 esse,
1333 4627 1478 4695 quod
1515 4628 1606 4684 ille
1656 4631 2017 4702 decrevisset,

439 4712 704 4780 pollicita.
750 4712 987 4768 Sanctus
1032 4725 1215 4770 autem
1258 4718 1347 4772 vir
1380 4719 1472 4773 ille
1522 4723 1590 4775 ad
1639 4737 1759 4778 eam
1802 4725 1858 4779 in
1900 4727 2017 4783 haec

439 4804 602 4857 verba
630 4804 912 4872 rescripsit
937 4821 952 4858 :
988 4805 1189 4872 «Scito,
1213 4806 1403 4868 ﬁliola,
1423 4812 1569 4879 quod
1599 4813 1876 4885 diabolus,
1905 4822 2018 4873 vir-

442 4904 617 4949 tutum
674 4903 894 4949 tuarutu
941 4895 1166 4951 divitias
1209 4914 1484 4966 cernens,
1539 4910 1590 4958 te
1637 4909 1901 4975 expetivit
1957 4922 2014 4965 ut

438 4987 708 5042 cribraret
735 4988 898 5043 sicuti
937 4989 1203 5043 triticum.
1237 4990 1306 5044 Et
1337 4993 1602 5051 exitiosus
1633 4997 1727 5052 ille
1758 4999 2014 5056 Theodo-

438 5076 580 5143 sius,
615 5093 708 5132 vas
747 5089 804 5133 et
843 5081 1275 5141 instrumentum
1319 5084 1446 5138 mali
1483 5085 1632 5143 illius
1665 5088 1878 5158 factus,
1917 5095 2012 5150 Dei

438 5171 642 5224 amanti
687 5171 882 5228 animae
913 5183 1020 5229 tua:
1048 5175 1304 5231 tenebras
1347 5179 1577 5248 oliudit,
1613 5198 1845 5255 eamque
1876 5204 2010 5245 con-

437 5259 704 5315 turbavit.
743 5261 849 5319 Sed
879 5265 1117 5348 coniide.
1143 5267 1259 5322 Non
1288 5269 1438 5324 enim
1478 5271 1694 5330 deﬁciet
1726 5276 1863 5333 ﬁdes
1894 5289 2009 5337 tua.

434 5351 549 5421 Ego
578 5352 803 5423 quidem
837 5355 973 5411 illud
1005 5358 1163 5414 valde
1199 5361 1503 5419 admiratus
1527 5381 1670 5431 sum,
1702 5373 1848 5438 quod
1885 5387 2006 5429 cum

436 5443 642 5499 fontem
684 5447 828 5515 apud
861 5449 1106 5518 teipsam‘
1127 5452 1394 5519 haberes,
1441 5471 1681 5529 eumque
1717 5463 2006 5532 ignorans,

2119 4465 2346 4534 ἀρεταῖς
2399 4466 2790 4536 δᾳδουχοῦντι·
2845 4461 2888 4534 ᾧ
2928 4469 3022 4521 καὶ
3079 4471 3146 4524 τά
3194 4471 3291 4541 τῆς
3341 4475 3700 4544 συνειδήσεως

2117 4557 2460 4627 οἱκειοχείρῳ
2491 4558 2786 4628 γράμματι
2833 4560 3095 4625 ἀνετίθει,
3135 4563 3386 4634 στέργειν
3426 4564 3454 4625 ό
3489 4567 3697 4629 ἐκεῖνος

2117 4648 2382 4716 ἐγκρίνοι.
2425 4647 2484 4699 ’0
2517 4647 2573 4698 δὲ
2603 4647 2748 4710 ὅσιος
2778 4651 3074 4720 γράμματι
3107 4651 3263 4715 αὖθις
3292 4653 3502 4722 ἐδήλου,
3523 4655 3694 4706 ταῦτα

2119 4737 2262 4791 κατὰ
2313 4738 2461 4802 λέξιν
2501 4740 2818 4804 ἐπιστείλας
2863 4742 3043 4812 αὐτῇ·
3095 4760 3114 4793 ι
3172 4743 3436 4807 Γίνωσκε,
3479 4744 3689 4807 τέκνον,

2119 4831 2201 4882 ὅτι
2233 4829 2260 4880 ὁ
2291 4829 2535 4894 διάϐολος
2582 4833 2725 4902 ὁρῶν
2759 4833 2850 4885 τὸν
2897 4832 3127 4885 πλοῦτον
3155 4834 3262 4885 τῶν
3299 4837 3407 4887 σῶν
3453 4837 3691 4906 άρετῶν,

2119 4919 2424 4988 ὲξῃτήσατό
2453 4939 2511 4974 σε
2545 4924 2788 4977 σινιάσαι
2821 4926 2894 4988 ὡς
2926 4925 3016 4978 τὸν
3046 4928 3192 4978 σῖτον
3213 4940 3227 4954 ·
3264 4928 3360 4980 καὶ
3407 4929 3434 4981 ό
3478 4927 3696 4997 λυμεὼν

2119 5013 2326 5074 ἐκεῖνος
2361 5015 2658 5081 Θεοδόσιος,
2691 5016 2899 5085 δοχεῖον
2947 5020 3039 5070 καὶ
3074 5019 3309 5088 ὄργανον
3331 5020 3426 5073 τοῦ
3459 5021 3696 5091 πονηροῦ

2118 5104 2378 5173 γεγονὼς,
2409 5107 2506 5175 τὴν
2555 5108 2778 5177 Θεοφιλῆ
2824 5126 2921 5163 σου
2974 5109 3152 5180 ψυχὴν
3197 5113 3447 5181 ὲζὸφωσέ
3492 5131 3551 5167 τε
3603 5116 3700 5167 καὶ

2117 5199 2503 5268 συνετάραξεν.
2542 5199 2704 5254 Ἀλλὰ
2762 5199 2998 5272 θάρσειο
3031 5203 3091 5256 οὐ
3147 5203 3257 5274 γάρ
3311 5207 3557 5259 ἐκλείπει
3604 5223 3698 5260 σου

2116 5288 2148 5357 ἠ
2198 5288 2406 5353 πίστις.
2450 5289 2594 5359 Ἐγὼ
2646 5291 2701 5345 δὲ
2756 5293 2915 5346 τοῦτο
2944 5294 3063 5348 λίαν
3093 5295 3451 5367 τεθαύμακα,
3481 5299 3563 5351 ὅτι
3600 5297 3698 5368 τὴν

2113 5380 2297 5452 πηγὴν
2330 5380 2531 5451 ἔχουσα
2574 5385 2669 5436 καὶ
2699 5385 2910 5455 ταύτην
2948 5387 3241 5455 ἀγνοοῦσα,
3276 5389 3556 5461 μακρόθεν
3603 5391 3697 5443 τοῦ

2114 5469 2304 5532 ὕδατος
2351 5471 2612 5542 ἀντλῆσαι
2674 5475 3051 5539 ἐσπούδασας.
3117 5479 3304 5548 Ἔχεις
3367 5479 3551 5533 τοίνυν
3605 5481 3698 5535 τὸν

432 5533 652 5606 longius
691 5552 890 5607 aquam
931 5539 1297 5598 hauriendam
1332 5553 1569 5614 peteres.
1618 5549 1802 5607 ilahes
1838 5555 2006 5624 igitur

2120 5563 2374 5631 θεοφόρον
2439 5564 2754 5634 Εὐθύμιον·
2787 5567 2924 5622 ἕπου
2983 5570 3166 5622 τοίνυν
3219 5573 3342 5635 ταῖς
3396 5572 3564 5628 αὑτοῦ
3616 5572 3698 5627 δι·-

505 5699 580 5770 (l)
613 5698 670 5756 ln
701 5701 857 5773 cujus
881 5704 1144 5764 honorem
1173 5710 1433 5783 templum
1476 5714 1863 5789 Hierosolymis
1909 5732 2285 5780 cousu'uctum
2328 5726 2528 5785 luerat.
2553 5729 2751 5801 Evagr.
2786 5730 2883 5786 lib.
2908 5747 2968 5803 tt,
2989 5748 3111 5802 cap.
3141 5733 3197 5791 5.
