4074 6208
249 321 320 385 73
1175 311 1774 376 ECCLESIASTICIE
1813 309 1840 368 Ι

1949 311 2199 369 τυΒιίΕ
2234 310 2381 369 LIB.
2428 309 2550 368 XV.
3431 306 3506 369 ἠ

252 441 449 500 πένητι
481 427 828 482 συνετέλεσεν
855 427 930 489 είς
963 426 1339 493 παραμυθίαν.
1377 424 1559 490 φωνῆς
1587 421 1830 492 ἀρρήτου

1949 420 2221 482 ritaretur,
2249 418 2394 488 quod
2429 420 2630 472 misero
2665 418 2740 472 illi
2769 418 2822 472 in
2850 417 2940 472 tali
2979 430 3111 471 casu
3141 414 3276 470 nihil
3323 414 3504 468 solatii

255 523 407 592 παρὰ
437 521 598 585 δόξαν
631 519 941 588 φερομένης
973 516 1171 586 ὑψόθεν
1207 517 1416 580 ἀκούει,
1442 515 1517 566 Οὐ
1546 512 1724 582 χρεών
1745 529 1824 576 σε,

256 617 412 674 Δέον.
445 613 730 680 λεγούσης,
758 611 997 679 ἀγωνιᾷν
1023 627 1036 639 ·
1074 609 1242 675 ἐγγὺς
1291 609 1398 676 γὰρ
1436 608 1495 659 τδ
1517 605 1662 674 ὕδωρ
1696 605 1826 658 ἰδού.

271 708 329 761 Ὀ
370 707 428 761 δὲ
457 706 535 774 τῷ
569 705 706 772 ξένῳ
754 701 1128 766 καταπλαγεὶς
1175 699 1274 767 τῆς
1325 698 1528 766 φωνῆς,
1576 697 1829 766 ἀνεζήτει

257 797 422 848 πάλιν
455 794 555 863 τὴν
595 792 692 844 τοῦ
740 790 932 851 ὓδατος
983 788 1220 858 εὕρεσιν.
1275 788 1420 840 Ἀλλ’
1461 787 1702 855 ἀτεχνῶς
1736 786 1830 839 καὶ

257 881 412 949 οὗτος
446 885 646 952 τυφλὸς
699 878 791 953 ἦν,
841 880 1073 950 περιιὼν
1109 879 1209 948 μὲν
1261 880 1459 941 ἐκεῖνο,
1515 878 1718 948 ῆκιττα
1773 877 1830 928 δὲ

259 979 424 1048 δρῶν.
458 977 532 1030 Τό
560 993 618 1028 τε
650 976 758 1044 γὰρ
785 974 880 1042 τῆς
906 971 1040 1040 ὕλης
1067 972 1332 1040 ἀπεῖργεν
1365 969 1698 1038 ἀμφιλαφὲς,
1735 970 1832 1020 καὶ

259 1071 320 1120 τὸ
348 1067 525 1132 τέλμα
560 1063 833 1127 συνεστὼς
855 1066 909 1125 ἐς
943 1063 1103 1132 βάθος
1139 1064 1303 1131 μέγα,
1331 1061 1424 1114 τὸν
1449 1061 1618 1129 ἄνδρα
1645 1060 1834 1131 πόρρω

263 1166 600 1234 ἀπήλαυνεν.
635 1160 798 1214 Ὅθεν
838 1159 933 1212 καὶ
963 1157 1251 1228 ἀχθομένῳ
1271 1155 1453 1226 ἐῴκει,
1479 1158 1526 1208 εί
1554 1155 1726 1208 ταῦτα
1757 1155 1833 1222 τῷ

261 1254 760 1326 χειραγωγουμὲνῳ
801 1251 1031 1320 πάσχειν
1061 1250 1208 1318 ἐξῆν.
1251 1247 1446 1300 Ἔνθεν
1478 1246 1556 1316 τῷ
1590 1247 1666 1314 νῷ
1698 1263 1834 1314 συμ-

261 1349 472 1399 ϐάλλων
507 1347 576 1398 τὰ
606 1347 698 1414 τῆς
732 1345 938 1412 φωνῆς,
973 1345 1067 1396 καὶ
1102 1342 1162 1394 τὸ
1191 1341 1336 1408 ὕδωρ
1381 1339 1537 1399 αὖθις
1569 1340 1700 1391 ὅπου
1729 1339 1838 1390 διε-

265 1439 626 1508 ρευνώμενος.
661 1439 820 1490 πάλι)
851 1439 908 1488 ὲν
945 1435 1158 1506 μεθέξει
1192 1436 1289 1503 τῆς
1324 1435 1449 1503 ἴσης
1479 1433 1666 1502 φωνῆς
1691 1432 1837 1497 γίνε-

262 1550 368 1596 ται,
401 1532 499 1599 ἡδύ
526 1547 579 1581 τι
613 1531 705 1580 καὶ
729 1529 949 1580 ἀστεῖον
986 1525 1192 1579 ἄνωθεν
1215 1523 1532 1593 ἐξηκούσης,
1551 1522 1612 1574 τό
1633 1538 1691 1573 τε
1723 1521 1837 1572 6νο-

268 1641 340 1690 μα
369 1621 524 1689 αὐτῴ
553 1619 962 1686 προστιθείσης,
985 1619 1079 1669 καὶ
1112 1618 1172 1668 τὸ
1201 1617 1394 1685 μέλλον
1421 1615 1544 1667 ὅσον
1566 1612 1721 1665 οὔπω
1741 1613 1836 1679 τῆς

267 1711 546 1779 βασιλείας
574 1709 722 1778 αὐτῷ
748 1708 1251 1778 ἐπ.σφραγιζούσης
1267 1708 1482 1775 ἀξίωμα
1503 1722 1516 1737 ⁸
1547 1707 1662 1769 καὶ,
1681 1705 1836 1762 Λέον,

1938 510 2187 564 conferre
2217 519 2423 580 posset,
2457 527 2642 564 vocem
2673 508 3048 563 incredibilem
3069 517 3266 576 praeter
3297 505 3511 575 Opinio-

1939 617 2065 656 nem
2092 609 2312 656 omnem
2353 618 2418 656 ex
2477 603 2588 656 alto
2623 601 2689 654 ad
2742 617 2801 656 se
2836 601 3071 655 delatam
3127 599 3328 662 audiit,
3390 609 3513 664 qua:

1939 693 2147 748 diceret
2171 711 2184 747 :
2208 694 2326 748 Non
2357 696 2429 747 ita
2453 695 2726 750 anxietate
2754 703 2804 746 te
2827 691 3089 746 macerari
3117 698 3355 759 oportet,
3376 688 3512 748 Leo,

1938 800 2069 838 ecce
2099 799 2237 853 aqua
2269 799 2438 853 prope
2469 793 2570 838 est.
2608 783 2846 838 Proinde
2883 798 3021 836 nova
3075 783 3176 836 liae
3203 794 3335 835 voce
3374 796 3513 833 con-

1941 885 2239 935 sternatus,
2271 875 2454 928 denuo
2476 874 2674 926 undam
2733 872 3017 941 inquirere
3043 871 3264 925 institit.
3309 870 3416 925 Sed
3454 880 3512 924 et

1944 967 2058 1032 ipse
2085 979 2262 1019 caecus
2291 979 2520 1033 prorsus
2550 963 2674 1018 fuit.
2710 962 2928 1017 Circum
2971 977 3092 1015 eam
3119 961 3268 1015 enim
3323 976 3512 1014 versa-

1945 1057 2125 1120 batur,
2163 1057 2388 1111 minime
2421 1067 2603 1110 tamen
2635 1073 2756 1111 eam
2791 1056 3014 1110 videbat
3045 1073 3059 1108 :
3087 1055 3232 1124 quod
3279 1064 3332 1108 et
3364 1054 3516 1108 silva:

1947 1151 2133 1204 densa:
2161 1150 2406 1218 opacitas
2444 1151 2504 1204 ei'
2532 1150 2798 1212 obstaret,
2830 1156 2888 1203 et
2931 1162 3149 1202 ctennm
3188 1144 3517 1216 profundius

1945 1242 2096 1295 illum
2119 1241 2245 1296 inde
2264 1251 2590 1297 removeret.
2610 1242 2960 1310 Quapropter
2973 1239 3168 1316 partim
3201 1238 3515 1308 indignans,

1943 1334 2088 1401 quod
2115 1348 2278 1402 quem
2339 1348 2502 1386 manu
2544 1332 2778 1386 duxerat
2813 1346 3000 1385 caecus
3056 1345 3357 1383 {erumnam
3392 1345 3512 1381 nam

1946 1435 2251 1494 pateretur,
2305 1425 2505 1493 partim
2560 1437 2752 1477 vocem
2800 1438 2922 1475 eam
2995 1421 3049 1473 in
3106 1420 3289 1473 animo
3356 1419 3514 1472 lixam

1945 1517 2329 1582 considerans,
2361 1526 2416 1570 et
2446 1531 2643 1584 aquam
2673 1529 2894 1567 rursum
2932 1512 3291 1580 investigatis,
3337 1510 3520 1563 denuo

1944 1625 2066 1665 eam
2105 1610 2278 1678 ipsam
2328 1608 2576 1662 exaudiit
2635 1621 2803 1659 suave
2853 1604 3113 1674 quiddam
3160 1612 3216 1658 et
3278 1603 3517 1656 facetum

1949 1701 2167 1755 rmlitus
2191 1710 2477 1753 sonantem
2523 1713 2733 1752 vocem.
2766 1696 2902 1751 Nam
2936 1709 2992 1750 et
3036 1695 3103 1749 de
3140 1694 3360 1747 nomine
3392 1708 3518 1745 eum

265 1765 431 1869 ἔρεισιν
453 1765 705 1862 obtusi;
726 1765 970 1865 βασιλέι),
1005 1765 1288 1846 εἰσιὼν-τὸ
1314 1765 1838 1862 ’συνηρεφὲς-τόποι

1949 1793 2312 1859 υοιιινριιιινίι,
2338 1800 2394 1845 et
2423 1791 2762 1860 imperialem
2793 1789 3118 1856 dignitatem
3149 1786 3330 1857 primo
3376 1800 3521 1854 quo-

269 1894 362 1941 καὶ
390 1891 711 1952 κατάσκιον,
743 1889 852 1938 κάκ
879 1886 968 1938 τοῦ
994 1884 1220 1953 θολεροῦ
1252 1882 1404 1936 τοῦδε
1431 1882 1622 1943 ὓδατος
1648 1880 1839 1947 ὑδρευ-

277 1984 532 2048 σάμενος,
575 1981 670 2031 καὶ
718 1977 813 2030 τοῦ
871 1976 1124 2038 ίλυώδονς
1174 1975 1438 2043 τέλματος
1489 1973 1625 2040 μετὰ
1655 1974 1841 2041 χεῖρας

273 2069 479 2127 λαϐὼν,
510 2068 782 2136 ἐπίχρεσον
815 2066 914 2132 μὲν
943 2066 1069 2125 τοὺς
1100 2061 1412 2131 ὀφθαλμοὺς
1439 2060 1516 2129 τῷ
1546 2059 1727 2128 πηρῴ,
1751 2058 1843 2109 καὶ

281 2160 340 2211 τὸ
369 2159 515 2227 δίψος
545 2156 842 2209 ἀκέσασθαι
895 2153 1300 2224 προθυμήθητι.
1357 2153 1516 2215 Ἷίτις
1549 2151 1605 2203 δέ
1639 2155 1754 2220 εἰμι
1779 2152 1842 2202 ἐκ

276 2252 471 2304 πολλοῦ
501 2258 591 2303 τὸν
626 2250 803 2319 χῶρον
833 2247 1258 2319 κληρωσαμὲνη,
1286 2247 1380 2299 καὶ
1427 2244 1522 2297 ἐπὶ
1567 2244 1743 2312 τούτῳ
1779 2242 1844 2310 δὴ

269 2343 601 2411 γαννυμὲνη,
633 2342 694 2394 οὐ
736 2341 928 2393 πολλοῦ
956 2340 1123 2408 δεήσῃ
1159 2339 1366 2413 γνῶναι,
1409 2338 1472 2387 ἐκ
1505 2335 1595 2388 τοῦ
1623 2335 1840 2387 αὐτίκα.

269 2436 342 2486 Σὺ
370 2434 416 2486 δ’
447 2433 562 2484 ἀλλ’
584 2433 656 2484 ti);
694 2433 761 2484 ἂν
790 2432 884 2484 καὶ
911 2433 977 2484 τὰ
1012 2430 1144 2499 πρὸς
1177 2426 1326 2481 οἶκόν
1360 2443 1448 2496 μοι
1474 2425 1803 2492 εὑτρεπίσῃς
1824 2439 1840 2453 ·

264 2521 310 2592 ᾧ
340 2527 640 2593 ἐπιμᾱλλον
671 2525 766 2586 τὰς
795 2521 1072 2591 διατριϐὰς
1092 2519 1199 2584 ἔξω
1233 2519 1473 2579 καὶτοὺς
1508 2517 1844 2585 περιπάτους

268 2617 451 2686 ἡδίους
499 2615 835 2684 ποιήσομιιο
871 2613 938 2665 δι’
987 2607 1048 2664 οὗ
1097 2614 1194 2664 καὶ
1250 2613 1416 2664 πᾶσιν
1479 2610 1841 2678 αξτουμένοις,

271 2709 487 2764 καὶτὸν
540 2711 704 2762 τόπον
752 2707 902 2777 πόοῳ
941 2705 1459 2776 καταλαμϐάνουσιν
1514 2704 1842 2758 ἁδιστὰκτου

275 2806 509 2866 πίστεως
541 2803 1002 2872 ὲπιμιγνυμένης,
1033 2800 1322 2870 ἐπαρκέσω
1345 2799 1561 2862 πάντως
1587 2814 1601 2828 ·
1636 2797 1730 2850 καὶ
1757 2796 1843 2849 οὒ-

271 2897 361 2949 δέν
414 2898 566 2949 ἐστιν
595 2895 785 2964 ἔμοιγε
815 2894 844 2946 ὃ
879 2892 1186 2960 ἀντιϐλέψει
1234 2893 1296 2943 τὸ
1331 2891 1616 2960 παράπαν,
1642 2891 1733 2943 καὶ
1769 2887 1844 2958 μὴ

273 2987 470 3037 θᾶττον
495 2985 630 3048 εῐξει
663 2985 728 3050 τῇ
763 2980 1052 3049 δυναστείᾳ
1072 2996 1087 3010 ·
1121 2980 1224 3032 κᾶν
1253 2979 1462 3048 δαίμων
1495 2980 1604 3047 εἴη,
1635 2981 1738 3032 κᾶν
1762 2977 1844 3031 νό-

1946 1897 2051 1950 que
2100 1883 2149 1936 ei
2189 1891 2432 1950 tempore
2465 1882 2828 1934 adventuram
2866 1889 3020 1934 certo
3049 1877 3416 1943 denuntiavit,
3447 1877 3523 1930 ita

1946 1971 2204 2041 inquiens
2255 1992 2267 2026 :
2308 1973 2418 2026 Leo
2467 1973 2788 2041 imperator,
2840 1971 3070 2023 densum
3127 1971 3274 2022 hunc
3299 1978 3356 2023 et
3395 1984 3519 2019 um-

1945 2067 2170 2120 brosum
2209 2067 2393 2119 lucum
2447 2066 2751 2134 ingressus,
2787 2062 3059 2115 turbidam
3093 2076 3289 2130 aquam
3334 2059 3520 2118 hauri,

1944 2173 2117 2226 caque
2151 2157 2296 2210 sitim
2331 2156 2567 2210 hominis
2602 2156 2732 2224 aegri
2764 2155 2925 2210 reﬁce
2955 2171 2969 2208 :
3013 2165 3070 2208 et
3110 2155 3300 2206 limum
3329 2167 3518 2207 emno-

1946 2267 2066 2304 sum
2100 2250 2358 2302 manibus
2416 2265 2572 2314 cape,
2625 2265 2734 2316 quo
2801 2247 2929 2302 (ξιουί
2996 2248 3186 2302 oculos
3242 2246 3499 2314 inungas.

1944 2344 2110 2414 628
2133 2345 2262 2408 Quae
2281 2356 2410 2395 vero
2443 2341 2568 2403 sim,
2600 2340 2808 2394 dudum
2843 2341 2992 2394 illinc
3021 2339 3278 2393 obtinens
3315 2339 3518 2396 locum.

1947 2450 2123 2504 coque
2155 2447 2240 2486 me
2291 2431 2601 2495 oblectans,
2641 2447 2762 2484 mox
2822 2431 2983 2484 scies.
3015 2430 3094 2482 Tu
3146 2430 3230 2481 fac
3261 2437 3321 2479 ut
3351 2427 3520 2480 aufem

1947 2528 2036 2580 hic
2068 2526 2200 2580 mihi
2229 2538 2442 2578 sacram
2514 2531 2824 2585 conslrnas,
2857 2523 2909 2575 in
2941 2536 3046 2591 qua
3082 2520 3379 2574 identidem
3405 2532 3524 2572 ver-

1946 2634 2058 2678 ser.
2101 2625 2159 2672 et
2193 2619 2438 2671 suaviter
2463 2614 2814 2670 deambnlem
2852 2633 2864 2668 :
2897 2616 2948 2668 in
2978 2630 3083 2684 qua
3111 2615 3272 2667 etiam
3294 2629 3525 2684 precan-

1948 2711 2096 2765 tibus
2127 2709 2408 2768 omnibus,
2444 2709 2739 2776 locumque
2772 2708 2917 2761 hunc
2944 2722 3068 2761 cum
3107 2707 3302 2761 ardore
3329 2715 3385 2760 et
3417 2705 3524 2759 tida

1945 2809 2097 2858 certa
2138 2798 2492 2862 adeuntibus,
2524 2807 2708 2868 optata
2767 2810 3019 2868 praestem
3069 2799 3275 2853 omnia.
3303 2799 3526 2868 -Neque

1946 2891 2356 2960 quidqnamest
2399 2906 2644 2958 prorsus,
2688 2893 2833 2959 quod
2887 2891 3017 2944 mihi
3055 2893 3403 2954 adversetur,
3468 2904 3525 2947 et

1948 2999 2055 3036 ItOn
2093 2984 2357 3038 continuo
2390 2984 2646 3048 νοιοςιιιιί
2679 2999 2814 3037 mem
2878 2999 3158 3036 cessurum
3188 2985 3281 3047 sit,
3309 2984 3520 3040 etiamsi

276 3091 388 3138 σος,
425 3076 626 3144 ἰατρῶν
657 3074 716 3124 ὲν
747 3071 985 3141 δευτέρῳ
1007 3070 1208 3138 γνῶσιν
1241 3070 1475 3134 τιθεῖσα,
1510 3070 1612 3123 κᾶν
1644 3087 1695 3120 τι
1717 3069 1842 3122 ἄλλο

1951 3076 2165 3128 όςιιιιιοη
2198 3075 2290 3130 sit.
2318 3084 2415 3126 ant
2451 3076 2674 3127 morbus
2705 3078 2797 3142 qui
2839 3092 3054 3126 otunem
3093 3087 3317 3143 superet
3349 3077 3527 3130 nmli~

274 3169 410 3226 τέως
446 3168 544 3219 σὺν
586 3166 730 3234 λόγῳ
759 3164 1106 3232 αίτούμενον.
1163 3162 1418 3224 Πεισθεὶς
1447 3159 1541 3215 οὖν
1587 3160 1784 3214 αὐτίκα
1820 3163 1848 3213 ό

278 3262 426 3313 Λέων
456 3262 523 3325 τῇ
557 3258 735 3324 λαλιᾷ,
792 3256 883 3307 καὶ
926 3254 1021 3308 τοῦ
1055 3254 1228 3324 πηλοῦ
1282 3255 1587 3322 λαϐόμενος
1623 3257 1719 3306 καὶ
1753 3253 1847 3305 τοῦ

278 3354 539 3418 νάματος,
592 3347 944 3416 ὀλιγωροῦντι
999 3350 1091 3400 καὶ
1125 3350 1184 3400 τὸ
1242 3347 1458 3415 πνεῦμα
1501 3348 1848 3416 σὸεννυμένῳ

279 3459 523 3508 φαινεται
579 3441 654 3509 τῲ
706 3440 927 3508 τυφλῷο
988 3440 1084 3491 καὶ
1147 3443 1288 3509 χρίει
1341 3439 1443 3507 μὲν
1494 3439 1687 3506 ἐκείνῳ
1719 3440 1848 3499 τοὺς

278 3534 593 3605 όφθαλμοὺς
645 3531 721 3602 τῷ
757 3532 911 3602 τιηλῷ
949 3533 1089 3585 κατὰ
1139 3535 1230 3584 τὸν
1287 3534 1349 3583 ὲκ
1383 3533 1608 3600 γενετῆς
1643 3533 1849 3581 ἐκεῖνον

281 3627 506 3693 τυφλόν·
541 3622 661 3677 εἶτα
711 3627 808 3675 καὶ
835 3624 927 3676 τοῦ
974 3623 1163 3686 ὓδατος
1212 3625 1556 3693 μετασχόντι,
1590 3625 1684 3674 καὶ
1721 3624 1848 3684 τοὺς

281 3717 592 3785 ὀφθαλμοῦ,
625 3716 1007 3784 ἁνατρίῴαντι,
1029 3714 1218 3784 (βαϐαὶ
1248 3714 1354 3764 τῶν
1379 3713 1485 3766 σῶν
1516 3713 1844 3781 μεγαλεέων,

282 3805 674 3874 Ηεογεννήτρια
696 3805 735 3870 1)
771 3803 996 3868 Σιλωὰμ
1029 3805 1223 3870 ἐκείνῳ
1263 3803 1323 3852 τὸ
1353 3800 1576 3870 θολερὸν
1604 3801 1696 3850 τοῦ
1725 3800 1849 3851 ῦὸ.-

281 3915 370 3961 τος
404 3903 497 3949 καὶ
529 3901 558 3949 ό
605 3896 772 3965 πηλὸς
813 3896 1045 3962 γίνεται.
1101 3895 1275 3956 Εὐθὺς
1309 3896 1414 3964 γὰρ
1469 3894 1592 3962 όρᾷ,
1631 3893 1721 3945 καὶ
1761 3895 1849 3944 τὸν

283 3989 498 4057 χρόνιον
547 3987 865 4039 ἀποτίθεται
918 3986 1129 4049 σκότον,
1163 3984 1483 4054 παραδόξοις
1518 3983 1733 4053 ὄμμασι
1773 3983 1849 4053 τῷ

284 4079 780 4147 ήλὶῳὲνατενίζων,
829 4077 1030 4147 μᾶλλον
1074 4077 1130 4128 δὲ
1183 4079 1249 4146 τῇ
1284 4076 1389 4128 ίλύῖ
1418 4079 1512 4128 καὶ
1553 4075 1846 4144 τῷηπηλῴ.

286 4171 494 4241 Ὠσπερ
529 4172 638 4240 γὰρ
660 4173 688 4222 ό
720 4169 872 4238 ἣλιος
903 4168 1121 4239 πρῶτον
1161 4168 1334 4231 διδοὺς
1371 4171 1437 4237 τῇ
1470 4165 1596 4236 ὄψει
1618 4168 1677 4220 τὸ
1710 4169 1844 4234 φῶς,

283 4261 494 4333 πρῶτος
517 4263 615 4314 καὶ
649 4262 798 4327 παρὰ
833 4264 1035 4329 ταύτης
1069 4254 1264 4330 ὁρᾶται
1292 4301 1306 4324 ,
1336 4259 1480 4312 οὕτω
1527 4259 1622 4312 νῦν
1671 4263 1847 4328 φωτὸς

283 4353 516 4421 χορηγὸς
545 4355 838 4422 γενόμενος
867 4356 893 4404 ό
926 4354 1114 4423 πηλὸς,
1144 4352 1361 4421 πρῶτος
1389 4353 1582 4423 ὁρᾶται
1609 4352 1686 4422 τῷ
1715 4355 1848 4405 ἀνα-

1952 3169 2427 3230 cin:ecuram,aut
2452 3167 2597 3220 aliud
2629 3169 2958 3236 quidquam,
2989 3167 3132 3234 quod
3173 3168 3385 3221 tactura
3413 3185 3521 3222 non

1951 3261 2075 3317 sim.
2112 3258 2411 3310 dummodo
2445 3257 2547 3310 rite
2587 3257 2784 3325 pieque
2812 3257 2883 3310 sit
2919 3259 3176 3326 petitum.
3219 3257 3415 3312 Verbis
3439 3259 3524 3314 eis

1953 3349 2062 3402 Leo
2091 3365 2307 3414 parens,
2341 3363 2558 3402 cumum
2591 3359 2646 3402 et
2673 3351 2870 3402 undam
2899 3348 2967 3402 ad
3011 3364 3214 3403 caseum
3246 3365 3438 3418 parum
3469 3351 3525 3406 id

1946 3443 2056 3508 jam
2083 3449 2390 3506 curantem,
2434 3451 2494 3494 ut
2525 3440 2578 3492 in
2609 3454 2719 3509 quo
2752 3439 2985 3508 spiritus
3012 3456 3184 3510 prope
3217 3443 3528 3497 exstinctus

1951 3544 2119 3594 esset,
2144 3531 2327 3584 attulit
2359 3548 2374 3584 :
2405 3541 2458 3585 et
2486 3532 2682 3585 oculos
2704 3532 2826 3601 ejus
2852 3533 2992 3596 luto,
3034 3547 3140 3586 non
3174 3548 3338 3588 secus
3359 3547 3524 3605 atque

1953 3623 2214 3676 Servatur
2263 3622 2411 3676 illius
2449 3638 2478 3676 a
2507 3623 2794 3678 nativitate
2849 3623 2999 3688 caeci,
3053 3624 3236 3680 linivit
3272 3645 3286 3680 :
3321 3628 3523 3682 deinde

1952 3715 2116 3769 etiam
2189 3730 2386 3782 aquam
2438 3715 2692 3783 pra’buit,
2750 3717 2944 3772 oculos
2989 3719 3330 3774 attrectanli.
3383 3721 3524 3774 Ecce

1952 3815 2132 3859 autem
2165 3806 2420 3874 majestas
2451 3817 2507 3862 et
2532 3807 2938 3877 magnificentia
2965 3817 3096 3875 tua,
3126 3825 3160 3865 ο
3218 3808 3315 3866 Dei
3361 3810 3520 3865 Geni-

1955 3898 2080 3960 trix,
2121 3914 2180 3952 se
2206 3899 2452 3964 exhibet,
2479 3908 2534 3954 et
2565 3901 2769 3955 misero
2798 3902 2875 3956 illi
2909 3917 3049 3971 aqua
3076 3903 3294 3958 turbida
3328 3915 3384 3958 et
3437 3905 3523 3958 lu-

1957 3999 2069 4043 tum
2099 3989 2246 4046 Siloe
2301 3991 2380 4045 iit.
2411 3992 2710 4047 Confestim
2776 3995 2923 4048 enim
2972 3995 3148 4050 visum
3200 3995 3414 4066 recipit,
3469 4007 3526 4051 et

1953 4081 2245 4135 diuturnas
2303 4083 2492 4152 abjicit
2541 4085 2823 4149 tenebras,
2884 4087 3062 4140 oculis
3118 4099 3315 4155 praeter
3369 4103 3520 4156 spem

1953 4188 2191 4234 omnem,
2228 4175 2421 4236 solem,
2451 4190 2548 4228 seu
2603 4177 2787 4245 potius
2826 4193 3046 4232 caenum
3092 4189 3150 4233 et
3211 4182 3386 4234 lutum
3444 4182 3525 4234 in-

1953 4262 2208 4330 Spiciens.
2233 4264 2406 4317 Sicuti
2431 4281 2662 4335 namque
2685 4268 2762 4321 sol
2787 4269 3045 4336 primum,
3070 4272 3160 4338 qui
3188 4273 3324 4326 visui
3346 4273 3520 4329 lucem

1954 4354 2164 4422 primus
2192 4354 2304 4419 dat,
2338 4355 2404 4409 ab
2437 4371 2502 4409 eo
2521 4359 2891 4426 conspicitur,
2919 4360 2999 4414 sic
3021 4371 3134 4414 tum
3155 4363 3351 4428 lutum,
3373 4367 3518 4433 quod

286 4445 561 4513 ϐλέψαντι.
593 4447 700 4511 Kal.
749 4445 906 4496 τοῦτο
929 4445 994 4514 δὴ
1036 4446 1098 4496 τὸ
1131 4442 1460 4514 παράδοξονο
1490 4445 1515 4494 ὃ
1540 4444 1650 4512 γὰρ
1675 4445 1842 4513 ερρω-

1956 4445 2137 4496 lunicn
2171 4444 2242 4496 illi
2280 4444 2747 4510 subministrarat,
2784 4451 3023 4516 primum
3062 4451 3131 4503 ab
3161 4468 3224 4506 eo
3263 4463 3347 4506 est
3389 4470 3526 4508 con-

289 4537 424 4607 μένῃ
443 4539 511 4604 τῇ
540 4536 660 4603 ὄψει
679 4537 795 4587 ἐστὶ
829 4536 1106 4603 πολέμιον,
1131 4534 1288 4586 τοῦτο
1327 4533 1420 4586 νῦν
1445 4537 1543 4604 τὴν
1577 4534 1691 4598 ἕξιν
1715 4536 1848 4586 ἁπο-

285 4627 584 4698 ϐαλλομένῃ
621 4629 884 4696 σωτήριον
911 4627 1143 4693 γίνεται.

836 4896 1087 4949 ΚΕΦΛΛ.
1131 4892 1278 4963 ttq'.

269 4987 620 5059 .'Ex-,cpamc
643 4989 748 5043 τοῦ
769 4992 934 5043 θείου
960 4989 1112 5043 ναοῦ
1144 4989 1254 5057 τῆς
1283 4985 1511 5056 Πηγῆς,
1535 4987 1609 5042 ὃν
1630 4992 1662 5044 ό
1689 4988 1854 5044 Λέων

891 5059 1231 5127 ἀνήγειρεν.

344 5173 489 5225 Ἀλλ’
513 5173 543 5223 ό
565 5173 720 5226 Λέων
753 5172 850 5241 μὲν
875 5174 928 5233 ἐς
958 5172 1184 5242 ὕστερον
1215 5175 1358 5226 κατὰ
1388 5175 1486 5242 τὴν
1505 5173 1602 5243 τῆς
1637 5175 1856 5244 Θεομή-

273 5282 430 5337 τορος
471 5265 786 5336 πρόρρησιν
823 5264 901 5334 τῷ
954 5247 1218 5334 ’βασιλείῳ
1267 5264 1442 5336 θρόνῳ
1500 5266 1854 5336 ὲνιδρυσθεὶς,

276 5360 475 5410 αὐτίκα
513 5357 612 5425 τὴν
640 5359 918 5424 εὐεργέτιν
948 5357 1257 5424 ἀμείϐεται.
1309 5358 1421 5409 Καὶ
1469 5357 1533 5424 δὴ
1560 5359 1648 5410 τὸν
1689 5359 1856 5409 τόπον

274 5453 481 5502 ἐκεῖνον
508 5449 612 5516 τῆς
647 5448 791 5510 ἰλύος
818 5449 1195 5519 ἀνακαθάρας,
1249 5452 1344 5503 καί
1375 5449 1475 5517 τῆς
1503 5454 1688 5520 πηγῆς
1726 5453 1855 5504 ἁνα-

277 5544 568 5612 οτομώσας
587 5541 693 5609 τὴν
713 5540 909 5607 φλέϐα,
934 5541 989 5604 ἐς
1017 5541 1148 5595 πολύ
1179 5561 1232 5594 τι
1267 5545 1359 5595 καὶ
1383 5544 1528 5613 μέγα
1561 5560 1614 5594 τι
1656 5542 1854 5611 βάθους

276 5638 386 5696 ξων,
423 5634 748 5702 ἐκκαθαίρει
781 5634 881 5702 μὲν
906 5633 1073 5700 αὐτῆς
1097 5636 1243 5687 ἆπαν
1274 5635 1429 5688 νόθον
1458 5636 1550 5687 καὶ
1576 5639 1851 5704 περιττόν·

274 5726 594 5795 περικύκλῳ
652 5725 706 5775 δὲ
739 5724 940 5790 ταύτην
973 5724 1172 5786 ίκανῶς
1212 5725 1518 5798 διαφράξας
1571 5724 1855 5796 οἰκοδομίᾳ

493 5824 766 5882 PaTRoL.
805 5827 916 5882 tia.
953 5821 1248 5884 CXLVII.

1951 4543 2220 4602 Spectum.
2249 4535 2364 4599 Qua
2399 4535 2452 4588 in
2492 4551 2550 4588 re
2581 4536 2716 4591 illud
2748 4539 2912 4592 etiam
2945 4543 3333 4597 admirandum
3398 4545 3525 4602 fuit.

1952 4626 2086 4679 Nam
2119 4626 2265 4695 quod
2311 4628 2486 4683 oculis
2530 4629 2846 4686 valentibus
2897 4634 3131 4690 maxime
3175 4637 3527 4704 adversatur,

1955 4718 2008 4772 id
2033 4729 2168 4784 tum,
2202 4729 2394 4775 natura
2437 4731 2492 4776 et
2528 4723 2581 4778 vi
2619 4739 2716 4778 sua
2751 4725 3017 4795 deposita,
3047 4729 3288 4786 salutare
3336 4743 3421 4786 est
3448 4734 3531 4786 ta-

1955 4817 2131 4864 ctum.

2518 4903 2744 4962 CAPUT
2785 4907 2974 4966 XXVI.

1957 4992 2249 5065 Descriptio
2291 4997 2431 5048 sacri
2463 5001 2644 5074 templi
2664 5039 2679 5061 ,
2713 5002 2796 5053 cui
2832 5000 3017 5056 Fontis
3048 5021 3238 5061 nomen
3273 5008 3523 5074 inditum,

2502 5088 2532 5122 a
2565 5069 2735 5122 Leone
2765 5074 2981 5128 conditi.
3259 5074 3270 5094 ’
3405 5079 3408 5082 ’

2029 5177 2139 5232 Leo
2181 5189 2390 5248 postea.
2429 5197 2528 5250 pro
2558 5198 2624 5236 eo
2652 5194 2818 5254 atque
2853 5186 2903 5240 ei
2954 5187 3050 5242 Dei
3093 5188 3350 5245 Genitrix
3388 5207 3530 5262 prte-

1959 5270 2191 5337 dixerat,
2243 5272 2312 5326 ad
2361 5272 2648 5343 imperiale
2693 5277 2947 5333 sublatus
2991 5279 3299 5352 fastigium,
3341 5287 3529 5340 statim

1961 5377 2058 5430 pro
2086 5372 2240 5417 tanto
2265 5365 2412 5419 illius
2447 5367 2500 5418 in
2529 5382 2589 5420 se
2615 5368 2884 5423 benclieio
2911 5371 2958 5424 ei
2991 5374 3223 5441 gratiam
3253 5379 3528 5444 rependit.

1961 5453 2026 5506 Et
2055 5454 2177 5507 loco
2209 5472 2277 5508 eo
2313 5467 2630 5526 repurgato,
2672 5469 2728 5513 et
2761 5461 2930 5516 fontis
2970 5479 3106 5516 vena
3139 5467 3406 5521 altissime
3448 5470 3533 5521 in-

1959 5547 2225 5614 vestigata
2263 5557 2318 5600 ct
2347 5551 2623 5612 restituta,
2647 5554 2916 5622 (μιὶιιιμιίιι
2956 5567 3072 5609 erat
3103 5560 3244 5612 C(Blti
3278 5569 3330 5611 et
3368 5568 3530 5616 terra:

1959 5649 2192 5706 aggesta:
2231 5641 2563 5708 ejiciendum
2597 5647 2810 5698 curavit
2842 5666 2854 5700 :
2887 5656 2940 5700 ct
2965 5647 3112 5700 fonte
3142 5649 3260 5717 ipso
3289 5649 3532 5704 circum.

1961 5746 2178 5800 quaque
2210 5743 2489 5788 structura
2525 5736 2699 5789 solida
2734 5742 2903 5808 probe
2953 5741 3188 5800 munito,
3229 5741 3536 5808 delubrum

3117 5834 3154 5892 3
