4074 6208
353 316 415 383 ’Π
1275 319 1876 382 -ΕαςιΕειΑδΤιοΑι
1916 319 2305 404 HISTQRLE
2345 323 2492 383 LIB.
2533 325 2654 386 XV.
3521 327 3596 392 78

354 434 654 502 ἀνοίγνυσιν
684 447 699 464 ⁶
737 433 771 502 ἠ
841 433 941 502 μὲν
998 436 1318 504 κυκλοτερεῖ
1356 436 1490 506 λίθῳ
1539 435 1922 505 ἐνηρμοσμένη

2036 432 2306 496 dividens,
2337 434 2505 500 probe
2530 435 2736 502 ubique
2766 436 3032 490 munitus.
3054 434 3196 490 Cava
3228 449 3463 506 superne
3485 437 3602 492 duo

354 527 484 580 κατὰ
517 525 682 594 μέσον
707 525 802 578 τὸν
831 526 1028 595 δόμον·
1084 528 1116 596 ἠ
1148 527 1193 578 δ’
1231 527 1398 597 ἐτέρα
1449 527 1749 594 γειτνιὰζει
1783 527 1922 594 πρὸς

353 621 415 671 τὰ
447 620 608 671 ἄδυτα
642 619 980 689 ἑτερόμηκες
1015 619 1376 689 περικειμένη
1417 620 1477 671 τὸ
1509 619 1733 687 ἔλυτρον
1761 633 1774 646 ·
1829 617 1923 684 ἀφ’

353 709 409 762 οὗ
431 713 522 764 καὶ
553 711 644 762 τὸν
678 711 823 780 ἱερὸν
855 711 1024 780 πηλὸν
1079 711 1172 763 καὶ
1229 711 1531 781 καθάρσιον
1577 709 1926 763 δοιδυκοειδεί

351 817 450 853 τινι
482 801 637 870 πτύῳ
660 801 941 868 ἀρύονται,
973 797 1055 864 οἷς
1081 800 1256 854 ταῦτα
1288 803 1690 876 ἐπιτέτραπται
1721 803 1925 869 ὑπουρ-

352 893 490 958 γεῖν.
537 890 821 960 Κέκραται
848 891 904 942 δὲ
937 892 1026 944 καὶ
1065 892 1128 943 τὸ
1155 892 1296 960 ’ὕδωρ
1333 894 1413 954 είς
1460 892 1760 962 παράδοξον
1785 893 1924 944 ἕνω-

353 997 451 1034 σιν.
486 979 593 1032 Τοῦ
618 997 677 1032 τε
703 981 810 1049 γὰρ
838 979 1047 1050 ψυχρὸν
1090 983 1441 1034 παντάπασιν
1473 981 1613 1036 εἶναι
1646 984 1805 1047 ἐνδεῖ,
1829 984 1925 1035 καὶ

351 1071 443 1122 τοῦ
489 1070 712 1138 χλιαρὸν
751 1064 891 1123 εἶναι
929 1071 1091 1122 πάλιν
1129 1070 1462 1138 ἀφίσταται·
1494 1071 1570 1135 ὡς
1603 1073 1925 1136 συμϐαίνειν

351 1163 604 1215 παντοίαν
625 1141 718 1212 καὶ
739 1161 864 1214 ὅσον
892 1161 1138 1229 γίνεσθαι
1170 1164 1282 1223 τοῖς
1308 1163 1554 1216 ἐθέλουσι
1589 1163 1729 1215 κατὰ
1763 1163 1822 1215 τὸ
1848 1163 1924 1230 τῷ

356 1255 530 1324 μάννα
553 1235 837 1324 ᾀδόμενον.
874 1255 1032 1306 Ἐστι
1059 1254 1114 1307 δὲ
1145 1256 1212 1308 τὰ
1241 1254 1475 1323 μάλιστα
1523 1255 1716 1316 διειδές
1741 1271 1800 1305 τε
1834 1255 1928 1307 καὶ

355 1343 574 1412 κοῦφον,
603 1347 722 1406 ταῖς
758 1342 853 1396 τοῦ
884 1344 1196 1413 πνεύματος
1224 1345 1420 1414 αὔραις
1466 1345 1628 1414 ίερῶς
1663 1361 1927 1414 μετεωρι-

351 1436 599 1504 ζόμενον.
638 1437 748 1489 Καὶ
773 1437 831 1487 τὸ
856 1435 920 1505 δὴ
946 1438 1165 1489 πάντων
1202 1436 1301 1488 ὑπε
1314 1439 1686 1506 ρεκκείμενον,
1713 1437 1794 1489 ὅτι
1817 1439 1929 1488 τῶν

350 1528 612 1580 ἐναντίων
639 1527 781 1581 εἶναι
814 1527 1118 1597 θεραπείαν
1156 1529 1218 1579 τὸ
1252 1526 1398 1597 ὕδωρ
1428 1529 1586 1581 τοῦτο
1617 1528 1925 1597 συμϐαίνει.

349 1613 449 1670 Ὧν
477 1621 586 1688 γὰρ
631 1621 663 1687 ἡ
707 1621 873 1690 τέχνη
924 1621 1252 1688 νοσημάτων
1303 1622 1503 1672 ἀπεῖπε
1559 1621 1660 1690 τὴν
1692 1622 1821 1689 περὶ⁵
1869 1621 1930 1672 τὸ

2026 523 2245 576 habet:
2298 525 2532 578 alterum
2583 524 2764 594 lapide
2818 527 3060 579 rotundo
3112 538 3487 582 constructum
3542 527 3599 581 in

2028 614 2206 666 medio
2243 614 2430 681 templi
2464 614 2587 667 loco
2619 631 2632 667 :
2671 615 2904 669 alterum
2938 614 3005 667 ad
3049 615 3273 686 adytum
3305 617 3604 686 appropin-

2026 712 2184 771 quat,
2217 704 2431 758 labrum
2473 704 2693 773 longius
2742 720 2905 772 quam
2948 705 3115 759 latius
3153 706 3364 766 habens
3395 725 3408 760 :
3434 708 3602 760 .unile

2029 796 2192 849 etiam
2249 809 2466 847 sacrum
2505 795 2639 848 illud
2685 804 2744 850 et
2791 796 3016 850 lustrale
3063 796 3236 850 lutum
3272 797 3496 851 vasculo
3545 798 3602 851 in

2029 888 2337 942 coc-hlearis
2383 890 2614 942 formam
2655 886 2796 942 facto
2846 888 2922 942 illi
2975 888 3256 953 hauriunt,
3293 889 3496 958 quibus
3541 888 3601 943 id

2030 979 2401 1032 ministerium
2447 979 2802 1033 commissum
2839 988 2942 1032 est.
2976 978 3146 1046 Aquae
3195 980 3353 1033 istius
3388 993 3484 1046 per
3518 979 3603 1034 in-

2031 1070 2350 1123 credibilem
2391 1071 2707 1123 inistiouem
2741 1069 2968 1123 miriﬁca
3013 1079 3096 1123 est
3132 1069 3467 1135 temperies:
3505 1086 3603 1123 ne-

2029 1176 2138 1229 que
2169 1160 2313 1213 enim
2345 1175 2507 1227 supra
2543 1160 2766 1213 modum
2815 1160 2993 1224 gelida
3037 1169 3139 1222 est,
3174 1169 3228 1212 et
3257 1175 3287 1213 a
3316 1160 3600 1228 tepiditate

2029 1253 2265 1306 multum
2311 1252 2466 1305 abest
2501 1268 2516 1302 :
2558 1251 2629 1304 ita
2668 1262 2726 1303 ut
2757 1265 2877 1303 eam
2914 1250 3260 1317 omnigenam
3294 1259 3350 1303 et
3383 1250 3600 1318 qualem

2031 1345 2268 1413 quisque
2298 1343 2434 1396 velit
2479 1357 2602 1396 esse
2630 1344 2930 1407 contingat,
2966 1357 3074 1395 non
3115 1356 3278 1395 secus
3309 1356 3468 1408 quam
3509 1343 3607 1394 de-

2032 1441 2316 1485 cantatum
2362 1431 2495 1484 illud
2540 1431 2757 1484 Manna.
2789 1433 2878 1485 list
2907 1443 3090 1484 autem
3125 1431 3399 1497 pellucida
3436 1431 3607 1482 maxi-

2030 1537 2119 1575 me
2169 1533 2224 1575 et
2269 1521 2433 1584 levis,
2493 1522 2726 1590 spiritus
2777 1536 2906 1573 aura
2949 1511 3116 1574 sacro
3150 1519 3390 1588 quodam
3441 1519 3605 1572 modo

2033 1622 2350 1667 extenuata.
2385 1612 2448 1665 Et
2473 1612 2620 1680 quod
2653 1613 2756 1665 alia
2788 1611 2970 1665 onn'ria
3005 1623 3252 1680 superat,
3287 1627 3608 1680 resquoquc

349 1708 558 1778 ψυχρὶν
577 1708 858 1778 ἀσχολίαν,
890 1709 1097 1762 τούτων
1119 1709 1302 1781 εὕροις
1340 1711 1409 1765 ἂν
1439 1712 1515 1773 ὠς
1538 1711 1733 1763 Θᾶττον
1755 1707 1930 1779 τούτῳ

2036 1707 2340 1760 contrarias
2369 1708 2515 1760 unda
2549 1708 2664 1762 haec
2698 1717 2876 1760 curat.
2911 1706 2986 1760 De
3024 1707 3227 1776 quibus
3257 1707 3406 1761 enim
3447 1705 3606 1775 {egri-

349 1798 448 1869 τὴν
478 1801 647 1854 tactv.
691 1799 943 1852 Τοιοῦτον
989 1802 1086 1870 μὲν
1124 1799 1220 1854 οῦν
1253 1802 1280 1852 ό
1323 1801 1472 1853 Λέων
1497 1800 1558 1851 τὸ
1590 1799 1817 1867 τέμενος
1860 1801 1926 1869 τῇ

350 1888 654 1957 Θεομήτορι
685 1889 900 1954 ἀνιστᾷ,
938 1888 1126 1959 Πηγὴν
1159 1889 1255 1942 τὸν
1286 1889 1466 1958 χῶρον
1513 1887 1889 1956 κατονομάσας
1909 1902 1924 1916 ⁸

352 1978 588 2042 ἐξαίσιον
624 1973 737 2032 οἷον
795 1980 978 2044 ἰδόντι,
1044 1983 1295 2053 κρεῖττον
1367 1981 1422 2032 δὲ
1473 1981 1505 2048 ἢ
1569 1982 1771 2046 λέγειν.
1819 1981 1930 2032 Καὶ

351 2069 538 2122 τοῦτον
564 2069 656 2128 τὸν
681 2070 882 2140 τρόπον
909 2072 945 2140 ἡ
1000 2073 1058 2124 ἐν
1107 2071 1186 2141 τῷ
1215 2071 1369 2124 ὕδατι
1414 2072 1574 2142 χάρις
1603 2069 1927 2140 ἐξέλαμψεν.

363 2161 451 2224 Ἐς
479 2159 707 2231 ὕστερον
757 2161 814 2214 δὲ
841 2161 934 2213 καί
971 2179 1117 2225 τινες
1167 2163 1321 2217 ἄλλοι
1353 2163 1698 2234 προσθήκαις
1725 2161 1931 2215 οἰκοδο-

346 2255 626 2323 νμημάτων
662 2253 754 2306 τὸν
783 2253 962 2325 χῶρον
988 2255 1310 2324 ἐσέμνυναν,
1347 2253 1544 2318 κάλλος
1575 2253 1928 2325 περιεργότε-

353 2357 444 2410 ρον
477 2339 854 2411 περιθέμενοι,
895 2342 990 2394 καὶ
1018 2339 1360 2410 ὡραιοτέραν
1411 2339 1490 2409 τῷ
1522 2340 1673 2411 τόπῳ
1723 2341 1932 2407 ἐπαγα-

351 2433 540 2501 γόντες
595 2434 933 2501 εὐπρέπειαν
966 2449 980 2464 ο
1016 2433 1160 2486 καθὰ
1209 2434 1346 2504 δῆτα
1398 2434 1494 2488 καὶ
1549 2432 1933 2495 Ἰουστινιανδς

349 2525 581 2595 ὕστερον
609 2526 700 2577 τὸν
751 2524 1012 2595 μέγιστον
1042 2525 1140 2578 καὶ
1171 2526 1475 2596 περικαλλῆ
1507 2525 1671 2594 δόμον
1705 2525 1931 2594 ἀνήγει-

352 2633 438 2685 ρε,
464 2617 562 2685 τῆς
594 2616 915 2684 εὐεργεσίας
951 2617 1122 2686 αὐτὴν
1166 2617 1554 2686 ἀμειϐόμενος.
1611 2615 1832 2686 Ταύτης
1865 2616 1932 2688 δὴ

351 2711 452 2778 τῆς
479 2709 664 2778 πηγῆς
687 2709 722 2762 ἃ.
747 2709 1022 2778 διαφόρως
1061 2710 1333 2779 ἐνήργησε
1372 2709 1650 2778 θαύματα,
1679 2711 1843 2779 ἡμεῖς
1876 2710 1934 2761 ἐν

351 2800 471 2869 ἰδίῳ
498 2797 1202 2867 συντάγματιόιελάϐομεν,
1232 2799 1443 2870 ἀνδρῶν
1476 2815 1638 2852 τινων
1669 2799 1934 2867 φιλοθέων

349 2890 434 2949 εἰς
476 2887 638 2940 τοῦτο
662 2885 1084 2956 διερεθισὰντων
1130 2888 1280 2956 ἡμᾶς
1309 2904 1324 2919 ⁸
1371 2888 1430 2950 ἐξ
1461 2882 1523 2940 οῦ
1556 2887 1652 2939 καὶ
1682 2888 1750 2938 τὰ
1801 2883 1934 2954 περὶ

349 2978 450 3047 τῆς
476 2977 660 3046 πηγῆς
685 2975 780 3028 ὡδί
810 2993 902 3042 μοι
933 2977 1238 3045 λελεγμένα
1266 2976 1655 3044 ἀποτεμόντες,
1688 2978 1754 3045 τῇ
1796 2992 1936 3046 πσρ-

2035 1798 2320 1852 tudinibus
2360 1798 2562 1868 frigore
2592 1798 2842 1852 homines
2859 1796 3226 1866 aﬂligentibus
3248 1812 3339 1851 ars
3367 1796 3608 1850 medico-

2034 1905 2154 1941 rum
2189 1889 2454 1943 curandis
2488 1889 2824 1957 desperavit,
2859 1890 2940 1942 eis
2978 1888 3163 1941 statim
3198 1889 3251 1941 in
3293 1888 3384 1942 illa
3429 1888 3602 1944 medi-

2026 1979 2216 2033 cinam
2274 1979 2553 2034 invenias.
2606 1979 2737 2034 Tale
2791 1979 3087 2032 delubrum
3136 1977 3246 2031 Leo
3299 1978 3394 2031 Dei
3443 1978 3618 2031 matri

2041 2072 2242 2136 erexit,
2274 2083 2438 2140 atque
2489 2072 2540 2125 id
2571 2071 2807 2126 Fontem
2863 2070 3166 2125 nominavi:
3193 2087 3207 2122 :
3237 2085 3398 2139 opus,
3438 2070 3483 2123 si
3519 2069 3605 2123 vi-

2033 2163 2196 2227 deas,
2248 2164 2460 2232 insigne
2500 2181 2514 2218 :
2559 2164 2910 2232 praestantius
2933 2171 3093 2217 certe
3127 2177 3292 2232 quam
3329 2173 3390 2216 ut
3421 2161 3608 2217 verbis

2033 2255 2298 2324 explicari
2343 2264 2530 2324 queat.
2567 2253 2627 2308 in
2675 2255 2846 2309 fontis
2891 2254 3057 2316 unda,
3085 2269 3150 2307 ea
3177 2269 3340 2322 quam
3370 2253 3610 2307 diximus

2036 2346 2211 2414 gratia
2243 2345 2462 2399 enituit.
2490 2344 2684 2399 Postea
2719 2360 2850 2399 vero
2871 2345 2964 2399 alii
2989 2344 3210 2414 quidam
3246 2344 3604 2399 a‘nliﬁciorum
3656 2402 3663 2409 _

2036 2435 2452 2490 accessionibus
2504 2435 2688 2490 locum
2735 2451 2859 2491 eum
2900 2445 3266 2498 exornarunt,
3301 2434 3610 2505 pulchritu-

2034 2526 2219 2579 dinem
2252 2527 2599 2594 adjectitiam
2631 2529 2682 2582 ei
2724 2527 3011 2588 addentes.
3040 2538 3096 2581 et
3123 2527 3502 2583 decentiorem
3533 2528 3608 2581 illi

2035 2618 2410 2673 arnmnitatem
2442 2620 2770 2689 ailjieientes
2795 2636 2811 2676 :
2840 2619 3308 2688 Quemadmodum
3348 2630 3402 2674 ct
3436 2620 3610 2676 ,1118ιί-

2038 2711 2239 2765 nianus
2299 2711 2650 2779 postmodum
2707 2715 2997 2766 maximam
3057 2723 3112 2766 et
3175 2712 3610 2781 pulcherrimam

2036 2801 2313 2856 exstruxit
2355 2803 2604 2866 domum,
2638 2805 2866 2872 gratiam
2910 2818 3028 2856 eam
3066 2819 3164 2870 pro
3199 2805 3478 2859 beneﬁciis
3515 2818 3612 2858 sc-

2038 2893 2217 2961 ceptis
2250 2892 2447 2962 virgini
2474 2893 2634 2947 Matri
2662 2896 2930 2948 referens.
2966 2895 3039 2948 De
3067 2895 3355 2950 mir-acuiis
3393 2910 3516 2963 qtae
3543 2898 3610 2947 ad

2035 2983 2244 3038 fonnem
2306 2985 2484 3053 ipsum
2533 2985 2939 3054 quamplurima
2989 2985 3137 3039 edita
3192 2995 3360 3052 sunt,
3411 2985 3611 3040 librum

351 3069 490 3139 (μύση
533 3069 907 3135 συνετάξαμεν
938 3068 1320 3138 πραγματείᾳ.
1366 3068 1558 3136 Ἡμεῖς
1602 3066 1644 3118 δ’
1681 3065 1796 3119 ἀλλ’
1838 3067 1933 3119 ἐπὶ

2036 3076 2466 3143 conscripsimus
2496 3074 2606 3144 (ιι),
2634 3091 2663 3128 a
2713 3077 2816 3142 piis
2858 3076 3190 3145 quibusdam
3223 3077 3378 3137 viris.
3418 3086 3478 3130 ut
3506 3077 3610 3130 hoc

347 3162 416 3214 τὸ
447 3163 670 3232 συνεχὲς
702 3162 803 3232 τῆς
838 3161 1082 3230 ἱστορίας
1110 3161 1412 3232 προΐωμεν.

916 3447 1174 3500 ΚΕΦΛΛ.
1217 3443 1342 3499 KZ".

359 3538 468 3605 ῗΩς
491 3538 658 3595 Λέων
704 3539 874 3606 χίλια
911 3539 1008 3592 καὶ
1034 3539 1252 3592 ἑκατὸν
1298 3538 1482 3592 πλοῖα
1519 3539 1671 3591 κατὰ
1714 3537 1930 3605 Γιζεξρί-

429 3628 544 3678 κου
565 3611 816 3677 ἔπεμπε,
867 3611 1206 3676 στρατηγὸν
1239 3610 1619 3678 Βασιλίσκον
1668 3611 1775 3661 τὸν
1818 3607 1930 3677 τῆς

428 3677 689 3748 γαμετῆς
720 3680 984 3746 Βιιρίνης
1014 3678 1286 3748 ἀδελφὸν
1329 3677 1436 3732 τοῦ
1463 3678 1690 3748 στόλου
1740 3695 1933 3746 χειρο-

429 3746 728 3815 τοὸθήσας·
760 3749 829 3813 ὃς
857 3746 1191 3813 ὑποθήκαις
1233 3749 1542 3816 "on/spor;
1591 3747 1689 3801 καί
1733 3748 1929 3813 Ἀρδα-

417 3821 671 3887 -6οιῬίου
706 3820 812 3871 τὸν
870 3820 1099 3870 στόλον
1155 3817 1464 3885 προῦδωκε
1510 3817 1634 3886 τοξς
1668 3816 1926 3887 ἐχθροῖς.

429 3886 544 3942 Καί
563 3891 644 3953 ὼς
663 3887 928 3955 ἀνῃρέθη
963 3887 1202 3954 Ἀσπαρ
1246 3887 1343 3939 καί
1382 3887 1794 3954 Ἀρδαϐούριος
1832 3886 1931 3955 διὰ

429 3961 712 4023 Ζήνωνος
742 3957 850 4011 τοῦ
900 3957 1212 4023 Ἰσαύρουο
1247 3955 1349 4011 καί
1371 3955 1468 4009 διὰ
1506 3956 1684 4010 τοῦτο
1717 3954 1817 4008 ἐπὶ
1856 3954 1932 4022 τῇ

428 4034 676 4096 θυγατρὶ
719 4029 980 4091 Λέοντος
1040 4025 1110 4095 τῇ
1176 4024 1454 4094 Ἀριάδνῃ
1525 4027 1785 4094 γαμϐρὸς
1823 4027 1930 4078 τοῦ

418 4098 734 4162 ,ϐασιλέως
774 4096 1120 4149 καθίστατο.

425 4191 706 4259 Γιζέριχος
738 4190 766 4240 ὁ
794 4188 914 4240 τῶν
935 4188 1260 4258 Οὖανδήλων
1290 4187 1544 4257 βασιλεὺς
1568 4187 1677 4240 τῶν
1707 4187 1930 4256 Ἄφρων

343 4282 660 4350 κατάρξας,
685 4279 761 4342 ὥς
795 4297 888 4350 μοι
916 4279 1300 4350 προλέλεκται,
1345 4283 1438 4332 καὶ
1463 4281 1557 4333 ἐπὶ
1592 4280 1736 4349 μέγα
1765 4280 1931 4332 δυνάο

2037 3167 2373 3231 taceremus,
2405 3166 2651 3220 excitati.
2695 3164 2858 3220 Unde
2887 3166 3050 3219 etiam
3086 3182 3150 3220 ea
3185 3181 3319 3236 .qua-
3365 3167 3434 3221 de
3453 3167 3613 3220 .l‘unte

2037 3257 2300 3321 diximus,
2356 3259 2410 3311 in
2459 3272 2600 3326 opus
2648 3256 2755 3311 hoc
2800 3258 3206 3311 transtulimus.
3252 3257 3358 3313 Sed
3403 3259 3514 3330 jam
3544 3259 3610 3312 ad

2043 3349 2312 3417 reliquam
2349 3348 2636 3401 historiam
2669 3348 3114 3416 progrediamur.

2482 3462 2644 3533 631
2688 3461 2914 3518 csrur
2955 3461 3172 3517 xxv".

2033 3552 2104 3607 Ut
2147 3552 2252 3607 Leo
2283 3553 2426 3608 mille
2463 3563 2510 3607 et
2536 3562 2746 3607 centum
2786 3569 2944 3606 naves
2966 3592 2981 3617 ,
3022 3565 3208 3607 contra
3243 3551 3612 3612 Censericham

2109 3627 2347 3686 miserit,
2405 3624 2954 3695 Basiliscorconjugis
3009 3640 3122 3678 sua:
3195 3624 3398 3680 Vcrina!
3445 3628 3614 3695 fratre

2106 3696 2268 3747 classi
2296 3695 2565 3764 prwfecto,
2603 3694 2693 3763 qui
2719 3695 2968 3746 instinctu
2989 3703 3037 3746 et
3063 3695 3281 3748 consilio
3308 3694 3524 3764 Asparis
3555 3708 3608 3752 et

2110 3766 2397 3818 Arilaburii
2431 3766 2653 3817 classem
2697 3764 2926 3816 hostibus
2957 3766 3226 3832 prodidit:
3265 3775 3313 3817 et
3345 3775 3400 3817 ut
3444 3769 3616 3834 Aspar

2107 3842 2155 3886 et
2207 3834 2537 3898 Ardalmrius
2589 3849 2621 3885 a
2669 3837 2882 3886 Zenone
2936 3835 3124 3887 Isauro
3177 3835 3429 3888 trucidati
3483 3837 3613 3889 sint.

2109 3906 2284 3970 Quam
2323 3905 2384 3957 ob
2409 3919 2652 3968 causam,
2681 3906 2920 3957 Ariadna
2965 3904 3150 3957 Leonis
3190 3904 3307 3971 ﬁlia
3337 3907 3392 3958 in
3428 3908 3616 3959 matri-

2112 3975 2343 4028 monium
2370 3980 2550 4038 ducta,
2585 3975 2628 4026 is
2657 3989 2816 4044 gener
2844 3974 2955 4043 ejus
2989 3983 3066 4028 est
3098 3975 3295 4044 factus.

2098 4198 2480 4255 .Genseriehus
2515 4198 2882 4254 Vandalorum
2918 4215 3034 4265 rex,
3064 4201 3159 4271 qui
3188 4201 3393 4267 Africa,
3421 4204 3614 4273 quem-

2039 4287 2334 4342 admodum
2375 4303 2406 4340 a
2457 4304 2540 4342 me
2590 4289 2796 4342 dictum
2833 4300 2939 4353 est,
2991 4293 3222 4358 potitus,
3269 4307 3463 4362 magna
3518 4307 3619 4362 po-

348 4392 504 4443 μεως
521 4373 823 4442 προελθὼν,
855 4375 995 4441 μετὰ
1012 4372 1071 4424 τὺ
1093 4371 1400 4424 ἀποὸιῶναι
1415 4372 1756 4442 Ηαρκιανδν,
1783 4370 1932 4424 πλεῖ-

2043 4381 2210 4434 tentia
2246 4388 2442 4433 auctus
2476 4387 2580 4442 est,
2611 4389 2731 4448 post
2763 4379 3020 4433 Marciani
3055 4380 3303 4446 obitum,
3345 4385 3610 4438 ditionem

347 4480 458 4515 στα
486 4463 640 4516 δεινά
667 4464 823 4532 ἔδρα,
849 4462 949 4532 τὴν
990 4461 1286 4531 Ῥωμαίων
1301 4463 1405 4532 γῆν
1431 4462 1620 4514 ἐπιών.
1643 4461 1789 4516 Πλὴν
1826 4461 1936 4530 γὰρ

348 4554 725 4624 Καρθαγένης
768 4553 958 4608 πασῶν
983 4553 1093 4606 τῶν
1125 4552 1335 4606 πόλεων
1389 4553 1636 4623 περιεῖλε
1661 4552 1731 4620 τᾲ
1754 4553 1934 4621 τείχη.

346 4652 499 4703 Ὅσα
531 4650 589 4700 δὲ
618 4650 881 4718 χρήματα
916 4645 1014 4697 καὶ
1064 4643 1229 4714 ἀγροὶ
1266 4647 1378 4704 τοῖς
1411 4645 1690 4714 ἑσπερίοις
1737 4645 1936 4698 Λίϐυσι

350 4743 674 4813 προσῆσαν,
704 4738 931 4791 ἐκείνων
945 4737 1304 4807 ἀφελόμενος,
1342 4739 1454 4799 τοῖς
1482 4737 1777 4806 ὁμοφύλοις
1801 4738 1938 4789 ἁπε-

344 4836 638 4906 χαρίζετο.
675 4833 786 4885 Καὶ
825 4833 947 4883 λίαν
973 4830 1222 4901 ἐξέτριδε
1246 4831 1306 4882 τὸ
1325 4830 1589 4901 ὑπήκοον,
1616 4829 1814 4898 φόρους
1840 4831 1936 4882 ἐπὶ

345 4929 545 4997 φόροις
568 4925 846 4994 τιθείς.Τῇ
864 4922 1031 4994 πολλῇ
1055 4924 1112 4977 δὲ
1131 4922 1476 4992 ταλαιπωρίᾳ
1493 4922 1936 4992 ἐκπιεζόμενοιοί

344 5020 626 5089 περίοικοι
650 5016 1078 5085 ἀπεδίδρασκον·
1113 5007 1195 5077 οἷς
1224 5014 1523 5083 ἀχθόμενος
1551 5013 1726 5078 Λέων,
1749 5014 1812 5066 ἐκ
1835 5012 1939 5083 τῆς
1975 5014 1982 5020 ’

343 5107 463 5160 ὑπὸ
495 5109 657 5178 χεῖρα
690 5109 870 5175 πάσης
907 5107 1071 5158 πλοῖα
1115 5105 1266 5175 χίλια
1293 5105 1389 5158 καὶ
1417 5104 1615 5156 ἑκατὸν
1649 5103 1935 5174 ἀθροίσας,

340 5194 536 5247 ὃπλων
565 5211 623 5247 τε
651 5194 951 5265 πληρώσας
992 5195 1088 5247 σὺν
1113 5193 1396 5265 ἀξιομάχῳ
1432 5193 1671 5264 στρατῷ,
1700 5194 1843 5247 κατά
1876 5211 1936 5246 τε

341 5287 643 5357 Γιξερὲχου
705 5289 799 5342 καὶ
860 5289 963 5340 τῶν
1015 5289 1341 5359 υὺανδήλων
1389 5289 1687 5357 ἐκπέμπει·
1747 5281 1937 5355 Ἒφηῖ)

347 5379 540 5449 στόλῳ
579 5380 727 5450 χίλια
749 5380 1000 5434 διακόσια
1029 5379 1236 5450 χρυσοῦ
1278 5381 1610 5451 κεντηνάρια
1637 5381 1792 5449 λόγος
1822 5381 1937 5451 ἔχει

338 5469 667 5539 δαπανῆσαι
696 5472 863 5526 αὐτόν
885 5488 902 5504 ο
936 5472 1062 5534 τοὺς
1089 5471 1136 5524 δ’
1161 5472 1400 5535 ἐλῶντας
1447 5474 1547 5534 τὰς
1608 5472 1740 5536 ναῦς
1792 5474 1934 5542 ὑπὲρ

339 5565 497 5616 ἐτττά
525 5565 769 5632 χιλιάδας
803 5561 967 5620 εἶναι.
1004 5566 1113 5618 Καὶ
1141 5567 1451 5636 στρατηγὸν
1480 5567 1527 5620 δ’
1559 5568 1934 5638 αὐτοκράτορα

418 5680 502 5747 (l)
542 5677 655 5732 lloc
675 5689 779 5745 est,
809 5689 1031 5734 centum
1072 5678 1360 5734 librarum.

2043 4471 2419 4525 Romanorqu
2448 4472 2873 4526 excursionibus
2909 4473 3212 4542 plurimum
3243 4472 3480 4529 amisit:
3521 4491 3616 4529 ur-

2043 4561 2194 4615 bium
2256 4563 2525 4622 omnium,
2581 4562 3360 4634 praeterquamCarthaginis,
3414 4567 3615 4621 muenia

2042 4655 2235 4709 d-iruit.
2269 4655 2338 4710 Et
2363 4655 2632 4726 quidquid
2663 4657 2914 4725 pecunia:
2962 4666 3018 4711 et
3067 4657 3182 4726 agri
3231 4658 3612 4714 occidentales

2040 4745 2242 4818 Libyes
2291 4748 2556 4822 habuere,
2609 4750 2662 4804 id
2715 4750 2824 4804 illis
2866 4749 3206 4819 ademptum,
3239 4752 3610 4821 popularibus

2045 4840 2162 4892 suis
2195 4839 2350 4893 dedit
2382 4857 2398 4895 :
2441 4841 2788 4912 subditisque
2833 4845 2970 4903 suis.
3007 4842 3213 4896 tributa
3259 4844 3482 4898 tributis
3516 4860 3614 4898 ac-

2047 4933 2402 4997 cumulando,
2432 4937 2680 5000 apprime
2722 4934 2903 5003 gravis
2938 4935 3064 4987 luit.
3100 4933 3314 5000 Quibus
3355 4937 3619 4990 aerumnis

2045 5021 2256 5074 incolae‘
2298 5021 2500 5090 pressi,
2559 5022 2943 5090 profugerunt.
3000 5005 3171 5077 Porro
3219 5023 3344 5076 cum
3399 5022 3451 5076 id
3501 5021 3615 5077 Leo

2043 5128 2187 5182 :egrc
2222 5112 2413 5179 ferret,
2443 5128 2509 5166 ex
2546 5113 2755 5166 ditione
2785 5127 2884 5166 sua
2939 5112 3089 5166 omni
3125 5112 3272 5166 mille
3304 5121 3358 5166 et
3389 5121 3614 5166 centum

2046 5218 2213 5258 naves
2243 5206 2540 5269 contraxit,
2574 5207 2854 5272 annisque
2881 5213 2939 5258 ct
2977 5203 3155 5271 copiis
3193 5219 3301 5256 non
3337 5201 3619 5272 pmnitea-

2045 5296 2130 5350 dis
2183 5297 2478 5365 impositis.
2515 5312 2610 5351 eas
2661 5296 2924 5350 adversus
2957 5296 3354 5352 Genserichuui
3383 5307 3439 5349 et
3473 5295 3619 5350 Vau-

2045 5386 2197 5439 dalos
2223 5387 2390 5440 misit.
2423 5385 2484 5440 In
2524 5402 2644 5440 eam
2672 5386 2900 5440 class'mn
2953 5388 3102 5440 mille
3131 5398 3186 5442 et
3216 5386 3453 5440 ducenta
3487 5401 3616 5440 cen-

2045 5476 2255 5530 tcnaria
2317 5477 2438 5530 auri
2493 5476 2735 5546 pondera
2789 5478 3123 5548 impendisse
3171 5478 3270 5545 (ι),
3318 5475 3612 5542 eidemque

2043 5583 2210 5638 supra
2246 5577 2455 5638 septem
2505 5569 2677 5625 millia
2723 5572 2996 5640 remigum
3031 5569 3354 5626 attribuissc
3384 5565 3609 5622 dicitur.

406 5797 491 5857 (α)
527 5795 632 5845 Hoc
663 5809 784 5858 opus
809 5795 965 5847 edidit
990 5795 1158 5846 Ambr.
1188 5796 1490 5857 Pampereus
1525 5794 1728 5848 Viennae
1752 5795 1892 5846 1802.
1929 5795 2064 5847 Eutr.
