4070 6204
469 322 551 390 83
1695 327 2115 391 NICEPHORI
2153 328 2498 393 CALLISTI
3662 343 3731 408 δι

477 451 801 508 convocata,
849 442 1228 512 episcOpatum
1262 442 1542 513 deposuit,
1583 444 1770 500 verbis
1807 445 1959 502 hisce
1995 447 2038 501 ir

2158 447 2397 516 ἀξίωμα.
2448 449 2615 502 Ταῦτ’
2643 451 2895 516 εἰπόντος
2930 453 3025 506 καὶ
3057 452 3517 525 ἀναχωρήσαντος
3563 459 3724 530 Μαρ-

475 534 768 600 prresentia
818 533 1066 586 omnium
1119 548 1294 589 usus:
1327 534 1495 607 634
1532 535 1695 591 Clero
1727 537 1944 604 rebelli,
1990 549 2047 594 et

473 625 680 694 populo
711 625 1071 686 iuobedienti,
1095 637 1151 682 et
1179 628 1438 684 Ecclesiae
1469 631 1873 694 contaminatze,
1906 648 2048 686 nun-

477 716 611 770 tium
655 716 901 777 remitto,
936 718 1332 775 sacerdotalem
1367 720 1502 774 mihi
1551 737 1840 776 reservans
1869 723 2049 792 digni-

473 817 662 861 tatem.
696 806 812 863 lloc
852 808 944 862 ubi
983 808 1074 862 ille
1109 809 1267 872 dixit.
1299 822 1356 866 et
1385 815 1641 876 secessit,
1667 815 1962 883 Cnapheus
1991 817 2044 869 in

469 898 875 956 Antiochenam
935 904 1197 958 thronum
1239 905 1474 969 insiluit,
1529 906 2050 961 Chalcedonensem

471 992 747 1061 synodum
784 995 1080 1061 plurimum
1120 997 1413 1062 proscidit,
1446 1007 1611 1067 atque
1642 1013 1836 1052 omnes
1863 1013 2049 1053 acces-

469 1084 683 1138 sionem
712 1085 858 1139 illam
894 1097 978 1140 ter
1001 1091 1175 1142 sancti
1199 1089 1390 1160 hymni
1412 1106 1680 1156 usurpare
1699 1092 1893 1161 coegit.
1914 1091 2046 1156 Qua:

470 1186 563 1227 res
616 1186 906 1245 postquam
952 1187 1040 1233 est
1075 1178 1141 1232 ad
1195 1180 1507 1248 piissimum
1545 1180 1782 1235 Leonem
1833 1181 2039 1245 delata,

467 1265 736 1320 continuo
769 1267 1090 1338 Cnapheum
1129 1270 1195 1324 ad
1232 1272 1491 1325 exsilium
1537 1272 1948 1327 condemnavit.
1985 1273 2042 1328 ld

467 1370 604 1410 vero
630 1356 721 1413 ubi
750 1359 838 1414 ille
871 1361 1153 1432 cognovit,
1183 1363 1308 1432 fuga
1332 1361 1494 1417 saluti
1522 1379 1634 1419 sua:
1656 1364 1960 1428 consuluit,
1989 1373 2044 1418 et

467 1451 523 1504 in
552 1450 836 1506 domicilio
865 1453 1204 1507 insomnium
1226 1453 1617 1525 (Ἀκοιμήτων)
1647 1456 2042 1514 monachorum

466 1541 605 1594 clam
637 1541 819 1598 latuit.
869 1543 1131 1614 Cuapheo
1189 1544 1508 1614 Stephanus
1558 1547 1888 1601 substitutus
1935 1558 2038 1610 est,

468 1647 636 1701 quem
684 1635 1014 1690 Antiocheni
1072 1637 1259 1706 pueri,
1313 1636 1460 1704 quod
1517 1637 1730 1692 scilicet
1780 1637 2043 1706 Cnapbeo

469 1722 656 1778 adhuc
704 1725 907 1779 addicti
940 1736 1149 1791 essent,
1191 1729 1371 1782 acutis
1399 1729 1626 1782 calamis
1661 1729 1826 1783 veluti
1860 1730 2041 1798 cuspi-

468 1814 634 1867 dibus
673 1816 1018 1883 jugularuut,
1062 1826 1118 1872 et
1169 1818 1224 1873 in
1259 1833 1501 1882 amnem,
1529 1821 1624 1890 qui
1682 1824 1875 1874 urbem
1920 1835 2042 1874 eam

468 1905 826 1973 praeterfluit,
876 1909 1272 1979 coniecerunt,
1333 1911 1496 1964 sicuti
1559 1911 1799 1966 Joannes
1855 1911 2044 1965 rhetor

471 1996 660 2050 tradit.
725 1996 1011 2067 Stephano
1067 1999 1122 2053 in
1178 1999 1498 2070 episcopatu
1565 2002 1897 2068 Calandiou,
1945 2001 2040 2071 qui

469 2096 583 2139 tum
648 2087 1129 2157 Constantinopoli
1189 2104 1416 2161 prepter
1470 2094 1753 2162 negmium
1824 2104 2041 2148 eertum

463 2187 607 2240 erat,
637 2181 929 2234 successit.
963 2181 1063 2236 llic
1108 2192 1362 2251 quartam
1397 2185 1679 2252 synodum
1713 2172 2039 2250 delendens,

464 2271 742 2325 neminem
765 2274 918 2340 prius
938 2275 1002 2328 ad
1028 2277 1476 2331 communionem
1507 2278 1856 2343 admittebat,
1877 2295 2039 2348 quam

464 2364 690 2419 Petrum
744 2366 1065 2436 Cnapheum
1115 2379 1170 2421 et
1215 2369 1516 2424 circulares
1579 2385 1700 2438 quae
1758 2381 1947 2439 postea
2009 2387 2039 2425 a

462 2454 728 2509 Basilisco
763 2468 996 2526 tyranno
1037 2457 1202 2513 edita:
1251 2470 1381 2514 sunt
1425 2462 1660 2524 litteras,
1701 2462 2038 2516 anathemati

463 2545 814 2614 subiecisset.
871 2547 1022 2602 Idem
1068 2548 1314 2619 Cnapbei
1369 2551 1680 2606 actionibus
1733 2552 2036 2616 resistens,

462 2638 769 2692 accessiuni
814 2639 967 2693 illius
997 2641 1051 2692 in
1082 2656 1148 2694 eo
1177 2657 1341 2710 quem
1370 2641 1612 2695 diximus
1642 2642 1868 2710 hymno,
1902 2657 2040 2711 pra:-

460 2728 635 2793 misit,
688 2729 894 2785 Christe
943 2731 1077 2786 Rex.
1130 2733 1354 2788 Petrum
1418 2733 1738 2803 Cnapheum
1795 2744 2038 2804 quatuor

461 2820 566 2875 ista
609 2819 868 2876 Ecclesia:
922 2823 1210 2878 catholica!
1259 2825 1706 2879 commodissima
1763 2827 2037 2894 reperisse

460 2912 702 2968 dicunt:
761 2925 821 2968 nt
867 2932 1086 2970 sacrum
1140 2927 1483 2987 unguentum
1541 2919 1594 2972 in
1640 2919 1827 2989 populi
1866 2918 2034 2975 tutius

458 3007 756 3077 mtesentia
791 3019 1257 3064 consecraretur:
1296 3020 1354 3063 ut
1381 3010 1447 3063 ad
1486 3025 1767 3080 vesperam
1819 3020 2036 3065 saneto-

2155 541 2370 610 τυρίου,
2402 542 2430 594 ό
2460 542 2718 610 Κναφεὺς
2747 542 2825 611 τῷ
2852 543 2948 612 τῆς
2981 545 3265 615 Ἀντιόχου
3300 548 3478 617 θρόνῳ
3513 552 3725 622 ἐπιπη-

2153 630 2240 700 δᾷ.
2286 631 2452 695 πολὺς
2484 635 2627 686 κατὰ
2680 633 2781 702 τῆς
2828 637 2885 686 ὲν
2931 635 3236 706 Χαλκηδόνι
3289 639 3431 706 ῥέων
3469 641 3729 706 συνόδου,

2155 723 2251 775 καὶ
2301 723 2512 785 πάντας
2555 725 2656 793 τὴν
2705 723 2802 777 τοῦ
2835 727 3124 795 τρισαγίου
3169 729 3497 799 προσθήκην
3545 730 3731 800 λέγειν

2155 814 2612 880 καταναγκάζων.
2653 817 2720 868 Ἀ
2769 814 2960 883 δῆταιό
2990 817 3388 884 εύσεσέστατος
3426 820 3584 873 Λέων
3627 840 3730 890 μα-

2155 899 2286 961 θὼν.
2325 904 2625 971 φυγαδείαν
2656 903 2751 956 τοῦ
2807 907 3076 972 Κναφέως
3125 907 3288 970 εὐθὺς
3341 909 3727 976 κατεδίκαζεν.

2165 991 2221 1044 ’0
2253 992 2309 1046 δὲ
2341 996 2501 1060 γνοὺς
2529 997 2676 1063 φυγῇ
2718 994 2817 1064 τὴν
2853 997 3126 1065 σωτηρίαν
3156 999 3636 1068 ἐπραγματεύετο,
3669 1004 3728 1052 ὲν

2153 1085 2220 1152 τῇ
2275 1084 2390 1137 τῶν
2449 1084 2795 1154 Ἀκοιμήτων
2858 1089 2992 1157 μονῇ
3045 1087 3232 1155 κρύφα
3289 1089 3389 1158 τὴν
3437 1090 3728 1159 διατριϐὴν

2153 1171 2314 1242 ἔχων.
2359 1173 2463 1226 Τὸν
2495 1173 2552 1226 δὲ
2601 1175 2827 1243 Κναφέα
2871 1176 3146 1242 Στέφανος
3196 1175 3484 1247 διεδέχετο’
3511 1178 3570 1231 ὃν
3605 1178 3734 1233 Ἀνο

2152 1264 2383 1334 τιοχέων
2441 1267 2658 1328 παῖδες,
2699 1266 2779 1318 ἔτι
2811 1267 3204 1335 προσκείμενοι
3250 1267 3332 1338 τῷ
3363 1271 3596 1339 Κναφεῖ,
3627 1288 3726 1324 καφ

2150 1355 2348 1423 λάμοις
2383 1357 2476 1410 ἴσα
2533 1357 2758 1424 δόρασιν
2811 1357 3082 1422 όξυνθεῖσι
3119 1357 3544 1429 διαχειρίζονται
3573 1403 3588 1425 ,
3645 1364 3727 1429 τῷ

2148 1447 2249 1514 τὴν
2282 1445 2560 1516 Ἀντιόχου
2591 1446 2965 1517 παραρρέοντι
3023 1448 3430 1519 προσρίψαντες
3468 1453 3725 1522 ποταμῷ,

2150 1536 2226 1598 ὡς
2254 1535 2514 1604 Ἰωάννης
2547 1539 2575 1590 ὁ
2613 1536 2802 1606 ῥήτωρ
2849 1537 3121 1608 ἱστόρησε.
3157 1537 3308 1591 Μετὰ
3335 1539 3396 1592 δὲ
3449 1541 3726 1610 Στέφανον

2149 1627 2468 1680 Καλανδῐων
2521 1631 2586 1696 τῇ
2636 1619 3050 1682 Κωνσταντίνου
3106 1631 3393 1701 ἐπιδημῶν
3442 1633 3572 1696 τοὺς
3623 1635 3726 1704 τῆς

2150 1720 2463 1788 ἐπισκοπῆς
2515 1720 2714 1782 οἴακας
2773 1721 3173 1791 ἐγχειρίζεταιο
3229 1720 3291 1784 ὃς
3341 1723 3484 1794 ὑπὲρ
3509 1727 3606 1795 τῆς
3635 1742 3724 1778 τε·

2077 1805 2116 1859 Β
2149 1813 2352 1882 τάρτης
2386 1812 2607 1864 συνόδου
2637 1813 2841 1876 πνέων,
2873 1814 3066 1866 οὐδένα
3093 1815 3375 1884 προσίετο,
3407 1817 3456 1868 εί
3483 1819 3558 1886 μὴ
3591 1819 3720 1888 πρόο

2145 1921 2305 1974 τερον
2344 1903 2436 1956 τὸν
2467 1903 2698 1971 Κναφέα
2733 1903 2939 1974 Πέτρον
2973 1903 3233 1958 ὑποϐάλοι
3277 1905 3358 1974 τῷ
3388 1907 3720 1977 ἁναθὲματι,

2145 1997 2242 2050 καὶ
2287 1995 2360 2048 τὰ
2396 1995 2668 2066 ἐσύστερα
2697 1993 2966 2063 γενόμενα
3011 1996 3088 2064 τῷ
3122 1996 3376 2070 τυράννῳ
3411 1998 3724 2070 Βασιλίσκῳ

2143 2087 2432 2156 ἐγκύκλια.
2485 2089 2801 2144 Καλανρδίων
2840 2089 2898 2142 δὲ
2925 2087 3003 2154 τῷ
3058 2089 3272 2156 Κναφεί
3301 2092 3720 2160 ἀντιπράττων,

2142 2185 2264 2243 ταῖς
2297 2181 2508 2234 ἐκείνου
2561 2181 2908 2251 προσθήκαις
2949 2181 3261 2251 προσετίθει
3313 2181 3391 2250 τῷ
3441 2185 3727 2253 τρισαγίῳ

2143 2270 2220 2328 τὸ,
2260 2271 2479 2337 Χριστέ
2508 2269 2798 2323 Βασιλεῖ).
2829 2269 2968 2321 Φασί
3008 2285 3071 2335 γε
3103 2268 3209 2338 μὴν
3233 2267 3326 2321 τὸν
3353 2271 3572 2336 Κναιρέα
3614 2271 3716 2322 Πέ-

2140 2378 2271 2430 τρον
2310 2362 2404 2414 καὶ
2449 2361 2691 2429 τέσσαρα
2724 2359 2898 2412 ταῦτα
2934 2359 3201 2412 κάλλιστα
3227 2363 3294 2428 τῇ
3329 2358 3560 2413 καθόλου
3591 2360 3718 2412 Ἐκ·-

2141 2453 2345 2520 alneis.
2382 2452 2688 2521 ἐπινοῆσαι·
2721 2451 2818 2521 τὴν
2854 2450 2948 2503 τοῦ
2977 2451 3123 2502 θείου
3157 2450 3334 2520 μύρου
3366 2452 3718 2520 κατασκευὴν

2139 2546 2232 2596 ἐπὶ
2301 2543 2506 2606 παντὸς
2569 2543 2666 2596 τοῦ
2721 2542 2856 2596 λαοῦ
2926 2541 3302 2608 ἁγιάζεσθαι·
3347 2541 3446 2613 τὴν
3492 2543 3552 2594 ὲν
3605 2547 3721 2606 τοῖς
3774 2587 3790 2606 χ

2140 2637 2320 2704 ἁγίοις
2369 2634 2691 2703 Θεοφανίοις
2750 2633 2855 2686 τῶν
2913 2633 3124 2698 ὑδριτων
3182 2635 3242 2686 ἐν
3307 2633 3521 2703 ἑσπέρᾳ
3562 2631 3717 2686 θείαν

2139 2727 2447 2782 ὲπίκλυσιν·
2480 2726 2542 2778 τό
2575 2741 2636 2777 τε
2685 2725 2843 2793 ἅγιον
2899 2723 3174 2794 σύμϐολον
3219 2725 3277 2776 ἐν
3318 2723 3468 2797 πάσῃ
3509 2725 3718 2794 συνόδῳ

2137 2820 2422 2890 παρρησίᾳ
2455 2816 2763 2888 ὲξᾲδεσθιι,
2807 2815 2958 2879 ἅπαξ
3015 2814 3280 2884 πρότερον
3321 2818 3384 2884 τῇ
3433 2817 3568 2884 ἁγία
3615 2819 3714 2867 καὶ

2141 2911 2358 2981 μεγάλῃ
2387 2909 2718 2977 Παρασκευῇ
2755 2907 2917 2976 μόνον
2955 2907 3250 2976 λεγόμενον
3275 2921 3290 2935 ⁸
3329 2906 3425 2958 καὶ
3457 2908 3515 2958 ἐν
3566 2905 3716 2976 πάσῃ

2137 3003 2269 3070 εὐχῇ
2321 2999 2418 3068 τὴν
2480 2997 2746 3050 θεοτόκον
2800 2997 3313 3066 κατονομάζεσθαι,
3369 2997 3462 3050 καὶ
3507 2997 3716 3064 ταύτης

459 3116 582 3154 rum
639 3100 1131 3170 Theophauiorum
1168 3102 1312 3156 unda
1366 3101 1423 3156 in
1475 3116 1692 3156 sacrum
1750 3102 2028 3155 lavacrum

2141 3094 2235 3164 τὴν
2263 3095 2411 3145 θείαν
2459 3091 2651 3160 κλῆσιν
2683 3090 3077 3145 ἐπικαλεῖσθαι.
3106 3091 3320 3160 Μίκρον
3361 3090 3416 3143 δὲ
3483 3088 3716 3159 ὕστερον

2212 3186 2407 3198 ...-
2513 3183 2561 3198 κ.
2679 3182 2918 3198 ,ηιμ
3183 3183 3207 3194 -
3375 3181 3458 3198 η.
3661 3197 3664 3198 ,

461 3192 860 3249 infunderetur
893 3212 907 3248 :
941 3203 1002 3249 ut
1029 3195 1336 3263 symbolum
1371 3205 1646 3258 sanctum,
1679 3194 1825 3266 quod
1861 3194 2028 3248 semel

2141 3188 2234 3240 καὶ
2266 3183 2627 3239 Ἰου6εναλίου
2676 3185 2732 3245 ἐς
2787 3182 3095 3251 βαθύτατον
3142 3183 3320 3251 γῆρας
3372 3181 3714 3244 ἐλάσαντος,

462 3297 676 3342 tantum
717 3297 877 3342 antea
914 3304 1112 3358 magno
1139 3298 1193 3342 et
1224 3297 1416 3342 sancto
1448 3289 1778 3343 Parasceves
1806 3289 1894 3342 die
1923 3287 2029 3343 diei

2141 3283 2230 3333 τὸν
2277 3278 2384 3330 τῶν
2439 3275 2832 3346 Ἱεροσολύμων
2884 3274 3072 3344 θρόνον
3113 3275 3479 3336 Ἀναστάτιος
3547 3273 3713 3340 ἐκλη-

463 3379 692 3434 solitum
749 3380 950 3444 fuerat,
999 3385 1053 3435 in
1107 3382 1298 3451 synasi
1359 3391 1412 3437 et
1461 3391 1735 3435 conventu
1784 3379 2032 3434 ecclesiae

2144 3373 2323 3444 ροῦτο·
2358 3367 2420 3424 οἶδ
2451 3368 2767 3440 Μαρτύριος
2808 3369 3054 3436 καθῆστο
3081 3368 3350 3438 διάδοχος.

460 3473 659 3540 quovis
689 3473 1128 3529 decantaretur:
1178 3483 1232 3528 et
1281 3483 1342 3528 ut
1399 3475 1454 3528 in
1499 3475 1816 3543 precatione
1880 3471 2029 3526 omni
2075 3469 2169 3523 Dei
2201 3465 2448 3522 chitrix
2519 3465 2904 3517 nominaretur
2933 3461 3031 3530 (l).
3091 3471 3147 3516 et
3174 3460 3421 3514 diviuurn
3449 3461 3569 3530 ejus
3617 3475 3717 3513 no-

461 3585 586 3623 men
628 3571 1005 3626 invocaretur.
1053 3571 1225 3625 Paule
1264 3580 1389 3640 post
1417 3570 1509 3624 ubi
1576 3570 1860 3626 Jun-nalis
1923 3571 1977 3622 in
2047 3575 2292 3621 extrema
2345 3569 2633 3618 senectute
2681 3559 3076 3631 Hierosolymis
3126 3557 3268 3613 diem
3326 3571 3486 3611 suum
3553 3555 3711 3622 obiit,

461 3665 775 3734 episcopale
800 3668 920 3738 ejus
959 3682 1164 3722 munus
1197 3670 1520 3723 Anastasius
1543 3667 1775 3722 sortitus
1796 3673 1903 3722 est.
1931 3661 2032 3718 Cui
2074 3659 2277 3716 deinde
2303 3659 2577 3715 successit
2603 3658 2919 3729 Martyrius.

956 3781 1117 3853 635
1153 3781 1378 3839 CAPUT
1417 3782 1610 3837 xm.

467 3875 532 3932 Ut
566 3877 666 3931 Leo
708 3875 930 3946 Magnus
979 3877 1102 3944 fatis
1143 3877 1483 3936 concesserit,
1529 3877 1748 3930 Leonem
1780 3876 2034 3930 minorem

533 3949 740 4013 imperii
789 3962 1139 4000 successorem
1194 3947 1517 4015 relinquens.
1550 3947 1613 3998 Et
1644 3957 1698 3999 ut
1727 3950 1884 4014 paulo
1915 3959 2034 4015 post

533 4019 626 4071 hoc
663 4033 866 4085 quoque
912 4018 1018 4069 vim
1067 4017 1330 4084 defuncto.
1372 4028 1524 4084 pater
1567 4015 1708 4070 Zeno
1735 4017 1834 4084 ﬁlii
1867 4019 2037 4086 impe-

532 4093 672 4141 rium
698 4090 1004 4156 susceperit,
1039 4088 1340 4140 diademate
1381 4089 1442 4140 ab
1477 4105 1533 4140 eo
1567 4103 1798 4157 accepto.

533 4261 646 4315 Leo
671 4260 898 4331 Magnus
933 4262 1233 4331 imperator
1263 4262 1363 4332 (2),
1395 4262 1635 4320 Zenonis
1659 4267 1734 4335 {et
1782 4267 2036 4323 Ariadna:

463 4351 589 4404 lilia:
630 4351 826 4414 lilium,
877 4348 1116 4407 Leonem
1158 4354 1428 4410 minorem
1460 4356 1729 4410 Caesarem
1771 4359 2032 4426 primum,

2709 3773 2960 3827 ΚΕΦΑΛ.
3016 3773 3148 3826 ΚΘ⁸.

2150 3869 2250 3935 Ὠς
2281 3868 2644 3931 ἐτελεύτησε
2679 3866 2846 3920 Λέων
2867 3869 2900 3919 ό
2951 3865 3160 3935 μέγας,
3222 3863 3449 3919 Λέοντα
3477 3865 3587 3917 τὸν
3611 3883 3712 3933 μι-

2210 3939 2358 4006 κρὸν
2418 3938 2790 4004 καταλείψας
2848 3935 3154 4006 διάδοχον.
3217 3935 3326 3988 Καὶ
3370 3937 3598 4006 *τούτου
3645 3935 3714 3987 δὲ

2207 4003 2358 4078 μέτὰ
2394 4010 2610 4078 μικρὸν
2628 4003 2819 4078 τέλει-
2835 4005 3221 4078 χρησαμένου
3242 4047 3256 4068 ,
3300 4003 3510 4078 Ζήνων
3537 4007 3569 4058 ό
3598 4021 3711 4078 πᾳ-

2212 4074 2322 4144 τήρ
2355 4077 2469 4144 τὴν
2497 4077 2696 4144 ἀρχὴν
2720 4074 2826 4127 τοῦ
2857 4075 2990 4129 υἱοῦ
3020 4075 3330 4138 λαμϐάνει,
3355 4074 3460 4128 τοῦ
3494 4075 3713 4138 παιδὸς

2210 4148 2292 4214 τῷ
2319 4146 2494 4214 πατρὶ
2523 4151 2590 4198 τὸ
2620 4145 2876 4213 διάδημα
2902 4145 3267 4212 περιθέντος.
3313 4205 3316 4209 ι

2223 4267 2283 4319 Ὀ
2313 4265 2368 4318 δὲ
2419 4263 2676 4335 βασιλεὺς
2721 4263 2873 4316 Λέων
2906 4262 2935 4313 ὁ
2969 4262 3143 4331 μέγας
3197 4262 3289 4314 τδν
3325 4261 3573 4327 Ζήνωνος
3617 4261 3716 4312 καὶ

2139 4357 2432 4428 ’Λριὰδνης
2461 4358 2560 4425 τῆς
2595 4353 2869 4424 θυγατρὸς
2907 4354 3100 4417 παῖδα,
3131 4354 3221 4406 τὸν
3253 4353 3450 4422 μικρὸν
3484 4353 3714 4416 Λέοντα,

461 4441 661 4496 deinde
699 4443 861 4496 etiam
898 4443 1284 4513 imperatorem
1329 4445 1703 4503 Romanorum
1745 4450 2032 4503 renuntia—

2141 4450 2390 4520 Καίσαρα
2443 4448 2746 4519 πρότερον,
2798 4442 2921 4500 εἶτα
2966 4449 3062 4500 καὶ
3134 4446 3363 4517 βασιλέα
3416 4443 3714 4514 Ῥωμαίων

461 4533 562 4589 vit.
592 4533 950 4603 manibusque
984 4535 1100 4604 ipse
1137 4537 1254 4590 suis
1300 4538 1513 4607 imperii
1559 4540 1790 4608 insignia
1822 4542 1870 4595 ei
1903 4557 2035 4596 con-

467 4622 610 4674 tulit.
645 4621 922 4676 Zenonem
971 4624 1143 4689 enim,
1173 4627 1318 4695 quod
1360 4629 1414 4681 in
1461 4630 1724 4699 religione
1772 4633 2032 4695 variaret,

465 4713 853 4781 imperatorem
907 4713 1085 4784 legere
1120 4715 1377 4785 dignatus
1408 4735 1514 4771 non
1545 4730 1648 4773 est.
1686 4721 1892 4774 Deinde
1923 4719 2035 4774 Leo

464 4803 661 4858 morbo
686 4819 1002 4874 oppressus,
1029 4807 1273 4876 Byzantii
1303 4809 1592 4876 imperium
1628 4827 1734 4864 una
1767 4828 1890 4866 cum
1921 4815 2031 4867 vita

464 4897 739 4964 deposuit,
776 4913 900 4951 cum
935 4897 985 4951 id
1025 4895 1185 4953 annis
1221 4900 1409 4954 decem
1446 4911 1501 4956 et
1551 4913 1758 4972 septem
1797 4905 2036 4960 admini-

463 4995 709 5040 strasset.
772 4987 900 5041 Post
951 5003 1114 5057 quem
1154 4989 1302 5043 Zeno
1353 5007 1649 5060 purpuram
1676 4995 1929 5062 sumpsit,
1975 5007 2034 5051 ut

462 5074 662 5130 Leonis
691 5093 858 5145 gener
892 5094 909 5132 :
938 5078 1084 5149 quod
1127 5095 1251 5134 eum
1298 5081 1534 5145 Verina‘,
1568 5081 1769 5136 Leonis
1800 5087 2035 5156 conjuge

460 5167 700 5223 Leonem
734 5169 916 5223 adhuc
957 5187 1188 5239 puerum
1224 5172 1541 5243 a:ljlt\'attte,
1580 5175 1673 5242 qui
1702 5176 1866 5229 etiam
1893 5179 2029 5244 patri

461 5261 675 5332 imperii
703 5261 933 5331 insignia
966 5263 1249 5333 imposuit,
1281 5264 1558 5321 asciverit.
1579 5267 1746 5321 l’orro
1772 5284 1898 5322 cum
1924 5269 2032 5324 Leu

530 5397 610 5470 (l)
643 5398 816 5454 Hodie
850 5413 1069 5468 quoque
1095 5398 1265 5455 Graeci
1307 5412 1361 5456 et
1397 5401 1706 5458 Orientales
1729 5403 2030 5462 Christiani

460 5470 768 5544 prreatioui
788 5471 963 5544 cuivis
992 5471 1440 5544 intercessionem
1474 5477 1572 5543 τῆς
1608 5475 1899 5542 Θεοτόκου,
1929 5479 2031 5532 hoc

457 5539 542 5594 est
574 5540 665 5593 Dei
701 5539 1023 5602 Genitricis,
1053 5540 1326 5596 inserunt.

527 5609 606 5678 (2)
640 5609 821 5664 Leone
850 5610 1178 5684 imperatore
1213 5611 1511 5684 aliquando
1561 5612 1793 5684 Eulogio
1829 5615 2017 5684 philo-

458 5685 634 5748 sopito
666 5692 928 5750 tesseram
955 5679 1370 5750 frumentariam
1398 5680 1514 5735 dari
1552 5679 1804 5750 iubente.
1829 5679 1901 5739 ex
1925 5700 1992 5740 cu
2011 5715 2028 5727 -

461 5749 743 5807 biculariis
789 5749 1062 5806 eunuchis
1084 5750 1332 5822 quidam,
1362 5749 1628 5812 militibus
1659 5756 2009 5826 largitionem

2137 4545 2460 4612 ἀνηγόρευεο
2492 4543 2650 4613 χερσί
2686 4561 2744 4595 τε
2777 4542 2939 4604 ίδίαις
2988 4541 3057 4594 τὰ
3105 4541 3204 4611 τῆς
3247 4539 3422 4609 ἀρχῆς
3465 4536 3714 4603 σύμϐολα

2135 4639 2309 4706 τούτῳ
2340 4636 2664 4706 περιετίθει.
2719 4637 2939 4706 Ζήνωνα
2971 4635 3078 4704 γὰρ
3125 4635 3222 4688 an
3263 4633 3391 4700 περὶ
3429 4633 3530 4700 τὴν
3579 4631 3712 4701 θρη-

2138 4729 2326 4780 σκείαν
2364 4729 2619 4797 διάφορον
2645 4727 3020 4796 λογιζόμενος,
3061 4725 3295 4795 ἀπηξίου
3335 4723 3566 4794 βασιλέα
3593 4741 3712 4792 χει-

2139 4821 2397 4890 ροτονεῖν.
2431 4820 2664 4871 Ἔπειτα
2709 4820 2848 4890 νόσῳ
2900 4816 3219 4889 περιπεσὼν
3252 4819 3280 4869 ὁ
3310 4818 3482 4884 Λέων,
3515 4819 3572 4868 ὲν
3605 4816 3711 4870 Βυ-

2138 4911 2340 4981 ζαντίῳ
2394 4911 2492 4981 τὴν
2546 4911 2720 4980 ἀρχὴν
2772 4911 3119 4976 ἀποτίθεται,
3177 4910 3558 4962 ἑπτακαίδεκα
3612 4909 3710 4977 ἔτη

2135 5001 2341 5069 ταύτην
2383 5002 2676 5071 διηνυκώς⁸
2719 5001 2840 5070 μεθ’
2876 5002 2934 5054 ὃν
2983 5003 3170 5073 Ζήνων
3201 5003 3261 5054 τδ
3307 5000 3576 5070 ἁλουργὲς
3605 5002 3715 5069 άμ-

2137 5092 2414 5160 φιέννυται
2449 5093 2658 5161 σχῆμα,
2692 5086 2780 5146 οἷά
2813 5109 2877 5159 γε
2906 5091 3165 5162 γαμϐρῷ·
3210 5095 3305 5146 καὶ
3336 5093 3572 5160 Βηρίνης
3608 5091 3712 5156 τῆς

2135 5184 2364 5245 Λέοντος
2442 5184 2701 5251 γυναικὸς
2747 5184 3364 5254 συνεπιλαμϐανομένης
3403 5184 3480 5254 τῷ
3532 5184 3714 5256 νηπίῳ

2133 5277 2348 5340 Λέοντι,
2384 5275 2443 5336 ὃς
2492 5276 2572 5344 τῷ
2607 5278 2776 5346 πατρὶ
2824 5277 3038 5347 Ζήνωνι
3072 5278 3140 5330 τὰ
3186 5277 3286 5346 τῆς
3317 5275 3493 5347 ἀρχῆς
3523 5293 3715 5348 περιεκ

2136 5409 2296 5481 talem
2330 5408 2444 5463 dari
2471 5408 2696 5470 debere.
2723 5409 2881 5464 dixit.
2924 5411 3003 5465 Ad
3039 5427 3202 5481 quem
3232 5425 3538 5466 conversus
3569 5412 3704 5474 Leo.

2139 5479 2373 5550 Utinam.
2403 5480 2602 5550 inquit,
2628 5483 2670 5534 is
2699 5481 2766 5533 sit
2799 5479 3094 5550 temporum
3149 5498 3383 5535 meorum
3431 5490 3623 5546 status,
3652 5491 3714 5536 ut

2137 5550 2260 5602 mihi
2281 5548 2432 5602 liceat
2456 5549 2722 5620 stipendia
2754 5548 2979 5604 militum
3001 5553 3055 5604 iu
3087 5553 3392 5604 litterarum
3419 5553 3704 5620 magistros

2132 5619 2388 5687 conferre.
2427 5619 2630 5686 (Suid.)
2656 5623 2812 5689 Apud
2853 5635 3014 5688 quem
3051 5623 3216 5674 etiam
3263 5621 3330 5674 de
3361 5619 3558 5675 Malchi
3584 5637 3711 5676 sen-

2132 5691 2300 5761 tentia
2327 5699 2430 5761 est,
2449 5703 2665 5759 gravent
2694 5688 2895 5761 Civium
2917 5690 3433 5761 proi'iuciarumque
3480 5706 3710 5747 suarum

2135 5759 2395 5823 Leonem
2421 5760 2583 5814 istum
2609 5759 3020 5829 compilatorem
3048 5760 3239 5818 fuisse.
