4070 6204
368 282 444 367 as
1279 289 1875 355 ECCLESIASTICE
1913 298 1967 358 H

2073 299 2304 360 ΓΟΙΠᾸΞ
2338 302 2479 361 LIB.
2523 304 2639 366 XV.
2976 350 2982 355 ι
3552 308 3620 369 86

372 401 563 455 τίθετο
593 404 862 473 σύμϐολα.
895 404 1003 459 Τοῦ
1030 407 1088 460 δὲ
1123 411 1324 481 μικροῦ
1354 412 1581 474 Λέοντος
1618 415 1737 484 μετ’
1766 415 1945 469 ἐνιαυ-

2073 418 2228 472 ninor
2277 426 2399 487 post
2443 435 2646 473 annum
2690 435 2857 474 unum
2892 420 3232 485 decessisset,
3266 420 3413 474 Zeno
3472 423 3619 476 solus

376 495 473 549 τὸν
524 497 620 549 καὶ
688 498 855 551 αὐτοῦ
906 501 1001 553 τὸν
1065 502 1181 571 βίον
1227 504 1608 569 ἀπολιπόντος.
1660 507 1950 577 διαγέγονε

381 589 545 657 μόνος
564 589 593 640 δ
618 589 806 657 Ζήνων
827 592 927 658 τὴν
959 593 1248 662 Ῥωμαίων
1278 598 1581 666 ἠγεμονίαν
1617 598 1815 653 ίθύνων
1849 601 1951 654 οὐκ

381 684 641 753 εὐτυχῶς.
673 686 813 739 Ὀσα
860 687 915 740 δὲ
971 690 1065 741 καὶ
1118 690 1203 741 ἐπ’
1250 690 1415 743 αὑτοῦ
1466 692 1813 762 διεπράχθη,
1857 696 1952 747 καὶ

382 777 482 829 ὅσα
512 776 678 845 ἕτερα
706 778 1000 849 ἐπισυνέϐη
1054 781 1135 849 τῷ
1182 782 1384 851 χρόνῳ,
1412 783 1612 850 ἐφεξῆς
1641 783 1952 852 δηλωθήσε-

384 884 498 931 ται,
548 869 641 920 τοῦ
695 870 1018 938 Κρείττονος
1047 872 1412 935 ἐπινεύοντος.
1458 873 1713 943 Περιέχει
1753 874 1810 927 δὲ
1862 874 1955 926 καὶ

387 959 421 1026 ή
455 958 708 1025 παροῦσα
735 960 1192 1031 πεντεκαιδεκάτη
1226 979 1316 1030 μοι
1361 963 1468 1014 τῶν
1525 964 1776 1033 ἱστοριῶν
1824 964 1955 1033 χρό-

394 1067 487 1101 νον
546 1051 685 1102 ὲτῶν
710 1052 875 1103 πέντε
927 1053 1025 1104 καὶ
1072 1054 1245 1105 εἰκοσι
1276 1068 1289 1082 ⁸
1332 1056 1569 1120 ὁπηνίκα
1600 1055 1808 1123 κόσμου
1858 1056 1955 1123 μὲν

386 1142 506 1203 ἔτος
535 1145 698 1209 ,εξιτκ
723 1143 831 1196 ἀπὸ
861 1144 919 1197 δὲ
951 1144 1051 1214 τῆς
1106 1145 1259 1209 θείας
1286 1146 1380 1199 τοῦ
1408 1146 1616 1215 Κυρίου
1647 1148 1957 1216 γεννήσεως

387 1236 507 1288 υπε⁹
538 1238 871 1307 ἐπεραίνετο.

994 1355 1247 1409 ΚΕΦΑΛ.
1292 1356 1373 1409 Λ’.

400 1465 685 1536 Ἐπιτομὴ
738 1469 861 1522 τῶν
914 1468 985 1521 ἐν
1010 1469 1084 1536 τῇ
1131 1472 1271 1536 ἁγίᾳ
1320 1469 1421 1524 καί
1454 1469 1837 1536 οίκουμενικῇ
1870 1486 1960 1521 τε-

461 1538 645 1605 τάρτῃ
700 1538 941 1601 συνόδῳ
1001 1541 1407 1605 πραχθέντων,
1439 1542 1508 1592 ἐν
1546 1541 1627 1603 τῷ
1658 1541 1817 1592 τέλει
1852 1540 1957 1592 τοῦ

465 1608 764 1674 παρόντος
801 1610 985 1675 τόμου
1019 1610 1255 1663 τεθεῖσα
1286 1611 1381 1664 διὰ
1412 1609 1476 1663 τὸ
1533 1609 1644 1678 τῆς
1696 1610 1960 1678 ἱστορίας

461 1678 837 1745 ἀσύτχυτον.

2059 508 2427 562 Romanorum
2460 510 2749 578 imperium
2784 511 3107 581 gubernavit
3142 512 3322 566 minus
3367 512 3618 567 feliciter.

2058 598 2187 663 Quae
2216 614 2345 654 vero
2378 601 2477 653 sub
2507 616 2572 654 eo
2596 612 2716 655 acta
2748 604 2877 667 sint,
2912 614 2966 655 et
2994 618 3115 671 quae
3155 617 3221 656 eo
3255 613 3500 672 tempore
3524 619 3618 658 ae-

2057 688 2294 742 riderint
2326 690 2451 750 alia,
2510 690 2620 744 Deo
2672 691 2997 759 opitulante,
3034 707 3097 745 ea
3148 708 3268 761 qure
3316 704 3621 763 sequuntur

2055 779 2368 833 ostendent.
2439 780 2832 846 Quindecimus
2888 783 2989 837 iste
3066 784 3424 839 historiarum
3477 786 3618 839 liber

2061 870 2251 939 viginti
2302 871 2545 940 quinque
2586 874 2970 942 complectitur
3016 891 3210 939 annos.
3242 893 3365 931 cum
3391 878 3459 931 ab
3488 878 3621 931 orbe

2056 959 2278 1011 condito
2338 960 2629 1030 quinquies
2708 962 3032 1017 millesimus
3113 966 3622 1035 noningentesimus

2058 1050 2463 1116 nonagesimus,
2505 1066 2533 1103 a
2569 1051 2851 1107 nativitate
2888 1053 3101 1107 Domini
3142 1056 3625 1124 quadringentesi-

2059 1151 2180 1191 mus
2209 1141 2573 1208 octogesimus
2605 1142 2828 1209 quintus
2854 1154 3107 1213 ageretur
3145 1160 3322 1199 annus
3346 1146 3449 1215 (l).

2517 1343 2682 1415 636
2718 1345 2946 1402 CAPUT
2986 1332 3154 1401 XXX.

2063 1455 2242 1510 Brevis
2293 1466 2341 1511 et
2396 1461 2658 1514 succincta
2721 1462 2977 1528 expositio
3041 1470 3243 1515 sancta:
3303 1464 3625 1517 universalis

2133 1535 2338 1595 quarta:
2380 1531 2564 1597 synodi
2603 1540 2875 1591 actorum,
2906 1534 2975 1583 ad
3003 1531 3160 1594 ﬁnem
3192 1534 3346 1596 huius
3390 1536 3515 1587 tomi
3552 1545 3625 1585 est

2132 1600 2393 1664 apposita,
2427 1608 2482 1651 ut
2512 1600 2741 1653 historia:
2766 1601 2891 1653 ordo
2923 1602 3057 1653 citra
3116 1603 3471 1672 confusionem
3502 1621 3625 1655 con-

2133 1677 2449 1720 servaretur.

466 1786 627 1847 Ἔτος
681 1786 781 1855 μὲν
828 1787 1034 1855 κόσμου
1088 1788 1246 1840 ἕκτον
1275 1781 1343 1857 ἦν
1372 1788 1468 1840 καὶ
1501 1789 1794 1857 ἑξηκοστὸν
1823 1790 1959 1857 πρὸς

2132 1778 2176 1831 Δ
2208 1778 2411 1831 mundo
2461 1778 2679 1835 condito
2715 1780 3005 1850 quinquies
3052 1782 3370 1836 millesimus
3428 1785 3631 1837 noniu-

390 1874 791 1944 ἑννακοσιοστῷ
851 1876 945 1929 καὶ
1002 1878 1568 1948 πεντακισχιλιοστῷο
1621 1879 1716 1930 καὶ
1759 1879 1791 1946 ή
1842 1880 1961 1929 θεία

389 1967 489 2018 καὶ
536 1968 653 2035 ἱερὰ
700 1969 1057 2039 οίκουμενικὴ
1097 1970 1333 2039 τετάρτη
1371 1968 1590 2031 σύνοδος
1643 1971 1787 2022 κατὰ
1847 1968 1946 2038 τὴν

393 2057 638 2110 Βιθυνῶν
668 2059 943 2129 ἐπαρχίαν
976 2063 1032 2113 ὲν
1061 2065 1126 2132 τῇ
1175 2064 1568 2132 Χαλκηδονέων
1601 2064 1752 2117 πόλει
1782 2064 1962 2133 ἁθροί-

395 2148 553 2209 ζεται
600 2150 743 2201 κατὰ
796 2155 889 2202 τὸν
938 2150 1073 2203 νεὼν
1128 2153 1421 2222 Εὐφημίας
1483 2152 1583 2219 τῆς
1644 2153 1959 2222 μάρτυρο;’

394 2241 627 2303 Λέοντος
669 2241 764 2293 τοῦ
805 2244 903 2309 τῆς
960 2245 1342 2315 πρεσϐυτέρας
1379 2246 1599 2313 Ῥώμης
1653 2247 1744 2299 τὸν
1797 2247 1964 2299 τόπον

392 2333 819 2402 ἐκπληρούντων
869 2337 1216 2389 Πασκασίνου
1253 2338 1346 2391 καὶ
1376 2338 1706 2391 Λουκεντίου
1739 2336 1964 2388 ἐπισκό-

401 2441 540 2500 πων,
595 2426 688 2477 καὶ
740 2426 1065 2495 Βονιιρατίου
1118 2429 1518 2497 πρεσϐυτέρου,
1565 2427 1871 2480 Ἀνατολίου
1908 2426 1963 2477 δὲ

393 2512 497 2580 τὴν
540 2515 952 2569 Κωνσταντίνου
990 2518 1297 2586 ἐπισκοπὴν
1333 2520 1774 2588 πρλτανεύοντος,
1808 2519 1965 2567 Διοσ-

394 2606 562 2674 κόρου
593 2622 652 2658 τε
709 2606 808 2676 τὴν
868 2608 1219 2679 Ἀλεξάνδρου
1264 2611 1559 2674 διέποντος,
1590 2610 1846 2677 Μαξίμου
1904 2626 1963 2661 τε

400 2694 470 2749 αὖ
502 2698 601 2765 τὴν
646 2699 922 2767 Ἀντιόχου
968 2702 1411 2767 ἐπιστατοῦντος,
1467 2703 1559 2754 καὶ
1609 2700 1965 2754 Ἰουὸεναλίου

398 2793 503 2855 τὴν
551 2790 969 2861 Ἱεροσολύμων,
1029 2794 1171 2862 μετὰ
1199 2793 1306 2845 τῶν
1340 2792 1479 2863 ἀμφ’
1511 2793 1708 2855 αὐτοὺς
1748 2793 1965 2844 ἐπισκό-

402 2898 547 2933 πων.
580 2876 672 2944 Οἷς
718 2884 957 2951 συνῆσαν
987 2886 1080 2936 καὶ
1111 2886 1225 2936 ὅσοι
1255 2884 1363 2936 τῶν
1414 2886 1471 2935 ἐν
1498 2884 1644 2935 τέλει
1673 2884 1771 2951 τῆς
1802 2883 1968 2951 ὑπερ-

403 2973 605 3039 φεροῦς
648 2975 936 3042 γερουσίας
981 2978 1047 3027 τὰ
1100 2975 1293 3047 πρῶτα
1334 2975 1615 3042 φέροντες.
1656 2968 1756 3025 Ὧν
1798 2976 1966 3028 ἁπάν-

409 3081 521 3115 των
549 3065 945 3130 καθεεθέντων,
980 3066 1033 3118 oi
1059 3066 1148 3118 τὸν
1190 3069 1352 3119 τόπον
1402 3067 1688 3134 ἐπέχοντες
1739 3066 1969 3127 Λέοντος

404 3151 570 3214 εὐθὺς
595 3152 668 3222 μὴ
699 3155 899 3223 χρῆναι
930 3119 1083 3223 σφίσι
1110 3155 1481 3223 συγκάθεδρον
1504 3119 1648 3206 ἐἶναι
1670 3119 1967 3223 ,Διόσκορον
1997 3119 2037 3174 C

407 3242 617 3308 ελεγον.
654 3244 828 3294 Τοῦτο
880 3242 985 3311 γὰρ
1040 3245 1438 3311 ἐπιτετράφθαι
1474 3245 1608 3314 πρὸς
1640 3247 1887 3307 Λέοντος’
1922 3249 1968 3297 εἰ

403 3330 451 3382 δ’
478 3326 596 3393 οὗν,
632 3334 679 3383 εί
714 3332 1012 3401 βιασθεῖεν,
1047 3334 1241 3396 αὐτοὺς
1273 3335 1379 3400 ἕξω
1411 3334 1505 3386 τοῦ
1534 3335 1792 3402 συλλόγου
1816 3335 1969 3402 γενὲο

409 3423 557 3477 σθαι.
612 3424 722 3493 Τῆς
778 3423 837 3476 δὲ
896 3427 1187 3495 γερουσίας
1240 3428 1368 3479 ὅτου
1420 3429 1584 3496 χάριν
1631 3428 1971 3495 πυθομένης,

409 3516 634 3579 ἐκεῖνοι,
668 3518 882 3586 ὅτιπερ,
917 3520 1175 3584 ἔφασκον,
1201 3520 1305 3570 ὑπὸ
1349 3523 1530 3588 κρίσιν
1564 3519 1725 3583 ὅντα,
1758 3519 1832 3588 μὴ
1863 3522 1973 3572 δεῖν

411 3601 553 3657 εἶναι
588 3605 777 3674 κριτοῦ
808 3606 1230 3675 περιϐάλλεσθαι
1273 3608 1485 3676 σχῆμα,
1514 3608 1817 3677 ἐπιτροπῆς
1844 3609 1971 3660 ἄνευ

407 3699 502 3752 τοῦ
535 3700 635 3767 τὴν
696 3700 916 3768 Ῥώμην
990 3701 1282 3762 ίθύνοντος.
1341 3696 1439 3753 Ὧν
1491 3704 1802 3771 εἰρημένων
1868 3702 1965 3753 καὶ

410 3791 704 3859 Διοσκδρου
751 3789 850 3857 τῆς
882 3790 1189 3859 συγκλήτου
1228 3790 1405 3843 κλίσει
1432 3792 1521 3842 τὸν
1557 3790 1722 3859 μέσον
1758 3789 1975 3858 εἰληφό-

410 3895 503 3941 τος
532 3879 732 3947 χῶρον,
766 3880 948 3947 παρῆν
993 3880 1251 3942 Εὐσέΰιος
1308 3880 1337 3931 δ
1388 3878 1481 3931 τοῦ
1540 3880 1837 3949 Δορυλαίου
1864 3897 1878 3911 ⁸
1910 3880 1975 3943 ἃς

409 3971 625 4039 δεήσεις
675 3974 743 4039 τῇ
793 3970 1045 4041 βασιλείᾳ
1084 3972 1252 4023 ἐδίδου
1309 3974 1600 4041 περιωπῇ,
1652 3972 1743 4024 ἐπὶ
1804 3973 1975 4041 μέσης

408 4063 829 4131 ἀναγνωσθῆναι
869 4063 1144 4132 δεόμενος,
1184 4065 1357 4115 ταῦτα
1389 4063 1524 4131 πρὸς
1578 4064 1722 4127 λέξιν
1760 4064 1933 4114 εἰπών
1959 4080 1971 4090 ·

415 4169 436 4201 ι
494 4152 787 4219 Ἡδίκημαι
846 4153 997 4220 παρὰ
1053 4155 1351 4224 Διοσκόρου
1376 4171 1389 4183 ο
1422 4154 1734 4222 ἠδίκηταιή
1769 4155 1973 4216 πίστις’

409 4242 677 4311 ἐφονεύθη
707 4242 1007 4304 Φλαειανὸς
1046 4246 1073 4296 ὁ
1112 4245 1430 4307 ἐπίσκοπος·
1474 4245 1592 4313 ἃμα
1623 4250 1747 4315 ἐμοὶ
1777 4242 1978 4310 ἀδίκως

412 4337 693 4406 καθῃρέθη
727 4337 860 4407 παρ’
903 4338 1089 4391 αὐτοῦ.
1141 4339 1391 4408 Ὀρίσατε
1446 4338 1544 4400 τὰς
1579 4340 1717 4405 ὲμὰς
1765 4342 1977 4410 δεήσεις

2064 1870 2401 1938 gentesimus
2436 1872 2804 1939 sexagesimus
2826 1882 3011 1926 sextus
3039 1874 3302 1942 agebatur
3334 1890 3508 1927 annus
3528 1874 3628 1942 γε»,

2065 1977 2186 2014 cum
2213 1960 2394 2015 divina
2425 1971 2481 2016 et
2505 1977 2659 2017 sacra
2692 1964 3016 2023 universalis
3044 1976 3236 2033 quarta
3279 1966 3544 2035 synodus,
3577 1967 3630 2018 in

2065 2053 2345 2122 provincia
2365 2050 3039 2123 Bithyniae,Chalcedone,
3073 2056 3123 2108 in
3150 2054 3462 2123 Eupheniize
3487 2072 3629 2109 mar-

2066 2144 2199 2215 tyris
2227 2144 2431 2213 templo
2461 2154 2545 2199 est
2582 2156 2931 2215 congregata.
2971 2147 3168 2200 Leonis
3203 2148 3405 2201 veteris
3449 2149 3631 2202 Roma:

2065 2236 2307 2304 episcopi
2336 2237 2516 2291 locum
2557 2237 2629 2289 ibi
2658 2238 2947 2291 obtinuere
2982 2237 3302 2292 l‘ascasinus
3331 2249 3385 2291 et
3423 2238 3631 2293 Lucen-

2067 2329 2178 2381 tius
2221 2328 2484 2397 episcopi,
2516 2337 2571 2382 et
2622 2328 2935 2383 Bonilacius
2987 2314 3291 2400 presbyter.
3334 2330 3630 2400 Episcopa-

2068 2429 2179 2473 tum
2205 2419 2864 2489 ConstantinOpolitanum
2902 2431 3012 2475 tum
3065 2423 3350 2475 Anatolius
3400 2424 3631 2474 admini-

2067 2512 2291 2578 stravit,
2334 2512 2767 2573 Alexandrinum
2840 2513 3130 2569 Dioscorus
3161 2554 3176 2578 ,
3222 2515 3627 2568 Antiochenam

2068 2602 2370 2668 Maximus,
2423 2604 2972 2674 llicrosolymitanum
3029 2604 3361 2659 Juvenalis:
3417 2607 3508 2674 qui
3578 2606 3632 2658 in

2067 2692 2274 2763 synodo
2332 2708 2396 2747 ea
2444 2710 2546 2746 una
2594 2709 2719 2748 cum
2751 2695 2871 2748 aliis
2912 2695 3185 2764 episcopis
3248 2695 3497 2749 adfuere.
3535 2695 3628 2748 llis

2067 2799 2348 2839 accessere
2410 2786 2758 2854 magistratus
2806 2796 2862 2841 et
2918 2789 3008 2856 qui
3071 2790 3123 2840 in
3174 2798 3365 2841 senatu
3424 2803 3639 2841 sunnno

2070 2876 2275 2944 primas
2306 2877 2568 2945 gerebant
2608 2878 2918 2947 dignitates.
2966 2877 3065 2932 Ubi
3128 2894 3319 2931 omnes
3371 2878 3641 2935 consedee

2072 2978 2220 3031 runt,
2253 2967 2436 3022 statim
2477 2967 2677 3021 Leonis
2708 2969 2866 3038 legati
2915 2968 3108 3023 dixere
3177 2970 3496 3023 Dioscornm
3537 2956 3641 3022 illis

2071 3058 2312 3113 assidere
2346 3075 2453 3113 non
2484 3059 2702 3114 debere.
2737 3060 2850 3114 [loc
2876 3059 3021 3114 enim
3058 3079 3085 3114 a
3117 3060 3299 3115 Leone
3328 3062 3409 3115 sic
3434 3061 3641 3114 constio

2075 3158 2248 3202 tutum
2273 3164 2393 3203 esse
2426 3150 2665 3219 :alioqui
2692 3166 2770 3214 se,
2808 3151 2849 3205 si
2878 3153 2931 3205 id
2964 3152 3143 3206 facere
3182 3134 3535 3221 cogerentur,
3571 3167 3647 3220 ex_

2072 3248 2340 3293 conventu
2374 3255 2439 3294 eo
2472 3241 2739 3296 abituros.
2785 3242 3040 3305 Senatus,
3086 3259 3319 3312 quanam
3379 3244 3445 3298 de
3477 3260 3641 3298 causa

2070 3329 2124 3382 id
2155 3331 2267 3381 lii-ri
2294 3331 2538 3396 deberet,
2576 3334 2801 3403 rogavit.
2838 3335 3015 3403 Atque
3058 3336 3136 3390 illi
3183 3335 3586 3404 responderunt
3624 3351 3637 3386 :

2028 3472 2043 3481 λ
2076 3419 2391 3474 Dioscorum
2424 3437 2576 3475 reum
2603 3424 2708 3491 agi,
2736 3423 3077 3492 proinileque
3113 3425 3314 3494 iudicis
3348 3442 3637 3493 personam

2073 3526 2198 3563 eum
2240 3512 2531 3574 sustinere,
2562 3514 2808 3567 Romano
2856 3515 3100 3568 antistite
3129 3532 3235 3569 non
3269 3516 3639 3584 permittente,

2076 3615 2182 3652 non
2236 3614 2412 3667 posse.
2450 3600 2572 3654 [hcc
2601 3601 2694 3654 ubi
2744 3601 2889 3655 dicta
2931 3612 3077 3665 sunt,
3110 3613 3163 3656 et
3222 3604 3515 3657 Dioscorus
3572 3607 3640 3657 de

2075 3705 2297 3748 senatus
2354 3696 2621 3750 sententia
2673 3696 2913 3749 medium
2956 3698 3101 3767 cepit
3128 3699 3331 3764 locum,
3372 3699 3641 3753 Eusebius

2080 3784 2308 3852 Dorylaei
2342 3786 2634 3853 episcopus
2665 3787 2865 3849 adfuit,
2898 3796 2953 3840 et
2984 3802 3120 3855 quas
3164 3787 3429 3856 imperiali
3484 3789 3642 3840 obtu-

2075 3873 2228 3927 lisset
2283 3876 2550 3943 majestati
2593 3892 2803 3944 preces,
2862 3879 2963 3946 legi
3010 3880 3226 3947 publice
3279 3880 3456 3947 petiit,
3496 3880 3644 3932 lusce

2079 3982 2209 4019 usus
2242 3967 2465 4021 verbis:
2521 3986 2540 4018 ι
2578 3969 2779 4038 lnjuria
2822 3972 3052 4025 aliectus
3096 3987 3214 4025 sum
3275 3986 3302 4024 a
3361 3972 3643 4031 Dioscuri),

2080 4056 2275 4126 injuria
2309 4060 2502 4113 ail‘ecta
2554 4072 2635 4114 est
2666 4062 2819 4115 lides.
2858 4062 3160 4131 Episcopus
3200 4062 3493 4115 Flavianus
3544 4080 3647 4115 ce-

2080 4165 2194 4210 sus.
2234 4160 2289 4204 et
2337 4167 2440 4205 una
2503 4168 2715 4206 mecum
2765 4155 2951 4221 inique
2983 4155 3052 4209 ab
3100 4155 3216 4223 ipso
3251 4164 3640 4207 exauctoratus

2079 4250 2184 4293 est.
2215 4242 2430 4303 Jubete,
2457 4257 2611 4311 rogo,
2632 4244 2935 4311 supplicem
2979 4260 3162 4296 meum
3195 4246 3440 4297 libellum
3471 4246 3597 4314 legi.
3629 4267 3644 4293 ο

2082 4331 2236 4397 Quod
2262 4335 2356 4386 ubi
2405 4334 2728 4401 permiSsum
2762 4343 2866 4398 est,
2905 4335 3233 4403 supplicatio
3274 4337 3414 4389 lecta
3451 4346 3553 4399 est,
3596 4338 3650 4390 in

410 4430 855 4499 ἁναγνωσθῆνὶι.
895 4447 912 4480 ι
958 4430 1112 4482 Ἐπεὶ
1159 4430 1213 4481 δὲ
1266 4432 1425 4482 τοῦτο
1476 4434 1839 4500 συνεχωρεῖτο
1869 4471 1883 4492 ,
1942 4434 1970 4501 ἡ

2084 4427 2199 4477 h.ec
2229 4425 2395 4477 verba
2428 4425 2738 4492 conscripta
2779 4443 2791 4478 :
2828 4445 2848 4477 ι
2878 4428 3122 4482 Libellus
3146 4429 3367 4481 Eusebii
3409 4431 3651 4499 episcopi

411 4520 599 4588 δέησις
632 4521 990 4588 ἀναγνώσεως
1030 4524 1208 4590 ἔτυχε,
1245 4524 1369 4575 τάδε
1398 4524 1541 4576 κατὰ
1566 4526 1719 4593 ῥῆμα
1748 4524 1980 4590 διεξιοῦ-

420 4629 513 4664 ar
572 4632 591 4663 ι
637 4614 794 4683 Πειρὰ
847 4615 1105 4665 Εὐσεὸίου
1160 4614 1253 4665 τοῦ
1314 4616 1615 4668 ἐπισκόπου
1678 4616 1979 4681 Δορυλαίου

417 4705 747 4773 ποιουμένου
782 4707 872 4755 τὸν
904 4704 1062 4771 λόγον
1109 4703 1245 4773 ὑπέρ
1278 4721 1334 4757 τε
1367 4705 1564 4758 ἑαυτοῦ
1618 4705 1710 4757 καὶ
1741 4688 1839 4771 τῆς
1885 4704 1979 4774 ὀρ-

422 4794 640 4860 Θοδόξου
683 4795 941 4859 πίστεως,
978 4796 1070 4848 καὶ
1100 4795 1202 4847 ὑπὸ
1230 4794 1325 4847 τοῦ
1374 4796 1431 4847 ἐν
1472 4796 1647 4863 ᾁγίοις
1678 4796 1979 4849 Φλαδιανοῦ

418 4883 516 4935 τοῦ
594 4884 892 4950 γενομένου
954 4884 1257 4935 ἐπισκόπου
1335 4885 1979 4947 Κωνσταντινουπόλεως,

421 4974 634 5035 Σκοπὸς
672 4974 750 5041 τῷ
782 4974 1032 5043 ὑμετέρῳ
1069 4976 1266 5042 κράτει
1297 4972 1556 5025 ἁπάντων
1590 4974 1688 5041 μὲν
1718 4975 1823 5026 τῶν
1850 4976 1988 5042 unq-

423 5064 565 5115 κέων
598 5066 872 5133 προνοεῖν,
929 5067 1019 5115 καὶ
1058 5067 1213 5133 χεῖρα
1252 5064 1468 5133 ὀρέγειν
1515 5064 1689 5116 ἅπασι
1722 5068 1832 5127 τοῖς
1881 5066 1993 5118 ἀδι-

423 5156 741 5222 κουμένοις,
777 5156 1013 5226 μάλιστα
1067 5156 1123 5207 δὲ
1169 5161 1279 5219 τοῖς
1314 5160 1371 5219 ἐς
1415 5157 1717 5226 ἱερωσύνην
1754 5157 1990 5210 τελοῦσι.

424 5250 546 5300 Κάν
578 5248 755 5315 τούτῳ
801 5250 861 5299 τὸ
891 5248 1044 5299 Θεῖον
1096 5246 1513 5317 θεραπεύοντες,
1552 5248 1682 5316 παρ’
1707 5242 1768 5301 οὗ
1811 5249 1870 5300 τὸ
1902 5250 1995 5319 βα-

426 5340 661 5393 σιλεύειν
693 5343 823 5409 ὑμῖν
856 5342 953 5393 καί
987 5344 1213 5409 κρατεῖν
1236 5341 1347 5392 τῶν
1382 5341 1643 5410 ὑφ’ἦλιονν
1667 5340 1991 5410 δεδώρηται.

424 5434 584 5486 Ἐπεὶ
609 5428 706 5485 οὖν
734 5431 906 5485 πολλὰ
946 5435 1043 5484 καὶ
1064 5431 1216 5485 δεινὰ
1247 5429 1403 5500 παρὰ
1449 5433 1630 5483 πᾶσαν
1664 5431 1990 5483 ἀκολουθίαν

502 5618 577 5685 (ι)
609 5615 921 5673 Secundum
960 5613 1265 5670 neotericos
1293 5611 1840 5685 chronologossiSt.

2088 4514 2337 4583 Dorylaei,
2366 4516 2461 4583 qui
2513 4530 2668 4568 suam
2724 4527 2779 4570 et
2831 4519 3147 4596 orthodoxa:
3202 4519 3347 4583 lidui,
3382 4529 3437 4573 ct
3466 4522 3557 4589 qui
3601 4524 3654 4574 in

2085 4621 2377 4659 numerum
2411 4618 2721 4660 sanctorum
2762 4611 2965 4665 relatus
2993 4621 3099 4676 cst,
3135 4612 3370 4664 Flaviani
3409 4613 3654 4683 episcopi

2084 4696 2213 4748 olim
2246 4696 2855 4767 Constantinopolitani,
2894 4717 3114 4755 causam
3169 4704 3304 4773 agit.
3348 4706 3652 4758 Consilium

2086 4790 2507 4858 institutumque
2560 4790 2863 4857 imperialis
2912 4802 3103 4846 vestra:
3136 4797 3425 4863 potestatis
3464 4807 3569 4857 est,
3601 4808 3659 4849 ut

2096 4896 2219 4934 cum
2251 4881 2373 4934 aliis
2402 4882 2658 4935 omnibus
2682 4884 2938 4948 subditis,
2982 4895 3095 4938 tum
3121 4887 3202 4939 eis
3227 4888 3459 4940 maxime
3485 4888 3575 4955 qui
3607 4889 3659 4940 in

2097 4972 2343 5026 ordinem
2384 4976 2731 5027 sacerdotum
2767 4976 2947 5029 allecti
2998 4986 3144 5040 sunt,
3182 4977 3378 5047 injuria
3411 4980 3621 5032 alie-etis
3646 5020 3661 5040 ,

2096 5081 2283 5120 curam
2324 5081 2516 5120 eorum
2565 5078 2837 5135 gerentes,
2874 5069 3123 5122 dextram
3172 5070 3486 5140 porrigatis.
3545 5074 3659 5136 Qua

2097 5158 2151 5212 in
2190 5172 2248 5210 re
2278 5158 2463 5211 divino
2512 5159 2718 5211 numini
2763 5159 2851 5228 pio
2892 5160 3037 5213 cultu
3070 5162 3459 5228 obscqnimini,
3498 5164 3659 5232 637

2097 5266 2125 5301 a
2156 5263 2263 5317 quo
2292 5248 2579 5317 imperium
2614 5248 2771 5303 vobis
2805 5259 2860 5304 ct
2889 5252 3036 5305 orbis
3062 5264 3300 5321 potestas
3328 5257 3523 5306 tradita
3556 5266 3659 5305 cst.

2097 5340 2231 5391 (lum
2266 5338 2429 5408 igitur
2461 5348 2654 5406 przetcr
2681 5342 2993 5409 mquitatcm
3028 5353 3084 5397 et
3114 5344 3380 5399 rationem
3417 5358 3657 5406 onmem,

2098 5446 2162 5484 ea
2194 5446 2314 5499 qum
2350 5431 2402 5483 in
2434 5430 2710 5485 Christum
2750 5443 2835 5489 est
2878 5434 3034 5503 ﬁdes,
3060 5444 3115 5491 ct
3143 5450 3260 5500 nos,
3304 5451 3524 5506 gravem
3568 5450 3661 5487 ac-

502 5681 577 5758 (2)
603 5686 917 5743 Secundum
971 5694 1188 5740 nostros
1220 5685 1506 5740 chronicos
1534 5681 1690 5747 H55,
1720 5698 1861 5735 anno
1886 5681 2097 5739 Domini
2134 5681 2257 5736 ibi.
