4070 6204
411 279 480 350 91

1644 287 2067 350 NICEPHOBI
2109 253 2455 354 CALLIS’I‘I

3599 292 3686 356 92'

419 409 758 472 pcratorem,
781 416 851 456 ne
869 401 1142 458 Eusebius
1173 401 1392 472 publice
1420 403 1719 473 quidquam
1744 413 1800 459 et
1819 402 1994 458 libere

2129 407 2590 478 ιαρῤησιασθῆναι
2621 405 2906 475 Εὐσέϐιον.
2946 406 3028 462 Τά
3053 407 3147 462 τσα
3168 405 3226 460 δέ
3261 406 3436 460 εἰπεῖν
3461 405 3557 459 καὶ
3583 405 3674 459 τὸν

420 495 655 560 diceret,
679 497 964 551 statuisse.
1012 496 1273 566 Idemque
1306 497 1630 552 iuvenalem
1682 497 1995 567 Hierosoly-

424 586 693 640 niitanum
759 587 1000 647 dixisse.
1064 597 1183 641 acta
1241 587 1551 642 declarant.
1595 590 1993 644 Czrsarirnsem

423 687 610 732 autem
642 678 984 734 Thalassium
1035 680 1310 742 retulisse,
1356 681 1491 734 nihil
1522 681 1724 736 habere
1754 682 1996 735 auctori-

428 769 559 824 tatis
592 769 642 823 id
677 771 823 839 quod
870 785 900 824 a
929 769 1275 841 principibus
1307 769 1628 825 damnatum
1656 781 1823 826 esset.
1856 771 1997 824 Tum

429 869 612 914 autem
647 877 753 914 non
793 861 934 916 hanc
982 878 1104 916 esse
1141 862 1290 926 fidei,
1323 865 1390 918 de
1414 879 1519 932 qua
1553 878 1715 932 agere
1745 863 2000 932 proiiosi-

435 962 550 1005 tum
579 963 748 1017 esset,
781 953 1183 1009 defensionem.
1222 956 1303 1009 Ad
1356 955 1471 1009 haec
1496 995 1512 1019 ,
1563 966 1681 1010 atta
1723 963 1998 1019 asserunt,

435 1042 754 1098 Dioscorum
804 1061 868 1099 ea
908 1063 1030 1114 qlia:
1077 1045 1281 1102 ﬁebant
1338 1048 1783 1117 reprehendisse,
1815 1059 1872 1102 et
1921 1048 2004 1102 di-

435 1134 624 1189 xisse:
674 1137 962 1202 Quomodo
1015 1154 1163 1194 nunc
1207 1155 1451 1195 canones
1499 1151 1812 1202 servantur,
1877 1157 2002 1194 eum

436 1225 820 1283 Theodoretus
849 1246 1070 1300 quoque
1099 1231 1154 1284 iu
1191 1240 1524 1286 conventum
1559 1232 1808 1286 venerit?
1839 1232 2007 1286 Sena-

441 1323 555 1370 tum
593 1328 776 1374 autem
825 1323 1196 1392 respondisse,
1244 1325 1390 1394 quod
1433 1328 1774 1382 accusatoris
1820 1327 2003 1381 locum

439 1407 737 1471 obtineret,
765 1423 1054 1480 propterea
1090 1413 1241 1466 illum
1273 1414 1578 1484 ingressum
1607 1431 1752 1472 esse.
1782 1417 2008 1471 Diosco-

442 1511 565 1550 rum
598 1514 766 1566 porro
819 1501 1070 1557 intulisse
1109 1520 1122 1555 :
1154 1503 1319 1570 Atqui
1365 1503 1422 1557 in
1450 1505 1698 1574 episcopi
1747 1507 2010 1561 subsellio

444 1585 536 1640 iilc
576 1591 755 1645 sedet.
797 1591 866 1644 Et
917 1608 1136 1646 rursum
1178 1604 1434 1648 senatum
1477 1595 1819 1664 imperialeni
1859 1596 2011 1650 intu-

443 1684 611 1740 lisse:
646 1687 712 1741 Et
743 1688 1045 1742 Eusebium
1090 1699 1146 1743 et
1180 1689 1593 1745 Thcodoretum
1627 1700 2010 1746 accusatorum

2107 495 2496 568 Ἱεροσολύμων
2543 499 2899 554 Ἰουὸενάλιον
2945 501 2978 568 ἡ
3035 499 3235 569 πρᾶξις
3283 497 3458 568 δηλοῖ.
3504 497 3580 552 '0'
3619 499 3676 552 δὲ

2099 589 2444 660 Καισαρείας
2469 591 2772 652 Θαλάσσιος
2798 591 2926 662 ἔφη,
2957 593 3058 661 τὴν
3101 591 3359 658 ἐξουσίαν
3403 590 3480 662 μὴ
3506 590 3693 660 ἔχειν(

2102 681 2170 732 Ὃ
2193 680 2330 748 δῆτα
2362 680 2721 748 κατέγνωσαν
2752 681 2803 734 οἱ
2834 682 3118 752 ἄρχοντες·
3158 681 3295 751 μηδὲ
3329 681 3439 750 γάρ
3474 679 3678 733 ἀπολο-

2101 771 2226 838 γίαν
2264 773 2468 842 ταύτην
2512 767 2656 826 εἶναι
2698 772 2946 835 ’πίστεως
2988 772 3382 841 προκειμένης.
3438 770 3565 824 Ἐπὶ
3614 770 3679 841 δη

2101 865 2315 924 τούτοις
2347 867 2778 934 παριστάνουσιν
2815 865 2871 918 αἱ
2923 864 3176 935 πράξεις,
3234 863 3560 934 μέμψασθαι
3589 861 3678 915 τὸν

2103 955 2394 1024 Διόσκορον
2423 955 2493 1006 τά
2537 955 2821 1024 γινόμενα,
2866 955 3167 1007 ἐπειπόντα
3192 970 3206 985 ·
3243 954 3360 1007 Νῦν
3405 958 3549 1008 ποῖοι
3585 972 3680 1008 κα-

2103 1044 2255 1104 νόνες
2287 1043 2574 1106 σώζονται,
2603 1044 2684 1098 ὅτι
2715 1045 2933 1114 εἰσῆλθε
2963 1046 3055 1097 καὶ
3087 1044 3477 1116 Θεοδὼρητοςς
3516 1045 3681 1102 Ἀποο

2106 1135 2395 1205 κρίνασθαί
2426 1151 2485 1186 τε
2521 1135 2619 1204 τὴν
2666 1135 2995 1206 σύγκλητον,
3045 1138 3359 1204 κατήγορον
3407 1131 3546 1188 εἶναι
3591 1139 3682 1188 καὶ

2106 1225 2196 1278 διά
2224 1225 2384 1279 τοῦτο
2423 1227 2619 1279 ἐλθεῖν.
2655 1227 2848 1279 Εἰπείν
2874 1226 2931 1278 δέ
2963 1227 3282 1296 Διόσκορον,
3306 1227 3382 1290 ὡς
3420 1227 3480 1279 ἐν
3529 1227 3683 1292 τάξει

2109 1317 2416 1371 ἐπισκόπου
2449 1319 2707 1388 κάθηται·
2742 1319 2918 1372 εἰπεῖν
2943 1335 3002 1371 τε
3027 1317 3184 1381 αὖθις
3214 1319 3314 1389 τὴν
3356 1318 3682 1388 σύγκλητον,

2110 1410 2184 1472 ὡς
2219 1411 2316 1462 καὶ
2348 1408 2608 1481 Εὐσέβιος
2644 1411 2738 1464 καὶ
2767 1408 3117 1480 Θεοδώρητος
3159 1412 3489 1480 κατηγόρων
3519 1411 3685 1463 τόπον

2111 1501 2423 1571 ἐπέχουσιν,
2483 1499 2675 1570 ὥσπερ
2722 1501 2818 1553 καὶ
2865 1501 3156 1571 Διόσκορος
3203 1503 3686 1571 κατηγορουμένου

2112 1593 2278 1645 τόπον
2311 1593 2683 1662 κεκλήρωται.
2707 1591 2813 1646 Καὶ
2837 1593 2901 1663 δὴ
2931 1594 3112 1662 πάσης
3139 1592 3394 1662 πράξεως
3422 1593 3521 1660 τῆς
3543 1593 3687 1644 κατα

2115 1686 2215 1755 τὴν
2248 1686 2513 1753 δευτέραν
2563 1685 2784 1738 σύνοδον
2836 1685 2894 1738 ἐν
2953 1685 3205 1756 Ἐρέσῳ,
3246 1687 3340 1738 καὶ
3398 1685 3498 1754 τῆς
3547 1686 3690 1737 κατὰ

444 1777 592 1833 vices
618 1795 828 1847 gerere,
875 1781 1038 1834 sicuti
1074 1791 1128 1834 et
1162 1781 1480 1836 Dioscoruni
1514 1784 1592 1837 rei
1641 1791 1824 1851 partes
1845 1782 2011 1837 susti.

2129 1775 2420 1826 θλασιανοῦ
2453 1775 2546 1828 καὶ
2574 1773 2834 1827 Εὑσεϐίου
2871 1773 3203 1842 ἀποφάσεως
3231 1774 3686 1842 ἀνεγνωσμένων,
3763 1801 3778 1816 ι

445 1869 782 1941 πει-ιι.Μο
809 1872 986 1938 Atque
1015 1872 1108 1925 ubi
1148 1881 1270 1925 acta
1293 1871 1484 1942 synodi
1519 1873 1795 1941 posterius
1813 1871 2014 1942 Ephesi

445 1963 735 2018 celebrata:
761 1963 978 2023 omnia.
1025 1979 1132 2018 una
1181 1979 1306 2019 cum
1357 1965 1632 2019 sententia
1671 1975 1864 2020 contra
1896 1965 2015 2020 Fla-

440 2055 668 2108 vianum
699 2063 755 2110 et
786 2055 1082 2110 Eusebiqu
1117 2056 1246 2119 lata,
1282 2056 1424 2111 lecta
1450 2097 1464 2121 ,
1495 2066 1551 2111 et
1592 2056 1659 2111 ad
1713 2057 2016 2112 clausulam

449 2147 599 2201 iilaiu
637 2157 860 2200 ventum
903 2158 1071 2211 esset,
1107 2148 1199 2201 tibi
1237 2147 1482 2202 Hilarius
1510 2147 1804 2216 episcopus
1833 2147 2014 2201 dixit:

452 2255 474 2289 ι
507 2237 816 2293 Orientales
850 2239 1142 2307 episcopos
1173 2247 1230 2293 et
1263 2241 1358 2308 qui
1387 2255 1511 2293 cum
1544 2239 1626 2294 eis
1653 2249 1834 2303 erant,
1873 2239 2021 2292 voci-

449 2331 656 2386 feratos
683 2345 840 2393 esse,
874 2331 1182 2384 Anatliema
1224 2329 1278 2383 in
1343 2329 1663 2384 Dioscorum
1697 2345 1710 2382 :
1745 2329 1849 2383 liae
1902 2329 2019 2399 ipsa

391 2433 399 2440 '
454 2426 590 2479 hora
621 2423 936 2478 llioseorutn
965 2422 1221 2478 Christus
1266 2421 1694 2476 condemnavit:
1728 2421 2022 2476 Flavianus

451 2529 484 2568 a
537 2515 796 2570 liioscoro
850 2501 1239 2569 exauctoratus
1289 2522 1377 2568 est
1419 2530 1432 2573 :
1489 2521 1542 2568 tu
1580 2511 1754 2574 illmn,
1795 2512 2022 2566 Domine

450 2615 664 2666 sancte.
717 2606 970 2672 vindica;
1010 2615 1066 2659 tu
1112 2605 1305 2670 illum,
1346 2604 1652 2660 orthodoxe
1700 2605 2020 2672 imperator,

455 2699 711 2763 viudiea;
761 2699 930 2761 vivat,
962 2701 1111 2754 vivat
1144 2699 1198 2752 in
1233 2698 1434 2752 inultos
1489 2711 1662 2751 annos
1693 2696 1846 2760 Leo;
1878 2695 2026 2749 vivat

451 2789 769 2845 diutissime
793 2791 1126 2860 patriarcha.
1163 2808 1182 2840 ο
1226 2789 1340 2843 Sub
1391 2790 1505 2842 haec
1538 2789 1628 2842 ubi
1658 2788 1864 2855 reliqua
1890 2803 2028 2856 quo-

449 2898 565 2952 que
614 2881 754 2936 lecta
804 2890 1011 2942 essent.
1059 2897 1180 2950 qua:
1224 2881 1362 2934 alios
1389 2895 1608 2950 quoque
1641 2881 1931 2949 episcopus
1972 2881 2024 2933 in

453 2974 702 3030 Flaviani
730 2985 784 3029 et
805 2973 1025 3028 Eusebii
1050 2973 1449 3042 depositionem
1473 2975 1819 3048 consensisse
1843 2973 2027 3027 deela-

454 3073 678 3126 rarunt,
733 3064 1158 3134 gloriosissimos
1213 3064 1490 3134 principes
1529 3065 1584 3120 in
1612 3066 1759 3119 hunc
1806 3067 2024 3120 modum

455 3158 626 3213 verba
677 3157 910 3213 fecisse:
952 3175 970 3209 ι
1017 3157 1091 3212 De
1121 3156 1448 3222 orthodoxa,
1482 3169 1628 3212 recta
1659 3169 1714 3213 et
1747 3159 2017 3216 catholica

461 3249 569 3305 title
597 3250 850 3319 sequenti
879 3250 965 3304 die
999 3251 1363 3305 conveniente
1417 3251 1674 3315 concilio,
1732 3253 2027 3307 certiorem

459 3341 894 3412 inquisitionem
930 3341 1046 3395 ﬁeri
1085 3343 1286 3398 debere
1345 3345 1646 3401 cernimus.
1675 3344 2032 3411 Quandoqui-

460 3438 585 3492 dem
646 3451 774 3491 vero
831 3435 1124 3491 Flavianus
1180 3437 1283 3506 pia:
1331 3437 1630 3502 memoriae,
1673 3446 1729 3492 et
1760 3436 2031 3492 Eusebius

467 3528 693 3597 Dorylzei
745 3528 1196 3597 religiosissimus
1248 3531 1583 3599 episcopus,
1620 3543 1719 3598 per
1751 3544 2032 3584 commen-

463 3622 728 3672 tariorum
782 3619 1048 3673 lectorum
1108 3621 1514 3683 testimonium,
1563 3630 1619 3675 et
1683 3635 1844 3676 voces
1887 3621 2032 3690 ipsas

463 3727 682 3776 eorum,
731 3710 825 3781 qui
879 3721 992 3765 tutu
1033 3711 1247 3782 synodo
1296 3713 1372 3768 illi
1425 3714 1703 3783 principes
1743 3712 2028 3782 prmluere,

463 3803 649 3873 lapsos
699 3819 759 3858 se
803 3817 926 3858 esse
950 3844 966 3867 ,
999 3818 1397 3873 perperamque
1443 3805 1551 3858 illis
1582 3804 1906 3874 dignitatem
1938 3805 2032 3872 qui

466 3895 523 3949 in
586 3894 690 3949 llde
748 3892 1070 3973 hallucinati
1107 3909 1218 3946 non
1271 3893 1498 3958 fuerint,
1530 3893 1820 3962 abrogasse
1865 3894 2035 3946 conti-

463 3996 668 4053 tentes,
715 3986 902 4056 inique
953 3985 1469 4041 condemnationem
1501 4001 1624 4040 eam
1677 3985 1873 4039 factam
1911 4001 2033 4041 esse

465 4080 814 4152 probarunt:
845 4093 1061 4149 aequum
1103 4077 1267 4132 nobis
1316 4093 1437 4133 esse
1483 4092 1584 4147 pro
1611 4093 1680 4133 eo
1727 4087 1892 4148 atque
1922 4078 2034 4133 Deo

463 4177 670 4245 placet,
701 4175 747 4230 si
792 4174 1140 4229 divinissiino
1187 4183 1243 4228 et
1289 4172 1539 4241 piissimo
1567 4171 1792 4226 domino
1840 4181 2029 4226 nostro

462 4268 758 4338 placuerit,
800 4267 1043 4327 videtur,
1077 4275 1138 4320 ut
1163 4265 1353 4319 eadem
1394 4281 1549 4333 pwua
1583 4263 1878 4318 Dioscorus
1911 4264 2038 4317 reli-

464 4360 813 4430 giosissinius
866 4355 1211 4414 Alexandriae
1273 4357 1584 4428 episcopus.
1637 4365 1694 4410 et
1751 4356 2036 4411 Juvenalis

2120 1866 2246 1920 ἐπεὶ
2278 1867 2413 1936 πρὸς
2465 1870 2534 1938 τῇ
2583 1869 2739 1938 ῥήσει
2788 1869 3040 1935 ἐγένοντο
3091 1869 3227 1920 ὅπου
3267 1867 3332 1935 δὴ
3386 1868 3615 1938 Ἰλάρος
3663 1869 3692 1919 6

2119 1960 2422 2022 ἐπίσκοπος
2444 1959 2570 2028 ἔφη,
2609 1979 2628 2011 ι
2660 1961 2723 2014 Oi
2754 1961 2849 2028 τῆς
2888 1960 3158 2028 ἀνατολῆς
3187 1961 3480 2013 ἐπίσκοποι
3515 1959 3610 2013 καὶ
3642 1959 3691 2012 οἰ

2123 2052 2222 2105 σὺν
2245 2052 2428 2114 αὐτοῖς
2452 2052 2687 2121 ἐδόησαν
2709 2068 2724 2083 °
2756 2052 3036 2123 ’Δνάθεμα
3076 2053 3352 2120 Διοσκόρῳ
3379 2069 3391 2084 ·
3425 2052 3603 2124 ταύτῃ
3625 2053 3692 2122 τῇ

2120 2142 2243 2214 ὥρα
2273 2143 2563 2214 Διόσκορον
2595 2146 2622 2196 6
2653 2146 2891 2215 Χριστὸς
2930 2145 3170 2199 καθεῐλεο
3199 2143 3501 2206 Φλαὸιανδς
3542 2145 3696 2213 παρὰ

2123 2237 2417 2308 Διοσκόρω.)
2447 2236 2748 2307 καθῃρέθη.
2792 2239 2955 2305 Ἀγιε
3008 2237 3204 2307 Κύριε,
3252 2237 3318 2289 σὺ
3358 2235 3522 2288 αὑτὸν
3547 2235 3695 2287 ἐκδί-

2125 2348 2315 2401 κησον.
2384 2330 2665 2400 Ὀρθόδοξε
2724 2331 2974 2401 βασιλεῦ,
3035 2331 3099 2384 σὺ
3158 2330 3323 2384 αὑτὸν
3384 2328 3692 2396 ἐκδῖκησον.

2124 2426 2352 2486 Λέοντος
2388 2425 2557 2479 πολλὰ
2589 2424 2660 2477 τὰ
2697 2424 2815 2495 ἔτη.
2855 2424 2962 2477 Τοῦ
3007 2425 3354 2494 πατριάρχου
3411 2421 3583 2475 πολλὰ
3629 2421 3700 2473 τὰ

2125 2517 2246 2585 ἐτη.
2283 2535 2302 2570 ι
2349 2517 2580 2570 Ἔπειτα
2637 2516 2733 2569 καὶ
2767 2517 2875 2570 τῶν
2929 2517 3106 2569 ἄλλων
3166 2516 3632 2584 ἀνεγνωσμένων,
3665 2511 3706 2564 ἃ

2126 2609 2352 2677 δηλοῦσι
2379 2613 2474 2662 καὶ
2505 2611 2632 2672 τοὺς
2663 2609 2858 2672 ἄλλους
2888 2608 3000 2661 τῶν
3029 2608 3347 2661 ἐπισκόπων
3379 2609 3444 2676 τῇ
3470 2605 3702 2660 Φλαϐιαο

2131 2703 2220 2755 κοῦ
2259 2702 2577 2772 καθαιρέσει
2614 2701 2930 2755 συναινέσαι
2969 2701 3066 2752 καὶ⁸
3093 2699 3378 2762 Εὑσεϐίου,
3409 2699 3460 2750 οἱ
3499 2696 3701 2760 ἐνδοξόο

2128 2815 2280 2851 τατοι
2333 2799 2595 2867 ἄρχοντες
2645 2795 2818 2849 ταῦτα
2852 2795 2991 2866 πρὸς
3034 2794 3180 2858 λέξιν
3225 2794 3470 2847 άνεῖπονσ
3507 2810 3525 2843 ι
3565 2793 3700 2858 Περὶ

2133 2891 2232 2958 μὲν
2261 2889 2360 2958 τῆς
2389 2887 2678 2957 ὀρθοδόξου
2708 2889 2800 2940 καὶ
2841 2886 3139 2951 καθολικῆς
3171 2885 3409 2947 πίστεως
3440 2884 3704 2937 τελειοτέ-

2133 2967 2232 3050 ρας
2278 2980 2500 3033 συνόδου
2531 2980 2834 3049 γενομένης
2861 2983 2928 3048 τῇ
2957 2979 3242 3049 ὑστεραίᾳ,
3298 2977 3705 3052 ἀκριεεστέραν

2134 3069 2380 3134 ἐξέτασιν
2426 3069 2538 3122 δεῖν
2571 3068 2826 3137 γενέσθαι
2861 3068 3198 3140 συνορῶμενο
3231 3067 3420 3137 ἐπειδὴ
3461 3067 3518 3120 δὲ
3560 3067 3702 3120 Φλά·

2133 3162 2315 3222 σιανῖς
2338 3163 2366 3214 6
2396 3161 2493 3230 τῆς
2527 3161 2786 3224 εὐσεῆοὖς
2825 3162 3048 3231 μνήμης
3069 3201 3084 3225 ,
3113 3163 3209 3214 καὶ
3252 3158 3512 3220 Εὐσέϐιος
3545 3159 3572 3211 6
3608 3157 3705 3211 τοῦ

2132 3249 2430 3320 Δορυλαίου
2463 3250 2864 3312 εὐλαϐέστατος
2899 3251 3214 3310 ἐπίσκοπος,
3243 3251 3308 3302 ἐκ
3336 3248 3437 3318 τῆς
3468 3247 3579 3299 τῶν
3604 3265 3705 3299 πε-

2133 3345 2464 3414 πραγμένων
2501 3345 2594 3396 καὶ
2633 3344 3076 3412 διαγνωσθέντων
3109 3341 3362 3412 ἐρεύνης.
3397 3341 3492 3394 καὶ
3537 3340 3707 3407 αὐτῆς

2131 3439 2228 3506 τῆς
2255 3437 2440 3508 φωνῆς
2468 3437 2577 3490 τῶν
2603 3437 2915 3507 γενομένων
2944 3437 3192 3506 ἐξάρχων
3217 3435 3315 3505 τῆς
3340 3434 3460 3486 τότε
3488 3431 3704 3485 συνόδου

2133 3527 2588 3597 ὁμολογησάντων
2634 3527 2904 3594 ἐσφάλθαι
2937 3528 3033 3578 καὶ¹
3079 3529 3257 3594 μάτην
3291 3525 3490 3586 αὐτοὺς
3535 3521 3708 3591 mor,-

2137 3617 2386 3686 ρηκέναι,
2419 3616 2572 3669 οὐδὲν
2602 3616 2734 3687 περὶ
2764 3615 2862 3685 τὴν
2892 3615 3080 3668 πίστιν
3125 3612 3423 3680 σφαλέντες
3463 3611 3708 3664 δείκνυν-

2133 3727 2244 3775 ται,
2289 3709 2490 3772 ἀδίκως
2526 3708 2580 3761 δὲ
2614 3707 3056 3775 καθαιρεθέντες·
3092 3705 3346 3775 φαίνεται
3389 3704 3521 3771 ἡμῖν
3565 3700 3708 3752 κατὰ

2134 3803 2194 3854 τὸ
2225 3800 2302 3871 τῷ
2331 3787 2724 3870 Θεῷάρέσκον
2749 3800 2958 3853 δίκαιον
3003 3792 3163 3858 εἶναι,
3199 3792 3597 3866 είοπαρασταὶη
3631 3790 3708 3859 τῷ

2137 3889 2400 3957 θειοτάτῳ
2423 3889 2517 3940 καὶ
2537 3886 2920 3956 εὐσεϐεστάτῳ
2944 3886 3103 3956 ἡμῶν
3129 3886 3367 3954 δεσπότῃ
3389 3885 3494 3936 τῶν
3528 3882 3709 3934 αὐτῶν

2135 3979 2432 4046 ἐπιτιμίων
2466 3979 2761 4046 Διόσκορον
2810 3977 2905 4029 τὸν
2953 3976 3356 4028 εὐλαὸέστατον
3408 3974 3708 4046 ἐπίσκοπον

2149 4069 2584 4140 ⁹Α).εξανδρείας,
2621 4069 2718 4122 καὶ
2766 4068 3124 4128 Ἰουϐενάλιον
3168 4066 3262 4118 τὸν
3307 4064 3710 4118 εὐλαϐέστατον

2136 4162 2436 4213 ἐπίσκοπον
2490 4161 2908 4230 Ἱεροσολύμων,
2951 4160 3044 4211 καὶ
3077 4158 3382 4210 θαλάσσιον
3431 4156 3522 4207 τὸν
3553 4155 3714 4206 εὐλα-

2139 4254 2402 4306 ϐέστατον
2434 4255 2734 4306 ἐπίσκοπον
2765 4253 3124 4322 Καισαρείας,
3180 4252 3276 4304 καὶ
3309 4247 3575 4301 Εὐσέϐιον
3619 4247 3714 4299 τὸν

2139 4345 2539 4398 εὐλαϐέστατον
2587 4345 2893 4396 ἐπίσκοπον
2937 4343 3235 4411 Ἀγκύρας,
3272 4344 3368 4396 καὶ
3413 4340 3715 4393 Εὑστάθιον

469 4452 914 4522 religiosissimus
993 4452 1288 4520 episcopus
1361 4448 1901 4518 Hierosolymorum,
1981 4456 2024 4498 el

2142 4439 2232 4489 τὶν
2285 4437 2688 4488 εὐλαϐέστατον
2739 4434 3039 4488 ἐπίσκοπον
3071 4433 3358 4502 Βηρυτῶν,
3406 4431 3503 4484 καὶ
3558 4430 3720 4483 Boisil

468 4544 786 4598 Tlialassius
817 4543 1312 4598 reverendissinms
1349 4542 1614 4598 Cmam-az
1643 4542 1954 4611 episcopus,
1984 4549 2040 4595 et

466 4631 742 4687 Eusebius
786 4631 1232 4700 religiosissimus
1277 4631 1604 4702 Ancyran)
1647 4631 2040 4700 episeopus,et

469 4723 793 4778 Eustathius
850 4722 1296 4792 religiosissimus
1361 4723 1540 4794 Beryti
1611 4723 1930 4793 episc0pus,
1985 4731 2043 4776 ct

469 4813 703 4870 Basilius
751 4814 1201 4884 religiosissimus
1252 4813 1518 4868 Seleucia:
1550 4813 1860 4868 Isaurorum
1924 4811 2042 4881 cpio

467 4919 717 4975 scopus,
775 4907 868 4976 qui
934 4921 1062 4961 eum
1117 4905 1450 4961 auctoritate
1507 4904 1576 4959 ab
1635 4905 1717 4958 eis
1777 4911 2038 4970 usurpata

472 4997 684 5070 synodo
718 5000 1075 5068 prwfuerunt,
1115 4997 1425 5051 adiciantur
1461 5012 1478 5050 :
1524 4995 1820 5056 videlicet,
1852 5003 1913 5048 ut
1946 5009 2044 5062 per

472 5105 685 5143 sacram
733 5091 874 5144 hanc
922 5089 1214 5161 synodum,
1256 5089 1410 5159 juxta
1451 5102 1711 5152 canones,
1749 5086 2044 5156 episcopali

473 5181 730 5237 excidant
777 5181 1064 5253 dignitate,
1114 5193 1171 5236 et
1225 5181 1408 5236 omnia
1464 5196 1586 5251 quae
1639 5190 2048 5249 consequenter

472 5280 594 5326 acta
622 5273 847 5340 fuerint,
876 5290 1046 5329 sai-rm
1077 5272 1349 5343 maiestati
1383 5273 1717 5327 reierantur.
1753 5291 1771 5324 ι
1816 5272 1896 5324 Ad
1925 5285 2051 5341 quae

473 5367 643 5420 verba
684 5365 993 5422 Orientales
1045 5366 1448 5421 exclamarint:
1487 5384 1505 5418 ι
1566 5365 1679 5420 Hoc
1717 5365 1928 5435 justum
1964 5372 2052 5418 est

472 5457 768 5528 iudiciuin.
807 5477 825 5511 ι
866 5458 1064 5530 Illyrici
1089 5468 1272 5512 autem
1303 5457 1587 5511 vociferati
1615 5455 1726 5511 sint
1751 5471 1766 5509 :
1796 5473 1815 5508 ι
1843 5453 2046 5510 Omnes

472 5550 808 5616 erravimus,
857 5551 1074 5606 veniam
1116 5563 1310 5604 omnes
1353 5548 1654 5618 poscimus.
1694 5565 1712 5599 ι
1749 5546 1816 5603 Et
1860 5545 2056 5602 Orieuo

550 5739 629 5813 (Ι)
661 5739 947 5810 Armeniae,
977 5739 1198 5812 Evagr.,
1257 5734 1351 5794 sed
1387 5747 1696 5806 perperam.

2143 4530 2287 4583 λειον
2337 4531 2430 4582 τὸν
2471 4530 2868 4582 εὐλαϐέστατον
2901 4527 3200 4580 ἐπίσκοπον
3247 4525 3568 4585 Σελευκείας
3619 4524 3718 4590 τῆς

2154 4623 2448 4690 Ἱσαυρίας,
2497 4624 2626 4686 τοὺς
2681 4623 2932 4684 ἐξουσίαν
2979 4618 3286 4688 ἐσχηκότας
3318 4619 3412 4668 καὶ
3459 4614 3718 4682 ἐξάρχον-

2145 4732 2243 4779 τας
2277 4716 2374 4783 τῆς
2416 4714 2540 4767 τότε
2582 4713 2828 4774 συνόδου,
2861 4711 3121 4763 ἐκπεσεῖν
3149 4709 3238 4760 διὰ
3269 4708 3367 4776 τῆς
3402 4705 3554 4774 ἱερᾶς
3585 4702 3721 4754 ταύ-

2143 4823 2244 4874 της
2272 4807 2514 4870 συνόδου,
2553 4805 2697 4857 κατὰ
2728 4806 2858 4866 τοὺς
2902 4802 3156 4864 κανόνας,
3211 4798 3307 4851 τοῦ
3356 4793 3721 4849 ἐπισκοπικοῦ

2147 4899 2500 4968 ἀξιώματος,
2560 4898 2778 4950 πάντων
2831 4896 2940 4948 τῶν
2999 4890 3606 4962 παρακολουθησάντων
3651 4887 3719 4952 τῇ

2149 4993 2270 5060 θεία
2318 4993 2530 5060 κορυφῇ
2567 4989 3017 5058 γνωριζομένων.
3056 5004 3073 5038 ι
3135 4984 3251 5052 Ἐφ’
3301 4978 3383 5044 οἷς
3430 4983 3478 5033 οἱ
3518 4982 3580 5031 ἐκ
3624 4979 3725 5047 τῆς

2149 5084 2223 5136 ἓω
2269 5083 2578 5151 ἐπεϐόησαν
2610 5097 2624 5111 ⁸
2671 5098 2688 5132 ι
2742 5080 2890 5150 Αὕτη
2937 5077 3124 5132 δικαία
3175 5078 3206 5146 ἡ
3259 5075 3464 5144 κρίσις.
3507 5091 3524 5124 ι
3575 5072 3636 5124 Οἱ
3667 5068 3725 5120 δὲ

2162 5177 2417 5247 Ἰλλυριοὶ
2443 5173 2896 5246 ἐπεκραύγασαν·
2927 5192 2945 5224 ι
2978 5173 3183 5232 Πάντες
3225 5167 3565 5236 ἐσφάλημεν,
3596 5178 3726 5225 συγ-

2154 5270 2379 5340 γνώμης
2413 5268 2611 5329 πάντες
2662 5266 3006 5334 ἀξιωθώμεν.
3038 5281 3056 5314 ι
3093 5263 3201 5316 Καὶ
3239 5259 3347 5312 τῶν
3387 5253 3727 5309 ἀνατολικῶν

2157 5359 2588 5428 ἐπιϐοησάντων,
2629 5375 2646 5408 ι
2680 5357 2828 5425 Αὕτη
2881 5356 3066 5408 δικαία
3107 5355 3138 5422 ἡ
3186 5352 3366 5421 κρίσις
3392 5366 3407 5381 ο
3438 5349 3730 5414 Διόσκορον

2156 5457 2183 5508 6
2214 5453 2448 5522 Χριστὸς
2497 5451 2735 5504 καθεῖλεο
2787 5451 2913 5510 τοὺς
2959 5447 3246 5516 μάρτυρας
3281 5444 3309 5495 ό
3352 5438 3586 5508 Χριστὸς
3613 5435 3720 5499 i55-

2157 5547 2401 5614 δίκησεν,
2458 5543 2588 5598 ὥσθ’
2627 5542 2860 5596 ἕκαστον
2913 5539 3021 5593 τῶν
3072 5537 3387 5590 ἐπισκόπων
3434 5531 3534 5599 τὴν
3592 5528 3733 5581 ἰδίαν
