4070 6204
290 418 295 421 Α
382 336 455 402 93

1314 333 1909 403 ΕΟΟΕΕΞΙᾹΞΤΙΕΙΒ
1947 331 1999 391 Η

2104 332 2339 394 ΓΟΒΙᾸΞ
2375 331 2523 393 LIB.
2565 331 2687 394 XV.
3580 330 3650 394 94

385 453 573 514 πίστιν
609 450 889 504 ἐκθέσθαι’
924 448 1125 511 εἰδότα,
1158 448 1235 513 ὡς
1276 450 1304 502 ό
1356 450 1773 519 θεοφιλέστατος
1808 450 1960 519 βασι-
1990 479 1999 503 Α

2104 448 2200 501 des
2230 461 2483 501 rursum:
2514 465 2532 497 ι
2555 443 2681 499 Hoc
2704 444 2910 514 justum
2944 451 3029 497 est
3049 441 3322 513 judicium
3347 460 3370 511 ς
3395 442 3650 499 Christus

386 542 537 604 λεῦς,
566 539 709 593 κατὰ
728 539 827 607 τὴν
859 538 1075 591 ἔκθεσιν
1098 538 1206 589 τῶν
1234 542 1304 589 τι’
1330 540 1425 590 καὶ
1452 536 1597 593 ὀκτὼ
1629 538 1724 590 καὶ
1761 536 1868 589 τῶν
1892 526 1968 605 ρν’

394 631 677 699 Πατέρων,
710 629 791 681 ἔτι
824 630 882 681 δὲ
915 629 1010 681 καὶ
1041 628 1182 681 κατὰ
1210 628 1309 690 τὰς
1343 627 1635 689 ἐπιστολὰς
1663 629 1772 681 τῶν
1799 628 1971 692 ἁγίων

393 721 659 790 Πατέρων
717 719 1068 788 Γρηγορίου,
1124 717 1433 781 Βασιλείου,
1495 718 1752 785 ’Ῑλαρίου,
1810 717 1970 768 Ἀθα-

394 810 612 871 νασίου,
655 808 1010 877 Ἀμῦροσίου,
1044 809 1141 859 καὶ
1190 807 1287 869 τὰς
1318 806 1411 858 δύο
1440 806 1732 875 Κορίλλου,
1766 808 1865 867 τὰς
1911 806 1971 858 ὲν

392 905 464 971 τῇ
496 901 696 971 πρώτῃ
724 902 782 952 ὲν
820 900 1033 970 Ἐφέσῳ
1070 899 1276 969 συνόδῳ
1309 897 1845 969 παρῤησιασθείσσις,
1885 914 1973 949 πιρ

398 991 606 1056 στεύει,
662 992 758 1044 καί
811 1007 876 1058 γε
928 991 1018 1042 τὸν
1074 990 1469 1042 εὐλαϐέστατον
1520 988 1823 1039 ἐπίσκοπον
1873 990 1973 1053 τῆς

409 1081 706 1151 Ῥωμαίων
747 1080 1082 1148 Ἐκκλησίας
1112 1079 1320 1134 Λέοντα
1352 1077 1701 1151 τὸνβύτυχῆ
1735 1078 1827 1129 ἐπὶ
1854 1077 1974 1129 τού-

398 1189 514 1235 τοις
549 1171 825 1226 καθελεῖν.
862 1191 881 1224 ι
928 1173 1032 1247 Καὶ
1084 1172 1188 1239 τῆς
1229 1170 1488 1239 τοιαύτης
1518 1171 1575 1223 δὲ
1610 1169 1975 1232 συνελεύσεως

399 1265 576 1330 πέρας
616 1263 911 1333 λαϐούσης,
963 1265 1129 1333 ἑτέρα
1162 1263 1329 1316 πάλιν
1364 1263 1597 1329 ἐγίνετο,
1654 1263 1830 1330 μόνων
1866 1261 1975 1311 τῶν

399 1354 725 1421 ἁγιωτάτων
753 1356 1071 1408 ἐπισκόπων
1100 1354 1612 1426 προκαθεσθέντων’
1642 1348 1722 1416 οἷς
1754 1354 1975 1419 ἐτέρους

397 1445 679 1509 ).ι6έ).λους
719 1448 981 1509 Εύσὲὅιος
1007 1448 1035 1496 ὁ
1070 1448 1370 1517 Δορυλαίου
1419 1446 1695 1498 ἐπέδωκεν
1743 1446 1885 1512 ὑπέρ
1916 1460 1975 1495 τε

398 1540 601 1594 ἑαυτοῦ
638 1543 732 1595 καὶ⁸
760 1542 1089 1596 Φλαὸιανοῦ.
1139 1543 1227 1594 Ἐν
1252 1538 1294 1608 ᾧ
1317 1541 1414 1594 καὶ
1457 1540 1665 1609 μέμψιν
1700 1537 1978 1607 Διοσκὸρῳ

398 1632 634 1699 ἐπῆγεν,
676 1633 752 1695 ὡς
781 1633 978 1699 ἐπίσης
1024 1632 1257 1702 Εὐτυχεῖ
1307 1632 1688 1701 θρησκεύοντι’
1720 1629 1781 1681 οὖ
1818 1629 1978 1699 χάριν

406 1721 505 1774 καὶ
529 1723 631 1791 τὴν
679 1722 983 1793 ἱερωσύνην
1032 1723 1232 1784 αὐτοὺς
1286 1722 1603 1792 ἀφεὶέσθαι.
1660 1719 1979 1789 Προσετίθει

2075 538 2401 593 Dioscorum
2429 536 2835 597 exauctoravit,
2883 534 3137 589 Christus
3169 544 3440 604 martyres
3470 534 3653 589 vindi-

2076 631 2239 683 cavit.
2256 649 2274 681 ι
2296 629 2454 699 64],
2475 628 2575 683 Hic
2594 638 2849 683 senatum
2867 627 3184 696 episcolium
3217 641 3493 695 quemque
3524 626 3650 681 fidei

2078 736 2190 775 sum
2249 720 2644 789 professionem
2680 718 2733 772 in
2783 720 3049 787 scriptum
3106 717 3316 772 referre
3360 718 3645 788 iussisse:

2079 812 2281 879 quibus
2329 811 2492 865 etiam
2533 810 2598 873 is,
2646 822 2707 863 ut
2748 810 2975 869 scirent,
3022 808 3304 869 indicarit,
3342 809 3438 862 Dei
3467 823 3655 862 aman-

2080 900 2353 954 tissimum
2390 900 2798 968 imperatorem,
2824 899 2975 968 juxta
3008 898 3298 951 formulam
3333 913 3361 950 a
3392 899 3654 953 trecentis

2081 991 2271 1057 decem
2306 1001 2361 1045 et
2402 1000 2546 1051 octo,
2585 998 2881 1044 etrursum
2914 1004 2943 1042 a
2975 999 3198 1042 centum
3249 990 3652 1058 quinquaginta

2083 1082 2337 1138 Patribus
2356 1083 2595 1146 editam,
2627 1093 2684 1137 et
2716 1093 2868 1152 Juxta
2905 1083 3166 1152 epistolas
3204 1091 3521 1136 sanctorum
3560 1082 3656 1136 Pa-

2086 1183 2229 1230 trum
2256 1174 2526 1242 Gregorii,
2551 1174 2755 1237 Basilii,
2786 1173 2999 1235 Hilarii,
3028 1170 3338 1236 Athanasii,
3360 1172 3654 1234 Ambrosii,

2081 1275 2137 1320 et
2155 1264 2293 1319 duas
2316 1254 2436 1318 illas
2455 1264 2667 1335 Cyrilli,
2698 1280 2817 1331 quae
2848 1264 2901 1317 in
2935 1262 3115 1332 priore
3145 1262 3417 1330 Ephesina
3448 1262 3658 1332 synodo

2082 1356 2373 1425 publicatae
2413 1364 2621 1416 essent,
2674 1354 2917 1419 credere,
2942 1361 2998 1407 et
3047 1353 3519 1421 religiosissimum
3554 1351 3663 1405 Ito-

2085 1464 2257 1502 mana:
2296 1447 2551 1501 Ecclesia:
2582 1446 2884 1500 antistitem
2916 1444 3152 1498 Leonem
3186 1443 3540 1514 Eutychetem
3567 1445 3661 1497 ab-

2088 1540 2327 1593 dicasse.
2363 1538 2649 1594 Conventu
2679 1554 2774 1592 seu
2799 1552 3095 1607 congressu
3138 1552 3206 1592 eo
3241 1537 3444 1600 soluto,
3488 1535 3657 1588 alium

2086 1648 2304 1686 rursum
2352 1633 2665 1687 institutum
2724 1645 2869 1695 esse,
2920 1630 2975 1683 in
3012 1644 3121 1697 quo
3171 1628 3270 1682 soli
3330 1628 3658 1683 sanctissimi

2087 1723 2329 1793 episcopi
2355 1724 2722 1778 consederint.
2782 1722 2871 1775 Eis
2915 1722 3161 1776 libellum
3198 1721 3388 1786 alium,
3420 1720 3487 1774 de
3523 1735 3580 1773 se
3606 1728 3663 1773 et

408 1829 475 1878 γε
512 1812 644 1883 μὴν,
691 1815 766 1877 ὡς
795 1813 887 1866 καί
939 1830 1061 1867 τινα
1119 1814 1194 1885 μὴ
1237 1814 1541 1885 τηνικαῦτα
1573 1811 1842 1881 εἰρημένα
1873 1812 1985 1871 τοῖς

2104 1815 2346 1869 Flaviano
2388 1815 2783 1883 conscriptum.
2834 1812 3131 1868 Eusebium
3186 1812 3411 1882 Dorylzei
3445 1812 3663 1865 antisti-

410 1905 808 1974 ὑπομνήμασιν
863 1908 1195 1976 ὲνέσπειρε·
1250 1908 1345 1958 καὶ
1401 1905 1477 1967 ὡς
1527 1905 1763 1973 ἀγράφῳ
1809 1902 1989 1973 χάρτῃ

409 1998 759 2066 ὑπέγραψαν.
810 2000 931 2050 Κάκ
984 2001 1170 2067 κοινῆς
1208 1998 1382 2051 ὲδείτο
1429 1996 1613 2064 ψήφου
1652 1996 1759 2047 τῶν
1811 2007 1989 2045 συνει-

409 2088 719 2157 λεγμένων.
753 2090 935 2159 ἄκυρα
968 2092 1063 2143 καὶ
1109 2090 1185 2151 ὡς
1217 2090 1352 2159 μηδὲ
1379 2090 1641 2156 γεγονότα
1671 2085 1987 2154 λογίζεσθαι

411 2178 483 2229 τὰ
508 2180 566 2230 ὲν
595 2181 661 2248 τῇ
692 2179 926 2249 δευτέρᾳ.
951 2181 1153 2250 συνόδῳ
1176 2182 1234 2234 ἐν
1264 2179 1477 2249 Ἐφέσῳ
1506 2177 1985 2248 διαπεπραγμένα·

414 2272 507 2320 καὶ
531 2270 630 2339 τὴν
664 2271 764 2339 μὲν
797 2272 1101 2342 ἱερωσύνην
1124 2274 1324 2334 αὐτοὺς
1356 2272 1523 2341 ἔχειν,
1556 2273 1617 2322 τὸ
1663 2269 1719 2322 δὲ
1762 2268 1989 2337 βέϐηλον

413 2363 597 2413 ικείνο
629 2363 809 2432 δόγμα
854 2364 1380 2434 ἀναθεματισθῆναι.
1414 2366 1567 2419 Μετὰ
1622 2365 1678 2416 δὲ
1718 2362 1818 2432 τὴν
1860 2363 1992 2414 ἀνά-

417 2470 454 2521 γ
487 2470 620 2506 ωσιν
650 2456 805 2521 ἠξίου
838 2460 1094 2526 παρεῖναι
1123 2460 1216 2509 καὶ
1241 2457 1337 2510 τὸν
1360 2456 1650 2508 ἀντίδικον.
1672 2455 1778 2506 Καὶ
1809 2452 1996 2504 διαὶα-

415 2546 536 2607 2:5;
566 2548 867 2615 γενομένης
894 2548 1331 2617 παραγενέιθκι,
1375 2548 1582 2609 Ἀέτιος
1618 2547 1646 2597 ό
1688 2546 1797 2597 τῶν
1836 2562 1996 2595 νοτα-

414 2636 551 2700 ρῖων
596 2636 968 2705 πριμικὴριος
1035 2636 1326 2706 παρελθὼν
1362 2632 1542 2697 εἶπεν.
1589 2637 1664 2698 ὼς
1708 2634 1860 2703 διέϐη
1898 2635 1996 2703 μὲν

422 2726 557 2794 πρὸς
587 2726 903 2796 Διόσκορον,
938 2726 1124 2794 ὥσπερ
1155 2728 1292 2797 δῆτα
1320 2729 1417 2780 καὶ
1451 2728 1583 2797 πρὸς
1610 2728 1736 2790 τοὺς
1770 2727 1956 2785 ἄλλους
1979 2764 1994 2788 ,

424 2817 521 2868 καὶ
548 2818 805 2887 εἰρήκασι
839 2819 912 2888 μὴ
948 2820 1122 2872 ἐλθεῖν
1148 2818 1409 2872 δύνασθαι
1439 2820 1546 2871 ύπδ
1574 2818 1682 2871 τῶν
1707 2818 2000 2884 φυλαττόν-

427 2926 558 2963 των·
605 2912 702 2963 καὶ
742 2911 1031 2982 διελαλήθη
1082 2912 1384 2982 ζητηθῆναι
1434 2914 1523 2964 τὸν
1565 2912 1857 2979 Διόσκορον
1892 2909 2000 2978 πρὸ

430 2998 526 3051 τοῦ
567 2999 871 3069 συνεδρίου.
906 3000 1174 3052 Κάκείνου
1205 3001 1281 3068 μὴ
1316 3000 1654 3069 εὑρεθέντος,
1692 2999 2002 3061 Ἀνατόλιος

431 3091 458 3142 δ
487 3090 588 3159 τῆς
634 3092 761 3152 νέας
794 3089 1012 3159 Ῥώμης
1061 3092 1363 3154 ἐπίσκοπος
1406 3086 1526 3143 εἷπε
1548 3107 1562 3122 ο
1593 3090 1816 3143 Δίκαιόν
1851 3091 2002 3141 ἐστιν

429 3185 640 3236 ἐκεῖνον
668 3184 1102 3251 παραγενέσθαι.
1126 3184 1200 3239 Oti
1229 3184 1547 3253 γενομένου,
1579 3184 1629 3236 οἱ
1660 3183 2001 3254 πεμφθέντες

428 3276 820 3339 ἐπανελθόντες
853 3273 1030 3341 εἷπον,
1086 3277 1163 3340 ὡς
1214 3278 1427 3347 εἴρηκε,
1473 3277 1823 3345 Φυλάσσομαι
1870 3275 1997 3343 ἐγώ.

430 3367 490 3418 Et
529 3366 586 3419 δὲ
620 3369 1097 3438 συγχωρήσουσιν,
1145 3369 1288 3439 ἥκω,
1327 3372 1420 3421 καὶ
1450 3368 1668 3437 ἕτοιμός
1708 3370 1824 3434 είμι
1868 3369 2003 3438 πρὶς

429 3461 531 3528 τὴν
561 3460 715 3513 θείαν
756 3464 1169 3529 παραγενέσθαι
1226 3460 1467 3512 σύνοδον.
1531 3460 1894 3527 Προστέθεικε
1947 3460 2003 3511 δὲ

431 3568 589 3604 τουτο
608 3552 866 3622 Ἱμέριος-⁸
895 3553 968 3614 ὡς
990 3553 1053 3604 ὲκ
1084 3553 1377 3623 Διοσκόρου
1401 3553 1739 3623 ἐρχομένων,
1771 3552 2005 3622 συναντᾷ

437 3645 636 3714 Βοηθὸς
669 3647 852 3707 αὐτοῖς
899 3646 993 3698 καὶ
1038 3645 1114 3715 τῷ
1158 3646 1447 3715 μαγὶστρῳ
1499 3646 1608 3697 τῶν
1647 3645 1805 3698 θείων
1826 3644 2004 3711 νόφφι·

431 3737 589 3787 κίων.
624 3736 735 3790 Καὶ
772 3737 871 3789 σὺν
904 3738 1099 3807 ἐκείνῳ
1135 3738 1187 3789 οί
1220 3739 1511 3789 ἐπίσκοποι
1544 3736 1677 3803 πρὸς
1715 3737 2006 3802 Διόσκορον

429 3822 587 3887 αὖθις
617 3821 804 3895 ἦλθον,
842 3825 939 3879 καὶ
969 3821 1127 3879 εἷπον
1160 3827 1218 3877 ὲν
1250 3827 1501 3895 σημείοις
1528 3825 1649 3878 τινὰ
1692 3826 1834 3894 ἒχειν
1864 3827 2006 3894 ἐρεῖν

433 3918 608 3986 αὐτῷ.
657 3915 872 3988 *Ωνπερ
921 3917 1611 3991 ἀναγνωσθέντίινηδηλοῖ
1655 3918 1827 3971 ταῦτα
1872 3922 2008 3987 πρὸς

436 4015 583 4079 λέξιν
613 4016 789 4067 είπεῖν
824 4015 910 4068 τὶν
943 4016 1256 4083 Διόσκορον·
1298 4032 1316 4064 ι
1360 4011 1693 4081 Συναγαγὼν
1751 4012 2005 4081 ἐμαυτὸν.

440 4111 537 4161 καὶ
576 4107 737 4175 γνοὺς
765 4108 824 4158 τὸ
859 4108 1157 4175 συμφέρον,
1189 4106 1315 4158 τάδε
1357 4106 1748 4175 ἀποκρίνομαι·
1792 4102 2008 4174 Ἐπειδὴ

437 4202 501 4253 ἐν
540 4200 604 4267 τῇ
634 4197 743 4265 πρὸ
779 4197 986 4264 ταύτης
1037 4196 1242 4266 συνόδῳ
1290 4194 1649 4262 καθεζόμενοι
1692 4196 1739 4246 oi
1776 4194 2010 4264 μεγαλο-

441 4291 813 4360 πρεπέστατοι
841 4289 1123 4358 ἄρχοντες,
1173 4287 1385 4356 ὥρισαν
1419 4287 1590 4339 πολλὰ
1628 4289 1769 4355 μετὰ
1807 4287 2009 4349 πολλὰς

445 4383 662 4449 ἑκάστῳ
695 4380 1001 4442 διαλαὶιάς·
1036 4380 1130 4433 νῦν
1179 4380 1236 4432 δὲ
1288 4380 1368 4442 είς
1419 4380 1678 4447 δευτέραν
1734 4377 2009 4447 καλοῦμαι

2092 1913 2198 1955 tem
2232 1903 2517 1967 obtulisse,
2552 1904 2605 1955 in
2654 1919 2762 1971 quo
2793 1902 3112 1955 Dioscorum
3144 1917 3211 1956 eo
3242 1902 3408 1955 etiam
3441 1902 3663 1953 nomine

2089 1997 2413 2050 criminatus
2443 1998 2533 2056 sit,
2566 1995 2709 2065 quod
2743 1996 2885 2048 idem
2916 2010 3040 2048 cum
3062 1994 3370 2064 Eutyeliete
3400 1995 3656 2058 si-ntiret,

2091 2088 2248 2156 cujus
2274 2086 2350 2141 rei
2388 2086 2560 2155 gratia
2608 2085 2663 2141 οὶ
2709 2086 3004 2139 Flavianus
3035 2093 3091 2139 et
3129 2085 3245 2154 ipse
3293 2086 3361 2138 ab
3391 2099 3459 2138 eo
3497 2097 3669 2137 exan-

2092 2179 2289 2234 ctorati
2320 2187 2526 2237 essent.
2571 2177 2865 2231 Addidisse
2904 2192 3124 2246 quoque
3174 2176 3441 2244 pleraque
3474 2174 3665 2239 verba,

2095 2283 2217 2336 qua:
2248 2278 2360 2320 tttm
2406 2268 2550 2321 dicta
2606 2281 2713 2319 non
2742 2273 2950 2329 essent,
2981 2264 3397 2320 commentariis
3421 2271 3668 2316 actorum

2094 2373 2214 2413 esse
2237 2373 2478 2425 aspersa.
2502 2358 2568 2411 Et
2589 2357 2735 2425 quod
2766 2355 3202 2425 subscriptiones
3230 2355 3283 2409 in
3313 2355 3501 2408 charta
3533 2368 3669 2422 pura

2098 2447 2251 2501 factm
2279 2456 2484 2500 essent.
2522 2446 2751 2499 Petiisse
2795 2445 3025 2513 insuper
3066 2453 3126 2496 ut
3154 2441 3431 2496 communi
3470 2454 3666 2494 eorum

2098 2539 2192 2608 qui
2224 2540 2303 2593 sic
2335 2538 2649 2606 congregati
2685 2543 2892 2598 essent,
2925 2534 3207 2604 suffragio,
3240 2546 3585 2603 quteennque
3611 2531 3665 2584 in

2098 2629 2401 2699 posteriore
2426 2628 2705 2697 Epliesina
2731 2626 2941 2696 synodo
2964 2638 3084 2682 acta
3115 2634 3320 2693 essent,
3348 2627 3676 2680 auctoritate

2098 2722 2182 2775 eis
2215 2720 2361 2773 omni
2400 2719 2676 2788 adempta,
2705 2718 2931 2788 perinde
2973 2727 3137 2788 atque
3166 2727 3285 2772 acta
3322 2732 3430 2772 non
3464 2726 3674 2778 essent,

2101 2810 2476 2874 abolerentur,
2517 2811 2650 2877 ipsis
2688 2810 3046 2865 sacerdotalis
3074 2809 3312 2880 dignitas
3356 2810 3679 2863 restituere-

2104 2911 2215 2964 tur,
2244 2909 2301 2954 et
2330 2902 2556 2968 impium
2594 2900 2726 2954 illud
2761 2902 2958 2971 dogma
3011 2901 3363 2954 anathemate
3391 2899 3677 2968 jugulare-

2103 3000 2210 3045 tur.
2248 2991 2375 3046 Post
2404 2992 2573 3045 libelli
2624 2992 2919 3045 lectionem
2966 2990 3218 3045 eumdem
3254 2991 3579 3060 postulasse,
3616 3000 3679 3042 ut

2107 3085 2451 3138 adversarius
2471 3099 2691 3152 quoque
2725 3084 2962 3137 adesset.
2992 3082 3072 3137 lbi
3100 3097 3224 3136 cum
3255 3082 3678 3136 interlocutione

2108 3176 2315 3243 prolata
2354 3177 2568 3243 jussum
2599 3185 2767 3241 esset,
2803 3186 2862 3229 ut
2893 3175 3131 3239 adesset,
3172 3174 3387 3228 Aetium
3421 3174 3679 3242 primice-

2107 3269 2248 3322 rium
2300 3269 2444 3324 inter
2508 3258 2753 3324 notarios
2796 3258 3177 3339 progressum,
3218 3268 3283 3320 ad
3332 3281 3427 3321 eos
3454 3265 3682 3330 dixisse,

2105 3358 2399 3413 acacssisse
2432 3374 2489 3412 se
2520 3358 2584 3411 ad
2624 3357 2969 3419 Dioscorum,
3022 3356 3184 3409 sicuti
3226 3356 3394 3409 etiam
3431 3354 3496 3407 ad
3548 3354 3682 3407 reli-

2107 3466 2267 3521 quos.
2300 3450 2424 3503 lllos
2474 3457 2657 3503 autem
2711 3449 2935 3510 dixisse,
2991 3447 3178 3501 venire
3213 3462 3272 3501 se
3305 3454 3531 3516 propter
3578 3443 3679 3497 ad-

2106 3543 2475 3596 versariorum
2522 3540 2749 3594 insidias
2791 3554 2899 3593 non
2942 3528 3123 3608 posse.
3158 3537 3237 3592 lbi
3298 3553 3488 3591 rursus
3535 3535 3681 3589 facta

2109 3633 2534 3689 interlocutione
2586 3632 2868 3685 decretum
2929 3639 3051 3694 est,
3106 3640 3166 3683 ut
3223 3628 3514 3683 Dioscmus
3555 3636 3688 3682 ante

2112 3725 2412 3780 concilium
2480 3732 2843 3793 quaereretur.
2907 3722 2987 3777 Eo
3048 3736 3179 3776 vero
3250 3736 3361 3774 non
3421 3720 3681 3781 invento,

2108 3817 2392 3872 Anatolius
2421 3830 2574 3869 nova:
2622 3816 2804 3869 Romae
2839 3813 3132 3883 episcopus
3164 3812 3323 3875 dixit,
3369 3811 3688 3880 aequitatem

2108 3921 2164 3966 et
2222 3910 2512 3980 justitiam,
2568 3918 2628 3962 ut
2670 3907 2760 3961 ille
2812 3908 3049 3968 ailesset,
3112 3904 3432 3972 efﬂagitare.
3496 3901 3687 3970 Itaque

2110 4002 2400 4072 quaesitum
2443 4015 2587 4065 esse,
2629 4010 2683 4053 et
2716 4001 2808 4069 qui
2842 3999 2906 4053 ad
2958 4014 3084 4052 eum
3122 3998 3272 4050 missi
3305 4002 3463 4049 erant
3504 4009 3690 4047 rever-

2110 4108 2219 4153 sos,
2248 4092 2351 4146 hoc
2389 4091 2468 4143 sic
2492 4105 2616 4144 eum
2652 4089 2857 4141 dixisse
2893 4087 3239 4142 renuntiasse
3266 4125 3280 4148 ,
3316 4083 3547 4137 insidias
3577 4081 3683 4135 sibi

2112 4183 2250 4235 fieri.
2282 4183 2376 4237 Sin
2408 4184 2459 4236 ei
2492 4190 2608 4235 tuto
2642 4182 2828 4234 venire
2866 4180 3307 4248 permitteretur,
3335 4184 3586 4245 paratum
3623 4187 3687 4228 se

2114 4286 2172 4329 ut
2210 4276 2263 4327 in
2302 4284 2544 4328 sanctam
2585 4271 2850 4341 synodum
2893 4272 3139 4330 veniret,
3181 4283 3322 4320 esse.
3379 4265 3681 4329 llimeriuui

2116 4364 2247 4418 illud
2298 4359 2595 4425 addidisse,
2648 4376 2773 4413 cum
2835 4376 2862 4413 a
2896 4360 3169 4412 ‘Dioscoro
3199 4357 3429 4425 digressi
3477 4363 3690 4418 essent,

444 4472 664 4526 σύνοδον
693 4476 774 4532 είς
806 4472 905 4539 τὴν
940 4471 1049 4523 τῶν
1078 4470 1497 4540 προειρημένων
1527 4470 1837 4536 ἁνασκευὴν
1859 4506 1873 4527 ,
1904 4485 1999 4518 πα-

2121 4455 2385 4508 Boethutn
2410 4452 2491 4505 eis
2516 4460 2571 4505 et
2598 4450 2858 4519 magistro
2898 4449 3211 4503 divinorum
3248 4446 3552 4500 ofﬁciorum
3586 4446 3689 4499 ob-

446 4564 667 4633 ρακαλῶ
706 4565 833 4626 τοὺς
875 4561 1068 4633 πρώην
1110 4562 1167 4614 ὲν
1196 4565 1263 4630 τῇ
1299 4559 1500 4628 συνόδῳ
1534 4557 2013 4629 παραγενομένους

446 4633 1067 4727 μεγαλοπρεπεστάτους
1102 4655 1393 4723 ἄρχοντας,
1426 4652 1521 4704 καὶ
1546 4650 1643 4721 τὴν
1691 4651 1843 4719 ἱερὰν
1881 4648 2013 4716 σύγ-⁹

443 4745 641 4814 κλητον
666 4746 760 4797 καὶ
789 4743 883 4795 νῦν
917 4745 1200 4813 παρεῖναι,
1233 4740 1321 4793 ἵνα
1347 4739 1513 4793 πάλιν
1547 4739 1617 4790 τὰ
1644 4740 1785 4790 αὐτὰ
1810 4754 2021 4805 γυμνα-

448 4840 570 4909 σθῇ.
604 4858 624 4891 ι
688 4839 831 4908 Πρὸς
879 4834 975 4888 οὖν
1008 4834 1182 4888 ταῦτα
1224 4835 1480 4887 ’Δκὰκιον
1530 4835 1561 4903 ἠ
1614 4831 1813 4902 πρᾶξις
1869 4829 2022 4898 δηλοῖ

445 4936 626 4986 τοιάδε
652 4928 1127 5000 ἀπολογήσασθαι·
1160 4929 1270 4996 Οὐχ
1301 4926 1476 4988 οὕτως
1507 4926 1794 4978 ἐκέλευσεν
1830 4925 1862 4993 ἡ
1888 4922 2021 4988 ἁγία

450 5029 543 5079 καὶ
579 5025 791 5093 μεγάλη
833 5021 1053 5082 σύνοδος
1090 5021 1190 5088 τὴν
1219 5016 1494 5087 ὑμετέραν
1525 5010 1794 5083 ἁγιότητα
1832 5014 2025 5081 παρεῖ-

449 5136 557 5182 ναι,
610 5118 751 5170 ὥστε
784 5112 1270 5180 ἁνασκευασθῆναι
1312 5108 1382 5167 τὰ
1413 5108 1642 5161 ἐπὶτῶν
1684 5105 2022 5176 μεγαλοπρεο

452 5212 742 5263 πεστάτων
800 5209 1079 5277 ἀρχόντων
1126 5207 1222 5258 καί⁵
1266 5203 1357 5257 ἐπὶ
1389 5204 1487 5272 τῆς
1531 5201 1683 5270 ἱερᾶς
1716 5198 2025 5266 συγκλήτου

452 5304 801 5375 πραχθέντα·
852 5300 967 5352 ἀλλ’
999 5299 1143 5369 ἡμᾶς
1168 5296 1489 5350 ἀπέστειλεν
1519 5294 1660 5347 ὥστε
1695 5291 2027 5346 καταλαϐεῖν

456 5415 516 5449 σε
565 5398 629 5448 τὸ
680 5395 984 5462 συνέδριον,
1040 5393 1137 5444 καὶ
1180 5388 1255 5460 μὴ
1294 5388 1696 5455 ἀπολειφθῆναι
1728 5383 1894 5437 αὑτοῦ
1931 5382 2028 5449 τὴν

457 5490 555 5559 σὴν
587 5488 868 5554 ὁσιότητα.
907 5484 1050 5551 Πρὸς
1082 5482 1144 5534 ὃν
1178 5482 1399 5533 ἀντεῖπε
1439 5479 1750 5546 Διόσκορος,
1786 5476 1867 5527 ὅτι
1913 5474 2030 5526 Νῦν

455 5578 721 5650 είρήκατέ
757 5594 849 5647 μοι
883 5576 967 5629 ὅτι
1005 5572 1289 5634 λιὸέλλους
1319 5568 1648 5623 ἐπιδέδωκεν
1681 5568 1708 5618 ό
1744 5564 2027 5621 Εὐσέϐιος.

459 5676 523 5728 Εἰ
548 5673 735 5725 τοίνυν
785 5669 965 5733 τοῦτο,
1000 5668 1167 5723 πάλιν
1213 5667 1406 5734 δέομαι
1456 5662 1525 5716 τὰ
1564 5660 1688 5714 κατ’
1718 5659 1820 5729 ἐμὲ
1846 5658 2029 5727 τυχεῖν

468 5766 765 5831 ἐξετάσεως
809 5765 901 5818 ἐπὶ
942 5762 1048 5816 τῶν
1087 5759 1365 5831 ἀρχόντων
1417 5758 1509 5811 καὶ
1556 5756 1652 5826 τῆς
1700 5752 2027 5823 συγκλήτου.

2125 4548 2264 4598 viam
2322 4544 2565 4605 venisse,
2603 4556 2727 4611 cum
2778 4556 2888 4611 quo
2953 4538 3196 4609 episcopi
3250 4539 3315 4591 ad
3372 4538 3697 4591 Dioscorum

2125 4638 2353 4703 reversi,
2378 4637 2576 4691 habere
2595 4651 2654 4690 se.
2680 4609 2944 4700 dixerint,
2973 4632 3119 4703 quod
3142 4647 3265 4684 cum
3300 4646 3365 4685 eo
3392 4645 3458 4683 ex
3488 4629 3705 4697 scripto

2124 4740 2368 4802 agerent.
2404 4729 2558 4795 Quod
2606 4729 2698 4783 ubi
2752 4730 2956 4782 lectum
3003 4734 3170 4786 esset,
3207 4723 3529 4777 Dioscorum
3583 4720 3706 4774 haec

2122 4824 2290 4878 verba
2322 4823 2523 4876 dixisse
2558 4831 2807 4875 actorum
2856 4819 3001 4873 liber
3033 4815 3201 4869 refert
3234 4831 3248 4868 :
3297 4812 3461 4883 642
3502 4830 3519 4861 ι
3561 4809 3703 4863 Cum

2126 4915 2194 4969 de
2229 4929 2314 4968 me
2346 4914 2464 4983 ipso
2505 4911 2882 4975 deliberarim,
2930 4918 2988 4962 et
3026 4905 3079 4960 id
3112 4904 3258 4974 quod
3296 4902 3428 4955 utile
3457 4912 3703 4954 commo-

2127 5013 2369 5077 dumque
2416 5016 2516 5061 est-
2565 5005 3004 5065 considerarim,
3058 4999 3163 5052 hoc
3214 4996 3296 5050 sic
3339 4991 3648 5062 respondeo
3683 5005 3701 5042 :

2126 5101 2584 5172 Quandoquidem
2641 5099 2695 5151 iu
2750 5098 3001 5166 proximo
3044 5104 3309 5147 consessu
3348 5087 3706 5154 magnificen-

2130 5196 2329 5250 tissiuti
2383 5192 2657 5263 principes
2699 5190 2793 5257 qui
2843 5188 2897 5242 in
2959 5183 3195 5239 concilio
3249 5178 3471 5239 sedent,
3532 5175 3706 5228 multa

2133 5296 2252 5357 post
2298 5285 2497 5339 multas
2564 5281 3014 5335 intetlocutioncs
3057 5274 3402 5329 decrevere:
3450 5276 3506 5321 ct
3561 5279 3709 5320 nunc

2130 5394 2231 5449 ego
2290 5381 2345 5431 in
2392 5388 2711 5431 consessum
2760 5373 2965 5435 alium,
3022 5369 3087 5422 ad
3146 5381 3208 5420 ea
3248 5379 3368 5433 qua:
3402 5361 3548 5415 dicta
3579 5365 3708 5411 sunt

2136 5448 2449 5525 revocanda
2499 5477 2664 5535 atque
2693 5462 2963 5519 abolenda
2986 5474 3212 5521 evocor,
3259 5466 3385 5525 peto
3411 5460 3471 5505 ut
3497 5448 3708 5519 magni-

2137 5559 2476 5617 fieentissinii
2535 5558 2818 5629 principes
2857 5555 2951 5624 qui
3004 5551 3254 5623 proxime
3280 5543 3488 5617 synodo
3539 5542 3711 5594 inter-

2136 5656 2312 5718 fuere,
2343 5663 2399 5709 et
2431 5668 2589 5707 sacer
2618 5660 2842 5706 senatus
2866 5660 3013 5700 nunc
3043 5644 3210 5698 etiam
3242 5636 3523 5697 intersint,
3549 5640 3609 5685 ut
3638 5630 3708 5686 de

2138 5749 2333 5804 iisdem
2373 5746 2539 5802 rebus
2569 5743 2752 5800 denuo
2788 5740 3123 5810 inquiratur.
3178 5751 3197 5785 ι
3252 5729 3332 5784 Ad
3384 5740 3506 5797 qua:
3537 5721 3711 5780 verba
