4070 6204
347 241 423 307 95
1574 244 1988 305 NlCEPllORl
2031 245 2367 306 CALLlSTl
3508 247 3579 309 96

350 364 472 411 acta
528 358 785 414 Acacium
840 358 912 414 ita
948 358 1299 430 respondisse
1336 370 1642 417 testantur:
1685 363 1801 417 Non
1840 363 1912 416 ita

2026 360 2121 414 Καὶ
2142 362 2316 415 ἄλλων
2336 363 2397 432 δή
2427 379 2589 415 τινων
2614 366 2871 416 τοιούτων
2896 361 3191 427 κειμένων,
3222 355 3374 422 αὗθις
3398 360 3589 413 ἐστέλσ

352 458 541 500 sancta
571 458 628 503 et
656 464 848 518 magna
883 450 1122 520 synodus
1164 453 1508 507 sanctitatem
1540 462 1685 506 tuam
1721 455 1912 507 adesse

294 578 303 583 .
345 536 536 605 iussit,
565 548 622 591 ut
649 555 713 593 ea
748 541 1101 609 inducantur,
1137 559 1258 612 quae
1288 544 1342 598 in
1380 546 1668 614 pnesentia
1700 544 1916 609 magni-

357 630 831 685 ﬁcentissimorum
878 633 1186 702 principum
1245 646 1300 691 et
1341 637 1480 691 sacri
1518 647 1741 690 senatus
1793 626 1913 693 acta

354 731 499 775 sum.
535 721 639 776 Sed
694 739 793 778 nos
830 724 896 778 ad
933 734 983 779 te
1034 727 1199 786 misit,
1234 738 1291 780 ut
1333 728 1385 782 in
1425 743 1742 783 consessum
1796 732 1915 801 ejus

354 812 596 872 venires.
650 823 705 868 et
747 814 815 868 ab
846 830 914 870 eo
948 818 1210 872 sanctitas
1243 828 1331 872 tua
1385 834 1492 872 non
1545 821 1759 875 abesset
1835 823 1914 876 Azl

355 916 518 969 quem
546 902 840 959 Dioscorus
874 924 888 960 :
924 907 1101 973 Modo,
1146 909 1343 978 inquit,
1384 910 1513 963 mihi
1542 912 1776 972 dixistis.
1810 912 1916 966 Eu-

355 990 567 1045 sebium
619 994 866 1049 libellum
905 1007 1096 1053 contra
1143 1016 1229 1054 me
1261 1001 1551 1057 obtulisse.
1576 1002 1730 1068 Quod
1777 1004 1822 1057 si
1861 1003 1914 1057 id

355 1080 557 1136 factum
587 1097 690 1150 est,
721 1087 917 1141 iterum
945 1099 1089 1155 peto.
1126 1101 1185 1143 ut
1212 1091 1280 1145 de
1308 1093 1473 1146 rebus
1502 1094 1637 1147 meis
1676 1094 1727 1146 in
1769 1096 1917 1157 ιπὶιιο

353 1172 537 1241 cipum
565 1185 621 1229 et
650 1186 874 1230 senatus
897 1181 1182 1246 praesentia
1215 1180 1528 1250 disquisitio
1564 1182 1670 1237 fiat.
1701 1184 1764 1239 Et
1793 1186 1917 1241 aliis

297 1284 303 1292 ·
354 1264 683 1331 quihusdam
748 1266 1061 1336 hujusmodi
1115 1270 1297 1325 verbis
1352 1273 1727 1340 interpositis,
1781 1277 1918 1330 alios

357 1370 573 1408 rursum
637 1359 833 1412 missos
885 1373 1027 1427 esse,
1087 1362 1182 1429 qui
1237 1361 1581 1425 Dioscorum,
1634 1375 1690 1419 ut
1754 1367 1919 1420 rebus

356 1445 583 1513 agendis
634 1447 895 1510 adesset,
934 1462 1306 1508 accerserent.
1357 1453 1509 1519 Quod
1568 1455 1657 1509 ubi
1716 1456 1916 1510 laetum

353 1546 529 1599 esset,
576 1552 823 1592 reversos
867 1540 1011 1606 illos,
1042 1541 1190 1596 hisce
1239 1559 1365 1597 eum
1398 1545 1582 1599 verbis
1615 1562 1769 1600 nsnm
1799 1562 1920 1601 esse

357 1628 661 1682 retulisse:
705 1627 877 1685 Antea
909 1648 1129 1703 quoque
1175 1635 1362 1703 pietati
1411 1647 1606 1691 vestra:
1657 1638 1916 1698 indicavi.

359 1714 673 1769 valetudine
703 1718 925 1774 adversa
964 1737 1050 1775 me
1096 1732 1409 1792 correptum
1446 1741 1585 1788 esse,
1617 1734 1671 1780 et
1709 1736 1916 1796 petere,

358 1812 420 1856 ut
451 1805 970 1873 inagniﬁcentissimi
1002 1811 1275 1880 principes
1289 1823 1343 1867 et
1362 1829 1512 1867 sacer
1528 1825 1751 1870 senatus
1773 1831 1919 1870 nunc

355 1910 577 1965 quoque
608 1912 788 1952 rerum
842 1900 1183 1969 inquisitioni
1218 1912 1275 1958 et
1318 1905 1528 1975 judicio
1559 1907 1759 1961 adsint.
1781 1906 1919 1961 Cum

361 1999 491 2037 vero
538 1985 796 2040 valetudo
858 2004 978 2044 mea
1031 1990 1346 2058 invaluerit,
1404 1994 1634 2049 d’llundi
1682 1999 1754 2050 ob
1797 2011 1918 2049 eam

355 2088 578 2129 causam
610 2077 754 2133 diem
785 2082 1022 2149 postulo.
1059 2069 1445 2140 Commentarii
1480 2094 1729 2141 actorum
1754 2101 1920 2156 porro

361 2164 625 2237 indicant,
659 2169 986 2240 Cecropium
1024 2174 1286 2230 Dioscoro
1328 2177 1533 2232 dixisse
1567 2177 1759 2233 :Nihil
1791 2194 1918 2233 cum

358 2265 523 2310 antea
557 2257 625 2311 de
653 2258 965 2316 valetudine
994 2262 1272 2331 allegasse.
1325 2263 1563 2319 Proinde
1614 2265 1788 2328 illum,
1823 2283 1921 2334 pro

356 2360 425 2399 eo
451 2355 615 2415 atque
647 2348 894 2415 deberet,
928 2354 1230 2409 canonibus
1277 2354 1594 2410 satisfacere
1641 2366 1919 2424 oportere.

356 2433 459 2490 Cui
488 2452 706 2491 rursum
771 2438 1062 2495 Dioscorus
1104 2444 1450 2512 responderit
1487 2458 1503 2498 :
1540 2442 1715 2499 Semel
1748 2460 1807 2499 se
1839 2445 1922 2498 di-

359 2527 526 2591 xisse.
567 2531 844 2600 principes
870 2532 1062 2587 adesse
1094 2533 1316 2589 debere.
1344 2534 1473 2602 ;Sub
1507 2536 1624 2591 haec
1663 2535 1921 2591 Ruﬁnum

357 2613 777 2673 Samosatenum
825 2622 1142 2692 episcopum
1197 2624 1448 2680 retulisse
1482 2627 1787 2683 :canonice
1835 2643 1924 2699 sy-

359 2707 564 2761 nodum
588 2719 751 2779 atque
791 2727 1107 2768 consessum
1144 2714 1452 2771 institutum
1482 2732 1625 2780 esse,
1660 2718 1726 2772 ad
1762 2732 1922 2788 quem

360 2795 406 2848 si
436 2797 670 2862 veniret,
705 2799 939 2859 liberum
985 2803 1059 2867 ei,
1092 2813 1150 2858 ut
1179 2820 1301 2875 qua:
1330 2807 1492 2862 vellet
1520 2807 1747 2875 diceret,
1782 2808 1920 2863 fore.

362 2887 433 2942 Et
462 2904 587 2944 cum
622 2889 935 2960 Dioscorus,
971 2910 1041 2950 an
1089 2898 1256 2953 rebus
1285 2901 1511 2967 agendis
1553 2899 1718 2955 etiam
1761 2889 1926 2955 Juve-

2016 452 2168 504 λοντο
2195 452 2220 503 ἓ
2257 469 2371 520 spot
2409 454 2500 506 καὶ
2542 454 2961 521 μετεστέλλοντο
3006 452 3097 505 τὸν
3148 451 3433 520 Διόσκορον
3467 451 3583 511 τοῖς

2016 545 2725 613 πραττομένοιςπαρεῖναι.
2749 544 2823 597 Ού
2850 543 3167 613 γενομένου,
3199 540 3584 598 ἐπανελθόντες

2015 633 2067 684 oi
2090 633 2449 700 πεμφθέντες,
2475 633 2601 684 τάδε
2626 633 2801 685 εἰπεῖν
2830 634 3035 684 ἐκεῖνον
3080 632 3371 699 εἰρήκασιν
3396 645 3411 659 ο
3440 628 3584 694 Ἤδη

2018 722 2228 789 φθάσας
2262 722 2540 791 δεδήλωκα
2572 725 2638 791 τῇ
2671 722 2917 791 ὑμετέρᾳ
2944 720 3225 787 θεοσεϐείᾳ
3254 720 3336 770 ὅτι
3364 718 3458 768 καὶ
3485 717 3583 784 ἆῤ-

2017 814 2222 882 ρωστίᾳ
2255 814 2569 881 συνέχομαι,
2603 815 2695 865 κού.
2727 812 2941 877 ἑξαιτῶ,
2972 811 3113 863 ὥστε
3142 812 3234 862 καὶ
3254 809 3376 868 τοὺς
3413 824 3582 875 μεγα-

2016 903 2488 970 λοπρεπεστάτους
2516 905 2786 972 ἄρχοντας
2818 903 2910 954 καὶ
2949 903 3050 957 τὴν
3085 901 3238 970 ίερὲιν
3270 898 3579 966 σύγκλητον

2016 995 2112 1046 καὶ
2150 992 2247 1045 νῦν
2279 997 2535 1061 παρεῖναι
2572 992 2788 1064 ’τῇ-τῶν
2816 991 3332 1061 ἐξετασθησομένων
3377 991 3578 1058 κρίσει.

2031 1072 2340 1156 Ἐπειδὴδὲ
2374 1102 2461 1152 μοι
2493 1088 2557 1137 τὰ
2589 1086 2684 1153 τῆς
2716 1086 3029 1156 ἀρρωστίας
3071 1083 3336 1149 ἐπετάθη,
3390 1080 3579 1132 τούτου

2020 1177 2181 1245 χάριν
2217 1176 2316 1245 τὴν
2363 1161 2660 1241 ὑπέρθεσιν
2731 1174 3061 1241 πεποίημαι.
3119 1172 3354 1239 Δηλοῦσι
3401 1171 3457 1223 δὲ
3514 1171 3582 1222 τὰ

2021 1268 2390 1335 ὑπομνήματα
2430 1265 2737 1333 Κεκρϐπιον
2763 1265 2938 1316 εἰπεῖν
2969 1266 3105 1334 πρὶς
3134 1264 3443 1329 Διόσκορον,
3474 1277 3583 1329 μηο

2019 1358 2106 1411 δὲν
2153 1359 2326 1410 εἰπεῖν
2376 1357 2643 1426 πρότερον
2680 1357 2809 1426 περὶ
2863 1355 3171 1417 ἀσθενείας,
3222 1354 3314 1406 καὶ
3357 1351 3584 1420 ὀφειλὴν

2021 1448 2168 1517 ἔχειν
2195 1448 2255 1499 τὸ
2284 1447 2574 1515 ἐφειμένον
2602 1448 2714 1508 τοῖς
2738 1448 2925 1498 κανόσι
2947 1448 3139 1498 ποιεῖν.
3164 1445 3304 1513 Πρθις
3329 1442 3387 1495 ὃν
3410 1444 3584 1494 εἰπεῖν

2024 1537 2184 1600 αὖθις
2244 1520 2554 1607 Διόσκορον·
2587 1535 2771 1600 Ἀτταξ
2823 1532 2980 1588 εἷπον
3031 1534 3270 1602 ὀφείλειν
3330 1535 3585 1602 παρεῖναι

2022 1630 2146 1689 τοὺς
2178 1628 2466 1699 ἄρχοντας.
2519 1629 2801 1695 Ῥουφῖνον
2854 1626 2910 1679 δὲ
2953 1628 3065 1687 τῶν
3101 1626 3429 1690 Σαμοσάτων
3460 1625 3586 1676 ὲπίο

2025 1736 2226 1771 σκοπον
2261 1719 2745 1786 ἀντιφθέγξασθαι,
2779 1718 3072 1787 κανονικὴν
3103 1714 3245 1769 εἶναι
3278 1716 3388 1767 τῶν
3438 1731 3587 1766 κεκι-

2022 1812 2271 1878 νημένων
2307 1810 2407 1880 τὴν
2439 1810 2677 1862 σύνοδον·
2701 1812 2794 1861 καὶ
2820 1810 2873 1862 εί
2898 1826 2961 1877 γε
2994 1810 3378 1878 παραγένοιτο,
3406 1808 3442 1862 ἆ
3464 1807 3587 1877 βού-

2021 1902 2174 1954 λεται
2232 1900 2545 1965 διεξελθεῖν,
2605 1900 2901 1969 ἐλευθέρως
2961 1902 3126 1970 ἔχειν.
3171 1899 3466 1968 Ἐρομένου
3528 1896 3585 1948 δὲ

2020 1992 2316 2060 Διοσκόρου
2345 1992 2395 2042 εί
2439 1991 2674 2058 πάρεστι
2705 1991 2817 2052 τοίς
2851 1989 3153 2057 δρωμένοις
3181 1988 3279 2040 καὶ
3320 1985 3588 2039 ’ἰουσενά-

2020 2078 2277 2140 λιος-καὶ
2308 2078 2608 2140 Θαλάσσιος
2665 2078 2759 2129 καὶ
2810 2077 3130 2138 Εὑστὰθιος,
3183 2073 3587 2143 ἀποκρίνασθαι

2023 2172 2192 2241 μηδὲν
2222 2166 2363 2222 εἶναι
2395 2169 2528 2238 πρὸς
2558 2170 2715 2234 λόγον
2737 2169 3002 2231 ἐκείνους.
3039 2167 3181 2238 Πρὸς
3205 2166 3244 2221 ἃ
3273 2166 3585 2233 Διόσκορον,

2037 2262 2101 2314 Ἠ
2140 2262 2359 2331 πρᾶξις,
2400 2263 2587 2328 φάναι,
2636 2260 2810 2328 δηλοῖ,
2863 2258 3253 2329 παρακαλέσαι
3305 2256 3398 2309 τὸν
3439 2255 3591 2323 φιλό-

2021 2368 2240 2421 χριστον
2273 2352 2519 2421 βασιλέα,
2553 2350 2690 2402 ὥστε
2725 2351 2818 2401 καὶ
2847 2352 2975 2411 τοὺς
3002 2348 3269 2417 ἄρχοντας
3304 2348 3584 2415 παρεῖναι,

2024 2442 2117 2494 καὶ
2144 2442 2269 2503 τοὺς
2328 2438 2427 2492 σὺν
2477 2438 2627 2507 αὐτῷ
2683 2438 2986 2507 τηνικαῦτα
3039 2437 3388 2497 δικάσαντας.
3425 2434 3590 2486 Ἰδιον

2022 2533 2131 2601 γάρ
2165 2548 2222 2586 τι
2277 2532 2510 2601 πρᾶγμα
2543 2531 2620 2600 μῆ
2662 2532 2807 2599 ἔχειν
2840 2529 2975 2600 πρὸς
3022 2528 3114 2581 τὸν
3164 2527 3443 2585 Εύσέϐιον.
3474 2524 3588 2578 ἀλλ’

2024 2624 2056 2691 ἢ
2097 2622 2204 2692 άρα
2242 2624 2373 2690 περ)⁵
2406 2616 2481 2672 ὦν
2530 2620 2626 2672 καὶ
2654 2619 2806 2672 ἄλλοι
2842 2615 3309 2687 κατεψηφίσαντο.
3356 2614 3588 2665 Πλεῖστα

2022 2713 2068 2766 δ’
2099 2713 2496 2783 ἐπιμεινάντων
2524 2712 2629 2763 τῶν
2653 2708 3011 2780 πεμφθέντων
3035 2707 3226 2759 τούτου
3250 2706 3432 2775 χάριν,
3456 2704 3593 2755 ἁπέ-

2026 2821 2198 2874 φησεν
2225 2807 2253 2857 ό
2277 2804 2563 2872 Διόσκορος
2593 2802 2787 2854 εἰπών’
2829 2799 3013 2864 Ἂπαξ
3042 2796 3197 2851 εἷπον
3235 2799 3372 2865 ὅπερ
3410 2791 3587 2859 εἷπον,

2027 2897 2123 2950 καὶ
2156 2896 2469 2964 περαιτέρω
2519 2893 2697 2960 λέγειν
2756 2893 2856 2945 οὐκ
2907 2893 3035 2961 έχω.
3088 2888 3345 2957 Εὑσέὁιον
3379 2888 3430 2940 δὲ
3452 2886 3589 2955 πρὸς

362 2981 503 3036 nalis
545 2996 602 3039 et
639 2985 955 3042 Thalassius
984 2998 1040 3044 et
1073 2989 1395 3046 Eustathius
1435 2991 1791 3056 interessent,
1837 3008 1924 3046 IO—

2029 2987 2200 3042 ταῦτα
2244 2988 2431 3055 φάναι,
2468 2985 2603 3055 πρδς
2639 2985 2798 3053 μόνον
2828 2985 2920 3036 τὸν
2951 2983 3256 3052 ’Διόσκορον
3290 2983 3387 3044 τὴν
3432 2978 3592 3044 δίκην

366 3085 554 3140 paret:
588 3076 727 3130 nihil
759 3079 876 3133 illos
897 3080 966 3133 ad
994 3096 1106 3134 rem
1133 3082 1184 3135 id
1225 3083 1524 3153 pertinere,
1549 3084 1923 3155 respondisse.
1962 3076 1971 3137 ἶ

363 3161 445 3217 Ad
463 3179 582 3233 qua:
612 3167 775 3221 verba
802 3168 1121 3225 Dioscorum
1143 3181 1262 3227 acta
1294 3174 1647 3231 subituulisse
1669 3174 1924 3230 tradunt:

368 3254 757 3325 Imperatorem
780 3260 982 3316 Christi
1012 3265 1449 3321 amantissimum
1488 3282 1547 3322 se
1574 3268 1836 3333 oravisse,
1869 3276 1929 3322 ut

364 3349 641 3419 principes
665 3351 788 3419 viri,
822 3365 875 3409 et
900 3356 1141 3425 quicum
1174 3358 1520 3429 ipsojudicio
1557 3360 1924 3425 contendunt,

362 3444 567 3500 adsint.
599 3445 738 3501 Tum
784 3465 916 3505 vero
956 3466 1053 3507 eos
1095 3453 1190 3523 qui
1236 3455 1387 3509 missi
1430 3456 1497 3511 ad
1535 3471 1659 3511 eum
1712 3456 1930 3511 fuerant

363 3533 568 3591 dixisse
596 3552 609 3588 :
642 3528 933 3596 Eusebium
978 3544 1152 3598 solum
1180 3560 1305 3601 eum
1336 3562 1615 3613 accusare,
1647 3557 1704 3603 et
1736 3563 1930 3604 omnes

364 3621 559 3678 adesse
609 3624 833 3683 debere.
870 3631 1048 3701 Atque
1081 3632 1157 3687 ibi
1187 3635 1532 3703 Dioscorum,
1567 3652 1665 3693 eos
1709 3653 1931 3708 quoque

363 3724 567 3781 prmsto
602 3730 857 3786 Oportcre
894 3737 1039 3783 esse.
1090 3724 1314 3790 dixisse,
1344 3729 1436 3796 qui
1472 3743 1577 3782 una
1628 3743 1812 3784 secum
1841 3732 1932 3800 ju-

369 3802 512 3858 dicis
530 3821 753 3862 munere
776 3808 945 3865 functi
977 3825 1177 3869 essent.
1193 3815 1352 3887 653
1370 3817 1517 3872 Nihil
1537 3819 1709 3882 enim.
1728 3820 1928 3891 inquit,

371 3896 506 3950 mihi
537 3899 731 3966 privati
765 3903 969 3972 negotii
1002 3912 1095 3959 aut
1122 3906 1373 3962 criminis
1409 3923 1534 3963 cum
1558 3910 1798 3966 Eusebio
1823 3924 1929 3980 est,

364 3986 516 4055 quod
569 4004 677 4043 non
716 4005 840 4045 cum
889 3993 1012 4049 aliis
1044 3995 1139 4064 qui
1186 4011 1401 4051 mecum
1455 4000 1933 4058 condemnationis

362 4082 694 4136 sententiam
755 4084 1035 4150 tulerunt,
1094 4102 1388 4145 commune
1427 4091 1517 4146 sit.
1559 4092 1780 4149 Etcum
1814 4096 1935 4167 ejus

368 4173 451 4230 rei
510 4178 683 4244 gratia
737 4175 947 4234 diutius
999 4179 1323 4235 internuntii
1375 4184 1520 4251 apud
1555 4199 1681 4238 eum
1736 4189 1931 4240 morati

365 4276 575 4335 essent,
609 4266 927 4324 Dioscorum
955 4271 1172 4327 tandem
1202 4273 1354 4329 hisce
1386 4276 1569 4331 verbis
1594 4276 1676 4331 eis
1707 4292 1937 4344 respon-

2028 3083 2193 3152 ἔχειν,
2242 3079 2338 3134 καὶ
2385 3079 2523 3150 πρὸς
2581 3078 2787 3146 μηδένα
2820 3077 3032 3146 ἕτερον·
3061 3078 3157 3128 καὶ
3204 3074 3358 3143 ἠξίου
3406 3070 3501 3124 καὶ
3530 3071 3596 3123 bc

2028 3176 2211 3244 τρίτου
2236 3171 2510 3243 κληθῆναι
2536 3171 2851 3239 Διόσκορον.
2901 3170 3013 3223 Kal
3060 3166 3347 3221 ὑπολαϐὼν
3386 3165 3596 3225 ’Λέτιος

2029 3269 2205 3334 ἔλεγε,
2262 3265 2413 3328 τινὰς
2466 3267 2528 3316 ού
2583 3265 2725 3315 πάνυ
2786 3262 2976 3333 πόρρω
3021 3259 3315 3327 κληρικοὺς
3365 3255 3596 3316 ἑαυτοὺς

2030 3356 2170 3412 εἶναι
2202 3358 2461 3424 λέγοντας
2495 3356 2635 3424 μετὰ
2665 3354 2759 3405 καὶ
2790 3351 2965 3406 ἄλλων
2991 3350 3195 3402 λαῖκῶν
3228 3352 3324 3416 τῆς
3344 3345 3599 3409 Ἀλεξᾶν-

2028 3451 2180 3521 δρου,
2215 3448 2493 3508 λιὸέλλους
2528 3444 2808 3498 ἐπιδοῦναι
2848 3441 2990 3496 κατὰ
3030 3441 3342 3509 Διοσκόρου·
3396 3437 3492 3488 νῦν
3539 3434 3597 3488 δὲ

2032 3544 2138 3613 πρὸ
2171 3539 2266 3595 τοῦ
2320 3540 2597 3611 συνεδρίου
2639 3537 2883 3599 ἑστῶτας
2919 3534 3177 3604 άναδοᾷν.
3222 3535 3326 3584 Καὶ
3381 3530 3597 3598 πρῶτος

2030 3635 2306 3704 Θεόδωρος
2334 3632 2581 3694 διάκονος
2614 3630 2711 3698 τῆς
2760 3632 2818 3682 ὲν
2849 3624 3235 3695 ’Δλεξανδρείᾳ
3266 3624 3598 3690 Ἐκκὶησίας

2031 3729 2341 3798 γενόμενος,
2385 3726 2628 3780 λίϐελλον
2659 3724 3006 3779 ἐπιδέδωκεν
3044 3716 3165 3775 εἶτα
3207 3721 3303 3773 καὶ
3347 3721 3599 3781 διάκονος

2031 3822 2217 3890 ἕτερος
2242 3818 2526 3890 ’ἰσχυρίων
2543 3818 2736 3887 ὄνομα,
2766 3816 2863 3869 καὶ
2884 3814 3205 3877 Ἀθανάσιος
3228 3811 3599 3882 πρεσϐύτερος

2032 3915 2350 3987 ἀδελφιδοῦς
2379 3913 2670 3986 Κυρίλλου,
2696 3913 2835 3983 πρὸς
2864 3912 2957 3966 ἐπὶ
2993 3909 3205 3973 τούτοις
3252 3907 3309 3960 δὲ
3347 3908 3441 3959 καὶ
3487 3906 3600 3957 Σω-

2035 4010 2273 4082 φρόνιος·
2300 4007 2368 4061 δι’
2401 4002 2477 4061 ὧν
2510 4006 2834 4076 βλάσφημον
2858 4020 2919 4057 τε
2943 4004 3147 4055 ἐκεῖνον
3164 4000 3466 4062 ἐδείκνυον,
3504 3998 3600 4051 καὶ

2033 4101 2294 4170 χρήματα
2339 4098 2431 4169 βίᾳ
2485 4096 2841 4165 ἀφελόμενον·
2874 4094 2972 4147 καὶ
2998 4092 3129 4159 περί
3162 4108 3324 4145 τινων
3355 4105 3602 4157 σωματι-

2035 4191 2148 4244 κῶν
2174 4188 2478 4261 διεξῄεσαν.
2510 4187 2615 4241 Καὶ
2660 4182 2753 4240 ἐπὶ
2792 4186 3006 4250 τούτοις
3052 4185 3148 4239 καὶ
3197 4184 3356 4253 τρίτη
3405 4181 3600 4252 κλῆσις

2036 4282 2313 4351 Διοσκόρω
2341 4280 2552 4349 ιγίνετο
2578 4278 2718 4332 ὥστε
2759 4280 3038 4349 παρεῖναι.
3073 4275 3183 4331 Kal
3215 4274 3600 4336 ιπανελθόντες

368 4356 519 4412 disse
555 4374 570 4413 :
621 4358 801 4415 Semel
845 4360 999 4417 vo'bis
1043 4379 1166 4433 quae
1195 4364 1426 4420 dicenda
1473 4377 1633 4423 erant
1685 4369 1819 4433 dixi,
1877 4380 1924 4425 et

2036 4374 2087 4426 οί
2110 4373 2202 4425 τὸν
2222 4373 2381 4440 λόγον
2405 4369 2832 4440 διασωσάμενοι,
2881 4368 3138 4438 εἰρήκασι
3184 4366 3354 4437 φάναι
3381 4366 3604 4420 Διόσκοο

369 4447 518 4517 quod
568 4451 807 4519 amplius
836 4451 1011 4506 dicam
1054 4470 1164 4508 non
1196 4454 1393 4509 habeo.
1429 4456 1561 4522 Qua:
1602 4458 1693 4512 ubi
1719 4458 1785 4512 ad
1818 4459 1924 4527 epi-

2038 4481 2150 4536 ρον,
2184 4465 2474 4534 αὐτάρκως
2510 4460 2704 4532 πρώην
2731 4458 3195 4530 ἀπολογήσασθαι,
3244 4459 3338 4511 καὶ⁵
3366 4455 3463 4509 νῦν
3494 4472 3605 4527 μη-

316 4548 319 4553 ·
369 4553 571 4610 scopos
625 4542 858 4597 fuissent
908 4544 1103 4607 relata,
1133 4534 1453 4610 Eusebium,
1485 4563 1609 4601 cum
1638 4563 1750 4603 uno
1809 4548 1924 4604 Dio-

2035 4534 2124 4609 δέν
2154 4556 2297 4625 ἔχειν
2331 4556 2494 4609 πλέον
2524 4554 2692 4624 ἐρεῖν.
2718 4553 2839 4606 Τῶν
2867 4550 2912 4605 δ’
2936 4549 3364 4619 ἀπεσταλμένων
3396 4549 3605 4602 ἐπικει-

366 4646 552 4695 scoro,
595 4647 773 4702 neque
801 4648 928 4689 cum
959 4636 1066 4690 alio
1081 4640 1336 4706 quapiam
1367 4639 1635 4709 judicium
1663 4642 1769 4694 sibi
1791 4655 1924 4704 esse,

2041 4643 2239 4713 μένων,
2276 4641 2530 4695 κάκείνου
2560 4642 2628 4694 τὰ
2668 4639 2759 4692 ῐσα
2786 4639 3057 4707 λέγοντος,
3089 4637 3432 4699 [Ιασκασίνος
3481 4634 3605 4688 έπίο

375 4723 578 4779 dixisse
603 4742 622 4782 :
647 4725 1075 4798 Dioscorumque
1119 4729 1281 4785 tertio
1308 4732 1475 4785 etiam
1503 4730 1661 4786 citari
1693 4732 1924 4801 postula-

2040 4750 2241 4796 σκοπος
2275 4731 2417 4786 εἷπε·
2452 4733 2564 4787 Kal
2591 4734 2645 4795 ές
2675 4732 2861 4800 τρίτον
2883 4729 2985 4801 ήδη
3017 4727 3236 4798 κληθεὶς
3262 4729 3291 4780 ό
3314 4727 3607 4797 Διόσκορος

372 4815 539 4872 visse.
601 4817 677 4871 lbi
731 4826 845 4874 tum
902 4819 1119 4875 Aetium
1178 4821 1541 4891 significasse,
1599 4822 1760 4891 paulo
1812 4818 1924 4877 ante

2037 4824 2291 4894 οὐδαμῶς
2309 4828 2661 4893 παρεγένετο,
2684 4824 2749 4891 τῇ
2775 4820 3081 4890 συνειδήσει
3102 4820 3233 4882 ἴσως
3255 4817 3606 4888 βαλλόμενος.

371 4907 663 4975 quosdam,
685 4908 777 4977 qui
813 4923 872 4963 se
896 4908 1126 4965 clericos
1157 4925 1279 4965 esse
1319 4910 1604 4974 dixissent,
1624 4919 1682 4965 et
1708 4905 1845 4967 alios
1871 4911 1924 4967 al

2043 4912 2291 4967 Kal“:th
2323 4912 2640 4967 ίπισκόπων
2669 4909 3091 4974 ἀνεπυνθάνετο,
3133 4909 3275 4972 τίνος
3305 4909 3455 4975 ἄξιος
3499 4907 3607 4976 εἴη.

370 5000 702 5056 Alexandria
750 5000 919 5058 laicus
967 5009 1021 5056 et
1067 5005 1359 5072 populares
1394 5003 1666 5070 homines,
1719 5002 1924 5058 libello!

2056 5000 2317 5058 Ἐκείνων
2369 5002 2427 5056 δὲ
2477 5004 2592 5066 τοῖς
2640 5001 2862 5055 κανόσιν
2924 5000 3223 5053 ὑποπεσεῖν
3269 4998 3609 5069 εἰρηκότων,

369 5090 482 5146 sibi
505 5093 771 5148 adversus
791 5094 1110 5148 Dioscorum
1135 5095 1421 5159 obtulisse,
1438 5109 1642 5164 eosque
1674 5110 1775 5165 pro
1801 5109 1924 5150 con-

2046 5095 2343 5166 Προτέριος
2377 5094 2677 5156 ἐπίσκοπος
2708 5092 2964 5162 Σμύρνης
2986 5086 3165 5145 εἶπεν·
3194 5090 3323 5146 Ὀτε
3345 5089 3610 5160 ὲφονεύθη

374 5199 565 5241 sessus
596 5185 809 5240 foribus
845 5186 1210 5242 vociferantes
1254 5195 1456 5242 astare.
1505 5187 1729 5243 Dedisse
1757 5202 1924 5243 auten

2043 5187 2363 5253 Φλασιανὸς,
2397 5186 2552 5240 οὐδέν
2582 5203 2635 5239 τι
2659 5184 2955 5238 ἀκόλουθον
2984 5183 3073 5237 ἐπ’
3102 5183 3253 5254 αὐτῷ
3280 5181 3611 5251 διεπράχθη.

377 5276 623 5332 libellum
654 5277 891 5345 primum
911 5278 1262 5334 Theodorum
1283 5278 1572 5334 Alexandri
1584 5296 1663 5335 na:
1690 5279 1924 5334 Ecclesia

2047 5282 2109 5334 οι
2135 5280 2226 5333 τδν
2252 5279 2413 5332 τόπον
2429 5278 2719 5347 ἐπέχοντες
2742 5275 2974 5339 Λέοντος
2993 5273 3089 5326 τοῦ
3109 5273 3209 5344 τῆς
3229 5273 3503 5344 πρεσϐυτέ
3512 5288 3615 5341 ρας

376 5367 715 5432 diaconum,
769 5368 969 5425 deinde
1026 5367 1316 5424 diaconum
1377 5369 1608 5425 alterum
1672 5369 1946 5441 lschyrio-

375 5471 503 5513 nem
536 5458 614 5528 (l)
657 5458 903 5524 nomine,
949 5469 1007 5515 et
1044 5458 1401 5514 Athanasium
1435 5458 1812 5530 presbyterum
1845 5455 1947 5528 Cy-

2058 5367 2275 5438 Ῥώμης
2312 5365 2618 5419 ἐπισκόπου
2657 5362 2814 5418 ταῦτ’
2862 5364 2952 5415 ἐπὶ
3005 5360 3207 5426 λέξεως
3242 5363 3613 5430 ἀπεφήναντοο

2056 5478 2075 5512 ι
2103 5460 2251 5526 Δῆλα
2303 5456 2596 5528 γεγένηται
2645 5457 2713 5509 τὰ
2762 5455 3144 5525 τετολμημένα
3199 5453 3478 5525 Διοσκόρῳ
3538 5451 3617 5523 τῷ

450 5640 527 5712 (l)
563 5638 687 5695 Sive
712 5638 1005 5710 lschyram.
