4070 6204
392 304 470 372 39
1096 366 1116 372 _
1621 275 2045 345 NICEPHORI
2081 274 2167 335 CA
2179 272 2418 335 LLlS'I'I
3539 254 3649 318 ιοο

380 428 586 478 matr:
617 417 772 487 leges
803 421 859 468 et
885 369 1311 466 constitutiones
1381 399 1668 468 suscepit,‘
1709 394 2040 452 sententiam
2081 389 2199 460 ipse
2240 387 2508 442 adversus
2547 380 2795 451 seipsum
2841 373 3238 432 ecclesiasticis
3276 369 3660 428 sanctionibus

383 512 564 569 variis
615 467 794 565 modis
841 499 1184 575 proculcatis
1222 499 1368 553 tulit.
1426 467 1658 551 Proinde
1691 490 2074 546 sanctissimus
2126 495 2183 539 et
2230 481 2586 538 beatissimus
2637 474 3089 542 archiepiscopus
3148 485 3356 541 magna:
3376 478 3434 523 et
3457 467 3662 522 veteris

388 609 585 664 Romae
613 605 746 665 Leo,
782 561 880 672 per
919 615 1017 654 nos
1053 606 1107 652 et
1149 595 1414 665 synodum
1456 599 1800 661 praesentem,
1851 600 1960 640 una
2001 598 2125 638 cum
2153 591 2236 636 ter
2285 579 2448 633 beato
2483 585 2538 630 et
2604 571 2965 628 celeberrimo
3013 569 3175 622 Petro
3236 565 3512 634 apostolo,
3563 561 3660 632 qui

399 709 488 755 est
522 708 677 768 petra
710 655 942 748 et‘basis
992 655 1250 745 Ecclesiae
1305 655 1611 744 catholicae,
1656 678 2184 742 fundamentumque
2237 671 2556 725 orthodoxa:
2617 678 2674 721 et
2741 674 2904 718 rectas
2950 661 3098 740 ﬁdei,
3152 657 3318 730 655
3368 655 3661 728 episcopa-

397 795 506 848 lem
523 753 573 845 εἰ
601 785 884 856 abrogavit
912 783 1342 854 dignitatem,et
1361 777 1439 836 ab
1497 767 1648 828 omni
1723 767 2052 828 sacerdotali
2095 763 2401 820 ministerio
2441 763 2681 816 alienum
2745 773 2868 814 esse
2923 755 3191 810 decrevit.
3230 753 3417 821 Itaque
3469 761 3660 805 saneta

402 891 519 942 haec
547 894 602 939 et
636 896 826 951 magna
857 877 1119 950 synodus.
1145 879 1214 934 de
1256 887 1324 928 eo
1353 872 1446 942 qui
1487 871 1668 925 dictus
1707 876 1792 922 est
1841 864 2126 927 Dioscoro,
2178 862 2330 931 juxta
2404 855 2734 913 sententiam
2792 865 3090 913 canonum,
3159 846 3389 903 calculis
3453 843 3658 901 suifra-

400 981 613 1050 giistlue
646 975 782 1040 suis,
817 976 961 1046 quod
995 977 1044 1030 ei
1078 973 1376 1036 videbitur,
1407 976 1634 1025 statuet.
1675 986 1693 1020 ι

480 1072 605 1126 llaec
659 1071 887 1133 omnia,
944 1084 1068 1121 cum
1118 1066 1442 1120 auctoritate
1496 1077 1594 1116 sua
1647 1058 2024 1117 Anatolinsd

2154 1053 2375 1108 Τούτων
2400 1051 2457 1103 δέ
2484 1049 2702 1101 πάντων
2724 1046 2891 1112 κῦρος
2912 1041 3216 1109 εἰληφότων
3243 1037 3394 1103 παρά
3425 1053 3485 1089 τε
3509 1036 3664 1088 Ἀνα-

404 1166 693 1226 Maximus,
723 1172 779 1217 et
821 1162 1003 1216 θεειοτὶ
1047 1159 1313 1230 episcOpi.
1377 1165 1576 1226 praeter
1609 1168 1706 1206 eos
1738 1151 1831 1220 qui
1875 1166 1982 1205 una

2128 1147 2288 1211 ολίου,
2337 1145 2432 1194 καὶ
2477 1139 2754 1207 Μαξίμου,
2789 1137 2883 1188 καὶ
2913 1135 3021 1186 τῶν
3067 1130 3271 1184 λοιπῶν
3318 1129 3654 1192 ἐπισκόπων,

408 1271 532 1310 cum
570 1257 827 1307 Dioscoro
875 1251 1212 1306 exauctorati
1265 1249 1508 1311 fuerant,
1544 1238 1982 1302 conﬁrmassent,

2128 1240 2229 1309 ;λὴν
2286 1238 2535 1295 ἐκείνων,
2598 1236 2711 1284 ὅσοι
2771 1230 2868 1281 σὺν
2931 1226 3204 1294 Διοσκόρω
3248 1221 3660 1291 καθῃρέθησαν,

409 1346 728 1400 relationem
772 1343 840 1396 de
893 1343 1150 1396 omnibus
1191 1343 1358 1394 rebus
1391 1337 1706 1409 synodalcm
1745 1337 1808 1389 ad
1844 1334 1987 1386 Mar-
2019 1331 2024 1337 ’

2129 1329 2342 1401 ναιρορὰ
2374 1325 2507 1394 περὶ
2535 1324 2754 1376 πάντων
2789 1317 3048 1385 συνοδικὴ
3078 1313 3386 1385 Μαρκιανῷ
3409 1313 3484 1380 τῷ
3511 1313 3664 1383 βασι-

400 1438 627 1491 cianum
657 1435 1043 1504 imperatorem
1074 1432 1296 1487 missam
1321 1447 1447 1486 esse
1491 1439 1612 1484 aeta
1639 1429 1850 1483 dicunt.
1881 1426 1983 1480 Cui

2128 1427 2174 1477 εἴ
2222 1419 2606 1475 ἀπεστέλλετο.
2674 1414 2991 1480 Ἐπέμπετο
3036 1409 3093 1461 δέ
3150 1408 3244 1460 καὶ
3278 1407 3310 1475 ἡ
3346 1405 3665 1473 καθαίρεσις

411 1526 685 1580 sententia
757 1538 976 1592 quoque
1035 1538 1144 1592 qua
1213 1523 1474 1575 Dioscoro
1529 1520 1768 1588 dignitas
1824 1517 1990 1570 abro-

2128 1511 2399 1582 λιοσκόρου
2416 1512 2614 1578 ἔχουσα
2643 1505 2735 1559 ἐπὶ
2759 1504 2962 1570 λέξεως
2985 1497 3109 1555 ὧδε·
3148 1518 3168 1551 ι
3202 1498 3445 1551 Γίνωσκε
3469 1498 3666 1549 σαυτὸν

404 1625 534 1680 gata
592 1624 694 1676 est,
751 1612 1008 1679 adjuncta
1068 1611 1252 1671 fuerit,
1308 1610 1480 1662 verbo
1534 1608 1600 1661 ad
1645 1608 1870 1661 verbum
1907 1605 1986 1658 sic

2129 1608 2182 1658 ιὰ
2218 1606 2316 1674 τὴν
2342 1603 2452 1655 τῶν
2488 1601 2646 1654 θείων
2677 1597 2914 1651 κανόνων
2949 1592 3275 1663 ὑπεροψίαν,
3306 1591 3402 1642 καὶ
3437 1588 3527 1640 διὰ
3565 1588 3666 1651 τὴν

408 1703 648 1767 habens,
701 1704 863 1756 sicuti
915 1701 1087 1754 etiam
1155 1699 1257 1767 ipsi
1297 1698 1558 1752 Dioscoro
1597 1706 1654 1749 et
1688 1695 1989 1748 insinuata.

2128 1695 2382 1748 ,πείθειὰν
2414 1710 2505 1746 σου
2553 1675 2653 1760 τὴν
2706 1687 2836 1754 περὶ
2866 1686 2964 1756 τὴν
3014 1685 3177 1751 ἁγίαν
3224 1682 3429 1750 ταύτην
3464 1680 3555 1732 καί
3584 1679 3667 1730 oi-

420 1813 443 1845 ε
477 1793 625 1849 Scito
658 1804 732 1858 te,
765 1801 997 1861 prOpter
1052 1795 1336 1844 sacrbrum
1390 1777 1663 1842 canonum
1739 1793 1994 1838 contem-

2128 1786 2432 1857 ιουμενικὴν
2452 1782 2689 1845 σύνοδον,
2723 1779 2863 1848 ὺπέρ
2885 1773 2959 1829 ὧν
2977 1776 3111 1846 πρὸς
3143 1776 3256 1834 τοῖς
3278 1774 3461 1834 ἄλλοις
3487 1769 3671 1839 πλημ-

415 1897 598 1956 ptum,
627 1893 685 1938 et
717 1900 876 1952 quam
913 1891 1114 1936 sancta:
1151 1863 1241 1934 isti
1270 1877 1560 1932 universali
1605 1875 1813 1946 synodo
1843 1873 2000 1927 exhi-

2128 1882 2414 1949 ιελήμασιν
2451 1871 2529 1936 οἷς
2560 1874 2758 1936 ἑάλως,
2794 1873 2887 1923 καὶ
2911 1873 3096 1938 τρίτον
3123 1865 3345 1934 κληθεὶς
3378 1864 3531 1936 παρὰ
3569 1865 3669 1931 τῆς

424 1955 590 2030 buisti
666 1973 1120 2036 inobedientiam,
1214 1978 1505 2039 propterea
1587 1965 1735 2036 quod
1792 1974 1995 2034 praeter

2128 1973 2265 2037 ιγίας
2287 1969 2494 2037 ταύτης
2525 1967 2622 2018 καὶ
2646 1961 2892 2033 μεγάλης
2925 1959 3145 2012 συνόδου
3179 1957 3318 2008 κατὰ
3341 1957 3464 2018 τοὺς
3494 1955 3671 2015 θείους

417 2067 661 2123 crimina
710 2066 855 2128 alia,
884 2064 952 2118 de
1005 2061 1206 2132 quibus
1263 2059 1549 2114 manifesto
1597 2059 1878 2112 convictus
1919 2071 1999 2120 es,

417 2160 652 2214 tertium
713 2173 741 2210 a
771 2166 960 2209 sancta
1013 2155 1117 2207 hac
1173 2167 1364 2221 magna
1393 2150 1779 2222 synodojuxta
1814 2163 2002 2203 sacros

341 2292 350 2301 .
414 2263 670 2302 canones
698 2246 921 2307 citatus,
962 2253 1022 2298 ut
1073 2243 1140 2296 ad
1168 2241 1454 2296 dicendam
1493 2254 1710 2293 causam
1741 2239 1994 2304 adesses,

430 2357 541 2396 non
595 2337 997 2409 comparueris.
1053 2335 1266 2389 decimo
1327 2333 1488 2387 tertio
1536 2331 1806 2387 vertentis
1834 2331 1996 2400 hujus

2103 2061 2334 2119 κανόνας
2362 2062 2456 2112 ἐπί
2486 2059 2547 2110 τὸ
2578 2052 3000 2123 ἀποκρίνασθαι,
3037 2053 3146 2111 τοῖς
3173 2047 3539 2117 ἐπαγομένοις
3570 2048 3671 2099 οὐκ

2104 2155 2447 2223 ἁπήντησας,
2499 2153 2630 2221 μηνὶ
2654 2144 2972 2213 Ὀκτωδρίῳ
3011 2145 3091 2213 τῷ
3122 2143 3373 2196 ἐνεστῶτι
3416 2157 3670 2212 τρισκαι-

2105 2248 2317 2314 δεκάτῳ
2354 2244 2506 2313 παρὰ
2541 2243 2644 2312 τῆς
2673 2239 2837 2310 ἁγίας
2876 2242 2972 2294 καὶ
3020 2235 3404 2305 οίκουμενικῆς
3452 2231 3672 2286 συνόδου

2109 2337 2457 2408 καθῃρῆσθαι
2505 2335 2607 2403 τῆς
2661 2333 2993 2400 ἐπισκοπῆς.
3025 2332 3117 2383 καὶ
3151 2329 3350 2388 παντὸς
3383 2324 3678 2392 ἐκκλησια-

429 2432 695 2490 Ὸοιοὶιτίε
725 2431 932 2484 mensis
959 2427 1068 2491 die,
1102 2442 1130 2479 a
1153 2435 1342 2479 sancta
1370 2435 1426 2478 et
1459 2423 1753 2476 universali
1791 2422 1998 2493 synodo

2128 2427 2292 2478 ιτικοῦ
2328 2421 2534 2490 θεσμού
2560 2422 2830 2491 ὑπάρχειν
2860 2419 3160 2488 ἀλλότριος.
3180 2433 3198 2467 ι
3231 2415 3544 2468 Μετὲπειτα
3566 2411 3678 2464 τῶν

428 2532 870 2582 exauctoratum,
903 2519 972 2573 ab
1000 2517 1321 2588 episcopatu
1359 2525 1416 2570 et
1446 2515 1595 2570 omni
1627 2513 1999 2569 ecclesiastica

423 2613 829 2669 constitutione
869 2611 1108 2664 alienum
1139 2624 1283 2664 esse.
1313 2627 1330 2660 ι
1363 2608 1492 2661 Post
1523 2607 1660 2671 hanc,
1692 2606 1782 2660 ubi
1821 2606 1888 2660 de
1914 2605 2002 2659 his

440 2706 609 2759 rebus
649 2705 847 2758 littera:
877 2701 945 2755 ad
975 2699 1262 2767 episcopos
1313 2698 1700 2752 Alexandriam
1755 2698 2003 2764 Scripta,

435 2809 490 2852 et
529 2797 708 2851 edicta
759 2803 952 2850 contra
1004 2795 1326 2848 Dioscorum
1385 2791 1684 2861 composita
1742 2789 2002 2852 fuissent,

430 2889 602 2942 ﬁnem
631 2888 794 2941 etiam
827 2901 987 2940 suum
1019 2898 1372 2955 congressum
1397 2885 1560 2938 istum
1583 2882 1862 2936 habuisse.
1892 2879 2010 2934 Cae-

438 2991 618 3034 terum
679 2993 803 3034 cum
863 2991 1078 3032 rursum
1142 2975 1553 3040 convenissent,
1606 2973 1672 3026 de
1731 2981 1873 3025 recta
1907 2970 2012 3023 fide

438 3081 758 3134 tractatum,
793 3078 948 3124 etne
997 3067 1230 3121 formula
1279 3065 1388 3120 ulla
1454 3064 1557 3118 alia
1611 3065 2010 3132 conciperetur,

431 3165 723 3218 decretum
775 3175 898 3216 esse
949 3177 965 3214 :
1021 3168 1078 3213 et
1137 3167 1489 3228 posteaquam
1549 3171 1639 3209 res
1701 3154 2016 3224 Eutychetis

435 3254 611 3306 tinem
669 3267 825 3306 suum
848 3249 1212 3319 accepissent,
1269 3258 1326 3303 et
1377 3248 1447 3302 ab
1476 3247 1733 3317 episcopo
1768 3245 2016 3298 Romano

439 3361 546 3415 per
562 3325 1389 3398 constitutionemcontormate
1445 3349 1652 3400 essent,
1673 3351 1835 3406 quam
1853 3336 2016 3390 etiam

433 3450 635 3491 «mines
666 3433 1117 3503 comprobarent,
1145 3446 1341 3487 omnes
1397 3432 1590 3486 eadem
1618 3444 1676 3485 se
1701 3429 1888 3483 dicere
1923 3443 2022 3481 sm-

440 3532 675 3601 piusque
737 3538 1008 3599 repetere,
1057 3525 1416 3580 exclamasse.
1477 3523 1780 3596 Postquam
1850 3519 2018 3573 etiam

449 3621 728 3692 principes
758 3618 1150 3688 postulassent,
1171 3627 1236 3669 ut
1262 3615 1569 3684 patriarcha
1598 3614 1828 3682 quilibet
1853 3629 2021 3667 unum

439 3722 541 3766 aut
565 3712 796 3766 alterum
814 3711 1133 3778 epist-opum
1189 3722 1255 3759 ex
1298 3705 1522 3760 dioecesi
1580 3713 1635 3759 et
1659 3703 2015 3758 administra-
2047 3730 2089 3784 ο

441 3804 597 3857 tione
625 3818 722 3876 sua
751 3802 1082 3869 designaret,
1115 3813 1227 3867 quo
1254 3797 1416 3850 unius
1443 3795 1712 3866 cujusque
1741 3795 2018 3850 sententia

451 3892 745 3946 inanit'csto
795 3891 937 3959 apud
998 3904 1192 3943 omnes
1249 3889 1645 3955 proferretur:
1692 3884 2026 3939 Florentium

445 3984 786 4038 Sardensem
845 3981 1188 4050 episcopum,
1217 3976 1496 4046 episcOpis
1524 3983 1582 4029 ut
1643 3991 1700 4030 re
1729 3974 2028 4028 deliberata

453 4074 516 4129 id
566 4073 770 4128 faceret
803 4068 1282 4142 permittentibus,
1336 4064 1744 4134 etCecropium
1765 4063 2032 4118 Sebasto-

442 4169 593 4240 polis
622 4170 965 4237 episcopum,
998 4164 1078 4218 sic
1126 4169 1316 4232 postea
1344 4158 1509 4213 verba
1538 4156 1733 4211 fecisse
1761 4157 1774 4206 :'
1816 4173 1836 4206 ε
1875 4155 2031 4208 Fides

449 4263 564 4314 rite
598 4275 628 4313 a
660 4258 921 4314 trecentis
939 4256 1138 4311 decem
1173 4261 1229 4309 et
1281 4261 1406 4306 octo
1435 4251 1638 4305 sanctis
1671 4249 1921 4302 Patribus
1977 4251 2032 4303 in

449 4349 755 4403 forruulam
806 4347 1052 4406 redacta,
1083 4354 1138 4396 et
1185 4356 1402 4396 rursum
1461 4355 1491 4394 a
1547 4337 1750 4393 sanctis
1783 4337 2036 4391 Patribus

449 4440 770 4503 Athanasio,
789 4436 1014 4506 Cyr-illo,
1037 4433 1356 4495 Caelestino,
1389 4430 1619 4493 Hilario,
1651 4428 1877 4491 Basilio,
1899 4427 2034 4483 Gre-

446 4531 631 4601 gorio,
655 4539 820 4597 atque
852 4541 998 4580 nunc
1013 4526 1195 4579 denuo
1213 4539 1243 4576 a
1270 4523 1616 4578 sanctissimo
1635 4520 1816 4575 Leone
1833 4535 1932 4574 con
1943 4520 2040 4574 [ir-

451 4630 602 4675 1nata
632 4631 737 4674 est.
768 4620 1051 4688 Rogamus
1079 4615 1265 4685 igitur,
1316 4623 1378 4668 ut
1405 4621 1721 4668 sanctorum
1752 4621 2029 4666 trecento-

457 4727 583 4766 rum
620 4711 806 4764 decem
848 4718 904 4762 et
931 4716 1058 4760 octo
1101 4691 1323 4760 Patrum
1350 4743 1366 4767 ,
1396 4701 1836 4770 sanctissimique
1875 4701 2042 4772 646

463 4804 660 4858 Leonis
685 4801 946 4871 scriptum
980 4799 1245 4868 legatur.»
1275 4795 1328 4849 ld
1358 4795 1448 4849 ubi
1476 4794 1676 4848 factum
1698 4801 1862 4852 esset.
1882 4809 2043 4864 syno-

460 4899 592 4951 dum
628 4896 940 4949 universam
988 4891 1324 4946 exclamasse
1361 4905 1376 4942 :
1409 4906 1426 4937 ι
1461 4887 1583 4949 llaec
1612 4887 2042 4941 orthodoxorum

462 4998 722 5054 recteque
771 4981 1128 5038 sentientium
1179 4978 1316 5033 ﬁdes
1370 4986 1493 5032 est:
1527 4977 1598 5030 ita
1629 4991 1822 5030 omnes
1857 4975 2040 5029 credi-

2105 2514 2233 2581 περὶ
2270 2511 2479 2563 τούτων
2525 2508 2854 2578 γραφέντων
2899 2507 2995 2559 καὶ
3029 2506 3168 2576 πρὸς
3199 2505 3324 2564 τοὺς
3367 2502 3509 2555 κατὰ
3532 2501 3685 2553 Ἀλε-

2109 2603 2390 2675 ξάνδρειαν
2422 2601 2762 2662 ἐπισκόπους
2810 2599 3158 2669 προθέματος
3200 2600 3344 2649 κατὰ
3385 2596 3680 2663 Διοσκόρου

2106 2693 2423 2762 γενομένου,
2451 2691 2624 2760 πέρας
2657 2691 2752 2742 καὶ
2778 2690 2846 2742 τὰ
2870 2676 2969 2758 τῆς
3003 2688 3256 2754 τοιαύτης
3281 2687 3495 2756 ἐδέχετο
3528 2687 3696 2738 συνεέ

2108 2784 2364 2843 λεύσεως.
2395 2781 2559 2844 Αὖθις
2592 2780 2774 2832 τοίνυν
2811 2778 3266 2839 συναλισθέντων,
3321 2778 3388 2830 τὰ
3426 2776 3686 2846 περὶτῆς

2111 2875 2280 2946 ὀρθῆς
2317 2857 2550 2934 πίστεως
2583 2873 2910 2941 ὴρευνῶντο·
2953 2870 3048 2924 καὶ
3088 2870 3393 2938 διεκρίνετο
3429 2871 3557 2939 μήτι
3584 2885 3686 2921 πε-

2116 2969 2352 3036 ραιτέρω
2381 2965 2706 3029 τυποῦσθαι,
2756 2962 2905 3025 ἆπαξ
2947 2962 3055 3016 τῶν
3101 2961 3226 3014 κατ’
3264 2961 3479 3028 Εὐτυχῆ
3513 2961 3688 3030 πέρας

2113 3061 2446 3128 δεξαμένων,
2477 3058 2572 3110 καὶ
2618 3056 2768 3125 παρὰ
2800 3054 2893 3107 τοῦ
2929 3056 2986 3107 ἐν
3030 3052 3220 3123 Ῥώμῃ
3246 3053 3546 3105 ἐπισκόπου
3572 3052 3690 3105 δια⁴

2115 3151 2495 3205 τυπωθέιτωνο
2518 3144 2598 3210 οἷς
2621 3149 2716 3200 καὶ
2746 3148 2950 3208 πάντες
2985 3142 3306 3214 σιηῄνεσανο
3338 3146 3432 3198 καὶ
3466 3145 3687 3196 πάντων

2119 3242 2381 3293 είπόντων
2413 3238 2478 3291 τὰ
2503 3237 2644 3290 αύτὰ
2677 3235 2771 3288 xui.
2799 3233 2962 3287 πάλιν
2994 3232 3207 3299 λέγειν·
3245 3229 3590 3283 ἐπειπόντων
3636 3229 3693 3281 is

2121 3332 2358 3386 καὶτῶν
2389 3329 2688 3401 ἀρχόντων,
2723 3327 2956 3378 ’ἑκαστον
3009 3320 3356 3391 πατριάρχην
3405 3320 3462 3374 ἐν
3511 3321 3545 3392 ἢ
3599 3320 3694 3373 δύο

2120 3423 2513 3489 ἐπιλεξάμενον
2557 3421 2825 3488 πρόσωπα
2853 3417 2950 3484 τῆς
2996 3415 3119 3466 κατ’
3165 3413 3328 3466 αὐτὸν
3373 3412 3698 3481 διοικήσεως

2123 3515 2202 3576 είς
2227 3513 2390 3582 μέσον
2419 3510 2598 3579 ἣκειν,
2627 3507 2762 3560 ὥσθ’
2782 3506 3016 3560 ἑκάστου
3043 3503 3271 3574 γνώμην
3295 3505 3536 3573 φανερὰν
3556 3501 3702 3557 ἅπα-

2129 3622 2215 3658 σιν
2270 3602 2621 3671 ἐγγενέσθαι,
2679 3599 3016 3669 Φλωρέντιος
3068 3599 3374 3660 ἐπίσκοπος
3421 3596 3699 3668 Σάρδεων,

2127 3680 2582 3750 τῶνέπισκόπων
2631 3691 3029 3754 ἐνδεδωκότων,
3069 3690 3156 3756 ἐφ’
3185 3682 3229 3756 ᾧ
3265 3690 3406 3758 μετὰ
3453 3687 3700 3757 σκέψεως

2128 3787 2219 3839 ἐπὶ
2240 3785 2410 3838 ταῦτα
2441 3782 2644 3844 ἐλθεῖν,
2681 3781 2995 3849 Κεκρόπιος
3026 3779 3327 3840 ἐπίσκοπος
3358 3779 3702 3832 Σεδαστοπό-

2135 3879 2272 3940 λεως
2322 3875 2474 3929 ταῦτ’
2510 3875 2601 3928 ἐπὶ
2630 3873 2826 3938 λέξεως
2861 3874 3104 3944 ἐφησενξ
3154 3891 3176 3924 ‹
3215 3873 3282 3925 Ἦ
3309 3874 3489 3936 πίστις
3518 3872 3702 3927 καλῶς

2130 3971 2348 4041 εἴρηται
2388 3950 2498 4021 τίῧν
2526 3967 2858 4037 τριακοσίων
2882 3966 3012 4019 δέκα
3043 3966 3136 4019 καὶ
3165 3965 3312 4018 ὀκτὼ
3333 3966 3504 4033 ἁγίων
3535 3967 3707 4020 Πατέ-

2136 4077 2262 4132 ρων’
2311 4063 2405 4114 καὶ
2437 4059 2746 4128 ἐϐεϐαιώθη
2785 4058 2950 4111 πάλιν
2987 4058 3136 4126 παρὰ
3184 4058 3291 4110 τῶν
3323 4057 3492 4125 ἁγίων
3533 4059 3706 4110 ιΙατέ-

2136 4169 2266 4221 ρων,
2301 4150 2651 4210 Ἀθανασίου,
2691 4148 2983 4217 Κυρίλὶου,
3048 4147 3391 4208 Κελεστίνου.
3446 4145 3703 4214 Ἱλαρίου,

2135 4239 2446 4302 Βισιλείου,
2476 4239 2812 4308 Τρηγορίου,
2839 4241 2934 4317 καὶ
2970 4237 3064 4290 νῦν
3091 4237 3251 4290 πάλιν
3274 4237 3362 4290 διὰ
3391 4236 3486 4290 τοῦ
3530 4238 3709 4306 ,ἁγιω-

2135 4327 2302 4379 τὰτου
2332 4326 2583 4388 Λέοντος.
2616 4325 2900 4395 Ἀξιοῦμεν
2923 4328 3018 4379 καὶ
3034 4330 3099 4379 τὰ
3124 4327 3230 4379 τῶν
3249 4327 3422 4395 ἁγίων
3451 4329 3710 4398 ΙΙατέρων

2138 4422 2248 4476 τῶν
2285 4422 2618 4490 τριακοσίων
2656 4417 2745 4488 ιη’,
2776 4422 2870 4472 καὶ
2905 4421 2973 4472 τὰ
3022 4418 3115 4472 τοῦ
3147 4421 3446 4474 όσιωτὰτου
3481 4421 3708 4483 Λέοντος

2138 4513 2576 4580 ἀναγνωσθῆναι·
2608 4528 2626 4562 ι
2664 4504 2739 4564 ὧν
2763 4511 3218 4578 ἀνεγνωσμένων,
3245 4513 3278 4581 ἡ
3307 4513 3458 4563 πᾶσα
3489 4511 3710 4574 σύνοδος

2140 4606 2252 4659 τάδ’
2288 4604 2724 4675 ἐπεκραύγασεν·
2795 4602 2988 4674 «Αὕτη
3028 4605 3060 4673 ἡ
3099 4605 3284 4665 πίστις
3329 4604 3438 4657 τῶν
3491 4605 3712 4672 όρθοδόο

2145 4699 2273 4762 ξων·
2294 4696 2439 4750 οὕτω
2471 4698 2670 4758 πάντες
2701 4695 3057 4765 πιστεύομενο
3082 4699 3111 4750 ό
3137 4695 3366 4759 πάππας
3393 4695 3545 4749 Λέων
3565 4696 3710 4749 οὕτω

2145 4789 2394 4841 πιστεύει
2420 4805 2434 4820 ·
2473 4787 2742 4858 Κύρι).λος
2789 4787 2966 4851 οὕτως
3015 4787 3366 4840 ἐπίστευσενο
3416 4789 3444 4840 ό
3478 4791 3713 4854 πάππας

2143 4880 2318 4942 οὕτως
2349 4881 2720 4950 ἡρμήνευσεν.
2762 4897 2779 4931 ι
2824 4881 3052 4949 Ἐτέρας
3093 4880 3273 4932 τοίνυν
3311 4880 3591 4942 διαλαλιᾶς
3622 4898 3716 4948 γε·

2145 4970 2402 5039 νομένης,
2437 4970 2568 5022 ὥστ’
2593 4971 2957 5038 ἀναγνώσεως
2989 4976 3174 5043 τυχεῖν
3201 4975 3298 5026 καὶ
3328 4977 3396 5027 τὰ
3435 4975 3585 5044 παρὰ
3607 4973 3715 5027 τῶν

465 5095 635 5136 mus:
670 5092 809 5148 papa
859 5077 971 5132 Leo
1023 5075 1104 5132 sic
1148 5073 1345 5129 credit:
1371 5071 1608 5143 Cyrillus
1660 5070 1740 5125 sic
1768 5069 2024 5123 credidit.

2147 5067 2224 5133 ρν¹
2257 5062 2429 5129 ἁγίων
2458 5063 2836 5132 ἐκτεθειμένα,
2869 5064 3189 5134 ἀνεγνώσθη
3213 5066 3310 5118 καὶ
3362 5065 3555 5118 ταῦτα’
3575 5069 3716 5136 πρὶς

463 5185 606 5241 papa
694 5170 856 5225 ﬁdem
937 5168 1018 5224 sic
1086 5166 1362 5236 exposuit.
1425 5181 1449 5218 ι
1501 5165 1672 5219 Porro
1739 5162 2040 5218 interlocu-

464 5262 618 5316 tione
675 5268 732 5316 et
803 5258 1207 5314 deliberatione
1289 5257 1394 5312 alia
1451 5255 1675 5318 habita,
1741 5263 1802 5310 ut
1872 5255 2037 5308 etiam

469 5368 592 5421 quae
673 5361 891 5404 centum
968 5359 1026 5404 et
1102 5349 1498 5418 quinquaginta
1583 5346 1772 5402 Patres
1832 5347 2034 5403 edide-

472 5453 622 5508 runt,
711 5443 1050 5512 legerentur,
1120 5440 1262 5495 lecta
1315 5456 1376 5494 ea
1451 5454 1672 5510 quoque
1740 5453 1882 5493 esse.
1941 5437 2025 5494 Ad

467 5553 597 5608 quae
689 5534 935 5606 synodus
1017 5548 1234 5587 rursum
1319 5532 1739 5586 exelamavcrit:
1839 5548 1860 5581 ι
1917 5529 2042 5584 llaec

466 5627 716 5682 omnium
741 5635 988 5680 nostrum
1021 5634 1077 5680 et
1106 5616 1300 5683 tidesf
1325 5625 1437 5680 haec
1474 5623 1910 5677 orthodoxorum
1959 5629 2044 5677 est

471 5720 638 5776 ades:
686 5719 761 5774 ita
790 5733 984 5774 omnes
1037 5715 1337 5772 credimus.
1370 5733 1389 5768 ι
1454 5715 1548 5771 llis
1585 5713 1770 5782 dictis,
1823 5713 2038 5770 Aetium

2144 5155 2180 5210 ἃ
2217 5156 2266 5208 οἱ
2302 5157 2397 5226 τῆς
2440 5157 2660 5210 συνόδου
2692 5153 2849 5220 αὖθις
2893 5159 3147 5228 ἐϐόησανο
3190 5177 3208 5209 ‹
3246 5157 3392 5228 Αὕτη
3427 5161 3458 5229 ἡ
3490 5161 3716 5214 πάντων

2148 5250 2328 5309 πίστις
2349 5266 2364 5280 ι
2402 5248 2544 5320 αὕτη
2580 5251 2610 5318 ὴ
2654 5251 2839 5314 πίστις
2873 5250 2984 5303 τῶν
3010 5251 3323 5321 ὀρθοδόξων’
3345 5251 3487 5305 οὕτω
3517 5253 3720 5314 πάντες

2151 5341 2505 5410 πιστεύομεν.
2550 5360 2567 5393 ι
2614 5341 2836 5397 Τούτων
2883 5344 3196 5415 είρημένων
3247 5345 3455 5408 Ἀέτιος
3489 5347 3518 5398 ὁ
3562 5348 3724 5416 ἀρχι-

2150 5433 2397 5495 διάκονος
2427 5434 2716 5504 παρελθὼν
2751 5431 2906 5488 εἷπεν
2934 5438 3041 5490 ἀνὰ
3068 5439 3258 5507 χεῖρας
3286 5437 3432 5507 ἔχειν
3461 5436 3561 5508 τὴν
3585 5439 3723 5509 πρὸς

2148 5527 2444 5598 Νεστόριον
2470 5527 2760 5596 ἐπιστολὴν
2801 5526 3071 5600 Κυρί).λου
3099 5529 3192 5582 τοῦ
3229 5530 3544 5594 θεσπεσίου,
3581 5529 3648 5602 ῆν
3673 5530 3726 5582 οι

2149 5621 2204 5672 ἐν
2238 5619 2451 5690 Ἐφέσῳ
2491 5617 2873 5689 ἀθροισθέντες
2909 5619 3138 5683 οἰκείαις
3175 5622 3368 5693 χερσὶν
3411 5622 3723 5692 ἐκύρωσαν

2149 5711 2228 5763 ἔτι
2255 5711 2311 5763 δέ
2349 5715 2538 5782 φέρειν
2576 5710 2667 5766 καὶ
2704 5711 3224 5783 ἑτέραν-ἐπιστολὴν
3253 5712 3420 5768 αὐτοῦ
3453 5713 3728 5784 Κυρίλλου
