4070 6204
393 313 497 378 103

1621 292 2042 355 NICEPHORI
2085 286 2429 350 CALLISTI

3549 276 3653 339 104

391 421 614 475 inserta:
671 424 822 471 sunt.
872 413 931 468 In
963 426 1027 467 ea
1059 418 1238 465 autem
1271 408 1480 464 dictum
1511 407 1784 477 quoddam
1806 415 1910 464 est,
1942 420 1967 456 a

2078 400 2164 469 ἐφ’
2194 401 2311 461 ἑνῖς
2342 395 2664 468 προσώπου,
2693 392 2821 456 τοὺς
2859 390 2916 442 δὲ
2949 388 3294 459 διαιροῦντας
3326 388 3400 446 ὼς
3436 387 3530 440 ἐπὶ⁵
3559 388 3653 440 δύο

389 516 600 572 Joanne
621 514 842 584 quidem
873 509 1214 565 Antiocheno
1239 506 1530 577 prolatum,
1557 518 1585 554 a
1611 499 1814 570 Cyrillo
1839 509 1966 549 vero

391 609 670 677 suffragiis
692 605 950 660 omnibus
970 600 1409 668 comprobatum,
1461 595 1554 663 qui
1615 595 1695 646 sic
1750 589 1963 656 inquit:

400 718 418 752 ι
457 697 731 769 Virginem
775 703 1041 759 sanctam,
1076 689 1352 754 θεοτόκον,
1395 687 1500 740 hoc
1548 696 1632 736 est
1677 681 1767 735 Dei
1801 678 1967 732 Geni-

394 792 610 854 tricem,
660 788 1002 858 profitemur,
1039 792 1334 853 prepterea
1376 777 1518 848 quod
1557 777 1695 829 Deus
1727 771 1964 824 Verbum

393 898 458 936 ex
483 897 544 934 ea
573 894 700 934 caro
732 889 789 932 et
829 879 992 931 homo
1026 874 1204 927 factus
1250 870 1342 930 sit,
1397 879 1454 923 et
1495 867 1564 920 ab
1615 866 1731 934 ipsa
1792 877 1966 932 usque

394 976 752 1044 conceptione
811 979 1155 1040 assumptum
1217 981 1285 1022 ex
1329 980 1391 1019 ea
1418 962 1676 1032 templum
1707 958 1811 1012 sibi
1842 955 1962 1010 nni-

395 1070 554 1122 verit.
617 1064 966 1133 Erangelieas
1014 1077 1146 1116 vero
1179 1070 1237 1114 et
1295 1056 1628 1127 apostolicas
1671 1067 1832 1106 voces
1891 1050 1960 1103 de

395 1161 629 1214 Domino
657 1157 872 1210 divinos
906 1155 1029 1207 illos
1072 1153 1220 1204 viros
1253 1150 1459 1203 scimus
1485 1145 1682 1215 partim
1715 1156 1968 1198 commu-

395 1253 541 1305 niter
605 1248 774 1303 veluti
835 1256 892 1299 et
950 1260 1053 1298 una
1101 1256 1332 1312 persona
1393 1238 1712 1308 protulisse.
1763 1234 1962 1303 partint

394 1357 526 1397 vero
563 1352 823 1409 tanquam
883 1337 951 1392 de
1000 1335 1214 1389 duabus
1244 1331 1458 1386 naturis
1496 1329 1847 1384 discrevisse.
1896 1325 1965 1378 Et

399 1433 537 1486 alias
575 1430 796 1500 quidem
858 1425 1164 1496 magniﬁce,
1196 1422 1358 1476 sicuti
1395 1423 1564 1475 Deum
1591 1419 1776 1482 decet,
1800 1417 1955 1486 juxta

393 1524 732 1578 divinitatem
772 1519 1000 1579 Christi.
1061 1517 1194 1570 alias
1221 1524 1404 1567 autem
1457 1511 1728 1566 submisse
1768 1517 1824 1563 et
1864 1508 1966 1561 Itu-

397 1615 626 1671 militer.
662 1611 968 1666 secundum
1007 1609 1400 1662 humanitatem
1431 1608 1552 1676 ejus
1589 1605 1900 1660 tradidisse.
1935 1620 1953 1654 ι

395 1705 602 1769 Quibus
638 1703 858 1757 intulit:
899 1720 916 1752 ι
946 1700 1141 1754 Saeras
1181 1700 1346 1752 hasce
1405 1713 1567 1750 voces
1617 1707 1825 1749 vestras
1867 1693 1960 1746 ttbi

2073 493 2312 562 φύσεων·
2351 491 2442 543 καὶ
2472 489 2569 551 τὰς
2599 487 2702 558 μὲν
2740 485 3067 555 θεοπρεπεῖς
3101 482 3242 534 κατὰ
3285 480 3385 549 τὴν
3418 479 3650 550 θεότητα

2069 585 2162 636 τοῦ
2191 580 2451 652 Χριστοῦ,
2484 581 2580 642 τὰς
2626 579 2683 631 δὲ
2714 577 2978 638 ταπεινὰς
3026 575 3170 627 κατὰ
3217 573 3318 643 τὴν
3365 573 3625 642 ἀνθρωπό

2066 692 2206 743 τητα
2235 673 2401 726 αὐτοῦ
2429 671 2846 741 παραδιδόντας.
2880 687 2898 719 ι
2930 663 3024 730 Οἷς
3050 667 3325 735 ἐπήγαγε⁸
3359 685 3376 716 ι
3410 665 3651 727 Ταύταις

2068 767 2224 834 ὑμῶν
2255 767 2376 828 ταῖς
2426 765 2601 834 ίερσῖς
2658 763 2976 831 ἐντυχόντες
3035 763 3265 828 φωναῖς,
3299 757 3360 810 οῦ
3405 759 3502 828 μὲν
3549 758 3649 810 καὶ

2066 859 2296 920 ἑαυτοὺς
2323 855 2662 926 φρονοῦντας
2697 854 3055 924 εὑρίσκομεν·
3087 847 3168 915 εἷς
3203 852 3259 904 δὲ
3283 851 3510 921 Κύριος,
3550 849 3650 918 μίσι

2068 952 2273 1014 πίστις,
2305 948 2363 1001 ἓν
2399 947 2702 1018 βάπτισμα.
2749 945 3118 1013 Ἐδοξάσαμεν
3139 942 3231 996 οὖν
3261 948 3352 995 τὸν
3379 942 3516 994 ὅλων
3541 957 3650 991 σω-

2065 1047 2210 1114 τῆρα
2239 1043 2390 1107 Θεὸν,
2413 1040 2671 1111 ἀλλήλοις
2699 1039 3115 1108 συγχαίροντες,
3134 1037 3217 1089 ὅτι
3242 1037 3361 1096 ταῖς
3389 1032 3654 1085 θεοπνεύ-

2069 1153 2214 1198 στοις
2235 1136 2496 1205 Γραφαῖς,
2517 1133 2611 1185 καὶ
2627 1134 2692 1202 τῇ
2718 1129 3019 1200 παραδόσει
3035 1129 3145 1181 τῶν
3167 1127 3338 1195 ἁγίων
3352 1125 3511 1196 ἡμῶν
3545 1127 3586 1178 Π
3594 1141 3654 1178 α-

2067 1233 2262 1298 τάρων,
2299 1225 2711 1296 συμϐαίνουσαν
2739 1224 2927 1293 ἔχουσι
2985 1222 3173 1274 πίστιν
3197 1220 3256 1274 αῖ
3281 1237 3341 1271 τε
3374 1236 3489 1289 παρ
3521 1218 3654 1286 ἡμῖν
3712 1249 3714 1251 ›

2066 1321 2162 1374 καὶ
2200 1319 2336 1390 παρ’
2359 1320 2487 1388 ὑμῖν
2531 1317 2907 1385 Ἐκκλησὶαι.›
2938 1313 3159 1367 Τούτων
3193 1310 3651 1380 ἀνεγνωσμένων,

2066 1411 2337 1472 τοιούτοις
2361 1411 2602 1480 ῥήμασιν
2627 1409 2674 1460 οί
2700 1407 2796 1474 τῆς
2822 1406 3042 1459 συνόδου
3073 1404 3309 1473 ἐϐόησαν
3328 1416 3344 1432 °
3385 1420 3404 1454 ι
3445 1402 3652 1462 Πάντες

2065 1498 2207 1552 οὕτω
2239 1497 2602 1566 πιστεύομεν
2631 1497 2658 1548 6
2689 1495 2924 1556 πάππας
2968 1493 3121 1546 Λέων
3177 1490 3323 1544 οὕτω
3383 1488 3650 1542 πιστεύει.

2082 1589 2362 1660 Ἀνὰθεμα
2393 1589 2471 1659 τῷ
2506 1588 2787 1657 μερίζοντι
2819 1589 2916 1640 καὶ
2960 1587 3037 1656 τῷ
3074 1586 3381 1652 συγχέοντι.
3413 1581 3563 1649 Αὕτη
3617 1581 3649 1649 ἡ

2069 1682 2252 1742 πίστις
2277 1681 2505 1742 Λέοντος
2531 1679 2624 1732 τοῦ
2657 1679 3092 1748 ἁρχιεπισκὸπου
3120 1693 3134 1706 ’
3173 1676 3327 1728 Λέων
3357 1673 3530 1736 οὓτως
3563 1691 3649 1726 πι-

393 1797 650 1865 legimus,
668 1794 827 1848 sicuti
853 1802 1016 1844 etuos
1035 1792 1200 1860 ipsos,
1223 1791 1425 1842 sentire
1452 1803 1545 1840 vos
1566 1787 1960 1855 comperimus.

2072 1773 2269 1826 στεύει·
2288 1774 2438 1827 Λέων
2468 1771 2882 1830 καὶἈνατὸλιος
2906 1768 3050 1821 οὕτω
3081 1767 3420 1820 πιστεύουσι.
3444 1763 3652 1826 Πάντες

397 1886 550 1941 Unus
613 1887 760 1939 enim
813 1883 1095 1957 Dominus,
1131 1895 1233 1933 uua
1276 1879 1428 1945 lides,
1470 1894 1634 1932 unum
1666 1877 1962 1946 baptisma.

396 1978 584 2046 Itaque
611 1992 790 2030 rerum
825 1974 1202 2028 universarum
1247 1973 1591 2026 Servatoretn
1639 1969 1807 2022 Deum
1844 1969 1966 2036 glo-

396 2067 761 2126 rilicavimus,
816 2066 973 2120 alteri
1028 2067 1217 2118 alteris
1267 2065 1734 2132 congratulantes,
1787 2059 1956 2129 648

394 2160 538 2228 quod
602 2169 994 2227 congruentem
1025 2156 1289 2209 divinitus
1326 2154 1603 2221 inspiratis
1635 2151 1962 2219 Seriptu'ris,

394 2261 451 2305 ct
476 2251 753 2305 traditiobi
784 2261 1098 2303 sanctorum
1137 2248 1357 2300 Patrum
1392 2255 1735 2305 nostrorum,
1770 2252 1966 2295 nostri:

397 2342 559 2394 simul
600 2350 657 2394 et
681 2350 870 2392 vestra:
902 2338 1166 2390 Ecclesia:
1193 2337 1430 2388 habeant
1461 2334 1643 2386 tidem.
1687 2351 1703 2382 ι
1733 2331 1858 2384 Πευο
1894 2333 1966 2382 uh

396 2432 535 2484 lecta
559 2438 687 2481 sunt
711 2431 851 2496 (acta
873 2426 1062 2494 synodi
1090 2426 1337 2487 habent),
1359 2427 1598 2491 synodus
1617 2418 1962 2473 exclamavit:

404 2542 423 2572 ι
462 2526 663 2574 Omnes
723 2520 796 2572 ita
882 2518 1178 2576 credimus,
1242 2531 1378 2586 papa
1465 2513 1573 2567 Leo
1616 2512 1687 2566 ita
1756 2511 1963 2564 credit:

400 2613 710 2668 Anatbema
743 2611 796 2664 in
828 2626 953 2664 eum
1002 2610 1092 2678 qui
1131 2609 1215 2662 vel
1242 2606 1457 2664 dixidit.
1487 2605 1570 2658 vel
1605 2603 1906 2663 confundit.
1943 2619 1961 2652 ι

400 2703 528 2760 ΙΙωο
588 2705 704 2773 ipsa
752 2703 952 2756 Leonis
979 2699 1379 2769 archiepiscopi
1413 2708 1492 2752 est
1516 2697 1668 2758 ﬁdes,
1712 2695 1822 2749 Leo
1895 2695 1964 2747 ita

399 2796 597 2855 credit,
651 2795 758 2848 Leo
808 2803 864 2848 et
901 2794 1181 2847 Anatolius
1216 2791 1288 2844 ita
1333 2789 1561 2843 credunt
1592 2803 1605 2839 :
1634 2785 1835 2840 Omnes
1895 2787 1966 2838 ita

397 2887 715 2942 credimus:
771 2895 826 2939 et
889 2884 1125 2955 Cyrillus
1168 2883 1240 2936 ita
1271 2880 1470 2934 credit.
1512 2879 1857 2942 Setrpiterna
1885 2886 1969 2929 est

401 2980 663 3034 memoria
690 2978 756 3047 Ο)
774 2978 876 3030 rilli
909 2993 922 3029 :
952 2976 1197 3044 epistolae
1235 2973 1420 3042 Cyr-illi
1447 2975 1519 3025 ita
1553 2981 1703 3030 sunt,
1735 2970 1813 3052 sic
1846 2985 1969 3020 svn-

404 3073 572 3125 timus
591 3110 606 3135 ,
637 3070 714 3122 sic
739 3067 1094 3129 credidimus,
1122 3068 1199 3120 sic
1222 3065 1521 3119 credimus.
1548 3063 1654 3115 Leo
1700 3059 1971 3128 archiepi-
1997 3101 2040 3157 Ο

401 3179 602 3230 scapus
649 3164 719 3215 ita
755 3160 943 3222 sentit,
977 3159 1048 3212 ita
1086 3159 1279 3217 credit,
1341 3161 1412 3209 ita
1449 3155 1688 3223 scripsit.
1723 3172 1740 3204 ι
1792 3160 1967 3220 Atque

401 3257 492 3308 ubi
540 3256 606 3308 de
646 3252 846 3306 Leonis
886 3251 1116 3318 epistola
1164 3249 1388 3318 legenda
1427 3249 1612 3300 Patres
1654 3245 1966 3299 inter-locuti

399 3357 549 3408 sunt,
585 3345 746 3400 sicuti
797 3343 852 3396 itt
895 3341 1146 3396 Graecum
1189 3356 1500 3394 sermonem
1555 3339 1812 3392 translata
1854 3338 1969 3392 fue-

401 3449 510 3502 rat,
563 3447 618 3491 et
657 3439 827 3507 ipsam
867 3437 1062 3490 lectam
1115 3448 1239 3488 esse
1289 3430 1720 3486 commentarius
1777 3429 1966 3492 refert,

404 3543 638 3598 eantque
699 3529 766 3582 de
825 3527 992 3580 \‘t'rbo
1051 3528 1116 3579 ad
1188 3524 1418 3584 verbum
1483 3525 1622 3576 actis
1677 3535 1966 3575 annexam.

409 3621 585 3676 «Post
645 3621 802 3689 cujus
846 3619 1130 3671 lectionem
1177 3616 1422 3686 episcopi
1469 3614 1752 3668 vociferati
1824 3614 1967 3666 sint:

407 3716 530 3768 Haec
563 3713 675 3782 ipsa
721 3713 941 3766 Patrum
991 3710 1123 3764 ﬁdes
1147 3718 1266 3762 est:
1303 3708 1416 3762 haec
1449 3709 1563 3776 ipsa
1598 3710 1969 3776 apostolorum

401 3809 575 3861 tides:
611 3820 803 3858 omnes
830 3804 902 3856 ita
943 3804 1238 3855 credimus.
1267 3801 1374 3854 Nos
1409 3799 1703 3854 orthodoxi
1737 3808 1794 3852 et
1822 3806 1969 3851 recte

400 3898 703 3953 sentientes
752 3895 825 3948 ita
859 3895 1157 3948 credimus.
1191 3892 1494 3945 Anathema
1537 3892 1590 3944 in
1623 3905 1746 3944 eum
1772 3889 1863 3959 qui
1898 3889 1970 3942 ita

398 4005 506 4044 non
540 3988 732 4043 credit.
767 3987 962 4040 Petrus
991 4001 1089 4054 per
1124 3985 1361 4038 Leonem
1420 3983 1492 4036 ita
1546 3981 1792 4050 protulit.
1830 3984 1973 4050 Apo-

398 4079 526 4134 stuli
556 4079 628 4132 ita
670 4077 998 4132 docuerunt.
1028 4075 1119 4129 Pie
1150 4086 1204 4128 et
1235 4089 1361 4127 vere
1386 4072 1495 4126 Leo
1515 4070 1973 4140 docuit.Cyrillus

397 4175 471 4228 ita
529 4171 738 4227 docuit.
789 4169 901 4223 Leo
954 4180 1008 4222 et
1041 4167 1277 4238 Cyrillus
1320 4165 1386 4219 ad
1441 4165 1694 4218 eumdem
1748 4162 1970 4218 modum

398 4268 742 4320 docuerunt.~
777 4262 1081 4316 Anatbema
1125 4260 1178 4312 in
1218 4273 1344 4312 eum
1380 4257 1476 4327 qui
1517 4273 1627 4310 non
1672 4256 1745 4310 ita
1775 4255 1969 4309 credit.

403 4355 529 4410 llmc
586 4371 712 4409 vera
763 4363 846 4408 cst
908 4355 1062 4406 lides.
1117 4351 1418 4406 Orthodoxi
1455 4351 1525 4404 ita
1559 4347 1813 4403 credunt.
1845 4348 1971 4402 Ila-c

2065 1865 2208 1919 οὕτω
2240 1864 2594 1934 πιστεύομεν·
2624 1864 2720 1914 καὶ
2742 1861 3011 1931 Κύριλλος
3044 1859 3186 1911 οὕτω
3210 1854 3480 1909 πιστεύει.
3510 1853 3651 1905 Alto-

2067 1957 2213 2026 νίαή
2251 1959 2440 2025 μνήμη
2488 1954 2759 2024 Κυρίλλου
2782 1970 2797 1984 °
2836 1954 2933 2005 καὶ
2966 1952 3024 2004 αἱ
3068 1948 3347 2002 ἐπιστολαὶ
3380 1944 3647 2016 Κυρίλ).ου

2067 2048 2201 2098 εἰσὶν
2232 2045 2294 2099 οῦ
2319 2045 2648 2116 φρονοῦμεν,
2668 2036 2728 2096 οῦ
2762 2042 3186 2111 ἐπιστεύσαμεν,
3204 2039 3264 2094 οὗ
3295 2038 3647 2106 πιστεύομεν.

2067 2137 2220 2189 Λέων
2253 2139 2280 2188 ὁ
2322 2137 2754 2204 ἀρχιεπίσκοπος
2795 2134 2969 2195 οὕτως
3011 2135 3224 2202 φρονεῖ,
3259 2131 3318 2184 οῦ
3371 2126 3645 2185 πιστεύει,

2067 2223 2126 2280 οῦ
2159 2226 2419 2298 ἔγραψε.»
2457 2225 2744 2288 Διαλαλιᾶς
2782 2226 2837 2278 δὲ
2886 2225 3186 2294 γενομένης
3234 2224 3377 2278 ὥστε
3424 2225 3518 2278 καὶ
3551 2224 3648 2294 τὴν

2070 2320 2300 2380 Λέοντος
2319 2317 2741 2383 ἀναγνωσθῆναι
2765 2317 3076 2386 ἐπιστολὴν,
3107 2319 3186 2380 είς
3211 2317 3449 2386 Ἕλληνα
3471 2316 3647 2385 γλῶσ-

2071 2425 2170 2460 σαν
2205 2407 2612 2476 μεταϐληθεῖσα
2651 2408 3070 2475 ἀνεγινώσκετο,
3102 2409 3226 2478 ἥτις
3255 2410 3364 2468 τοῖς
3393 2425 3646 2476 πεπραγ-

2072 2495 2253 2562 μένοις
2283 2495 2420 2563 πρὸς
2453 2495 2598 2558 λέξιν
2636 2498 2970 2566 ἐμφέρεταιο
3003 2492 3072 2567 ἦς
3103 2498 3241 2566 μετὰ
3273 2496 3372 2569 τὴν
3401 2498 3650 2563 ἀνάγνω-

2071 2603 2156 2637 σιν
2215 2586 2523 2655 ὲπεϐόησαν
2547 2587 2596 2638 οί
2647 2587 2958 2640 ιπίσκοπου
3001 2607 3018 2638 ι
3059 2586 3206 2656 Α’ύτη
3256 2589 3289 2658 ἡ
3324 2590 3506 2652 πίστις
3536 2589 3648 2641 τῶν

2072 2678 2334 2747 Πατὲρων
2361 2693 2374 2706 ·
2397 2678 2535 2745 αὕτη
2573 2680 2606 2747 ἡ
2642 2680 2822 2742 πίστις
2867 2680 2976 2731 τῶν
3035 2682 3388 2735 ἀποστόλων.
3444 2683 3650 2746 Πάντες

2069 2767 2213 2820 οὕτω
2263 2771 2612 2836 πιστεύομεν·
2668 2769 2717 2820 οί
2768 2768 3046 2838 ὁρθόθοξοι
3101 2769 3245 2822 οὕτω
3293 2771 3650 2840 πιστεύομεν.

2081 2860 2354 2928 ’Λνὰοεμα
2412 2860 2489 2929 τῷ
2548 2860 2623 2930 μὴ
2681 2859 2828 2912 οὕτω
2879 2861 3231 2917 πιστεύοντι.
3294 2863 3504 2931 Πέτρος
3559 2863 3651 2916 διὰ

2072 2953 2296 3013 Λέοντος
2321 2951 2493 3005 ταῦτα
2523 2955 2769 3020 ἐϐόησεψ
2795 2953 2842 3004 οί
2861 2953 3152 3006 ἀπόστολοι
3175 2952 3348 3017 οὕτως
3377 2955 3652 3020 ἐδίδαξαν.

2076 3046 2327 3108 Εὑσεϐῶς
2361 3048 2452 3098 καὶ
2481 3047 2697 3115 ἀληθῶς
2728 3046 2882 3098 Λέων
2914 3046 3144 3113 ἐδίδαξεο
3183 3047 3450 3119 Κύριλλος
3477 3048 3654 3113 οὕτως

2073 3137 2301 3202 ἐδίδαξεδ
2333 3139 2486 3190 Λέων
2525 3139 2615 3190 καὶ
2649 3139 2915 3208 Κίριλλος
2952 3140 3155 3208 ὁμοίως
3192 3140 3456 3206 ἐδίδαξαν.
3501 3142 3654 3195 Ἀνά-

2072 3231 2214 3300 θεμα
2246 3231 2322 3299 τῷ
2352 3233 2426 3301 μὴ
2451 3230 2593 3285 οὕτω
2621 3231 2954 3285 πιστεύοντι.
2982 3232 3129 3301 Αὕτη
3158 3235 3190 3304 ἡ
3215 3234 3420 3304 ἀληθὴς
3443 3234 3651 3297 πίστις’

2071 3325 2119 3376 οἱ
2152 3325 2421 3393 ὀρθόὸοξοι
2476 3325 2618 3378 οὕτω
2665 3326 2977 3394 φρονοῦσιν.
3013 3327 3161 3396 Αὕτη
3220 3328 3253 3397 ἠ
3315 3328 3500 3392 πίστις
3543 3331 3655 3383 τῶν

2075 3419 2357 3487 Πατέρων.
2394 3417 2579 3472 Ταῦτα
2613 3420 2670 3470 ὲν
2712 3418 2924 3489 Ἐφέσῳ
2956 3418 3044 3471 διὰ
3073 3419 3124 3470 τί
3163 3422 3266 3472 οὐκ
3295 3421 3652 3493 ἀνεγνώσθη;

2078 3511 2262 3564 Ταῦτα
2279 3511 2566 3581 Διόσκορος
2592 3510 2847 3580 ἔκρυψεν.
2877 3511 2985 3563 Καὶ
3001 3511 3159 3565 τοῦτο
3184 3513 3238 3565 δὲ
3258 3515 3372 3575 τοῖς
3396 3530 3653 3582 πεπραγ-

2075 3605 2257 3671 μένοις
2286 3603 2607 3671 ὲμφέρεται’
2647 3603 2720 3664 ὡς
2753 3602 2916 3670 ἡνίκα
2946 3602 3008 3655 τὸ
3040 3605 3206 3674 μέρος
3231 3604 3332 3672 τῆς
3360 3605 3656 3672 ἐπιστολῆς

2072 3694 2302 3754 Λέοντος
2344 3692 2686 3761 ἀνεγνώσθη,
2736 3691 2914 3744 τουτοϊ
2965 3695 3254 3764 περιέχων
3289 3695 3382 3746 καὶ
3429 3695 3564 3761 πρὸς
3594 3697 3654 3745 τὸ

2074 3788 2524 3856 χρεωστούμενον
2547 3787 2768 3855 ὄφλημα
2804 3786 3216 3856 τῆς-ἡμετέρας
3253 3788 3466 3850 φύσεως
3507 3790 3652 3840 ἐκτι-

2075 3879 2346 3947 σθῆναι,ἡ
2375 3879 2492 3932 θεία
2525 3879 2686 3946 φύσις
2707 3878 2890 3950 ήνώθη
2920 3883 2987 3949 τῇ
3019 3880 3261 3950 παθητῇ’
3296 3881 3380 3934 ἴνα
3403 3881 3559 3934 τοῦτο
3588 3883 3652 3952 δὴ

2077 3973 2134 4024 τὸ
2161 3976 2280 4034 ταῖς
2303 3973 2604 4041 ἡμετέραις
2641 3973 2852 4026 ίάσεσιν
2905 3973 3150 4042 ὑπάρχον
3181 3973 3460 4044 ἁρμόδιον,
3513 3977 3542 4027 ὁ
3571 3968 3653 4036 εἷς

2076 4064 2168 4115 καὶ
2199 4065 2226 4115 6
2256 4064 2418 4125 αὐτὸς
2444 4063 2522 4116 ὢν
2554 4065 2780 4133 μεσίτης
2805 4064 2938 4118 Θεοῦ
2974 4067 3066 4117 καὶ
3106 4065 3409 4134 ἀνθρώπων
3440 4065 3650 4134 ἄνθρω-

2077 4173 2175 4218 πος
2205 4157 2439 4226 Χριστὸς
2496 4157 2726 4226 Ἰησοῦς,
2777 4158 2871 4209 καὶ
2904 4157 3272 4226 ἀποθνήσκειν
3297 4159 3361 4210 ἐκ
3405 4156 3498 4210 τοῦ
3530 4158 3648 4218 ἑνὸς

2074 4249 2300 4318 δυνηθῇ,
2335 4250 2430 4302 καὶ
2460 4250 2772 4302 τελευταῖον
2801 4253 2865 4302 ἐκ
2894 4249 2990 4302 τοῦ
3027 4250 3218 4317 ἑτερου
3264 4249 3338 4319 μὴ
3363 4249 3588 4318 δυνηθῇ.
3626 4267 3646 4300 ›

2078 4341 2220 4410 Πρὸς
2253 4342 2320 4410 ἣν
2356 4342 2515 4410 ῥῆσιν
2565 4343 2797 4404 Λέοντος
2844 4341 2954 4393 τῶν
3015 4341 3290 4411 Ἱλλυριῶν
3335 4339 3653 4410 ἀμφιϐόλως

402 4449 538 4502 ﬁdes
564 4460 646 4502 est
673 4448 916 4501 Patrum.
952 4445 1060 4498 Cur
1098 4447 1209 4498 haec
1259 4444 1458 4512 Ephesi
1494 4443 1630 4496 lecta
1673 4457 1780 4495 non
1810 4439 1967 4494 sunt?

2077 4433 2332 4500 ἑχόντων,
2361 4431 2626 4493 ὡσαύτως
2663 4431 2720 4482 δὲ
2756 4433 2848 4483 καὶ
2877 4430 2986 4482 τῶν
3029 4431 3406 4484 Παλαιστινῶν
3434 4433 3654 4484 ἐπισκύσ-

404 4541 701 4595 Lioseorus
723 4540 838 4592 haec
862 4538 1184 4607 suppressit.
1201 4555 1218 4586 ι
1243 4537 1378 4588 Illud
1404 4549 1625 4604 quoque
1645 4533 1697 4586 in
1719 4543 1966 4587 actorunt

397 4632 810 4687 commentariis
836 4637 1144 4698 reperitur:
1179 4645 1198 4679 ι
1237 4629 1525 4695 Postquam
1553 4641 1690 4694 pars
1719 4624 1968 4694 quaedam

397 4724 639 4793 epistolae
662 4722 860 4776 Leonis
913 4722 1050 4774 lecta
1089 4731 1197 4784 est,
1232 4719 1336 4772 hoc
1361 4719 1734 4786 complectens
1761 4734 1773 4768 :
1804 4715 1873 4769 Et
1901 4715 1969 4769 ad

398 4823 612 4867 natura:
644 4822 845 4866 nostra:
899 4811 1146 4865 debitum
1180 4808 1630 4879 persolvettdum,
1658 4815 1853 4860 natura
1885 4806 1971 4859 di-

400 4907 522 4959 vitta
549 4905 599 4959 ei
636 4920 756 4971 qua:
776 4902 1125 4973 perpessioni
1165 4901 1399 4954 obnoxia
1431 4910 1537 4961 est,
1569 4901 1722 4952 unita
1755 4905 1861 4960 est,
1911 4905 1969 4950 ut

397 4998 542 5067 quod
591 4997 664 5051 ita
724 4995 996 5050 saltationi
1046 5004 1245 5048 nostra:
1287 4992 1443 5045 aliine
1500 4988 1968 5058 commodumque

395 5099 753 5156 esset,~unus
808 5098 864 5143 et
920 5087 1062 5142 idem
1115 5085 1386 5140 mediator
1434 5082 1528 5136 Dei
1587 5089 1642 5134 et
1681 5080 1967 5134 hominum

393 5184 647 5238 Christus
708 5181 904 5245 Jcsus,
961 5180 1098 5233 mori
1141 5194 1208 5233 ex
1242 5178 1415 5232 altero
1446 5183 1652 5246 posset,
1685 5190 1751 5228 ex
1795 5173 1970 5226 altero

399 5289 625 5345 prorsus
653 5288 761 5328 non
799 5280 1002 5341 posset.
1033 5289 1050 5322 ι
1083 5271 1156 5324 De
1183 5270 1285 5323 hac
1335 5283 1470 5322 voee
1497 5267 1696 5321 Leonis
1726 5265 1971 5335 Illyricos

401 5376 565 5435 atque
606 5363 794 5418 itidem
827 5363 1145 5416 Palaestinos
1174 5362 1464 5431 episcopos
1496 5358 1884 5414 contendisse:
1916 5365 1972 5409 et

399 5470 526 5509 eum
559 5454 654 5524 qui
688 5453 869 5507 dictus
899 5452 1218 5506 estAetium
1256 5452 1706 5506 archidiaconqu
1733 5447 1970 5502 sanctis-

399 5548 549 5601 sima:
602 5547 860 5601 Ecclesia:
917 5544 1584 5614 Constantinopolitanm,
1635 5541 1967 5598 sententiam

395 5641 557 5694 aliam
583 5639 791 5710 Cyrilli,
821 5640 971 5694 hisce
1003 5639 1186 5693 verbis
1217 5641 1572 5708 compositam
1639 5635 1968 5705 protulisse:

405 5749 426 5782 ι
460 5732 913 5802 Quandoquidem
941 5731 1222 5802 proprium
1255 5729 1373 5800 ejus
1394 5743 1614 5798 corpus,
1646 5725 1817 5795 gratia
1853 5723 1969 5786 Dei,

2075 4541 2216 4587 πων,
2249 4525 2274 4574 6
2303 4523 2597 4590 εἰρημένος
2641 4523 2844 4584 Ἀέτιος
2875 4523 2902 4574 6
2937 4522 3317 4592 ἁρχιδιάκονος
3355 4525 3453 4592 τῆς
3485 4523 3655 4588 ἁγιω-

2072 4617 2241 4684 τάτης
2279 4615 2606 4685 Ἐκκλησίας
2640 4615 3271 4676 Κωνσταντινουπόλεως
3290 4614 3460 4681 ἀλλην
3493 4615 3654 4683 ῥῆσιν

2071 4707 2167 4761 τοῦ
2251 4708 2407 4774 ἁγίου
2471 4707 2743 4777 Κυρίλλου
2822 4707 3042 4777 παρῆγε
3099 4704 3222 4757 τάδε
3297 4704 3600 4771 διεξιοῦσαν
3635 4721 3650 4735 ·

2081 4820 2099 4851 ι
2148 4800 2364 4870 Ἐπειδὴ
2388 4800 2444 4852 δὲ
2471 4799 2632 4853 πάλιν
2653 4799 2713 4852 τὸ
2741 4799 2872 4852 ίδιον
2893 4798 3060 4852 αὑτοῦ
3090 4799 3250 4867 σῶμα
3279 4799 3463 4868 χάριτι
3489 4795 3649 4861 Θεοῦ,

2073 4894 2215 4947 καθὰ
2246 4911 2415 4962 φησιν
2441 4894 2468 4945 ὁ
2494 4891 2792 4954 ἀπόστολος
2824 4891 3057 4954 Παῦλος,
3093 4891 3232 4960 ὑπὲρ
3264 4891 3464 4952 παντὸς
3499 4888 3652 4956 ἐγεύ-

2077 5004 2208 5039 σατο
2240 4986 2497 5051 θανάτου,
2539 4985 2758 5053 λέγεται
2788 4986 2985 5037 παθεῖν
3013 4985 3176 5036 αὑτὸν
3210 4984 3301 5040 τὴν
3331 4983 3468 5050 ὑπὲρ
3496 4982 3655 5051 ἡμῶν

2075 5078 2321 5132 θάνατον’
2350 5076 2447 5147 οὐχ
2477 5076 2551 5139 ὡς
2570 5079 2649 5138 εἰς
2672 5079 2870 5145 πεῖραν
2895 5075 3066 5128 ἐλθὼν
3088 5075 3344 5136 θανάτου,
3361 5075 3488 5142 τόγε
3518 5070 3656 5145 ἧκον

2074 5170 2153 5230 εἰς
2184 5169 2283 5238 τὴν
2313 5168 2476 5221 αὑτοῦ
2511 5167 2697 5235 φύσινο
2726 5168 3044 5238 ἀποπληξία
3074 5168 3184 5238 γὰρ
3214 5167 3374 5220 τοῦτο
3402 5166 3584 5234 λέγειν
3611 5166 3650 5236 Δἢ

2075 5263 2314 5328 φρονεῖν’
2348 5260 2462 5312 ἀλλ’
2493 5261 2597 5324 ὅτι,
2632 5259 2886 5330 καθάπερ
2913 5260 3049 5329 ἔφην
3077 5259 3303 5328 ἀρτίως,
3341 5260 3370 5328 ἡ
3397 5257 3534 5328 σὰρξ
3559 5258 3657 5310 αύ-

2073 5351 2166 5406 τοῦ
2192 5353 2452 5420 ἐγεύσατο
2476 5353 2734 5407 θανάτου.
2785 5372 2804 5405 ι
2842 5354 2949 5405 Καὶ
2984 5349 3139 5415 αὖθις
3176 5352 3312 5418 πρὸς
3349 5353 3447 5417 τὴν
3497 5351 3660 5420 ῥῆσιν

2074 5447 2172 5515 τῆς
2225 5443 2514 5514 ἐπιστολῆς
2563 5445 2786 5505 Λέοντος
2833 5445 2934 5512 τὴν
2985 5444 3288 5510 λέγουσαν
3356 5460 3374 5492 ι
3409 5441 3659 5508 Ἐνεργεί

2075 5536 2448 5605 γαρέκατέρα
2482 5537 2666 5605 μορφὴ
2715 5535 2854 5604 μετά
2905 5534 3005 5604 τῆς
3059 5534 3290 5602 θατέρου
3347 5533 3657 5594 κοινωνίας,

2074 5631 2212 5696 ὅπερ
2247 5631 2376 5680 ἴδιον
2413 5629 2612 5697 ἔσχηκε
2639 5646 2651 5660 ο
2684 5628 2779 5680 τοῦ
2816 5629 2913 5698 μὲν
2955 5631 3133 5695 Λόγου
3179 5625 3657 5695 κατεργαζομένου

2077 5721 2220 5774 τοῦθ’
2248 5723 2525 5790 ὅπερ-εστὶ
2559 5722 2651 5774 τοῦ
2679 5721 2878 5789 Λόγου,
2901 5719 2995 5774 τοῦ
3015 5721 3069 5774 δὲ
3097 5718 3348 5789 σώματος
3376 5713 3663 5770 ἐκτελοῦν-
