4074 6208
392 278 498 345 105

1321 277 1915 340 ECCLESIASTICE
1957 273 2348 332 HlSTt)Rl.ii
2392 273 2529 334 UB.
2573 273 2693 334 XV.

3557 272 3658 351 10ιῖ

377 411 497 456 τος.
528 396 666 465 ὅπερ
698 393 815 448 ἐστὶ
842 393 937 448 τοῦ
961 395 1216 465 σώματος
1244 433 1258 447 .
1297 394 1406 447 Καὶ
1438 392 1498 446 τὸ
1542 391 1641 461 μὲν
1678 389 1827 458 αὑτῷ
1857 389 1962 441 δια-

2072 365 2533 452 quemadmodum
2561 383 2741 454 inquit
2776 383 3058 454 apostolus
3077 383 3299 451 Paulus,
3338 400 3438 456 pro
3472 390 3654 440 omni—

373 489 593 558 ἳᾱιμπει
649 487 762 548 τοῖς
809 486 1079 557 θαύμασι,
1128 486 1189 539 τὺ
1231 483 1289 538 δὲ
1342 488 1464 547 ταῖς
1501 483 1724 554 ὕϐρεσιν
1767 480 1974 534 ὑποπέ-

379 594 624 632 πτιυκεν.
656 595 676 628 ι
712 576 833 629 Τῶν
865 576 922 630 δὲ
957 576 1238 648 Ἱλλυριῶν
1270 577 1364 629 καὶ
1401 572 1779 629 Παλαιστινῶν
1812 571 1976 636 αὖθις

379 663 860 732 ἁμφϐαλλόντων,
911 663 1120 728 ’Δέτιος
1169 665 1300 719 ἄλλο
1349 664 1624 734 Κυρίλλου
1675 662 1975 731 κεφάλαιον

379 757 416 810 ἀ
444 759 598 825 ’ἐγνω
628 759 887 826 περιέχον
915 756 1090 820 οὕτως
1117 773 1131 788 ·
1170 775 1187 808 ι
1217 757 1284 808 Al
1322 755 1421 826 μὲν
1457 753 1615 808 ἄλλαι
1642 754 1750 806 τῶν
1781 752 1973 822 φωνῶν

379 848 466 900 ὅτι
498 849 734 916 μάλιστα
772 849 1103 918 θεοπρεπεῖς
1130 889 1144 913 ,
1178 849 1235 902 αἱ
1277 849 1331 901 δὲ
1367 846 1510 900 οὕτω
1562 847 1730 900 πάλιν
1762 845 1972 915 ἀνθρω-

381 943 711 1010 ποπρεπεῖςο
740 942 796 995 al
839 942 896 994 δὲ
929 941 1106 1012 μέσην
1146 942 1267 996 τινὰ
1297 941 1446 1006 τάξιν
1474 939 1710 1008 ἔχουσιν,
1742 937 1972 1008 ἐμφανί-

383 1034 574 1097 ζοντες
611 1035 703 1086 τὸν
736 1034 863 1088 Υἱδν
892 1034 987 1087 τοῦ
1020 1032 1157 1088 Θεοῦ
1201 1035 1334 1088 Θεὸν
1361 1035 1491 1086 ὄντα
1541 1033 1633 1085 καὶ
1683 1031 1970 1100 ἄνθρωπον

382 1125 523 1196 ἐμοῦ
553 1127 609 1178 ὲν
641 1126 813 1195 αὐτῷ.
857 1144 874 1178 ι
915 1128 1027 1180 Καὶ
1067 1128 1203 1198 μετὰ
1255 1125 1428 1180 ταῦτα
1458 1126 1598 1196 πρὶς
1655 1125 1842 1193 ἕτερον
1876 1122 1970 1190 μὲ-

386 1235 482 1289 ρος
511 1219 606 1288 τῆς
639 1219 930 1289 ἐπιστολῆς
964 1219 1192 1282 Λέοντος
1215 1217 1669 1289 ἁμφιϐαλλόντων
1690 1217 1799 1269 τῶν
1822 1217 1968 1284 εἰρη-

386 1315 570 1383 μένων
598 1313 913 1365 ἐπισκόπων
946 1311 1068 1380 ἔχον
1094 1310 1265 1374 οὕτως
1296 1328 1309 1340 ’
1352 1328 1370 1360 t
1411 1310 1473 1362 Εί
1507 1308 1603 1360 καὶ
1637 1307 1704 1360 τὰ
1731 1305 1966 1374 μάλιστα

380 1405 494 1473 γὰρ
519 1407 576 1456 ὲν
606 1403 682 1472 τῷ
715 1402 964 1474 Δεσπότῃ
997 1402 1173 1472 Ἰησοῦ
1206 1401 1427 1472 Χριστῷ
1453 1401 1549 1454 τοῦ
1581 1399 1717 1453 Θεοῦ
1749 1398 1842 1452 καὶ
1873 1396 1966 1449 τοῦ

381 1494 678 1566 ἀνθρώπου
709 1495 767 1547 ἒν
801 1495 1116 1566 πρόσωπον,
1155 1495 1304 1564 ὅμως
1347 1493 1537 1562 ἕτερόν
1587 1493 1741 1546 ἐστιν
1789 1493 1966 1544 ἐκεῖνο

380 1589 442 1653 ἐξ
470 1583 531 1642 οὗ
562 1590 620 1639 ἐν
650 1587 898 1657 ἐκατέρῳ
951 1587 1130 1640 κοινόν
1178 1589 1296 1642 ἐστι
1327 1586 1387 1639 τὸ
1433 1588 1531 1656 τῆς
1578 1583 1790 1656 ὕϐρεως
1818 1599 1833 1613 ·
1872 1583 1964 1636 καὶ

379 1673 657 1750 ’ἑτερο-νέξ
695 1674 756 1733 οὗ
787 1679 970 1731 κοινὸν
1001 1680 1062 1732 τδ
1119 1679 1217 1747 τῆς
1247 1677 1405 1746 δτὶξης
1457 1677 1797 1745 καθέστηκεν
1828 1715 1841 1728 .
1870 1673 1963 1738 Ἐξ

380 1772 542 1840 ἡμῶν
566 1770 668 1839 μὲν
704 1773 813 1840 γὰρ
839 1769 994 1840 αὐτῷ
1028 1771 1062 1838 ἡ
1085 1769 1328 1823 ἐλάσσων
1354 1769 1446 1822 τοῦ
1493 1770 1704 1837 [ἰατρὸς
1757 1768 1969 1838 ἀνθρω-

382 1862 579 1929 πότης·
612 1861 758 1914 ἐκδὲ
815 1861 908 1914 τοῦ
962 1861 1178 1931 Πατρὸς
1209 1861 1358 1914 ἔστιν
1427 1859 1574 1930 αὑτῷ
1607 1861 1640 1929 ή
1691 1858 1830 1929 μετὰ
1876 1857 1967 1909 τοῦ

381 1951 596 2022 Πατρὸς
635 1949 803 2004 αὗτοῦ
831 1951 918 2020 ῖση
945 1950 1156 2021 θεότης.
1189 1968 1206 2000 ι
1243 1947 1590 2018 Θεοδὼρητος
1622 1945 1970 2015 ζυγοστατῶν

383 2043 542 2110 ἔλεγε
575 2043 672 2096 καὶ
701 2041 780 2112 τῷ
811 2042 1072 2113 μακαρίῳ
1121 2041 1378 2112 Κυρίλλῳ
1433 2040 1528 2093 ἐπὶ
1573 2039 1770 2106 λέξεως
1818 2037 1968 2107 εξρῆ-

351 2127 354 2130 ’
387 2135 512 2188 σθαι
543 2133 739 2196 οὕτως·
781 2149 800 2185 t
831 2132 944 2186 Kal
989 2133 1280 2201 γενόμενον
1312 2132 1600 2201 ἄνθρωπον
1639 2129 1734 2182 καὶ
1768 2127 1843 2198 μὴ
1874 2145 1967 2194 με-

386 2225 548 2279 θέντα
572 2224 633 2277 τδ
673 2224 828 2288 ἴδιον,
871 2223 1184 2292 μεμένηκεν
1226 2222 1364 2291 ὅπερ
1420 2218 1508 2290 ἦν·
1546 2223 1642 2274 καὶ
1687 2220 1882 2289 ἕτερον
1911 2220 1968 2270 ἐν

385 2316 560 2389 ιτέρῳ
593 2316 657 2369 τὸ
685 2315 1012 2370 κατοικοῦνο
1049 2313 1331 2367 τουτέστιν
1381 2315 1414 2383 ἠ
1457 2313 1580 2366 θεία
1631 2313 1794 2382 φύσις
1827 2313 1968 2382 μετᾶ

384 2408 495 2461 τῶν
517 2406 844 2478 ἀνθρώπων.
882 2425 902 2459 ι
973 2404 1107 2460 Εἶτα
1138 2405 1246 2458 τῶν
1303 2405 1655 2477 ὑψηλοτάτων
1686 2404 1965 2474 ἀρχόντων

387 2501 712 2572 πυθομένων
742 2502 791 2553 εἰ
818 2500 898 2554 ἔτι
921 2519 1002 2564 τις
1026 2499 1386 2570 ἀμφισϐητεῖ.
1417 2500 1618 2559 πάντες
1653 2493 1828 2561 εἶπονβ
1861 2514 1965 2566 μη-

384 2594 572 2665 δαμῶς
598 2594 987 2664 ἀμφιϐάλλειν.
1012 2591 1103 2646 Ἐν
1139 2593 1314 2662 τούτῳ
1355 2593 1415 2645 δὲ
1447 2591 1691 2651 Ἀττικὸς
1736 2589 1965 2642 ἐπίσκο-

388 2702 494 2751 πος
529 2685 884 2749 Νικοπόλεως
909 2685 1153 2739 ὲνδιῦναί
1188 2686 1238 2737 οἱ
1292 2686 1499 2756 ᾐτεῖτο,
1547 2683 1812 2754 ἁταράχῳ
1850 2683 1964 2736 δια-

387 2778 538 2838 νοίας
591 2775 840 2847 λογισμῷ
890 2779 946 2829 ὲν
1005 2776 1266 2846 βραχέσιν
1314 2777 1550 2846 ἡμέραις
1597 2775 1658 2827 τὸ
1710 2774 1787 2842 τῷ
1845 2771 1964 2842 Θεῷ

390 2865 585 2921 δοκοῦν
644 2867 740 2920 καὶ
799 2868 910 2928 τοῖς
983 2867 1150 2929 θείοις
1225 2867 1472 2937 Πατρὰσι
1528 2864 1961 2934 διατυπωθῆναι.

387 2953 602 3024 Ἐξήτει
633 2954 690 3007 δὲ
730 2952 914 3006 λαϐεῖν
945 2951 1040 3006 καὶ
1086 2955 1185 3023 τὴν
1228 2951 1523 3022 ἐπιστολὴν
1562 2951 1840 3022 Κυρί).λου
1865 2953 1964 3022 τὴν

389 3047 526 3114 πρὸς
553 3046 867 3116 Νεστόριοψ
894 3047 952 3098 ὲν
987 3063 1020 3120 ῃ
1057 3045 1494 3115 παρακελεύεται
1545 3043 1731 3108 αὑτὸν,
1775 3044 1962 3096 συνθέ-

393 3138 644 3200 σθαιτοῖς
671 3137 879 3191 δώδεκα
911 3136 1077 3191 αὐτοῦ
1114 3137 1452 3205 κεφαλαίοιε,
1484 3132 1563 3199 οἷς
1585 3138 1680 3189 καὶ
1707 3135 1756 3187 οῖ
1781 3135 1962 3188 λοιποὶ

390 3231 590 3293 πάντες
647 3231 950 3283 συνέθεντο·
989 3231 1083 3283 καὶ
1135 3231 1240 3281 τῶν
1281 3230 1558 3299 ἀρχόντων
1607 3227 1964 3298 διαλαλησάν-

385 3337 515 3387 των,
549 3324 775 3392 ἡμερῶν
808 3322 968 3375 πέντε
991 3322 1215 3391 διωρίαν
1250 3321 1447 3385 ἔδοντο,
1495 3320 1638 3374 ὥστε
1687 3320 1962 3374 συνελθεῖν

390 3414 682 3483 ’Δνατολίῳ
708 3413 786 3484 τῷ
844 3415 1096 3486 προέδρῳ
1147 3416 1250 3484 τῆς
1299 3411 1959 3474 Κωνσταντινουπόὶεως,

389 3507 435 3559 οῖ
466 3507 758 3560 ἐπίσκοποι
784 3508 1002 3572 ,πάντες
1056 3507 1439 3578 ὲπευφήμισαν
1484 3505 1656 3558 ταῦτα
1691 3505 1959 3566 εἰπόντες·

393 3618 412 3650 ο
458 3599 655 3668 Ἡμεῖς
674 3598 818 3652 οὕτω
835 3616 990 3653 πιστε
1001 3598 1186 3669 ύομεν⁶
1218 3600 1415 3660 πάντες
1434 3597 1578 3652 οὕτω
1600 3597 1957 3667 πιστεύομενσ

293 3741 295 3743 ,
390 3691 464 3752 ὡς
494 3689 644 3743 Λέων
674 3689 816 3743 οὕτω
849 3692 1207 3761 πιστεύομεν.
1253 3691 1443 3762 Ἥμῶν
1468 3691 1644 3753 οὐδεὶς
1682 3690 1961 3759 ἀμφιϐάλ-

389 3779 490 3835 λει.
530 3783 724 3848 Ἡμεῖς
751 3783 950 3846 πάντες
977 3781 1404 3851 ὑπεγράψνμεν.
1442 3801 1460 3832 ι
1501 3781 1644 3851 Πρὸς
1675 3780 1710 3835 ἃ
1739 3781 1833 3834 ἐπὶ
1865 3782 1960 3852 ρή-

394 3891 561 3943 ματος
602 3874 778 3929 ταῦτα
832 3875 1160 3944 λελάληταιο
1199 3892 1218 3925 ι
1251 3876 1365 3928 Οὐκ
1413 3876 1709 3942 ἀναγκαῖον
1756 3875 1960 3938 πάντας

391 3967 532 4035 ὑμᾶς
563 3967 866 4020 συνελθεῖν.
899 3966 1042 4018 Ἀλλ’
1071 3968 1262 4036 ἐπειδὴ
1283 3966 1577 4019 ἀκόλουθόν
1612 3967 1728 4019 ἐστι
1755 3983 1960 4019 πιστω-

389 4058 549 4127 θῆναι
580 4059 706 4120 τοὺς
742 4057 1210 4134 ἁμφιϐἁλλοντις,
1241 4061 1268 4111 ὁ
1309 4057 1702 4119 εὐλαϐέστατος
1740 4058 1960 4110 ὲτιῖσκο-

385 4167 487 4214 πος
512 4151 818 4213 ’Δνατόλιος
865 4149 973 4204 ἀπὸ
1006 4149 1114 4203 τῶν
1155 4150 1593 4220 ὑπογραψαντων
1643 4149 1961 4218 ἐπιλέξηται

386 4243 476 4307 οὓς
512 4246 607 4299 ἐὰν
641 4244 840 4315 νομίσῃ
872 4245 1008 4314 πρὸς
1051 4242 1399 4297 δ.δασκαλίαν
1451 4244 1558 4296 τῶν
1590 4243 1960 4312 ἀμφιϐαλλόν-

387 4353 516 4390 των.
554 4354 572 4386 ι
605 4331 698 4399 Οἷς
722 4338 1008 4406 ἐπήγαγον
1046 4338 1095 4388 οῖ
1134 4337 1234 4405 τῆς
1265 4337 1488 4389 συνόδου
1539 4335 1735 4399 οὕτως·
1776 4354 1795 4388 ι
1835 4337 1958 4388 Δεό-

2082 474 2187 530 bus
2223 487 2456 530 mortem
2483 475 2741 546 gustavit,
2767 476 3064 546 Oppctiisse
3107 484 3338 530 mortem
3373 491 3473 547 pro
3498 479 3660 531 nobis

2079 568 2258 639 ipsqu
2293 569 2556 639 (Verbum
2588 568 2822 633 scilicet)
2861 569 3069 624 dicitur
3094 592 3104 624 :
3130 569 3298 641 649
3336 586 3444 625 non
3505 574 3654 643 quod

2076 662 2130 716 id
2160 662 2465 731 periculum
2495 662 2710 717 mortis
2749 662 2969 729 adierit,
2993 673 3261 733 quantum
3294 665 3358 718 ad
3397 675 3650 719 naturam

2077 751 2254 820 ipsius
2293 751 2536 820 pertinet
2575 753 2720 820 (nam
2749 752 2851 807 hoc
2880 752 3084 818 dicere,
3121 763 3216 808 aut
3246 754 3478 815 sentire,
3513 764 3656 808 atto-

2075 843 2178 896 niti
2212 843 2455 912 stuporis
2481 843 2612 911 est),
2654 843 2747 897 sed
2778 844 2945 912 quod,
2973 844 3132 899 sicuti
3178 847 3338 902 modo
3367 846 3501 911 dixi,
3528 860 3657 902 Caro

2075 935 2194 1004 ejus
2227 945 2455 990 mortem
2479 929 2772 1006 gustavit.»
2820 937 3056 990 Rursum
3089 938 3154 992 ad
3184 939 3427 1008 epistola:
3449 938 3649 994 Leonis

2073 1025 2303 1088 dictum,
2336 1029 2480 1096 quod
2513 1028 2594 1082 sic
2622 1027 2818 1083 habet:
2857 1047 2874 1079 ι
2909 1028 3188 1099 Operatur
3224 1047 3464 1101 namque
3501 1042 3651 1085 utra-

2072 1133 2180 1188 que
2239 1119 2437 1186 forma,
2503 1136 2628 1175 cum
2706 1121 2936 1177 alterius
3005 1125 3414 1189 communione,
3507 1125 3654 1193 quod
3727 1183 3729 1186 ς

2068 1213 2121 1265 ei
2202 1213 2489 1282 proprium
2568 1224 2653 1268 est
2696 1252 2713 1277 ,
2766 1214 2940 1268 Verbo
3029 1215 3273 1283 quidem.
3357 1216 3409 1269 id
3505 1218 3654 1285 quod

2070 1303 2234 1359 Verbi
2303 1305 2771 1375 est,periiciente,
2806 1321 3038 1376 corpore
3079 1316 3286 1371 autem,
3338 1308 3483 1377 quod
3529 1324 3655 1362 cor-

2067 1397 2218 1465 poris
2247 1405 2350 1461 est,
2384 1398 2738 1463 absolventc;
2772 1417 2790 1449 ι
2843 1408 3008 1467 atque
3060 1399 3193 1453 illud
3233 1399 3452 1469 quidem
3494 1402 3549 1456 in
3579 1417 3647 1456 eo

2068 1488 2347 1543 miraculis
2376 1490 2602 1555 relucet,
2637 1489 2740 1545 hoc
2769 1499 2950 1545 autem
2971 1491 3190 1560 injuriis
3223 1492 3645 1546 etcontumeliis

2068 1581 2349 1651 subjacet;
2385 1599 2402 1631 ι
2437 1581 2504 1634 ad
2538 1582 2662 1645 hoc,
2702 1583 2948 1652 inquam,
2982 1582 3193 1636 dictum
3227 1583 3517 1654 Illyriciset
3552 1585 3658 1637 Pa-

2068 1672 2295 1725 lmstinis
2345 1687 2562 1726 rursum
2622 1673 3046 1742 ambigentibus,
3066 1673 3256 1728 Aetius
3284 1674 3429 1728 aliud
3463 1673 3653 1745 Cyrilli

2073 1763 2377 1832 capitulum
2411 1763 2565 1833 legit,
2619 1765 2763 1833 quod
2798 1765 2878 1818 sic
2902 1765 3103 1819 habet:
3155 1784 3172 1816 ι
3215 1765 3482 1830 Qumdam
3519 1783 3653 1822 sane

2075 1869 2240 1909 voces
2261 1871 2425 1924 quam
2463 1856 2698 1908 maxime
2731 1855 2900 1908 Deum
2939 1856 3157 1915 decent.
3187 1857 3436 1924 qttmdam
3465 1868 3647 1912 autent

2073 1955 2268 1996 rursus
2295 1941 2501 1995 homini
2547 1942 2904 2008 conveniunt,
2934 1943 3182 2011 quaedam
3217 1959 3383 2014 porro
3407 1948 3648 2000 medium

2074 2033 2554 2098 obtinentlocum,
2585 2034 2784 2088 Filium
2825 2034 2922 2088 Dei
2961 2035 3127 2088 Deum
3175 2037 3338 2091 simul
3375 2049 3428 2092 ct
3465 2038 3646 2091 homi-

2074 2141 2199 2181 nem
2230 2139 2351 2180 esse
2384 2125 2810 2196 signiﬁcantes.»
2853 2126 2979 2181 Post
3010 2128 3145 2192 haec,
3181 2129 3246 2182 de
3278 2129 3384 2182 alia
3401 2130 3646 2195 epistolae

2071 2217 2272 2273 Leonis
2297 2229 2471 2289 parte,
2509 2234 2647 2288 quos
2673 2218 2935 2286 diximus,
2966 2221 3210 2293 episcopi
3231 2223 3645 2288 addubitarunt,

2069 2311 2231 2379 cujus
2291 2311 2407 2366 haec
2461 2322 2590 2366 sunt
2618 2314 2820 2370 verba:
2862 2314 3119 2370 «Etiamsi
3151 2319 3298 2372 enim
3331 2319 3386 2373 in
3418 2319 3647 2374 Domino

2070 2407 2196 2462 Jcsu
2228 2406 2448 2461 Christo
2478 2407 2572 2460 Dei
2613 2416 2668 2462 ct
2690 2407 2932 2462 hominis
2957 2424 3191 2478 persona
3227 2429 3334 2467 una
3361 2423 3466 2480 est,
3492 2416 3639 2469 aliud

2074 2506 2254 2553 tamen
2291 2497 2424 2553 illud
2466 2507 2570 2562 est,
2616 2514 2682 2552 ex
2719 2514 2828 2569 quo
2872 2500 2926 2554 in
2969 2511 3203 2572 utroque
3234 2509 3542 2564 communis
3567 2520 3652 2564 est

2072 2591 2271 2662 injuria
2301 2599 2355 2646 et
2382 2592 2718 2646 contumelia
2752 2609 2766 2645 :
2801 2605 2857 2648 et
2893 2594 3065 2658 aliud,
3102 2611 3168 2650 co
3199 2614 3309 2666 quo
3339 2604 3651 2656 communis

2070 2683 2324 2738 consistit
2384 2683 2575 2754 gloria.
2641 2683 2725 2737 Ex
2774 2685 2936 2741 nobis
2963 2688 3111 2742 enim
3149 2689 3201 2742 iu
3259 2705 3326 2743 eo
3353 2702 3436 2746 est
3472 2695 3650 2748 minor

2081 2779 2238 2833 Patre
2301 2777 2640 2843 humanitas,
2681 2793 2749 2832 ex
2785 2778 2946 2834 Patre
2969 2788 3150 2834 autem
3181 2785 3416 2851 mqualis
3442 2787 3492 2841 ei
3521 2804 3645 2842 (um

2069 2869 2230 2923 Patre
2273 2867 2555 2923 divinitas.
2583 2889 2601 2921 ι
2636 2870 2712 2924 lbi
2749 2879 2860 2924 tum
2903 2871 3272 2931 Theodoritus
3304 2892 3458 2946 :cqua
3497 2879 3650 2935 lance
3727 2943 3735 2950 _

2070 2959 2236 3013 verba
2276 2974 2340 3013 ea
2369 2959 2700 3028 ponderaus,
2730 2962 2952 3017 beatum
3000 2981 3222 3035 quoque
3281 2969 3546 3040 Cyrillum
3582 2974 3650 3025 tle

1988 3075 2032 3134 ο
2069 3055 2245 3108 verbo
2299 3051 2365 3108 ad
2393 3053 2625 3108 verbum
2665 3055 2780 3110 lucc
2811 3056 3015 3112 dixisse
3049 3060 3272 3116 retulit:
3315 3080 3332 3113 ι
3367 3062 3437 3116 Et
3482 3064 3648 3119 homo

2075 3144 2272 3208 factus,
2305 3160 2370 3199 eo
2395 3144 2544 3214 quod
2596 3146 2716 3217 ejus
2777 3148 3061 3218 pr0prium
3107 3150 3233 3214 fuit,
3262 3168 3370 3207 nou
3411 3164 3646 3222 mutato,

2067 3234 2120 3290 id
2159 3236 2303 3306 quod
2337 3245 2455 3290 erat
2494 3236 2818 3305 permansit,
2849 3238 3160 3293 etalterum
3188 3242 3240 3296 iu
3275 3243 3449 3299 altero
3478 3245 3636 3300 habi-

2069 3334 2168 3388 tat,
2205 3325 2466 3379 videlicet
2498 3335 2695 3380 natura
2717 3326 2904 3381 divina
2935 3343 3060 3382 eum
3093 3329 3431 3387 hominibus.
3465 3353 3482 3384 ›
3531 3334 3645 3390 Sub

2069 3418 2204 3480 hac,
2232 3418 2564 3486 amplissimi
2598 3417 2898 3488 principes,
2933 3435 3065 3472 num
3102 3422 3286 3490 aliqua
3343 3424 3524 3479 adhuc
3550 3443 3640 3479 rc-

2065 3510 2212 3579 liqua
2240 3520 2385 3566 esset
2408 3511 2808 3575 controversia,
2855 3512 3297 3583 interrogaruut:
3348 3531 3400 3571 et
3427 3534 3640 3584 omnes,

2068 3602 2294 3656 minime
2367 3617 2426 3654 se
2480 3601 2763 3669 ambigere
2820 3601 3102 3656 dixerunt.
3168 3603 3374 3660 Deinde
3430 3607 3644 3663 Atticus

2065 3693 2478 3763 Nieopolitanus
2524 3695 2820 3763 episcopus
2894 3695 3141 3763 permitti
3215 3697 3321 3751 sibi
3399 3702 3645 3766 postula-

2065 3783 2163 3844 vit,
2216 3793 2274 3838 ut
2320 3782 2375 3836 iu
2433 3781 2631 3836 diebus
2703 3784 2913 3852 paucis,
2984 3786 3170 3840 animo
3230 3790 3524 3858 tranquillo
3591 3801 3646 3846 ct

2063 3878 2270 3944 quieto.
2305 3875 2398 3930 Dei
2437 3885 2494 3931 et
2518 3876 2831 3930 divinorum
2855 3877 3074 3932 Patrum
3111 3879 3394 3934 decretum
3421 3884 3473 3936 in
3507 3898 3646 3938 cou-

2063 3967 2399 4023 stitntionem
2443 3968 2653 4024 referre
2701 3979 2904 4038 posset.
2940 3968 3236 4038 Epistolam
3291 3987 3510 4042 quoque
3539 3974 3644 4045 Cy-

2063 4058 2168 4111 rilli
2200 4058 2266 4112 ad
2289 4059 2600 4114 Nestorium
2632 4061 2750 4115 dari
2787 4060 2889 4114 sibi
2931 4061 3106 4127 petiit,
3135 4062 3188 4114 in
3216 4079 3320 4132 qua
3358 4065 3508 4119 illum
3537 4065 3644 4136 Cy-

2064 4151 2238 4216 rillus,
2265 4160 2324 4204 ut
2348 4151 2634 4206 duodecim
2668 4153 2942 4221 capitibus
2969 4153 3103 4218 suis,
3134 4154 3205 4207 ita
3231 4165 3289 4208 ut
3319 4156 3410 4209 alii
3448 4172 3641 4213 omnes

2063 4242 2343 4307 fecissent,
2370 4244 2743 4298 assensionem
2787 4259 2941 4297 suam
2989 4247 3279 4312 praeberet,
3333 4247 3640 4306 admonuit.

2063 4333 2128 4388 Et
2180 4335 2456 4404 principes
2491 4321 2829 4398 iuterlocuti,
2869 4335 3084 4390 dierum
3130 4339 3374 4409 quinque
3423 4349 3641 4412 tempus

391 4430 530 4498 μεθα
560 4429 712 4499 παρὰ
745 4430 854 4482 τῶν
883 4430 1143 4500 Πατέρων
1186 4434 1252 4498 τῇ
1285 4429 1490 4500 συνόδῳ
1515 4431 1617 4493 τὰς
1663 4431 1848 4498 φωνὰς
1880 4428 1959 4499 τῷ

2067 4423 2116 4478 ei
2143 4439 2486 4488 concessere,
2512 4433 2572 4477 ut
2588 4438 2711 4478 cum
2733 4424 2989 4478 Anatolio
3013 4425 3634 4500 Constantinopolitano

387 4520 620 4590 βασιλεῖ,
649 4524 749 4587 τὰς
783 4523 990 4586 ἱκεσίας
1019 4523 1130 4575 τῶν
1165 4523 1468 4592 ὀρθοδόξων
1489 4537 1506 4551 ⁸
1543 4525 1744 4587 πάντες
1775 4523 1957 4594 ἡμάρ-

382 4625 574 4679 τομεν,
620 4611 754 4662 πᾶσι
780 4609 1196 4679 συγχωρηθείη.
1230 4628 1250 4662 ι
1291 4611 1355 4663 Ui
1393 4610 1450 4663 δὲ
1482 4611 1580 4679 τῆς
1616 4612 1957 4666 Κωνσταντι-

383 4703 692 4764 νουπόλεως
726 4701 1053 4772 Ἐκκλησίας
1083 4702 1416 4772 ἐπεϐόησανο
1449 4720 1467 4754 t
1491 4703 1694 4772 Ὀλίγοι
1725 4705 1956 4773 κράζον-

384 4812 490 4860 σιν,
529 4797 591 4849 οὐ
624 4796 770 4864 λέγει
841 4798 874 4866 ἡ
903 4796 1139 4858 σύνοδος.
1172 4815 1190 4847 ι
1234 4795 1372 4850 Μεθ’
1418 4795 1509 4861 οὓς
1545 4798 1593 4850 οἱ
1626 4797 1723 4868 τῆς
1777 4797 1852 4850 ἕω
1881 4796 1956 4851 εἷ-

382 4904 502 4953 πον,
543 4905 562 4938 ι
591 4889 697 4939 Τὸν
728 4889 1030 4955 Αίγύπτιον
1069 4891 1134 4959 τῇ
1185 4887 1391 4959 ὲξορίᾳ.
1433 4907 1452 4940 ι
1491 4890 1556 4942 Ol
1605 4890 1664 4942 δὲ
1704 4889 1955 4958 Ἰλλυριοὶ

380 4976 758 5045 ἐκραύγασαν
799 4995 817 5028 ι
845 4977 1113 5046 Δεόμεθα,
1137 4981 1343 5042 πάντας
1375 4979 1614 5050 ἐλέησον.
1649 5000 1666 5032 ι
1701 4981 1837 5034 Μεθ’
1861 4979 1955 5044 οὓς

381 5071 430 5120 οῖ
461 5069 795 5134 ἀνατολικοὶ,
853 5087 872 5121 ι
897 5071 1001 5122 Τὸν
1023 5070 1324 5138 Αἰγύπτιον
1349 5075 1416 5142 τῇ
1443 5073 1650 5144 ὲξορτᾳ.
1679 5091 1698 5124 ι
1724 5073 1955 5145 Ἐπξσης

381 5161 439 5213 δὲ
487 5163 582 5215 καὶ
627 5161 906 5232 Ἰλλυριῶν
952 5162 1254 5232 λεγόντων,
1296 5167 1345 5217 οί
1394 5166 1493 5234 τῆς
1540 5167 1952 5220 Κωνσταντὶνου

380 5255 755 5323 ἐκραύγασαν*
777 5256 910 5308 ιΤὸν
926 5256 1214 5327 Διόσκορον
1226 5260 1291 5327 τῇ
1322 5257 1624 5328 ὲξορίᾳ·τδν
1653 5259 1951 5326 Αίγύπτιον

378 5353 447 5417 τῇ
481 5346 687 5418 ὲξορὶᾳο
727 5348 816 5400 τὸν
840 5349 1116 5418 αἱρετικὸν
1137 5351 1203 5418 τῇ
1227 5349 1412 5420 ἐξορίᾳ
1433 5365 1445 5378 ·
1466 5351 1756 5420 Διόσκορον
1774 5353 1802 5403 ὁ
1818 5352 1954 5421 Χριο

380 5445 507 5507 att;
524 5445 820 5497 καθεῖλεν.»
843 5445 906 5497 Oi
933 5443 990 5496 δὲ
1005 5441 1276 5512 Ἰλλυριοὶ,
1297 5461 1316 5493 ι
1346 5444 1555 5505 Πάντες
1574 5444 1947 5515 ἡμάρτομεν.)

379 5533 567 5600 εἷπον,
611 5539 790 5591 σπᾶσι
839 5534 1217 5606 συγχώρησον,
1265 5535 1556 5604 Διόσκορον
1599 5539 1666 5608 τῇ
1719 5539 1950 5608 συνόδῳ·

379 5632 666 5698 Διοσκορον
712 5632 831 5689 ταῖς
870 5629 1209 5696 ἐκκλησίαις.
1245 5647 1262 5678 ι
1316 5629 1423 5680 Καὶ
1469 5629 1644 5681 ἄλλων
1688 5629 1744 5682 δέ
1787 5647 1950 5685 τινων

664 5795 907 5851 ΡΑτιιυι.
973 5795 1085 5849 tiu.
1121 5792 1312 5851 CXU
1341 5792 1417 5850 ll.

2063 4517 2314 4572 antitiste
2336 4514 2794 4586 congrederetur.
2843 4515 3010 4586 650
3051 4517 3118 4573 Et
3145 4517 3389 4590 episcopi
3441 4537 3638 4580 omnes

2063 4611 2258 4666 faustis
2281 4608 2778 4666 acclamationibus
2817 4609 2933 4664 ιιωο
2975 4611 3291 4674 laudarunt,
3324 4615 3641 4671 vociferan—

2066 4715 2179 4760 tes:
2224 4704 2360 4759 «Nos
2389 4705 2468 4759 sic
2497 4702 2777 4758 credimus
2802 4719 2821 4756 :
2851 4717 3047 4758 omnes
3071 4703 3142 4757 ita
3165 4706 3461 4772 credimus,
3489 4710 3636 4765 sicut

2063 4799 2194 4862 Leo,
2221 4801 2293 4854 ita
2311 4797 2606 4854 credimus.
2629 4796 2800 4851 Nemo
2829 4805 3075 4851 nostrum
3103 4797 3348 4870 ambigit.
3377 4799 3622 4857 Nosont-

2064 4906 2162 4946 nes
2201 4889 2683 4960 subscripsimus.»
2718 4888 2924 4944 Deinde
2948 4889 3112 4945 verba
3145 4887 3261 4943 hazc
3293 4891 3437 4947 dicta
3463 4907 3628 4952 sunt:

2071 5002 2089 5035 ι
2111 4983 2227 5038 Νοη
2256 4997 2480 5038 necesse
2511 4990 2594 5037 est
2622 4989 2681 5036 ut
2697 4995 2893 5042 omnes
2922 4979 3333 5036 conveniamus.
3363 4983 3633 5042 Cancrum

2062 5074 2320 5143 quoniam
2337 5090 2553 5144 tequum
2577 5082 2682 5138 est,
2697 5071 3097 5142 ambigentium
3117 5069 3278 5125 ﬁdem
3299 5074 3633 5140 conﬁrmari,

2063 5165 2506 5236 religiosissimus
2532 5165 2828 5235 episc0pus
2859 5162 3149 5217 Anatolius
3189 5176 3257 5217 ex
3286 5163 3628 5235 subscripto-

2063 5259 2215 5314 ribus
2242 5258 2464 5328 deligat,
2493 5272 2632 5327 quos
2663 5256 2732 5311 ad
2757 5255 3093 5326 ambigentes
3116 5255 3394 5312 docendos
3415 5257 3629 5328 judica-

2061 5354 2206 5410 verit
2238 5369 2360 5408 esse
2383 5351 2661 5407 idoneos.»
2688 5350 2768 5406 lbi
2791 5351 2883 5421 qui
2911 5351 2964 5404 in
2999 5351 3210 5422 synodo
3232 5364 3627 5415 convenerant.

2061 5448 2407 5502 intulerunt:
2437 5461 2456 5495 ι
2484 5443 2528 5499 Α
2553 5442 2805 5499 Patribus
2828 5443 3088 5512 petimus,
3117 5453 3179 5498 ut
3205 5443 3397 5498 Patres
3421 5446 3630 5514 synodo

2061 5537 2379 5599 restituant,
2441 5543 2502 5589 ut
2565 5549 2725 5590 voces
2775 5545 2829 5590 et
2860 5549 3056 5604 preces
3084 5535 3515 5588 orthodoxorum
3559 5533 3627 5586 ad

2060 5631 2444 5700 imperatorem
2472 5624 2750 5680 referant:
2783 5640 2972 5681 omnes
3019 5625 3395 5693 peccavimus,
3451 5623 3629 5676 οιιιιιί-

3117 5783 3149 5838 le
