4070 6204
448 300 555 368 109

1373 283 1973 355 ΕΕΟΙΕΒΙΛΞΤΞΟᾸΞ
2014 291 2405 354 IIiSTORLE
2447 290 2600 349 LIB.
2641 291 2766 351 XV.

3585 287 3684 352 llo

440 415 542 469 καὶ
575 409 708 481 περὶ
744 406 927 463 αὐτῶν
959 405 1069 460 τῶν
1099 404 1282 468 πέντε,
1315 402 1458 474 ὑπὲρ
1489 398 1565 460 ὧν
1600 404 1700 471 τὴν
1735 401 2012 472 παράκλη-

2120 410 2365 456 nostrum
2407 399 2476 454 de
2515 401 2619 464 eis,
2651 411 2709 455 et
2745 400 3074 456 sententiam
3108 400 3333 469 pietatis
3365 401 3485 475 ejus
3523 420 3689 474 expe~

448 522 536 558 σιν
581 500 848 565 ποιεῖσθε,
894 500 992 553 καὶ
1037 498 1257 552 πάντων
1283 495 1391 551 τῶν
1422 494 1831 565 πεπραγμένων
1859 496 1916 547 ὲν
1945 496 2012 563 τῇ

447 596 656 665 συνόδῳ
701 592 866 645 δώσει
916 589 1074 656 λόγον
1125 589 1204 659 τῷ
1238 587 1378 659 Θεῷ.
1418 606 1438 639 ι
1473 587 1909 657 Ἑπευφήμησαν
1930 584 2017 637 λέ-

446 704 639 757 γοντες
660 703 672 714 ·
714 702 733 736 ι
780 683 1076 755 Διόσκορον
1104 682 1133 734 ό
1168 680 1305 744 Θεὸς
1338 680 1559 733 καθεῖλε
1580 696 1594 712 ’
1623 681 1910 750 Διόσκορος
1940 679 2016 730 δι-

448 782 623 842 καίως
660 776 940 848 καθῃρέθη
968 789 983 804 ⁸
1033 774 1326 843 Διόσκορον
1355 772 1648 843 όνΧριστδς
1699 772 1941 825 καθεῖλε.
1991 789 2010 821 ι

448 872 562 939 Τῆς
592 868 637 923 δ’
667 868 775 921 ἀπὸ
800 865 1129 936 Μαρκιανοῦ
1179 864 1525 934 ἀποκρίσεως
1556 863 1889 934 ἐνεχθείσης.
1914 862 2014 913 κάμ-

451 961 653 1022 κείνοις
686 956 1092 1029 ἐπιτρεπούσης
1118 956 1187 1009 τὰ.
1215 955 1324 1008 τῶν
1366 956 1768 1027 καθῃρημένων
1795 954 2015 1007 ἐπισκό-

446 1073 591 1118 πων,
621 1054 696 1116 ὡς
743 1050 835 1105 διὰ
869 1051 978 1105 τῶν
1009 1049 1287 1120 ἀρχόντων
1320 1048 1586 1118 ἐδηλώθη.
1620 1049 1789 1101 ταῦτα
1819 1049 1852 1118 ἡ
1886 1046 2016 1100 σύν-

444 1146 563 1208 οδος
613 1144 710 1197 ἐπὶ
770 1141 969 1206 λέξεως
1030 1136 1199 1192 εἰπε·
1254 1158 1273 1191 ι
1324 1136 1764 1209 Παρακαλοῦμεν
1816 1136 2016 1199 αὐτοὺς

448 1235 736 1297 εἰσελθεῖν,
769 1234 898 1295 τοὺς
926 1229 1221 1302 ὁμοδόξους
1253 1234 1318 1301 τῇ
1366 1230 1591 1299 συνόδῳ,
1623 1229 1749 1290 τοὺς
1781 1227 2015 1297 ὁμόφρο-

446 1346 541 1389 νας
588 1328 654 1396 τῇ
708 1324 933 1391 συνόδῳ,
982 1322 1113 1385 τοὺς
1163 1321 1591 1390 ύπογράψαντας
1637 1322 1705 1390 τῇ
1755 1318 2012 1387 ἐπιστολῇ

445 1420 671 1478 Λέοντος
700 1418 767 1485 τῇ
801 1414 1025 1482 συνόδῳ.
1064 1432 1084 1465 ι
1131 1412 1256 1465 Ἐπὶ
1287 1412 1498 1475 τούτοις
1533 1411 1589 1463 αἱ
1618 1410 1900 1478 δεδομέναι
1932 1408 2017 1460 δε-

445 1514 600 1578 ήσεις
645 1508 961 1561 ἐπισκόπων
1016 1506 1114 1576 τῆς
1152 1504 1531 1573 Αἰγυπτιακῆς
1583 1503 1900 1573 διοικήσεως
1937 1501 2014 1574 τῷ

446 1601 660 1671 βασιλεῖ
688 1599 998 1672 Μαρκιανῷ
1019 1598 1379 1667 ἀναγνώσεως
1406 1597 1595 1667 ἔτυχον
1612 1611 1628 1627 ο
1655 1596 1710 1649 αἶ
1742 1595 1879 1667 πρὸς
1903 1595 2016 1663 τοῖς

444 1695 629 1758 ἄλλοις
662 1694 755 1747 καὶ
783 1691 953 1746 ταῦτα
980 1691 1047 1762 δὴ
1075 1694 1353 1763 περιεῖχον
1371 1697 1392 1720 ’⁸
1429 1707 1449 1742 ‹
1498 1689 1806 1760 Φρονούμεν
1832 1686 2016 1749 καθὼς

2116 502 2355 548 ctamus.
2396 491 2609 563 Religio
2655 502 2838 548 autem
2867 501 3049 548 vestra
3074 502 3129 547 et
3160 493 3231 550 de
3268 494 3558 560 Dioscoro,
3593 498 3682 552 cui

2116 585 2439 655 dignitatem
2464 599 2621 639 Sacra
2668 584 2953 655 majestate
2997 584 3272 655 nobisque
3299 587 3686 655 ignorantibus

2116 676 2448 747 abrogastis,
2475 686 2532 731 et
2558 676 2626 730 de
2659 678 2906 747 quinque
2937 678 3057 731 istis
3104 694 3203 748 pro
3232 679 3436 748 quibus
3479 683 3684 751 precati

2114 766 2269 830 estis,
2304 766 2540 835 denique
2567 768 2634 820 de
2654 766 2819 821 rebus
2842 767 2897 820 in
2925 766 3131 837 synodo
3146 766 3249 823 hac
3274 770 3442 838 gestis
3467 772 3684 826 univer-

2116 855 2215 921 sis,
2296 855 2408 909 Deo
2486 856 2757 913 rationem
2826 857 3040 912 reddet.
3092 877 3110 905 ι
3170 857 3507 914 Sententiam
3564 877 3681 915 eam

2116 948 2610 1005 acclamationibus
2687 951 2934 1021 episcopi
3004 952 3339 1021 probarunt,
3390 954 3677 1011 dicentes:

2121 1055 2141 1090 ι
2184 1040 2506 1096 Dioscorum
2539 1042 2684 1096 Deus
2735 1045 3136 1104 exauctoravit.
3192 1043 3486 1101 Dioscorus
3535 1047 3683 1117 juSte

2118 1130 2406 1186 abdicatus
2428 1142 2533 1199 est,
2558 1133 2824 1187 Dioscuro
2873 1135 3129 1190 Christus
3180 1136 3501 1206 dignitatem
3548 1138 3679 1191 ade-
3724 1144 3725 1147 ‘

2117 1225 2269 1278 mit.»
2304 1225 2596 1296 Postquam
2614 1241 2644 1280 a
2666 1228 2939 1282 Marciano
2973 1243 3297 1298 responsum
3324 1229 3545 1283 allatum
3572 1239 3680 1289 est,

2115 1328 2225 1381 quo
2252 1315 2524 1385 episcopis
2549 1316 2680 1387 quid
2711 1321 2775 1373 de
2807 1319 3179 1373 exauctoratis
3215 1318 3323 1373 illis
3350 1327 3679 1378 statuerent.

2114 1406 2275 1478 652
2304 1409 2576 1478 permisit,
2610 1410 2775 1466 sicuti
2805 1410 2910 1465 hoc
2934 1426 2963 1465 a
2988 1409 3333 1481 principibus
3376 1409 3679 1466 indicatum

2114 1510 2220 1568 est,
2254 1501 2498 1573 synodus
2528 1502 2635 1557 hoc
2666 1504 2745 1557 sic
2771 1503 2838 1557 ad
2863 1502 3091 1559 verbum
3124 1502 3264 1557 dixit
3293 1518 3308 1556 :
3350 1521 3367 1555 ι
3406 1502 3681 1572 Rogamus

2114 1610 2212 1653 eos
2244 1606 2303 1652 ut
2325 1597 2724 1667 ingrediantur,
2753 1598 3081 1668 synodoqui
3114 1597 3361 1668 ejusdem
3390 1595 3677 1651 nobiscum

2116 1690 2404 1743 sententiae
2443 1699 2572 1744 sunt
2604 1692 2989 1757 restituantur,
3044 1689 3253 1761 synodo
3308 1688 3406 1759 qui
3439 1703 3562 1743 cum
3616 1702 3677 1742 ea

444 1789 545 1841 καὶ
575 1788 627 1841 oi.
657 1786 961 1856 τριακόσιοι
986 1785 1121 1838 δέκα
1147 1787 1243 1841 καὶ
1266 1782 1412 1836 ὀκτὼ
1432 1785 1491 1835 ὲν
1510 1782 1717 1851 Nimia
1742 1780 2010 1845 ἐξέθεντο,

2115 1779 2259 1835 idem
2287 1780 2587 1850 opinantur
2610 1781 2935 1847 reddantur,
2962 1782 3029 1836 ad
3059 1781 3327 1852 synodum
3357 1780 3453 1851 qui
3483 1781 3681 1835 Leonis

445 1884 544 1936 καὶ
574 1883 602 1934 ό
634 1881 903 1950 μακάριος
946 1861 1288 1945 Ἀθανάσιος,
1317 1876 1414 1930 καὶ
1440 1876 1468 1928 ό
1499 1876 1557 1927 ὲν
1601 1874 1777 1942 ἁγίοις
1814 1871 2012 1942 Κύριλι

442 1974 558 2036 λος,
589 1971 1080 2040 ἀναθεματίζοντες
1106 1971 1287 2023 πᾶσαν
1313 1968 1546 2038 αἵρεσιν,
1570 1967 1672 2037 τήν
1704 1984 1763 2017 τε
1800 1965 2012 2035 Ἀρείου

445 2069 542 2119 καὶ
578 2065 866 2134 Εὐνομίου,
908 2065 999 2117 καὶ
1047 2063 1235 2135 Μάνου
1287 2062 1383 2113 καὶ
1430 2058 1751 2129 Νεστορίου.
1782 2057 2014 2110 καὶτῶν

443 2158 712 2226 λεγόντων
748 2155 807 2223 ἐξ
837 2154 1067 2226 ούρανοῦ
1102 2154 1199 2223 τὴν
1236 2153 1414 2221 σάρκα
1458 2150 1552 2204 τοῦ
1598 2149 1805 2215 κυρίου
1855 2148 2013 2219 ἡμῶν

442 2247 611 2315 εἶναι,
636 2250 734 2303 καὶ
760 2248 838 2318 μὴ
868 2249 933 2300 ὲκ
966 2246 1066 2316 τῆς
1109 2245 1270 2314 ἁγίας
1299 2244 1565 2297 Θεοτόκου
1602 2244 1695 2296 καὶ
1723 2242 2015 2309 ἁειπαρθέ-

442 2359 537 2394 νου
580 2339 812 2407 ¹Μαρίας
842 2335 965 2391 καθ’
1010 2336 1303 2405 ὁμοιότητα
1358 2334 1575 2386 πάντων
1630 2332 1790 2401 ἡμῶν
1843 2332 2013 2400 χωρὶς

444 2432 743 2499 ἁμαρτίας.
789 2447 809 2480 ι
840 2428 982 2498 Πρός
1016 2428 1160 2498 ἅπερ
1183 2428 1233 2480 oi
1258 2426 1355 2494 τῆς
1403 2424 1624 2477 συνόδου
1654 2422 1894 2492 ἔκραξαν
1927 2421 2013 2472 λέ-

441 2539 633 2593 γοντες
657 2538 672 2553 ·
708 2539 727 2573 ι
777 2521 851 2574 Τὸ
878 2519 1056 2589 δόγμα
1104 2516 1405 2587 Εὑτυχοῦς,
1429 2516 1517 2569 διὰ
1549 2514 1602 2568 τί
1636 2514 1713 2584 μὴ
1756 2514 1851 2566 καὶ
1883 2513 2014 2564 αὐτὸ

443 2614 826 2672 καθυπὲϐαλον
855 2612 1159 2683 ἁναθέματι
1186 2629 1201 2678 ;
1234 2612 1313 2681 Τῇ
1340 2610 1601 2679 ἐπιστολῇ
1629 2608 1858 2670 Λέοντος
1885 2605 2015 2657 ὑπο-

440 2700 656 2780 γράψαι
706 2706 1057 2775 ὀφείλουσιν⁹
1115 2702 1607 2773 ἁναθεματίζοντες
1657 2699 1891 2768 Εὑτυχεῖ
1921 2700 2015 2750 και

438 2800 555 2859 τοῖς
590 2796 858 2864 δόγμασιν
887 2791 1086 2862 αὐτοῦ,
1108 2790 1407 2844 σύνθωνται
1447 2790 1512 2858 τῇ
1544 2787 1805 2857 ἐπιστολῇ
1851 2786 2014 2839 Δέον-

441 2906 559 2953 τος.
608 2886 901 2950 Διαπαῖξαι
961 2885 1111 2954 ἡμᾶς
1176 2882 1461 2954 βούλονται
1519 2881 1616 2934 καὶ
1666 2877 1941 2932 ἀπελθεῖν.
1988 2895 2007 2928 ι

444 2984 593 3053 Πρὸς
622 2981 795 3036 ταῦτα
826 2980 876 3032 οἱ
899 2976 1192 3047 Αἰγύπτιοι
1214 2964 1515 3029 ἐπίσκοποι
1545 2968 1697 3026 εἷπον
1718 2988 1737 3004 ·
1769 2989 1787 3023 ι
1822 2970 2013 3024 Πολλοί

443 3074 587 3126 εἰσιν
617 3074 675 3126 ὲν
712 3072 976 3146 Αἰγύπτῳ
1009 3068 1301 3121 ἐπίσκοποι
1327 3081 1343 3098 ’
1383 3067 1480 3119 καὶ
1517 3066 1618 3117 οὐκ
1647 3062 1767 3130 ὲξδν
1795 3063 1926 3132 ἡμῖν
1953 3062 2014 3113 τὸ

2036 3116 2084 3180 C

2116 1871 2361 1941 epistola:
2386 1873 2840 1943 subscripserunt
2871 1883 3241 1929 revertantur.
3275 1893 3293 1926 ι
3335 1874 3527 1929 Postea
3553 1888 3679 1942 sup-

2115 1966 2288 2034 plices
2360 1968 2750 2036 episcoporum
2828 1963 3095 2036 Egyptim
3170 1967 3425 2024 dimcesis
3507 1968 3678 2023 libelli

2112 2058 2391 2113 Marciano
2417 2059 2610 2121 oblati,
2640 2059 2764 2114 lecti
2810 2072 2960 2123 sunt,
3000 2064 3057 2118 in
3093 2063 3297 2132 quibus
3327 2073 3524 2131 praeter
3572 2063 3677 2116 alia

2112 2146 2231 2203 haec
2291 2147 2483 2203 fuere:
2522 2167 2541 2202 ι
2592 2148 3067 2215 Quemadmodum
3108 2152 3339 2206 trecenti
3379 2152 3570 2206 decem
3622 2161 3680 2206 et

2112 2249 2237 2295 octo
2271 2241 2327 2295 in
2358 2241 2574 2296 Nicmna
2610 2242 2747 2297 urbe
2783 2241 2972 2297 Patres
3013 2246 3453 2313 promulgarunt,
3508 2245 3581 2299 ita
3625 2256 3681 2299 et

2115 2347 2217 2386 nos
2239 2331 2549 2386 sentimus:
2591 2339 2647 2386 et
2690 2332 3026 2386 anathemati
3064 2334 3392 2403 subjicimus
3423 2334 3677 2388 haeresim

2112 2439 2331 2479 onmem
2362 2425 2478 2479 Arii
2530 2434 2587 2479 et
2623 2424 2905 2489 Eunomii,
2937 2435 2993 2480 et
3039 2424 3270 2479 Manctis
3314 2433 3369 2479 ct
3414 2425 3675 2491 Nestorii,

2112 2527 2170 2572 et
2222 2532 2412 2581 eorum
2477 2517 2570 2587 (ιυί
2596 2518 2793 2573 dicunt
2846 2532 3069 2573 carnem
3132 2518 3348 2573 Domini
3386 2520 3558 2574 nostri
3610 2521 3680 2574 de

2112 2608 2253 2663 coelo
2292 2610 2532 2675 venisse,
2591 2618 2646 2664 et
2696 2625 2808 2664 non
2867 2625 2935 2665 ex
2986 2621 3177 2665 sancta
3241 2610 3336 2665 Dei
3398 2612 3680 2668 Genitrice

2112 2708 2279 2770 atque
2328 2709 2595 2770 perpetua
2661 2702 2870 2773 virgine
2919 2702 3086 2757 Maria
3141 2712 3478 2773 assumptam
3532 2720 3678 2770 esse,

2108 2788 2263 2863 juxta
2327 2792 2748 2848 similitudinem
2808 2794 3056 2849 omnium
3131 2806 3405 2859 nostrum,
3468 2796 3677 2867 absque

2112 2894 2357 2953 peccato.
2398 2902 2416 2935 ι
2449 2883 2650 2940 Adhaec
2676 2886 2919 2956 synodus
2946 2887 3261 2941 exclamans
3294 2887 3432 2942 dixit
3473 2905 3486 2941 :
3534 2888 3675 2944 «Cur

2114 2962 2432 3047 Eutychetis
2460 2977 2625 3032 etiam
2655 2976 2853 3048 dogma
2902 2980 3251 3035 anathemate
3294 2995 3402 3034 non
3441 2979 3679 3035 feriunt?

2119 3064 2376 3137 Epistolae
2410 3068 2607 3125 Leonis
2649 3069 2999 3125 subscribere
3049 3069 3276 3137 debent,
3314 3072 3675 3143 Eulychctem

440 3165 555 3216 τῶν
609 3159 1148 3231 ἀπολιμπανομένων
1205 3154 1569 3221 ἀναδέξασθαι
1623 3155 1936 3225 πρόσωπον.
1983 3172 2004 3207 ι

2114 3164 2170 3213 et
2218 3156 2469 3229 dogmata
2511 3160 2634 3231 ejus
2678 3159 3031 3216 anathemate
3070 3161 3422 3231 jugulantes;
3477 3163 3678 3218 Leonis

442 3256 554 3309 Kal
588 3253 801 3307 ἱκεσίαν
830 3254 896 3322 τῇ
930 3250 1136 3318 συνόδῳ
1171 3248 1475 3319 προσῆγον,
1498 3246 1591 3300 τὸν
1616 3246 1799 3300 αὐτῶν
1826 3246 2011 3318 ἀρχιε-

444 3349 718 3401 πίσκοπον
752 3344 1093 3414 περιμένειν,
1123 3341 1200 3405 ὡς
1228 3341 1294 3395 ἂν
1314 3343 1380 3411 τῇ
1404 3339 1617 3394 ἐκείνου
1646 3337 1843 3411 γνώμῃ
1867 3338 2010 3393 κατὰ

442 3442 506 3493 τὸ
538 3436 817 3492 συνοδικὸν
841 3437 959 3499 ἔθος
995 3434 1254 3505 ἕψωνται.
1287 3433 1350 3485 Εί
1380 3433 1488 3503 γὰρ
1538 3431 1643 3501 πρὸ
1662 3430 1761 3500 τῆς
1792 3427 1886 3482 τοῦ
1916 3444 2011 3482 κα-

440 3532 749 3601 θηγεμόνος
806 3528 1004 3600 βουλῆς
1038 3544 1093 3582 τι
1138 3524 1461 3596 προαχθῶσι
1490 3523 1718 3594 πρᾶξαι,
1742 3521 2011 3575 ἐπιθεῖναι

444 3626 630 3686 αὐτοῖς
689 3622 815 3685 τοὺς
870 3621 970 3691 τῆς
1019 3616 1290 3690 ἐπαρχίας
1335 3615 1693 3678 ἐπισκόπους.
1729 3615 1939 3682 Πολλῆς
1966 3612 2012 3666 δ’

438 3714 619 3785 ἔριδος
650 3711 855 3784 μεταξῦ
882 3711 1109 3765 ἐκείνων
1158 3710 1250 3762 καὶ
1284 3708 1386 3778 τῆς
1448 3706 1671 3760 συνόδου
1709 3705 2011 3777 γεγενημέ-

442 3823 562 3873 νης,
594 3805 749 3874 μόλις
775 3802 994 3872 ἐνεδόθη
1025 3803 1207 3865 αὐτοῖς
1234 3801 1338 3864 ἕως
1366 3792 1428 3853 οὗ
1454 3799 1756 3861 ἐπίσκοπος
1780 3797 2013 3861 ἐκείνοις

442 3894 880 3968 προχειριοθείη.
930 3889 1064 3947 Εἶτα
1092 3893 1306 3962 δεήσεις
1331 3889 1496 3945 τινῶν
1527 3889 1778 3960 μοναχῶν
1829 3889 2013 3959 παρή-

442 4008 642 4061 γοντοο
685 3984 760 4045 ὧν
792 3989 853 4043 τὸ
904 3985 1201 4056 κεφάλαιον
1229 3982 1318 4056 ἦν,
1368 3984 1442 4055 μὴ
1490 3982 1719 4050 ἐπάγειν
1767 3981 2012 4050 ἀνάγκην

440 4085 639 4147 αὐτοὺς
675 4084 907 4151 χάρταις
961 4077 1416 4146 καθυπογρὰφειν
1472 4077 1605 4139 τισὶ,
1638 4074 1833 4143 μέχρις
1874 4071 1942 4126 ἂν
1976 4073 2009 4143 ή

442 4178 593 4230 πᾶσα
646 4172 866 4234 σύνοδος
904 4168 1247 4241 ἁθροισθείη,
1296 4167 1366 4238 ἢν
1422 4166 1679 4228 ἐθέσπιζε
1733 4163 2008 4235 βασιλεὺς,

442 4268 538 4319 καὶ
562 4268 629 4317 τὰ
659 4262 1018 4333 τετυπωμένα
1045 4258 1227 4322 καλῶς
1257 4256 1483 4327 διαγνῷ.
1510 4248 1611 4307 Ὧν
1646 4254 2011 4324 ἀναγνωσθει-

443 4356 575 4416 σῶν,
603 4353 858 4423 Διογένης
879 4351 1181 4414 ἐπίσκοπος
1212 4348 1457 4411 Κυζίκου
1489 4348 1711 4401 ἀνεῖπεν
1740 4346 1837 4398 ’ἐνα
1869 4340 2009 4398 εἶναι

2115 3249 2364 3319 epistolae
2391 3250 2765 3305 consentiant.
2804 3250 3041 3305 ltludere
3086 3253 3247 3308 nobis
3285 3264 3342 3309 et
3396 3254 3678 3310 discedere

2114 3341 2326 3395 volunt.
2364 3359 2383 3392 ι
2420 3341 2497 3396 lbi
2524 3351 2638 3397 tum
2667 3340 2905 3413 Egyptii
2926 3344 3165 3414 episcopi
3198 3347 3430 3402 dixere:
3474 3366 3492 3398 ι
3526 3349 3675 3403 Multi

2114 3440 2241 3487 sunt
2282 3432 2334 3487 in
2373 3431 2607 3504 Egypto
2641 3436 2886 3506 episcopi
2928 3454 2943 3491 :
2972 3452 3151 3507 neque
3181 3440 3363 3506 nobis,
3392 3450 3451 3495 ut
3483 3458 3674 3497 eorum

2114 3539 2403 3594 personam
2429 3527 2522 3595 qui
2563 3526 2763 3580 absunt
2788 3527 3178 3594 sustineamus,
3213 3530 3483 3602 integrum
3515 3542 3618 3588 est.
3653 3554 3670 3587 ο

2096 3613 2188 3668 Ἐι
2220 3616 2441 3685 synodo
2463 3615 2867 3685 supplicarent,
2900 3625 2959 3670 ut
2983 3617 3086 3682 eis,
3109 3619 3289 3689 quoad
3310 3621 3677 3691 archiepisco-

2114 3718 2243 3772 pum
2278 3719 2437 3758 suum
2480 3704 2771 3770 baberent,
2805 3717 3122 3777 exspectare
3166 3709 3405 3775 liceret,
3457 3722 3650 3768 senteu

2115 3796 2243 3849 tiam
2285 3806 2339 3850 et
2398 3796 2783 3852 auctoritatem
2865 3798 3035 3865 illius,
3103 3800 3259 3870 juxta
3339 3806 3670 3872 synodorum

2114 3889 2598 3955 consuetudinem,
2659 3891 2958 3945 secuturis.
3014 3889 3072 3944 Si
3128 3893 3275 3946 enim
3312 3905 3511 3962 praeter
3560 3898 3679 3967 ejus

2110 3980 2405 4035 consilium
2458 3980 2553 4050 qui
2613 3981 2692 4036 eis
2741 3982 2998 4052 praeiret,
3048 3993 3294 4039 statuere
3344 3995 3438 4040 aut
3496 3987 3681 4043 facere

2113 4072 2413 4142 quidquam
2447 4071 2500 4126 in
2530 4073 2717 4127 animo
2744 4071 3092 4139 inducerent,
3125 4075 3265 4129 male
3296 4089 3354 4129 sc
3390 4092 3418 4129 a
3457 4080 3680 4145 provin-

2113 4165 2211 4221 cia:
2268 4178 2382 4221 suae
2429 4164 2705 4235 episcopis
2751 4174 3040 4234 acceptum
3102 4164 3212 4226 iri,
3269 4167 3548 4222 dixerunt.
3614 4170 3680 4223 Et

2113 4274 2309 4331 magna
2349 4260 2496 4313 inter
2541 4274 2636 4314 eos
2674 4266 2734 4313 et
2774 4257 3045 4327 synodum
3092 4260 3449 4314 contentione
3508 4271 3675 4326 mota,

2112 4353 2202 4404 vix
2236 4350 2455 4405 tandem
2490 4350 2593 4415 eis,
2628 4360 2687 4403 ut
2717 4350 2894 4419 quoad
2918 4348 3211 4418 episcopus
3240 4352 3323 4404 eis
3358 4351 3675 4423 designare-

441 4442 666 4495 ἐκείνων
697 4440 1045 4511 Βαρσουμᾶν,
1079 4437 1242 4492 αὐτὸν
1274 4438 1382 4507 γὰρ
1418 4435 1644 4505 κράξαι,
1688 4434 1920 4504 Σφάξον,
1948 4433 2006 4497 ὃς

2113 4450 2222 4509 tur,
2250 4449 2651 4510 exspectarent,
2698 4454 3026 4494 concessum
3073 4449 3180 4495 est.
3227 4440 3436 4497 Deinde
3484 4461 3678 4513 preces

443 4532 638 4600 σφάξοι
669 4528 966 4583 Φλαὸιανόν
988 4545 1001 4558 ·
1048 4530 1142 4581 καὶ
1177 4526 1253 4597 μὴ
1285 4526 1360 4589 ὡς
1395 4525 1540 4586 εἰκὸς
1579 4525 1787 4577 εἰσόδου
1820 4526 2010 4593 τυχεῖν

445 4626 521 4695 μὴ
550 4624 873 4693 ἐγκείμενος
905 4621 1027 4684 ταῖς
1056 4620 1306 4690 δεήσεσιν
1332 4632 1348 4648 ο
1372 4612 1452 4680 οἷς
1481 4618 1787 4687 ἐπεϐόησαν
1809 4616 2010 4678 πάντες

440 4717 492 4768 οἱ
520 4716 831 4778 ἐπίσκοποι,
867 4730 885 4763 ι
917 4713 1098 4764 Πᾶσαν
1121 4709 1318 4780 Συρίαν
1343 4708 1669 4778 Βαρσουμᾶς
1704 4708 1966 4776 ἠφάνισεν
1992 4721 2007 4736 ·

443 4809 724 4877 Ξπήγαγεν
757 4805 889 4875 ἡμῖν
918 4802 1121 4873 χιλίους
1167 4801 1503 4871 μονάζοντας
1527 4814 1573 4852 ἰ
1603 4800 1698 4852 καὶ
1728 4798 1888 4867 λόγου
1920 4815 2009 4867 γε·

442 4897 671 4963 νομένου
697 4893 823 4955 τοὺς
874 4888 1301 4961 συνεληλυθότας
1351 4889 1644 4958 ἀναμεῖναι
1674 4889 1772 4957 τὴν
1800 4887 2009 4941 συνοδι-

440 4987 545 5057 κὴιο
573 4985 933 5047 διατύπωσιν,
977 4983 1029 5036 ol
1077 4982 1305 5052 μοναχοὶ
1357 4980 1710 5049 κατηξίωσαν
1733 4977 1862 5041 τοὺς
1885 4995 2010 5031 συν-

440 5076 697 5138 τεθέντας
726 5074 934 5137 τούτοις
961 5072 1236 5136 λιϐέλλους
1260 5069 1676 5139 ἅιαγνωσθῆναι
1697 5086 1712 5102 ·
1736 5064 1814 5124 ὢν
1840 5070 2011 5142 μέρος

438 5165 531 5241 ἦν,
560 5168 702 5222 ὥστε
733 5168 1025 5237 Διόσκορον
1048 5167 1159 5236 ξκαὶ
1186 5165 1314 5228 τοὺς
1351 5166 1449 5217 σὺν
1498 5163 1647 5234 αύτῷ
1678 5146 2011 5224 ἐπισκόπους

2110 4533 2501 4588 monachorum
2530 4532 2895 4605 quorumdam
2926 4531 3211 4601 productae
3257 4543 3408 4594 sunt.
3441 4552 3673 4605 quarum

2110 4625 2227 4679 haec
2258 4634 2378 4678 erat
2400 4639 2633 4689 summa,
2662 4640 2732 4679 ne
2761 4614 2844 4680 eis
2867 4628 3173 4681 necessitas
3221 4627 3427 4683 chartis
3481 4631 3675 4700 aliqui-

2110 4716 2213 4770 bus
2272 4716 2659 4771 subscribeudi
2729 4718 3133 4788 imponeretur,
3202 4719 3382 4777 donec
3431 4725 3675 4793 synodus

2112 4810 2385 4873 universa,
2411 4824 2577 4877 quam
2628 4810 2931 4879 imperator
2962 4810 3080 4881 ipse
3119 4812 3416 4881 cogendam
3466 4818 3673 4869 sanxis-

2110 4909 2214 4964 εει,
2281 4908 2612 4971 congregata
2666 4910 2837 4966 esset,
2894 4911 2951 4957 et
2999 4904 3223 4958 decreta
3274 4906 3395 4975 ejus
3452 4907 3557 4960 rite
3615 4908 3672 4961 in

2111 4993 2380 5063 scriptum
2412 4994 2584 5049 relata
2609 4995 2890 5066 recognita
2940 5004 3145 5050 essent.
3202 4996 3292 5049 Eis
3335 4997 3508 5063 lectis,
3553 4999 3675 5053 Dio-

2111 5101 2277 5155 genes
2322 5086 2616 5156 episcopus
2663 5087 2846 5158 Cyzici
2896 5088 3057 5153 dixit,
3118 5089 3438 5144 Barsumam
3507 5108 3676 5145 unum

2110 5176 2253 5230 inter
2280 5190 2377 5230 eos
2403 5176 2497 5246 qui
2527 5176 2605 5230 ibi
2639 5177 3029 5233 convenissent
3056 5194 3197 5242 esse,
3232 5180 3324 5248 qui
3358 5180 3678 5236 Flavianum

438 5263 519 5330 τῷ
571 5259 833 5330 συνεδρίῳ
864 5259 1227 5331 παραϐαλεῖν,
1260 5257 1403 5327 Πρὸς
1434 5254 1493 5309 δὲ
1520 5255 1696 5310 ταῦτα
1729 5255 1930 5317 πάντες
1959 5257 2007 5308 οί

2113 5265 2455 5336 iugulaverit.
2488 5264 2673 5335 Ipsum
2706 5266 2877 5333 enim,
2903 5266 3135 5336 Σφάξον,
3181 5267 3287 5324 Ιιοε
3328 5278 3434 5333 est,
3478 5269 3677 5341 Jugula

440 5356 738 5408 ἐπίσκοποι
774 5352 1089 5424 ἔπεδόησαν
1116 5367 1131 5383 ο
1164 5369 1183 5403 ι
1227 5349 1503 5421 ’Δνόιθεμα
1527 5348 1825 5419 Διοσκόρῳ.
1855 5348 2010 5403 Διόσ-

442 5462 606 5517 κορον
630 5450 659 5500 ό
694 5446 931 5516 Χριστὸς
970 5444 1212 5499 καθεῖλε.
1252 5442 1492 5506 Τούτους
1524 5441 1629 5509 ἔξω
1659 5441 1808 5512 βάλε.
1841 5437 2011 5511 Ἀρον

443 5538 599 5611 ὕϐριν
651 5539 754 5608 τῆς
812 5538 1069 5591 συνόδουο
1101 5534 1235 5604 ἆρον
1285 5535 1408 5606 βίαν
1456 5536 1554 5606 τῆς
1590 5534 1845 5587 συνόδου·
1875 5530 2010 5606 ἆρον

443 5630 631 5703 αἶσχος
678 5636 782 5704 τῆς
822 5634 1062 5689 συνόδου.
1103 5651 1123 5685 ι
1176 5634 1319 5704 Πρὸς
1354 5632 1391 5686 ἃ
1423 5632 1471 5685 οί
1505 5629 1726 5702 μοναχοὶ
1778 5631 2012 5683 ἀντιτεί-

447 5746 627 5793 νοντες
655 5729 888 5799 ἔκραζον
909 5743 923 5757 ·
971 5746 990 5781 ι
1036 5724 1207 5799 ’Δρον
1238 5727 1396 5797 ὓϐριν
1420 5725 1527 5781 τῶν
1558 5724 2000 5796 μοναστιῖρίων.ι

2109 5357 2445 5411 exclamasse
2477 5371 2491 5409 :
2525 5371 2704 5425 neque
2731 5365 2846 5411 turn
2876 5357 3143 5428 legitime,
3168 5358 3315 5428 quod
3355 5359 3409 5412 in
3439 5359 3674 5429 supplici

2111 5451 2296 5507 libello
2319 5450 2641 5504 nominatim
2665 5449 2909 5505 insertus
2945 5464 3053 5504 non
3098 5460 3266 5515 esset,
3309 5450 3363 5505 in
3407 5450 3676 5522 synodum

2114 5543 2349 5597 venisse.
2368 5542 2446 5596 Ad
2474 5542 2589 5596 haec
2605 5542 2763 5597 verba
2783 5543 3025 5614 episcopi
3049 5559 3242 5599 omnes
3263 5544 3635 5597 exclamarnnt
3659 5556 3673 5593 :

2119 5650 2136 5683 ι
2167 5631 2380 5702 Syriam
2416 5649 2634 5689 omnem
2653 5634 2944 5691 Barsumas
2973 5637 3226 5697 vastavit,
3252 5643 3307 5688 et
3341 5634 3489 5688 mille
3521 5632 3681 5686 ambis

2114 5728 2410 5781 monachos
2437 5726 3073 5800 induxitJ653Atquc
3107 5729 3198 5784 ubi
3237 5727 3475 5796 synodus
3505 5726 3676 5780 inter-
