4074 6208
366 250 471 317 117

1276 246 1876 307 ΕσΟιΕεΙοΛΞΤΙΓᾸΞ
1912 245 2303 306 IUSTORHI‘.
2346 248 2488 309 LIB.
2532 249 2680 313 XVI.

3546 249 3642 311 138

364 368 556 419 lxav’v
616 361 754 419 εἶναι
788 366 885 434 τὴν
921 365 1013 416 ἐπὶ
1068 364 1135 417 τὰ
1191 365 1361 433 χείρω
1408 362 1581 429 ῥοπὴν
1618 358 1780 413 αὐτοῦ
1832 361 1949 412 ἐπι·

2072 360 2528 427 corrnmpendum
2582 362 2869 431 permisit,
2922 372 2984 417 ut
3026 362 3167 416 nihil
3217 376 3443 430 prorsus
3482 372 3635 415 esset

367 461 551 526 σχεῖν·
584 455 701 506 ἀλλ’
741 453 917 517 οὕτως
967 452 1470 522 ὲμπολιτεύσασθαι
1522 453 1636 511 τοῖς
1680 450 1943 518 αἰσχροῖς,

363 549 440 608 ὡς
476 547 569 598 καὶ
594 546 657 597 τὸ
680 547 865 615 κρύφα
890 543 985 595 καὶ
1013 544 1072 595 ὲν
1101 540 1437 611 παραϐύστῳ
1464 539 1597 609 δρᾷν
1624 540 1692 590 τὰ
1720 538 1948 591 τοιαῦτα

364 639 681 708 λογίζεσθαι
733 635 1020 708 χαμερπὲς
1067 628 1181 687 οἷον
1214 634 1310 686 καὶ
1332 633 1555 700 ἀγεννές
1582 648 1596 663 ·
1646 632 1707 685 τὸ
1744 631 1787 683 δ’
1822 632 1949 682 ἀνα-

369 732 566 800 φανδδν
595 731 687 784 καὶ
719 730 794 794 ὼς
829 732 894 784 ἂν
924 730 1070 782 είποι
1092 746 1177 790 τις
1206 727 1263 792 ea
1296 728 1542 780 ἀπόπτου
1572 725 1665 780 καὶ
1690 724 1948 795 αἰσχύνης

370 825 501 877 ἄνευ
534 821 814 892 βασιλικὸν
840 819 1031 890 ῶσπερ
1062 820 1158 871 καὶ
1188 818 1589 887 αὐτοκράτορος
1635 816 1806 881 ἄξιον,
1832 814 1952 866 δου-

372 915 665 986 λοπρεπῶς
694 913 895 984 κρίνων
917 912 1012 967 καὶ
1057 912 1181 965 λίαν
1214 910 1595 972 ἐπικινδύνως.
1646 907 1789 976 Ἐγὼ
1815 905 1859 959 δ’
1886 905 1952 959 ἂν

377 1008 546 1076 φαίην
567 1007 626 1059 οὐ
659 1005 1027 1075 γνωρίζεσθαι
1047 1006 1139 1056 τὸν
1164 1002 1241 1065 ὡς
1255 1002 1472 1070 ἀληθῶς
1493 1000 1869 1070 αὐτοκράτορα
1895 998 1953 1062 ἐξ

374 1092 450 1150 ὧν
475 1099 675 1165 ὲτὲρων
709 1097 930 1166 κρατεῖν
961 1096 1224 1163 πέφυκεν.
1258 1092 1373 1147 ἀλλ’
1404 1093 1462 1158 ἐξ
1488 1087 1561 1145 ὧν
1589 1090 1785 1143 ἑαυτοῦ
1816 1089 1953 1158 μᾶλ-

377 1188 471 1241 λον
505 1188 694 1257 ἄρχειν
720 1205 778 1240 τε
808 1188 903 1241 καὶ
930 1188 1234 1251 δεσπόζειν,
1265 1186 1359 1238 καὶ
1393 1186 1467 1253 μή
1511 1202 1560 1237 τι
1591 1183 1699 1235 τῶν
1731 1184 1952 1251 φαύλων

380 1280 561 1347 ἑαυτῷ
611 1280 969 1348 παρεισδῦνον
1031 1281 1164 1349 ὲᾷνο
1199 1278 1493 1331 κάντεῦθεν
1544 1280 1813 1341 ἀνάλωτος
1845 1279 1953 1339 τοῖς

380 1374 605 1435 ἀτόποις
641 1374 746 1424 τῶν
778 1371 956 1442 ἔργων
983 1370 1360 1442 χρηματίζων,
1395 1371 1489 1423 καὶ
1533 1370 1641 1421 τῶν
1670 1370 1954 1437 ἀκρασιῶν

376 1464 452 1527 ὡς
493 1464 831 1535 πορρωτέρω
878 1463 1185 1532 γινόμενος,
1219 1461 1466 1531 ἔμψυχον
1497 1460 1687 1531 ὥσπερ
1732 1460 1958 1528 ἄγαλμα

380 1557 487 1608 τῶν
526 1555 738 1625 ἀρετῶν
770 1554 1097 1622 κατασταίη,
1135 1553 1361 1624 σύμπαν
1402 1555 1464 1605 τὸ
1495 1554 1601 1606 ὑπὸ
1629 1554 1787 1622 χεῖρα
1824 1550 1957 1619 πρὸς

385 1649 620 1716 μίμησιν
672 1646 869 1701 ἕλκων.
928 1645 989 1699 Ὀ
1043 1645 1101 1699 δὲ
1142 1648 1261 1706 ταῖς
1301 1646 1517 1717 ἡδοναῖς
1562 1645 1754 1698 ἑαυτὸν
1787 1643 1960 1711 ἐφιεὶς

2057 451 2202 521 quod
2240 452 2501 520 itnpctum
2533 453 2651 519 ejus
2692 454 2744 506 itt
2778 453 3023 508 facinora
3058 454 3337 507 teterrima
3390 452 3643 521 inhibere

2061 552 2271 614 posset.
2330 544 2406 597 lta
2461 544 2735 613 siquidem
2791 545 3047 615 turpibus
3093 545 3313 613 ﬂagitiis
3356 561 3415 599 se
3456 554 3644 597 conta-

2061 636 2313 699 ninavit,
2353 646 2407 689 ut
2441 637 2804 700 existimaret,
2840 637 2884 691 si
2927 638 3067 691 clam
3099 639 3242 691 intra
3276 637 3438 706 regite
3471 652 3640 707 pene-

2063 728 2219 781 tralia
2275 730 2485 782 scelera
2545 738 2823 797 patraret,
2884 730 3185 784 obscurum
3243 730 3293 782 id
3348 740 3404 784 et
3457 730 3644 783 minus

2060 836 2390 889 generosum
2430 837 2575 875 esse.
2620 822 2714 877 Sin
2750 822 3053 891 publicitus
3098 832 3153 876 et
3185 833 3373 891 aperte
3412 821 3465 877 in
3509 837 3645 875 con-

2061 921 2253 979 Specto
2307 914 2555 967 omnium
2611 913 2819 983 absque
2870 914 3081 983 pudore
3131 914 3280 967 omni
3337 911 3645 984 ﬂagitiosus

2061 1016 2239 1070 esset,
2282 1006 2333 1058 id
2377 1006 2598 1059 demum
2636 1007 2883 1077 principe
2928 1014 2982 1059 et
3029 1006 3360 1074 imperatore
3413 1004 3640 1075 dignum

2063 1114 2184 1152 esse
2223 1100 2463 1153 censuit.
2511 1100 2667 1164 Quod
2720 1100 2809 1152 ille
2853 1098 2931 1154 sic
2963 1098 3237 1153 serviliter
3265 1098 3558 1153 admodum
3588 1108 3645 1153 et

2063 1192 2374 1263 periculose
2416 1192 2722 1244 arbitratus
2771 1200 2873 1244 est.
2921 1190 3029 1259 Ego
3054 1205 3188 1243 vero
3223 1189 3456 1243 dixerim
3482 1232 3496 1255 ,
3532 1206 3645 1245 non

2064 1298 2129 1335 ex
2175 1296 2241 1335 eo
2275 1297 2464 1333 νιιι-ιιιιι
2518 1282 2951 1349 imperatorem,
3002 1278 3095 1347 qui
3148 1278 3362 1347 legibus
3410 1280 3645 1342 Solutus,

2065 1370 2293 1425 arbitrio
2342 1370 2455 1439 ipse
2507 1386 2607 1424 suo
2638 1372 2818 1427 vivat.
2856 1367 3003 1439 quod
3037 1368 3162 1423 aliis
3203 1368 3463 1437 imperet,
3498 1370 3650 1423 a-sti.

2068 1462 2207 1517 mari
2233 1481 2245 1516 :
2274 1479 2467 1517 verum
2495 1462 2537 1515 si
2568 1463 2621 1519 in
2649 1462 2891 1531 seipsum
2922 1461 3109 1530 potius
3134 1470 3461 1531 potestatem
3492 1477 3654 1515 exer-

2062 1565 2205 1621 ceat,
2245 1570 2424 1623 neque
2463 1554 2619 1623 pravi
2649 1554 2947 1621 quidquam
2987 1554 3231 1606 animum
3264 1568 3425 1606 suum
3462 1554 3651 1607 subire

2070 1648 2253 1703 sinat:
2293 1646 2441 1700 unde
2477 1646 2568 1699 ille
2602 1644 2869 1699 adversus
2905 1645 3207 1699 foeditatem
3246 1654 3300 1697 ct
3343 1644 3649 1713 turpitudi-

382 1711 668 1792 λξινθάνειν
704 1739 851 1791 δοκεῖ
902 1755 993 1809 μοι
1034 1711 1641 1808 τρίδουλοςναίσχιστος,
1679 1736 1711 1805 ἢ
1761 1733 1959 1802 δορυά-

2072 1758 2190 1797 netn
2248 1743 2520 1807 invictus,
2557 1750 2613 1795 et
2643 1756 2673 1793 a
2724 1740 2953 1794 libidine
2993 1740 3142 1792 omni
3188 1739 3441 1803 alienus,
3482 1739 3648 1809 662

384 1830 552 1892 λωτος
582 1831 700 1891 ταῖς
732 1829 871 1882 κατὰ
901 1829 1105 1899 μικρὸν
1139 1828 1234 1881 ἐπὶ
1280 1827 1349 1881 τὰ
1380 1827 1549 1898 χείρω
1586 1828 1784 1895 ῥοπαῖς
1815 1824 1961 1891 γινό-

389 1940 567 1993 μενος,
604 1922 908 1992 καθαπερεί
933 1940 1015 1985 τις
1049 1924 1268 1993 ἀχρεῖος
1296 1921 1481 1984 δοῦλος
1508 1918 1738 1990 συχνοὺς
1767 1918 1962 1972 δεσπό-

387 2035 485 2079 τας
525 2018 771 2086 ἀμείϐων
794 2035 809 2050 ο
908 2017 971 2087 δὴ
1005 2017 1098 2070 καὶ
1122 2016 1356 2085 ἀριθμὸν
1398 2014 1827 2085 ὑπερϐαίνουσαι
1856 2011 1964 2063 τῶν

389 2110 591 2179 ἡδονῶν
622 2110 677 2161 αἱ
730 2109 1009 2161 δέσποιναι
1054 2108 1377 2169 καθεστᾶσι,
1420 2104 1497 2175 τῷ
1543 2103 1966 2173 ἀλληλοδιαδόχῳ

390 2204 485 2255 καὶ
537 2204 750 2271 συνεχεῖ
813 2203 909 2273 τῆς
973 2201 1275 2270 μοχθηρίας
1338 2198 1541 2269 ἣκιστα
1614 2196 1750 2267 πρὸς
1810 2196 1966 2256 τέλος

388 2296 631 2362 ἀφιεῖσαι
670 2292 864 2358 ἐλθεῖν,
927 2293 1080 2344 ἐσαεὶ
1114 2290 1213 2358 τῆς
1265 2292 1323 2342 ὲν
1376 2287 1565 2359 χερσὶν
1619 2286 1816 2357 ἡδονῆς
1868 2287 1967 2357 οὐχ

393 2386 711 2455 ίσταμένης,
750 2383 947 2437 ὡσανεὶ
973 2382 1020 2435 δ’
1061 2382 1399 2451 ὑπέκκαυμα
1442 2380 1535 2432 καὶ
1578 2377 1869 2450 προοίμιον
1902 2380 1968 2448 τῇ

392 2479 591 2547 ἑφεξῆς
621 2477 936 2547 γινομένης,
987 2476 1084 2529 καὶ
1123 2475 1210 2527 ἀεὶ
1263 2471 1711 2544 μνηστευομένης
1741 2472 1808 2526 τὰ
1853 2472 1970 2540 χεί-

394 2587 543 2640 ρονα.
567 2570 678 2623 Καὶ
705 2568 863 2622 τοῦτο
893 2567 1077 2637 δεήσει
1108 2567 1446 2637 προϐαίνειν,
1478 2566 1581 2628 ἕως
1611 2559 1671 2619 οὗ
1698 2564 1970 2634 αὐτοκρὰ·

392 2679 506 2731 τωρ
542 2678 627 2725 τις
684 2661 901 2731 ἀληθῶς
958 2659 1217 2729 γένηται·
1252 2663 1346 2712 καὶ
1398 2659 1500 2730 τὴν
1545 2659 1655 2712 τῶν
1710 2659 1972 2713 ποικίλων

397 2754 598 2819 ἡδονῶν
636 2752 1029 2822 ὀχλοκράτειαν
1066 2750 1210 2803 οὕτω
1261 2749 1638 2821 ξενηλατήσοι.
1670 2750 1809 2803 ὥστε
1853 2767 1973 2803 του-

397 2844 585 2898 λοιποῦ
620 2842 949 2915 βασιλεύειν,
1000 2843 1141 2897 ἀλλά
1192 2847 1265 2912 μη
1300 2843 1684 2913 τυραννεῖσθαι
1735 2843 1974 2904 ἐκείναις

400 2938 431 3006 ἢ
497 2939 615 3000 ταῖς
694 2938 835 2989 κατὰ
900 2938 1096 3007 μικρὸν
1159 2934 1463 3005 ὑποθήκαις
1537 2934 1612 3003 τῷ
1684 2933 1813 3004 λείῳ
1875 2933 1976 3002 τῆς

2065 1832 2294 1904 perinde
2319 1842 2481 1901 atque
2515 1832 2757 1884 animata
2788 1830 3056 1883 virtutum
3085 1829 3312 1898 elligics.
3340 1830 3493 1884 cives
3522 1832 3653 1883 sub-

2069 1928 2325 1996 ditosque
2369 1939 2501 1977 suos
2544 1923 2837 1977 universos
2872 1920 2939 1974 ad
2992 1919 3355 1973 imitationem
3405 1920 3489 1974 sui
3527 1936 3652 1988 per-

2066 2019 2271 2073 trahat.
2301 2017 2403 2083 Qui
2430 2032 2562 2071 vero
2584 2013 2963 2083 voluptatibus
2983 2027 3043 2067 se
3070 2011 3367 2076 dediderit,
3397 2012 3651 2080 ignorare

2064 2112 2199 2165 mihi
2237 2110 2476 2172 tidetur,
2506 2122 2727 2162 servum
2759 2120 2816 2160 se
2844 2105 3092 2159 onmium
3129 2103 3521 2159 lmdissimum.
3555 2118 3584 2154 a
3634 2112 3653 2155 t

2067 2203 2402 2273 mancipium
2428 2241 2443 2267 ,
2478 2211 2701 2272 propter
2764 2208 3041 2254 momenta
3073 2212 3137 2251 ea
3170 2180 3373 2265 quibus
3401 2194 3467 2247 ad
3503 2195 3653 2248 dete-

2070 2297 2215 2350 riora
2263 2309 2483 2363 semper
2531 2292 2794 2363 paulatim
2841 2299 3032 2360 raptus
3065 2298 3183 2351 est,
3237 2286 3444 2341 factum
3492 2301 3648 2340 esse:

2072 2402 2182 2440 non
2220 2385 2380 2439 aliter
2410 2400 2573 2454 quam
2610 2398 2804 2438 servus
2831 2380 3103 2451 quispiam
3144 2378 3376 2438 inutilis,
3411 2375 3653 2430 subinde

2071 2478 2328 2553 dominos
2370 2485 2611 2531 mutans.
2658 2475 2724 2530 Et
2768 2474 2933 2529 habet
2960 2473 3005 2528 is
3036 2484 3188 2528 certe
3216 2470 3467 2524 dominas
3510 2468 3657 2519 volo.

2073 2578 2251 2640 ptates
2292 2568 2481 2637 plures
2531 2582 2697 2637 quant
2753 2564 3036 2619 numerari
3082 2570 3338 2633 passcnt,
3394 2573 3461 2613 eo
3507 2557 3653 2627 quod

2073 2670 2340 2731 perpetuo
2394 2659 2498 2713 sibi
2548 2658 2781 2713 invicem
2831 2654 3185 2710 suceedentia
3227 2653 3471 2711 scelera.
3526 2666 3654 2706 cunt

2075 2751 2499 2819 haudquaquam
2541 2749 2609 2803 ad
2661 2749 2826 2804 linem
2872 2746 3162 2818 pervenire
3194 2761 3349 2815 passa
3398 2744 3549 2799 sint:
3601 2752 3659 2796 ct

2075 2845 2391 2912 voluptates
2434 2842 2640 2912 quibus
2670 2843 2724 2896 in
2756 2839 3043 2909 praesentia
3080 2838 3305 2893 deditus
3333 2848 3472 2897 erat,
3513 2853 3660 2889 nun-

2078 2948 2241 3002 quam
2290 2914 2680 2995 constiterint,
2715 2931 2808 2983 sed
2844 2931 3008 2984 veluti
3045 2928 3262 2983 initium
3294 2939 3349 2981 ct
3382 2928 3656 2997 igniculus

399 3026 593 3097 ἡδονῆς
636 3025 996 3096 θελγόμενος,
1052 3024 1330 3095 τρίδουλος
1379 3023 1570 3092 ὥσπερ
1625 3024 1838 3094 πονηρᾷ
1889 3022 1968 3076 δε-

2080 3024 2443 3108 succedentis
2479 3024 2726 3078 libidinis
2753 3023 2980 3083 fuerint.
3011 3037 3343 3091 semperque
3379 3020 3654 3074 deteriora

402 3118 593 3188 σποίνῃ
629 3118 871 3173 δουλεύει
931 3118 1093 3188 μέχρι
1147 3116 1465 3180 τελευταίας
1514 3116 1713 3186 ῥοπῆς,
1765 3115 1872 3177 ἕως
1914 3108 1976 3168 οὗ

399 3213 512 3271 τοῖς
542 3213 597 3262 ὲν
628 3210 758 3279 ᾅδου
795 3210 1175 3281 κολαστηρίοις
1204 3209 1560 3280 συγγένηται.
1612 3209 1867 3271 Τοιοῦτος
1914 3211 1979 3262 ὲκ

404 3304 705 3371 προοιμίων
725 3302 752 3351 ὁ
768 3302 950 3371 Ζήνων
972 3302 1088 3363 ταῖς
1108 3282 1204 3369 sit;
1225 3299 1399 3369 ἀρχῆς
1419 3298 1644 3352 ὲπϐἀσε
1656 3316 1755 3363 σιν,
1779 3301 1883 3370 ἇρρ
1923 3300 1979 3352 θ-

407 3394 507 3464 μός
550 3410 635 3456 τις
680 3392 774 3445 καὶ
822 3392 1107 3460 ἀνάγωγος
1154 3394 1249 3444 καὶ
1288 3391 1379 3444 τὸν
1413 3390 1527 3458 βίον
1560 3391 1797 3461 μάλιστα
1828 3392 1978 3443 sxa.-

408 3485 766 3558 διῃτημένος·
802 3482 957 3536 ἐνθεν
991 3484 1084 3536 καὶ
1115 3482 1192 3553 μὴ
1216 3481 1293 3553 τῷ
1321 3482 1577 3536 δεδωκότι
1613 3484 1673 3537 τὸ
1704 3485 1981 3555 σκῆπτρον

406 3578 474 3629 τά
501 3592 565 3644 γε
607 3576 957 3645 προσήκοντα
1002 3573 1111 3626 τῶν
1144 3573 1319 3643 ἔργων
1360 3573 1668 3637 ἀποτιννῦς,
1710 3572 1777 3626 τὰ
1814 3572 1983 3625 πο).λά

408 3670 509 3735 τῆς
542 3668 718 3739 ἀρχῆς
750 3665 1049 3736 διέφθειρε.
1098 3666 1169 3719 Τὸ
1217 3666 1324 3736 γὰρ
1369 3665 1611 3736 ὑπήκοον
1659 3664 1808 3719 ἅπαν
1846 3664 1983 3733 πρός

410 3776 472 3811 τε
516 3758 809 3829 ἀνίσχοντα
846 3757 939 3809 καὶ
977 3756 1236 3826 δυόμενον
1289 3755 1441 3825 ἣλιον
1490 3756 1676 3821 κακῶς
1722 3756 1980 3826 ἔπασχεν.
2030 3759 2038 3767 ’

414 3855 476 3907 Ol
512 3853 611 3922 μὲν
639 3855 748 3923 γὰρ
776 3850 835 3917 ἐξ
872 3852 1050 3919 ’Δγαρ
1078 3849 1507 3919 Μεσοποταμίαν
1528 3850 1814 3920 ὴφάνιξοψ
1845 3852 1986 3927 Θρᾲ-

416 3962 515 4015 κην
543 3946 599 3998 δὲ
646 3944 873 4015 ἀπειρόν
902 3958 956 3995 τι
992 3940 1197 4006 πλῆθος
1228 3938 1415 3994 Οθνων
1447 3940 1496 3993 οἶ
1537 3943 1666 4012 πρὶν
1693 3943 1986 4011 Μασσαγέ-

2080 3117 2184 3171 alia
2218 3116 2460 3171 facinora
2490 3114 2780 3171 invitarint
2808 3124 2865 3170 et
2894 3113 3275 3170 conciliarint.
3310 3112 3368 3169 Id
3401 3111 3548 3181 quod
3580 3110 3660 3167 sic

2080 3207 2391 3263 necessario
2436 3206 2722 3278 procedit,
2772 3207 2957 3277 quoad
2996 3207 3298 3276 imperator
3340 3218 3467 3258 vere
3513 3203 3662 3272 quis-

2083 3304 2226 3373 piam
2272 3302 2502 3365 evadat,
2534 3311 2596 3357 et
2641 3301 3042 3355 turbulentum
3076 3292 3421 3367 voluptatum
3458 3304 3661 3350 statum

2081 3398 2158 3451 ita
2184 3397 2289 3451 sibi
2318 3396 2596 3467 captivum
2627 3394 2900 3465 subjttget,
2936 3404 2994 3447 ut
3023 3390 3228 3447 deinde
3267 3393 3374 3451 illis
3404 3391 3661 3459 imperet,

2081 3486 2138 3541 et
2170 3486 2592 3556 haudquaquam
2623 3482 2916 3554 tyrannide
2943 3482 3162 3536 illarum
3192 3490 3491 3549 prematur.
3518 3477 3666 3532 Αιίοφ

2085 3576 2177 3646 qui
2208 3575 2622 3631 accessionibus
2662 3572 2958 3630 libidinum
3010 3570 3191 3625 tacitis
3223 3578 3280 3624 et
3322 3569 3663 3638 voluptatum

2086 3667 2362 3722 illecebris
2404 3666 2711 3729 delibutus,
2752 3663 2926 3718 veluti
2958 3677 3153 3719 servus
3188 3658 3535 3715 miserrimus
3566 3657 3668 3709 im-

2086 3758 2281 3831 probae
2325 3757 2562 3811 domina:
2608 3756 2675 3810 ad
2726 3763 3036 3811 extremum
3093 3766 3267 3822 usque
3323 3756 3664 3808 momentum

2087 3851 2277 3912 scrtit,
2320 3849 2496 3903 donec
2526 3847 2744 3901 tandem
2773 3845 3061 3915 suppliciis
3094 3840 3465 3900 infernalibus
3490 3837 3670 3891 deda—

2091 3952 2202 3996 tur.
2234 3941 2385 4001 Talis
2412 3941 2480 3999 ab
2512 3939 2634 4011 ipso
2665 3938 2850 3995 statim
2880 3937 3040 3999 initio
3073 3944 3131 3997 et
3160 3934 3410 4005 ingressu
3444 3927 3673 3999 imperii,

416 4053 503 4089 ται
530 4034 739 4104 οὕνομα
768 4030 932 4103 εἷχον,
962 4032 1054 4085 τδν
1084 4032 1296 4103 Ἴστρον
1323 4032 1630 4097 διαϐάντες,
1660 4034 1957 4105 κατέτρεχο

2091 4037 2238 4088 Zeno
2273 4035 2395 4101 l'uit,
2427 4035 2512 4088 vir
2558 4030 2978 4100 incompositus,
3024 4026 3350 4089 dissolutus,
3394 4023 3667 4090 intempe-

414 4130 604 4192 ἀδεῶς,
642 4127 784 4181 κατά
826 4124 1028 4195 πολλὴν
1060 4123 1156 4177 τοῦ
1192 4123 1814 4195 κωλύσοντοςνὲρημίαν.
1846 4127 1968 4181 ”Ὀσ;

2096 4143 2244 4190 rans,
2278 4136 2333 4182 et
2358 4136 2679 4198 corruptus.
2723 4125 2898 4201 Quam
2927 4123 2997 4177 ob
3046 4136 3162 4177 rem
3202 4128 3258 4174 et
3288 4117 3341 4173 ei
3366 4117 3459 4186 qui
3507 4130 3667 4182 scep-

416 4222 471 4274 δὲ
516 4220 729 4282 τούτοις
760 4218 1224 4287 κατελιμπάνετο,
1261 4218 1470 4286 Ζήνωνι
1506 4218 1637 4285 πρὸς
1690 4218 1811 4288 βίαν
1846 4219 1958 4293 ἀφῄ

2095 4227 2239 4275 trum
2275 4217 2351 4282 illi
2383 4216 2629 4280 tradidit,
2663 4215 2935 4269 honorem
2977 4211 3225 4265 debitum
3269 4208 3375 4277 piis
3404 4202 3669 4274 operibus

422 4332 573 4384 ρητο,
609 4315 705 4383 οὐχ
732 4307 894 4385 ἦττον
923 4311 957 4382 ἢ
982 4311 1032 4362 oi
1066 4309 1329 4379 βάρϐαροι
1358 4310 1587 4363 ἐπιόντι.
1620 4312 1696 4365 Οὐ
1733 4313 1896 4382 μόνον
1933 4313 1968 4365 δ]

2096 4327 2202 4373 non
2260 4310 2493 4374 tribuit,
2556 4320 2611 4363 et
2671 4306 2964 4377 imperium
3038 4304 3177 4357 male
3238 4293 3667 4355 administravit.

418 4412 485 4458 τὶ.
517 4408 725 4475 πόρςω,
757 4403 891 4457 ἀλλὰ
938 4419 1002 4470 γε
1033 4401 1097 4472 δὴ
1129 4402 1224 4453 καὶ
1262 4404 1330 4452 τα
1360 4400 1497 4454 οῐκοι
1530 4401 1721 4473 ἐκείνῳ
1752 4406 1968 4459 ὲκπεπο

2100 4401 2335 4456 Proinde
2377 4398 2563 4468 populi
2597 4398 2806 4453 subditi
2845 4410 3038 4451 omnes
3071 4395 3127 4448 in
3155 4392 3381 4449 Oriente
3418 4386 3582 4441 simul
3614 4393 3672 4439 et

420 4499 634 4568 λεμωτο
658 4498 874 4567 ἡδοναῖς
911 4495 1133 4555 ἀτόποις
1166 4494 1581 4565 ἑνδιατρίϐοντι,

2103 4490 2401 4551 Occidente
2432 4490 2619 4545 amicti
2654 4498 2803 4546 sunt.
2840 4489 2977 4546 Nam
3007 4488 3102 4557 qui
3131 4485 3201 4543 ab
3244 4484 3359 4555 ipsa
3392 4482 3533 4551 Agar
3562 4478 3674 4544 οτίν

422 4597 599 4662 ginem
649 4592 859 4644 ducunt
910 4590 1118 4657 pupuii,
1172 4590 1621 4659 Mesopotamiam
1680 4601 1988 4649 vastarunt.
2032 4590 2325 4650 Thraciam
2393 4600 2579 4644 autem
2625 4589 2911 4643 innumera
2979 4580 3335 4645 Hunnorum,
3387 4579 3479 4649 qui
3508 4587 3671 4631 antea
3726 4602 3727 4646 γ

424 4690 736 4758 Massagetae
785 4685 917 4741 dicti
961 4683 1214 4746 fuerant,
1262 4694 1317 4739 et
1394 4695 1508 4741 tum
1589 4685 1785 4742 Istrum
1831 4687 2186 4752 transierant,
2244 4686 2562 4749 multitudo,
2639 4684 2859 4743 nemine
2912 4680 3236 4743 obsistente,
3291 4678 3465 4757 libere
3551 4687 3675 4741 per-

422 4788 614 4842 currit.
672 4784 730 4838 Si
780 4782 914 4851 quid
965 4796 1095 4834 vero
1148 4796 1214 4835 ex
1299 4784 1516 4840 illorum
1568 4783 1883 4853 direptione
1932 4783 2035 4842 fuit
2078 4785 2386 4853 reliquum,
2436 4783 2491 4838 id
2532 4785 2711 4854 ipsum
2755 4783 2903 4838 Zeno
2979 4797 3074 4851 per
3125 4781 3232 4834 vim
3283 4773 3538 4836 abstulit,
3576 4770 3673 4839 qui

425 4899 532 4955 non
569 4879 751 4933 minus
780 4892 943 4947 quam
976 4876 1198 4930 Barbari
1236 4877 1341 4947 ipsi
1382 4879 1651 4934 hostiliter
1709 4895 1831 4934 eam
1905 4879 2125 4935 invasit.
2196 4880 2305 4936 Nec
2342 4881 2433 4936 ille
2500 4880 2795 4951 longinqua
2828 4874 2992 4931 modo
3024 4875 3139 4933 loca
3172 4869 3515 4933 detrimentis
3538 4866 3677 4921 all'e»

420 4978 529 5038 cit,
562 4987 751 5027 verum
778 4969 947 5025 etiam
987 4968 1208 5020 domum
1254 4986 1411 5024 suam
1454 4987 1553 5041 per
1592 4972 1863 5027 absurdas
1896 4971 2180 5043 lmdasque
2213 4973 2516 5043 voluptates
2543 4984 2748 5027 vastant
2777 4969 2949 5030 dedit.

1025 5115 1274 5171 ΚΕΦΑΛ.
1316 5114 1388 5173 B',

2624 5115 2783 5187 663
2825 5113 3048 5170 CAPUT
3090 5112 3150 5168 ιι.

427 5221 558 5287 Περὶ
603 5217 711 5285 τῆς
740 5208 1515 5287 τυραγνίβος-Βιιοίιιξσκου
1535 5203 1693 5287 ’Μκαί
1705 5203 1804 5287 “die
1834 5204 1968 5287 ἀίξῃ

2104 5208 2179 5261 De
2218 5212 2498 5287 tyrannide
2542 5207 2908 5287 [insilui-{ill}!
2931 5206 3072 5259 Zeno
3101 5204 3322 5287 imperio
3347 5204 3416 5287 si!
3446 5210 3629 5287 fxit?!“
3653 5217 3673 5261 :

492 5271 786 5354 :tdOn'itér
809 5271 947 5349 ’τῆς
968 5271 1159 5347 ἀρλξῆς
1201 5280 1233 5331 d
1258 5276 1496 5354 ’Ζήνιυῇ
1553 5272 1929 5354 Τιμόρεοςῂδὲ
1958 5294 1968 5331 ι

2171 5271 2334 5333 ει⁷ιιι
2387 5279 2683 5354 Timor/iens
2734 5277 2983 5354 Hilarus,
3032 5284 3078 5328 et
3130 5271 3320 5333 Petrus
3368 5271 3672 5354 (lymphatis,

494 5342 785 5424 Ailo'v'poc
841 5342 940 5406 κάῑ
979 5342 1019 5405 (ι’
1043 5342 1345 5427 barda-sein?
1375 5342 1761 5427 Πέτροςχοὺς
1800 5344 1968 5427 ἰδίους

2172 5354 2495 5427 recuperatis
2530 5349 2735 5403 scribus
2774 5351 2903 5411 suis,
2943 5356 3197 5415 quartam,
3222 5344 3479 5415 synodum
3506 5357 3682 5412 oppri..—

494 5414 906 5487 ἀπολᾶίῗόὶδτες
968 5414 1262 5488 θρόνους,
1329 5414 1481 5471 κατὰ
1540 5414 1649 5482 τῆς
1703 5414 1991 5480 τετάρτης
2166 5414 2401 5491 φιαγὶηι,

493 5496 759 5552 συνόδου
780 5491 1127 5553 ὡπλίζοντο.

509 5607 725 5674 ’Δμὲλει
779 5622 861 5658 τοι
917 5605 1009 5657 καὶ
1058 5601 1289 5672 βραχέος
1335 5600 1527 5670 χρόνον
1565 5597 1997 5669 παραρρυὲν-ος,

431 5698 778 5759 ἐπανίσταταί
814 5699 861 5749 οξ
895 5696 1033 5749 κατὰ
1071 5694 1291 5765 Θρᾴκην
1326 5691 1644 5753 Baeti-13m;
1670 5692 1697 5742 ὁ
1724 5689 1819 5758 τῆς
1848 5690 2001 5760 βασι-

2176 5594 2352 5649 Parvo
2394 5592 2665 5661 siquidem
2711 5593 2897 5663 elapso
2930 5599 3199 5658 tempore,
3241 5588 3535 5645 Basiliscus
3574 5588 3675 5642 Vc-

2112 5688 2243 5741 rina:
2301 5686 2558 5755 Augustae
2601 5685 2773 5745 frater
2824 5683 3088 5743 adversus
3134 5699 3259 5737 eum
3305 5682 3668 5743 consurrexit.
