4074 6208
380 280 479 342 19.3
1591 288 2015 350 NlCEl’IlUlll
2051 288 2400 349 CALLISTI
3525 286 3625 350 124

381 404 617 460 riantur,
650 406 814 468 alque
843 398 953 467 igni
991 400 1316 457 tradantttr:
1348 417 1638 474 propterea
1672 404 1818 474 quod
1846 406 1946 458 huc
1976 406 2013 462 Α

2118 404 2366 473 γμάτων,
2398 404 2493 457 καὶ
2517 402 2644 464 τοὺς
2680 401 2786 472 πρὸ
2816 401 2975 471 ἡμῶν
2999 403 3054 455 ὲν
3084 402 3299 455 εὐσεϐεῖ
3325 402 3420 454 καὶ
3446 416 3626 471 μακα-

381 487 460 535 sic
510 486 674 539 etiam
715 487 783 539 ab
814 487 895 541 eis
930 488 1025 557 qul
1060 498 1187 544 ante
1237 506 1338 546 nos
1370 492 1544 553 luere.
1577 503 1633 549 et
1665 508 1811 548 nunc
1859 493 1950 563 pia

2118 514 2149 567 α
2178 499 2242 566 τῇ
2271 495 2425 566 λήξει
2450 495 2777 565 γενομένους
2806 494 3070 565 βασιλεῖς,
3098 495 3507 549 Κωνσταντίνον
3532 498 3628 551 καὶ

382 594 391 617 ι
416 582 434 624 ι
464 575 614 627 beata
644 575 830 643 quiete
856 576 1137 644 fruuntur,
1169 580 1536 636 Constantino
1562 592 1619 637 et
1643 583 1953 637 Theodosio

2118 587 2339 641 εοδόσιον
2370 589 2462 639 τὸν
2495 588 2614 640 νόον
2634 600 2649 616 ⁶
2686 586 2869 656 ἄκυρά
2888 602 2948 638 τε
2975 586 3149 647 οὑτως
3176 584 3463 655 γινόμενα,
3493 604 3629 639 παν-

387 664 599 718 nzinore
664 667 1093 734 imperatoribus
1142 671 1210 727 de
1270 673 1546 729 ltmreticis
1605 674 1955 744 dogmatibus

2120 680 2229 741 λῶς
2285 679 2646 733 ἐκϐάλλεσθαι
2678 680 2777 745 τῆς
2812 681 2940 748 μιᾶς
2970 680 3065 731 καὶ⁵
3118 679 3287 749 μόνης
3336 680 3629 750 καθολικῆς

386 755 646 808 oninibus
679 762 1043 815 constitutum
1072 773 1176 817 est.
1206 764 1330 817 llaec
1363 765 1442 818 sic
1476 766 1704 829 abolita,
1731 781 1957 833 prorsus

2118 772 2155 823 t‘t
2194 771 2565 840 άποστολικῆς
2610 771 2897 841 ὀρθοδόξου
2926 770 3261 840 Ἐκκλησίας
3282 788 3296 803 ⁸
3337 771 3419 834 ὡς
3448 773 3633 841 μεταί-

389 862 452 897 ex
488 862 574 910 ea,
604 864 724 916 quae
759 866 863 904 una
894 862 949 906 et
982 854 1095 907 sola
1126 855 1421 919 catholica,
1449 856 1751 925 apostolica
1781 866 1837 911 et
1867 873 1959 910 or-

2118 881 2225 917 ιντα
2276 865 2343 917 τά
2376 863 2571 917 αἰώνια
2602 865 2699 918 καὶ
2737 865 2985 934 σωτήρια
3042 863 3154 917 τῶν
3202 864 3533 934 τριακοσίων
3565 860 3631 933 ιη’

389 938 629 992 thodoxa
700 942 948 999 Ecclesia
1012 957 1118 1012 est,
1173 948 1526 1017 ejiciantur:
1594 959 1782 1018 utpote
1838 966 1960 1019 quae

2118 958 2234 1024 {low
2266 958 2525 1027 Πατέρων
2553 958 2700 1026 ὅρια,
2738 958 2836 1011 καὶ
2872 957 2942 1010 τὰ
2967 957 3077 1011 τῶν
3132 957 3421 1028 μακαρίων
3466 957 3637 1009 Πατέο

386 1041 624 1085 a-ternos
668 1044 724 1087 et
761 1037 1035 1092 salutares
1084 1050 1456 1094 trecentorum
1487 1043 1674 1096 decem
1721 1051 1776 1096 et
1810 1052 1959 1107 octo,

2118 1066 2178 1101 υν
2210 1048 2319 1099 τῶν
2362 1047 2502 1116 ἁγίῳ
2554 1046 2839 1117 Πνεύματι
2886 1048 3368 1119 διαγορευσάντων
3408 1048 3639 1102 καὶτῶν

392 1132 556 1189 atque
596 1124 762 1179 etiam
806 1140 1029 1182 centum
1063 1140 1118 1184 et
1155 1132 1577 1202 quinquaginta,
1624 1134 1719 1203 qui
1753 1134 1965 1204 profes-

2118 1140 2206 1192 ιτά
2242 1140 2339 1209 τὴν
2378 1140 2666 1208 Ἐφεσίων.
2705 1141 2884 1204 Ὀλως
2912 1142 2969 1195 δὲ
2995 1140 3070 1211 μὴ
3102 1141 3307 1205 ἐξεῖναί
3339 1157 3470 1193 ποτε
3496 1140 3637 1210 μήτε

395 1214 610 1267 sionem
645 1214 711 1269 de
742 1228 933 1271 sant-to
964 1219 1173 1288 Spiritu
1210 1224 1651 1293 promulgarunt,
1677 1236 1732 1278 et
1771 1240 1964 1278 eorum

2122 1230 2259 1299 ρέων
2297 1230 2433 1298 μήτε
2488 1230 2693 1283 λαῖκῶν
2747 1248 2855 1283 τινι
2882 1231 2984 1301 τῆς
3019 1230 3115 1283 τοῦ
3151 1231 3311 1297 ἁγίου
3364 1229 3640 1298 συμὸόλου

396 1307 563 1359 etiam
602 1308 695 1376 qui
732 1310 933 1377 Ephesi
986 1317 1302 1384 congregati
1337 1315 1494 1371 fuere
1542 1326 1859 1371 sanctorum
1914 1327 1968 1372 et

2118 1320 2355 1388 ιιοτάτης
2385 1320 2601 1391 ἐκείνης
2633 1321 2955 1390 νομοθεσίας
2986 1321 3254 1375 ποιεῖσθαί
3282 1338 3405 1373 τινα
3434 1321 3644 1390 παρέκ-

402 1401 689 1454 beatorum
750 1401 971 1457 Patrum
1037 1407 1304 1463 terminos
1366 1408 1726 1463 transferunt.
1780 1409 1969 1480 Neque

2118 1422 2254 1459 ισιν·
2289 1406 2787 1473 άναθεματίζεσθαι
2819 1408 2877 1461 δὲ
2915 1410 3013 1462 σὺν
3044 1410 3249 1472 πάσαις
3279 1411 3403 1472 ταῖς
3469 1426 3637 1477 γεγε-

402 1506 628 1554 prorsus
659 1494 914 1561 cuiquam
954 1496 1037 1550 vel
1069 1499 1363 1564 sacerdoti,
1397 1500 1482 1553 vel
1518 1500 1660 1555 laico
1704 1513 1760 1555 ct
1790 1518 1970 1571 popu-

2118 1500 2336 1570 γμέναις
2362 1502 2419 1552 ἐν
2451 1500 2754 1570 Χαλκηδόνι
2778 1502 3158 1572 καινοτομίαις
3199 1504 3343 1555 κατὰ
3364 1502 3455 1555 τοῦ
3489 1502 3641 1555 θείου

402 1583 501 1635 lari
530 1585 740 1639 homini
768 1587 1008 1643 divinam
1033 1591 1212 1645 sancti
1241 1591 1481 1661 Symboli
1518 1593 1968 1648 constitutionem

2118 1592 2367 1660 δμϐόλου,
2396 1593 2491 1646 καὶ
2518 1591 2618 1662 τὴν
2648 1592 2860 1663 αἰρεσιν
2884 1592 2993 1646 τῶν
3013 1592 3091 1662 μὴ
3116 1592 3524 1662 ὁμολογούντων
3549 1593 3644 1646 τὸν

404 1673 610 1728 violare
667 1687 761 1731 aut
822 1680 1134 1748 transgredi
1190 1680 1375 1735 liceat.
1433 1681 1706 1735 Practerca
1757 1692 2013 1756 autem,l

2118 1687 2205 1738 ἰὸν
2231 1687 2324 1738 τοῦ
2352 1685 2487 1738 Θεοῦ
2521 1684 2612 1738 τὸν
2637 1685 2904 1756 μονογενῆ
2928 1686 2993 1742 ἐκ
3027 1683 3345 1754 Πνεύματος
3367 1684 3524 1751 άγίου
3552 1686 3649 1739 καὶ

409 1781 517 1819 una
550 1783 675 1822 cum
706 1770 871 1825 rebus
898 1772 1161 1827 omnibus
1204 1773 1556 1828 Chalcedone
1586 1772 1854 1828 adversus
1886 1790 1974 1828 sa-
1994 1748 2013 1807 -¹

2118 1795 2140 1829 ιι
2192 1779 2289 1848 τῆς
2334 1776 2494 1845 ἁγίας
2543 1748 2813 1831 Θεοτόκου
2862 1748 2957 1831 καὶ
3006 1748 3373 1846 άειπαρθένου
3416 1748 3650 1846 -Μαρίας

409 1874 565 1913 crum
598 1862 922 1933 Symbolum
970 1866 1209 1931 novatis,
1236 1867 1402 1939 666
1431 1868 1779 1921 anathemate
1814 1868 1975 1937 jugu-

2118 1868 2220 1921 ατά
2260 1868 2523 1938 ἀλήθειαν
2576 1867 2932 1937 σαρκωθέντα
2975 1869 3070 1921 καὶ
3129 1867 3651 1938 ὲνανθρωπήσαντα,

408 1952 630 2006 landam
665 1969 959 2011 censemus
996 1958 1247 2013 haeresim
1277 1974 1495 2023 eorum,
1541 1960 1635 2029 qui
1674 1975 1783 2013 non
1812 1960 1979 2028 proii-

2118 1958 2194 2012 λλ’
2224 1960 2257 2030 ἢ
2299 1960 2357 2026 ἐξ
2388 1958 2622 2028 ούρανοῦ
2656 1958 2689 2028 ἣ
2749 1959 2891 2012 κατὰ
2918 1958 3225 2026 φαντασίαν
3277 1956 3375 2009 καὶ
3430 1957 3655 2025 δόκησιν

413 2055 601 2099 lentur
627 2046 831 2101 Filium
881 2048 976 2103 Dei
1021 2050 1367 2121 unigenitum
1402 2067 1469 2106 cx
1510 2051 1723 2120 Spiritu
1764 2062 1976 2114 sancto,

2118 2053 2572 2123 ερατευομένους·
2603 2050 2786 2103 πᾶσάν
2815 2066 2873 2102 τε
2901 2048 3090 2112 άπλῶς
3126 2049 3362 2119 αἰρεσιν,
3396 2050 3487 2101 καὶ
3520 2049 3574 2101 εἷ
3601 2065 3654 2101 τι

410 2147 467 2192 et
509 2150 699 2193 sancta
736 2141 831 2195 Dei
864 2142 1145 2198 Genitrice
1178 2159 1508 2213 semperque
1549 2144 1765 2211 virgine
1812 2144 1978 2197 Maria

2118 2159 2271 2213 τερον
2303 2145 2359 2195 ἐν
2388 2141 2485 2211 οἴῳ
2516 2140 2580 2210 δή
2612 2157 2743 2193 ποτε
2792 2142 2970 2210 καιρῷ
3002 2142 3097 2193 καὶ
3140 2143 3326 2210 τρόπῳ
3367 2139 3464 2193 καὶ
3506 2140 3656 2208 τόπῳ

411 2244 537 2284 vere
589 2230 936 2286 incarnatum
973 2244 1025 2288 et
1072 2234 1352 2289 hominem
1396 2235 1601 2290 factum
1653 2251 1774 2291 esse
1819 2253 1833 2289 :
1885 2236 1981 2291 sed

2118 2237 2182 2305 ἧς
2207 2234 2538 2304 οἰκουμένης
2570 2233 2790 2303 ἁπάσης
2817 2233 2960 2287 κατὰ
2982 2233 3223 2287 διάνοιαν
3253 2232 3348 2286 καὶ
3383 2232 3530 2297 λέξιν
3562 2233 3657 2284 ἐπὶ

414 2330 510 2375 aut
554 2323 623 2377 de
672 2324 813 2378 caelo
852 2327 1091 2388 venisse.
1154 2337 1250 2381 aut
1302 2344 1403 2395 per
1440 2328 1785 2397 phantasiam
1819 2339 1982 2397 atque

2118 2327 2401 2399 ιαραῦάσει
2462 2326 2558 2380 τοῦ
2631 2326 2778 2380 θείου
2839 2326 3111 2395 συμὸόλου
3169 2325 3655 2394 κεκαινοτόμηται.

415 2416 860 2485 imaginationem
890 2418 1169 2473 hominem
1201 2420 1573 2474 existimatum
1615 2436 1761 2484 esse,
1787 2420 1975 2489 prodi-

416 2510 567 2576 giose
614 2510 910 2568 blaterant.
953 2512 1184 2567 Omnem
1235 2512 1474 2583 denique
1514 2512 1764 2567 haeresim
1800 2512 1985 2578 aliam,

416 2610 474 2655 et
525 2601 571 2657 si
621 2602 754 2672 quid
803 2603 954 2658 aliud
1008 2613 1275 2674 tempore.
1325 2606 1510 2671 modo,
1561 2613 1616 2658 et
1656 2604 1779 2658 loco
1838 2604 1990 2657 orbis

422 2693 668 2748 universi
706 2711 1043 2766 quocunque
1073 2700 1156 2751 vel
1194 2698 1400 2764 verbis,
1448 2698 1533 2751 vel
1567 2698 1862 2752 sententiis
1893 2697 1991 2751 ad-

425 2801 615 2843 versus
652 2804 867 2843 sacrum
900 2790 1215 2860 Symbolum
1248 2803 1510 2845 novatum
1556 2800 1659 2847 est.
1708 2790 1813 2845 Sed
1844 2792 1991 2846 enim

428 2892 554 2930 cum
587 2879 863 2947 imperiali
891 2883 1254 2950 providentia:
1281 2884 1515 2938 maxime
1540 2885 1853 2949 conveniat,
1882 2900 1993 2939 non

428 2971 798 3039 prtesentibus
830 2977 1015 3039 modo,
1056 2990 1246 3029 verum
1288 2976 1455 3031 etiatn
1493 2976 1696 3032 futuris
1730 2977 1996 3046 tempori-

2102 2420 2321 2490 Ἐπειδὴ
2358 2420 2417 2473 δὲ
2443 2418 2704 2490 προνοίας
2737 2418 3026 2489 βασιλικῆς
3061 2419 3194 2472 ῐδιον
3223 2418 3299 2489 μὴ
3328 2417 3424 2472 τοῦ
3457 2417 3635 2489 παρόν

2091 2530 2181 2576 τος
2234 2512 2428 2582 χρόνου
2478 2513 2665 2582 μόνου,
2728 2511 2866 2565 ἀλλὰ
2919 2517 3015 2565 κα)⁸
3075 2509 3169 2565 τοῦ
3223 2510 3515 2580 μέλλοντος
3562 2512 3662 2578 τὴν

2093 2605 2396 2674 ἀσφάλειαν
2424 2607 2487 2658 ὲκ
2518 2602 2889 2674 προορατικῆς
2913 2604 3252 2674 διασκέψεως
3281 2602 3663 2669 ἐπιδαψιλεύε-
3753 2606 3764 2615 ’

2094 2700 2221 2752 σθαι
2264 2700 2379 2762 τοῖς
2438 2698 2724 2768 ὑπηκόοις,
2780 2694 3113 2767 θεσπίζομεν
3164 2697 3293 2760 τοὺς
3344 2692 3664 2765 ἁπανταχοῦ

2092 2792 2419 2853 ὁσιωτάτους
2442 2790 2776 2853 ἐπισκόπους
2798 2790 3221 2860 ὲμφανιζομένῳ
3241 2788 3322 2859 τῷ
3344 2788 3473 2858 θείῳ
3495 2789 3666 2860 τούτῳ

2096 2885 2254 2954 ἡμῶν
2304 2881 2580 2953 ὲγκυκλίῳ
2608 2882 2900 2951 γράμματι
2952 2881 3429 2951 καθυπογράφειν,
3480 2882 3670 2951 σαφῶς

2098 2974 2578 3047 καταμηνύοντας,
2635 2973 2718 3027 ὅτι
2772 2972 2839 3043 δὴ
2894 2972 3043 3043 μόνῳ
3075 2972 3152 3043 τῷ
3206 2972 3339 3044 θείῳ
3395 2973 3672 3043 στοιχοῦσι

427 3065 530 3119 bus
581 3067 908 3133 consulere,
969 3078 1026 3123 et
1075 3070 1290 3124 civibus
1329 3070 1682 3139 subditisque
1736 3080 1991 3125 accurata

2118 3069 2357 3140 ιυμσόλῳ
2386 3068 2497 3122 τῶν
2540 3065 2647 3135 τιη¹
2678 3066 2851 3135 ἁγίων
2901 3066 3183 3138 Πατέρων,
3225 3068 3365 3134 ὅπερ
3394 3067 3673 3136 ἐπεσφρά-

428 3159 833 3215 deliberatione
878 3160 947 3216 de
1001 3170 1151 3216 certa
1202 3163 1605 3231 tranquillitate
1659 3162 1999 3231 prospicere,

430 3252 749 3315 statuimus,
793 3260 853 3305 ut
898 3253 1234 3308 sanctissimi
1292 3255 1499 3323 ubique
1550 3256 1795 3325 episcopi
1829 3256 2004 3310 sacris

432 3343 587 3397 hisce
632 3344 1001 3399 circularibus
1032 3344 1241 3399 litteris
1286 3346 1583 3415 publicatis
1628 3347 2003 3411 subscribant,

436 3435 734 3505 verbisque
766 3436 995 3491 disertis
1030 3437 1336 3503 declarent,
1372 3438 1475 3493 soli
1503 3438 1695 3492 divino
1728 3448 2007 3493 trecento-

436 3544 557 3583 rum
601 3529 791 3584 decem
850 3538 907 3585 et
945 3540 1073 3585 octo
1116 3540 1434 3585 sanctorum
1472 3532 1695 3586 Patrum
1748 3531 2008 3602 Synibolo

432 3604 852 3678 assentiendum
888 3639 1011 3680 esse
1046 3640 1061 3679 :
1111 3624 1258 3695 quod
1289 3626 1620 3679 auctoritate
1653 3640 1750 3679 sua
1784 3634 2006 3679 centum

431 3720 910 3789 etquinquaginta
944 3724 1117 3774 sancti
1150 3721 1343 3775 Patres
1383 3722 1807 3781 conﬁrmarunt,
1843 3720 2007 3774 sicuti

432 3813 664 3866 decreto
687 3810 854 3865 etiam
886 3825 989 3864 suo
1014 3822 1227 3879 postea,
1256 3812 1347 3880 qui
1379 3810 1431 3864 in
1454 3810 1746 3879 metropoli
1774 3810 2012 3878 Ephesia

432 3918 749 3963 convenere
789 3890 1022 3973 piissimi
1055 3902 1244 3957 Patres
1291 3911 1651 3966 censuerunt,
1682 3900 1829 3970 quod
1863 3900 2016 3952 vide-

438 3996 583 4055 licet
620 3996 720 4051 soli
765 4005 957 4050 sancto
1004 4002 1375 4049 trecentorum
1424 3992 1615 4047 decem
1665 4001 1721 4046 et
1750 4001 1877 4045 octo
1912 3990 2015 4044 Pa-

445 4098 589 4142 trum
617 4087 878 4159 Symbolo
902 4097 959 4142 et
993 4086 1118 4141 lidei
1143 4084 1370 4140 decreto
1406 4083 1665 4139 assentiri
1695 4082 2011 4137 conveniat.

442 4184 623 4251 Atque
647 4190 710 4235 ut
748 4180 1101 4234 anathemate
1126 4179 1406 4246 conligant
1434 4176 1688 4231 actiones
1719 4174 2019 4230 Chalcedo—

444 4287 647 4326 nenses
693 4287 909 4334 omnes,
960 4281 1018 4325 et
1068 4286 1135 4325 ex
1190 4270 1445 4324 ccclesiis
1492 4283 1722 4339 prorsus
1767 4266 2015 4336 ejiciant,

444 4364 618 4419 .vcluti
681 4366 1120 4419 orthodoxorum
1181 4363 1510 4433 populorum
1575 4360 2017 4420 oll‘entlieulum,

446 4460 733 4525 totiusque
779 4458 934 4511 orbis
971 4467 1027 4511 et
1069 4465 1274 4510 nostra:
1309 4454 1590 4509 fclicitatis
1645 4453 2017 4523 impedimen-

446 4560 587 4611 tum.
640 4549 745 4603 Eos
780 4564 969 4618 porro,
1006 4549 1099 4618 qui
1149 4558 1272 4621 post
1321 4548 1572 4602 divinum
1606 4546 1713 4601 hoc
1748 4546 2018 4614 scriptum

450 4650 729 4705 nostrum,
776 4641 921 4710 quod
955 4644 1020 4695 ad
1066 4652 1373 4710 exoptatam
1421 4642 1489 4695 ab
1531 4640 1789 4694 omnibus
1819 4650 2023 4692 sancire

455 4739 549 4791 Dei
596 4735 856 4791 Ecclesia:
901 4734 1165 4788 unionem
1203 4732 1602 4788 conciliandam
1634 4746 1702 4785 ex
1748 4730 2022 4785 sententia

456 4831 552 4883 Dei
603 4829 1012 4898 promulgatum
1044 4842 1167 4881 esse
1198 4839 1525 4896 persuasum
1574 4823 1867 4886 habemus,
1904 4824 2024 4876 ausi

454 4937 697 4992 unquam
725 4921 931 4975 fuerint
971 4920 1055 4973 vel
1100 4920 1153 4973 itt
1182 4918 1583 4986 disputatione,
1619 4915 1706 4969 vel
1739 4916 1791 4968 in
1820 4915 2028 4969 doctri-

454 5032 549 5087 pa,
581 5015 663 5069 vel
694 5015 747 5069 in
775 5014 982 5083 scripto
1020 5014 1396 5081 qualicunque
1432 5008 1654 5062 tandem
1688 5015 1937 5075 tempore
1970 5016 2028 5061 ct

456 5109 620 5175 modo
670 5116 725 5161 et
777 5108 933 5172 loco,
982 5103 1338 5160 Chalcedone
1395 5101 1663 5154 adversus
1718 5098 1880 5152 ﬁdem
1940 5114 2030 5153 res

342 5236 355 5247 κ
455 5211 686 5271 povatas
717 5200 987 5270 proferre,
1019 5206 1115 5251 aut
1159 5195 1352 5250 saltent
1400 5193 1708 5255 nominare,
1746 5202 1805 5245 ut
1837 5190 2029 5244 turba-

457 5311 581 5366 rum
632 5306 688 5351 et
739 5291 1030 5349 seditionis
1074 5290 1131 5344 in
1186 5287 1393 5343 sanctis
1439 5285 1534 5339 Dei
1582 5283 1836 5339 ecclesiis
1870 5291 1926 5335 et
1975 5282 2031 5335 in

460 5392 707 5455 ltumana
748 5386 959 5440 ditione
985 5383 1138 5437 onmi
1171 5392 1451 5442 auctores,
1486 5388 1539 5431 et
1582 5375 1673 5431 Dei
1726 5375 2033 5443 salutisque

454 5474 661 5553 ’ριιεῑι-αξ
688 5481 893 5543 hostes,
916 5475 1343 5548 juheinusjuxta
1368 5468 1794 5523 constitutiones
1824 5466 2033 5519 dudum

464 5584 592 5645 ante
625 5588 725 5627 nos
771 5571 838 5624 ab
869 5584 937 5624 eo
967 5567 1061 5639 qui
1116 5566 1170 5621 iu
1202 5566 1358 5619 beata
1390 5573 1445 5616 et
1481 5569 1671 5615 sancta
1719 5558 1906 5628 quiete
1952 5567 2037 5611 est

465 5672 804 5740 imperatore
839 5661 1160 5718 Theodosio
1189 5658 1458 5713 adversus
1496 5652 1837 5725 ejuscemodi
1869 5651 2039 5704 malc-

466 5764 761 5831 t'olcntiatn
810 5756 971 5825 latas,
1017 5766 1070 5812 ct
1118 5770 1274 5811 sacro
1320 5750 1451 5812 huic
1504 5747 1769 5805 circulari
1825 5743 2034 5814 scripto

2104 3178 2263 3230 γισαν
2306 3162 2357 3215 οἱ
2392 3159 2472 3232 ρν¹
2518 3159 2666 3228 άγιοι
2713 3158 2993 3229 Πατέρες·
3038 3159 3114 3222 ὡς
3160 3158 3343 3223 ἔδοξεν
3383 3159 3675 3229 όριστικῶς

2105 3255 2201 3309 καὶ
2234 3254 2347 3317 τοῖς
2372 3253 2512 3312 μετά
2538 3252 2712 3305 ταῦτα
2745 3250 3064 3304 συνελθοῦσι
3093 3250 3234 3304 κατὰ
3263 3250 3363 3321 τὴν
3409 3252 3678 3318 Ἐφεσίων

2111 3345 2447 3416 μητρόπολιν
2471 3344 2791 3407 ὁσιωτάτοις
2824 3344 3108 3412 Πατράσιν
3132 3358 3146 3372 ·
3180 3343 3265 3397 ὅτι
3295 3343 3378 3396 δεῖ
3423 3346 3573 3414 μόνῳ
3601 3343 3680 3411 τῷ

2109 3440 2250 3510 άγίῳ
2278 3438 2535 3509 συμϐόλῳ
2563 3437 2673 3491 τῶν
2703 3436 2808 3508 τιη⁹
2836 3437 3007 3505 ἁγίων
3040 3437 3303 3506 Πατάρων
3332 3439 3571 3507 στοιχεῖν
3600 3437 3679 3498 είς

2110 3534 2235 3601 ὅρον
2264 3532 2500 3595 πίστεως
2524 3548 2537 3563 ⁸
2569 3530 3067 3601 άναθεματίξοντες
3096 3531 3245 3584 άπαν
3275 3530 3335 3585 τὸ
3382 3531 3683 3599 γενόμενον

2112 3629 2169 3680 ὲν
2199 3626 2506 3695 Χαλκηδόνι
2535 3626 2645 3679 τῶν
2681 3624 2982 3693 όρθοδόξων
3009 3624 3155 3679 λαῶν
3200 3626 3558 3696 πρόσκομμα,
3589 3624 3684 3679 καὶ

2111 3721 2374 3783 όλοτελῶς
2424 3721 2535 3773 τῶν
2576 3720 2883 3789 ἐκκλησιῶν
2918 3720 3301 3784 ὲκὸάλλοντες,
3337 3720 3413 3781 ὡς
3465 3736 3684 3787 παρεμ-

2114 3815 2293 3868 ποδὼν
2327 3814 2621 3884 γενόμενον
2653 3816 2719 3884 τῇ
2758 3814 3115 3883 οίκουμενικῇ
3156 3816 3250 3867 καὶ
3290 3812 3539 3883 ἡμετέρᾳ
3586 3813 3681 3865 εὑ-

2118 3907 2348 3977 πραγίᾳ.
2385 3906 2524 3969 Τοὺς
2549 3906 2605 3959 δὲ
2633 3907 2775 3974 μετὰ
2804 3905 3013 3971 ταύτας
3051 3903 3208 3975 ἡμῶν
3236 3905 3334 3967 τάς
3380 3904 3533 3966 θείας
3567 3903 3691 3956 συλ-

2115 4001 2309 4064 λαϐάς,
2342 3999 2406 4063 ἃς
2430 3998 2573 4053 κατα
2603 3998 2736 4050 Θεὸν
2765 3995 3184 4066 ἑκπεφωνῆσθαι
3213 3993 3566 4062 πιστεύομεν,
3592 3992 3690 4064 τὴν

2117 4090 2470 4163 ἐπιθυμητὴν
2531 4091 2699 4143 πᾶσιν
2739 4088 2938 4141 ἕνωσιν
2988 4085 3532 4159 πραγματευομένας
3591 4086 3691 4153 τῆς

2121 4181 2283 4248 ἁγίας
2328 4177 2423 4231 τοῦ
2472 4176 2610 4229 Θεοῦ
2669 4174 3025 4244 Ἐκκλησίας,
3084 4170 3501 4242 ὲπιχειροῦντάς
3562 4187 3692 4229 ποτε

2122 4272 2441 4343 προφέρειν,
2476 4271 2507 4339 ἢ
2555 4268 2694 4331 ὅλως
2743 4268 3038 4337 ὀνομάζειν
3080 4267 3137 4319 ιν
3166 4264 3427 4329 διαλέξει,
3474 4264 3507 4334 ἢ
3548 4264 3696 4316 διδα-

2126 4362 2346 4433 σκαλία,
2376 4361 2409 4433 ἢ
2439 4362 2497 4415 εν
2522 4359 2945 4429 συγγράμμασι,
2964 4357 3088 4412 καθ’
3106 4354 3217 4411 οἷον
3239 4357 3302 4427 δή
3335 4373 3464 4410 ποτε
3485 4355 3694 4427 καιρὸν,

2127 4456 2159 4527 ἢ
2194 4454 2418 4525 τρόπον,
2453 4449 2719 4522 ἦτόπονῆ
2754 4450 2810 4501 ὲν
2833 4448 3141 4513 Χαλκηδόνι
3163 4445 3538 4515 γεγενημένην
3559 4444 3698 4495 κατά

2123 4550 2223 4616 τῆς
2264 4547 2503 4607 πίστεως
2534 4540 2920 4610 καινοτομίαν·
2952 4539 3079 4602 τοὺς
3105 4539 3382 4599 τοιούτους
3414 4535 3490 4597 ὡς
3519 4550 3624 4603 ταρ
3639 4554 3697 4583 2.-

2128 4642 2229 4711 χῆς
2262 4639 2358 4692 καὶ
2388 4634 2799 4696 ἀκαταστασίας
2843 4633 2965 4693 ταῖς
2999 4631 3183 4699 άγίαις
3210 4628 3304 4682 τοῦ
3333 4626 3467 4679 Θεοῦ
3498 4625 3695 4693 ἐκκληι-

2122 4734 2299 4795 ησίαις,
2346 4730 2442 4783 καὶ
2488 4728 2567 4798 τῷ
2614 4725 2839 4796 ὑπηκόῳ
2867 4724 3036 4777 παντὶ
3078 4720 3420 4791 παραιτίους,
3488 4716 3607 4787 Θεῷ
3638 4731 3697 4768 τε

2134 4824 2229 4875 καὶ
2262 4824 2327 4891 τῇ
2390 4820 2644 4889 ἡμετέρα
2702 4816 2951 4885 σωτηρίᾳ
3004 4814 3321 4881 πολεμίους,
3382 4812 3697 4879 κελεύομεν,

2134 4914 2275 4967 κατὰ
2306 4912 2433 4972 τοὺς
2466 4910 2566 4979 ἤδη
2598 4908 2707 4978 πρὸ
2755 4906 2914 4978 ἡμῶν
2944 4904 3312 4966 θεαπίσαντας
3344 4909 3495 4974 παρὰ
3523 4901 3615 4956 τοῦ
3648 4904 3705 4956 ὲν

2136 5004 2385 5075 μακαρίᾳ
2419 5003 2514 5053 καὶ
2540 5000 2659 5070 θεία
2682 5002 2748 5069 τῇ
2784 4998 2934 5067 λήξει
2962 4999 3259 5066 γενομένου
3286 4995 3551 5065 βασιλέως
3578 4994 3709 5057 Geo.

2131 5096 2311 5150 δοσίου
2333 5093 2477 5146 κατά
2504 5093 2603 5160 τῆς
2624 5090 2881 5161 τοιαύτης
2905 5087 3193 5152 κακονοίας
3214 5089 3433 5159 νόμους,
3463 5090 3589 5150 τοὺς
3617 5086 3710 5138 καὶ

2133 5186 2612 5255 ὑποτεταγμένους
2657 5184 2799 5253 τῷδε
2843 5182 3007 5252 ἡμῶν
3040 5181 3120 5251 τῷ
3152 5182 3285 5251 θείῳ
3328 5180 3622 5249 ἑγκυκλίῳ,
3660 5180 3709 5230 εί

2139 5284 2238 5350 μιν
2270 5278 2561 5330 ἐπίσκοποι
2595 5274 2628 5343 ἢ
2662 5273 2919 5341 κληρικοὶ
2943 5266 3081 5336 εἷεν,
3130 5268 3539 5338 καθαιρεῖσθαι,
3577 5267 3625 5319 εί
3654 5264 3711 5317 δι

2140 5368 2466 5443 μονάζοντες
2494 5368 2527 5436 ἢ
2561 5364 2761 5427 λαῖκοὶ,
2798 5364 3000 5435 ἐξορίᾳ,
3042 5363 3137 5415 καὶ
3168 5360 3433 5430 δημεύσει
3463 5356 3711 5423 παντοίᾳ,

2138 5465 2233 5517 καὶ
2269 5463 2380 5524 τοῖς
2405 5460 2655 5528 ἐσχάτοις
2684 5456 3021 5510 ὑποπίπτειν
3063 5452 3386 5521 ἑπιτιμίοις.
3419 5449 3576 5504 υῦτω
3606 5449 3715 5520 γὰρ

2139 5560 2172 5627 ἠ
2209 5556 2295 5610 άεί
2326 5569 2457 5606 ποτε
2485 5552 2636 5621 παρὰ
2672 5551 2768 5619 τῆς
2805 5537 3082 5619 ἡμετέρας
3135 5544 3423 5607 εὐσεϐείας
3477 5557 3719 5613 προσκυ-

2143 5648 2381 5718 νουμένη
2432 5645 2565 5713 ἁγία
2612 5644 2705 5697 καὶ
2756 5641 3074 5711 όμοούσιος,
3132 5637 3469 5710 δημιουργός
3519 5651 3580 5687 τε
3627 5636 3721 5687 καὶ

2142 5740 2402 5808 (mortem;
2452 5737 2560 5792 τῶν
2610 5738 2745 5791 ὅλων
2782 5734 2974 5800 Τριᾰς,
3018 5732 3421 5797 maxumin
3474 5729 3568 5784 xui
3624 5726 3741 5785 νῦν.
