4070 6204
462 246 559 318 131

450 458 761 515 exornavit.
797 457 1089 511 Basiliscus
1118 456 1185 511 de
1227 456 1465 511 Zenonis
1510 464 1665 510 motu
1694 459 1905 511 certior
1943 454 2021 508 fa-

456 557 601 609 ctus,
636 547 1028 603 consobrinum
1052 562 1214 600 suum
1240 545 1582 600 Harmatium
1616 548 1692 615 (ί)
1732 547 2019 615 copiarum

459 637 514 691 in
542 637 776 692 Thracia
810 637 1029 699 ducem,
1065 639 1160 707 qui
1208 652 1562 707 progressum
1608 638 1757 691 illius
1788 636 2021 705 impedi-

459 732 847 792 ret,adveraus
867 746 994 783 eum
1024 730 1194 795 misit,
1210 731 1370 801 671
1396 746 1639 800 eumque
1661 730 2023 800 jurejurando

458 827 591 877 sane
625 838 791 890 quam
828 822 1133 885 horrendo,
1166 839 1235 876 ne
1267 839 1325 877 se
1360 838 1600 893 unquam
1632 822 1840 875 Zenoni
1885 836 2022 874 cou-

470 915 746 982 jungeret,
795 914 1109 969 obstrinxit.
1160 914 1474 969 Harmatius
1519 930 1642 968 cum
1684 913 1902 967 Zenone
1954 912 2023 967 ad

459 1006 696 1060 Niczeam
728 1022 1082 1077 congressum,
1110 1009 1164 1062 in
1190 1024 1319 1063 eum
1354 1009 1505 1062 illum
1533 1009 1769 1078 conjecit
1792 1017 2023 1071 metum,

460 1107 515 1151 ut
551 1100 753 1151 frustra
784 1114 841 1152 se
866 1115 979 1152 rem
1010 1115 1174 1168 quam
1200 1100 1474 1155 conficere
1505 1102 1779 1170 nequiret,
1804 1102 2024 1172 aggredi

460 1190 706 1260 putarit:
728 1189 832 1244 nisi
858 1190 1020 1245 donis
1043 1206 1107 1245 ac
1131 1192 1626 1261 pollicitationibus
1656 1193 2027 1257 Uarmatium,

460 1297 521 1336 se
562 1282 820 1336 videlicet
853 1281 1175 1336 Basiliscum
1213 1284 1385 1337 lilium
1420 1284 1538 1354 ejus
1578 1283 1831 1339 Caesarea
1868 1287 2027 1339 taenia

460 1382 855 1427 exornaturum
905 1390 1050 1441 esse,
1105 1384 1474 1446 expugnaret.
1526 1376 1706 1446 Atque
1756 1376 1830 1431 ita
1880 1375 2030 1433 hunc

462 1479 683 1534 quoque
730 1465 1090 1535 jurisjurandi
1158 1466 1480 1536 religionem
1538 1449 2025 1537 parvifacieutem,

464 1555 614 1610 Zeno
652 1557 919 1611 adversus
944 1557 1269 1612 Basiliscum
1301 1562 1353 1613 in
1387 1561 1638 1628 partibus
1667 1562 1782 1615 suis
1816 1562 2026 1616 habuit.

1639 248 2053 312 NICEl'lilllil
2092 250 2434 311 CALLIS'I'I

453 364 727 429 condidit,
750 363 895 433 quod
921 364 1092 420 multo
1118 378 1255 418 auro
1278 373 1335 419 et
1358 363 1743 433 imperialibus
1770 361 2019 418 donariis

2137 377 2210 415 τιν
2259 362 2521 432 ἐκμαθὼν
2588 362 2863 433 Ζήνωνος.
2935 362 3026 417 τὸν

3100 363 3319 434 ἀνεψιὸν
3392 366 3687 436 Ἀρμάτιον

2123 456 2340 525 ἔπεμπε
2387 456 2695 525 στρατηγὸν
2715 456 2827 509 τῶν
2865 457 2923 508 ἐν
2951 456 3145 529 Θρᾴκῃ
3179 459 3502 512 καθεστῶτα
3529 460 3686 513 δυνα-

2129 565 2297 615 μεων,
2362 550 2570 600 ἐκεῖνον
2593 549 2683 599 ἐπὶ
2710 548 2778 599 τὰ
2806 550 2991 616 πρόσω
3030 549 3169 601 ἰέναι
3198 549 3539 616 κωλύσοντα,
3593 554 3687 621 Ep-

2124 656 2242 700 κοις
2280 640 2529 707 φρικτοίς
2560 638 2754 690 τοῦτον
2784 639 3226 708 ἀσφαλισάμενος
3258 640 3332 709 μὴ
3362 642 3686 695 σπείσασθαί

2128 747 2258 781 ποτε
2300 731 2531 798 Ζήνωνι.
2606 730 2668 782 Ὀ
2698 729 2745 781 δ’
2780 732 2838 782 ἐν
2883 731 3089 797 Notati;
3143 731 3434 800 συμϐαλὼν
3475 734 3684 801 ἐκείνῳ,

2126 820 2217 870 ἐπὶ
2239 821 2392 872 τόσον
2424 822 2635 873 ἐκεῖνον
2657 821 3021 889 κατέπληξεν,
3059 821 3137 883 ὼς
3180 822 3504 888 λογίσασθαι
3562 826 3691 891 ἀνη-

2127 910 2307 971 νύτοις
2340 911 2476 977 δῆτα
2502 912 2901 981 ἐπιχειρεῖν,εί
2954 913 3029 981 μὴ
3088 912 3283 981 δώροις
3350 912 3692 979 ὑποφθείρας

2126 1000 2313 1053 τοῦτοι
2340 1001 2527 1069 Ζήνων
2555 1003 2648 1054 καὶ
2680 1002 3059 1070 ὑποσχέσεσιν,
3101 1001 3177 1063 ὡς
3228 1002 3336 1071 ἄρα
3388 1006 3455 1071 τῇ
3489 1002 3695 1053 Καισα-

2130 1098 2257 1163 ρικῇ
2305 1096 2490 1163 saw-fg.
2523 1094 2615 1145 τὸν
2648 1093 2854 1146 ἐκείνου
2888 1094 3005 1145 υίὸν
3040 1093 3362 1147 Βασιλίσκον
3402 1098 3692 1163 κοσμήσοι,

2129 1189 2271 1237 κατὰ
2296 1183 2391 1236 τοῦ
2420 1183 2754 1253 κρατοῦντος
2792 1185 2887 1237 καὶ
2912 1183 3101 1236 τοῦτον
3134 1185 3313 1256 ἔσχεν,
3348 1187 3405 1237 ἐν
3454 1185 3692 1254 causam

2127 1284 2195 1328 τα
2228 1275 2337 1328 τῶν
2367 1276 2545 1345 ὅρκων
2569 1275 2634 1346 δὴ
2664 1275 2917 1345 θέμενον.
2962 1276 3021 1328 Ὀ
3070 1278 3169 1346 μὲν
3220 1274 3315 1329 οὖν
3366 1277 3688 1337 Βασιλίσκος

2127 1366 2299 1420 ταῦτα
2354 1364 2564 1436 μαθὼν,
2598 1366 2759 1429 εὐθὺς
2788 1366 3081 1436 ὑπεχώρειο
3124 1368 3215 1419 καὶ
3249 1369 3339 1420 τὸν
3408 1367 3689 1435 βασιλικὸν
3785 1435 3789 1439 _

2132 1458 2398 1524 στέφανον
2430 1460 2496 1526 τῇ
2549 1457 2669 1525 θεία
2723 1457 2972 1527 τραπέζῃ
3018 1456 3321 1526 ἐνθέμενος,
3378 1456 3537 1517 abte;
3590 1457 3690 1507 σὺν

2132 1546 2390 1617 Ζηιωνίδι
2418 1548 2510 1599 ἐπὶ
2540 1548 2601 1599 τὸ
2638 1547 3034 1616 βαπτιστήριον
3100 1548 3285 1615 ίκέτης
3325 1550 3689 1617 προσέφευγε.

468 1647 539 1699 At
572 1648 871 1704 Basiliscus
926 1649 1011 1703 his
1058 1651 1228 1705 rebus
1277 1653 1535 1721 cognitis,
1577 1652 1765 1707 statim
1807 1662 2029 1707 senten-

2137 1641 2316 1709 Ζήνων
2342 1638 2389 1691 δ’
2413 1637 2472 1702 ἐξ
2487 1638 2652 1707 αὐτῆς
2681 1640 2745 1707 τῇ
2782 1637 3048 1701 Βύζαντος
3076 1639 3445 1708 ποοσδεχθεὶς,
3472 1641 3691 1707 πρῶτον

470 1738 602 1791 tiam
637 1739 908 1792 mutavit:
940 1749 997 1793 et
1044 1741 1314 1809 imperiali
1367 1758 1569 1797 corona
1614 1758 1784 1797 sacrae
1832 1759 2031 1797 mensa:

469 1830 749 1897 imposita,
779 1830 1007 1899 supplex
1059 1834 1173 1901 ipse
1216 1846 1342 1886 eum
1382 1834 1666 1889 Zenonide
1692 1837 1769 1903 (Ξ)
1803 1834 1869 1888 ad
1901 1835 2034 1903 bap-

464 1921 739 1973 tisterium
784 1922 1053 1991 confugit.
1106 1923 1255 1978 Zeno
1304 1926 1596 1979 confestim
1646 1927 2035 1981 Constantino-

469 2007 577 2076 poli
608 2020 895 2077 exeeptus,
932 2012 1170 2080 primum
1204 2014 1493 2068 ecrlesiam
1524 2035 1552 2065 ιι
1577 2031 1797 2084 agnam,
1833 2015 2033 2070 deinde

467 2115 590 2155 cum
641 2110 909 2169 apparatu
966 2112 1020 2157 et
1070 2105 1336 2159 comitatu
1392 2106 1630 2159 maximo
1690 2107 2031 2173 imperialem

468 2195 675 2262 regiam
703 2198 988 2265 ingressus
1017 2205 1122 2251 est.
1157 2196 1452 2251 Basiliscus
1481 2207 1664 2250 autem
1688 2213 1812 2252 Clllll
1841 2200 2031 2269 viginti

470 2303 689 2342 menses
739 2290 792 2342 in
837 2289 1089 2343 Romino
1141 2289 1377 2359 imperio
1418 2299 1681 2359 tyrannus
1727 2292 1943 2354 fuisset,
1978 2293 2033 2345 in

464 2378 866 2448 Cappadociam
923 2381 1229 2434 moriturus
1293 2380 1498 2434 missus
1551 2391 1636 2435 est
1687 2397 1702 2434 :
1755 2392 1921 2451 atque
1978 2382 2032 2436 iu

468 2470 752 2525 mansione
780 2471 1016 2539 quadam
1056 2486 1152 2526 seu
1184 2472 1408 2527 militari
1444 2472 1759 2528 diversorio
1799 2476 1899 2543 (5),
1944 2476 2034 2529 cui

464 2560 630 2615 Acusi
665 2576 866 2615 nomen
902 2570 1007 2627 est,
1038 2578 1165 2616 cum
1197 2579 1367 2617 uxore
1410 2573 1465 2618 et
1493 2565 1685 2618 liberis
1715 2565 2036 2621 interfectus

467 2662 573 2706 est.
608 2652 652 2706 A
678 2652 899 2707 Zenone
931 2654 1121 2707 statim
1149 2653 1440 2708 Circenses
1474 2655 1590 2709 ludi
1618 2655 1777 2709 editi.
1822 2657 2034 2712 Deinde

466 2747 537 2806 is.
570 2762 666 2815 pro
693 2762 759 2800 eo
788 2755 953 2817 atque
980 2748 1142 2817 paulo
1167 2758 1296 2802 ante
1332 2764 1391 2803 se
1425 2750 1698 2803 facturum
1728 2750 2035 2820 juraverat,

468 2838 735 2893 llarmalii
759 2840 1183 2911 quidem-lilium
1215 2841 1534 2896 Basiliscum
1569 2843 1635 2896 ad
1676 2842 1910 2899 Caesaris
1944 2843 2035 2897 di-

468 2929 729 2995 guitatctn
766 2930 1005 2985 extulit:
1035 2940 1225 2999 postea
1256 2940 1439 2985 autem
1471 2930 1841 2995 Harmatium,
1887 2932 2034 3003 quod

2140 1734 2237 1798 μέν
2262 1732 2353 1784 ἐπὶ
2374 1731 2467 1783 τὸν
2504 1738 2679 1799 μέγαν
2738 1731 2822 1800 ᾔει
2878 1730 3032 1782 νεών*
3087 1731 3278 1783 ἔπειτα
3339 1731 3533 1801 ἐχώρει
3597 1733 3694 1785 σὺν

2136 1825 2328 1891 πομπῇ
2360 1822 2591 1892 μεγίστη
2626 1823 2761 1887 πρὸς
2813 1821 2882 1871 τὰ
2938 1821 3205 1884 βασίλεια.
3269 1822 3590 1883 Βασιλίσκος
3638 1821 3694 1872 δὲ

2136 1911 2183 1965 κ’
2240 1913 2415 1981 μῆνας
2473 1912 2572 1981 τὴν
2621 1909 2911 1979 Ῥωμαίων
2952 1910 3123 1981 ἀρχὴν
3181 1912 3541 1979 τυραννήσας,
3604 1913 3694 1963 ἐπὶ

2134 2003 2233 2073 τὴν
2267 1999 2650 2055 Καππαδοκῶν
2677 2000 2959 2057 ἐστέλλετο
3014 2000 3432 2068 τεθνηξόμενος
3511 2000 3603 2052 καὶ
3639 2001 3695 2051 ἔν

2133 2113 2239 2147 τινι
2274 2094 2496 2161 σταθμῷ
2523 2092 2768 2160 Ἀκουσῷ
2799 2092 3076 2161 λεγομένῳ
3107 2093 3201 2145 σὺν
3238 2093 3457 2159 γυναικὶ
3494 2095 3588 2144 καὶ
3617 2093 3699 2145 τέ-

2138 2206 2282 2247 κνοις
2307 2188 2522 2253 δέχεται
2543 2185 2641 2253 τὴν
2662 2189 2895 2252 σφαγήν.
2933 2184 3176 2236 Ἱππικὸν
3201 2184 3245 2235 δ’
3272 2184 3431 2245 εὐθὺς
3468 2188 3695 2255 ποιήσας

2136 2283 2173 2334 Ζ
2186 2284 2321 2347 ἕδνων
2335 2284 2472 2331 κατα
2487 2280 2611 2337 τοὺς
2629 2278 2733 2347 πρὸ
2746 2278 2969 2347 βραχέος
2986 2278 3231 2337 δοθέντας
3250 2279 3465 2344 ὅρκους.
3484 2282 3574 2331 τὶν
3594 2281 3693 2349 μὲν

2148 2375 2441 2443 ’Λρματίου
2462 2374 2577 2423 υῑῖν
2604 2372 2924 2423 Βασιλίσκον
2941 2373 3006 2438 τῇ
3032 2369 3126 2422 τοῦ
3164 2371 3437 2439 Καίσαρος
3455 2370 3579 2441 ἀξίᾳ
3612 2389 3694 2422 τι·

2141 2471 2234 2540 μᾷ·
2256 2470 2309 2529 ἐς
2344 2466 2570 2535 ὕστερον
2582 2464 2639 2516 δέ
2668 2463 3020 2531 λογισάμενος
3036 2464 3109 2525 ὠς
3132 2464 3420 2531 Ἀρμάτιος
3443 2463 3696 2534 οὐδαμῶς

2138 2564 2186 2613 οἱ
2213 2559 2358 2627 αὑτῷ
2398 2559 2465 2610 τὰ
2491 2555 2661 2609 πιστὰ
2694 2554 2917 2624 φυλὰξοι
2955 2552 3145 2624 ὥσπερ
3198 2554 3316 2606 οὐδὲ
3364 2554 3694 2623 Βασιλίσκῳ,

2138 2652 2351 2705 κελεύει
2397 2649 2587 2703 τοῦτον
2622 2646 2922 2715 σφαγῆναι·
2974 2646 3065 2699 τὸν
3109 2646 3154 2699 δ’
3182 2646 3389 2699 ἐκείνου
3456 2647 3570 2698 υίὶν
3607 2654 3699 2698 τὴν

2142 2748 2390 2813 Καίσαρα
2469 2742 2621 2810 ίερέα
2673 2741 3022 2810 ἐχειροτόνει.
3110 2738 3295 2809 Πολλῷ
3360 2739 3419 2792 δὲ
3474 2738 3700 2809 ὕστερον

2139 2834 2290 2900 οὗτος
2350 2840 2441 2891 καὶ
2491 2836 2590 2907 τὴν
2643 2833 2968 2904 Κυζικηνῶν
3033 2833 3329 2900 ἐκκλησίαν
3404 2832 3700 2901 ἐποίμαινεν

2141 2934 2358 3001 ἄριστα.

469 3042 596 3079 eum
633 3043 741 3081 non
779 3029 950 3097 magis
974 3028 1103 3093 sibi,
1132 3044 1296 3097 quam
1326 3028 1591 3085 Basilisco
1659 3030 1877 3097 fuisset,
1940 3032 2109 3087 fidum
2148 3033 2261 3087 fore
2316 3028 2707 3088 arbitraretur,
2754 3024 2992 3096 jugulari
3034 3023 3199 3094 jussit
3246 3041 3260 3079 :
3326 3023 3492 3078 ﬁlium
3539 3038 3703 3092 porro

467 3120 588 3186 ejus
657 3118 929 3175 Caesarem
999 3124 1344 3176 sacerdotem
1420 3122 1593 3187 fecit,
1655 3122 1751 3194 qui
1823 3124 2023 3182 deinde
2065 3126 2237 3187 multo
2305 3134 2425 3191 post
2470 3119 2760 3177 ecclesiam
2825 3117 3145 3189 Cyzicenam
3210 3119 3415 3187 optime
3461 3118 3703 3171 admini-

470 3216 688 3269 stravit.

1079 3311 1304 3370 CAPUT
1356 3314 1451 3370 IX.

476 3420 723 3491 Episcopi
768 3422 952 3495 Asiani
1005 3422 1240 3477 libellum
1301 3428 1617 3495 ρωηὶιειιιὶιε
1664 3428 1732 3481 ad
1785 3428 2035 3485 Acacium

722 3493 959 3557 mittunt,
997 3495 1060 3546 de
1101 3493 1308 3564 synodo
1340 3512 1458 3550 cum
1489 3496 1782 3566 placantes.

542 3649 691 3706 Zeno
718 3652 883 3706 simul
917 3660 1081 3722 atque
1110 3654 1164 3708 in
1191 3654 1481 3724 imperium
1512 3658 1797 3713 restitutus
1819 3667 1922 3714 est.
1945 3674 2039 3727 per

474 3744 935 3798 censtitutionem
980 3746 1241 3814 scriptam
1292 3750 1728 3817 quamprimum,
1767 3750 2037 3819 quidquid

470 3851 501 3887 a
540 3843 770 3904 tyranno
805 3834 1070 3890 Basilisco
1114 3852 1213 3905 per
1243 3838 1546 3893 circulares
1582 3840 1799 3895 litteras
1846 3852 2037 3894 contra

476 3926 636 3979 tidem
669 3934 925 3979 novatum
957 3926 1160 3990 fuerat,
1189 3926 1497 3996 abrogavit.
1522 3928 1679 3993 Quod
1714 3930 1807 3983 ubi
1852 3930 2039 3984 Asiani

464 4016 717 4085 episcopi
770 4015 1182 4081 intellexerunt,
1242 4016 1426 4071 missis
1468 4016 1535 4070 ad
1588 4017 1845 4073 Acacium
1892 4018 2041 4073 Con-

468 4107 1026 4176 stantinopolitanum
1064 4107 1383 4177 episcopum
1438 4110 1781 4179 paenitentia:
1812 4109 2039 4176 libellis,

470 4200 706 4270 gratiam
734 4200 839 4254 sibi
872 4201 987 4256 lieri
1024 4199 1341 4271 petierunt:
1374 4200 1463 4257 illa
1504 4201 1890 4269 deprecatione
1916 4202 2040 4268 usi,

473 4290 625 4360 quod
660 4308 765 4347 non
795 4288 894 4347 sua
923 4302 1141 4362 sponte,
1177 4292 1273 4346 sed
1319 4292 1370 4346 vi
1407 4294 1641 4346 maxima
1696 4293 1872 4348 adacti
1924 4294 2034 4347 cir-

477 4383 767 4436 cularibus
806 4383 1285 4453 subscripsissent.
1318 4384 1561 4455 Eamque
1604 4400 1718 4439 rem
1752 4385 1916 4455 672
1966 4386 2041 4442 ita

480 4482 540 4527 et
574 4490 681 4527 non
712 4475 874 4528 aliter
904 4490 963 4529 se
1003 4475 1230 4537 habere.
1256 4485 1312 4529 et
1346 4491 1403 4530 se
1428 4476 1867 4533 Cbalccdonensi
1916 4493 2045 4547 syn-

480 4565 588 4618 odo
620 4565 901 4629 assentiri,
950 4566 1290 4633 atquejuxta
1323 4567 1445 4636 ejus
1474 4567 1763 4622 decretum
1800 4580 1857 4622 et
1883 4581 2043 4621 antea

2733 3306 2983 3359 ΚΕΦΔΛ.
3034 3304 3111 3360 θ’.

2140 3428 2271 3484 Ὀτι
2303 3427 2356 3478 cl
2388 3421 2492 3487 τῆς
2521 3421 2722 3484 Ἀσάς
2750 3419 3072 3472 ἐπίσκοποι
3098 3419 3343 3481 ,ϐιϐλίον
3384 3421 3703 3487 μετανοίας

2223 3495 2471 3557 Ἀκτιχίῳ
2503 3492 2872 3544 ἀπέστειλαν
2920 3490 3312 3556 ἡμερούμενοι
3342 3489 3574 3541 ἐκεῖνον
3605 3492 3703 3543 διὰ

2209 3568 2324 3631 τὴν
2346 3562 2636 3616 σύνοδον.

2212 3658 2397 3724 Ζήνων
2421 3655 2477 3707 δέ
2520 3654 2637 3721 ἅμα
2676 3650 2753 3721 τῷ
2786 3653 2854 3719 τῇ
2905 3652 3047 3721 ἀρχῇ
3104 3652 3461 3721 καταστῆναι,
3501 3650 3706 3722 ἐγγρα-

2142 3766 2243 3818 φον
2274 3747 2437 3814 νόμον
2484 3744 2672 3805 ἐτίθει,
2702 3742 2760 3795 ὃς
2789 3742 3172 3812 προτροπάδην
3232 3741 3444 3812 ἀνῄρει,
3485 3743 3589 3795 ὅσα
3624 3743 3704 3811 τῷ

2139 3842 2394 3909 τυρὰννῳ
2452 3836 2761 3903 Βασιλίοκῳ
2805 3836 2918 3895 τοῖς
2973 3834 3283 3902 ἐγκυκλίοις
3341 3835 3723 3905 ἐνεωτερίσθη

2142 3932 2283 3985 κατὰ
2311 3932 2409 4000 τῆς
2440 3928 2697 3989 πίστεωςο
2725 3926 2755 3978 ὃ
2808 3926 2856 3978 οί
2879 3925 2979 3990 τῆς
3033 3924 3218 3989 Ἀσίας
3269 3925 3532 3995 μαθόντες
3580 3927 3705 3979 ἐπί-

2143 4038 2358 4083 σκοποι,
2405 4018 2586 4089 βιϐλία
2664 4016 2951 4086 μετανοίας
3002 4017 3414 4081 ἐπιπέμποντες
3461 4018 3706 4088 Ἀκπκὶῳ

2142 4204 2328 4276 ᾔτουν,
2414 4200 2864 4271 παραιτούμενοι,
2938 4199 3015 4263 ὡς
3095 4201 3191 4269 οὐχ
3277 4200 3513 4263 ἑκόντες.
3590 4202 3707 4253 ἀλλ’

2150 4296 2373 4367 ἀνάγκη
2427 4294 2655 4363 πλείστῃ
2718 4295 2831 4355 τοῖς
2891 4292 3203 4360 ἐγκυκλίοις
3263 4292 3708 4363 καθυπογράψαιο

2143 4388 2329 4457 ὅρκοις
2360 4401 2419 4437 τε
2453 4384 2583 4446 τοὺς
2606 4384 2797 4449 λόγους
2820 4382 3317 4452 κατησφαλίζοντο,
3340 4377 3376 4452 ἦ
3405 4383 3512 4450 μὴν
3534 4382 3710 4444 οὕτως

2144 4479 2288 4548 ἔχειν
2339 4478 2434 4531 καὶ
2464 4478 2566 4546 οὐχ
2597 4476 2822 4544 ἑτέρως’
2868 4475 2963 4528 καὶ
2987 4477 3052 4545 τῇ
3100 4475 3159 4527 ἐν
3210 4475 3513 4543 Χαλκηδόνι
3554 4476 3706 4528 συνό-

2143 4572 2218 4641 δῳ
2250 4570 2513 4632 τίθεσθαι,
2559 4568 2655 4621 καὶ
2684 4568 2803 4621 κατ’
2853 4568 3070 4637 ἐκείνην
3117 4566 3393 4620 πιστεύειν
3462 4568 3554 4621 καὶ
3607 4568 3703 4620 νῦν

480 4655 802 4718 credidisse,
834 4665 891 4710 et
936 4671 1084 4710 nunc
1111 4658 1363 4719 credere,
1408 4659 1721 4728 juremento
1752 4660 2033 4712 confirma-

2148 4662 2243 4715 καὶ
2278 4664 2564 4732 πρότερον.
2602 4660 2666 4713 Ἦ
2702 4660 2757 4713 δὲ
2790 4660 2899 4712 τῶν
2928 4657 3244 4711 ἐπισκόπων
3277 4658 3463 4730 γραφὴ
3498 4657 3709 4721 τούτοις

483 4758 632 4801 runt.
674 4748 1071 4817 Episcoporum
1116 4749 1386 4817 scriptum
1438 4752 1540 4802 lioc
1583 4759 1746 4804 erat:
1786 4770 1804 4803 ι
1844 4751 2033 4805 Acacic

2146 4758 2261 4815 τοῖς
2292 4754 2585 4823 γράμμασι
2626 4752 3009 4823 περιείληπτΨ
3075 4769 3095 4802 ι
3142 4750 3385 4820 Ἀκακίῳ
3437 4751 3516 4821 τῷ
3539 4752 3713 4819 ἁγιω-

481 4841 830 4894 sanctissimo
859 4849 914 4893 et
943 4838 1190 4909 piissimo
1217 4840 1579 4895 sanctissima:
1608 4858 1731 4911 qua:
1764 4842 1909 4910 apud
1940 4844 2033 4896 im-

2146 4818 2419 4916 tdttpvttal‘
2452 4818 2747 4914 vbatwtéttp
2799 4818 3117 4915 πατριάρχῃ
3149 4844 3249 4914 τῆς
3277 4818 3417 4897 κατὰ
3469 4818 3569 4914 τὴν
3620 4844 3713 4913 βα-

485 4941 765 5000 perantem
811 4930 1369 5001 Constantinopolim,
1420 4948 1614 4985 novam
1656 4934 1911 4994 Romam,
1959 4944 2033 4987 est

2148 4941 2467 4992 σιλεύουσαν
2499 4937 3077 4991 Κωνσταντινούπολιν
3123 4937 3248 4989 νέαν
3291 4935 3514 5005 Ῥώμην
3541 4937 3716 5003 ἁγιω-

485 5022 740 5076 Ecclesia:
790 5021 1137 5092 patriarchae.
1174 5040 1192 5073 ι
1246 5022 1312 5076 Et
1365 5032 1484 5090 post
1540 5038 1760 5092 pauca:
1816 5044 1834 5074 ι
1878 5024 2033 5079 Recte

2146 5034 2313 5103 τάτης
2350 5032 2731 5102 Ἑκκλησίας.»
2766 5031 2874 5083 Καὶ
2911 5031 3029 5100 μετ’
3060 5030 3238 5099 ὀλίγαο
3273 5048 3293 5083 ι
3328 5029 3605 5099 Ἐςρθασεν
3630 5031 3715 5097 ἐγ*

481 5126 612 5167 ιιιιε
665 5112 731 5165 ad
778 5129 879 5165 nos
934 5112 1117 5172 venit,
1169 5114 1265 5183 qui
1324 5113 1504 5167 locum
1558 5118 1725 5169 etiam
1798 5125 2041 5170 vestrum

558 5226 631 5279 ll)
667 5226 941 5293 Procoan
969 5231 1249 5278 Armatum
1282 5226 1552 5283 nominat.

562 5295 639 5362 t2)
666 5296 766 5346 A-lit
787 5294 1071 5347 Zenobiam
1097 5308 1311 5351 meant.

567 5366 643 5434 t5)
698 5365 1016 5417 Basiliscum
1059 5370 1364 5435 'tyrannum
1408 5385 1532 5423 cum
1598 5380 1765 5420 uxore
1817 5378 1873 5422 et
1920 5369 2048 5423 fiiiis

497 5434 645 5490 Zeno
670 5437 720 5486 in
743 5436 1139 5503 Cappadociam
1170 5436 1315 5506 misit
1336 5438 1529 5493 hiemis
1551 5448 1816 5505 tempore.
1845 5454 2051 5506 eosque

506 5520 681 5573 neque
714 5517 861 5557 veste
893 5519 1067 5576 neque
1086 5505 1495 5576 cibariisjuvari
1517 5507 1700 5576 jussit.
1726 5506 1877 5562 Unde
1898 5505 2049 5561 brevi

501 5590 561 5627 se
591 5576 821 5647 nuit-em
850 5574 1141 5647 complexi,
1169 5574 1615 5647 eullacrymantes
1640 5578 1836 5647 misere
1870 5593 2049 5647 per-c-

496 5655 643 5699 ruut.
669 5644 945 5711 tProcop.)
996 5642 1094 5699 llic
1126 5642 1468 5712 inexplebilis
1491 5646 1731 5700 avaritia:
1772 5642 1891 5700 l'uit'.
1917 5648 2049 5700 Nam

2145 5126 2294 5195 ἡμᾶς
2327 5126 2645 5194 πρεπόντως
2685 5124 2855 5177 ποιῶν
2876 5126 2904 5177 ὁ
2926 5124 3023 5178 καὶ
3050 5123 3143 5176 τὸν
3183 5123 3448 5194 ἡμέτερον
3477 5123 3718 5190 ἀναπλη-

2152 5249 2206 5291 et
2233 5236 2302 5290 ab
2342 5236 2696 5290 ecclesiarum
2728 5236 3071 5291 antistitibus
3095 5236 3379 5305 pecuniam
3400 5236 3581 5306 exc-git
3612 5253 3627 5291 :
3659 5248 3716 5290 et

2151 5322 2182 5360 a
2206 5306 2462 5359 tenuibus
2495 5306 2782 5374 epiﬁeibus
2807 5321 3067 5359 manuum
3130 5307 3319 5358 labore
3378 5306 3501 5358 vita:
3530 5322 3718 5372 sumpo

2154 5386 2240 5429 tus
2268 5376 2652 5437 tolerantibus.
2683 5375 3028 5429 excutiendis
3088 5390 3198 5427 non
3252 5376 3539 5427 abstinuit.
3571 5376 3719 5438 Qua-

2152 5454 2374 5514 propter
2422 5445 2492 5497 ob
2545 5444 2813 5514 ejusmodi
2865 5445 3200 5514 exactiones,
3260 5445 3518 5514 lacrymis
3558 5447 3717 5513 plena

2152 5513 2313 5569 erant
2367 5513 2586 5568 omnia.
2607 5514 2721 5568 Sub
2768 5515 2946 5567 Leone
2974 5515 3019 5567 is
3050 5529 3145 5582 pro
3188 5513 3411 5569 Rustico
3431 5516 3716 5583 cupiarum

2158 5585 2475 5639 militarium
2503 5584 2611 5639 dux
2648 5586 2843 5639 lectus.
2873 5584 3079 5653 (δοιά.)
