4074 6208
384 258 481 317 137

1322 254 1911 315 ECCIESIASTICIE
1950 254 2330 314 HISTORL-E
2374 258 2511 317 LIB.
2560 260 2714 320 XVI.

3531 260 3629 329 138

380 380 590 441 πίστιν,
624 378 820 449 ἥντινα
848 377 933 431 διὰ
965 378 1067 448 τῆς
1092 376 1247 440 θείας
1274 378 1682 445 ἐπιφοιτήσεως
1711 375 1942 441 ἐξὲθεντι

2059 374 2229 426 solam
2265 386 2469 429 rectam
2499 386 2557 430 et
2591 393 2775 432 veram
2813 379 2973 436 ﬁdem
3008 396 3169 452 quam
3199 380 3633 453 divinainspira-

382 471 484 537 μὲν
518 472 565 521 οί
600 472 658 521 ἐν
685 471 891 541 Νικαίᾳ
923 469 1405 539 συναθροισθέντες
1451 470 1757 534 τριακόσιοι
1788 467 1946 519 δεκα-

381 560 529 613 οκτὼ
558 564 703 629 ἆγιοι
736 564 1000 632 Πατέρες,
1032 563 1372 616 ἐϐεϐαίωσαν
1404 561 1461 613 δέ
1496 563 1543 613 οἱ
1576 564 1633 612 ἐν
1661 561 1950 613 Κωνσταν-

380 654 691 705 τινουπόλει
723 654 921 705 ἐκατὸν
951 656 1045 708 καὶ
1074 658 1412 721 πεντήκοντα
1437 652 1634 721 ὁμοίως
1666 651 1812 718 ἅγιοι
1838 653 1949 703 Ila-

379 750 539 817 τὲρες
596 746 961 805 συνελθόντες,
990 745 1203 814 νύκτωρ
1236 760 1293 797 τε
1329 746 1420 797 καὶ
1453 743 1771 810 μεθημέραν
1800 742 1947 812 πάσῃ

382 845 661 912 προσευχῇ
703 843 795 893 καὶ
828 843 1031 911 σπουδῇ
1065 844 1160 894 καὶ
1210 842 1396 910 νόμοις
1448 841 1774 909 κεχρήμεθα
1805 839 1948 908 πλη-

383 931 643 999 θυνθῆναι
676 932 745 984 δι’
766 932 939 1000 αὐτῆς
977 934 1075 1001 τὴν
1119 933 1462 1002 ἁπανταχόσε
1498 933 1658 1000 ἁγίαν
1688 932 1782 985 τοῦ
1812 933 1948 984 Θεοῦ

384 1024 678 1094 καθολικὴν
707 1024 799 1077 καὶ
832 1024 1198 1093 ἀποστολικὴν
1228 1024 1577 1093 Ἐκκλησίαν,
1608 1024 1711 1109 τὴν
1735 1025 1950 1093 ἇιρθιαρ⁴¹

380 1134 474 1169 τον
527 1118 621 1169 καὶ
672 1115 1026 1184 ἀτελεύτητον
1083 1118 1295 1186 μητέρα
1345 1117 1455 1168 τῶν
1505 1118 1788 1187 ἡμετέρων
1817 1119 1950 1186 σκή-

380 1226 570 1278 πτρων
592 1224 607 1240 ο
637 1209 829 1278 εἶρήνῃ
870 1225 929 1260 τε
961 1208 1056 1261 καὶ
1102 1212 1165 1277 τῇ
1223 1212 1350 1279 περὶ
1404 1210 1538 1262 Θεὸν
1570 1211 1793 1279 ὁμονοίᾳ
1828 1212 1953 1272 τοὺς

382 1299 625 1362 εὐσεϐεῖς
646 1299 805 1361 λαοὺς
830 1300 1206 1369 διαμένοντας,
1231 1301 1662 1368 εὐπροσδέκτους
1687 1303 1782 1363 τὰς
1808 1303 1949 1369 ὑπὲρ

378 1391 481 1455 τῆς
532 1392 810 1460 ἡμετέρας
864 1390 1147 1459 βασιλείας
1186 1394 1426 1451 ἱκετείας
1456 1394 1811 1463 προσφέρειν,
1852 1394 1949 1445 σὺν

379 1485 492 1544 τοῖς
522 1482 734 1550 θεοφιλε
748 1485 966 1546 στάτοις
1008 1485 1350 1547 ἐπισκόποις,
1375 1486 1470 1537 καὶ
1503 1484 1949 1547 θεοσεϐεστάτοις

380 1577 665 1643 κληρικοῖς
700 1576 795 1626 καὶ
841 1576 1300 1645 ἁρχιμανδρίταις
1345 1578 1441 1631 καὶ⁵
1475 1578 1792 1645 μονάζουσι.
1838 1577 1947 1631 Τοῦ

379 1669 488 1734 γὰρ
528 1667 767 1734 μεγάλου
801 1667 937 1720 Θεοῦ
985 1668 1079 1720 καὶ
1121 1653 1375 1739 Σωτῆρος
1405 1669 1562 1737 ἡμῶν
1606 1668 1781 1738 Ἰησοῦ
1812 1670 1951 1739 Χρι·

383 1763 529 1821 στοῦ,
557 1759 650 1811 τοῦ
688 1764 750 1812 ἐκ
778 1759 878 1827 τῆς
910 1760 1069 1826 ἁγίας
1103 1759 1381 1829 Παρθένου
1408 1760 1503 1813 καὶ
1533 1759 1794 1813 Θεοτόκου
1824 1761 1944 1812 Μα-

384 1854 507 1921 ρίας
548 1854 923 1921 σαρκωθέντος
961 1856 1053 1907 καὶ
1090 1855 1397 1923 τεχθέντος,
1417 1855 1513 1925 τὴν
1537 1856 1601 1907 ἐκ
1625 1854 1945 1923 συμφωνίας

380 1941 697 2009 δοξολογίαν
764 1943 860 1994 καὶ
909 1942 1168 2012 λατρείαν
1225 1944 1382 2012 ἡμῶν
1440 1942 1793 2005 ἐπαινοῦντος
1851 1944 1945 1996 καὶ

378 2036 616 2102 ἑτοίμως
644 2034 962 2102 δεχομένου,
994 2036 1062 2087 τὰ
1103 2037 1201 2103 μὲν
1235 2035 1344 2088 τῶν
1374 2035 1652 2103 πολεμίων
1684 2035 1943 2106 ἐκτριϐή-

383 2139 535 2179 σεται
594 2126 690 2179 καὶ⁵
738 2126 1194 2195 ἐξαλειφθήσεται
1226 2128 1357 2195 γένη
1380 2144 1392 2159 ·
1429 2129 1629 2191 πάντες
1661 2127 1718 2179 δὲ
1748 2127 1839 2180 τὸν
1867 2126 1946 2179 0!-

383 2222 531 2271 κεῖον
564 2217 949 2270 ὖποκλινοῦσιν
981 2218 1182 2287 αὐχένα
1226 2217 1305 2288 τῷ
1356 2218 1611 2288 ἡμετέρῳ
1644 2219 1784 2285 μετὰ
1812 2219 1945 2271 Θεὸν

384 2312 602 2380 κράτει.
634 2311 839 2380 Είρήνη
871 2310 927 2363 δὲ
973 2312 1067 2363 καὶ
1113 2312 1181 2362 τὰ
1214 2314 1277 2363 ἐκ
1306 2310 1509 2377 ταύτης
1540 2311 1741 2377 ἀγαθὰ,
1768 2312 1945 2377 ἀέρων

378 2421 441 2455 τε
484 2404 771 2473 εὐκρασία,
804 2407 899 2457 καὶ
947 2404 1177 2471 καρπῶν
1211 2403 1463 2471 εὖφορία,
1496 2405 1592 2455 καὶ
1626 2408 1692 2456 τὰ
1723 2404 1858 2457 ἄλλα
1889 2404 1945 2456 δὲ

376 2495 444 2546 τα
481 2494 866 2546 λυσιτελοῦντα
915 2496 1027 2554 τοῖς
1068 2493 1380 2563 ἀνθρώποις
1429 2494 1941 2562 φιλοτιμηθήσεται.

378 2586 568 2647 (ὶῦτως
603 2581 696 2638 οῦν
729 2587 827 2653 τῆς
875 2586 1182 2655 ἀμωμήτου
1223 2586 1461 2647 πίστεως
1490 2586 1635 2653 ἡμᾶς
1666 2602 1724 2636 τε
1756 2588 1849 2639 καὶ
1875 2588 1943 2638 τὰ

389 2680 676 2749 Ῥωμαῖκά
729 2678 1143 2749 περισωζούσης
1200 2678 1527 2748 πράγματα,
1569 2676 1782 2746 δεήσεις
1811 2680 1943 2745 ἡμῖν

377 2768 900 2839 προσεκομίσθησαν
976 2767 1129 2837 παρὰ
1186 2766 1454 2819 θεοσεϐὠν
1506 2765 1943 2835 ἁρχιμανδριτὼν

379 2862 473 2914 καὶ
504 2862 815 2931 ἐρημιτῶν,’
836 2860 932 2913 καὶ
964 2860 1167 2928 ἐτέρων
1200 2860 1496 2926 αίδεσίμων
1531 2857 1763 2927 ἀνδρῶν.
1805 2859 1943 2924 μετά

374 2953 629 3023 δακρύων
661 2951 1010 3003 ἱκετευόντων
1046 2950 1239 3002 ἕνωσιν
1271 2948 1525 3015 γενέσθαι
1564 2951 1679 3010 ταῖς
1705 2947 1943 3016 ἁγιωτά-

375 3063 497 3105 ταις
528 3044 866 3114 ἐκκλησίαις,
893 3042 1233 3111 συναφθῆναί
1262 3058 1321 3093 τε
1369 3041 1438 3093 τὰ
1472 3041 1606 3109 μέλη
1639 3042 1749 3100 τοῖς
1781 3038 1939 3107 μέλε-
1972 3076 2015 3131 C

375 3150 481 3191 σιν.
521 3132 663 3202 ἆπερ
693 3136 720 3185 ὁ
761 3132 1057 3201 μισόκαλος
1092 3132 1198 3182 ἀπὸ
1229 3131 1498 3183 πλείστων
1533 3131 1742 3199 χρόνων
1774 3129 1937 3197 χωρίς

377 3246 467 3279 σαι
494 3226 867 3296 κατηπείχθη,
895 3228 1182 3292 γινώσκων
1212 3224 1287 3286 ὡς
1334 3225 1380 3274 εί
1427 3223 1708 3291 ὁλοκλήρῳ
1737 3221 1811 3288 τῷ
1839 3220 1940 3286 τῆς

385 3319 710 3386 Ἐκκλησίας
765 3316 977 3387 σώματι
1041 3314 1324 3385 πολεμῴη,
1358 3314 1744 3383 ἡττηθήσεται.
1800 3314 1942 3380 Συμ-

372 3409 548 3461 ϐαίνει
571 3411 677 3477 γάρ
704 3412 765 3460 ἐκ
789 3409 981 3459 τούτου
1007 3407 1101 3459 καὶ
1128 3406 1317 3473 γενεὰς
1342 3404 1749 3474 ἀναριθμήτους
1774 3398 1939 3467 εἶναι,

372 3496 501 3554 ὅσας
539 3497 567 3545 ὁ
602 3495 792 3562 χρόνος
827 3495 886 3545 ὲν
921 3494 1197 3553 τοσούτοις
1234 3495 1378 3545 ἔτεσι
1414 3492 1513 3560 τῆς
1562 3493 1708 3560 ζωῆς
1738 3493 1943 3562 ὑπεξή-

375 3603 509 3651 γαγε
533 3603 547 3617 ·
575 3589 670 3640 καί
696 3588 793 3645 τὰς
833 3585 931 3655 μὲν
976 3586 1069 3637 τοῦ
1102 3585 1332 3653 λουτροῦ
1364 3585 1459 3651 τῆς
1513 3584 1941 3651 παλιγγενεσίας

373 3678 753 3747 ἐστερημένος
787 3676 1065 3741 ἀπελθεῖν,
1101 3677 1199 3739 τὰς
1230 3678 1283 3730 δὲ
1332 3680 1427 3744 τῆς
1460 3677 1609 3733 θείας
1655 3678 1942 3741 κοινωνίας

374 3773 445 3838 μὴ
483 3771 859 3838 μετασχούσας
893 3770 1029 3839 πρὸς
1082 3772 1179 3839 τὴν
1220 3770 1325 3820 τῶν
1362 3769 1667 3837 ἀνθρώπων
1698 3770 1935 3839 ἀπαραί-

369 3880 530 3927 τητον
568 3862 831 3929 ἐκδημίαν
874 3862 1201 3931 ἀπαχθῆναι,
1262 3861 1453 3927 φόνους
1498 3879 1555 3912 τε
1603 3861 1937 3929 τολμηθῆναι

344 3950 623 4015 μυρίους,
649 3951 740 4000 καὶ
769 3950 1018 4015 αἱμάτων
1052 3948 1244 4016 πλήθει
1288 3948 1363 4018 μὴ
1400 3948 1563 4014 μόνον
1611 3948 1939 4015 μολυνθῆναι

368 4043 463 4108 τὴν
514 4042 635 4108 γῆν,
672 4040 803 4091 ἀλλὰ
842 4042 934 4092 καὶ
970 4042 1133 4092 αὑτὸν
1184 4040 1273 4092 τὸν
1319 4042 1475 4109 ἀέρα,
1507 4038 1692 4092 Ταῦτα
1722 4042 1803 4101 τίς
1838 4041 1937 4092 οὐκ

369 4132 431 4182 ἂν
482 4133 559 4194 είς
612 4132 669 4184 τὸ
726 4132 932 4200 ἀγαθὸν
987 4131 1498 4199 μετασκευασθῆναι
1532 4132 1933 4201 προσεύξοιτο;

367 4226 464 4274 Διά
518 4241 599 4275 τοι
643 4223 803 4275 τοῦτο
855 4224 1151 4289 γινώσκειν
1199 4224 1343 4291 ὑμᾶς
1378 4222 1818 4292 ἐσπουδάσαμεν,
1852 4226 1936 4277 ὅτι

366 4315 457 4365 καὶ
490 4315 649 4382 ἡμεῖς
696 4315 790 4365 καὶ
820 4315 874 4365 ai
907 4312 1185 4382 πανταχοῦ
1236 4314 1545 4383 ἐκκλησίαι,
1580 4314 1767 4384 ἓτερον
1798 4313 1938 4385 σύμ-

2052 468 2200 519 tione
2235 467 2427 521 Niewae
2462 472 2689 523 trecenti
2723 473 2915 527 decem
2950 484 3005 529 et
3037 485 3164 529 octo
3214 476 3391 530 sancti
3442 475 3632 530 Patres

2050 559 2365 626 congregati
2430 563 2955 631 promulgaverunt,
3030 576 3090 621 et
3148 566 3630 637 Constantinopoli

2050 660 2272 702 centum
2302 652 2699 721 quinquaginta
2733 655 2923 710 itidem
2975 660 3150 713 sancti
3208 661 3397 714 l’atres
3452 661 3630 714 coacti

2051 743 2539 810 conﬁrmaverunt,
2583 748 2678 801 ditt
2735 762 3011 819 nectarque
3045 754 3478 821 precationibus,
3514 762 3629 808 stu-

2052 833 2160 887 diis
2190 835 2511 904 lcgibusque
2544 842 2748 895 nostris
2766 845 3022 897 omnibus
3053 846 3155 899 hoc
3183 846 3416 915 agimus,
3442 855 3502 900 ut
3528 863 3629 916 per

2051 940 2172 977 eam
2206 927 2409 992 ubique
2444 930 2688 982 locorum
2731 944 2914 987 saneta
2974 936 3068 989 Dei
3102 938 3373 992 catholica
3406 948 3462 994 et
3496 955 3629 1007 apo-

2050 1018 2246 1073 stolica
2299 1020 2541 1075 Ecclesia
2575 1023 2914 1079 incrementa
2946 1027 3146 1095 capiat,
3200 1030 3361 1099 675
3392 1046 3514 1099 qua:
3547 1031 3629 1083 in-

2053 1108 2428 1177 corruptibilis
2461 1119 2518 1165 ct
2547 1111 2873 1168 immortalis
2912 1127 3257 1185 sceptrorum
3306 1130 3622 1175 nostrorum

2055 1210 2249 1264 mater,
2267 1212 2323 1256 et
2347 1203 2418 1270 pii
2453 1205 2637 1273 populi
2670 1207 2843 1260 nostri
2874 1208 2927 1262 in
2962 1225 3090 1277 pace
3113 1210 3396 1280 religionis
3426 1212 3629 1269 divina

2052 1294 2343 1347 concordia
2379 1297 2760 1363 persistentes,
2824 1301 3184 1367 aceeptabiles
3238 1319 3335 1371 pro
3396 1303 3627 1374 imperio

2050 1392 2238 1437 nostro
2267 1401 2459 1451 preces
2487 1404 2592 1441 una
2635 1404 2758 1442 cum
2796 1391 2893 1444 Dei
2931 1395 3324 1449 amantissimis
3346 1398 3624 1467 episcopis

2056 1480 2111 1523 et
2171 1473 2431 1541 piissimis
2458 1477 2672 1531 clericis
2699 1488 2753 1532 et
2782 1480 3226 1537 archimandritis
3251 1493 3306 1538 et
3343 1488 3626 1540 monachis

2055 1560 2311 1616 fundant.
2346 1565 2482 1619 Cum
2521 1568 2665 1622 enim
2700 1586 2928 1640 magnus
2963 1572 3104 1628 Deus
3132 1584 3186 1628 et
3234 1576 3483 1630 Salvator
3533 1594 3627 1631 no-

2053 1662 2166 1707 ster
2198 1654 2455 1711 Christus
2496 1658 2676 1722 Jesus,
2711 1662 2804 1729 qui
2843 1678 2907 1715 ex
2944 1674 3132 1718 sancta
3168 1666 3389 1736 Virgine
3421 1677 3477 1722 et
3522 1668 3621 1723 Dei

2052 1744 2329 1802 Genitrice
2362 1749 2527 1803 Maria
2564 1751 2882 1809 incarnatus
2914 1764 2969 1809 et
3011 1766 3169 1811 natus
3205 1768 3309 1819 est,
3346 1759 3624 1828 gloriﬁca-

2054 1834 2256 1889 tionem
2288 1844 2343 1890 et
2376 1854 2592 1894 sacrum
2622 1844 2830 1897 cultum
2884 1855 3134 1901 nostrum
3185 1850 3622 1906 consentientem

2050 1925 2379 1992 laudaverit,
2412 1930 2756 2001 benigneque
2781 1936 3106 2003 susceperit,
3144 1948 3256 1991 tum
3283 1950 3473 2007 gentes
3521 1941 3623 1993 l-o-

2051 2017 2201 2073 stites
2230 2029 2588 2077 conterentur
2617 2033 2783 2094 atque
2817 2027 3257 2096 exstinguentur,
3317 2044 3372 2085 et
3430 2048 3622 2087 omnes

2051 2112 2189 2165 colla
2221 2126 2318 2166 sua
2353 2114 2582 2183 imperio
2615 2118 2916 2172 secundum
2950 2120 3118 2185 Deum
3154 2132 3343 2177 nostro
3386 2125 3623 2179 subruit-

2054 2208 2166 2253 teut
2196 2221 2208 2254 :
2240 2219 2340 2271 pax
2365 2205 2551 2270 etiam,
2583 2215 2641 2259 et
2663 2222 2782 2275 qua:
2808 2223 2875 2263 ex
2910 2225 3042 2278 pace
3065 2214 3396 2280 proveniunt
3454 2216 3616 2275 bona.

2052 2293 2175 2345 cmli
2201 2294 2520 2359 salubritas,
2556 2297 2769 2367 frugum
2813 2300 3061 2365 ubertas,
3094 2300 3311 2374 aliaque
3364 2323 3485 2376 qua:
3521 2310 3620 2362 lto-

2053 2384 2295 2440 minibus
2329 2391 2615 2443 commoda
2646 2403 2794 2453 sunt,
2827 2395 3131 2449 liberaliter
3158 2399 3615 2467 suppeditabunt.

2051 2473 2237 2543 itaque
2275 2493 2397 2531 cum
2443 2480 2575 2534 ﬁdes
2601 2483 3102 2551 irreprehensibilis
3125 2498 3178 2541 et
3225 2507 3320 2541 vos
3350 2502 3403 2544 et
3438 2493 3616 2563 impc-

2052 2567 2191 2619 rium
2235 2567 2535 2625 Romanum
2561 2574 2641 2627 sic
2677 2586 2987 2638 conservet,
3021 2595 3212 2647 preces
3254 2584 3412 2637 nobis
3454 2603 3480 2636 a
3516 2588 3620 2654 piis

2051 2658 2495 2715 areliintaadritis
2520 2672 2574 2717 et
2594 2668 2857 2733 eremitis,
2886 2671 3119 2741 aliisque
3144 2679 3465 2731 venerandis
3485 2680 3618 2733 viris

2050 2749 2245 2803 oblata:
2277 2762 2404 2805 sunt
2436 2772 2448 2807 :
2483 2758 2576 2819 qui
2611 2770 2734 2811 cum
2756 2759 3011 2829 lacryu:is
3037 2766 3197 2819 nobis
3214 2771 3617 2837 suppliearunt,

2054 2848 2112 2891 ut
2142 2844 2397 2897 unionem
2435 2847 2486 2899 in
2520 2850 2884 2906 sanctissimis
2910 2854 3172 2910 Ecclesiis
3206 2858 3344 2922 ﬁeri,
3367 2874 3420 2915 et
3452 2882 3621 2919 mem-

2053 2932 2146 2986 hra
2184 2936 2443 2990 membris
2470 2942 2749 3012 conjungi,
2785 2960 2906 3014 qum
2938 2947 3244 3006 honestatis
3289 2955 3618 3028 pietatisque

2054 3024 2308 3081 inimicus
2337 3028 2405 3081 ab
2441 3034 2602 3086 annis
2642 3035 2895 3103 plurimis
2922 3053 3213 3109 segregare
3246 3053 3328 3098 est
3354 3024 3616 3109 conatus.

2048 3129 2389 3172 cui-aremus.
2422 3121 2522 3184 Qui
2582 3125 2804 3192 quidem
2848 3127 3108 3185 inimicus
3160 3122 3299 3188 bene
3350 3139 3523 3200 novit,
3570 3142 3618 3193 si

2049 3204 2265 3275 integro
2293 3218 2348 3262 et
2378 3212 2673 3281 coniuncto
2709 3216 2963 3271 Ecclesia:
2997 3227 3212 3292 corpori
3251 3228 3448 3283 bellum
3483 3231 3622 3287 infe-

2049 3306 2151 3362 rat,
2189 3301 2391 3356 victum
2418 3321 2475 3358 se
2504 3309 2591 3361 iri.
2624 3308 2756 3362 Nam
2785 3325 2850 3363 ex
2880 3312 2983 3367 hoc
3008 3312 3210 3371 factum
3239 3330 3342 3386 est,
3375 3330 3431 3377 ut
3494 3323 3619 3378 inii-

2048 3390 2176 3444 nita:
2206 3404 2396 3460 gentes
2450 3408 2503 3449 et
2539 3402 2942 3467 generationes,
3009 3422 3149 3475 quas
3211 3420 3289 3464 tot
3344 3430 3616 3471 annorum

2050 3493 2295 3551 tempora
2326 3504 2391 3540 ex
2450 3489 2549 3543 hac
2580 3492 2687 3551 vita
2718 3492 3124 3565 subduxerunt,
3172 3503 3367 3569 partim
3410 3508 3619 3576 absque
3705 3563 3712 3571 ,

2047 3576 2247 3629 lavacri
2280 3581 2691 3647 regeneratione
2726 3585 2985 3650 obierint,
3029 3591 3225 3656 partim
3256 3594 3377 3649 sine
3418 3598 3618 3653 divinre

2048 3670 2452 3743 communionis
2485 3676 2835 3743 perceptione
2888 3679 2954 3731 ad
3020 3681 3393 3740 inevitabilem
3452 3689 3611 3745 illam

2046 3759 2289 3813 omnium
2340 3763 2723 3832 migrationem
2787 3772 3157 3829 transierint:
3214 3787 3270 3831 et
3330 3791 3389 3833 ut
3438 3784 3619 3838 aedes

2048 3847 2483 3907 innumerabiles
2521 3865 2745 3921 patrata:
2778 3860 2913 3921 sint,
2944 3862 3017 3916 ita
3050 3843 3127 3918 ἰιι
3151 3870 3436 3937 sanguinis
3469 3874 3616 3929 unda

2047 3955 2155 3994 non
2190 3944 2365 3996 solum
2401 3955 2567 4009 terra,
2612 3964 2798 4003 verum
2838 3953 3003 4007 etiam
3043 3972 3139 4010 aer
3190 3958 3303 4027 ipse
3340 3967 3618 4018 contami-

2045 4042 2209 4087 natus
2243 4035 2316 4088 sit
2349 4045 2405 4091 et
2437 4039 2672 4095 infecms
2712 4062 2725 4097 :
2755 4037 2875 4113 qius.
2905 4047 3090 4101 omnia
3113 4051 3238 4117 quis
3267 4064 3349 4108 est
3382 4058 3471 4122 qui
3506 4074 3617 4110 nou

2046 4121 2342 4179 iu'ntelius
2373 4130 2569 4189 mutari
2620 4134 2884 4201 exoptet?
2916 4136 3262 4207 Quapropter
3318 4121 3460 4198 scire
3517 4164 3612 4201 vos

2043 4220 2318 4283 volumus,
2356 4238 2535 4293 neque
2576 4241 2697 4290 nos,
2752 4244 2933 4296 neque.
2961 4247 3082 4300 qua!
3118 4235 3325 4304 ubique
3366 4238 3612 4296 locorqu

2046 4320 2177 4363 sunt
2215 4314 2500 4375 ecclesias.
2534 4318 2681 4371 aliud
2711 4320 3041 4389 symbolum,
3062 4336 3157 4380 aut
3186 4327 3493 4383 doctrinam
3519 4344 3614 4387 aut

366 4405 516 4457 ϐολον
548 4405 579 4473 ἢ
616 4405 864 4475 μάθημα,
894 4405 926 4474 ἢ
961 4406 1085 4473 ὅρον
1146 4406 1403 4470 πίστεως,
1462 4406 1494 4475 ἢ
1555 4406 1757 4469 πίστιν,
1790 4407 1931 4477 πλὴν

2047 4401 2335 4458 formulam
2370 4405 2517 4470 ﬁdei,
2537 4420 2630 4465 aut
2656 4411 2814 4467 ﬁdem
2843 4416 3030 4480 etiam,
3066 4428 3430 4489 praeterquam
3458 4424 3610 4492 quod

364 4494 454 4546 τοῦ
488 4498 784 4564 εἰρημένου
838 4496 995 4562 ἁγίου
1032 4496 1301 4564 συμϐόλου
1335 4498 1442 4548 τῶν
1478 4502 1581 4564 τιη¹
1615 4498 1785 4563 ἁγίων
1820 4497 1933 4550 Πα-

370 4588 562 4657 τέρων,
586 4589 722 4656 ὅπερ
749 4587 1087 4640 ἐϐεϐαίωσαν
1110 4590 1156 4639 οἱ
1191 4587 1655 4656 μνημονευθέντες
1685 4596 1761 4656 ρν¹
1787 4588 1933 4657 ἅγιοι

366 4678 621 4747 Πατέρες,
652 4678 779 4729 οὔτε
811 4678 1149 4747 ἐσχήκαμεν,
1176 4678 1297 4730 οὔτε
1324 4679 1541 4749 ἔχομεν,
1565 4678 1690 4731 οὕτε
1716 4680 1929 4746 ἕξομεν,

362 4768 480 4819 οὔτε
512 4768 740 4837 ἔχοντας
774 4768 1117 4837 ἐπιστάμεθα
1138 4785 1150 4799 ·
1180 4770 1227 4822 εί
1276 4770 1333 4822 δὲ
1364 4772 1456 4822 καὶ
1488 4770 1600 4838 ἔχοι
1629 4788 1735 4835 τις,
1774 4771 1933 4824 ἀλλό-

364 4878 509 4929 τριον
564 4862 730 4913 αὐτὸν
787 4861 1103 4931 ἡγούμεθα·
1154 4861 1312 4914 τοῦτο
1340 4863 1447 4931 γὰρ
1489 4866 1583 4915 καὶ
1620 4864 1803 4933 μόνον,
1856 4865 1932 4926 ὡς

346 4951 593 5019 ἐξίωμεν,
644 4952 744 5021 τὴν
798 4951 1083 5021 ἡμετέραν
1142 4950 1471 5021 περισώζειν
1509 4955 1935 5024 τεθαῤῥήκσμεν

364 5040 659 5109 βασιλείαν.
695 5043 806 5092 Καὶ
844 5042 1050 5103 πάντες
1083 5042 1140 5094 δὲ
1175 5044 1221 5094 oi
1246 5043 1365 5095 λαοὶ
1399 5042 1495 5096 τοῦ
1559 5045 1936 5114 σωτηριώὸους

363 5133 674 5202 ἀξιούμενοι
706 5134 1083 5203 φωτίσματος,
1120 5135 1250 5187 αὐτὸ
1296 5138 1392 5188 καὶ
1446 5136 1608 5204 μόνον
1643 5138 1936 5206 παραλαμ-

363 5219 611 5283 ϐάνοντες
634 5220 1009 5289 βαπτίζονται.
1046 5214 1116 5292 τῼ
1137 5224 1230 5274 καὶ
1254 5222 1693 5292 ἐξηκολούθησαν
1717 5228 1765 5278 oi
1790 5230 1936 5293 ἅγιοι

364 5310 627 5381 Πατέρες,
674 5315 725 5366 οἱ
782 5314 841 5364 ἐν
890 5318 957 5384 τῇ
1003 5315 1266 5382 Ἐφεσίων
1317 5316 1701 5379 συνελθόντες·
1754 5319 1936 5371 οἱκαὶ

363 5402 680 5466 καθελόντες
710 5406 802 5457 τὸν
833 5407 1002 5474 ἀσεϐῆ
1036 5406 1330 5476 Νεστόριον
1358 5409 1602 5471 καὶτοὺς
1626 5410 1692 5460 τὰ
1723 5410 1932 5464 ἐκείνου

366 5496 500 5562 μςτά
535 5497 708 5549 ταῦτα
742 5498 1101 5567 φρονοῦντας.
1138 5500 1368 5553 Ὀντινα
1397 5503 1493 5553 καὶ
1526 5504 1691 5568 ἡμεῖς
1721 5503 1927 5555 Νεστό-

366 5606 476 5657 ριον
502 5592 617 5660 ἀμα
650 5590 881 5658 Εὐτυχεῖ
908 5592 1170 5644 τάναντία
1200 5594 1310 5655 τοῖς
1338 5594 1652 5662 εἰρημένοις
1677 5596 1933 5665 φρονοῦν-

368 5696 465 5744 τας
526 5682 1033 5751 ἀναθεματίζομενέ
1086 5683 1365 5752 δεχόμενοι
1421 5686 1512 5738 καὶ
1566 5688 1629 5737 τὰ
1663 5689 1729 5757 ιβ’
1760 5690 1933 5758 κῖφά-

564 5787 835 5845 Ριτιιυιι.
871 5784 989 5844 Gtt.
1026 5785 1128 5845 CX
1144 5785 1315 5854 LVII,

2046 4493 2230 4558 (sicuti
2274 4495 2485 4552 dictum
2510 4502 2613 4570 est)
2643 4518 2669 4553 a
2708 4507 2966 4559 trecentis
3015 4507 3204 4562 decem
3238 4521 3296 4564 et
3334 4523 3462 4566 octo
3486 4530 3613 4569 san-

2030 4586 2136 4639 ctis
2162 4587 2416 4644 Patribus
2442 4592 2675 4659 editum,
2694 4604 2750 4649 et
2788 4612 2816 4649 a
2849 4608 3071 4653 centum
3096 4610 3151 4656 et
3180 4606 3605 4676 quinquaginta.

2034 4693 2269 4746 quorum
2305 4685 2641 4740 mentionem
2675 4689 2844 4742 etiam
2890 4690 3142 4758 fecimus,
3191 4700 3396 4751 sanctis
3435 4701 3612 4754 Patri-

2036 4768 2142 4822 bus
2170 4774 2588 4841 comprobatum
2623 4788 2709 4833 est
2733 4791 2981 4835 sanetum
3016 4784 3359 4855 Symbolum.
3390 4791 3475 4844 vel
3508 4792 3611 4844 Ita-

2040 4858 2256 4924 buisse,
2294 4864 2378 4918 vel
2423 4865 2652 4933 habere,
2686 4870 2771 4923 vel
2801 4870 3087 4928 habituros
3123 4891 3269 4939 esse,
3304 4894 3482 4948 neque
3504 4881 3607 4933 ali-

2034 4967 2174 5018 quos
2202 4955 2296 5022 qui
2333 4956 2572 5012 habeant
2613 4962 2753 5015 seire
2790 4979 2801 5013 :
2836 4973 3001 5031 atque
3063 4967 3107 5018 si
3143 4969 3268 5035 quis
3310 4970 3473 5024 etiam
3510 4972 3604 5025 lia-

2035 5043 2182 5105 beat,
2207 5048 2444 5103 alienum
2503 5052 2654 5105 illum
2693 5065 2908 5122 putare.
2938 5057 3106 5131 676
3159 5062 3291 5115 Nam
3325 5063 3379 5117 id
3431 5067 3607 5120 solum

2038 5136 2395 5206 Symbolum,
2455 5143 2918 5210 quemadmodum
2982 5150 3253 5213 diximus,
3312 5154 3607 5224 imperium

2035 5242 2289 5283 nosuum
2342 5247 2673 5288 conservare
2728 5238 3082 5294 conﬁdimus.
3136 5244 3206 5297 Et
3255 5247 3441 5315 populi
3490 5252 3607 5301 uni-

2035 5320 2201 5381 versi,
2226 5321 2319 5389 qui
2345 5323 2642 5378 salutarem
2670 5340 3091 5397 consequuntur
3118 5333 3603 5403 illuminationetn,

2038 5410 2140 5464 hoc
2192 5414 2311 5467 solo
2362 5426 2583 5482 recepto
2639 5418 3012 5489 baptizantur.
3066 5425 3181 5479 Hoc
3213 5426 3377 5480 etiam
3426 5434 3605 5487 secuti

2032 5513 2161 5558 sunt
2194 5507 2369 5560 sancti
2404 5509 2593 5563 Patres
2622 5510 2824 5579 Ephesi
2866 5517 3204 5585 congregati,
3241 5519 3334 5585 qui
3377 5519 3605 5587 impium

2040 5597 2350 5650 Nt‘Slmilllll
2384 5610 2438 5652 et
2470 5602 2751 5669 opinionis
2785 5607 2904 5675 ejus
2933 5617 3121 5675 postea
3152 5619 3455 5663 sectatores
3477 5624 3604 5663 con-

2035 5690 2393 5755 demnarunt,
2432 5700 2601 5761 ‘qnem
2652 5712 2785 5751 sane
2831 5695 3147 5751 Nestorium
3186 5716 3289 5751 una
3334 5715 3457 5752 eum
3494 5701 3601 5757 Eu-

3132 5798 3171 5857 5
