4092 6204
400 243 499 305 129

1614 237 2038 298 NlCEPIlORl
2081 238 2421 297 CALLISTI

3556 243 3654 305 HO

401 355 640 425 tychctc,
673 351 819 421 quod
857 349 1075 406 diversa
1118 349 1187 406 ab
1221 351 1303 406 eis
1347 367 1471 422 quae
1514 351 1662 407 dicta
1689 362 1814 406 sunt
1849 367 1978 406 sen-

2090 353 2212 406 λαια
2241 353 2306 407 τὰ
2339 352 2605 422 εἰρημένα
2643 354 2793 425 παρὰ
2825 353 2919 406 τοῦ
2953 355 3053 425 τῆς
3101 357 3249 419 ὁσίας
3301 358 3520 427 μνήμης
3565 377 3657 428 γ;-

400 445 574 507 tiant,‘
597 444 948 498 anathemate
978 442 1210 498 ferimus
1236 462 1251 497 :
1283 443 1572 498 duodecim
1601 444 1768 498 etiam
1799 444 1975 511 capita

402 537 493 590 illa
541 553 570 590 a
611 547 816 591 sancta:
862 539 1141 591 memoriae
1188 536 1395 607 Cyrillo
1437 547 1642 591 sanctae
1693 537 1979 591 catholica:

403 627 909 683 Alexandrinorum
961 628 1222 682 Ecclesiae
1266 629 1686 698 archiepiscopo
1735 629 1980 698 promul-

402 731 526 789 gata
586 721 940 790 recipientes.
1001 721 1333 776 Proﬁtemur
1381 730 1568 775 autem
1623 721 1968 790 unigenitum

406 814 602 867 Filium
635 814 712 884 (l)
747 814 841 868 Dei
873 823 927 867 et
966 813 1134 868 Deum
1167 814 1283 883 (qui
1318 828 1446 867 vere
1481 813 1646 868 homo
1673 813 1849 867 factus
1870 823 1974 876 est,

406 907 700 960 Dominum
749 915 998 960 nostrum
1035 906 1223 960 Jesum
1263 906 1568 970 Christum,
1611 909 1703 974 qui
1735 905 1978 960 consub-

404 999 678 1054 stantialis
706 1006 789 1053 est
820 998 966 1052 Patri
1003 997 1308 1053 secundum
1345 998 1715 1062 divinitatem,
1740 1008 1796 1053 et
1831 997 1976 1052 idem

405 1092 895 1149 consubstantialis
928 1094 1091 1147 nobis
1127 1093 1283 1164 juxta
1325 1093 1728 1148 humanitatem
1761 1103 1855 1152 :et
1883 1093 1978 1164 qui

404 1184 689 1239 descendit
723 1193 778 1238 et
826 1184 1148 1238 incarnatus
1178 1195 1263 1239 est
1315 1201 1381 1239 cx
1423 1186 1633 1255 Spiritu
1672 1198 1887 1252 sancto,
1923 1195 1980 1241 et

407 1268 576 1330 illaria
606 1274 817 1344 virgine
852 1283 909 1329 et
938 1275 1030 1328 Dei
1058 1275 1351 1345 genitrice)
1391 1293 1561 1331 unum
1609 1293 1752 1342 esse,
1779 1287 1835 1332 et
1869 1292 1977 1332 non

405 1367 568 1420 duos.
623 1364 798 1421 Unius
849 1368 1000 1421 enim
1057 1381 1179 1421 esse
1222 1368 1463 1422 dic‘imus
1508 1379 1564 1424 et
1617 1370 1879 1423 miracula
1923 1379 1981 1424 et

409 1460 819 1529 perpessiones,
851 1475 988 1529 quas
1030 1470 1228 1529 Sponte
1263 1477 1361 1516 sua
1392 1477 1557 1517 carne
1590 1463 1838 1532 pertulit.
1877 1461 1981 1515 [Cos

411 1567 540 1606 vero
571 1552 665 1621 qui
699 1567 825 1606 eum
859 1552 1114 1606 dividunt
1142 1563 1238 1608 aut
1278 1554 1646 1620 confundunt,
1680 1565 1775 1609 aut
1805 1556 1980 1624 phan-

410 1643 602 1698 tasiam
654 1659 750 1698 seu
781 1653 1056 1712 spectrum
1096 1645 1387 1710 inducunt,
1421 1647 1843 1716 haudquaquam
1885 1661 1981 1714 ap-

409 1738 728 1806 probamus.
783 1737 850 1791 Et
901 1754 1034 1806 pura
1086 1740 1338 1809 labisque
1392 1742 1597 1808 peccati
1649 1742 1834 1794 omnis
1879 1754 1978 1792 ex-

409 1847 534 1897 pers
561 1830 658 1902 (2),
697 1845 959 1899 veraque,
993 1847 1059 1886 ex
1097 1830 1190 1886 Dei
1230 1831 1512 1887 Genitrice
1541 1834 1848 1889 iucarnatio
1882 1851 1979 1890 ac-

409 1924 712 1978 cessionem
761 1922 882 1977 Filii
951 1937 1059 1976 non
1101 1923 1344 1979 attulit:
1413 1934 1466 1979 et
1535 1925 1813 1990 Trinitas,
1870 1945 1979 1984 uno

412 2014 700 2069 Trinitatis
738 2015 858 2085 ejus
894 2015 1006 2068 Deo
1023 2015 1207 2069 Verbo
1243 2016 1553 2076 incarnato.
1577 2017 1820 2074 Trinitas
1854 2035 1977 2090 per-

413 2108 635 2162 mansit.
685 2106 823 2162 Cum
862 2107 1030 2176 igitur
1074 2108 1313 2162 sciamus
1356 2123 1536 2177 neque
1585 2123 1802 2166 sanctas
1852 2128 1974 2180 qua:

413 2203 623 2271 ubique
682 2211 831 2267 sunt,
878 2210 933 2255 et
957 2199 1308 2280 _crthodoxas
1344 2199 1438 2255 Dei
1480 2202 1764 2267 ecclesias,
1800 2217 1980 2274 neque

410 2297 503 2365 qui
565 2294 649 2348 eis
708 2303 952 2362 prmsunt
1008 2292 1102 2346 Dei
1159 2295 1573 2368 amantissimos
1626 2296 1980 2364 sacerdotes,

411 2400 592 2456 neque
628 2383 966 2452 imperialem
1018 2393 1264 2439 nostram
1315 2385 1707 2441 sublimitatem
1755 2387 1984 2458 symbo-

409 2479 522 2531 lum
553 2475 725 2539 aliud,
749 2483 846 2528 aut
873 2475 1000 2530 ﬁdei
1029 2477 1414 2533 deﬁnitionem
1440 2489 1642 2547 praeter
1670 2493 1791 2534 eam
1819 2495 1981 2548 quam

409 2568 653 2622 diximus
687 2578 934 2621 sanctam
973 2567 1282 2622 doctrinam
1315 2577 1369 2623 et
1399 2567 1716 2632 formulam,
1755 2570 1841 2624 vel
1885 2585 1984 2624 an-

413 2669 500 2716 tea
536 2659 748 2722 tulisse,
785 2659 872 2714 vel
920 2674 1068 2714 nunc
1121 2659 1292 2726 ferre,
1322 2661 1713 2730 conjunximus
1747 2676 1848 2717 nos
1886 2677 1986 2732 per

414 2755 676 2808 unionem
741 2754 887 2808 inter
949 2767 1052 2807 nos
1110 2767 1299 2822 ipsos,
1363 2753 1504 2808 nihil
1565 2754 1982 2822 addubitautes,

412 2845 662 2914 nihilque
706 2851 1055 2899 cunctantes.
1103 2842 1284 2913 Atque
1330 2843 1449 2898 haec
1492 2844 1838 2914 scripsimus,
1872 2860 1984 2899 non

413 2945 474 2990 ut
507 2936 633 2989 novi
667 2933 978 3004 quidquam
1014 2933 1084 2989 de
1127 2932 1235 2988 ﬁde
1288 2933 1635 2999 afferremus,
1675 2934 1772 2988 sed
1802 2943 1862 3001 ut
1887 2948 1985 2988 vos

413 3042 513 3096 per
564 3034 780 3098 certam~
822 3023 1240 3094 perfectamque
1278 3022 1589 3078 doctrinam
1629 3024 1988 3078 conﬁrmare-
2017 3055 2059 3112 ο

415 3132 557 3171 ntus.
597 3115 913 3182 Quemlibet
945 3130 1078 3171 vero
1116 3115 1214 3185 qui
1260 3116 1411 3171 aliud
1458 3115 1757 3186 quidquam
1791 3115 1985 3179 sensit,

411 3216 507 3260 aut
543 3209 730 3271 sentit,
764 3213 859 3259 aut
891 3220 1061 3271 nunc,
1093 3214 1189 3259 aut
1231 3220 1566 3275 quacunque
1595 3205 1807 3276 synodo
1851 3205 1984 3270 alia,

411 3299 748 3354 anathemati
781 3298 1148 3368 subiicimus:
1185 3297 1462 3368 praacipue
1497 3313 1631 3353 vero
1663 3313 1804 3367 quos
1839 3298 1986 3352 dixi-

412 3406 557 3456 mus,
607 3391 924 3446 Ncstorium
969 3399 1026 3445 et
1075 3390 1456 3462 Eutychetetn,
1501 3398 1558 3444 et
1601 3391 1692 3460 qui
1727 3405 1852 3444 cum
1905 3390 1988 3446 eis

413 3485 560 3540 idem
601 3485 871 3540 sentiunt.
902 3483 1237 3556 Conjungite
1269 3500 1402 3554 ergo
1436 3497 1535 3538 vos
1571 3499 1675 3553 per
1717 3483 1985 3537 unionem

413 3577 686 3647 spirituali
728 3578 893 3631 matri
939 3577 1202 3631 Ecclesia:
1248 3585 1305 3629 et
1356 3576 1542 3630 divina
1592 3575 1766 3644 ipsius
1815 3575 1868 3628 in
1922 3588 1988 3628 ea

413 3669 806 3725 communione
856 3669 1126 3731 fruimiui,
1190 3683 1286 3737 per
1343 3683 1463 3722 eam
1505 3682 1668 3737 quam
1727 3666 1991 3731 diximus,

413 3777 578 3815 unam
620 3771 678 3817 et
706 3761 878 3816 solam
907 3769 1282 3838 trecentorum
1318 3759 1508 3813 decem
1537 3768 1594 3813 et
1621 3767 1746 3813 octo
1771 3767 1994 3813 sancto-

415 3870 536 3907 rum
577 3853 802 3908 Patrum
838 3849 1202 3920 professionis
1237 3847 1361 3902 ﬁdei
1413 3847 1818 3902 deﬁnitionem.
1873 3847 1991 3916 ipsa

413 3947 561 4000 enim
619 3944 968 4000 sanctissima
1021 3952 1198 3996 mater
1246 3951 1429 3994 vestra
1488 3938 1758 4002 Ecclesia,
1795 3953 1896 3991 vos
1933 3946 1992 3990 ut

413 4053 707 4104 germanos
737 4037 1066 4103 nativosque
1102 4033 1268 4097 filios,
1300 4030 1655 4086 circumfusis
1686 4029 1828 4083 ulnis
1868 4044 1987 4083 am-

416 4131 574 4199 plecti
609 4131 910 4194 desiderat,
951 4125 1114 4198 677
1154 4136 1208 4179 et
1259 4140 1484 4179 suavem
1519 4133 1758 4176 vestram
1791 4135 1983 4174 vocem

2082 447 2310 515 νομένου
2348 445 2617 512 Κυρί).ὶου
2653 447 3096 514 ἁρχιεπισκὸπου
3122 451 3223 515 τῆς
3260 451 3657 521 Ἀλεξανδρέων

2080 537 2242 606 ἁγίας
2289 538 2590 607 καθολικῆς
2631 539 2978 609 Ἐκκλησιας.
3026 540 3433 612 Ὀμοὶογοῦμεν
3466 545 3521 597 δὲ
3573 547 3657 596 τὶν

2085 620 2359 698 μονογενῆ
2383 629 2510 681 Υίδν
2548 630 2645 683 τοῦ
2693 631 2830 684 Θεοῦ
2879 637 2976 685 καὶ
3025 633 3179 694 Θεὸν,
3215 635 3308 686 τὸν
3343 636 3657 705 κατὰὰλὴ-

2081 721 2234 772 θειαν
2297 721 2827 791 ἐνανθρωπήσαντα,
2876 725 2968 776 τὸν
3010 725 3212 794 Κύριον
3252 727 3409 795 ἡμῶν
3453 727 3658 793 Ἰησοῦν

2080 812 2340 881 Χριστὸν,
2371 812 2774 881 τὸντὸμοούσιον
2797 815 2874 880 τῷ
2908 816 3082 884 ﬂat-pi
3109 821 3251 868 κατὰ
3279 820 3377 887 τὴν
3405 817 3652 888 θεότητα,

2081 906 2175 956 κατ.
2210 904 2498 973 ὁμοούσιον
2533 907 2676 974 ἡμῖν,
2717 907 2807 960 τὸν
2851 907 3015 959 αὐτὸν
3059 909 3205 961 κατὰ
3239 907 3339 977 τὴν
3373 909 3660 979 ἀνθρωπό-

2079 1015 2240 1065 τητα,
2291 997 2621 1050 κατελθόντα
2669 998 2767 1052 καὶ⁸
2818 999 3172 1069 σαρκωθέντα
3223 1001 3283 1052 ὲκ
3338 1001 3658 1069 Πνεῦματος

2079 1088 2239 1158 ἁγίου
2274 1089 2366 1141 κού⁵
2395 1089 2615 1157 Μαρίας
2653 1089 2752 1158 τῆς
2805 1090 3081 1159 Παρθένου
3119 1091 3210 1142 καὶ
3246 1091 3533 1152 Θεοτὸκου,
3558 1091 3658 1146 ἕνα.

2079 1183 2372 1252 τυγχάνειν
2406 1183 2494 1234 καὶ
2529 1182 2590 1234 οὐ
2625 1182 2718 1234 δύο
2740 1197 2756 1214 ο
2791 1183 2911 1243 ἐνὸς
2950 1187 3056 1250 γὰρ
3101 1178 3242 1235 εἷναί
3280 1202 3458 1254 φαμεν
3491 1186 3559 1237 τά
3595 1202 3654 1236 τε

2081 1275 2339 1344 θαύματα
2386 1275 2480 1327 καὶ
2528 1274 2596 1327 τὰ
2648 1273 2819 1344 πάθη,
2869 1275 3012 1345 άπερ
3071 1276 3336 1340 ἑκουσίως
3391 1277 3656 1345 ὑπέμεινε

2084 1367 2268 1436 σαρκί.
2305 1368 2442 1431 Τοὺς
2477 1367 2585 1438 γὰρ
2615 1367 2978 1438 διαιροῦντας,
3009 1369 3039 1439 ἦ
3086 1369 3490 1439 συγχέοντας,ἦ
3526 1388 3658 1437 φαν-

2080 1462 2276 1515 τασίαν
2304 1459 2648 1528 εἰσάγοντας,
2675 1460 2798 1513 οὐδὲ
2831 1461 2968 1522 ὅλως
3013 1461 3316 1531 δεχόμεθα*
3357 1462 3586 1530 ἐπείπερ
3623 1465 3652 1532 η

2081 1553 2474 1622 ἀναμάρτητος
2504 1553 2646 1605 κατὰ
2674 1553 2937 1622 ἀλήθειαν
2973 1555 3250 1624 σάρκωσις
3281 1555 3342 1606 ὲκ
3389 1553 3490 1623 τῆς
3521 1554 3654 1606 Θεο-

2088 1645 2248 1696 τόκου
2277 1643 2600 1715 προσθήκην
2631 1643 2762 1696 Υἱοῦ
2789 1645 2850 1697 οὐ
2889 1645 3154 1713 πεποίηκε
3183 1660 3196 1672 ·
3234 1645 3510 1715 μεμένηκε
3549 1646 3656 1716 γάρ

2090 1735 2309 1804 Τριὰςή
2342 1735 2536 1805 Τριάς,
2569 1737 2664 1790 καὶ
2693 1735 3072 1806 σαρκωθέντος
3106 1736 3199 1787 τοῦ
3219 1735 3336 1796 ὲνὺς
3363 1738 3459 1804 τῆς
3489 1735 3658 1804 Τριά-

2088 1826 2174 1880 δο;
2201 1826 2339 1879 Θεοῦ
2370 1825 2570 1894 Λόγου.
2604 1826 2822 1880 Εῑδότεε
2853 1825 2946 1880 οὖν
2973 1827 3046 1887 ὡς
3081 1825 3205 1878 οὔτε
3252 1828 3308 1878 αἱ
3339 1828 3492 1894 άγιαι
3521 1843 3659 1878 παν-

2095 1920 2254 1989 τιχοῦ
2277 1920 2547 1990 ὀρθόδοξοι
2573 1922 2666 1974 τοῦ
2706 1921 2840 1973 Θεοῦ
2867 1921 3172 1991 ἐκκλησίαι,
3220 1920 3344 1972 οὔτε
3387 1921 3434 1972 οἱ
3457 1920 3661 1972 τούτων

2091 2014 2486 2083 προϊστάμενοι
2518 2013 2927 2082 θεοφιλέστατοι
2977 2015 3163 2080 ἱερεῖς,
3193 2011 3316 2064 οὔτε
3347 2015 3380 2081 ἡ
3411 2015 3662 2082 ἡμετέρα.

2095 2105 2344 2175 βασιλεία
2373 2106 2560 2174 ἑτέρου
2611 2105 2885 2174 συμϐόλου
2919 2105 2950 2175 ἦ
2980 2107 3106 2172 ὅρου
3138 2105 3373 2166 πίστεως
3419 2108 3566 2175 παρὰ
3604 2105 3662 2156 τὸ

2091 2200 2386 2268 εἰρημένον
2425 2197 2580 2267 ἅγιον
2637 2199 2868 2267 μάθημα
2921 2198 3215 2266 ἠνέσχοντο
3266 2199 3298 2268 ἢ
3354 2198 3660 2265 ἀνέχονται,

2091 2293 2385 2363 ήνὼσαμεν
2432 2293 2664 2354 ἑαυτοὺς
2700 2291 2870 2361 μηδὲν
2919 2282 3324 2354 ἐνδοιά.ζοντες.’
3361 2290 3550 2342 Ταῦτα
3605 2287 3663 2340 δὲ

2092 2387 2479 2457 γεγράφαμεν,
2513 2385 2573 2437 οὐ
2602 2383 2940 2446 καινεζοντες
2975 2382 3181 2445 πίστιν,
3212 2383 3328 2434 ἀλλ’
3359 2382 3505 2450 ὑμᾶς
3531 2382 3666 2450 πλη-

2095 2478 2472 2550 ροφοροῦντες.
2522 2477 2703 2530 Πάντα
2722 2475 2778 2528 δὲ
2798 2475 2890 2528 τὸν
2923 2475 3114 2542 ἔτερόν
3141 2493 3194 2527 τι
3229 2476 3595 2543 φρονήσαντα,
3627 2472 3662 2542 ἢ

2093 2571 2415 2642 φρονοῦντα,
2438 2570 2468 2641 ἦ
2486 2568 2604 2634 νῦν,
2627 2569 2660 2640 ἢ
2682 2568 2923 2635 πώποτε,
2941 2569 2974 2638 ἢ
2999 2571 3056 2620 ἐν
3073 2567 3401 2636 Χαλκηδόνι,
3421 2567 3453 2636 ἦ
3470 2568 3556 2638 οἵα
3574 2566 3666 2636 δή·

2094 2681 2225 2717 ποτε
2250 2664 2472 2733 συνόδῳ,
2499 2663 2992 2731 ἁναθεματίζομεν·
3023 2661 3318 2731 ἐξαιρέτως
3339 2661 3395 2713 δὲ
3429 2662 3552 2722 τοὺς
3579 2661 3665 2712 εἰ·

2097 2756 2366 2827 ρημένους
2384 2755 2683 2824 Νεστόριον
2703 2755 2796 2807 καὶ
2813 2754 2991 2824 Εὐτύχ
2999 2770 3095 2820 ιον,
3114 2755 3207 2807 καὶ
3233 2755 3358 2817 τοὺς
3384 2755 3451 2806 τὰ
3486 2754 3666 2807 αὐτῶν

2097 2847 2454 2920 φρονοῦντας.
2487 2847 2807 2917 Συνάφθητε
2851 2847 3032 2900 τοίνυν
3065 2849 3131 2916 τῇ
3177 2847 3526 2915 πνευματικῇ
3559 2863 3666 2914 μη-

2093 2940 2184 3010 τρὶ
2225 2940 2292 3009 τῇ
2353 2937 2673 3009 Ἐκκλησία,
2706 2938 2804 3006 τῆς
2854 2937 3022 3008 αὐτῆς
3065 2939 3199 3008 ἡμῖν
3243 2939 3299 2990 ἐν
3347 2941 3483 3008 αὐτῇ
3518 2938 3668 2999 θείας

2094 3028 2464 3091 ἀπολαύοντες
2496 3027 2805 3094 κοινωνίας,
2829 3028 2972 3082 κατὰ
2998 3028 3088 3080 τὸν
3129 3029 3417 3098 εἰρημένον
3441 3028 3537 3080 ἕνα
3568 3029 3667 3080 καὶ

2099 3120 2257 3189 μόνον
2287 3120 2415 3188 ὅρον
2448 3120 2546 3189 τῆς
2597 3119 2838 3182 πίστεως
2867 3118 2976 3171 τῶν
3019 3124 3125 3189 τιη⁹
3179 3118 3351 3186 ἁγίων
3384 3119 3663 3186 Πατέρων.

2105 3213 2168 3265 Ἦ
2205 3211 2314 3282 γὰρ
2345 3209 2586 3278 παναγία
2635 3211 2818 3280 μήτηρ
2851 3210 3004 3280 ὑμῶν
3056 3212 3090 3280 ἡ
3135 3210 3435 3278 Ἐκκλησία
3475 3211 3569 3262 καὶ
3592 3209 3669 3272 ὡς

2093 3304 2351 3373 γνησίους
2371 3304 2514 3372 ὑμᾶς
2539 3304 2689 3365 υἱοὺς
2718 3301 3079 3371 ἀπεκδέχεται
3101 3303 3555 3372 περιπτύξασθαι,
3575 3305 3670 3355 καὶ

2095 3395 2187 3462 τῆς
2249 3395 2472 3463 χρονίας
2527 3395 2620 3445 καὶ
2673 3393 2932 3461 γλυκείας
2968 3394 3123 3460 ὑμῶν
3171 3395 3428 3463 ἐπιθυμεῖ
3485 3393 3669 3462 φαινῆς

2093 3487 2494 3556 ἀκροάσασθαι.
2557 3483 2838 3549 Ἐπείξατε
2889 3485 2981 3538 οὖν
3033 3487 3302 3549 ἑαυτούς’
3336 3487 3510 3539 ταῦτα
3561 3485 3667 3554 γάρ

2095 3575 2398 3640 ποιοῦντες,
2424 3579 2518 3631 καὶ
2565 3580 2665 3646 τὴν
2700 3577 2795 3629 τοῦ
2846 3579 3118 3631 Δεσπότου
3150 3579 3243 3630 καὶ⁸
3293 3578 3541 3644 Σωτῆρος
3574 3576 3672 3628 καὶ

2091 3666 2227 3722 Θεοῦ
2251 3669 2410 3737 ἡμῶν
2447 3669 2622 3740 Ἰησοῦ
2659 3668 2897 3739 Χριστοῦ
2943 3670 3235 3738 εὐμένειαν
3267 3668 3402 3736 πρὸς
3433 3667 3668 3728 ἑαυτοὺς

2095 3759 2478 3826 ὲφελκύσεσθε,
2537 3761 2630 3812 καὶ
2683 3761 2836 3830 παρὰ
2902 3763 3002 3828 τῆς
3055 3762 3330 3830 ἡμετέρας
3388 3757 3670 3828 βασιλείας

2094 3851 2542 3921 ὲπαινεθήσεσθε.
2588 3870 2607 3903 ι
2640 3843 2741 3904 ’Ὧν
2774 3852 2836 3915 δὴ
2865 3853 3208 3920 γραμμάτων
3238 3849 3669 3916 ἀνεγνωσμένων

2091 3945 2140 3996 οἶ
2171 3946 2268 4012 τῆς
2306 3943 2659 4013 Ἀλεξάνδρου
2689 3943 2889 4001 πάντες
2916 3943 3122 4012 ἦνωντο
3153 3943 3219 4012 τῇ
3250 3941 3383 4010 ἁγίᾳ
3402 3940 3665 4008 καθολικῇ

2097 4035 2192 4085 καὶ
2247 4033 2580 4104 ἀποστολικῇ
2615 4034 2932 4103 Ἐκκλησίᾳ,
2982 4036 3051 4085 τά
3095 4034 3152 4084 ἐν
3205 4034 3353 4103 μέσῳ
3391 4032 3573 4085 σκῶλά
3608 4049 3668 4084 τε

2099 4123 2192 4175 καὶ
2225 4123 2631 4192 προσκόμματα
2664 4123 2993 4186 διαλύοντες.

414 4223 713 4293 aliquando
749 4223 974 4277 tandem
1007 4219 1202 4272 audire
1269 4218 1444 4287 cupit.
1502 4217 1692 4284 Itaque
1769 4228 1868 4267 vos
1927 4213 2074 4282 ipsos
2115 4213 2342 4269 incitate
2372 4222 2536 4284 atque
2585 4225 2799 4284 urgete.
2831 4215 2986 4280 Quod
3027 4216 3071 4269 si
3106 4216 3365 4277 feceritis.
3405 4223 3519 4269 tum
3561 4214 3671 4268 Do-

415 4320 547 4373 mini
600 4328 654 4372 et
691 4315 1004 4370 Servatoris
1029 4321 1087 4368 et
1121 4312 1214 4366 Dei
1247 4311 1423 4366 nostri
1461 4309 1590 4365 Jesu
1619 4307 1824 4363 Christi
1907 4306 2300 4377 benignitatem
2376 4309 2532 4362 vobis
2598 4309 2730 4378 ipsis
2763 4310 3150 4376 conciliabitis,
3192 4319 3305 4362 tum
3366 4309 3436 4363 ab
3499 4311 3673 4379 impe-

418 4414 538 4467 riali
587 4420 777 4466 nostra
819 4406 1182 4477 amplitudine
1219 4405 1435 4458 laudem
1471 4403 1731 4458 eximiam
1762 4401 1975 4456 feretis.
2022 4418 2040 4452 ι
2088 4400 2302 4466 Quibus
2337 4398 2741 4466 litterislectis,
2784 4404 3138 4457 Alexandrini
3167 4403 3409 4459 universi
3467 4418 3672 4460 sancta:

416 4505 703 4560 catholica:
748 4511 806 4556 et
852 4501 1168 4569 apostolica:
1197 4498 1462 4554 Ecclesiae
1533 4496 1817 4566 conjuncti
1883 4493 2136 4563 unitique
2170 4505 2346 4549 sunt:
2383 4505 2438 4550 et
2492 4512 2839 4568 qua-cunque
2884 4497 2939 4551 in
2988 4498 3195 4553 tnedi0'
3246 4498 3398 4554 fuere
3440 4501 3668 4554 oll'endi-

417 4599 538 4651 cuia
566 4604 622 4651 et
655 4588 1068 4664 impedimenta,
1103 4592 1397 4646 sustulere.

488 4801 564 4870 (Ι)
602 4798 781 4854 Unum
822 4794 1169 4870 solummodo
1201 4793 1480 4870 Christum
1513 4790 1605 4844 Dei
1645 4789 1826 4870 Patris
1853 4789 1992 4870 γειο-
2026 4775 2068 4830 Ῑ)
2098 4797 2216 4870 erat
2255 4787 2344 4866 illa
2391 4789 2697 4870 susceptio,
2724 4802 2850 4870 quze
2887 4788 3070 4870 ‘Dettm
3118 4787 3401 4840 hominem
3439 4787 3672 4870 faceret,

418 4859 702 4926 ὺυὶιιόυιιι
740 4867 960 4936 propria
996 4880 1163 4936 carne
1195 4863 1599 4936 cognoscimus.
1639 4859 1880 4936 (Cyri_ll.)

489 4941 565 5010 (Ξ)
593 4928 796 4993 Genuit
823 4928 890 4990 ex
935 4952 994 5010 s_e
1029 4935 1193 5010 Virgo
1222 4928 1454 5010 corpus,
1507 4928 1603 5010 sc_d
1650 4931 1795 5010 quod
1847 4944 1988 5010 con-

417 4998 638 5079 ceptum
672 5015 820 5061 esset
851 5022 916 5079 ex
948 4998 1177 5079 Spiritu.
1213 5001 1430 5079 (lltla_r.)
1460 5027 1524 5038 —
1555 4998 1614 5079 [In
1645 5008 1855 5079 natura:
1890 4999 1992 5079 hu:

419 5068 595 5135 ntanzc
624 5068 1187 5144 susceplii‘tne'gratia
1218 5068 1623 5144 quodammodo
1667 5069 1742 5120 illi
1782 5068 1990 5122 homini

421 5149 692 5205 naturalis
733 5141 874 5198 facta
910 5141 1170 5212 estfqua:
1223 5141 1432 5212 nullum
1468 5150 1754 5212 peccatum
1804 5147 1992 5205 posset

419 5224 736 5276 admittere.
754 5215 939 5286 (Aug.)
965 5214 1030 5268 Et
1049 5207 1560 5286 Cregqr.l‘_iatztattz.
1582 5207 1857 5286 Virginem
1881 5223 1995 5260 Ina-

421 5303 559 5346 tretn
594 5299 722 5342 ante
755 5280 1178 5354 conceptionem
1211 5282 1334 5335 Filti
1374 5281 1457 5333 sui
1494 5280 1770 5354 et‘anima
1799 5287 1996 5354 et__cor-

421 5345 559 5433 pore
589 5357 815 5416 caelitus
866 5345 1268 5409 Saitt'tilicatatn
1301 5365 1424 5406 εδει)
1470 5348 1712 5417 scripsit.
1753 5345 1995 5402 -Talis

2096 4869 2152 4911 et
2177 4858 2456 4911 hominem
2495 4859 2689 4915 Deum.
2718 4860 2988 4925 (Aug.)—
3015 4858 3182 4925 Virgo
3210 4875 3289 4910 ea:
3309 4876 3430 4911 nem
3463 4859 3670 4910 Christi

2096 4943 2206 4980 non
2249 4933 2466 4994 peperit
2507 4929 2573 4980 dc
2615 4928 2826 4995 peccati
2864 4929 3187 4995 propagine.
3223 4930 3326 4994 (lil.
3356 4945 3477 4996 sup.
3505 4926 3702 4978 ,Ιοιιηη

2097 5007 2262 5051 tract.
2304 4997 2418 5065 79.)
2471 4996 2716 5050 Erronea
2754 5013 2883 5066 ergo
2912 5065 2915 5066 ν
2940 4996 3107 5049 fuerit
3146 4998 3384 5064 Magistri
3436 4999 3676 5066 Sentenf

2097 5068 2296 5120 tiarum
2345 5068 2434 5118 illa
2484 5068 2582 5119 lib.
2620 5083 2702 5125 Ill,
2746 5066 2871 5119 dist.
2908 5065 2962 5127 5,
3005 5079 3278 5120 sententia
3316 5086 3329 5118 :
3391 5066 3532 5117 Sane
3571 5065 3676 5116 dici

2096 5144 2291 5204 potest,
2323 5145 2373 5187 et
2403 5137 2543 5188 credi
2575 5146 2801 5205 oportet,
2831 5137 2996 5203 juxta
3042 5147 3348 5187 sanctorum
3377 5137 3678 5187 atleslatia-

2097 5209 2177 5258 nis
2205 5207 2645 5267 convenientiam,
2679 5209 2850 5272 ipsam
2885 5215 3124 5270 (cui-nent
3165 5205 3334 5271 Verbi)
3372 5207 3516 5272 prius
3557 5218 3678 5272 pec-

2097 5288 2214 5328 cato
2265 5277 2423 5347 fuisse
2469 5276 2788 5339 obnoxiam,
2837 5277 2975 5328 sicut
3029 5277 3234 5343 reliqua
3285 5276 3508 5345 Virginis
3548 5287 3677 5327 caro

2097 5347 2224 5415 fuit.
