  <div class='ocr_page' id='page_1' title='image "/cluster/home/n/w/nwhite01/storage/ocr_20150623/147/hvd.32044073502619/082.png"; bbox 0 0 4070 6204; ppageno 0'>
   <div class='ocr_carea' id='block_1_1' title="bbox 426 280 2728 347">
    <p class='ocr_par' dir='ltr' id='par_1_1' title="bbox 426 280 2728 347">
     <span class='ocr_line' id='line_1_1' title="bbox 426 280 2728 347; baseline -0.004 0"><span class='ocrx_word' id='word_1_1' title='bbox 426 283 519 347; x_wconf 66' lang='grc' dir='ltr'><strong>Ῑ-ίῙ</strong></span> <span class='ocrx_word' id='word_1_2' title='bbox 1341 285 1929 346; x_wconf 67' lang='lat' dir='ltr'><strong>ECCLESIAS’l&#39;IiLE</strong></span> <span class='ocrx_word' id='word_1_3' title='bbox 1971 283 2354 344; x_wconf 45' lang='lat' dir='ltr'><strong>lllS&#39;i‘tfzﬂizE</strong></span> <span class='ocrx_word' id='word_1_4' title='bbox 2395 281 2534 343; x_wconf 83' lang='lat' dir='ltr'><strong>LIB.</strong></span> <span class='ocrx_word' id='word_1_5' title='bbox 2581 280 2728 339; x_wconf 80' lang='lat' dir='ltr'><strong>XVl.</strong></span> 
     </span>
    </p>
   </div>
   <div class='ocr_carea' id='block_1_2' title="bbox 723 398 2074 458">
    <p class='ocr_par' dir='ltr' id='par_1_2' title="bbox 723 398 2074 458">
     <span class='ocr_line' id='line_1_2' title="bbox 723 398 2074 458; baseline 0.007 -9"><span class='ocrx_word' id='word_1_6' title='bbox 723 403 746 410; x_wconf 80' lang='grc'><strong><em>“</em></strong></span> <span class='ocrx_word' id='word_1_7' title='bbox 1031 399 1070 450; x_wconf 85' lang='grc' dir='ltr'>Κ</span> <span class='ocrx_word' id='word_1_8' title='bbox 1085 398 1275 450; x_wconf 57' lang='lat' dir='ltr'><strong>liti-AA.</strong></span> <span class='ocrx_word' id='word_1_9' title='bbox 1301 398 1398 452; x_wconf 64' lang='lat' dir='ltr'><strong>ll&quot;.</strong></span> <span class='ocrx_word' id='word_1_10' title='bbox 1874 435 1879 439; x_wconf 93' lang='lat'><strong><em>-</em></strong></span> <span class='ocrx_word' id='word_1_11' title='bbox 2025 398 2074 458; x_wconf 76' lang='grc' dir='ltr'><strong>Α</strong></span> 
     </span>
    </p>
   </div>
   <div class='ocr_carea' id='block_1_3' title="bbox 1031 398 1398 452">
    <p class='ocr_par' dir='ltr' id='par_1_3' title="bbox 1031 398 1398 452">
     <span class='ocr_line' id='line_1_3' title="bbox 1031 398 1398 452; baseline 0.005 -2"><span class='ocrx_word' id='word_1_12' title='bbox 1031 399 1070 450; x_wconf 85' lang='grc' dir='ltr'>Κ</span> <span class='ocrx_word' id='word_1_13' title='bbox 1085 398 1275 450; x_wconf 66' lang='grc' dir='ltr'>ΕΦΛᾹ.</span> <span class='ocrx_word' id='word_1_14' title='bbox 1301 398 1398 452; x_wconf 75' lang='grc' dir='ltr'><strong>η’.</strong></span> 
     </span>
    </p>
   </div>
   <div class='ocr_carea' id='block_1_4' title="bbox 434 511 1991 583">
    <p class='ocr_par' dir='ltr' id='par_1_4' title="bbox 434 511 1991 583">
     <span class='ocr_line' id='line_1_4' title="bbox 434 511 1991 583; baseline 0.003 -19"><span class='ocrx_word' id='word_1_15' title='bbox 434 516 533 575; x_wconf 69' lang='grc' dir='ltr'>’.Ως</span> <span class='ocrx_word' id='word_1_16' title='bbox 567 511 916 565; x_wconf 65' lang='grc' dir='ltr'>Καλανδίων</span> <span class='ocrx_word' id='word_1_17' title='bbox 973 515 1286 583; x_wconf 73' lang='grc' dir='ltr'><strong>ὑπερόριος</strong></span> <span class='ocrx_word' id='word_1_18' title='bbox 1323 517 1566 583; x_wconf 56' lang='grc' dir='ltr'>γίνεται,</span> <span class='ocrx_word' id='word_1_19' title='bbox 1607 515 1826 579; x_wconf 74' lang='grc' dir='ltr'>Πέτρος</span> <span class='ocrx_word' id='word_1_20' title='bbox 1859 515 1926 567; x_wconf 81' lang='grc' dir='ltr'>δὲ</span> <span class='ocrx_word' id='word_1_21' title='bbox 1961 519 1991 568; x_wconf 85' lang='grc' dir='ltr'><strong><em>ό</em></strong></span> 
     </span>
    </p>
   </div>
   <div class='ocr_carea' id='block_1_5' title="bbox 496 581 1993 652">
    <p class='ocr_par' dir='ltr' id='par_1_5' title="bbox 496 581 1993 652">
     <span class='ocr_line' id='line_1_5' title="bbox 496 581 1993 652; baseline 0.001 -16"><span class='ocrx_word' id='word_1_22' title='bbox 496 583 772 652; x_wconf 59' lang='grc' dir='ltr'><strong>Ιίνιιὲεὺς</strong></span> <span class='ocrx_word' id='word_1_23' title='bbox 812 583 890 646; x_wconf 83' lang='grc' dir='ltr'><em>τῴ</em></span> <span class='ocrx_word' id='word_1_24' title='bbox 929 583 1038 647; x_wconf 78' lang='grc' dir='ltr'><strong>τῆς</strong></span> <span class='ocrx_word' id='word_1_25' title='bbox 1064 581 1373 650; x_wconf 70' lang='grc' dir='ltr'>Ἀντιόχου</span> <span class='ocrx_word' id='word_1_26' title='bbox 1420 581 1594 647; x_wconf 71' lang='grc' dir='ltr'>αὖῖΙις</span> <span class='ocrx_word' id='word_1_27' title='bbox 1648 589 1838 652; x_wconf 76' lang='grc' dir='ltr'>θρόνῳ</span> <span class='ocrx_word' id='word_1_28' title='bbox 1871 587 1993 637; x_wconf 79' lang='grc' dir='ltr'>ἐπι-</span> 
     </span>
    </p>
   </div>
   <div class='ocr_carea' id='block_1_6' title="bbox 495 650 1994 722">
    <p class='ocr_par' dir='ltr' id='par_1_6' title="bbox 495 650 1994 722">
     <span class='ocr_line' id='line_1_6' title="bbox 495 650 1994 722; baseline 0.002 -16"><span class='ocrx_word' id='word_1_29' title='bbox 495 650 692 717; x_wconf 79' lang='grc' dir='ltr'>πηδᾷ·</span> <span class='ocrx_word' id='word_1_30' title='bbox 717 653 814 705; x_wconf 74' lang='grc' dir='ltr'>καὶ</span> <span class='ocrx_word' id='word_1_31' title='bbox 844 655 973 722; x_wconf 76' lang='grc' dir='ltr'>περὶ</span> <span class='ocrx_word' id='word_1_32' title='bbox 1003 653 1108 707; x_wconf 88' lang='grc' dir='ltr'><strong>τοῦ</strong></span> <span class='ocrx_word' id='word_1_33' title='bbox 1135 656 1508 722; x_wconf 64' lang='grc' dir='ltr'>παλιμϐόλου</span> <span class='ocrx_word' id='word_1_34' title='bbox 1547 650 1735 721; x_wconf 48' lang='lat' dir='ltr'><strong>suam</strong></span> <span class='ocrx_word' id='word_1_35' title='bbox 1770 654 1994 722; x_wconf 84' lang='grc' dir='ltr'>Πέτρου</span> 
     </span>
    </p>
   </div>
   <div class='ocr_carea' id='block_1_7' title="bbox 492 722 885 789">
    <p class='ocr_par' dir='ltr' id='par_1_7' title="bbox 492 722 885 789">
     <span class='ocr_line' id='line_1_7' title="bbox 492 722 885 789; baseline 0.003 -15"><span class='ocrx_word' id='word_1_36' title='bbox 492 722 598 776; x_wconf 80' lang='grc' dir='ltr'>τοῦ</span> <span class='ocrx_word' id='word_1_37' title='bbox 628 723 885 789; x_wconf 71' lang='grc' dir='ltr'>Μογγοῦ.</span> 
     </span>
    </p>
   </div>
   <div class='ocr_carea' id='block_1_8' title="bbox 493 828 1996 906">
    <p class='ocr_par' dir='ltr' id='par_1_8' title="bbox 493 828 1996 906">
     <span class='ocr_line' id='line_1_8' title="bbox 493 828 1996 906; baseline 0.006 -24"><span class='ocrx_word' id='word_1_38' title='bbox 493 828 810 882; x_wconf 81' lang='grc' dir='ltr'>Καλανδίων</span> <span class='ocrx_word' id='word_1_39' title='bbox 841 829 894 882; x_wconf 82' lang='grc' dir='ltr'>δὲ</span> <span class='ocrx_word' id='word_1_40' title='bbox 927 831 954 882; x_wconf 87' lang='lat'><strong>6</strong></span> <span class='ocrx_word' id='word_1_41' title='bbox 993 832 1090 900; x_wconf 79' lang='grc' dir='ltr'>τῆς</span> <span class='ocrx_word' id='word_1_42' title='bbox 1125 833 1400 904; x_wconf 75' lang='grc' dir='ltr'><strong>Ἀντιόχου</strong></span> <span class='ocrx_word' id='word_1_43' title='bbox 1469 837 1729 906; x_wconf 73' lang='grc' dir='ltr'>πρόεδρος</span> <span class='ocrx_word' id='word_1_44' title='bbox 1758 837 1996 906; x_wconf 83' lang='grc' dir='ltr'>’Δκακίῳ</span> 
     </span>
    </p>
   </div>
   <div class='ocr_carea' id='block_1_9' title="bbox 424 923 1996 996">
    <p class='ocr_par' dir='ltr' id='par_1_9' title="bbox 424 923 1996 996">
     <span class='ocr_line' id='line_1_9' title="bbox 424 923 1996 996; baseline 0.005 -24"><span class='ocrx_word' id='word_1_45' title='bbox 424 925 521 973; x_wconf 74' lang='grc' dir='ltr'>καὶ</span> <span class='ocrx_word' id='word_1_46' title='bbox 574 923 785 986; x_wconf 81' lang='grc' dir='ltr'><strong>Ζήνωνι</strong></span> <span class='ocrx_word' id='word_1_47' title='bbox 832 923 1059 993; x_wconf 73' lang='grc' dir='ltr'>ἔγραφε,</span> <span class='ocrx_word' id='word_1_48' title='bbox 1111 927 1296 994; x_wconf 76' lang='grc' dir='ltr'>μοιχὸν</span> <span class='ocrx_word' id='word_1_49' title='bbox 1328 926 1416 979; x_wconf 76' lang='grc' dir='ltr'><strong>τὸν</strong></span> <span class='ocrx_word' id='word_1_50' title='bbox 1453 927 1656 996; x_wconf 85' lang='grc' dir='ltr'>Πέτρον</span> <span class='ocrx_word' id='word_1_51' title='bbox 1706 929 1996 981; x_wconf 84' lang='grc' dir='ltr'>ἀποκαλῶν</span> 
     </span>
    </p>
   </div>
   <div class='ocr_carea' id='block_1_10' title="bbox 425 1011 1995 1088">
    <p class='ocr_par' dir='ltr' id='par_1_10' title="bbox 425 1011 1995 1088">
     <span class='ocr_line' id='line_1_10' title="bbox 425 1011 1995 1088; baseline 0.004 -24"><span class='ocrx_word' id='word_1_52' title='bbox 425 1012 516 1064; x_wconf 70' lang='grc' dir='ltr'>διὰ</span> <span class='ocrx_word' id='word_1_53' title='bbox 547 1014 612 1064; x_wconf 75' lang='grc' dir='ltr'>τὰ</span> <span class='ocrx_word' id='word_1_54' title='bbox 645 1011 945 1081; x_wconf 78' lang='grc' dir='ltr'>γενόμεναο</span> <span class='ocrx_word' id='word_1_55' title='bbox 998 1016 1094 1067; x_wconf 71' lang='grc' dir='ltr'><strong>καὶ</strong></span> <span class='ocrx_word' id='word_1_56' title='bbox 1137 1015 1221 1067; x_wconf 84' lang='grc' dir='ltr'>ὅτι</span> <span class='ocrx_word' id='word_1_57' title='bbox 1253 1017 1348 1068; x_wconf 71' lang='grc' dir='ltr'>καὶ</span> <span class='ocrx_word' id='word_1_58' title='bbox 1381 1017 1475 1070; x_wconf 74' lang='grc' dir='ltr'>ἐπὶ</span> <span class='ocrx_word' id='word_1_59' title='bbox 1508 1019 1604 1085; x_wconf 77' lang='grc' dir='ltr'>τῆς</span> <span class='ocrx_word' id='word_1_60' title='bbox 1643 1018 1995 1088; x_wconf 75' lang='grc' dir='ltr'><strong>Ἀλεξάνδρου</strong></span> 
     </span>
    </p>
   </div>
   <div class='ocr_carea' id='block_1_11' title="bbox 427 1102 1995 1176">
    <p class='ocr_par' dir='ltr' id='par_1_11' title="bbox 427 1102 1995 1176">
     <span class='ocr_line' id='line_1_11' title="bbox 427 1102 1995 1176; baseline 0.005 -24"><span class='ocrx_word' id='word_1_61' title='bbox 427 1102 744 1168; x_wconf 82' lang='grc' dir='ltr'>γενόμενος,</span> <span class='ocrx_word' id='word_1_62' title='bbox 786 1103 1090 1172; x_wconf 86' lang='grc' dir='ltr'>ἁναθέματι</span> <span class='ocrx_word' id='word_1_63' title='bbox 1126 1104 1224 1170; x_wconf 73' lang='grc' dir='ltr'><strong>τὴν</strong></span> <span class='ocrx_word' id='word_1_64' title='bbox 1261 1105 1422 1172; x_wconf 82' lang='grc' dir='ltr'>ἁγίαν</span> <span class='ocrx_word' id='word_1_65' title='bbox 1454 1106 1721 1176; x_wconf 71' lang='grc' dir='ltr'>τετάρτην</span> <span class='ocrx_word' id='word_1_66' title='bbox 1753 1108 1995 1160; x_wconf 80' lang='grc' dir='ltr'>καθυπέ-</span> 
     </span>
    </p>
   </div>
   <div class='ocr_carea' id='block_1_12' title="bbox 423 1192 1998 1270">
    <p class='ocr_par' dir='ltr' id='par_1_12' title="bbox 423 1192 1998 1270">
     <span class='ocr_line' id='line_1_12' title="bbox 423 1192 1998 1270; baseline 0.005 -26"><span class='ocrx_word' id='word_1_67' title='bbox 423 1194 557 1245; x_wconf 77' lang='grc' dir='ltr'>ὂαλε</span> <span class='ocrx_word' id='word_1_68' title='bbox 588 1192 830 1248; x_wconf 86' lang='grc' dir='ltr'><strong>σύνοδον.</strong></span> <span class='ocrx_word' id='word_1_69' title='bbox 867 1197 962 1256; x_wconf 88' lang='grc' dir='ltr'>Ὃς</span> <span class='ocrx_word' id='word_1_70' title='bbox 996 1195 1083 1247; x_wconf 81' lang='grc' dir='ltr'><strong>διὰ</strong></span> <span class='ocrx_word' id='word_1_71' title='bbox 1129 1195 1299 1249; x_wconf 77' lang='grc' dir='ltr'>ταῦτα</span> <span class='ocrx_word' id='word_1_72' title='bbox 1342 1199 1614 1268; x_wconf 64' lang='grc' dir='ltr'>πρόφασιν</span> <span class='ocrx_word' id='word_1_73' title='bbox 1658 1199 1893 1270; x_wconf 70' lang='grc' dir='ltr'>εἰληφὼς</span> <span class='ocrx_word' id='word_1_74' title='bbox 1923 1201 1998 1264; x_wconf 84' lang='grc' dir='ltr'>ὠς</span> 
     </span>
    </p>
   </div>
   <div class='ocr_carea' id='block_1_13' title="bbox 427 1285 1999 1360">
    <p class='ocr_par' dir='ltr' id='par_1_13' title="bbox 427 1285 1999 1360">
     <span class='ocr_line' id='line_1_13' title="bbox 427 1285 1999 1360; baseline 0.006 -26"><span class='ocrx_word' id='word_1_75' title='bbox 427 1288 538 1348; x_wconf 79' lang='grc' dir='ltr'>τοῖς</span> <span class='ocrx_word' id='word_1_76' title='bbox 570 1285 907 1348; x_wconf 81' lang='grc' dir='ltr'><strong>ἀποστάταις</strong></span> <span class='ocrx_word' id='word_1_77' title='bbox 940 1287 1185 1356; x_wconf 84' lang='grc' dir='ltr'>Ζήνωνος</span> <span class='ocrx_word' id='word_1_78' title='bbox 1216 1289 1487 1358; x_wconf 72' lang='grc' dir='ltr'>ἐπαμύνω</span> <span class='ocrx_word' id='word_1_79' title='bbox 1520 1291 1677 1360; x_wconf 82' lang='grc' dir='ltr'>’[λλῳ</span> <span class='ocrx_word' id='word_1_80' title='bbox 1708 1294 1803 1344; x_wconf 73' lang='grc' dir='ltr'>καὶ</span> <span class='ocrx_word' id='word_1_81' title='bbox 1835 1294 1999 1345; x_wconf 69' lang='grc' dir='ltr'>Λεονσ</span> 
     </span>
    </p>
   </div>
   <div class='ocr_carea' id='block_1_14' title="bbox 340 1377 1998 1450">
    <p class='ocr_par' dir='ltr' id='par_1_14' title="bbox 340 1377 1998 1450">
     <span class='ocr_line' id='line_1_14' title="bbox 340 1377 1998 1450; baseline 0.005 -22"><span class='ocrx_word' id='word_1_82' title='bbox 340 1385 344 1388; x_wconf 86' lang='grc'><strong>’</strong></span> <span class='ocrx_word' id='word_1_83' title='bbox 425 1378 526 1448; x_wconf 81' lang='grc' dir='ltr'><strong>τὶῳ</strong></span> <span class='ocrx_word' id='word_1_84' title='bbox 559 1379 654 1430; x_wconf 76' lang='grc' dir='ltr'>καὶ</span> <span class='ocrx_word' id='word_1_85' title='bbox 689 1377 1024 1447; x_wconf 83' lang='grc' dir='ltr'>Παμπρεπεί</span> <span class='ocrx_word' id='word_1_86' title='bbox 1051 1380 1440 1448; x_wconf 87' lang='grc' dir='ltr'>τυραννιῶσιν,</span> <span class='ocrx_word' id='word_1_87' title='bbox 1470 1382 1568 1450; x_wconf 82' lang='grc' dir='ltr'>τὴν</span> <span class='ocrx_word' id='word_1_88' title='bbox 1600 1385 1794 1436; x_wconf 84' lang='grc' dir='ltr'>Ὄασιν</span> <span class='ocrx_word' id='word_1_89' title='bbox 1822 1384 1998 1436; x_wconf 78' lang='grc' dir='ltr'>οἰκεῖν</span> 
     </span>
    </p>
   </div>
   <div class='ocr_carea' id='block_1_15' title="bbox 429 1467 2001 1546">
    <p class='ocr_par' dir='ltr' id='par_1_15' title="bbox 429 1467 2001 1546">
     <span class='ocr_line' id='line_1_15' title="bbox 429 1467 2001 1546; baseline 0.006 -28"><span class='ocrx_word' id='word_1_90' title='bbox 429 1467 839 1537; x_wconf 77' lang='grc' dir='ltr'><strong>κατακρίνεται.</strong></span> <span class='ocrx_word' id='word_1_91' title='bbox 878 1469 988 1524; x_wconf 74' lang='grc' dir='ltr'><strong>Καὶ</strong></span> <span class='ocrx_word' id='word_1_92' title='bbox 1020 1471 1334 1525; x_wconf 82' lang='grc' dir='ltr'>Καλανδίων</span> <span class='ocrx_word' id='word_1_93' title='bbox 1364 1473 1461 1542; x_wconf 81' lang='grc' dir='ltr'>μὲν</span> <span class='ocrx_word' id='word_1_94' title='bbox 1491 1473 1649 1537; x_wconf 79' lang='grc' dir='ltr'>αὖθις</span> <span class='ocrx_word' id='word_1_95' title='bbox 1675 1480 1772 1546; x_wconf 84' lang='grc' dir='ltr'>τῆς</span> <span class='ocrx_word' id='word_1_96' title='bbox 1797 1475 2001 1528; x_wconf 70' lang='grc' dir='ltr'>Ἀντιό-</span> 
     </span>
    </p>
   </div>
   <div class='ocr_carea' id='block_1_16' title="bbox 428 1560 1999 1636">
    <p class='ocr_par' dir='ltr' id='par_1_16' title="bbox 428 1560 1999 1636">
     <span class='ocr_line' id='line_1_16' title="bbox 428 1560 1999 1636; baseline 0.007 -26"><span class='ocrx_word' id='word_1_97' title='bbox 428 1579 525 1628; x_wconf 76' lang='grc' dir='ltr'>χου</span> <span class='ocrx_word' id='word_1_98' title='bbox 570 1562 656 1614; x_wconf 82' lang='grc' dir='ltr'>διὰ</span> <span class='ocrx_word' id='word_1_99' title='bbox 706 1560 864 1613; x_wconf 83' lang='grc' dir='ltr'>τούτο</span> <span class='ocrx_word' id='word_1_100' title='bbox 915 1562 1274 1618; x_wconf 76' lang='grc' dir='ltr'>ἐκϐάλλεται·</span> <span class='ocrx_word' id='word_1_101' title='bbox 1319 1565 1348 1616; x_wconf 91' lang='lat'><strong>6</strong></span> <span class='ocrx_word' id='word_1_102' title='bbox 1396 1565 1453 1616; x_wconf 81' lang='grc' dir='ltr'>δὲ</span> <span class='ocrx_word' id='word_1_103' title='bbox 1509 1567 1760 1634; x_wconf 75' lang='grc' dir='ltr'>Κναφευς</span> <span class='ocrx_word' id='word_1_104' title='bbox 1798 1568 1999 1636; x_wconf 78' lang='grc' dir='ltr'>Πέτρος</span> 
     </span>
    </p>
   </div>
   <div class='ocr_carea' id='block_1_17' title="bbox 432 1653 1996 1728">
    <p class='ocr_par' dir='ltr' id='par_1_17' title="bbox 432 1653 1996 1728">
     <span class='ocr_line' id='line_1_17' title="bbox 432 1653 1996 1728; baseline 0.006 -26"><span class='ocrx_word' id='word_1_105' title='bbox 432 1653 598 1724; x_wconf 77' lang='grc' dir='ltr'>τέχνῃ</span> <span class='ocrx_word' id='word_1_106' title='bbox 627 1653 694 1707; x_wconf 77' lang='grc' dir='ltr'>τὰ</span> <span class='ocrx_word' id='word_1_107' title='bbox 725 1653 1030 1722; x_wconf 84' lang='grc' dir='ltr'>πράγματα</span> <span class='ocrx_word' id='word_1_108' title='bbox 1064 1653 1338 1719; x_wconf 84' lang='grc' dir='ltr'>ὑπελθὼν,</span> <span class='ocrx_word' id='word_1_109' title='bbox 1362 1656 1460 1725; x_wconf 75' lang='grc' dir='ltr'>τῆς</span> <span class='ocrx_word' id='word_1_110' title='bbox 1494 1658 1689 1728; x_wconf 77' lang='grc' dir='ltr'>ἐφετῆς</span> <span class='ocrx_word' id='word_1_111' title='bbox 1719 1658 1866 1728; x_wconf 80' lang='grc' dir='ltr'><strong>αὐτῷ</strong></span> <span class='ocrx_word' id='word_1_112' title='bbox 1898 1676 1996 1712; x_wconf 84' lang='grc' dir='ltr'>κα-</span> 
     </span>
    </p>
   </div>
   <div class='ocr_carea' id='block_1_18' title="bbox 3567 273 3704 337">
    <p class='ocr_par' dir='ltr' id='par_1_18' title="bbox 3567 273 3704 337">
     <span class='ocr_line' id='line_1_18' title="bbox 3567 273 3704 337; baseline -0.022 -1"><span class='ocrx_word' id='word_1_113' title='bbox 3567 273 3704 337; x_wconf 61' lang='grc' dir='ltr'><strong>ιιι</strong></span> 
     </span>
    </p>
   </div>
   <div class='ocr_carea' id='block_1_19' title="bbox 2681 391 3084 450">
    <p class='ocr_par' dir='ltr' id='par_1_19' title="bbox 2681 391 3084 450">
     <span class='ocr_line' id='line_1_19' title="bbox 2681 391 3084 450; baseline -0.012 0"><span class='ocrx_word' id='word_1_114' title='bbox 2681 393 2914 450; x_wconf 73' lang='lat' dir='ltr'><strong>CAPUT</strong></span> <span class='ocrx_word' id='word_1_115' title='bbox 2951 391 3084 447; x_wconf 70' lang='grc' dir='ltr'>χιιι.</span> 
     </span>
    </p>
   </div>
   <div class='ocr_carea' id='block_1_20' title="bbox 2101 501 3660 563">
    <p class='ocr_par' dir='ltr' id='par_1_20' title="bbox 2101 501 3660 563">
     <span class='ocr_line' id='line_1_20' title="bbox 2101 501 3660 563; baseline -0.006 -1"><span class='ocrx_word' id='word_1_116' title='bbox 2101 509 2163 562; x_wconf 75' lang='lat' dir='ltr'><strong>Ut</strong></span> <span class='ocrx_word' id='word_1_117' title='bbox 2193 511 2488 563; x_wconf 63' lang='lat' dir='ltr'><strong>(Ialamliou</strong></span> <span class='ocrx_word' id='word_1_118' title='bbox 2526 512 2578 562; x_wconf 85' lang='lat' dir='ltr'><strong>iu</strong></span> <span class='ocrx_word' id='word_1_119' title='bbox 2610 510 2851 562; x_wconf 71' lang='lat' dir='ltr'><strong>exsilium</strong></span> <span class='ocrx_word' id='word_1_120' title='bbox 2882 510 2948 559; x_wconf 80' lang='lat' dir='ltr'><strong>sit</strong></span> <span class='ocrx_word' id='word_1_121' title='bbox 2995 515 3166 558; x_wconf 78' lang='lat' dir='ltr'><strong>artus.</strong></span> <span class='ocrx_word' id='word_1_122' title='bbox 3205 513 3250 555; x_wconf 78' lang='lat' dir='ltr'><strong>et</strong></span> <span class='ocrx_word' id='word_1_123' title='bbox 3299 502 3484 554; x_wconf 76' lang='lat' dir='ltr'><strong>Petrus</strong></span> <span class='ocrx_word' id='word_1_124' title='bbox 3515 501 3660 554; x_wconf 69' lang='lat' dir='ltr'><strong>(qu-</strong></span> 
     </span>
    </p>
   </div>
   <div class='ocr_carea' id='block_1_21' title="bbox 2167 574 3667 647">
    <p class='ocr_par' dir='ltr' id='par_1_21' title="bbox 2167 574 3667 647">
     <span class='ocr_line' id='line_1_21' title="bbox 2167 574 3667 647; baseline -0.007 -15"><span class='ocrx_word' id='word_1_125' title='bbox 2167 586 2328 641; x_wconf 78' lang='lat' dir='ltr'><strong>nheus</strong></span> <span class='ocrx_word' id='word_1_126' title='bbox 2387 584 2438 633; x_wconf 89' lang='lat' dir='ltr'><strong>iu</strong></span> <span class='ocrx_word' id='word_1_127' title='bbox 2494 583 2607 647; x_wconf 85' lang='lat' dir='ltr'><strong>ejus</strong></span> <span class='ocrx_word' id='word_1_128' title='bbox 2657 596 2866 630; x_wconf 82' lang='lat' dir='ltr'><strong>rursum</strong></span> <span class='ocrx_word' id='word_1_129' title='bbox 2915 578 3164 647; x_wconf 63' lang='lat' dir='ltr'><strong>insiliat-it</strong></span> <span class='ocrx_word' id='word_1_130' title='bbox 3205 574 3380 647; x_wconf 70' lang='lat' dir='ltr'><strong>sedent</strong></span> <span class='ocrx_word' id='word_1_131' title='bbox 3428 587 3445 623; x_wconf 92' lang='lat'><em>:</em></span> <span class='ocrx_word' id='word_1_132' title='bbox 3493 583 3546 647; x_wconf 68' lang='lat' dir='ltr'><strong>et</strong></span> <span class='ocrx_word' id='word_1_133' title='bbox 3603 575 3667 622; x_wconf 82' lang='lat' dir='ltr'><strong>de</strong></span> 
     </span>
    </p>
   </div>
   <div class='ocr_carea' id='block_1_22' title="bbox 2167 643 3667 715">
    <p class='ocr_par' dir='ltr' id='par_1_22' title="bbox 2167 643 3667 715">
     <span class='ocr_line' id='line_1_22' title="bbox 2167 643 3667 715; baseline -0.007 -11"><span class='ocrx_word' id='word_1_134' title='bbox 2167 643 2590 705; x_wconf 60' lang='lat' dir='ltr'><strong>inconstantibus</strong></span> <span class='ocrx_word' id='word_1_135' title='bbox 2643 668 2704 702; x_wconf 90' lang='lat' dir='ltr'><strong>ac</strong></span> <span class='ocrx_word' id='word_1_136' title='bbox 2739 646 3094 715; x_wconf 77' lang='lat' dir='ltr'><strong>rersipcllibus</strong></span> <span class='ocrx_word' id='word_1_137' title='bbox 3128 645 3272 696; x_wconf 77' lang='lat' dir='ltr'><strong>Petri</strong></span> <span class='ocrx_word' id='word_1_138' title='bbox 3327 643 3502 712; x_wconf 79' lang='lat' dir='ltr'><strong>Mogqi</strong></span> <span class='ocrx_word' id='word_1_139' title='bbox 3551 658 3667 695; x_wconf 85' lang='lat' dir='ltr'><strong>mo-</strong></span> 
     </span>
    </p>
   </div>
   <div class='ocr_carea' id='block_1_23' title="bbox 2168 724 2328 775">
    <p class='ocr_par' dir='ltr' id='par_1_23' title="bbox 2168 724 2328 775">
     <span class='ocr_line' id='line_1_23' title="bbox 2168 724 2328 775; baseline 0 -1"><span class='ocrx_word' id='word_1_140' title='bbox 2168 724 2328 775; x_wconf 80' lang='lat' dir='ltr'><strong>ribus.</strong></span> 
     </span>
    </p>
   </div>
   <div class='ocr_carea' id='block_1_24' title="bbox 2169 823 3723 889">
    <p class='ocr_par' dir='ltr' id='par_1_24' title="bbox 2169 823 3723 889">
     <span class='ocr_line' id='line_1_24' title="bbox 2169 823 3723 889; baseline -0.012 0"><span class='ocrx_word' id='word_1_141' title='bbox 2169 838 2342 889; x_wconf 88' lang='lat' dir='ltr'><strong>Porro</strong></span> <span class='ocrx_word' id='word_1_142' title='bbox 2398 833 2700 887; x_wconf 87' lang='lat' dir='ltr'><strong>Calandion</strong></span> <span class='ocrx_word' id='word_1_143' title='bbox 2751 829 3134 883; x_wconf 78' lang='lat' dir='ltr'><strong>Antioclicnns</strong></span> <span class='ocrx_word' id='word_1_144' title='bbox 3167 825 3398 880; x_wconf 88' lang='lat' dir='ltr'><strong>antistes</strong></span> <span class='ocrx_word' id='word_1_145' title='bbox 3429 825 3494 877; x_wconf 89' lang='lat' dir='ltr'><strong>ad</strong></span> <span class='ocrx_word' id='word_1_146' title='bbox 3531 823 3667 878; x_wconf 76' lang='lat' dir='ltr'><strong>Ara-</strong></span> <span class='ocrx_word' id='word_1_147' title='bbox 3716 845 3723 849; x_wconf 96' lang='lat'><strong><em>-</em></strong></span> 
     </span>
    </p>
   </div>
   <div class='ocr_carea' id='block_1_25' title="bbox 2097 913 3724 990">
    <p class='ocr_par' dir='ltr' id='par_1_25' title="bbox 2097 913 3724 990">
     <span class='ocr_line' id='line_1_25' title="bbox 2097 913 3724 990; baseline -0.012 -9"><span class='ocrx_word' id='word_1_148' title='bbox 2097 929 2244 982; x_wconf 87' lang='lat' dir='ltr'><strong>cium</strong></span> <span class='ocrx_word' id='word_1_149' title='bbox 2300 935 2350 978; x_wconf 90' lang='lat' dir='ltr'><strong>et</strong></span> <span class='ocrx_word' id='word_1_150' title='bbox 2393 923 2668 976; x_wconf 78' lang='lat' dir='ltr'><strong>Zenonem</strong></span> <span class='ocrx_word' id='word_1_151' title='bbox 2721 919 2963 987; x_wconf 74' lang='lat' dir='ltr'><strong>Scripsit,</strong></span> <span class='ocrx_word' id='word_1_152' title='bbox 3009 927 3061 970; x_wconf 90' lang='lat' dir='ltr'><strong>ct</strong></span> <span class='ocrx_word' id='word_1_153' title='bbox 3109 918 3332 970; x_wconf 88' lang='lat' dir='ltr'><strong>Petrum</strong></span> <span class='ocrx_word' id='word_1_154' title='bbox 3390 915 3664 966; x_wconf 68' lang='lat' dir='ltr'><strong>mmehmu</strong></span> 
     </span>
    </p>
   </div>
   <div class='ocr_carea' id='block_1_26' title="bbox 2099 995 3729 1086">
    <p class='ocr_par' dir='ltr' id='par_1_26' title="bbox 2099 995 3729 1086">
     <span class='ocr_line' id='line_1_26' title="bbox 2099 995 3729 1086; baseline -0.01 -15"><span class='ocrx_word' id='word_1_155' title='bbox 2099 1017 2336 1080; x_wconf 75' lang='lat' dir='ltr'><strong>vocavit,</strong></span> <span class='ocrx_word' id='word_1_156' title='bbox 2381 1031 2505 1069; x_wconf 90' lang='lat' dir='ltr'><strong>cum</strong></span> <span class='ocrx_word' id='word_1_157' title='bbox 2556 1023 2778 1083; x_wconf 83' lang='lat' dir='ltr'><strong>propter</strong></span> <span class='ocrx_word' id='word_1_158' title='bbox 2827 1027 2888 1066; x_wconf 92' lang='lat' dir='ltr'><strong>ca</strong></span> <span class='ocrx_word' id='word_1_159' title='bbox 2932 1027 3052 1078; x_wconf 77' lang='lat' dir='ltr'><strong>qua:</strong></span> <span class='ocrx_word' id='word_1_160' title='bbox 3095 1011 3160 1061; x_wconf 89' lang='lat' dir='ltr'><strong>dc</strong></span> <span class='ocrx_word' id='word_1_161' title='bbox 3194 1007 3289 1060; x_wconf 88' lang='lat' dir='ltr'><strong>illo</strong></span> <span class='ocrx_word' id='word_1_162' title='bbox 3318 1005 3668 1066; x_wconf 83' lang='lat' dir='ltr'><strong>accidissent,</strong></span> 
     </span>
    </p>
   </div>
   <div class='ocr_carea' id='block_1_27' title="bbox 2100 1101 3728 1176">
    <p class='ocr_par' dir='ltr' id='par_1_27' title="bbox 2100 1101 3728 1176">
     <span class='ocr_line' id='line_1_27' title="bbox 2100 1101 3728 1176; baseline -0.007 -14"><span class='ocrx_word' id='word_1_163' title='bbox 2100 1119 2214 1164; x_wconf 91' lang='lat' dir='ltr'><strong>tum</strong></span> <span class='ocrx_word' id='word_1_164' title='bbox 2247 1107 2391 1176; x_wconf 91' lang='lat' dir='ltr'><strong>quod</strong></span> <span class='ocrx_word' id='word_1_165' title='bbox 2423 1105 2771 1160; x_wconf 74' lang='lat' dir='ltr'><strong>Alexandria:</strong></span> <span class='ocrx_word' id='word_1_166' title='bbox 2807 1102 3096 1155; x_wconf 87' lang='lat' dir='ltr'><strong>anathema</strong></span> <span class='ocrx_word' id='word_1_167' title='bbox 3130 1101 3183 1152; x_wconf 93' lang='lat' dir='ltr'><strong>in</strong></span> <span class='ocrx_word' id='word_1_168' title='bbox 3228 1106 3473 1152; x_wconf 85' lang='lat' dir='ltr'><strong>sanctam</strong></span> <span class='ocrx_word' id='word_1_169' title='bbox 3503 1112 3664 1165; x_wconf 82' lang='lat' dir='ltr'><strong>quar-</strong></span> <span class='ocrx_word' id='word_1_170' title='bbox 3719 1102 3728 1142; x_wconf 65' lang='grc' dir='ltr'><strong>ἰ</strong></span> 
     </span>
    </p>
   </div>
   <div class='ocr_carea' id='block_1_28' title="bbox 2101 1188 3668 1270">
    <p class='ocr_par' dir='ltr' id='par_1_28' title="bbox 2101 1188 3668 1270">
     <span class='ocr_line' id='line_1_28' title="bbox 2101 1188 3668 1270; baseline -0.01 -16"><span class='ocrx_word' id='word_1_171' title='bbox 2101 1212 2206 1256; x_wconf 89' lang='lat' dir='ltr'><strong>tam</strong></span> <span class='ocrx_word' id='word_1_172' title='bbox 2241 1198 2513 1270; x_wconf 81' lang='lat' dir='ltr'><strong>synodum</strong></span> <span class='ocrx_word' id='word_1_173' title='bbox 2553 1197 2903 1264; x_wconf 78' lang='lat' dir='ltr'><strong>ronjeeissct.</strong></span> <span class='ocrx_word' id='word_1_174' title='bbox 2935 1194 2999 1246; x_wconf 84' lang='lat' dir='ltr'><strong>At</strong></span> <span class='ocrx_word' id='word_1_175' title='bbox 3029 1190 3353 1253; x_wconf 81' lang='lat' dir='ltr'><strong>Calandion,</strong></span> <span class='ocrx_word' id='word_1_176' title='bbox 3389 1188 3534 1258; x_wconf 90' lang='lat' dir='ltr'><strong>quod</strong></span> <span class='ocrx_word' id='word_1_177' title='bbox 3571 1203 3668 1257; x_wconf 84' lang='lat' dir='ltr'><strong>per</strong></span> 
     </span>
    </p>
   </div>
   <div class='ocr_carea' id='block_1_29' title="bbox 2099 1280 3669 1354">
    <p class='ocr_par' dir='ltr' id='par_1_29' title="bbox 2099 1280 3669 1354">
     <span class='ocr_line' id='line_1_29' title="bbox 2099 1280 3669 1354; baseline -0.01 -6"><span class='ocrx_word' id='word_1_178' title='bbox 2099 1308 2219 1348; x_wconf 91' lang='lat' dir='ltr'><strong>eam</strong></span> <span class='ocrx_word' id='word_1_179' title='bbox 2245 1306 2466 1346; x_wconf 85' lang='lat' dir='ltr'><strong>causam</strong></span> <span class='ocrx_word' id='word_1_180' title='bbox 2492 1289 2841 1343; x_wconf 76' lang='lat' dir='ltr'><strong>occasionem</strong></span> <span class='ocrx_word' id='word_1_181' title='bbox 2873 1285 3130 1354; x_wconf 85' lang='lat' dir='ltr'><strong>arripuit,</strong></span> <span class='ocrx_word' id='word_1_182' title='bbox 3165 1293 3221 1336; x_wconf 91' lang='lat' dir='ltr'><strong>ut</strong></span> <span class='ocrx_word' id='word_1_183' title='bbox 3255 1283 3337 1336; x_wconf 76' lang='lat' dir='ltr'><strong>llii</strong></span> <span class='ocrx_word' id='word_1_184' title='bbox 3367 1290 3424 1336; x_wconf 90' lang='lat' dir='ltr'><strong>et</strong></span> <span class='ocrx_word' id='word_1_185' title='bbox 3452 1280 3669 1334; x_wconf 81' lang='lat' dir='ltr'><strong>Leontii</strong></span> 
     </span>
    </p>
   </div>
   <div class='ocr_carea' id='block_1_30' title="bbox 2100 1377 3673 1454">
    <p class='ocr_par' dir='ltr' id='par_1_30' title="bbox 2100 1377 3673 1454">
     <span class='ocr_line' id='line_1_30' title="bbox 2100 1377 3673 1454; baseline -0.01 -14"><span class='ocrx_word' id='word_1_186' title='bbox 2100 1397 2157 1440; x_wconf 90' lang='lat' dir='ltr'><strong>ct</strong></span> <span class='ocrx_word' id='word_1_187' title='bbox 2192 1383 2532 1454; x_wconf 86' lang='lat' dir='ltr'><strong>Pamprepis,</strong></span> <span class='ocrx_word' id='word_1_188' title='bbox 2563 1383 2656 1451; x_wconf 87' lang='lat' dir='ltr'><strong>qui</strong></span> <span class='ocrx_word' id='word_1_189' title='bbox 2699 1397 2727 1434; x_wconf 92' lang='lat' dir='ltr'><strong>a</strong></span> <span class='ocrx_word' id='word_1_190' title='bbox 2766 1381 2986 1434; x_wconf 86' lang='lat' dir='ltr'><strong>Zenone</strong></span> <span class='ocrx_word' id='word_1_191' title='bbox 3040 1377 3362 1432; x_wconf 80' lang='lat' dir='ltr'><strong>deiecerant</strong></span> <span class='ocrx_word' id='word_1_192' title='bbox 3390 1384 3446 1428; x_wconf 88' lang='lat' dir='ltr'><strong>et</strong></span> <span class='ocrx_word' id='word_1_193' title='bbox 3487 1382 3673 1443; x_wconf 83' lang='lat' dir='ltr'><strong>tyran-</strong></span> 
     </span>
    </p>
   </div>
   <div class='ocr_carea' id='block_1_31' title="bbox 2104 1463 3673 1541">
    <p class='ocr_par' dir='ltr' id='par_1_31' title="bbox 2104 1463 3673 1541">
     <span class='ocr_line' id='line_1_31' title="bbox 2104 1463 3673 1541; baseline -0.01 -9"><span class='ocrx_word' id='word_1_194' title='bbox 2104 1477 2286 1532; x_wconf 90' lang='lat' dir='ltr'><strong>nidem</strong></span> <span class='ocrx_word' id='word_1_195' title='bbox 2322 1474 2678 1539; x_wconf 75' lang='lat' dir='ltr'><strong>aﬂ‘ectabant,</strong></span> <span class='ocrx_word' id='word_1_196' title='bbox 2706 1482 2890 1541; x_wconf 88' lang='lat' dir='ltr'><strong>partes</strong></span> <span class='ocrx_word' id='word_1_197' title='bbox 2923 1472 3157 1534; x_wconf 79' lang='lat' dir='ltr'><strong>foveret,</strong></span> <span class='ocrx_word' id='word_1_198' title='bbox 3188 1470 3254 1522; x_wconf 90' lang='lat' dir='ltr'><strong>ad</strong></span> <span class='ocrx_word' id='word_1_199' title='bbox 3281 1467 3460 1524; x_wconf 71' lang='lat' dir='ltr'><strong>Oasirr;</strong></span> <span class='ocrx_word' id='word_1_200' title='bbox 3493 1463 3673 1521; x_wconf 78' lang='lat' dir='ltr'><strong>exsilii</strong></span> 
     </span>
    </p>
   </div>
   <div class='ocr_carea' id='block_1_32' title="bbox 2102 1558 3669 1632">
    <p class='ocr_par' dir='ltr' id='par_1_32' title="bbox 2102 1558 3669 1632">
     <span class='ocr_line' id='line_1_32' title="bbox 2102 1558 3669 1632; baseline -0.01 -7"><span class='ocrx_word' id='word_1_201' title='bbox 2102 1585 2268 1625; x_wconf 85' lang='lat' dir='ltr'><strong>causa</strong></span> <span class='ocrx_word' id='word_1_202' title='bbox 2299 1567 2646 1623; x_wconf 88' lang='lat' dir='ltr'><strong>incolendam</strong></span> <span class='ocrx_word' id='word_1_203' title='bbox 2676 1567 2968 1632; x_wconf 65' lang='lat' dir='ltr'><strong>damnatus</strong></span> <span class='ocrx_word' id='word_1_204' title='bbox 2989 1575 3092 1618; x_wconf 87' lang='lat' dir='ltr'><strong>est.</strong></span> <span class='ocrx_word' id='word_1_205' title='bbox 3119 1564 3297 1632; x_wconf 86' lang='lat' dir='ltr'><strong>Atque</strong></span> <span class='ocrx_word' id='word_1_206' title='bbox 3329 1560 3419 1614; x_wconf 90' lang='lat' dir='ltr'><strong>ille</strong></span> <span class='ocrx_word' id='word_1_207' title='bbox 3447 1558 3669 1627; x_wconf 83' lang='lat' dir='ltr'><strong>quidem</strong></span> 
     </span>
    </p>
   </div>
   <div class='ocr_carea' id='block_1_33' title="bbox 2105 1658 3671 1731">
    <p class='ocr_par' dir='ltr' id='par_1_33' title="bbox 2105 1658 3671 1731">
     <span class='ocr_line' id='line_1_33' title="bbox 2105 1658 3671 1731; baseline -0.008 -14"><span class='ocrx_word' id='word_1_208' title='bbox 2105 1664 2310 1719; x_wconf 89' lang='lat' dir='ltr'><strong>idcirco</strong></span> <span class='ocrx_word' id='word_1_209' title='bbox 2359 1679 2584 1718; x_wconf 87' lang='lat' dir='ltr'><strong>rursum</strong></span> <span class='ocrx_word' id='word_1_210' title='bbox 2631 1662 2922 1717; x_wconf 88' lang='lat' dir='ltr'><strong>Antiochia</strong></span> <span class='ocrx_word' id='word_1_211' title='bbox 2969 1662 3201 1731; x_wconf 85' lang='lat' dir='ltr'><strong>ejectus,</strong></span> <span class='ocrx_word' id='word_1_212' title='bbox 3255 1658 3452 1711; x_wconf 91' lang='lat' dir='ltr'><strong>Petrus</strong></span> <span class='ocrx_word' id='word_1_213' title='bbox 3489 1665 3671 1709; x_wconf 85' lang='lat' dir='ltr'><strong>autem</strong></span> 
     </span>
    </p>
   </div>
   <div class='ocr_carea' id='block_1_34' title="bbox 429 1743 2003 1836">
    <p class='ocr_par' dir='ltr' id='par_1_34' title="bbox 429 1743 1996 1818">
     <span class='ocr_line' id='line_1_34' title="bbox 429 1743 1996 1818; baseline 0.004 -23"><span class='ocrx_word' id='word_1_214' title='bbox 429 1745 622 1814; x_wconf 78' lang='grc' dir='ltr'>Οέδρας</span> <span class='ocrx_word' id='word_1_215' title='bbox 671 1744 770 1814; x_wconf 83' lang='grc' dir='ltr'>τῆς</span> <span class='ocrx_word' id='word_1_216' title='bbox 812 1743 1089 1815; x_wconf 80' lang='grc' dir='ltr'>’Δντιόχου</span> <span class='ocrx_word' id='word_1_217' title='bbox 1143 1747 1305 1800; x_wconf 78' lang='grc' dir='ltr'>πάλιν</span> <span class='ocrx_word' id='word_1_218' title='bbox 1342 1748 1711 1814; x_wconf 76' lang='grc' dir='ltr'>καταξιούται,</span> <span class='ocrx_word' id='word_1_219' title='bbox 1753 1749 1831 1818; x_wconf 81' lang='grc' dir='ltr'><strong>τῷ</strong></span> <span class='ocrx_word' id='word_1_220' title='bbox 1862 1750 1996 1801; x_wconf 82' lang='grc' dir='ltr'>ἐνω-</span> 
     </span>
    </p>
   </div>
   <div class='ocr_carea' id='block_1_35' title="bbox 2108 1743 3675 1836">
    <p class='ocr_par' dir='ltr' id='par_1_35' title="bbox 2108 1748 3675 1836">
     <span class='ocr_line' id='line_1_35' title="bbox 2108 1748 3675 1836; baseline -0.006 -26"><span class='ocrx_word' id='word_1_221' title='bbox 2108 1755 2423 1826; x_wconf 88' lang='lat' dir='ltr'><strong>Cnapheus,</strong></span> <span class='ocrx_word' id='word_1_222' title='bbox 2458 1755 2652 1810; x_wconf 80' lang='lat' dir='ltr'><strong>fraude</strong></span> <span class='ocrx_word' id='word_1_223' title='bbox 2698 1757 2776 1836; x_wconf 41' lang='lat' dir='ltr'><strong>in\</strong></span> <span class='ocrx_word' id='word_1_224' title='bbox 2807 1753 3028 1822; x_wconf 83' lang='lat' dir='ltr'><strong>negotio</strong></span> <span class='ocrx_word' id='word_1_225' title='bbox 3081 1752 3394 1822; x_wconf 81' lang='lat' dir='ltr'><strong>peragendo</strong></span> <span class='ocrx_word' id='word_1_226' title='bbox 3427 1763 3581 1814; x_wconf 87' lang='lat' dir='ltr'><strong>usus,</strong></span> <span class='ocrx_word' id='word_1_227' title='bbox 3619 1748 3675 1800; x_wconf 90' lang='lat' dir='ltr'><strong>in</strong></span> 
     </span>
    </p>
   </div>
   <div class='ocr_carea' id='block_1_36' title="bbox 432 1836 2000 1910">
    <p class='ocr_par' dir='ltr' id='par_1_36' title="bbox 432 1836 2000 1910">
     <span class='ocr_line' id='line_1_36' title="bbox 432 1836 2000 1910; baseline 0.006 -26"><span class='ocrx_word' id='word_1_228' title='bbox 432 1836 564 1904; x_wconf 83' lang='grc' dir='ltr'>τικῷ</span> <span class='ocrx_word' id='word_1_229' title='bbox 598 1837 843 1904; x_wconf 84' lang='grc' dir='ltr'>Ζήνωνος</span> <span class='ocrx_word' id='word_1_230' title='bbox 877 1837 1141 1906; x_wconf 86' lang='grc' dir='ltr'>πρότερον</span> <span class='ocrx_word' id='word_1_231' title='bbox 1191 1838 1708 1908; x_wconf 79' lang='grc' dir='ltr'>ύπυσημηνάμενος.</span> <span class='ocrx_word' id='word_1_232' title='bbox 1730 1841 1839 1892; x_wconf 76' lang='grc' dir='ltr'><strong>Καὶ</strong></span> <span class='ocrx_word' id='word_1_233' title='bbox 1867 1843 2000 1910; x_wconf 80' lang='grc' dir='ltr'>πρὸς</span> 
     </span>
    </p>
   </div>
   <div class='ocr_carea' id='block_1_37' title="bbox 427 1926 1998 1998">
    <p class='ocr_par' dir='ltr' id='par_1_37' title="bbox 427 1926 1998 1998">
     <span class='ocr_line' id='line_1_37' title="bbox 427 1926 1998 1998; baseline 0.005 -22"><span class='ocrx_word' id='word_1_234' title='bbox 427 1928 635 1996; x_wconf 83' lang='grc' dir='ltr'>Ηέτρον</span> <span class='ocrx_word' id='word_1_235' title='bbox 663 1926 719 1979; x_wconf 85' lang='grc' dir='ltr'>δὲ</span> <span class='ocrx_word' id='word_1_236' title='bbox 745 1926 835 1978; x_wconf 78' lang='grc' dir='ltr'><strong>τὸν</strong></span> <span class='ocrx_word' id='word_1_237' title='bbox 858 1928 1076 1995; x_wconf 83' lang='grc' dir='ltr'>Μογγδν</span> <span class='ocrx_word' id='word_1_238' title='bbox 1100 1927 1193 1997; x_wconf 82' lang='grc' dir='ltr'>τῆς</span> <span class='ocrx_word' id='word_1_239' title='bbox 1221 1928 1567 1998; x_wconf 76' lang='grc' dir='ltr'>Ἀλεξάνδρου</span> <span class='ocrx_word' id='word_1_240' title='bbox 1594 1931 1998 1984; x_wconf 75' lang='grc' dir='ltr'><strong>ἐπισκοποῦντα</strong></span> 
     </span>
    </p>
   </div>
   <div class='ocr_carea' id='block_1_38' title="bbox 427 2017 2000 2092">
    <p class='ocr_par' dir='ltr' id='par_1_38' title="bbox 427 2017 2000 2092">
     <span class='ocr_line' id='line_1_38' title="bbox 427 2017 2000 2092; baseline 0.004 -23"><span class='ocrx_word' id='word_1_241' title='bbox 427 2017 734 2085; x_wconf 75' lang='grc' dir='ltr'>αμοιὸαίοις</span> <span class='ocrx_word' id='word_1_242' title='bbox 767 2019 1066 2082; x_wconf 82' lang='grc' dir='ltr'>συνοδικοίς</span> <span class='ocrx_word' id='word_1_243' title='bbox 1097 2020 1369 2090; x_wconf 87' lang='grc' dir='ltr'>ἐχρήσατο</span> <span class='ocrx_word' id='word_1_244' title='bbox 1402 2020 1743 2092; x_wconf 75' lang='grc' dir='ltr'>γράμμασιν.</span> <span class='ocrx_word' id='word_1_245' title='bbox 1772 2021 2000 2092; x_wconf 82' lang='grc' dir='ltr'>Ἐπίσης</span> 
     </span>
    </p>
   </div>
   <div class='ocr_carea' id='block_1_39' title="bbox 423 2110 1999 2183">
    <p class='ocr_par' dir='ltr' id='par_1_39' title="bbox 423 2110 1999 2183">
     <span class='ocr_line' id='line_1_39' title="bbox 423 2110 1999 2183; baseline 0.003 -21"><span class='ocrx_word' id='word_1_246' title='bbox 423 2112 480 2162; x_wconf 77' lang='grc' dir='ltr'>δὲ</span> <span class='ocrx_word' id='word_1_247' title='bbox 507 2110 601 2162; x_wconf 69' lang='grc' dir='ltr'>καὶ</span> <span class='ocrx_word' id='word_1_248' title='bbox 625 2112 653 2163; x_wconf 98' lang='lat'><strong>6</strong></span> <span class='ocrx_word' id='word_1_249' title='bbox 681 2110 797 2177; x_wconf 85' lang='grc' dir='ltr'>μετ’</span> <span class='ocrx_word' id='word_1_250' title='bbox 824 2110 1181 2164; x_wconf 84' lang='grc' dir='ltr'>Ἀναστάσιον</span> <span class='ocrx_word' id='word_1_251' title='bbox 1209 2114 1236 2164; x_wconf 84' lang='grc' dir='ltr'>ὁ</span> <span class='ocrx_word' id='word_1_252' title='bbox 1275 2110 1668 2182; x_wconf 83' lang='grc' dir='ltr'>Ἱεροσολύμων</span> <span class='ocrx_word' id='word_1_253' title='bbox 1684 2113 1999 2183; x_wconf 78' lang='grc' dir='ltr'>Μαρτύριος</span> 
     </span>
    </p>
   </div>
   <div class='ocr_carea' id='block_1_40' title="bbox 426 2201 1997 2276">
    <p class='ocr_par' dir='ltr' id='par_1_40' title="bbox 426 2201 1997 2276">
     <span class='ocr_line' id='line_1_40' title="bbox 426 2201 1997 2276; baseline 0.003 -22"><span class='ocrx_word' id='word_1_254' title='bbox 426 2206 523 2265; x_wconf 67' lang='grc' dir='ltr'>τὰς</span> <span class='ocrx_word' id='word_1_255' title='bbox 546 2201 666 2256; x_wconf 85' lang='grc' dir='ltr'>κατ’</span> <span class='ocrx_word' id='word_1_256' title='bbox 690 2203 810 2264; x_wconf 80' lang='grc' dir='ltr'>ἔθος</span> <span class='ocrx_word' id='word_1_257' title='bbox 842 2202 1123 2266; x_wconf 70' lang='grc' dir='ltr'>συνοὸικὰς</span> <span class='ocrx_word' id='word_1_258' title='bbox 1160 2203 1352 2273; x_wconf 87' lang='grc' dir='ltr'>ἐκείνῳ</span> <span class='ocrx_word' id='word_1_259' title='bbox 1399 2204 1690 2268; x_wconf 82' lang='grc' dir='ltr'>ἐπιστολὰς</span> <span class='ocrx_word' id='word_1_260' title='bbox 1730 2205 1997 2276; x_wconf 78' lang='grc' dir='ltr'>ἐπεμψεν.</span> 
     </span>
    </p>
   </div>
   <div class='ocr_carea' id='block_1_41' title="bbox 427 2295 2001 2367">
    <p class='ocr_par' dir='ltr' id='par_1_41' title="bbox 427 2295 2001 2367">
     <span class='ocr_line' id='line_1_41' title="bbox 427 2295 2001 2367; baseline 0.003 -20"><span class='ocrx_word' id='word_1_261' title='bbox 427 2297 669 2347; x_wconf 77' lang='grc' dir='ltr'>Ἰινωται</span> <span class='ocrx_word' id='word_1_262' title='bbox 698 2295 754 2347; x_wconf 82' lang='grc' dir='ltr'>δὲ</span> <span class='ocrx_word' id='word_1_263' title='bbox 789 2296 966 2364; x_wconf 78' lang='grc' dir='ltr'>τούτῳ</span> <span class='ocrx_word' id='word_1_264' title='bbox 999 2297 1091 2348; x_wconf 84' lang='grc' dir='ltr'>καὶ</span> <span class='ocrx_word' id='word_1_265' title='bbox 1124 2297 1152 2348; x_wconf 87' lang='grc' dir='ltr'>ὁ</span> <span class='ocrx_word' id='word_1_266' title='bbox 1181 2295 1282 2363; x_wconf 84' lang='grc' dir='ltr'>τῆς</span> <span class='ocrx_word' id='word_1_267' title='bbox 1313 2297 1728 2350; x_wconf 80' lang='grc' dir='ltr'>Κωνσταντίνου</span> <span class='ocrx_word' id='word_1_268' title='bbox 1755 2298 1848 2350; x_wconf 76' lang='grc' dir='ltr'>τὸν</span> <span class='ocrx_word' id='word_1_269' title='bbox 1877 2298 2001 2367; x_wconf 79' lang='grc' dir='ltr'>θρό-</span> 
     </span>
    </p>
   </div>
   <div class='ocr_carea' id='block_1_42' title="bbox 426 2385 2001 2458">
    <p class='ocr_par' dir='ltr' id='par_1_42' title="bbox 426 2385 2001 2458">
     <span class='ocr_line' id='line_1_42' title="bbox 426 2385 2001 2458; baseline 0.003 -22"><span class='ocrx_word' id='word_1_270' title='bbox 426 2404 517 2437; x_wconf 80' lang='grc' dir='ltr'><strong>νον</strong></span> <span class='ocrx_word' id='word_1_271' title='bbox 550 2386 748 2438; x_wconf 79' lang='grc' dir='ltr'><strong>διέπων</strong></span> <span class='ocrx_word' id='word_1_272' title='bbox 780 2385 1054 2446; x_wconf 81' lang='grc' dir='ltr'>’Δκὰκιος.</span> <span class='ocrx_word' id='word_1_273' title='bbox 1088 2386 1179 2446; x_wconf 48' lang='grc' dir='ltr'><strong>,Ὀύ</strong></span> <span class='ocrx_word' id='word_1_274' title='bbox 1209 2386 1403 2439; x_wconf 76' lang='grc' dir='ltr'>πολλοῦ</span> <span class='ocrx_word' id='word_1_275' title='bbox 1430 2387 1488 2438; x_wconf 81' lang='grc' dir='ltr'>δὲ</span> <span class='ocrx_word' id='word_1_276' title='bbox 1522 2387 1717 2457; x_wconf 83' lang='grc' dir='ltr'>χρόνου</span> <span class='ocrx_word' id='word_1_277' title='bbox 1747 2387 2001 2458; x_wconf 75' lang='grc' dir='ltr'>διερρύη-</span> 
     </span>
    </p>
   </div>
   <div class='ocr_carea' id='block_1_43' title="bbox 428 2464 2001 2552">
    <p class='ocr_par' dir='ltr' id='par_1_43' title="bbox 428 2464 2001 2552">
     <span class='ocr_line' id='line_1_43' title="bbox 428 2464 2001 2552; baseline 0.004 -25"><span class='ocrx_word' id='word_1_278' title='bbox 428 2479 607 2538; x_wconf 83' lang='grc' dir='ltr'>κότος,</span> <span class='ocrx_word' id='word_1_279' title='bbox 642 2479 783 2538; x_wconf 83' lang='grc' dir='ltr'>τινὲς</span> <span class='ocrx_word' id='word_1_280' title='bbox 816 2464 924 2529; x_wconf 81' lang='grc' dir='ltr'><strong>τῶν</strong></span> <span class='ocrx_word' id='word_1_281' title='bbox 950 2479 1044 2547; x_wconf 86' lang='grc' dir='ltr'>τῆς</span> <span class='ocrx_word' id='word_1_282' title='bbox 1083 2480 1288 2548; x_wconf 83' lang='grc' dir='ltr'>Πέτρου</span> <span class='ocrx_word' id='word_1_283' title='bbox 1318 2479 1413 2531; x_wconf 73' lang='grc' dir='ltr'>τοῦ</span> <span class='ocrx_word' id='word_1_284' title='bbox 1464 2479 1684 2547; x_wconf 83' lang='grc' dir='ltr'>Μογγού</span> <span class='ocrx_word' id='word_1_285' title='bbox 1729 2483 2001 2552; x_wconf 79' lang='grc' dir='ltr'><strong>προτέρας</strong></span> 
     </span>
    </p>
   </div>
   <div class='ocr_carea' id='block_1_44' title="bbox 429 2569 2001 2639">
    <p class='ocr_par' dir='ltr' id='par_1_44' title="bbox 429 2569 2001 2639">
     <span class='ocr_line' id='line_1_44' title="bbox 429 2569 2001 2639; baseline 0.004 -20"><span class='ocrx_word' id='word_1_286' title='bbox 429 2570 625 2639; x_wconf 77' lang='grc' dir='ltr'>μοίρας</span> <span class='ocrx_word' id='word_1_287' title='bbox 657 2569 830 2632; x_wconf 72' lang='grc' dir='ltr'>οὕτως</span> <span class='ocrx_word' id='word_1_288' title='bbox 860 2570 1050 2638; x_wconf 81' lang='grc' dir='ltr'>ἔχοντα</span> <span class='ocrx_word' id='word_1_289' title='bbox 1081 2571 1398 2639; x_wconf 74' lang='grc' dir='ltr'>βλέποντες,</span> <span class='ocrx_word' id='word_1_290' title='bbox 1430 2575 1529 2639; x_wconf 81' lang='grc' dir='ltr'>τῆς</span> <span class='ocrx_word' id='word_1_291' title='bbox 1565 2572 1776 2626; x_wconf 80' lang='grc' dir='ltr'>ἐκείνου</span> <span class='ocrx_word' id='word_1_292' title='bbox 1808 2590 2001 2626; x_wconf 87' lang='grc' dir='ltr'>κοινω-</span> 
     </span>
    </p>
   </div>
   <div class='ocr_carea' id='block_1_45' title="bbox 428 2662 2001 2735">
    <p class='ocr_par' dir='ltr' id='par_1_45' title="bbox 428 2662 2001 2735">
     <span class='ocr_line' id='line_1_45' title="bbox 428 2662 2001 2735; baseline 0.004 -24"><span class='ocrx_word' id='word_1_293' title='bbox 428 2667 542 2721; x_wconf 77' lang='grc' dir='ltr'>νίας</span> <span class='ocrx_word' id='word_1_294' title='bbox 574 2662 865 2730; x_wconf 76' lang='grc' dir='ltr'><strong>διέστησαν</strong></span> <span class='ocrx_word' id='word_1_295' title='bbox 889 2678 901 2690; x_wconf 92' lang='grc'><strong>·</strong></span> <span class='ocrx_word' id='word_1_296' title='bbox 940 2662 1013 2725; x_wconf 82' lang='grc' dir='ltr'><strong>ὡς</strong></span> <span class='ocrx_word' id='word_1_297' title='bbox 1046 2665 1257 2715; x_wconf 82' lang='grc' dir='ltr'>ἐκεῖνον</span> <span class='ocrx_word' id='word_1_298' title='bbox 1291 2663 1601 2733; x_wconf 82' lang='grc' dir='ltr'><strong>βιασθέντα,</strong></span> <span class='ocrx_word' id='word_1_299' title='bbox 1626 2664 1724 2735; x_wconf 81' lang='grc' dir='ltr'><strong>τὴν</strong></span> <span class='ocrx_word' id='word_1_300' title='bbox 1753 2666 1810 2718; x_wconf 89' lang='grc' dir='ltr'><strong>ἐν</strong></span> <span class='ocrx_word' id='word_1_301' title='bbox 1853 2665 2001 2718; x_wconf 85' lang='grc' dir='ltr'>Χαλ-</span> 
     </span>
    </p>
   </div>
   <div class='ocr_carea' id='block_1_46' title="bbox 431 2753 2005 2824">
    <p class='ocr_par' dir='ltr' id='par_1_46' title="bbox 431 2753 2005 2824">
     <span class='ocr_line' id='line_1_46' title="bbox 431 2753 2005 2824; baseline 0.003 -20"><span class='ocrx_word' id='word_1_302' title='bbox 431 2754 613 2822; x_wconf 74' lang='grc' dir='ltr'>κηδόνι</span> <span class='ocrx_word' id='word_1_303' title='bbox 650 2754 867 2806; x_wconf 76' lang='grc' dir='ltr'>σύνοδον</span> <span class='ocrx_word' id='word_1_304' title='bbox 908 2753 994 2806; x_wconf 81' lang='grc' dir='ltr'><strong>ἐπ’</strong></span> <span class='ocrx_word' id='word_1_305' title='bbox 1040 2754 1332 2824; x_wconf 79' lang='grc' dir='ltr'>ἐκκλησίας</span> <span class='ocrx_word' id='word_1_306' title='bbox 1364 2755 1910 2824; x_wconf 83' lang='grc' dir='ltr'>ἁναθεματίσαι,-καὶ</span> <span class='ocrx_word' id='word_1_307' title='bbox 1943 2756 2005 2808; x_wconf 79' lang='grc' dir='ltr'><strong>τὸ</strong></span> 
     </span>
    </p>
   </div>
   <div class='ocr_carea' id='block_1_47' title="bbox 429 2845 2004 2918">
    <p class='ocr_par' dir='ltr' id='par_1_47' title="bbox 429 2845 2004 2918">
     <span class='ocr_line' id='line_1_47' title="bbox 429 2845 2004 2918; baseline 0.006 -24"><span class='ocrx_word' id='word_1_308' title='bbox 429 2845 684 2918; x_wconf 46' lang='grc' dir='ltr'>λείψανον</span> <span class='ocrx_word' id='word_1_309' title='bbox 736 2846 1002 2914; x_wconf 75' lang='grc' dir='ltr'>Τιμοθέου</span> <span class='ocrx_word' id='word_1_310' title='bbox 1034 2848 1315 2918; x_wconf 72' lang='grc' dir='ltr'>ἀνορύξαι.</span> <span class='ocrx_word' id='word_1_311' title='bbox 1353 2851 1418 2902; x_wconf 90' lang='grc' dir='ltr'><strong>Ὃ</strong></span> <span class='ocrx_word' id='word_1_312' title='bbox 1453 2849 1641 2918; x_wconf 87' lang='grc' dir='ltr'>μαθὼν</span> <span class='ocrx_word' id='word_1_313' title='bbox 1671 2850 1950 2917; x_wconf 82' lang='grc' dir='ltr'>’Δκάκιος,</span> <span class='ocrx_word' id='word_1_314' title='bbox 1976 2853 2004 2904; x_wconf 86' lang='lat'><strong>6</strong></span> 
     </span>
    </p>
   </div>
   <div class='ocr_carea' id='block_1_48' title="bbox 429 2939 2005 3014">
    <p class='ocr_par' dir='ltr' id='par_1_48' title="bbox 429 2939 2005 3014">
     <span class='ocr_line' id='line_1_48' title="bbox 429 2939 2005 3014; baseline 0.006 -27"><span class='ocrx_word' id='word_1_315' title='bbox 429 2941 526 3005; x_wconf 70' lang='grc' dir='ltr'>τῇς</span> <span class='ocrx_word' id='word_1_316' title='bbox 561 2939 999 3001; x_wconf 85' lang='grc' dir='ltr'>Κωνσταντίνου,</span> <span class='ocrx_word' id='word_1_317' title='bbox 1032 2941 1086 2992; x_wconf 80' lang='grc' dir='ltr'><strong>ἐν</strong></span> <span class='ocrx_word' id='word_1_318' title='bbox 1118 2939 1278 3009; x_wconf 85' lang='grc' dir='ltr'>δεινῷ</span> <span class='ocrx_word' id='word_1_319' title='bbox 1309 2943 1564 3006; x_wconf 79' lang='grc' dir='ltr'>ἐποιεῖτο,</span> <span class='ocrx_word' id='word_1_320' title='bbox 1604 2944 1694 2995; x_wconf 75' lang='grc' dir='ltr'>καὶ</span> <span class='ocrx_word' id='word_1_321' title='bbox 1725 2944 1782 2995; x_wconf 81' lang='grc' dir='ltr'><strong>ἐν</strong></span> <span class='ocrx_word' id='word_1_322' title='bbox 1811 2945 1872 2996; x_wconf 88' lang='grc' dir='ltr'><strong>ού</strong></span> <span class='ocrx_word' id='word_1_323' title='bbox 1909 2962 2005 3014; x_wconf 77' lang='grc' dir='ltr'>με·</span> 
     </span>
    </p>
   </div>
   <div class='ocr_carea' id='block_1_49' title="bbox 428 3027 2004 3102">
    <p class='ocr_par' dir='ltr' id='par_1_49' title="bbox 428 3027 2004 3102">
     <span class='ocr_line' id='line_1_49' title="bbox 428 3027 2004 3102; baseline 0.007 -22"><span class='ocrx_word' id='word_1_324' title='bbox 428 3030 604 3096; x_wconf 84' lang='grc' dir='ltr'>τρίαις</span> <span class='ocrx_word' id='word_1_325' title='bbox 636 3027 704 3102; x_wconf 77' lang='grc' dir='ltr'>ἦν</span> <span class='ocrx_word' id='word_1_326' title='bbox 754 3035 1043 3102; x_wconf 75' lang='grc' dir='ltr'>ταραχαῖς,</span> <span class='ocrx_word' id='word_1_327' title='bbox 1090 3034 1146 3094; x_wconf 88' lang='grc' dir='ltr'><strong>ἐς</strong></span> <span class='ocrx_word' id='word_1_328' title='bbox 1185 3033 1461 3099; x_wconf 71' lang='grc' dir='ltr'>τοσοῦτον,</span> <span class='ocrx_word' id='word_1_329' title='bbox 1517 3035 1658 3088; x_wconf 79' lang='grc' dir='ltr'>ὥστε</span> <span class='ocrx_word' id='word_1_330' title='bbox 1708 3037 1799 3089; x_wconf 87' lang='grc' dir='ltr'><strong>καί</strong></span> <span class='ocrx_word' id='word_1_331' title='bbox 1853 3055 2004 3102; x_wconf 84' lang='grc' dir='ltr'>τινας</span> 
     </span>
    </p>
   </div>
   <div class='ocr_carea' id='block_1_50' title="bbox 428 3124 2007 3200">
    <p class='ocr_par' dir='ltr' id='par_1_50' title="bbox 428 3124 2007 3200">
     <span class='ocr_line' id='line_1_50' title="bbox 428 3124 2007 3200; baseline 0.006 -26"><span class='ocrx_word' id='word_1_332' title='bbox 428 3124 530 3176; x_wconf 80' lang='grc' dir='ltr'><strong>ἀνὰ</strong></span> <span class='ocrx_word' id='word_1_333' title='bbox 565 3124 662 3194; x_wconf 77' lang='grc' dir='ltr'>τὴν</span> <span class='ocrx_word' id='word_1_334' title='bbox 691 3125 1045 3196; x_wconf 71' lang='grc' dir='ltr'>Ἀλεξάνδρου</span> <span class='ocrx_word' id='word_1_335' title='bbox 1081 3127 1361 3196; x_wconf 73' lang='grc' dir='ltr'><strong>ἐκπέμψαι</strong></span> <span class='ocrx_word' id='word_1_336' title='bbox 1382 3128 1435 3180; x_wconf 79' lang='grc' dir='ltr'>ετ</span> <span class='ocrx_word' id='word_1_337' title='bbox 1459 3145 1520 3196; x_wconf 87' lang='grc' dir='ltr'><strong>γε</strong></span> <span class='ocrx_word' id='word_1_338' title='bbox 1554 3129 1726 3197; x_wconf 75' lang='grc' dir='ltr'><strong>ἁληθῆ</strong></span> <span class='ocrx_word' id='word_1_339' title='bbox 1755 3131 1824 3183; x_wconf 78' lang='grc' dir='ltr'><strong>τὰ</strong></span> <span class='ocrx_word' id='word_1_340' title='bbox 1852 3133 2007 3200; x_wconf 82' lang='grc' dir='ltr'>λεγό-</span> 
     </span>
    </p>
   </div>
   <div class='ocr_carea' id='block_1_51' title="bbox 432 3215 2003 3290">
    <p class='ocr_par' dir='ltr' id='par_1_51' title="bbox 432 3215 2003 3290">
     <span class='ocr_line' id='line_1_51' title="bbox 432 3215 2003 3290; baseline 0.008 -27"><span class='ocrx_word' id='word_1_341' title='bbox 432 3229 568 3279; x_wconf 85' lang='grc' dir='ltr'>μενα</span> <span class='ocrx_word' id='word_1_342' title='bbox 625 3215 962 3283; x_wconf 75' lang='grc' dir='ltr'>εἰσομένους.</span> <span class='ocrx_word' id='word_1_343' title='bbox 1025 3215 1134 3278; x_wconf 80' lang='grc' dir='ltr'><strong>Οὓς</strong></span> <span class='ocrx_word' id='word_1_344' title='bbox 1185 3218 1213 3268; x_wconf 93' lang='lat'><strong>6</strong></span> <span class='ocrx_word' id='word_1_345' title='bbox 1271 3218 1474 3286; x_wconf 81' lang='grc' dir='ltr'>Πέτρος</span> <span class='ocrx_word' id='word_1_346' title='bbox 1523 3218 2003 3290; x_wconf 78' lang='grc' dir='ltr'>ἐξακριϐούμενος,</span> 
     </span>
    </p>
   </div>
   <div class='ocr_carea' id='block_1_52' title="bbox 429 3305 2007 3382">
    <p class='ocr_par' dir='ltr' id='par_1_52' title="bbox 429 3305 2007 3382">
     <span class='ocr_line' id='line_1_52' title="bbox 429 3305 2007 3382; baseline 0.007 -26"><span class='ocrx_word' id='word_1_347' title='bbox 429 3305 791 3376; x_wconf 74' lang='grc' dir='ltr'>ἐπληροιρόρει</span> <span class='ocrx_word' id='word_1_348' title='bbox 842 3307 1008 3376; x_wconf 78' lang='grc' dir='ltr'>μηδὲν</span> <span class='ocrx_word' id='word_1_349' title='bbox 1056 3307 1297 3360; x_wconf 75' lang='grc' dir='ltr'>τοιοῦτον</span> <span class='ocrx_word' id='word_1_350' title='bbox 1341 3308 1732 3382; x_wconf 82' lang='grc' dir='ltr'>διαπεπραχώς</span> <span class='ocrx_word' id='word_1_351' title='bbox 1764 3329 1778 3344; x_wconf 73' lang='grc' dir='ltr'><strong>ο</strong></span> <span class='ocrx_word' id='word_1_352' title='bbox 1810 3315 1905 3367; x_wconf 73' lang='grc' dir='ltr'>καὶ</span> <span class='ocrx_word' id='word_1_353' title='bbox 1940 3317 2007 3367; x_wconf 78' lang='grc' dir='ltr'>τὰ</span> 
     </span>
    </p>
   </div>
   <div class='ocr_carea' id='block_1_53' title="bbox 429 3397 2006 3474">
    <p class='ocr_par' dir='ltr' id='par_1_53' title="bbox 429 3397 2006 3474">
     <span class='ocr_line' id='line_1_53' title="bbox 429 3397 2006 3474; baseline 0.008 -26"><span class='ocrx_word' id='word_1_354' title='bbox 429 3397 613 3467; x_wconf 69' lang='grc' dir='ltr'>πλήθη</span> <span class='ocrx_word' id='word_1_355' title='bbox 647 3401 922 3465; x_wconf 77' lang='grc' dir='ltr'>συνάγων,</span> <span class='ocrx_word' id='word_1_356' title='bbox 974 3400 1343 3470; x_wconf 77' lang='grc' dir='ltr'>ὑπομνήματα</span> <span class='ocrx_word' id='word_1_357' title='bbox 1377 3401 1643 3472; x_wconf 77' lang='grc' dir='ltr'><strong>ἔγραφεν,</strong></span> <span class='ocrx_word' id='word_1_358' title='bbox 1676 3397 1750 3457; x_wconf 80' lang='grc' dir='ltr'>ὧν</span> <span class='ocrx_word' id='word_1_359' title='bbox 1783 3407 1814 3474; x_wconf 74' lang='grc' dir='ltr'>ἡ</span> <span class='ocrx_word' id='word_1_360' title='bbox 1845 3405 2006 3459; x_wconf 86' lang='grc' dir='ltr'>δύνα-</span> 
     </span>
    </p>
   </div>
   <div class='ocr_carea' id='block_1_54' title="bbox 430 3479 2008 3566">
    <p class='ocr_par' dir='ltr' id='par_1_54' title="bbox 430 3479 2008 3566">
     <span class='ocr_line' id='line_1_54' title="bbox 430 3479 2008 3566; baseline 0.004 -23"><span class='ocrx_word' id='word_1_361' title='bbox 430 3509 524 3558; x_wconf 76' lang='grc' dir='ltr'><strong>μις</strong></span> <span class='ocrx_word' id='word_1_362' title='bbox 556 3492 830 3560; x_wconf 64' lang='grc' dir='ltr'>ἔγγραφος</span> <span class='ocrx_word' id='word_1_363' title='bbox 880 3493 1078 3555; x_wconf 83' lang='grc' dir='ltr'>ἔκειτο,</span> <span class='ocrx_word' id='word_1_364' title='bbox 1113 3493 1186 3557; x_wconf 81' lang='grc' dir='ltr'>ὡς</span> <span class='ocrx_word' id='word_1_365' title='bbox 1211 3495 1317 3564; x_wconf 82' lang='grc' dir='ltr'>ἄρα</span> <span class='ocrx_word' id='word_1_366' title='bbox 1351 3496 1439 3565; x_wconf 68' lang='grc' dir='ltr'>εἴη</span> <span class='ocrx_word' id='word_1_367' title='bbox 1474 3479 1680 3563; x_wconf 77' lang='grc' dir='ltr'>Πέτρος</span> <span class='ocrx_word' id='word_1_368' title='bbox 1709 3498 1817 3549; x_wconf 84' lang='grc' dir='ltr'>τῶν</span> <span class='ocrx_word' id='word_1_369' title='bbox 1844 3498 2008 3566; x_wconf 74' lang='grc' dir='ltr'>ἡκου-</span> 
     </span>
    </p>
   </div>
   <div class='ocr_carea' id='block_1_55' title="bbox 434 3585 2008 3658">
    <p class='ocr_par' dir='ltr' id='par_1_55' title="bbox 434 3585 2008 3658">
     <span class='ocr_line' id='line_1_55' title="bbox 434 3585 2008 3658; baseline 0.006 -22"><span class='ocrx_word' id='word_1_370' title='bbox 434 3586 645 3654; x_wconf 89' lang='grc' dir='ltr'>σμένων</span> <span class='ocrx_word' id='word_1_371' title='bbox 683 3585 850 3654; x_wconf 74' lang='grc' dir='ltr'>μηδὲν</span> <span class='ocrx_word' id='word_1_372' title='bbox 883 3601 936 3638; x_wconf 87' lang='grc' dir='ltr'><strong>τι</strong></span> <span class='ocrx_word' id='word_1_373' title='bbox 969 3586 1428 3656; x_wconf 76' lang='grc' dir='ltr'>διαπραξάμενος.</span> <span class='ocrx_word' id='word_1_374' title='bbox 1463 3588 1629 3650; x_wconf 79' lang='grc' dir='ltr'>Οὗτος</span> <span class='ocrx_word' id='word_1_375' title='bbox 1659 3590 1716 3643; x_wconf 79' lang='grc' dir='ltr'>δὲ</span> <span class='ocrx_word' id='word_1_376' title='bbox 1752 3590 1859 3658; x_wconf 79' lang='grc' dir='ltr'>ἄρα</span> <span class='ocrx_word' id='word_1_377' title='bbox 1887 3594 2008 3654; x_wconf 86' lang='grc' dir='ltr'>ταῖς</span> 
     </span>
    </p>
   </div>
   <div class='ocr_carea' id='block_1_56' title="bbox 430 3677 2009 3750">
    <p class='ocr_par' dir='ltr' id='par_1_56' title="bbox 430 3677 2009 3750">
     <span class='ocr_line' id='line_1_56' title="bbox 430 3677 2009 3750; baseline 0.003 -20"><span class='ocrx_word' id='word_1_378' title='bbox 430 3677 710 3746; x_wconf 77' lang='grc' dir='ltr'>ἀληθείαις</span> <span class='ocrx_word' id='word_1_379' title='bbox 745 3677 1000 3747; x_wconf 71' lang='grc' dir='ltr'>κόθορνος</span> <span class='ocrx_word' id='word_1_380' title='bbox 1027 3695 1108 3738; x_wconf 83' lang='grc' dir='ltr'><strong>τις</strong></span> <span class='ocrx_word' id='word_1_381' title='bbox 1139 3677 1172 3748; x_wconf 85' lang='grc' dir='ltr'>ἢ</span> <span class='ocrx_word' id='word_1_382' title='bbox 1216 3679 1467 3748; x_wconf 79' lang='grc' dir='ltr'>Πρωτεὺς</span> <span class='ocrx_word' id='word_1_383' title='bbox 1499 3681 1698 3750; x_wconf 85' lang='grc' dir='ltr'>Φάριος</span> <span class='ocrx_word' id='word_1_384' title='bbox 1756 3682 1852 3748; x_wconf 83' lang='grc' dir='ltr'>ὢν,</span> <span class='ocrx_word' id='word_1_385' title='bbox 1904 3681 2009 3737; x_wconf 79' lang='grc' dir='ltr'><strong>Εὖ-</strong></span> 
     </span>
    </p>
   </div>
   <div class='ocr_carea' id='block_1_57' title="bbox 432 3770 2010 3844">
    <p class='ocr_par' dir='ltr' id='par_1_57' title="bbox 432 3770 2010 3844">
     <span class='ocr_line' id='line_1_57' title="bbox 432 3770 2010 3844; baseline 0.006 -23"><span class='ocrx_word' id='word_1_386' title='bbox 432 3771 595 3838; x_wconf 75' lang='grc' dir='ltr'>ριπός</span> <span class='ocrx_word' id='word_1_387' title='bbox 644 3787 703 3822; x_wconf 85' lang='grc' dir='ltr'>τε</span> <span class='ocrx_word' id='word_1_388' title='bbox 755 3770 849 3822; x_wconf 77' lang='grc' dir='ltr'>καὶ</span> <span class='ocrx_word' id='word_1_389' title='bbox 899 3771 1259 3839; x_wconf 77' lang='grc' dir='ltr'>παλίμϐολος,</span> <span class='ocrx_word' id='word_1_390' title='bbox 1305 3772 1362 3823; x_wconf 83' lang='grc' dir='ltr'><strong>ἐν</strong></span> <span class='ocrx_word' id='word_1_391' title='bbox 1419 3772 1648 3844; x_wconf 79' lang='grc' dir='ltr'>οὐδεμιᾷ</span> <span class='ocrx_word' id='word_1_392' title='bbox 1713 3775 2010 3830; x_wconf 79' lang='grc' dir='ltr'>καθίστατο</span> 
     </span>
    </p>
   </div>
   <div class='ocr_carea' id='block_1_58' title="bbox 429 3862 2010 3937">
    <p class='ocr_par' dir='ltr' id='par_1_58' title="bbox 429 3862 2010 3937">
     <span class='ocr_line' id='line_1_58' title="bbox 429 3862 2010 3937; baseline 0.006 -24"><span class='ocrx_word' id='word_1_393' title='bbox 429 3862 625 3932; x_wconf 79' lang='grc' dir='ltr'>γνώμῃ</span> <span class='ocrx_word' id='word_1_394' title='bbox 650 3877 664 3892; x_wconf 82' lang='grc'>⁶</span> <span class='ocrx_word' id='word_1_395' title='bbox 696 3863 812 3914; x_wconf 78' lang='grc' dir='ltr'>ἀλλ’</span> <span class='ocrx_word' id='word_1_396' title='bbox 837 3863 921 3916; x_wconf 76' lang='grc' dir='ltr'>ἀεὶ</span> <span class='ocrx_word' id='word_1_397' title='bbox 955 3865 1089 3932; x_wconf 84' lang='grc' dir='ltr'>πρὸς</span> <span class='ocrx_word' id='word_1_398' title='bbox 1117 3864 1176 3917; x_wconf 82' lang='grc' dir='ltr'><strong>τὸ</strong></span> <span class='ocrx_word' id='word_1_399' title='bbox 1205 3865 1363 3929; x_wconf 79' lang='grc' dir='ltr'>δόξαν</span> <span class='ocrx_word' id='word_1_400' title='bbox 1397 3867 1867 3937; x_wconf 76' lang='grc' dir='ltr'>μετερρυθμίζετο</span> <span class='ocrx_word' id='word_1_401' title='bbox 1896 3873 2010 3932; x_wconf 82' lang='grc' dir='ltr'>τοῖς</span> 
     </span>
    </p>
   </div>
   <div class='ocr_carea' id='block_1_59' title="bbox 432 3956 2009 4028">
    <p class='ocr_par' dir='ltr' id='par_1_59' title="bbox 432 3956 2009 4028">
     <span class='ocr_line' id='line_1_59' title="bbox 432 3956 2009 4028; baseline 0.005 -21"><span class='ocrx_word' id='word_1_402' title='bbox 432 3957 650 4023; x_wconf 74' lang='grc' dir='ltr'>καιροῖς</span> <span class='ocrx_word' id='word_1_403' title='bbox 687 3956 781 4008; x_wconf 76' lang='grc' dir='ltr'>καὶ</span> <span class='ocrx_word' id='word_1_404' title='bbox 810 3960 923 4019; x_wconf 80' lang='grc' dir='ltr'>τοῖς</span> <span class='ocrx_word' id='word_1_405' title='bbox 975 3957 1322 4026; x_wconf 75' lang='grc' dir='ltr'>πράγμασιν,</span> <span class='ocrx_word' id='word_1_406' title='bbox 1354 3957 1450 4009; x_wconf 78' lang='grc' dir='ltr'>νῦν</span> <span class='ocrx_word' id='word_1_407' title='bbox 1483 3959 1582 4028; x_wconf 83' lang='grc' dir='ltr'>μὲν</span> <span class='ocrx_word' id='word_1_408' title='bbox 1614 3962 1712 4027; x_wconf 75' lang='grc' dir='ltr'><strong>τὴν</strong></span> <span class='ocrx_word' id='word_1_409' title='bbox 1762 3963 1818 4014; x_wconf 84' lang='grc' dir='ltr'><strong>ἐν</strong></span> <span class='ocrx_word' id='word_1_410' title='bbox 1865 3962 2009 4015; x_wconf 84' lang='grc' dir='ltr'>Χαλ-</span> 
     </span>
    </p>
   </div>
   <div class='ocr_carea' id='block_1_60' title="bbox 431 4045 2006 4124">
    <p class='ocr_par' dir='ltr' id='par_1_60' title="bbox 431 4045 2006 4124">
     <span class='ocr_line' id='line_1_60' title="bbox 431 4045 2006 4124; baseline 0.006 -26"><span class='ocrx_word' id='word_1_411' title='bbox 431 4045 616 4115; x_wconf 68' lang='grc' dir='ltr'>κηδόνι</span> <span class='ocrx_word' id='word_1_412' title='bbox 651 4047 1006 4116; x_wconf 75' lang='grc' dir='ltr'>προσιέμενος</span> <span class='ocrx_word' id='word_1_413' title='bbox 1059 4047 1302 4112; x_wconf 80' lang='grc' dir='ltr'>σύνοδον,</span> <span class='ocrx_word' id='word_1_414' title='bbox 1329 4049 1422 4102; x_wconf 79' lang='grc' dir='ltr'><strong>νῦν</strong></span> <span class='ocrx_word' id='word_1_415' title='bbox 1455 4050 1512 4102; x_wconf 78' lang='grc' dir='ltr'>δὲ</span> <span class='ocrx_word' id='word_1_416' title='bbox 1541 4050 1730 4122; x_wconf 81' lang='grc' dir='ltr'>ὥσπερ</span> <span class='ocrx_word' id='word_1_417' title='bbox 1767 4054 2006 4124; x_wconf 80' lang='grc' dir='ltr'>παλινῳ-</span> 
     </span>
    </p>
   </div>
   <div class='ocr_carea' id='block_1_61' title="bbox 426 4138 2008 4216">
    <p class='ocr_par' dir='ltr' id='par_1_61' title="bbox 426 4138 2008 4216">
     <span class='ocr_line' id='line_1_61' title="bbox 426 4138 2008 4216; baseline 0.006 -27"><span class='ocrx_word' id='word_1_418' title='bbox 426 4140 551 4190; x_wconf 80' lang='grc' dir='ltr'>δίαν</span> <span class='ocrx_word' id='word_1_419' title='bbox 600 4138 764 4209; x_wconf 76' lang='grc' dir='ltr'>ᾅδων,</span> <span class='ocrx_word' id='word_1_420' title='bbox 808 4139 900 4191; x_wconf 81' lang='grc' dir='ltr'>καὶ</span> <span class='ocrx_word' id='word_1_421' title='bbox 937 4140 1139 4209; x_wconf 71' lang='grc' dir='ltr'>ψήφοις</span> <span class='ocrx_word' id='word_1_422' title='bbox 1175 4140 1419 4203; x_wconf 82' lang='grc' dir='ltr'>ἁπάσαις</span> <span class='ocrx_word' id='word_1_423' title='bbox 1470 4142 1750 4197; x_wconf 77' lang='grc' dir='ltr'>ἐκϐάλλων</span> <span class='ocrx_word' id='word_1_424' title='bbox 1804 4145 2008 4216; x_wconf 86' lang='grc' dir='ltr'>ταύτην</span> 
     </span>
    </p>
   </div>
   <div class='ocr_carea' id='block_1_62' title="bbox 432 4227 2009 4308">
    <p class='ocr_par' dir='ltr' id='par_1_62' title="bbox 432 4227 2009 4308">
     <span class='ocr_line' id='line_1_62' title="bbox 432 4227 2009 4308; baseline 0.006 -27"><span class='ocrx_word' id='word_1_425' title='bbox 432 4232 529 4282; x_wconf 77' lang='grc' dir='ltr'>καὶ</span> <span class='ocrx_word' id='word_1_426' title='bbox 563 4231 891 4300; x_wconf 81' lang='grc' dir='ltr'>παραδιδοὺς</span> <span class='ocrx_word' id='word_1_427' title='bbox 947 4232 1269 4304; x_wconf 83' lang='grc' dir='ltr'>ἀναθέματι.</span> <span class='ocrx_word' id='word_1_428' title='bbox 1301 4233 1393 4298; x_wconf 77' lang='grc' dir='ltr'><strong>Ἐξ</strong></span> <span class='ocrx_word' id='word_1_429' title='bbox 1426 4227 1502 4287; x_wconf 82' lang='grc' dir='ltr'>ὧν</span> <span class='ocrx_word' id='word_1_430' title='bbox 1549 4236 1594 4288; x_wconf 85' lang='grc' dir='ltr'>δ’</span> <span class='ocrx_word' id='word_1_431' title='bbox 1643 4238 1884 4305; x_wconf 70' lang='grc' dir='ltr'>’Δκακίερ</span> <span class='ocrx_word' id='word_1_432' title='bbox 1930 4239 2009 4308; x_wconf 80' lang='grc' dir='ltr'><strong>τῷ</strong></span> 
     </span>
    </p>
   </div>
   <div class='ocr_carea' id='block_1_63' title="bbox 432 4322 2009 4398">
    <p class='ocr_par' dir='ltr' id='par_1_63' title="bbox 432 4322 2009 4398">
     <span class='ocr_line' id='line_1_63' title="bbox 432 4322 2009 4398; baseline -0.002 -24"><span class='ocrx_word' id='word_1_433' title='bbox 432 4323 534 4390; x_wconf 73' lang='grc' dir='ltr'>τῆς</span> <span class='ocrx_word' id='word_1_434' title='bbox 573 4322 984 4376; x_wconf 81' lang='grc' dir='ltr'>Κωνσταντίνου</span> <span class='ocrx_word' id='word_1_435' title='bbox 1031 4324 1236 4394; x_wconf 74' lang='grc' dir='ltr'>γράφει</span> <span class='ocrx_word' id='word_1_436' title='bbox 1272 4328 1523 4397; x_wconf 79' lang='grc' dir='ltr'>προέδρῳ</span> <span class='ocrx_word' id='word_1_437' title='bbox 1557 4329 1712 4398; x_wconf 79' lang='grc' dir='ltr'>μόλις</span> <span class='ocrx_word' id='word_1_438' title='bbox 1745 4331 1835 4382; x_wconf 64' lang='grc' dir='ltr'><strong>τὸν</strong></span> <span class='ocrx_word' id='word_1_439' title='bbox 1870 4332 2009 4383; x_wconf 70' lang='grc' dir='ltr'><strong>ἐκεί-</strong></span> 
     </span>
    </p>
   </div>
   <div class='ocr_carea' id='block_1_64' title="bbox 2103 1841 3672 1904">
    <p class='ocr_par' dir='ltr' id='par_1_64' title="bbox 2103 1841 3672 1904">
     <span class='ocr_line' id='line_1_64' title="bbox 2103 1841 3672 1904; baseline -0.006 -2"><span class='ocrx_word' id='word_1_440' title='bbox 2103 1848 2474 1904; x_wconf 88' lang='lat' dir='ltr'><strong>desideratam</strong></span> <span class='ocrx_word' id='word_1_441' title='bbox 2508 1847 2614 1903; x_wconf 89' lang='lat' dir='ltr'><strong>sibi</strong></span> <span class='ocrx_word' id='word_1_442' title='bbox 2663 1847 3066 1902; x_wconf 82' lang='lat' dir='ltr'><strong>Antiochenam</strong></span> <span class='ocrx_word' id='word_1_443' title='bbox 3101 1845 3288 1898; x_wconf 87' lang='lat' dir='ltr'><strong>sedem</strong></span> <span class='ocrx_word' id='word_1_444' title='bbox 3328 1857 3547 1897; x_wconf 82' lang='lat' dir='ltr'><strong>rursum</strong></span> <span class='ocrx_word' id='word_1_445' title='bbox 3590 1841 3672 1893; x_wconf 90' lang='lat' dir='ltr'><strong>in-</strong></span> 
     </span>
    </p>
   </div>
   <div class='ocr_carea' id='block_1_65' title="bbox 2101 1933 3668 2009">
    <p class='ocr_par' dir='ltr' id='par_1_65' title="bbox 2101 1933 3668 2009">
     <span class='ocr_line' id='line_1_65' title="bbox 2101 1933 3668 2009; baseline -0.005 -16"><span class='ocrx_word' id='word_1_446' title='bbox 2101 1939 2304 1995; x_wconf 85' lang='lat' dir='ltr'><strong>ductus</strong></span> <span class='ocrx_word' id='word_1_447' title='bbox 2323 1948 2426 2005; x_wconf 88' lang='lat' dir='ltr'><strong>est,</strong></span> <span class='ocrx_word' id='word_1_448' title='bbox 2453 1948 2745 2009; x_wconf 86' lang='lat' dir='ltr'><strong>postquam</strong></span> <span class='ocrx_word' id='word_1_449' title='bbox 2771 1937 3034 1992; x_wconf 89' lang='lat' dir='ltr'><strong>henotico</strong></span> <span class='ocrx_word' id='word_1_450' title='bbox 3062 1936 3129 1988; x_wconf 79' lang='grc' dir='ltr'><strong>Ζρ</strong></span> <span class='ocrx_word' id='word_1_451' title='bbox 3142 1937 3300 1989; x_wconf 89' lang='lat' dir='ltr'><strong>nonis</strong></span> <span class='ocrx_word' id='word_1_452' title='bbox 3320 1933 3668 2000; x_wconf 77' lang='lat' dir='ltr'><strong>subscripsit.</strong></span> 
     </span>
    </p>
   </div>
   <div class='ocr_carea' id='block_1_66' title="bbox 2103 2027 3675 2101">
    <p class='ocr_par' dir='ltr' id='par_1_66' title="bbox 2103 2027 3675 2101">
     <span class='ocr_line' id='line_1_66' title="bbox 2103 2027 3675 2101; baseline -0.004 -15"><span class='ocrx_word' id='word_1_453' title='bbox 2103 2031 2263 2086; x_wconf 88' lang='lat' dir='ltr'><strong>Dedit</strong></span> <span class='ocrx_word' id='word_1_454' title='bbox 2313 2032 2362 2086; x_wconf 89' lang='lat' dir='ltr'><strong>is</strong></span> <span class='ocrx_word' id='word_1_455' title='bbox 2406 2032 2472 2086; x_wconf 87' lang='lat' dir='ltr'><strong>ad</strong></span> <span class='ocrx_word' id='word_1_456' title='bbox 2522 2032 2748 2086; x_wconf 87' lang='lat' dir='ltr'><strong>Petrum</strong></span> <span class='ocrx_word' id='word_1_457' title='bbox 2798 2032 3047 2101; x_wconf 68' lang='lat' dir='ltr'><strong>Moggum</strong></span> <span class='ocrx_word' id='word_1_458' title='bbox 3086 2028 3426 2084; x_wconf 64' lang='lat' dir='ltr'><strong>Alexandriae</strong></span> <span class='ocrx_word' id='word_1_459' title='bbox 3458 2027 3675 2095; x_wconf 90' lang='lat' dir='ltr'><strong>cpisco-</strong></span> 
     </span>
    </p>
   </div>
   <div class='ocr_carea' id='block_1_67' title="bbox 2103 2120 3674 2194">
    <p class='ocr_par' dir='ltr' id='par_1_67' title="bbox 2103 2120 3674 2194">
     <span class='ocr_line' id='line_1_67' title="bbox 2103 2120 3674 2194; baseline -0.004 -16"><span class='ocrx_word' id='word_1_460' title='bbox 2103 2140 2258 2194; x_wconf 85' lang='lat' dir='ltr'><strong>pum,</strong></span> <span class='ocrx_word' id='word_1_461' title='bbox 2287 2137 2342 2180; x_wconf 93' lang='lat' dir='ltr'><strong>et</strong></span> <span class='ocrx_word' id='word_1_462' title='bbox 2377 2126 2625 2180; x_wconf 81' lang='lat' dir='ltr'><strong>vicissim</strong></span> <span class='ocrx_word' id='word_1_463' title='bbox 2661 2125 2730 2180; x_wconf 91' lang='lat' dir='ltr'><strong>ab</strong></span> <span class='ocrx_word' id='word_1_464' title='bbox 2770 2125 2966 2179; x_wconf 87' lang='lat' dir='ltr'><strong>eodem</strong></span> <span class='ocrx_word' id='word_1_465' title='bbox 2989 2124 3217 2193; x_wconf 73' lang='lat' dir='ltr'><strong>accepit</strong></span> <span class='ocrx_word' id='word_1_466' title='bbox 3249 2120 3542 2192; x_wconf 82' lang='lat' dir='ltr'><strong>synodales</strong></span> <span class='ocrx_word' id='word_1_467' title='bbox 3583 2120 3674 2173; x_wconf 91' lang='lat' dir='ltr'><strong>lit-</strong></span> 
     </span>
    </p>
   </div>
   <div class='ocr_carea' id='block_1_68' title="bbox 2105 2211 3677 2288">
    <p class='ocr_par' dir='ltr' id='par_1_68' title="bbox 2105 2211 3677 2288">
     <span class='ocr_line' id='line_1_68' title="bbox 2105 2211 3677 2288; baseline -0.004 -19"><span class='ocrx_word' id='word_1_468' title='bbox 2105 2225 2274 2270; x_wconf 87' lang='lat' dir='ltr'><strong>teras.</strong></span> <span class='ocrx_word' id='word_1_469' title='bbox 2329 2217 2626 2288; x_wconf 80' lang='lat' dir='ltr'><strong>Martyrius</strong></span> <span class='ocrx_word' id='word_1_470' title='bbox 2694 2217 2882 2273; x_wconf 88' lang='lat' dir='ltr'><strong>itidem</strong></span> <span class='ocrx_word' id='word_1_471' title='bbox 2939 2216 3214 2276; x_wconf 77' lang='lat' dir='ltr'><strong>Anastasii</strong></span> <span class='ocrx_word' id='word_1_472' title='bbox 3279 2211 3677 2281; x_wconf 78' lang='lat' dir='ltr'><strong>Hierosolymis</strong></span> 
     </span>
    </p>
   </div>
   <div class='ocr_carea' id='block_1_69' title="bbox 2103 2305 3672 2376">
    <p class='ocr_par' dir='ltr' id='par_1_69' title="bbox 2103 2305 3672 2376">
     <span class='ocr_line' id='line_1_69' title="bbox 2103 2305 3672 2376; baseline -0.004 -13"><span class='ocrx_word' id='word_1_473' title='bbox 2103 2323 2412 2373; x_wconf 89' lang='lat' dir='ltr'><strong>successor,</strong></span> <span class='ocrx_word' id='word_1_474' title='bbox 2450 2310 2517 2364; x_wconf 89' lang='lat' dir='ltr'><strong>ad</strong></span> <span class='ocrx_word' id='word_1_475' title='bbox 2544 2325 2673 2364; x_wconf 89' lang='lat' dir='ltr'><strong>eum</strong></span> <span class='ocrx_word' id='word_1_476' title='bbox 2704 2313 2876 2363; x_wconf 67' lang='lat' dir='ltr'><strong>‘more</strong></span> <span class='ocrx_word' id='word_1_477' title='bbox 2907 2317 3130 2376; x_wconf 84' lang='lat' dir='ltr'><strong>recepto</strong></span> <span class='ocrx_word' id='word_1_478' title='bbox 3160 2306 3426 2375; x_wconf 83' lang='lat' dir='ltr'><strong>epistolas</strong></span> <span class='ocrx_word' id='word_1_479' title='bbox 3456 2305 3672 2373; x_wconf 86' lang='lat' dir='ltr'><strong>ejusce-</strong></span> 
     </span>
    </p>
   </div>
   <div class='ocr_carea' id='block_1_70' title="bbox 2106 2397 3678 2472">
    <p class='ocr_par' dir='ltr' id='par_1_70' title="bbox 2106 2397 3678 2472">
     <span class='ocr_line' id='line_1_70' title="bbox 2106 2397 3678 2472; baseline -0.004 -18"><span class='ocrx_word' id='word_1_480' title='bbox 2106 2401 2251 2455; x_wconf 89' lang='lat' dir='ltr'><strong>modi</strong></span> <span class='ocrx_word' id='word_1_481' title='bbox 2300 2401 2470 2456; x_wconf 88' lang='lat' dir='ltr'><strong>misit.</strong></span> <span class='ocrx_word' id='word_1_482' title='bbox 2508 2400 2854 2472; x_wconf 69' lang='lat' dir='ltr'><strong>Coniunctus</strong></span> <span class='ocrx_word' id='word_1_483' title='bbox 2900 2415 3126 2470; x_wconf 90' lang='lat' dir='ltr'><strong>quoque</strong></span> <span class='ocrx_word' id='word_1_484' title='bbox 3171 2399 3222 2453; x_wconf 88' lang='lat' dir='ltr'><strong>ei</strong></span> <span class='ocrx_word' id='word_1_485' title='bbox 3257 2409 3363 2464; x_wconf 87' lang='lat' dir='ltr'><strong>est,</strong></span> <span class='ocrx_word' id='word_1_486' title='bbox 3411 2397 3678 2468; x_wconf 89' lang='lat' dir='ltr'><strong>quiCon-</strong></span> 
     </span>
    </p>
   </div>
   <div class='ocr_carea' id='block_1_71' title="bbox 2104 2491 3677 2564">
    <p class='ocr_par' dir='ltr' id='par_1_71' title="bbox 2104 2491 3677 2564">
     <span class='ocr_line' id='line_1_71' title="bbox 2104 2491 3677 2564; baseline -0.003 -18"><span class='ocrx_word' id='word_1_487' title='bbox 2104 2493 2653 2563; x_wconf 87' lang='lat' dir='ltr'><strong>stantinopolitanam</strong></span> <span class='ocrx_word' id='word_1_488' title='bbox 2679 2494 3027 2564; x_wconf 75' lang='lat' dir='ltr'><strong>gubernabat</strong></span> <span class='ocrx_word' id='word_1_489' title='bbox 3059 2493 3381 2554; x_wconf 74' lang='lat' dir='ltr'><strong>Ecclesium,</strong></span> <span class='ocrx_word' id='word_1_490' title='bbox 3418 2491 3677 2546; x_wconf 88' lang='lat' dir='ltr'><strong>Aeacius.</strong></span> 
     </span>
    </p>
   </div>
   <div class='ocr_carea' id='block_1_72' title="bbox 2105 2585 3679 2654">
    <p class='ocr_par' dir='ltr' id='par_1_72' title="bbox 2105 2585 3679 2654">
     <span class='ocr_line' id='line_1_72' title="bbox 2105 2585 3679 2654; baseline -0.004 -12"><span class='ocrx_word' id='word_1_491' title='bbox 2105 2585 2306 2642; x_wconf 75' lang='lat' dir='ltr'><strong>Verum</strong></span> <span class='ocrx_word' id='word_1_492' title='bbox 2342 2601 2451 2640; x_wconf 89' lang='lat' dir='ltr'><strong>non</strong></span> <span class='ocrx_word' id='word_1_493' title='bbox 2501 2589 2734 2641; x_wconf 85' lang='lat' dir='ltr'><strong>multum</strong></span> <span class='ocrx_word' id='word_1_494' title='bbox 2767 2588 3079 2642; x_wconf 80' lang='lat' dir='ltr'><strong>intercessit</strong></span> <span class='ocrx_word' id='word_1_495' title='bbox 3126 2585 3411 2654; x_wconf 84' lang='lat' dir='ltr'><strong>temporis,</strong></span> <span class='ocrx_word' id='word_1_496' title='bbox 3440 2591 3496 2637; x_wconf 85' lang='lat' dir='ltr'><strong>et</strong></span> <span class='ocrx_word' id='word_1_497' title='bbox 3537 2597 3679 2636; x_wconf 84' lang='lat' dir='ltr'><strong>non-</strong></span> 
     </span>
    </p>
   </div>
   <div class='ocr_carea' id='block_1_73' title="bbox 2107 2678 3678 2750">
    <p class='ocr_par' dir='ltr' id='par_1_73' title="bbox 2107 2678 3678 2750">
     <span class='ocr_line' id='line_1_73' title="bbox 2107 2678 3678 2750; baseline -0.003 -20"><span class='ocrx_word' id='word_1_498' title='bbox 2107 2678 2242 2732; x_wconf 84' lang='lat' dir='ltr'><strong>nulli</strong></span> <span class='ocrx_word' id='word_1_499' title='bbox 2289 2679 2382 2746; x_wconf 90' lang='lat' dir='ltr'><strong>qui</strong></span> <span class='ocrx_word' id='word_1_500' title='bbox 2411 2678 2559 2733; x_wconf 86' lang='lat' dir='ltr'><strong>Petri</strong></span> <span class='ocrx_word' id='word_1_501' title='bbox 2607 2678 2780 2750; x_wconf 72' lang='lat' dir='ltr'><strong>Moggi</strong></span> <span class='ocrx_word' id='word_1_502' title='bbox 2820 2680 3058 2748; x_wconf 81' lang='lat' dir='ltr'><strong>partium</strong></span> <span class='ocrx_word' id='word_1_503' title='bbox 3101 2679 3345 2741; x_wconf 79' lang='lat' dir='ltr'><strong>fuerant,</strong></span> <span class='ocrx_word' id='word_1_504' title='bbox 3377 2691 3500 2731; x_wconf 85' lang='lat' dir='ltr'><strong>cum</strong></span> <span class='ocrx_word' id='word_1_505' title='bbox 3550 2690 3678 2729; x_wconf 89' lang='lat' dir='ltr'><strong>eum</strong></span> 
     </span>
    </p>
   </div>
   <div class='ocr_carea' id='block_1_74' title="bbox 2106 2767 3683 2838">
    <p class='ocr_par' dir='ltr' id='par_1_74' title="bbox 2106 2767 3683 2838">
     <span class='ocr_line' id='line_1_74' title="bbox 2106 2767 3683 2838; baseline -0.001 -16"><span class='ocrx_word' id='word_1_506' title='bbox 2106 2769 2403 2823; x_wconf 85' lang='lat' dir='ltr'><strong>consilium</strong></span> <span class='ocrx_word' id='word_1_507' title='bbox 2440 2779 2695 2828; x_wconf 81' lang='lat' dir='ltr'><strong>mutasse</strong></span> <span class='ocrx_word' id='word_1_508' title='bbox 2738 2771 3014 2835; x_wconf 86' lang='lat' dir='ltr'><strong>viderent,</strong></span> <span class='ocrx_word' id='word_1_509' title='bbox 3050 2786 3080 2825; x_wconf 90' lang='lat' dir='ltr'><strong>a</strong></span> <span class='ocrx_word' id='word_1_510' title='bbox 3123 2769 3516 2825; x_wconf 83' lang='lat' dir='ltr'><strong>communione</strong></span> <span class='ocrx_word' id='word_1_511' title='bbox 3561 2767 3683 2838; x_wconf 84' lang='lat' dir='ltr'><strong>ejus</strong></span> 
     </span>
    </p>
   </div>
   <div class='ocr_carea' id='block_1_75' title="bbox 2107 2863 3680 2925">
    <p class='ocr_par' dir='ltr' id='par_1_75' title="bbox 2107 2863 3680 2925">
     <span class='ocr_line' id='line_1_75' title="bbox 2107 2863 3680 2925; baseline -0.001 -10"><span class='ocrx_word' id='word_1_512' title='bbox 2107 2874 2493 2918; x_wconf 85' lang='lat' dir='ltr'><strong>secesserunt:</strong></span> <span class='ocrx_word' id='word_1_513' title='bbox 2532 2867 2677 2918; x_wconf 88' lang='lat' dir='ltr'><strong>unde</strong></span> <span class='ocrx_word' id='word_1_514' title='bbox 2703 2863 2906 2920; x_wconf 81' lang='lat' dir='ltr'><strong>factum</strong></span> <span class='ocrx_word' id='word_1_515' title='bbox 2937 2876 3042 2925; x_wconf 88' lang='lat' dir='ltr'><strong>est,</strong></span> <span class='ocrx_word' id='word_1_516' title='bbox 3080 2874 3139 2918; x_wconf 92' lang='lat' dir='ltr'><strong>nt</strong></span> <span class='ocrx_word' id='word_1_517' title='bbox 3165 2863 3680 2919; x_wconf 82' lang='lat' dir='ltr'><strong>Chalcedonensem</strong></span> 
     </span>
    </p>
   </div>
   <div class='ocr_carea' id='block_1_76' title="bbox 2109 2948 3682 3023">
    <p class='ocr_par' dir='ltr' id='par_1_76' title="bbox 2109 2948 3682 3023">
     <span class='ocr_line' id='line_1_76' title="bbox 2109 2948 3682 3023; baseline 0.003 -16"><span class='ocrx_word' id='word_1_518' title='bbox 2109 2954 2378 3023; x_wconf 84' lang='lat' dir='ltr'><strong>synodum</strong></span> <span class='ocrx_word' id='word_1_519' title='bbox 2427 2956 2481 3010; x_wconf 89' lang='lat' dir='ltr'><strong>in</strong></span> <span class='ocrx_word' id='word_1_520' title='bbox 2512 2957 2748 3012; x_wconf 85' lang='lat' dir='ltr'><strong>ecclesia</strong></span> <span class='ocrx_word' id='word_1_521' title='bbox 2797 2948 3168 3012; x_wconf 86' lang='lat' dir='ltr'><strong>anathematis</strong></span> <span class='ocrx_word' id='word_1_522' title='bbox 3217 2956 3489 3010; x_wconf 85' lang='lat' dir='ltr'><strong>sententia</strong></span> <span class='ocrx_word' id='word_1_523' title='bbox 3524 2953 3682 3012; x_wconf 87' lang='lat' dir='ltr'><strong>dam-</strong></span> 
     </span>
    </p>
   </div>
   <div class='ocr_carea' id='block_1_77' title="bbox 2114 3049 3680 3111">
    <p class='ocr_par' dir='ltr' id='par_1_77' title="bbox 2114 3049 3680 3111">
     <span class='ocr_line' id='line_1_77' title="bbox 2114 3049 3680 3111; baseline 0.001 -10"><span class='ocrx_word' id='word_1_524' title='bbox 2114 3059 2321 3111; x_wconf 88' lang='lat' dir='ltr'><strong>nasset,</strong></span> <span class='ocrx_word' id='word_1_525' title='bbox 2368 3059 2426 3103; x_wconf 88' lang='lat' dir='ltr'><strong>et</strong></span> <span class='ocrx_word' id='word_1_526' title='bbox 2476 3049 2748 3105; x_wconf 84' lang='lat' dir='ltr'><strong>Timothei</strong></span> <span class='ocrx_word' id='word_1_527' title='bbox 2781 3050 3022 3106; x_wconf 85' lang='lat' dir='ltr'><strong>cadaver</strong></span> <span class='ocrx_word' id='word_1_528' title='bbox 3051 3050 3360 3105; x_wconf 72' lang='lat' dir='ltr'><strong>eﬂ‘odisset.</strong></span> <span class='ocrx_word' id='word_1_529' title='bbox 3395 3051 3526 3103; x_wconf 89' lang='lat' dir='ltr'><strong>Eam</strong></span> <span class='ocrx_word' id='word_1_530' title='bbox 3565 3063 3680 3104; x_wconf 90' lang='lat' dir='ltr'><strong>rem</strong></span> 
     </span>
    </p>
   </div>
   <div class='ocr_carea' id='block_1_78' title="bbox 2113 3142 3685 3212">
    <p class='ocr_par' dir='ltr' id='par_1_78' title="bbox 2113 3142 3685 3212">
     <span class='ocr_line' id='line_1_78' title="bbox 2113 3142 3685 3212; baseline 0.001 -16"><span class='ocrx_word' id='word_1_531' title='bbox 2113 3143 2206 3197; x_wconf 90' lang='lat' dir='ltr'><strong>ubi</strong></span> <span class='ocrx_word' id='word_1_532' title='bbox 2242 3142 2478 3196; x_wconf 80' lang='lat' dir='ltr'><strong>Aeacius</strong></span> <span class='ocrx_word' id='word_1_533' title='bbox 2502 3142 3154 3212; x_wconf 84' lang='lat' dir='ltr'><strong>Constantinopolitanus</strong></span> <span class='ocrx_word' id='word_1_534' title='bbox 3178 3144 3412 3206; x_wconf 79' lang='lat' dir='ltr'><strong>audivit,</strong></span> <span class='ocrx_word' id='word_1_535' title='bbox 3439 3145 3685 3212; x_wconf 72' lang='lat' dir='ltr'><strong>graviter</strong></span> 
     </span>
    </p>
   </div>
   <div class='ocr_carea' id='block_1_79' title="bbox 2086 3234 3684 3305">
    <p class='ocr_par' dir='ltr' id='par_1_79' title="bbox 2086 3234 3684 3305">
     <span class='ocr_line' id='line_1_79' title="bbox 2086 3234 3684 3305; baseline 0.001 -18"><span class='ocrx_word' id='word_1_536' title='bbox 2086 3234 2314 3303; x_wconf 56' lang='lat' dir='ltr'><strong>factum</strong></span> <span class='ocrx_word' id='word_1_537' title='bbox 2355 3235 2407 3288; x_wconf 89' lang='lat' dir='ltr'><strong>id</strong></span> <span class='ocrx_word' id='word_1_538' title='bbox 2467 3235 2613 3300; x_wconf 88' lang='lat' dir='ltr'><strong>tulit,</strong></span> <span class='ocrx_word' id='word_1_539' title='bbox 2665 3245 2722 3289; x_wconf 90' lang='lat' dir='ltr'><strong>et</strong></span> <span class='ocrx_word' id='word_1_540' title='bbox 2771 3251 3102 3305; x_wconf 81' lang='lat' dir='ltr'><strong>magnopere</strong></span> <span class='ocrx_word' id='word_1_541' title='bbox 3155 3246 3235 3288; x_wconf 83' lang='lat' dir='ltr'><strong>est</strong></span> <span class='ocrx_word' id='word_1_542' title='bbox 3280 3238 3637 3303; x_wconf 79' lang='lat' dir='ltr'><strong>perturbatus</strong></span> <span class='ocrx_word' id='word_1_543' title='bbox 3667 3254 3684 3288; x_wconf 86' lang='lat'><strong>:</strong></span> 
     </span>
    </p>
   </div>
   <div class='ocr_carea' id='block_1_80' title="bbox 2109 3327 3686 3396">
    <p class='ocr_par' dir='ltr' id='par_1_80' title="bbox 2109 3327 3686 3396">
     <span class='ocr_line' id='line_1_80' title="bbox 2109 3327 3686 3396; baseline -0.001 -14"><span class='ocrx_word' id='word_1_544' title='bbox 2109 3327 2278 3396; x_wconf 82' lang='lat'><strong>678</strong></span> <span class='ocrx_word' id='word_1_545' title='bbox 2311 3328 2450 3380; x_wconf 91' lang='lat' dir='ltr'><strong>adeo</strong></span> <span class='ocrx_word' id='word_1_546' title='bbox 2483 3341 2653 3390; x_wconf 86' lang='lat' dir='ltr'><strong>certe,</strong></span> <span class='ocrx_word' id='word_1_547' title='bbox 2704 3338 2764 3381; x_wconf 91' lang='lat' dir='ltr'><strong>ut</strong></span> <span class='ocrx_word' id='word_1_548' title='bbox 2810 3329 3076 3396; x_wconf 82' lang='lat' dir='ltr'><strong>quosdam</strong></span> <span class='ocrx_word' id='word_1_549' title='bbox 3119 3328 3510 3384; x_wconf 74' lang='lat' dir='ltr'><strong>Alexandriam</strong></span> <span class='ocrx_word' id='word_1_550' title='bbox 3563 3329 3686 3382; x_wconf 88' lang='lat' dir='ltr'><strong>mit-</strong></span> 
     </span>
    </p>
   </div>
   <div class='ocr_carea' id='block_1_81' title="bbox 2108 3419 3684 3492">
    <p class='ocr_par' dir='ltr' id='par_1_81' title="bbox 2108 3419 3684 3492">
     <span class='ocr_line' id='line_1_81' title="bbox 2108 3419 3684 3492; baseline 0.001 -20"><span class='ocrx_word' id='word_1_551' title='bbox 2108 3421 2307 3474; x_wconf 81' lang='lat' dir='ltr'><strong>tendos</strong></span> <span class='ocrx_word' id='word_1_552' title='bbox 2354 3419 2598 3481; x_wconf 79' lang='lat' dir='ltr'><strong>duxerit,</strong></span> <span class='ocrx_word' id='word_1_553' title='bbox 2655 3419 2748 3489; x_wconf 92' lang='lat' dir='ltr'><strong>qui</strong></span> <span class='ocrx_word' id='word_1_554' title='bbox 2797 3420 2874 3474; x_wconf 88' lang='lat' dir='ltr'><strong>rei</strong></span> <span class='ocrx_word' id='word_1_555' title='bbox 2925 3423 3214 3473; x_wconf 87' lang='lat' dir='ltr'><strong>veritatem</strong></span> <span class='ocrx_word' id='word_1_556' title='bbox 3262 3431 3684 3492; x_wconf 73' lang='lat' dir='ltr'><strong>cognoscerent.</strong></span> 
     </span>
    </p>
   </div>
   <div class='ocr_carea' id='block_1_82' title="bbox 2111 3507 3686 3580">
    <p class='ocr_par' dir='ltr' id='par_1_82' title="bbox 2111 3507 3686 3580">
     <span class='ocr_line' id='line_1_82' title="bbox 2111 3507 3686 3580; baseline 0.001 -18"><span class='ocrx_word' id='word_1_557' title='bbox 2111 3507 2221 3564; x_wconf 82' lang='lat' dir='ltr'><strong>Eos</strong></span> <span class='ocrx_word' id='word_1_558' title='bbox 2273 3525 2402 3562; x_wconf 86' lang='lat' dir='ltr'><strong>vero</strong></span> <span class='ocrx_word' id='word_1_559' title='bbox 2451 3511 2649 3564; x_wconf 87' lang='lat' dir='ltr'><strong>Petrus</strong></span> <span class='ocrx_word' id='word_1_560' title='bbox 2695 3517 2988 3579; x_wconf 83' lang='lat' dir='ltr'><strong>postquam</strong></span> <span class='ocrx_word' id='word_1_561' title='bbox 3038 3511 3334 3580; x_wconf 73' lang='lat' dir='ltr'><strong>diligenter</strong></span> <span class='ocrx_word' id='word_1_562' title='bbox 3387 3513 3686 3580; x_wconf 71' lang='lat' dir='ltr'><strong>inquisitos</strong></span> 
     </span>
    </p>
   </div>
   <div class='ocr_carea' id='block_1_83' title="bbox 2111 3602 3686 3667">
    <p class='ocr_par' dir='ltr' id='par_1_83' title="bbox 2111 3602 3686 3667">
     <span class='ocr_line' id='line_1_83' title="bbox 2111 3602 3686 3667; baseline 0.001 -11"><span class='ocrx_word' id='word_1_563' title='bbox 2111 3602 2305 3656; x_wconf 88' lang='lat' dir='ltr'><strong>adesse</strong></span> <span class='ocrx_word' id='word_1_564' title='bbox 2344 3603 2586 3667; x_wconf 84' lang='lat' dir='ltr'><strong>rescivit,</strong></span> <span class='ocrx_word' id='word_1_565' title='bbox 2627 3602 2898 3657; x_wconf 89' lang='lat' dir='ltr'><strong>certiores</strong></span> <span class='ocrx_word' id='word_1_566' title='bbox 2930 3602 3080 3667; x_wconf 81' lang='lat' dir='ltr'><strong>fecit,</strong></span> <span class='ocrx_word' id='word_1_567' title='bbox 3115 3603 3254 3656; x_wconf 91' lang='lat' dir='ltr'><strong>nihil</strong></span> <span class='ocrx_word' id='word_1_568' title='bbox 3289 3607 3348 3656; x_wconf 88' lang='lat' dir='ltr'><strong>s&#39;e</strong></span> <span class='ocrx_word' id='word_1_569' title='bbox 3372 3618 3563 3657; x_wconf 86' lang='lat' dir='ltr'><strong>earum</strong></span> <span class='ocrx_word' id='word_1_570' title='bbox 3602 3621 3686 3657; x_wconf 57' lang='lat' dir='ltr'><strong>re.</strong></span> 
     </span>
    </p>
   </div>
   <div class='ocr_carea' id='block_1_84' title="bbox 2111 3693 3686 3763">
    <p class='ocr_par' dir='ltr' id='par_1_84' title="bbox 2111 3693 3686 3763">
     <span class='ocr_line' id='line_1_84' title="bbox 2111 3693 3686 3763; baseline -0.001 -16"><span class='ocrx_word' id='word_1_571' title='bbox 2111 3707 2230 3747; x_wconf 89' lang='lat' dir='ltr'><strong>rum</strong></span> <span class='ocrx_word' id='word_1_572' title='bbox 2284 3693 2615 3748; x_wconf 84' lang='lat' dir='ltr'><strong>admisisse:</strong></span> <span class='ocrx_word' id='word_1_573' title='bbox 2650 3703 2705 3748; x_wconf 88' lang='lat' dir='ltr'><strong>et</strong></span> <span class='ocrx_word' id='word_1_574' title='bbox 2753 3693 3113 3748; x_wconf 85' lang='lat' dir='ltr'><strong>multitudine</strong></span> <span class='ocrx_word' id='word_1_575' title='bbox 3181 3695 3418 3763; x_wconf 86' lang='lat' dir='ltr'><strong>quadam</strong></span> <span class='ocrx_word' id='word_1_576' title='bbox 3468 3702 3686 3762; x_wconf 86' lang='lat' dir='ltr'><strong>contra-</strong></span> 
     </span>
    </p>
   </div>
   <div class='ocr_carea' id='block_1_85' title="bbox 2110 3786 3684 3856">
    <p class='ocr_par' dir='ltr' id='par_1_85' title="bbox 2110 3786 3684 3856">
     <span class='ocr_line' id='line_1_85' title="bbox 2110 3786 3684 3856; baseline -0.003 -16"><span class='ocrx_word' id='word_1_577' title='bbox 2110 3796 2220 3848; x_wconf 86' lang='lat' dir='ltr'><strong>cta,</strong></span> <span class='ocrx_word' id='word_1_578' title='bbox 2283 3786 2674 3841; x_wconf 88' lang='lat' dir='ltr'><strong>attestationes</strong></span> <span class='ocrx_word' id='word_1_579' title='bbox 2731 3787 3097 3856; x_wconf 80' lang='lat' dir='ltr'><strong>conscripsit,</strong></span> <span class='ocrx_word' id='word_1_580' title='bbox 3153 3803 3277 3856; x_wconf 75' lang='lat' dir='ltr'><strong>qua:</strong></span> <span class='ocrx_word' id='word_1_581' title='bbox 3336 3786 3684 3848; x_wconf 85' lang='lat' dir='ltr'><strong>indicabant,</strong></span> 
     </span>
    </p>
   </div>
   <div class='ocr_carea' id='block_1_86' title="bbox 2113 3879 3684 3949">
    <p class='ocr_par' dir='ltr' id='par_1_86' title="bbox 2113 3879 3684 3949">
     <span class='ocr_line' id='line_1_86' title="bbox 2113 3879 3684 3949; baseline -0.002 -17"><span class='ocrx_word' id='word_1_582' title='bbox 2113 3879 2335 3933; x_wconf 87' lang='lat' dir='ltr'><strong>Petrum</strong></span> <span class='ocrx_word' id='word_1_583' title='bbox 2388 3879 2526 3932; x_wconf 85' lang='lat' dir='ltr'><strong>nihil</strong></span> <span class='ocrx_word' id='word_1_584' title='bbox 2576 3894 2765 3932; x_wconf 85' lang='lat' dir='ltr'><strong>earum</strong></span> <span class='ocrx_word' id='word_1_585' title='bbox 2803 3894 2926 3949; x_wconf 66' lang='lat' dir='ltr'><strong>quae</strong></span> <span class='ocrx_word' id='word_1_586' title='bbox 2982 3880 3184 3934; x_wconf 74' lang='lat' dir='ltr'><strong>audita:</strong></span> <span class='ocrx_word' id='word_1_587' title='bbox 3236 3886 3423 3933; x_wconf 88' lang='lat' dir='ltr'><strong>essent</strong></span> <span class='ocrx_word' id='word_1_588' title='bbox 3473 3894 3684 3941; x_wconf 85' lang='lat' dir='ltr'><strong>rerum,</strong></span> 
     </span>
    </p>
   </div>
   <div class='ocr_carea' id='block_1_87' title="bbox 2112 3967 3684 4038">
    <p class='ocr_par' dir='ltr' id='par_1_87' title="bbox 2112 3967 3684 4038">
     <span class='ocr_line' id='line_1_87' title="bbox 2112 3967 3684 4038; baseline -0.005 -15"><span class='ocrx_word' id='word_1_589' title='bbox 2112 3970 2328 4025; x_wconf 75' lang='lat' dir='ltr'><strong>fecisse.</strong></span> <span class='ocrx_word' id='word_1_590' title='bbox 2369 3969 2462 4023; x_wconf 84' lang='lat' dir='ltr'><strong>Ille</strong></span> <span class='ocrx_word' id='word_1_591' title='bbox 2497 3984 2628 4023; x_wconf 88' lang='lat' dir='ltr'><strong>vero</strong></span> <span class='ocrx_word' id='word_1_592' title='bbox 2679 3968 2858 4038; x_wconf 85' lang='lat' dir='ltr'><strong>reipsa</strong></span> <span class='ocrx_word' id='word_1_593' title='bbox 2893 3971 3062 4024; x_wconf 84' lang='lat' dir='ltr'><strong>veiuti</strong></span> <span class='ocrx_word' id='word_1_594' title='bbox 3098 3969 3407 4022; x_wconf 89' lang='lat' dir='ltr'><strong>cothurnus</strong></span> <span class='ocrx_word' id='word_1_595' title='bbox 3436 3967 3684 4035; x_wconf 85' lang='lat' dir='ltr'><strong>quidam,</strong></span> 
     </span>
    </p>
   </div>
   <div class='ocr_carea' id='block_1_88' title="bbox 2111 4059 3687 4130">
    <p class='ocr_par' dir='ltr' id='par_1_88' title="bbox 2111 4059 3687 4130">
     <span class='ocr_line' id='line_1_88' title="bbox 2111 4059 3687 4130; baseline -0.005 -12"><span class='ocrx_word' id='word_1_596' title='bbox 2111 4072 2206 4118; x_wconf 89' lang='lat' dir='ltr'><strong>aut</strong></span> <span class='ocrx_word' id='word_1_597' title='bbox 2260 4064 2489 4118; x_wconf 80' lang='lat' dir='ltr'><strong>Proteus</strong></span> <span class='ocrx_word' id='word_1_598' title='bbox 2535 4061 2772 4117; x_wconf 84' lang='lat' dir='ltr'><strong>Pharius</strong></span> <span class='ocrx_word' id='word_1_599' title='bbox 2826 4072 2988 4130; x_wconf 90' lang='lat' dir='ltr'><strong>atque</strong></span> <span class='ocrx_word' id='word_1_600' title='bbox 3040 4062 3320 4130; x_wconf 85' lang='lat' dir='ltr'><strong>Euripus,</strong></span> <span class='ocrx_word' id='word_1_601' title='bbox 3377 4059 3687 4128; x_wconf 79' lang='lat' dir='ltr'><strong>versipellis</strong></span> 
     </span>
    </p>
   </div>
   <div class='ocr_carea' id='block_1_89' title="bbox 2111 4152 3687 4223">
    <p class='ocr_par' dir='ltr' id='par_1_89' title="bbox 2111 4152 3687 4223">
     <span class='ocr_line' id='line_1_89' title="bbox 2111 4152 3687 4223; baseline -0.004 -14"><span class='ocrx_word' id='word_1_602' title='bbox 2111 4155 2327 4209; x_wconf 88' lang='lat' dir='ltr'><strong>scilicet</strong></span> <span class='ocrx_word' id='word_1_603' title='bbox 2356 4156 2551 4216; x_wconf 79' lang='lat' dir='ltr'><strong>homo;</strong></span> <span class='ocrx_word' id='word_1_604' title='bbox 2575 4153 2704 4220; x_wconf 77' lang='lat' dir='ltr'><strong>fuit,</strong></span> <span class='ocrx_word' id='word_1_605' title='bbox 2748 4164 2806 4208; x_wconf 90' lang='lat' dir='ltr'><strong>et</strong></span> <span class='ocrx_word' id='word_1_606' title='bbox 2841 4155 2946 4208; x_wconf 87' lang='lat' dir='ltr'><strong>sibi</strong></span> <span class='ocrx_word' id='word_1_607' title='bbox 2986 4154 3089 4223; x_wconf 89' lang='lat' dir='ltr'><strong>ipsi</strong></span> <span class='ocrx_word' id='word_1_608' title='bbox 3125 4169 3235 4207; x_wconf 89' lang='lat' dir='ltr'><strong>non</strong></span> <span class='ocrx_word' id='word_1_609' title='bbox 3271 4152 3542 4213; x_wconf 89' lang='lat' dir='ltr'><strong>constitit,</strong></span> <span class='ocrx_word' id='word_1_610' title='bbox 3597 4167 3687 4203; x_wconf 76' lang='lat' dir='ltr'><strong>ve~</strong></span> 
     </span>
    </p>
   </div>
   <div class='ocr_carea' id='block_1_90' title="bbox 2114 4245 3688 4314">
    <p class='ocr_par' dir='ltr' id='par_1_90' title="bbox 2114 4245 3688 4314">
     <span class='ocr_line' id='line_1_90' title="bbox 2114 4245 3688 4314; baseline -0.004 -16"><span class='ocrx_word' id='word_1_611' title='bbox 2114 4261 2232 4300; x_wconf 90' lang='lat' dir='ltr'><strong>rum</strong></span> <span class='ocrx_word' id='word_1_612' title='bbox 2262 4260 2466 4314; x_wconf 44' lang='lat' dir='ltr'><strong>pro&#39;eo</strong></span> <span class='ocrx_word' id='word_1_613' title='bbox 2498 4255 2666 4314; x_wconf 87' lang='lat' dir='ltr'><strong>atque</strong></span> <span class='ocrx_word' id='word_1_614' title='bbox 2707 4245 2758 4300; x_wconf 92' lang='lat' dir='ltr'><strong>ei</strong></span> <span class='ocrx_word' id='word_1_615' title='bbox 2806 4245 2984 4298; x_wconf 86' lang='lat' dir='ltr'><strong>visum</strong></span> <span class='ocrx_word' id='word_1_616' title='bbox 3025 4258 3192 4307; x_wconf 86' lang='lat' dir='ltr'><strong>esset,</strong></span> <span class='ocrx_word' id='word_1_617' title='bbox 3219 4257 3436 4310; x_wconf 88' lang='lat' dir='ltr'><strong>semper</strong></span> <span class='ocrx_word' id='word_1_618' title='bbox 3462 4256 3520 4295; x_wconf 89' lang='lat' dir='ltr'><strong>se</strong></span> <span class='ocrx_word' id='word_1_619' title='bbox 3555 4249 3688 4294; x_wconf 86' lang='lat' dir='ltr'><strong>tem-</strong></span> 
     </span>
    </p>
   </div>
   <div class='ocr_carea' id='block_1_91' title="bbox 2115 4333 3686 4408">
    <p class='ocr_par' dir='ltr' id='par_1_91' title="bbox 2115 4333 3686 4408">
     <span class='ocr_line' id='line_1_91' title="bbox 2115 4333 3686 4408; baseline -0.004 -18"><span class='ocrx_word' id='word_1_620' title='bbox 2115 4338 2344 4408; x_wconf 84' lang='lat' dir='ltr'><strong>poribus</strong></span> <span class='ocrx_word' id='word_1_621' title='bbox 2370 4347 2429 4392; x_wconf 90' lang='lat' dir='ltr'><strong>et</strong></span> <span class='ocrx_word' id='word_1_622' title='bbox 2456 4337 2626 4392; x_wconf 86' lang='lat' dir='ltr'><strong>rebus</strong></span> <span class='ocrx_word' id='word_1_623' title='bbox 2656 4336 2792 4406; x_wconf 89' lang='lat' dir='ltr'><strong>ipsis</strong></span> <span class='ocrx_word' id='word_1_624' title='bbox 2815 4335 3274 4390; x_wconf 81' lang='lat' dir='ltr'><strong>accommodavit.</strong></span> <span class='ocrx_word' id='word_1_625' title='bbox 3301 4335 3368 4389; x_wconf 89' lang='lat' dir='ltr'><strong>Et</strong></span> <span class='ocrx_word' id='word_1_626' title='bbox 3389 4333 3686 4403; x_wconf 82' lang='lat' dir='ltr'><strong>aliquando</strong></span> 
     </span>
    </p>
   </div>
   <div class='ocr_carea' id='block_1_92' title="bbox 431 4417 2003 4500">
    <p class='ocr_par' dir='ltr' id='par_1_92' title="bbox 431 4417 2003 4498">
     <span class='ocr_line' id='line_1_92' title="bbox 431 4417 2003 4498; baseline 0.004 -28"><span class='ocrx_word' id='word_1_627' title='bbox 431 4435 528 4470; x_wconf 90' lang='grc' dir='ltr'><strong>νου</strong></span> <span class='ocrx_word' id='word_1_628' title='bbox 555 4417 706 4470; x_wconf 81' lang='grc' dir='ltr'>δόλον</span> <span class='ocrx_word' id='word_1_629' title='bbox 758 4417 1288 4498; x_wconf 77' lang='grc' dir='ltr'>φωράσαντι,δῆλος</span> <span class='ocrx_word' id='word_1_630' title='bbox 1325 4421 1670 4490; x_wconf 75' lang='grc' dir='ltr'>γεννήσεται.</span> <span class='ocrx_word' id='word_1_631' title='bbox 1721 4424 1928 4495; x_wconf 72' lang='grc' dir='ltr'>Γράφει</span> <span class='ocrx_word' id='word_1_632' title='bbox 1959 4425 2003 4477; x_wconf 70' lang='grc' dir='ltr'><strong>ὃ·</strong></span> 
     </span>
    </p>
   </div>
   <div class='ocr_carea' id='block_1_93' title="bbox 2108 4417 3688 4500">
    <p class='ocr_par' dir='ltr' id='par_1_93' title="bbox 2117 4426 3688 4500">
     <span class='ocr_line' id='line_1_93' title="bbox 2117 4426 3688 4500; baseline -0.003 -18"><span class='ocrx_word' id='word_1_633' title='bbox 2117 4429 2339 4500; x_wconf 82' lang='lat' dir='ltr'><strong>quidem</strong></span> <span class='ocrx_word' id='word_1_634' title='bbox 2401 4428 2913 4484; x_wconf 81' lang='lat' dir='ltr'><strong>Chaicedonenscm</strong></span> <span class='ocrx_word' id='word_1_635' title='bbox 2962 4428 3234 4499; x_wconf 76' lang='lat' dir='ltr'><strong>synodum</strong></span> <span class='ocrx_word' id='word_1_636' title='bbox 3283 4426 3688 4496; x_wconf 78' lang='lat' dir='ltr'><strong>comprobavit,</strong></span> 
     </span>
    </p>
   </div>
   <div class='ocr_carea' id='block_1_94' title="bbox 433 4510 982 4575">
    <p class='ocr_par' dir='ltr' id='par_1_94' title="bbox 433 4510 982 4575">
     <span class='ocr_line' id='line_1_94' title="bbox 433 4510 982 4575; baseline 0.007 -14"><span class='ocrx_word' id='word_1_637' title='bbox 433 4511 530 4562; x_wconf 76' lang='grc' dir='ltr'>ἐπὶ</span> <span class='ocrx_word' id='word_1_638' title='bbox 564 4510 762 4575; x_wconf 77' lang='grc' dir='ltr'>λέξεως</span> <span class='ocrx_word' id='word_1_639' title='bbox 791 4512 982 4575; x_wconf 71' lang='grc' dir='ltr'>οὕτως·</span> 
     </span>
    </p>
   </div>
   <div class='ocr_carea' id='block_1_95' title="bbox 429 4605 1520 4674">
    <p class='ocr_par' dir='ltr' id='par_1_95' title="bbox 429 4605 1520 4674">
     <span class='ocr_line' id='line_1_95' title="bbox 429 4605 1520 4674; baseline 0 -16"><span class='ocrx_word' id='word_1_640' title='bbox 429 4621 595 4668; x_wconf 86' lang='lat' dir='ltr'><strong>nens,</strong></span> <span class='ocrx_word' id='word_1_641' title='bbox 653 4605 881 4660; x_wconf 86' lang='lat' dir='ltr'><strong>calculis</strong></span> <span class='ocrx_word' id='word_1_642' title='bbox 977 4606 1238 4660; x_wconf 90' lang='lat' dir='ltr'><strong>omnibus</strong></span> <span class='ocrx_word' id='word_1_643' title='bbox 1305 4605 1520 4674; x_wconf 89' lang='lat' dir='ltr'><strong>rejecit,</strong></span> 
     </span>
    </p>
   </div>
   <div class='ocr_carea' id='block_1_96' title="bbox 1619 4610 2543 4669">
    <p class='ocr_par' dir='ltr' id='par_1_96' title="bbox 1619 4610 2543 4669">
     <span class='ocr_line' id='line_1_96' title="bbox 1619 4610 2543 4669; baseline 0.009 -9"><span class='ocrx_word' id='word_1_644' title='bbox 1619 4619 1674 4660; x_wconf 89' lang='lat' dir='ltr'><strong>et</strong></span> <span class='ocrx_word' id='word_1_645' title='bbox 1727 4610 2084 4667; x_wconf 85' lang='lat' dir='ltr'><strong>anathemate</strong></span> <span class='ocrx_word' id='word_1_646' title='bbox 2123 4616 2543 4669; x_wconf 81' lang='lat' dir='ltr'><strong>condemnavit.</strong></span> 
     </span>
    </p>
   </div>
   <div class='ocr_carea' id='block_1_97' title="bbox 2117 4517 3690 4590">
    <p class='ocr_par' dir='ltr' id='par_1_97' title="bbox 2117 4517 3690 4590">
     <span class='ocr_line' id='line_1_97' title="bbox 2117 4517 3690 4590; baseline -0.003 -17"><span class='ocrx_word' id='word_1_647' title='bbox 2117 4519 2418 4588; x_wconf 87' lang='lat' dir='ltr'><strong>aliquando</strong></span> <span class='ocrx_word' id='word_1_648' title='bbox 2471 4529 2654 4574; x_wconf 88' lang='lat' dir='ltr'><strong>autem</strong></span> <span class='ocrx_word' id='word_1_649' title='bbox 2708 4519 2940 4590; x_wconf 83' lang='lat' dir='ltr'><strong>perinde</strong></span> <span class='ocrx_word' id='word_1_650' title='bbox 2995 4530 3159 4587; x_wconf 91' lang='lat' dir='ltr'><strong>atque</strong></span> <span class='ocrx_word' id='word_1_651' title='bbox 3213 4517 3545 4587; x_wconf 85' lang='lat' dir='ltr'><strong>palinodiam</strong></span> <span class='ocrx_word' id='word_1_652' title='bbox 3584 4517 3690 4569; x_wconf 68' lang='lat' dir='ltr'><strong>&#39;ca-</strong></span> 
     </span>
    </p>
   </div>
   <div class='ocr_carea' id='block_1_98' title="bbox 2620 4611 3690 4681">
    <p class='ocr_par' dir='ltr' id='par_1_98' title="bbox 2620 4611 3690 4681">
     <span class='ocr_line' id='line_1_98' title="bbox 2620 4611 3690 4681; baseline -0.004 -13"><span class='ocrx_word' id='word_1_653' title='bbox 2620 4613 2702 4668; x_wconf 80' lang='lat' dir='ltr'><strong>Ex</strong></span> <span class='ocrx_word' id='word_1_654' title='bbox 2764 4612 2965 4668; x_wconf 89' lang='lat' dir='ltr'><strong>litteris</strong></span> <span class='ocrx_word' id='word_1_655' title='bbox 3033 4621 3216 4667; x_wconf 87' lang='lat' dir='ltr'><strong>autem</strong></span> <span class='ocrx_word' id='word_1_656' title='bbox 3279 4611 3360 4666; x_wconf 88' lang='lat' dir='ltr'><strong>eis</strong></span> <span class='ocrx_word' id='word_1_657' title='bbox 3423 4621 3562 4681; x_wconf 84' lang='lat' dir='ltr'><strong>quas</strong></span> <span class='ocrx_word' id='word_1_658' title='bbox 3623 4611 3690 4666; x_wconf 86' lang='lat' dir='ltr'><strong>ad</strong></span> 
     </span>
    </p>
   </div>
   <div class='ocr_carea' id='block_1_99' title="bbox 434 4700 3690 4778">
    <p class='ocr_par' dir='ltr' id='par_1_99' title="bbox 434 4700 3690 4778">
     <span class='ocr_line' id='line_1_99' title="bbox 434 4700 3690 4778; baseline 0.001 -24"><span class='ocrx_word' id='word_1_659' title='bbox 434 4700 697 4754; x_wconf 82' lang='lat' dir='ltr'><strong>Acacium</strong></span> <span class='ocrx_word' id='word_1_660' title='bbox 753 4700 1425 4769; x_wconf 85' lang='lat' dir='ltr'><strong>Constantin0politannm</strong></span> <span class='ocrx_word' id='word_1_661' title='bbox 1495 4700 1858 4770; x_wconf 80' lang='lat' dir='ltr'><strong>episcopum,</strong></span> <span class='ocrx_word' id='word_1_662' title='bbox 1910 4706 2004 4774; x_wconf 90' lang='lat' dir='ltr'><strong>qui</strong></span> <span class='ocrx_word' id='word_1_663' title='bbox 2085 4705 2270 4760; x_wconf 88' lang='lat' dir='ltr'><strong>dolum</strong></span> <span class='ocrx_word' id='word_1_664' title='bbox 2329 4708 2450 4777; x_wconf 80' lang='lat' dir='ltr'><strong>ejus</strong></span> <span class='ocrx_word' id='word_1_665' title='bbox 2488 4723 2589 4776; x_wconf 86' lang='lat' dir='ltr'><strong>per</strong></span> <span class='ocrx_word' id='word_1_666' title='bbox 2643 4708 3060 4778; x_wconf 89' lang='lat' dir='ltr'><strong>inquisitionem</strong></span> <span class='ocrx_word' id='word_1_667' title='bbox 3115 4715 3396 4761; x_wconf 83' lang='lat' dir='ltr'><strong>scrutatus</strong></span> <span class='ocrx_word' id='word_1_668' title='bbox 3459 4715 3564 4771; x_wconf 88' lang='lat' dir='ltr'><strong>est,</strong></span> <span class='ocrx_word' id='word_1_669' title='bbox 3600 4704 3690 4758; x_wconf 90' lang='lat' dir='ltr'><strong>de-</strong></span> 
     </span>
    </p>
   </div>
   <div class='ocr_carea' id='block_1_100' title="bbox 428 4791 2256 4864">
    <p class='ocr_par' dir='ltr' id='par_1_100' title="bbox 428 4791 2256 4864">
     <span class='ocr_line' id='line_1_100' title="bbox 428 4791 2256 4864; baseline 0.004 -16"><span class='ocrx_word' id='word_1_670' title='bbox 428 4797 532 4860; x_wconf 71' lang='lat' dir='ltr'><strong>dit,</strong></span> <span class='ocrx_word' id='word_1_671' title='bbox 578 4795 756 4864; x_wconf 88' lang='lat' dir='ltr'><strong>qualis</strong></span> <span class='ocrx_word' id='word_1_672' title='bbox 793 4793 989 4859; x_wconf 75' lang='lat' dir='ltr'><strong>fuerit,</strong></span> <span class='ocrx_word' id='word_1_673' title='bbox 1016 4793 1273 4860; x_wconf 88' lang='lat' dir='ltr'><strong>liquebit.</strong></span> <span class='ocrx_word' id='word_1_674' title='bbox 1304 4791 1539 4861; x_wconf 88' lang='lat' dir='ltr'><strong>Scripsit</strong></span> <span class='ocrx_word' id='word_1_675' title='bbox 1569 4805 1750 4848; x_wconf 89' lang='lat' dir='ltr'><strong>autem</strong></span> <span class='ocrx_word' id='word_1_676' title='bbox 1785 4796 1840 4848; x_wconf 91' lang='lat' dir='ltr'><strong>in</strong></span> <span class='ocrx_word' id='word_1_677' title='bbox 1875 4799 1990 4853; x_wconf 72' lang='lat' dir='ltr'><strong>haec</strong></span> <span class='ocrx_word' id='word_1_678' title='bbox 2029 4800 2196 4856; x_wconf 83' lang='lat' dir='ltr'><strong>verba</strong></span> <span class='ocrx_word' id='word_1_679' title='bbox 2243 4819 2256 4855; x_wconf 90' lang='lat'><strong><em>:</em></strong></span> 
     </span>
    </p>
   </div>
   <div class='ocr_carea' id='block_1_101' title="bbox 1033 4907 1416 4962">
    <p class='ocr_par' dir='ltr' id='par_1_101' title="bbox 1033 4907 1416 4962">
     <span class='ocr_line' id='line_1_101' title="bbox 1033 4907 1416 4962; baseline 0 -1"><span class='ocrx_word' id='word_1_680' title='bbox 1033 4907 1284 4962; x_wconf 81' lang='grc' dir='ltr'>ΚΕΦΑΛ.</span> <span class='ocrx_word' id='word_1_681' title='bbox 1319 4909 1416 4961; x_wconf 77' lang='lat' dir='ltr'><strong>IA&#39;.</strong></span> 
     </span>
    </p>
   </div>
   <div class='ocr_carea' id='block_1_102' title="bbox 438 4999 2009 5071">
    <p class='ocr_par' dir='ltr' id='par_1_102' title="bbox 438 4999 2009 5071">
     <span class='ocr_line' id='line_1_102' title="bbox 438 4999 2009 5071; baseline -0.002 -11"><span class='ocrx_word' id='word_1_682' title='bbox 438 5005 774 5071; x_wconf 72' lang='grc' dir='ltr'>Ἐπιστολὴ</span> <span class='ocrx_word' id='word_1_683' title='bbox 807 5004 1034 5071; x_wconf 75' lang='grc' dir='ltr'>Πέτρου</span> <span class='ocrx_word' id='word_1_684' title='bbox 1066 4999 1195 5071; x_wconf 68' lang='grc' dir='ltr'><strong>τ’οὗΔ</strong></span> <span class='ocrx_word' id='word_1_685' title='bbox 1220 4999 1706 5071; x_wconf 74' lang='grc' dir='ltr'>Ἀλεξανδρείας.</span> <span class='ocrx_word' id='word_1_686' title='bbox 1756 5001 2009 5070; x_wconf 79' lang='grc' dir='ltr'>Ἀκακίῳ</span> 
     </span>
    </p>
   </div>
   <div class='ocr_carea' id='block_1_103' title="bbox 499 5069 2008 5140">
    <p class='ocr_par' dir='ltr' id='par_1_103' title="bbox 499 5069 2008 5140">
     <span class='ocr_line' id='line_1_103' title="bbox 499 5069 2008 5140; baseline -0.004 -8"><span class='ocrx_word' id='word_1_687' title='bbox 499 5069 796 5132; x_wconf 68' lang='grc' dir='ltr'>σταλεῖσιι</span> <span class='ocrx_word' id='word_1_688' title='bbox 836 5069 933 5140; x_wconf 64' lang='grc' dir='ltr'><strong>τῷ</strong></span> <span class='ocrx_word' id='word_1_689' title='bbox 976 5069 1292 5134; x_wconf 79' lang='grc' dir='ltr'>ἑπισκόπῳ</span> <span class='ocrx_word' id='word_1_690' title='bbox 1338 5069 1451 5135; x_wconf 80' lang='grc' dir='ltr'>τῆς</span> <span class='ocrx_word' id='word_1_691' title='bbox 1501 5072 1835 5138; x_wconf 78' lang='grc' dir='ltr'>βασιλίδος</span> <span class='ocrx_word' id='word_1_692' title='bbox 1888 5069 2008 5126; x_wconf 66' lang='grc' dir='ltr'><strong>τῶι·</strong></span> 
     </span>
    </p>
   </div>
   <div class='ocr_carea' id='block_1_104' title="bbox 498 5149 763 5200">
    <p class='ocr_par' dir='ltr' id='par_1_104' title="bbox 498 5149 763 5200">
     <span class='ocr_line' id='line_1_104' title="bbox 498 5149 763 5200; baseline -0.011 -1"><span class='ocrx_word' id='word_1_693' title='bbox 498 5149 763 5200; x_wconf 73' lang='grc' dir='ltr'>πόλεων.</span> 
     </span>
    </p>
   </div>
   <div class='ocr_carea' id='block_1_105' title="bbox 500 5258 2009 5330">
    <p class='ocr_par' dir='ltr' id='par_1_105' title="bbox 500 5258 2009 5330">
     <span class='ocr_line' id='line_1_105' title="bbox 500 5258 2009 5330; baseline -0.001 -16"><span class='ocrx_word' id='word_1_694' title='bbox 500 5283 520 5314; x_wconf 83' lang='grc' dir='ltr'><strong>ι</strong></span> <span class='ocrx_word' id='word_1_695' title='bbox 582 5260 643 5316; x_wconf 85' lang='grc' dir='ltr'><strong>Ὀ</strong></span> <span class='ocrx_word' id='word_1_696' title='bbox 672 5261 805 5321; x_wconf 83' lang='grc' dir='ltr'>Θεὸς</span> <span class='ocrx_word' id='word_1_697' title='bbox 834 5261 862 5313; x_wconf 83' lang='lat'><strong>6</strong></span> <span class='ocrx_word' id='word_1_698' title='bbox 892 5259 1110 5329; x_wconf 75' lang='grc' dir='ltr'>ὕψιστος</span> <span class='ocrx_word' id='word_1_699' title='bbox 1137 5261 1238 5330; x_wconf 79' lang='grc' dir='ltr'>τὴν</span> <span class='ocrx_word' id='word_1_700' title='bbox 1269 5259 1367 5329; x_wconf 77' lang='grc' dir='ltr'>σὴν</span> <span class='ocrx_word' id='word_1_701' title='bbox 1418 5258 1733 5329; x_wconf 81' lang='grc' dir='ltr'>ἁγιωσύνην</span> <span class='ocrx_word' id='word_1_702' title='bbox 1781 5259 2009 5330; x_wconf 67' lang='grc' dir='ltr'>ἀμείψε-</span> 
     </span>
    </p>
   </div>
   <div class='ocr_carea' id='block_1_106' title="bbox 426 5345 2010 5418">
    <p class='ocr_par' dir='ltr' id='par_1_106' title="bbox 426 5345 2010 5418">
     <span class='ocr_line' id='line_1_106' title="bbox 426 5345 2010 5418; baseline -0.001 -14"><span class='ocrx_word' id='word_1_703' title='bbox 426 5372 542 5418; x_wconf 82' lang='grc' dir='ltr'>ται,</span> <span class='ocrx_word' id='word_1_704' title='bbox 576 5353 680 5405; x_wconf 75' lang='grc' dir='ltr'>ὑπό</span> <span class='ocrx_word' id='word_1_705' title='bbox 711 5369 771 5404; x_wconf 92' lang='grc' dir='ltr'>τε</span> <span class='ocrx_word' id='word_1_706' title='bbox 804 5352 981 5404; x_wconf 75' lang='grc' dir='ltr'>πόνων</span> <span class='ocrx_word' id='word_1_707' title='bbox 1009 5351 1104 5402; x_wconf 72' lang='grc' dir='ltr'>καὶ</span> <span class='ocrx_word' id='word_1_708' title='bbox 1154 5352 1418 5418; x_wconf 79' lang='grc' dir='ltr'>καμάτων</span> <span class='ocrx_word' id='word_1_709' title='bbox 1446 5350 1742 5415; x_wconf 83' lang='grc' dir='ltr'>τοσούτων,</span> <span class='ocrx_word' id='word_1_710' title='bbox 1785 5345 1860 5404; x_wconf 82' lang='grc' dir='ltr'>ὧν</span> <span class='ocrx_word' id='word_1_711' title='bbox 1910 5367 2010 5402; x_wconf 84' lang='grc' dir='ltr'>πε-</span> 
     </span>
    </p>
   </div>
   <div class='ocr_carea' id='block_1_107' title="bbox 431 5441 2006 5514">
    <p class='ocr_par' dir='ltr' id='par_1_107' title="bbox 431 5441 2006 5514">
     <span class='ocr_line' id='line_1_107' title="bbox 431 5441 2006 5514; baseline -0.003 -19"><span class='ocrx_word' id='word_1_712' title='bbox 431 5447 646 5514; x_wconf 73' lang='grc' dir='ltr'>ριοδους</span> <span class='ocrx_word' id='word_1_713' title='bbox 674 5444 888 5514; x_wconf 81' lang='grc' dir='ltr'>χρόνων</span> <span class='ocrx_word' id='word_1_714' title='bbox 926 5441 1199 5510; x_wconf 80' lang='grc' dir='ltr'>ἐφύλαξας</span> <span class='ocrx_word' id='word_1_715' title='bbox 1248 5442 1349 5511; x_wconf 77' lang='grc' dir='ltr'><strong>τὴν</strong></span> <span class='ocrx_word' id='word_1_716' title='bbox 1385 5443 1491 5494; x_wconf 85' lang='grc' dir='ltr'><strong>τῶν</strong></span> <span class='ocrx_word' id='word_1_717' title='bbox 1540 5442 1712 5510; x_wconf 76' lang='grc' dir='ltr'>ἁγίων</span> <span class='ocrx_word' id='word_1_718' title='bbox 1745 5442 2006 5512; x_wconf 84' lang='grc' dir='ltr'>Πατέρων</span> 
     </span>
    </p>
   </div>
   <div class='ocr_carea' id='block_1_108' title="bbox 430 5535 2006 5610">
    <p class='ocr_par' dir='ltr' id='par_1_108' title="bbox 430 5535 2006 5610">
     <span class='ocr_line' id='line_1_108' title="bbox 430 5535 2006 5610; baseline -0.002 -20"><span class='ocrx_word' id='word_1_719' title='bbox 430 5542 640 5604; x_wconf 80' lang='grc' dir='ltr'>πίστιν,</span> <span class='ocrx_word' id='word_1_720' title='bbox 675 5541 741 5610; x_wconf 72' lang='grc' dir='ltr'><strong>ἣν</strong></span> <span class='ocrx_word' id='word_1_721' title='bbox 791 5537 1231 5599; x_wconf 79' lang='grc' dir='ltr'>ἁκαταπαύστως</span> <span class='ocrx_word' id='word_1_722' title='bbox 1287 5535 1576 5604; x_wconf 74' lang='grc' dir='ltr'>κηρύττων</span> <span class='ocrx_word' id='word_1_723' title='bbox 1626 5535 1962 5596; x_wconf 78' lang='grc' dir='ltr'>ἐδεδαίωσας</span> <span class='ocrx_word' id='word_1_724' title='bbox 1993 5548 2006 5562; x_wconf 86' lang='lat'><strong><em>°</em></strong></span> 
     </span>
    </p>
   </div>
   <div class='ocr_carea' id='block_1_109' title="bbox 428 5626 2014 5704">
    <p class='ocr_par' dir='ltr' id='par_1_109' title="bbox 428 5626 2014 5704">
     <span class='ocr_line' id='line_1_109' title="bbox 428 5626 2014 5704; baseline -0.004 -22"><span class='ocrx_word' id='word_1_725' title='bbox 428 5634 489 5682; x_wconf 83' lang='grc' dir='ltr'>ἐν</span> <span class='ocrx_word' id='word_1_726' title='bbox 521 5626 556 5704; x_wconf 75' lang='grc' dir='ltr'>ᾖ</span> <span class='ocrx_word' id='word_1_727' title='bbox 584 5632 678 5686; x_wconf 84' lang='grc' dir='ltr'><strong>καί</strong></span> <span class='ocrx_word' id='word_1_728' title='bbox 726 5629 790 5682; x_wconf 72' lang='grc' dir='ltr'><strong>τδ</strong></span> <span class='ocrx_word' id='word_1_729' title='bbox 820 5629 1086 5700; x_wconf 76' lang='grc' dir='ltr'>σύμϐολον</span> <span class='ocrx_word' id='word_1_730' title='bbox 1121 5628 1377 5697; x_wconf 77' lang='grc' dir='ltr'>κείμενον</span> <span class='ocrx_word' id='word_1_731' title='bbox 1408 5627 1516 5681; x_wconf 85' lang='grc' dir='ltr'>τῶν</span> <span class='ocrx_word' id='word_1_732' title='bbox 1548 5631 1652 5696; x_wconf 77' lang='grc' dir='ltr'>τιη⁹</span> <span class='ocrx_word' id='word_1_733' title='bbox 1699 5627 1868 5694; x_wconf 80' lang='grc' dir='ltr'>ἁγίων</span> <span class='ocrx_word' id='word_1_734' title='bbox 1905 5628 2014 5678; x_wconf 72' lang='lat' dir='ltr'><strong>lla.-</strong></span> 
     </span>
    </p>
   </div>
   <div class='ocr_carea' id='block_1_110' title="bbox 429 5714 2016 5794">
    <p class='ocr_par' dir='ltr' id='par_1_110' title="bbox 429 5714 2016 5794">
     <span class='ocr_line' id='line_1_110' title="bbox 429 5714 2016 5794; baseline -0.004 -19"><span class='ocrx_word' id='word_1_735' title='bbox 429 5730 611 5794; x_wconf 78' lang='grc' dir='ltr'>τέρων</span> <span class='ocrx_word' id='word_1_736' title='bbox 664 5723 940 5791; x_wconf 81' lang='grc' dir='ltr'>εὑρόντες,</span> <span class='ocrx_word' id='word_1_737' title='bbox 972 5720 1274 5783; x_wconf 50' lang='lat' dir='ltr'><strong>summa;</strong></span> <span class='ocrx_word' id='word_1_738' title='bbox 1312 5724 1367 5772; x_wconf 83' lang='grc' dir='ltr'><strong>ἐν</strong></span> <span class='ocrx_word' id='word_1_739' title='bbox 1401 5714 1442 5787; x_wconf 79' lang='grc' dir='ltr'>ᾧ</span> <span class='ocrx_word' id='word_1_740' title='bbox 1479 5718 1866 5788; x_wconf 79' lang='grc' dir='ltr'>βαπτισθέντες</span> <span class='ocrx_word' id='word_1_741' title='bbox 1893 5721 2016 5768; x_wconf 73' lang='grc' dir='ltr'>ἐτει-</span> 
     </span>
    </p>
   </div>
   <div class='ocr_carea' id='block_1_111' title="bbox 2667 4916 3076 4974">
    <p class='ocr_par' dir='ltr' id='par_1_111' title="bbox 2667 4916 3076 4974">
     <span class='ocr_line' id='line_1_111' title="bbox 2667 4916 3076 4974; baseline -0.005 -1"><span class='ocrx_word' id='word_1_742' title='bbox 2667 4917 2894 4974; x_wconf 85' lang='lat' dir='ltr'><strong>CAPUT</strong></span> <span class='ocrx_word' id='word_1_743' title='bbox 2936 4916 3076 4972; x_wconf 76' lang='lat' dir='ltr'><strong>XIV.</strong></span> 
     </span>
    </p>
   </div>
   <div class='ocr_carea' id='block_1_112' title="bbox 2116 5009 3690 5080">
    <p class='ocr_par' dir='ltr' id='par_1_112' title="bbox 2116 5009 3690 5080">
     <span class='ocr_line' id='line_1_112' title="bbox 2116 5009 3690 5080; baseline -0.003 -16"><span class='ocrx_word' id='word_1_744' title='bbox 2116 5009 2357 5080; x_wconf 75' lang='lat' dir='ltr'><strong>Epistula</strong></span> <span class='ocrx_word' id='word_1_745' title='bbox 2389 5011 2533 5064; x_wconf 80' lang='lat' dir='ltr'><strong>Petri</strong></span> <span class='ocrx_word' id='word_1_746' title='bbox 2567 5010 2920 5064; x_wconf 80' lang='lat' dir='ltr'><strong>Alexandrini</strong></span> <span class='ocrx_word' id='word_1_747' title='bbox 2965 5009 3043 5080; x_wconf 10' lang='lat' dir='ltr'><strong>adi</strong></span> <span class='ocrx_word' id='word_1_748' title='bbox 3083 5010 3338 5061; x_wconf 78' lang='lat' dir='ltr'><strong>Acacium</strong></span> <span class='ocrx_word' id='word_1_749' title='bbox 3375 5009 3560 5073; x_wconf 74' lang='lat' dir='ltr'><strong>missa,</strong></span> <span class='ocrx_word' id='word_1_750' title='bbox 3593 5009 3690 5062; x_wconf 81' lang='lat' dir='ltr'><strong>iut-</strong></span> 
     </span>
    </p>
   </div>
   <div class='ocr_carea' id='block_1_113' title="bbox 2520 5079 3285 5151">
    <p class='ocr_par' dir='ltr' id='par_1_113' title="bbox 2520 5079 3285 5151">
     <span class='ocr_line' id='line_1_113' title="bbox 2520 5079 3285 5151; baseline -0.003 -18"><span class='ocrx_word' id='word_1_751' title='bbox 2520 5083 2757 5151; x_wconf 74' lang='lat' dir='ltr'><strong>perautis</strong></span> <span class='ocrx_word' id='word_1_752' title='bbox 2791 5080 2934 5132; x_wconf 75' lang='lat' dir='ltr'><strong>urbis</strong></span> <span class='ocrx_word' id='word_1_753' title='bbox 2963 5079 3285 5148; x_wconf 77' lang='lat' dir='ltr'><strong>episcOpum.</strong></span> 
     </span>
    </p>
   </div>
   <div class='ocr_carea' id='block_1_114' title="bbox 2195 5261 3692 5317">
    <p class='ocr_par' dir='ltr' id='par_1_114' title="bbox 2195 5261 3692 5317">
     <span class='ocr_line' id='line_1_114' title="bbox 2195 5261 3692 5317; baseline 0 -3"><span class='ocrx_word' id='word_1_754' title='bbox 2195 5280 2216 5314; x_wconf 83' lang='grc' dir='ltr'><strong>ι</strong></span> <span class='ocrx_word' id='word_1_755' title='bbox 2249 5261 2570 5317; x_wconf 87' lang='lat' dir='ltr'><strong>Altissimus</strong></span> <span class='ocrx_word' id='word_1_756' title='bbox 2594 5263 2740 5316; x_wconf 89' lang='lat' dir='ltr'><strong>Deus</strong></span> <span class='ocrx_word' id='word_1_757' title='bbox 2781 5261 3230 5316; x_wconf 82' lang='lat' dir='ltr'><strong>remunerabitur</strong></span> <span class='ocrx_word' id='word_1_758' title='bbox 3275 5261 3552 5316; x_wconf 86' lang='lat' dir='ltr'><strong>sanctitati</strong></span> <span class='ocrx_word' id='word_1_759' title='bbox 3587 5271 3692 5315; x_wconf 63' lang='lat' dir='ltr'><strong>tua:</strong></span> 
     </span>
    </p>
   </div>
   <div class='ocr_carea' id='block_1_115' title="bbox 2119 5355 3692 5423">
    <p class='ocr_par' dir='ltr' id='par_1_115' title="bbox 2119 5355 3692 5423">
     <span class='ocr_line' id='line_1_115' title="bbox 2119 5355 3692 5423; baseline -0.003 -14"><span class='ocrx_word' id='word_1_760' title='bbox 2119 5355 2339 5409; x_wconf 86' lang='lat' dir='ltr'><strong>labores</strong></span> <span class='ocrx_word' id='word_1_761' title='bbox 2380 5364 2441 5409; x_wconf 87' lang='lat' dir='ltr'><strong>et</strong></span> <span class='ocrx_word' id='word_1_762' title='bbox 2491 5355 2726 5409; x_wconf 90' lang='lat' dir='ltr'><strong>sudores</strong></span> <span class='ocrx_word' id='word_1_763' title='bbox 2758 5364 2960 5416; x_wconf 82' lang='lat' dir='ltr'><strong>tantos,</strong></span> <span class='ocrx_word' id='word_1_764' title='bbox 2989 5370 3127 5423; x_wconf 92' lang='lat' dir='ltr'><strong>quos</strong></span> <span class='ocrx_word' id='word_1_765' title='bbox 3163 5363 3241 5408; x_wconf 92' lang='lat' dir='ltr'><strong>tot</strong></span> <span class='ocrx_word' id='word_1_766' title='bbox 3266 5368 3536 5408; x_wconf 88' lang='lat' dir='ltr'><strong>annorum</strong></span> <span class='ocrx_word' id='word_1_767' title='bbox 3568 5368 3692 5404; x_wconf 72' lang='lat' dir='ltr'><strong>cur-</strong></span> 
     </span>
    </p>
   </div>
   <div class='ocr_carea' id='block_1_116' title="bbox 2108 5445 3690 5514">
    <p class='ocr_par' dir='ltr' id='par_1_116' title="bbox 2108 5445 3690 5514">
     <span class='ocr_line' id='line_1_116' title="bbox 2108 5445 3690 5514; baseline -0.003 -14"><span class='ocrx_word' id='word_1_768' title='bbox 2108 5445 2322 5509; x_wconf 82' lang='lat' dir='ltr'><strong>t&#39;iculis,</strong></span> <span class='ocrx_word' id='word_1_769' title='bbox 2364 5445 2489 5499; x_wconf 82' lang='lat' dir='ltr'><strong>ﬁdei</strong></span> <span class='ocrx_word' id='word_1_770' title='bbox 2525 5456 2840 5500; x_wconf 91' lang='lat' dir='ltr'><strong>sanctorum</strong></span> <span class='ocrx_word' id='word_1_771' title='bbox 2895 5446 3116 5500; x_wconf 83' lang='lat' dir='ltr'><strong>Patrum</strong></span> <span class='ocrx_word' id='word_1_772' title='bbox 3163 5445 3508 5514; x_wconf 75' lang='lat' dir='ltr'><strong>professione</strong></span> <span class='ocrx_word' id='word_1_773' title='bbox 3563 5458 3690 5496; x_wconf 81' lang='lat' dir='ltr'><strong>con-</strong></span> 
     </span>
    </p>
   </div>
   <div class='ocr_carea' id='block_1_117' title="bbox 2113 5536 3692 5606">
    <p class='ocr_par' dir='ltr' id='par_1_117' title="bbox 2113 5536 3692 5606">
     <span class='ocr_line' id='line_1_117' title="bbox 2113 5536 3692 5606; baseline -0.003 -15"><span class='ocrx_word' id='word_1_774' title='bbox 2113 5537 2384 5592; x_wconf 83' lang='lat' dir='ltr'><strong>servanda</strong></span> <span class='ocrx_word' id='word_1_775' title='bbox 2440 5537 2660 5590; x_wconf 89' lang='lat' dir='ltr'><strong>subiisti</strong></span> <span class='ocrx_word' id='word_1_776' title='bbox 2696 5555 2708 5591; x_wconf 92' lang='lat'><strong>:</strong></span> <span class='ocrx_word' id='word_1_777' title='bbox 2751 5553 2915 5606; x_wconf 89' lang='lat' dir='ltr'><strong>quam</strong></span> <span class='ocrx_word' id='word_1_778' title='bbox 2961 5551 3093 5592; x_wconf 86' lang='lat' dir='ltr'><strong>sane</strong></span> <span class='ocrx_word' id='word_1_779' title='bbox 3128 5537 3347 5590; x_wconf 87' lang='lat' dir='ltr'><strong>assidue</strong></span> <span class='ocrx_word' id='word_1_780' title='bbox 3388 5536 3692 5603; x_wconf 68' lang='lat' dir='ltr'><strong>praedicans</strong></span> 
     </span>
    </p>
   </div>
   <div class='ocr_carea' id='block_1_118' title="bbox 2118 5625 3690 5696">
    <p class='ocr_par' dir='ltr' id='par_1_118' title="bbox 2118 5625 3690 5696">
     <span class='ocr_line' id='line_1_118' title="bbox 2118 5625 3690 5696; baseline -0.006 -15"><span class='ocrx_word' id='word_1_781' title='bbox 2118 5625 2482 5681; x_wconf 75' lang='lat' dir='ltr'><strong>conﬁrmasti.</strong></span> <span class='ocrx_word' id='word_1_782' title='bbox 2513 5625 2572 5678; x_wconf 90' lang='lat' dir='ltr'><strong>In</strong></span> <span class='ocrx_word' id='word_1_783' title='bbox 2628 5641 2691 5679; x_wconf 89' lang='lat' dir='ltr'><strong>ea</strong></span> <span class='ocrx_word' id='word_1_784' title='bbox 2737 5626 3045 5696; x_wconf 79' lang='lat' dir='ltr'><strong>symbolum</strong></span> <span class='ocrx_word' id='word_1_785' title='bbox 3100 5640 3322 5694; x_wconf 91' lang='lat' dir='ltr'><strong>quoque</strong></span> <span class='ocrx_word' id='word_1_786' title='bbox 3372 5632 3690 5676; x_wconf 81' lang='lat' dir='ltr'><strong>sanctorum</strong></span> 
     </span>
    </p>
   </div>
   <div class='ocr_carea' id='block_1_119' title="bbox 2126 5713 3692 5776">
    <p class='ocr_par' dir='ltr' id='par_1_119' title="bbox 2126 5713 3692 5776">
     <span class='ocr_line' id='line_1_119' title="bbox 2126 5713 3692 5776; baseline -0.004 -7"><span class='ocrx_word' id='word_1_787' title='bbox 2126 5727 2510 5770; x_wconf 85' lang='lat' dir='ltr'><strong>trecentorum</strong></span> <span class='ocrx_word' id='word_1_788' title='bbox 2548 5716 2737 5772; x_wconf 85' lang='lat' dir='ltr'><strong>decem</strong></span> <span class='ocrx_word' id='word_1_789' title='bbox 2769 5726 2824 5771; x_wconf 91' lang='lat' dir='ltr'><strong>et</strong></span> <span class='ocrx_word' id='word_1_790' title='bbox 2859 5727 2984 5772; x_wconf 88' lang='lat' dir='ltr'><strong>octo</strong></span> <span class='ocrx_word' id='word_1_791' title='bbox 3021 5717 3243 5772; x_wconf 87' lang='lat' dir='ltr'><strong>Patrum</strong></span> <span class='ocrx_word' id='word_1_792' title='bbox 3279 5722 3424 5768; x_wconf 87' lang='lat' dir='ltr'><strong>recte</strong></span> <span class='ocrx_word' id='word_1_793' title='bbox 3456 5713 3692 5776; x_wconf 76' lang='lat' dir='ltr'><strong>positum</strong></span> 
     </span>
    </p>
   </div>
  </div>
