4070 6204
340 279 440 344 H3
1524 271 1945 333 NICEPIIORI
1983 272 2328 333 CALLISTI
3477 272 3574 336 144

335 392 648 464 reperimus
674 409 688 446 :
722 388 778 444 in
815 389 973 459 cujus
998 379 1214 443 scilicet
1241 384 1582 457 professione
1612 384 1895 452 baptizati,
1931 406 1942 440 Α

1964 420 1971 444 ,
2006 384 2313 452 στεύσαμεν
2346 382 2442 437 καὶ
2475 383 2825 452 πιστεύομεν.
2869 383 3047 454 Ὅπερ
3093 383 3187 436 καὶ
3235 383 3571 439 ἐϐεϐαίωσαν

332 496 390 542 et
416 495 576 540 antea
607 482 964 542 credidimus,
996 488 1051 534 et
1077 493 1224 532 nunc
1253 491 1476 548 quoque
1511 477 1559 530 ei
1599 475 1895 530 credimus.

2003 477 2054 527 oi
2081 473 2428 536 συνελθόντες
2469 474 2525 526 ἐν
2559 473 3123 526 Κωνσταντινουπόλει
3156 472 3302 541 ἅγιοι
3333 475 3571 543 Πατέρες

333 579 389 632 ld
422 577 566 647 quod
613 574 778 628 etiam
817 571 1251 640 comprobarunt
1294 577 1515 623 centum
1543 576 1599 621 et
1624 568 1899 636 quinqua-

2008 566 2103 637 ρν’.
2134 566 2602 628 ’Λκαταπαύστως
2626 566 2806 618 τοίνυν
2859 567 3067 628 πάντας
3094 565 3326 634 ὁδηγῶν,
3355 567 3572 634 ἦνωσας

332 669 482 736 ginta
514 663 688 718 sancti
719 663 930 724 Patres,
961 661 1052 728 qui
1069 657 1557 726 Constantinopoli
1587 656 1899 726 congregati

2004 660 2104 728 τὴν
2132 659 2295 724 ἁγίαν
2321 657 2413 711 τοῦ
2451 657 2588 710 Θεοῦ
2633 657 2984 729 Ἐκκλησίαν,
3033 658 3228 720 πείσας
3281 659 3429 726 ἡμᾶς
3484 659 3572 712 διὰ

335 761 511 813 fuere.
543 757 732 824 Itaque
785 769 909 808 cum
959 753 1181 809 assidue
1232 751 1493 807 omnibus
1524 751 1577 804 in
1615 760 1764 804 recta
1813 749 1902 802 via

2008 749 2282 820 μεγίστων
2311 749 2748 818 ὑποδειγμάτων,
2781 748 2857 810 ὡς
2887 749 3040 802 οὐδέν
3071 750 3186 802 ἐστι
3220 751 3372 819 παρὰ
3400 751 3569 803 ταῦτα

337 864 567 920 praeeas.
609 863 708 916 per
765 845 1035 900 unionem
1098 853 1342 899 sanctam
1405 843 1501 897 Dei
1565 838 1900 910 coniunxisti

2005 843 2395 911 πεπραγμένον
2426 843 2482 893 ὲν
2507 843 2570 911 τῇ
2619 841 2897 912 ἁγιωτάτῃ
2935 841 3030 894 καὶ
3057 841 3411 910 οἰκουμενικῇ
3447 859 3573 894 συνο

334 940 657 1003 Εροιοείίιῐη,
698 947 753 992 et
806 938 966 992 nobis
1008 937 1338 992 certissimis
1391 933 1730 1005 argumentis
1779 947 1902 1002 per-

2002 932 2105 998 όδῳ
2155 933 2220 1002 τῇ
2272 933 2328 984 ὲν
2381 931 2677 1000 Χαλκηδόνι
2743 930 3031 1001 γενομένῃ,
3084 930 3450 1005 συμφωνούσῃ
3485 934 3577 984 καὶ

333 1031 578 1094 suasisti,
635 1028 772 1082 nihil
805 1043 926 1082 esse
959 1036 1149 1081 contra
1199 1027 1317 1081 haec
1347 1035 1528 1080 actum
1577 1023 1630 1078 in
1672 1021 1904 1078 sanctis-

2007 1001 2300 1094 βεϐαιούσῃ
2337 1024 2404 1076 τὰ
2435 1027 2543 1084 τοῖς
2578 1025 2635 1076 ὲν
2690 1023 2898 1092 Νικαίᾳ⁴
2930 1024 3104 1090 ἁγίοις
3135 1001 3433 1092 Πατρτῖσιν.
3465 1023 3574 1074 Οὑ-

339 1122 478 1174 sima
544 1118 841 1173 universali
906 1117 1117 1188 synodo
1175 1116 1523 1172 Chalcedone
1583 1114 1898 1180 celebrata;

2004 1116 2094 1168 δὲν
2130 1115 2238 1184 γὰρ
2273 1115 2526 1183 εὑρόντες
2575 1114 2783 1177 καινὸν,
2827 1114 3126 1168 αὐτοτελῶς
3158 1117 3574 1184 συνεστήσαμεν

340 1209 539 1278 quippe
566 1223 690 1277 qua:
721 1222 844 1262 cum
874 1206 1080 1260 sanctis
1117 1205 1355 1260 Nicmnis
1387 1203 1642 1258 Patribus
1673 1217 1903 1258 concor-

2005 1211 2100 1261 κα¹ι
2128 1207 2598 1276 πεπιστεύκαμεν.
2627 1206 3051 1274 Μεμαθήκαμεν
3077 1205 3152 1267 δὲ,
3181 1205 3253 1269 ὥς
3284 1223 3428 1268 τινες
3477 1223 3573 1276 μο-

280 1306 285 1311 ’
336 1301 455 1365 det,
505 1314 810 1368 eorumque
863 1298 1147 1352 decretum
1197 1295 1508 1351 conﬁrmet.
1557 1295 1625 1349 Et
1673 1309 1795 1348 cum
1845 1292 1887 1346 ir

2006 1301 2277 1366 νάςοντες,
2308 1300 2625 1370 φθονοῦντες
2669 1303 2737 1370 τῇ
2788 1298 2946 1370 ἡμῶν
2979 1298 3322 1366 ἀδελφότητι,
3359 1300 3438 1361 εἰς
3471 1299 3573 1355 τὰς

336 1393 477 1447 actis
524 1389 1074 1447 Chalcedonensibus
1116 1389 1243 1442 novi
1293 1388 1431 1442 nihil
1483 1386 1901 1455 reperissemus,

2007 1392 2162 1462 ὑμῶν
2195 1393 2350 1454 ὁσίας
2385 1390 2555 1452 ἀκοὰς
2607 1392 2936 1460 εἰσήνεγκαν
2967 1389 3239 1460 λοιδορίας
3273 1390 3445 1452 τινάς,
3473 1391 3572 1441 οὐκ

336 1491 536 1552 sponte
567 1490 751 1535 nostra
792 1480 901 1534 illis
927 1479 1266 1534 assensimus
1304 1486 1360 1533 et
1391 1478 1749 1534 credidimus.
1789 1478 1905 1534 Ca:-

2006 1482 2247 1552 εὒχερῶς
2282 1482 2628 1551 μεταγούσας
2658 1482 2736 1544 εἰς
2772 1481 2952 1550 λύπην
2982 1480 3080 1550 τὴν
3109 1479 3262 1550 ὑμῶν
3293 1480 3569 1549 ὁσιότητα.

339 1583 518 1628 terum
567 1573 836 1626 certiores
867 1571 993 1625 lacti
1029 1586 1244 1635 sumus,
1277 1571 1575 1625 monachos
1613 1571 1902 1640 quosdam,

2006 1575 2117 1626 Καὶ
2147 1573 2335 1642 πρῶτα
2369 1573 2491 1644 μὲν,
2519 1573 2593 1636 ὡς
2635 1573 2703 1625 τὰ
2731 1571 2961 1642 λείψανα
2999 1571 3096 1624 τοῦ
3126 1573 3186 1624 ὲν
3216 1570 3387 1638 ἁγίοις
3412 1572 3573 1640 ἡμῶν

337 1665 431 1732 qui
461 1663 836 1733 coniunctioni
869 1671 1071 1715 nostra:
1103 1661 1360 1715 fraterna:
1405 1661 1674 1733 invident,
1704 1659 1772 1715 de
1821 1659 1906 1714 in?
1938 1728 1944 1733 Α

1970 1731 1972 1733 ρ
2009 1661 2220 1730 Ila:ch
2251 1661 2342 1714 τοῦ
2375 1661 2642 1730 μακαρίου
2687 1659 3115 1730 άρχιεπισκόπου
3143 1659 3408 1727 Τιμοθέου
3447 1677 3577 1730 μετ-

334 1754 500 1823 juriis
533 1752 966 1820 criminibusque
1003 1750 1330 1819 quibusdam
1376 1751 1443 1804 ad
1493 1731 1590 1803 vos
1626 1751 1904 1815 retulisse,
1937 1729 1941 1778 Ε

1967 1726 2320 1821 ιἠνέγκαμεν
2371 1726 2450 1814 εἰς
2485 1726 2676 1821 ἕτερον
2727 1726 2929 1806 τόπον*
2979 1752 3116 1819 δπερ
3173 1726 3405 1821 πρᾶγμα
3448 1726 3574 1804 οὔτε

339 1847 541 1915 quibus
575 1853 754 1897 tamen
789 1843 868 1896 illi
913 1858 1023 1896 non
1077 1843 1238 1896 facile
1283 1843 1634 1897 sanctitatem
1665 1851 1902 1897 vestram

2007 1844 2127 1915 Θεῷ
2159 1844 2279 1898 οὕτε
2312 1845 2500 1916 νόμοις
2532 1846 2744 1916 πρέπον
2776 1845 2893 1898 ἐστί
2916 1861 2931 1876 ·
2967 1845 3064 1898 καὶ
3097 1846 3189 1898 ἐπὶ
3237 1845 3447 1906 τούτοις
3495 1847 3574 1905 είς

340 1948 689 2003 permovere.
749 1931 1016 1998 Primum,
1063 1931 1210 2000 quod
1254 1931 1515 2001 reliquias
1549 1933 1668 2002 ejus
1717 1932 1811 2001 qui
1848 1933 1903 1986 in

2005 1939 2190 2008 ἕτερον
2224 1940 2605 2009 μετεπήδησαν
2631 1938 2932 1991 ἀσύστατον
2955 1937 3048 1991 καὶ
3074 1937 3340 2008 προτέρου
3370 1938 3569 2005 χεῖρον.

341 2026 548 2081 sanctis
578 2036 662 2079 est
694 2024 872 2079 Patris
900 2026 1079 2078 nostri
1114 2024 1261 2079 beati
1289 2025 1693 2095 archiepiscOpi
1719 2026 1905 2079 Timo-

2009 2027 2132 2090 Πῶς
2162 2027 2270 2094 γὰρ
2302 2026 2723 2095 ἀναθεματίζειν
2758 2027 2976 2096 εἴχομεν
3031 2027 3130 2096 τὴν
3181 2028 3238 2080 ὲν
3269 2025 3571 2094 Χαλκηδόνι

341 2119 454 2172 thei
489 2120 541 2172 in
575 2120 758 2173 locum
797 2118 965 2171 alium
1003 2117 1491 2172 transtulerimus:
1525 2117 1672 2186 quod
1699 2116 1901 2170 factum

2004 2119 2166 2186 ἁγίαν
2195 2117 2432 2184 σύνοδον,
2536 2118 2927 2180 πιστεύσαντες
2967 2108 3423 2188 ἐϐεϐαιώσαμενξ
3462 2120 3575 2172 Ούιι

338 2226 521 2281 neque
553 2211 668 2265 Deo
716 2212 916 2280 placet,
959 2225 1140 2279 neque
1178 2209 1393 2278 legibus
1422 2208 1701 2263 convenit.
1739 2208 1905 2278 6'79

2004 2211 2253 2277 ἀγνοεῖτε
2301 2209 2378 2273 δὲ,
2408 2209 2528 2262 οὐδὲ
2562 2209 2754 2278 λέληθε
2783 2209 2884 2280 τὴν
2934 2211 3092 2278 ὑμῶν
3147 2210 3426 2278 θεοφιλίαν
3459 2211 3567 2263 τῶν

341 2305 571 2366 Deinde,
621 2303 689 2356 ad
737 2303 948 2358 crimen
985 2301 1135 2356 aliud
1179 2301 1338 2370 quod,
1379 2316 1487 2356 non
1541 2289 1812 2365 consistit,
1847 2309 1904 2356 et

2006 2297 2136 2364 παρ’
2173 2297 2308 2366 ἡμῖν
2357 2297 2503 2350 λαῶν
2551 2300 2579 2350 ὁ
2631 2297 2794 2366 ζῆλος
2848 2298 2942 2350 καὶ
2972 2300 3005 2368 ἡ
3058 2293 3311 2367 ὲλὰφρία,
3339 2299 3573 2352 καὶτῶν

340 2395 520 2464 priore
552 2393 648 2446 illo
674 2393 924 2447 deterius
948 2400 1050 2452 est,
1083 2406 1410 2460 pervenere.
1437 2390 1721 2456 Quomodo
1745 2405 1903 2444 nam-

2005 2389 2350 2458 νεωτερίζειν
2408 2383 2704 2442 ἐθελόντων
2757 2388 3133 2459 μοναξόντων·
3172 2391 3372 2452 οἵτινες
3417 2392 3575 2460 μελε·

287 2505 292 2512 ·
338 2500 448 2554 que
504 2485 797 2537 anathema
837 2482 1068 2551 jaculari
1108 2483 1161 2536 in
1197 2491 1444 2536 sanctam
1483 2480 1894 2537 Chalcedonen-

2005 2481 2274 2549 τήσαντες
2323 2479 2436 2549 ἅμα
2491 2478 2632 2533 τιδιν
2684 2480 3034 2544 ὲθελοκὰκοις
3083 2483 3180 2553 τῆς
3236 2483 3571 2555 Ἐκκλησίας

338 2592 456 2650 εειη
496 2574 767 2645 synodum
799 2574 1101 2644 potuimus,
1136 2573 1224 2626 cui
1260 2571 1624 2637 credidimus,
1653 2582 1710 2628 et
1737 2562 1900 2641 quam

2005 2572 2407 2642 ἁποσκιρτῆσαι
2446 2571 2571 2634 τοὺς
2600 2571 2765 2634 λαοὺς
2795 2573 3052 2643 ἀποσπᾷν
3078 2572 3451 2643 ἐπιχειροῦσιο
3479 2578 3573 2626 καὶ

336 2667 820 2722 conﬁrmavimus?
843 2665 961 2720 Non
998 2665 1130 2719 latet
1158 2674 1338 2719 autem
1366 2666 1623 2734 pietatem
1659 2675 1902 2720 vestram

2003 2661 2091 2714 διὰ
2124 2661 2230 2713 τῶν
2262 2660 2542 2730 ὑμετέρων
2592 2659 2768 2730 εὐχῶν
2824 2661 3181 2731 ἐσκεψάμεθα
3215 2661 3373 2730 λόγον
3413 2662 3572 2732 θερα-

339 2759 526 2828 pnpnli
579 2758 752 2811 nostri
800 2757 986 2812 fervor
1032 2768 1089 2813 et
1134 2756 1350 2822 levitas,
1397 2763 1455 2811 et
1499 2757 1900 2812 monachorum

2006 2753 2162 2815 πείας
2196 2752 2475 2822 ἐχόμενον,
2511 2752 2677 2822 μηδὲν
2709 2751 3016 2822 βλάπτοντα
3041 2752 3140 2824 τὴν
3170 2753 3332 2820 ἁγίαν
3356 2753 3572 2807 σύνηδον

337 2853 506 2906 etiam
560 2851 626 2904 ad
671 2865 841 2904 novas
871 2865 961 2903 res
995 2848 1363 2918 spectantium
1399 2856 1622 2905 motus:
1653 2851 1746 2917 qui
1777 2865 1902 2904 cum

2004 2846 2105 2914 τὴν
2139 2846 2196 2896 ὲν
2231 2843 2534 2912 Χαλκηδόνι
2557 2859 2574 2875 ο
2619 2844 2824 2907 εἰδότες
2852 2843 3007 2897 οὐδὲν
3039 2845 3224 2897 καινὸν
3253 2846 3396 2914 ἔχειν
3433 2848 3569 2916 αὐτῇ

343 2945 397 2997 in
435 2944 618 2997 animo
651 2943 910 3003 habeant,
937 2957 1061 2995 cum
1091 2941 1422 3010 quibusdam
1453 2941 1699 2994 consulta
1733 2942 1900 2995 animi

2006 2937 2397 3007 πεπραγμένον
2427 2936 2520 2988 καὶ
2557 2935 2694 3003 πρὸς
2747 2935 3121 3005 πεισμοσύνην
3154 2936 3262 2989 τῶν
3295 2940 3571 3005 ἀκεραίων

340 3035 709 3090 destinatione
759 3033 1028 3102 improbis
1065 3034 1135 3087 ab
1175 3033 1420 3088 Ecclesia
1457 3032 1695 3095 resilire,
1731 3049 1947 3104 μονα-ι

1966 3050 1975 3103 ι
2009 3031 2104 3085 καὶ
2133 3028 2429 3096 ἀπολογίαν
2460 3029 2584 3089 τοὺς
2635 3027 3085 3091 ὲπισυνελθόντας
3120 3031 3276 3098 ἡμῖν,
3303 3031 3459 3083 τοῦτο
3490 3032 3573 3083 λέ-

338 3129 451 3182 lum
484 3143 670 3182 secum
704 3125 941 3180 avellere
975 3137 1266 3179 conantur.
1304 3125 1476 3179 Porro
1506 3126 1703 3178 vestris
1733 3126 1901 3195 adjuti

2007 3138 2124 3190 γειν
2157 3121 2563 3190 πεποιήκαμεν.
2595 3121 2702 3171 Καὶ
2738 3118 2896 3171 τοῦτο
2932 3120 3030 3188 μὲν
3063 3120 3231 3178 πολὺς
3259 3121 3571 3189 γενόμενος,

341 3217 623 3287 precibus,
684 3230 744 3270 re
790 3213 1116 3275 deliberata,
1181 3214 1449 3267 rationem
1504 3229 1627 3283 qum
1693 3215 1901 3269 mederi

2006 3212 2214 3282 ταχέως
2246 3210 2497 3263 ἐκώλυσα
2524 3226 2540 3242 ο
2590 3210 2840 3280 γνωρίζω
2867 3211 2924 3262 δὲ
2972 3214 3036 3281 τῇ
3087 3212 3239 3281 ὑμῶν
3271 3215 3573 3287 ἁγιωσύνῃ,

339 3309 484 3363 malo
535 3307 844 3362 imminenti
883 3315 1091 3375 posset,
1143 3305 1476 3370 invenimus,
1527 3306 1665 3359 nihil
1703 3316 1904 3362 sancta:

2008 3305 2104 3356 καὶ
2137 3303 2302 3371 μέχρι
2331 3304 2423 3356 καὶ
2449 3301 2542 3354 νῦν
2571 3301 2629 3352 οὐ
2665 3301 2933 3354 παύονται
2971 3302 3023 3354 οἱ
3071 3302 3135 3355 τὰ
3185 3302 3402 3369 ζιζάνια
3427 3309 3575 3359 σπεί-

336 3398 778 3456 Chalcedone-nsi
827 3397 1060 3468 synodo,
1095 3398 1149 3451 in
1192 3412 1298 3466 qua
1348 3396 1486 3450 nihil
1530 3398 1657 3450 novi
1698 3399 1905 3452 scimus

2012 3409 2191 3459 ροντες
2224 3393 2310 3444 ἀεὶ
2349 3392 2692 3462 μονάζοντες.
2740 3389 2953 3461 ὄργανα
3009 3394 3221 3458 ἑαυτοῖς
3272 3397 3577 3464 ἐγκαταμε-

339 3508 464 3547 esse
492 3501 699 3556 actum,
727 3489 1108 3560 derogantcm,
1135 3498 1302 3558 atque
1333 3499 1392 3543 ut
1422 3489 1762 3558 simplicibus
1785 3505 1907 3559 per-

2009 3483 2200 3548 ξαντες
2232 3482 2392 3536 τινῶν
2423 3483 2766 3554 μοναστήριά
2812 3499 2943 3537 ποτε
2976 3486 3051 3555 μὴ
3080 3488 3438 3556 οἰκησάντωνἑ
3469 3493 3577 3545 Καὶ

340 3581 700 3635 suaderemus
757 3579 1076 3647 factumque
1135 3587 1384 3632 nostrum
1450 3577 1903 3642 defenderemus,

2009 3577 2392 3646 περιέρχονται
2448 3576 2643 3645 φήμας
2699 3576 3053 3646 θρυλλοῦντες
3108 3579 3398 3652 διαφόρους
3453 3582 3577 3636 καθ’

289 3736 291 3738 η
341 3673 666 3732 effecimus,
733 3679 794 3723 ttt
846 3668 916 3723 ab
980 3669 1048 3722 iis
1104 3668 1200 3738 qui
1256 3669 1548 3722 nobiscum
1600 3677 1896 3724 conventus

2009 3668 2191 3736 ἡμῶν,
2227 3669 2320 3718 καὶ
2369 3668 2512 3721 κατά
2551 3668 2646 3738 τῆς
2704 3669 3174 3739 ὲκκλησιαστικῆς
3203 3673 3295 3726 τοῦ
3340 3675 3576 3746 Χριστοῦ

342 3772 532 3828 agunt,
563 3761 665 3814 ista
698 3758 1042 3813 dicerentur.
1078 3757 1253 3826 Atque
1284 3758 1335 3810 in
1372 3773 1439 3811 eo
1472 3772 1596 3811 cum
1634 3755 1735 3810 toti
1761 3771 1909 3810 essc-

2009 3760 2254 3828 εἰρήνης,
2288 3759 2377 3811 καὶ
2425 3759 2595 3829 μηδὲν
2651 3761 2796 3830 ἡμᾶς
2830 3763 3247 3832 συγχωροῦντες
3277 3767 3576 3830 κανονικῶς

344 3867 500 3915 mus,
558 3865 685 3904 mox
746 3851 912 3902 etiam
965 3847 1368 3917 prohibuimus.
1423 3846 1730 3901 Certiorem
1777 3863 1908 3901 vero

2011 3851 2105 3902 καὶ
2135 3851 2450 3918 πρεπόντως
2490 3853 2556 3922 τῇ
2600 3853 2732 3921 ἁγίᾳ
2764 3854 2858 3907 τοῦ
2889 3856 3022 3908 Θεοῦ
3049 3858 3312 3929 καθολικῇ
3347 3860 3576 3930 Ἐκκλη-

343 3944 694 3998 sanctitatem
716 3949 955 3994 vestram
985 3938 1149 4002 facio,
1171 3953 1237 3991 ne
1264 3953 1410 3991 nunc
1440 3937 1663 4006 quidem
1693 3952 1908 3992 cessare

2013 3943 2103 4013 σία
2123 3945 2398 4010 πράττειν,
2420 3941 2934 4014 παρασκευάζοντες
2953 3949 3079 4012 τοὺς
3096 3951 3227 4020 παρ’
3247 3953 3378 4020 ἡμῖν
3395 3953 3554 4012 λαοὺς

347 4051 444 4089 eos
476 4032 566 4100 qui
610 4045 829 4100 semper
881 4027 1092 4082 zizania
1140 4028 1436 4090 seminant,
1469 4028 1812 4082 monachos:
1853 4037 1910 4082 ct

2015 4034 2216 4102 μᾶλλον
2265 4035 2473 4109 ἄρχειν,
2509 4037 2699 4105 ήμῶν,
2750 4039 2893 4108 ᾗπερ
2937 4040 3217 4094 πείθεσθαι
3274 4044 3439 4114 ἡμῖν’
3487 4047 3576 4098 καὶ

345 4138 609 4194 tanquam
644 4125 1013 4178 instrumenta
1053 4120 1156 4174 sibi
1190 4120 1466 4174 asciscere
1494 4120 1786 4188 quosdam,
1815 4121 1908 4188 qui

2014 4126 2225 4179 θέλουσι
2263 4131 2456 4190 ποιεῖν,
2487 4131 2586 4181 ὅσα
2620 4130 2695 4200 μὴ
2733 4131 2933 4198 πρέπει
2968 4132 3106 4201 Θεῷ.
3156 4134 3498 4205 Πιστεύομεν
3522 4139 3578 4192 δι

344 4216 680 4274 monasteria
722 4230 848 4269 non
895 4213 1167 4279 incolunt,
1221 4211 1314 4265 sed
1370 4211 1571 4280 passim
1621 4219 1906 4280 vagantes,

2011 4218 2085 4281 ὡς
2115 4221 2147 4290 ἠ
2180 4219 2336 4287 ὑμῶν
2369 4220 2642 4290 ἁγιωσύνῃ
2673 4221 2877 4286 διδάξει
2927 4225 3103 4278 πάντα
3157 4226 3247 4280 τὸν
3302 4229 3578 4285 Θειάτατον

348 4328 604 4368 minores
623 4312 808 4366 varios
837 4319 1026 4364 contra
1054 4325 1154 4364 nos
1183 4317 1236 4362 et
1253 4305 1682 4364 ecclesiasticam
1703 4305 1908 4361 Christi

2011 4310 2279 4380 δεσπότην
2317 4311 2414 4378 τῆς
2448 4311 2808 4382 οἰκουμένηςο
2839 4315 2932 4367 καὶ
2971 4320 3402 4386 παρασκευάσει,
3436 4321 3579 4377 ὥστε

347 4421 540 4474 pacem
590 4413 648 4460 et
678 4403 1132 4473 tranquillitatem
1169 4411 1435 4473 Spargont
1465 4419 1480 4456 :
1522 4416 1702 4470 neque
1733 4401 1911 4467 nobis,
1942 4409 1954 4468 1

1971 4413 1989 4467 )
2017 4402 2185 4454 τύπον
2215 4400 2398 4462 αὐτοῖς
2428 4401 2840 4472 παρασχεθῆναι
2883 4406 3033 4474 παρὰ
3062 4407 3163 4476 τῆς
3209 4410 3377 4464 αὑτοῦ
3407 4413 3578 4482 γαλη-

352 4513 449 4566 pro
476 4513 542 4550 eo
573 4505 736 4564 atque
773 4495 951 4557 decet,
1001 4497 1270 4549 canonice
1303 4493 1600 4563 quidquam
1632 4493 1685 4546 in
1717 4502 1905 4545 sancta

2011 4491 2253 4561 νότητος,
2281 4493 2348 4544 τὰ
2383 4492 2576 4545 δέοντα
2613 4495 2742 4564 περὶ
2790 4497 2888 4566 τῆς
2938 4498 3403 4576 ἐκκλησιαστικῆς
3429 4506 3577 4573 εἰρή-

349 4588 441 4640 Dei
475 4585 748 4640 catholica
785 4583 1025 4640 Ecclesia
1062 4586 1243 4640 facere
1277 4585 1627 4655 permittunt,
1663 4583 1910 4652 illudque

2012 4599 2107 4650 νης
2139 4586 2454 4652 πρεπούσης
2485 4584 2605 4654 Θεῴ
2627 4602 2686 4638 τε
2721 4587 2814 4640 καὶ
2847 4588 3084 4657 βασιλεῖ,
3114 4591 3256 4644 ὥστε
3289 4595 3496 4653 πάντας
3521 4599 3576 4648 ἐν

349 4678 546 4731 sedulo
581 4685 771 4746 agunt,
811 4685 870 4729 ut
909 4677 1072 4730 nobis
1111 4676 1346 4744 populus
1377 4675 1466 4729 hic
1509 4676 1694 4743 potius
1740 4675 1910 4743 impe-

2008 4673 2220 4736 τούτοις
2253 4677 2664 4740 κατευνάζειν.»
2695 4677 2856 4733 Ἀλλὰ
2896 4681 3122 4735 τοιαῦτα
3153 4683 3251 4751 μὲν
3272 4685 3300 4736 ό
3321 4686 3575 4756 κόθορνος

352 4780 458 4831 ret,
491 4784 652 4836 quain
686 4776 895 4835 pareat,
938 4776 995 4822 et
1025 4767 1208 4820 omnia
1258 4767 1582 4830 moliuntur,
1624 4781 1744 4834 quae
1799 4765 1910 4820 Deo

2013 4765 2218 4835 Πέτρος
2269 4766 2457 4829 δολίως
2505 4769 2748 4840 Ἄκακίῳ
2802 4773 3149 4843 ἐπέστελλεν,
3200 4777 3441 4849 ἁσταθὴς
3478 4779 3575 4850 τὴν

349 4860 572 4928 indigna
605 4867 766 4925 sunt,
799 4866 853 4913 et
886 4859 1145 4912 indecora
1177 4857 1364 4913 facere
1403 4857 1648 4911 student.
1681 4856 1756 4910 De
1786 4871 1912 4910 san-

1247 4873 1364 4913 cere
1403 4857 1648 4911 student.
1681 4856 1756 4910 De
1786 4871 1912 4910 san-
2012 4859 2238 4930 γνώμην
2267 4861 2342 4915 ὢν
2377 4863 2472 4914 καὶ
2500 4865 2854 4933 παλίμϐολος.

350 4957 536 5006 ctitate
570 4965 753 5006 autem
788 4961 970 5006 vestra
1005 4952 1164 5006 nobis
1195 4951 1614 5022 persuademus,
1642 4964 1772 5004 eam
1797 4949 1981 5004 on‘mia
2013 4953 2077 5004 ad
2107 4954 2535 5008 sacratissimum
2568 4957 2720 5012 orbis
2757 4969 3028 5014 terrarum
3064 4960 3344 5016 dominutn
3378 4963 3578 5018 relatu-

345 5061 484 5106 ram,
548 5053 974 5113 curaturamque
1026 5060 1170 5105 esse.
1244 5057 1300 5098 ut
1373 5043 1702 5098 constitutio
1748 5056 1778 5094 a
1859 5044 2156 5098 serenitate
2189 5046 2308 5114 ejus
2357 5047 2577 5113 edatur,
2631 5049 2687 5103 in
2729 5066 2839 5119 qua
2881 5053 2950 5107 de
3003 5054 3380 5109 ecclesiastica
3422 5071 3576 5124 pace,

344 5156 408 5192 ca
451 5151 571 5205 quae
603 5147 657 5189 et
689 5134 862 5188 Deum
932 5138 1112 5206 ipsum
1154 5148 1211 5191 et
1259 5137 1644 5206 imperatorem
1728 5132 1980 5201 deceant,
2020 5144 2078 5188 et
2142 5133 2194 5187 in
2255 5137 2458 5203 quibus
2515 5152 2709 5194 omnes
2764 5143 3159 5210 acquiescant,
3212 5146 3514 5214 praacipiat.
3553 5165 3574 5197 ι

343 5235 522 5298 Atque
581 5226 698 5283 haec
761 5228 1066 5284 cothurnus
1131 5229 1222 5284 ille
1293 5227 1525 5291 Petrus,
1594 5224 1762 5279 homo
1823 5221 2139 5278 inconstans
2223 5238 2283 5280 et
2336 5240 2618 5296 versutus,
2704 5232 3086 5290 fraudulenter
3173 5237 3241 5290 ad
3320 5238 3578 5292 Acacium

340 5318 586 5388 scripsit.
