4070 6204
394 301 499 363 155

1603 297 2029 358 ΝῙΕΕΡΗΟΒΙ
2069 298 2418 359 CALLISTI

3570 298 3670 364 1:35

389 430 533 468 rum.
566 421 788 482 propter
813 392 1318 468 Chalcedonensem
1356 411 1629 483 synodum
1661 427 1964 481 congrega-

2070 412 2250 464 ἕλκειν
2278 412 2364 465 διὰ
2400 412 2496 477 τὴν
2528 413 2584 464 ὲν
2620 411 2930 481 Χαλκηδόνι
2965 410 3215 473 σύνοδον,
3236 412 3432 482 φθάνει
3463 415 3670 483 Πέτρος

392 510 497 560 turi
534 515 739 564 essent.
799 504 991 558 l’etrus
1050 504 1393 559 Alexandria:
1439 519 1470 558 c
1531 504 1640 558 vita
1704 504 1968 565 excessit.

392 598 556 666 eique
580 596 935 661 Athanasius,
963 606 1329 666 cognomento
1352 595 1571 650 Celetes
1596 596 1713 650 sive
1738 595 1972 649 llernio—

394 701 508 748 sus,
546 686 598 738 in
624 685 927 755 episcopali
968 688 1170 741 throno
1201 688 1489 741 successit.
1519 686 1696 756 Atque
1750 690 1800 741 is
1843 701 1968 739 cum

396 780 565 834 multa
591 795 807 850 quoque
842 780 1213 849 experiretur,
1267 788 1325 833 ut
1355 778 1685 833 dissidentia
1725 777 1970 831 membra

393 872 778 941 conjungeret.
815 872 955 925 nihil
984 881 1169 926 tamen
1208 871 1342 942 egit.
1397 872 1455 924 lu
1491 871 1695 925 multas
1728 885 1969 942 namque

390 970 446 1014 et
476 964 658 1016 varias
696 962 986 1031 opiniones
1011 962 1400 1018 discesserant.
1430 961 1549 1016 Non
1597 962 1769 1014 multo
1832 976 1969 1015 vero

395 1064 517 1120 post
542 1063 599 1108 et
647 1055 845 1113 Petrus
910 1053 1231 1124 Cnapheus,
1288 1054 1597 1109 Antiochia:
1651 1052 1968 1118 defunctus,

391 1140 694 1200 Palladium
753 1161 1129 1201 successorem
1172 1146 1387 1200 habuit.
1436 1145 1608 1216 Cujus
1642 1147 1972 1216 suﬂragator

391 1236 557 1289 etiam
586 1236 1031 1291 fuitAnastasius
1063 1236 1315 1298 Dicorus,
1348 1237 1445 1307 qui
1510 1247 1635 1306 post
1689 1237 1968 1291 Zenonem

394 1323 704 1379 Romanum
769 1326 913 1380 male
967 1326 1383 1381 administravit
1426 1326 1745 1396 imperium.
1802 1328 1970 1381 Porro

393 1418 729 1473 Athanasius
751 1419 1037 1492 synodalia
1061 1420 1264 1489 scripta
1295 1419 1363 1472 ad
1398 1419 1698 1473 Palladium
1721 1423 1968 1484 mittens,

393 1511 584 1563 eadem
616 1519 671 1564 et
696 1510 813 1580 ipse
845 1527 968 1580 quae
992 1511 1217 1581 Moggus
1241 1512 1308 1566 de
1334 1510 1780 1566 Chalcedonensi
1803 1527 1970 1581 syno-

394 1603 465 1656 do
496 1605 705 1658 retulit.
747 1604 889 1658 Idem
922 1603 1051 1658 fecit
1081 1604 1322 1657 Joannes
1377 1618 1625 1672 quoque,
1685 1603 1803 1672 qui
1838 1611 1968 1672 post

394 1710 519 1748 rum
548 1695 931 1749 Alexandrinze
961 1694 1185 1764 prteluit
1216 1695 1493 1749 Ecclesiae.
1525 1694 1634 1748 Sed
1670 1705 1727 1749 et
1786 1695 1966 1749 Palla-

2076 501 2133 552 ὲν
2173 500 2557 572 Ἀλεξινδρείᾳ
2578 501 2653 580 ,τὸ
2684 501 2947 570 βιώσιμον
2987 502 3245 554 ἀπειπών
3286 519 3299 532 ⁸
3340 504 3437 556 καὶ
3492 505 3670 557 διάδο-

2075 610 2167 662 χος
2192 595 2384 663 ἐκείνῳ
2420 594 2512 647 τοῦ
2541 595 2732 661 θρόνου
2762 593 3092 646 καθίσταται
3138 594 3458 658 Ἀθανάσιος
3497 599 3525 648 6
3548 598 3670 649 ἐπί-

2073 684 2207 753 κλην
2234 686 2507 755 Κηλήτης.
2542 685 2749 754 Πολλὴν
2807 684 2851 736 δ’
2901 680 3057 747 οὗτος
3099 688 3298 754 πεῖραν
3350 688 3667 755 εἰσαγαγὼν

2073 773 2211 826 ὥστε
2245 776 2313 826 τὰ
2355 774 2622 827 διεστῶτα
2655 775 2794 843 μέλη
2839 777 3194 841 συναγαγεῖν,
3237 776 3393 828 οὐδὲν
3430 776 3623 847 ἠνυσεν
3647 794 3662 809 ·

2073 867 2155 928 εἰς
2188 866 2386 928 πολλὰς
2418 868 2527 936 γάρ
2556 869 2648 918 καὶ
2682 866 2976 935 διαφόρους
3041 866 3429 936 ἀπεκρίθησαν
3488 868 3665 931 δόξας.

2073 958 2186 1010 Οὐκ
2216 960 2297 1017 είς
2352 961 2569 1027 μακρὰν
2591 958 2646 1009 δὲ
2693 957 2786 1009 καὶ
2832 957 3088 1026 Πέτροςὸ
3135 959 3390 1026 Κναφεὺς
3438 960 3544 1013 ἀνὰ
3569 961 3666 1029 τὴν

2085 1050 2365 1118 Ἀντιόχου
2403 1049 2543 1102 τέλει
2600 1050 2697 1102 τοῦ
2759 1048 2876 1119 βίου
2944 1050 3317 1121 χρησάμενος,
3369 1052 3665 1105 Παλλάδιον

2073 1140 2198 1210 ἔσχε
2230 1141 2469 1211 διάδοχον
2491 1155 2504 1169 ·
2538 1134 2583 1210 ᾧ
2620 1141 2911 1212 σύμψηφος
2966 1142 3215 1209 ἐγεγόνει
3251 1151 3345 1194 και
3374 1144 3401 1195 6
3436 1144 3665 1212 Δίκορος

2085 1233 2460 1296 ’Λναστάσιος,
2495 1234 2523 1284 6
2553 1233 2738 1294 κακῶς
2767 1234 2908 1298 μετὰ
2962 1233 3191 1302 Ζήνωνα
3235 1233 3332 1303 τὴν
3371 1232 3664 1300 Ῥωμαίων

2073 1325 2473 1392 ἡγεμονεύσας.
2505 1323 2766 1377 Συνοδικά
2791 1323 2848 1375 δὲ
2891 1325 3129 1392 πέμπων
3179 1326 3272 1377 καὶ
3341 1324 3661 1387 Ἀθανάσιος

2074 1416 2212 1483 πρὸς
2249 1416 2573 1485 Παλλάδιον,
2634 1417 2703 1469 τὰ
2755 1416 3117 1487 παραπλήσια
3147 1417 3225 1488 τῷ
3290 1419 3515 1487 Μογγῴ,
3566 1420 3661 1470 καὶ

2071 1505 2227 1571 οὗτος
2259 1510 2385 1576 περὶ
2412 1508 2511 1574 τῆς
2538 1511 2594 1561 ἐν
2631 1509 2938 1577 Χαλκηδόνι
2984 1509 3207 1561 συνόδου
3258 1510 3487 1579 ἠγόρευε
3516 1526 3532 1541 σ
3588 1508 3661 1561 τά

2073 1598 2165 1651 ῐσα
2191 1600 2282 1650 καὶ
2315 1598 2343 1649 6
2386 1598 2505 1668 μετ’
2528 1599 2693 1652 αὑτὸν
2727 1599 2980 1668 Ἰωάννης
3010 1601 3101 1655 τὸν
3133 1602 3236 1672 τῆς
3304 1601 3659 1672 Ἀλεξάνδρου

2073 1692 2262 1763 θρόνον
2295 1696 2609 1748 ἐπιστατῶν
2628 1695 2837 1764 ἔλεγεν.
2875 1696 3037 1750 Ἀλλὰ
3062 1699 3160 1750 καὶ
3191 1695 3285 1751 τοῦ
3330 1699 3661 1766 Ἀντιοχείας

393 1788 485 1838 «fio
530 1788 877 1842 Antiocheno
916 1795 1156 1848 mortuo,
1200 1795 1257 1840 et
1319 1786 1580 1842 Flaviano
1619 1786 1964 1856 procuratio-

2074 1759 2380 1840 Παλλαδίου
2408 1787 2688 1853 θανόντος,
2716 1759 2813 1841 καὶ
2865 1789 3175 1843 Φλαὸιανοῦ
3206 1790 3306 1861 τὴν
3356 1759 3661 1861 ἐπιτροπὴν

392 1890 515 1926 nem
543 1876 665 1942 ejus
696 1876 916 1942 sortito,
938 1875 1201 1930 Solomon
1227 1875 1454 1944 quidam
1479 1876 1785 1931 Antiochia:
1839 1893 1967 1946 pre-

392 1967 578 2037 sbyter
601 1968 982 2022 Alexandriam
1008 1984 1134 2023 cum
1158 1969 1516 2039 synodalibus
1536 1970 1743 2025 litteris
1760 1970 1967 2025 missus

394 2070 500 2125 est,
533 2063 724 2118 solitas
751 2079 967 2118 rursum
995 2066 1335 2138 ejuscemodi
1388 2066 1649 2135 epistolas
1678 2082 1707 2120 a
1746 2068 1962 2122 Joanne

391 2154 459 2208 ad
485 2155 801 2212 Flavianum
842 2160 1155 2227 requirens.
1204 2159 1278 2213 Ea
1316 2174 1536 2229 quoque
1566 2159 1770 2228 scripta
1818 2160 1964 2213 idem

389 2246 460 2300 de
496 2249 703 2318 synodo
735 2251 1192 2317 pronuntiabant.
1225 2251 1365 2307 Huic
1386 2268 1520 2306 vero
1563 2253 1764 2309 Joanni
1796 2253 1969 2308 Joan-

387 2338 647 2405 pesalter
668 2339 1017 2397 Alexandriae
1070 2347 1359 2406 successit,
1421 2343 1489 2397 de
1541 2343 1745 2412 quibus
1801 2344 1966 2412 paulo

392 2440 515 2497 post
536 2430 803 2485 dicemus.
827 2432 962 2487 Nam
1000 2432 1067 2488 ad
1101 2433 1312 2504 aliquot
1348 2450 1523 2503 usque
1551 2436 1831 2490 Anastasii
1862 2436 1965 2490 imo

395 2521 529 2588 perii
561 2537 753 2589 annos,
786 2525 853 2577 ad
880 2525 1027 2580 hunc
1058 2526 1282 2580 modum
1311 2542 1401 2581 res
1431 2526 1805 2581 Ecclesiarum
1838 2543 1968 2597 pro-

395 2629 628 2670 cessere.
664 2614 1025 2686 Euphemiam
1054 2633 1289 2688 namque
1310 2618 1400 2672 ille
1421 2618 1653 2689 expulit.
1683 2619 1810 2674 Haec
1829 2635 1961 2676 vero

396 2705 468 2757 ita
506 2705 700 2761 ordine
728 2722 1025 2776 exponere,
1070 2723 1181 2777 quo
1214 2708 1449 2763 ‘l'acilius
1501 2697 1961 2779 intelliget-cntur,

391 2806 615 2850 coactus
667 2813 809 2852 rum.
876 2799 942 2852 Et
997 2799 1252 2854 Ecclesiae
1299 2799 1521 2870 quidem
1574 2808 1688 2854 tum
1726 2801 1807 2856 sic
1865 2802 1966 2856 ha-

392 2885 621 2942 hebant.
679 2888 789 2944 Nos
840 2898 1023 2945 autem
1073 2894 1382 2947 orationem
1436 2892 1503 2947 ad
1558 2892 1666 2947 alia
1726 2906 1963 2947 conver-

400 2990 600 3035 tamus.

810 3162 814 3173 ’
885 3186 1052 3257 637
1075 3184 1298 3245 CAPUT
1328 3188 1473 3244 χχι.

393 3295 470 3350 De
512 3294 821 3366 Theuderici
853 3297 1059 3371 Scythis
1090 3303 1410 3366 vastatione,
1439 3310 1571 3356 etut
1606 3304 1650 3358 is
1679 3304 1963 3359 interierit.

462 3476 845 3534 Theudericus
865 3479 942 3547 (Ι)
977 3478 1198 3549 Scytha,
1226 3481 1436 3551 magnis
1464 3484 1795 3552 comparatis
1844 3484 1966 3554 opi-

389 3571 513 3629 bus.
545 3570 809 3625 adversus
840 3571 1114 3627 Zenonem
1141 3588 1290 3626 arma
1316 3574 1487 3643 cepit.
1517 3574 1586 3628 Et
1623 3590 1748 3629 cum
1784 3579 1964 3647 copiis

389 3663 445 3716 in
474 3661 708 3716 Thracia
740 3664 949 3716 coactis
991 3663 1292 3718 Romanam
1324 3664 1592 3720 ditionem
1659 3666 1962 3737 ingressus,

388 3754 548 3808 obvia
578 3770 809 3823 quasque
841 3756 1094 3824 diripuit,
1136 3764 1191 3811 et
1229 3773 1403 3826 usque
1432 3758 1499 3812 ad
1526 3775 1588 3813 os
1617 3760 1810 3815 Euxini
1840 3778 1965 3831 per-

388 3846 561 3900 venit.
586 3846 761 3914 Atque
784 3847 881 3901 ille
921 3848 1261 3917 imperialem
1312 3849 1492 3903 etiam
1542 3849 1661 3905 fere
1727 3853 1966 3922 cepiSset

391 3937 611 4004 urbem,
643 3937 835 3993 nisiex
876 3939 1202 3993 necessariis
1232 3938 1353 4009 ejus
1379 3939 1605 4009 quidam
1663 3941 1790 3997 vita:
1837 3945 1961 4014 ejus

391 4028 635 4084 insidiati
660 4029 921 4085 fuissent.
953 4030 1103 4097 Quos
1129 4031 1360 4094 veritus,
1393 4034 1739 4088 retrocessit.
1773 4034 1963 4104 Neque

391 4121 467 4175 ita
499 4121 729 4177 multum
765 4122 1083 4179 intercessit
1111 4122 1399 4193 temporis.
1437 4139 1567 4180 cum
1590 4126 1756 4181 vitam
1793 4126 1960 4182 etiam

391 4216 591 4284 ﬁnivit,
628 4232 728 4287 per
756 4232 980 4273 causam
1012 4219 1352 4289 hujusmodi.
1381 4219 1547 4274 Hasta
1576 4221 1832 4291 expedita
1865 4238 1963 4292 pa-

389 4307 496 4363 trio
532 4325 681 4364 more
713 4327 814 4380 pro
844 4312 1202 4368 tabernaculo
1222 4313 1342 4384 ejus
1387 4314 1642 4368 sublimis
1692 4315 1961 4370 collocata

386 4408 527 4454 erat.
551 4398 689 4455 Cum
719 4410 903 4456 autem
935 4417 1141 4472 corpus
1164 4418 1430 4459 exercere
1453 4404 1721 4470 ‘deberet,
1753 4421 1959 4475 equum

386 4490 583 4547 adduci
612 4493 778 4563 jussit
810 4511 825 4548 :
851 4510 1091 4566 cumque
1120 4496 1197 4550 uti
1229 4496 1455 4552 minime
1487 4498 1714 4561 soleret,
1735 4514 1804 4554 ex
1841 4509 1956 4554 ter-

389 4597 447 4637 ra
489 4582 544 4636 in
591 4583 746 4637 illum
780 4583 1014 4642 insiluit.
1057 4586 1214 4653 Quod
1265 4598 1447 4643 autem
1503 4604 1572 4644 ex
1628 4590 1847 4660 pascuis
1902 4598 1959 4645 et

384 4674 595 4744 equitio
630 4675 676 4729 is
700 4690 875 4745 nuper
911 4676 1205 4733 admodum
1268 4682 1536 4747 venisset,
1584 4681 1962 4737 ferocitatem-

389 4782 497 4835 que
521 4767 776 4837 spiraret.
802 4769 1040 4822 necdum
1071 4769 1497 4827 Theuderichus
1534 4785 1682 4829 recte
1710 4774 1761 4828 ei
1813 4775 1962 4829 inse-

386 4858 582 4923 disset,
614 4861 830 4928 priores
856 4861 1025 4930 pedes
1058 4862 1112 4915 in
1153 4862 1392 4918 sublime
1415 4865 1655 4934 jactans.
1687 4867 1962 4935 posterio-

388 4948 544 5003 ribus
577 4958 789 5003 tantum
810 4949 1035 5017 institit.
1065 4950 1444 5009 Theudericus
1463 4964 1645 5008 autem
1669 4970 1795 5010 cum
1812 4971 1960 5033 equo

388 5050 742 5106 concertans,
772 5057 951 5112 neque
982 5040 1138 5098 freno
1159 5043 1420 5099 cohibere
1447 5059 1574 5098 eum
1622 5046 1800 5115 potuit
1840 5047 1859 5115 (
1890 5063 1960 5102 ne

388 5130 603 5185 scilicet
640 5130 750 5183 fera
790 5147 959 5201 super
983 5147 1110 5187 eum
1143 5133 1399 5203 resupina
1429 5136 1747 5191 concideret
1775 5137 1816 5207 ),
1852 5154 1961 5207 pe-

329 5246 333 5250 -
389 5236 500 5289 que
530 5222 665 5276 satis
697 5232 848 5277 certo
868 5231 964 5278 aut
991 5223 1224 5280 ﬁrmiter
1250 5225 1327 5280 illi
1360 5226 1598 5282 inhaesit.
1629 5228 1808 5298 Atque
1835 5243 1961 5285 cum

390 5317 463 5373 ita
491 5335 613 5372 cum
643 5334 787 5388 equo
818 5319 926 5373 huc
943 5328 1108 5389 atque
1131 5320 1262 5375 illuc
1291 5320 1344 5375 in
1392 5337 1588 5392 gyrum
1627 5331 1960 5387 verteretur,

390 5414 578 5464 nescio
604 5414 885 5481 quomodo
920 5413 1131 5467 hastam
1174 5414 1325 5467 illam
1376 5416 1704 5469 concussit:
1756 5423 1814 5469 et
1872 5415 1962 5470 illa

389 5504 613 5573 oblique
638 5504 693 5558 in
721 5521 846 5558 cum
886 5505 1033 5560 illata
1072 5507 1215 5560 latus
1246 5507 1365 5577 ejus
1391 5506 1722 5561 vulneravit.
1752 5506 1828 5561 Ex
1854 5524 1963 5578 quo

462 5682 536 5746 (li
578 5680 1020 5752 'l'hcndericltus,
1068 5682 1421 5738 Theodemiri
1478 5684 1643 5749 illius,
1672 5683 1960 5752 Ostrogot-

392 5753 613 5805 Πιονίαι.
656 5766 771 5810 τρι.
804 5770 833 5807 a
869 5751 1090 5811 Zenone
1125 5756 1353 5813 patricia
1381 5767 1438 5811 et
1470 5755 1751 5809 consulari
1777 5755 1956 5814 digni-

1991 3105 2039 3164 ϐ

2069 1878 2278 1930 ἐκείνου
2344 1881 2795 1949 προσειληφότος,
2848 1881 3103 1951 Σολομῶν
3169 1900 3256 1945 τις
3327 1883 3659 1952 Ἀντιοχείας

2071 1965 2446 2036 πρεσϐύτερος
2499 1967 2581 2029 εἰς
2620 1968 2720 2037 τὴν
2784 1969 3141 2040 Ἀλεξάνδρου
3200 1970 3332 2040 πρὸς
3404 1970 3659 2040 Ἰωάννην

2068 2055 2372 2126 ἐπέμπετο,
2408 2060 2477 2113 τὰ
2506 2059 2765 2113 συνοδικά
2813 2058 3078 2129 κομίζων,
3112 2061 3207 2114 καὶ
3255 2064 3355 2124 τὰς
3405 2061 3657 2125 εἰωθυίας

2067 2147 2365 2217 ἀμοιὸαίας
2413 2150 2708 2214 ἐπιστολὰς
2738 2151 2990 2204 ἀπαιτῶν
3036 2154 3286 2205 Ἰωάννου
3335 2152 3468 2223 πρὸς
3508 2152 3658 2206 ⁵Φλα-

2068 2239 2254 2293 σιανόν
2285 2255 2300 2269 ⁸
2337 2239 2394 2292 αἳ
2422 2243 2514 2293 καὶ
2573 2243 2737 2294 αὑταὶ
2796 2243 2888 2295 τὸν
2936 2243 3050 2296 ἴσον
3101 2244 3242 2296 κατὰ
3289 2244 3389 2312 τῆς
3436 2244 3654 2297 συνόδου

2066 2332 2386 2402 διηγόρευον
2410 2333 2629 2403 τρόπον.
2655 2333 2858 2387 Τοῦτον
2880 2333 2939 2388 δὲ
2970 2337 3062 2387 τὸν
3103 2333 3359 2407 Ἰωάννην
3398 2337 3654 2405 Ἰωάννης

2066 2416 2253 2494 ἓτέρος
2283 2424 2387 2479 ἀνὰ
2423 2427 2524 2496 τὴν
2566 2425 2984 2496 Ἀλεξάνδρειαν
3039 2428 3311 2500 διεδέχετο
3341 2445 3358 2462 ·
3413 2430 3545 2499 περὶ
3579 2423 3654 2485 ὦν

2069 2517 2266 2588 μικρὸν
2297 2517 2523 2587 ὕστερον
2547 2518 2805 2590 ἐροῦμεν.
2836 2520 3014 2591 Μέχρι
3042 2522 3152 2593 γάρ
3173 2540 3317 2586 τινος
3339 2524 3447 2577 τῶν
3496 2525 3653 2580 Ἀνα-

2068 2610 2293 2663 στασίου
2327 2612 2535 2681 χρόνων
2567 2611 2711 2665 οὕτω
2751 2613 2819 2668 τὰ
2860 2614 2968 2667 τῶν
3019 2615 3358 2685 Ἐκκλησιῶν
3405 2616 3653 2688 προεχώ-

2071 2717 2238 2772 ρησεν
2270 2718 2284 2733 ⁸
2318 2702 2607 2774 Εὑφήμιον
2638 2706 2746 2777 γὰρ
2809 2707 3016 2771 ἐκεῖνος
3042 2709 3315 2778 ἀπήλασε.
3374 2709 3560 2764 Ταῦτα
3607 2711 3651 2764 δ’

2066 2786 2210 2848 οὕτω
2238 2793 2363 2848 καθ’
2409 2796 2602 2873 εἱρμὸν
2651 2798 3086 2869 ἠναγκάσθημεν
3110 2786 3437 2869 παραθεῖναι
3475 2802 3566 2856 διὰ
3592 2806 3653 2856 τὸ

2066 2887 2147 2949 είς
2179 2887 2489 2959 κατάληψιν
2519 2889 2831 2961 πρόχειρον.
2869 2889 2950 2944 Τὰ
2987 2892 3088 2961 μὲν
3120 2889 3214 2945 οὖν
3268 2893 3377 2943 τῶν
3424 2894 3653 2963 Ἐκκλη-

2068 2977 2201 3032 σιῶν
2220 2979 2365 3034 οὕτω
2398 2984 2701 3051 τηνικαῦτα
2731 2983 2964 3053 ἐφέρετο
3010 3000 3023 3011 ·
3055 2986 3215 3053 ἡμεῖς
3268 2986 3317 3038 6‘
3350 2986 3435 3054 ἐφ’
3486 2987 3651 3056 ἔτερα

2065 3070 2159 3125 τὸν
2184 3071 2343 3140 λόγον
2365 3073 2685 3144 ἀγάγωμεν.

2653 3190 2906 3245 ΚΕΦΑΛ.
2940 3190 3070 3247 KA'.

2066 3298 2211 3368 Περὶ
2240 3298 2350 3370 τῆς
2397 3299 2873 3368 ἐπαναστάσεως
2925 3302 3289 3372 Θευδερίχου
3339 3308 3446 3358 τού
3503 3305 3652 3359 Σκύο

2272 3396 2281 3401 -
2504 3374 2632 3437 ϐου,
2656 3376 2759 3426 καὶ
2784 3373 2866 3438 ὡς
2899 3373 3209 3442 διεφθάρη.

2137 3485 2463 3558 Θευδέριχος
2488 3488 2515 3537 6
2543 3486 2782 3555 Σκύθης,
2809 3489 2901 3541 ἐπὶ
2933 3489 3075 3559 μέγα
3107 3488 3394 3556 δυνάμεως
3453 3492 3649 3561 προελ-

2067 3579 2198 3644 θὼν,
2221 3581 2578 3634 ἐπανίσταται
2608 3581 2826 3650 Ζήνωνι
2865 3597 2880 3611 ο
2915 3582 3008 3634 καὶ
3048 3583 3145 3645 τὰς
3174 3585 3230 3635 ἐν
3261 3582 3452 3655 Θρᾴκῃ
3493 3585 3650 3639 δυνά-

2069 3690 2192 3744 μεις
2217 3674 2497 3743 ἀθροίσας,
2520 3674 2700 3728 ἔπεισι
2727 3675 2909 3727 πάντα
2943 3674 3014 3727 τὰ
3046 3677 3105 3728 ὲν
3133 3678 3260 3728 ποσὶ
3284 3676 3432 3729 λείαν
3464 3679 3649 3729 ποιού-

2069 3782 2253 3837 μενος.
2285 3767 2417 3835 ἄχρι
2443 3767 2509 3837 δὴ
2542 3767 2750 3820 καὶτοῦ
2782 3767 2919 3820 κατὰ
2950 3768 3042 3820 τὸν
3076 3768 3326 3831 Εὔξεινον
3354 3771 3641 3838 στόματος·
3682 3818 3687 3823 .
3786 3810 3804 3831 ,

2068 3859 2401 3929 παραϐραχὺ
2433 3859 2479 3912 δ’
2504 3860 2569 3913 ἂν
2601 3863 2694 3915 καὶ
2715 3860 2816 3931 τὴν
2847 3859 3118 3927 βασίλειον
3171 3855 3279 3914 εἷλε
3312 3862 3489 3926 πόλιν,
3515 3864 3646 3929 εἴγε

2067 3953 2144 4023 μὴ
2206 3954 2314 4005 τῶν
2363 3953 2690 4023 ἐπιτηδείων
2735 3954 2882 4016 τινὲς
2935 3953 3194 4007 ἐπίϐουλα
3249 3956 3644 4024 φρονήσαντες,

2062 4046 2416 4116 ἀφαιρεῖσθαι
2451 4044 2598 4114 αὐτῷ
2624 4045 2722 4114 τὴν
2761 4045 2908 4113 ζωὴν
2938 4045 3245 4114 ἐπειρῶντο
3268 4062 3283 4077 ’
3311 4044 3405 4110 οὓς
3433 4047 3641 4112 δείσας,

2062 4137 2118 4199 ἐς
2139 4138 2382 4190 τούπίσω
2421 4138 2637 4207 ἐχώρει.
2671 4136 2781 4188 Καὶ
2814 4137 3007 4206 χρόνου
3033 4135 3077 4187 δ’
3107 4136 3168 4188 οὐ
3220 4134 3415 4188 πολλοῦ
3463 4137 3646 4205 διαγε-

2064 4228 2315 4297 νομένου,
2346 4228 2439 4283 τὸν
2481 4226 2596 4295 βίον
2645 4226 2981 4295 μετήλλαττε
3019 4224 3235 4277 τοιᾶσδε
3288 4225 3647 4296 ήγησαμένης

2062 4320 2264 4381 αἰτίας.
2298 4319 2371 4371 Τδ
2414 4319 2542 4388 δόρυ
2571 4316 2719 4387 αὐτῷ
2752 4316 2772 4341 ⁸
2803 4316 3192 4386 διηγγελμένον
3246 4320 3369 4370 κατ’
3427 4318 3547 4382 ἔθος
3594 4335 3647 4372 τι

2065 4410 2384 4481 ἐπιχώριον,
2422 4411 2530 4481 πρὸ
2584 4411 2687 4480 τῆς
2757 4410 2971 4464 ἐκείνου
3029 4411 3237 4480 σκηνῆς
3288 4411 3592 4481 ἀπῃώρητο
3629 4427 3645 4443 '

2063 4504 2262 4574 δεῆσαν
2280 4504 2336 4555 δὲ
2374 4503 2433 4555 τὸ
2463 4502 2621 4571 σῶμα
2642 4504 2945 4572 γυμνάσαι,
2980 4502 3148 4555 ἵππον
3214 4503 3466 4554 ἐκέλευεν
3513 4503 3646 4570 ἄγε-

2069 4593 2213 4650 σθαι.
2239 4596 2353 4647 Οὐκ
2385 4594 2575 4657 εἰωθὸς
2602 4594 2646 4646 δ’
2677 4594 2841 4663 ἔχων,
2876 4593 3044 4663 γῆθεν
3078 4593 3156 4662 τῷ
3176 4593 3328 4662 ἵππῳ
3365 4594 3642 4663 προσήλα-

2064 4704 2147 4744 το.
2195 4687 2253 4741 '0
2284 4686 2328 4740 δ’
2350 4687 2475 4758 ἄρτι
2511 4688 2575 4739 ὲκ
2603 4684 2838 4755 βοτάνης
2887 4687 3061 4756 ἥκων,
3117 4684 3201 4738 ἆτ’
3244 4683 3494 4752 ἀγελαῖος
3550 4684 3644 4736 καὶ

2066 4778 2226 4850 ὓϐριν
2249 4782 2453 4844 πνέων,
2496 4782 2663 4851 μήπω
2700 4779 3004 4850 περιόάδην
3032 4778 3126 4831 τοῦ
3166 4777 3488 4847 Θευδερίχου
3512 4778 3645 4829 ἐπι.-

2064 4872 2348 4938 ναὸἀντος,
2374 4872 2502 4931 τοὺς
2524 4873 2897 4943 ἐμπροσθίους
2924 4876 3038 4925 τοῖν
3099 4874 3280 4924 ποδοῖν
3340 4872 3645 4940 μετεώρους

2065 4958 2200 5034 εἶχε,
2226 4965 2335 5026 τοῖς
2355 4963 2620 5027 ὀπισθίοις
2651 4965 2834 5034 μόνοις
2851 4963 3195 5033 ἀκροϐατῶν.
3225 4964 3646 5032 Διαφιλονεικῶν

2064 5053 2108 5108 δ’
2135 5059 2162 5107 6
2185 5055 2531 5126 Θευδέριχος,
2556 5054 2680 5109 οὔτε
2708 5055 2913 5126 χαλινῷ
2944 5054 3293 5109 ἀναστέλλειν
3340 5050 3508 5123 εἶχεν,
3556 5054 3647 5108 ἵνα

2069 5143 2145 5214 μὴ
2184 5144 2417 5213 ἐμπέσοι
2443 5143 2616 5213 αὐτῷ,
2646 5144 2866 5214 καὶτῆς
2917 5142 3081 5212 ἕδρας
3103 5143 3164 5194 οὐ
3202 5143 3344 5195 πάνυ
3375 5159 3428 5194 τι
3464 5140 3649 5212 βεϐαί-

2065 5251 2142 5297 ως
2174 5231 2438 5303 ἐξείχετο.
2472 5232 2631 5288 Οὕτω
2669 5234 2714 5287 δ’
2753 5232 2906 5285 ἔνθεν
2939 5230 3195 5286 κάκεῖθεν
3225 5231 3323 5284 σὺν
3371 5233 3449 5301 τῷ
3497 5232 3646 5300 ἵππῳ

2066 5325 2542 5396 περιδονούμενος,
2575 5325 2675 5378 οὐκ
2692 5317 2791 5376 οἶδ’
2822 5324 2972 5386 ὅπως
2994 5321 3092 5389 τὴν
3115 5324 3322 5391 αἰχμὴν
3363 5319 3591 5372 διασείει
3628 5334 3644 5349 ·

2065 5418 2241 5484 παγία
2263 5418 2307 5470 δ’
2344 5417 2431 5470 ἐπ’
2452 5417 2615 5471 αὐτὸν
2644 5417 2943 5487 ἐνεχθεῖσα,
2975 5415 3160 5485 βάλλει
3196 5414 3337 5467 κατά
3365 5411 3604 5483 πλευράν
3629 5428 3645 5444 ο

2066 5507 2320 5561 ἐντεῦθεν
2354 5508 2412 5561 δὲ
2440 5506 2671 5578 κλινήρη
2719 5506 3037 5576 γενόμενον,
3072 5506 3194 5576 μετ’
3224 5504 3407 5573 ὀλίγον
3440 5519 3646 5573 σφακε-

2069 5692 2184 5739 tate
2208 5692 2294 5756 est
2317 5692 2642 5736 exornatus.
2677 5682 2873 5756 {Blond
2903 5681 2923 5754 )
2959 5683 3109 5740 Idem
3135 5681 3448 5739 Odoacrum
3487 5678 3645 5746 vicit,

2069 5765 2124 5810 et
2156 5754 2368 5808 italiam
2404 5758 2675 5809 oblinunt.
