  <div class='ocr_page' id='page_1' title='image "/cluster/home/n/w/nwhite01/storage/ocr_20150623/147/hvd.32044073502619/090.png"; bbox 0 0 4070 6204; ppageno 0'>
   <div class='ocr_carea' id='block_1_1' title="bbox 396 296 495 362">
    <p class='ocr_par' dir='ltr' id='par_1_1' title="bbox 396 296 495 362">
     <span class='ocr_line' id='line_1_1' title="bbox 396 296 495 362; baseline -0.051 0"><span class='ocrx_word' id='word_1_1' title='bbox 396 296 495 362; x_wconf 67' lang='lat'><strong>157</strong></span> 
     </span>
    </p>
   </div>
   <div class='ocr_carea' id='block_1_2' title="bbox 1358 315 2784 398">
    <p class='ocr_par' dir='ltr' id='par_1_2' title="bbox 1358 315 2784 398">
     <span class='ocr_line' id='line_1_2' title="bbox 1358 315 2784 398; baseline 0.019 -27"><span class='ocrx_word' id='word_1_2' title='bbox 1358 315 1955 379; x_wconf 62' lang='lat' dir='ltr'><strong>ECCIESIASTICJE</strong></span> <span class='ocrx_word' id='word_1_3' title='bbox 1997 325 2392 387; x_wconf 65' lang='lat' dir='ltr'><strong>IllSTOlU/E</strong></span> <span class='ocrx_word' id='word_1_4' title='bbox 2435 332 2581 394; x_wconf 85' lang='lat' dir='ltr'><strong>LlB.</strong></span> <span class='ocrx_word' id='word_1_5' title='bbox 2625 337 2784 398; x_wconf 72' lang='lat' dir='ltr'><strong>XVI.</strong></span> 
     </span>
    </p>
   </div>
   <div class='ocr_carea' id='block_1_3' title="bbox 3569 352 3668 414">
    <p class='ocr_par' dir='ltr' id='par_1_3' title="bbox 3569 352 3668 414">
     <span class='ocr_line' id='line_1_3' title="bbox 3569 352 3668 414; baseline -0.02 -1"><span class='ocrx_word' id='word_1_6' title='bbox 3569 352 3668 414; x_wconf 76' lang='lat'><strong>158</strong></span> 
     </span>
    </p>
   </div>
   <div class='ocr_carea' id='block_1_4' title="bbox 395 414 1960 523">
    <p class='ocr_par' dir='ltr' id='par_1_4' title="bbox 395 414 1960 523">
     <span class='ocr_line' id='line_1_4' title="bbox 395 414 1960 502; baseline 0.013 -38"><span class='ocrx_word' id='word_1_7' title='bbox 395 414 688 467; x_wconf 83' lang='grc' dir='ltr'>λισθέντων</span> <span class='ocrx_word' id='word_1_8' title='bbox 717 415 864 485; x_wconf 73' lang='grc' dir='ltr'>αὖτῷ</span> <span class='ocrx_word' id='word_1_9' title='bbox 894 417 1000 470; x_wconf 76' lang='grc' dir='ltr'>τῶν</span> <span class='ocrx_word' id='word_1_10' title='bbox 1035 421 1187 474; x_wconf 72' lang='grc' dir='ltr'>ενδ-,ν</span> <span class='ocrx_word' id='word_1_11' title='bbox 1216 424 1290 494; x_wconf 79' lang='grc' dir='ltr'>τῷ</span> <span class='ocrx_word' id='word_1_12' title='bbox 1331 427 1430 495; x_wconf 75' lang='grc' dir='ltr'>τῆς</span> <span class='ocrx_word' id='word_1_13' title='bbox 1458 430 1663 498; x_wconf 75' lang='grc' dir='ltr'>αῐχμῆς</span> <span class='ocrx_word' id='word_1_14' title='bbox 1688 433 1960 502; x_wconf 79' lang='grc' dir='ltr'>τραύματι</span> 
     </span>
     <span class='ocr_line' id='line_1_5' title="bbox 399 505 1039 523; baseline 0 0"><span class='ocrx_word' id='word_1_15' title='bbox 399 522 412 523; x_wconf 57' lang='lat'><strong><em>,</em></strong></span> <span class='ocrx_word' id='word_1_16' title='bbox 433 507 447 523; x_wconf 85' lang='grc'><strong>.</strong></span> <span class='ocrx_word' id='word_1_17' title='bbox 517 505 543 523; x_wconf 84' lang='lat' dir='ltr'><strong><em>n</em></strong></span> <span class='ocrx_word' id='word_1_18' title='bbox 611 506 634 516; x_wconf 76' lang='lat'><strong>-</strong></span> <span class='ocrx_word' id='word_1_19' title='bbox 995 513 1006 523; x_wconf 92' lang='lat'><strong>.</strong></span> <span class='ocrx_word' id='word_1_20' title='bbox 1027 512 1039 523; x_wconf 89' lang='lat'><strong>.</strong></span> 
     </span>
    </p>
   </div>
   <div class='ocr_carea' id='block_1_5' title="bbox 2064 414 3670 523">
    <p class='ocr_par' dir='ltr' id='par_1_5' title="bbox 2103 438 3670 523">
     <span class='ocr_line' id='line_1_6' title="bbox 2103 438 3670 523; baseline 0.019 -36"><span class='ocrx_word' id='word_1_21' title='bbox 2103 438 2330 492; x_wconf 81' lang='lat' dir='ltr'><strong>vulnere</strong></span> <span class='ocrx_word' id='word_1_22' title='bbox 2368 440 2510 493; x_wconf 90' lang='lat' dir='ltr'><strong>lecto</strong></span> <span class='ocrx_word' id='word_1_23' title='bbox 2533 443 2745 510; x_wconf 71' lang='lat' dir='ltr'><strong>affixus,</strong></span> <span class='ocrx_word' id='word_1_24' title='bbox 2788 452 2876 503; x_wconf 85' lang='lat' dir='ltr'><strong>ubi</strong></span> <span class='ocrx_word' id='word_1_25' title='bbox 2905 451 3114 508; x_wconf 84' lang='lat' dir='ltr'><strong>viscera</strong></span> <span class='ocrx_word' id='word_1_26' title='bbox 3152 457 3272 523; x_wconf 85' lang='lat' dir='ltr'><strong>ejus</strong></span> <span class='ocrx_word' id='word_1_27' title='bbox 3326 474 3387 512; x_wconf 79' lang='lat' dir='ltr'><strong>ex</strong></span> <span class='ocrx_word' id='word_1_28' title='bbox 3440 465 3670 516; x_wconf 89' lang='lat' dir='ltr'><strong>convul-</strong></span> 
     </span>
    </p>
   </div>
   <div class='ocr_carea' id='block_1_6' title="bbox 392 505 1133 580">
    <p class='ocr_par' dir='ltr' id='par_1_6' title="bbox 392 505 1133 580">
     <span class='ocr_line' id='line_1_7' title="bbox 392 505 1133 580; baseline 0.012 -23"><span class='ocrx_word' id='word_1_29' title='bbox 392 507 458 557; x_wconf 76' lang='grc' dir='ltr'>τὸ</span> <span class='ocrx_word' id='word_1_30' title='bbox 515 505 668 575; x_wconf 76' lang='grc' dir='ltr'>βιοῦν</span> <span class='ocrx_word' id='word_1_31' title='bbox 737 512 1133 580; x_wconf 64' lang='grc' dir='ltr'>καταστρέψαι.</span> 
     </span>
    </p>
   </div>
   <div class='ocr_carea' id='block_1_7' title="bbox 964 721 1395 780">
    <p class='ocr_par' dir='ltr' id='par_1_7' title="bbox 964 721 1395 780">
     <span class='ocr_line' id='line_1_8' title="bbox 964 721 1395 780; baseline 0.023 -10"><span class='ocrx_word' id='word_1_32' title='bbox 964 721 1003 770; x_wconf 80' lang='grc' dir='ltr'>Κ</span> <span class='ocrx_word' id='word_1_33' title='bbox 1019 721 1211 775; x_wconf 67' lang='grc' dir='ltr'><strong>ΕσῐιΛΛ.</strong></span> <span class='ocrx_word' id='word_1_34' title='bbox 1268 725 1311 775; x_wconf 78' lang='grc' dir='ltr'>Κ</span> <span class='ocrx_word' id='word_1_35' title='bbox 1323 723 1395 780; x_wconf 67' lang='grc' dir='ltr'>μ’.</span> 
     </span>
    </p>
   </div>
   <div class='ocr_carea' id='block_1_8' title="bbox 394 824 1981 911">
    <p class='ocr_par' dir='ltr' id='par_1_8' title="bbox 394 824 1981 911">
     <span class='ocr_line' id='line_1_9' title="bbox 394 824 1981 911; baseline 0.013 -34"><span class='ocrx_word' id='word_1_36' title='bbox 394 824 536 911; x_wconf 54' lang='grc' dir='ltr'>Περί</span> <span class='ocrx_word' id='word_1_37' title='bbox 567 827 1071 911; x_wconf 44' lang='grc' dir='ltr'>τῆςευραξιῖίδος</span> <span class='ocrx_word' id='word_1_38' title='bbox 1106 839 1472 911; x_wconf 60' lang='lat' dir='ltr'><strong>ill/mmora&quot;,</strong></span> <span class='ocrx_word' id='word_1_39' title='bbox 1515 843 1818 911; x_wconf 71' lang='grc' dir='ltr'>Ἀνθεμίων·</span> <span class='ocrx_word' id='word_1_40' title='bbox 1849 867 1981 900; x_wconf 78' lang='lat' dir='ltr'><strong>:zm-</strong></span> 
     </span>
    </p>
   </div>
   <div class='ocr_carea' id='block_1_9' title="bbox 462 897 1971 988">
    <p class='ocr_par' dir='ltr' id='par_1_9' title="bbox 462 897 1971 988">
     <span class='ocr_line' id='line_1_10' title="bbox 462 897 1971 988; baseline 0.015 -41"><span class='ocrx_word' id='word_1_41' title='bbox 462 897 710 988; x_wconf 46' lang='lat' dir='ltr'><strong>6é‘C‘t0tjr</strong></span> <span class='ocrx_word' id='word_1_42' title='bbox 758 901 826 951; x_wconf 74' lang='grc' dir='ltr'><strong>ἐν</strong></span> <span class='ocrx_word' id='word_1_43' title='bbox 873 902 1060 988; x_wconf 58' lang='grc' dir='ltr'><strong>Ῥώμῃ</strong></span> <span class='ocrx_word' id='word_1_44' title='bbox 1119 897 1536 984; x_wconf 52' lang='grc' dir='ltr'>κρατήσαντος</span> <span class='ocrx_word' id='word_1_45' title='bbox 1565 929 1579 944; x_wconf 89' lang='grc'><strong>·</strong></span> <span class='ocrx_word' id='word_1_46' title='bbox 1614 897 1711 969; x_wconf 68' lang='lat' dir='ltr'><strong>mil</strong></span> <span class='ocrx_word' id='word_1_47' title='bbox 1757 919 1836 984; x_wconf 87' lang='grc' dir='ltr'>ὼς</span> <span class='ocrx_word' id='word_1_48' title='bbox 1867 925 1971 988; x_wconf 77' lang='grc' dir='ltr'>λη-</span> 
     </span>
    </p>
   </div>
   <div class='ocr_carea' id='block_1_10' title="bbox 463 970 1278 1043">
    <p class='ocr_par' dir='ltr' id='par_1_10' title="bbox 463 970 1278 1043">
     <span class='ocr_line' id='line_1_11' title="bbox 463 970 1278 1043; baseline 0.017 -26"><span class='ocrx_word' id='word_1_49' title='bbox 463 970 657 1035; x_wconf 71' lang='grc' dir='ltr'>φθεὶς,</span> <span class='ocrx_word' id='word_1_50' title='bbox 687 971 982 1040; x_wconf 73' lang='grc' dir='ltr'>ἱερωσύνῃ</span> <span class='ocrx_word' id='word_1_51' title='bbox 1024 973 1278 1043; x_wconf 72' lang='grc' dir='ltr'>τιμᾶται.</span> 
     </span>
    </p>
   </div>
   <div class='ocr_carea' id='block_1_11' title="bbox 463 1083 1970 1164">
    <p class='ocr_par' dir='ltr' id='par_1_11' title="bbox 463 1083 1970 1164">
     <span class='ocr_line' id='line_1_12' title="bbox 463 1083 1970 1164; baseline 0.015 -29"><span class='ocrx_word' id='word_1_52' title='bbox 463 1083 619 1136; x_wconf 86' lang='grc' dir='ltr'>Μετά</span> <span class='ocrx_word' id='word_1_53' title='bbox 648 1083 838 1137; x_wconf 86' lang='grc' dir='ltr'>τοῦτον</span> <span class='ocrx_word' id='word_1_54' title='bbox 870 1087 1190 1156; x_wconf 75' lang='grc' dir='ltr'><strong>Μαρκιανὸς</strong></span> <span class='ocrx_word' id='word_1_55' title='bbox 1216 1091 1292 1162; x_wconf 75' lang='grc' dir='ltr'>τῷ</span> <span class='ocrx_word' id='word_1_56' title='bbox 1322 1097 1532 1164; x_wconf 80' lang='grc' dir='ltr'><strong>Ζήνωνι</strong></span> <span class='ocrx_word' id='word_1_57' title='bbox 1563 1101 1921 1157; x_wconf 75' lang='grc' dir='ltr'>ἐπανίσταται</span> <span class='ocrx_word' id='word_1_58' title='bbox 1957 1124 1970 1137; x_wconf 78' lang='grc' dir='ltr'><strong>ο</strong></span> 
     </span>
    </p>
   </div>
   <div class='ocr_carea' id='block_1_12' title="bbox 387 1171 1972 1265">
    <p class='ocr_par' dir='ltr' id='par_1_12' title="bbox 387 1171 1972 1265">
     <span class='ocr_line' id='line_1_13' title="bbox 387 1171 1972 1265; baseline 0.016 -40"><span class='ocrx_word' id='word_1_59' title='bbox 387 1174 445 1226; x_wconf 81' lang='grc' dir='ltr'><strong>ὂ;</strong></span> <span class='ocrx_word' id='word_1_60' title='bbox 470 1177 600 1237; x_wconf 75' lang='grc' dir='ltr'>παῖς</span> <span class='ocrx_word' id='word_1_61' title='bbox 629 1176 730 1244; x_wconf 87' lang='grc' dir='ltr'>μὲν</span> <span class='ocrx_word' id='word_1_62' title='bbox 763 1171 832 1246; x_wconf 82' lang='grc' dir='ltr'>ἦν</span> <span class='ocrx_word' id='word_1_63' title='bbox 880 1178 1195 1248; x_wconf 66' lang='grc' dir='ltr'>Ἀνθεμίου,</span> <span class='ocrx_word' id='word_1_64' title='bbox 1254 1187 1347 1238; x_wconf 83' lang='grc' dir='ltr'>τοῦ</span> <span class='ocrx_word' id='word_1_65' title='bbox 1385 1191 1441 1240; x_wconf 75' lang='grc' dir='ltr'>ἐν</span> <span class='ocrx_word' id='word_1_66' title='bbox 1511 1191 1695 1264; x_wconf 83' lang='grc' dir='ltr'><strong>Ῥώμῃ</strong></span> <span class='ocrx_word' id='word_1_67' title='bbox 1749 1197 1809 1248; x_wconf 82' lang='grc' dir='ltr'>οὐ</span> <span class='ocrx_word' id='word_1_68' title='bbox 1865 1197 1972 1265; x_wconf 71' lang='grc' dir='ltr'><strong>πρὸ</strong></span> 
     </span>
    </p>
   </div>
   <div class='ocr_carea' id='block_1_13' title="bbox 388 1265 1970 1356">
    <p class='ocr_par' dir='ltr' id='par_1_13' title="bbox 388 1265 1970 1356">
     <span class='ocr_line' id='line_1_14' title="bbox 388 1265 1970 1356; baseline 0.018 -42"><span class='ocrx_word' id='word_1_69' title='bbox 388 1265 589 1318; x_wconf 78' lang='grc' dir='ltr'>πολλοῦ</span> <span class='ocrx_word' id='word_1_70' title='bbox 623 1266 1078 1335; x_wconf 79' lang='grc' dir='ltr'>βεϐασιλευκότος</span> <span class='ocrx_word' id='word_1_71' title='bbox 1101 1292 1116 1307; x_wconf 67' lang='grc' dir='ltr'>θ</span> <span class='ocrx_word' id='word_1_72' title='bbox 1151 1277 1308 1343; x_wconf 82' lang='grc' dir='ltr'>κῆδος</span> <span class='ocrx_word' id='word_1_73' title='bbox 1326 1279 1371 1331; x_wconf 85' lang='grc' dir='ltr'>δ’</span> <span class='ocrx_word' id='word_1_74' title='bbox 1400 1283 1492 1333; x_wconf 71' lang='grc' dir='ltr'><strong>ἐπὶ</strong></span> <span class='ocrx_word' id='word_1_75' title='bbox 1525 1283 1757 1356; x_wconf 53' lang='grc' dir='ltr'><strong>θυγατρὶ⁸</strong></span> <span class='ocrx_word' id='word_1_76' title='bbox 1805 1289 1970 1341; x_wconf 84' lang='grc' dir='ltr'>Λεον-</span> 
     </span>
    </p>
   </div>
   <div class='ocr_carea' id='block_1_14' title="bbox 388 1355 1970 1440">
    <p class='ocr_par' dir='ltr' id='par_1_14' title="bbox 388 1355 1970 1440">
     <span class='ocr_line' id='line_1_15' title="bbox 388 1355 1970 1440; baseline 0.018 -36"><span class='ocrx_word' id='word_1_77' title='bbox 388 1356 480 1424; x_wconf 71' lang='grc' dir='ltr'><strong>τίᾳ</strong></span> <span class='ocrx_word' id='word_1_78' title='bbox 505 1355 581 1424; x_wconf 81' lang='grc' dir='ltr'>τῷ</span> <span class='ocrx_word' id='word_1_79' title='bbox 611 1357 858 1427; x_wconf 75' lang='grc' dir='ltr'>πενθερῷ</span> <span class='ocrx_word' id='word_1_80' title='bbox 884 1359 1132 1430; x_wconf 87' lang='grc' dir='ltr'>Ζήνωνος</span> <span class='ocrx_word' id='word_1_81' title='bbox 1158 1359 1268 1434; x_wconf 74' lang='grc' dir='ltr'>εἶχε</span> <span class='ocrx_word' id='word_1_82' title='bbox 1293 1367 1369 1438; x_wconf 84' lang='grc' dir='ltr'><strong>τῷ</strong></span> <span class='ocrx_word' id='word_1_83' title='bbox 1397 1369 1780 1440; x_wconf 78' lang='grc' dir='ltr'>βασιλεύσαντι</span> <span class='ocrx_word' id='word_1_84' title='bbox 1811 1381 1970 1432; x_wconf 81' lang='grc' dir='ltr'>Λέον-</span> 
     </span>
    </p>
   </div>
   <div class='ocr_carea' id='block_1_15' title="bbox 386 1449 1964 1541">
    <p class='ocr_par' dir='ltr' id='par_1_15' title="bbox 386 1449 1964 1541">
     <span class='ocr_line' id='line_1_16' title="bbox 386 1449 1964 1541; baseline 0.018 -45"><span class='ocrx_word' id='word_1_85' title='bbox 386 1464 460 1499; x_wconf 84' lang='grc' dir='ltr'><strong>τι.</strong></span> <span class='ocrx_word' id='word_1_86' title='bbox 494 1449 800 1518; x_wconf 84' lang='grc' dir='ltr'>Προσήκειν</span> <span class='ocrx_word' id='word_1_87' title='bbox 826 1452 937 1521; x_wconf 72' lang='grc' dir='ltr'><strong>γὰρ</strong></span> <span class='ocrx_word' id='word_1_88' title='bbox 974 1455 1177 1522; x_wconf 83' lang='grc' dir='ltr'>μᾶλλον</span> <span class='ocrx_word' id='word_1_89' title='bbox 1215 1459 1394 1529; x_wconf 78' lang='grc' dir='ltr'>ἑαυτῷ</span> <span class='ocrx_word' id='word_1_90' title='bbox 1455 1462 1590 1533; x_wconf 80' lang='grc' dir='ltr'>ᾤετο</span> <span class='ocrx_word' id='word_1_91' title='bbox 1620 1468 1717 1528; x_wconf 78' lang='grc' dir='ltr'>τὴν</span> <span class='ocrx_word' id='word_1_92' title='bbox 1770 1473 1964 1541; x_wconf 80' lang='grc' dir='ltr'>ἀρχὴν,</span> 
     </span>
    </p>
   </div>
   <div class='ocr_carea' id='block_1_16' title="bbox 389 1540 1964 1636">
    <p class='ocr_par' dir='ltr' id='par_1_16' title="bbox 389 1540 1964 1636">
     <span class='ocr_line' id='line_1_17' title="bbox 389 1540 1964 1636; baseline 0.017 -46"><span class='ocrx_word' id='word_1_93' title='bbox 389 1540 490 1608; x_wconf 73' lang='grc' dir='ltr'><strong>τήν</strong></span> <span class='ocrx_word' id='word_1_94' title='bbox 516 1541 790 1609; x_wconf 77' lang='grc' dir='ltr'><strong>νεωτέραν</strong></span> <span class='ocrx_word' id='word_1_95' title='bbox 829 1543 938 1596; x_wconf 86' lang='grc' dir='ltr'><strong>τῶν</strong></span> <span class='ocrx_word' id='word_1_96' title='bbox 975 1545 1294 1619; x_wconf 81' lang='grc' dir='ltr'><strong>θυγατέρων</strong></span> <span class='ocrx_word' id='word_1_97' title='bbox 1329 1555 1560 1618; x_wconf 73' lang='grc' dir='ltr'>Λέοντος</span> <span class='ocrx_word' id='word_1_98' title='bbox 1604 1561 1866 1630; x_wconf 81' lang='grc' dir='ltr'><strong>γήμαντι,</strong></span> <span class='ocrx_word' id='word_1_99' title='bbox 1897 1565 1964 1636; x_wconf 74' lang='grc' dir='ltr'>ἣν</span> 
     </span>
    </p>
   </div>
   <div class='ocr_carea' id='block_1_17' title="bbox 385 1633 1963 1728">
    <p class='ocr_par' dir='ltr' id='par_1_17' title="bbox 385 1633 1963 1728">
     <span class='ocr_line' id='line_1_18' title="bbox 385 1633 1963 1728; baseline 0.019 -46"><span class='ocrx_word' id='word_1_100' title='bbox 385 1633 586 1702; x_wconf 78' lang='grc' dir='ltr'>ἐκείνῳ</span> <span class='ocrx_word' id='word_1_101' title='bbox 626 1635 832 1703; x_wconf 81' lang='grc' dir='ltr'>Βηρὶνα</span> <span class='ocrx_word' id='word_1_102' title='bbox 864 1638 956 1690; x_wconf 80' lang='grc' dir='ltr'><strong>ὲπὶ</strong></span> <span class='ocrx_word' id='word_1_103' title='bbox 981 1641 1081 1708; x_wconf 83' lang='grc' dir='ltr'>τῆς</span> <span class='ocrx_word' id='word_1_104' title='bbox 1110 1644 1284 1714; x_wconf 77' lang='grc' dir='ltr'>ἀρχῆς</span> <span class='ocrx_word' id='word_1_105' title='bbox 1310 1645 1422 1700; x_wconf 78' lang='grc' dir='ltr'>ὄντι</span> <span class='ocrx_word' id='word_1_106' title='bbox 1472 1650 1664 1717; x_wconf 79' lang='grc' dir='ltr'>ἐγέννα</span> <span class='ocrx_word' id='word_1_107' title='bbox 1690 1671 1702 1685; x_wconf 89' lang='grc'><strong>·</strong></span> <span class='ocrx_word' id='word_1_108' title='bbox 1734 1655 1833 1726; x_wconf 82' lang='grc' dir='ltr'><strong>τήν</strong></span> <span class='ocrx_word' id='word_1_109' title='bbox 1855 1633 1963 1728; x_wconf 75' lang='grc' dir='ltr'><strong>γάρ</strong></span> 
     </span>
    </p>
   </div>
   <div class='ocr_carea' id='block_1_18' title="bbox 2091 529 3667 613">
    <p class='ocr_par' dir='ltr' id='par_1_18' title="bbox 2091 529 3667 613">
     <span class='ocr_line' id='line_1_19' title="bbox 2091 529 3667 613; baseline 0.02 -35"><span class='ocrx_word' id='word_1_110' title='bbox 2091 529 2244 580; x_wconf 77' lang='lat' dir='ltr'><strong>sione.</strong></span> <span class='ocrx_word' id='word_1_111' title='bbox 2274 540 2328 582; x_wconf 79' lang='lat' dir='ltr'><strong>et</strong></span> <span class='ocrx_word' id='word_1_112' title='bbox 2366 531 2796 594; x_wconf 79' lang='lat' dir='ltr'><strong>inllanmmtione</strong></span> <span class='ocrx_word' id='word_1_113' title='bbox 2829 529 3338 613; x_wconf 65' lang='lat' dir='ltr'><strong>cumulare-uerunt,</strong></span> <span class='ocrx_word' id='word_1_114' title='bbox 3374 553 3526 606; x_wconf 80' lang='lat' dir='ltr'><strong>brevi</strong></span> <span class='ocrx_word' id='word_1_115' title='bbox 3587 557 3667 608; x_wconf 90' lang='lat' dir='ltr'><strong>vi-</strong></span> 
     </span>
    </p>
   </div>
   <div class='ocr_carea' id='block_1_19' title="bbox 2090 624 2431 678">
    <p class='ocr_par' dir='ltr' id='par_1_19' title="bbox 2090 624 2431 678">
     <span class='ocr_line' id='line_1_20' title="bbox 2090 624 2431 678; baseline 0.023 -8"><span class='ocrx_word' id='word_1_116' title='bbox 2090 628 2196 672; x_wconf 90' lang='lat' dir='ltr'><strong>tam</strong></span> <span class='ocrx_word' id='word_1_117' title='bbox 2225 624 2431 678; x_wconf 82' lang='lat' dir='ltr'><strong>amisit.</strong></span> 
     </span>
    </p>
   </div>
   <div class='ocr_carea' id='block_1_20' title="bbox 2642 746 3090 806">
    <p class='ocr_par' dir='ltr' id='par_1_20' title="bbox 2642 746 3090 806">
     <span class='ocr_line' id='line_1_21' title="bbox 2642 746 3090 806; baseline 0.011 -5"><span class='ocrx_word' id='word_1_118' title='bbox 2642 746 2870 802; x_wconf 73' lang='lat' dir='ltr'><strong>CAPUT</strong></span> <span class='ocrx_word' id='word_1_119' title='bbox 2922 751 3090 806; x_wconf 72' lang='lat' dir='ltr'><strong>XXII.</strong></span> 
     </span>
    </p>
   </div>
   <div class='ocr_carea' id='block_1_21' title="bbox 2085 847 3658 928">
    <p class='ocr_par' dir='ltr' id='par_1_21' title="bbox 2085 847 3658 928">
     <span class='ocr_line' id='line_1_22' title="bbox 2085 847 3658 928; baseline 0.013 -26"><span class='ocrx_word' id='word_1_120' title='bbox 2085 847 2162 901; x_wconf 81' lang='lat' dir='ltr'><strong>De</strong></span> <span class='ocrx_word' id='word_1_121' title='bbox 2192 852 2452 928; x_wconf 70' lang='lat' dir='ltr'><strong>Marciani</strong></span> <span class='ocrx_word' id='word_1_122' title='bbox 2483 861 2780 926; x_wconf 82' lang='lat' dir='ltr'><strong>tyrannide.</strong></span> <span class='ocrx_word' id='word_1_123' title='bbox 2811 861 3094 924; x_wconf 76' lang='lat' dir='ltr'><strong>Anthemii,</strong></span> <span class='ocrx_word' id='word_1_124' title='bbox 3121 867 3210 928; x_wconf 81' lang='lat' dir='ltr'><strong>qui</strong></span> <span class='ocrx_word' id='word_1_125' title='bbox 3236 865 3410 920; x_wconf 74' lang='lat' dir='ltr'><strong>Horme</strong></span> <span class='ocrx_word' id='word_1_126' title='bbox 3429 869 3658 923; x_wconf 78' lang='lat' dir='ltr'><strong>obtinue-</strong></span> 
     </span>
    </p>
   </div>
   <div class='ocr_carea' id='block_1_22' title="bbox 2155 925 3649 1007">
    <p class='ocr_par' dir='ltr' id='par_1_22' title="bbox 2155 925 3649 1007">
     <span class='ocr_line' id='line_1_23' title="bbox 2155 925 3649 1007; baseline 0.015 -35"><span class='ocrx_word' id='word_1_127' title='bbox 2155 931 2236 972; x_wconf 79' lang='lat' dir='ltr'><strong>rut</strong></span> <span class='ocrx_word' id='word_1_128' title='bbox 2266 925 2564 1007; x_wconf 58' lang='lat' dir='ltr'><strong>imperium.</strong></span> <span class='ocrx_word' id='word_1_129' title='bbox 2596 929 2696 1007; x_wconf 66' lang='lat' dir='ltr'><strong>[itii</strong></span> <span class='ocrx_word' id='word_1_130' title='bbox 2721 945 2737 980; x_wconf 92' lang='lat'><em>:</em></span> <span class='ocrx_word' id='word_1_131' title='bbox 2768 939 2901 1007; x_wconf 76' lang='lat' dir='ltr'><strong>ct_ut</strong></span> <span class='ocrx_word' id='word_1_132' title='bbox 2923 935 3078 1007; x_wconf 59' lang='lat' dir='ltr'><strong>idem</strong></span> <span class='ocrx_word' id='word_1_133' title='bbox 3112 925 3417 991; x_wconf 72' lang='lat' dir='ltr'><strong>Marcianus</strong></span> <span class='ocrx_word' id='word_1_134' title='bbox 3441 955 3649 1007; x_wconf 76' lang='lat' dir='ltr'><strong>captus,</strong></span> 
     </span>
    </p>
   </div>
   <div class='ocr_carea' id='block_1_23' title="bbox 2149 996 3196 1066">
    <p class='ocr_par' dir='ltr' id='par_1_23' title="bbox 2149 996 3196 1066">
     <span class='ocr_line' id='line_1_24' title="bbox 2149 996 3196 1066; baseline 0.015 -24"><span class='ocrx_word' id='word_1_135' title='bbox 2149 996 2472 1048; x_wconf 79' lang='lat' dir='ltr'><strong>sacerdotali</strong></span> <span class='ocrx_word' id='word_1_136' title='bbox 2511 999 2767 1066; x_wconf 75' lang='lat' dir='ltr'><strong>dignitate</strong></span> <span class='ocrx_word' id='word_1_137' title='bbox 2796 1001 2864 1052; x_wconf 86' lang='lat' dir='ltr'><strong>sit</strong></span> <span class='ocrx_word' id='word_1_138' title='bbox 2898 1002 3196 1058; x_wconf 83' lang='lat' dir='ltr'><strong>decoratus.</strong></span> 
     </span>
    </p>
   </div>
   <div class='ocr_carea' id='block_1_24' title="bbox 2152 1105 3653 1178">
    <p class='ocr_par' dir='ltr' id='par_1_24' title="bbox 2152 1105 3653 1178">
     <span class='ocr_line' id='line_1_25' title="bbox 2152 1105 3653 1178; baseline 0.013 -20"><span class='ocrx_word' id='word_1_139' title='bbox 2152 1105 2276 1160; x_wconf 83' lang='lat' dir='ltr'><strong>Post</strong></span> <span class='ocrx_word' id='word_1_140' title='bbox 2302 1108 2447 1163; x_wconf 91' lang='lat' dir='ltr'><strong>hunc</strong></span> <span class='ocrx_word' id='word_1_141' title='bbox 2469 1111 2737 1165; x_wconf 88' lang='lat' dir='ltr'><strong>adversus</strong></span> <span class='ocrx_word' id='word_1_142' title='bbox 2772 1115 3048 1168; x_wconf 87' lang='lat' dir='ltr'><strong>Zenonem</strong></span> <span class='ocrx_word' id='word_1_143' title='bbox 3087 1118 3288 1172; x_wconf 84' lang='lat' dir='ltr'><strong>bellum</strong></span> <span class='ocrx_word' id='word_1_144' title='bbox 3313 1124 3482 1176; x_wconf 89' lang='lat' dir='ltr'><strong>movit</strong></span> <span class='ocrx_word' id='word_1_145' title='bbox 3511 1124 3653 1178; x_wconf 81' lang='lat' dir='ltr'><strong>Mar-</strong></span> 
     </span>
    </p>
   </div>
   <div class='ocr_carea' id='block_1_25' title="bbox 2075 1197 3656 1274">
    <p class='ocr_par' dir='ltr' id='par_1_25' title="bbox 2075 1197 3656 1274">
     <span class='ocr_line' id='line_1_26' title="bbox 2075 1197 3656 1274; baseline 0.012 -23"><span class='ocrx_word' id='word_1_146' title='bbox 2075 1197 2285 1264; x_wconf 90' lang='lat' dir='ltr'><strong>cianus,</strong></span> <span class='ocrx_word' id='word_1_147' title='bbox 2329 1197 2636 1266; x_wconf 74' lang='lat' dir='ltr'><strong>Anthemii,</strong></span> <span class='ocrx_word' id='word_1_148' title='bbox 2670 1205 2764 1274; x_wconf 89' lang='lat' dir='ltr'><strong>qui</strong></span> <span class='ocrx_word' id='word_1_149' title='bbox 2798 1222 2905 1259; x_wconf 90' lang='lat' dir='ltr'><strong>non</strong></span> <span class='ocrx_word' id='word_1_150' title='bbox 2948 1209 3122 1262; x_wconf 91' lang='lat' dir='ltr'><strong>multo</strong></span> <span class='ocrx_word' id='word_1_151' title='bbox 3148 1221 3276 1262; x_wconf 86' lang='lat' dir='ltr'><strong>ante</strong></span> <span class='ocrx_word' id='word_1_152' title='bbox 3314 1214 3498 1268; x_wconf 64' lang='lat' dir='ltr'><strong>Romae</strong></span> <span class='ocrx_word' id='word_1_153' title='bbox 3552 1216 3656 1269; x_wconf 87' lang='lat' dir='ltr'><strong>im-</strong></span> 
     </span>
    </p>
   </div>
   <div class='ocr_carea' id='block_1_26' title="bbox 2074 1275 3656 1375">
    <p class='ocr_par' dir='ltr' id='par_1_26' title="bbox 2074 1275 3656 1375">
     <span class='ocr_line' id='line_1_27' title="bbox 2074 1275 3656 1375; baseline 0.014 -35"><span class='ocrx_word' id='word_1_154' title='bbox 2074 1300 2380 1357; x_wconf 81' lang='lat' dir='ltr'><strong>peraverat,</strong></span> <span class='ocrx_word' id='word_1_155' title='bbox 2422 1293 2587 1357; x_wconf 83' lang='lat' dir='ltr'><strong>filius,</strong></span> <span class='ocrx_word' id='word_1_156' title='bbox 2620 1275 2932 1364; x_wconf 87' lang='lat' dir='ltr'><strong>Leontiam,</strong></span> <span class='ocrx_word' id='word_1_157' title='bbox 2966 1300 3166 1356; x_wconf 84' lang='lat' dir='ltr'><strong>Leonis</strong></span> <span class='ocrx_word' id='word_1_158' title='bbox 3198 1305 3428 1358; x_wconf 73' lang='lat' dir='ltr'><strong>Romani</strong></span> <span class='ocrx_word' id='word_1_159' title='bbox 3485 1311 3656 1375; x_wconf 84' lang='lat' dir='ltr'><strong>impe-</strong></span> 
     </span>
    </p>
   </div>
   <div class='ocr_carea' id='block_1_27' title="bbox 2072 1382 3653 1456">
    <p class='ocr_par' dir='ltr' id='par_1_27' title="bbox 2072 1382 3653 1456">
     <span class='ocr_line' id='line_1_28' title="bbox 2072 1382 3653 1456; baseline 0.011 -23"><span class='ocrx_word' id='word_1_160' title='bbox 2072 1382 2269 1434; x_wconf 80' lang='lat' dir='ltr'><strong>ratoris</strong></span> <span class='ocrx_word' id='word_1_161' title='bbox 2293 1383 2529 1438; x_wconf 89' lang='lat' dir='ltr'><strong>Zenonis</strong></span> <span class='ocrx_word' id='word_1_162' title='bbox 2551 1389 2724 1440; x_wconf 76' lang='lat' dir='ltr'><strong>soceri</strong></span> <span class='ocrx_word' id='word_1_163' title='bbox 2754 1390 2941 1456; x_wconf 87' lang='lat' dir='ltr'><strong>filiam,</strong></span> <span class='ocrx_word' id='word_1_164' title='bbox 2973 1392 3025 1444; x_wconf 91' lang='lat' dir='ltr'><strong>in</strong></span> <span class='ocrx_word' id='word_1_165' title='bbox 3047 1396 3394 1450; x_wconf 87' lang='lat' dir='ltr'><strong>matrimonio</strong></span> <span class='ocrx_word' id='word_1_166' title='bbox 3428 1398 3653 1454; x_wconf 86' lang='lat' dir='ltr'><strong>habens.</strong></span> 
     </span>
    </p>
   </div>
   <div class='ocr_carea' id='block_1_28' title="bbox 2070 1474 3642 1559">
    <p class='ocr_par' dir='ltr' id='par_1_28' title="bbox 2070 1474 3642 1559">
     <span class='ocr_line' id='line_1_29' title="bbox 2070 1474 3642 1559; baseline 0.012 -32"><span class='ocrx_word' id='word_1_167' title='bbox 2070 1474 2119 1528; x_wconf 91' lang='lat' dir='ltr'><strong>ls</strong></span> <span class='ocrx_word' id='word_1_168' title='bbox 2145 1477 2290 1527; x_wconf 89' lang='lat' dir='ltr'><strong>enim</strong></span> <span class='ocrx_word' id='word_1_169' title='bbox 2319 1477 2388 1529; x_wconf 89' lang='lat' dir='ltr'><strong>ad</strong></span> <span class='ocrx_word' id='word_1_170' title='bbox 2427 1493 2486 1531; x_wconf 88' lang='lat' dir='ltr'><strong>se</strong></span> <span class='ocrx_word' id='word_1_171' title='bbox 2508 1480 2678 1549; x_wconf 76' lang='lat' dir='ltr'><strong>magis</strong></span> <span class='ocrx_word' id='word_1_172' title='bbox 2703 1497 2866 1550; x_wconf 88' lang='lat' dir='ltr'><strong>quam</strong></span> <span class='ocrx_word' id='word_1_173' title='bbox 2925 1490 2991 1539; x_wconf 88' lang='lat' dir='ltr'><strong>ad</strong></span> <span class='ocrx_word' id='word_1_174' title='bbox 3017 1487 3294 1542; x_wconf 85' lang='lat' dir='ltr'><strong>Zenonem</strong></span> <span class='ocrx_word' id='word_1_175' title='bbox 3354 1491 3642 1559; x_wconf 84' lang='lat' dir='ltr'><strong>imperium</strong></span> 
     </span>
    </p>
   </div>
   <div class='ocr_carea' id='block_1_29' title="bbox 2067 1568 3641 1643">
    <p class='ocr_par' dir='ltr' id='par_1_29' title="bbox 2067 1568 3641 1643">
     <span class='ocr_line' id='line_1_30' title="bbox 2067 1568 3641 1643; baseline 0.012 -24"><span class='ocrx_word' id='word_1_176' title='bbox 2067 1568 2346 1635; x_wconf 77' lang='lat' dir='ltr'><strong>pertinere</strong></span> <span class='ocrx_word' id='word_1_177' title='bbox 2397 1571 2658 1637; x_wconf 90' lang='lat' dir='ltr'><strong>putabat,</strong></span> <span class='ocrx_word' id='word_1_178' title='bbox 2713 1578 2860 1643; x_wconf 87' lang='lat' dir='ltr'><strong>quod</strong></span> <span class='ocrx_word' id='word_1_179' title='bbox 2922 1579 3194 1632; x_wconf 88' lang='lat' dir='ltr'><strong>minorem</strong></span> <span class='ocrx_word' id='word_1_180' title='bbox 3257 1592 3388 1634; x_wconf 90' lang='lat' dir='ltr'><strong>natu</strong></span> <span class='ocrx_word' id='word_1_181' title='bbox 3441 1582 3641 1638; x_wconf 79' lang='lat' dir='ltr'><strong>Leonis</strong></span> 
     </span>
    </p>
   </div>
   <div class='ocr_carea' id='block_1_30' title="bbox 2070 1660 3636 1744">
    <p class='ocr_par' dir='ltr' id='par_1_30' title="bbox 2070 1660 3636 1744">
     <span class='ocr_line' id='line_1_31' title="bbox 2070 1660 3636 1744; baseline 0.013 -34"><span class='ocrx_word' id='word_1_182' title='bbox 2070 1660 2440 1730; x_wconf 83' lang='lat' dir='ltr'><strong>tiliam,quam</strong></span> <span class='ocrx_word' id='word_1_183' title='bbox 2479 1665 2556 1718; x_wconf 85' lang='lat' dir='ltr'><strong>illi</strong></span> <span class='ocrx_word' id='word_1_184' title='bbox 2592 1666 2793 1721; x_wconf 84' lang='lat' dir='ltr'><strong>Verina</strong></span> <span class='ocrx_word' id='word_1_185' title='bbox 2859 1670 3074 1736; x_wconf 87' lang='lat' dir='ltr'><strong>imperii</strong></span> <span class='ocrx_word' id='word_1_186' title='bbox 3131 1681 3379 1741; x_wconf 86' lang='lat' dir='ltr'><strong>tempore</strong></span> <span class='ocrx_word' id='word_1_187' title='bbox 3429 1677 3636 1744; x_wconf 76' lang='lat' dir='ltr'><strong>genuit,</strong></span> 
     </span>
    </p>
   </div>
   <div class='ocr_carea' id='block_1_31' title="bbox 398 1726 1960 1831">
    <p class='ocr_par' dir='ltr' id='par_1_31' title="bbox 398 1726 1960 1808">
     <span class='ocr_line' id='line_1_32' title="bbox 398 1726 1960 1808; baseline 0.019 -33"><span class='ocrx_word' id='word_1_188' title='bbox 398 1726 683 1795; x_wconf 74' lang='grc' dir='ltr'><strong>Ἀριάδνην</strong></span> <span class='ocrx_word' id='word_1_189' title='bbox 739 1729 1076 1800; x_wconf 79' lang='grc' dir='ltr'><strong>ἰδιοπραγῶν</strong></span> <span class='ocrx_word' id='word_1_190' title='bbox 1129 1734 1209 1788; x_wconf 80' lang='grc' dir='ltr'>ἔτι</span> <span class='ocrx_word' id='word_1_191' title='bbox 1251 1741 1462 1808; x_wconf 81' lang='grc' dir='ltr'>προῆγε</span> <span class='ocrx_word' id='word_1_192' title='bbox 1490 1756 1504 1771; x_wconf 90' lang='grc'>⁶</span> <span class='ocrx_word' id='word_1_193' title='bbox 1538 1745 1632 1797; x_wconf 72' lang='grc' dir='ltr'><strong>καὶ</strong></span> <span class='ocrx_word' id='word_1_194' title='bbox 1683 1747 1770 1800; x_wconf 75' lang='grc' dir='ltr'><strong>διὰ</strong></span> <span class='ocrx_word' id='word_1_195' title='bbox 1804 1726 1960 1804; x_wconf 77' lang='grc' dir='ltr'>τοῦτο</span> 
     </span>
    </p>
   </div>
   <div class='ocr_carea' id='block_1_32' title="bbox 2064 1726 3647 1831">
    <p class='ocr_par' dir='ltr' id='par_1_32' title="bbox 2069 1752 3647 1823">
     <span class='ocr_line' id='line_1_33' title="bbox 2069 1752 3647 1823; baseline 0.013 -21"><span class='ocrx_word' id='word_1_196' title='bbox 2069 1752 2352 1822; x_wconf 79' lang='lat' dir='ltr'><strong>conjugem</strong></span> <span class='ocrx_word' id='word_1_197' title='bbox 2401 1756 2653 1822; x_wconf 88' lang='lat' dir='ltr'><strong>haberet,</strong></span> <span class='ocrx_word' id='word_1_198' title='bbox 2703 1760 3000 1815; x_wconf 85' lang='lat' dir='ltr'><strong>Ariadnam</strong></span> <span class='ocrx_word' id='word_1_199' title='bbox 3060 1773 3245 1818; x_wconf 89' lang='lat' dir='ltr'><strong>autem</strong></span> <span class='ocrx_word' id='word_1_200' title='bbox 3298 1766 3408 1821; x_wconf 85' lang='lat' dir='ltr'><strong>Leo</strong></span> <span class='ocrx_word' id='word_1_201' title='bbox 3465 1765 3647 1823; x_wconf 72' lang='lat' dir='ltr'><strong>adhuc</strong></span> 
     </span>
    </p>
   </div>
   <div class='ocr_carea' id='block_1_33' title="bbox 382 1820 1972 1909">
    <p class='ocr_par' dir='ltr' id='par_1_33' title="bbox 382 1820 1972 1909">
     <span class='ocr_line' id='line_1_34' title="bbox 382 1820 1972 1909; baseline 0.014 -44"><span class='ocrx_word' id='word_1_202' title='bbox 382 1820 670 1887; x_wconf 62' lang='grc' dir='ltr'>τυραννεῖν</span> <span class='ocrx_word' id='word_1_203' title='bbox 701 1821 980 1890; x_wconf 76' lang='grc' dir='ltr'>ἐπειρᾶτο.</span> <span class='ocrx_word' id='word_1_204' title='bbox 1041 1826 1295 1896; x_wconf 78' lang='grc' dir='ltr'>Ἰσχυρᾶς</span> <span class='ocrx_word' id='word_1_205' title='bbox 1343 1830 1397 1882; x_wconf 85' lang='grc' dir='ltr'>δὲ</span> <span class='ocrx_word' id='word_1_206' title='bbox 1444 1833 1624 1905; x_wconf 81' lang='grc' dir='ltr'><strong>μάχης</strong></span> <span class='ocrx_word' id='word_1_207' title='bbox 1675 1842 1972 1909; x_wconf 75' lang='grc' dir='ltr'>συρῤαγεί-</span> 
     </span>
    </p>
   </div>
   <div class='ocr_carea' id='block_1_34' title="bbox 388 1913 1970 2006">
    <p class='ocr_par' dir='ltr' id='par_1_34' title="bbox 388 1913 1970 2006">
     <span class='ocr_line' id='line_1_35' title="bbox 388 1913 1970 2006; baseline 0.018 -47"><span class='ocrx_word' id='word_1_208' title='bbox 388 1928 489 1977; x_wconf 29' lang='grc' dir='ltr'>στάς</span> <span class='ocrx_word' id='word_1_209' title='bbox 514 1913 642 1980; x_wconf 78' lang='grc' dir='ltr'>περὶ</span> <span class='ocrx_word' id='word_1_210' title='bbox 696 1915 764 1966; x_wconf 84' lang='grc' dir='ltr'>τὰ</span> <span class='ocrx_word' id='word_1_211' title='bbox 819 1917 1120 1986; x_wconf 84' lang='grc' dir='ltr'><strong>ἀνάκτορα,</strong></span> <span class='ocrx_word' id='word_1_212' title='bbox 1168 1922 1328 1989; x_wconf 80' lang='grc' dir='ltr'>φόνος</span> <span class='ocrx_word' id='word_1_213' title='bbox 1387 1926 1735 1997; x_wconf 79' lang='grc' dir='ltr'>ἑκατέρωθεν</span> <span class='ocrx_word' id='word_1_214' title='bbox 1801 1936 1970 2006; x_wconf 72' lang='grc' dir='ltr'>ἐρρύη</span> 
     </span>
    </p>
   </div>
   <div class='ocr_carea' id='block_1_35' title="bbox 386 2003 1969 2084">
    <p class='ocr_par' dir='ltr' id='par_1_35' title="bbox 386 2003 1969 2084">
     <span class='ocr_line' id='line_1_36' title="bbox 386 2003 1969 2084; baseline 0.018 -30"><span class='ocrx_word' id='word_1_215' title='bbox 386 2003 552 2066; x_wconf 77' lang='grc' dir='ltr'>πολύς</span> <span class='ocrx_word' id='word_1_216' title='bbox 588 2021 602 2034; x_wconf 76' lang='grc' dir='ltr'><strong><em>ο</em></strong></span> <span class='ocrx_word' id='word_1_217' title='bbox 632 2007 663 2075; x_wconf 81' lang='grc' dir='ltr'>ἡ</span> <span class='ocrx_word' id='word_1_218' title='bbox 694 2007 816 2075; x_wconf 89' lang='grc' dir='ltr'>νίκη</span> <span class='ocrx_word' id='word_1_219' title='bbox 851 2008 895 2060; x_wconf 83' lang='grc' dir='ltr'>δ’</span> <span class='ocrx_word' id='word_1_220' title='bbox 928 2011 1079 2078; x_wconf 77' lang='grc' dir='ltr'>ὅμως</span> <span class='ocrx_word' id='word_1_221' title='bbox 1102 2014 1193 2066; x_wconf 76' lang='grc' dir='ltr'><strong>ἐπὶ</strong></span> <span class='ocrx_word' id='word_1_222' title='bbox 1214 2016 1531 2084; x_wconf 77' lang='grc' dir='ltr'>Μχρκιανὸν</span> <span class='ocrx_word' id='word_1_223' title='bbox 1576 2021 1792 2077; x_wconf 80' lang='grc' dir='ltr'>ἔϐαινεν</span> <span class='ocrx_word' id='word_1_224' title='bbox 1815 2042 1829 2056; x_wconf 74' lang='grc'><strong><em>⁸</em></strong></span> <span class='ocrx_word' id='word_1_225' title='bbox 1872 2030 1969 2081; x_wconf 84' lang='grc' dir='ltr'><strong>καί</strong></span> 
     </span>
    </p>
   </div>
   <div class='ocr_carea' id='block_1_36' title="bbox 383 2097 1967 2185">
    <p class='ocr_par' dir='ltr' id='par_1_36' title="bbox 383 2097 1967 2185">
     <span class='ocr_line' id='line_1_37' title="bbox 383 2097 1967 2185; baseline 0.018 -39"><span class='ocrx_word' id='word_1_226' title='bbox 383 2114 444 2162; x_wconf 84' lang='grc' dir='ltr'><strong>γε</strong></span> <span class='ocrx_word' id='word_1_227' title='bbox 479 2097 544 2148; x_wconf 77' lang='grc' dir='ltr'>ἂν</span> <span class='ocrx_word' id='word_1_228' title='bbox 569 2099 678 2151; x_wconf 85' lang='grc' dir='ltr'><strong>τῶν</strong></span> <span class='ocrx_word' id='word_1_229' title='bbox 697 2117 748 2151; x_wconf 81' lang='grc' dir='ltr'><strong>τε</strong></span> <span class='ocrx_word' id='word_1_230' title='bbox 779 2105 1074 2172; x_wconf 76' lang='grc' dir='ltr'><strong>σκήπτρων</strong></span> <span class='ocrx_word' id='word_1_231' title='bbox 1103 2107 1195 2159; x_wconf 81' lang='grc' dir='ltr'>καὶ</span> <span class='ocrx_word' id='word_1_232' title='bbox 1217 2109 1325 2160; x_wconf 85' lang='grc' dir='ltr'><strong>τῶν</strong></span> <span class='ocrx_word' id='word_1_233' title='bbox 1356 2111 1669 2185; x_wconf 78' lang='grc' dir='ltr'>ἀνακτόρων</span> <span class='ocrx_word' id='word_1_234' title='bbox 1701 2118 1760 2170; x_wconf 83' lang='grc' dir='ltr'><strong>ὲν</strong></span> <span class='ocrx_word' id='word_1_235' title='bbox 1797 2137 1967 2174; x_wconf 88' lang='grc' dir='ltr'>κατο-</span> 
     </span>
    </p>
   </div>
   <div class='ocr_carea' id='block_1_37' title="bbox 381 2183 1968 2278">
    <p class='ocr_par' dir='ltr' id='par_1_37' title="bbox 381 2183 1968 2278">
     <span class='ocr_line' id='line_1_38' title="bbox 381 2183 1968 2278; baseline -0.011 -36"><span class='ocrx_word' id='word_1_236' title='bbox 381 2193 448 2255; x_wconf 76' lang='grc' dir='ltr'>χῇ</span> <span class='ocrx_word' id='word_1_237' title='bbox 475 2183 562 2257; x_wconf 79' lang='grc' dir='ltr'><strong>ἦν,</strong></span> <span class='ocrx_word' id='word_1_238' title='bbox 586 2191 636 2241; x_wconf 78' lang='grc' dir='ltr'><strong>εί</strong></span> <span class='ocrx_word' id='word_1_239' title='bbox 675 2190 750 2259; x_wconf 83' lang='grc' dir='ltr'>μὴ</span> <span class='ocrx_word' id='word_1_240' title='bbox 789 2193 1022 2265; x_wconf 75' lang='grc' dir='ltr'>ἀναϐολῇ</span> <span class='ocrx_word' id='word_1_241' title='bbox 1057 2199 1333 2268; x_wconf 78' lang='grc' dir='ltr'>ἐχρήσατο</span> <span class='ocrx_word' id='word_1_242' title='bbox 1380 2206 1444 2270; x_wconf 81' lang='grc' dir='ltr'>τῇ</span> <span class='ocrx_word' id='word_1_243' title='bbox 1484 2183 1758 2276; x_wconf 82' lang='grc' dir='ltr'>ὲσαύριον,</span> <span class='ocrx_word' id='word_1_244' title='bbox 1813 2212 1968 2278; x_wconf 51' lang='grc' dir='ltr'><strong>Ὀξυ-</strong></span> 
     </span>
    </p>
   </div>
   <div class='ocr_carea' id='block_1_38' title="bbox 385 2280 1968 2366">
    <p class='ocr_par' dir='ltr' id='par_1_38' title="bbox 385 2280 1968 2366">
     <span class='ocr_line' id='line_1_39' title="bbox 385 2280 1968 2366; baseline 0.016 -37"><span class='ocrx_word' id='word_1_245' title='bbox 385 2281 554 2348; x_wconf 53' lang='lat' dir='ltr'><strong>its-ti};</strong></span> <span class='ocrx_word' id='word_1_246' title='bbox 585 2284 694 2351; x_wconf 74' lang='grc' dir='ltr'>γὰρ</span> <span class='ocrx_word' id='word_1_247' title='bbox 716 2284 870 2347; x_wconf 80' lang='grc' dir='ltr'>ἀετὸς</span> <span class='ocrx_word' id='word_1_248' title='bbox 898 2280 928 2338; x_wconf 76' lang='grc' dir='ltr'>ὅ</span> <span class='ocrx_word' id='word_1_249' title='bbox 948 2290 1143 2357; x_wconf 72' lang='grc' dir='ltr'>καιρὸς</span> <span class='ocrx_word' id='word_1_250' title='bbox 1175 2333 1187 2355; x_wconf 91' lang='grc'><strong>,</strong></span> <span class='ocrx_word' id='word_1_251' title='bbox 1226 2294 1318 2344; x_wconf 75' lang='grc' dir='ltr'>καὶ</span> <span class='ocrx_word' id='word_1_252' title='bbox 1359 2293 1633 2350; x_wconf 81' lang='grc' dir='ltr'>ἁλώσεταί</span> <span class='ocrx_word' id='word_1_253' title='bbox 1683 2317 1821 2366; x_wconf 78' lang='grc' dir='ltr'>πως,</span> <span class='ocrx_word' id='word_1_254' title='bbox 1862 2305 1968 2355; x_wconf 79' lang='grc' dir='ltr'>τινὶ</span> 
     </span>
    </p>
   </div>
   <div class='ocr_carea' id='block_1_39' title="bbox 387 2377 1966 2463">
    <p class='ocr_par' dir='ltr' id='par_1_39' title="bbox 387 2377 1966 2463">
     <span class='ocr_line' id='line_1_40' title="bbox 387 2377 1966 2463; baseline 0.016 -39"><span class='ocrx_word' id='word_1_255' title='bbox 387 2377 536 2442; x_wconf 82' lang='grc' dir='ltr'><strong>παρά</strong></span> <span class='ocrx_word' id='word_1_256' title='bbox 569 2378 733 2440; x_wconf 75' lang='grc' dir='ltr'>πόδας</span> <span class='ocrx_word' id='word_1_257' title='bbox 773 2377 866 2431; x_wconf 77' lang='grc' dir='ltr'>ἰών</span> <span class='ocrx_word' id='word_1_258' title='bbox 901 2396 914 2410; x_wconf 81' lang='grc'><strong><em>⁸</em></strong></span> <span class='ocrx_word' id='word_1_259' title='bbox 945 2383 994 2433; x_wconf 83' lang='grc' dir='ltr'><strong>εί</strong></span> <span class='ocrx_word' id='word_1_260' title='bbox 1039 2382 1083 2434; x_wconf 84' lang='grc' dir='ltr'>δ’</span> <span class='ocrx_word' id='word_1_261' title='bbox 1133 2387 1456 2456; x_wconf 74' lang='grc' dir='ltr'>ἀποόράσοι,</span> <span class='ocrx_word' id='word_1_262' title='bbox 1512 2391 1646 2459; x_wconf 65' lang='grc' dir='ltr'>ὑψοῦ</span> <span class='ocrx_word' id='word_1_263' title='bbox 1702 2397 1760 2456; x_wconf 78' lang='grc' dir='ltr'>ἐς</span> <span class='ocrx_word' id='word_1_264' title='bbox 1826 2398 1966 2463; x_wconf 66' lang='grc' dir='ltr'>ἀέρα</span> 
     </span>
    </p>
   </div>
   <div class='ocr_carea' id='block_1_40' title="bbox 383 2465 1965 2551">
    <p class='ocr_par' dir='ltr' id='par_1_40' title="bbox 383 2465 1965 2551">
     <span class='ocr_line' id='line_1_41' title="bbox 383 2465 1965 2551; baseline 0.016 -36"><span class='ocrx_word' id='word_1_265' title='bbox 383 2465 562 2533; x_wconf 71' lang='grc' dir='ltr'>βαίνει</span> <span class='ocrx_word' id='word_1_266' title='bbox 616 2470 914 2540; x_wconf 80' lang='grc' dir='ltr'>μετέωρος,</span> <span class='ocrx_word' id='word_1_267' title='bbox 940 2476 1258 2542; x_wconf 74' lang='grc' dir='ltr'>ἐπεγγελῶν</span> <span class='ocrx_word' id='word_1_268' title='bbox 1309 2481 1432 2542; x_wconf 73' lang='grc' dir='ltr'>τοὺς</span> <span class='ocrx_word' id='word_1_269' title='bbox 1455 2482 1780 2551; x_wconf 70' lang='grc' dir='ltr'>διώκοντας,</span> <span class='ocrx_word' id='word_1_270' title='bbox 1810 2489 1965 2540; x_wconf 72' lang='grc' dir='ltr'>οὐδα-</span> 
     </span>
    </p>
   </div>
   <div class='ocr_carea' id='block_1_41' title="bbox 383 2559 1961 2643">
    <p class='ocr_par' dir='ltr' id='par_1_41' title="bbox 383 2559 1961 2643">
     <span class='ocr_line' id='line_1_42' title="bbox 383 2559 1961 2643; baseline 0.014 -32"><span class='ocrx_word' id='word_1_271' title='bbox 383 2559 459 2629; x_wconf 76' lang='grc' dir='ltr'>μῆ</span> <span class='ocrx_word' id='word_1_272' title='bbox 489 2561 672 2624; x_wconf 75' lang='grc' dir='ltr'>αὐτοῖς</span> <span class='ocrx_word' id='word_1_273' title='bbox 702 2565 922 2633; x_wconf 70' lang='grc' dir='ltr'>ἐφικτὸς</span> <span class='ocrx_word' id='word_1_274' title='bbox 951 2564 1092 2621; x_wconf 77' lang='grc' dir='ltr'>εἶναι</span> <span class='ocrx_word' id='word_1_275' title='bbox 1119 2571 1342 2626; x_wconf 75' lang='grc' dir='ltr'>ἐθέλων.</span> <span class='ocrx_word' id='word_1_276' title='bbox 1371 2573 1589 2643; x_wconf 83' lang='grc' dir='ltr'>Ἀμέλει</span> <span class='ocrx_word' id='word_1_277' title='bbox 1610 2594 1692 2628; x_wconf 83' lang='grc' dir='ltr'><strong>τοι</strong></span> <span class='ocrx_word' id='word_1_278' title='bbox 1726 2580 1818 2631; x_wconf 79' lang='grc' dir='ltr'>καὶ</span> <span class='ocrx_word' id='word_1_279' title='bbox 1846 2581 1961 2634; x_wconf 80' lang='grc' dir='ltr'>ὅσοι</span> 
     </span>
    </p>
   </div>
   <div class='ocr_carea' id='block_1_42' title="bbox 379 2653 1962 2744">
    <p class='ocr_par' dir='ltr' id='par_1_42' title="bbox 379 2653 1962 2744">
     <span class='ocr_line' id='line_1_43' title="bbox 379 2653 1962 2744; baseline 0.013 -40"><span class='ocrx_word' id='word_1_280' title='bbox 379 2653 442 2722; x_wconf 78' lang='grc' dir='ltr'>δὴ</span> <span class='ocrx_word' id='word_1_281' title='bbox 481 2655 722 2708; x_wconf 82' lang='grc' dir='ltr'>πλάσται</span> <span class='ocrx_word' id='word_1_282' title='bbox 770 2661 864 2710; x_wconf 82' lang='grc' dir='ltr'>καὶ</span> <span class='ocrx_word' id='word_1_283' title='bbox 893 2659 1130 2730; x_wconf 62' lang='grc' dir='ltr'>γραφεῖς</span> <span class='ocrx_word' id='word_1_284' title='bbox 1157 2664 1380 2717; x_wconf 83' lang='grc' dir='ltr'>εἰκόνων</span> <span class='ocrx_word' id='word_1_285' title='bbox 1441 2668 1570 2730; x_wconf 73' lang='grc' dir='ltr'>εἰσὶ,</span> <span class='ocrx_word' id='word_1_286' title='bbox 1630 2671 1808 2738; x_wconf 84' lang='grc' dir='ltr'>κόμην</span> <span class='ocrx_word' id='word_1_287' title='bbox 1863 2674 1962 2744; x_wconf 83' lang='grc' dir='ltr'>μὲν</span> 
     </span>
    </p>
   </div>
   <div class='ocr_carea' id='block_1_43' title="bbox 379 2745 1964 2828">
    <p class='ocr_par' dir='ltr' id='par_1_43' title="bbox 379 2745 1964 2828">
     <span class='ocr_line' id='line_1_44' title="bbox 379 2745 1964 2828; baseline 0.012 -34"><span class='ocrx_word' id='word_1_288' title='bbox 379 2745 470 2796; x_wconf 79' lang='grc' dir='ltr'><strong>ἐπὶ</strong></span> <span class='ocrx_word' id='word_1_289' title='bbox 504 2745 744 2817; x_wconf 82' lang='grc' dir='ltr'>μετώπῳ</span> <span class='ocrx_word' id='word_1_290' title='bbox 782 2748 1039 2802; x_wconf 81' lang='grc' dir='ltr'>καθιᾶσιν</span> <span class='ocrx_word' id='word_1_291' title='bbox 1078 2752 1252 2822; x_wconf 83' lang='grc' dir='ltr'>αὐτῷ,</span> <span class='ocrx_word' id='word_1_292' title='bbox 1280 2755 1634 2826; x_wconf 77' lang='grc' dir='ltr'>ἀνθρωπίνην</span> <span class='ocrx_word' id='word_1_293' title='bbox 1661 2761 1964 2828; x_wconf 79' lang='grc' dir='ltr'>περιπλάτ-</span> 
     </span>
    </p>
   </div>
   <div class='ocr_carea' id='block_1_44' title="bbox 377 2840 1961 2921">
    <p class='ocr_par' dir='ltr' id='par_1_44' title="bbox 377 2840 1961 2921">
     <span class='ocr_line' id='line_1_45' title="bbox 377 2840 1961 2921; baseline 0.013 -35"><span class='ocrx_word' id='word_1_294' title='bbox 377 2852 561 2900; x_wconf 69' lang='grc' dir='ltr'>τοντες</span> <span class='ocrx_word' id='word_1_295' title='bbox 596 2840 841 2912; x_wconf 78' lang='grc' dir='ltr'>κεφαλήν</span> <span class='ocrx_word' id='word_1_296' title='bbox 879 2855 894 2870; x_wconf 83' lang='grc'><strong><em>⁸</em></strong></span> <span class='ocrx_word' id='word_1_297' title='bbox 922 2843 989 2895; x_wconf 79' lang='grc' dir='ltr'><strong>τὰ</strong></span> <span class='ocrx_word' id='word_1_298' title='bbox 1016 2845 1061 2895; x_wconf 86' lang='grc' dir='ltr'>δ’</span> <span class='ocrx_word' id='word_1_299' title='bbox 1109 2846 1336 2898; x_wconf 68' lang='grc' dir='ltr'>ὄπισθεν</span> <span class='ocrx_word' id='word_1_300' title='bbox 1370 2851 1501 2917; x_wconf 78' lang='grc' dir='ltr'>περὶ</span> <span class='ocrx_word' id='word_1_301' title='bbox 1532 2851 1623 2902; x_wconf 85' lang='grc' dir='ltr'><strong>τὸν</strong></span> <span class='ocrx_word' id='word_1_302' title='bbox 1649 2854 1961 2921; x_wconf 67' lang='grc' dir='ltr'>ἐγκέφαλον</span> 
     </span>
    </p>
   </div>
   <div class='ocr_carea' id='block_1_45' title="bbox 378 2924 1964 3006">
    <p class='ocr_par' dir='ltr' id='par_1_45' title="bbox 378 2924 1964 3006">
     <span class='ocr_line' id='line_1_46' title="bbox 378 2924 1964 3006; baseline 0.001 -14"><span class='ocrx_word' id='word_1_303' title='bbox 378 2926 435 2975; x_wconf 68' lang='grc' dir='ltr'><strong>έν</strong></span> <span class='ocrx_word' id='word_1_304' title='bbox 459 2924 577 2994; x_wconf 77' lang='grc' dir='ltr'><strong>χρῷ</strong></span> <span class='ocrx_word' id='word_1_305' title='bbox 615 2926 840 2995; x_wconf 73' lang='grc' dir='ltr'><strong>ξυρῶσι,</strong></span> <span class='ocrx_word' id='word_1_306' title='bbox 873 2930 1052 2998; x_wconf 81' lang='grc' dir='ltr'>σοφῶς</span> <span class='ocrx_word' id='word_1_307' title='bbox 1083 2933 1231 3001; x_wconf 82' lang='grc' dir='ltr'>μάλα</span> <span class='ocrx_word' id='word_1_308' title='bbox 1287 2936 1746 3006; x_wconf 81' lang='grc' dir='ltr'>ὑπαινιττόμενοι,</span> <span class='ocrx_word' id='word_1_309' title='bbox 1803 2943 1878 3004; x_wconf 80' lang='grc' dir='ltr'><strong>ὡς</strong></span> <span class='ocrx_word' id='word_1_310' title='bbox 1911 2943 1964 2993; x_wconf 78' lang='grc' dir='ltr'>εἴ</span> 
     </span>
    </p>
   </div>
   <div class='ocr_carea' id='block_1_46' title="bbox 378 3017 1958 3105">
    <p class='ocr_par' dir='ltr' id='par_1_46' title="bbox 378 3017 1958 3105">
     <span class='ocr_line' id='line_1_47' title="bbox 378 3017 1958 3105; baseline 0.012 -36"><span class='ocrx_word' id='word_1_311' title='bbox 378 3017 430 3084; x_wconf 82' lang='grc' dir='ltr'>γ’</span> <span class='ocrx_word' id='word_1_312' title='bbox 455 3019 787 3084; x_wconf 81' lang='grc' dir='ltr'>ὀπισθόπους</span> <span class='ocrx_word' id='word_1_313' title='bbox 814 3021 890 3075; x_wconf 82' lang='grc' dir='ltr'>ὢν</span> <span class='ocrx_word' id='word_1_314' title='bbox 939 3025 1114 3094; x_wconf 77' lang='grc' dir='ltr'>τύχοι,</span> <span class='ocrx_word' id='word_1_315' title='bbox 1144 3028 1222 3094; x_wconf 80' lang='grc' dir='ltr'>τῷ</span> <span class='ocrx_word' id='word_1_316' title='bbox 1285 3029 1600 3098; x_wconf 71' lang='grc' dir='ltr'>καθειμένῳ</span> <span class='ocrx_word' id='word_1_317' title='bbox 1629 3035 1725 3098; x_wconf 79' lang='grc' dir='ltr'><strong>τῆς</strong></span> <span class='ocrx_word' id='word_1_318' title='bbox 1779 3037 1958 3105; x_wconf 82' lang='grc' dir='ltr'>κόμης</span> 
     </span>
    </p>
   </div>
   <div class='ocr_carea' id='block_1_47' title="bbox 2075 1844 3650 1914">
    <p class='ocr_par' dir='ltr' id='par_1_47' title="bbox 2075 1844 3650 1914">
     <span class='ocr_line' id='line_1_48' title="bbox 2075 1844 3650 1914; baseline 0.014 -22"><span class='ocrx_word' id='word_1_319' title='bbox 2075 1844 2321 1912; x_wconf 82' lang='lat' dir='ltr'><strong>privatus</strong></span> <span class='ocrx_word' id='word_1_320' title='bbox 2351 1862 2415 1900; x_wconf 82' lang='lat' dir='ltr'><strong>ex</strong></span> <span class='ocrx_word' id='word_1_321' title='bbox 2442 1865 2610 1904; x_wconf 79' lang='lat' dir='ltr'><strong>uxore</strong></span> <span class='ocrx_word' id='word_1_322' title='bbox 2642 1866 2736 1904; x_wconf 84' lang='lat' dir='ltr'><strong>sua</strong></span> <span class='ocrx_word' id='word_1_323' title='bbox 2770 1855 3108 1909; x_wconf 75' lang='lat' dir='ltr'><strong>sustulisset.</strong></span> <span class='ocrx_word' id='word_1_324' title='bbox 3158 1856 3291 1910; x_wconf 82' lang='lat' dir='ltr'><strong>Eam</strong></span> <span class='ocrx_word' id='word_1_325' title='bbox 3317 1859 3388 1912; x_wconf 91' lang='lat' dir='ltr'><strong>ob</strong></span> <span class='ocrx_word' id='word_1_326' title='bbox 3430 1874 3650 1914; x_wconf 89' lang='lat' dir='ltr'><strong>causam</strong></span> 
     </span>
    </p>
   </div>
   <div class='ocr_carea' id='block_1_48' title="bbox 2072 1936 3638 2019">
    <p class='ocr_par' dir='ltr' id='par_1_48' title="bbox 2072 1936 3638 2019">
     <span class='ocr_line' id='line_1_49' title="bbox 2072 1936 3638 2019; baseline 0.008 -29"><span class='ocrx_word' id='word_1_327' title='bbox 2072 1936 2383 1993; x_wconf 81' lang='lat' dir='ltr'><strong>Marcianus</strong></span> <span class='ocrx_word' id='word_1_328' title='bbox 2413 1941 2476 1994; x_wconf 89' lang='lat' dir='ltr'><strong>ad</strong></span> <span class='ocrx_word' id='word_1_329' title='bbox 2512 1942 2856 2010; x_wconf 77' lang='lat' dir='ltr'><strong>tyrannidem</strong></span> <span class='ocrx_word' id='word_1_330' title='bbox 2899 1948 3190 2014; x_wconf 79' lang='lat' dir='ltr'><strong>spectavit.</strong></span> <span class='ocrx_word' id='word_1_331' title='bbox 3221 1949 3286 2002; x_wconf 88' lang='lat' dir='ltr'><strong>Et</strong></span> <span class='ocrx_word' id='word_1_332' title='bbox 3339 1965 3517 2019; x_wconf 80' lang='lat' dir='ltr'><strong>pugna</strong></span> <span class='ocrx_word' id='word_1_333' title='bbox 3573 1953 3638 2005; x_wconf 88' lang='lat' dir='ltr'><strong>ad</strong></span> 
     </span>
    </p>
   </div>
   <div class='ocr_carea' id='block_1_49' title="bbox 2072 2028 3648 2112">
    <p class='ocr_par' dir='ltr' id='par_1_49' title="bbox 2072 2028 3648 2112">
     <span class='ocr_line' id='line_1_50' title="bbox 2072 2028 3648 2112; baseline 0.011 -31"><span class='ocrx_word' id='word_1_334' title='bbox 2072 2028 2358 2098; x_wconf 84' lang='lat' dir='ltr'><strong>imperiale</strong></span> <span class='ocrx_word' id='word_1_335' title='bbox 2406 2034 2666 2100; x_wconf 83' lang='lat' dir='ltr'><strong>palatium</strong></span> <span class='ocrx_word' id='word_1_336' title='bbox 2723 2037 3038 2102; x_wconf 87' lang='lat' dir='ltr'><strong>commissa,</strong></span> <span class='ocrx_word' id='word_1_337' title='bbox 3119 2041 3297 2097; x_wconf 71' lang='lat' dir='ltr'><strong>ca2des</strong></span> <span class='ocrx_word' id='word_1_338' title='bbox 3386 2045 3648 2112; x_wconf 87' lang='lat' dir='ltr'><strong>utrinque</strong></span> 
     </span>
    </p>
   </div>
   <div class='ocr_carea' id='block_1_50' title="bbox 2069 2119 3649 2202">
    <p class='ocr_par' dir='ltr' id='par_1_50' title="bbox 2069 2119 3649 2202">
     <span class='ocr_line' id='line_1_51' title="bbox 2069 2119 3649 2202; baseline 0.011 -31"><span class='ocrx_word' id='word_1_339' title='bbox 2069 2119 2210 2172; x_wconf 87' lang='lat' dir='ltr'><strong>facta</strong></span> <span class='ocrx_word' id='word_1_340' title='bbox 2235 2121 2445 2186; x_wconf 78' lang='lat' dir='ltr'><strong>ingens,</strong></span> <span class='ocrx_word' id='word_1_341' title='bbox 2472 2124 2644 2193; x_wconf 76' lang='lat'><strong>688</strong></span> <span class='ocrx_word' id='word_1_342' title='bbox 2671 2135 2726 2180; x_wconf 89' lang='lat' dir='ltr'><strong>et</strong></span> <span class='ocrx_word' id='word_1_343' title='bbox 2757 2128 2985 2181; x_wconf 89' lang='lat' dir='ltr'><strong>victoria</strong></span> <span class='ocrx_word' id='word_1_344' title='bbox 3015 2129 3274 2184; x_wconf 85' lang='lat' dir='ltr'><strong>Marciani</strong></span> <span class='ocrx_word' id='word_1_345' title='bbox 3309 2133 3434 2186; x_wconf 89' lang='lat' dir='ltr'><strong>fuit.</strong></span> <span class='ocrx_word' id='word_1_346' title='bbox 3467 2134 3649 2202; x_wconf 85' lang='lat' dir='ltr'><strong>Atque</strong></span> 
     </span>
    </p>
   </div>
   <div class='ocr_carea' id='block_1_51' title="bbox 2070 2203 3648 2296">
    <p class='ocr_par' dir='ltr' id='par_1_51' title="bbox 2070 2203 3648 2296">
     <span class='ocr_line' id='line_1_52' title="bbox 2070 2203 3648 2296; baseline 0.011 -32"><span class='ocrx_word' id='word_1_347' title='bbox 2070 2211 2164 2265; x_wconf 86' lang='lat' dir='ltr'><strong>ille</strong></span> <span class='ocrx_word' id='word_1_348' title='bbox 2191 2223 2248 2265; x_wconf 90' lang='lat' dir='ltr'><strong>et</strong></span> <span class='ocrx_word' id='word_1_349' title='bbox 2275 2224 2492 2282; x_wconf 81' lang='lat' dir='ltr'><strong>sceptro</strong></span> <span class='ocrx_word' id='word_1_350' title='bbox 2518 2203 2726 2284; x_wconf 88' lang='lat' dir='ltr'><strong>potitus</strong></span> <span class='ocrx_word' id='word_1_351' title='bbox 2753 2229 2919 2284; x_wconf 82' lang='lat' dir='ltr'><strong>esset,</strong></span> <span class='ocrx_word' id='word_1_352' title='bbox 2953 2231 3008 2275; x_wconf 92' lang='lat' dir='ltr'><strong>et</strong></span> <span class='ocrx_word' id='word_1_353' title='bbox 3064 2224 3328 2291; x_wconf 87' lang='lat' dir='ltr'><strong>palatium</strong></span> <span class='ocrx_word' id='word_1_354' title='bbox 3381 2241 3648 2296; x_wconf 82' lang='lat' dir='ltr'><strong>occupas-</strong></span> 
     </span>
    </p>
   </div>
   <div class='ocr_carea' id='block_1_52' title="bbox 2067 2302 3646 2371">
    <p class='ocr_par' dir='ltr' id='par_1_52' title="bbox 2067 2302 3646 2371">
     <span class='ocr_line' id='line_1_53' title="bbox 2067 2302 3646 2371; baseline 0.011 -17"><span class='ocrx_word' id='word_1_355' title='bbox 2067 2310 2173 2362; x_wconf 86' lang='lat' dir='ltr'><strong>set,</strong></span> <span class='ocrx_word' id='word_1_356' title='bbox 2205 2302 2310 2355; x_wconf 91' lang='lat' dir='ltr'><strong>nisi</strong></span> <span class='ocrx_word' id='word_1_357' title='bbox 2350 2319 2464 2356; x_wconf 88' lang='lat' dir='ltr'><strong>rem</strong></span> <span class='ocrx_word' id='word_1_358' title='bbox 2505 2305 2559 2358; x_wconf 93' lang='lat' dir='ltr'><strong>in</strong></span> <span class='ocrx_word' id='word_1_359' title='bbox 2620 2311 2925 2364; x_wconf 81' lang='lat' dir='ltr'><strong>crastinum</strong></span> <span class='ocrx_word' id='word_1_360' title='bbox 2963 2313 3292 2368; x_wconf 68' lang='lat' dir='ltr'><strong>distulisset.</strong></span> <span class='ocrx_word' id='word_1_361' title='bbox 3351 2315 3646 2371; x_wconf 74' lang='lat' dir='ltr'><strong>Celeri-ima</strong></span> 
     </span>
    </p>
   </div>
   <div class='ocr_carea' id='block_1_53' title="bbox 2069 2397 3650 2473">
    <p class='ocr_par' dir='ltr' id='par_1_53' title="bbox 2069 2397 3650 2473">
     <span class='ocr_line' id='line_1_54' title="bbox 2069 2397 3650 2473; baseline 0.012 -29"><span class='ocrx_word' id='word_1_362' title='bbox 2069 2408 2310 2461; x_wconf 86' lang='lat' dir='ltr'><strong>namque</strong></span> <span class='ocrx_word' id='word_1_363' title='bbox 2336 2397 2516 2463; x_wconf 84' lang='lat' dir='ltr'><strong>aquila</strong></span> <span class='ocrx_word' id='word_1_364' title='bbox 2548 2409 2630 2450; x_wconf 85' lang='lat' dir='ltr'><strong>est</strong></span> <span class='ocrx_word' id='word_1_365' title='bbox 2660 2402 2924 2468; x_wconf 83' lang='lat' dir='ltr'><strong>temporis</strong></span> <span class='ocrx_word' id='word_1_366' title='bbox 2947 2407 3334 2473; x_wconf 86' lang='lat' dir='ltr'><strong>opportunitas</strong></span> <span class='ocrx_word' id='word_1_367' title='bbox 3363 2417 3420 2460; x_wconf 91' lang='lat' dir='ltr'><strong>ct</strong></span> <span class='ocrx_word' id='word_1_368' title='bbox 3489 2425 3650 2462; x_wconf 85' lang='lat' dir='ltr'><strong>occa-</strong></span> 
     </span>
    </p>
   </div>
   <div class='ocr_carea' id='block_1_54' title="bbox 2065 2485 3642 2568">
    <p class='ocr_par' dir='ltr' id='par_1_54' title="bbox 2065 2485 3642 2568">
     <span class='ocr_line' id='line_1_55' title="bbox 2065 2485 3642 2568; baseline 0.011 -30"><span class='ocrx_word' id='word_1_369' title='bbox 2065 2485 2146 2538; x_wconf 88' lang='lat' dir='ltr'><strong>sio</strong></span> <span class='ocrx_word' id='word_1_370' title='bbox 2180 2503 2194 2539; x_wconf 92' lang='lat'><strong>:</strong></span> <span class='ocrx_word' id='word_1_371' title='bbox 2233 2504 2354 2556; x_wconf 68' lang='lat' dir='ltr'><strong>quae</strong></span> <span class='ocrx_word' id='word_1_372' title='bbox 2392 2491 2456 2543; x_wconf 88' lang='lat' dir='ltr'><strong>ad</strong></span> <span class='ocrx_word' id='word_1_373' title='bbox 2489 2493 2655 2559; x_wconf 91' lang='lat' dir='ltr'><strong>pedes</strong></span> <span class='ocrx_word' id='word_1_374' title='bbox 2695 2493 2978 2559; x_wconf 86' lang='lat' dir='ltr'><strong>advolans,</strong></span> <span class='ocrx_word' id='word_1_375' title='bbox 3008 2499 3184 2565; x_wconf 88' lang='lat' dir='ltr'><strong>capia</strong></span> <span class='ocrx_word' id='word_1_376' title='bbox 3222 2501 3482 2568; x_wconf 84' lang='lat' dir='ltr'><strong>quopiam</strong></span> <span class='ocrx_word' id='word_1_377' title='bbox 3543 2517 3642 2568; x_wconf 56' lang='lat' dir='ltr'><strong>po-</strong></span> 
     </span>
    </p>
   </div>
   <div class='ocr_carea' id='block_1_55' title="bbox 2065 2580 3644 2650">
    <p class='ocr_par' dir='ltr' id='par_1_55' title="bbox 2065 2580 3644 2650">
     <span class='ocr_line' id='line_1_56' title="bbox 2065 2580 3644 2650; baseline 0.011 -20"><span class='ocrx_word' id='word_1_378' title='bbox 2065 2585 2172 2631; x_wconf 79' lang='lat' dir='ltr'><strong>test</strong></span> <span class='ocrx_word' id='word_1_379' title='bbox 2207 2595 2219 2630; x_wconf 89' lang='lat'><strong>:</strong></span> <span class='ocrx_word' id='word_1_380' title='bbox 2255 2580 2340 2632; x_wconf 89' lang='lat' dir='ltr'><strong>sin</strong></span> <span class='ocrx_word' id='word_1_381' title='bbox 2378 2582 2645 2650; x_wconf 78' lang='lat' dir='ltr'><strong>aufugiat,</strong></span> <span class='ocrx_word' id='word_1_382' title='bbox 2681 2584 2736 2637; x_wconf 92' lang='lat' dir='ltr'><strong>in</strong></span> <span class='ocrx_word' id='word_1_383' title='bbox 2785 2586 2958 2640; x_wconf 86' lang='lat' dir='ltr'><strong>altum</strong></span> <span class='ocrx_word' id='word_1_384' title='bbox 2995 2605 3178 2643; x_wconf 89' lang='lat' dir='ltr'><strong>aerem</strong></span> <span class='ocrx_word' id='word_1_385' title='bbox 3213 2592 3463 2645; x_wconf 87' lang='lat' dir='ltr'><strong>sublimis</strong></span> <span class='ocrx_word' id='word_1_386' title='bbox 3510 2595 3644 2647; x_wconf 87' lang='lat' dir='ltr'><strong>sub-</strong></span> 
     </span>
    </p>
   </div>
   <div class='ocr_carea' id='block_1_56' title="bbox 2062 2670 3640 2753">
    <p class='ocr_par' dir='ltr' id='par_1_56' title="bbox 2062 2670 3640 2753">
     <span class='ocr_line' id='line_1_57' title="bbox 2062 2670 3640 2753; baseline 0.01 -30"><span class='ocrx_word' id='word_1_387' title='bbox 2062 2670 2190 2733; x_wconf 89' lang='lat' dir='ltr'><strong>lata,</strong></span> <span class='ocrx_word' id='word_1_388' title='bbox 2216 2687 2313 2726; x_wconf 91' lang='lat' dir='ltr'><strong>eos</strong></span> <span class='ocrx_word' id='word_1_389' title='bbox 2356 2675 2450 2742; x_wconf 89' lang='lat' dir='ltr'><strong>qui</strong></span> <span class='ocrx_word' id='word_1_390' title='bbox 2482 2690 2540 2729; x_wconf 90' lang='lat' dir='ltr'><strong>se</strong></span> <span class='ocrx_word' id='word_1_391' title='bbox 2582 2688 2991 2746; x_wconf 75' lang='lat' dir='ltr'><strong>persequuntur</strong></span> <span class='ocrx_word' id='word_1_392' title='bbox 3023 2681 3188 2748; x_wconf 85' lang='lat' dir='ltr'><strong>ridet,</strong></span> <span class='ocrx_word' id='word_1_393' title='bbox 3246 2700 3424 2753; x_wconf 86' lang='lat' dir='ltr'><strong>neque</strong></span> <span class='ocrx_word' id='word_1_394' title='bbox 3469 2699 3526 2739; x_wconf 90' lang='lat' dir='ltr'><strong>ut</strong></span> <span class='ocrx_word' id='word_1_395' title='bbox 3575 2689 3640 2739; x_wconf 87' lang='lat' dir='ltr'><strong>ad</strong></span> 
     </span>
    </p>
   </div>
   <div class='ocr_carea' id='block_1_57' title="bbox 2061 2765 3640 2844">
    <p class='ocr_par' dir='ltr' id='par_1_57' title="bbox 2061 2765 3640 2844">
     <span class='ocr_line' id='line_1_58' title="bbox 2061 2765 3640 2844; baseline 0.009 -27"><span class='ocrx_word' id='word_1_396' title='bbox 2061 2778 2156 2817; x_wconf 87' lang='lat' dir='ltr'><strong>eos</strong></span> <span class='ocrx_word' id='word_1_397' title='bbox 2179 2765 2384 2827; x_wconf 87' lang='lat' dir='ltr'><strong>redeat,</strong></span> <span class='ocrx_word' id='word_1_398' title='bbox 2423 2767 2752 2822; x_wconf 89' lang='lat' dir='ltr'><strong>inanimum</strong></span> <span class='ocrx_word' id='word_1_399' title='bbox 2813 2771 3043 2827; x_wconf 90' lang='lat' dir='ltr'><strong>inducit.</strong></span> <span class='ocrx_word' id='word_1_400' title='bbox 3104 2772 3346 2829; x_wconf 85' lang='lat' dir='ltr'><strong>Proinde</strong></span> <span class='ocrx_word' id='word_1_401' title='bbox 3403 2781 3640 2844; x_wconf 75' lang='lat' dir='ltr'><strong>quit-un-</strong></span> 
     </span>
    </p>
   </div>
   <div class='ocr_carea' id='block_1_58' title="bbox 2075 2853 3639 2932">
    <p class='ocr_par' dir='ltr' id='par_1_58' title="bbox 2075 2853 3639 2932">
     <span class='ocr_line' id='line_1_59' title="bbox 2075 2853 3639 2932; baseline 0.012 -28"><span class='ocrx_word' id='word_1_402' title='bbox 2075 2868 2182 2922; x_wconf 89' lang='lat' dir='ltr'><strong>que</strong></span> <span class='ocrx_word' id='word_1_403' title='bbox 2218 2853 2486 2924; x_wconf 74' lang='lat' dir='ltr'><strong>imagines</strong></span> <span class='ocrx_word' id='word_1_404' title='bbox 2516 2859 2601 2910; x_wconf 97' lang='lat' dir='ltr'><strong>vel</strong></span> <span class='ocrx_word' id='word_1_405' title='bbox 2629 2861 2881 2929; x_wconf 75' lang='lat' dir='ltr'><strong>pingunt,</strong></span> <span class='ocrx_word' id='word_1_406' title='bbox 2915 2863 2998 2916; x_wconf 91' lang='lat' dir='ltr'><strong>vel</strong></span> <span class='ocrx_word' id='word_1_407' title='bbox 3059 2865 3287 2932; x_wconf 82' lang='lat' dir='ltr'><strong>tingunt,</strong></span> <span class='ocrx_word' id='word_1_408' title='bbox 3349 2866 3639 2922; x_wconf 83' lang='lat' dir='ltr'><strong>Occasinni</strong></span> 
     </span>
    </p>
   </div>
   <div class='ocr_carea' id='block_1_59' title="bbox 2060 2946 3641 3016">
    <p class='ocr_par' dir='ltr' id='par_1_59' title="bbox 2060 2946 3641 3016">
     <span class='ocr_line' id='line_1_60' title="bbox 2060 2946 3641 3016; baseline 0.009 -18"><span class='ocrx_word' id='word_1_409' title='bbox 2060 2954 2225 3013; x_wconf 78' lang='lat' dir='ltr'><strong>caput</strong></span> <span class='ocrx_word' id='word_1_410' title='bbox 2254 2946 2551 3001; x_wconf 89' lang='lat' dir='ltr'><strong>humanum</strong></span> <span class='ocrx_word' id='word_1_411' title='bbox 2581 2952 2909 3016; x_wconf 86' lang='lat' dir='ltr'><strong>tribuentes,</strong></span> <span class='ocrx_word' id='word_1_412' title='bbox 2951 2970 3165 3008; x_wconf 83' lang='lat' dir='ltr'><strong>comam</strong></span> <span class='ocrx_word' id='word_1_413' title='bbox 3205 2957 3258 3010; x_wconf 92' lang='lat' dir='ltr'><strong>in</strong></span> <span class='ocrx_word' id='word_1_414' title='bbox 3319 2959 3496 3011; x_wconf 87' lang='lat' dir='ltr'><strong>fronte</strong></span> <span class='ocrx_word' id='word_1_415' title='bbox 3542 2962 3641 3012; x_wconf 89' lang='lat' dir='ltr'><strong>de-</strong></span> 
     </span>
    </p>
   </div>
   <div class='ocr_carea' id='block_1_60' title="bbox 2062 3038 3639 3119">
    <p class='ocr_par' dir='ltr' id='par_1_60' title="bbox 2062 3038 3639 3119">
     <span class='ocr_line' id='line_1_61' title="bbox 2062 3038 3639 3119; baseline 0.01 -31"><span class='ocrx_word' id='word_1_416' title='bbox 2062 3038 2309 3098; x_wconf 89' lang='lat' dir='ltr'><strong>mittunt,</strong></span> <span class='ocrx_word' id='word_1_417' title='bbox 2347 3041 2666 3109; x_wconf 77' lang='lat' dir='ltr'><strong>occipitium</strong></span> <span class='ocrx_word' id='word_1_418' title='bbox 2703 3054 2884 3097; x_wconf 85' lang='lat' dir='ltr'><strong>autem</strong></span> <span class='ocrx_word' id='word_1_419' title='bbox 2937 3046 3002 3100; x_wconf 88' lang='lat' dir='ltr'><strong>ad</strong></span> <span class='ocrx_word' id='word_1_420' title='bbox 3043 3047 3218 3115; x_wconf 89' lang='lat' dir='ltr'><strong>ipsam</strong></span> <span class='ocrx_word' id='word_1_421' title='bbox 3253 3065 3423 3119; x_wconf 80' lang='lat' dir='ltr'><strong>usque</strong></span> <span class='ocrx_word' id='word_1_422' title='bbox 3470 3055 3639 3106; x_wconf 85' lang='lat' dir='ltr'><strong>cutim</strong></span> 
     </span>
    </p>
   </div>
   <div class='ocr_carea' id='block_1_61' title="bbox 378 3109 1960 3209">
    <p class='ocr_par' dir='ltr' id='par_1_61' title="bbox 378 3109 1950 3202">
     <span class='ocr_line' id='line_1_62' title="bbox 378 3109 1950 3202; baseline 0.013 -43"><span class='ocrx_word' id='word_1_423' title='bbox 378 3109 512 3173; x_wconf 82' lang='grc' dir='ltr'>ίσως</span> <span class='ocrx_word' id='word_1_424' title='bbox 535 3111 807 3166; x_wconf 83' lang='grc' dir='ltr'>ἁλώσεται</span> <span class='ocrx_word' id='word_1_425' title='bbox 829 3131 845 3146; x_wconf 87' lang='grc'>⁶</span> <span class='ocrx_word' id='word_1_426' title='bbox 878 3116 1190 3184; x_wconf 78' lang='grc' dir='ltr'>ἔμπροσθεν</span> <span class='ocrx_word' id='word_1_427' title='bbox 1250 3120 1306 3172; x_wconf 75' lang='grc' dir='ltr'>δὲ</span> <span class='ocrx_word' id='word_1_428' title='bbox 1343 3121 1422 3172; x_wconf 84' lang='grc' dir='ltr'>τὼ</span> <span class='ocrx_word' id='word_1_429' title='bbox 1455 3122 1581 3175; x_wconf 80' lang='grc' dir='ltr'>πόδε</span> <span class='ocrx_word' id='word_1_430' title='bbox 1636 3127 1950 3202; x_wconf 72' lang='grc' dir='ltr'>γενόμενος,</span> 
     </span>
    </p>
   </div>
   <div class='ocr_carea' id='block_1_62' title="bbox 2064 3109 3640 3209">
    <p class='ocr_par' dir='ltr' id='par_1_62' title="bbox 2064 3131 3640 3209">
     <span class='ocr_line' id='line_1_63' title="bbox 2064 3131 3640 3209; baseline 0.01 -29"><span class='ocrx_word' id='word_1_431' title='bbox 2064 3131 2306 3191; x_wconf 89' lang='lat' dir='ltr'><strong>tondent,</strong></span> <span class='ocrx_word' id='word_1_432' title='bbox 2345 3131 2689 3188; x_wconf 88' lang='lat' dir='ltr'><strong>subobscure</strong></span> <span class='ocrx_word' id='word_1_433' title='bbox 2721 3136 2968 3203; x_wconf 85' lang='lat' dir='ltr'><strong>quidem,</strong></span> <span class='ocrx_word' id='word_1_434' title='bbox 3021 3140 3115 3194; x_wconf 88' lang='lat' dir='ltr'><strong>sed</strong></span> <span class='ocrx_word' id='word_1_435' title='bbox 3144 3142 3424 3209; x_wconf 77' lang='lat' dir='ltr'><strong>sapienter</strong></span> <span class='ocrx_word' id='word_1_436' title='bbox 3446 3144 3640 3195; x_wconf 87' lang='lat' dir='ltr'><strong>admo-</strong></span> 
     </span>
    </p>
   </div>
   <div class='ocr_carea' id='block_1_63' title="bbox 383 3206 1957 3286">
    <p class='ocr_par' dir='ltr' id='par_1_63' title="bbox 383 3206 1957 3286">
     <span class='ocr_line' id='line_1_64' title="bbox 383 3206 1957 3286; baseline 0.011 -30"><span class='ocrx_word' id='word_1_437' title='bbox 383 3206 707 3273; x_wconf 88' lang='grc' dir='ltr'>κρατεῖσθαι</span> <span class='ocrx_word' id='word_1_438' title='bbox 744 3209 946 3277; x_wconf 75' lang='grc' dir='ltr'>ἥκιστα</span> <span class='ocrx_word' id='word_1_439' title='bbox 978 3212 1159 3280; x_wconf 77' lang='grc' dir='ltr'>ῥᾴδιος</span> <span class='ocrx_word' id='word_1_440' title='bbox 1194 3218 1542 3269; x_wconf 63' lang='grc' dir='ltr'>παντάπασιν</span> <span class='ocrx_word' id='word_1_441' title='bbox 1594 3220 1957 3286; x_wconf 58' lang='grc' dir='ltr'>ἁποτεύγων·</span> 
     </span>
    </p>
   </div>
   <div class='ocr_carea' id='block_1_64' title="bbox 381 3297 1960 3380">
    <p class='ocr_par' dir='ltr' id='par_1_64' title="bbox 381 3297 1960 3380">
     <span class='ocr_line' id='line_1_65' title="bbox 381 3297 1960 3380; baseline 0.012 -33"><span class='ocrx_word' id='word_1_442' title='bbox 381 3297 510 3366; x_wconf 81' lang='grc' dir='ltr'>μηδ’</span> <span class='ocrx_word' id='word_1_443' title='bbox 545 3299 667 3352; x_wconf 86' lang='grc' dir='ltr'>ὅθεν</span> <span class='ocrx_word' id='word_1_444' title='bbox 692 3303 989 3372; x_wconf 85' lang='grc' dir='ltr'>κρατηθείη</span> <span class='ocrx_word' id='word_1_445' title='bbox 1050 3307 1306 3376; x_wconf 79' lang='grc' dir='ltr'>παρέχων</span> <span class='ocrx_word' id='word_1_446' title='bbox 1361 3310 1532 3378; x_wconf 83' lang='grc' dir='ltr'>λαϐὴν</span> <span class='ocrx_word' id='word_1_447' title='bbox 1578 3312 1653 3380; x_wconf 82' lang='grc' dir='ltr'>τῷ</span> <span class='ocrx_word' id='word_1_448' title='bbox 1691 3311 1960 3366; x_wconf 81' lang='grc' dir='ltr'>διώκοντι.</span> 
     </span>
    </p>
   </div>
   <div class='ocr_carea' id='block_1_65' title="bbox 384 3392 1961 3474">
    <p class='ocr_par' dir='ltr' id='par_1_65' title="bbox 384 3392 1961 3474">
     <span class='ocr_line' id='line_1_66' title="bbox 384 3392 1961 3474; baseline 0.01 -32"><span class='ocrx_word' id='word_1_449' title='bbox 384 3393 452 3442; x_wconf 85' lang='grc' dir='ltr'><strong>ὐ</strong></span> <span class='ocrx_word' id='word_1_450' title='bbox 474 3392 537 3461; x_wconf 82' lang='grc' dir='ltr'><strong>δή</strong></span> <span class='ocrx_word' id='word_1_451' title='bbox 566 3394 868 3462; x_wconf 81' lang='grc' dir='ltr'>τηνικαῦτα</span> <span class='ocrx_word' id='word_1_452' title='bbox 905 3399 1202 3452; x_wconf 78' lang='grc' dir='ltr'>συνέπιπτε</span> <span class='ocrx_word' id='word_1_453' title='bbox 1229 3402 1320 3453; x_wconf 73' lang='grc' dir='ltr'>καὶ</span> <span class='ocrx_word' id='word_1_454' title='bbox 1355 3404 1686 3473; x_wconf 82' lang='grc' dir='ltr'>Μαρκιανῷ,</span> <span class='ocrx_word' id='word_1_455' title='bbox 1716 3407 1806 3459; x_wconf 78' lang='grc' dir='ltr'><strong>τὸν</strong></span> <span class='ocrx_word' id='word_1_456' title='bbox 1861 3407 1961 3474; x_wconf 78' lang='grc' dir='ltr'>μὲν</span> 
     </span>
    </p>
   </div>
   <div class='ocr_carea' id='block_1_66' title="bbox 378 3485 1960 3564">
    <p class='ocr_par' dir='ltr' id='par_1_66' title="bbox 378 3485 1960 3564">
     <span class='ocr_line' id='line_1_67' title="bbox 378 3485 1960 3564; baseline 0.011 -31"><span class='ocrx_word' id='word_1_457' title='bbox 378 3485 727 3550; x_wconf 79' lang='grc' dir='ltr'>προσήκοντα</span> <span class='ocrx_word' id='word_1_458' title='bbox 778 3489 972 3555; x_wconf 76' lang='grc' dir='ltr'>καιρὸν</span> <span class='ocrx_word' id='word_1_459' title='bbox 1025 3491 1480 3564; x_wconf 58' lang='grc' dir='ltr'>ἀναϐαλλομένη),</span> <span class='ocrx_word' id='word_1_460' title='bbox 1510 3496 1603 3547; x_wconf 80' lang='grc' dir='ltr'>τοῦ</span> <span class='ocrx_word' id='word_1_461' title='bbox 1658 3496 1845 3548; x_wconf 81' lang='grc' dir='ltr'>λοιποῦ</span> <span class='ocrx_word' id='word_1_462' title='bbox 1903 3498 1960 3550; x_wconf 84' lang='grc' dir='ltr'>δὲ</span> 
     </span>
    </p>
   </div>
   <div class='ocr_carea' id='block_1_67' title="bbox 379 3575 1954 3661">
    <p class='ocr_par' dir='ltr' id='par_1_67' title="bbox 379 3575 1954 3661">
     <span class='ocr_line' id='line_1_68' title="bbox 379 3575 1954 3661; baseline 0.008 -35"><span class='ocrx_word' id='word_1_463' title='bbox 379 3575 562 3626; x_wconf 76' lang='grc' dir='ltr'>τοῦτον</span> <span class='ocrx_word' id='word_1_464' title='bbox 598 3577 672 3644; x_wconf 82' lang='grc' dir='ltr'><strong>μή</strong></span> <span class='ocrx_word' id='word_1_465' title='bbox 701 3577 980 3648; x_wconf 80' lang='grc' dir='ltr'>δυνηθέντι</span> <span class='ocrx_word' id='word_1_466' title='bbox 1036 3583 1389 3647; x_wconf 68' lang='grc' dir='ltr'>πορίσασθαι.</span> <span class='ocrx_word' id='word_1_467' title='bbox 1429 3585 1506 3655; x_wconf 81' lang='grc' dir='ltr'><strong>Τῇ</strong></span> <span class='ocrx_word' id='word_1_468' title='bbox 1561 3588 1668 3657; x_wconf 87' lang='grc' dir='ltr'>γὰρ</span> <span class='ocrx_word' id='word_1_469' title='bbox 1717 3587 1954 3661; x_wconf 73' lang='grc' dir='ltr'>ἐπιούσῃ</span> 
     </span>
    </p>
   </div>
   <div class='ocr_carea' id='block_1_68' title="bbox 378 3663 1955 3748">
    <p class='ocr_par' dir='ltr' id='par_1_68' title="bbox 378 3663 1955 3748">
     <span class='ocr_line' id='line_1_69' title="bbox 378 3663 1955 3748; baseline 0.01 -33"><span class='ocrx_word' id='word_1_470' title='bbox 378 3663 514 3734; x_wconf 76' lang='grc' dir='ltr'>πρὸς</span> <span class='ocrx_word' id='word_1_471' title='bbox 542 3666 650 3717; x_wconf 83' lang='grc' dir='ltr'>τῶν</span> <span class='ocrx_word' id='word_1_472' title='bbox 677 3669 893 3722; x_wconf 73' lang='grc' dir='ltr'>οἰκείων</span> <span class='ocrx_word' id='word_1_473' title='bbox 924 3675 1374 3742; x_wconf 73' lang='grc' dir='ltr'>καταπροδοθεὶς,</span> <span class='ocrx_word' id='word_1_474' title='bbox 1407 3677 1500 3729; x_wconf 82' lang='grc' dir='ltr'>καὶ</span> <span class='ocrx_word' id='word_1_475' title='bbox 1532 3679 1692 3745; x_wconf 82' lang='grc' dir='ltr'>μόνος</span> <span class='ocrx_word' id='word_1_476' title='bbox 1725 3680 1955 3748; x_wconf 86' lang='grc' dir='ltr'>γενόμε-</span> 
     </span>
    </p>
   </div>
   <div class='ocr_carea' id='block_1_69' title="bbox 384 3759 1948 3842">
    <p class='ocr_par' dir='ltr' id='par_1_69' title="bbox 384 3759 1948 3842">
     <span class='ocr_line' id='line_1_70' title="bbox 384 3759 1948 3842; baseline 0.011 -33"><span class='ocrx_word' id='word_1_477' title='bbox 384 3776 465 3821; x_wconf 64' lang='lat' dir='ltr'><strong>ao;</strong></span> <span class='ocrx_word' id='word_1_478' title='bbox 491 3759 570 3829; x_wconf 81' lang='grc' dir='ltr'><strong>τῷ</strong></span> <span class='ocrx_word' id='word_1_479' title='bbox 596 3761 706 3814; x_wconf 83' lang='grc' dir='ltr'>τῶν</span> <span class='ocrx_word' id='word_1_480' title='bbox 763 3763 925 3832; x_wconf 84' lang='grc' dir='ltr'>ίερῶν</span> <span class='ocrx_word' id='word_1_481' title='bbox 970 3767 1286 3820; x_wconf 73' lang='grc' dir='ltr'>ἀποστόλων</span> <span class='ocrx_word' id='word_1_482' title='bbox 1340 3771 1555 3837; x_wconf 77' lang='grc' dir='ltr'>τεμένει</span> <span class='ocrx_word' id='word_1_483' title='bbox 1611 3771 1792 3840; x_wconf 76' lang='grc' dir='ltr'>ἱκέτης</span> <span class='ocrx_word' id='word_1_484' title='bbox 1860 3768 1948 3842; x_wconf 80' lang='grc' dir='ltr'>ἦν.</span> 
     </span>
    </p>
   </div>
   <div class='ocr_carea' id='block_1_70' title="bbox 378 3852 1948 3930">
    <p class='ocr_par' dir='ltr' id='par_1_70' title="bbox 378 3852 1948 3930">
     <span class='ocr_line' id='line_1_71' title="bbox 378 3852 1948 3930; baseline 0.01 -28"><span class='ocrx_word' id='word_1_485' title='bbox 378 3852 538 3905; x_wconf 81' lang='grc' dir='ltr'>Ὅθεν</span> <span class='ocrx_word' id='word_1_486' title='bbox 561 3857 695 3921; x_wconf 71' lang='grc' dir='ltr'>πρὸς</span> <span class='ocrx_word' id='word_1_487' title='bbox 726 3855 849 3925; x_wconf 84' lang='grc' dir='ltr'>βίαν</span> <span class='ocrx_word' id='word_1_488' title='bbox 878 3858 1262 3926; x_wconf 65' lang='grc' dir='ltr'>ἀφελκυσθεὶς,</span> <span class='ocrx_word' id='word_1_489' title='bbox 1315 3863 1372 3924; x_wconf 74' lang='grc' dir='ltr'>ἐς</span> <span class='ocrx_word' id='word_1_490' title='bbox 1404 3862 1502 3930; x_wconf 83' lang='grc' dir='ltr'>τὴν</span> <span class='ocrx_word' id='word_1_491' title='bbox 1554 3864 1948 3917; x_wconf 83' lang='grc' dir='ltr'>Καππαδοκῶν</span> 
     </span>
    </p>
   </div>
   <div class='ocr_carea' id='block_1_71' title="bbox 378 3949 1957 4025">
    <p class='ocr_par' dir='ltr' id='par_1_71' title="bbox 378 3949 1957 4025">
     <span class='ocr_line' id='line_1_72' title="bbox 378 3949 1957 4025; baseline 0.008 -28"><span class='ocrx_word' id='word_1_492' title='bbox 378 3949 782 4016; x_wconf 71' lang='grc' dir='ltr'>ἀπορῤίπτεται</span> <span class='ocrx_word' id='word_1_493' title='bbox 815 3967 827 3979; x_wconf 89' lang='grc'><strong>·</strong></span> <span class='ocrx_word' id='word_1_494' title='bbox 863 3951 1060 4021; x_wconf 79' lang='grc' dir='ltr'>μικρὸν</span> <span class='ocrx_word' id='word_1_495' title='bbox 1099 3951 1144 4004; x_wconf 83' lang='grc' dir='ltr'>δ’</span> <span class='ocrx_word' id='word_1_496' title='bbox 1171 3953 1295 4006; x_wconf 85' lang='grc' dir='ltr'>ὅσον</span> <span class='ocrx_word' id='word_1_497' title='bbox 1325 3956 1575 4025; x_wconf 79' lang='grc' dir='ltr'>φωρᾶται</span> <span class='ocrx_word' id='word_1_498' title='bbox 1634 3973 1745 4009; x_wconf 88' lang='grc' dir='ltr'>τισι</span> <span class='ocrx_word' id='word_1_499' title='bbox 1784 3975 1957 4025; x_wconf 84' lang='grc' dir='ltr'>μονα-</span> 
     </span>
    </p>
   </div>
   <div class='ocr_carea' id='block_1_72' title="bbox 377 4039 1958 4114">
    <p class='ocr_par' dir='ltr' id='par_1_72' title="bbox 377 4039 1958 4114">
     <span class='ocr_line' id='line_1_73' title="bbox 377 4039 1958 4114; baseline 0.009 -27"><span class='ocrx_word' id='word_1_500' title='bbox 377 4039 726 4109; x_wconf 69' lang='grc' dir='ltr'>χοῖς,φυγὴν</span> <span class='ocrx_word' id='word_1_501' title='bbox 773 4042 954 4113; x_wconf 80' lang='grc' dir='ltr'>ἑαυτῷ</span> <span class='ocrx_word' id='word_1_502' title='bbox 1019 4048 1500 4114; x_wconf 76' lang='grc' dir='ltr'>μνηστευόμενος·</span> <span class='ocrx_word' id='word_1_503' title='bbox 1558 4049 1814 4102; x_wconf 80' lang='grc' dir='ltr'>κάκεῖθεν</span> <span class='ocrx_word' id='word_1_504' title='bbox 1875 4053 1958 4112; x_wconf 75' lang='grc' dir='ltr'><strong>είς</strong></span> 
     </span>
    </p>
   </div>
   <div class='ocr_carea' id='block_1_73' title="bbox 378 4133 1956 4210">
    <p class='ocr_par' dir='ltr' id='par_1_73' title="bbox 378 4133 1956 4210">
     <span class='ocr_line' id='line_1_74' title="bbox 378 4133 1956 4210; baseline 0.007 -28"><span class='ocrx_word' id='word_1_505' title='bbox 378 4133 590 4202; x_wconf 64' lang='grc' dir='ltr'>Ταρσὸν</span> <span class='ocrx_word' id='word_1_506' title='bbox 616 4136 714 4203; x_wconf 81' lang='grc' dir='ltr'>τῆς</span> <span class='ocrx_word' id='word_1_507' title='bbox 742 4135 999 4197; x_wconf 81' lang='grc' dir='ltr'>Κιλικίας</span> <span class='ocrx_word' id='word_1_508' title='bbox 1023 4137 1238 4206; x_wconf 75' lang='grc' dir='ltr'>ἀχθεὶς,</span> <span class='ocrx_word' id='word_1_509' title='bbox 1275 4139 1372 4191; x_wconf 73' lang='grc' dir='ltr'><strong>καὶ</strong></span> <span class='ocrx_word' id='word_1_510' title='bbox 1399 4138 1498 4207; x_wconf 82' lang='grc' dir='ltr'>τὴν</span> <span class='ocrx_word' id='word_1_511' title='bbox 1531 4139 1710 4210; x_wconf 84' lang='grc' dir='ltr'>κόμην</span> <span class='ocrx_word' id='word_1_512' title='bbox 1747 4142 1956 4193; x_wconf 80' lang='grc' dir='ltr'>ἀποϐα-</span> 
     </span>
    </p>
   </div>
   <div class='ocr_carea' id='block_1_74' title="bbox 378 4223 1952 4302">
    <p class='ocr_par' dir='ltr' id='par_1_74' title="bbox 378 4223 1952 4302">
     <span class='ocr_line' id='line_1_75' title="bbox 378 4223 1952 4302; baseline 0.011 -33"><span class='ocrx_word' id='word_1_513' title='bbox 378 4224 504 4287; x_wconf 74' lang='grc' dir='ltr'>λὼν,</span> <span class='ocrx_word' id='word_1_514' title='bbox 545 4223 812 4297; x_wconf 68' lang='grc' dir='ltr'>ἱερωσύνῃ</span> <span class='ocrx_word' id='word_1_515' title='bbox 843 4227 1092 4295; x_wconf 82' lang='grc' dir='ltr'>τιμᾶται.</span> <span class='ocrx_word' id='word_1_516' title='bbox 1133 4229 1196 4279; x_wconf 80' lang='grc' dir='ltr'>Ἀ</span> <span class='ocrx_word' id='word_1_517' title='bbox 1229 4229 1293 4299; x_wconf 82' lang='grc' dir='ltr'>δὴ</span> <span class='ocrx_word' id='word_1_518' title='bbox 1346 4230 1492 4299; x_wconf 77' lang='grc' dir='ltr'>μάλα</span> <span class='ocrx_word' id='word_1_519' title='bbox 1556 4233 1807 4302; x_wconf 52' lang='lat' dir='ltr'><strong>acanthi»;</strong></span> <span class='ocrx_word' id='word_1_520' title='bbox 1845 4234 1952 4286; x_wconf 77' lang='grc' dir='ltr'><strong>Εὐ-</strong></span> 
     </span>
    </p>
   </div>
   <div class='ocr_carea' id='block_1_75' title="bbox 378 4313 1951 4395">
    <p class='ocr_par' dir='ltr' id='par_1_75' title="bbox 378 4313 1951 4395">
     <span class='ocr_line' id='line_1_76' title="bbox 378 4313 1951 4395; baseline 0.01 -32"><span class='ocrx_word' id='word_1_521' title='bbox 378 4313 598 4378; x_wconf 77' lang='grc' dir='ltr'>στάθιος</span> <span class='ocrx_word' id='word_1_522' title='bbox 627 4320 654 4370; x_wconf 83' lang='grc' dir='ltr'><em>ὀ</em></span> <span class='ocrx_word' id='word_1_523' title='bbox 679 4319 864 4390; x_wconf 76' lang='grc' dir='ltr'>ῥήτωρ</span> <span class='ocrx_word' id='word_1_524' title='bbox 892 4319 1194 4391; x_wconf 72' lang='grc' dir='ltr'>ἱστόρησεν,</span> <span class='ocrx_word' id='word_1_525' title='bbox 1226 4323 1282 4384; x_wconf 79' lang='grc' dir='ltr'>ὃς</span> <span class='ocrx_word' id='word_1_526' title='bbox 1313 4325 1408 4376; x_wconf 80' lang='grc' dir='ltr'><strong>καὶ</strong></span> <span class='ocrx_word' id='word_1_527' title='bbox 1441 4324 1567 4378; x_wconf 82' lang='grc' dir='ltr'>τάδε</span> <span class='ocrx_word' id='word_1_528' title='bbox 1621 4326 1951 4395; x_wconf 80' lang='grc' dir='ltr'>συγγράφει.</span> 
     </span>
    </p>
   </div>
   <div class='ocr_carea' id='block_1_76' title="bbox 2062 3219 3643 3303">
    <p class='ocr_par' dir='ltr' id='par_1_76' title="bbox 2062 3219 3643 3303">
     <span class='ocr_line' id='line_1_77' title="bbox 2062 3219 3643 3303; baseline 0.01 -32"><span class='ocrx_word' id='word_1_529' title='bbox 2062 3219 2192 3273; x_wconf 89' lang='lat' dir='ltr'><strong>dum</strong></span> <span class='ocrx_word' id='word_1_530' title='bbox 2226 3221 2560 3290; x_wconf 83' lang='lat' dir='ltr'><strong>indicantes,</strong></span> <span class='ocrx_word' id='word_1_531' title='bbox 2602 3227 2646 3279; x_wconf 93' lang='lat' dir='ltr'><strong>si</strong></span> <span class='ocrx_word' id='word_1_532' title='bbox 2676 3243 2738 3281; x_wconf 83' lang='lat' dir='ltr'><strong>ea</strong></span> <span class='ocrx_word' id='word_1_533' title='bbox 2773 3244 2803 3280; x_wconf 87' lang='lat' dir='ltr'><strong>a</strong></span> <span class='ocrx_word' id='word_1_534' title='bbox 2836 3238 2988 3298; x_wconf 80' lang='lat' dir='ltr'><strong>tergo</strong></span> <span class='ocrx_word' id='word_1_535' title='bbox 3038 3232 3250 3285; x_wconf 86' lang='lat' dir='ltr'><strong>tardius</strong></span> <span class='ocrx_word' id='word_1_536' title='bbox 3291 3249 3398 3288; x_wconf 89' lang='lat' dir='ltr'><strong>nos</strong></span> <span class='ocrx_word' id='word_1_537' title='bbox 3446 3250 3643 3303; x_wconf 81' lang='lat' dir='ltr'><strong>sequa-</strong></span> 
     </span>
    </p>
   </div>
   <div class='ocr_carea' id='block_1_77' title="bbox 2059 3316 3637 3394">
    <p class='ocr_par' dir='ltr' id='par_1_77' title="bbox 2059 3316 3637 3394">
     <span class='ocr_line' id='line_1_78' title="bbox 2059 3316 3637 3394; baseline 0.01 -29"><span class='ocrx_word' id='word_1_538' title='bbox 2059 3318 2172 3375; x_wconf 90' lang='lat' dir='ltr'><strong>tur,</strong></span> <span class='ocrx_word' id='word_1_539' title='bbox 2197 3328 2350 3366; x_wconf 86' lang='lat' dir='ltr'><strong>coma</strong></span> <span class='ocrx_word' id='word_1_540' title='bbox 2390 3316 2692 3383; x_wconf 84' lang='lat' dir='ltr'><strong>prolixiore</strong></span> <span class='ocrx_word' id='word_1_541' title='bbox 2716 3322 2889 3373; x_wconf 79' lang='lat' dir='ltr'><strong>teneri</strong></span> <span class='ocrx_word' id='word_1_542' title='bbox 2924 3317 3637 3394; x_wconf 55' lang='lat' dir='ltr'><strong>fortasse&#39;comprehcneam</strong></span> 
     </span>
    </p>
   </div>
   <div class='ocr_carea' id='block_1_78' title="bbox 2061 3407 3638 3484">
    <p class='ocr_par' dir='ltr' id='par_1_78' title="bbox 2061 3407 3638 3484">
     <span class='ocr_line' id='line_1_79' title="bbox 2061 3407 3638 3484; baseline 0.011 -28"><span class='ocrx_word' id='word_1_543' title='bbox 2061 3419 2260 3472; x_wconf 84' lang='lat' dir='ltr'><strong>posse:</strong></span> <span class='ocrx_word' id='word_1_544' title='bbox 2292 3407 2374 3460; x_wconf 90' lang='lat' dir='ltr'><strong>sin</strong></span> <span class='ocrx_word' id='word_1_545' title='bbox 2405 3413 2696 3476; x_wconf 69' lang='lat' dir='ltr'><strong>prsecedat,</strong></span> <span class='ocrx_word' id='word_1_546' title='bbox 2761 3412 2989 3468; x_wconf 89' lang='lat' dir='ltr'><strong>minime</strong></span> <span class='ocrx_word' id='word_1_547' title='bbox 3040 3416 3308 3484; x_wconf 88' lang='lat' dir='ltr'><strong>prehendi</strong></span> <span class='ocrx_word' id='word_1_548' title='bbox 3378 3420 3638 3474; x_wconf 79' lang='lat' dir='ltr'><strong>facillime</strong></span> 
     </span>
    </p>
   </div>
   <div class='ocr_carea' id='block_1_79' title="bbox 2059 3498 3638 3580">
    <p class='ocr_par' dir='ltr' id='par_1_79' title="bbox 2059 3498 3638 3580">
     <span class='ocr_line' id='line_1_80' title="bbox 2059 3498 3638 3580; baseline 0.011 -30"><span class='ocrx_word' id='word_1_549' title='bbox 2059 3498 2390 3560; x_wconf 88' lang='lat' dir='ltr'><strong>avolantem,</strong></span> <span class='ocrx_word' id='word_1_550' title='bbox 2430 3518 2606 3570; x_wconf 89' lang='lat' dir='ltr'><strong>neque</strong></span> <span class='ocrx_word' id='word_1_551' title='bbox 2631 3507 2984 3574; x_wconf 83' lang='lat' dir='ltr'><strong>persequeati</strong></span> <span class='ocrx_word' id='word_1_552' title='bbox 3044 3510 3344 3578; x_wconf 88' lang='lat' dir='ltr'><strong>quidquam</strong></span> <span class='ocrx_word' id='word_1_553' title='bbox 3396 3527 3504 3580; x_wconf 90' lang='lat' dir='ltr'><strong>quo</strong></span> <span class='ocrx_word' id='word_1_554' title='bbox 3556 3523 3638 3566; x_wconf 86' lang='lat' dir='ltr'><strong>te-</strong></span> 
     </span>
    </p>
   </div>
   <div class='ocr_carea' id='block_1_80' title="bbox 2061 3594 3634 3660">
    <p class='ocr_par' dir='ltr' id='par_1_80' title="bbox 2061 3594 3634 3660">
     <span class='ocr_line' id='line_1_81' title="bbox 2061 3594 3634 3660; baseline 0.01 -20"><span class='ocrx_word' id='word_1_555' title='bbox 2061 3599 2261 3643; x_wconf 89' lang='lat' dir='ltr'><strong>neatur</strong></span> <span class='ocrx_word' id='word_1_556' title='bbox 2290 3594 2646 3660; x_wconf 83' lang='lat' dir='ltr'><strong>praebentem.</strong></span> <span class='ocrx_word' id='word_1_557' title='bbox 2683 3595 2738 3650; x_wconf 90' lang='lat' dir='ltr'><strong>Id</strong></span> <span class='ocrx_word' id='word_1_558' title='bbox 2776 3609 2890 3650; x_wconf 92' lang='lat' dir='ltr'><strong>tum</strong></span> <span class='ocrx_word' id='word_1_559' title='bbox 2928 3599 3202 3654; x_wconf 81' lang='lat' dir='ltr'><strong>Marciano</strong></span> <span class='ocrx_word' id='word_1_560' title='bbox 3234 3603 3458 3656; x_wconf 82' lang='lat' dir='ltr'><strong>accidit.</strong></span> <span class='ocrx_word' id='word_1_561' title='bbox 3499 3602 3634 3657; x_wconf 82' lang='lat' dir='ltr'><strong>Cum</strong></span> 
     </span>
    </p>
   </div>
   <div class='ocr_carea' id='block_1_81' title="bbox 2060 3694 3632 3763">
    <p class='ocr_par' dir='ltr' id='par_1_81' title="bbox 2060 3694 3632 3763">
     <span class='ocr_line' id='line_1_82' title="bbox 2060 3694 3632 3763; baseline 0.008 -27"><span class='ocrx_word' id='word_1_562' title='bbox 2060 3699 2297 3752; x_wconf 88' lang='lat' dir='ltr'><strong>namque</strong></span> <span class='ocrx_word' id='word_1_563' title='bbox 2326 3695 2539 3754; x_wconf 88' lang='lat' dir='ltr'><strong>tempus</strong></span> <span class='ocrx_word' id='word_1_564' title='bbox 2571 3699 2947 3757; x_wconf 86' lang='lat' dir='ltr'><strong>opportunum</strong></span> <span class='ocrx_word' id='word_1_565' title='bbox 3001 3694 3350 3763; x_wconf 78' lang='lat' dir='ltr'><strong>neglexisset.</strong></span> <span class='ocrx_word' id='word_1_566' title='bbox 3390 3698 3632 3751; x_wconf 85' lang='lat' dir='ltr'><strong>nancisci</strong></span> 
     </span>
    </p>
   </div>
   <div class='ocr_carea' id='block_1_82' title="bbox 2059 3776 3630 3854">
    <p class='ocr_par' dir='ltr' id='par_1_82' title="bbox 2059 3776 3630 3854">
     <span class='ocr_line' id='line_1_83' title="bbox 2059 3776 3630 3854; baseline 0.007 -23"><span class='ocrx_word' id='word_1_567' title='bbox 2059 3776 2115 3831; x_wconf 83' lang='lat' dir='ltr'><strong>id</strong></span> <span class='ocrx_word' id='word_1_568' title='bbox 2149 3777 2350 3833; x_wconf 90' lang='lat' dir='ltr'><strong>deinde</strong></span> <span class='ocrx_word' id='word_1_569' title='bbox 2379 3778 2810 3851; x_wconf 86' lang='lat' dir='ltr'><strong>haudquaquam</strong></span> <span class='ocrx_word' id='word_1_570' title='bbox 2874 3785 3079 3854; x_wconf 82' lang='lat' dir='ltr'><strong>potuit.</strong></span> <span class='ocrx_word' id='word_1_571' title='bbox 3153 3777 3429 3842; x_wconf 85' lang='lat' dir='ltr'><strong>Postridie</strong></span> <span class='ocrx_word' id='word_1_572' title='bbox 3484 3791 3630 3842; x_wconf 76' lang='lat' dir='ltr'><strong>enim</strong></span> 
     </span>
    </p>
   </div>
   <div class='ocr_carea' id='block_1_83' title="bbox 2057 3869 3630 3948">
    <p class='ocr_par' dir='ltr' id='par_1_83' title="bbox 2057 3869 3630 3948">
     <span class='ocr_line' id='line_1_84' title="bbox 2057 3869 3630 3948; baseline 0.005 -26"><span class='ocrx_word' id='word_1_573' title='bbox 2057 3869 2164 3922; x_wconf 91' lang='lat' dir='ltr'><strong>diei</strong></span> <span class='ocrx_word' id='word_1_574' title='bbox 2201 3872 2325 3938; x_wconf 88' lang='lat' dir='ltr'><strong>ejus</strong></span> <span class='ocrx_word' id='word_1_575' title='bbox 2346 3887 2375 3924; x_wconf 91' lang='lat' dir='ltr'><strong>a</strong></span> <span class='ocrx_word' id='word_1_576' title='bbox 2407 3871 2522 3926; x_wconf 90' lang='lat' dir='ltr'><strong>suis</strong></span> <span class='ocrx_word' id='word_1_577' title='bbox 2541 3873 2818 3941; x_wconf 89' lang='lat' dir='ltr'><strong>desertus,</strong></span> <span class='ocrx_word' id='word_1_578' title='bbox 2844 3877 2994 3932; x_wconf 91' lang='lat' dir='ltr'><strong>solus</strong></span> <span class='ocrx_word' id='word_1_579' title='bbox 3018 3877 3085 3931; x_wconf 88' lang='lat' dir='ltr'><strong>ad</strong></span> <span class='ocrx_word' id='word_1_580' title='bbox 3137 3893 3419 3932; x_wconf 87' lang='lat' dir='ltr'><strong>sacrorum</strong></span> <span class='ocrx_word' id='word_1_581' title='bbox 3487 3883 3630 3948; x_wconf 81' lang='lat' dir='ltr'><strong>Apu-</strong></span> 
     </span>
    </p>
   </div>
   <div class='ocr_carea' id='block_1_84' title="bbox 2057 3962 3636 4040">
    <p class='ocr_par' dir='ltr' id='par_1_84' title="bbox 2057 3962 3636 4040">
     <span class='ocr_line' id='line_1_85' title="bbox 2057 3962 3636 4040; baseline 0.005 -24"><span class='ocrx_word' id='word_1_582' title='bbox 2057 3962 2324 4016; x_wconf 84' lang='lat' dir='ltr'><strong>stolnrum</strong></span> <span class='ocrx_word' id='word_1_583' title='bbox 2377 3965 2639 4035; x_wconf 89' lang='lat' dir='ltr'><strong>templum</strong></span> <span class='ocrx_word' id='word_1_584' title='bbox 2697 3969 2927 4037; x_wconf 86' lang='lat' dir='ltr'><strong>supplex</strong></span> <span class='ocrx_word' id='word_1_585' title='bbox 2963 3970 3252 4040; x_wconf 78' lang='lat' dir='ltr'><strong>confugit:</strong></span> <span class='ocrx_word' id='word_1_586' title='bbox 3313 3970 3458 4024; x_wconf 88' lang='lat' dir='ltr'><strong>unde</strong></span> <span class='ocrx_word' id='word_1_587' title='bbox 3537 3987 3636 4040; x_wconf 90' lang='lat' dir='ltr'><strong>per</strong></span> 
     </span>
    </p>
   </div>
   <div class='ocr_carea' id='block_1_85' title="bbox 2056 4055 3640 4131">
    <p class='ocr_par' dir='ltr' id='par_1_85' title="bbox 2056 4055 3640 4131">
     <span class='ocr_line' id='line_1_86' title="bbox 2056 4055 3640 4131; baseline 0.005 -23"><span class='ocrx_word' id='word_1_588' title='bbox 2056 4055 2167 4109; x_wconf 90' lang='lat' dir='ltr'><strong>vim</strong></span> <span class='ocrx_word' id='word_1_589' title='bbox 2207 4067 2508 4121; x_wconf 80' lang='lat' dir='ltr'><strong>extractus,</strong></span> <span class='ocrx_word' id='word_1_590' title='bbox 2538 4059 2842 4114; x_wconf 67' lang='lat' dir='ltr'><strong>Caesaream</strong></span> <span class='ocrx_word' id='word_1_591' title='bbox 2875 4061 3257 4131; x_wconf 88' lang='lat' dir='ltr'><strong>Cappadocum</strong></span> <span class='ocrx_word' id='word_1_592' title='bbox 3292 4064 3492 4118; x_wconf 92' lang='lat' dir='ltr'><strong>missus</strong></span> <span class='ocrx_word' id='word_1_593' title='bbox 3526 4074 3640 4128; x_wconf 74' lang='lat' dir='ltr'><strong>est,</strong></span> 
     </span>
    </p>
   </div>
   <div class='ocr_carea' id='block_1_86' title="bbox 2057 4150 3634 4223">
    <p class='ocr_par' dir='ltr' id='par_1_86' title="bbox 2057 4150 3634 4223">
     <span class='ocr_line' id='line_1_87' title="bbox 2057 4150 3634 4223; baseline 0.004 -22"><span class='ocrx_word' id='word_1_594' title='bbox 2057 4156 2114 4202; x_wconf 87' lang='lat' dir='ltr'><strong>et</strong></span> <span class='ocrx_word' id='word_1_595' title='bbox 2145 4150 2308 4218; x_wconf 88' lang='lat' dir='ltr'><strong>paulo</strong></span> <span class='ocrx_word' id='word_1_596' title='bbox 2346 4160 2470 4219; x_wconf 88' lang='lat' dir='ltr'><strong>post</strong></span> <span class='ocrx_word' id='word_1_597' title='bbox 2505 4153 2646 4206; x_wconf 86' lang='lat' dir='ltr'><strong>inter</strong></span> <span class='ocrx_word' id='word_1_598' title='bbox 2681 4154 2984 4209; x_wconf 85' lang='lat' dir='ltr'><strong>monachos</strong></span> <span class='ocrx_word' id='word_1_599' title='bbox 3022 4155 3291 4223; x_wconf 88' lang='lat' dir='ltr'><strong>quosdam</strong></span> <span class='ocrx_word' id='word_1_600' title='bbox 3331 4155 3553 4210; x_wconf 83' lang='lat' dir='ltr'><strong>latitare</strong></span> <span class='ocrx_word' id='word_1_601' title='bbox 3574 4167 3634 4208; x_wconf 90' lang='lat' dir='ltr'><strong>et</strong></span> 
     </span>
    </p>
   </div>
   <div class='ocr_carea' id='block_1_87' title="bbox 2059 4239 3638 4318">
    <p class='ocr_par' dir='ltr' id='par_1_87' title="bbox 2059 4239 3638 4318">
     <span class='ocr_line' id='line_1_88' title="bbox 2059 4239 3638 4318; baseline 0.003 -27"><span class='ocrx_word' id='word_1_602' title='bbox 2059 4239 2240 4306; x_wconf 73' lang='lat' dir='ltr'><strong>fugam</strong></span> <span class='ocrx_word' id='word_1_603' title='bbox 2269 4240 2522 4294; x_wconf 88' lang='lat' dir='ltr'><strong>meditari</strong></span> <span class='ocrx_word' id='word_1_604' title='bbox 2557 4241 2957 4318; x_wconf 66' lang='lat' dir='ltr'><strong>deprehensus,</strong></span> <span class='ocrx_word' id='word_1_605' title='bbox 2989 4243 3219 4297; x_wconf 88' lang='lat' dir='ltr'><strong>Tarsum</strong></span> <span class='ocrx_word' id='word_1_606' title='bbox 3259 4245 3385 4298; x_wconf 91' lang='lat' dir='ltr'><strong>inde</strong></span> <span class='ocrx_word' id='word_1_607' title='bbox 3424 4243 3638 4298; x_wconf 73' lang='lat' dir='ltr'><strong>Ciliciae</strong></span> 
     </span>
    </p>
   </div>
   <div class='ocr_carea' id='block_1_88' title="bbox 2058 4329 3631 4402">
    <p class='ocr_par' dir='ltr' id='par_1_88' title="bbox 2058 4329 3631 4402">
     <span class='ocr_line' id='line_1_89' title="bbox 2058 4329 3631 4402; baseline 0.003 -20"><span class='ocrx_word' id='word_1_608' title='bbox 2058 4329 2328 4383; x_wconf 86' lang='lat' dir='ltr'><strong>abductus</strong></span> <span class='ocrx_word' id='word_1_609' title='bbox 2356 4341 2460 4393; x_wconf 87' lang='lat' dir='ltr'><strong>est,</strong></span> <span class='ocrx_word' id='word_1_610' title='bbox 2487 4331 2578 4384; x_wconf 90' lang='lat' dir='ltr'><strong>ubi</strong></span> <span class='ocrx_word' id='word_1_611' title='bbox 2610 4334 2790 4401; x_wconf 86' lang='lat' dir='ltr'><strong>capite</strong></span> <span class='ocrx_word' id='word_1_612' title='bbox 2850 4348 2980 4386; x_wconf 78' lang='lat' dir='ltr'><strong>raso</strong></span> <span class='ocrx_word' id='word_1_613' title='bbox 3013 4335 3307 4387; x_wconf 81' lang='lat' dir='ltr'><strong>saCerdutii</strong></span> <span class='ocrx_word' id='word_1_614' title='bbox 3359 4333 3631 4402; x_wconf 77' lang='lat' dir='ltr'><strong>dignitate</strong></span> 
     </span>
    </p>
   </div>
   <div class='ocr_carea' id='block_1_89' title="bbox 376 4409 3648 4495">
    <p class='ocr_par' dir='ltr' id='par_1_89' title="bbox 376 4409 3648 4495">
     <span class='ocr_line' id='line_1_90' title="bbox 376 4409 3648 4495; baseline 0.006 -35"><span class='ocrx_word' id='word_1_615' title='bbox 376 4418 454 4461; x_wconf 86' lang='lat' dir='ltr'><strong>est</strong></span> <span class='ocrx_word' id='word_1_616' title='bbox 483 4409 889 4466; x_wconf 85' lang='lat' dir='ltr'><strong>cohoneslatns.</strong></span> <span class='ocrx_word' id='word_1_617' title='bbox 921 4413 1099 4476; x_wconf 84' lang='lat' dir='ltr'><strong>Quam</strong></span> <span class='ocrx_word' id='word_1_618' title='bbox 1125 4430 1239 4469; x_wconf 90' lang='lat' dir='ltr'><strong>rem</strong></span> <span class='ocrx_word' id='word_1_619' title='bbox 1265 4416 1592 4473; x_wconf 87' lang='lat' dir='ltr'><strong>Eustathius</strong></span> <span class='ocrx_word' id='word_1_620' title='bbox 1619 4417 1788 4490; x_wconf 70' lang='lat' dir='ltr'><strong>Syrus</strong></span> <span class='ocrx_word' id='word_1_621' title='bbox 1854 4421 2065 4488; x_wconf 90' lang='lat' dir='ltr'><strong>rhetor,</strong></span> <span class='ocrx_word' id='word_1_622' title='bbox 2137 4422 2232 4490; x_wconf 90' lang='lat' dir='ltr'><strong>qui</strong></span> <span class='ocrx_word' id='word_1_623' title='bbox 2297 4423 2411 4476; x_wconf 72' lang='lat' dir='ltr'><strong>haec</strong></span> <span class='ocrx_word' id='word_1_624' title='bbox 2439 4424 2788 4493; x_wconf 85' lang='lat' dir='ltr'><strong>conscripsit,</strong></span> <span class='ocrx_word' id='word_1_625' title='bbox 2808 4441 2938 4479; x_wconf 89' lang='lat' dir='ltr'><strong>sane</strong></span> <span class='ocrx_word' id='word_1_626' title='bbox 2964 4439 3127 4495; x_wconf 88' lang='lat' dir='ltr'><strong>quam</strong></span> <span class='ocrx_word' id='word_1_627' title='bbox 3190 4425 3473 4495; x_wconf 80' lang='lat' dir='ltr'><strong>eleganter</strong></span> <span class='ocrx_word' id='word_1_628' title='bbox 3520 4442 3648 4482; x_wconf 59' lang='lat' dir='ltr'><strong>ntc~</strong></span> 
     </span>
    </p>
   </div>
   <div class='ocr_carea' id='block_1_90' title="bbox 376 4505 873 4573">
    <p class='ocr_par' dir='ltr' id='par_1_90' title="bbox 376 4505 873 4573">
     <span class='ocr_line' id='line_1_91' title="bbox 376 4505 873 4573; baseline 0.004 -16"><span class='ocrx_word' id='word_1_629' title='bbox 376 4507 560 4559; x_wconf 73' lang='lat' dir='ltr'><strong>moria:</strong></span> <span class='ocrx_word' id='word_1_630' title='bbox 611 4505 873 4573; x_wconf 89' lang='lat' dir='ltr'><strong>prodidit.</strong></span> 
     </span>
    </p>
   </div>
   <div class='ocr_carea' id='block_1_91' title="bbox 953 4626 1360 4684">
    <p class='ocr_par' dir='ltr' id='par_1_91' title="bbox 953 4626 1360 4684">
     <span class='ocr_line' id='line_1_92' title="bbox 953 4626 1360 4684; baseline 0.015 -6"><span class='ocrx_word' id='word_1_631' title='bbox 953 4626 1205 4682; x_wconf 81' lang='grc' dir='ltr'>ΚΕΦΔΛ.</span> <span class='ocrx_word' id='word_1_632' title='bbox 1235 4626 1360 4684; x_wconf 72' lang='grc' dir='ltr'><strong>ΚΓ.</strong></span> 
     </span>
    </p>
   </div>
   <div class='ocr_carea' id='block_1_92' title="bbox 374 4735 1956 4817">
    <p class='ocr_par' dir='ltr' id='par_1_92' title="bbox 374 4735 1956 4817">
     <span class='ocr_line' id='line_1_93' title="bbox 374 4735 1956 4817; baseline 0.008 -27"><span class='ocrx_word' id='word_1_633' title='bbox 374 4735 511 4804; x_wconf 75' lang='grc' dir='ltr'>Περὶ</span> <span class='ocrx_word' id='word_1_634' title='bbox 545 4737 902 4817; x_wconf 64' lang='grc' dir='ltr'>τυραννίδος</span> <span class='ocrx_word' id='word_1_635' title='bbox 934 4739 1146 4817; x_wconf 66' lang='grc' dir='ltr'>Ὕλλου</span> <span class='ocrx_word' id='word_1_636' title='bbox 1169 4741 1266 4817; x_wconf 63' lang='grc' dir='ltr'><strong>καί</strong></span> <span class='ocrx_word' id='word_1_637' title='bbox 1298 4745 1633 4817; x_wconf 79' lang='grc' dir='ltr'>Λεοντίου·</span> <span class='ocrx_word' id='word_1_638' title='bbox 1691 4745 1791 4800; x_wconf 78' lang='grc' dir='ltr'>καὶ</span> <span class='ocrx_word' id='word_1_639' title='bbox 1822 4749 1956 4817; x_wconf 77' lang='grc' dir='ltr'>περὶ</span> 
     </span>
    </p>
   </div>
   <div class='ocr_carea' id='block_1_93' title="bbox 732 4809 1599 4882">
    <p class='ocr_par' dir='ltr' id='par_1_93' title="bbox 732 4809 1599 4882">
     <span class='ocr_line' id='line_1_94' title="bbox 732 4809 1599 4882; baseline 0.01 -21"><span class='ocrx_word' id='word_1_640' title='bbox 732 4809 850 4862; x_wconf 79' lang='grc' dir='ltr'><strong>τῶν</strong></span> <span class='ocrx_word' id='word_1_641' title='bbox 877 4810 1221 4878; x_wconf 80' lang='grc' dir='ltr'>κτισμάτων</span> <span class='ocrx_word' id='word_1_642' title='bbox 1251 4814 1599 4882; x_wconf 80' lang='grc' dir='ltr'>Ἀμμιανοῦ.</span> 
     </span>
    </p>
   </div>
   <div class='ocr_carea' id='block_1_94' title="bbox 451 4922 1959 5001">
    <p class='ocr_par' dir='ltr' id='par_1_94' title="bbox 451 4922 1959 5001">
     <span class='ocr_line' id='line_1_95' title="bbox 451 4922 1959 5001; baseline 0.006 -25"><span class='ocrx_word' id='word_1_643' title='bbox 451 4922 544 4986; x_wconf 84' lang='grc' dir='ltr'>Ὠς</span> <span class='ocrx_word' id='word_1_644' title='bbox 593 4925 781 4994; x_wconf 88' lang='grc' dir='ltr'>Ζήνων</span> <span class='ocrx_word' id='word_1_645' title='bbox 833 4927 900 4996; x_wconf 74' lang='grc' dir='ltr'><strong>τῇ</strong></span> <span class='ocrx_word' id='word_1_646' title='bbox 955 4927 1062 4997; x_wconf 70' lang='grc' dir='ltr'>ἰδίᾳ</span> <span class='ocrx_word' id='word_1_647' title='bbox 1115 4927 1357 5000; x_wconf 80' lang='grc' dir='ltr'>πενθερᾷ</span> <span class='ocrx_word' id='word_1_648' title='bbox 1419 4930 1622 5001; x_wconf 72' lang='grc' dir='ltr'>Βηρίνῃ</span> <span class='ocrx_word' id='word_1_649' title='bbox 1666 4931 1959 4994; x_wconf 75' lang='grc' dir='ltr'>ἐπιϐουλὰς</span> 
     </span>
    </p>
   </div>
   <div class='ocr_carea' id='block_1_95' title="bbox 371 5018 1956 5093">
    <p class='ocr_par' dir='ltr' id='par_1_95' title="bbox 371 5018 1956 5093">
     <span class='ocr_line' id='line_1_96' title="bbox 371 5018 1956 5093; baseline 0.006 -24"><span class='ocrx_word' id='word_1_650' title='bbox 371 5018 672 5087; x_wconf 63' lang='grc' dir='ltr'>σιρῤἀψειε</span> <span class='ocrx_word' id='word_1_651' title='bbox 703 5018 982 5082; x_wconf 86' lang='grc' dir='ltr'>πλείστας,</span> <span class='ocrx_word' id='word_1_652' title='bbox 1013 5021 1164 5083; x_wconf 84' lang='grc' dir='ltr'>τέλος</span> <span class='ocrx_word' id='word_1_653' title='bbox 1184 5019 1240 5073; x_wconf 76' lang='grc' dir='ltr'>δὲ</span> <span class='ocrx_word' id='word_1_654' title='bbox 1262 5023 1357 5074; x_wconf 73' lang='grc' dir='ltr'>καὶ</span> <span class='ocrx_word' id='word_1_655' title='bbox 1397 5023 1538 5092; x_wconf 73' lang='grc' dir='ltr'>πρὸς</span> <span class='ocrx_word' id='word_1_656' title='bbox 1567 5023 1667 5093; x_wconf 83' lang='grc' dir='ltr'><strong>τήν</strong></span> <span class='ocrx_word' id='word_1_657' title='bbox 1712 5024 1956 5078; x_wconf 86' lang='grc' dir='ltr'>Κιλίκων</span> 
     </span>
    </p>
   </div>
   <div class='ocr_carea' id='block_1_96' title="bbox 373 5111 1956 5187">
    <p class='ocr_par' dir='ltr' id='par_1_96' title="bbox 373 5111 1956 5187">
     <span class='ocr_line' id='line_1_97' title="bbox 373 5111 1956 5187; baseline 0.003 -22"><span class='ocrx_word' id='word_1_658' title='bbox 373 5113 544 5165; x_wconf 69' lang='grc' dir='ltr'>ἐποίει</span> <span class='ocrx_word' id='word_1_659' title='bbox 575 5112 846 5182; x_wconf 81' lang='grc' dir='ltr'>ἐξόριστον</span> <span class='ocrx_word' id='word_1_660' title='bbox 880 5128 894 5143; x_wconf 77' lang='grc' dir='ltr'><strong><em>ο</em></strong></span> <span class='ocrx_word' id='word_1_661' title='bbox 924 5111 1150 5184; x_wconf 81' lang='grc' dir='ltr'>ὕστερον</span> <span class='ocrx_word' id='word_1_662' title='bbox 1176 5113 1230 5166; x_wconf 80' lang='grc' dir='ltr'>δὲ</span> <span class='ocrx_word' id='word_1_663' title='bbox 1257 5115 1353 5168; x_wconf 79' lang='grc' dir='ltr'>καὶ</span> <span class='ocrx_word' id='word_1_664' title='bbox 1399 5116 1536 5182; x_wconf 81' lang='grc' dir='ltr'>πρὸς</span> <span class='ocrx_word' id='word_1_665' title='bbox 1565 5117 1627 5168; x_wconf 85' lang='grc' dir='ltr'>τὸ</span> <span class='ocrx_word' id='word_1_666' title='bbox 1669 5116 1956 5187; x_wconf 81' lang='grc' dir='ltr'>Παπυρὶου</span> 
     </span>
    </p>
   </div>
   <div class='ocr_carea' id='block_1_97' title="bbox 373 5202 1959 5274">
    <p class='ocr_par' dir='ltr' id='par_1_97' title="bbox 373 5202 1959 5274">
     <span class='ocr_line' id='line_1_98' title="bbox 373 5202 1959 5274; baseline 0.003 -21"><span class='ocrx_word' id='word_1_667' title='bbox 373 5202 910 5272; x_wconf 78' lang='grc' dir='ltr'>γενέσθαιφρούριον</span> <span class='ocrx_word' id='word_1_668' title='bbox 940 5219 956 5234; x_wconf 88' lang='grc'><strong>·</strong></span> <span class='ocrx_word' id='word_1_669' title='bbox 1013 5203 1252 5272; x_wconf 85' lang='grc' dir='ltr'>ὁπηνίκα</span> <span class='ocrx_word' id='word_1_670' title='bbox 1314 5203 1514 5268; x_wconf 80' lang='grc' dir='ltr'>’ἰλλοῦς</span> <span class='ocrx_word' id='word_1_671' title='bbox 1565 5209 1661 5261; x_wconf 73' lang='grc' dir='ltr'>καὶ</span> <span class='ocrx_word' id='word_1_672' title='bbox 1705 5209 1959 5274; x_wconf 84' lang='grc' dir='ltr'>Λεόντιος</span> 
     </span>
    </p>
   </div>
   <div class='ocr_carea' id='block_1_98' title="bbox 373 5295 1956 5369">
    <p class='ocr_par' dir='ltr' id='par_1_98' title="bbox 373 5295 1956 5369">
     <span class='ocr_line' id='line_1_99' title="bbox 373 5295 1956 5369; baseline 0.003 -22"><span class='ocrx_word' id='word_1_673' title='bbox 373 5297 767 5364; x_wconf 73' lang='grc' dir='ltr'>ὲτυράννησαν,</span> <span class='ocrx_word' id='word_1_674' title='bbox 792 5295 1162 5366; x_wconf 74' lang='grc' dir='ltr'>περιθεμένης</span> <span class='ocrx_word' id='word_1_675' title='bbox 1194 5296 1424 5361; x_wconf 79' lang='grc' dir='ltr'>ἐκείνοις</span> <span class='ocrx_word' id='word_1_676' title='bbox 1480 5298 1546 5353; x_wconf 83' lang='grc' dir='ltr'>τὰ</span> <span class='ocrx_word' id='word_1_677' title='bbox 1598 5297 1699 5367; x_wconf 77' lang='grc' dir='ltr'>τῆς</span> <span class='ocrx_word' id='word_1_678' title='bbox 1732 5299 1908 5369; x_wconf 79' lang='grc' dir='ltr'>ἀρχῆς</span> <span class='ocrx_word' id='word_1_679' title='bbox 1942 5317 1956 5332; x_wconf 88' lang='grc'><strong>·</strong></span> 
     </span>
    </p>
   </div>
   <div class='ocr_carea' id='block_1_99' title="bbox 373 5386 1954 5459">
    <p class='ocr_par' dir='ltr' id='par_1_99' title="bbox 373 5386 1954 5459">
     <span class='ocr_line' id='line_1_100' title="bbox 373 5386 1954 5459; baseline 0.004 -23"><span class='ocrx_word' id='word_1_680' title='bbox 373 5387 498 5438; x_wconf 69' lang='grc' dir='ltr'>ἔνθα</span> <span class='ocrx_word' id='word_1_681' title='bbox 520 5386 584 5456; x_wconf 81' lang='grc' dir='ltr'>δὴ</span> <span class='ocrx_word' id='word_1_682' title='bbox 609 5387 704 5438; x_wconf 74' lang='grc' dir='ltr'>καὶ</span> <span class='ocrx_word' id='word_1_683' title='bbox 729 5388 821 5439; x_wconf 83' lang='grc' dir='ltr'>τὸν</span> <span class='ocrx_word' id='word_1_684' title='bbox 871 5388 987 5456; x_wconf 80' lang='grc' dir='ltr'>βίον</span> <span class='ocrx_word' id='word_1_685' title='bbox 1021 5388 1220 5459; x_wconf 83' lang='grc' dir='ltr'>συνέϐη</span> <span class='ocrx_word' id='word_1_686' title='bbox 1257 5389 1464 5458; x_wconf 75' lang='grc' dir='ltr'>ταύτην</span> <span class='ocrx_word' id='word_1_687' title='bbox 1492 5390 1807 5443; x_wconf 81' lang='grc' dir='ltr'>ἀπολιπεῖν.</span> <span class='ocrx_word' id='word_1_688' title='bbox 1841 5391 1954 5442; x_wconf 91' lang='grc' dir='ltr'><strong>Λα-</strong></span> 
     </span>
    </p>
   </div>
   <div class='ocr_carea' id='block_1_100' title="bbox 373 5479 1954 5552">
    <p class='ocr_par' dir='ltr' id='par_1_100' title="bbox 373 5479 1954 5552">
     <span class='ocr_line' id='line_1_101' title="bbox 373 5479 1954 5552; baseline 0.003 -20"><span class='ocrx_word' id='word_1_689' title='bbox 373 5482 518 5550; x_wconf 67' lang='grc' dir='ltr'>μυρᾷ</span> <span class='ocrx_word' id='word_1_690' title='bbox 546 5480 605 5532; x_wconf 87' lang='grc' dir='ltr'>δὲ</span> <span class='ocrx_word' id='word_1_691' title='bbox 633 5479 853 5552; x_wconf 72' lang='grc' dir='ltr'>γλώττῃ</span> <span class='ocrx_word' id='word_1_692' title='bbox 879 5481 972 5534; x_wconf 78' lang='grc' dir='ltr'>καὶ</span> <span class='ocrx_word' id='word_1_693' title='bbox 1005 5480 1073 5534; x_wconf 85' lang='grc' dir='ltr'>τὰ</span> <span class='ocrx_word' id='word_1_694' title='bbox 1105 5482 1247 5534; x_wconf 84' lang='grc' dir='ltr'>κατὰ</span> <span class='ocrx_word' id='word_1_695' title='bbox 1291 5481 1488 5535; x_wconf 80' lang='grc' dir='ltr'>Ἰλλοῦν</span> <span class='ocrx_word' id='word_1_696' title='bbox 1541 5483 1746 5552; x_wconf 70' lang='grc' dir='ltr'>ἱστορεῖ</span> <span class='ocrx_word' id='word_1_697' title='bbox 1774 5484 1801 5535; x_wconf 84' lang='grc' dir='ltr'>ὁ</span> <span class='ocrx_word' id='word_1_698' title='bbox 1850 5484 1954 5536; x_wconf 82' lang='grc' dir='ltr'><strong>Εὐ-</strong></span> 
     </span>
    </p>
   </div>
   <div class='ocr_carea' id='block_1_101' title="bbox 375 5572 1947 5646">
    <p class='ocr_par' dir='ltr' id='par_1_101' title="bbox 375 5572 1947 5646">
     <span class='ocr_line' id='line_1_102' title="bbox 375 5572 1947 5646; baseline 0.004 -22"><span class='ocrx_word' id='word_1_699' title='bbox 375 5573 591 5636; x_wconf 76' lang='grc' dir='ltr'>στάθιος</span> <span class='ocrx_word' id='word_1_700' title='bbox 628 5586 643 5603; x_wconf 84' lang='grc'><strong>·</strong></span> <span class='ocrx_word' id='word_1_701' title='bbox 675 5572 824 5635; x_wconf 82' lang='grc' dir='ltr'>ὅπως</span> <span class='ocrx_word' id='word_1_702' title='bbox 857 5589 914 5625; x_wconf 83' lang='grc' dir='ltr'><strong>τε</strong></span> <span class='ocrx_word' id='word_1_703' title='bbox 941 5573 1042 5643; x_wconf 81' lang='grc' dir='ltr'>τὴν</span> <span class='ocrx_word' id='word_1_704' title='bbox 1094 5573 1389 5643; x_wconf 78' lang='grc' dir='ltr'>ἐπιϐουλήν</span> <span class='ocrx_word' id='word_1_705' title='bbox 1435 5575 1682 5644; x_wconf 84' lang='grc' dir='ltr'>Ζήνωνος</span> <span class='ocrx_word' id='word_1_706' title='bbox 1742 5576 1947 5646; x_wconf 83' lang='grc' dir='ltr'>διέδρα,</span> 
     </span>
    </p>
   </div>
   <div class='ocr_carea' id='block_1_102' title="bbox 374 5664 1950 5736">
    <p class='ocr_par' dir='ltr' id='par_1_102' title="bbox 374 5664 1950 5736">
     <span class='ocr_line' id='line_1_103' title="bbox 374 5664 1950 5736; baseline 0.004 -21"><span class='ocrx_word' id='word_1_707' title='bbox 374 5666 466 5715; x_wconf 67' lang='grc' dir='ltr'>καὶ</span> <span class='ocrx_word' id='word_1_708' title='bbox 487 5665 561 5726; x_wconf 83' lang='grc' dir='ltr'>ὡς</span> <span class='ocrx_word' id='word_1_709' title='bbox 593 5664 686 5716; x_wconf 75' lang='grc' dir='ltr'>τὸν</span> <span class='ocrx_word' id='word_1_710' title='bbox 709 5664 1034 5732; x_wconf 78' lang='grc' dir='ltr'>πεμφθέντα</span> <span class='ocrx_word' id='word_1_711' title='bbox 1059 5665 1220 5716; x_wconf 71' lang='grc' dir='ltr'>αὐτὸν</span> <span class='ocrx_word' id='word_1_712' title='bbox 1243 5667 1481 5732; x_wconf 86' lang='grc' dir='ltr'>ἀνελεῖν,</span> <span class='ocrx_word' id='word_1_713' title='bbox 1520 5669 1706 5734; x_wconf 77' lang='grc' dir='ltr'>Ζήνων</span> <span class='ocrx_word' id='word_1_714' title='bbox 1751 5667 1950 5736; x_wconf 79' lang='grc' dir='ltr'>μᾶλλον</span> 
     </span>
    </p>
   </div>
   <div class='ocr_carea' id='block_1_103' title="bbox 371 5757 1950 5829">
    <p class='ocr_par' dir='ltr' id='par_1_103' title="bbox 371 5757 1950 5829">
     <span class='ocr_line' id='line_1_104' title="bbox 371 5757 1950 5829; baseline 0.003 -23"><span class='ocrx_word' id='word_1_715' title='bbox 371 5758 552 5810; x_wconf 79' lang='grc' dir='ltr'>ἀνεῖλε</span> <span class='ocrx_word' id='word_1_716' title='bbox 587 5777 599 5791; x_wconf 75' lang='grc' dir='ltr'><strong>ο</strong></span> <span class='ocrx_word' id='word_1_717' title='bbox 654 5758 846 5823; x_wconf 75' lang='grc' dir='ltr'>ποινὴν</span> <span class='ocrx_word' id='word_1_718' title='bbox 900 5757 996 5824; x_wconf 67' lang='grc' dir='ltr'>ιῆς</span> <span class='ocrx_word' id='word_1_719' title='bbox 1081 5758 1360 5826; x_wconf 71' lang='grc' dir='ltr'>αςτοχῗας,</span> <span class='ocrx_word' id='word_1_720' title='bbox 1422 5761 1518 5828; x_wconf 73' lang='grc' dir='ltr'>τὴν</span> <span class='ocrx_word' id='word_1_721' title='bbox 1565 5762 1660 5829; x_wconf 79' lang='grc' dir='ltr'>τῆς</span> <span class='ocrx_word' id='word_1_722' title='bbox 1710 5760 1950 5828; x_wconf 77' lang='grc' dir='ltr'>κεφαλῆς</span> 
     </span>
    </p>
   </div>
   <div class='ocr_carea' id='block_1_104' title="bbox 3179 4513 3208 4532">
    <p class='ocr_par' dir='ltr' id='par_1_104' title="bbox 3179 4513 3208 4532">
     <span class='ocr_line' id='line_1_105' title="bbox 3179 4513 3208 4532; baseline 0 -2"><span class='ocrx_word' id='word_1_723' title='bbox 3179 4513 3208 4532; x_wconf 51' lang='grc' dir='ltr'><em>κ</em></span> 
     </span>
    </p>
   </div>
   <div class='ocr_carea' id='block_1_105' title="bbox 2613 4627 3109 4686">
    <p class='ocr_par' dir='ltr' id='par_1_105' title="bbox 2613 4627 3109 4686">
     <span class='ocr_line' id='line_1_106' title="bbox 2613 4627 3109 4686; baseline -0.002 -1"><span class='ocrx_word' id='word_1_724' title='bbox 2613 4628 2837 4686; x_wconf 86' lang='lat' dir='ltr'><strong>CAPUT</strong></span> <span class='ocrx_word' id='word_1_725' title='bbox 2902 4627 3109 4684; x_wconf 76' lang='lat' dir='ltr'><strong>XXIII.’</strong></span> 
     </span>
    </p>
   </div>
   <div class='ocr_carea' id='block_1_106' title="bbox 2060 4743 3653 4818">
    <p class='ocr_par' dir='ltr' id='par_1_106' title="bbox 2060 4743 3653 4818">
     <span class='ocr_line' id='line_1_107' title="bbox 2060 4743 3653 4818; baseline 0.001 -18"><span class='ocrx_word' id='word_1_726' title='bbox 2060 4746 2134 4800; x_wconf 86' lang='lat' dir='ltr'><strong>De</strong></span> <span class='ocrx_word' id='word_1_727' title='bbox 2183 4745 2278 4800; x_wconf 83' lang='lat' dir='ltr'><em>Illi</em></span> <span class='ocrx_word' id='word_1_728' title='bbox 2315 4755 2363 4798; x_wconf 86' lang='lat' dir='ltr'><strong>et</strong></span> <span class='ocrx_word' id='word_1_729' title='bbox 2403 4743 2612 4800; x_wconf 75' lang='lat' dir='ltr'><strong>Leontii</strong></span> <span class='ocrx_word' id='word_1_730' title='bbox 2650 4748 2954 4818; x_wconf 73' lang='lat' dir='ltr'><strong>tyrannide,</strong></span> <span class='ocrx_word' id='word_1_731' title='bbox 2988 4756 3038 4800; x_wconf 85' lang='lat' dir='ltr'><strong>et</strong></span> <span class='ocrx_word' id='word_1_732' title='bbox 3062 4748 3124 4801; x_wconf 89' lang='lat' dir='ltr'><strong>de</strong></span> <span class='ocrx_word' id='word_1_733' title='bbox 3149 4748 3429 4801; x_wconf 77' lang='lat' dir='ltr'><strong>structuris</strong></span> <span class='ocrx_word' id='word_1_734' title='bbox 3479 4755 3653 4818; x_wconf 79' lang='lat' dir='ltr'><strong>atque.-</strong></span> 
     </span>
    </p>
   </div>
   <div class='ocr_carea' id='block_1_107' title="bbox 2574 4817 3126 4872">
    <p class='ocr_par' dir='ltr' id='par_1_107' title="bbox 2574 4817 3126 4872">
     <span class='ocr_line' id='line_1_108' title="bbox 2574 4817 3126 4872; baseline 0.002 -2"><span class='ocrx_word' id='word_1_735' title='bbox 2574 4817 2810 4870; x_wconf 57' lang='lat' dir='ltr'><strong>aediﬁciis</strong></span> <span class='ocrx_word' id='word_1_736' title='bbox 2838 4817 3126 4872; x_wconf 82' lang='lat' dir='ltr'><strong>Ammiani.</strong></span> 
     </span>
    </p>
   </div>
   <div class='ocr_carea' id='block_1_108' title="bbox 2045 4931 3644 5003">
    <p class='ocr_par' dir='ltr' id='par_1_108' title="bbox 2045 4931 3644 5003">
     <span class='ocr_line' id='line_1_109' title="bbox 2045 4931 3644 5003; baseline 0.001 -17"><span class='ocrx_word' id='word_1_737' title='bbox 2045 4963 2052 4966; x_wconf 87' lang='lat'><em>—</em></span> <span class='ocrx_word' id='word_1_738' title='bbox 2129 4933 2276 4986; x_wconf 78' lang='lat' dir='ltr'><strong>Idem</strong></span> <span class='ocrx_word' id='word_1_739' title='bbox 2306 4932 2624 4988; x_wconf 82' lang='lat' dir='ltr'><strong>Eustathius</strong></span> <span class='ocrx_word' id='word_1_740' title='bbox 2663 4947 2891 5003; x_wconf 88' lang='lat' dir='ltr'><strong>quoque</strong></span> <span class='ocrx_word' id='word_1_741' title='bbox 2925 4933 3117 4994; x_wconf 89' lang='lat' dir='ltr'><strong>refert,</strong></span> <span class='ocrx_word' id='word_1_742' title='bbox 3143 4931 3419 4986; x_wconf 86' lang='lat' dir='ltr'><strong>Zenonem</strong></span> <span class='ocrx_word' id='word_1_743' title='bbox 3443 4935 3644 4988; x_wconf 72' lang='lat' dir='ltr'><strong>socrui</strong></span> 
     </span>
    </p>
   </div>
   <div class='ocr_carea' id='block_1_109' title="bbox 2061 5024 3644 5094">
    <p class='ocr_par' dir='ltr' id='par_1_109' title="bbox 2061 5024 3644 5094">
     <span class='ocr_line' id='line_1_110' title="bbox 2061 5024 3644 5094; baseline 0.001 -16"><span class='ocrx_word' id='word_1_744' title='bbox 2061 5024 2279 5078; x_wconf 67' lang='lat' dir='ltr'><strong>Verinaa</strong></span> <span class='ocrx_word' id='word_1_745' title='bbox 2331 5026 2481 5079; x_wconf 88' lang='lat' dir='ltr'><strong>varie</strong></span> <span class='ocrx_word' id='word_1_746' title='bbox 2532 5024 2764 5078; x_wconf 85' lang='lat' dir='ltr'><strong>insidias</strong></span> <span class='ocrx_word' id='word_1_747' title='bbox 2819 5025 3138 5081; x_wconf 86' lang='lat' dir='ltr'><strong>tetendisse.</strong></span> <span class='ocrx_word' id='word_1_748' title='bbox 3179 5034 3235 5079; x_wconf 88' lang='lat' dir='ltr'><strong>et</strong></span> <span class='ocrx_word' id='word_1_749' title='bbox 3296 5037 3644 5094; x_wconf 80' lang='lat' dir='ltr'><strong>postremum</strong></span> 
     </span>
    </p>
   </div>
   <div class='ocr_carea' id='block_1_110' title="bbox 2058 5113 3644 5184">
    <p class='ocr_par' dir='ltr' id='par_1_110' title="bbox 2058 5113 3644 5184">
     <span class='ocr_line' id='line_1_111' title="bbox 2058 5113 3644 5184; baseline 0.001 -16"><span class='ocrx_word' id='word_1_750' title='bbox 2058 5129 2178 5168; x_wconf 88' lang='lat' dir='ltr'><strong>eam</strong></span> <span class='ocrx_word' id='word_1_751' title='bbox 2221 5113 2450 5168; x_wconf 87' lang='lat' dir='ltr'><strong>Tarsum</strong></span> <span class='ocrx_word' id='word_1_752' title='bbox 2486 5117 2540 5168; x_wconf 91' lang='lat' dir='ltr'><strong>in</strong></span> <span class='ocrx_word' id='word_1_753' title='bbox 2591 5114 2843 5170; x_wconf 88' lang='lat' dir='ltr'><strong>Ciliciam</strong></span> <span class='ocrx_word' id='word_1_754' title='bbox 2894 5115 3207 5184; x_wconf 83' lang='lat' dir='ltr'><strong>relegasse:</strong></span> <span class='ocrx_word' id='word_1_755' title='bbox 3267 5130 3388 5184; x_wconf 65' lang='lat' dir='ltr'><strong>quae</strong></span> <span class='ocrx_word' id='word_1_756' title='bbox 3450 5125 3644 5184; x_wconf 73' lang='lat' dir='ltr'><strong>postea</strong></span> 
     </span>
    </p>
   </div>
   <div class='ocr_carea' id='block_1_111' title="bbox 2059 5207 3639 5278">
    <p class='ocr_par' dir='ltr' id='par_1_111' title="bbox 2059 5207 3639 5278">
     <span class='ocr_line' id='line_1_112' title="bbox 2059 5207 3639 5278; baseline 0 -16"><span class='ocrx_word' id='word_1_757' title='bbox 2059 5223 2185 5262; x_wconf 88' lang='lat' dir='ltr'><strong>cum</strong></span> <span class='ocrx_word' id='word_1_758' title='bbox 2217 5207 2270 5260; x_wconf 93' lang='lat' dir='ltr'><strong>in</strong></span> <span class='ocrx_word' id='word_1_759' title='bbox 2304 5207 2522 5278; x_wconf 85' lang='lat' dir='ltr'><strong>Papyrii</strong></span> <span class='ocrx_word' id='word_1_760' title='bbox 2546 5207 2770 5262; x_wconf 89' lang='lat' dir='ltr'><strong>castello</strong></span> <span class='ocrx_word' id='word_1_761' title='bbox 2797 5217 2964 5272; x_wconf 91' lang='lat' dir='ltr'><strong>esset,</strong></span> <span class='ocrx_word' id='word_1_762' title='bbox 2999 5223 3110 5277; x_wconf 87' lang='lat' dir='ltr'><strong>quo</strong></span> <span class='ocrx_word' id='word_1_763' title='bbox 3135 5217 3383 5277; x_wconf 90' lang='lat' dir='ltr'><strong>tempore</strong></span> <span class='ocrx_word' id='word_1_764' title='bbox 3407 5208 3538 5262; x_wconf 92' lang='lat' dir='ltr'><strong>lllus</strong></span> <span class='ocrx_word' id='word_1_765' title='bbox 3581 5217 3639 5262; x_wconf 87' lang='lat' dir='ltr'><strong>et</strong></span> 
     </span>
    </p>
   </div>
   <div class='ocr_carea' id='block_1_112' title="bbox 2059 5297 3634 5367">
    <p class='ocr_par' dir='ltr' id='par_1_112' title="bbox 2059 5297 3634 5367">
     <span class='ocr_line' id='line_1_113' title="bbox 2059 5297 3634 5367; baseline -0.002 -16"><span class='ocrx_word' id='word_1_766' title='bbox 2059 5297 2346 5362; x_wconf 88' lang='lat' dir='ltr'><strong>Leontius,</strong></span> <span class='ocrx_word' id='word_1_767' title='bbox 2379 5298 2582 5366; x_wconf 88' lang='lat' dir='ltr'><strong>quibus</strong></span> <span class='ocrx_word' id='word_1_768' title='bbox 2607 5297 2726 5366; x_wconf 81' lang='lat' dir='ltr'><strong>ipsa</strong></span> <span class='ocrx_word' id='word_1_769' title='bbox 2761 5297 2979 5365; x_wconf 89' lang='lat' dir='ltr'><strong>imperii</strong></span> <span class='ocrx_word' id='word_1_770' title='bbox 3006 5297 3244 5367; x_wconf 83' lang='lat' dir='ltr'><strong>insignia</strong></span> <span class='ocrx_word' id='word_1_771' title='bbox 3297 5297 3634 5359; x_wconf 90' lang='lat' dir='ltr'><strong>contulerat,</strong></span> 
     </span>
    </p>
   </div>
   <div class='ocr_carea' id='block_1_113' title="bbox 2062 5387 3637 5458">
    <p class='ocr_par' dir='ltr' id='par_1_113' title="bbox 2062 5387 3637 5458">
     <span class='ocr_line' id='line_1_114' title="bbox 2062 5387 3637 5458; baseline 0.001 -18"><span class='ocrx_word' id='word_1_772' title='bbox 2062 5389 2405 5458; x_wconf 79' lang='lat' dir='ltr'><strong>tyrannidem</strong></span> <span class='ocrx_word' id='word_1_773' title='bbox 2439 5397 2831 5451; x_wconf 78' lang='lat' dir='ltr'><strong>exercuerunt,</strong></span> <span class='ocrx_word' id='word_1_774' title='bbox 2869 5387 3036 5441; x_wconf 86' lang='lat' dir='ltr'><strong>vitam</strong></span> <span class='ocrx_word' id='word_1_775' title='bbox 3085 5389 3159 5442; x_wconf 90' lang='lat' dir='ltr'><strong>ibi</strong></span> <span class='ocrx_word' id='word_1_776' title='bbox 3203 5388 3399 5441; x_wconf 88' lang='lat' dir='ltr'><strong>finivit.</strong></span> <span class='ocrx_word' id='word_1_777' title='bbox 3453 5387 3637 5441; x_wconf 85' lang='lat' dir='ltr'><strong>Histo-</strong></span> 
     </span>
    </p>
   </div>
   <div class='ocr_carea' id='block_1_114' title="bbox 2060 5477 3637 5550">
    <p class='ocr_par' dir='ltr' id='par_1_114' title="bbox 2060 5477 3637 5550">
     <span class='ocr_line' id='line_1_115' title="bbox 2060 5477 3637 5550; baseline -0.002 -17"><span class='ocrx_word' id='word_1_778' title='bbox 2060 5480 2195 5534; x_wconf 86' lang='lat' dir='ltr'><strong>riam</strong></span> <span class='ocrx_word' id='word_1_779' title='bbox 2218 5480 2300 5534; x_wconf 90' lang='lat' dir='ltr'><strong>llli</strong></span> <span class='ocrx_word' id='word_1_780' title='bbox 2333 5479 2656 5533; x_wconf 85' lang='lat' dir='ltr'><strong>Eustathius</strong></span> <span class='ocrx_word' id='word_1_781' title='bbox 2720 5495 2941 5549; x_wconf 88' lang='lat' dir='ltr'><strong>quoque</strong></span> <span class='ocrx_word' id='word_1_782' title='bbox 2971 5481 3113 5550; x_wconf 86' lang='lat' dir='ltr'><strong>stylo</strong></span> <span class='ocrx_word' id='word_1_783' title='bbox 3167 5489 3314 5533; x_wconf 83' lang='lat' dir='ltr'><strong>terso</strong></span> <span class='ocrx_word' id='word_1_784' title='bbox 3351 5477 3637 5548; x_wconf 88' lang='lat' dir='ltr'><strong>prosequi-</strong></span> 
     </span>
    </p>
   </div>
   <div class='ocr_carea' id='block_1_115' title="bbox 2063 5569 3635 5641">
    <p class='ocr_par' dir='ltr' id='par_1_115' title="bbox 2063 5569 3635 5641">
     <span class='ocr_line' id='line_1_116' title="bbox 2063 5569 3635 5641; baseline -0.002 -17"><span class='ocrx_word' id='word_1_785' title='bbox 2063 5583 2153 5625; x_wconf 88' lang='lat' dir='ltr'><strong>tnr</strong></span> <span class='ocrx_word' id='word_1_786' title='bbox 2185 5589 2198 5625; x_wconf 75' lang='grc' dir='ltr'><strong>ι</strong></span> <span class='ocrx_word' id='word_1_787' title='bbox 2234 5571 2700 5641; x_wconf 84' lang='lat' dir='ltr'><strong>quemadmodum</strong></span> <span class='ocrx_word' id='word_1_788' title='bbox 2734 5571 2992 5625; x_wconf 89' lang='lat' dir='ltr'><strong>videlicet</strong></span> <span class='ocrx_word' id='word_1_789' title='bbox 3021 5571 3067 5625; x_wconf 91' lang='lat' dir='ltr'><strong>is</strong></span> <span class='ocrx_word' id='word_1_790' title='bbox 3120 5569 3359 5625; x_wconf 88' lang='lat' dir='ltr'><strong>Zenonis</strong></span> <span class='ocrx_word' id='word_1_791' title='bbox 3405 5569 3635 5622; x_wconf 85' lang='lat' dir='ltr'><strong>insidias</strong></span> 
     </span>
    </p>
   </div>
   <div class='ocr_carea' id='block_1_116' title="bbox 2059 5660 3636 5734">
    <p class='ocr_par' dir='ltr' id='par_1_116' title="bbox 2059 5660 3636 5734">
     <span class='ocr_line' id='line_1_117' title="bbox 2059 5660 3636 5734; baseline -0.004 -15"><span class='ocrx_word' id='word_1_792' title='bbox 2059 5665 2336 5734; x_wconf 81' lang='lat' dir='ltr'><strong>effugerit,</strong></span> <span class='ocrx_word' id='word_1_793' title='bbox 2373 5674 2427 5718; x_wconf 92' lang='lat' dir='ltr'><strong>et</strong></span> <span class='ocrx_word' id='word_1_794' title='bbox 2457 5664 2602 5718; x_wconf 88' lang='lat' dir='ltr'><strong>Zeno</strong></span> <span class='ocrx_word' id='word_1_795' title='bbox 2620 5679 2747 5718; x_wconf 90' lang='lat' dir='ltr'><strong>eum</strong></span> <span class='ocrx_word' id='word_1_796' title='bbox 2778 5663 2870 5732; x_wconf 91' lang='lat' dir='ltr'><strong>qui</strong></span> <span class='ocrx_word' id='word_1_797' title='bbox 2896 5663 2960 5716; x_wconf 89' lang='lat' dir='ltr'><strong>ad</strong></span> <span class='ocrx_word' id='word_1_798' title='bbox 2995 5663 3150 5716; x_wconf 92' lang='lat' dir='ltr'><strong>lllum</strong></span> <span class='ocrx_word' id='word_1_799' title='bbox 3175 5660 3480 5715; x_wconf 87' lang='lat' dir='ltr'><strong>necandum</strong></span> <span class='ocrx_word' id='word_1_800' title='bbox 3511 5675 3636 5730; x_wconf 89' lang='lat' dir='ltr'><strong>per-</strong></span> 
     </span>
    </p>
   </div>
   <div class='ocr_carea' id='block_1_117' title="bbox 2060 5751 3630 5826">
    <p class='ocr_par' dir='ltr' id='par_1_117' title="bbox 2060 5751 3630 5826">
     <span class='ocr_line' id='line_1_118' title="bbox 2060 5751 3630 5826; baseline -0.005 -12"><span class='ocrx_word' id='word_1_801' title='bbox 2060 5775 2252 5814; x_wconf 87' lang='lat' dir='ltr'><strong>cussor</strong></span> <span class='ocrx_word' id='word_1_802' title='bbox 2281 5759 2586 5813; x_wconf 82' lang='lat' dir='ltr'><strong>submissus</strong></span> <span class='ocrx_word' id='word_1_803' title='bbox 2623 5758 2828 5824; x_wconf 88' lang='lat' dir='ltr'><strong>fuerat,</strong></span> <span class='ocrx_word' id='word_1_804' title='bbox 2859 5756 3102 5826; x_wconf 70' lang='lat' dir='ltr'><strong>iugulari</strong></span> <span class='ocrx_word' id='word_1_805' title='bbox 3134 5751 3465 5823; x_wconf 67' lang='lat' dir='ltr'><strong>praeceperit</strong></span> <span class='ocrx_word' id='word_1_806' title='bbox 3496 5769 3510 5806; x_wconf 90' lang='lat'><strong>:</strong></span> <span class='ocrx_word' id='word_1_807' title='bbox 3540 5767 3630 5808; x_wconf 84' lang='lat' dir='ltr'><strong>ca-</strong></span> 
     </span>
    </p>
   </div>
  </div>
