4094 6202
395 256 500 328 159
1613 265 1983 331 ΝΠΣΕΡΠΟῙ

2084 274 2168 333 CA
2182 274 2429 334 LLISTI
3552 286 3657 349 1m

393 379 531 450 pitis
563 376 895 448 supplicium
921 391 1024 447 pro
1045 391 1114 432 eo
1174 377 1323 446 quod
1379 375 1463 431 llli
1523 378 1700 432 czedes
1755 379 1805 431 ei
1860 396 1969 431 non

2084 386 2364 451 ἀφαίρεσιν
2394 390 2704 458 ὑποσχόντα
2736 406 2751 422 ⁶
2788 392 2846 441 ἐν
2900 392 3195 461 ἐπιτηδείῳ
3251 393 3305 445 δὲ
3362 394 3655 450 λανθάνειν

396 471 783 537 successisset,
806 471 978 524 veluti
1012 471 1239 525 multam
1266 478 1661 538 rcportautcm.
1696 470 1969 524 Zenonem

2084 481 2438 551 πειρώμενος,
2471 483 2580 534 τῶν
2629 483 2813 553 Ἰιζῴων
2836 483 3153 552 ἐξηγεῖσθαι
3188 488 3469 556 δυνάμεων
3499 491 3652 544 Eur-

397 563 597 618 deinde
627 580 738 618 rem
769 581 889 620 eam
913 564 1167 618 consulto
1198 580 1450 634 premere
1478 567 1776 625 volentem.
1813 564 1970 618 illum

2084 589 2133 626 ιε
2163 574 2254 627 τὸν
2292 573 2509 627 ’ῐλλοῦν.
2571 574 2811 638 Ἐκεῖνος
2838 576 2893 628 δὲ
2944 578 3187 648 Λεοντίῳ
3236 579 3515 649 φιλιωθεὶς
3554 585 3652 637 σὺν

398 652 770 708 Orientalibus
788 655 965 724 copiis
994 654 1308 724 praefecisse
1332 671 1347 707 :
1377 655 1530 708 Illum
1559 667 1771 718 autem,
1797 655 1972 708 Leon-

2084 664 2775 734 Παμπρεπίῳ,’τυραννεῖν
2805 667 3070 720 ἐπέϐαλον
3103 669 3232 737 περὶ
3291 671 3501 739 Ταρσὸν
3549 677 3646 741 τῆς

401 742 477 797 tio
502 753 555 797 et
578 742 878 813 Pamprepe
904 745 957 798 in
981 746 1297 800 societatem
1323 746 1539 808 ascitis.
1593 747 1764 816 639
1791 757 1974 816 tyran-

2084 755 2348 817 Κιλικίας.
2393 756 2517 809 Ἐπὶ
2546 756 2610 827 δὴ
2645 757 2883 821 τούτοις,
2929 759 3005 820 ώς
3039 759 3208 826 μηδὲν
3238 759 3338 829 τῆς
3397 766 3649 832 τυραννὶ-

398 830 662 884 nidemin
690 831 882 886 Cilicia
934 834 1079 901 apud
1140 833 1368 889 Tarsum
1396 835 1718 904 arripuisse.
1771 836 1974 889 Adhmc

2084 846 2163 911 5ος
2211 847 2489 917 ὀνάμενοι,
2545 847 2872 919 Θευδερίχου
2926 848 3021 901 τοῦ
3067 850 3264 903 Γότθου
3310 854 3432 905 κατ’
3468 830 3650 906 αὐτῶν

399 922 721 977 Eustathius
756 923 898 977 idem
926 926 1099 985 addit.
1134 925 1271 980 nihil
1305 926 1414 980 illis
1444 926 1789 992 tyrannidem
1848 942 1974 995 pro-

2084 940 2296 1009 στρατῷ
2320 939 2642 1002 ἐπελθόντος
2678 940 2920 1009 μεγάλῳ,
2960 940 3057 993 σὺν
3096 940 3340 1011 ἡμεδαπῇ
3409 943 3501 995 καὶ
3555 945 3653 995 ἁλ-

401 1013 590 1076 fuisse.
620 1030 688 1069 eo
721 1016 869 1086 quod
893 1015 1315 1071 Theuderiehus
1346 1016 1583 1072 Gotthus
1610 1033 1731 1070 cum
1785 1018 1976 1087 ingen-

2084 1031 2281 1102 >οδαπῇ
2310 1032 2537 1099 δυνάμει
2565 1030 2815 1092 δειλαίως
2859 1028 3163 1101 ἀνῄρηνται
3196 1048 3210 1064 ·
3271 1031 3428 1096 ἀξίαν
3490 1037 3653 1103 ἀμοι-

404 1107 553 1162 tibus
575 1110 1012 1177 provincialibus
1036 1110 1197 1165 simul
1229 1122 1286 1164 et
1312 1111 1557 1165 externis
1578 1112 1753 1179 Copiis
1778 1112 1974 1166 adver-

2084 1121 2277 1194 ὗὴνοῖς
2304 1124 2499 1191 ἐκείνῳ
2543 1124 2767 1194 τὴντῆς
2820 1123 3104 1192 βασιλείας
3160 1126 3421 1179 ἐπάνοδον
3472 1127 3657 1196 ἐχαρέ.

404 1212 501 1251 sus
535 1215 631 1252 eos
660 1215 689 1253 a
721 1200 939 1255 Zenone
987 1203 1186 1257 missus
1235 1203 1325 1266 sit.
1380 1205 1539 1275 cujus
1598 1204 1761 1258 etiam
1815 1206 1971 1276 jussu

2084 1234 2244 1270 σαντο
2275 1218 2599 1287 εὑρηκότες.
2647 1217 2761 1270 Καὶ
2789 1216 2948 1270 τοῦτο
3002 1218 3061 1271 δέ
3114 1219 3191 1287 τῷ
3256 1221 3653 1290 συγγράμματι

407 1290 781 1346 miserandum
836 1298 890 1347 in
921 1294 1145 1348 modum
1173 1294 1287 1350 sint
1320 1296 1511 1359 occisi.
1546 1298 1874 1366 condignam
1908 1300 1976 1352 ab

2084 1310 2374 1378 καταλέγει
2432 1309 2773 1371 Εὑστάθιος⁶
2833 1312 2908 1373 ὡς
2964 1310 3284 1380 Θευδέριχος
3329 1314 3652 1380 αἰσθόμενος

408 1397 496 1442 eo,
521 1383 666 1451 quod
704 1384 853 1438 illum
895 1387 947 1439 in
983 1386 1276 1455 imperium
1312 1388 1706 1452 restituisseut,
1739 1389 1968 1456 gratiam

2084 1405 2174 1473 τῆς
2198 1404 2318 1456 κατ’
2351 1403 2558 1456 ἐκείνου
2594 1401 2808 1473 βουλῆς,
2837 1401 2896 1454 δν
2946 1401 3154 1456 ὕπατον
3203 1404 3507 1474 ἀνηγόρευε
3556 1408 3653 1457 καὶ

410 1471 671 1529 ferentes.
704 1476 868 1529 Addit
906 1477 1097 1532 rhetor
1124 1480 1265 1531 idem
1301 1478 1434 1531 illud
1465 1493 1687 1547 quoque
1722 1478 1978 1532 Theude-

2084 1471 2390 1566 στρατηγὸν
2444 1471 2694 1566 Θρᾴκης,
2729 1496 2820 1547 ἐπὶ
2872 1494 2972 1565 τὴν
3016 1471 3391 1565 ἀρχαιοτέραν⁷
3432 1497 3652 1565 Ῥώμην

410 1565 647 1627 richum.
673 1581 834 1635 quem
860 1567 1006 1621 Zeno
1033 1570 1315 1622 consulem
1373 1579 1428 1624 et
1489 1570 1739 1623 Thraciae
1784 1570 1977 1625 ducem

2084 1565 2285 1660 ἐχώρει
2310 1606 2325 1621 ·
2372 1588 2466 1643 καὶ
2503 1588 2792 1655 Ὀδόακρον
2853 1587 2998 1657 μάχῃ
3038 1588 3339 1657 κρατήσας,
3386 1590 3654 1658 τήϐενναν

410 1659 841 1721 renuntiaverat.
882 1662 972 1714 ubi
1006 1661 1236 1715 insidias
1261 1661 1367 1715 sibi
1414 1663 1482 1715 ab
1512 1677 1580 1716 eo
1612 1663 1749 1715 strui
1783 1664 1976 1727 sensit,

2084 1659 2391 1754 περιέθετο,
2416 1682 2512 1735 καὶ
2539 1682 2685 1752 ρἧα
2724 1677 2918 1733 ἑαυτὸν
2944 1680 3154 1734 ἀνεῖπε.
3210 1679 3387 1732 Πολλὰ
3437 1681 3493 1732 δέ
3556 1681 3655 1733 καὶ

411 1747 678 1802 adversus
715 1760 951 1803 veterem
985 1751 1212 1805 Romam
1238 1751 1804 1816 exercitumdusisse,
1831 1752 1976 1807 Odo-

2084 1775 2185 1828 τῶν
2238 1775 2545 1845 Ἐσπερίων
2598 1771 2766 1824 ἐθνῶν
2842 1770 3046 1840 ἀμαχεὶ
3128 1769 3459 1839 ἐχειρώσατο
3493 1786 3510 1803 ·
3560 1771 3657 1822 καὶ

411 1851 598 1890 acrum
632 1838 775 1893 bello
809 1840 1028 1900 vicisse.
1056 1850 1112 1894 et
1140 1842 1287 1909 regia
1320 1851 1469 1894 veste
1517 1855 1757 1910 sumpta,
1793 1857 1975 1911 regem

2084 1865 2441 1933 Οὑανδήλονς,
2483 1861 2703 1931 Ῥώμην
2731 1878 2791 1913 τε
2814 1860 2881 1913 αὑ
2915 1859 3014 1930 τὴν
3038 1860 3279 1929 μεγάλην
3327 1860 3441 1923 καὶ,
3471 1860 3686 1921 ἁπλῶς,

411 1940 471 1980 se
502 1926 750 1982 dixisse:
795 1930 997 1985 multas
1047 1940 1310 2001 praeterea
1354 1932 1739 1989 Occidentales
1790 1947 1982 2002 gentes

2084 1926 2470 2017 nimimadaav
2490 1926 2867 2024 tljv‘éonsplav
2892 1926 3049 2021 λῆξιν
3078 1926 3168 2019 ὑφ’
3191 1926 3378 2004 ἑαυτὸν
3400 1951 3656 2019 ἐποιήσα-

373 3635 401 3662 ο

413 2021 619 2091 absque
642 2025 848 2093 praelia,
874 2026 1005 2082 item
1043 2027 1337 2091 Vandalos.
1372 2043 1621 2096 magnam
1655 2027 1844 2081 urbem
1874 2025 1981 2080 Ro-

415 2130 578 2181 mam,
631 2126 688 2171 et
731 2118 836 2186 (ut
888 2119 1058 2173 semel
1110 2118 1345 2188 dicam)
1394 2118 1714 2188 llespcriam
1768 2118 1979 2187 plagam

414 2221 634 2262 omnem
660 2208 892 2278 cepisse,
934 2220 1101 2279 atque
1122 2209 1319 2265 ditioni
1350 2225 1464 2264 sua:
1481 2209 1806 2279 subjecisse.
1839 2208 1981 2264 Sunt

415 2298 507 2368 qui
537 2299 748 2368 dicunt,
780 2300 1019 2357 Zenonis
1045 2304 1394 2372 suggestione
1432 2318 1496 2356 ea
1529 2301 1979 2355 Thenderichum

415 2390 613 2460 egisse.
647 2393 851 2447 Eodem
886 2403 1131 2463 tempore
1163 2404 1216 2448 et
1273 2393 1653 2454 Mammiauus,
1688 2392 1771 2445 vir
1803 2391 1982 2446 curuli

416 2482 624 2536 honore
648 2486 849 2547 clarus,
878 2495 933 2539 et
954 2502 1021 2539 ex
1054 2488 1250 2540 ordine
1284 2485 1563 2540 senatorio
1622 2485 1677 2538 in
1731 2484 1982 2552 Daphne,

416 2575 512 2644 qui
544 2573 898 2630 suburbanus
946 2576 1253 2631 Antiochia:
1308 2577 1465 2630 vicus
1504 2575 1631 2640 fuit,
1690 2574 1983 2628 aedilicium

417 2666 748 2727 consumit.
789 2666 931 2735 quod
985 2667 1054 2721 ab
1107 2667 1216 2721 illis
1269 2666 1579 2721 Antiforum
1625 2664 1832 2719 dictum
1875 2672 1982 2720 est.

416 2754 565 2807 Intra
604 2757 793 2808 urbem
826 2768 1007 2810 autent
1039 2758 1350 2825 imperiales
1402 2757 1538 2808 duas
1571 2757 1815 2823 porticus
1870 2768 1986 2807 nta-

421 2844 617 2914 gnilice
664 2846 980 2909 adnmdum,
1047 2846 1229 2917 magni
1288 2846 1451 2916 pretii
1506 2855 1562 2901 et
1612 2844 1984 2899 vziriicnloris

422 2937 698 3006 lapidibus
748 2949 1039 2994 exornatas
1063 2940 1366 2995 condidit:
1418 2940 1562 2993 inter
1595 2954 1729 3006 quas
1793 2936 1985 2990 Tetra-

420 3032 603 3101 pylutn
663 3031 905 3085 medium
949 3031 1263 3102 ingentibus
1293 3030 1567 3086 columnis
1600 3039 1657 3082 ct
1712 3043 1820 3081 tere
1852 3040 1985 3079 con-

419 3128 666 3196 spicuum
716 3116 928 3190 statuit,
967 3129 1085 3181 solo
1122 3128 1302 3197 lapide
1341 3127 1679 3182 Proconcsio
1730 3131 1983 3177 constra-

418 3226 491 3273 to.
516 3218 636 3273 llaec
654 3220 720 3273 de
743 3217 829 3274 his
856 3218 1136 3273 hactenus.

928 3315 1153 3373 CAPUT
1193 3314 1384 3373 XXIV.

490 3406 567 3460 De
588 3406 732 3461 obitu
758 3405 1006 3471 Zenonis,
1041 3416 1090 3460 et
1128 3406 1380 3463 electione
1408 3407 1682 3463 Anastasii
1713 3405 1912 3462 Dicori.

489 3591 639 3647 Zeno
672 3591 747 3661 (l)
793 3590 953 3646 linem
983 3591 1111 3646 vita:
1142 3592 1246 3647 sibi
1280 3592 1730 3665 appropinquare
1768 3591 1984 3657 videns,

416 3700 484 3738 ex
520 3685 595 3738 eis
625 3683 717 3752 qui
756 3682 941 3738 futura
977 3683 1277 3753 praedicere
1305 3684 1716 3750 existimantur,
1744 3684 1986 3738 Mauria-

420 3793 548 3831 num
576 3777 868 3846 quemdam
894 3778 1140 3839 nomine,
1172 3777 1426 3847 quisnam
1459 3784 1581 3847 post
1603 3793 1728 3831 eum
1757 3777 1986 3845 (liberos

418 3866 566 3920 enim
604 3882 671 3920 ex
706 3867 907 3921 lumbis
939 3866 1055 3921 suis
1094 3878 1413 3936 procreatos
1451 3883 1561 3922 non
1598 3867 1853 3937 habebat)
1883 3868 1987 3922 im-

421 3964 718 4024 peraturus
754 3965 922 4023 esset,
957 3957 1262 4012 consuluit.
1309 3956 1412 4023 Qui
1452 3958 1801 4028 respondisse
1848 3957 1993 4013 dici-

423 4054 538 4106 tur,
587 4060 654 4099 ex
689 4045 1017 4101 Silentiariis
1048 4047 1287 4117 aliquem
1322 4062 1435 4102 non
1471 4047 1764 4116 imperium
1798 4048 1983 4114 modo,

414 4138 508 4192 sed
554 4144 612 4193 et
662 4152 887 4193 uxorem
938 4139 1059 4210 ejus
1111 4149 1462 4210 recepturum
1500 4156 1643 4195 esse.
1685 4142 1832 4196 Zeno
1880 4158 1986 4196 au-

417 4238 562 4296 tem,
610 4230 757 4301 quod
817 4231 1096 4302 Pelagium
1150 4232 1426 4304 designari
1482 4234 1748 4304 putabat,
1799 4234 1981 4288 virum

415 4324 738 4392 praeclarum
784 4332 842 4378 et
884 4324 1211 4393 sapientem,
1251 4326 1400 4381 ferro
1430 4341 1558 4383 eum
1605 4327 1739 4382 caedi
1778 4326 1981 4399 jussit,

413 4423 579 4482 atque
612 4415 840 4484 insuper
871 4414 1013 4471 alios
1037 4417 1207 4470 etiam
1238 4416 1379 4472 nihil
1409 4418 1767 4473 commeritos
1795 4417 1981 4474 necari

413 4504 651 4559 curavit.
686 4504 752 4558 Et
790 4508 983 4562 morbo
1020 4508 1284 4563 comitiali
1322 4520 1638 4581 correptus.
1673 4511 1818 4581 quod
1867 4510 1978 4564 vim

413 4594 533 4665 cjus
562 4610 672 4650 non
706 4595 892 4660 ferret,
920 4598 1159 4652 animam
1191 4600 1325 4669 egit,
1356 4602 1556 4672 Pelagii
1582 4602 1748 4673 690
1777 4618 1976 4658 nomen

416 4683 473 4737 in
518 4701 612 4740 ore
655 4686 886 4742 habens.
928 4687 1122 4742 Fertur
1165 4690 1351 4757 etiam,
1390 4693 1539 4760 quod
1575 4708 1702 4746 eum
1740 4694 1982 4749 Ariadna

416 4776 616 4846 eonjux
668 4777 897 4841 odisset,
936 4792 1063 4832 cum
1109 4779 1389 4849 cpilepsiae
1438 4782 1725 4838 doloribus
1775 4783 1984 4839 disten-

417 4866 663 4931 deretur.
717 4876 774 4922 et
827 4869 1071 4938 speciem
1129 4871 1376 4926 defuncti
1434 4873 1739 4943 praeberet,
1798 4876 1983 4931 vivum

416 4957 599 5013 adhuc
644 4959 712 5013 ab
758 4959 849 5014 illa
897 4961 1152 5029 sepulcro
1200 4963 1470 5019 inclusum
1513 4980 1658 5020 esse.
1701 4966 1809 5021 Alii
1853 4984 1986 5025 vero

416 5049 659 5116 tradunt,
694 5065 819 5106 cum
853 5068 918 5107 ex
944 5054 1217 5127 ebrietate
1250 5071 1472 5112 sensum
1514 5072 1733 5113 onmem
1765 5060 1982 5116 amisis-

417 5156 522 5210 set,
550 5146 605 5201 in
639 5149 908 5204 tumulum
943 5150 1257 5217 conjectum
1288 5166 1413 5208 esse
1452 5170 1465 5208 :
1500 5161 1558 5207 et
1589 5163 1878 5223 postquam
1915 5155 1984 5210 ad

416 5240 658 5309 seipsum
701 5257 800 5311 per
842 5242 1200 5299 sobrietatem
1249 5244 1507 5301 rediisset
1541 5245 1596 5300 in
1627 5246 1747 5317 ipso
1789 5262 1987 5302 monu-

419 5343 608 5388 mento
629 5335 990 5405 exclamasse,
1020 5336 1187 5392 vitam
1226 5353 1288 5393 se
1318 5338 1516 5405 solam,
1549 5354 1658 5395 non
1687 5340 1854 5395 etiam
1884 5341 1988 5395 im-

479 5466 855 5550 .(l).Zenone
908 5469 1554 5550 'principedncendium
1621 5473 1988 5531 saevissimum

415 5536 559 5613 (uit,
592 5539 647 5594 in
679 5556 789 5609 quo
829 5536 1026 5611 praeter
1073 5536 1366 5596 niaxiinam
1401 5544 1558 5597 urbis
1594 5553 1803 5613 partem
1849 5561 1985 5600 con-

414 5606 725 5687 llagraLam‘,
746 5606 968 5687 centum
988 5613 1261 5687 etvigiiiti
1285 5612 1453 5665 millia
1478 5606 1747 5687 librorum
1775 5615 1990 5683 disper-

415 5678 555 5734 ierc.
591 5678 660 5736 Et
689 5681 747 5736 in
790 5682 878 5738 his
917 5690 974 5738 et
1022 5678 1244 5745 Homeri
1296 5698 1489 5753 poema
1538 5684 1807 5740 intestino
1857 5678 1988 5741 dra-

2006 3311 2053 3371 ο

2082 2068 2145 2102 το
2182 2066 2198 2081 ·
2232 2050 2340 2103 είσὶ
2371 2049 2425 2102 δὲ
2454 2047 2507 2100 οἵ
2532 2063 2700 2115 φασιν
2722 2044 3026 2114 ὑποθήκαις
3062 2044 3311 2112 Ζήνωνος
3338 2040 3514 2093 ταῦτα
3563 2042 3656 2093 τὸν

2082 2143 2403 2211 Θευδέριχον
2432 2137 2915 2208 καταπράξασθαι.
2946 2132 3258 2203 Τηνικαῦτα
3287 2134 3345 2187 δὲ
3374 2134 3466 2186 κα¹ι
3494 2133 3654 2200 Μαμ-

2088 2235 2300 2305 μιανδς,
2326 2233 2468 2303 ἀνὴρ
2498 2231 2557 2295 ἐξ
2584 2228 2905 2299 ἐπιδιφρίων
2934 2226 3207 2297 ἐπίσημος
3228 2227 3326 2279 καὶ
3347 2225 3651 2293 συγκλήτου

2088 2329 2285 2399 βουλῆς
2321 2324 2628 2397 μετασχὼν,
2668 2323 2811 2376 κατὰ
2857 2322 3076 2391 Δάφνην
3116 2320 3177 2372 τὸ
3220 2318 3321 2384 τῆς
3381 2317 3653 2385 Ἀντιόχου

2087 2421 2418 2489 προάστειον
2438 2418 2499 2471 ea
2543 2415 2673 2488 παρ’
2699 2416 2929 2478 ἐκείνοις
2963 2416 3180 2481 ἐγεῖραι
3207 2411 3495 2480 ἀντίφορον
3521 2425 3535 2440 ·
3563 2412 3659 2464 καὶ

2085 2508 2180 2563 δύο
2208 2508 2265 2561 δὲ
2317 2505 2625 2577 βασιλείους
2679 2503 2845 2565 στοὰς
2902 2501 3048 2554 ἔνδον
3097 2500 3311 2569 στῆσαι,
3362 2499 3658 2566 εὐπρεπεῖς

2086 2602 2316 2668 ἐσάγαν,
2352 2598 2515 2652 λίθων
2544 2614 2603 2650 τε
2634 2593 2955 2648 πολυτελέσι
3018 2593 3209 2663 χρόαις
3265 2590 3613 2662 ὡραῖσμένας
3638 2602 3653 2618 ⁸

2085 2692 2423 2762 τετράπυλόν
2445 2707 2504 2744 τε
2544 2690 2709 2758 μέσον
2735 2687 2843 2741 τῶν
2863 2685 2956 2741 δύο
2983 2684 3271 2752 βασιλείων
3329 2682 3504 2736 στοῶν
3563 2698 3660 2751 με·

2087 2784 2452 2855 γαλοπρεπῶς
2478 2783 2709 2851 ἐγεῖραι,
2745 2779 2919 2833 κίοσιν
2949 2776 3206 2842 ἐξαισίοις
3228 2778 3322 2830 καὶ
3353 2778 3417 2845 τῇ
3443 2776 3500 2826 ἐν
3527 2772 3655 2843 χαλ.

2089 2876 2183 2930 κοῦ
2210 2875 2312 2947 ὕλῃ
2343 2875 2486 2944 μάλα
2525 2871 2754 2940 κομψῶς
2784 2868 3126 2939 ἠσκημένας,
3155 2868 3249 2921 καὶ
3303 2866 3435 2936 λίθῳ
3472 2865 3551 2934 τῷ
3594 2866 3658 2917 ἐκ

2090 2968 2459 3038 Προικονήσου
2529 2962 2796 3030 τοῦδαφος
2873 2960 2969 3014 καὶ
3029 2953 3201 3013 τᾶλλα
3254 2959 3657 3029 ήμφιεσμένας.

2089 3058 2278 3112 Ταῦτα
2308 3056 2408 3127 μέν
2430 3060 2557 3126 περ)⁸
2584 3053 2815 3107 τούτων.

2650 3291 2901 3346 ΚΕΦΑΛ.
2967 3287 3095 3345 KA'.

2091 3393 2229 3463 Περὶ
2272 3390 2380 3459 τῆς
2407 3384 2694 3463 τειιευτῆς
2731 3384 3011 3463 Ζήνωνος
3046 3384 3168 3463 ’καί
3207 3381 3659 3463 ἀναγορεύσεως

2468 3457 2861 3512 Ἁναστασίου
2896 3454 3002 3507 τοῦ
3028 3454 3299 3521 Δικόρου.

2156 3578 2250 3650 Τῷ
2298 3577 2356 3630 δέ
2414 3576 2623 3643 Ζήνωνι
2657 3570 2752 3624 τοῦ
2786 3570 2976 3629 τέλους
3011 3568 3347 3636 ἐγγίζοντος,
3392 3565 3500 3620 τῶν
3533 3583 3655 3619 τινα

2087 3673 2149 3726 τὸ
2210 3668 2402 3739 μέλλον
2445 3666 2644 3718 εἰδέναι
2708 3662 3080 3731 νομιζομένων
3121 3659 3439 3728 Μαυριανδν
3487 3659 3657 3726 ὄνομα

2085 3762 2347 3831 διηρώτα,
2370 3758 2477 3811 τίνι
2508 3756 2616 3823 ἄρα
2651 3753 2768 3823 μετ’
2796 3753 2957 3805 αὑτδν
2989 3753 3022 3821 ή
3054 3751 3200 3821 ἁρχὴ
3234 3752 3654 3820 προσχωρήσοιο

2088 3852 2255 3906 παῖδα
2302 3848 2410 3917 γὰρ
2444 3846 2503 3910 ἐξ
2540 3844 2741 3912 ὀσφύος
2764 3844 2864 3896 οὑκ
2898 3841 3026 3912 ἔσχε
3048 3858 3064 3874 ·
3090 3842 3186 3894 τὸν
3212 3842 3269 3894 δέ
3305 3843 3470 3909 φάναι
3501 3841 3656 3907 λέγε-

2086 3961 2201 4008 ται,
2251 3941 2373 3995 τινὰ
2399 3938 2507 3991 τῶν
2541 3937 2649 3991 ἀπὸ
2676 3918 3083 4004 Σιλεντιαρίων,
3142 3932 3203 3986 οὑ
3251 3932 3351 4001 τὴν
3385 3933 3560 4001 ἀρχήν
3591 3948 3656 3998 γε

2089 4035 2271 4105 μόνον,
2302 4029 2436 4086 ἀλλὰ
2464 4030 2558 4083 καὶ
2578 4028 2678 4097 τὴν
2710 4026 2959 4095 γαμετὴν
2985 4024 3277 4095 λήψεσθαι.
3314 4023 3578 4090 Πελάγων
3600 4022 3660 4076 δὲ

2084 4121 2291 4193 οίηθεὶς
2338 4119 2531 4173 τοῦτον
2567 4112 2733 4182 εἶναι,
2778 4115 2952 4185 ἄνδρα
2988 4113 3273 4184 περίὸοξόν
3301 4130 3423 4165 τινα
3448 4112 3540 4164 καὶ
3572 4129 3661 4164 σο-

2086 4218 2185 4290 φία
2215 4217 2550 4288 προήκοντα,
2586 4211 2764 4280 ὑπῆγε
2796 4208 2874 4279 τῷ
2904 4209 3073 4276 ξίφει,
3108 4207 3203 4260 καὶ
3236 4204 3429 4267 ἄλλους
3457 4204 3502 4258 δ’
3530 4203 3662 4273 άνῄ⁴

2085 4326 2171 4381 ρει
2243 4308 2409 4378 μηδὲν
2462 4306 2827 4375 ἀδικήσαντας
2854 4317 2869 4335 ·
2923 4300 3188 4372 ἐπιληψίᾳ
3260 4299 3318 4354 δέ
3379 4298 3659 4368 συσχεθεὶς

2088 4402 2168 4473 τῷ
2211 4399 2307 4453 τοῦ
2355 4397 2680 4470 πράγματος
2707 4395 3039 4465 άνυποίστῳ,
3093 4391 3320 4463 θνήσκει
3359 4393 3461 4463 τήν
3491 4390 3664 4444 Πελα-

2084 4494 2207 4562 γίου
2253 4488 2627 4561 προσηγορίαν
2657 4488 2762 4541 ἀνὰ
2820 4486 2995 4556 στόμα
3031 4485 3236 4554 φέρων.
3269 4484 3410 4537 Φασί
3453 4499 3517 4552 γε
3551 4481 3660 4552 μὴν

2086 4583 2161 4647 ὡς
2193 4586 2263 4653 τῇ
2296 4581 2515 4651 γυναικὶ
2538 4578 2797 4651 ’Δριάδνῃ
2829 4578 2916 4631 διὰ
2944 4576 3138 4648 μίσους
3198 4574 3295 4639 ὣν,
3324 4577 3445 4639 ταῖς
3484 4576 3548 4628 ἐκ
3563 4576 3664 4644 τῆς

2014 4644 2059 4699 D
2087 4644 2383 4744 ιτὲιλτῖιὶας
2399 4644 3054 4743 περιωδυνίαιςτληφθεὶς,
3074 4671 3168 4724 καὶ
3190 4670 3349 4734 δόξαν
3379 4685 3663 4738 παρεσχη-

2047 4802 2061 4808 -
2088 4764 2201 4829 κὼς
2231 4767 2305 4828 ὡς
2329 4766 2431 4836 ήδη
2462 4766 2636 4828 θάνοι,
2668 4765 2748 4819 ἐτι
2800 4764 2910 4829 ζῶν
2944 4763 3036 4817 ὑπ’
3067 4763 3239 4832 αὑτῆς
3263 4762 3341 4832 τῷ
3371 4763 3529 4832 τάφῳ
3562 4779 3662 4813 πε-

2092 4856 2440 4928 ριεκλείσθη·
2474 4856 2625 4912 ἄλλοι
2658 4856 2715 4910 δὲ
2762 4856 2905 4927 μέθῃ
2939 4854 3207 4925 σχεθέντα
3260 4857 3357 4906 καὶ
3394 4853 3659 4921 ἀναισθή-

2089 4965 2198 5011 τως
2251 4947 2466 5018 ἔχοντα,
2510 4952 2577 5019 τῇ
2623 4947 2769 5018 σορῷ
2801 4945 3200 5016 καθειρχθῆναί
3231 4963 3399 5014 φασιν
3420 4963 3433 4978 ⁸
3461 4946 3666 5015 ἀνανή-

2088 5041 2267 5112 ψαντα
2294 5044 2351 5096 δὲ
2382 5043 2627 5097 κάτωθεν
2657 5042 2879 5114 ἐκθοᾷν,
2908 5042 3054 5108 ζωῆς
3087 5042 3279 5113 μόνης,
3309 5044 3371 5096 οὑ
3424 5042 3533 5112 μὴν
3563 5041 3664 5111 τῆς

2093 5137 2270 5209 ἀρχῆς
2297 5134 2584 5205 ἐφίεσθαι*
2637 5134 2733 5188 κα)⁸
2761 5133 3002 5203 ἐνόρκως
3037 5132 3211 5202 αὑτῆς
3240 5131 3317 5200 τῷ
3350 5132 3666 5202 βουλομένῳ

2093 5228 2472 5299 παραχωρεῖν.
2512 5225 2615 5279 Τὸν
2654 5224 2718 5295 δὴ
2749 5221 2977 5277 τοιαῦτα
3028 5222 3257 5290 λέγοντα
3291 5222 3465 5285 οὐδεὶς
3492 5218 3561 5293 ἦν
3590 5224 3669 5274 ol-

2094 5320 2352 5392 κτείρων,
2389 5318 2677 5390 ’Δριάδνης
2705 5316 3012 5387 ἐπεχούσης
3045 5315 3147 5386 τῆς
3190 5316 3473 5384 γυναικός.
3505 5315 3612 5368 Καὶ
3639 5315 3669 5368 ό

2092 5452 2249 5529 conis
2323 5466 2453 5529 exs
2503 5450 2708 5529 pedum
2775 5449 2961 5529 aureis
3029 5447 3235 5503 litteris
3271 5445 3666 5529 "descriptum.

2092 5518 2674 5649 ἱεειιιιιιημάιιὸιιιιίο
2700 5530 2787 5577 est
2811 5518 2880 5576 de
2910 5519 3134 5577 Zenone
3162 5534 3231 5575 ex
3270 5518 3443 5575 Suida
3474 5518 3530 5572 in
3559 5519 3668 5573 [ine

2135 5607 2260 5649 inus
2317 5610 2330 5647 ι
2374 5607 2442 5649 rt.

2135 5607 2260 5664 ujus
2293 5607 2442 5649 tum.
