4094 6202
424 284 522 345 1ἱὶξό

1344 274 1954 337 Είῗσῐιῐέἓῐλδτίίῖίῑί
1999 270 2388 331 ΠίΞΤΟΠῖἘ
2424 272 2579 332 LIB.
2619 273 2774 333 XVI.

3585 273 3684 336 NG

418 412 589 454 σκων,
621 393 776 460 ἄχρις
813 389 869 442 οὗ
908 388 1208 459 ἐγγράφοις
1260 389 1445 456 ὅρκοις
1485 391 1580 440 καὶ.
1605 388 1798 449 δεινοῖς
1846 385 1996 455 μάλα

2105 381 2288 434 animo
2322 382 2446 434 forti
2496 383 2775 435 restiterat
2812 397 2828 436 :
2863 395 3042 449 neque
3088 381 3242 450 prius
3274 397 3331 436 se
3365 397 3486 452 qua:
3531 394 3686 462 stata:

415 482 910 549 κατασφαλίσηται,
947 480 978 550 ἢ
1036 480 1142 547 μὴν
1183 478 1352 548 άθιγῆ
1387 479 1618 546 φυλάξαι
1652 479 1750 549 τὴν
1786 478 1991 540 πίστιν,

416 576 510 625 καὶ
541 572 709 642 μηδὲν
739 589 791 622 τι
827 571 1146 640 καινουργὸν
1169 572 1406 638 εἰσάγειν
1438 571 1736 641 πειρᾶσθαι
1759 573 1826 639 τῇ
1869 571 1992 624 Ἐκ-

412 665 615 735 κλησίια
647 665 738 715 ἑπί
762 662 870 715 τῶν
902 662 1198 731 σκήπτρων
1228 663 1520 731 γενόμενον
1540 679 1554 694 ο
1593 664 1728 732 πρὸς
1793 663 1845 716 δὲ
1898 663 1994 715 καὶ

413 760 512 827 τὴν
542 760 599 809 ἐν
632 757 941 824 Χαλκηδόνι
1005 757 1242 819 σύνοδον,
1305 756 1562 826 προθέσει
1613 757 1763 827 πάσῃ
1792 757 1990 825 ψυχῆς.

412 852 536 912 ταῖς
569 850 787 910 λοιπαῖς
827 849 1146 901 συντάττειν
1178 850 1377 910 τρισίν.
1414 843 1506 910 Οἷς
1538 849 1674 917 δῆτα
1724 850 1993 916 συνθέμε-

411 959 504 994 νον
540 943 835 1012 ἐγγράφως
892 942 983 993 τὸν
1031 941 1406 1004 ’Δναστάσιον,
1453 940 1646 992 ἔπειτα
1669 943 1737 992 τὰ
1767 941 1996 994 εἰωθότα

414 1036 511 1088 καὶ
541 1034 624 1085 ἐπ’
652 1033 803 1101 αὐτῷ
834 1034 924 1086 τὶν
964 1032 1112 1102 ίερὲα
1161 1032 1398 1085 τελέσαι.
1438 1033 1512 1085 Οὐ
1550 1032 1728 1099 πολλῷ
1755 1033 1796 1084 δ’
1838 1031 1995 1084 ὕστε-

417 1144 513 1195 ρον
559 1124 1008 1193 ἐπιϐαλλόμενον,
1041 1123 1134 1176 τὸν
1186 1124 1467 1193 ἔγγραφον
1518 1125 1729 1194 χάρτην
1798 1127 1991 1177 αἰτεῖν.

413 1219 510 1270 καὶ
559 1217 634 1286 μὴ
691 1217 1106 1286 παρασχόμενον
1162 1217 1254 1269 τὸν
1313 1217 1636 1285 Εὑφήμιον,
1701 1217 1996 1287 ὑπερόριον

411 1310 648 1376 ἄγεσθαι
673 1327 684 1338 ·
715 1307 918 1371 πολλὰς
966 1307 1011 1359 δ’
1031 1307 1326 1369 ἐπιϐουλὰς
1368 1307 1517 1376 αὐτῷ
1553 1309 1645 1360 καὶ
1679 1307 1908 1360 θάνατον
1930 1307 1996 1376 δὴ

415 1403 921 1470 προσεπισκευάσαι
944 1417 958 1431 ⁸
993 1400 1068 1462 ὡς
1094 1399 1186 1452 καί
1221 1416 1339 1468 τινα
1367 1399 1475 1450 τῶν
1511 1400 1779 1452 συνόντων
1808 1399 1996 1467 Εὔφη-

417 1495 527 1562 μῖῳ
574 1489 786 1542 Παῦλον
816 1489 1012 1556 ὄνομα,
1045 1488 1369 1558 ὑπερωμίαν
1397 1489 1454 1540 δὲ
1490 1488 1667 1550 ἄλλως
1718 1489 1810 1540 καὶ
1839 1490 1996 1557 μέγι-

414 1601 563 1650 στον,
593 1584 654 1634 τὸ
699 1579 1003 1650 φερόμενον
1037 1579 1160 1632 κατ’
1190 1579 1397 1631 ἐκείνου
1432 1579 1584 1646 ξίφος
1615 1578 1993 1644 εἰσδέξασθαι·

412 1676 552 1729 ἀλλά
601 1673 690 1726 τδν
739 1672 842 1741 μὲν
868 1671 1031 1739 οὕτω,
1053 1672 1147 1723 καὶ
1171 1671 1262 1723 ἐπὶ
1287 1671 1563 1730 τοιαύταις
1583 1670 1807 1731 αίτίαις,
1832 1671 1998 1739 ὑπερ-

2101 474 2448 526 Ca-remonire
2504 473 2884 541 postularent,
2942 473 3218 524 facturum
3264 487 3385 525 esse
3433 473 3682 538 dixerat,

2103 579 2270 632 quant
2305 562 2397 617 ille
2427 563 2578 632 gravi
2607 563 2928 632 juramento
2959 564 3010 614 itt
3046 562 3311 630 seriptum
3347 564 3518 622 relato
3549 579 3684 617 eon-

2104 654 2402 716 lirtnasset,
2433 653 2591 706 ﬁdem
2625 669 2682 706 se
2718 654 3034 705 inviolatam
3071 663 3455 714 servaturum,
3505 670 3686 722 neque

2103 747 2402 816 quidquam
2441 747 2520 799 rei
2554 761 2709 799 nova:
2742 745 2958 813 imperii
3005 745 3086 797 sui
3127 755 3372 812 tempore
3406 745 3456 797 in
3491 747 3681 799 Eccle-

2105 841 2242 890 siam
2275 838 2579 898 illaturum,
2610 850 2712 889 nec
2743 851 2848 887 non
2875 835 3379 889 Chalcedonensem
3411 836 3681 905 synodum

2103 946 2168 981 ex
2205 929 2375 981 animi
2407 928 2681 982 sententia
2719 927 2944 995 reliquis
2977 928 3154 980 tribus
3189 927 3503 981 additurum
3535 943 3680 980 esse.

2100 1019 2263 1089 693
2313 1021 2677 1074 Consenserat
2731 1019 3139 1073 conditionibus
3202 1019 3318 1083 his,
3373 1028 3430 1072 et
3477 1034 3572 1072 eas
3627 1020 3684 1072 in

2103 1115 2367 1182 scriptum
2416 1114 2680 1167 retulerat
2729 1112 3076 1174 Anastasius,
3116 1121 3172 1165 et
3214 1112 3315 1164 sub
3364 1112 3476 1165 Ιιαιο
3522 1112 3682 1164 εει»τὶ-

2106 1207 2321 1259 monias
2376 1206 2564 1259 solitas
2619 1206 2672 1259 in
2731 1221 2799 1260 eo
2857 1206 3146 1275 episcopus
3200 1211 3506 1274 peregerat.
3562 1204 3682 1256 Non

2104 1301 2262 1367 longe
2315 1315 2443 1352 vero
2488 1311 2613 1369 pnst
2656 1299 3023 1368 Et'phcmiutn
3066 1299 3292 1354 adortus
3338 1299 3678 1365 Anastasius,

2103 1393 2350 1446 libellum
2384 1408 2508 1446 eum
2542 1393 2610 1446 ab
2641 1408 2708 1446 eo
2745 1394 2964 1461 repetiit
2992 1410 3004 1445 :
3034 1403 3090 1446 et
3116 1392 3258 1460 quod
3293 1408 3415 1446 eum
3452 1393 3542 1447 ille
3574 1410 3684 1447 non

2107 1486 2366 1550 reddidit,
2409 1485 2584 1539 solum
2632 1487 2813 1539 exsilii
2863 1501 3026 1538 causa
3079 1496 3296 1538 vertere
3342 1486 3529 1555 jussus
3572 1496 3679 1540 est.

2107 1577 2248 1630 Vita:
2281 1592 2505 1644 quoque
2538 1577 2657 1642 ejus
2692 1576 2766 1629 ita
2800 1577 3090 1630 insidiatus
3119 1592 3222 1636 εει,
3260 1587 3319 1627 ιιι
3352 1592 3415 1628 ex
3449 1575 3683 1628 familia-

2109 1667 2265 1720 ribus
2296 1666 2588 1734 Euphemii
2621 1665 2840 1735 quidam
2876 1666 3092 1719 nomine
3125 1666 3340 1720 Paulus.
3372 1666 3454 1718 vir
3490 1681 3684 1733 proee-

408 1767 558 1832 όριον
623 1760 753 1835 ἦγε,
799 1763 1004 1831 καίπερ
1046 1761 1142 1815 τοῦ
1197 1761 1433 1832 πλήθους
1493 1763 1666 1816 πολλά
1716 1762 1998 1830 δυσχεραί-

2105 1774 2219 1821 rus,
2257 1771 2312 1813 et
2351 1758 2597 1812 humeris
2633 1758 2766 1826 ipsis
2800 1769 3214 1825 superexstans,
3248 1757 3392 1826 quod
3417 1757 3682 1811 adversus

412 1871 630 1918 νοντος·
675 1853 1010 1908 Μακεδόνιον
1074 1855 1153 1918 δὲ,
1191 1848 1235 1920 ᾧ
1267 1854 1550 1922 Εὑφήμιος
1604 1853 1696 1905 τὸν
1731 1853 1998 1923 αὐτόγρα-

414 1960 549 1998 πτον
575 1945 674 2014 τῆς
705 1943 998 2012 ὁμολογίας
1058 1945 1266 2013 χάρτην
1304 1943 1576 2013 παρέθετο
1597 1981 1612 2004 ,
1667 1943 1762 1995 ἅτε
1792 1942 1856 2010 δὴ
1887 1941 1996 1993 τῶν

418 2038 578 2108 ιερῶν
627 2036 932 2107 κειμηλίων
971 2037 1070 2103 τὴν
1111 2036 1362 2104 φυλακὴν
1408 2034 1906 2104 ἐπιτετραμμένον,
1969 2035 1997 2085 6

428 2134 784 2192 Ἀναστάσιος
814 2131 911 2184 ἐπὶ
941 2129 1040 2201 τὴν
1093 2131 1246 2199 ίερὰν
1275 2131 1443 2194 ἀνῆγε
1485 2126 1777 2196 καθέδραν.
1809 2127 1996 2180 Ταῦτα

414 2222 457 2277 δ’
480 2225 750 2294 ἔπραττεν
777 2225 806 2276 6
857 2222 1163 2290 Εὑφήμιος,
1194 2221 1288 2273 κα)¹
1319 2219 1386 2272 δι’
1417 2219 1560 2287 ἅπερ
1619 2237 1709 2289 μοι
1754 2221 1993 2288 εἴρηται,
2023 2283 2035 2296 ⁸

415 2320 509 2370 καὶ
534 2318 616 2368 ὅτι
649 2332 751 2386 περ
798 2314 955 2378 δόξαν
977 2315 1323 2383 Μανιχαῖκῆς
1354 2313 1623 2380 αἱρέσεως
1659 2311 1997 2365 ὑποθάλπειν

415 2411 525 2470 τοῖς
558 2406 773 2468 πολλοῖς
812 2405 990 2457 ἐδόκει
1045 2405 1072 2456 6
1111 2403 1463 2464 Ἀναστάσιος
1487 2419 1504 2436 ο
1540 2403 1635 2455 ἆτε
1667 2402 1730 2472 δὴ
1772 2404 1865 2454 καὶ
1894 2401 1996 2468 τῆς

415 2499 626 2553 ἐκείνου
659 2499 869 2570 μητρός
925 2497 1192 2550 τάκείνων
1224 2497 1371 2564 μάλα
1401 2494 1767 2564 διαφερόντως
1800 2495 1996 2564 ζηλού-

417 2610 518 2662 σης
541 2609 553 2622 ·
590 2587 656 2664 ἦς
685 2593 712 2644 6
737 2589 964 2659 ἁδελφὸς
994 2589 1279 2659 Κλέαρχος
1303 2583 1479 2654 αὖθις,
1508 2587 1576 2639 τά
1609 2585 1822 2656 Ἀρείου
1857 2590 1999 2654 ἐφω-

417 2688 549 2756 ρᾶτο
570 2683 915 2756 πρεσσεὺων.
950 2681 1042 2735 Διὸ
1072 2685 1168 2735 καὶ
1193 2683 1525 2750 Μανιχαίοις
1557 2680 1652 2734 καὶ
1691 2680 1995 2748 ’Δρειανοῖς

415 2778 631 2848 χαίρειν
661 2781 818 2847 ἐπῄει
847 2778 914 2848 τῇ
953 2775 1241 2846 ἁλουργίδι
1271 2774 1652 2836 Ἀ,αστασίου,
1685 2774 1996 2844 μεταϐολήν

416 2889 537 2922 τινα
569 2868 790 2930 ἔσεσθαι
829 2867 1206 2937 προσδοκῶσιν
1254 2865 1457 2927 αὐτοῖς.
1502 2866 1588 2928 Ὠς
1631 2865 1674 2918 δ’
1707 2864 1800 2918 οὖν
1826 2867 1853 2917 6
1883 2866 1997 2917 Μα-

415 2961 656 3023 κεδόνιος
684 2961 777 3012 ἐπὶ
804 2961 894 3012 τὸν
927 2959 1119 3028 θρόνον
1139 2958 1317 3029 ἀνῄει,
1359 2957 1516 3017 αὖθις
1559 2956 1653 3008 καὶ
1681 2955 1854 3023 τούτῳ
1881 2959 1999 3007 πεῖ-

2101 1867 2228 1906 cum
2253 1851 2576 1920 dispositum
2612 1851 3101 1902 eirctttul'erebatur
3126 1849 3351 1914 ferrum,
3375 1852 3674 1918 exceperit;

2101 1953 2266 2012 atque
2306 1944 2474 2007 hunc,
2526 1943 2596 1996 ob
2632 1957 2757 1995 eum
2795 1942 3036 2004 modum,
3069 1951 3121 1994 et
3155 1941 3225 1994 ob
3263 1944 3423 1994 talem
3459 1957 3677 1996 causam

2103 2037 2155 2090 itt
2189 2037 2442 2090 exsilium
2477 2036 2609 2105 egit,
2638 2051 2762 2089 eum
2795 2035 3014 2104 quidem
3053 2033 3101 2086 id
3136 2035 3368 2103 p0pulns
3397 2035 3678 2102 mgcrrittte

2103 2131 2174 2183 tet
2194 2138 2296 2184 ret.
2326 2128 2706 2182 Macedonium
2730 2136 2937 2189 autem,
2966 2127 3054 2180 cui
3087 2126 3426 2194 Euphentius
3454 2142 3680 2196 syngra-

2103 2223 2266 2292 pham
2304 2219 2680 2284 stipulationis
2723 2235 2834 2272 snte
2875 2218 3185 2272 crediderat
3223 2223 3368 2285 (nam
3406 2216 3456 2270 ei
3489 2234 3679 2272 saero-

2104 2331 2222 2367 rum
2249 2328 2470 2382 quoque
2493 2311 2845 2366 denariorum
2873 2310 3125 2364 custodia
3149 2313 3436 2365 commissa
3457 2311 3678 2374 luerat),

2105 2406 2159 2459 in
2195 2419 2406 2458 sacrant
2450 2403 2678 2459 sustulit
2725 2402 3065 2456 cathedram.
3115 2401 3342 2457 Fet-erat
3387 2412 3578 2466 autent
3614 2420 3677 2456 ea

2103 2513 2222 2566 quae
2253 2497 2398 2551 dicta
2431 2506 2560 2551 sunt
2596 2494 2956 2564 Euphenrius,
2999 2509 3120 2548 eum
3151 2495 3221 2547 ob
3247 2512 3338 2548 eas
3369 2509 3503 2563 quas
3533 2512 3682 2549 cetu-

2101 2589 2531 2645 memoravimus
2588 2602 2818 2653 causas,
2878 2597 2990 2641 tum
3049 2587 3192 2656 quod
3252 2587 3676 2640 Manichaeorum

2105 2683 2362 2736 haeresim
2430 2681 2752 2735 Anastasius
2809 2681 2972 2749 vulgo
3033 2679 3219 2733 fovere
3281 2681 3430 2733 visus
3498 2693 3679 2740 esset,

2104 2776 2310 2845 quippe
2341 2775 2501 2844 cujus
2531 2777 2694 2828 etiam
2732 2786 2908 2828 mater
2935 2789 3054 2826 eam
3082 2773 3278 2826 ardore
3315 2775 3516 2841 ingenti
3547 2791 3679 2827 eon-

2103 2877 2428 2928 sectaretnr,
2473 2867 2643 2920 frater
2690 2881 2912 2936 quoque
2940 2866 3102 2935 'ejus,
3149 2869 3421 2920 Anastasii
3470 2868 3682 2921 scilicet

2101 2963 2409 3018 avunculus
2440 2961 2765 3022 Clearchus,
2801 2945 3447 3027 Arianisnti'compertus
3482 2959 3680 3015 fuerat.

417 3070 519 3124 ραν
547 3053 793 3123 προσῆγε
822 3051 923 3121 τὴν
973 3051 1182 3103 οἰκείαν
1231 3047 1532 3118 ὁμολογίαν
1583 3048 1802 3100 λαόεῖνο
1839 3045 1999 3116 ὓϐριν

2105 3055 2447 3124 Quapropter
2492 3063 2548 3108 et
2595 3052 2907 3108 Manichazis
2940 3061 2996 3106 et
3030 3053 3248 3107 Arianis
3295 3070 3534 3122 purpura
3582 3071 3679 3108 sua

414 3146 526 3213 γάρ
555 3145 603 3194 οί
629 3142 900 3212 ἐνόμιζεν,
919 3142 968 3195 εί
995 3143 1054 3195 τὸ
1077 3142 1369 3213 εἰρημένον
1395 3140 1474 3210 τῷ
1507 3139 1608 3210 βίῳ
1637 3139 1997 3208 ἀπολειφθείη

417 3233 554 3301 πρὸς
584 3231 828 3300 ἔλεγχον.
871 3229 1114 3282 Ἐκείνου
1161 3230 1216 3282 δὲ
1273 3229 1468 3298 ἐπίσης
1523 3227 1795 3296 Εὐφημίῳ
1853 3227 1999 3296 μάλα

415 3323 682 3393 γεννικῶς
739 3323 1115 3394 διαφέροντος,
1147 3322 1242 3377 καὶ
1270 3323 1532 3392 ἄντικρυς
1565 3319 1860 3391 προδοσίαν
1910 3320 2001 3372 πί-

417 3434 592 3480 στεως
641 3417 925 3487 κρίνοντος
959 3416 1058 3486 τὴν
1107 3415 1210 3483 τῆς
1246 3415 1540 3484 ὁμολογίας
1575 3414 1854 3475 ἀπόδοσιν,
1903 3413 1999 3465 καί

417 3510 946 3579 άντικαθισταμένου
988 3509 1442 3580 ῥωμαλεώτερον,
1496 3510 1751 3569 παντοῖος
1787 3508 1999 3574 ἐγίνετο

426 3600 792 3662 ’Δναστάσιος
833 3601 928 3652 καὶ
957 3599 1144 3652 τοῦτον
1179 3599 1455 3652 ἀπελάσαι
1485 3599 1579 3650 τοῦ
1625 3597 1817 3668 θρόνου
1843 3614 1858 3630 ο
1907 3601 2002 3650 καὶ

415 3695 598 3746 πάντα
628 3692 875 3762 τυρεύων
905 3686 994 3763 ἦν,
1049 3691 1243 3744 ἀνῦσαι
1296 3691 1358 3742 τὸ
1387 3688 1854 3758 σπουδαζόμενον.
1907 3690 1998 3759 Μὴ

416 3784 556 3851 ἒχων
591 3783 636 3836 6'
671 3783 698 3835 ὅ
724 3800 776 3835 τι
823 3781 918 3833 καὶ
949 3781 1190 3850 δράσειε,
1247 3779 1510 3848 σύλλογον
1542 3780 1806 3851 ἀθροίσας
1848 3781 1998 3849 αίρε-

415 3875 611 3934 τικῶν,
651 3873 773 3942 βίαν
797 3871 1045 3942 προσῆγε
1097 3872 1192 3923 καὶ
1231 3870 1423 3925 τοῦτον
1457 3871 1554 3941 τὴν
1607 3873 1665 3922 ἐν
1693 3871 2000 3939 Χαλκηδόνι

421 3967 642 4018 σύνοδον
675 3963 1099 4017 ἀποϐάλλεσθαι.
1122 3963 1432 4033 Αίσθόμενα
1460 3964 1517 4016 δὲ
1546 3968 1612 4017 τά
1662 3964 1840 4034 πλήθη
1875 3981 2000 4016 συν-

420 4059 614 4129 έρρεον
637 4095 652 4118 ,
680 4055 885 4124 Καιρδς
939 4055 1266 4125 μαρτυρίου,
1298 4055 1598 4126 διαρρήδην
1637 4055 1862 4126 βοῶντα,
1899 4075 2003 4124 μη-

422 4150 532 4212 δεὶς
559 4146 656 4199 τοῦ
701 4147 959 4215 ποιμένος
994 4147 1184 4216 πόρρω
1237 4146 1468 4213 γένοιτο.
1525 4147 1922 4217 Ἐλοιδοροῡντο
1947 4148 2002 4198 δέ

425 4242 500 4312 τῷ
530 4238 844 4308 κρατοῦντι,
877 4239 1174 4308 Μανιχαῶν
1195 4239 1493 4302 καλοῦντες
1523 4240 1616 4292 καὶ
1646 4239 1738 4290 τοῦ
1771 4240 2003 4306 κράτους

421 4334 662 4398 άναξιον.
700 4334 760 4384 Ὀ
781 4333 836 4384 δὲ
878 4331 1082 4394 δείσας,
1117 4332 1503 4401 προτροπάδην
1534 4329 1757 4399 φεύγειν
1784 4331 2002 4398 ἕτοιμος

2102 3145 2428 3199 Anastasius
2467 3145 2708 3199 laetitiam
2760 3145 2982 3207 attulit,
3031 3144 3388 3198 mutationem
3439 3147 3676 3213 aliquant

2102 3237 2343 3292 futuram
2377 3237 2845 3306 exspectantibus.
2893 3234 3186 3306 Postquam
3230 3237 3394 3304 igitur
3430 3239 3680 3291 Macedo-

2102 3331 2230 3384 nius
2267 3329 2634 3400 episcopalem
2673 3330 2931 3382 thronum
2968 3331 3318 3394 conscendit,
3351 3334 3416 3384 alt
3450 3347 3516 3384 eo
3546 3348 3680 3400 qun-

2101 3436 2206 3491 que
2267 3421 2520 3489 promissi
2575 3420 2656 3474 sui
2717 3422 2988 3489 scriptum
3048 3421 3371 3476 Anastasius
3436 3425 3679 3493 recipere

2101 3510 2389 3564 contendit
2421 3529 2434 3564 :
2469 3511 2862 3564 contumeliam
2911 3512 3277 3581 injuriamque
3311 3515 3413 3567 sibi
3447 3517 3557 3568 lit-ri
3593 3531 3681 3567 ra-

2105 3610 2213 3666 tus,
2246 3602 2291 3656 si
2334 3601 2578 3656 libellum
2626 3617 2786 3655 suum
2820 3604 2912 3671 qui
2947 3604 3113 3657 vitam
3148 3605 3268 3672 ejus
3306 3609 3678 3674 τιιιιιιιειιιτυι,

2102 3703 2227 3766 post
2269 3710 2328 3750 se
2372 3694 2728 3764 relinqueret.
2772 3695 3047 3750 Caeterum
3081 3714 3205 3751 cum
3247 3708 3301 3752 et
3340 3701 3454 3767 ipse
3491 3702 3678 3755 itidcttt

2105 3797 2165 3841 ut
2190 3787 2553 3858 Eupltetnius,
2583 3798 2908 3843 constanter
2947 3789 2997 3842 ei
3032 3789 3437 3856 adversaretur,
3468 3803 3522 3845 et
3557 3795 3678 3846 lidei

2103 3882 2328 3936 omnino
2356 3880 2724 3950 proditionem
2751 3895 2873 3935 esse
2897 3881 2940 3934 si
2967 3880 3214 3935 libellum
3245 3898 3368 3935 eunt
3403 3883 3678 3946 redderet,

2105 3973 2468 4037 existimaret,
2506 3973 2836 4043 fortiterque
2873 3989 3101 4043 prorsus
3139 3983 3331 4028 contra
3372 3990 3499 4026 eum
3551 3991 3680 4026 t'ntt-

2106 4065 2389 4128 tenderet,
2441 4065 2590 4118 varia
2640 4065 2964 4119 Anastasius
3027 4065 3149 4118 iniit
3204 4065 3468 4126 consilia,
3513 4076 3570 4118 nt
3625 4077 3680 4120 et

2105 4153 2254 4209 hunc
2282 4169 2310 4207 e
2343 4153 2474 4208 sede
2523 4153 2844 4209 dcturliat'et
2877 4173 2890 4209 :
2924 4155 3264 4223 tentavitque
3287 4156 3426 4208 adeo
3470 4157 3678 4208 omnia.

2107 4260 2164 4303 ut
2210 4252 2352 4320 quod
2416 4253 2732 4310 conabatur,
2764 4251 3013 4304 ediceret.
3040 4249 3143 4302 Sed
3179 4248 3321 4300 enim
3355 4261 3478 4300 cum
3539 4244 3680 4310 quod

2105 4341 2306 4394 facetet
2344 4357 2448 4394 non
2477 4340 2721 4403 habt-ret,
2747 4339 3122 4393 ha:reticorutn
3150 4351 3406 4390 consessu
3431 4334 3677 4396 col!eeto,

419 4425 487 4496 ἦν
509 4446 524 4460 ·
556 4428 652 4480 καὶ
682 4426 866 4492 ἐζήτει
896 4427 987 4478 τὸν
1007 4426 1364 4487 Μακεδόνιον,
1393 4423 1453 4477 ὃν
1477 4424 1740 4493 πρότερον
1771 4427 1843 4492 μή
1874 4440 1999 4474 ποτε

2108 4447 2201 4498 per
2228 4431 2333 4482 vim
2395 4431 2790 4495 Macednnitun,
2844 4438 2901 4482 ιιι
2951 4428 3212 4499 synodum
3271 4427 3681 4480 Chalcedonen-

423 4519 694 4583 διώμνυτο
727 4515 986 4569 κατιδεῖν.
1037 4514 1367 4576 Μακεδόνιος
1397 4513 1452 4566 δὲ
1509 4512 1674 4582 πολλῇ
1719 4513 2004 4584 παρρησία

425 4608 772 4676 χρησάμενος
801 4604 1088 4674 διήλεγχεν
1117 4604 1495 4668 Ἀναστάσιον,
1529 4598 1618 4657 οἷα
1651 4603 1715 4674 δὴ
1741 4603 1840 4670 τῆς
1881 4603 2006 4654 Ἐκ-

428 4699 656 4765 κλησίας
687 4694 970 4764 πολέμιον.
1010 4693 1071 4745 'U
1106 4693 1162 4745 δὲ
1191 4696 1312 4745 τότε
1345 4694 1448 4762 μὲν
1483 4694 1711 4762 ἔστεργε
1744 4695 1834 4745 καὶ
1875 4693 2007 4744 ὑπέ-

424 4805 596 4847 κειτο,
630 4787 932 4858 πραότερον
958 4787 1153 4839 ἑαυτὸν
1183 4787 1442 4854 παρέχων
1466 4801 1479 4816 ο
1515 4787 1572 4849 ἐς
1599 4785 1822 4854 ὕστερον
1845 4785 1903 4837 δὲ
1932 4783 2006 4854 τῷ

425 4880 719 4950 δυστρόπῳ
765 4879 860 4946 τῆς
890 4879 1136 4948 γνώμης,
1198 4877 1537 4945 κατηγόρους
1584 4895 1640 4929 τε
1673 4877 2002 4945 ἐμισθοῦτοο

426 4973 519 5025 καὶ
550 4971 742 5034 παῖδες
801 4972 1182 5040 μειρακίσκοι,
1244 4970 1585 5036 συκοφάνται
1642 4969 1793 5037 σφῶν
1824 4973 2005 5025 αὐτῶν

427 5062 520 5114 καὶ
549 5059 913 5122 Μακεδονίαν,
945 5063 1278 5130 παρήγοντο,
1305 5058 1700 5126 αἰσχρουργίαν
1733 5071 2007 5128 καταέευο

427 5153 662 5220 δόμενοι.
709 5150 865 5202 Ἐπε)⁸
895 5151 950 5202 δὲ
978 5150 1149 5202 ταῦτα
1180 5153 1243 5202 ἐκ
1265 5148 1358 5201 τοῦ
1396 5150 1578 5218 σχεδὸν
1611 5151 1861 5222 διήλεγχε
1889 5155 2004 5206 Μα-

428 5244 688 5309 ιιεδόνιος,
721 5245 855 5313 ἄτερ
894 5243 1004 5295 τῶν
1059 5243 1320 5314 ἀνδρείων
1371 5245 1565 5296 ἐαυτὸν
1611 5244 1902 5308 ἀποδείξας
1938 5251 2002 5315 τῇ

429 5336 518 5389 τοῦ
553 5335 806 5405 χιτωνίου
831 5335 1125 5403 ἁναστολῇ,
1149 5337 1282 5405 πρὸς
1313 5335 1474 5405 ἕτερα
1501 5335 1806 5405 μετεχώρει
1839 5337 2005 5388 δολιό-

430 5443 588 5495 τητος
614 5428 879 5496 γέμοντα.
929 5425 1030 5479 Διὰ
1085 5427 1195 5496 γὰρ
1246 5426 1551 5496 Κέλλωρος,
1604 5427 1662 5489 ὃς
1706 5428 1816 5479 τῶν
1852 5431 1908 5480 ἐν
1939 5431 2002 5498 τῇ

432 5521 563 5589 αὐλῇ
590 5520 798 5584 τάξεων
814 5517 1039 5587 ἡγεμὼν
1070 5519 1444 5588 καθειστήκει,
1478 5520 1652 5590 χάρτῃ
1675 5521 1771 5582 τὰς
1791 5520 1884 5572 δύο
1910 5521 2004 5589 μό-

435 5629 518 5668 νας
548 5610 800 5671 συνόδους
825 5609 1132 5678 ἐγγράψας,
1174 5609 1428 5678 δέχεσθαι
1459 5610 1749 5678 ὡμολόγει,
1798 5612 1992 5680 παρεὶς

437 5701 520 5770 τήν
547 5703 738 5771 τρίτην
772 5704 863 5753 καὶ
894 5701 993 5768 τὴν
1030 5702 1317 5771 τετάρτην.
1358 5703 1420 5754 '0
1455 5701 1517 5772 δὴ
1552 5705 1642 5754 καὶ
1674 5702 1882 5771 μέμψιν
1937 5704 1998 5754 οὺ

2108 4537 2219 4574 smn
2247 4522 2550 4585 damnaret,
2601 4537 2797 4590 cogere
2833 4503 3020 4574 voiuit.
3073 4518 3224 4585 Quod
3268 4519 3354 4572 ubi
3393 4517 3681 4570 multitudo

2108 4613 2297 4671 sensit,
2328 4612 2390 4664 ad
2427 4628 2548 4664 euut
2607 4612 2784 4665 locum
2817 4612 3076 4675 accurrit,
3108 4618 3160 4665 et
3192 4620 3378 4678 aperte
3409 4609 3682 4662 exclama-

2110 4703 2226 4756 vit:
2267 4701 2507 4772 Martyt-ii
2545 4712 2760 4771 tempus
2820 4703 2995 4768 adest,
3066 4716 3225 4755 nemo
3261 4701 3478 4769 longius
3519 4714 3545 4750 a
3585 4713 3682 4766 pa-

2111 4803 2256 4846 store
2285 4794 2530 4848 absistat.
2579 4794 2642 4846 Et
2674 4794 2919 4847 convicia
2975 4794 3026 4845 in
3059 4794 3436 4862 imperatorem
3495 4790 3683 4853 conje-

2111 4884 2609 4954 cit,Maniclnettm,
2647 4887 2736 4953 qui
2799 4886 3026 4954 imperio
3083 4883 3532 4952 indignusesset,
3591 4894 3685 4928 vo-

2109 4960 2262 5028 eans.
2298 4974 2361 5027 Et
2403 4963 2727 5028 Anastasius
2777 4972 2878 5027 sibi
2928 4980 3201 5034 metuens,
3245 4971 3310 5024 ad
3362 4971 3680 5038 fugiemtuu

2111 5076 2335 5134 paratus
2384 5065 2490 5118 fuit
2539 5081 2553 5118 :

2109 5166 2270 5209 antea
2331 5171 2388 5208 se
2452 5169 2630 5222 neque
2688 5162 3066 5222 respecturum
3127 5168 3246 5206 esse
3308 5154 3680 5222 adjuraverat.

2113 5245 2463 5299 Macedonius
2485 5260 2608 5297 cum
2637 5245 2892 5298 libertate
2921 5245 3086 5296 multa
3114 5244 3483 5302 Anastasiutu,
3513 5243 3682 5295 veluti

2112 5339 2191 5392 rei
2246 5337 2638 5392 ecclesiastica:
2688 5337 2925 5393 hostem.
2980 5336 3315 5404 objurgavit.
3355 5338 3530 5402 Atque
3590 5336 3679 5386 ille

2112 5439 2224 5483 tttm
2267 5429 2320 5482 in
2353 5428 2534 5482 verbis
2575 5428 2695 5499 ejus
2725 5428 3022 5496 acquievit,
3053 5428 3220 5498 694
3248 5443 3414 5495 seque
3445 5425 3680 5495 placabi-

2108 5523 2302 5575 lioretn
2371 5521 2690 5590 praebens,’
2730 5521 3008 5574 submisit.
3082 5521 3434 5573 Posttnmlum
3497 5528 3678 5570 autem

2110 5622 2334 5682 propter
2373 5612 2541 5666 animi
2587 5612 2994 5682 ituprobitatem
3031 5620 3378 5664 accusatores
3412 5610 3681 5662 adversus

2109 5718 2236 5755 eum
2272 5703 2521 5755 mercede
2548 5701 2832 5756 conduxit.
2860 5699 2926 5754 Et
2952 5709 3150 5769 pra'sto
3182 5700 3332 5751 l'uct-e
3365 5695 3678 5750 adoleScett-

2603 5063 3094 5130 Maeedoniuntque
3169 5064 3454 5131 qtttesivit,
3517 5079 3683 5132 quem
3774 5117 3780 5123 ,
