4094 6202
362 259 463 322 1θῖ

1579 242 1997 303 ΝιαΕριίιοῐιι
2040 238 2384 298 C.\I.l.ISTI

3527 227 3627 291 168

358 371 462 423 tuli
487 366 736 439 quidam,
764 362 858 433 qui
880 360 998 413 non
1033 356 1219 410 minus
1252 351 1464 420 seipsos
1493 365 1655 419 quam
1688 350 1933 403 Macedo-

2043 347 2271 416 μετρίαν
2312 344 2636 414 Μακεδονίῳ
2681 344 2901 413 ἐπῆγε,
2942 343 3039 396 καὶ
3103 342 3190 395 δτι
3238 338 3320 410 τῷ
3375 337 3627 406 ἑνωτικῷ

358 463 514 516 nium
556 473 656 528 per
709 447 1126 525 sycophantiam
1177 442 1514 526 calumniose
1562 440 1832 507 detulere.
1873 447 1932 492 et

357 550 622 620 flagitium
675 546 996 599 obscaenum
1049 545 1106 591 et
1156 533 1364 589 foedum
1416 531 1759 620 mendaciter
1804 546 1931 598 pro-

357 619 582 695 duxere.
626 632 881 689 Sedenim
920 636 1208 695 postquam
1249 624 1302 676 in
1355 619 1660 676 continenti
1707 619 1930 673 illorum

357 729 647 783 conﬁctam
672 720 1003 777 calumniam
1032 714 1406 774 Macedonius,
1433 710 1615 765 tunica
1639 709 1931 773 subducta,

355 816 574 870 viribus
599 828 657 866 se
685 825 875 865 carere
904 806 1227 867 ostendens,
1255 803 1518 866 convicit,
1545 801 1611 855 ad
1641 799 1932 854 consilium

355 906 502 962 aliud
547 902 757 958 fraudis
798 901 1024 970 plenum
1066 897 1334 965 confugit.
1376 894 1509 948 Nam
1547 908 1646 962 per
1684 889 1932 945 Celerem

355 1000 611 1054 ordinum
662 996 804 1050 aula:
860 991 1182 1062 praefectum
1229 988 1479 1042 libellum
1519 984 1713 1039 conﬁci
1747 983 1932 1052 jussit,

356 1093 413 1145 in
459 1105 568 1159 quo
602 1088 727 1141 dua:
770 1082 964 1155 synodi
1004 1080 1164 1135 tertia
1197 1089 1254 1133 et
1285 1087 1502 1147 quarta,
1540 1074 1766 1143 reliquis
1800 1073 1933 1125 dua-

358 1183 465 1236 bus
484 1178 728 1238 omissis,
752 1175 1077 1242 conscripta:
1108 1176 1290 1232 erant,
1323 1180 1563 1235 eumque
1596 1179 1655 1218 se
1686 1163 1934 1231 recipere

359 1272 639 1342 professus
678 1278 783 1321 est.
816 1249 1069 1335 Quazéres
1100 1278 1129 1314 ιι
1159 1258 1485 1314 Macedonio
1518 1254 1840 1326 approbata,
1881 1261 1936 1307 et

359 1363 506 1433 quod
547 1368 812 1429 praeterea
855 1354 1112 1409 henotico
1141 1351 1383 1405 Zenonis
1411 1349 1459 1402 is
1487 1346 1931 1415 subscripsisset,

362 1455 801 1527 reprehensione
849 1466 961 1504 non
1016 1448 1215 1503 caruit.
1250 1443 1528 1511 Quamvis
1572 1451 1759 1512 postea
1810 1452 1933 1492 cum

363 1553 417 1603 itt
462 1546 705 1602 Dalmati‘
739 1541 1082 1597 monasterio
1119 1545 1290 1601 esset,
1333 1537 1386 1589 in
1419 1534 1668 1588 oratione
1700 1533 1934 1601 quadam

363 1637 622 1691 omnibus
653 1616 911 1704 pietatem
945 1627 1416 1686 consectantibus,
1450 1622 1846 1677 offendiculum
1879 1619 1931 1672 id

364 1741 419 1784 ct
442 1730 651 1784 crimen
685 1727 964 1793 objectum
996 1720 1181 1783 diluit,
1210 1717 1437 1771 disertis
1466 1715 1652 1768 verbis
1689 1722 1932 1767 sanctam

370 1833 622 1889 quartam
670 1815 941 1887 synodum
992 1810 1361 1880 comprobans
1392 1825 1407 1862 :
1439 1815 1495 1861 et
1530 1821 1624 1860 eos
1661 1805 1755 1874 qui
1793 1804 1935 1857 illam

366 1927 478 1964 non
515 1911 846 1976 reciperent,
876 1903 1167 1958 haereticos
1198 1916 1422 1955 vocans.
1455 1898 1799 1958 Anastasius,
1837 1894 1938 1949 Cc-

369 2004 484 2056 lere
515 2001 775 2069 magistro
808 1996 876 2051 ad
920 2010 978 2050 se
1009 2003 1256 2056 evocato,
1293 2008 1392 2062 per
1417 2006 1544 2045 eum
1579 1988 1718 2042 clam
1765 1987 1940 2040 Mace-

369 2094 596 2146 donium
626 2106 693 2144 ex
734 2090 933 2142 throno
974 2087 1222 2149 deduxit,
1258 2094 1313 2139 et
1350 2083 1669 2137 Euehaitem
1705 2081 1757 2133 in
1796 2079 1941 2133 exsi-

369 2185 506 2237 liunt
552 2182 722 2235 misit.
758 2181 994 2234 Senatus
1024 2186 1080 2232 et
1117 2176 1347 2247 populus
1379 2170 1941 2239 Coustantinoliolita-

370 2291 475 2326 nus
500 2288 619 2325 eam
651 2272 723 2325 ob
752 2284 974 2325 causam
1009 2268 1064 2321 in
1097 2283 1288 2336 magno
1313 2265 1416 2317 fuit
1445 2278 1701 2317 maerore.
1731 2262 1864 2315 Nam
1887 2269 1943 2315 et

369 2368 498 2421 vitae
532 2358 879 2418 sanctitatem
908 2370 963 2414 et
988 2358 1254 2413 doctrinae
1284 2357 1658 2411 sinceritatem
1690 2356 1743 2407 in
1771 2353 1944 2406 Mace-

369 2458 538 2513 donio
575 2454 1021 2514 admirabantur,
1053 2457 1107 2503 et
1142 2448 1426 2518 religionis
1458 2445 1775 2500 monasticae
1814 2459 1942 2512 pro-

373 2548 613 2603 fessione
650 2554 705 2597 et
742 2541 1011 2612 dignitate
1054 2538 1381 2593 sacerdotali
1416 2538 1462 2590 is
1486 2535 1643 2590 valde
1677 2534 1940 2599 enitebat,

373 2646 432 2687 ut
468 2634 563 2702 qui
600 2648 628 2684 a
662 2629 949 2686 Genuadio
982 2627 1249 2681 educatus
1293 2635 1458 2693 atque
1493 2626 1687 2680 doctus
1729 2624 1942 2687 fuisset.

371 2726 530 2793 cuius
577 2724 742 2777 etiam
791 2724 976 2776 fratris
1026 2719 1173 2773 ﬁlius
1221 2719 1347 2772 fuit.
1389 2716 1591 2773 Contra
1640 2725 1945 2789 sectatores

372 2818 494 2886 ejus
538 2823 724 2884 postea
767 2808 944 2883 grayis
988 2810 1300 2881 persecutio
1345 2820 1486 2864 orta.
1516 2808 1747 2874 Quidam
1796 2807 1943 2860 enim

372 2907 591 2969 exsilio,
630 2903 880 2958 nonnulli
908 2902 1264 2972 relegatione,
1300 2899 1468 2969 aliqui
1500 2886 1946 2953 accusationibus

2035 438 2280 505 Ζήνωνος
2306 434 2706 505 καθυπέγραψε
2727 448 2743 462 ·
2789 434 2895 487 κᾶν
2928 434 2988 495 ἐς
3038 432 3276 501 ὕστερον
3296 432 3364 499 τῇ
3401 429 3614 497 Δαλμάο

2032 546 2127 582 του
2159 522 2295 597 μονῇ
2321 527 2664 594 προσϐαλὼν,
2699 523 3147 595 προσφωνητικῷ
3200 521 3351 591 λόγῳ
3377 522 3496 582 τοῖς
3527 521 3617 586 ζη.

2033 622 2185 674 λοῦσι
2213 622 2283 674 τὰ
2316 620 2512 689 εὐσεϐῆ
2563 619 2761 691 διαλύῃ
2799 618 2862 671 τὸ
2909 617 3251 687 πρόσκομμα
3275 631 3291 647 ·
3319 613 3627 685 διαρρήδην

2032 714 2377 782 ὁμολογήσας
2406 711 2501 782 τὴν
2550 711 2713 778 ἀγίαν
2742 711 3011 778 τετάρτην
3053 708 3277 762 σύνοδον
3306 745 3321 769 ,
3360 707 3459 760 καὶ
3493 707 3626 769 τοὺς

2038 804 2114 872 μὴ
2134 803 2457 871 δεχομένους
2515 801 2831 870 αίρετικοὺς
2856 798 3191 868 συνθέμενος
3220 796 3390 867 ἔχειν.
3426 795 3625 864 Λάθρα

2033 895 2090 947 δὲ
2120 894 2380 963 Κὲλλωρα
2430 891 2520 944 τὸν
2553 892 2859 960 μάγιστρον
2891 891 3131 949 καλέσας
3175 891 3205 943 ό
3231 888 3623 950 Ἀναστάσιος,

2035 987 2126 1038 τὸν
2151 985 2481 1039 Μακεδόνων
2528 985 2690 1051 ἐξῆγε
2736 983 2831 1035 τοῦ
2862 983 3078 1052 θρόνου,
3129 984 3225 1035 καὶ
3251 982 3332 1045 είς
3368 982 3623 1050 Εὐχαττα

2037 1076 2357 1147 περιώριξε.
2404 1076 2580 1143 Πολλὴ
2608 1076 2665 1128 δὲ
2714 1073 2862 1143 λύπη
2922 1074 3023 1144 τὴν
3077 1073 3390 1142 σύγκλητον
3428 1073 3525 1125 καὶ
3562 1075 3625 1125 τὸ

2036 1167 2237 1236 πλῆθος
2260 1166 2558 1232 ἐλάμϐανε·
2595 1166 2655 1217 τό
2686 1182 2745 1218 τε
2772 1168 2887 1235 γὰρ
2940 1164 3186 1234 καθαρὸν
3222 1163 3318 1217 τοῦ
3351 1162 3474 1232 βίου
3525 1164 3618 1218 διὰ

2037 1259 2314 1325 θαύματος
2359 1254 2662 1321 ἐποιοῦντο,
2724 1255 2824 1309 καὶ
2872 1255 2935 1309 τὸ
2964 1256 3075 1307 τῶν
3107 1255 3405 1325 δογμάτων
3435 1256 3622 1324 ὀρθόν.

2040 1350 2248 1411 ’Δλλως
2269 1367 2327 1401 τε
2356 1350 2451 1401 καὶ
2482 1348 2716 1418 ἀσκήσει
2741 1349 2839 1400 καὶ
2867 1346 3141 1418 ἱερωσύνῃ
3170 1347 3495 1416 διέλαμπεν,
3521 1346 3620 1400 ᾶτε

2035 1443 2101 1513 δὴ
2132 1443 2236 1494 ὑπὸ
2264 1440 2542 1495 Γενναδίου
2562 1439 2788 1510 τραφείς
2818 1456 2879 1499 τε
2910 1439 3026 1509 ἅμα
3061 1440 3160 1492 καὶ
3190 1437 3529 1502 παιδευθεὶς,
3559 1431 3623 1491 οὗ

2037 1532 2132 1586 καὶ
2162 1529 2476 1595 ἀδελφιδοῦς
2520 1527 2820 1599 ἐτύγχανεν
2850 1529 2951 1583 ὧν.
2995 1526 3060 1583 Ὀ
3095 1529 3155 1583 δὲ
3215 1527 3462 1598 διωγμὸς
3508 1527 3621 1581 τῶν

2037 1626 2106 1680 τὰ
2140 1626 2348 1677 ἐκείνου
2371 1621 2712 1691 φρονούντων
2746 1621 2916 1685 πολὺς
2947 1616 3016 1692 ἦν
3036 1660 3054 1685 ,
3085 1620 3197 1674 τῶν
3229 1621 3330 1690 μὲν
3356 1619 3619 1690 ἑξορίαις,

2039 1718 2148 1770 τῶν
2178 1717 2235 1768 δὲ
2277 1718 2496 1783 φυγαῖς,
2545 1713 2654 1766 τῶν
2703 1712 2750 1764 δ’
2784 1714 3115 1780 ἀπαγωγαϊς
3163 1714 3262 1766 καὶ
3316 1710 3623 1781 δημεύσεσι

2038 1803 2567 1872 ταλαιπωρουμένων
2590 1816 2605 1833 ο
2637 1799 2688 1853 oi
2725 1799 2781 1852 δὲ
2815 1800 3160 1868 διαδράντες,
3187 1798 3283 1851 καὶ
3308 1799 3365 1860 ἐς
3393 1795 3623 1865 Ῥώμην

2039 1896 2306 1967 ἀπῄεσαν.
2345 1894 2404 1948 '0
2425 1894 2482 1946 δὲ
2507 1891 2757 1962 βασιλεὺς
2792 1891 2852 1956 ἐξ
2875 1892 3048 1960 αὐτῆς
3077 1891 3191 1943 τῶν
3219 1896 3277 1945 ἐν
3308 1890 3622 1960 Χαλκηδόνι

2042 1986 2447 2057 πεπραγμένων
2466 1984 2559 2036 τὸν
2588 1983 2818 2054 χάρτην,
2846 1982 2905 2035 δν
2926 1982 3264 2046 Μακεδόνιος
3291 1980 3453 2046 ἐξιὼν
3475 1999 3622 2049 παρ-

2042 2079 2206 2133 ετίθει
2236 2078 2313 2148 τῷ
2338 2075 2736 2144 θυσιαστηρίῳ,
2768 2073 3109 2127 Καλοποδίου
3143 2073 3292 2135 τινὸς
3316 2074 3622 2143 κλέψαντος

2042 2173 2137 2224 καὶ
2167 2168 2563 2236 ἀπαγαγόντος,
2589 2166 2841 2239 διέρρηξε
2865 2167 3001 2238 πυρὶ
3023 2166 3621 2238 παραδεδωκώς.Ἀπτ-

2043 2266 2259 2332 γομένῳ
2291 2261 2345 2313 δὲ
2378 2259 2698 2327 Μακεδονίῳ
2729 2260 2828 2326 τὴν
2876 2258 3205 2329 καθαίρεσιν
3252 2260 3542 2330 ἔπεμπεν·
3591 2262 3621 2315 ό

2043 2352 2088 2404 δ’
2115 2352 2321 2420 ἠρώτα,
2377 2351 2425 2403 εί
2460 2350 2509 2401 oi
2566 2348 3007 2419 καθαιρὴσαντες
3058 2348 3157 2419 τὴν
3218 2351 3277 2403 ὲν
3312 2350 3621 2420 Χαλκηδόνι

2045 2441 2361 2512 προσίενται
2397 2439 2639 2493 σύνοδον.
2689 2439 2780 2502 Ὠς
2816 2439 2862 2492 δ’
2895 2440 3184 2506 ἀπέλεγον,
3212 2442 3442 2508 ἐκεῖνος,
3477 2441 3621 2497 Ἀλλ’

2045 2540 2093 2588 εἱ
2132 2534 2401 2605 ’Λρειανοὶ
2427 2526 2464 2601 ἢ
2490 2532 2883 2587 Μακεδονιανοὶ
2917 2532 3168 2603 ἔπεμπόν
3222 2552 3313 2604 μοι
3353 2535 3617 2605 καθαίρε-

2047 2643 2151 2688 σιν,
2176 2621 2282 2693 ἆρα
2334 2624 2585 2693 δέχεσθαι
2630 2618 2817 2691 εἷχον;
2858 2621 2919 2675 '0
2947 2624 3046 2692 μὲν
3073 2622 3168 2677 οὖν
3200 2623 3376 2688 οὕτως
3402 2627 3483 2689 εἰς
3516 2624 3619 2679 Eti-

2044 2720 2206 2786 χάῐτα
2240 2717 2422 2786 ἤγετο.
2455 2713 2576 2765 Τῶν
2605 2714 2649 2766 δ’
2681 2713 2902 2768 Οὖννων
2930 2715 3036 2769 τῶν
3068 2716 3333 2769 Κασπίων
3352 2718 3619 2787 ἀποκινηο

2047 2809 2245 2860 θέντων
2278 2807 2479 2870 πυλῶν,
2535 2805 2584 2858 οἳ
2621 2807 2806 2876 Σαδὴρ
2861 2806 3179 2871 ἐκαλοῦντο,
3233 2810 3328 2861 καὶ
3358 2808 3619 2879 τὴν;“ἓῖω

2044 2899 2398 2969 ληϊζομὲνων¹
2431 2898 2611 2960 δείσας
2643 2897 2724 2960 είς
2751 2898 3004 2968 Γάγγραν
3046 2899 3348 2969 μετεχώρει
3376 2900 3404 2952 ό
3432 2898 3618 2953 Μακε-

375 2996 612 3073 iniquis,
663 2995 755 3048 alii
809 2995 1078 3048 bonorum
1135 2992 1504 3061 publicatione
1552 2989 1735 3044 aﬁlicti
1793 2996 1940 3044 sunt.

2050 2991 2241 3054 86vt0;.
2278 2991 2344 3043 '0
2393 2991 2553 3056 γνοὺς
2591 2988 2960 3054 Ἂναστάσιος,
3010 2988 3236 3059 πέμψας
3289 2992 3467 3045 ἀνεῖλε
3523 2991 3618 3044 τὸν

374 3071 529 3144 ὶίιιιιί
573 3090 736 3141 etiam
788 3086 881 3157 qui
931 3085 1056 3155 fuga
1098 3086 1201 3140 sibi
1255 3085 1669 3149 consuluerunt,
1717 3084 1941 3138 Romam

376 3188 771 3250 pervenerunt.
841 3178 1144 3248 Imperator
1202 3176 1353 3230 illico
1413 3175 1943 3229 Chalcedonensium

373 3281 622 3324 actorum
667 3269 931 3334 libellum,
964 3283 1127 3339 quem
1170 3267 1521 3322 Macedonius
1561 3268 1852 3323 discedens
1887 3268 1943 3322 in

373 3363 652 3416 sanetiore
701 3376 792 3415 ara
844 3362 1195 3429 deposuerat,
1231 3375 1328 3428 per
1365 3357 1719 3429 Calopodium
1754 3375 1947 3429 quem-

376 3453 502 3506 datu
533 3453 718 3506 furtim
742 3452 1020 3506 sublatum
1043 3451 1303 3512 concidit.
1333 3460 1501 3521 atque
1532 3451 1640 3522 igni
1672 3452 1899 3506 tradidit
1925 3468 1942 3506 :

373 3555 432 3599 et
481 3544 799 3598 Macedonio
848 3545 944 3612 qui
998 3543 1079 3597 sic
1132 3542 1527 3608 abducebatur,
1581 3543 1945 3598 abdicationis

374 3636 704 3689 sententiam
737 3636 910 3689 misit.
947 3635 1124 3702 Atque
1158 3635 1204 3689 is
1235 3637 1611 3705 interrogavit,
1642 3650 1709 3690 an
1743 3637 1818 3690 iili
1850 3635 1944 3704 qui

375 3742 434 3779 se
467 3726 811 3779 abdicassent
849 3725 1359 3782 Chalcedonenscm
1400 3728 1668 3798 synodum
1712 3727 1946 3796 recepis-

373 3828 515 3872 sent.
550 3819 611 3872 Et
642 3818 736 3871 ubi
770 3817 847 3871 illi
873 3818 964 3887 qui
1000 3817 1067 3870 ad
1100 3833 1226 3872 cum
1268 3819 1593 3872 sententiam
1625 3818 1942 3883 attulerant,

390 3908 441 3959 id
474 3907 698 3960 inticiati
728 3917 856 3960 sunt
884 3945 899 3969 ,
928 3908 1063 3975 ipse,
1091 3906 1148 3960 Si
1183 3907 1401 3976 (inquit)
1435 3908 1619 3962 Ariani
1643 3918 1737 3961 aut
1773 3908 1948 3961 Mace-

373 4000 601 4054 doniaui
633 3998 1000 4052 abdicationis
1027 3998 1277 4051 libellum
1301 3998 1367 4051 ad
1393 4013 1479 4052 me
1503 4002 1789 4060 miserunt,
1818 4014 1944 4052 num

376 4090 629 4160 recipere
675 4104 800 4143 cum
854 4088 1119 4158 possunt?
1153 4090 1330 4156 Atque
1377 4088 1465 4142 ille
1512 4090 1586 4143 ita
1624 4087 1943 4143 Euchaitem

372 4183 575 4237 ductus
619 4190 724 4235 est.
777 4179 912 4235 Cum
958 4192 1139 4234 autem
1188 4179 1394 4244 llunni,
1434 4182 1527 4249 qui
1562 4180 1750 4236 Sabcri
1784 4197 1947 4235 voca-

373 4271 600 4334 bantur,
648 4270 935 4338 eruptione
989 4285 1088 4338 per
1136 4269 1365 4339 Caspias
1421 4271 1702 4340 angustias
1762 4272 1943 4337 facta,

2045 3084 2209 3145 ὅσιον,
2236 3082 2328 3133 καὶ
2360 3080 2436 3149 τῷ
2477 3079 2581 3151 νεῲ
2617 3080 2938 3133 Καλλινίκου
2980 3082 3285 3151 προσετέθη
3319 3081 3412 3135 τοῦ
3473 3083 3615 3153 μάρ-

2045 3186 2227 3240 τυρος,
2264 3169 2433 3238 μυρία
2463 3167 2718 3236 θαύματα
2756 3169 2986 3227 ἐκτελῶν
3005 3183 3021 3199 ο
3044 3170 3105 3221 ὃν
3138 3185 3270 3238 φασι
3292 3173 3388 3224 καὶ
3418 3174 3615 3240 νεκρθιν

2045 3263 2321 3333 κείμενον,
2350 3261 2548 3314 ’ἑαυτὸν
2578 3261 2652 3330 τῷ
2684 3261 2815 3330 θείῳ
2844 3261 3002 3331 τύπῳ
3033 3261 3124 3314 τοῦ
3151 3265 3388 3336 σταυροῦ
3420 3269 3485 3334 τῇ
3508 3267 3555 3318 ίδ
3583 3284 3619 3337 ᾳ

2048 3355 2355 3423 σφραγίσαι
2385 3354 2566 3423 χειρί·
2601 3352 2832 3421 ὀφθῆναι
2862 3353 2920 3405 δὲ
2950 3354 3044 3407 καὶ
3092 3354 3215 3406 καθ’
3251 3354 3454 3420 ὕπνους
3488 3358 3617 3409 θεει-
3676 3414 3679 3415 ν

2045 3449 2203 3520 δώρῳ
2224 3451 2329 3502 τινὶ
2370 3448 2610 3510 εὐλαϐῶς
2634 3447 2888 3510 διαζῶντι
2907 3464 2922 3478 ·
2961 3450 3056 3502 καὶ
3090 3450 3229 3518 μετά
3254 3451 3618 3520 σφοδρότητος

2045 3544 2221 3595 εἰπεῖν
2262 3542 2595 3595 ἐντείλασθαι
2635 3541 2976 3610 Ἀναστασίῳ
3006 3541 3084 3611 τῷ
3116 3541 3345 3609 βασιλεῖ,
3383 3542 3458 3605 ὡς
3492 3544 3619 3612 Ἃρ*

2047 3634 2180 3702 ἐγὼ,
2209 3633 2345 3703 πρὸς
2379 3632 2500 3695 τοὺς
2531 3632 2696 3701 ἐμοὺς
2726 3631 3061 3703 ἀφικνοῦμαι
3111 3636 3380 3704 πατέρας,
3411 3630 3485 3688 ὧν
3517 3641 3617 3704 τὴν

2046 3725 2229 3776 πίστιν
2263 3722 2581 3793 άκραιςρνῶς
2614 3722 2881 3790 ἐτήρησα.
2911 3720 3050 3773 Ἰσθι
3075 3720 3121 3773 δ’
3149 3720 3222 3784 ὡς
3252 3723 3312 3774 ού
3334 3722 3618 3791 παύσομαι

2045 3814 2298 3885 δεόμενος
2333 3814 2427 3865 τού
2483 3812 2617 3866 Θεοῦ
2641 3852 2656 3875 ,
2714 3813 2816 3877 ἓως
2852 3805 2913 3864 οὗ
2961 3814 3058 3866 καὶ
3094 3814 3256 3876 αὐτὸς
3306 3815 3431 3867 ὅσον
3462 3818 3618 3869 οὔπω

2045 3907 2199 3978 ἥξεις
2254 3906 2378 3974 ἐμοὶ
2426 3905 2505 3976 τῷ
2559 3906 2841 3976 ἀδεκάστῳ
2876 3906 3333 3971 συνδικασόμενος
3385 3907 3616 3977 βήματι.
3705 3897 3717 3904 ’

2059 3998 2407 4060 ’Δναστάσιος
2436 3998 2492 4049 δὲ
2526 3998 2665 4064 μετά
2688 3996 3022 4050 Μακεδόνιον
3045 3996 3144 4066 τὴν
3168 3996 3499 4067 Ἐκκλησίαν
3524 4001 3617 4055 Τι-

2051 4090 2236 4160 μοθέῳ
2270 4088 2627 4158 πρεσϐυτέρῳ
2655 4089 2856 4158 ταύτης
2884 4089 2981 4142 καὶ
3015 4088 3378 4156 σκευοφύλακι
3419 4092 3619 4162 ἐνεχεί-

2048 4185 2197 4260 ριζεν
2221 4199 2233 4212 ·
2266 4183 2323 4245 ὃς
2359 4182 2553 4250 Κήλων
2580 4185 2672 4234 καὶ
2704 4182 3071 4252 Λιτροϐούνης
3103 4182 3273 4246 οὕτως
3299 4182 3613 4253 ὡνόμαστο,

2046 4272 2137 4325 διά
2177 4289 2326 4332 τινας
2358 4272 2570 4324 ἐκείνου
2613 4271 2842 4343 πράξεις
2869 4275 2981 4336 τοῖς
3029 4273 3261 4344 ὀνόμασι
3306 4280 3619 4349 προσηκού-

372 4358 656 4414 Orientem
709 4368 1023 4418 vastarent.
1062 4358 1225 4428 695
1262 4359 1533 4430 Gangram
1590 4362 1717 4416 inde
1766 4371 1940 4416 metu:

2051 4382 2169 4428 σας,
2197 4367 2290 4426 '0,-
2323 4365 2387 4435 δὴ
2422 4369 2547 4426 τοῖς
2578 4363 2711 4427 νεὼς
2744 4364 2952 4429 εἰσιὼν,
2992 4367 3053 4419 οὐ
3077 4369 3345 4439 πρότερον
3378 4372 3444 4423 τὰ
3471 4373 3649 4439 {qm--

372 4468 542 4507 causa
582 4450 935 4505 Macedonius
983 4454 1269 4506 successit.
1308 4453 1462 4518 Quod
1498 4453 1588 4507 ubi
1620 4454 1940 4512 Anastasius

375 4539 653 4609 cognovit,
693 4542 1111 4607 percussoribus
1150 4542 1442 4597 submissis
1478 4546 1655 4598 virum
1693 4555 1941 4600 sanctum

375 4635 689 4689 trucidavit.
722 4634 934 4704 Corpus
957 4637 1077 4704 ejus
1105 4636 1159 4690 in
1185 4638 1387 4706 templo
1408 4638 1657 4695 Callinici
1690 4644 1945 4712 martyris

377 4726 670 4781 innumera
707 4729 968 4784 miracula
1012 4731 1186 4784 edens
1226 4733 1527 4800 repositum
1559 4742 1664 4787 est.
1695 4734 1946 4790 Macedo-

377 4819 531 4873 nium
567 4818 773 4883 ferunt,
808 4835 932 4874 cum
961 4821 1074 4889 jam
1109 4831 1359 4876 mortuus
1387 4824 1619 4893 jaceret,
1650 4839 1813 4878 manu
1846 4841 1945 4881 sua

377 4912 623 4979 svipsum
657 4927 816 4965 sacro
850 4913 1032 4966 crucis
1060 4914 1344 4982 signaculo
1373 4916 1746 4986 consignasse.
1782 4917 1946 4970 Eum-

378 5003 616 5068 detuque
665 5004 720 5057 in
772 5006 979 5091 so'nanis
1015 5004 1308 5059 Theodoro
1350 5006 1566 5059 cuidam
1614 5008 1702 5075 pie
1740 5006 1944 5061 viventi

378 5093 721 5162 apparuisse,
754 5105 810 5150 et
840 5110 964 5149 cum
995 5097 1341 5150 vehementia
1369 5096 1604 5166 quadam
1634 5096 1799 5151 verba
1833 5098 1947 5151 haec

378 5184 667 5238 Anastasio
706 5186 1013 5239 renuntiari
1042 5187 1273 5257 jussisse
1305 5205 1320 5242 :
1352 5189 1461 5258 Ego
1490 5188 1710 5258 quidem
1744 5189 1810 5242 ad
1848 5205 1945 5259 pa-

378 5283 493 5329 tres
529 5290 681 5331 uteos
724 5276 882 5340 abeo,
913 5293 1148 5347 quorum
1193 5278 1354 5333 ﬁdem
1391 5280 1661 5335 sinceram
1705 5280 1944 5335 servavi.

380 5365 461 5417 Tu
501 5381 634 5421 vero
678 5369 841 5434 scito,
881 5385 967 5423 me
1012 5371 1181 5426 Deum
1229 5373 1439 5441 precari
1485 5373 1787 5427 desiturum
1836 5389 1944 5427 non

377 5469 519 5517 esse,
554 5458 734 5524 quoad
790 5473 963 5530 usque
1009 5470 1065 5515 et
1114 5471 1168 5516 tu
1216 5462 1396 5531 primo
1438 5479 1654 5533 quoque
1702 5474 1946 5533 tempore

376 5546 447 5599 ad
474 5547 532 5601 id
566 5547 831 5617 tribunal,
859 5551 1004 5621 quod
1039 5567 1263 5607 munera
1293 5569 1399 5607 non
1433 5564 1697 5624 acceptat,
1733 5571 1944 5610 inet-unt

2047 4458 2184 4526 μένα
2212 4458 2402 4519 ἐποίει,
2421 4457 2468 4509 εἰ
2496 4457 2570 4526 μὴ
2603 4459 2701 4519 τὰς
2722 4459 2936 4521 εἰκόνας
2968 4459 3303 4514 Μακεδονίαν
3335 4464 3616 4530 κατέσπα,

2044 4551 2097 4602 εί
2126 4564 2231 4601 που
2265 4549 2399 4611 τέως
2428 4547 2706 4618 παρῆσαν.
2726 4548 2783 4600 ’0
2804 4549 2861 4601 δὲ
2887 4548 3313 4615 δυσσεϐέστατος
3339 4552 3620 4623 βασιλεὺς,

2042 4636 2130 4689 διὸ.
2164 4636 2337 4689 ταῦτα
2368 4636 2461 4688 καὶ
2491 4637 2581 4687 τὸν
2611 4638 2711 4705 τῆς
2743 4637 3019 4708 ’Δντιόχου
3052 4640 3375 4708 Φλαδιανδν,
3409 4645 3502 4697 καὶ
3529 4649 3620 4699 τὸν

2056 4725 2444 4797 Ἰεροσολύμων
2487 4726 2668 4778 Ἠλίαν
2707 4727 2764 4787 δ;
2796 4731 2935 4797 μετά
2973 4730 3299 4784 Σαλούστιον
3329 4736 3575 4802 ἐγεγόνει
3598 4773 3615 4801 ,

2044 4817 2126 4870 ἔτι
2151 4817 2206 4868 δὲ
2237 4818 2441 4871 καὶτὸν
2467 4819 2564 4887 τῆς
2601 4817 2954 4889 Ἀλεξάνδρου
2985 4821 3241 4891 Ἰωάννην
3279 4825 3360 4883 είς
3424 4827 3618 4895 ὑπερο-

2048 4912 2168 4980 ρίαν
2200 4911 2531 4963 ἀπέστελλεο
2575 4911 2663 4963 ναὶ
2725 4912 2832 4982 μὴν
2880 4915 2978 4965 καί⁵
3011 4915 3101 4966 τὸν
3156 4915 3618 4987 Τασεννησιώτην

2058 5002 2339 5068 Ἰωάννην,
2374 5001 2432 5064 ὃς
2462 5005 2520 5054 ὲν
2555 5001 2746 5073 Ῥώμῃ
2782 5002 2970 5074 μαθὼν
3013 5004 3088 5067 ὡς
3132 5006 3219 5075 ἀρ’
3268 5008 3619 5073 Ἀναστάσιος

2046 5096 2141 5148 ἐπὶ
2168 5096 2276 5146 τῶν
2315 5097 2605 5165 σκήπτρων
2639 5098 2905 5164 κατέστη,
2949 5091 3053 5169 ἧκε
3082 5099 3173 5151 τὸν
3194 5103 3398 5155 οἰκεῖον
3427 5103 3617 5171 θρόνον

2045 5186 2367 5255 ληψόμενος.
2403 5187 2545 5256 Φίλῳ
2584 5191 2692 5257 γὰρ
2741 5190 2939 5257 ἐκείνῳ
2973 5189 3174 5260 ἐχρῆτο
3204 5193 3299 5244 ἐπὶ
3332 5194 3431 5266 τὴν
3460 5194 3614 5247 Ἀλε-

2047 5279 2269 5347 ξάνδρου
2294 5284 2389 5340 τὰς
2428 5279 2710 5349 διατριϐὰς
2764 5278 2931 5350 ἔχων·
2969 5284 3064 5335 κα)⁸
3092 5284 3338 5355 ναυαγίῳ
3387 5302 3616 5355 περιπε-

2048 5376 2211 5428 σόντα
2240 5377 2329 5426 τὸν
2374 5376 2749 5439 ’Λναστάσιον,
2788 5375 3003 5444 γυμνὸν
3042 5376 3362 5455 διεσώσατο,
3417 5381 3513 5434 καὶ
3538 5382 3617 5446 ὡς

2046 5468 2189 5528 ε’κὸς
2218 5467 2518 5536 θεραπείας
2573 5469 2829 5537 ἠξίωσεν.
2870 5468 2932 5523 ’0
2962 5470 3010 5521 δ’
3066 5472 3397 5542 ἀγνωμόνως
3434 5475 3618 5530 διατε-

2049 5558 2180 5624 θεὶς,
2224 5561 2338 5613 ἀεὶ
2372 5563 2679 5631 φιλοτιμίας
2713 5566 3012 5638 ὑπερορίαν
3042 5572 3212 5624 αὑτοῦ
3240 5574 3614 5639 κατεδίκαζεν.
