4094 6202
479 337 582 399 177

1441 340 2033 415 ΕίῖθῇιΕΞΙΛΞΤῐίέιΕ
2075 343 2460 404 HISTORUE
2496 347 2646 407 LIB.
2689 348 2845 411 XVI.

2289 211 2315 232 ν..
2331 214 2368 227 ι
2402 227 2404 229 -

3615 343 3714 408 1‘73

471 452 763 505 συνθέσθαι
804 453 1268 524 μεταϐαλλόμενοι
1321 455 1755 510 ἀνεκαλέσαντο·
1796 454 1870 520 ὧν
1898 461 2040 511 εἰσιν

2158 461 2358 532 )omini
2427 465 2788 533 profitentur,
2863 465 3332 535 complectentes.
3403 476 3714 531 assensere.

467 547 517 596 οἱ
549 546 656 598 ὑπὸ
699 546 1014 614 Ἀπάμειαν
1047 547 1340 600 ἐπίσκοποι
1368 561 1381 575 ’
1417 547 1570 600 ἄλλοι
1596 550 1651 601 δέ
1682 550 1909 602 καθὸ).ου
1941 551 2042 602 οὐκ

473 639 772 707 ἠνέσχοντο
798 638 1083 690 συνθέσθαι
1103 656 1117 670 ·
1151 635 1225 692 ὧν
1244 641 1383 692 εἰσιν
1420 639 1700 704 Ἰουλιανὸς
1723 645 1750 694 6
1770 643 2042 713 Βόστρων,

470 731 566 782 καὶ
606 733 926 798 Ἐπιφάνιος
956 735 984 786 6
1018 733 1224 802 Τύρου,
1265 734 1362 784 καὶ
1394 733 1546 786 ἄλλοι
1580 735 1749 800 τινὲς,
1783 735 1856 797 ὥς
1889 753 2042 803 φασι,

469 822 584 872 τῶν
639 823 974 877 ἐπισκόπων.
1023 825 1091 878 -Οί
1141 824 1199 884 δὲ
1244 825 1482 896 ’ἰσαυροὶ
1513 826 1607 878 νῦν
1647 827 2042 896 ἀνανήψαντες,

471 917 684 970 ἑαυτῶν
721 919 821 986 μὲν
862 918 1380 985 καταγινώσκουσιν
1415 921 1508 974 ἐπὶ
1535 923 1602 994 τῇ
1648 920 1892 990 προτέρᾳ
1923 921 2044 985 ἐξα-

473 1008 619 1080 πάτῃ
647 1024 662 1038 σ
716 1009 957 1080 Σευῆρον
984 1010 1040 1061 δὲ
1080 1013 1176 1064 καὶ
1221 1012 1348 1075 τοὺς
1385 1013 1483 1064 σὺν
1536 1011 1684 1080 αὐτῷ
1716 1011 2044 1081 ἀναθεματί-

472 1103 680 1165 ζουσιν.
716 1102 939 1172 Ἐτεροι
969 1105 1024 1157 δὲ
1056 1104 1166 1156 τῶν
1192 1105 1325 1174 περὶ
1353 1105 1591 1173 Σευῆρον
1614 1105 1930 1172 ἐπισκόπων
1953 1106 2046 1156 καὶ

475 1194 758 1263 κληρικῶν
812 1197 908 1258 τὰς
953 1196 1253 1265 ἐκκλησίας
1299 1196 1530 1264 ἀφέντες
1566 1196 1768 1263 ἔφυγον
1794 1214 1809 1227 υ
1855 1190 1930 1248 ὧν
1964 1191 2046 1258 εἷς

474 1287 596 1341 ἐστι
643 1289 737 1338 καὶ
769 1288 794 1338 6
822 1289 1071 1354 Βόστρων
1104 1287 1420 1350 Ἰουλιανὸς,
1453 1289 1545 1341 καὶ
1571 1289 1778 1357 Πέτρος
1805 1289 1840 1340 ὁ
1863 1291 2046 1355 Δαμα-

473 1377 607 1431 σκοῦ
653 1379 885 1433 ἐνταῦθα
938 1381 1218 1447 διάγοντες
1243 1397 1256 1411 ⁸
1288 1381 1423 1434 ἀλλὰ
1473 1385 1564 1432 καὶ
1597 1364 1799 1448 Mitti;
1823 1396 1837 1410 '
1874 1375 1954 1442 εἷς
1989 1378 2048 1430 δέ

471 1464 634 1532 οὗτος
658 1471 768 1524 τῶν
795 1471 1066 1535 δοξάντων
1098 1472 1190 1523 δύο
1222 1472 1464 1541 ἐξάρχων
1518 1469 1661 1526 εἶναι
1689 1471 1798 1524 τῶν
1827 1472 2048 1523 Διοσκο-

479 1563 685 1630 ριανῶν
704 1579 717 1592 ·
742 1565 831 1630 ὑφ’
855 1557 930 1616 ὧν
953 1565 1047 1616 καὶ
1076 1565 1315 1634 Σευῆρος
1340 1564 1585 1634 κατήχθη
1614 1565 1920 1631 καταγνοὺς
1955 1564 2051 1615 αὑ-

469 1656 586 1706 τῶν
605 1656 704 1724 τῆς
730 1657 1070 1720 αὐθαδείας.»
1102 1659 1209 1710 Καὶ
1235 1658 1352 1726 μεθ’
1384 1659 1565 1728 ἓτερα’
1597 1677 1614 1708 ι
1639 1658 1720 1710 Τὰ
1743 1657 1797 1709 δὲ
1819 1655 2050 1709 ἐνταῦθα.

475 1749 819 1817 μοναστήρια
852 1752 942 1800 καὶ
973 1750 1110 1802 αὐτὰ
1143 1751 1210 1802 τὰ
1270 1749 1598 1817 1εροσό).υμα
1626 1747 1916 1817 ὁμονοοῦσι
1951 1748 2050 1801 σὺν

2147 552 2328 622 Aliqui
2363 569 2553 639 porro,
2604 558 2866 625 quoniam
2903 558 2954 611 vi
3005 567 3061 612 et
3090 565 3270 611 metus
3302 570 3467 626 causa
3503 555 3712 608 assensi

2149 645 2388 714 fuerant,
2454 649 2729 714 sententia
2777 659 2981 705 mutata
3037 664 3282 704 errorem
3335 656 3712 713 revocarunt:

2150 738 2305 806 701
2341 739 2484 793 inter
2517 756 2656 808 quos
2683 751 2832 804 sunt,
2868 742 2961 810 qui
3012 741 3115 795 sub
3149 742 3386 810 Apamea
3419 747 3717 794 censentur

2147 830 2411 897 episcopi.
2447 830 2677 896 Quidam
2705 847 2836 884 vero
2854 833 3081 886 omnino
3111 832 3192 887 eis
3219 848 3325 886 non
3361 844 3719 891 consensere,

2151 921 2203 974 in
2230 921 2436 994 quibus
2470 935 2601 978 sunt
2628 923 2883 979 Julianus
2918 924 3251 989 Bostrensis,
3285 934 3339 976 et
3373 921 3714 991 Epiphanius

2151 1012 2370 1084 Tyrius,
2394 1015 2604 1084 aliique
2655 1015 2980 1085 (utdicunt)
3009 1015 3254 1085 episcopi
3305 1013 3552 1084 quidam.
3605 1011 3713 1081 Sed

2147 1106 2292 1160 enim
2329 1105 2495 1162 Isauri
2526 1124 2672 1162 nunc
2702 1109 3110 1178 resipiscentes,
3133 1089 3260 1162 cum
3285 1108 3522 1177 priorem
3552 1121 3711 1158 suum

2147 1195 2520 1252 condemnant
2552 1213 2825 1262 errorem,
2881 1211 2994 1253 tum
3027 1186 3296 1264 Severum
3352 1197 3715 1265 factionisque

2145 1287 2266 1353 ejus
2297 1287 2590 1356 populares
2639 1290 2992 1354 anathemate
3029 1289 3306 1360 jugulant.
3342 1289 3444 1343 Alii
3485 1288 3577 1358 qui
3613 1289 3716 1340 sub

2150 1374 2356 1430 Severo
2410 1388 2534 1432 sunt
2570 1379 2818 1450 episcopi
2856 1389 2911 1435 et
2943 1380 3156 1443 clerici,
3201 1381 3452 1435 ccclesiis
3506 1379 3714 1434 relictis

2152 1467 2458 1534 fugerunt:
2502 1485 2740 1540 quorum
2793 1489 2936 1529 unus
2976 1475 3143 1529 etiam
3179 1483 3262 1530 est
3301 1474 3556 1529 Julianus
3611 1473 3715 1527 Bo-

2151 1563 2405 1627 strensis,
2442 1569 2498 1618 et
2536 1565 2736 1621 Petrus
2762 1566 3151 1632 Damasceuus,
3180 1569 3279 1637 qui
3312 1566 3403 1621 hic
3431 1575 3580 1621 sunt.
3607 1564 3712 1620 Sed

2151 1666 2208 1709 et
2248 1655 2480 1721 Mamas,
2514 1658 2608 1728 qui
2640 1673 2787 1712 unus
2815 1673 2881 1712 ex
2921 1659 3138 1714 duobus
3168 1670 3276 1723 est,
3306 1659 3397 1727 qui
3439 1658 3718 1727 principes

2154 1749 2634 1805 Dioscorianorum
2680 1764 2803 1804 esse
2862 1750 3214 1815 videbuntur,
3258 1767 3284 1802 a
3318 1751 3522 1825 quibus
3549 1749 3714 1804 etiam

471 1839 596 1908 Θεῷ
633 1841 763 1910 περὶ
791 1840 889 1908 τὴν
925 1841 1092 1910 ὀρθὴν
1138 1843 1341 1906 πίστιν,
1381 1842 1473 1894 καὶ
1508 1841 1665 1894 ἄλλαι
1697 1840 1754 1892 δέ
1796 1840 2045 1892 πλεῖσται

2158 1842 2391 1897 Severus
2422 1844 2789 1898 transversim
2826 1843 3029 1898 ductus
3055 1855 3160 1908 est,
3197 1859 3324 1898 eum
3375 1843 3592 1896 illorum
3623 1857 3718 1895 an.

475 1931 602 1982 πόλε
611 1949 623 1980 ι
633 1949 658 1992 ς

700 1934 839 2000 μετᾶ
878 1931 988 1983 τῶν
1022 1932 1361 1997 ἐπισκόπων,
1391 1934 1519 2001 περὶ
1558 1925 1632 1985 ὧν
1667 1932 1924 1985 ἁπάντων
1952 1931 2045 1983 καὶ

473 2024 633 2091 ἡμῶν
684 2025 992 2095 προσεύχου
1052 2025 1127 2096 μὴ
1177 2025 1437 2078 εἰσελθεῖν
1468 2027 1547 2087 εἰς
1607 2025 1933 2094 πειρασμόν,
1965 2023 2051 2077 δέ·

475 2135 652 2170 σποτα
682 2119 951 2186 ἀγιὼτατε
993 2120 1086 2171 καὶ
1115 2119 1409 2186 τιμιὼτατε
1442 2117 1598 2186 ἡμῶν
1623 2120 1824 2188 Πάτερ.
1866 2135 1884 2168 ι

2153 1945 2239 1988 tea
2285 1935 2628 2004 prtefractam
2690 1938 3055 1992 temeritatem
3118 1937 3558 1990 condemnasset.
3597 1951 3614 1983 ι
3653 1934 3717 1987 Et

2153 2032 2277 2093 post
2307 2025 2555 2094 quaedam
2584 2045 2598 2080 :
2631 2045 2651 2079 ι
2697 2027 3022 2082 Monasteria
3056 2037 3237 2081 autem
3289 2043 3410 2096 qua:
3439 2027 3527 2079 hic
3566 2035 3717 2090 sunt,

2151 2128 2208 2172 et
2265 2119 2644 2192 Hierosolyma
2676 2121 2794 2192 ipsa
2822 2164 2837 2189 ,
2864 2123 2922 2177 in
2977 2129 3125 2177 recta
3159 2121 3263 2176 [ide
3293 2121 3387 2176 Dei
3423 2119 3716 2188 adjuvante

473 2213 648 2278 gratia
709 2215 1071 2272 concordant.
1118 2214 1348 2282 aliaeque
1420 2214 1585 2268 etiam
1636 2213 1887 2282 plurimae
1955 2227 2079 2268 cum
2118 2215 2397 2285 episcopis
2469 2217 2587 2272 suis
2641 2219 2831 2282 urbes,
2871 2233 2971 2288 pro
3009 2219 3216 2289 quibus
3241 2219 3519 2282 omnibus,
3552 2227 3718 2288 atque

477 2306 612 2359 item
664 2322 764 2374 pro
813 2307 996 2372 nobis,
1032 2307 1264 2386 Domine
1297 2305 1646 2374 san,_ctissime
1687 2315 1745 2361 et
1813 2305 2275 2373 revereudissime
2334 2308 2501 2377 Pater
2540 2320 2749 2378 noster,
2797 2324 2863 2366 ne
2897 2311 2948 2364 in
2992 2311 3346 2374 tentationem
3389 2308 3718 2378 incidamus,

477 2397 564 2454 fac
593 2412 720 2454 ores
776 2415 800 2460 ›

1043 2519 1303 2574 ΚΕΦΑΛ.
1353 2517 1483 2575 AA'.

478 2633 618 2702 "api
641 2631 748 2700 τῆς
778 2633 1177 2702 καθαιρέσεως
1205 2633 1476 2697 Σευήρου
1497 2649 1511 2662 ’
1531 2628 1626 2686 οἴη
1653 2635 1685 2686 ό
1717 2633 2048 2702 Ἐπιφανὴς

729 2703 1016 2773 Εὺὰγριος
1043 2703 1254 2767 αὑταῖς
1277 2703 1530 2766 λέξεσιν
1552 2705 1798 2770 ἱστορεῖ.

550 2815 653 2873 0ἶά
682 2820 738 2872 δὲ
764 2820 859 2871 καὶ
895 2819 1164 2888 Εὖάγριος
1211 2820 1239 2871 6
1302 2818 1602 2886 Ἐπιφανὴς
1649 2818 1780 2887 περὶ
1811 2819 2050 2888 Σευῆρον

480 2915 791 2984 ἱστόρησεν,
822 2913 1016 2975 αὐταῖς
1049 2909 1228 2976 λέξεσι
1281 2911 1696 2981 παραθήσομαι⁸
1755 2911 1958 2980 γράφει
1991 2910 2051 2964 δὲ

478 3001 606 3061 ὧδε·
647 3027 665 3058 ι
692 3006 914 3075 Ἐπειδὴ
944 3005 1126 3058 τοίνυν
1144 3003 1321 3058 ταῦτα
1340 3004 1407 3057 τὰ
1434 2990 1743 3074 γράμματα
1758 3004 1905 3071 λέγει
1926 3003 2052 3066 τοὺς

478 3103 588 3154 ὑπὸ
620 3101 931 3168 Ἀπάμειαν
963 3099 1140 3166 ἱερέας
1172 3095 1520 3166 ἀποπηδῆσαι
1548 3097 1811 3163 Σευήρου,
1847 3095 1978 3164 φέρε
1997 3111 2053 3146 τι

480 3193 810 3263 πρδσθῶμεν
833 3193 971 3261 ὅπερ
998 3192 1078 3252 είς
1117 3190 1265 3259 ἡμᾶς
1301 3188 1574 3256 πατρόθεν
1623 3187 1811 3257 διέϐη,
1871 3189 1921 3240 εί
1957 3187 2053 3239 καὶ

481 3286 694 3354 ἱστορίᾳ.
735 3286 898 3354 μέχρι
956 3283 1052 3337 νῦν
1102 3283 1203 3336 οὐκ
1257 3282 1606 3353 ἀνείληπταιε
1669 3281 1895 3349 Κοσμᾶς
1958 3279 2055 3349 τὴν

480 3378 756 3448 ἡμετέραν
779 3375 1100 3430 ἐπισκοπῶν
1167 3373 1547 3444 Ἐπιφάνειαν,
1589 3373 1625 3444 ἢ
1677 3373 1771 3426 τὸν
1797 3371 2058 3443 Ὀρόντην

481 3472 733 3523 σύνοικον
760 3468 894 3537 ἔχει,
925 3469 1018 3521 καὶ
1042 3467 1369 3536 Σευηριανὸς
1401 3465 1736 3536 Ἀρέθουσαν
1773 3463 1874 3534 τὴν
1899 3467 2056 3520 ἀστυ-

481 3563 728 3632 γείτονα,
759 3562 900 3632 πρὸς
931 3562 1001 3615 τὰ
1056 3559 1311 3614 συνοδικα
1373 3560 1618 3630 Σευὴρου
1670 3557 2056 3627 ταραχθέντες,

481 3657 579 3710 καὶ
612 3655 713 3723 τῆς
744 3656 954 3707 ἐκείνου
982 3654 1274 3714 κοινωνίας
1333 3652 1562 3713 ἑαυτοὺς
1619 3649 2055 3722 ἀπορρήξαντες,

480 3750 692 3818 βιϐλίον
721 3747 1098 3817 καθαιρέσεως
1147 3745 1295 3814 αὐτῷ
1323 3744 1748 3813 διαπέμπονται,
1779 3741 1925 3795 ἐσέτι
1959 3743 2058 3811 τὴν

487 3841 772 3909 Ἀντιόχου
809 3837 1226 3892 ἐπισκοποῦντι*
1269 3835 1644 3906 ἐγχειρίζουσι
1675 3834 1732 3887 δὲ
1763 3835 1823 3887 τὸ
1853 3834 2058 3904 βιϐλίον

483 3933 816 4006 Λύρηλιανῷ
841 3932 918 4002 τῷ
953 3931 1061 3985 τῶν
1111 3930 1382 3984 διακόνων
1427 3927 1632 3998 πρώτῳ
1685 3929 1786 3996 τῆς
1821 3929 2058 3995 Ἐπιφα-

477 4029 637 4081 νέων·
663 4027 721 4089 6;
765 4025 956 4095 ἐπειδὴ
982 4024 1072 4076 τὸν
1103 4023 1345 4093 Σευῆρον
1404 4021 1665 4075 ἐδεδοίκει
1717 4021 1812 4074 καὶ
1843 4023 1935 4074 τὸν
1957 4020 2058 4089 τῆς

478 4119 752 4188 τοσαύτης
783 4120 1086 4186 ἐπισκοπῆς
1118 4116 1306 4184 ὄγκον,
1361 4116 1450 4169 ὅτε
1481 4115 1578 4183 τὴν
1644 4113 1926 4184 Ἀντιόχου
1956 4130 2058 4166 κα-

479 4213 749 4282 τειλήφει.
780 4211 990 4278 ἐσθῆτα
1016 4208 1340 4278 γυναικείαν
1376 4208 1556 4276 ἐαυτῷ
1584 4207 1853 4276 περιθεὶς,
1889 4222 2059 4274 προσ-

480 4303 569 4373 ῄει
595 4301 672 4370 τῷ
713 4300 938 4369 Σῖυήρτρ
971 4298 1330 4367 ἀκκιζόμενός
1397 4315 1453 4351 τε
1502 4297 1593 4364 καὶ
1659 4296 2056 4368 θρυπτόμενος,

482 4398 578 4448 καὶ
607 4395 695 4447 διὰ
725 4394 948 4445 πάντων
971 4391 1450 4461 σχηματιζόμενος
1483 4389 1545 4441 τὸ
1576 4384 1715 4442 εἶναι
1759 4389 1924 4457 γυνή·
1963 4389 2058 4440 καὶ

2709 2519 2944 2577 (ΖΛΡῘΙΤ
2968 2519 3160 2584 XXXI.

2158 2633 2354 2698 Qualia
2386 2635 2449 2687 de
2477 2633 2688 2691 Severo.
2716 2636 2802 2688 cui
2827 2636 3158 2702 episc0pntus
3186 2635 3463 2704 ademptus
3488 2644 3586 2698 est,
3614 2634 3726 2702 ipse

2425 2705 2837 2773 Epipltaniensis
2878 2705 3135 2777 Euagrius
3167 2707 3455 2774 scripserit.

2225 2820 2358 2886 Qum
2420 2834 2553 2873 vero
2602 2819 2671 2874 de
2726 2818 2932 2875 Severo
2981 2818 3248 2889 Evagrius
3301 2816 3730 2887 Epiplianieusis

2153 2911 2432 2968 memoria:
2460 2912 2752 2976 mandarit,
2785 2911 2968 2966 verbis
2996 2910 3085 2965 hic
3105 2911 3223 2978 ejus
3261 2924 3550 2980 apponam.
3581 2908 3731 2968 ScrE?

2155 3003 2239 3059 bit
2267 3005 2413 3059 enim
2443 3005 2508 3060 ad
2535 3005 2682 3061 hunc
2709 3003 2931 3061 modum
2957 3021 2970 3056 :
2996 3021 3015 3052 ι
3040 3003 3496 3072 Quandoquidem
3528 3002 3726 3056 litterm

2159 3098 2278 3153 ista:
2333 3097 2752 3158 Palmstinorum
2824 3099 3219 3152 monachorum
3289 3095 3579 3165 episcopos
3635 3094 3728 3162 qui

2159 3191 2401 3260 Apamea
2427 3191 2711 3254 suberant,
2742 3205 2772 3244 a
2820 3189 3026 3245 Severo
3069 3187 3352 3244 resiluisse
3405 3187 3725 3246 ostendunt.

2159 3297 2258 3352 age
2311 3281 2608 3337 aderamus
2649 3281 2780 3344 huc,
2813 3280 2964 3350 quod
3014 3295 3042 3334 a
3090 3280 3341 3334 l’atribus
3384 3295 3481 3348 per
3531 3295 3729 3332 manus

2159 3382 2467 3441 acceptum,
2495 3373 2744 3444 quamvis
2773 3374 3057 3442 hucusque
3089 3372 3144 3425 in
3175 3371 3461 3426 historiam
3496 3358 3723 3425 relatum

2162 3481 2271 3520 non
2304 3465 2396 3528 sit,
2429 3464 2497 3519 ad
2547 3479 2651 3519 nos
2707 3464 2978 3532 pervenit.
3019 3462 3244 3518 Cosmas
3292 3462 3483 3531 patria:
3527 3472 3731 3512 nostra-

2159 3557 2482 3626 Epiphania:
2538 3557 2868 3626 episc0pus,
2923 3543 3090 3624 quam
3144 3552 3382 3610 Orontes
3433 3552 3625 3613 alluit,
3677 3563 3733 3612 et

2161 3649 2490 3706 Severianus
2539 3651 2733 3704 vicinae
2809 3649 3098 3704 Arethusa:
3138 3647 3416 3711 antistes,
3480 3661 3604 3709 cum
3662 3646 3730 3701 ad

2160 3740 2451 3811 synodales
2491 3739 2678 3794 Severi
2735 3739 2997 3808 epistolas
3051 3736 3360 3807 perturbati
3412 3746 3622 3798 essent,
3676 3743 3733 3795 ct

2159 3846 2219 3886 se
2254 3845 2284 3884 a
2315 3830 2701 3886 communione
2727 3830 2849 3900 ejus
2889 3827 3310 3899 disjunxissent,
3340 3825 3587 3886 libellum
3623 3840 3732 3892 quo

2162 3923 2238 3978 illi
2287 3923 2606 3993 dignitatem
2649 3922 3006 3992 abrogat-unt,
3062 3920 3130 3974 ad
3188 3934 3316 3973 eum
3371 3932 3496 3971 cum
3553 3915 3734 3969 adhuc

2161 4018 2462 4085 Antiochiae
2480 4018 2774 4087 episcopus
2801 4027 2964 4079 esset,
2992 4016 3281 4071 miserunt.
3313 4012 3451 4068 Eum
3485 4009 3732 4073 libellum

2161 4109 2459 4169 Aureliano
2518 4108 2784 4177 primario
2826 4107 3077 4163 ecclesia:
3135 4103 3563 4176 Epiphaniensis
3611 4101 3734 4155 dia-

2160 4217 2299 4256 cono
2325 4203 2392 4256 ad
2423 4201 2572 4256 illum
2603 4200 2991 4271 perferendum
3024 4197 3250 4254 dedere.
3280 4198 3457 4264 Atque
3486 4195 3554 4259 is,
3587 4193 3735 4264 quod

2162 4293 2427 4350 Severum
2517 4302 2574 4346 ct
2658 4292 3015 4362 episcopatus
3094 4289 3233 4344 tanti
3311 4287 3734 4358 amplitudinem

2161 4393 2454 4449 metueret,
2492 4383 2584 4437 ubi
2622 4382 2971 4438 Antiochiam
3005 4381 3180 4448 venit,
3230 4379 3485 4435 muliebri
3538 4378 3734 4451 habitu

481 4489 543 4539 τὸ
576 4485 717 4540 κατὰ
740 4484 842 4553 τῆς
889 4482 1135 4553 κεφαλῆς
1196 4481 1370 4548 φάρος
1429 4481 1588 4550 μέχρι
1656 4481 1764 4533 τῶν
1820 4481 2054 4548 στέρνων

2164 4484 2404 4545 sumpto,
2437 4474 2701 4530 Severum
2727 4476 2885 4539 adiit,
2911 4475 3198 4539 delicatius
3229 4474 3558 4542 molliusque
3587 4473 3738 4526 ince-

482 4575 1115 4647 καθεὶς,ὀλοφυρόμενός
1167 4591 1226 4627 τε
1290 4574 1384 4628 καὶ
1434 4573 1626 4644 μύχιον
1685 4572 2058 4638 ποτνιώμενος

485 4671 767 4738 ίκετηρίαε
795 4668 940 4731 τινος
965 4668 1336 4736 προσχήματι,
1381 4665 1664 4733 προσιόντι
1723 4664 1801 4730 τῷ
1835 4662 2060 4732 Σευήρῳ

479 4764 584 4834 τὴν
608 4762 931 4829 καθαίρεσιν
962 4758 1259 4812 ἐπιδίδωσι·
1293 4756 1388 4808 καὶ
1420 4756 1630 4816 πάντας
1669 4751 1943 4806 διαλαθὼν
1965 4750 2060 4803 τοῦ

481 4837 982 4922 ἐπομένουέξεισιν
1012 4847 1227 4918 ὁμίλου,
1253 4848 1352 4901 καὶ
1379 4845 1612 4916 δρασμῷ
1643 4837 1744 4912 τὴν
1785 4843 2062 4912 σωτηρίαν

482 4949 728 5006 ὠνεῖται,
756 4945 886 5012 πρ¹ν
925 4942 1017 4993 τον
1058 4941 1298 5010 Σευῆρον
1351 4941 1421 4991 τὰ
1470 4938 1530 4989 ἐν
1568 4930 1645 5002 τῷ
1691 4935 1886 5006 βιϐλίῳ
1949 4933 2062 4986 κείς-

490 5054 633 5107 μενα
677 5035 903 5102 γνῶναι.
938 5032 1129 5101 Ὅμως
1159 5030 1205 5083 δ’
1243 5027 1338 5083 οὖν
1398 5031 1425 5082 6
1461 5027 1699 5097 Σευῆρος
1755 5029 1849 5078 καὶ
1882 5025 1940 5078 τὺ
1985 5025 2064 5095 βι-

482 5130 635 5183 ϐλίον
657 5127 982 5196 δεξάμενος,
1019 5124 1116 5178 καὶ
1141 5124 1209 5175 τὰ
1234 5124 1292 5175 ἐν
1319 5119 1469 5190 αὐτῷ
1510 5120 1709 5181 συνεὶς.
1743 5119 1820 5188 τῷ
1873 5119 2062 5188 οἰκείῳ

487 5219 973 5289 προσεκαρτέρησε
998 5217 1192 5288 θρόνῳ
1243 5216 1408 5284 μέχρι
1445 5214 1546 5278 τῆς
1587 5211 1949 5265 Ἀναστασίου
1970 5229 2060 5262 τε-

485 5313 708 5380 λευτῆς.
749 5311 840 5372 Ὠς
871 5309 917 5363 δ’
961 5309 1309 5368 Ἀναστάσιος
1340 5307 1408 5357 τὰ
1435 5306 1530 5356 ἐπὶ
1567 5304 1791 5373 Σευήρῳ
1830 5319 2060 5370 γεγενη-

490 5407 629 5477 μένα
668 5405 867 5471 διέγνω
902 5401 1240 5472 (ἱστορητέον
1271 5401 1380 5467 γὰρ
1411 5398 1508 5464 τὴν
1535 5394 1738 5464 πρᾶξιν
1760 5393 2064 5464 φιλανθρώ-

488 5519 607 5562 πως
640 5498 717 5567 τῷ
761 5495 1098 5563 Ἀνκστασίῳ
1157 5489 1672 5559 διεσκευασμένην),
1732 5488 2062 5557 προστάττει

499 5590 820 5660 Ἀσιατικῷ,
851 5589 950 5656 τῆς
976 5587 1116 5640 κατὰ
1150 5588 1250 5653 τὴν
1291 5583 1477 5637 Ἀσίαν
1511 5585 1568 5634 ἐν
1625 5581 1845 5650 Φοινίκῃ
1897 5580 2065 5632 Λιϐα-

488 5685 681 5754 νηστας
705 5680 1170 5751 ἐπιτετραμμένῳ
1220 5677 1415 5745 ἀρχὴν,
1455 5667 1704 5743 ’Κοσμᾶν
1749 5674 1843 5725 καὶ
1895 5673 2064 5740 Σευη-

567 5803 641 5874 (ll
680 5800 874 5869 Evagr.
919 5798 1010 5852 lib.
1053 5813 1137 5859 tu,
1180 5811 1298 5865 cap.
1334 5794 1421 5847 δι.

2168 4570 2325 4632 dens,
2360 4584 2424 4624 ac
2457 4580 2612 4638 gestu
2640 4568 2792 4622 omni
2830 4568 3089 4622 leminam
3127 4582 3186 4621 se
3223 4581 3344 4626 esse
3377 4565 3733 4626 assimulans:

2167 4671 2224 4714 ct
2249 4659 2514 4730 supplicis
2551 4674 2704 4714 more
2733 4659 3067 4725 lamentans,
3099 4667 3266 4726 atque
3298 4657 3594 4721 velamine,
3626 4672 3739 4725 quo

2166 4762 2333 4824 caput
2371 4753 2714 4815 obvolverat,
2748 4752 2816 4807 ad
2880 4760 3074 4822 pectus
3119 4766 3296 4819 usque
3356 4749 3620 4819 demisso,
3672 4764 3737 4815 ex

2167 4845 2333 4900 animi
2375 4845 2751 4914 penetralibus
2800 4859 2926 4898 cum
2967 4845 3171 4914 gemitu
3221 4842 3740 4910 illutulobsccrans.

2170 4935 2577 4990 abdicationem
2603 4934 2788 5002 specie
2827 4935 3091 5004 supplicis
3127 4935 3297 4989 libelli
3345 4933 3627 4990 accedenti
3662 4935 3737 4988 illi

2169 5027 2322 5082 dedit
2350 5043 2364 5079 :
2391 5036 2448 5082 et
2470 5043 2535 5092 ex
2571 5028 2930 5096 consequenti
2955 5026 3238 5080 hominum
3273 5027 3456 5092 turba,
3479 5025 3742 5081 omnibus

2170 5120 2439 5184 deceptis,
2498 5118 2653 5186 prius
2707 5135 2808 5187 per
2863 5118 3049 5189 fugam
3105 5119 3289 5174 salvus
3342 5119 3538 5180 evasit,
3577 5117 3739 5186 702

2169 5229 2328 5282 quam
2380 5211 2622 5266 Severus
2656 5211 3060 5282 quaaiulibcllo
3094 5213 3294 5281 scripta
3326 5222 3530 5270 essent.
3563 5211 3691 5278 legit
3723 5228 3736 5263 :

2169 5306 2537 5358 nihilominus
2595 5314 2772 5360 tamen
2844 5305 3080 5360 Severus
3129 5305 3315 5368 libello
3376 5313 3622 5371 accepto.
3683 5311 3741 5353 et

2170 5398 2446 5452 sententia
2477 5398 2598 5468 ejus
2647 5397 2948 5465 intellecta,
2979 5396 3032 5450 in
3088 5395 3218 5450 sede
3270 5410 3376 5457 sua
3430 5408 3602 5460 usque
3669 5392 3734 5452 ad

2170 5489 2448 5544 Anastasii
2482 5487 2694 5542 obitum
2728 5487 3052 5558 permansit.
3089 5487 3383 5554 Postquam
3415 5480 3736 5539 Anastasius

2172 5597 2288 5637 rem
2343 5596 2486 5645 eam,
2538 5581 2698 5636 sicuti
2752 5583 2959 5636 Severo
3003 5580 3279 5634 acciderat
3327 5575 3427 5644 (l),
3476 5574 3738 5638 cognovit

2173 5674 2476 5748 (titcmorize
2505 5675 2650 5738 enim
2702 5672 3026 5729 tradendum
3070 5671 3467 5739 perlutmattutu
3512 5662 3740 5744 aliquod
