4094 6202
361 212 465 278 901

957 336 1207 389 ΚΕΦΑᾹ.
1240 339 1367 391 ΑΠ’.

365 454 505 520 Περὶ
537 453 640 519 τῆς
683 454 1044 524 τυραννίδος
1093 456 1458 507 Βιταλιανοῦ
1488 474 1501 487 ο
1544 456 1640 507 καὶ
1678 459 1807 524 περὶ
1842 458 1960 511 τῶν·

442 526 713 595 Οῡννων,
754 523 811 595 οξ
863 522 983 595 τῶν
1037 525 1327 577 Κασπιῶν
1380 526 1595 578 πυλῶν
1628 522 1955 595 ὥρμησαν

442 597 538 646 καὶ
572 592 705 660 περὶ
744 592 854 658 τῆς
888 593 1087 660 νήσου
1134 595 1368 649 Ῥόδου.

442 727 553 781 Καί
576 745 659 790 τις
694 727 738 779 δ’
772 726 959 797 ῐτερος
981 729 1079 795 τῆς
1102 726 1321 798 Θρᾴκης
1339 729 1685 799 ὁρμώμενος.
1708 732 1958 784 Βιταλια-

365 822 454 882 ν³>ς
475 821 672 889 δνομα,
720 819 1082 872 ἐπανίσταται
1112 820 1189 888 τῷ
1232 822 1571 892 Ἀναστασίῳ
1600 839 1613 853 ·
1657 823 1715 885 ὃς
1745 826 1815 876 τὰ
1851 826 1958 877 τῶν

366 913 609 983 Θρακῶν
634 913 1015 983 δῃωσέιμενος,
1062 913 1160 965 ἀπ’
1204 895 1466 967 Ὀδυσσοῦ
1521 916 1616 968 καὶ
1667 917 1956 985 Ἀγχιάλου

366 1005 717 1073 ἀρξάμενος,
768 1003 867 1075 τὴν
932 1004 1210 1072 βασίλειον
1251 1006 1410 1059 πόλιν
1468 1007 1610 1059 ἑλεῖν
1668 1008 1954 1077 ἠπείγετο,

368 1097 723 1163 ἀστάθμητόν
778 1113 829 1147 τι
897 1096 1103 1163 πλῆθος
1162 1096 1383 1151 Οὕννων
1447 1100 1953 1171 προσεπαγόμενος,

346 1185 656 1255 ’Πεμφθεὶς
690 1186 733 1238 δ’
776 1186 1039 1248 ’Υπάτιος
1064 1191 1371 1260 στρατηγὸς
1403 1192 1503 1253 τὰς
1536 1192 1626 1245 ἐπὶ
1658 1194 1724 1245 τὰ
1766 1194 1958 1263 πρόσω

366 1278 564 1327 τοηὶτου
620 1278 970 1329 ἀναστέλλειν
1035 1280 1238 1349 ὁρμὰς,
1291 1281 1408 1349 ἥλω
1462 1283 1658 1352 τούτῳ,
1708 1285 1814 1337 ὑπὸ
1844 1287 1956 1338 τῶν

366 1367 598 1418 οἰκείων
633 1367 1082 1435 καταπριρδοθείς.
1128 1370 1289 1423 Ἀλλὰ
1321 1372 1534 1442 λύτροις
1571 1375 1829 1445 μεγάλοις
1856 1378 1956 1446 βα-

368 1459 557 1521 σιλεὺς
584 1460 775 1512 τοῦτον
820 1465 1034 1516 ὠνεῖτο.
1088 1464 1357 1535 Κύριλλος
1384 1465 1441 1518 δὲ
1484 1467 1581 1537 τὴν
1616 1472 1955 1538 στρατηγίαν

368 1552 688 1622 ἐλάμϐανεν
712 1572 727 1587 ο
761 1558 1097 1627 ἀγχωμάλου
1137 1557 1192 1609 δὲ
1221 1560 1318 1627 τῆς
1348 1559 1527 1628 μάχης
1554 1560 1951 1631 γεγενημένης.

373 1644 476 1696 καὶ
509 1646 711 1710 πολλὰς
740 1652 837 1711 τὰς
868 1650 1077 1719 τροπὰς
1105 1650 1199 1700 καὶ
1225 1648 1389 1703 πάλιν
1414 1649 1628 1714 δεώξεις
1657 1651 1951 1721 λαῦούσης,

371 1739 441 1804 τῇ
479 1738 737 1810 ῥαστώνῃ
786 1743 896 1794 τῶν
931 1742 1022 1795 ὑπ’
1054 1743 1218 1795 αὐτὸν
1268 1742 1473 1811 καίπερ
1516 1742 1610 1795 τοῦ
1643 1744 1957 1813 στρατηγοῦ

369 1830 433 1881 τὸ
454 1831 619 1883 πλέον
646 1834 959 1903 ἐσχηκότος,
992 1835 1141 1901 ὅμως
1165 1836 1257 1887 καὶ
1280 1834 1451 1897 οὕτως
1474 1834 1590 1905 ἥλω
1612 1851 1625 1863 °
1660 1836 1757 1887 καὶ
1785 1836 1959 1895 οὕτως

370 1926 400 1976 ὀ
461 1923 728 1995 τύραννος
815 1928 939 1995 ἄχρι
998 1931 1094 1979 καὶ
1178 1928 1286 1979 τῶν
1360 1927 1551 1979 Συκῶν
1613 1927 1713 1996 τὴν
1774 1928 1959 1980 ἔλασιν

371 2020 640 2085 ἐποιεῖτο,
701 2020 844 2090 δῃῶν
906 2020 1082 2074 πάντα
1150 2021 1244 2073 καὶ
1298 2019 1536 2089 ἀφανείᾳ
1590 2020 1953 2090 παραδιδούς·

374 2112 465 2165 ἐπ’
525 2112 709 2165 ἐλπίσι
732 2130 791 2165 τε
825 2112 1097 2181 μεγάλαις
1138 2111 1236 2179 ὢν,
1290 2113 1385 2165 καὶ
1427 2113 1524 2183 τὴν
1564 2112 1814 2182 βασιλίδα
1850 2114 1958 2166 τῶν

378 2202 592 2255 πόλεων
623 2204 1104 2273 παραστήσεσθαι,
1153 2206 1248 2258 καὶ
1279 2204 1379 2275 τὴν
1418 2204 1591 2275 ἀρχὴν
1634 2207 1951 2275 εἰληφέναι·

374 2289 440 2347 οὗ
484 2296 624 2364 δῆτα
659 2297 1061 2365 ἐσκηνημένοι),
1093 2297 1339 2366 Μαρῖνος
1369 2299 1395 2349 ὁ
1449 2297 1620 2367 Σύρος
1667 2299 1950 2351 ἐστέλλετο

381 2388 507 2442 κατ’
533 2389 699 2441 αὐτοῦ
727 2390 885 2459 νηΐτῃ
924 2390 1139 2459 στρατῷ
1190 2391 1490 2458 συμϐαλεῖν
1540 2392 1713 2463 αὐτῷ.
1752 2394 1959 2461 ’Ἄμφω

375 2481 474 2533 οὖν
497 2480 576 2532 τὼ
606 2481 823 2549 στρατὼ
855 2483 1121 2543 συνιόντε,
1148 2482 1492 2552 ἀνεκώχευον
1516 2483 1748 2547 ἔκπλους
1776 2490 1959 2538 ποιουο

380 2564 570 2642 μενοι·
602 2575 998 2644 ἀκροϐολισμοί
1032 2594 1091 2628 τε
1124 2576 1326 2642 μεταξὺ
1376 2580 1489 2629 τοῖν
1520 2578 1664 2629 δυοῖν
1698 2578 1956 2644 ἐγίνοντο.

380 2669 494 2720 Καὶ
542 2668 609 2737 δὴ
663 2672 793 2734 περὶ
844 2670 911 2721 τὰ
964 2670 1277 2739 καλούμενα
1340 2671 1582 2741 Βυθάρια
1649 2676 1957 2743 ναυμαχίας

380 2762 665 2829 καρτερᾶς
701 2761 996 2831 συστάσης,
1022 2762 1339 2833 ἀνακράτος
1368 2764 1627 2833 πρύμναν
1652 2767 1960 2835 κρουσάμε-

380 2867 497 2911 νος,
560 2851 758 2917 ἔφευγε
812 2851 1149 2920 Βιταλιανὸς,
1186 2855 1255 2907 τὰ
1302 2856 1476 2908 πολλὰ
1528 2858 1628 2925 τῆς
1676 2857 1958 2927 δυνάμεως

379 2943 728 3019 διαφθεῖραῇ
780 2945 1005 3016 Ἐπίσης
1030 2946 1083 2998 δὲ
1124 2947 1218 2999 καὶ
1253 2948 1301 2999 οἱ
1333 2948 1473 3017 ἀμφ’
1501 2949 1663 3002 αὐτὸν
1692 2950 1920 3019 ἔφευγον
1940 2965 1954 2981 ⁸

380 2980 673 3011 ...ργνμειυι
714 2985 728 2998 .

376 3034 558 3097 οὕτως
589 2980 791 3113 ὀξέᾲ

380 3127 521 3194 μήτε
555 3128 687 3195 περὶ
721 3129 819 3198 τὴν
865 3132 1019 3183 πόλιν
1055 3134 1197 3202 μήτε
1247 3133 1353 3203 μὴν
1389 3135 1517 3203 περὶ
1565 3135 1626 3185 τὸ
1683 3135 1956 3187 ἀνάπλουν

379 3221 563 3281 ποσῶς
616 3220 935 3288 εὑρεθῆναι.
966 3222 1285 3277 Βιταλιανὶν
1314 3224 1358 3276 δ’
1385 3225 1441 3284 ἐς
1469 3224 1753 3293 ’Δγχίαλον
1777 3224 1953 3296 βραχὺ

376 3310 765 3379 διατρίψαντα,
793 3313 985 3365 ἔπειτα
1008 3314 1361 3383 παυσάμενον
1384 3318 1694 3385 τυραννεῖν,
1725 3316 1956 3384 ἡσυχίαν

376 3404 538 3469 ἄγειν
567 3404 763 3456 ἑκόντα
796 3404 1096 3473 αἱρεῖσθαι.
1128 3407 1240 3461 Καὶ
1261 3406 1389 3460 ἄλλο
1417 3407 1469 3459 δὲ
1504 3407 1659 3473 γένος
1700 3408 1956 3459 Οὑννικδν

379 3496 479 3562 τὴν
523 3496 817 3564 Ῥωμαίων
856 3499 1173 3567 ἐπέδραμεο
1208 3500 1669 3569 περαιωσάμενον
1718 3500 1826 3570 γὰρ
1858 3500 1955 3563 τὰς

376 3586 638 3648 Κασπίας
687 3588 885 3653 πύλας,
944 3590 1041 3658 τὴν
1076 3590 1147 3641 ἕω
1190 3589 1495 3659 διῆλθενοή
1530 3590 1584 3641 δὲ
1624 3589 1799 3652 Ῥόδος
1854 3592 1955 3645 ἀνὰ

370 3678 466 3729 τὸν
493 3678 657 3730 αὐτὸν
681 3681 870 3749 χρῦνον
900 3682 1082 3750 τρίτον
1133 3682 1238 3752 ἥδη
1274 3683 1480 3751 σεισμῷ
1513 3682 1783 3735 πέπονθεν
1807 3682 1955 3749 ἐξαι-

376 3769 478 3839 σίῳ
511 3770 687 3832 πάθος
718 3772 884 3824 ταύτὸ
917 3773 1107 3835 νυκτὸς
1140 3775 1197 3826 ἐν
1216 3773 1294 3846 τῷ
1316 3773 1676 3847 πορρωτάτω.

968 4018 1223 4074 ΚΕΦΑΛ.
1254 4021 1381 4075 Λε-ν.

376 4134 519 4201 Περὶ
565 4134 673 4206 τοῦ
706 4136 951 4202 Μακροῦ
978 4138 1310 4203 λεγομένου
1342 4138 1588 4206 τείχους
1609 4136 1639 4189 ὁ
1668 4136 1958 4190 Ἀναστά-

446 4221 583 4276 σίος
611 4205 857 4257 ἔκτισεν
912 4207 1032 4258 ἀπὸ
1061 4206 1167 4258 τοῦ
1206 4205 1502 4273 Εὐξείνου
1536 4212 1768 4260 Πόντου
1819 4206 1956 4276 ἄχρι

447 4272 559 4341 τῆς
592 4277 847 4341 Θρᾳκίας
872 4276 1215 4342 θαλάσσης.

1298 217 1897 279 ΕΕΕΙ.Ε31ΛΞΤ[(Ῑ.Ε
1932 216 2318 278 ΠΙΞΤΟΒΙΕ
2362 222 2502 286 LIB.
2551 224 2701 285 xvr.
3532 226 3642 288 sae

1983 339 2030 394 Λ

2563 341 2789 396 CAPUT
2842 339 3129 397 XXXVIII.

2071 451 2143 502 De
2170 455 2452 528 tyrannide
2490 453 2770 511 Vitaliam'.
2798 455 2870 509 De
2898 460 3127 519 "tumis,
3161 457 3250 526 qui
3282 474 3345 512 ea:
3381 461 3637 528 angustiis

2227 523 2429 591 Caspiis
2460 536 2840 594 proruperunt,
2869 538 2917 580 et
2961 531 3024 581 de
3068 523 3242 583 insula
3282 523 3479 583 Rhodo:

2138 721 2427 790 Tyrannus
2484 723 2613 777 item
2655 724 2817 788 alius,
2878 728 3101 781 natione
3160 726 3366 791 Thrax,
3417 730 3640 781 nomine

2066 815 2393 877 Vitalianus,
2456 816 2659 870 bellum
2685 819 2972 871 Anastasio
3000 820 3222 874 intulit:
3279 822 3369 889 qui
3404 822 3635 874 Thracia

2065 906 2134 959 ah
2200 906 2501 977 Ulyssopoli
2565 918 2622 962 et
2687 909 2955 963 Anchialo
2985 921 3194 965 vastata
3227 953 3240 977 ,
3274 912 3633 989 imperantem

2066 1010 2285 1065 quoque
2311 999 2502 1052 urbem
2521 1015 2719 1068 capere
2750 1013 2835 1055 est
2872 1012 3126 1063 conatus,
3159 1019 3351 1073 vagam
3408 1005 3635 1058 Hunno-

2066 1103 2183 1139 rum
2219 1088 2625 1143 multitudinem
2651 1106 2834 1145 secum
2869 1092 3096 1147 ducens.
3152 1094 3428 1149 Adversus
3474 1111 3635 1164 tinem

2066 1175 2328 1245 Hypatius
2387 1179 2517 1243 dux,
2554 1191 2614 1233 ut
2667 1182 2958 1250 imperium
3013 1198 3472 1254 progressumque
3516 1186 3635 1254 ejus

2067 1280 2394 1333 moraretur,
2419 1271 2639 1337 missus,
2672 1288 2701 1327 a
2725 1273 2839 1327 suis
2888 1276 3162 1343 proditus,
3198 1288 3253 1330 et
3298 1277 3365 1330 ab
3398 1277 3490 1331 illo
3551 1294 3637 1332 ca-

2070 1369 2218 1427 ptus,
2254 1361 2568 1431 ingentique
2604 1366 2835 1433 pecunia
2863 1367 2932 1421 ab
2962 1368 3291 1437 imperatore
3324 1370 3639 1439 redemptus

2064 1463 2167 1506 est.
2211 1452 2450 1521 Cyrillus
2479 1456 2678 1509 deinde
2732 1458 2911 1525 copiis
2942 1459 3275 1515 militaribus
3302 1461 3537 1530 pra-fuit.
3569 1461 3635 1514 Et

2063 1558 2187 1597 cum
2237 1561 2396 1614 aequo
2455 1558 2627 1601 marte
2681 1561 2979 1619 pugnatum
3038 1564 3203 1615 esset,
3244 1564 3299 1607 et
3344 1554 3638 1623 aliquoties

2064 1650 2212 1689 nunc
2243 1636 2296 1689 hi
2348 1654 2493 1691 nunc
2527 1640 2905 1710 illifugissent,
2942 1652 2996 1696 et
3035 1646 3190 1700 alteri
3258 1648 3459 1702 alteros
3485 1649 3631 1703 inse-

2064 1728 2173 1779 cuti
2256 1729 2510 1793 fuissent,
2569 1748 2667 1799 per
2740 1737 3047 1791 socordiam
3096 1755 3346 1805 suorum,
3383 1742 3634 1810 quamvis

2063 1819 2179 1886 ipse
2238 1822 2345 1875 dux
2396 1825 2649 1879 hostibus
2682 1830 2936 1897 superior
3001 1841 3151 1885 esset
3184 1850 3196 1885 :
3225 1841 3405 1887 tamen
3448 1834 3635 1901 etipse

2065 1910 2117 1963 in
2149 1923 2471 1981 potestatem
2514 1918 2733 1972 illorum
2765 1924 3037 1989 pervenit,
3103 1926 3373 1992 atqueita
3444 1936 3633 1995 tyran-

2062 2020 2167 2058 nus
2205 2022 2377 2075 usque
2430 2007 2495 2061 ad
2528 2009 2686 2065 Ficos
2723 2012 2889 2079 ipsas,
2927 2014 3061 2068 locis
3116 2015 3375 2070 omnibus
3409 2020 3635 2070 vastatis

2062 2106 2225 2166 atque
2250 2100 2480 2165 eversis,
2518 2106 2801 2170 pervenit:
2834 2106 3039 2175 ingenti
3088 2107 3176 2160 illa
3209 2123 3307 2176 spe
3344 2119 3631 2177 concepta,

2064 2188 2431 2258 imperantem
2504 2208 2724 2263 quoque
2788 2196 2981 2250 urbem
3034 2213 3091 2252 se
3119 2209 3437 2268 capturum,
3469 2210 3634 2271 atque

2063 2280 2352 2351 imperium
2383 2294 2727 2355 arrepturum
2758 2303 2901 2342 esse.
2926 2291 3087 2359 717
3110 2291 3209 2346 Ubi
3245 2293 3547 2347 Vitalianus
3570 2301 3634 2346 ad

2062 2373 2221 2427 Ficos
2251 2384 2428 2429 castra
2462 2378 2665 2447 posuit,
2694 2378 2959 2432 Marinum
2992 2381 3186 2451 Syrum
3217 2382 3483 2439 adversus
3511 2402 3634 2439 eum

2062 2466 2359 2535 imperator
2375 2485 2497 2523 cum
2524 2473 2699 2539 copiis
2731 2474 3021 2529 maritimis
3055 2477 3239 2530 misit:
3273 2486 3327 2532 et
3360 2496 3483 2533 cum
3535 2495 3637 2533 cx-

2061 2561 2269 2615 ercitus
2322 2563 2547 2632 utrique
2589 2580 2694 2617 non
2742 2566 2907 2635 longe
2954 2570 3098 2623 inter
3128 2585 3185 2623 se
3228 2572 3507 2637 abessent,
3566 2574 3619 2626 in

2064 2655 2237 2710 aciem
2301 2671 2411 2709 non
2446 2655 2877 2722 descenderunt,
2912 2661 3005 2714 sed
3047 2661 3188 2717 levia
3216 2671 3425 2717 tantum
3448 2666 3630 2733 prarlia

2063 2749 2486 2802 commiserunt.
2539 2748 2784 2805 Tandem
2831 2768 2964 2807 vero
2995 2753 3062 2807 ad
3096 2771 3157 2808 ea
3191 2771 3314 2825 qua:
3366 2756 3635 2811 vocantur

2063 2837 2342 2908 Bytharia,
2374 2841 2551 2895 navali
2585 2858 2762 2910 pugna
2797 2844 2940 2898 inter
2962 2859 3021 2899 se
3046 2848 3327 2916 congressi
3354 2890 3367 2908 .
3405 2849 3635 2901 Vitalia-

2062 2945 2168 2985 nus
2198 2939 2348 2984 retro
2378 2941 2498 2987 acta
2529 2934 2677 2998 navi,
2711 2950 2874 3004 quam
2905 2938 3141 2990 maxima
3200 2940 3393 3007 potuit,
3435 2941 3637 2995 celeri—

803 3038 878 3101 ὠς
932 3042 998 3108 τῇ
1036 3039 1271 3111 ἐπιούσῃ
1309 3040 1514 3110 μηδένα
1540 3042 1650 3094 τῶν
1678 3043 1954 3112 πολεμίων

2066 3030 2200 3086 tate,
2239 3023 2413 3093 copiis
2436 3024 2550 3080 suis
2588 3041 2781 3096 magna
2842 3043 2909 3082 ex
2964 3040 3120 3098 parte
3177 3032 3415 3095 amissis,
3462 3032 3633 3103 fugit:

2066 3130 2299 3183 eumque
2352 3117 2435 3170 sui
2493 3128 2639 3173 tanta
2714 3120 2999 3176 velocitate
3055 3132 3183 3177 sunt
3230 3127 3535 3189 consecuti,
3575 3135 3635 3177 ut

2066 3218 2285 3275 postero
2340 3209 2427 3265 die
2482 3212 2667 3266 nullus
2698 3228 2923 3281 prorsus
2980 3214 3156 3269 hostis
3191 3217 3273 3271 vel
3302 3222 3367 3272 ad
3416 3220 3631 3279 urbem,

2064 3300 2149 3353 vel
2202 3300 2271 3353 ad
2329 3303 2619 3357 transitum
2650 3314 2960 3375 appareret.
3018 3307 3323 3363 Vitalianus
3372 3310 3629 3364 Anchiali

2064 3391 2344 3461 paulisper
2367 3402 2632 3456 moratus,
2660 3396 3009 3465 tyrannidem
3041 3409 3232 3466 postea
3292 3400 3537 3468 reliquit,
3578 3411 3636 3454 et

2064 3497 2162 3536 sua
2194 3494 2388 3551 sponte
2420 3486 2642 3554 quietus
2688 3488 2813 3541 fuit.
2860 3489 3023 3543 Aliud
3052 3506 3273 3561 quoque
3304 3494 3629 3548 Hunnorum

2065 3590 2259 3645 genus.
2311 3575 2524 3646 Caspiis
2572 3579 2840 3648 angustiis
2910 3584 3207 3651 superatis,
3261 3586 3634 3640 Romanorum

2064 3668 2328 3722 ditionem
2388 3670 2456 3723 ad
2510 3669 2792 3725 Orientem
2844 3684 3169 3728 vastarunt:
3226 3686 3281 3729 et
3314 3678 3538 3732 Rhodus
3565 3694 3633 3732 eo

2065 3772 2309 3832 tempore
2346 3765 2569 3817 tertium
2633 3766 2799 3819 etiam
2860 3768 3187 3838 intempesta
3255 3781 3414 3835 nocte
3448 3782 3635 3827 terme-

2065 3863 2215 3909 motu
2247 3854 2719 3926 ingentiquassata
2747 3868 2853 3913 est.

2592 4016 2816 4074 CAPUT
2858 4012 3103 4075 XXXIX.

2064 4126 2141 4183 De
2171 4146 2321 4206 muro
2351 4134 2435 4206 cui
2475 4149 2661 4206 nomen
2689 4134 2909 4206 Longo,
2958 4156 3113 4206 quem
3153 4141 3471 4196 Anastasius
3514 4161 3636 4197 con-

2131 4203 2346 4259 struxit.
2378 4204 2441 4254 ab
2468 4203 2634 4257 Ponto
2671 4203 2880 4259 Euxino
2901 4203 2979 4260 ad'
2998 4209 3273 4263 Thraciam
3306 4228 3467 4280 usque
3491 4232 3637 4267 mare

2128 4284 2449 4335 porrectaut.

452 4410 659 4479 Ἔργον
682 4411 738 4463 δέ
768 4429 818 4464 τι
855 4414 1115 4479 μέγιστον
1146 4414 1240 4465 καὶ
1280 4415 1602 4481 περιφανὲς,
1638 4419 1864 4485 μνήμης
1896 4434 1954 4468 τε

2132 4412 2453 4464 Anastasius
2506 4411 2651 4465 idem
2702 4429 2841 4484 opus
2928 4416 3225 4471 maximum
3280 4426 3336 4471 ct
3401 4420 3633 4486 illustre,

377 4502 528 4565 ἄξιον
567 4504 661 4555 καὶ
710 4504 920 4573 βασιλεῖ
951 4505 1165 4573 πρέπον
1208 4506 1542 4573 διεπράξατο
1580 4508 1953 4573 ’Λναστάσιο;,

373 4594 404 4645 ὃ
444 4594 667 4663 Μακρὸν
715 4599 893 4664 τεῖχος
941 4597 1221 4662 ἐκάλεσεν,
1260 4598 1355 4652 ἐπὶ
1399 4598 1553 4667 καλῷ
1593 4601 1691 4667 τῆς
1733 4602 1956 4671 Θρᾴκης

374 4688 751 4755 γεγενημένον
776 4703 791 4717 ο
844 4688 983 4757 ὅπερ
1014 4688 1182 4757 διέχει
1214 4688 1316 4757 τῆς
1360 4682 1777 4742 Κωνσταντίνου
1825 4707 1953 4743 στα-

374 4778 510 4840 δίοις
552 4781 626 4841 ὼς
678 4779 916 4847 μάλιστα
967 4780 1303 4848 ὀγδοήκοντα
1346 4782 1441 4833 καὶ
1506 4782 1841 4845 διακοσίοις·
1896 4786 1953 4846 ἐς

373 4868 645 4935 ἑκατέραν
673 4869 716 4920 δ’
738 4870 1080 4940 ἀποτελευτᾷ
1098 4870 1395 4933 θάλατταν,
1420 4872 1683 4939 ἐκτρέχον
1705 4872 1951 4943 πορθμοῦ

371 4964 536 5031 δίκην
564 4965 656 5014 ἐπὶ
716 4963 966 5027 σταδίους
1008 4963 1181 5018 εἴκοσι
1237 4964 1331 5017 καὶ
1371 4965 1802 5034 τετρακοσίους·
1858 4968 1954 5018 καὶ

372 5058 476 5124 τὴν
509 5056 661 5107 πόλιν
698 5057 1048 5127 Χερρόνησον
1109 5050 1298 5119 οὖσαν,
1346 5055 1513 5123 νῆσον
1550 5056 1737 5122 σχεδόν
1768 5072 1819 5106 τι
1855 5074 1954 5107 πε-

372 5151 641 5216 πνριηκῦς·
707 5151 799 5202 καὶ
829 5148 1170 5218 καθοδηγοῦν
1221 5150 1397 5219 ῥᾷστα
1438 5144 1519 5208 οἷς
1562 5147 1813 5216 βούλησίς
1838 5149 1954 5199 ἐστι

371 5242 881 5309 διαπορθμεύεσοαι
946 5244 1054 5295 ἀπὸ
1110 5242 1205 5295 τοῦ
1277 5242 1619 5309 καλουμένου
1677 5242 1953 5307 Στὸματος

376 5336 582 5387 Πίντου
618 5338 670 5396 ἐς
701 5336 800 5403 τὴν
834 5337 1201 5401 Προποντίδα.
1228 5335 1322 5387 καὶ
1353 5334 1451 5403 τὴν
1474 5334 1723 5403 Θρᾳκίαν
1753 5333 1953 5384 θαλατ-

374 5443 494 5477 ταν.
549 5421 744 5495 Εῗργόν
777 5444 834 5477 τε
870 5429 997 5487 τοὺς
1030 5427 1365 5495 βαρϐαρους,
1400 5424 1449 5477 οἳ
1479 5424 1692 5477 ἐκθέειν
1727 5425 1818 5476 καὶ
1856 5440 1952 5475 κα-

373 5518 657 5585 ταχεῖσθαι
688 5517 996 5586 βούλονται.
1031 5519 1141 5569 ἀπλι
1188 5518 1297 5569 τῶν
1332 5516 1540 5570 ἄνωθεν
1571 5517 1663 5568 τοῦ
1699 5516 1950 5579 Εὐξείνου

376 5606 579 5661 Πόντου
615 5610 799 5677 μερῶν
827 5611 923 5660 Ro
942 5629 1049 5677 χιον
1080 5628 1160 5673 τε,
1186 5610 1279 5676 τῆς
1306 5626 1364 5659 τε
1402 5610 1596 5676 λίμνης
1629 5608 1813 5660 Μακῖιτ
1840 5608 1946 5669 δος,

703 5749 974 5806 Parnm.
1023 5749 1137 5806 (in.
1189 5747 1482 5807 CXLVII.

2063 4503 2441 4572 memoriaque
2504 4520 2739 4573 prorsus
2787 4516 2842 4561 et
2898 4508 3168 4577 imperiali
3230 4512 3633 4579 magniﬁcentia

2062 4593 2285 4663 dignum
2316 4596 2564 4663 perfecit,
2598 4600 2741 4666 quod
2787 4599 3034 4670 Longum
3072 4619 3287 4656 murum
3316 4607 3630 4673 appellavit,

2061 4686 2129 4738 ad
2170 4685 2459 4741 Thraciam
2508 4692 2883 4745 exernandam
2918 4704 3322 4749 constructum.
3360 4697 3631 4752 Constant-

2064 4778 2291 4846 tinopoli
2324 4779 2575 4833 ducentis
2598 4783 2876 4850 octoginta
2905 4784 3201 4852 plurimum
3236 4788 3429 4840 stadiis
3451 4790 3627 4851 abest,

2059 4878 2114 4921 et
2149 4868 2216 4921 ad
2272 4879 2565 4939 utrumque
2619 4875 2885 4942 pertingit
2925 4891 3096 4938 mare,
3145 4877 3317 4930 instar
3363 4878 3510 4944 freti,
3561 4882 3625 4933 ad

2059 4965 2461 5035 quadringenta
2508 4967 2699 5035 viginti
2737 4970 2911 5022 stadia
2965 4985 3290 5033 excurrens,
3332 4981 3385 5027 et
3438 4977 3629 5028 urbem

2061 5055 2405 5123 peninsulam
2466 5057 2520 5109 in
2576 5058 2773 5111 insanae
2823 5075 2990 5127 prope
3055 5060 3289 5115 formam
3346 5064 3624 5134 redigens.

2060 5147 2240 5200 Facile
2298 5148 2462 5201 etiam
2525 5152 2754 5217 quosvis
2812 5152 3064 5220 trajicere
3120 5155 3391 5221 volentes,
3446 5160 3512 5210 ah
3562 5175 3629 5209 ro

2058 5239 2203 5306 quod
2240 5237 2312 5293 Os
2354 5239 2513 5292 Ponti
2558 5240 2784 5301 dicitur,
2840 5244 2891 5295 in
2931 5244 3323 5313 Propontidem
3357 5258 3413 5300 et
3459 5247 3633 5299 Thra-

2057 5331 2202 5382 ciunt
2235 5346 2385 5385 mare
2411 5333 2637 5387 deducit
2674 5353 2686 5388 :
2718 5349 2770 5387 et
2799 5336 3067 5391 Barbaros
3091 5338 3301 5393 effundi
3342 5350 3503 5409 atque
3528 5356 3627 5392 cx-

2056 5436 2279 5473 currcre
2310 5437 2374 5474 ex
2409 5423 2657 5490 partibus
2693 5425 2794 5487 eis,
2828 5441 2949 5494 quae
2989 5445 3152 5497 supra
3187 5430 3460 5483 Euxinum
3488 5430 3630 5483 Pon-

2058 5521 2169 5562 tum
2214 5523 2361 5573 suut,
2408 5524 2520 5567 tum
2578 5526 2761 5567 autent
2818 5533 2884 5570 ex
2932 5519 3214 5584 Colchide,
3251 5532 3305 5574 et
3348 5537 3375 5572 a
3429 5520 3627 5589 palude

2055 5602 2322 5666 Mgcutidc,
2374 5616 2633 5672 [meti-rea
2668 5624 2730 5659 ex
2784 5608 2918 5663 locis
2968 5627 3087 5677 qum
3120 5627 3280 5676 supra
3318 5610 3624 5665 Caucasum

3234 5753 3269 5809 7
