4094 6202
439 239 546 300 Ξίέὸ

482 237 546 299 ΐξό
1366 236 1966 298 ΕΟΟιΕδιΑδΤιεελΕ
2006 235 2392 298 ΗίὸΤΟΙὶΙίΕ
2422 235 2568 294 LIB.
2609 234 2764 294 XVI.
2795 297 2798 300 .

3582 231 3688 296 $.95

391 361 396 364 '
429 369 554 413 τας,
587 349 654 404 τὰ
684 349 773 402 ἴσα
801 348 906 401 τῶν
942 346 1256 401 κιυθέντων
1290 349 1340 400 εἴ
1369 367 1474 401 που
1506 351 1902 419 περισώζοιντο
1931 349 2010 402 ἔτι

2130 350 2285 402 iiates
2330 364 2484 409 suos.
2529 348 2796 417 pamitere
2837 360 2893 399 se
2932 344 3083 409 facti,
3127 359 3307 414 neque
3343 345 3543 400 habere
3578 363 3687 414 quo

431 439 825 511 διερευνᾶσθαι
860 441 918 492 ἐν
947 440 1060 500 τοῖς
1105 439 1335 492 καθόλου
1381 443 1632 503 πυκτίοις
1675 440 1785 492 τῶν
1821 442 2009 506 είσφο·

433 533 578 599 ρῶνο
615 532 860 594 δαπάνας
891 528 937 583 δ’
965 530 1201 596 ἐπιθεὶς,
1240 531 1492 600 ἔπεμπεν
1533 531 1853 601 ἁπανταχοῦ
1888 530 2017 583 συλ-

433 622 603 694 λογὴν
626 624 735 676 τῶν
761 625 1176 694 εὑρισκομένων
1215 625 1492 677 ποιεῖσθαι
1517 641 1532 656 ο
1566 625 1702 677 ὅπου
1750 623 1795 677 δ’
1828 623 1894 678 ἄν
1929 641 2016 688 τις

438 716 696 786 εὑρεθείη
737 715 999 776 τοιοῦτος,
1027 716 1160 785 παρ’
1195 716 1355 768 αὑτὸν
1390 715 1808 786 ἐσκομίζεσθαι·
1846 716 1922 779 ὠς
1951 717 2018 770 ἂν

437 811 525 876 εἴη
561 809 752 876 σκέψει
785 808 879 860 καὶ
911 807 1169 878 ἀκριϐείᾳ
1217 808 1384 879 πολλῇ
1424 809 1520 878 τὴν
1563 807 1782 860 ἔκθεσιν
1819 825 2018 862 συντα-

396 891 799 969 ⁴γῆναι.Ἑπιὶ
847 898 903 950 δὲ
963 899 1143 968 χρόνῳ
1177 898 1350 968 ἱκανῷ
1407 899 1455 950 οί
1513 898 1658 968 ἀμφὶ
1688 900 1756 952 τὰ
1786 899 2014 952 τοιαῦτα

439 993 790 1059 πεμφθέντες
838 987 974 1060 ἧκον
1025 993 1418 1060 ἐπιφερόμενοι
1448 988 1576 1043 ’ὅσα
1637 985 1818 1060 εὗρον,
1875 991 2018 1060 μάλα

439 1084 646 1153 χαίρων
701 1085 728 1135 ὁ
768 1084 1127 1144 Ἀναστάσιος
1177 1083 1432 1148 διετέλει,
1466 1083 1560 1136 τοῦ
1607 1084 2018 1137 κατεσπουδασο

441 1177 607 1242 μένου
648 1176 858 1244 τυχών*
893 1175 990 1226 καὶ
1022 1172 1380 1241 σοφιζόμενος
1424 1169 1604 1237 αὖθις,
1639 1177 1789 1236 ὅπως
1813 1193 1874 1228 τε
1919 1177 2018 1228 καὶ

437 1267 577 1317 ὅπου
621 1273 712 1317 καὶ
768 1266 920 1334 παρὰ
951 1266 1098 1317 τίσιν
1121 1266 1351 1334 εὓρηται
1375 1282 1389 1296 ο
1422 1268 1518 1319 καὶ
1557 1269 1607 1320 εἰ
1655 1269 1731 1335 μὴ
1769 1268 1864 1321 καὶ
1891 1269 2020 1322 ἄλλο

435 1358 678 1410 τοιοῦτόν
709 1374 762 1410 τι
804 1356 1218 1420 ὑπολέλειπται,
1268 1358 1470 1409 ἐκεῖνοι
1524 1357 1727 1427 πολλὴν
1771 1373 2014 1410 συνεισεο

437 1453 656 1517 νεγκεῖν
685 1449 1084 1520 διισχυρίζοντο
1116 1448 1356 1517 σπουδήν
1377 1465 1390 1480 ⁶
1423 1450 1516 1502 καὶ
1569 1449 1864 1517 ἐπώμνυον
1915 1466 2022 1517 μη-

435 1541 561 1592 δένα
589 1539 782 1608 ἕτερόν
808 1555 911 1591 που
941 1539 1152 1608 χάρτην
1179 1537 1568 1607 ὑπολελεῖφθαι
1598 1538 1835 1609 διασπᾷ-ι
1861 1540 2022 1591 δυνά-

439 1648 604 1699 μενον
653 1631 716 1681 τὸ
757 1627 1080 1698 πολίτευμα.
1122 1628 1181 1682 '0
1229 1631 1284 1681 δὲ
1339 1632 1434 1683 καὶ
1479 1623 1638 1690 αὖθις
1674 1628 1935 1698 λαμπρὰν
1963 1627 2022 1692 ἐξ

2118 452 2363 492 errorem
2390 437 2744 492 commissum
2779 436 3104 506 corrigeret,
3146 435 3590 506 quandoquidem
3627 437 3691 490 li-

2121 528 2206 584 bri
2244 529 2301 583 in
2331 529 2536 598 quibus
2561 528 2900 598 ejuseemodi
2929 528 3144 582 exactio
3170 527 3447 596 descripta
3475 529 3690 590 fuisset,

2123 622 2351 674 cremati
2398 629 2606 684 essent,
2658 635 2756 690 per
2809 620 3221 675 simulationem
3261 621 3449 689 ﬁnxit.
3489 621 3564 674 lbi
3615 621 3692 674 illi

2119 711 2188 764 ab
2213 725 2279 764 eo
2325 710 2395 763 ita
2439 709 2680 779 deerpti,
2716 725 2822 763 non
2856 712 3042 765 vultus
3071 712 3315 775 fictione,
3344 712 3439 766 sed
3488 713 3693 780 reipsa,

2120 803 2187 857 de
2221 785 2527 856 tributon
2579 812 2630 856 et
2685 802 2909 857 nefandi
2943 804 3130 872 ﬂagitii
3180 805 3433 859 mercede
3471 796 3692 872 pertur-

2120 894 2258 959 bati,
2289 895 2515 948 doluere
2545 912 2557 948 :
2595 909 2774 964 neque
2807 909 2865 948 se
2901 898 3218 958 consilium,
3248 912 3358 965 quo
3383 897 3606 966 jactura:
3643 896 3692 948 ei

2123 987 2500 1048 mederentur,
2543 987 2770 1050 habere,
2829 1003 2938 1057 pra:
2985 1003 3044 1042 se
3093 989 3290 1042 tulere.
3338 989 3431 1042 Ille
3478 1004 3574 1043 eos
3627 987 3693 1041 ad

2121 1079 2241 1131 loca
2302 1079 2486 1131 omnia
2517 1079 2596 1132 ire
2646 1079 2830 1148 jussTt,
2880 1089 2939 1132 nt
2987 1081 3031 1134 si
3073 1096 3179 1148 qua
3238 1081 3694 1136 commentarium

2121 1168 2535 1225 combustorum
2567 1171 2814 1237 exempla
2845 1186 2911 1224 ex
2939 1171 3200 1223 omnibus
3244 1171 3555 1224 exactionis
3613 1179 3696 1223 ta-

2121 1261 2267 1315 bulis
2311 1269 2613 1324 exstarent,
2647 1270 3067 1316 scrutarentur:
3125 1272 3180 1316 et
3229 1263 3543 1331 sumptibus
3576 1277 3695 1315 eam

2124 1353 2179 1406 in
2213 1369 2326 1406 rem
2362 1353 2652 1422 impensis,
2711 1353 2965 1408 homines
3022 1356 3227 1423 passim
3287 1356 3380 1424 qui
3444 1356 3696 1424 exempla

2124 1445 2393 1515 ejusmodi
2453 1455 2896 1515 eomportarent,
2952 1447 3269 1516 disposuit:
3307 1447 3585 1512 videlicet,
3642 1459 3701 1502 nt

2125 1537 2172 1592 si
2205 1538 2332 1606 quis
2362 1537 2483 1592 talis
2515 1539 2858 1592 inveniretur
2893 1542 3345 1603 commentarius,
3398 1539 3464 1594 ad
3519 1541 3699 1610 ipsum

2127 1629 2448 1694 aﬂ‘erretu—r,
2484 1646 2594 1700 quo
2624 1631 2876 1702 diligenti
2907 1641 2962 1686 et
2991 1643 3247 1687 accurata
3295 1633 3700 1687 delibeiatione

437 1722 669 1774 ἐκείνων
720 1721 931 1789 avi-33a;
988 1723 1087 1790 τὴν
1134 1721 1312 1788 φλόγα
1377 1722 1485 1774 τῶν
1545 1721 2018 1792 εἰσκομισθέντων

2130 1735 2216 1774 res
2241 1720 2458 1789 disponi
2491 1732 2656 1789 atque
2685 1723 2931 1776 ordinari
2959 1733 3170 1793 posset.
3197 1725 3491 1794 Postquam
3516 1734 3698 1778 autem

437 1813 681 1882 χαρτῶν,
714 1812 812 1882 τὴν
871 1811 1084 1865 ἐκεῖθεν
1144 1811 1337 1864 σποδὸν
1410 1811 1564 1865 ὕδατι
1635 1812 2018 1882 περικλύσας,

437 1907 662 1958 ἑςπεισε
679 1905 754 1974 τῷ
773 1905 917 1975 ἀέριο
947 1904 1131 1956 τέλεον
1156 1903 1440 1970 ἀφανίζειν
1467 1903 1740 1974 ᾑρημένος
1761 1903 1857 1974 τὴν
1882 1905 2023 1973 πρᾶ-

441 1997 546 2062 ξιν,
579 1997 719 2050 ὥστε
754 1996 890 2066 μηδὲ
921 1996 1072 2049 κόνιν
1101 1998 1240 2064 μήτε
1271 2013 1323 2048 τι
1357 1996 1486 2048 ἄλλο
1513 1995 1768 2064 λείψανον
1801 1996 2022 2048 ἀπολει-

438 2091 643 2161 φθῆναι
685 2091 782 2158 τῆς
816 2089 1093 2160 πράξεως,
1149 2089 1284 2160 μηδὲ
1324 2089 1462 2158 μετὰ
1515 2091 1614 2157 τὴν
1663 2089 1884 2152 καῦσιν,
1916 2091 2020 2143 κᾶν

441 2183 671 2246 σκιῶδες
698 2199 750 2234 τι
793 2183 1032 2250 γράμμα
1062 2180 1375 2250 διαφανείη.
1408 2179 1524 2232 Ἰνα
1555 2179 1613 2231 δὲ
1647 2179 1722 2248 μὴ
1747 2181 1842 2232 ἐπὶ
1863 2182 2019 2234 τόσον

411 2267 500 2327 ’τδ
531 2276 765 2344 πρᾶγμα
793 2273 1142 2340 ὀγκώσαντες
1173 2269 1412 2341 δόξωμεν
1444 2271 1774 2340 ἠγνοηκέναι
1806 2272 1900 2322 καὶ
1929 2275 2027 2324 ὅσοι

438 2367 705 2436 ἐμπαθῶς
735 2367 784 2418 εί
812 2366 1164 2436 ἀρχαιότεροι
1205 2367 1332 2434 περὶ
1367 2364 1576 2434 ταύτης
1626 2367 1726 2432 τῆς
1771 2364 2026 2433 πράξεως

439 2458 878 2526 συνεγράψαντο,
907 2458 1303 2528 παραθήσομαι
1330 2457 1394 2525 δὴ
1415 2457 1698 2512 καὶταῦτα
1722 2473 1734 2486 ·
1760 2456 2022 2509 δεικνύων

437 2552 498 2615 ἐξ
526 2543 602 2604 ὧν
632 2551 869 2619 διῆλθον,
904 2551 978 2613 ώς
1014 2552 1121 2620 ἄρα
1162 2549 1334 2618 ψευδῆ
1377 2550 1477 2602 ὅσα
1513 2550 1640 2618 περὶ
1689 2548 1896 2617 ταύτης
1923 2548 2022 2618 τῆς

437 2645 708 2716 ἀθεμίτου
740 2647 993 2714 πράξεως
1027 2638 1376 2713 ἱστορήκασι.

2130 1829 2240 1867 non
2279 1830 2448 1883 parvo
2481 1814 2810 1884 interposito
2841 1825 3110 1886 tempore,
3145 1817 3222 1871 illi
3255 1832 3393 1886 quos
3428 1818 3493 1871 ad
3519 1817 3703 1886 inqui-

2131 1904 2298 1959 renda
2341 1907 2591 1975 exempla
2629 1908 2757 1961 talia
2799 1907 3047 1974 miserat,
3082 1909 3313 1974 reversi,
3357 1925 3420 1964 ea
3458 1926 3577 1978 qua:
3614 1911 3703 1962 in-

2132 2005 2396 2048 venerant
2448 1996 2731 2052 attulere:
2782 2014 3116 2070 magnopere
3159 1999 3503 2066 Anastasius,
3555 2004 3699 2070 quod

2130 2095 2259 2139 voto
2312 2101 2414 2139 suo
2466 2087 2679 2156 potitus
2709 2098 2882 2153 esset,
2912 2089 3127 2144 laetatus
3178 2098 3282 2144 est.
3328 2091 3394 2144 Et
3429 2107 3524 2160 per
3557 2091 3707 2144 fran-

2129 2177 2253 2232 dem
2290 2179 2476 2242 aliam,
2531 2179 2834 2248 quomodo,
2885 2190 2941 2235 et
2995 2182 3109 2248 ubi,
3158 2191 3215 2237 et
3258 2183 3402 2253 apud
3453 2199 3590 2253 quos
3641 2202 3700 2238 ea

2131 2267 2500 2335 invenissent,
2529 2280 2586 2324 et
2617 2286 2685 2324 an
2712 2271 2859 2325 aliud
2893 2281 2988 2326 aut
3018 2272 3201 2328 simile
3237 2273 3497 2342 quiddam
3521 2275 3704 2330 adhuc

2128 2363 2332 2418 alicubi
2391 2364 2665 2433 reliquum
2729 2372 2919 2426 esset,
2990 2374 3391 2434 percunctatus
3449 2380 3554 2421 est.
3623 2368 3703 2421 Illi

2129 2472 2328 2528 magno
2359 2458 2545 2512 studio
2577 2473 2633 2511 se
2667 2474 2730 2511 ea
2767 2467 3150 2527 comportasse
3186 2469 3577 2514 asseverarunt
3605 2480 3617 2514 :
3651 2475 3706 2514 (ιι

2119 2553 2479 2621 iuramento,
2539 2551 2746 2605 nullam
2814 2553 3083 2622 reliquam
3145 2557 3389 2606 chartam
3445 2555 3499 2608 in
3556 2556 3705 2607 omni

2123 2641 2341 2710 tmperii
2374 2641 2607 2708 ditione,
2649 2658 2772 2712 qua:
2799 2642 3042 2696 indicare
3070 2647 3371 2712 portorium
3420 2646 3471 2699 id
3527 2659 3710 2715 possi't

435 2749 658 2795 exstare
707 2739 1126 2793 eunlirmarunt.
1181 2736 1372 2806 Itaque
1421 2734 1748 2790 Anastasius
1825 2749 2046 2787 rursum
2089 2735 2314 2790 chartas
2394 2735 2517 2789 illas
2562 2746 2849 2806 congestas
2897 2736 2952 2790 in
2999 2737 3268 2792 ﬂammam
3322 2739 3559 2810 conjecit
3589 2781 3602 2804 ,
3654 2749 3710 2793 ct

435 2835 683 2888 cinerem
714 2847 902 2884 earum
940 2846 1079 2899 aqua
1129 2844 1492 2898 conspersum
1536 2828 1589 2881 in
1630 2841 1815 2882 aerem
1861 2826 2094 2897 sparsit,
2133 2836 2192 2882 ut
2232 2842 2322 2882 res
2353 2843 2415 2880 ea
2457 2829 2678 2896 penitus
2724 2829 3062 2894 aboleretur,
3108 2847 3284 2900 neque
3331 2841 3455 2900 post
3502 2831 3710 2885 ustuls-

440 2926 650 2982 tionem
684 2941 806 2980 eam
833 2925 919 2978 νει
944 2923 1289 2993 pulvisculus
1322 2931 1376 2976 et
1405 2921 1764 2992 reliquiarum
1788 2919 2026 2991 aliquid,
2069 2929 2166 2974 aut
2241 2921 2436 2974 umbra
2500 2921 2664 2974 etiatn
2697 2921 2897 2976 littera:
2932 2923 3183 2995 alicujus,
3227 2925 3294 2978 de
3323 2941 3381 2979 re
3419 2934 3524 2978 tam
3560 2924 3711 2978 neta-

444 3023 529 3078 ria
575 3020 720 3091 apud
769 3027 1019 3089 posteros
1067 3027 1332 3071 exstaret.
1401 3016 1601 3071 Verum
1670 3015 1957 3070 enimvero
2002 3031 2092 3078 ne,
2137 3014 2268 3069 dum
2326 3015 2532 3069 factum
2598 3017 2700 3070 hoc
2763 3026 3051 3087 tantopere
3110 3019 3406 3084 cﬂerimns,
3459 3020 3712 3090 ignorare

442 3117 758 3177 videantur,

441 3211 928 3265 demonstraturus
979 3219 1045 3257 ex
1103 3203 1351 3273 ipsorum
1420 3202 1604 3257 verbis

441 3311 597 3358 runt.

1019 3414 1273 3467 ΚΕΦΛΛ.
1322 3409 1458 3465 MA’.

453 3513 765 3577 Ἀπότασις
816 3509 967 3575 πρὸς
1016 3509 1122 3560 τὸν
1170 3503 1520 3577 συγγραφέα
1572 3504 1880 3572 Ζώσιμον·
1930 3498 2025 3577 οζα

513 3584 665 3650 πρὸς
691 3574 800 3650 τῦν
819 3574 889 3632 ἐκ
904 3577 1283 3650 βασιλεῦσιν
1323 3575 1597 3650 ᾀοίδιμον
1644 3574 2019 3626 Κιυιοσταντῐ-

516 3644 629 3707 νον
642 3644 990 3725 Ἀπέσκωψε
1006 3644 1500 3714 βλασφημήσας.

513 3767 766 3836 Ζώσιμος
795 3763 908 3834 γὰρ
950 3765 978 3816 ὁ
1007 3763 1110 3832 τὴν
1147 3758 1475 3831 Ἑλληνικὴν
1531 3759 1836 3828 θρησκείαν
1881 3759 2029 3828 μάλα

446 3857 790 3928 πρεσϐεύων,
837 3856 1244 3924 Κωνσταντίνῳ
1293 3851 1373 3921 τῷ
1421 3851 1519 3920 τῆς
1556 3850 1841 3912 εὐσεϐείας
1889 3867 2031 3921 προ-

447 3955 607 4022 μάχῳ
639 3951 730 4004 καὶ
759 3947 990 4019 ἀρχηγῷ
1015 3947 1114 4016 τῆς
1141 3945 1376 4006 πίστεως
1405 3942 1620 4012 βασιλεῖ
1639 3941 1893 4011 μηνίσας,
1915 3943 2029 3995 ὅτι·

448 4060 554 4112 περ
580 4044 642 4093 ἐκ
675 4041 770 4108 τῆς
796 4041 904 4091 τῶν
937 4037 1174 4089 εἰδώλων
1207 4034 1458 4104 λατρείας
1519 4036 1600 4096 είς
1629 4033 1729 4103 τὴν
1766 4031 2033 4102 Χριστια-

443 4137 554 4189 νῶν
610 4132 980 4203 μεταϐὰλλετο
1013 4129 1248 4192 πίστιν,
1303 4128 1401 4196 τὴν
1459 4127 1686 4178 ἐκείνων
1743 4126 2031 4197 βδελυρίαν

445 4223 788 4286 καταλιπὼν,
823 4222 1028 4290 ἱστορεῖ
1059 4215 1426 4288 βλασφημῶν,
1451 4214 1526 4276 ώς
1553 4213 1717 4275 αὐτὸς
1754 4213 1966 4276 ἐκεῖνος
1999 4213 2028 4263 ὁ

448 4318 888 4376 Κωνσταντῖνος,
919 4312 1137 4382 πρῶτος
1171 4310 1274 4379 τὴν
1327 4307 1422 4361 τοῦ
1459 4305 1864 4376 Χρυσαργύρου
1917 4305 2032 4359 εἴσ-

446 4409 648 4479 πραξ.ν
688 4409 1011 4475 ἐπινοήσας,
1065 4404 1209 4456 κατὰ
1244 4400 1643 4471 τετριετηρίδα
1702 4398 2031 4466 εἰσάγεσθαι

443 4505 507 4556 τὸ
538 4502 781 4556 τοιοῦτον
811 4502 1096 4569 αἴσχιστον
1133 4497 1283 4558 τέλος
1306 4493 1641 4564 ἐνομοθέτει.
1674 4495 1750 4545 Οὐ
1787 4493 1945 4546 τοῦτο
1973 4494 2028 4546 δὲ

449 4599 610 4667 μόνον
656 4595 748 4646 τὸν
795 4591 998 4660 εὐσεϐῆ
1044 4590 1138 4642 καὶ
1197 4586 1580 4657 μεγαλόδωρον
1627 4585 2028 4656 ἐϐλασφήμησε

444 4685 698 4757 βασιλέα,
734 4683 871 4736 ἀλλὰ
907 4683 1001 4734 καὶ
1019 4679 1133 4743 ἀλλ’
1165 4679 1301 4732 ἄττα
1333 4675 1638 4730 ἁνύποιστα
1677 4675 1818 4728 κατὰ
1850 4675 2031 4742 πάσης

443 4782 641 4848 τέχνης
677 4778 876 4844 δρᾶσαι
926 4774 1023 4826 καὶ
1059 4773 1380 4842 ἐπιστήμης
1403 4785 1417 4800 .

447 4873 719 4942 Κρίσπον,
735 4870 922 4939 φησὶν,
941 4865 1327 4934 ἀπανθρώπως
1355 4863 1557 4916 ἀνεῖλε·
1581 4861 1830 4914 Φαύσταν
1854 4861 1909 4913 δὲ
1933 4861 2031 4929 τὴν

447 4963 587 5014 ἰδίαν
621 4959 891 5030 γαμετὴν,
925 4957 1196 5028 βαλανείῳ
1227 4956 1413 5023 ἄκρως
1449 4951 1830 5023 ἐκπυρωθέντι
1857 4952 2032 5020 ἀσφα-

443 5052 1083 5120 λισάμενοηδιαφθεῖραι
1106 5067 1118 5079 ·
1143 5047 1237 5102 τοῦ
1269 5048 1324 5100 δὲ
1345 5063 1602 5099 τοσουτου
1633 5045 1800 5114 ἄγους
1825 5046 2034 5112 κάθαρ-

448 5165 531 5200 σιν
563 5144 900 5214 ἐκζητούνια
937 5144 1088 5212 παρᾶ
1122 5142 1237 5192 τῶν
1275 5139 1549 5208 Ἑλλήνων
1597 5139 1790 5208 ἱερέων
1824 5139 1916 5190 καὶ
1955 5137 2028 5205 μὴ

443 5241 793 5308 εὑρίσκοντα,
849 5234 1138 5301 Αἰγυπτίῳ
1189 5231 1348 5300 ἀνδρὶ
1409 5233 1656 5300 ἐντυχεῖν
1706 5231 1764 5295 ἐξ
1799 5229 2030 5297 Ἰϐήρων

445 5331 634 5400 ἥκοντι
657 5344 673 5359 ο
705 5327 1017 5380 ἀκούσαντα
1047 5325 1105 5377 δὲ
1160 5326 1291 5393 παρ’
1330 5321 1539 5376 ἐκείνου
1575 5322 1649 5384 ὡς
1685 5324 1718 5391 ή
1754 5323 1860 5374 τῶν
1895 5321 2043 5388 Χριτ

450 5417 686 5472 στιανῶν
725 5417 908 5478 πίστις
942 5415 1263 5486 ἁμαρτάδας
1299 5413 1482 5482 πάσης
1518 5413 1820 5480 εἰσηγεῖται
1877 5410 2031 5463 ἀναί-

523 5603 599 5668 (ι)
632 5601 789 5656 Κατά
849 5599 1028 5674 πάσης
1059 5595 1299 5665 ἐξευρεῖν
1336 5591 1530 5661 sing,
1573 5588 1675 5643 hoc
1709 5599 1809 5656 est,
1867 5596 2052 5641 contra
2129 5605 2305 5645 omnes

455 5671 708 5742 ςενσεν.)
758 5681 762 5686 ’

847 3127 970 3181 qua:
1033 3121 1246 3164 veteres
1305 3111 1472 3163 etiam
1537 3108 1830 3163 aﬂcctibus
1881 3108 2062 3172 ducti,
2107 3109 2208 3163 hac
2266 3108 2334 3164 de
2397 3122 2456 3162 re
2523 3109 2904 3179 scripserunt,
2956 3125 3022 3164 ea
3083 3112 3196 3180 ipsa
3249 3111 3358 3166 huc
3442 3115 3711 3177 aﬂeram,

1703 3202 1837 3256 falsa
1873 3217 2021 3271 ,essc
2049 3241 2065 3267 ,
2105 3217 2227 3271 qua:
2311 3203 2379 3257 de
2432 3201 2664 3256 nefanda
2704 3203 2807 3257 hac
2839 3196 3123 3258 exactione
3171 3207 3448 3260 memoria:
3482 3212 3715 3262 litanda--

2625 3403 2788 3473 720
2819 3402 3046 3460 CAPUT
3083 3405 3218 3460 xu.

2135 3498 2402 3569 Digressio
2429 3497 2499 3569 ad
2525 3495 2841 3569 Zosimum“:
2872 3513 2990 3566 τινα»
3023 3500 3066 3551 is
3101 3501 3154 3550 in
3188 3501 3572 3568 imperulorum
3603 3523 3713 3558 om-

2205 3565 2353 3642 nium
2374 3567 2766 3642 celeberrimum
2789 3565 3198 3642 Constantinum
3227 3565 3318 3639 per
3332 3570 3713 3642 blasphemiam

2203 3638 2388 3691 acerbe
2418 3646 2466 3691 et
2498 3635 2869 3689 amarulenter
2897 3637 3198 3694 delorserit.

2203 3751 2459 3806 Zosimus
2491 3751 2662 3817 enim,
2705 3751 3089 3820 superstitioni
3134 3752 3341 3810 Graecae
3393 3772 3556 3825 quam
3595 3775 3713 3813 ma-

2134 3845 2278 3898 xime
2299 3843 2574 3909 addictus,
2600 3845 2652 3897 in
2681 3845 3104 3900 Constantinum
3133 3847 3544 3916 imperatorem,
3573 3867 3714 3906 vet-ie

2133 3937 2356 4006 pietatis
2406 3949 2873 4006 propugnatorem
2937 3949 2995 3993 et
3048 3939 3174 3994 ﬁdei
3223 3941 3439 4006 ducem,
3482 3946 3627 4012 quod
3667 3946 3712 3998 is

2133 4032 2203 4085 ab
2236 4032 2508 4086 idolorum
2541 4031 2692 4086 cultu
2724 4031 2792 4087 ad
2835 4033 3277 4089 Christianorum
3311 4035 3498 4100 tidem,
3550 4039 3710 4092 dete-

2136 4124 2330 4176 standa
2364 4139 2564 4178 eorum
2597 4125 2981 4179 exsecratione
3025 4126 3246 4192 relicta,
3296 4127 3538 4192 transiit,
3575 4131 3714 4183 male

2134 4217 2429 4278 animatus,
2452 4234 2550 4287 per
2571 4217 2966 4286 blasphemiam
2998 4219 3225 4288 scriptis
3245 4223 3548 4284 mandavit,
3570 4238 3710 4280 ,euni

2135 4306 2377 4376 primum
2407 4307 2754 4362 exactionem
2784 4309 2880 4360 τοῦ
2921 4310 3338 4381 χρυσαργύρου,
3369 4316 3716 4383 aurargentui

2139 4400 2330 4454 tributi
2367 4403 2666 4465 invenisse,
2704 4415 2761 4458 et
2791 4413 2853 4458 ut
2880 4416 3079 4472 quarto
3110 4420 3330 4475 quoque
3358 4423 3505 4461 anno
3531 4409 3718 4462 {tedis-

2136 4494 2336 4548 simum
2370 4495 2421 4548 id
2467 4497 2693 4565 vectigal
2725 4498 3060 4566 penderetur
3092 4501 3467 4554 constituisse.
3503 4499 3704 4555 Verum

2137 4601 2245 4640 non
2275 4588 2387 4641 haec
2418 4589 2505 4640 ille
2537 4599 2746 4642 tantunt
2775 4591 3066 4644 maledicta
3101 4593 3154 4645 in
3182 4594 3331 4660 pium
3391 4595 3716 4664 magnisque

2138 4679 2366 4733 dotibus
2417 4690 2678 4732 ornatum
2742 4681 3048 4750 principem
3100 4683 3356 4752 conjeeil,
3403 4685 3499 4737 sed
3551 4689 3716 4738 etiam

1461 4769 1556 4822 καὶ
1589 4769 1680 4821 τὸν
1717 4768 1817 4837 μὲν
1863 4768 2024 4820 παῖδα

2137 4771 2242 4825 alia
2278 4771 2514 4840 plurima
2554 4772 2924 4838 intoleranda,
2953 4773 3210 4828 eumdem
3241 4784 3434 4828 contra
3483 4785 3628 4829 artes
3661 4787 3718 4830 et

2144 4862 2405 4918 scientias
2433 4879 2627 4917 omnes
2654 4863 2851 4918 fecisse
2883 4864 2982 4932 (l),
3022 4874 3075 4918 ct
3109 4863 3362 4934 Crispum
3401 4865 3568 4918 [ilium
3594 4883 3720 4918 cru-

2145 4952 2342 5006 deliter
2369 4953 2739 5008 interfecisse.
2781 4954 3034 5008 Faustam
3069 4956 3198 5009 item
3242 4957 3532 5026 coniugem
3561 4973 3716 5011 suatn

2138 5045 2338 5123 balneo
2383 5045 2450 5098 ad
2495 5060 2768 5098 sunnnmn
2804 5045 3071 5100 calefacto
3113 5047 3376 5101 inclusam
3445 5064 3710 5102 enecasse

2139 5134 2292 5188 dicit.
2347 5134 2415 5188 Et
2463 5151 2587 5188 cum
2628 5137 2761 5190 tanti
2797 5136 2986 5207 ﬂagitii
3024 5134 3393 5208 expiationem
3440 5142 3585 5209 apud
3629 5157 3720 5194 sa-

2140 5225 2398 5279 cerdotes
2449 5227 2666 5281 Grazcos
2717 5229 3027 5296 vltra-sisset,
3079 5247 3257 5299 neque
3303 5233 3626 5298 invenisset,
3662 5232 3716 5285 in

2138 5317 2454 5388 IEgyptinm
2489 5323 2783 5388 quemdam
2830 5324 3031 5388 virum,
3069 5340 3133 5378 ex
3173 5326 3347 5378 Iberia
3383 5325 3717 5384 venientem,

2142 5427 2268 5465 eum
2304 5412 2592 5478 incidisse,
2649 5428 2701 5468 et
2732 5415 2800 5470 ab
2829 5431 2895 5470 co
2936 5417 3081 5486 quod
3111 5417 3552 5470 Christianorum
3586 5415 3718 5467 [ilics

2396 5597 2628 5649 omnium
2723 5600 2963 5666 [artiums
3060 5596 3264 5666 ali/ttiJ

2723 5600 2963 5666 [Jl'titttfls
3060 5599 3264 5666 ali/ttiJ
3359 5599 3702 5667 excogitasse.
