4094 6202
424 205 531 269 307

1666 207 2083 301 NiCEPllORl
2130 214 2471 279 CALLISTI

3594 226 3707 293 203

386 302 391 307 ’
424 324 785 385 peccatorum
820 314 1070 370 omnium
1108 315 1472 383 abolitionem
1510 315 1821 387 induceret,
1850 320 2006 373 audi-

2121 340 2293 393 ρεσιν.
2326 325 2657 394 peresam-1
2701 325 2902 390 εύθύςο
2944 326 3040 380 καὶ
3093 326 3196 397 τὴν
3231 328 3500 398 πατρῴαν
3550 331 3710 400 νόμι-

434 414 620 465 visse:
654 409 1000 481 proindeque
1030 410 1277 466 animum
1314 411 1502 465 statim
1547 412 1871 477 mutavisse,
1917 428 2015 484 pa-

434 504 598 557 triam
626 503 948 573 opinionem
978 512 1036 557 et
1083 504 1357 559 idolorum
1392 503 1476 575 (ut
1513 503 1604 558 ille
1656 504 1859 573 inquit)
1894 506 2013 559 cul-

427 606 547 649 tum
611 596 915 666 reiecisse.
976 606 1033 651 et
1087 595 1536 653 Christianorum
1593 611 1750 653 sacra
1822 612 2015 653 susce-

423 687 612 756 pisse,
679 689 873 745 refert.
939 688 1215 745 Cancrum
1277 689 1422 745 falso
1489 689 1609 744 inec
1683 689 1963 745 Zosimum
1996 728 2012 753 ,

426 779 712 835 calumnia
791 782 1186 852 imperatorem
1267 797 1528 853 maguum
1589 780 1852 853 sugillare
1917 796 2016 835 vo-

428 871 681 955 lentem,
746 873 1080 944 scripsisse,
1154 888 1255 943 per
1321 873 1757 929 confutatiouem
1827 888 2011 928 veram

422 965 736 1021 ostendam.
776 966 884 1023 Sed
934 967 1004 1023 de
1047 965 1434 1038 Aurargenteo
1462 966 1717 1037 vectigali
1770 967 2012 1037 primum

423 1058 635 1113 dicam.
674 1070 679 1083 '

995 1150 1224 1209 CAPUT
1276 1148 1441 1207 XLII.

1042 1258 1124 1297 ua:
1181 1242 1245 1296 de
1299 1241 1593 1312 apostolica
1665 1238 2013 1296 Conuantt'no

425 1242 698 1314 Refntatio
759 1257 942 1297 eorum

1035 1313 1232 1368 osinius
1270 1314 1427 1368 dixit.

497 1423 557 1478 In
595 1423 856 1486 historia,
895 1421 1065 1477 homo
1095 1421 1353 1484 exitiose.
1400 1424 1694 1488 memoras,
1730 1423 1877 1493 quod
1918 1424 2012 1479 ille

426 1519 622 1574 urbem
673 1516 835 1571 aliam
888 1512 1157 1570 Romanae
1203 1515 1439 1570 similem
1497 1516 1740 1572 condere
1798 1517 2009 1579 volens,

425 1609 666 1675 primum
696 1606 842 1661 inter
862 1605 1133 1661 Troadem
1158 1615 1214 1661 et
1245 1605 1402 1660 ilium
1430 1606 1637 1669 locum,
1658 1608 1829 1662 veluti
1853 1610 2008 1677 operi

427 1702 688 1757 instituto
742 1698 1026 1764 idoneum,
1079 1697 1336 1765 cmperit,
1386 1696 1745 1753 fundamenta
1789 1701 2005 1769 jecerit,

423 1803 724 1849 etmurum
758 1804 927 1860 supra
956 1798 1159 1844 terram
1198 1789 1480 1843 extulerit.
1504 1789 1798 1859 Postquam
1821 1799 2008 1845 autem

426 1885 752 1957 Byzantium
782 1880 1131 1936 commodius
1156 1895 1281 1935 esse
1308 1882 1600 1951 comperit,
1630 1882 1862 1936 consilio
1891 1898 2009 1936 mu-

426 1985 563 2037 tato.
596 1973 791 2029 urbem
823 1986 945 2027 eam
982 1971 1244 2027 celeriter
1275 1971 1553 2026 menibus
1601 1971 1777 2025 firmis
1816 1972 2007 2026 cinxe-

426 2067 523 2134 rit,
557 2066 886 2136 magnisque
920 2065 1171 2118 turribus
1197 2077 1366 2132 Opere
1410 2063 1573 2133 longe
1619 2068 1839 2132 lateque
1875 2078 2007 2133 pro-

424 2160 621 2222 ducto,
653 2167 710 2212 et
742 2168 852 2211 tam
894 2156 1144 2226 pulchris
1177 2154 1507 2224 porticibus,
1552 2156 1789 2226 aliisque
1834 2155 2007 2210 asdifi-

427 2252 533 2307 ciis
564 2251 638 2305 ita
667 2248 974 2312 cxoruarit,
997 2248 1156 2317 721
1185 2257 1246 2303 ut
1276 2246 1463 2301 Itonia:
1496 2263 1555 2301 re
1584 2248 1730 2302 nulla
1762 2249 2005 2313 cederet,

425 2359 549 2414 qua
581 2353 861 2396 tantorum
893 2347 1348 2408 ornamentorum
1370 2348 1427 2393 et
1457 2339 1841 2394 atntruitatum
1875 2356 2007 2411 pau-

424 2437 581 2490 latim
633 2436 797 2489 anuis
854 2432 1112 2504 plurimis
1177 2430 1521 2485 incrementa
1586 2432 1756 2499 Ct‘pil.
1812 2432 2009 2488 ltefers

421 2527 620 2590 etiam,
671 2525 893 2595 publice
955 2538 1084 2578 eum
1139 2522 1404 2577 frumenti
1457 2531 1715 2587 tesseras,
1776 2533 1832 2577 et
1886 2524 2005 2578 auri

426 2619 685 2683 multum,
726 2617 808 2672 eis
832 2617 925 2687 qui
955 2631 1013 2671 se
1039 2631 1108 2669 eo
1147 2614 1532 2676 contulissent,
1565 2612 1631 2668 ad
1667 2614 2005 2682 privatarum

426 2711 628 2767 aedium
658 2719 996 2763 structuram
1026 2707 1284 2766 donasse.
1321 2705 1471 2760 Inter
1503 2706 1611 2759 alia
1644 2706 1759 2759 lucc
1786 2721 2005 2775 quoque

425 2803 508 2857 sic
556 2801 797 2855 scribis:
844 2820 860 2850 ι
919 2797 1288 2853 Constantino
1336 2807 1577 2861 mortuo,
1628 2796 1696 2850 ad
1738 2796 2007 2852 Constan-

426 2894 563 2948 tium
600 2893 771 2946 lilium
820 2893 962 2962 ejus,
1014 2900 1139 2960 post
1193 2890 1429 2944 fratrum
1479 2890 1728 2960 ejusdem
1764 2892 2002 2953 obitum,

2118 431 2206 469 σιν
2264 416 2610 486 ἁθετὴσαντα
2665 418 2782 471 τῶν
2824 417 3096 480 εἰδώλων,
3144 420 3220 479 ὡς
3268 420 3479 480 ἐκεῖνός
3530 438 3705 491 φησι,

2119 510 2220 579 τὴν
2298 510 2648 579 Χριστιανῶν
2729 510 3031 580 θρησκείαν
3101 511 3345 566 ἑλέσθαι.
3417 513 3563 564 Ἀλλ’
3624 514 3706 565 ὅτι

2117 600 2293 652 ταῦτα
2328 600 2541 668 ψευδῶς
2595 602 2851 670 ἱστόρησε
2881 599 3199 653 διαϐάλλειν
3248 600 3341 652 τὶν
3375 600 3551 668 μέγαν
3579 616 3706 652 πει-

2120 693 2408 762 ρώμενος,
2468 695 2532 745 ἐκ
2587 693 2681 746 τοῦ
2745 695 2973 762 ἐλέγχου
3039 693 3347 763 κατάδηλον
3406 693 3699 757 ἀποδείξω.

2129 786 2291 838 Ἀλλὰ
2313 788 2444 857 περὶ
2476 785 2573 839 τοῦ
2617 786 3030 857 Χρυσαργύρου
3077 785 3297 856 πρῶτόν
3333 802 3418 839 σοι
3460 786 3703 847 διαλέξο-

2121 898 2248 949 μα..

2652 1144 2906 1200 ΚΕΦΑΛ.
2956 1145 3094 1199 MB’.

2129 1234 2454 1305 Ἀνατροπὴ
2488 1235 2608 1290 τῶν
2642 1236 2976 1303 ειρημένων
2994 1235 3247 1302 Ζωσιμφ
3293 1234 3394 1290 διὰ
3432 1237 3544 1292 τὸν
3565 1240 3697 1293 lca-

2490 1309 2801 1362 πόστολον
2826 1306 3316 1362 Κωνσταντῖνον.

2187 1418 2259 1470 Σ)
2280 1418 2407 1487 ιρῂς,
2429 1416 2705 1485 ἀλιτήριε,
2726 1416 2803 1486 τῷ
2825 1416 3242 1487 συγγράμματι,
3261 1416 3337 1482 ὡς
3354 1414 3511 1470 πόλιν
3526 1418 3695 1489 ἄλλην

2118 1511 2243 1579 ῐσην
2268 1512 2335 1580 τῇ
2377 1508 2564 1581 Ῥώμῃ
2593 1510 2809 1577 ἐγεῖραι
2841 1507 3192 1578 βουλόμενος,
3225 1510 3447 1578 πρῶτον
3484 1510 3584 1580 μὲν
3616 1511 3693 1573 ὡς

2116 1601 2431 1672 ἐπιτήδειον
2456 1601 2707 1667 οἰόμενος
2733 1601 2826 1653 τὸν
2857 1600 3063 1669 μεταξὺ
3098 1602 3357 1672 Τρῳάδος
3401 1603 3499 1656 καὶ
3531 1603 3689 1656 Ἰλίου

2113 1694 2277 1745 τόπον
2337 1693 2473 1762 πρὸς
2513 1693 2573 1751 τὸ
2632 1692 2893 1758 δέξασθαι
2946 1694 3039 1746 τὸν
3095 1695 3320 1757 σκοπὸν,
3366 1693 3595 1763 θεμέλιά
3627 1711 3690 1747 τε

2113 1784 2349 1853 ἑπήγνυ,
2383 1786 2478 1840 καὶ
2511 1786 2572 1836 τὸ
2615 1787 2796 1854 τεῖχος
2842 1786 2943 1852 τῆς
2988 1785 3096 1855 γῆς
3135 1785 3369 1855 ἐξαίρων
3395 1787 3691 1855 ἔπραττεν.

2121 1874 2211 1939 '0;
2237 1876 2282 1929 δ’
2306 1877 2754 1949 ἐπιτηδειότερον
2779 1878 2847 1929 τὸ
2877 1875 3178 1940 Βυζάντιον
3205 1873 3355 1946 εὗρε,
3392 1879 3694 1948 μεταθέμε-

2111 1984 2202 2030 νος
2224 1967 2322 2036 τὴν
2345 1967 2608 2035 σπουδὴν,
2642 1969 2839 2021 θᾶττον
2866 1969 3072 2037 τείχεσι
3095 1970 3348 2040 στερροῖς
3371 1985 3436 2021 πε
3444 1969 3687 2040 ριὲὅαλε,

2110 2061 2208 2114 καὶ
2256 2060 2515 2129 μεγάλοις
2552 2059 2788 2129 πύργοις
2830 2059 3077 2130 εὐρύνων
3125 2061 3208 2124 είς
3244 2062 3547 2131 μήκιστον·
3595 2065 3692 2117 καὶ

2107 2150 2352 2219 τοσούτῳ
2405 2151 2591 2204 κάλλει
2626 2150 2803 2204 στοῶν
2853 2152 2953 2205 καὶ
2992 2151 3449 2221 οἰκοδομημάτων
3481 2153 3690 2223 ταύτην

2109 2239 2455 2311 ἑφαίδρυνεν,
2482 2240 2559 2304 ὡς
2608 2243 2715 2311 τῆς
2747 2241 2972 2311 Ῥώμης
3012 2243 3139 2293 κατ’
3173 2242 3329 2295 οὐδὲν
3377 2241 3688 2306 λείπεσθαι,

2109 2329 2410 2394 τοσαύταις
2439 2333 2631 2402 χάρισι
2662 2334 2776 2395 τοῖς
2805 2334 2949 2386 κατὰ
2983 2331 3181 2403 μικρὸν
3209 2333 3388 2387 ἔτεσιν
3432 2333 3692 2404 αὐξηθείς-

2113 2439 2180 2491 ση
2201 2442 2235 2477 ·.
2283 2423 2539 2493 Ἰστορείς
2565 2424 2608 2477 δ’
2641 2424 2716 2487 ὡς
2756 2424 2852 2478 καὶ
2886 2425 3088 2478 σίτισιν
3119 2428 3189 2495 τῇ
3235 2427 3390 2479 πόλει
3423 2426 3693 2495 δημοσίαν

2108 2513 2395 2584 ἀπένειμε,
2430 2517 2529 2567 καὶ
2557 2514 2693 2568 πολύ
2728 2515 2778 2567 si.
2813 2514 3022 2584 χρυσοῦ
3051 2518 3168 2579 τοῖς
3216 2516 3368 2586 αύτῷ
3394 2518 3443 2570 οἱ
3476 2518 3691 2585 ἑπομέ-

2108 2620 2220 2665 νοις
2251 2608 2309 2667 ὲς
2354 2604 2705 2673 κατασκευὴν
2743 2603 2891 2657 ἰδίων
2923 2606 3095 2658 οἴκων
3139 2604 3527 2676 ἁπεχαρῖζετο.
3564 2604 3689 2656 Ἐπὶ.

2109 2694 2355 2763 ῥήματος
2381 2694 2440 2746 δὲ
2463 2693 2557 2746 καὶ
2573 2692 2746 2745 ταῦτα
2778 2692 3158 2762 προσγράφεις
3178 2708 3193 2723 ο
3219 2710 3241 2744 ι
3271 2692 3687 2747 Κωνσταντίνου

2106 2785 2557 2855 τελευτήσαντος,
2593 2786 2650 2847 ἐς
2681 2786 3071 2838 Κωνστάντιον
3098 2785 3193 2838 τὸν
3221 2784 3387 2838 αὐτοῦ
3423 2785 3591 2839 παῖδα
3618 2786 3689 2838 τὰ

2109 2878 2415 2950 πράγματα
2439 2878 2773 2947 περιελθεῖν,
2802 2878 2940 2946 μετὰ
2961 2878 3192 2931 θάνατον
3212 2882 3327 2931 τοῖν
3345 2877 3513 2932 αὐτοῦ
3536 2878 3690 2931 ἀδελ-

422 3002 613 3041 rerum
662 2999 877 3039 summa
912 2984 1185 3053 pervenit.
1220 2984 1401 3052 Atque
1433 2983 1525 3038 ubi
1567 2981 1914 3051 Magnentius
1947 2990 2003 3037 et

2110 2973 2232 3039 φοῖν
2252 2986 2267 3002 ·
2295 2970 2391 3024 καὶ
2434 2970 2507 3031 ὡς
2538 2969 2881 3037 Μαγνεντίου
2909 2970 3006 3021 καὶ
3047 2969 3452 3039 Βρεταννίωνος
3481 2986 3686 3039 τυραν-

422 3079 720 3136 Britannio
758 3077 1109 3151 tyrannidem
1141 3078 1453 3145 arripuere,
1490 3076 1850 3145 persuasione
1867 3075 2004 3130 Con-

423 3173 663 3228 stantius
696 3170 1112 3225 Britanuionem
1140 3169 1195 3224 in
1224 3178 1550 3240 potestatem
1586 3184 1739 3223 suam
1771 3168 2001 3240 redegit.

423 3267 560 3322 Cum
604 3267 749 3319 enim
784 3278 852 3324 ex
900 3271 1134 3333 utraque
1168 3272 1323 3332 parte
1371 3260 1652 3315 exercitus
1707 3261 1886 3315 coacti
1920 3276 2008 3316 es-
2070 3320 2075 3325 ,

423 3368 571 3420 sent,
616 3355 974 3411 titiiistantius
1019 3370 1122 3425 pro
1165 3353 1460 3419 concione,
1517 3353 1784 3408 militibus
1827 3353 2006 3423 patris

421 3464 555 3519 erga
582 3463 682 3503 eos
711 3448 797 3502 sui
833 3446 1223 3502 liberalitatem
1252 3446 1308 3499 iu
1343 3446 1665 3501 memoriam
1700 3446 2001 3511 revocavit,

424 3556 552 3594 eum
584 3556 695 3610 quo
724 3539 865 3593 bella
890 3539 1059 3592 multa
1088 3537 1409 3608 gessissent,
1438 3537 1693 3591 maximis
1713 3537 1781 3592 ab
1811 3538 2003 3593 eodem

424 3633 774 3689 colionestati
827 3632 1007 3685 dunis.
1060 3631 1118 3685 Id
1164 3647 1297 3685 veru
1331 3630 1425 3685 ubi
1473 3631 1680 3685 milites
1720 3630 2001 3695 audivere,

425 3724 675 3778 detracta
736 3722 1079 3776 llritannioni
1131 3735 1411 3790 purpurea
1466 3730 1641 3781 veste.
1700 3719 1755 3774 in
1804 3720 2002 3789 privati

427 3813 676 3868 hominis
732 3811 922 3865 habita
959 3826 1085 3865 cum
1139 3810 1207 3864 ad
1254 3802 1641 3864 Constantium
1700 3809 2001 3865 abduxere.

424 3907 604 3973 Atque
644 3905 691 3957 is
723 3903 858 3956 ιιίιιίΙ
890 3918 949 3957 sc
982 3904 1269 3971 indignum
1302 3917 1515 3971 passus,
1552 3904 1646 3957 sed
1677 3919 1707 3957 a
1734 3901 2004 3966 Constant:

425 3998 505 4054 tio
536 4007 791 4051 servatus
820 4006 927 4058 est,
958 4011 1083 4050 cum
1116 3995 1172 4049 in
1203 3994 1358 4048 illutn
1403 4003 1461 4049 et
1504 4005 1713 4062 patrem
1738 3995 1860 4065 ejus
1891 4010 2001 4048 ma-

424 4089 629 4146 ledicta
659 4088 828 4143 multa
859 4088 1108 4157 iecisset.
1153 4105 1173 4138 ι
1219 4085 1412 4156 Itaque
1456 4097 1509 4141 te
1560 4101 1714 4156 rogo,
1743 4101 1908 4156 quem
1938 4085 2007 4141 li-

426 4181 661 4247 beralite
686 4190 743 4234 et
774 4178 1154 4234 munificentia
1182 4185 1330 4231 tanta
1356 4177 1604 4247 gavisum
1635 4191 1756 4231 esse
1787 4174 2001 4240 scribis,

424 4270 708 4340 quomodo
753 4284 949 4323 rursus
992 4265 1251 4323 eumdem
1291 4275 1400 4320 tam
1442 4265 1732 4321 sordidum
1776 4273 1830 4320 et
1871 4280 2004 4319 ava-

2108 3062 2398 3131 νὴσαντος,
2449 3062 2631 3114 πειθοῖ
2667 3062 2759 3114 τὸν
2818 3061 3197 3130 Βρεταννίωνα
3261 3062 3532 3131 μετῆλθεο
3590 3062 3688 3115 καὶ

2109 3154 2316 3222 ἀμφοῖν
2371 3156 2485 3207 τοῖν
2529 3154 2923 3223 στρατοπέδοιν
2969 3155 3335 3214 ἁλισθέντοιν,
3394 3154 3614 3224 πρῶτος
3658 3156 3689 3208 δ

2109 3243 2494 3310 Κωνστάντιος
2514 3245 3053 3316 δημηγορήσας,τῆς
3085 3246 3180 3299 τοῦ
3225 3245 3433 3317 πατρὸς
3492 3246 3690 3316 ἀνεμί-

2111 3354 2320 3407 μνησκε
2345 3338 2467 3401 τοὺς
2503 3337 2841 3407 στρατιώτας
2865 3337 3180 3408 φιλοτιμίας
3196 3353 3212 3368 ο
3247 3337 3368 3408 μεθ’
3385 3329 3445 3391 οὗ
3461 3338 3549 3389 πο)
3561 3337 3689 3401 λοὶς

2109 3428 2384 3497 πολέμους
2416 3428 2729 3496 διεπόνησε,
2754 3429 2849 3482 καὶ
2883 3428 3171 3497 μεγίσταις
3197 3428 3542 3498 ἐτιμήθησαν
3567 3430 3688 3491 ταῖς

2106 3519 2338 3589 δωρεαῖς
2362 3535 2377 3549 ’
2403 3520 2499 3573 καὶ
2526 3519 2600 3581 ὡς
2627 3518 2835 3571 τούτων
2860 3519 3103 3589 ἕλκουσαν
3134 3521 3183 3572 οἱ
3210 3518 3567 3588 στρατιῶται,
3589 3521 3681 3569 τὸν

2109 3608 2491 3678 Βρεταννίωνα
2518 3608 2950 3679 περιδυσάμενοι
2980 3608 3078 3679 τὴν
3109 3609 3337 3681 ὲσθῆτα,
3376 3611 3434 3662 ὲν
3473 3607 3685 3661 ίδιώτου

2110 3703 2353 3772 σχήματι
2387 3701 2759 3770 Κωνσταντίῳ
2792 3701 3144 3770 παρήγαγον.
3187 3700 3247 3753 '0
3277 3700 3335 3753 δὲ
3374 3700 3539 3770 μηξὲν
3560 3701 3689 3752 ἄτο-

2108 3813 2211 3859 πον
2264 3792 2574 3858 πεπονθὼς,
2625 3793 2914 3857 διεσώζετο
2971 3793 3109 3863 πρὸς
3169 3793 3577 3848 Κωνσταντίου.
3627 3792 3689 3847 δν

2104 3884 2321 3939 τοσαῦτ’
2367 3886 2802 3956 ἔσλασφήμησας
2834 3885 2974 3954 μετὰ
3020 3883 3117 3938 τοῦ
3153 3886 3383 3955 πατρός.
3425 3903 3447 3936 ι
3491 3884 3688 3938 Τοίνυν

2106 3977 2377 4048 ἐρήσομαί
2405 3993 2489 4043 σε,
2523 3977 2639 4040 πῶς
2667 3978 2727 4030 ὃν
2764 3978 2940 4042 ἀξιοῖς
2976 3977 3065 4031 τὸν
3095 3974 3241 4030 οὕτω
3270 3974 3559 4047 φιλοτιμίᾳ
3588 3979 3688 4029 καὶ

2109 4071 2496 4142 μεγαλοδωρεᾷ
2529 4072 2814 4141 χαίροντα,
2863 4070 3028 4125 πάλιν
3074 4070 3165 4124 τὸν
3195 4070 3358 4123 αὐτὸν
3380 4069 3526 4123 οὓτω
3556 4087 3687 4139 σμι-

2105 4166 2368 4235 κρολόγον
2401 4160 2543 4218 εἶναι
2575 4163 2671 4216 καὶ
2715 4163 3140 4231 φειδωλότατον,
3172 4162 3247 4226 ὡς
3293 4160 3391 4214 καὶ
3436 4160 3687 4215 τοιοῦτον

2106 4255 2337 4325 θεομισῆ
2368 4254 2535 4325 πόρον
2569 4255 2660 4307 καὶ
2691 4255 2862 4326 ἐναγῆ
2906 4257 2972 4325 τῇ
3017 4254 3314 4324 Ῥωμαίων
3349 4254 3686 4325 καινουργῆ-

425 4380 550 4418 rum
606 4363 777 4417 fuisse
827 4361 1000 4424 dicis.
1051 4368 1112 4415 ut
1168 4368 1278 4415 tant
1327 4359 1713 4415 detestandum
1776 4358 2001 4428 Deoque

2109 4363 2198 4399 σαι
2256 4345 2540 4416 πολιτείας
2597 4345 2923 4399 Παντάπασι
2972 4345 3232 4413 συνάγειν
3286 4345 3348 4397 οὐ
3404 4345 3683 4414 δᾷναμαιθ

424 4455 668 4509 invisum
725 4454 1076 4521 portorium,
1138 4451 1366 4506 insolito
1422 4437 1682 4521 novoque
1737 4448 1899 4503 modo
1948 4447 2001 4501 in

429 4547 663 4600 Romani
694 4546 911 4615 imperii
953 4544 1498 4600 administrationem
1531 4541 1842 4598 invexerit?
1889 4540 2004 4610 Ego

425 4649 576 4693 certe
606 4638 833 4707 quidem
879 4637 1139 4707 colligere
1170 4637 1223 4690 id
1263 4652 1374 4691 non
1412 4650 1659 4706 possum.
1688 4633 2004 4689 Clarissime

426 4732 593 4785 etiam
626 4729 723 4784 ιιὺί
753 4728 1072 4795 ostendam,
1100 4743 1286 4799 neque
1311 4727 1567 4796 CriSpum
1599 4727 1793 4790 lilium,
1825 4738 2004 4794 neque

350 4806 357 4815 ἰ
422 4820 715 4891 conjugcm
776 4821 1051 4893 Faustam,
1100 4819 1171 4874 ab
1200 4833 1269 4873 eo
1316 4819 1388 4874 ita
1424 4817 1725 4873 crudeliter
1779 4826 2007 4870 necatos

422 4930 592 4969 esse:
629 4930 811 4983 neque
842 4914 1008 4969 etiam
1058 4911 1315 4968 eumdem
1348 4910 1432 4966 vel
1460 4925 1588 4965 cum
1633 4907 1891 4979 Egyptio
1936 4922 2004 4963 co

426 5008 622 5066 fuisse.
659 5007 744 5060 vel
782 5006 1110 5076 religionem
1145 5014 1421 5068 nostram,
1447 5010 1740 5073 postquam
1771 5016 1891 5054 eam
1918 5007 2006 5055 est

424 5101 770 5170 complexus,
808 5098 877 5152 ab
910 5113 977 5151 eo
1030 5096 1338 5167 accepisse.
1380 5095 1681 5151 Eusebium
1735 5093 2003 5163 Pamphili

423 5191 579 5256 audi,
617 5192 711 5261 qui
751 5190 972 5245 illorum
1013 5200 1261 5259 tempore
1296 5187 1505 5252 ﬂoruit,
1536 5194 1595 5242 et
1623 5201 1748 5241 cum
1776 5185 1857 5239 eis
1883 5185 2004 5254 plu-

424 5288 629 5340 rituum
667 5283 793 5348 fuit,
842 5283 1252 5338 consuetudine
1287 5289 1345 5337 et
1383 5279 1629 5335 amicitia
1670 5293 1863 5333 eorum
1900 5278 2001 5332 ad-

427 5377 651 5432 modum
682 5392 838 5431 usus.
874 5375 954 5431 Tu
986 5390 1228 5445 namque
1258 5375 1435 5430 solum
1463 5386 1743 5426 rumorem
1774 5369 2000 5423 mntila-

406 5478 546 5525 ‘tum
597 5468 827 5523 mandas
877 5468 1105 5527 litteris.
1148 5483 1256 5521 non
1295 5466 1585 5521 veritatem
1634 5462 1856 5533 ipsam:
1906 5459 2001 5529 qui

422 5563 589 5633 longo
616 5571 743 5632 post
775 5571 1046 5629 tempore,
1080 5558 1185 5613 sub
1216 5557 1463 5614 Honorio
1492 5564 1546 5610 et
1580 5544 1836 5615 Arcadio,
1872 5552 2003 5623 qui-

426 5652 533 5709 bus
586 5651 872 5708 historiam
924 5660 1074 5707 tuam
1132 5649 1427 5714 dedicasti,
1474 5658 1531 5704 et
1582 5648 1818 5704 fortasse
1878 5654 2002 5715 post

2105 4438 2374 4505 ἀποδείξω
2395 4438 2449 4491 δέ
2483 4455 2568 4491 σοι
2615 4438 2955 4506 σαφέστατα,
2990 4438 3067 4500 ὡς
3094 4439 3219 4491 οὐδὲ
3250 4438 3344 4491 τὸν
3397 4438 3512 4491 υἱὸν
3551 4438 3689 4506 Κρί-

2110 4548 2267 4596 σπον,
2301 4528 2419 4583 ἀλλ’
2443 4528 2566 4583 οὐδὲ
2594 4528 2692 4601 τὴν
2716 4530 2963 4600 γαμετὴν
2993 4530 3266 4589 Φαύσταν,
3299 4529 3521 4601 ἀπηνῶς
3542 4528 3685 4581 οὕτω

2105 4621 2472 4692 διεχειρίσατο
2493 4638 2505 4651 ο
2541 4620 2651 4674 οὐδ’
2697 4622 2790 4673 ἐπὶ
2815 4620 2885 4673 τὰ
2911 4620 3160 4695 ἡμέτερα
3195 4615 3360 4690 ἦλθεν
3391 4618 3677 4689 Αἰγυπτίῳ

2104 4717 2212 4769 τινὶ
2266 4717 2685 4785 συγγενόμενος,
2740 4716 2834 4783 ἀφ’
2882 4709 2945 4766 οὗ
2996 4714 3107 4766 τῶν
3161 4714 3570 4781 νενομισμένων
3612 4714 3680 4779 τῇ

2107 4807 2377 4878 θρησκείᾳ
2403 4808 2657 4877 μετέσχε.
2692 4808 2803 4860 Καὶ
2836 4807 2899 4876 δὴ
2926 4807 3089 4861 ἄκουε
3132 4806 3380 4858 ῐύσεόίου
3411 4805 3505 4858 τοῦ
3531 4806 3687 4874 Παμ-

2089 4897 2284 4967 ,φίλου,
2314 4898 2373 4961 ὃς
2400 4900 2514 4961 τοῖς
2539 4897 2771 4951 ἐκείνων
2812 4897 3028 4968 χρόνοις
3058 4898 3403 4967 συνήκμασε,
3436 4901 3530 4949 καὶ
3557 4913 3687 4950 συν-

2105 4991 2323 5061 εγένετο
2365 4989 2640 5053 πλεῖστον,
2669 4989 2889 5057 ὁμιλίας
2940 4989 3037 5041 καὶ
3086 4989 3266 5056 φιλίας
3329 4988 3555 5042 ἐκείνων
3604 4988 3686 5050 εἰς

2105 5084 2269 5153 κόρον
2293 5082 2738 5144 καταπολαύσας.
2759 5081 2833 5135 Σὺ
2856 5082 2966 5152 γὰρ
2992 5080 3058 5151 δὴ
3087 5082 3239 5151 μόλις
3262 5079 3432 5150 ἀκοὴν
3455 5082 3685 5151 γράφεις

2104 5176 2662 5247 ἠκρωτηριασμένην,
2694 5176 2857 5243 μήτοι
2888 5190 2950 5242 γε
2981 5174 3046 5242 δὴ
3068 5173 3330 5242 ἀλήθειαν
3358 5188 3374 5203 ⁶
3405 5174 3499 5227 ἐπὶ
3546 5175 3683 5225 πολὺ

2105 5266 2518 5337 καθυστερίζων
2551 5266 2647 5319 τού
2680 5267 2899 5337 χρόνον,
2927 5267 3023 5319 ἐπὶ
3051 5264 3319 5336 Ὀνωρίου
3350 5268 3446 5320 καὶ
3483 5267 3688 5338 Ἀρκαη

2103 5359 2220 5413 δίου
2247 5359 2563 5428 γενόμενος,
2597 5351 2681 5418 οἷς
2736 5360 2829 5409 καὶ
2859 5357 2961 5428 τὴν
3011 5358 3345 5427 συγγραφὴν
3410 5356 3684 5425 ἐστησαςο

2109 5450 2237 5514 ἴσως
2272 5449 2329 5503 δὲ
2368 5450 2462 5502 καὶ
2491 5447 2673 5518 πολλῷ
2707 5449 3001 5517 γενόμενος
3026 5448 3275 5520 ὕστερον.
3304 5443 3406 5502 υἷα
3434 5447 3479 5502 δ’
3513 5447 3687 5500 Εὐσέ-

2108 5544 2224 5606 ϐιος
2257 5544 2285 5594 ὁ
2333 5542 2733 5611 Κωνσταντίνῳ
2768 5543 2865 5595 καὶ
2896 5543 3132 5615 Κρίσπῳ
3186 5544 3549 5611 συνακμάσας
3595 5543 3691 5595 καὶ

2107 5635 2503 5707 cans/ﬁnem;
2534 5636 2591 5688 ἐν
2624 5633 2701 5703 τῷ
2732 5633 2907 5707 ὀγδόῳ
2940 5636 3096 5707 τόμῳ
3136 5635 3235 5707 τῆς
3266 5633 3687 5708 συγγραφεεσης
