4094 6202
366 377 466 441 ειι

1597 356 2018 421 NlCEi’HOBl
2054 354 2391 416 CALLISTI

3508 336 3614 400 2i“).

373 506 478 546 nos
516 489 833 561 ingentibus
872 487 1032 543 bellis
1056 486 1446 555 superasse,’et
1467 480 1655 550 jugum
1684 475 1793 531 illis
1821 489 1935 529 ser-
1962 520 1976 551 ε

2080 470 2376 542 ιρεταννοὺς
2420 470 2598 537 ἀγῶσι
2653 467 2910 540 μεγάλοις
2943 461 3227 527 ὑπέζευξε,
3277 456 3444 526 ζυγὸν
3491 456 3615 509 δου-

378 581 568 636 vitutis
611 580 960 651 imposuisse,
996 578 1364 644 eumdemque
1406 570 1670 627 Romanae
1719 567 1939 628 ditioni,

378 674 444 727 nd
472 688 564 726 eas
605 688 743 741 quas
785 673 941 741 prius
988 670 1247 735 habebat,
1293 669 1618 738 quingentas
1651 662 1946 733 populosas

381 763 546 817 urbes
576 762 877 833 adjecisse:
923 760 1386 831 quemadmodum
1424 758 1504 813 illi
1532 756 1625 826 qui
1669 755 1786 809 lucc
1818 767 1947 809 con-

378 853 744 923 scripserunt,
783 853 847 906 ad
874 851 1197 907 memoriam
1220 847 1555 917 posteritatis
1574 844 1945 900 transmisere.

378 944 482 1010 Qui
544 943 725 999 Caesar
771 944 1007 1015 primus,
1055 952 1178 1012 post
1218 940 1496 1002 consules,
1550 936 1845 992 monarcha
1894 944 1951 989 et

380 1036 641 1105 princeps
675 1052 819 1091 unus
844 1036 1154 1091 declaratus
1175 1042 1260 1088 est
1288 1053 1299 1087 :
1330 1048 1392 1087 ea
1426 1046 1486 1086 re
1513 1030 1682 1086 veluti
1715 1026 1954 1099 praeiens

381 1138 437 1181 et
464 1129 605 1181 viam
640 1138 914 1191 sternens,
956 1136 1015 1181 ut
1045 1126 1277 1180 Romani
1307 1124 1529 1193 imperii
1560 1122 1710 1176 cives
1740 1128 1796 1175 et
1826 1119 1953 1175 sub-

385 1217 484 1271 diti
516 1234 583 1271 ex
611 1217 850 1286 plurium
885 1216 1115 1271 deorum
1141 1216 1318 1279 cultu,
1342 1223 1399 1268 et
1421 1213 1743 1285 turbulento
1772 1210 1955 1278 reipu-

387 1310 542 1364 blicae
579 1317 748 1372 statu,
790 1307 858 1362 ad
901 1322 1087 1372 unam,
1117 1323 1239 1377 qua:
1269 1307 1385 1361 sola
1418 1306 1718 1371 obtineret,
1743 1303 1957 1373 religio-

387 1416 551 1463 nem,
601 1416 699 1469 per
750 1399 1281 1469 apprOpinquantem
1332 1396 1535 1453 Christi
1582 1392 1957 1452 monarchiam

388 1493 817 1547 adducerentur.
848 1490 1016 1563 Cujus
1055 1490 1131 1545 rei
1163 1490 1337 1559 gratia
1380 1498 1437 1544 ct
1466 1487 1652 1543 Judrea
1676 1486 1876 1551 omnis,
1905 1491 1961 1539 et

391 1586 583 1639 vicina:
628 1585 1064 1652 circumquaque
1120 1581 1395 1652 regiunes.
1439 1580 1688 1635 Romano
1732 1576 1962 1647 imperio

392 1679 466 1732 ita
495 1678 726 1732 subdita:
753 1687 902 1742 sunt,
941 1688 1001 1730 ut
1045 1687 1158 1729 tum
1188 1674 1425 1744 primum
1465 1688 1663 1727 census
1723 1681 1881 1726 actus
1907 1678 1965 1724 et

392 1765 694 1838 descriptio
718 1768 861 1823 facta
899 1769 992 1831 sit,
1024 1767 1080 1820 in
1114 1781 1220 1837 qua
1249 1777 1301 1821 et
1336 1765 1591 1821 Christus
1631 1764 1748 1833 ipse
1793 1763 1965 1817 ascri-

2045 563 2193 628 λείας
2249 562 2548 630 ἐπαγαγών
2575 579 2589 592 ·
2648 562 2740 615 καὶ
2782 558 3148 631 προσεποίησε
3207 554 3273 625 τῇ
3330 549 3617 619 Ῥωμαίων

2047 656 2191 725 ἀρχῇ
2240 655 2375 724 πρὸς
2423 649 2510 715 αἷς
2556 647 2699 720 εἶχεν
2771 651 2963 720 ἐτέρας
3018 647 3200 708 πόλεις
3252 639 3618 701 πεντακοσίας

2047 746 2393 816 οἰκουμένας,
2427 745 2502 808 ὡς
2533 745 2582 797 οξ
2615 743 2680 797 τὰ
2705 740 2929 796 τοιαῦτα
2964 737 3415 807 συγγραψάμενοι
3464 731 3622 785 καθι-

2053 840 2346 910 στόρησαν.
2381 838 2475 900 Ὃς
2507 835 2572 907 δὴ
2601 836 2759 897 Γάϊος
2788 834 2882 887 καλ⁵
2910 831 3127 902 πρῶτος
3160 829 3431 897 μόναρχος
3484 823 3622 893 μετὰ

2050 931 2175 993 τοὺς
2206 930 2446 991 ὑπάτους
2498 925 2877 997 ἀνηγορεύθη⁶
2910 922 3113 976 ὡσανεὶ
3156 916 3527 990 προοδοποιῶν
3560 916 3624 966 ἐκ

2055 1022 2348 1083 πολυθεῖας
2380 1020 2442 1073 τδ
2472 1021 2716 1090 ὑπήκοον
2749 1017 2844 1071 καὶ⁵
2882 1013 3271 1086 ὀχλοκρατείας
3301 1011 3396 1063 ἐπὶ
3437 1009 3497 1062 τὸ
3530 1007 3626 1077 μό-

2055 1131 2256 1184 ναρχον
2314 1113 2477 1174 σέϐας
2507 1111 2596 1163 διὰ
2626 1111 2722 1179 τὴν
2749 1110 2870 1161 ὅσον
2906 1106 3057 1158 οὔπω
3092 1103 3359 1173 ἐσομένην
3386 1096 3625 1170 Χριστοῦ

2060 1204 2381 1276 μοναρχίαν.
2425 1194 2502 1256 υῦ
2554 1202 2714 1271 χάριν
2761 1200 2795 1269 ἦ
2826 1214 2884 1250 τε
2930 1196 3159 1250 Ἰουδαία
3205 1194 3358 1245 πάσα
3414 1191 3511 1243 καὶ
3557 1190 3627 1241 τὰ

2061 1296 2379 1368 περικύκλῳ
2413 1295 2590 1348 πάντα
2620 1295 2685 1364 τῇ
2726 1292 3005 1360 Ῥωμαϊκῇ
3041 1290 3182 1359 ἀρχῇ
3234 1286 3623 1355 προσεγένετοο

2059 1391 2157 1447 κα).
2186 1392 2278 1444 ἐπὶ
2318 1388 2496 1452 τόσον,
2526 1387 2600 1449 ὡς
2642 1387 2737 1441 καὶ
2782 1384 3004 1455 πρώτην
3035 1382 3155 1436 τότε
3185 1376 3510 1448 ἀπογραφὴν
3538 1391 3631 1442 γε-

2061 1480 2268 1546 νέσθαι,
2302 1482 2360 1535 ὲν
2414 1475 2576 1553 ᾖκαὶ
2619 1478 2856 1547 Χριστὸς
2911 1473 3320 1542 ἀπογράφεται,
3350 1469 3449 1537 τῆς
3500 1467 3633 1535 περὶ

2062 1575 2159 1645 τῆς
2191 1573 2440 1642 Βηθλεὲμ
2488 1571 2828 1641 προφητείας
2873 1567 2935 1619 τὸ
2986 1566 3161 1637 πέρας
3207 1562 3434 1630 ἔκδηλον
3475 1561 3635 1612 καθι-

2065 1668 2230 1729 στῶν,
2261 1659 2362 1718 ὧδέ
2392 1681 2506 1724 πως
2544 1661 2623 1729 τῷ
2658 1659 2993 1729 πολυδάκρυῖ
3034 1655 3273 1727 Ἱερεμίᾳ
3301 1653 3430 1723 περὶ
3463 1651 3637 1719 αὐτῆς

2065 1755 2489 1828 προφοισάξοντι
2509 1772 2524 1788 ο
2555 1754 2662 1808 Καί
2686 1752 2790 1813 σὺ.
2821 1748 3183 1819 Βηθλεὲμγῆ
3213 1747 3435 1806 Ἰούδα,
3464 1744 3639 1799 abda—

395 1867 523 1930 ptus
561 1835 662 1923 est,
697 1868 754 1912 ut
790 1859 1076 1929 prophetia
1101 1835 1168 1912 d—e
1195 1858 1416 1913 civitate
1444 1856 1723 1911 Bethleem
1777 1863 1965 1924 aperte

2080 1849 2190 1914 πῶς
2231 1849 2526 1916 ἐλαχίστη
2560 1843 2619 1900 εἴ
2658 1845 2728 1897 ἐν
2773 1843 2898 1909 τοῖς
2943 1843 3235 1910 ἡγεμόσιν
3282 1837 3521 1893 Ἰούδα·
3568 1835 3640 1888 ἐκ

393 1951 597 2005 exitum
634 1966 794 2005 suum
834 1950 1080 2013 haberet,
1110 1963 1274 2018 quam
1309 1948 1376 2003 de
1409 1962 1471 2001 ea
1501 1946 1786 2001 luctuosus
1813 1946 1965 2001 Jere-

396 2044 533 2097 mins
562 2043 712 2098 hisce
756 2042 938 2097 verbis
981 2041 1267 2111 praedixit:
1308 2040 1377 2094 Et
1417 2048 1495 2101 tu,
1521 2039 1787 2092 Betlrlrem
1825 2047 1967 2091 terra

393 2134 558 2196 Iuda,
586 2134 999 2204 haudquaquam
1037 2133 1258 2186 minima
1286 2147 1338 2185 es
1366 2133 1421 2184 in
1448 2131 1771 2200 principbus
1801 2129 1968 2182 Juda.

399 2226 483 2280 It‘a:
528 2235 578 2279 te
616 2227 754 2279 enim
804 2227 1169 2296 progredielur
1208 2224 1339 2287 dux,
1376 2224 1466 2291 qui
1500 2232 1675 2292 pascet
1719 2221 1970 2292 populum

402 2331 575 2369 meum
622 2314 853 2369 Israel‘.
908 2313 1040 2368 Post
1084 2313 1419 2367 incirahilem
1454 2328 1587 2367 vero
1632 2311 1833 2365 Christi
1878 2310 1969 2364 llei

344 2473 361 2490 .
402 2407 572 2461 nostri
605 2405 967 2470 nativitatem,
997 2402 1262 2475 Egyptus
1299 2419 1519 2473 quoque
1562 2404 1617 2457 in
1654 2412 1971 2472 putestatem

405 2498 778 2553 Ralttanorum
830 2497 1103 2568 pervenit,
1153 2498 1397 2550 Anton’o
1451 2506 1507 2551 et
1551 2495 1865 2563 ClcOpalra’,
1917 2496 1972 2547 in

404 2604 573 2659 quam
594 2599 924 2658 postremam
956 2584 1374 2645 Ptoletnmorum
1402 2604 1627 2659 regnum
1659 2588 1872 2651 incidit,
1907 2586 1976 2641 ab

403 2684 651 2752 Augusto
681 2682 892 2736 Ctesare
933 2698 1162 2752 prorsus
1200 2682 1470 2737 devictis:
1514 2682 1616 2736 sub
1645 2698 1755 2751 quo
1780 2688 1831 2734 ct
1873 2680 1977 2733 Du-

408 2774 591 2829 minus
631 2788 819 2829 noster
859 2776 1024 2830 Jesus
1076 2776 1331 2830 Christus
1382 2784 1541 2830 natus
1595 2783 1698 2829 est.
1740 2771 1979 2827 Antonio

2067 1938 2185 1992 σοῦ
2215 1937 2325 2005 γάρ
2356 1953 2465 2005 ,μοι
2512 1934 2902 1998 ἐξελεύσεται
2931 1931 3290 1999 ἡγούμενος,
3318 1927 3486 1991 ὅστις
3513 1941 3641 1977 ποι-

2062 2028 2243 2100 μανεῖ
2290 2028 2398 2081 τὸν
2446 2027 2601 2080 λαόν
2645 2042 2763 2094 μου
2793 2023 2901 2077 τὸν
2933 2020 3203 2091 Ἰσραήλ.
3236 2018 3392 2074 Μετὰ
3434 2017 3493 2070 δὲ
3540 2015 3642 2085 τὴν

2070 2125 2310 2195 ἆρῤητον
2345 2120 2597 2188 γέννησιν
2628 2115 2865 2188 Χριστοῦ
2891 2115 2986 2167 τοῦ
3036 2110 3174 2167 Θεοῦ
3205 2111 3364 2182 ημῶν
3388 2112 3484 2163 καὶ
3504 2110 3642 2180 αὑτὴ

2077 2218 2352 2282 Αἴγυπτος
2410 2212 2718 2267 ὑποκύπτει
2790 2207 3121 2279 Ῥωμαίοις,

2075 2309 2425 2377 Κλεοπάτρᾳ,
2457 2307 2538 2367 είς
2568 2306 2635 2375 ῆν
2663 2306 2903 2373 ἐσχάτην
2929 2304 2962 2371 ἠ
2988 2299 3096 2353 τῶν
3121 2297 3471 2366 Πτολεμαίων
3502 2294 3646 2364 ἁρχὴ

2077 2404 2410 2467 κατήντησε,
2460 2397 2645 2450 τέλεον
2700 2391 3190 2462 καταγωνισθεῖσιν
3237 2388 3533 2456 Αὐγούστῳ
3571 2383 3648 2454 τῷ

2077 2491 2358 2560 Καίσαρι·
2402 2488 2490 2555 ἐφ’
2536 2480 2597 2540 οὒ
2638 2487 2732 2540 καὶ
2763 2488 2790 2539 ὁ
2836 2483 3043 2555 Κύριος
3075 2483 3235 2552 ἡμῶν
3274 2479 3482 2549 Ἰησοῦς
3515 2478 3652 2547 Χρι-

2081 2583 2207 2646 στὸς
2231 2581 2519 2651 ἐγεννήθη.
2563 2578 2850 2632 Ἀντώνιον
2878 2575 2934 2628 δὲ
2980 2573 3274 2644 Κορνήλιος
3312 2569 3514 2631 Γάλλος
3540 2568 3651 2620 τῶν

2080 2678 2138 2727 ὲν
2168 2674 2432 2742 Αἰγύπτῳ
2452 2670 2649 2741 χωρῶν
2671 2662 2941 2738 διεδέχετο
2970 2666 3286 2734 Αὐγούστου
3311 2661 3650 2732 πέμψαντος,

2081 2765 2299 2834 πρῶτος
2350 2763 2491 2834 μετὰ
2540 2762 2668 2825 τοὺς
2717 2759 3086 2830 Πτολεμαίους
3140 2755 3422 2824 Αἰγύπτου
3456 2754 3649 2822 ἄρξας,

3204 2205 3478 2272 Ἀντωνίῳ
3549 2201 3645 2255 καὶ
3743 2212 3748 2217 '

406 2866 696 2922 Cornelius
737 2866 924 2923 Gallus
967 2866 1035 2921 ab
1081 2867 1326 2935 Augusto
1371 2866 1424 2920 in
1458 2868 1719 2934 regiones
1759 2863 1976 2935 Egypti

2080 2845 2155 2919 ὡς
2186 2857 2277 2910 καὶ
2329 2858 2443 2917 τοῖς
2493 2853 2817 2922 ίστορήσασι
2866 2851 2997 2918 περὶ
3042 2848 3248 2902 τούτων
3304 2847 3651 2915 ἀνείληπται.

415 2960 614 3015 missus
648 2962 938 3024 successit,
961 2969 1015 3014 et
1056 2961 1268 3029 primus
1313 2969 1435 3029 post
1470 2958 1791 3014 Ptolemaeus
1821 2955 1976 3028 Egy-

2092 2949 2230 3002 Ὑπὸ
2275 2949 2331 3001 δὲ
2360 2946 2640 3001 Βεντιδίου
2690 2942 3116 3013 Κοιρὸούλωνός
3162 2958 3225 2994 τε
3258 2942 3353 2993 καὶ
3401 2939 3655 3008 Νέρωνος

415 3062 567 3121 ptum
599 3054 937 3122 provinciam
980 3028 1406 3115 administravit,
1447 3051 1609 3106 sicuti
1658 3050 1762 3105 hoc
1810 3050 1976 3103 histo-

2086 3038 2519 3111 στρατηγοῦντος
2595 3037 2738 3089 πὸεα
2801 3036 3012 3106 Πέρσαι
3058 3032 3429 3096 πεπόνθασιν;
3465 3030 3545 3083 ἐτι
3597 3028 3655 3082 δὲ

416 3146 514 3200 rici
542 3156 829 3201 tes:antur.
855 3145 1001 3213 Quas
1020 3161 1152 3200 vero
1182 3145 1367 3200 clades
1395 3143 1575 3199 Persae
1607 3144 1919 3213 acceperint
1950 3157 1976 3196 a

2086 3132 2181 3185 καὶ
2211 3130 2316 3184 ὑπὸ
2344 3130 2611 3199 Σευήρου,
2641 3125 2916 3196 Τραϊανοῦ
2951 3141 3011 3177 τε
3042 3126 3136 3177 καὶ
3172 3121 3382 3193 Κάρου,
3411 3118 3656 3173 Κασσίου

2250 3227 2257 3229 .
2314 3222 2400 3229 -Λλ
2511 3220 2555 3229 ,Α
2613 3203 2623 3214 ’
2741 3218 2765 3228 ο
2803 3219 2814 3229 ι
2912 3216 2953 3229 ι·-
2997 3214 3014 3229 ι
3152 3214 3164 3229 ο
3302 3213 3344 3229 ιι
3416 3208 3653 3229 ,\\aa_a!‘-_

416 3237 693 3303 Ventidio,
740 3208 1056 3293 Corbulone
1101 3247 1154 3292 et
1210 3237 1444 3292 Neronis
1495 3208 1761 3295 ducibus;
1818 3242 1976 3303 atque

2085 3240 2146 3276 τε
2177 3227 2269 3275 καὶ
2314 3208 2627 3275 ὐδαινάθοῦ
2674 3218 2768 3271 τοῦ
2799 3219 2863 3269 ἐκ
2912 3214 3254 3286 Παλμυρίας,
3302 3208 3656 3265 ’Δπολλωνίου

414 3331 546 3385 item
579 3345 610 3384 a
654 3331 881 3397 Severo,
931 3330 1187 3400 Trajano,
1229 3328 1391 3393 Caro,
1442 3327 1651 3392 Cassio,
1699 3325 1976 3381 Odenatho

2086 3332 2146 3369 τε
2180 3317 2275 3369 καὶ
2307 3314 2509 3385 ἐτέρων
2537 3331 2553 3379 ;
2586 3312 2810 3374 Ὁσάκις
2835 3327 2894 3363 τε
2924 3308 3216 3360 Σελεύκεια
3246 3305 3339 3358 καὶ
3365 3300 3661 3371 Κτησιφῶν

415 3421 762 3491 Palmyrcno,
789 3396 1099 3491 Apollonio,
1135 3428 1191 3474 et
1219 3419 1365 3485 aliis,
1406 3429 1461 3473 et
1492 3419 1711 3490 quoties
1740 3417 1976 3473 Seleucia

2088 3409 2225 3481 ἥλω,
2260 3404 2476 3468 Νίσιόίς
2503 3422 2563 3458 τε
2594 3404 2682 3457 ἐπ’
2716 3404 3009 3474 ἀμφότερα
3040 3400 3409 3471 στρεφομένη,
3454 3396 3661 3465 Ἀρμε⁹
3734 3452 3741 3459 ο

419 3513 820 3583 ctCtesiphon,
875 3525 1039 3583 atque
1084 3514 1250 3568 etiam
1292 3513 1516 3579 Nisibis,
1548 3528 1669 3582 qua:
1707 3526 1854 3566 nunc
1882 3511 1976 3565 hut

2090 3504 2182 3556 νία
2214 3519 2273 3555 τε
2310 3503 2405 3554 καὶ
2434 3501 2503 3552 τὰ
2532 3497 2908 3568 πλησιάζοντα
2938 3494 3065 3562 ἔθνη
3103 3493 3409 3561 Ῥωμαίοις
3431 3489 3665 3561 προσερ-

417 3620 566 3661 nunc
589 3580 717 3661 illuc
741 3580 980 3669 transiit,
1002 3615 1159 3676 capta
1176 3607 1268 3671 sit,
1292 3614 1350 3661 et
1369 3580 1643 3676 quomodo
1661 3604 1919 3659 Artnenia
1936 3614 1976 3658 et

2095 3593 2224 3665 ῥύη,
2256 3591 2446 3663 ὥσπερ
2478 3594 2572 3643 καὶ
2603 3591 2666 3643 σὺ
2701 3589 2955 3659 ἱστορεῖς.
2994 3586 3119 3649 Πῶς
3146 3585 3194 3638 δ’
3224 3583 3292 3638 ἂν
3330 3584 3543 3651 εἴποιμι
3571 3580 3665 3634 καὶ

418 3697 540 3751 alite
563 3696 758 3752 vicinae
802 3698 1097 3767 provinciae
1130 3698 1184 3752 in
1220 3698 1595 3753 Romanorum
1643 3695 1976 3767 pervenerim

2092 3684 2128 3740 ἃ
2162 3683 2502 3754 συγ-γράφεις
2546 3681 2709 3750 ἕτερα
2757 3678 3023 3748 γεννικῶς
3066 3673 3532 3744 καταπράξασθαι
3574 3671 3666 3724 τὸν

423 3787 710 3855 ditionem,
733 3804 840 3843 una
873 3804 997 3844 cum
1047 3790 1170 3844 aliis
1199 3790 1362 3861 724
1400 3801 1455 3846 ιιι
1487 3780 1704 3860 quoque
1740 3790 1791 3843 in
1822 3788 1976 3845 histo-

2096 3781 2376 3835 θειότατον
2404 3775 2817 3830 Κωνσταντῖνον
2846 3772 2947 3842 τῆς
2992 3770 3277 3837 Ῥωμαίων
3319 3767 3670 3839 ἡγησάμενον

422 3881 521 3936 riis
548 3881 661 3935 tuis
691 3883 943 3951 exponis.
976 3882 1262 3948 Quomodo
1292 3892 1474 3936 autem
1508 3883 1615 3937 alia
1643 3882 1846 3947 dicam,
1872 3898 1976 3952 qua

2101 3873 2239 3945 μετὰ
2254 3871 2353 3941 τῆς
2378 3869 2649 3942 ἡμετέρας
2678 3863 2977 3939 θρησκείας
3002 3880 3016 3930 ;
3042 3862 3186 3935 Πρὸς
3216 3861 3278 3914 δὴ
3301 3859 3535 3923 τούτοις,
3569 3857 3670 3911 ὅσα

421 3982 480 4029 tu
526 3972 725 4029 scribis
770 3974 1200 4028 sacratissimum
1253 3972 1675 4029 Constantinum
1737 3976 1976 4044 praeclari

2096 3979 2158 4016 τε
2188 3961 2286 4015 καὶ
2317 3955 2407 4014 οἷα
2438 3956 2706 4013 πέπονθεν
2751 3954 3062 4020 Ἰουλιανὸς,
3093 3954 3122 4007 ὁ
3152 3951 3242 4014 σδς
3286 3949 3523 4020 μάλιστα
3552 3948 3674 4002 θια-

420 4065 717 4136 gessisse:
771 4080 896 4119 cum
958 4065 1005 4119 is
1060 4065 1318 4134 pietatem
1379 4074 1625 4119 nostram
1694 4065 1973 4135 professus

2101 4052 2300 4124 σὼτης,
2328 4051 2424 4106 καὶ
2451 4051 2560 4104 τῶν
2589 4047 2771 4103 αὐτῶν
2813 4064 2895 4101 σοι
2925 4036 3151 4118 ὀργίων’
3184 4040 3548 4136 μετεσχηκώς
3572 4081 3611 4136 ,⁵
3644 4039 3674 4093 ὁ

424 4157 819 4228 rempublicam
881 4156 1256 4212 Romanorum
1308 4157 1761 4213 administraret?
1816 4158 1976 4228 Atque

2105 4145 2275 4215 μυρία
2304 4145 2401 4196 καὶ
2437 4140 2739 4194 ἅνύποιστα
2766 4136 3059 4208 θραύματα
3091 4133 3156 4204 τῇ
3201 4128 3491 4200 Ῥωμαίων
3518 4125 3680 4228 πολι.

422 4250 591 4305 etiam
654 4263 792 4320 quas
867 4257 1213 4319 quantasque
1278 4248 1463 4304 clades
1515 4247 1803 4315 Julianus,
1872 4216 1976 4304 tun:

2100 4237 2224 4306 τεῐᾳ
2250 4230 2687 4297 καταλελοιπώς
2715 4229 2780 4283 El.
2802 4228 2849 4281 δ’
2876 4226 3008 4290 ἴσως
3037 4224 3163 4296 περὶ
3191 4221 3298 4275 τῶν
3325 4216 3678 4291 προῤῥηθένυ

424 4338 664 4392 ιιιωιὶιιισ
706 4338 929 4392 choreis
985 4336 1258 4393 ducendis
1301 4337 1527 4400 sodalis.
1576 4347 1632 4393 et
1677 4340 1976 4393 cmumden

2102 4346 2210 4383 των
2236 4330 2303 4399 τῇ
2329 4325 2424 4379 τοῦ
2452 4323 2652 4385 παντὸς
2686 4321 2909 4393 τελευτῇ
2938 4320 2972 4393 ἢ
3025 4317 3312 4387 προοίμιον
3368 4313 3613 4383 εἴληφεν,
3643 4312 3675 4381 ἢ

426 4441 608 4482 tecum
667 4430 947 4498 orgiorutn
988 4430 1295 4498 particeps,
1340 4430 1674 4501 pertulerit?
1728 4428 1821 4500 qui
1870 4446 1976 4485 sam

2104 4424 2203 4477 καὶ
2250 4422 2311 4474 τὸ
2343 4420 2519 4487 πέρας
2567 4417 2704 4482 ἔξει,
2752 4413 2912 4468 τοῦτο
2963 4411 3149 4481 μεῖζον
3192 4409 3226 4481 ἢ
3261 4407 3405 4462 κατὰ
3448 4407 3550 4476 τὴν
3582 4404 3679 4501 σὴν

427 4522 714 4574 innumera
748 4532 912 4588 atque
965 4522 1310 4577 intoleranda
1342 4523 1594 4577 Romano
1626 4522 1857 4592 imperio
1884 4522 1973 4576 vui

2107 4511 2313 4583 κρίσιν.
2344 4509 2479 4576 Φέρε
2508 4506 2588 4571 δὲ,
2620 4506 2674 4559 εί
2723 4521 2806 4557 σοι
2836 4503 3003 4568 δοκεῖ,
3029 4499 3259 4555 τοιαῦτα
3291 4497 3526 4566 λέγοντι,
3563 4493 3680 4546 ἴδω-

430 4627 560 4665 nera
606 4610 828 4676 inﬂixit,
880 4620 1042 4681 atque
1092 4627 1156 4666 ea
1202 4614 1450 4667 incurata
1502 4622 1626 4682 post
1654 4586 1718 4667 se
1756 4613 1976 4683 reliquit

2113 4621 2213 4674 μεν
2246 4604 2394 4665 ὅπως
2423 4602 2472 4654 oi
2510 4600 2579 4653 τὰ
2622 4597 2894 4667 Ἐλλήνων
2946 4592 3385 4662 πρεσϐεύσαντες
3414 4586 3676 4683 βασιλεῖς,

430 4703 572 4756 Num
613 4716 748 4756 vero
791 4702 1089 4771 quidquam
1130 4717 1321 4756 eorum
1359 4717 1481 4771 qua!
1513 4705 1578 4757 de
1628 4702 1972 4758 universitati

2108 4699 2205 4750 καὶ
2235 4697 2285 4749 οί
2308 4688 2530 4764 Χριστῷ
2561 4689 3001 4764 βασιλεύσαντες,
3034 4685 3183 4747 ὅπως
3219 4681 3441 4734 ἔκαστοι
3472 4674 3678 4730 τούτων

435 4797 602 4865 hujus
635 4794 863 4850 interitu
898 4794 1158 4865 praedicta
1190 4806 1343 4863 sunt,
1385 4796 1470 4850 vel
1505 4795 1725 4850 initium
1755 4795 2005 4864 ceperit,

432 4890 518 4944 vel
573 4889 734 4944 tinem
787 4889 1105 4943 habiturum
1156 4888 1251 4952 sit,
1298 4888 1476 4959 majus
1521 4889 1573 4943 id
1613 4887 1858 4958 profecto
1896 4895 2003 4955 est,

431 4997 596 5050 quam
635 4988 694 5035 ut
723 4991 780 5036 tu
806 4982 875 5036 de
904 4995 971 5036 eo
1000 4980 1238 5050 judices.
1269 4980 1473 5036 Verum
1500 4995 1621 5050 age,
1650 4980 1697 5035 si
1725 4979 1824 5034 tibi
1852 4979 2007 5034 vide-

434 5084 546 5137 tur,
571 5074 665 5144 qui
701 5074 818 5129 haec
846 5071 1008 5141 dicis,
1037 5072 1477 5140 consideremus,
1517 5073 1800 5143 quomodo
1822 5080 1879 5127 et
1908 5071 2005 5141 qui

431 5167 675 5223 Graecam
738 5165 1188 5237 superstitionem
1234 5176 1381 5222 sunt
1447 5166 1720 5237 professi,
1786 5175 1845 5220 et
1905 5164 2007 5235 qui

436 5259 882 5314 Christianorum
932 5274 1088 5316 sacra
1125 5258 1350 5327 coluere
1384 5259 1745 5330 imperatores
1774 5258 2008 5329 quisque
2054 5312 2057 5315 ,

438 5350 603 5404 vitam
658 5360 757 5405 aut
810 5350 1107 5422 imperium
1161 5351 1434 5408 amiserit.
1488 5353 1570 5406 An
1630 5366 1741 5405 non
1798 5351 2013 5421 primus

441 5443 778 5511 monarcha',
835 5445 931 5515 qui
986 5460 1130 5499 unus
1191 5444 1296 5501 sibi
1356 5445 1647 5516 imperium
1706 5444 2012 5514 usurpavit,

439 5536 501 5593 C.
539 5539 718 5597 Julius
764 5540 949 5596 Caesar
981 5538 1112 5594 dolo
1146 5554 1321 5594 caesus
1358 5537 1487 5593 est?
1528 5538 1610 5592 An
1663 5552 1773 5593 non
1821 5535 2016 5591 Caium

440 5635 674 5689 alterum
703 5633 913 5690 Tiberii
940 5643 1195 5705 nepotem
1238 5633 1440 5688 milites
1486 5633 1708 5703 quidam
1744 5630 1892 5686 ferro
1921 5644 2018 5685 ne-

518 5816 719 5870 λειω..
754 5833 808 5881 v,
853 5815 927 5883 ﬂ;
962 5811 1151 5867 Matth.
1191 5825 1252 5875 tl,
1300 5811 1353 5863 ti.

2108 4789 2202 4842 τὸν
2236 4788 2353 4859 βίον
2383 4783 2706 4853 ἀπέθεντοῆ
2748 4781 2846 4852 τὴν
2871 4780 3069 4850 ἀρχήν.
3096 4777 3171 4830 Ού
3203 4778 3382 4828 τοίνυν
3410 4773 3438 4824 ὁ
3468 4768 3679 4841 πρῶτος

2114 4880 2387 4951 μόναρχος
2421 4877 2582 4939 Γάϊος
2625 4874 2845 4937 Ἰούλιος
2895 4873 3136 4940 Καῖσαρ,
3156 4868 3317 4939 δολίῳ
3369 4868 3514 4936 φόνῳ
3544 4881 3683 4917 κατ-

2116 4967 2425 5043 εργασθεὶς.
2482 4968 2574 5020 τὸν
2646 4964 2762 5036 βίον
2808 4963 3122 5029 diminuta;
3167 4960 3244 5013 Οὐ
3295 4958 3385 5011 τὸν
3434 4957 3688 5024 δεύτερον

2112 5064 2205 5119 τδν
2245 5057 2468 5130 ἔκγονον
2509 5059 2768 5126 Τιϐερίου
2808 5057 2970 5110 Γάϊον
3001 5053 3110 5109 τῶν
3143 5069 3291 5114 τινες
3337 5048 3689 5121 στρατιωτῶν

2119 5158 2423 5229 μαχαίραις
2470 5152 2908 5223 διεχειρίσαντος
2957 5148 3024 5201 Τί
3075 5146 3132 5200 δὲ
3182 5144 3278 5198 καὶ
3328 5143 3555 5212 Νέριυνς
3615 5139 3689 5191 Ού

2123 5250 2275 5320 παρὰ
2315 5264 2461 5311 τινος
2508 5247 2613 5299 τῶν
2643 5243 2862 5298 οἰκείων
2910 5240 3222 5312 ἀνῄρηταις
3260 5235 3474 5296 Γάλϐας
3506 5249 3564 5284 τε
3599 5230 3694 5283 καὶ

2129 5343 2312 5397 Ὄθων
2358 5347 2450 5394 καὶ
2489 5338 2798 5400 Οὐϊτέλλιος
2840 5335 3040 5405 ἐπίσης
3070 5329 3432 5391 πεπόνθασιν,
3474 5327 3522 5378 οἱ
3550 5323 3697 5394 τρεῖς

2122 5438 2256 5492 δέκα
2295 5435 2474 5505 μῆνας
2496 5432 2633 5503 πρὸς
2658 5430 2737 5502 τῷ
2761 5431 2842 5483 ἐνὶ
2869 5425 3327 5499 βασιλεύσαντεςς
3360 5422 3466 5474 Τόν
3492 5434 3558 5487 γε
3589 5413 3696 5486 μὴν

2124 5533 2286 5585 Τῖτον
2339 5530 2401 5582 οὐ
2446 5526 2772 5595 Δομετιανὸς
2819 5522 3031 5577 ἀνεῖλεν
3074 5519 3303 5585 deam;
3353 5511 3638 5580 τυγχάνων
3671 5509 3699 5561 ὁ

2128 5622 2546 5695 γνησιώτατοςς
2601 5618 2668 5674 Τί
2700 5616 2744 5672 δ’
2800 5619 3008 5679 ἐκεῖνος
3041 5611 3243 5677 πάλιν;
3303 5609 3405 5661 οὐκ
3449 5600 3698 5662 ἐλεεινῶς
