4092 6204
416 330 521 395 215

1637 337 2052 401 NICEPHORI
2092 343 2434 405 CALLISTI

3547 343 3651 410 2i6

419 448 691 518 imperiali
728 464 953 519 prorsus
978 452 1161 507 animo
1190 444 1433 512 sustulit.
1468 456 1585 511 Alia
1618 468 1807 511 contra
1855 471 1987 513 vero

2110 456 2407 527 τὼρθωσεν.
2448 457 2666 525 ’Λνάξια
2692 458 2749 513 δέ
2778 460 2941 515 πάλιν
2968 458 3256 530 ἔπραττεν,
3290 452 3372 523 οἷς
3400 461 3501 531 τὴν
3524 479 3657 532 χρυ-

413 554 471 593 se
497 539 717 610 indigna
754 540 1030 596 instituit:
1065 545 1447 614 χρυσοτέλειαν
1474 548 1745 614 videlicet,
1779 549 1830 603 id
1868 559 1975 611 est,

415 630 735 700 pensionem
767 632 922 687 auri:
954 643 1008 687 et
1031 637 1263 704 populos
1291 653 1422 694 suos
1445 639 1737 708 vectigales
1765 639 1980 694 bellicis

416 724 678 794 impensis
701 740 799 794 per
822 725 1275 784 nundinationem
1300 731 1539 787 venditis
1565 747 1729 803 supra
1761 732 1979 786 modum

413 817 699 886 gravavit,
760 819 1214 891 exactionemque
1302 824 1631 878 tributorum
1692 825 1979 881 curialium

414 906 750 976 abrogando,
780 909 944 980 726
978 910 1032 963 in
1074 910 1385 980 quibusque
1419 914 1735 968 civitatibus
1762 930 1856 969 eos
1888 915 1981 985 qui

414 1010 684 1053 vocantur
725 999 972 1055 vindices
1017 1001 1341 1057 constituit:
1386 1003 1580 1059 Marini
1628 1004 1770 1074 Syri,
1820 1004 1982 1059 sicuti

417 1091 632 1158 dicunt,
667 1092 1036 1163 suggestione,
1063 1094 1156 1163 qui
1192 1093 1505 1163 primariam
1538 1097 1679 1165 apud
1707 1110 1832 1151 eum
1859 1111 1985 1165 ges-

418 1182 489 1235 sit
524 1181 867 1251 dignitatcm,
910 1198 1072 1251 quam
1125 1184 1502 1253 praefecturam
1552 1186 1796 1255 praetorii
1839 1187 1985 1241 anti-

417 1274 606 1342 quitus
644 1275 1023 1329 nominarunt.
1060 1274 1405 1346 Quapropter
1445 1275 1670 1342 factum,
1720 1286 1781 1332 ut
1818 1278 1987 1332 vecti-

418 1364 561 1434 galia
622 1381 814 1435 magna
867 1381 932 1423 ex
987 1376 1142 1436 parte
1194 1368 1596 1434 interciderint,
1650 1377 1708 1424 et
1741 1370 1988 1425 civitates

420 1460 604 1514 minus
631 1458 937 1514 ﬂoruerint.
979 1460 1298 1529 Antiquitas
1341 1477 1598 1531 namque,
1633 1461 1728 1531 qui
1776 1461 1988 1516 nobiles

420 1560 477 1605 et
508 1551 656 1605 claro
677 1551 797 1606 loco
820 1551 932 1605 nati
961 1561 1136 1614 erant,
1163 1552 1216 1605 in
1244 1566 1431 1606 earum
1463 1554 1647 1608 album
1678 1552 1991 1632 refereban-

421 1650 535 1703 tur,
575 1656 779 1710 eosque
810 1641 941 1696 urbs
972 1641 1230 1710 qualibet
1257 1641 1309 1695 in
1339 1643 1488 1698 euris
1521 1653 1834 1698 senatorum
1870 1647 1990 1700 loco

423 1732 654 1787 habebat
686 1745 847 1802 azquc
881 1732 1271 1788 constituebat.

993 1847 1220 1904 CAPUT
1257 1848 1416 1903 XLV.

427 1937 861 2012 UtUAnastasio.
913 1951 991 1996 ter
1035 1951 1219 1996 sancto
1266 1942 1460 2011 hymno
1509 1944 1741 2012 adjicere
1793 1945 1995 2001 volente

492 2010 627 2064 illud
655 2026 675 2065 :
710 2028 729 2062 ε
757 2009 859 2075 Qui
895 2014 1179 2079 cruciﬁxus
1208 2028 1262 2065 es
1290 2009 1389 2078 pro
1412 2009 1584 2078 nobis,
1624 2032 1642 2065 ι
1676 2015 1929 2068 tumultus
1960 2034 1993 2069 a

494 2079 686 2149 populo
732 2083 800 2134 sit
848 2086 1143 2137 concitatus
1169 2099 1188 2136 :
1218 2095 1383 2147 usque
1423 2081 1576 2145 adeo,
1618 2095 1675 2137 ut
1718 2087 1765 2139 is
1805 2086 1997 2138 timore

493 2148 783 2224 perculsus.
817 2153 1099 2224 imperium
1125 2148 1448 2222 deposuerit.
1483 2149 1552 2205 Et
1578 2165 1632 2208 ut
1678 2156 1839 2224 paulo
1879 2163 1995 2224 past

495 2222 812 2274 Anastasius
850 2223 1010 2275 vitam
1050 2221 1273 2289 ﬁnierit.

453 2323 461 2332 ’
496 2335 751 2389 Omnium
793 2344 977 2390 autem
1027 2338 1322 2404 malorum,
1374 2356 1609 2410 quorum
1645 2341 1758 2408 ipse
1803 2349 1998 2394 auctor

426 2427 552 2488 fuit.
585 2427 718 2481 illud
754 2440 1060 2484 extremum
1102 2439 1241 2497 erat,
1277 2433 1424 2501 quod
1465 2440 1691 2502 propter
1722 2433 1999 2487 accessio-

428 2534 550 2573 nem
582 2519 752 2585 illam,
785 2519 888 2585 Qui
921 2522 1204 2588 cruciﬁxus
1237 2539 1291 2577 es
1320 2540 1416 2595 pro
1443 2525 1587 2579 nobis
1628 2525 1725 2591 ti),
1749 2540 1908 2595 quam
1941 2535 1999 2580 et

429 2602 546 2678 ipse
575 2620 657 2665 ter
689 2619 877 2666 sancto
896 2611 1013 2682 ipse
1055 2611 1259 2683 hymno
1304 2615 1543 2669 additam
1580 2614 1772 2679 voluit,
1808 2617 1998 2685 ingens

427 2710 618 2756 exorta
645 2710 731 2757 est
755 2703 952 2758 seditio
975 2740 995 2771 ,
1025 2704 1253 2767 perinde
1283 2714 1448 2775 atque
1485 2705 1801 2772 religionem
1829 2706 1999 2773 ;Cbri-

436 2793 671 2847 stianam
718 2801 966 2876 evertere
1025 2795 1275 2851 homines
1317 2797 1540 2853 vellent.
1567 2798 1697 2867 Ejus
1731 2797 2001 2868 dogmatis

430 2885 626 2941 Petrus
679 2885 975 2956 Cnapbeus
1012 2898 1202 2942 auctor
1243 2887 1367 2955 fuit,
1409 2888 1573 2945 sicuti
1629 2890 1837 2945 dictum
1893 2901 1998 2945 est.

431 2975 668 3032 Severus
693 2986 876 3032 autem
895 2977 949 3032 in
978 2976 1379 3044 Macedonium,
1409 2980 1507 3048 qui
1533 2981 1696 3049 paulo
1724 2988 1853 3035 ante
1879 2980 2001 3035 bie-

432 3067 626 3122 rarcha
654 3067 1127 3137 Constantinopoli
1155 3068 1283 3136 fuit,
1314 3071 1444 3124 etin
1480 3071 1687 3126 elerum
1727 3074 1850 3144 ejus
1884 3087 1997 3126 rem

2091 552 2371 606 σστέλειαν
2438 554 2699 606 ἐπενόει*
2759 552 2854 621 τὴν
2931 550 3331 623 στρατιωτικὴν
3403 552 3655 621 δαπάνην

2087 640 2490 709 ἀπεμπολήσας
2522 643 2665 696 κατὰ
2685 642 2794 695 τῶν
2830 642 3098 695 συντελῶν
3128 642 3206 705 είς
3233 641 3297 713 τό
3328 640 3656 712 βαρύτατον.

2088 732 2212 784 Τῶν
2230 732 2287 786 δὲ
2314 733 2714 804 βουλευτηρίων
2742 735 2925 804 φόρων
2942 735 3041 804 τὴν
3065 734 3353 805 εἴσπραξιν
3393 736 3656 804 περιεῖλε,

2092 824 2218 886 τοὺς
2259 824 2629 893 καλουμένους
2652 820 2894 896 βίνδικας
2925 826 3029 880 ἀνὰ
3059 827 3298 895 ἐκάστην
3347 825 3500 879 πόλιν
3528 844 3663 896 προ-

2092 915 2446 985 ϐεϐλημένος,
2473 916 2743 986 Μαρίνου,
2775 916 2850 973 ὥς
2893 934 3079 985 φασιν,
3111 917 3395 987 είσηγήσει
3435 920 3529 971 τοῦ
3555 917 3663 971 Σύ·

2093 1027 2210 1080 ρου,
2224 1009 2323 1080 τὴν
2339 1011 2639 1082 κορυφαίαν
2653 1010 2930 1074 διέποντος
2946 1011 3053 1071 τῶν
3068 1011 3274 1081 ἀρχῶν,
3289 1010 3536 1081 ὕπαρχον
3563 1012 3662 1080 τῆς

2091 1101 2261 1170 αὐλῆς
2294 1101 2397 1170 τὴν
2446 1101 2708 1171 τοιαύτην
2736 1101 2991 1167 ἐξουσίαν
3026 1102 3078 1155 οί
3131 1102 3301 1155 πάλαι
3337 1102 3619 1173 ὠνόμαζον
3642 1119 3658 1134 ο

2092 1190 2216 1245 ὅθεν
2244 1192 2303 1244 οἶ
2323 1209 2384 1244 τε
2419 1192 2576 1260 φόροι
2622 1192 2902 1246 καταπολὺ
2940 1193 3291 1265 διερρύησαν,
3331 1195 3423 1246 καὶ
3462 1195 3529 1247 τὰ
3555 1194 3664 1247 τῶν

2094 1283 2306 1336 πόλεων
2350 1283 2487 1353 ἄνθη
2512 1283 2856 1355 διέῤῥευσαν.
2889 1284 2963 1337 Τὸ
3001 1284 3110 1355 γάρ
3140 1285 3366 1353 ἀρχαῖον
3410 1283 3525 1337 ὅσοι
3554 1282 3664 1335 τῶν

2096 1374 2156 1428 εὖ
2183 1374 2485 1443 γεγονότων
2527 1376 2620 1428 καὶ
2644 1376 2967 1446 εὐπατρίδαι
2989 1370 3149 1447 ἦσαν,
3192 1378 3250 1428 ἐν
3289 1378 3400 1437 τοῖς
3425 1375 3532 1428 τῶν
3559 1373 3661 1426 πό-

2096 1462 2233 1516 λεων
2290 1461 2638 1533 λευκώμασιν
2694 1465 3095 1535 ἐνεγράφοντο,
3154 1467 3391 1534 ἑκάστης
3455 1462 3659 1524 πόλεως

2097 1554 2224 1617 τοὺς
2265 1556 2462 1617 ἐντοῖς
2507 1553 2912 1626 βουλευτηρίοις
2978 1557 3101 1609 ἀντὶ
3160 1554 3467 1626 συγκλήτου
3519 1553 3664 1616 τινὸς

2098 1646 2341 1710 ἐκείνους
2368 1645 2561 1716 ὥσπερ
2590 1648 2824 1718 ἐχούσης
2855 1647 2948 1701 καὶ
2980 1647 3326 1719 ὁριζομένης.

2674 1836 2922 1903 ΚΕΦΑΛ.
2954 1840 3084 1902 ME’.

2101 1942 2226 1997 Ὅτι
2274 1940 2668 1998 Ἀναστασίου
2706 1940 3122 2007 βουληθέντος
3180 1937 3528 2007 προσθεῖναι
3582 1934 3668 2004 τῷ

2170 2009 2596 2081 τρισαγίῳᾲεό,
2653 2028 2671 2061 ι
2723 2010 2803 2081 ξολ
2845 2008 3212 2081 στιιυρωθείς
3405 2006 3587 2081 ἡμᾶς,
3637 2027 3656 2059 ι

2170 2076 2390 2147 duim};
2418 2078 2497 2145 τῷ
2519 2078 2687 2143 δήμῳ
2709 2079 2963 2147 ἐγένετο,
2995 2078 3075 2143 ὡς
3104 2078 3203 2131 καί
3228 2077 3415 2129 αὐτὸν
3432 2076 3668 2147 ἐκεῖνον

2170 2144 2476 2213 defectura,
2537 2148 2648 2213 τὴν
2690 2144 2889 2215 ἀρχὴν
2942 2148 3366 2201 άποτίθεσθαν
3429 2144 3530 2198 καί
3586 2147 3668 2213 ὡς

2168 2220 2317 2289 μετὰ
2340 2217 2560 2288 μικρὸν
2590 2219 2873 2273 ἐτελεύτα
2911 2217 3020 2269 τὸν
3041 2218 3206 2287 βίον.

2175 2333 2249 2385 Τὸ
2278 2332 2495 2385 πάντων
2525 2332 2574 2385 δ’
2618 2331 2848 2401 ἔσχατον
2887 2330 2985 2382 καὶ
3015 2328 3334 2383 τελευταῖον
3375 2329 3524 2398 αὐτῷ
3559 2328 3669 2382 τῶν

2102 2425 2291 2479 κακῶν
2348 2423 2675 2494 διεπράχθη,
2716 2424 2908 2491 ὅτιπερ
2937 2424 2993 2475 ὲν
3030 2424 3098 2492 τῇ
3129 2421 3543 2474 Κωνσταντίνου
3572 2421 3670 2490 τὴν

2104 2517 2424 2587 προσθήκην
2476 2515 2570 2569 καὶ
2638 2514 2804 2567 αὐτὸν
2860 2515 2919 2566 ἒν
2964 2514 3042 2584 τῷ
3076 2513 3343 2583 τρισαγίῳ
3392 2511 3669 2582 ᾑρημένον

2062 2594 2436 2677 ’ποιήσασθαι
2499 2606 2592 2671 τὸ,
2639 2600 2705 2660 Ὀ
2727 2605 3097 2673 σταυρωθείς
3126 2604 3203 2658 δι’
3243 2603 3425 2673 ἡμᾶς,
3480 2604 3672 2665 στάσις

2107 2699 2344 2771 μεγίστη
2383 2697 2773 2771 άνερῤιπίσθη,
2803 2697 3007 2753 ὡσανεὶ
3038 2701 3137 2767 τῆς
3166 2695 3510 2766 Χριστιανῶν
3536 2695 3671 2765 θρηο

2107 2788 2296 2851 σκείας
2328 2786 2807 2858 ἁνατρεπομὲνης.
2838 2787 3157 2857 Προστάτης
3186 2786 3285 2855 μὲν
3322 2783 3415 2838 οὖν
3440 2783 3534 2837 τοῦ
3563 2800 3674 2836 τοι-

2105 2879 2267 2934 οὗτου
2333 2879 2602 2949 δόγματος
2655 2878 2858 2948 Πέτρος
2908 2880 2937 2930 ὁ
2979 2877 3238 2946 Κναφείις
3293 2876 3559 2945 ἐγεγόνει,
3593 2875 3671 2938 ὡς

2106 2976 2347 3047 εῐρηται.
2401 2972 2639 3042 Σευῆρος
2688 2970 2744 3024 δὲ
2775 2970 3110 3024 Μακεδόνιον
3167 2971 3260 3022 τὸν
3314 2970 3420 3039 πρὸ
3473 2969 3673 3039 μικροῦ

2108 3067 2372 3139 ίεράρχην
2399 3064 2502 3133 τῆς
2528 3061 2947 3119 Κωνσταντίνου
2975 3062 3181 3131 ίστορεῖ
3204 3060 3557 3131 γεγενῆσθαι,
3580 3061 3677 3113 καὶ

430 3175 556 3215 eam
582 3159 812 3224 confert,
830 3159 899 3215 ad
932 3160 1281 3233 Sotericbum
1311 3162 1586 3228 scribens,
1613 3178 1737 3218 cum
1756 3162 2001 3219 nondum

2110 3158 2196 3211 τὸν
2226 3156 2318 3210 ὑπ’
2370 3153 2533 3210 αὑτὸν
2584 3151 2807 3223 κλῆρον,
2851 3150 2988 3219 πρὸς
3030 3149 3344 3220 Σωτήριχον
3408 3147 3671 3216 γράφων·

432 3255 489 3307 in
538 3253 915 3323 episcOporum
967 3252 1219 3309 ordinem
1265 3263 1553 3325 cooptatus
1593 3266 1759 3319 esset,
1805 3256 1900 3313 sed
1946 3257 2002 3311 in

2110 3246 2258 3301 οὔπω
2309 3246 2410 3317 μέν
2459 3243 2796 3313 τεταγμένος
2838 3242 2897 3294 ἐν
2947 3239 3294 3304 ἐπισκόποις,
3335 3237 3416 3291 ἔτι
3465 3238 3522 3291 δέ
3561 3238 3674 3299 τοῖς

433 3345 559 3403 aula
584 3344 853 3414 imperiali
881 3358 952 3400 eo
982 3354 1227 3414 tempore
1259 3357 1591 3414 versaretur,
1620 3361 1732 3417 quo
1765 3363 1892 3403 cum
1921 3351 2005 3404 eis

435 3453 576 3508 quos
615 3448 776 3492 antea
810 3437 1070 3498 diximus.
1107 3438 1441 3492 monasterio
1483 3454 1587 3494 suo
1635 3449 1721 3495 est
1763 3449 2004 3496 exactus.

434 3528 760 3598 Conjectura
812 3536 1134 3589 autemest.
1184 3528 1377 3583 talium
1424 3529 1770 3599 aliarumque
1804 3530 2010 3586 calum-

434 3624 654 3677 niarum
686 3621 880 3691 gratia,
910 3619 1284 3676 Macedonium
1316 3636 1346 3676 e
1381 3621 1579 3677 throno
1603 3637 1705 3677 suo
1729 3622 2001 3692 dejectum

436 3729 580 3769 esse.
627 3712 784 3779 Quod
832 3728 965 3767 vero
1018 3720 1217 3782 prazter
1267 3727 1489 3767 causam
1549 3713 1603 3768 in
1655 3714 1835 3769 virum
1883 3730 2010 3770 eum

437 3807 673 3877 injectus
720 3805 1040 3870 mentiatur,
1090 3804 1224 3859 satis
1266 3820 1332 3859 ea
1369 3821 1492 3874 qua:
1534 3806 1788 3861 dicentur
1830 3817 2017 3863 osten-

439 3902 593 3955 dent.
633 3898 924 3966 Postquam
974 3896 1121 3951 enim
1175 3895 1526 3951 Macedonius
1570 3896 1639 3950 ab
1682 3898 2014 3968 imperatore

438 3992 737 4047 dissentire
767 3989 955 4059 erepit,
982 3988 1318 4059 permultum
1362 3988 1664 4060 imperator
1694 3991 1746 4045 ei
1791 3991 2017 4047 insidia-

442 4093 531 4139 tus
564 4091 667 4138 cst.
696 4080 934 4137 Proinde
971 4080 1138 4135 etiam
1174 4094 1272 4135 eos
1299 4080 1392 4149 qui
1437 4094 1469 4134 a
1499 4079 1817 4136 Macedonio
1845 4083 2021 4138 desci-

442 4182 673 4241 verant,
730 4172 1079 4249 turbulenter
1125 4179 1526 4242 congregatos,
1586 4172 1639 4227 in
1689 4172 2020 4244 Archangeli

442 4269 653 4337 templo
697 4274 780 4321 ter
828 4273 1079 4321 sanctum
1128 4279 1349 4319 carmen
1381 4279 1506 4319 cum
1560 4264 1870 4335 adjectione
1905 4266 2021 4337 ipsa

443 4375 646 4416 canere
672 4357 859 4430 jussit.
898 4357 1045 4413 Idem
1083 4371 1209 4412 mox
1238 4358 1491 4427 proximo
1522 4357 1810 4415 Dominico
1847 4359 1935 4414 die
1966 4360 2023 4414 in

447 4450 655 4521 templo
685 4462 880 4519 magno
912 4446 982 4503 ab
1004 4448 1087 4502 eis
1128 4446 1357 4511 factum,
1402 4463 1526 4501 cum
1558 4447 1637 4502 illi
1668 4447 1832 4503 etiam
1862 4447 2028 4504 bacu-

446 4542 533 4598 los
560 4557 627 4598 eo
657 4541 990 4598 intulerunt.
1045 4538 1208 4609 727
1264 4539 1509 4609 Populus
1548 4548 1732 4594 autem
1770 4538 2019 4609 ﬂagranti

448 4634 647 4691 ardore
672 4633 906 4699 excitus,
954 4632 1190 4701 turpiter
1228 4630 1356 4685 illos
1386 4630 1620 4685 ecclesia
1652 4631 1883 4700 expulit.
1914 4631 2021 4686 lm-

448 4736 671 4798 perator
732 4734 920 4794 postea
968 4730 1156 4793 aperte
1207 4722 1491 4776 monachis
1539 4722 1917 4778 desertoribus
1966 4731 2023 4777 et

450 4816 768 4889 transfugis,
801 4823 858 4870 et
895 4812 1240 4884 principibus
1283 4813 1448 4867 etiam
1480 4813 1632 4875 viris.
1678 4822 1737 4868 ut
1771 4813 2024 4883 indignas

451 4890 818 4965 contumelias
849 4903 905 4958 in
932 4903 1254 4973 episcopum
1283 4902 1636 4971 impudenter
1658 4903 2020 4973 conjicerent,

452 4999 738 5069 prmeepit.
770 4995 1015 5062 Quorum
1048 5009 1193 5048 unus
1223 5000 1343 5049 erat
1379 4992 1629 5049 Julianus
1658 4994 2023 5051 Halicarnassi

452 5104 512 5150 tn
530 5091 694 5149 Caria
708 5090 1092 5162 episcopus,et
1109 5085 1347 5143 Severus
1370 5086 1535 5139 etiam
1556 5093 1669 5140 tum
1690 5085 1989 5143 monachus
2008 5104 2023 5142 :

399 5165 405 5174 ’
458 5186 623 5245 simul
649 5194 704 5241 et
734 5182 882 5247 ﬁdei,
929 5188 987 5235 et
1023 5175 1346 5245 Macedonii,
1384 5190 1688 5246 eorumque
1720 5176 1816 5247 qui
1838 5191 2025 5232 secum

458 5292 635 5345 erant,
661 5280 868 5334 hostes.
892 5274 1179 5343 Quomodo
1201 5273 1365 5343 igitur
1382 5287 1509 5328 eum
1540 5287 1705 5341 quem
1744 5273 2027 5344 tyrannica

459 5388 614 5431 more
659 5367 993 5427 accessionis
1023 5366 1144 5435 ejus
1186 5363 1358 5437 gratia
1408 5363 1622 5434 injuriis
1654 5363 2030 5419 contumeliis-

459 5518 567 5573 bus
592 5488 857 5584 pepeacit.
894 5507 963 5562 Et
994 5503 1060 5559 ad
1100 5500 1463 5584 insatiabilem
1495 5496 1741 5584 pecuniae
1763 5497 2029 5584 cupidita-

466 5568 574 5642 [eni
593 5568 931 5643 'anversus,
960 5573 1271 5644 provincias
1284 5568 1558 5648 expilavit.
1584 5568 1664 5648 Ad
1690 5568 2026 5648 insolentem

463 5636 786 5721 novumque
831 5636 1065 5721 rnorem,
1096 5656 1257 5708 quem
1312 5636 1543 5719 induxit,
1582 5637 1702 5718 .viri
1742 5636 1866 5717 boni
1901 5646 2030 5721 sunt

465 5706 832 5779 consternati.
857 5706 1125 5785 Barbaros
1151 5725 1386 5785 namque
1403 5706 1634 5775 imperio
1656 5707 2027 5785 imminentes,

466 5776 579 5856 non
608 5791 779 5849 armis
809 5782 1070 5861 propulit,
1128 5779 1223 5839 sed
1266 5776 1453 5850 pacem
1480 5791 1614 5835 auro
1649 5776 1874 5832 mercari
1906 5776 2031 5831 soli-

2107 3340 2428 3410 ἀνακτόροις
2468 3337 2889 3406 ἐνδιαιτώμενος
2936 3335 3058 3388 κατ’
3088 3334 3266 3386 ἐκεῖνο
3295 3329 3513 3403 καιροῦ,
3543 3332 3676 3397 ὁπη-

2108 3436 2236 3487 νίκα
2268 3431 2364 3486 τοῦ
2400 3430 2523 3485 κατ’
2546 3428 2711 3483 αὐτὸν
2744 3426 2999 3498 ἀπηλάθη
3039 3424 3401 3495 μοναστηρίου
3429 3425 3526 3475 σὺν
3563 3425 3676 3484 τοῖς

2110 3508 2445 3596 εἰρημένοις.
2471 3521 2774 3589 Συνάγεται
2801 3519 2849 3573 δ’
2874 3517 2966 3572 οὖν
2993 3518 3103 3571 τῶν
3124 3515 3343 3570 τοιῶνδε
3378 3515 3473 3568 καὶ
3501 3513 3680 3567 ἄλλων

2112 3618 2274 3689 χάριν
2328 3613 2591 3669 διαϐολῶν
2634 3613 2729 3665 τὸν
2785 3610 3122 3666 Μακεδόνιον
3166 3605 3532 3678 ἐκϐεϐλῆσθαι
3580 3604 3677 3656 τοῦ

2115 3707 2330 3777 θρόνου.
2360 3706 2485 3758 Ὀτι
2506 3705 2564 3758 δὲ
2592 3702 2852 3774 ψεύδεται
2883 3702 3061 3772 μάτην
3094 3699 3548 3770 καταφερόμενος
3582 3694 3679 3749 τοῦ

2116 3800 2325 3870 ἀνδρὸς,
2356 3796 2507 3868 παρὰ
2532 3797 2699 3859 πόδας
2732 3796 2899 3859 δείξει
2934 3795 3002 3848 τά
3048 3793 3340 3863 είρημένα.
3394 3792 3546 3844 Ἐπεὶ
3571 3790 3680 3859 γάρ

2118 3893 2200 3954 είς
2247 3890 2510 3960 διαφοράν
2560 3886 2861 3941 καθίστατο
2912 3885 3143 3955 βασιλεῖ,
3188 3882 3388 3945 πολλὰς
3438 3882 3683 3941 ἐπινοίας

2120 3984 2245 4036 κατ’
2273 3982 2485 4035 ἐκείνου
2520 3980 2802 4049 ἐτύρευεν.
2844 3978 3012 4031 ὐθεν
3042 3975 3286 4038 καὶτοὺς
3313 3972 3524 4026 ἐκείνου
3557 3974 3687 4038 ἀφι-

2124 4074 2428 4146 σταμένους
2477 4073 2575 4127 σὺν
2604 4071 2746 4143 ὄχλῳ
2798 4070 3047 4125 ἐκέλευεν
3096 4065 3486 4138 ἀθροισθέντας
3516 4065 3573 4117 ἐν
3609 4064 3687 4133 τῷ

2123 4163 2240 4235 ναῷ
2289 4164 2383 4217 τοῦ
2418 4162 2810 4233 ’Δρχαγγέλου,
2851 4159 2945 4214 τὸν
2995 4157 3281 4228 τρισάγιον
3326 4152 3495 4224 ὕμνον
3546 4151 3690 4223 μετὰ

2124 4260 2227 4328 τῆς
2260 4255 2579 4328 προσθήκης
2605 4252 2851 4323 ψάλλειν.
2885 4251 2966 4323 Τῇ
2997 4250 3042 4304 δ’
3074 4247 3310 4321 ἐπιούσῃ
3339 4239 3592 4317 κυριακῇ
3622 4246 3691 4298 τὰ

2127 4349 2292 4417 ὃμοια
2324 4346 2416 4399 καὶ
2444 4345 2503 4398 ἐν
2531 4347 2595 4415 τῇ
2627 4343 2856 4415 Μεγάλῃ
2886 4341 3154 4412 ἐκκλησίᾳ
3202 4340 3443 4402 ἐποίουν,
3472 4338 3566 4390 καὶ
3597 4335 3693 4405 βά-

2132 4440 2237 4493 κλα
2265 4437 2674 4506 ἐπιφερόμενοι.
2734 4436 2793 4489 Ὀ
2821 4433 2879 4487 δέ
2913 4433 3040 4496 λαὸς
3080 4431 3230 4503 ζήλῳ
3268 4426 3703 4499 διαθερμανθεὶςο

2124 4529 2366 4601 αἰσχρῶς
2406 4528 2649 4593 ἐκείνους
2681 4527 2779 4597 τῆς
2813 4524 3109 4596 ἐκκλησίας
3146 4523 3479 4597 ἀπήλαυνον.
3523 4520 3693 4571 Ἀπα-

2128 4623 2486 4696 ρακαλύπτιος
2534 4620 2578 4673 δ’
2610 4622 2800 4673 ἔπειτα
2823 4621 2853 4672 ό
2901 4616 3124 4688 κρατῶν
3152 4616 3245 4668 καὶ
3294 4613 3556 4683 μοναχοὺς
3582 4608 3689 4659 τῶν

2124 4715 2563 4787 άπερῤηγμένων
2620 4715 2715 4767 καὶ
2780 4713 3049 4783 ἄρχοντας
3107 4707 3338 4775 ἀναίδην
3433 4703 3692 4770 άσέμνοις

2127 4810 2321 4879 ὕϐρεσι
2376 4808 2596 4878 βάλλειν
2643 4804 2831 4859 ἔπειθε
2882 4803 2976 4857 τὸν
3005 4803 3306 4856 ἐπίσκοπον
3327 4812 3344 4827 ·
3374 4790 3449 4849 ὧν
3486 4787 3566 4855 εἷς
3601 4791 3697 4844 καὶ

2138 4902 2424 4965 Ἰουλιανὸς
2472 4903 2501 4955 ὁ
2547 4898 2941 4972 Ἀλικαρνασοΰ
2989 4897 3090 4968 τῆς
3138 4893 3352 4965 Καρίας
3397 4890 3697 4949 ἐπίσκοπος

2126 4993 2215 5068 ἦν,
2248 4997 2341 5050 καὶ
2366 4995 2606 5065 Σευῆρος
2629 4996 2657 5046 ό
2687 4993 2922 5063 μοναχδς
2949 5028 2966 5054 ,
2994 4991 3045 5043 οἱ
3080 4991 3176 5043 καὶ
3208 4987 3308 5057 τῆς
3343 4985 3578 5045 πίστεως
3604 4980 3703 5033 καὶ

2128 5087 2307 5143 αὐτῶν
2333 5086 2698 5157 γεγενημένοι
2729 5084 3006 5152 πολέμιοι.
3047 5081 3173 5144 Πῶς
3196 5080 3292 5134 οὖν
3328 5079 3388 5133 δν
3414 5074 3703 5144 τυραννεῖν

2129 5176 2227 5231 καὶ
2278 5172 2525 5246 ὑϐρίζειν
2576 5172 2675 5225 καὶ
2723 5171 2812 5224 διὰ
2850 5171 2949 5239 τῆς
3002 5166 3323 5238 προσθήκης
3388 5161 3703 5233 ἠϐούλοντο,

2130 5266 2338 5321 ἐκείνου
2368 5267 2608 5336 φαίημεν
2633 5260 2772 5317 εἶναι
2796 5260 3024 5331 ταύτην,
3046 5258 3140 5311 καὶ
3179 5254 3423 5327 ἀρχηγὸν
3465 5254 3567 5320 τῆς
3600 5268 3709 5303 τοι·
3759 5320 3764 5324 ἡ

2130 5360 2299 5427 αὐτης
2363 5357 2672 5429 συγχύσεως
2691 5358 2757 5427 τῇ
2804 5352 3098 5423 Ἐκκλησία
3135 5347 3385 5419 γενέσθαι
3408 5344 3706 5424 δεξόμεθας

2133 5510 2219 5555 tus
2248 5506 2352 5569 est.
2386 5496 2779 5569 Defunctorum
2815 5493 2956 5569 bona
2989 5489 3258 5569 curiose”
3280 5484 3589 5569 inquisivit,
3651 5491 3709 5559 et

2132 5568 2405 5705 pgblilcan)‘
2469 5565 2671 5637 passim
2734 5563 2995 5620 omnibus
3063 5559 3380 5616 conciliavit
3437 5559 3702 5625 Lupiam.

2135 5654 2150 5705 ι
2201 5654 2273 5691 un
2295 5653 2373 5693 as.
2697 5703 2706 5705 _

2135 5642 2373 5708 (Suitlas.

2204 5707 2281 5780 (l)
2304 5703 2479 5779 Supra
2504 5720 2626 5779 cap.
2658 5703 2745 5761 55.
