4094 6202
481 366 583 429 917

1444 363 2039 424 ECtlLESlASTlC£
2079 362 2466 422 HlSTOIllrE
2499 363 2642 421 LIB.
2675 362 2829 421 XVI.

3644 363 3747 426 218

480 481 588 532 Τοῦ
623 480 679 531 δὲ
713 477 983 548 βασιλέως
1008 477 1105 545 τὴν
1136 476 1460 545 προσθήκην
1482 477 1689 546 ταύτην
1721 478 1893 529 θεῖναι
1917 478 2055 545 τιαρ·

2160 490 2264 542 que
2294 474 2509 528 allicere
2543 474 3163 531 voluerunt.auctorem
3193 472 3315 541 ejus
3347 486 3471 526 esse
3497 471 3694 525 dicem:
3719 490 3745 526 s

484 574 650 641 ρησέᾳ.
693 571 1051 640 θελήσαντος,
1091 572 1119 622 ὁ
1162 570 1332 639 δῆμος
1369 571 1689 631 ἁκαθέκτως
1740 566 1875 637 εἶχε,
1918 586 2058 637 σφα-

478 664 655 726 δάζων
684 664 751 716 τὰ
796 663 1037 731 ἕσχαταο
1083 664 1179 715 καὶ
1214 663 1400 715 πολλοὶ
1436 664 1538 733 μὲν
1582 666 1690 717 τῶν
1725 669 1781 718 ἐν
1822 667 1965 719 τέλει
2000 668 2058 719 ὲν

479 756 596 825 χρῷ
622 756 873 809 κινδύνου
917 756 1010 823 ὲγέ
1023 773 1195 821 νοντο,
1233 757 1414 809 πολλοὶ
1445 758 1501 810 δὲ
1524 759 1633 811 τῶν
1659 760 1945 829 ἐπισήμων
1970 761 2058 810 τό-

481 867 601 901 πων
652 849 829 918 πυρὸς
884 849 1131 916 ἐγένοντο
1190 850 1594 917 παρανάλωμα.
1666 852 1794 903 Ἀνὰ
1846 852 1901 903 δὲ
1931 852 2057 914 τοὺς

480 944 666 1002 οἴκους
714 942 960 1011 Μαρίνου
997 942 1090 993 τοῦ
1126 941 1303 1010 Σύρου
1360 944 1598 1013 χωρίτην
1646 944 1900 1011 εὑρόντες
1938 944 2056 997 τινὰ

478 1034 572 1085 τὴν
610 1034 822 1103 μονήρη
854 1031 1127 1097 διαξῶντα
1164 1033 1299 1101 βίον,
1348 1036 1445 1103 τὴν
1475 1035 1717 1104 κεφαλὴν
1753 1036 2052 1103 ἀφείλοντο.

478 1125 734 1193 λέγοντες
762 1126 835 1187 ὠς
866 1128 1079 1180 ἐκείνου
1122 1131 1244 1187 ταῖς
1295 1129 1619 1197 εἰσηγήσεσι
1671 1129 1772 1196 τὴν
1800 1129 2057 1197 τοιαύτην

481 1219 803 1287 προσθήκην
857 1218 1136 1285 γενέσθαι.
1194 1218 1301 1269 Καί
1330 1235 1435 1271 τινι
1495 1220 1669 1287 κοντῷ
1721 1220 1927 1289 ταύτην
1964 1237 2059 1288 με·

479 1310 870 1379 τεωρίσαντες,
914 1311 1151 1381 δημοσίᾳ
1196 1310 1505 1381 ἀνέκραγον
1551 1313 1752 1384 σφόδρα
1791 1312 2056 1365 διατωθα-

480 1401 693 1463 ζοντες,
734 1400 809 1463 ὡς
831 1396 985 1463 οὗτος
1020 1402 1129 1471 ἄρα
1162 1404 1249 1470 εἴη
1282 1403 1380 1471 τῆς
1423 1404 1651 1472 Τριάδῖς
1682 1404 1895 1473 ἐχθρός.
1929 1404 2053 1458 Ἐπὶ

480 1493 641 1544 τίσον
687 1493 744 1545 δὲ
790 1494 857 1545 τὰ
902 1495 1001 1559 τῆς
1036 1496 1282 1557 στάσεως
1340 1496 1420 1559 είς
1455 1497 1598 1565 μέγα
1659 1497 1822 1567 ἤρθη.
1876 1498 2055 1549 πᾶσαν

480 1586 677 1655 τέχνην
710 1588 768 1638 ὲν
809 1586 1050 1655 δευτέρῳ
1079 1586 1348 1658 τιθείσης,
1371 1589 1445 1651 ὼς
1474 1589 1567 1642 καὶ
1610 1590 1771 1641 αὐτὸν
1794 1589 1885 1642 τὸν
1914 1607 2052 1657 κρα-

486 1676 685 1729 τοῦντα
733 1679 789 1727 ἐν
821 1677 983 1745 δεινῷ
1029 1679 1352 1748 ποιούμενον
1396 1682 1456 1733 τὸ
1494 1682 1764 1750 πραχθὲν,
1796 1682 1923 1735 ἄνευ
1959 1682 2052 1735 τοῦ

490 1766 753 1834 συνήθους
784 1768 1049 1833 στεφάνου
1080 1770 1220 1823 κατὰ
1242 1771 1334 1823 τὸν
1367 1771 1728 1843 Ἰππόδρομον
1750 1774 2009 1844 παριέναι
2036 1791 2050 1805 ·

487 1858 820 1926 ἐπικηρύξαι
852 1876 909 1911 τε
937 1860 1015 1930 τῷ
1040 1861 1196 1930 δήμῳ
1222 1862 1308 1914 διὰ
1340 1864 1447 1915 τῶν
1472 1864 1747 1934 κηρύκων,
1775 1867 1833 1917 ἐν
1854 1865 2053 1934 ἑτοίμῳ

484 1944 631 2011 ἔχειν
660 1946 753 1997 καὶ
778 1946 875 2016 τῆς
900 1946 1181 2015 βασιλείας
1210 1948 1523 2012 ἐξίστασθαι
1544 1966 1559 1981 ’
1594 1950 1790 2004 ειδέναι
1821 1950 1920 2020 μέν
1947 1968 2048 2014 τοι,

485 2036 561 2105 μὴ
601 2037 822 2104 ἐφικτόν
849 2056 912 2106 γε
943 2037 1003 2091 ὃν
1040 2040 1251 2104 πάντας
1278 2041 1368 2093 ἐπὶ
1406 2040 1506 2110 τὴν
1539 2044 1796 2111 τοιαύτην
1828 2043 2055 2096 ἀναϐαί-

482 2144 594 2179 ν;ιν
620 2128 815 2199 ἀρχὴν,
860 2131 1125 2201 μηδαμῶς
1160 2133 1431 2186 πλείστων
1484 2136 1839 2205 ἁνεχομένην.
1882 2134 1977 2199 Εἷς
2010 2137 2053 2189 δ’

479 2221 687 2273 ἑσείται
725 2222 964 2287 πάντως,
1000 2225 1056 2286 ὃς
1108 2225 1225 2293 μετ’
1256 2224 1416 2278 αὐτὸν
1446 2227 1540 2278 ἐπὶ
1585 2228 1692 2278 τῶν
1723 2228 1927 2280 οἰάκων
1955 2230 2055 2297 τῆς

479 2310 783 2378 {nepetae
837 2313 1054 2380 ἀρθεὶς,
1106 2316 1277 2382 αὐτὴν
1316 2315 1818 2385 διακυϐερνήσειεν.
1872 2319 1938 2370 Ἀ
1989 2319 2055 2388 δὴ

482 2404 791 2467 πυθόμενος
816 2402 844 2454 ὁ
875 2404 973 2470 τῆς
1003 2404 1417 2457 Κωνσταντίνου
1452 2405 1609 2470 λεὼς,
1642 2406 1840 2475 ἀθρόον
1864 2406 2054 2478 ὥσπερ

484 2490 549 2545 ἐκ
576 2510 722 2555 τινος
748 2493 899 2557 (λείας
945 2495 1119 2565 ῥοπῆς
1148 2497 1491 2564 μετετίθεντο
1510 2510 1524 2525 ⁸
1559 2497 1651 2549 καὶ
1689 2498 1874 2568 ἱκέτης
1899 2498 2054 2562 αὖθις

482 2586 779 2638 καθίστατο
809 2586 1041 2655 βασιλεῖ,
1073 2588 1393 2657 περιθέσθαι
1444 2589 1534 2641 τὸν
1567 2592 1833 2657 στέφανον
1858 2606 1871 2618 ·
1895 2591 2055 2642 ὑπισ-

478 2678 771 2747 χνούμενος
825 2678 1064 2732 διαλύειν
1123 2680 1220 2750 τὴν
1273 2680 1505 2747 στάσιν,
1545 2682 1638 2735 καὶ
1713 2683 1805 2735 τοῦ
1866 2683 2053 2735 λοιποῦ

476 2771 781 2839 ἡσυχάζειν
829 2774 1123 2842 αἱρεῖσθαι,
1156 2775 1277 2826 Ἐπ’
1319 2774 1599 2844 ἐλάχιστον
1628 2776 1684 2828 δὲ
1732 2776 1825 2828 τοῦ
1863 2775 2052 2830 λοιποῦ

484 2860 687 2929 βνιὶισας
729 2862 919 2930 χρόνον
953 2866 980 2915 ὁ
1011 2865 1386 2930 Ἀναστασιος,
1432 2868 1522 2919 ἐπὶ
1551 2869 1647 2937 τὴν
1682 2868 1878 2938 ἑτέραν
1920 2867 2055 2937 μεθ-

483 2954 667 3004 ίστατο
724 2953 1115 3023 βιοτήν·ὲπτὰ
1179 2956 1271 3007 καὶ
1312 2956 1484 3008 εἴκοσι
1538 2957 1671 3026 πρὸ;
1728 2957 1862 3027 μησὶ
1905 2958 2055 3027 τρισὶ

479 3046 575 3098 καὶ
630 3045 772 3104 ἴσαις
835 3046 1070 3115 ἡμέραις
1121 3046 1319 3109 ἀθλίως
1389 3049 1484 3100 καὶ
1539 3046 1627 3100 ἐπ’
1684 3048 1894 3119 ὀλέθρῳ
1953 3049 2053 3117 τῆς

481 3136 616 3198 ιδίας
653 3137 832 3206 ψυχῆς
874 3139 973 3209 τὴν
1003 3142 1112 3191 τῶν
1158 3138 1452 3209 Ῥωμαίων
1484 3139 1659 3211 ἀρχὴν
1693 3140 2053 3211 διακυϐερνή-
2081 3147 2125 3207 C

478 3243 602 3290 σας.
643 3230 898 3299 ιιεριέχει
937 3230 994 3282 δὲ
1036 3234 1127 3284 καὶ
1160 3234 1189 3301 ἡ
1225 3231 1473 3301 παροῦσα
1540 3232 1905 3301 ἑκκαιδεκάτῃ
1959 3249 2049 3301 μοι

475 3320 585 3370 τῶν
617 3321 877 3389 ἱστοριῶν
931 3323 1121 3391 χρόνον
1149 3324 1288 3375 ἐτῶν
1336 3326 1619 3394 τεσσάρων
1659 3326 1753 3378 καὶ
1783 3326 2051 3393 τεσσαρα-

478 3425 645 3463 κοντα
682 3413 779 3463 σὺν
822 3413 957 3481 μησὶ
1009 3414 1192 3481 τρισίν
1224 3430 1237 3443 ⁸
1274 3415 1507 3483 ὁπηνίκα
1564 3415 1772 3485 κόσμου
1806 3417 1902 3485 μὲν
1930 3416 2050 3480 ἔτος

478 3502 941 3571 ἑξακισχιλιοστὸν
986 3506 1093 3568 τ5’,
1127 3507 1235 3557 ἀπὸ
1288 3506 1344 3558 δὲ
1380 3505 1477 3572 τῆς
1518 3508 1669 3568 θείας
1717 3506 1810 3558 τοῦ
1843 3506 2047 3578 Κυρίου

475 3594 784 3663 γεννήσεως
838 3597 1296 3651 πεντακοσιοστὸν
1348 3597 1595 3649 εἰκοστὸν
1674 3598 1863 3651 ἔνατον
1924 3598 2049 3648 ἑπε-

474 3684 627 3753 ραίνε
638 3703 707 3739 το.

554 3930 629 4003 (1)
665 3930 834 3986 Sicuti
877 3934 1209 3988 recentiores
1237 3933 1445 3998 volunt,
1484 3932 1640 3987 4496.

2166 578 2222 620 οι
2249 566 2441 620 ducem
2468 565 2810 619 confusionis
2837 572 2995 619 tanta:
3019 564 3071 617 in
3099 564 3343 619 Ecclesia
3373 564 3747 633 recipiemus?

2163 657 2332 709 Porro
2359 673 2485 733 eum
2526 657 2821 724 imperator
2861 654 3233 709 accessionem
3282 670 3404 709 eam
3456 656 3736 724 propalam

2162 752 2364 821 hymno
2404 749 2605 803 addere
2654 749 2839 809 vellet,
2879 748 3113 816 populus
3163 749 3517 817 impatienter
3563 748 3614 801 id
3662 748 3742 801 le-

2162 857 2309 904 reus,
2353 855 2706 907 summopere
2745 839 2913 891 animi
2945 838 3411 893 discruciabatur.
3468 840 3533 893 Et
3570 840 3730 893 multi

2161 933 2508 999 magistratus
2558 931 2613 984 in
2672 931 2975 999 periculum
3044 932 3339 983 maximum
3393 931 3731 993 inciderunt,

2160 1024 2444 1091 multaque
2476 1023 2711 1090 insignia
2748 1020 2975 1075 a‘dilicia
3018 1023 3239 1074 incensa
3274 1032 3423 1075 sunt.
3456 1024 3633 1090 Atque
3677 1022 3733 1075 iii

2158 1114 2353 1167 Marini
2396 1114 2517 1184 Syri
2562 1113 2771 1165 milibus
2826 1112 3095 1165 monacho
3141 1113 3353 1165 cuidam
3390 1113 3737 1181 deprehenso

2160 1206 2410 1259 homines
2441 1206 2693 1259 nonnulli
2735 1214 2901 1273 caput
2940 1214 3320 1272 amputaruut.
3364 1220 3599 1273 eumque
3640 1205 3737 1256 ad-

2150 1296 2409 1367 jectionis
2456 1296 2578 1365 ejus
2635 1310 2919 1348 suasorem
2956 1309 3075 1347 esse
3108 1294 3407 1346 dixerunt:
3459 1304 3513 1345 et
3558 1294 3735 1361 capite

2154 1396 2319 1439 conto
2355 1384 2408 1437 in
2441 1383 2676 1438 sublime
2725 1383 2963 1445 sublato,
3019 1382 3236 1451 publice
3290 1398 3387 1451 per
3429 1382 3731 1436 ludibrium

2156 1476 2558 1540 exclatuarunt,
2610 1476 2761 1528 illum
2816 1474 2992 1542 ipsum
3044 1474 3332 1528 Trinitatis
3370 1474 3578 1528 hostem
3613 1490 3733 1528 esse

2156 1580 2551 1625 asseverantes.
2624 1571 2697 1622 llo
2757 1584 2885 1621 vero
2938 1568 3136 1622 seditio
3192 1569 3289 1621 ista
3341 1568 3735 1638 magnitudinis

2159 1658 2440 1727 processit.
2470 1658 2702 1711 causilio
2738 1658 3091 1723 remedioque
3122 1658 3269 1711 omni
3297 1660 3636 1726 proculcato,
3669 1667 3728 1711 ut

2155 1760 2212 1803 et
2253 1750 2546 1817 imperator
2595 1749 2711 1817 ipse
2762 1760 2867 1801 tam
2922 1750 3071 1817 gravi
3135 1750 3377 1816 periculo
3427 1759 3730 1818 permotus,

2156 1845 2363 1911 absque
2412 1856 2612 1895 corona
2661 1848 2717 1892 ct
2768 1852 3034 1893 consuelo
3084 1842 3350 1906 imperiali
3407 1842 3623 1903 habitu.
3674 1844 3728 1896 in

2155 1930 2585 1999 llippodromum
2616 1929 2980 1997 procurrerit,
3004 1938 3059 1981 et
3097 1946 3194 1997 per
3226 1946 3505 1998 prmeones
3530 1932 3732 2000 populo

2154 2022 2512 2085 denuntiarit,
2547 2028 2791 2088 paratum
2823 2035 2879 2073 se
2913 2035 3033 2073 esse
3069 2021 3300 2089 imperio
3330 2022 3545 2075 cedere.
3584 2022 3731 2076 Satis

2157 2124 2283 2163 vero
2312 2124 2371 2162 se
2409 2109 2571 2172 scire,
2618 2108 2732 2162 ﬁeri
2756 2109 2978 2162 onmiuo
3028 2126 3135 2162 non
3163 2125 3343 2176 posse,
3392 2121 3453 2165 ut
3482 2112 3729 2165 universi

2153 2200 2476 2270 dignitatem
2539 2216 2696 2263 eam,
2752 2216 2874 2266 ιιιιω
2930 2201 3196 2267 plurimus
3254 2202 3477 2257 minime
3538 2202 3728 2264 let-ret.

2154 2300 2523 2360 capesserent.
2564 2291 2739 2346 Unum
2783 2301 2968 2343 autem
3024 2306 3252 2360 prorsus
3291 2304 3547 2360 oportere
3584 2309 3727 2356 esse.

2155 2383 2245 2451 qui
2278 2382 2385 2436 sibi
2411 2382 2733 2441 succedens.
2772 2392 2827 2432 et
2859 2381 3353 2435 administrationis
3380 2384 3621 2437 habenas
3650 2392 3731 2436 te-

2158 2489 2310 2537 nens,
2369 2472 2657 2539 imperium
2714 2471 3072 2540 gubernaret.
3138 2471 3295 2536 Quod
3347 2473 3438 2525 tibi
3500 2472 3735 2541 populus

2154 2561 2800 2630 Constantiuopolitauus
2834 2561 3069 2626 audivit,
3111 2564 3296 2615 subito
3327 2564 3495 2615 Veluti
3544 2563 3733 2615 divino

2155 2653 2389 2721 quodam
2429 2661 2707 2705 momento
2742 2652 2989 2705 animum
3028 2652 3293 2706 mutavit:
3330 2663 3383 2706 et
3419 2655 3735 2721 imperatori

2156 2744 2359 2807 statim,
2398 2752 2455 2796 ut
2487 2757 2745 2796 coronam
2776 2744 3105 2812 imponeret,
3138 2743 3469 2798 seditionem
3502 2760 3559 2798 se
3584 2745 3731 2799 solu-

2157 2844 2360 2899 turum,
2416 2844 2471 2888 et
2527 2835 2788 2903 deinceps
2858 2836 3183 2903 quieturum
3247 2850 3370 2889 esse
3440 2835 3737 2905 pollicitus,

2154 2926 2504 2994 supplicavit.
2564 2926 2826 2980 Perbrevi
2891 2934 3073 2980 autem
3147 2927 3346 2981 deinde
3408 2930 3736 2982 Anastasius

2158 3028 2402 3088 tempore
2450 3020 2604 3082 vixit,
2655 3021 2819 3090 paulo
2870 3029 2991 3088 post
3031 3020 3346 3085 defunctus,
3382 3035 3505 3073 cum
3544 3022 3735 3090 viginti

2157 3120 2366 3180 septem
2407 3127 2602 3174 annos,
2638 3128 2853 3167 menses
2881 3122 3011 3177 tres,
3045 3123 3101 3167 et
3129 3112 3355 3167 totidem
3403 3112 3524 3167 dies
3553 3113 3731 3167 infelio

2156 3205 2317 3267 citer,
2342 3213 2396 3256 rt
2424 3220 2548 3258 cum
2580 3204 2777 3259 anima:
2818 3221 2929 3259 sua:
2958 3205 3152 3271 exilio,
3193 3205 3486 3274 imperium
3529 3206 3733 3259 Roma-

2158 3312 2289 3349 num
2335 3296 2800 3351 administrasset.
2831 3297 3094 3351 Continct
3149 3298 3463 3352 sedecimus
3496 3296 3601 3350 iste
3646 3294 3732 3347 hi-

2160 3390 2345 3447 atoria:
2368 3390 2504 3443 liber
2528 3406 2702 3444 annos
2739 3392 3101 3459 quadraginta
3157 3399 3393 3458 quatuor
3427 3396 3481 3441 et
3516 3401 3733 3441 menses

2161 3492 2273 3535 tres
2304 3500 2316 3533 :
2347 3482 2513 3550 728
2547 3497 2687 3557 cunt
2714 3496 2743 3534 ει
2791 3482 3013 3535 condito
3048 3482 3250 3533 mundo
3286 3482 3463 3533 sexies
3495 3479 3729 3532 millesi-

2158 3589 2278 3627 mus
2307 3575 2621 3626 tricesimus
2644 3582 2871 3642 quartus
2898 3574 2999 3642 (l),
3030 3588 3058 3624 a
3083 3572 3267 3625 divina
3297 3583 3481 3625 autem
3511 3569 3728 3624 Domini

2160 3664 2442 3717 nativitate
2474 3664 2949 3733 quingentesimus
2976 3664 3274 3720 vicesimus
3311 3678 3491 3718 nonus
3530 3679 3729 3733 agere-

2162 3767 2247 3810 ιυι·
2272 3771 2468 3810 annus.
