4094 6202
393 230 537 290 -ειδ

1352 182 1956 282 uentusnsrtca
1996 218 2388 279 msroura
2431 217 2570 275 LIB.
2617 213 2811 275 xrtt.

3403 271 3430 288 χ
3582 215 3690 281 Ξὲϐ

431 346 622 410 ὥσπερ
658 338 778 392 τινὰ
802 337 1036 405 ἀμοιϐὴν
1063 337 1153 389 καῖ
1187 336 1353 404 γέρας
1400 339 1498 399 τῆς
1556 337 1826 402 τοσαύτης
1882 350 2018 401 προ-

2129 347 2242 398 qum
2274 345 2413 398 opus
2442 337 2648 392 essent,
2687 345 2782 395 per
2821 327 3184 398 Ephrzrmium
3213 342 3438 396 prorsus
3468 340 3692 397 prz‘eter-

432 434 582 494 νοίας
610 429 845 498 εἰληφὼς
867 431 930 481 ἐκ
955 428 1116 481 Θεοῦ.
1157 428 1309 479 Μετὰ
1344 427 1399 478 δὲ
1436 428 1611 494 μῆνας
1671 422 1825 485 αὖθις
1869 423 2024 492 τριάε

431 541 596 578 κοντα
633 522 737 574 ὑπὸ
775 519 1016 588 σεισμῶν
1080 518 1243 568 πάλιν
1274 518 1470 583 πάσχει
1501 517 1566 566 τὰ
1600 514 1962 582 χαλεπώτατα
2003 526 2017 540 ⁸

433 620 521 670 ὅτε
553 615 617 684 δὴ
651 614 746 667 καὶ
779 614 876 681 τῆς
911 609 1221 678 ἀνηκούσης
1253 607 1388 678 πρὸς
1411 604 1798 660 Ἰουστινιανοῦ
1826 603 2017 672 τυχοῦ-

439 727 508 761 σα
542 707 826 777 προνοίας,
869 702 966 755 καὶ
999 699 1302 761 θεούπολις
1349 697 1698 765 ὠνόμασται.
1754 693 2020 745 Ἕκαστος

435 803 544 868 γὰρ
574 799 682 848 τῶν
710 793 1014 862 οἰκητόρων
1065 789 1162 858 τὴν
1209 787 1448 855 Χριστοῦ
1515 785 1709 852 κλῆσιν
1752 783 1860 852 πρὸ
1911 783 2018 833 τῶν

437 891 616 958 θυρῶν
643 887 891 955 γράφων,
920 882 1062 936 οὕτω
1097 881 1186 933 τὸν
1213 881 1310 948 τῆς
1341 879 1442 946 γῆς
1471 878 1750 945 ἀπέτρεπε
1788 873 1976 925 κλόνον
1998 887 2014 902 '

436 979 572 1031 Θεοῦ
600 995 707 1029 τινι
735 975 840 1027 τῶν
863 971 1111 1025 εύλαϐὦν
1137 968 1278 1021 οὔτω
1308 968 1613 1037 χρήσαντος
1645 965 1881 1031 γράφειν
1914 957 2020 1027 πρὸ

437 1073 545 1122 τὰν
577 1067 782 1138 θυρῶν,
818 1064 1076 1132 Χριστές
1121 1059 1250 1129 μεθ’
1301 1057 1471 1128 ἡμῶν
1496 1073 1509 1088 ⁸
1553 1056 1756 1123 στῆτε.
1797 1054 1918 1106 Ἔτι
1963 1052 2020 1104 δὲ

438 1160 726 1213 Ἰουστίνου
759 1159 824 1227 τῇ
875 1158 1017 1225 ἀρχῇ
1073 1152 1492 1220 διαπρέποντας,
1540 1148 1635 1200 καὶ
1689 1145 2020 1212 Ἐπίδαμνος

440 1254 768 1323 (Δυρράχιον
823 1248 920 1300 νῦν
967 1247 1316 1315 ὀνομάζεται)
1372 1243 1602 1294 πλεῖστα
1656 1239 1759 1292 ὑπὸ
1810 1238 2020 1306 ἀγρίων

440 1344 683 1412 σεισμῶν
711 1341 945 1395 πέπονθε
972 1357 986 1369 ’
1027 1339 1125 1393 καὶ
1156 1336 1418 1406 Κόρινθος
1450 1335 1482 1404 ἢ
1516 1333 1618 1386 ἀνὰ
1648 1331 1746 1400 τὴν
1782 1330 1886 1398 γῆν
1921 1328 2021 1395 τῆς

453 1434 706 1495 Ἑλλάδος
737 1431 969 1498 ἵδρυται.
997 1429 1078 1481 Τὰ
1108 1430 1195 1481 ἴσα
1229 1427 1284 1480 δὲ
1344 1427 1438 1479 καὶ
1497 1421 1833 1492 Ἀνάζαρὸσς
1893 1421 2020 1470 ἐπε-

440 1527 650 1587 πόνθει,
683 1526 715 1594 ἡ
748 1524 844 1575 τοῦ
866 1522 1121 1589 δευτέρου
1156 1521 1263 1572 τῶν
1291 1518 1531 1570 Κιλίκων
1551 1514 1738 1576 ἔθνους
1759 1513 1971 1580 ἡγεῖται
2000 1525 2015 1540 ·

439 1619 506 1680 ἃς
535 1617 820 1676 Ίουστίνος
865 1614 1126 1683 μεγάλοις
1155 1613 1499 1679 ἀνεκτήσατο
1561 1607 1860 1677 χρήμασιν.
1893 1602 2018 1654 Ἐπὶ

439 1711 496 1761 δὲ
530 1708 627 1776 τῆς
653 1707 822 1772 αὐτῆς
868 1699 1168 1772 ἡγεμονίας
1203 1700 1297 1753 καὶ
1351 1703 1382 1768 ἡ
1424 1699 1532 1751 τῶν
1559 1694 1892 1765 Ἐδεσσηνῶν
1927 1693 2018 1746 εύ-

440 1803 653 1868 δαίμων
683 1800 835 1860 πόλις
859 1797 957 1864 τῆς
991 1793 1298 1866 Ὀσροηνῶν
1343 1793 1635 1861 ἐπαρχίας,
1681 1790 1914 1858 μεγίστη
1958 1803 2016 1838 τε

443 1888 560 1954 ἅμα
605 1886 699 1938 καὶ
745 1884 1194 1954 πολυάνθρωπος,
1251 1881 1328 1949 τῷ
1370 1878 1738 1949 παραρρέοντι
1789 1873 2018 1943 ποταμῷ

444 1979 657 2047 Σκίρτῳ
700 1971 993 2044 ὑπερφυῶς
1039 1973 1390 2040 κατεκλύσθη
1426 1988 1438 2002 ·
1474 1970 1570 2023 καὶ
1606 1969 1696 2022 ἐπὶ
1737 1967 1913 2031 τόσον,
1944 1966 2018 2026 ὼς

443 2075 539 2125 καὶ
567 2071 739 2125 πολλὰ
767 2072 875 2122 τῶν
931 2067 1390 2135 οἰκοδομημάτων
1453 2059 1872 2131 συνεφελκύσαι,
1925 2060 2020 2111 καὶ

446 2166 654 2234 πλῆθος
683 2164 914 2232 ἄπειρον
939 2159 1242 2229 ἀνθρώπων
1271 2154 1590 2224 παρασύραι
1619 2153 1715 2204 καὶ
1738 2147 2020 2218 ὲγκολπώο

445 2258 645 2310 σασθαι
677 2271 692 2286 ·
720 2253 812 2316 οὓς
843 2253 904 2305 τὸ
936 2251 1084 2322 ὕδωρ
1115 2249 1390 2317 ἁρπάσαν,
1421 2247 1615 2300 θᾶττον
1639 2238 2018 2313 ᾧχετοὰπιόνο

444 2351 520 2412 ὣς
549 2367 618 2409 rt;
650 2347 952 2419 χείμαρρος
983 2344 1069 2396 διὰ
1104 2344 1271 2411 μέσου
1308 2340 1450 2411 ῥέων
1496 2338 1595 2407 τῆς
1642 2335 1869 2396 πόλεως.
1900 2334 2021 2385 Λω-

447 2446 721 2512 φήσαντος
750 2439 806 2490 δὲ
838 2437 932 2490 τοῦ
965 2433 1165 2497 δεινοῦ,
1193 2433 1334 2496 πλάξ
1356 2434 1419 2484 ὲκ
1449 2430 1742 2500 μαρμάρου
1775 2428 2023 2494 ἐφαίνετο

448 2534 850 2604 ίερογλυφικοῖς
899 2530 1194 2598 γράμμασι
1236 2525 1362 2578 τάδε
1415 2523 1651 2591 δηλοῦσα
1689 2533 1705 2550 ⁶
1749 2537 1767 2570 t
1797 2519 2023 2588 Σκίρτος

449 2627 735 2696 σκιρτήσει
776 2623 921 2675 κακὰ
959 2620 1312 2688 σκιρτήματα
1339 2615 1603 2676 πολίταις.
1666 2632 1685 2664 ι
1730 2613 1909 2680 Ὠφθη
1967 2608 2024 2661 δὲ

450 2725 544 2771 καὶ
565 2719 702 2786 γυνή
736 2732 820 2778 τις
843 2713 964 2766 κατ’
991 2714 1166 2765 ἐκεῖνο
1192 2709 1387 2778 καιροῦ
1441 2706 1850 2776 γιγαντογενὴς,
1884 2700 2025 2766 ὑπὲρ

452 2811 654 2880 μέτρον
687 2809 864 2861 πάντα
896 2807 1181 2874 ἄνθρωπον
1220 2804 1564 2871 ὑπερέχουσα
1597 2814 1612 2829 ⁸
1649 2797 1914 2862 ἀνάλογον
1969 2793 2025 2844 δὲ

449 2902 526 2968 τῷ
559 2899 682 2968 ’ύψει
710 2901 806 2951 καὶ
840 2898 900 2950 τὸ
936 2897 1136 2957 πλάτος
1194 2894 1480 2960 ἐκέκτητο.
1555 2889 1615 2941 '0
1663 2889 1718 2940 δὲ
1776 2883 2027 2955 βασιλεὺς

2126 423 2392 475 mitteret.
2440 420 2595 473 llune
2621 420 2950 474 Autioeheni
2984 437 3129 474 curae
3157 431 3212 474 ct
3261 419 3694 473 administratio-

2124 514 2210 566 nis
2252 515 2370 581 ejus
2412 511 2776 564 admiratione
2822 512 3140 578 episcopum
3195 511 3462 579 deligunt.
3517 513 3692 566 Ateue

2124 603 2213 656 ille
2244 604 2424 655 sedem
2463 619 2608 664 cam,
2664 602 2894 670 perinde
2946 612 3111 670 alque
3146 603 3428 671 praimium
3470 604 3688 672 aliquod

2121 704 2285 761 atque
2314 694 2818 746 remunerationem
2854 701 3015 746 [ante
3060 709 3171 745 sua:
3200 694 3625 761 procurationis,
3660 709 3690 745 ει

2124 786 2234 838 Deo
2267 787 2558 852 reciperet,
2599 800 2705 836 non
2740 785 3072 851 repudiavit.
3122 784 3282 853 735
3321 786 3448 839 Post
3477 801 3691 839 menses

2119 886 2302 930 autem
2359 876 2602 943 triginta,
2652 875 3002 943 gravissimas
3052 892 3244 930 rursus
3288 892 3318 929 a
3377 885 3688 930 terraeintqu

2120 967 2566 1037 pertulitcadem
2603 967 2796 1020 t_'l\‘llaS
2847 983 3119 1021 terumnas
3168 986 3181 1022 :
3231 983 3352 1022 cum
3409 967 3607 1022 deinde
3660 986 3688 1020 a

2119 1059 2428 1114 Justiniano
2455 1059 2694 1111 debitam
2731 1067 3028 1112 Consecuta
3061 1068 3141 1112 est
3170 1075 3357 1112 curam
3388 1074 3482 1113 seu
3507 1062 3692 1130 provi-

2121 1153 2352 1211 sioucm,
2381 1161 2436 1204 et
2458 1149 2773 1218 Tchpolis,
2801 1151 2902 1205 hoc
2924 1161 3026 1213 est,
3056 1151 3148 1204 Dei
3173 1154 3362 1205 civitas
3388 1152 3686 1207 nominata.
3738 1205 3752 1219 ,

2121 1245 2507 1314 Unusquisque
2533 1243 2678 1298 enim
2723 1244 2924 1298 civium
2954 1244 3158 1300 Christi
3195 1263 3392 1301 nomen
3423 1264 3522 1316 pro
3558 1249 3691 1301 fori-

2121 1337 2224 1390 bus
2275 1336 2604 1404 inscribens,
2659 1351 2726 1389 eo
2783 1336 2948 1390 modo
3009 1346 3381 1390 terrmmotum
3439 1338 3686 1407 dispulit,

2122 1443 2244 1482 cum
2287 1429 2429 1482 Deus
2474 1428 2728 1496 religioso
2766 1429 2980 1486 cuidam
3038 1430 3244 1484 homini
3298 1431 3519 1484 oraculo
3576 1433 3690 1484 ba-e

2123 1520 2290 1574 verba
2342 1520 2550 1574 foribus
2607 1521 2907 1575 inscribere
2981 1522 3330 1590 praecepisset
3384 1535 3400 1574 :
3453 1521 3688 1576 Christus

2125 1613 2390 1665 nobiscum
2418 1629 2436 1666 :
2469 1620 2628 1666 state.
2667 1612 2922 1680 Ejusdem
2954 1612 3152 1666 Justini
3197 1613 3409 1682 imperii
3443 1623 3687 1682 tempore

2119 1702 2458 1769 Epidamnus
2480 1704 2668 1766 etiam,
2705 1719 2826 1772 qua:
2860 1719 3006 1756 nunc
3034 1703 3432 1773 Dyrrhachium
3459 1703 3682 1764 dicitur,

2121 1791 2354 1860 plurima
2395 1808 2422 1844 a
2456 1792 2615 1845 Suavis
2647 1793 3048 1846 terraemotibus
3075 1793 3337 1847 sustinuit
3363 1793 3582 1847 damna.
3619 1794 3683 1846 Et

2119 1883 2251 1937 item
2279 1883 2593 1949 Corinthus,
2621 1900 2741 1952 qua:
2771 1884 2822 1937 in
2857 1893 3001 1939 terra
3031 1884 3249 1940 Graeciaa
3279 1885 3380 1939 sita
3405 1895 3508 1940 est.
3539 1885 3683 1939 Idem

2121 1990 2251 2029 vero
2315 1985 2370 2028 et
2425 1975 2767 2040 Anazarbus,
2821 1992 2939 2045 quae
2970 1977 3224 2030 secunde
3255 1977 3487 2032 Cilicum
3538 1977 3686 2046 genti

2123 2074 2336 2134 prmcst,
2373 2065 2622 2134 pertulit.
2655 2064 2803 2130 Quas
2835 2066 2997 2119 urbes
3025 2082 3212 2134 magna
3247 2067 3475 2134 pecunia
3509 2067 3683 2121 Justi-

2122 2173 2226 2210 nus
2251 2159 2603 2212 restauravit.
2639 2156 2754 2210 Sub
2799 2159 2990 2212 eodetn
3024 2158 3252 2226 imperio
3289 2159 3684 2213 Edesscnorum

2122 2263 2340 2316 quoque
2401 2247 2524 2301 felix
2559 2248 2772 2310 civitas,
2805 2264 2927 2316 qua:
2956 2250 3186 2301 maxima
3236 2249 3397 2302 simul
3429 2259 3485 2302 et
3513 2266 3686 2318 pepu—

2123 2339 2392 2393 losissima
2441 2342 2493 2392 in
2552 2341 2828 2416 provincia
2891 2341 3256 2394 Osroenorum
3305 2351 3409 2402 est,
3460 2343 3692 2394 miriﬁca

2125 2428 2313 2495 Scirti,
2355 2432 2446 2499 qui
2485 2446 2603 2483 eam
2636 2431 2974 2500 praeterﬂuit,
3006 2431 3182 2485 amnis
3220 2432 3589 2485 exundatione
3637 2431 3690 2484 in

2126 2531 2337 2576 tantum
2369 2535 2454 2576 est
2485 2524 2702 2576 allii-ta.
2734 2532 2790 2574 ιιι
2827 2539 2950 2576 cum
3006 2523 3171 2576 multa
3229 2522 3455 2577 :ediﬁeia
3502 2537 3690 2576 secum

2126 2615 2384 2670 convulsa
2413 2615 2502 2668 ille
2543 2617 2892 2671 alistraxerit.
2939 2627 3051 2667 ttttn
3105 2615 3371 2668 inﬁnitam
3412 2615 3692 2670 hominum

2128 2707 2534 2760 multitudinem
2573 2707 2864 2760 abstulerit
2917 2719 3077 2774 atque
3127 2708 3509 2761 submerserit.
3546 2706 3695 2771 Quos

2127 2804 2412 2864 postquam
2445 2797 2585 2847 unda
2637 2799 2834 2863 rapuit,
2865 2797 3150 2850 confestim
3217 2797 3390 2850 instar
3437 2799 3693 2851 torrentis

2131 2901 2226 2955 per
2254 2887 2487 2938 mediam
2544 2887 2736 2938 urbem
2779 2886 3059 2954 proﬂuens
3097 2888 3339 2940 evanuit.
3393 2887 3548 2952 Quod
3600 2888 3691 2940 ubi

450 2991 564 3052 τοῖς
583 2990 727 3042 κατὰ
751 2988 860 3056 τὴν
891 2985 1167 3054 Ἀντιόχου
1189 2983 1383 3043 δεινοῖς
1412 2978 1507 3033 καὶ
1538 2979 1652 3040 τοῖς
1701 2976 1880 3030 ἄλλοις
1930 2988 2025 3025 πε-

2132 2980 2330 3032 malum
2361 2980 2696 3048 conquievit,
2738 2979 2919 3033 tabula
2947 2995 3252 3034 marmorea
3279 2981 3550 3049 apparuit,
3581 2981 3698 3035 bico
3762 3028 3780 3043 ,

455 3081 682 3152 ριαλγὴς
714 3077 975 3148 γεγονὼς,
1005 3073 1274 3145 περιελὼν
1305 3075 1403 3142 τῆς
1438 3071 1682 3140 κεφαλῆς
1731 3070 1792 3122 τὸ
1843 3067 2027 3136 διάδη-

459 3191 556 3243 μα,
591 3173 878 3242 πορφυρᾶν
911 3168 1159 3240 χλαμύδα
1189 3165 1570 3237 περιεϐάλετο,
1605 3164 1699 3215 καὶ
1730 3165 1787 3214 ὲν
1840 3161 2026 3212 πένθει

452 3262 544 3336 ἦν.
577 3265 688 3318 Καὶ
742 3267 894 3317 πᾶσα
955 3261 1000 3314 δ’
1052 3263 1085 3331 ἡ
1133 3259 1288 3320 πόλις
1342 3259 1618 3326 πενθήρης
1672 3250 1762 3324 ἦν,
1821 3255 2028 3322 μέλανα

457 3355 810 3424 ἠμφιεσμένη
838 3355 948 3416 τοῖς
971 3352 1064 3404 ἐπὶ
1095 3349 1335 3420 συμὸἄσι
1353 3349 1568 3409 δεινοῖς.
1605 3347 1665 3399 Ὀ
1695 3347 1749 3398 δὲ
1774 3343 2026 3414 βασιλεὺς

458 3451 522 3501 ού
555 3449 716 3503 μόνον
752 3445 1108 3513 Ἀντιόχειαν,
1131 3443 1268 3495 ἀλλὰ
1312 3441 1409 3494 καὶ
1431 3441 1530 3508 τὴν
1551 3439 1890 3506 Ἐδεσσηνῶν
1935 3435 2029 3489 καὶ

460 3535 798 3604 Ἀνὰςαρεον
830 3532 1124 3604 βασιλικῶς
1151 3531 1511 3599 ἀνεκτήσατο.
1530 3527 1593 3582 'H
1616 3528 1671 3581 δὲ
1699 3525 2028 3596 Ἀνάζαρϐος

460 3633 555 3683 καὶ
578 3630 812 3682 Ἔδεσσα
871 3625 1045 3688 οὕτως
1073 3627 1158 3679 ἐκέ
1197 3625 1413 3693 βάθρων
1452 3623 1546 3675 καὶ
1587 3618 2029 3690 μεγαλαπρεπῶς

461 3721 775 3792 ἠγέρθησαν
807 3719 882 3782 ὡς
906 3718 1170 3786 ἑκατέρας
1200 3717 1295 3768 καὶ
1316 3719 1382 3786 τῇ
1405 3711 1500 3766 τοῦ
1542 3711 1805 3783 βασιλέως
1860 3725 2030 3780 προσ-

464 3815 666 3886 ηγορίᾳ
725 3809 1235 3880 κατακοσμηθῆναι.
1288 3808 1445 3862 Ἐπεὶ
1509 3806 1568 3859 δὲ
1615 3803 1716 3874 τῆς
1775 3803 2033 3874 τοιαύτης

463 3906 896 3977 ἐπεμνήσθημεν
951 3903 1244 3974 συμφορᾶς
1264 3902 1407 3956 κατὰ
1450 3900 1548 3970 τῆς
1579 3899 1788 3962 πόλεως
1831 3896 2034 3950 Ἀντιό-

462 4018 584 4071 χου,
612 3999 712 4067 ἆγε
735 3998 798 4069 δὴ
829 4000 926 4053 καὶ
946 3997 1080 4051 ἄλλα
1112 3995 1238 4060 ἄξια
1279 3993 1438 4062 λόγου
1465 3989 1771 4064 τηνικαῦτα
1805 3991 2032 4060 γενόμε-

463 4112 530 4147 να
587 4095 655 4163 τῇ
693 4091 942 4162 παρούσῃ
992 4088 1202 4159 ἱστορίᾳ
1247 4085 1642 4156 ὲντάξωμεν,δ.
1691 4084 1756 4156 δὴ
1810 4086 1875 4137 ὲκ
1925 4083 2036 4137 τῶν

466 4186 876 4254 ἱστορησάντων
917 4181 1309 4250 ἁνελεξάμεθα.

2131 3070 2463 3141 roglypbicis
2490 3071 2693 3125 litteris
2730 3072 2843 3124 ha-e
2870 3073 3187 3142 signiﬁcans
3222 3091 3235 3126 :

2342 3222 2567 3278 Saltubit
2599 3225 2697 3278 civi
2729 3225 2927 3279 saltum
2959 3225 3186 3278 saltator
3223 3226 3486 3280 acerbum.

2134 3361 2258 3416 Visa
2299 3375 2429 3416 vero
2457 3361 2650 3416 eadem
2709 3371 3030 3429 tempestate
3081 3370 3165 3416 est
3194 3363 3438 3431 gigantei
3482 3365 3699 3432 generis

2131 3455 2330 3511 mulier
2357 3453 2626 3522 quaedam.
2658 3453 2896 3522 cujusvis
2924 3453 3161 3507 hominis
3189 3455 3403 3523 proceri
3435 3465 3698 3508 stituram

2131 3544 2406 3599 excellens
2475 3559 2490 3595 :
2545 3544 2871 3612 longitudini
2940 3544 2988 3596 ei
3046 3543 3400 3612 proportione
3467 3544 3701 3597 latitudo

2132 3637 2298 3691 etiam
2331 3635 2720 3703 respondebat.
2749 3635 2920 3688 Porro
2953 3633 3276 3703 ,intperator
3337 3636 3701 3690 Autiocbcnis

2134 3741 2298 3799 atque
2326 3729 2449 3784 aliis
2498 3729 2902 3784 calamitatibus
2957 3729 3010 3782 in
3060 3744 3351 3785 maerorem
3394 3732 3695 3802 coujcctus,

2133 3819 2327 3890 capitis
2360 3820 2668 3875 diademate
2719 3821 2916 3890 posito,
2950 3829 3006 3877 et
3058 3822 3202 3891 pulla
3257 3833 3409 3877 veste
3458 3833 3699 3892 sumpta,

2134 3910 2304 3965 luctui
2339 3925 2396 3965 se
2433 3910 2585 3964 dedit
2619 3929 2632 3965 :
2661 3920 2717 3966 et
2742 3911 2872 3966 urbs
2901 3912 3154 3966 universa
3208 3930 3332 3968 cum
3379 3929 3445 3968 eo
3496 3915 3698 3984 pullata

2137 4013 2193 4059 et
2233 4003 2349 4072 ipsa
2396 4019 2586 4058 eorum
2649 4019 2771 4072 qua:
2832 4003 3148 4058 acciderant
3206 4006 3470 4059 malorum
3535 4021 3698 4060 causa

2137 4097 2294 4152 luxit.
2326 4095 2630 4166 Imperator
2661 4111 2793 4151 vero
2823 4112 2926 4148 non
2970 4096 3145 4149 solum
3193 4096 3570 4165 Antiochiam,
3604 4099 3700 4153 sed

2141 4198 2195 4242 et
2229 4187 2626 4242 Edessenorutn
2663 4189 2961 4250 civitatem,
2997 4196 3161 4256 atque
3202 4189 3570 4253 Anazarbum,
3601 4190 3702 4243 im-

466 4282 654 4351 pensis
679 4279 1048 4349 imperatoriis
1083 4275 1372 4347 splendide
1421 4277 1690 4333 restituit.
1750 4277 2070 4335 Anazarbus
2107 4292 2164 4338 et
2196 4283 2395 4338 Edessa
2431 4298 2496 4337 ex
2568 4282 2932 4337 fundamen'is
2967 4283 3100 4352 ipsis
3135 4292 3279 4337 tanta
3305 4285 3702 4353 magniﬁcentia

466 4384 596 4426 sunt
654 4381 996 4430 restaurata,
1055 4381 1116 4424 ttt
1173 4379 1406 4424 utraoue
1457 4370 1624 4423 etiam
1680 4369 2032 4439 imperatoris
2072 4374 2246 4444 ipsius
2311 4374 2676 4444 appellatione
2744 4377 2816 4430 sit
2852 4376 3226 4429 cobonestata.
3252 4377 3704 4448 Quandoquidem

452 4482 600 4526 μιν»
660 4477 824 4517 tanta:
879 4463 1074 4526 cladis,
1121 4477 1244 4531 qua:
1290 4450 1598 4515 Knttochite
1650 4471 1872 4529 accepta
1929 4473 2033 4526 est,
2077 4467 2431 4520 tnenituimus
2466 4504 2480 4529 ,
2543 4481 2641 4519 cur
2700 4482 2806 4519 non
2838 4467 2942 4520 alia
2965 4481 3182 4535 quoque
3213 4467 3373 4536 digna
3404 4484 3706 4524 memoratu

469 4570 588 4631 qtf.e
616 4571 730 4613 tum
789 4560 1066 4621 accidere,
1109 4555 1365 4627 praesenti
1415 4554 1711 4609 inserimus
1772 4555 2033 4624 historiae,
2075 4576 2140 4614 ex
2177 4576 2356 4614 rerum
2391 4568 2666 4629 gestarum
2699 4562 3066 4629 scriptoribus
3102 4561 3390 4632 excerpta?

1052 4675 1302 4727 ΚΕΦΑΛ.
1357 4677 1433 4729 A'.

475 4769 608 4838 "api
640 4769 742 4822 τοῦ
777 4768 951 4837 ἁγίου
982 4770 1247 4838 ,Ζωσιμᾶ
1275 4770 1381 4822 τοῦ
1413 4765 2040 4838 ,θαυματουργοῦίκαὶ

872 4837 1144 4892 Ἰωάννου
1183 4838 1289 4891 τοῦ
1317 4837 1649 4898 Χοᾷείτου.

544 4948 652 5004 Ἷιν
688 4970 773 5013 τις
820 4951 942 5004 κατ’
997 4953 1177 5003 ἐκεῖνο
1211 4950 1408 5020 καιροῦ
1443 4954 1700 5020 Ζωσιμᾶς
1753 4953 1946 5022 ὄνομα,
1981 4953 2044 5004 ἐκ

472 5048 569 5113 τῆς
609 5044 881 5112 παραλίου
939 5044 1244 5113 λεγομένης
1275 5043 1528 5113 Φοινίκης
1556 5044 1900 5114 ὁρμώμενος,
1940 5062 2046 5096 πα-

475 5143 633 5210 τρίδα
685 5142 845 5206 Σίδην
897 5140 1358 5209 κεκληρωμένος,
1395 5139 1496 5191 οὐκ
1547 5138 1768 5190 ἔλαττον
1826 5138 1858 5206 ἢ
1913 5153 2042 5189 στα-

471 5236 619 5296 δίους
656 5235 831 5287 εἴκοσι
881 5236 978 5302 τῆς
1026 5233 1242 5301 Τυρίων
1275 5231 1695 5299 ἀπῳκισμένην,
1731 5229 1915 5289 ἄθλοις
1949 5243 2041 5295 με-

476 5326 666 5395 γάλοις
699 5325 799 5393 τὴν
838 5323 980 5376 κατὰ
1019 5322 1154 5375 Θεὸν
1197 5319 1396 5391 μετιὼν
1431 5320 1637 5390 βιοτήν.
1667 5314 1831 5378 Οὗτος
1863 5319 2043 5368 τοίνυν

476 5419 703 5489 νηστεία
753 5417 962 5487 μακρᾷ,
1027 5415 1125 5468 καὶ
1167 5417 1279 5476 τοῖς
1338 5413 1544 5477 ἄλλοις,
1602 5407 1683 5474 οἷς
1733 5412 1866 5464 θεὸν
1895 5411 2043 5472 εἰκὸς

474 5512 724 5585 ἥδεσθαι,
750 5513 938 5564 τοῦτον
959 5509 1470 5579 ἑνστερνισὰμενος,
1492 5508 1553 5560 ού
1587 5507 1748 5578 μόνον
1775 5503 2044 5567 ἀπαθείας

549 5627 625 5697 (Ι)
650 5627 840 5694 Evagr.
873 5624 966 5678 Ith.
1011 5639 1084 5690 IV,
1131 5637 1248 5691 cap.
1283 5623 1335 5676 7.

2657 4679 2819 4749 733
2846 4677 3072 4733 CAPUT
3105 4675 3189 4730 tv.

2146 4769 2222 4824 De
2251 4781 2432 4824 sancta
2462 4771 2673 4825 Zosima
2726 4770 3108 4823 miraculorum
3156 4768 3377 4837 editorc,
3422 4779 3471 4825 et
3503 4770 3711 4826 Joanne

2773 4840 3079 4894 Cliozcbita.

2216 4954 2347 5007 Erat
2377 4964 2490 5007 tum
2528 4955 2789 5024 temporis
2821 4953 2896 5023 (l)
2921 4954 3169 5008 Zosimas
3198 4953 3420 5022 quidam
3461 4956 3707 5022 nomine,

2145 5061 2212 5101 ex
2261 5045 2536 5101 Pbmuicia
2567 5087 2582 5112 ,
2639 5062 2760 5116 qua:
2806 5046 3081 5100 maritima
3127 5046 3368 5111 ducitur,
3422 5048 3713 5112 oriundus,

2150 5138 2334 5194 Sidam
2370 5139 2602 5208 patriam
2654 5138 2909 5201 sortitus,
2965 5153 3086 5206 quae
3141 5154 3251 5192 non
3310 5139 3492 5193 minus
3550 5155 3714 5207 quam

2151 5228 2339 5296 viginti
2373 5227 2564 5282 stadiis
2593 5228 2662 5282 ab
2707 5227 2994 5297 Tyriorum
3047 5231 3182 5284 urbe
3212 5233 3379 5284 distat
3410 5248 3422 5281 :
3455 5233 3547 5298 qui
3602 5247 3716 5282 ma-

2149 5321 2274 5389 gnis
2330 5319 2729 5374 certaminibus
2783 5321 3061 5375 cu‘lestezn
3117 5322 3485 5376 meditabatur
3520 5322 3710 5374 vitam.

2152 5410 2252 5465 llic
2314 5412 2580 5465 diuturno
2650 5412 2862 5482 jejunio
2939 5413 3171 5482 aliisque
3233 5413 3452 5476 stadiis,
3515 5412 3717 5480 quibus

2155 5504 2326 5558 Deum
2362 5504 2620 5561 delectari
2654 5519 2750 5574 par
2791 5513 2892 5570 est,
2946 5516 3057 5561 toto
3114 5507 3266 5560 illum
3302 5515 3522 5573 pectore
3569 5518 3719 5556 com-
