4094 6202
386 300 488 362 ἳιἹ

1615 290 2033 351 NICEPHORI
2074 290 2422 352 CALLlSTI

3523 280 3627 346 218

390 415 484 477 sit.
514 413 707 470 mortis
736 410 1068 483 supplicium
1101 408 1360 470 minatus.
1387 408 1429 463 si
1459 407 1578 477 quis
1628 407 1951 461 feminarum
1985 456 1986 459 η

2092 405 2202 470 θαι,
2229 406 2390 468 εἴτις
2441 405 2534 458 ἐπὶ
2561 402 2641 483 *τὸ
2695 402 2802 456 τῶν
2862 400 3140 469 γυναικῶν
3179 397 3488 471 χαράκωμα
3529 404 3602 454 ἴοι

390 507 592 561 vallum
660 507 938 575 ingressus
989 512 1156 558 esset.
1199 500 1314 554 Sub
1352 500 1467 554 lucc
1513 497 1956 566 exploratoribus

393 596 779 668 Carthaginem
810 595 993 649 missis
1017 592 1320 658 mandavit,
1341 591 1431 645 ubi
1466 589 1691 644 Vandali
1725 589 1777 641 in
1800 601 1959 656 expe-

391 671 600 742 ditione
639 687 865 742 militari
899 685 952 739 in
981 684 1242 754 templum
1261 681 1697 738 Christianorum
1729 676 1952 746 aliquod

392 792 494 846 per
523 775 782 844 iniuriatn
814 773 1212 829 contumeliose
1262 771 1562 843 quidquam
1604 768 1869 829 lacerent,
1901 776 1962 820 ut

392 864 492 934 ipsi
518 864 761 934 quidem.
792 879 855 919 ea
886 879 1007 934 qua:
1053 865 1270 923 flerent,
1303 867 1612 930 spectarent
1638 875 1650 910 :
1675 866 1958 926 postquam

392 966 576 1010 autem
609 954 835 1010 Vandali
858 969 926 1022 ex
959 969 1024 1008 eo
1059 954 1182 1008 loco
1214 951 1606 1014 decessissent,
1649 949 1868 1002 diversa
1905 955 1962 1000 et

315 1083 318 1086 ~
394 1048 672 1103 contraria
725 1047 912 1102 omnia
971 1047 1024 1101 in
1059 1045 1348 1100 delubrum
1405 1043 1482 1106 id,
1514 1040 1678 1112 750
1711 1040 1856 1094 unde
1885 1037 1962 1092 illi

393 1141 684 1203 abiissent,
712 1139 976 1195 facerent.
1011 1137 1150 1192 Illud
1170 1137 1339 1192 etiam
1369 1150 1493 1190 eum
1525 1133 1732 1187 dixisse
1757 1131 1961 1196 lerunt,

398 1245 459 1286 se
485 1230 707 1300 quidem
742 1229 908 1284 Deum
962 1241 1123 1298 quem
1182 1223 1478 1281 Christiani
1511 1219 1966 1288 colerent,-igno-

394 1337 556 1388 rare;
617 1331 1040 1376 consentaneum
1090 1333 1220 1372 vero
1260 1326 1314 1370 et
1342 1330 1440 1386 par
1473 1329 1620 1377 esse,
1671 1311 1965 1381 siquidem.

400 1411 549 1480 quod
579 1411 878 1475 diceretur,
906 1410 1062 1463 fortis
1089 1417 1395 1477 potensque
1416 1412 1579 1465 esset,
1605 1411 1666 1457 ut
1685 1417 1808 1455 eum
1834 1416 1968 1454 eon-

396 1512 697 1572 temptores
721 1502 965 1556 numinis
1018 1501 1102 1554 sui
1134 1499 1515 1561 ulcisceretur,
1573 1505 1688 1550 tum
1728 1494 1969 1548 cultores

398 1601 670 1648 tueretur.
697 1593 884 1662 Itaque
909 1592 1301 1662 speculatores,
1335 1597 1624 1658 postquam
1686 1583 1974 1654 Carthagi-

398 1699 527 1740 nem
569 1694 856 1754 venerunt,
887 1700 985 1754 per
1007 1684 1178 1737 otium
1223 1680 1298 1735 ibi
1355 1681 1636 1749 quievere,
1706 1675 1973 1733 Vandalo-

2059 498 2216 552 Μετὰ
2243 496 2299 549 δὲ
2337 479 2569 565 πέμψας’
2612 499 2689 558 είς
2727 495 3052 565 Καρχηδόνα
3089 494 3469 555 κατασκόπους
3499 493 3629 546 ἐπέο

2059 604 2221 639 ταττε
2249 587 2394 640 τάδε.
2427 587 2685 640 Ἐπειδὰν
2715 588 2761 638 ol
2793 585 3036 637 Βανδίλοι
3076 584 3168 635 ἐπὶ
3199 583 3302 652 τὴν
3337 584 3629 652 στρατείαν

2064 675 2372 746 βαδίζοντες
2401 673 2457 736 ἐς
2491 691 2614 728 τινα
2641 675 2776 728 νεὼν
2807 674 3104 744 ὑϐρίσωσιν
3133 673 3192 724 ὃν
3223 673 3272 724 οἱ
3305 671 3630 740 Χριστιανοὶ

2065 768 2334 832 σέϐονται,
2374 769 2570 828 αὐτοὺς
2620 768 2716 836 μὲν
2773 768 2976 835 ἐφορᾷν
3011 765 3078 828 τὰ
3113 765 3377 832 γινόμενα
3405 777 3417 791 ·
3446 762 3541 815 ἐὰν
3570 762 3628 814 δὲ

2063 862 2112 914 ol
2147 861 2388 914 Βανδίλοι
2425 861 2484 912 τὸ
2512 859 2712 928 χωρίον
2752 857 3051 925 ἀμείψωσι,
3100 855 3278 907 πάντα
3317 854 3491 905 ποιεῖν
3538 853 3632 904 τά-

2065 954 2254 1006 ναντία
2289 953 2366 1012 εἰς
2395 952 2454 1004 τὺ
2491 949 2656 1018 ἱερὸν,
2681 948 2740 1012 ἐξ
2774 945 2834 1001 οὗ
2863 947 2907 1001 δ’
2951 946 3017 999 ἂν
3049 946 3250 998 ἐκεῖνοι
3313 942 3631 1012 βαδίσαντες

2065 1046 2343 1115 οἴχωνται.
2391 1039 2668 1096 Ἐπειπεῖν
2701 1040 2758 1093 δέ
2794 1040 2958 1094 αύτδν
2984 1041 3079 1090 καὶ
3115 1035 3276 1090 τοῦτό
3321 1052 3486 1104 φασιν
3514 1072 3530 1099 ,
3557 1034 3633 1096 ὡς

2066 1138 2255 1204 ἀγνοοῖ
2303 1135 2401 1204 μέν
2441 1134 2536 1187 τδν
2570 1131 2701 1184 Θεὸν
2752 1132 2811 1183 δν
2861 1122 2909 1182 oi
2964 1128 3287 1198 Χριστιανοὶ
3335 1125 3582 1178 σέϐονται
3613 1139 3631 1154 θ

2069 1229 2214 1291 εἰκὸς
2243 1229 2300 1281 δέ
2327 1227 2490 1280 αὐτόν
2542 1222 2728 1294 φησιν,
2759 1224 2811 1276 εῐ
2838 1239 2946 1292 περ
2987 1205 3206 1290 ἰσχυρός
3239 1221 3411 1285 ἐστιν,
3445 1217 3520 1278 ὡς
3548 1216 3636 1267 λέ-

2069 1338 2247 1390 γεται,
2277 1320 2533 1373 τίσασθαι
2568 1320 2665 1386 μὲν
2686 1316 2812 1377 τοὺς
2835 1313 3181 1383 ὑϐρίζοντας,
3207 1306 3411 1380 ἀμῦναι
3433 1310 3489 1362 δέ
3520 1310 3635 1371 τοῖς

2071 1411 2486 1482 θεραπεύουσιν.
2525 1411 2587 1463 Οἱ
2629 1407 2728 1478 μὲν
2763 1406 2857 1460 οὖν
2911 1405 3248 1459 κατάσκοποι
3297 1403 3354 1464 ἐς
3413 1403 3637 1468 Καρχη-

2070 1504 2195 1558 δόνα
2221 1504 2467 1564 ἐλθόντες
2515 1501 2831 1571 ἐσχόλαζον,
2857 1498 2957 1566 τὴν
2989 1494 3349 1567 παρασκευὴν
3372 1492 3479 1544 τῶν
3501 1493 3637 1542 Bav-

2071 1595 2229 1648 δίλων
2264 1592 2553 1662 θεώμενοι.
2593 1591 2810 1660 Ἐπειδὴ
2840 1589 2897 1642 δέ
2923 1590 2982 1640 τδ
3016 1587 3332 1657 στράτευμα
3369 1583 3468 1652 τὴν
3509 1579 3640 1649 Τρί-

2074 1688 2230 1741 πολιν
2263 1686 2452 1757 ᾔεσαν,
2483 1685 2741 1754 σχήματα
2788 1679 3247 1752 περιϐεϐλημένοι
3293 1674 3527 1729 ταπεινὰ
3558 1673 3639 1725 εἴ·

403 1792 526 1832 rum
547 1787 864 1848 apparatum
898 1777 1025 1831 belli
1053 1783 1385 1845 spectantes.
1417 1773 1521 1830 Ubi
1542 1786 1675 1826 vero
1696 1770 1974 1826 exercitus

2092 1793 2260 1831 τοντο.
2285 1777 2347 1828 Ol
2369 1774 2427 1827 δέ
2455 1771 2701 1826 Βανδῐλοι
2728 1770 2802 1832 ὡς
2833 1768 3016 1839 ἡμέρᾳ
3039 1768 3103 1836 τῇ
3127 1764 3318 1834 πρώτῃ
3343 1761 3643 1832 ηὐλίσαντο

403 1884 598 1924 eorum
631 1868 896 1939 Tripolim
921 1882 1116 1922 versus
1138 1873 1270 1931 iret,
1299 1865 1477 1920 viliori
1509 1863 1701 1918 habitu
1727 1869 1968 1930 sumpto,

405 1959 690 2015 subsecuti
727 1970 877 2014 sunt.
910 1959 1084 2013 l'orro
1117 1956 1346 2013 Vandali
1375 1957 1462 2012 die
1499 1956 1675 2026 primo
1697 1955 1752 2008 in
1786 1952 1976 2008 Chris-

401 2054 678 2108 tianorum
731 2053 945 2123 templis
1008 2039 1368 2113 manserunt,
1413 2056 1470 2102 et
1529 2047 1768 2100 inductis
1821 2046 1876 2100 in
1909 2060 1974 2099 ea

400 2146 559 2214 equis
576 2134 632 2199 et
654 2145 918 2215 iumentis
938 2144 1082 2208 aliis,
1109 2142 1244 2195 nihil
1275 2140 1342 2196 de
1384 2140 1585 2211 injuria
1611 2138 1976 2192 contunielia-

403 2255 512 2310 que
570 2241 752 2308 aliqua
808 2237 1000 2306 reliqui
1038 2236 1334 2305 quidquam
1395 2233 1594 2288 fecere.
1630 2232 1696 2286 Et
1755 2231 1975 2285 lascivia

404 2333 744 2401 libidineque
763 2346 859 2385 sua
883 2329 988 2393 usi,
1018 2327 1403 2382 sacerdotibus
1419 2340 1562 2396 quos
1587 2326 1974 2394 arripuissent,

405 2423 663 2490 colaphOs
693 2422 1058 2490 impegerunt,
1092 2427 1147 2471 et
1176 2417 1349 2487 plagis
1380 2416 1566 2470 multis
1586 2417 1638 2471 in
1671 2425 1823 2485 tergo
1847 2415 1979 2470 alle-

405 2525 620 2578 eerunt,
645 2513 1064 2580 subservireque
1093 2523 1188 2562 eos
1205 2510 1308 2564 sibi
1343 2518 1658 2576 coegerunt.
1684 2507 1976 2575 Postquam

407 2623 539 2662 vero
561 2607 847 2662 celerrime
884 2607 1011 2660 inde
1047 2605 1441 2662 discesserunt,
1476 2600 1748 2654 Cabaonis
1787 2599 1978 2667 explo'

409 2707 642 2762 ratores,
668 2699 956 2768 quaeipsis
983 2697 1238 2750 mamlata
1275 2703 1452 2757 erant,
1503 2692 1702 2746 fecere.
1756 2689 1980 2758 Templa

410 2807 647 2862 namque
716 2790 1004 2846 confestim
1075 2795 1466 2859 repurgarunt,
1521 2794 1576 2839 et
1608 2780 1983 2853 purgamentis

409 2887 645 2955 aliisque
675 2885 862 2949 rebus,
883 2900 1004 2952 quae
1039 2882 1115 2936 ibi
1151 2881 1334 2934 minus
1359 2886 1547 2932 sancte
1584 2877 1779 2946 posita:
1801 2881 1978 2934 erant,

414 2994 540 3034 cum
576 2992 709 3032 cura
750 2986 804 3030 et
847 2974 1127 3045 diligentia
1181 2971 1394 3040 ejectis,
1449 2971 1551 3024 rite
1586 2968 1768 3021 omnia
1801 2965 1986 3033 dispo-

414 3087 599 3136 suere,
631 3072 888 3124 lucernas
903 3083 1098 3122 omnes
1129 3064 1443 3124 incendere.
1477 3061 1791 3117 sacerdotes
1818 3073 1989 3112 vene-

414 3163 627 3217 ratione
682 3161 887 3232 ingenti
930 3161 1185 3223 coluere,
1211 3167 1267 3211 et
1321 3153 1663 3208 humanitate
1706 3151 1812 3203 alia
1838 3146 1986 3202 omni

415 3258 693 3327 prosecuti
759 3264 910 3307 sunt.
962 3251 1263 3321 Argentum
1323 3261 1546 3316 quoque
1576 3239 1986 3308 mendicis,qui

415 3351 623 3404 circum
672 3343 855 3402 sa'cras
903 3345 1048 3400 aides
1109 3339 1491 3401 considebant,
1519 3335 1814 3390 dederunt.
1878 3334 1993 3387 lloc

417 3453 578 3513 pacto
611 3441 686 3495 illi
719 3437 1086 3496 Vandalorum
1115 3435 1301 3502 copias
1333 3440 1462 3485 sunt
1505 3443 1633 3483 secti
1665 3429 1702 3481 i.
1734 3428 1795 3479 Et
1819 3425 1886 3478 ab
1926 3440 1992 3478 eo

421 3550 668 3604 tempore
693 3535 747 3588 in
773 3529 1111 3602 profectione
1147 3538 1201 3581 et
1236 3525 1434 3579 itinere
1499 3531 1610 3576 toto
1651 3519 1874 3574 Van-.lali
1927 3515 2024 3583 ad,

422 3633 567 3683 hunc
617 3629 794 3696 ipsum
832 3623 1051 3678 modum
1105 3627 1418 3689 pecearunt.
1453 3614 1834 3682 Speculatores
1870 3625 1997 3663 vero

424 3730 709 3789 peccatum
733 3732 924 3772 eorum
948 3719 1331 3767 correxerunt.
1381 3706 1643 3762 Sedenim
1707 3720 1830 3757 cum
1860 3701 2000 3755 Van-

424 3814 534 3868 dali
568 3813 678 3882 iam
711 3826 818 3864 non
843 3808 1002 3874 longe
1032 3807 1099 3858 ali
1133 3819 1200 3857 eo
1229 3816 1391 3872 quem
1423 3797 1824 3869 petebantioco
1848 3795 2001 3849 abes-

424 3915 568 3969 sent,
596 3911 981 3973 pracvertentes
1009 3913 1103 3952 eos
1121 3895 1519 3963 exploratores,
1549 3888 1790 3944 Cabaoni
1815 3887 2000 3941 Omnia

425 4014 489 4050 ea
532 4012 654 4066 quae
687 4005 740 4049 et
769 3991 993 4048 Vandali
1030 3999 1085 4043 et
1116 3987 1217 4056 ipsi
1278 3986 1329 4038 in
1365 3983 1804 4040 Christianorum
1867 3988 2003 4033 tem-

429 4089 536 4157 plis
591 4081 1223 4148 fer-issent,retulcruut,
1266 4086 1432 4145 atque
1469 4074 1786 4139 hostesiam
1828 4085 2001 4142 prope

426 4181 620 4235 adesse
687 4175 1092 4231 renuntiarunt.
1147 4171 1357 4239 Quibus
1391 4169 1480 4222 ille
1516 4165 1682 4220 rebus
1744 4165 1999 4233 cognitis,

432 4287 608 4344 pugna
663 4285 788 4324 cum
843 4267 952 4328 illis
997 4276 1081 4320 est
1121 4274 1471 4332 congressus.
1523 4257 1582 4312 in
1601 4271 1668 4310 eo
1696 4254 2001 4309 certamine

434 4365 585 4419 multi
617 4361 868 4424 Vandali,
894 4359 1033 4414 sicut
1079 4357 1194 4425 ipse
1248 4352 1448 4422 inquit,
1505 4348 1777 4403 interfecti
1825 4356 1952 4400 sunt
1986 4386 2001 4410 ,
2039 4387 2045 4394 .

2073 1873 2130 1932 ἐς
2156 1869 2283 1931 τοὺς
2314 1865 2450 1929 νεὼς
2483 1864 2594 1918 τῶν
2623 1859 2988 1932 Χριστιανῶν,
3015 1857 3145 1919 τούς
3172 1873 3231 1909 τε
3259 1855 3460 1914 ἵππους
3490 1851 3558 1906 τά
3581 1866 3642 1902 τε

2074 1961 2210 2016 ἄλλα
2245 1959 2358 2023 ζῶα
2412 1956 2801 2024 ἐσαγαγόντες,
2846 1950 3060 2024 ὖϐρεώς
3091 1966 3150 2003 τε
3199 1946 3460 2016 οὐδεμιᾶς
3507 1943 3643 1998 ἁπε-

2077 2053 2349 2118 λεῐποντο,
2369 2053 2463 2104 καὶ
2484 2050 2638 2103 αὐτοὶ
2659 2046 2928 2117 ἀκολασίᾳ
2957 2047 3022 2114 τῇ
3051 2043 3294 2112 σφετέρᾳ
3318 2039 3640 2110 ἐχρήσαντο.

2077 2145 2217 2208 Τούς
2246 2163 2303 2198 τε
2335 2145 2502 2215 ἱερεῖς
2535 2141 2628 2203 οὒς
2658 2140 2900 2204 λάϐοιεν,
2932 2135 3234 2207 ἐρρἀιζὸν
3265 2151 3348 2196 τε,
3393 2130 3492 2185 καὶ
3531 2127 3648 2194 Eui-

2079 2255 2259 2299 νοντες
2318 2235 2460 2289 κατὰ
2513 2234 2608 2286 τοῦ
2661 2231 2835 2285 νώτου
2866 2229 3089 2290 πολλὰς,
3124 2218 3422 2294 ὑπηρετεῖν
3456 2223 3646 2290 σφίσιν

2079 2326 2411 2397 ἠνάγκαζον.
2455 2322 2676 2390 Ἐπειδὴ
2711 2322 2768 2374 δέ
2800 2321 3031 2388 τάχιστα
3067 2316 3275 2370 ἐνθένδε
3325 2312 3648 2382 ἀπηλλάγη-

2082 2438 2203 2485 σαν,
2231 2418 2447 2470 ἐποίουν
2490 2417 2538 2467 οἱ
2567 2413 2658 2466 τοῦ
2693 2409 2997 2464 Καϐαώνου
3032 2406 3392 2468 κατάσκοποι,
3420 2402 3520 2455 ὅσα
3553 2399 3652 2452 αύ-

2079 2511 2188 2570 τοῖς
2218 2505 2568 2559 ἐπετέτακτο.
2593 2501 2677 2556 Τά
2722 2516 2782 2552 τε
2817 2501 2922 2568 γὰρ
2956 2497 3076 2566 ίερὲ
3109 2493 3381 2564 καθῄρουν
3413 2490 3609 2543 αὐτίκα
3632 2503 3650 2520 ο

2081 2602 2180 2669 τήν
2217 2615 2277 2651 τε
2308 2597 2514 2665 κόπρον
2558 2594 2656 2647 καὶ
2683 2593 2736 2645 ετ
2766 2609 2818 2644 τι
2867 2590 2998 2644 ἄλλο
3036 2589 3134 2657 οὐχ
3181 2586 3344 2646 ὁσίως
3399 2582 3656 2635 ἐπέκειτο

2085 2691 2184 2744 σὺν
2212 2679 2502 2758 ἐπιμελέίᾳ
2547 2684 2899 2753 ἀφελόμενοι,
2930 2680 3114 2743 καλῶς
3143 2677 3437 2732 διετίθεντο
3456 2690 3472 2707 ο
3499 2673 3568 2726 τά
3593 2688 3653 2724 τε

2082 2782 2253 2852 λύχνα
2281 2779 2469 2834 ἔκαιον
2493 2780 2732 2840 ἅπαντα,
2758 2775 2854 2828 καὶ
2877 2775 3000 2836 τοὺς
3022 2773 3204 2843 ἱερέας
3224 2769 3363 2822 αἰδοῖ
3389 2769 3454 2838 τῇ
3485 2763 3656 2834 πολλῇ

2085 2873 2528 2946 προσεκύνησαν,
2559 2870 2656 2922 καὶ
2678 2872 2745 2939 τῇ
2768 2867 2902 2938 ἄλλῃ
2922 2862 3294 2934 φιλοφροσύνῃ
3316 2859 3658 2928 ὴσπόισαντοο

2085 2965 2328 3037 ἀργύριά
2355 2981 2416 3017 τε
2465 2965 2580 3026 τοῖς
2629 2962 2868 3030 πτωχοῖς
2917 2958 3121 3018 δόντες,
3151 2954 3201 3008 οἳ
3236 2954 3379 3023 ἀμφὶ
3412 2951 3483 3004 τὰ
3530 2949 3655 3019 ἱερὰ

2088 3063 2262 3116 ταῦτα
2292 3058 2584 3124 ἐκάθηντο.
2608 3055 2769 3110 Οὕτω
2792 3054 2848 3107 δέ
2876 3053 2943 3122 τῇ
2974 3049 3262 3118 Βανδήλων
3309 3045 3538 3115 στρατιᾷ
3582 3043 3660 3095 εῖ-

2095 3167 2255 3204 ποντο
2281 3164 2294 3179 °
2333 3151 2429 3202 καὶ
2460 3145 2568 3200 ἀπὸ
2613 3144 2805 3198 τούτου
2856 3141 2998 3195 κατὰ
3055 3141 3154 3207 τὴν
3189 3138 3308 3190 όδδν
3364 3135 3660 3204 σύμπασαν

2095 3246 2143 3296 οί
2195 3241 2443 3294 Βινδίλοι
2497 3239 2638 3292 κατὰ
2690 3235 2865 3288 ταῦτα
2921 3233 3261 3303 ἡμάρτανον,
3289 3231 3384 3282 καὶ
3417 3224 3667 3280 οἱκατά-

2098 3351 2289 3387 σκοποι
2319 3330 2673 3400 ἐθεράπευον.
2711 3325 2930 3396 Ἐπειδὴ
2960 3325 3017 3378 δὲ
3047 3321 3221 3394 ἀγχοῦ
3255 3319 3478 3374 ἔσεσθαι
3502 3316 3666 3388 ἐμελ-

2096 3428 2209 3490 λον,
2236 3422 2683 3494 προτερήσαντες
2709 3419 2760 3471 οἱ
2793 3418 3157 3481 κατάσκοποι,
3211 3412 3539 3482 ἀγγέλλουσι
3586 3407 3667 3478 τῷ

2100 3515 2378 3586 Καϐαὼνῃ
2407 3502 2526 3567 ’ὅσα
2559 3510 2838 3570 Βανδίλοις
2867 3525 2926 3561 τε
2969 3508 3063 3560 καὶ
3098 3506 3282 3574 σφίσιν
3321 3505 3376 3567 ἐς
3411 3503 3482 3556 τὰ
3530 3503 3668 3570 Χρι-

2100 3603 2334 3658 στιανῶν
2366 3601 2486 3672 ἱερὰ
2517 3601 2797 3670 εἴργαστο,
2848 3597 2942 3650 καὶ
2989 3596 3158 3663 ἐγγύς
3203 3612 3307 3648 που
3339 3593 3388 3646 οἱ
3418 3593 3666 3661 πολέμιοι

2103 3696 2213 3752 εἷεν
2237 3712 2251 3727 ⁸
2283 3699 2310 3750 ό
2343 3695 2401 3750 δὲ
2427 3693 2687 3757 ἀκούσας,
2724 3692 2779 3753 ἐς
2808 3689 2908 3760 τὴν
2935 3688 3209 3760 ξυμϐολὴν
3239 3689 3558 3742 καθίστατο.
3604 3684 3676 3738 Οί

2104 3792 2204 3862 μὲν
2252 3784 2348 3842 οὖν
2398 3787 2607 3849 πολλοὶ,
2641 3784 2714 3846 ὥς
2760 3801 2915 3853 φησι,
2961 3781 3232 3834 Βανδίλων
3263 3779 3669 3848 διεφθάρησανδ

2103 3884 2211 3936 εἰσὶ
2242 3883 2298 3934 δὲ
2327 3879 2376 3933 οῖ
2407 3879 2500 3932 καὶ
2541 3877 2645 3930 ὑπὸ
2675 3879 2789 3938 τοῖς
2833 3875 3114 3943 πολεμίοις
3163 3874 3414 3939 ἐγένοντο
3441 3886 3460 3904 ο
3494 3869 3672 3936 ὀλίγοι

2103 3991 2161 4027 τε
2189 3971 2386 4040 κομιδῇ
2422 3971 2486 4021 ἐκ
2521 3965 2614 4020 τοῦ
2650 3964 2881 4036 στρατοῦ
2935 3965 3128 4017 τούτου
3163 3963 3250 4015 ἐπ’
3290 3963 3442 4015 οἴκου
3475 3962 3678 4013 ἀπεκο-

2107 4065 2404 4138 μίσθησαν.
2430 4059 2614 4114 Ταῦτα
2649 4059 2747 4128 μὲν
2777 4055 3189 4127 Τράσαμούνδῳ
3220 4055 3411 4106 παθεῖν
3441 4051 3518 4120 τῷ
3541 4051 3680 4104 Βαν-

2103 4157 2231 4226 δίλῳ
2261 4155 2365 4206 om.
2396 4149 2750 4218 Μαυρουσίων
2786 4149 3001 4216 ἐγένετο
3020 4161 3033 4176 ⁸
3067 4146 3126 4198 ού
3162 4143 3340 4214 πολλῴ
3360 4143 3419 4197 δὲ
3445 4142 3676 4214 ὕστερον

2107 4248 2363 4303 ἐτελεύτα
2396 4245 2488 4298 τὸν
2522 4244 2658 4313 βίον,
2705 4241 2847 4295 ἐπτὰ
2904 4240 2999 4293 καὶ⁵
3031 4238 3240 4291 εἴκοσιν
3271 4239 3542 4300 ἐνιαυτοῖς
3579 4234 3677 4288 τοῦ

2108 4339 2379 4394 Βανδέλων
2403 4337 2591 4398 ἔθνους
2621 4333 3023 4406 ἡγεμονεύσας.
3056 4331 3168 4400 Πρὸ
3189 4331 3247 4384 δέ
3277 4331 3494 4393 τούτου,
3517 4327 3681 4381 Γούν-

433 4456 591 4512 multi
625 4456 694 4510 ab
750 4451 1003 4506 hostibus
1033 4449 1199 4516 capti,
1229 4447 1384 4516 pauci
1419 4457 1548 4498 sane
1576 4457 1640 4494 ex
1662 4456 1726 4494 eo
1752 4439 1986 4494 exercitr

2108 4431 2280 4500 δαμος
2323 4426 2620 4496 Ὀνωρίχου
2675 4426 2824 4487 παῖς,
2864 4422 3088 4490 ἔκγονος
3122 4421 3180 4475 δέ
3218 4422 3508 4492 Γιζερίχου
3533 4434 3547 4449 ο
3600 4412 3674 4470 ὧν

382 4587 385 4622 γ
434 4549 660 4603 domum
689 4543 893 4599 reversi
911 4551 1056 4596 sunt.
1090 4536 1606 4594 llaccTrasanmndo
1637 4533 1713 4603 (Ι)
1760 4529 2003 4587 Vandalo

436 4637 784 4696 aMaurusiis
805 4633 1158 4690 acciderunt:
1195 4631 1288 4700 qui
1325 4644 1432 4682 non
1452 4627 1625 4680 multo
1659 4631 1780 4692 post
1832 4621 1996 4675 vitam

437 4732 598 4794 liniit,
617 4743 741 4782 cuin
761 4726 948 4794 viginti
973 4734 1028 4779 et
1049 4733 1258 4791 septem
1279 4721 1439 4774 annis
1461 4715 1828 4772 Vandalorum
1853 4713 2004 4783 genti

439 4821 748 4892 prmfuissct
795 4834 809 4868 :
852 4825 978 4870 ante
1028 4815 1172 4867 hunc
1222 4796 1402 4865 autem
1432 4806 1752 4862 Gundamus
1797 4803 1873 4871 (ἓ)
1905 4801 2010 4854 llo—

439 4911 653 4967 noriclii
689 4910 858 4973 Illius,
881 4903 1205 4962 Genzericlii
1231 4913 1414 4955 autem
1445 4912 1636 4966 nepos,
1677 4893 1998 4950 duodecim,

444 4985 789 5059 Ilonorichus
817 5015 947 5055 vero
967 5009 1086 5053 octo
1112 5009 1287 5049 annos
1320 5007 1544 5062 regnum
1578 4984 2007 5042 adminiStravit.

442 5097 600 5170 751
627 5093 1038 5150 Trasamundus
1088 5091 1163 5160 (5)
1214 5090 1316 5142 iste
1353 5084 1551 5140 eximia
1585 5083 1781 5144 forma,
1809 5078 2009 5133 animi-

443 5206 550 5261 que
582 5187 760 5257 magni
781 5187 883 5248 vir,
907 5189 972 5238 ad
993 5179 1441 5236 Theudorichum
1463 5177 1792 5231 Catulorum
1822 5187 2007 5240 regem

520 5330 596 5398 (l)
621 5321 1039 5398 Trasamundus
1070 5316 1345 5398 Vandalus
1369 5315 1802 5398 ortliodorriruiii
1830 5308 2020 5398 .liostis

446 5380 770 5456 acerrimus.
813 5395 867 5448 in
918 5391 1100 5450 Africa
1139 5388 1246 5441 2:20
1297 5386 1584 5453 episcopos
1630 5386 1682 5437 in
1707 5380 2016 5456 Sardiniam

449 5450 732 5537 relegavit,
761 5450 963 5537 quibus
1013 5450 1377 5537 Symmachus
1399 5527 1407 5536 ο
1429 5450 1589 5537 liora.
1622 5453 1852 5537 antistes
1872 5450 2018 5503 elee-

450 5521 731 5608 ιιιοεῖγιιαῐιί
755 5521 1149 5608 quotidianam“
1185 5526 1440 5608 submisit
1463 5521 1737 5593 (lliacon.)

525 5588 956 5677 iiz‘iiiamimen
992 5602 1085 5654 alii
1109 5588 1534 5665 Candabyudum
1563 5589 1779 5657 vocant,
1823 5588 2018 5645 crude-

453 5681 560 5734 lem
628 5677 1037 5732 Catliolicorum
1099 5677 1534 5738 persecutorem.

528 5753 604 5815 (τό)
640 5744 1050 5803 Trasaniundus
1071 5734 1394 5796 decessurus
1428 5734 1828 5800 lliltlericlium,
1856 5745 2018 5799 quem

2109 4527 2138 4577 ό
2171 4522 2271 4593 μὲν
2305 4519 2513 4574 δώδεκα
2542 4517 2661 4588 ἐτη,
2691 4516 2834 4569 ὀκτὼ
2860 4515 2917 4568 δέ
2952 4514 3245 4585 Ὀνώριχος
3272 4508 3432 4583 ἧρξεο
3457 4512 3681 4581 Τρασαο

2117 4613 2343 4684 μοῦνδος
2372 4611 2430 4666 δὲ
2477 4611 2620 4681 ἀνὴρ
2669 4609 2845 4672 εἴδους
2876 4603 2933 4662 εὖ
2965 4606 3108 4677 ἔχων
3158 4608 3250 4660 καὶ
3275 4603 3676 4674 μεγαλόψυχος,

2114 4707 2251 4778 πρὸς
2279 4703 2601 4774 Θευδέριχον
2630 4703 2845 4772 ἔπεμπε
2873 4699 3100 4770 βασιλέα
3121 4700 3228 4755 τῶν
3250 4697 3486 4761 Γὸτθων,
3506 4694 3679 4762 Ἀμα-

2116 4797 2419 4853 λασούνθαν
2451 4795 2688 4865 ἀδελφὴν
2717 4793 2896 4847 αὑτοῦ.
2916 4793 3053 4862 πρὸς
3082 4791 3260 4860 γάμον
3281 4789 3488 4842 λαϐεῖν.
3532 4786 3596 4840 '0
3624 4785 3683 4837 δέ

2115 4891 2300 4944 δίδωσι
2329 4889 2424 4943 καὶ
2451 4888 2654 4957 χιλίου;
2713 4886 2928 4939 Γότθων
2961 4880 3332 4943 ὑπασπιστὰς,
3371 4879 3467 4933 καὶ
3491 4879 3683 4946 ἐτέρας

2122 4982 2283 5036 πέντε
2310 4978 2553 5050 χιλιάδας
2601 4976 2916 5045 δορυφόρων
2951 4975 3104 5040 τάξιν
3135 4969 3504 5041 πληροῦντας.
3545 4963 3687 5020 Τού-

2118 5090 2214 5126 του
2249 5071 2308 5125 δέ
2335 5066 2781 5137 τελευτήσαντος,
2836 5065 3128 5134 ἰλδέριχος
3167 5063 3195 5115 δ
3228 5059 3529 5130 Ὀνωρίχου
3589 5055 3684 5109 τοῦ

2122 5164 2408 5234 Γιζερίχου
2461 5161 2671 5224 παιδὸς,
2731 5158 3136 5222 ἐϐασίλευσεν,
3189 5156 3328 5225 ἀνὴρ
3378 5153 3552 5222 πρᾶος
3596 5148 3700 5202 καὶ

2125 5303 2217 5358 alii
2249 5299 2659 5355 Cliilderichum
2702 5293 3001 5362 appellant,
3071 5285 3697 5362 sacramento_iurisiu-

2119 5373 2274 5425 randi
2307 5371 2620 5430 obstrinxit,
2701 5359 3111 5417 ne'Catholicis
3143 5375 3384 5428 unquam
3439 5359 3689 5411 lateret:

2130 5457 2255 5495 nam
2286 5454 2614 5510 propensum
2647 5449 2787 5510 (ιιιιιι⁸
2805 5433 2871 5486 ad
2909 5433 3030 5485 illos
3059 5430 3510 5508 conipleclendos
3574 5438 3697 5478 eSSe

2130 5499 2615 5566 aninmdv'erterat.
2675 5507 2743 5555 At
2777 5503 2890 5570 ipse
2929 5517 3098 5568 regno
3127 5510 3357 5569 potitus,
3413 5499 3700 5570 episcopos

2130 5582 2466 5634 oi-tliodoxos
2501 5577 2569 5629 ab
2624 5566 2818 5628 exsilio
2859 5566 3164 5629 revocavit,
3218 5571 3407 5636 eisque
3437 5566 3701 5636 ecclesias

2132 5650 2510 5703 rart'ornianilas
2543 5644 2918 5699 demandavit.
2948 5642 3080 5706 Qua:
3116 5654 3202 5693 res
3228 5639 3280 5693 ei
3305 5634 3449 5707 apud
3484 5634 3696 5689 Vanita-

2131 5723 2208 5776 los
2239 5722 2466 5775 Arianos
2506 5717 2682 5771 lraudi
2707 5714 2831 5768 luit.
2856 5711 3052 5784 (Diae)
