4094 6202
421 346 517 409 ΞἸ

1626 341 2047 401 NlCEi’llORl
2087 341 2431 400 CALLISTI

3535 333 3645 396 ἓεὲ

421 469 602 508 autem
655 454 853 521 templa
909 469 1003 507 sua
1056 464 1473 522 recuperarunt,
1526 455 1678 525 juxta
1723 455 1978 525 Cyptiani

2087 452 2578 521 τατροπωσάμενος
2625 447 3004 516 Βελισσάριος,
3034 448 3223 500 ἔπειτα
3250 448 3305 510 ἐς
3349 446 3647 510 Βυζαντῖον

423 547 677 615 martyris
707 544 1138 612 praedictionem.
1164 544 1243 611 Ad
1269 544 1383 600 lta-c
1406 545 1703 613 Pron'opius
1732 547 1822 600 illa
1846 561 1983 615 quo-

421 652 527 706 que
586 636 861 690 memmiae
910 636 1248 705 posteritatis
1296 637 1720 691 commendavit.
1775 637 1983 692 Belisa-

424 730 588 791 rium,
624 727 716 781 ubi
744 726 812 780 de.
838 726 1095 782 Vandalis
1134 728 1292 782 victis
1324 736 1524 796 tropma
1552 728 1853 791 statuisset,
1884 729 1984 799 By-

420 819 661 873 zantium
698 817 931 883 rediisse
984 833 1106 871 cum
1154 818 1348 886 spoliis
1398 828 1453 873 et
1504 819 1650 873 bello
1696 827 1978 888 captorum

418 909 704 964 hominum
737 908 1089 963 multitudine
1122 909 1329 976 ingenti
1362 928 1376 965 :
1426 911 1482 964 in
1523 910 1724 979 quibus
1762 918 1816 964 et
1841 909 1983 965 Gelio

419 1017 538 1057 mer
564 1003 784 1056 illorum
820 1002 929 1055 dux
960 1001 1085 1055 fuit.
1132 1002 1493 1072 Triumphum
1529 1002 1641 1072 egit
1684 1002 1981 1059 Belisarius

421 1094 477 1147 in
531 1092 895 1161 hippodromo
930 1109 943 1145 :
998 1095 1049 1146 in
1081 1108 1191 1160 quo
1221 1108 1344 1146 cum
1387 1093 1490 1147 alia
1532 1094 1702 1149 multa
1744 1094 1984 1148 admira-

421 1187 571 1239 tione
601 1186 783 1255 digna,
833 1194 947 1238 tum
984 1186 1259 1253 praecipue
1301 1185 1526 1239 donaria
1560 1185 1761 1255 ingenti
1807 1185 1856 1239 vi
1890 1201 1984 1252 pc-

423 1274 707 1328 cuniarum
755 1275 1042 1335 a-stimata,
1100 1284 1310 1343 portata
1355 1285 1522 1328 sunt:
1582 1289 1700 1343 qua:
1756 1274 1984 1330 donaria

423 1363 819 1418 Genzerichnm
843 1374 1001 1419 antea
1028 1365 1262 1419 diximus
1283 1365 1465 1419 Romae
1490 1378 1832 1428 convasasse,
1856 1382 1980 1421 eum

423 1454 497 1507 ibi
530 1454 585 1508 in
621 1455 825 1523 regiam
871 1465 1123 1525 receptus
1151 1465 1317 1519 esset,
1347 1465 1399 1509 et
1433 1457 1629 1524 templa
1674 1455 1984 1517 invasisset.

422 1545 542 1610 Quo
593 1556 840 1615 tempore
886 1546 1098 1603 scilicet
1154 1544 1397 1599 Eudoxio
1446 1545 1834 1609 Valentiniani,
1889 1547 1983 1616 qui

420 1635 770 1692 Occidentale
836 1637 1167 1707 gubernavit
1230 1637 1546 1705 imperium,
1596 1637 1817 1706 coniux,
1880 1637 1982 1692 sub

421 1727 653 1781 Maximo
681 1737 931 1799 tyranno,
956 1736 1246 1796 postquam
1279 1727 1438 1780 simul
1464 1737 1521 1781 et
1547 1726 1725 1781 virum
1759 1743 1856 1795 per
1883 1742 1986 1782 ea:—

2093 545 2291 606 ἆνεισι,
2324 545 2393 596 τά
2427 560 2486 595 τε
2521 543 2737 610 λάφυρα
2765 541 2859 592 καὶ
2895 540 2954 592 τὸ
2990 540 3100 591 τῶν
3128 536 3478 607 ἀνδραπόδων
3510 537 3649 588 ἐπα-

2092 634 2324 705 γόμενος
2353 633 2553 701 πλῆθος
2578 649 2591 662 ’
2623 634 2721 686 σὺν
2751 626 2833 694 οἷς
2878 631 2974 684 xui.
3009 630 3240 698 Γελίμερ
3278 629 3306 680 ὀ
3346 628 3553 681 τούτων
3582 624 3650 697 ἦν

2093 726 2370 796 ἀρχηγός·
2402 724 2499 776 xui.
2542 722 2808 793 θρίαμϐος
2843 722 2943 790 μὲν
2991 720 3139 789 αύτῷ
3169 720 3313 773 κατά
3355 719 3447 772 τὸν
3487 720 3652 772 ίππό-

2092 816 2291 885 δρομον
2312 815 2546 869 ἐτελεῖτο
2570 830 2585 844 ο
2618 817 2675 867 ἐν
2695 807 2739 880 ᾧ
2769 829 2831 880 γε
2861 811 3033 866 πολλά
3058 811 3157 879 μὲν
3178 812 3274 864 καὶ
3299 809 3435 865 ἄλλα
3461 810 3650 880 εἰσῆγε

2092 907 2370 977 θαύματος
2395 907 2541 972 ἄξια,
2573 906 2667 958 καὶ
2701 903 2961 974 κειμήλια
2987 902 3044 956 δὲ
3067 902 3405 967 παμπόλλων
3430 901 3649 970 χρημέιο

2092 1018 2201 1052 των
2228 998 2537 1069 τιμώμενα,
2597 998 2633 1053 ἃ
2694 997 2972 1066 Γιζέριχον
3018 995 3228 1064 ἔφαμεν
3264 994 3651 1062 ίστορήσαντες

2092 1090 2155 1141 ἐκ
2196 1088 2412 1159 Ῥώμης
2460 1089 2710 1156 συλῆσαι,
2758 1085 2865 1138 τῶν
2892 1084 3204 1154 ἀνακτόρων
3233 1082 3381 1134 ἔνδον
3427 1081 3652 1149 γενόμε-

2094 1196 2183 1232 νον
2207 1195 2222 1211 ·
2253 1178 2487 1249 ὁπηνίκα
2543 1177 2768 1240 Εὐδοξία
2812 1177 2845 1246 ἡ
2878 1170 3290 1230 Βαλεντινιανοῧ
3329 1171 3564 1241 γαμετὴ,
3594 1171 3649 1230 ὃς

2092 1272 2191 1339 τὴν
2219 1271 2318 1338 τῆς
2354 1269 2626 1338 Ἐσπέρας
2661 1269 2867 1321 διεῖπεν
2919 1266 3114 1336 ἀρχὴν,
3157 1266 3260 1317 ὑπὸ
3300 1264 3537 1333 Μαξίμῳ
3574 1263 3650 1327 τῷ
3690 1266 3695 1273 ’

2092 1363 2344 1434 τυράννῳ
2371 1363 2462 1416 τόν
2494 1380 2553 1414 τε
2594 1362 2762 1431 ἄνδρα
2797 1360 2945 1429 φόνῳ
2974 1358 3410 1426 ἀποϐαλλομένη,
3466 1357 3555 1408 καὶ
3594 1356 3651 1415 ἐς

2092 1456 2193 1524 τὴν
2223 1453 2581 1524 σωφροσύνην
2622 1451 3092 1523 περιῢϐρισθεῖσα,
3133 1447 3512 1519 μετεστείλατο
3559 1445 3650 1498 τδν

2098 1545 2399 1615 Γιζέριχον,
2435 1545 2713 1615 εἰσιτητήν
2739 1545 2788 1596 οί
2818 1542 3070 1610 γενέσθαι
3098 1541 3195 1593 καὶ
3222 1540 3321 1608 τὴν
3344 1540 3399 1600 ἐς
3432 1536 3650 1605 Ῥώμην

2094 1636 2301 1690 εἴσοδον
2332 1636 2754 1705 ἐγγυησαμένη·
2788 1634 2876 1686 ὅτε
2909 1632 2972 1701 δὴ
3005 1631 3100 1684 καὶ
3131 1630 3230 1700 τὴν
3268 1627 3490 1697 Ῥώμην
3522 1627 3650 1679 tivu-

2091 1728 2271 1792 λώσας
2301 1730 2458 1798 πυρὶ,
2505 1729 2604 1795 τὴν
2645 1725 2904 1790 Εύδοξίαν
2956 1724 3175 1791 σύναμα
3202 1723 3324 1783 ταῖς
3371 1720 3515 1789 τρισὶ
3559 1717 3650 1770 Ou-

419 1820 543 1874 tlem
578 1820 869 1883 amisisset,
904 1829 961 1874 et
990 1820 1042 1872 in
1082 1820 1391 1873 castitatem
1417 1819 1537 1888 ejus
1563 1819 1781 1873 illusum
1811 1827 1978 1883 esset,

2083 1822 2350 1894 γατράσιν
2382 1825 2437 1882 ἐς
2459 1821 2743 1885 Βανδίλους
2772 1818 3082 1890 ἀπήγαγεν.
3108 1815 3245 1867 Τότε
3275 1814 3364 1880 δὴ,
3398 1813 3518 1867 τότε
3552 1814 3652 1865 σὺν

418 1926 544 1964 eum
582 1911 852 1976 evocavit,
882 1910 1106 1965 ductum
1144 1911 1194 1965 ei
1242 1919 1406 1979 atque
1453 1910 1755 1981 ingressum
1791 1912 1845 1964 in
1889 1925 1983 1964 ur-

420 2000 545 2056 ltem
591 2001 891 2055 Romanam
935 1982 1199 2071 pollicita.
1237 2001 1313 2055 lbi
1345 2016 1474 2055 vero
1527 2000 1625 2056 ille'
1669 2011 1725 2056 et
1752 2002 1979 2056 Romam

418 2091 528 2161 igni
560 2092 812 2157 vastavit,
847 2101 901 2148 et
930 2092 1232 2147 Eudoxiam
1265 2108 1391 2147 cum
1425 2092 1641 2147 duabus
1667 2091 1884 2147 ﬁliabus
1912 2092 1980 2147 ad

314 2244 331 2259 '
416 2182 692 2239 Vandalos
722 2184 968 2240 abduxit.
1004 2184 1162 2255 753
1196 2186 1274 2239 Eo
1302 2186 1421 2254 ipso
1453 2193 1698 2254 tempore
1726 2200 1832 2239 una
1856 2199 1980 2241 cum

416 2274 538 2329 aliis
573 2276 788 2331 eximiis
814 2277 968 2331 urbis
997 2275 1336 2330 ornamentis
1368 2275 1534 2330 etiam
1556 2275 1804 2341 donaria,
1830 2292 1981 2346 quze-

416 2382 638 2435 cunque
684 2366 1005 2436 Vespasiani
1050 2366 1195 2420 filius
1234 2366 1413 2432 Titus,
1459 2368 1633 2436 captis
1675 2365 1984 2438 Hierosoly-

422 2455 547 2519 mis,
573 2456 802 2510 Romam
827 2456 1147 2526 pertulerat,
1175 2465 1232 2512 et
1259 2456 1514 2511 Salomon
1548 2457 1824 2526 quondam
1847 2458 1978 2522 Deo,

419 2562 582 2616 quem
615 2547 668 2601 in
698 2547 894 2616 primis
920 2546 1112 2613 coluit,
1145 2546 1443 2612 dicaverat,
1484 2545 1859 2602 Genzcricltus
1891 2563 1947 2600 ra

417 2640 558 2709 pnit.
604 2638 735 2706 Quae
787 2639 1008 2708 quidem
1060 2640 1242 2694 omnia
1303 2638 1978 2703 Justinianus,Cbristum

414 2732 587 2786 Deum
613 2742 857 2787 nostrum
884 2731 1111 2787 mirifice
1134 2732 1432 2797 ltonorans,
1463 2730 1857 2798 Hierosolyma,
1882 2731 1979 2785 ubi

416 2823 567 2892 prius
583 2839 799 2894 quoque
826 2831 1143 2877 consecrata
1166 2823 1383 2877 fuerant
1402 2822 1632 2877 remisit.
1661 2822 1804 2895 Dicit
1824 2822 1981 2878 insu-

416 2932 515 2982 per
546 2916 688 2970 idem
722 2915 1026 2985 Procopius
1060 2914 1390 2970 Gelimerem
1425 2914 1499 2982 (l)
1545 2922 1659 2968 tum
1693 2916 1750 2967 in
1787 2913 1979 2984 hippo-

347 3075 352 3079 _
414 3010 631 3071 dromo,
656 3008 748 3062 ubi
777 3008 1076 3077 imperator
1107 3005 1407 3075 praesidens
1433 2998 1696 3075 tr'iumplii
1724 3019 1977 3074 pompam

414 3099 716 3169 spectabat,
751 3098 901 3152 bumi
936 3098 1238 3168 projectum
1272 3096 1449 3166 patria
1487 3095 1673 3165 lingua
1703 3096 1851 3151 illam
1882 3097 1983 3152 So-

414 3191 650 3245 lomanis
679 3190 1007 3245 sententiam
1037 3189 1331 3267 protulisse
1362 3205 1375 3243 :
1412 3189 1630 3244 Vanitas
1660 3188 1975 3252 vanitatem,

412 3287 591 3338 omnia
630 3284 861 3339 vanitas.
894 3282 1055 3336 Aliud
1100 3295 1319 3351 quoque
1362 3280 1663 3348 Procopius
1699 3290 1974 3345 recenset,

413 3377 558 3447 quod
608 3392 770 3431 nemo
818 3384 1017 3445 praeter
1056 3389 1180 3429 eum
1226 3389 1293 3429 ex
1328 3372 1569 3442 antiquis
1613 3372 1979 3442 scriptoribus

414 3468 693 3523 memoria:
725 3468 986 3537 prodidit,
1014 3465 1264 3521 miraculi
1295 3464 1716 3519 admirationem
1758 3479 1976 3519 omnem

414 3560 709 3615 excedens.
750 3559 891 3613 Dicit
933 3573 1194 3628 namque,
1217 3557 1548 3623 Maurusios,
1583 3555 1975 3611 occidentalem

417 3652 603 3722 Libya:
635 3659 873 3721 gentem,
917 3650 1223 3718 antiquitus
1266 3648 1552 3702 Palaestina
1596 3647 1873 3717 expulsos,
1922 3648 1977 3702 in

413 3742 734 3798 occidentali
767 3757 829 3796 ea
863 3741 1047 3811 Libya:
1077 3756 1173 3795 ora
1198 3739 1535 3804 consedisse,
1559 3754 1654 3794 eos
1680 3754 1811 3793 vero
1834 3754 1975 3802 esse,

414 3848 552 3901 quos
571 3833 884 3901 Gergeszeos
905 3845 1073 3885 sacrae
1092 3829 1317 3883 Littera!
1353 3838 1410 3884 et
1439 3829 1719 3883 Jebusaeos
1739 3839 1939 3884 vocant
1960 3820 1977 3883 ι’

414 3925 658 3992 aliasque
701 3923 927 3993 insuper
956 3930 1167 3992 gentes,
1199 3936 1334 3991 quas
1365 3921 1493 3976 Jesu
1524 3921 1673 3975 Nave
1703 3921 1846 3976 filius
1879 3922 1978 3974 de-

412 4016 587 4070 victas
615 4014 871 4069 domibus
899 4015 1016 4068 suis
1044 4014 1229 4083 ejeeit.
1260 4013 1408 4069 llanc
1436 4028 1551 4068 rem
1581 4028 1767 4067 veram
1804 4012 1978 4066 maxi-

413 4123 501 4160 me
524 4122 666 4171 esse,
712 4116 928 4161 vetusta
968 4105 1203 4175 quadam
1256 4106 1618 4176 inscriptione
1664 4106 1975 4173 confirmat,

408 4214 573 4269 quam
600 4216 660 4255 se
700 4199 791 4254 ille
828 4199 1027 4266 legisse
1063 4198 1317 4262 tes’tatur,
1342 4198 1664 4253 Phoenicum
1699 4199 1977 4268 composi-

408 4299 518 4345 tam
553 4291 751 4346 litteris
794 4290 861 4345 ad
895 4291 1100 4344 fontem
1133 4290 1447 4359 quemdam,
1479 4288 1574 4344 ubi
1609 4290 1729 4343 dure
1758 4305 1976 4359 quoque

408 4383 675 4437 columnas
699 4398 765 4436 ex
796 4382 1030 4437 candido
1058 4381 1237 4451 lapide
1267 4382 1520 4437 excitata:
1548 4381 1775 4437 fuerint.
1802 4381 1975 4438 Litte-

2088 1917 2201 1978 τοῖς
2230 1914 2412 1976 ἄλλοις
2442 1911 2699 1978 ἐξαισίοις
2723 1910 2820 1979 τῆς
2846 1909 3073 1969 πόλεως,
3102 1908 3196 1959 καὶ
3223 1906 3323 1958 ὅσα
3343 1906 3371 1956 ὁ
3400 1904 3650 1957 Οὐεσπα-

2086 2004 2271 2059 σιανοῦ
2312 2006 2423 2067 uti;
2448 2003 2631 2068 Τίτος,
2664 1998 3268 2071 ἐξανδραποδισάμενος
3318 1994 3387 2048 τὰ
3421 1993 3651 2064 Ἰεροσόο

2082 2098 2250 2167 λυμα,
2285 2080 2366 2160 είς
2405 2094 2629 2164 Ῥώμην
2659 2094 2867 2164 ἤγαγεν
2898 2090 3248 2160 ἀναθήματα,
3279 2087 3313 2141 ἃ
3335 2084 3588 2154 Σολομῶν
3620 2087 3647 2138 ό

2083 2187 2251 2243 πάλαι
2271 2188 2399 2242 Θεὸν
2421 2184 2629 2254 ἐξοσιού
2639 2202 2796 2254 μενος
2819 2180 3074 2247 ἀνετίθει,
3097 2182 3220 2250 ἔσχε
3244 2179 3444 2232 λαϐών.
3467 2178 3607 2230 "Arta
3616 2194 3647 2245 ρ

2082 2279 2297 2334 ἅπαντα
2350 2273 2724 2341 Ἰούστινανδς,
2748 2274 3112 2344 διαφερόντως
3136 2272 3369 2343 Χριστὸν
3401 2272 3491 2322 τὸν
3512 2269 3645 2320 θεὸν

2081 2371 2240 2441 ἡμῶν
2267 2370 2565 2440 γεραίρων,
2589 2369 2669 2429 είς
2702 2365 3058 2436 Ἰεροσόλυμα
3087 2365 3251 2418 πάλιν
3292 2362 3642 2431 ἀνέπεμπεν,

2081 2461 2213 2513 ὅπου
2257 2460 2320 2530 δὴ
2356 2462 2448 2513 καὶ
2498 2458 2768 2526 πρότερον
2818 2454 3195 2523 ἀνετέθησαν·
3247 2452 3382 2522 φησὶ
3416 2451 3473 2503 δέ
3520 2452 3642 2501 τότε

2078 2552 2350 2623 Γελίμερκ
2404 2554 2432 2606 δ
2472 2550 2775 2621 Προκόπιος
2810 2546 2952 2601 κατὰ
3002 2547 3106 2616 γῆς
3151 2544 3507 2615 ἐρριμμένον,
3548 2544 3640 2594 ἐπὶ

2081 2645 2171 2697 τὶν
2197 2646 2534 2712 ἱππόδρομον
2563 2642 2657 2695 τοῦ
2689 2640 2953 2711 βασιλέως
2976 2638 3420 2710 προκαθημένου,
3453 2637 3547 2689 καὶ
3578 2636 3668 2687 τὰ.

2080 2720 2340 2807 δρώμενα
2394 2735 2695 2804 θεωμένου,
2741 2736 2806 2804 τῇ
2851 2731 3061 2803 πατρία
3121 2730 3344 2800 γλώσσῃ
3376 2728 3437 2782 τὸ
3490 2727 3647 2780 Σολο-

2085 2828 2347 2898 μώντειον
2380 2829 2557 2882 ἐκεῖνο
2591 2827 2800 2880 εἰπεῖν·
2824 2824 3170 2889 Ματαιότης
3196 2817 3635 2889 ματαιοτήτων,

2081 2922 2155 2977 τὰ
2183 2920 2380 2974 πάντα
2401 2921 2750 2990 ματαιότης.
2781 2918 2889 2971 Καὶ
2924 2916 3114 2986 ἓτερον
3144 2914 3203 2966 δέ
3236 2930 3401 2982 φησιν
3433 2914 3460 2965 ὁ
3504 2911 3645 2979 Προ-

2082 3015 2295 3081 κόπιος,
2342 3014 2371 3067 ὃ
2408 3013 2482 3084 μή
2534 3031 2617 3077 τις
2649 3014 2806 3075 ἄλλος
2839 3011 2948 3064 τῶν
2981 3012 3049 3063 τὰ
3085 3009 3286 3077 ἀρχαῖα
3330 3020 3642 3071 συγγεγρα-

2083 3106 2261 3174 φότων
2310 3104 2586 3174 ἱστόρησε,
2637 3105 2819 3157 πᾶσαν
2849 3100 3156 3171 ὑπερϐολὴν
3206 3096 3497 3167 τεραστίου
3550 3095 3642 3145 ἐκ-

2080 3196 2280 3250 ϐαῖνον.
2316 3196 2479 3263 Λέγει
2518 3194 2698 3248 τοίνυν
2727 3193 2803 3256 ὡς
2845 3195 2894 3247 oi
2938 3191 3280 3261 Μαυρούσιοι
3322 3189 3383 3240 τὸ
3423 3187 3638 3240 Λιϐύων

2077 3289 2185 3343 τῶν
2219 3288 2356 3359 πρδς
2406 3288 2650 3356 ἑσπέραν
2681 3286 2853 3349 ἔθνος,
2906 3286 3072 3340 πάλαι
3117 3284 3248 3337 ποτὲ
3293 3282 3393 3349 τῆς
3438 3280 3634 3332 Παλαι-

2080 3381 2266 3450 στίνης
2292 3381 2724 3445 ἀπαναστάντες,
2755 3382 2809 3444 ἐς
2834 3379 2902 3432 τὰ
2928 3378 3278 3448 προσέσπερα
3306 3375 3405 3443 τῆς
3431 3374 3639 3441 Λιϐύης

2078 3472 2437 3544 κατῴκησαν·
2495 3474 2719 3535 τούτους
2760 3470 2805 3524 δ’
2860 3468 3021 3535 εἶναι,
3062 3468 3156 3531 οὓς
3209 3465 3571 3537 Γεργεσαίους
3614 3464 3641 3514 ὁ

2080 3568 2223 3636 ίερδς
2252 3567 2408 3636 λόγος
2443 3566 2596 3634 φησὶ,
2643 3567 2737 3616 καὶ
2774 3562 3159 3623 Ἰεϐνυσαίους,
3238 3559 3331 3612 καὶ
3377 3557 3446 3611 τά
3473 3556 3639 3609 λοιπὰ

2077 3658 2185 3712 τῶν
2222 3657 2412 3719 ἐθνῶν,
2456 3656 2555 3709 ὅσα
2584 3656 2648 3726 δὴ
2694 3658 2721 3708 ὁ
2753 3654 2846 3708 τοῦ
2887 3654 3045 3721 Ναυῆ
3089 3651 3294 3719 Ἰησοῦς
3337 3647 3640 3703 καταπολε-

2081 3749 2278 3817 μήσας,
2312 3730 2486 3801 ἐποίει
2533 3747 2844 3800 ἀνάστατα·
2878 3746 2971 3797 καὶ
3020 3744 3305 3797 πιστοῦται
3354 3742 3444 3793 τὸν
3479 3741 3636 3806 λέγον

2077 3839 2253 3909 ἀληθῆ
2298 3837 2365 3890 τὰ
2414 3839 2561 3907 μάλα
2593 3838 2907 3907 τυγχάνειν,
2943 3838 3002 3903 ἐξ
3041 3834 3269 3904 ἀρχαίου
3322 3832 3466 3893 τινὸς
3515 3832 3638 3884 ἐπι-

2077 3932 2425 4001 γράμματος,
2475 3931 2592 4001 ὃδὴ
2643 3932 2735 3983 καὶ
2785 3931 2947 3992 αὐτὸς
3003 3930 3213 3991 ἐκεῖνος
3268 3927 3637 3993 ἀνεγνωκέναι

2078 4024 2233 4092 φησὶ,
2267 4022 2529 4075 Φοινίκων
2583 4021 2942 4091 συγκείμενον
2990 4019 3352 4090 γράμμασινο
3404 4016 3639 4085 ἄγχιστα

2076 4114 2133 4168 δὲ
2174 4114 2382 4184 κρήνης
2414 4109 2556 4166 εἶναι
2592 4111 2752 4166 τοῦτό
2783 4128 2947 4176 τινος,
2981 4110 3110 4163 ἔνθα
3155 4109 3219 4180 δὴ
3252 4107 3462 4162 καὶδύο
3501 4107 3631 4174 στῆ-

2076 4207 2166 4261 λαι
2217 4207 2525 4275 ἐγείρονται
2588 4204 2738 4257 λίθου
2796 4202 3164 4273 πεποιημέναι
3224 4200 3457 4262 λευκοῦ.
3509 4199 3636 4253 τάδε

2075 4296 2736 4369 γλύμμασιγραμμάτων
2765 4298 2876 4356 τοῖς
2906 4296 3085 4347 ἐκεῖσε
3111 4293 3176 4363 δὴ
3203 4292 3431 4363 φοιτῶσι
3451 4293 3636 4346 διασα-

2076 4388 2275 4457 φοῠσαι
2298 4403 2312 4418 ⁸
2352 4405 2371 4439 ι
2418 4386 2611 4454 Ἡμεῖς
2644 4387 2807 4453 ἐσμεν
2831 4385 2881 4437 οί
2910 4383 3176 4453 φυγόντες
3198 4384 3306 4437 ἀπὸ
3341 4382 3633 4452 προσώπου

409 4483 588 4527 ratum
634 4474 920 4545 sculptura
948 4488 1015 4528 eo
1050 4473 1474 4540 advenientibus
1509 4473 1625 4528 bac
1653 4474 1971 4544 promulga-

2086 4480 2263 4552 Ἰησοῦ
2296 4480 2391 4533 τοῦ
2424 4478 2622 4552 λῃστοῦ
2670 4476 2786 4531 υἱοῦ
2818 4476 2999 4545 Ναυῆ.
3033 4493 3053 4528 t
3096 4477 3207 4529 Καὶ
3235 4476 3363 4545 περὶ
3388 4474 3487 4543 μὲν
3516 4473 3635 4527 τού-

410 4566 540 4617 bat:
587 4584 605 4615 ι
634 4564 743 4619 Nos
772 4578 983 4629 sumus,
1020 4564 1114 4634 qui
1158 4580 1186 4618 a
1222 4563 1360 4619 facie
1396 4565 1525 4620 Jesu
1558 4566 1832 4635 praedonis
1874 4565 1971 4620 filii

406 4654 553 4708 Nave
587 4655 950 4724 profugimus.
990 4675 1010 4707 ι
1048 4656 1125 4710 Ac
1153 4655 1221 4711 de
1253 4655 1338 4709 his
1359 4656 1580 4726 quidem
1610 4656 1675 4710 ad
1711 4659 1858 4711 hunc
1885 4658 1974 4712 ille

407 4745 629 4800 modum
660 4747 868 4801 scribit.
892 4746 1063 4817 Libya
1099 4762 1231 4801 vero
1259 4748 1312 4801 in
1348 4757 1671 4816 potestatem
1702 4749 1976 4803 Romano-

354 4822 360 4829 .
406 4852 528 4889 rum
571 4837 812 4900 redacta,
850 4854 1030 4892 annua
1073 4839 1376 4906 vectigalia.
1412 4840 1571 4895 sicuti
1618 4851 1672 4894 et
1702 4850 1884 4905 antea,
1918 4843 1973 4895 in

405 4930 661 4983 aerarium
715 4931 918 4985 intulit.
948 4931 1005 4984 ln
1034 4933 1227 4985 eadem
1262 4931 1432 5002 Libya
1462 4932 1807 4987 Justittianus
1845 4934 1969 4987 cen-

409 5032 519 5074 tum
557 5032 616 5076 et
666 5023 1063 5092 quinquaginta
1116 5024 1317 5093 oppida
1362 5025 1697 5078 instaurasse
1740 5023 1972 5088 dicitur,

405 5128 528 5181 quae.
569 5115 763 5182 partim
798 5130 1026 5183 prorsus
1059 5116 1260 5177 deleta,
1294 5116 1489 5184 partim
1535 5122 1809 5169 vetustate
1855 5114 1972 5168 col-

404 5203 555 5271 lapsa
596 5203 835 5259 fuerant.
865 5206 938 5258 Ea
974 5222 1108 5260 vero
1140 5204 1681 5276 magnificentissime
1706 5206 1972 5269 restituit,

404 5311 860 5368 sutnntopereque
900 5296 1134 5360 Ornavit,
1182 5298 1411 5365 privatis
1445 5296 1607 5350 simul
1639 5305 1694 5350 et
1736 5296 1972 5366 publicis

404 5391 720 5450 structuris,
788 5389 1062 5443 mamilius
1122 5401 1178 5443 et
1244 5390 1475 5445 diversis
1549 5390 1649 5443 alis
1705 5389 1973 5455 aediliciis,

402 5495 501 5548 per
530 5495 650 5548 qua:
675 5489 732 5535 et
774 5481 939 5536 urbes
978 5481 1349 5546 iilustrautnr,
1393 5491 1448 5535 et
1485 5482 1733 5535 divinum
1771 5498 1971 5536 numen

404 5573 642 5627 maxime
677 5574 944 5643 placatur,
973 5588 1132 5643 aqua:
1158 5573 1416 5629 ductibus
1450 5590 1692 5645 quoque,
1734 5576 1827 5644 qui
1865 5575 1975 5629 uti-

2074 4594 2182 4631 των
2215 4570 2315 4628 ὧδε
2359 4574 2599 4638 διέξεισι.
2636 4573 2749 4640 Τῆς
2799 4570 2855 4624 δὲ
2895 4569 3105 4637 Λιϐύης
3163 4569 3306 4622 οὕτω
3342 4567 3632 4635 Ῥωμαίοις

2074 4666 2179 4718 ὑπὸ
2207 4667 2364 4735 χεῖρα
2402 4665 2796 4732 γεγενημένης,
2837 4662 2995 4727 φόροι
3039 4658 3272 4711 ἐπέτειοι
3318 4656 3504 4724 ὥσπερ
3539 4654 3632 4705 καὶ

2074 4755 2266 4822 πρώην
2304 4753 2602 4821 εἰσήγοντο.
2634 4752 2769 4804 Φασὶ
2797 4751 2854 4804 δέ
2882 4747 3259 4803 Ἰουστινιανδν
3308 4747 3410 4799 ἀνὰ
3447 4746 3506 4797 τι
3539 4746 3630 4797 Αι-

2077 4844 2224 4897 ϐύων
2271 4846 2424 4907 ἔθνος
2463 4845 2800 4913 πεντήκοντα
2828 4854 2925 4896 και
2953 4841 3144 4894 ἐκατδν
3176 4840 3313 4907 ἄστη
3348 4838 3636 4906 περιποιή-
3710 4915 3713 4919 ς

2078 4937 2274 4990 σασθαι
2299 4955 2311 4969 ·
2338 4937 2405 4990 τὰ
2441 4937 2540 5007 μὲν
2575 4935 2841 5007 μηδαμῶς
2868 4935 3013 4999 ὄντα,
3047 4932 3114 4984 τὰ
3140 4931 3198 4984 δέ
3228 4933 3321 4985 καὶ
3350 4929 3428 4998 τῷ
3455 4930 3631 4998 χρόνῳ
3710 4968 3715 4973 .

2072 5029 2424 5100 διαρρυἐντα,
2466 5030 2605 5099 πρὸς
2656 5031 2717 5082 τὸ
2758 5028 3336 5098 μεγαλοπρεπέστερον
3386 5024 3638 5076 καινισά-

2078 5138 2240 5189 μενον
2264 5135 2278 5150 ⁸
2316 5124 2373 5183 ἐς
2403 5121 2709 5191 ὑπερϐολήν
2737 5138 2796 5174 τε
2828 5117 3190 5177 καλλωπίσαι,
3230 5115 3388 5177 ίδίαις
3426 5130 3484 5166 τε
3522 5113 3636 5180 ἅμα

2070 5206 2169 5263 καὶ
2194 5211 2484 5280 δημοσίαις
2545 5214 2918 5279 καταγωγαῖς,
2950 5209 3147 5278 τειχῶν
3191 5225 3251 5259 τε
3309 5204 3635 5275 περιϐόλοις,

2073 5303 2171 5356 καὶ
2198 5303 2387 5365 ἄλλαις
2435 5303 2708 5366 ποικίλαις
2754 5304 3092 5371 οἰκοδομαῖς,
3121 5301 3189 5353 δι’
3218 5294 3295 5353 ὧν
3348 5299 3528 5359 πόλεις
3575 5312 3634 5346 τε

2075 5394 2468 5462 διαφαίνονται,
2517 5395 2701 5448 καὶτὸ
2739 5395 2896 5447 Θεῖον
2924 5393 3072 5464 μάλα
3119 5393 3436 5445 ίλάσκεται’
3486 5390 3635 5442 είσα-

2075 5487 2285 5551 γωγαῖς
2313 5501 2371 5536 τε
2406 5485 2639 5549 ὑδάτων,
2665 5485 2854 5555 χρείαν
2891 5501 2951 5536 τε
2986 5483 3105 5551 ἅμα
3138 5482 3234 5535 καὶ
3272 5480 3465 5541 κάλλος
3503 5479 3636 5531 ἀπο-

2080 5574 2431 5644 πληρούντων
2489 5578 2553 5646 τῇ
2614 5575 2800 5628 πόλει·
2848 5576 2956 5628 τῶν
2990 5574 3088 5645 μὲν
3128 5572 3290 5634 εὐθὺς
3351 5571 3410 5635 ἐξ
3462 5567 3637 5639 ἀρχῆς

483 5732 924 5803 (1)]ιιδιῖιιῐιιιιιιε
954 5733 1210 5791 Gelitneri
1235 5740 1351 5795 loca
1383 5751 1453 5805 qn
1474 5733 1628 5788 mlum
1652 5733 1705 5788 in
1726 5734 1909 5807 ⁸(ὶιιὶὶίιι
1945 5733 1975 5786 lt

2082 5736 2235 5790 lauda
2269 5734 2479 5791 tribuit.
2508 5732 2731 5798 (Diacon
2762 5732 2779 5798 )
