4094 6202
382 241 513 308 -255

1607 249 2026 311 Νιωεινιιοιιι
2076 253 2430 338 (ΖᾼΙᾸᾸΞΤΙ

3543 261 3651 322 2'6

404 356 736 411 Gotthorum
767 354 1013 412 redierit.
1033 356 1263 421 Deinde,
1297 365 1359 411 ut.
1385 355 1685 412 Belisarius
1728 359 1973 414 secundo

2112 361 2227 425 ιλας
2277 361 2376 432 τὴν
2409 361 2508 431 τῆς
2565 360 2784 432 Ῥώμης
2831 361 3008 432 ὀρχὴν
3065 364 3387 434 περιέθετο·
3433 372 3527 425 καὶ
3577 374 3655 437 ώς

407 447 464 499 in
519 440 726 500 italiam
782 446 1085 514 profectus,
1123 446 1349 502 Romam
1385 465 1604 504 rursum
1661 452 1977 520 receperit:

406 544 574 604 atque
608 535 756 595 inde.
787 537 1005 590 Persico
1034 538 1176 591 bello
1209 538 1263 592 in
1285 537 1512 593 Oriente
1543 549 1690 606 orto,
1719 542 1785 594 ab
1809 543 1983 611 impe-

408 636 591 680 ratore
645 637 934 682 revocatus
983 629 1074 683 sit.
1133 628 1403 684 Recenset
1449 647 1697 701 quoque,
1738 633 1982 703 Abasgos

410 728 526 772 tum
573 718 1054 774 Christianismum
1107 723 1426 790 complexos
1474 739 1624 789 esse,
1681 739 1848 794 seque
1913 726 1980 780 ad

409 811 796 865 humaniorem
821 813 1040 866 vivendi
1069 829 1278 868 morem
1308 817 1709 885 composuisse.
1769 818 1838 872 Et
1885 818 1983 872 Ju-

410 900 713 956 stinianum
761 903 1148 972 imperatorem
1204 907 1524 961 eunuchum
1585 907 1762 978 gentis
1789 923 1982 963 eorum

410 993 715 1062 Ephratam
755 997 982 1050 nomine
1013 1001 1079 1050 ad
1124 1012 1221 1054 eos
1252 998 1486 1064 misisse,
1523 998 1618 1069 qui
1665 1000 2010 1069 prohiberet

411 1084 480 1139 de
523 1097 725 1141 caetero
752 1103 1084 1157 quemquam
1129 1105 1192 1143 ca
1227 1100 1381 1159 parte
1426 1093 1676 1156 corporis
1721 1107 1828 1162 qua
1881 1093 1985 1148 viri

413 1190 628 1237 sumus,
663 1177 805 1245 apud
842 1193 938 1231 eos
979 1178 1125 1232 ferro
1173 1189 1384 1235 natura:
1428 1181 1684 1249 injuriam
1719 1182 1985 1236 infercnte

415 1269 640 1337 privari.
676 1269 957 1334 Siquidem
1003 1273 1222 1340 plurimi
1253 1273 1345 1342 qui
1379 1274 1432 1326 iti
1474 1275 1781 1344 principum
1829 1276 1988 1330 cubi-

419 1361 562 1414 culis
588 1372 878 1416 versantur
913 1364 1171 1431 ministri,
1205 1381 1343 1435 quos
1379 1367 1665 1421 eunuchos
1694 1367 1809 1421 sive
1839 1367 1992 1420 culaio

422 1451 664 1509 cularios
701 1467 898 1507 vocare
951 1453 1190 1508 solemus
1212 1496 1226 1519 ,
1257 1470 1323 1509 ex
1355 1465 1515 1524 gente
1543 1469 1607 1509 ea
1639 1463 1815 1508 erant.
1851 1454 1988 1508 Tum

423 1557 560 1597 vero
591 1545 757 1599 etiam
788 1545 1130 1600 Justinianus
1177 1545 1272 1600 Dei
1309 1544 1582 1601 Genitrici
1617 1545 1876 1615 templum
1935 1543 1991 1599 in

2083 455 2185 507 61:3
2216 455 2437 516 Γότθοις
2483 451 2639 517 αὖθις
2675 454 2916 522 ἐγεγόνει
2963 456 2994 522 ἡ
3054 452 3278 524 Ῥώμηο
3312 457 3502 513 ἔπειτα
3559 467 3656 518 καὶ

2083 544 2159 607 ώς
2188 545 2269 607 δὶς
2297 546 2354 608 ές
2387 545 2624 598 Ἰταλίαν
2651 545 2944 612 γενόμενος
2977 545 3355 616 Βελισσάριος,
3385 549 3482 620 τὴν
3522 551 3653 605 Ῥώσ-

2089 653 2198 705 ρ.ην
2247 635 2403 699 αὖθις
2453 639 2638 704 αἱρεῖ·
2687 637 2780 690 καὶ
2817 635 2892 699 ὡς
2948 637 3040 691 τοῦ
3085 641 3357 708 Περσικοῦ
3409 643 3651 712 πολέμου

2085 729 2206 793 ἀνά,
2247 729 2346 798 τὴν
2378 729 2496 783 Ἕω
2523 729 2916 798 συνισταμένου
2941 769 2956 794 ,
2998 731 3385 798 μετεστέλλετο
3443 738 3656 790 ἐκεῖθεν

2087 818 2224 887 πρὸς
2253 817 2518 887 βασιλέως
2546 821 2572 871 ὁ
2598 819 2976 884 Βελισσάριος.
3027 821 3259 892 Ἰστορεί
3286 823 3342 875 δὲ
3373 825 3466 877 καὶ
3494 826 3657 880 Ἀϐα-

2089 911 2252 976 σγοῦς
2283 911 2588 980 τηνικαῦτα
2633 911 2699 964 τὰ
2729 912 3074 982 Χριστιανῶν
3113 913 3353 976 ἑλέσθαι.
3389 916 3484 969 καὶ
3517 918 3654 986 πρὸς

2087 1001 2147 1053 τὸ
2195 1000 2552 1072 ἡμερώτερον
2597 1003 2695 1073 τὴν
2746 1003 2957 1056 δίαιταν
3013 1004 3502 1074 μεθαρμόσασθαιο
3558 1009 3653 1062 καί

2087 1109 2208 1144 τινα
2238 1093 2282 1145 δ’
2311 1093 2587 1163 εὐνοῦχον,
2650 1095 2940 1162 Εὑφρατᾶν
2985 1095 3173 1164 ὄνομα,
3222 1098 3284 1150 ὲκ
3337 1099 3429 1149 τοῦ
3462 1099 3656 1166 γένους

2090 1185 2312 1238 ἐκείνων
2365 1187 2515 1252 σφίσι
2562 1184 2914 1254 διαπέμψειν
2980 1187 3394 1256 ἀπαγορεύοντα
3451 1191 3657 1259 μηδένα

2091 1276 2182 1328 τοῦ
2218 1276 2408 1328 λοιποῦ
2471 1280 2570 1347 τῆς
2615 1278 2964 1348 ἀρῥενωπίας
3025 1279 3374 1347 στερεῖσθαι,
3432 1284 3653 1350 σιδήρου

2092 1367 2573 1431 καταδικάζοντος.
2623 1371 2735 1424 Καὶ
2766 1370 2874 1440 γάρ
2923 1370 2972 1423 oi
3021 1370 3264 1424 πλεῖστοι
3290 1373 3400 1424 τών
3431 1375 3488 1425 ὲν
3543 1375 3656 1436 τοῖς

2096 1461 2396 1530 βασιλικοῖς
2426 1461 2892 1538 ,διαπονουμένων
2933 1463 3209 1529 κοιτῶσιν,
3249 1463 3343 1526 οὓς
3371 1465 3660 1534 εὐνούχους

2096 1552 2250 1622 θέμις
2313 1552 2520 1616 καλεῖν,
2572 1553 2638 1607 ἐκ
2682 1553 2778 1606 τοῦ
2830 1552 3020 1616 ἔθνους
3060 1553 3257 1607 τούτου
3318 1556 3662 1618 καθεστῶτες

423 1633 762 1704 Abasgorum
797 1637 1021 1705 regione
1070 1636 1170 1705 (l),
1215 1637 1628 1706 pulchritudine
1675 1646 1838 1705 atque
1878 1651 1994 1690 am-

2108 1639 2261 1713 ξσαν.
2314 1643 2451 1696 Τότε
2480 1643 2539 1696 δὲ
2591 1644 2688 1697 καὶ
2717 1643 3097 1708 Ίουστινιανὸς
3143 1646 3287 1713 ἱερὸν
3313 1647 3376 1715 τῇ
3414 1646 3662 1714 Θεοτόκῳ

421 1726 691 1794 plitudine
716 1739 981 1796 praestans
1008 1729 1335 1796 aedificavit,
1382 1730 1697 1785 sacerdotes
1741 1731 1790 1784 ei
1839 1729 1994 1782 attri-

422 1817 561 1886 buit,
587 1827 642 1872 et
673 1820 778 1873 alia
817 1837 939 1888 qua:
981 1824 1045 1874 ad
1087 1822 1295 1874 cultum
1338 1821 1583 1875 divinum
1619 1821 1848 1885 faciunt,
1894 1821 1996 1876 rite

423 1912 737 1966 constituit.
764 1911 921 1967 Unde
957 1913 1159 1984 populo
1179 1914 1230 1968 ei
1254 1914 1478 1979 accidit,
1502 1923 1562 1968 ut
1581 1914 1996 1969 accuratissime

426 2004 867 2060 Christianorum
896 2006 1152 2076 dogmate
1196 2016 1600 2063 excerceretur.
1633 2005 1836 2061 Scribit
1865 2007 1995 2063 item

425 2097 708 2166 quomodo
749 2100 940 2168 populi
989 2100 1214 2154 Tanaim
1269 2114 1488 2153 amnem
1541 2100 1852 2156 accolentes
1884 2101 2001 2166 (ι-ο-

427 2199 558 2243 cant
604 2199 792 2243 autem
827 2190 930 2244 lor-i
980 2191 1100 2260 ejus
1146 2191 1396 2246 homines
1441 2189 1693 2255 Tanaim,
1750 2193 1999 2246 maxima:

433 2295 660 2351 quoque
695 2282 915 2350 paludis
943 2283 1207 2337 Maeotidis
1244 2299 1419 2353 usque
1465 2283 1533 2338 ad
1563 2282 1834 2337 Euxinum
1867 2300 2000 2353 pon-

431 2383 546 2426 tum
587 2375 640 2426 in
669 2374 893 2444 longum
929 2383 1315 2429 excurrentem
1347 2374 1605 2445 tractum)
1637 2374 1702 2429 ad
1741 2375 2003 2430 Justinia-

430 2481 562 2519 nunt
605 2467 813 2536 legatos
854 2468 1146 2531 miserunt,
1201 2477 1261 2521 ut
1304 2469 1622 2537 episcopum
1680 2467 1790 2522 illis
1824 2467 2000 2531 daret,

429 2559 838 2628 supplicantes:
883 2575 1119 2630 quorum
1168 2562 1261 2615 ille
1295 2561 1553 2630 precibus
1588 2561 1766 2630 reipsa
1795 2575 2002 2614 annue-

432 2652 525 2716 rit,
555 2662 611 2706 et
657 2654 972 2722 episcOpum
1007 2652 1116 2707 illis
1154 2652 1388 2707 libenter
1434 2652 1666 2707 miserit.
1696 2650 2002 2705 Admodum

432 2760 564 2799 vero
611 2753 757 2800 terse
813 2745 947 2800 illud
985 2745 1149 2800 etiam
1212 2745 1353 2799 idem
1413 2754 1687 2808 recenset,
1732 2745 2005 2813 quomodo

431 2835 618 2891 Gotthi
673 2835 940 2892 Maeotidis
969 2838 1189 2898 accolas.
1217 2833 1531 2891 Justiniano
1575 2835 1866 2904 imperium
1907 2833 2004 2888 ad-

435 2929 810 2992 ministrante,
841 2929 1110 2998 plurimas
1136 2930 1494 2983 excursiones
1522 2930 1574 2982 in
1615 2926 1900 2982 Thraciam
1929 2925 2007 2980 fe-

2099 1732 2156 1784 ἐν
2184 1734 2250 1802 τῇ
2284 1730 2569 1800 Ἀδασγῶν
2599 1732 2956 1802 δειμάμενος,
2999 1733 3188 1787 κάλλει
3223 1750 3282 1786 τε
3317 1736 3409 1787 καὶ
3442 1734 3664 1802 μεγέθει

2097 1824 2304 1895 ὲξέχον,
2354 1825 2536 1895 ἱερέας
2563 1842 2623 1877 τε
2651 1826 2746 1878 καὶ
2777 1825 2948 1879 τᾶλλα
2998 1825 3098 1895 τῆς
3140 1826 3437 1896 θρησκείας
3483 1825 3665 1888 καλῶς

2099 1918 2478 1987 κατεστήσατο
2501 1933 2515 1948 ·
2555 1916 2614 1981 ἐξ
2639 1911 2698 1970 οῦ
2734 1919 2936 1985 συνέϐη
2983 1917 3255 1978 κάκείνοις
3283 1917 3339 1980 ές
3377 1916 3666 1986 ἀκρίϐειαν

2098 2008 2168 2058 τὰ
2199 2005 2308 2059 τῶν
2339 2007 2687 2077 Χριστιατῶν
2720 2005 2967 2074 δόγματα
2996 2005 3324 2075 ἐξασκῆσαι.
3371 2006 3578 2076 Γράφει
3609 2005 3664 2058 δὲ

2101 2102 2193 2152 καὶ
2215 2098 2290 2161 ὡς
2317 2099 2365 2152 οί
2396 2099 2486 2151 τὸν
2509 2098 2714 2152 Τάναϊν
2741 2097 3161 2168 προσοικοῦντες
3221 2098 3448 2166 (Τάναϊν
3480 2098 3538 2151 δὲ
3565 2115 3664 2150 κα-

2101 2188 2285 2242 λοῦσιν
2335 2190 2382 2242 οἱ
2417 2189 2701 2259 ἐπιχώριοι
2755 2189 2853 2257 τὴν
2895 2189 2961 2241 ὲκ
3008 2187 3110 2256 τῆς
3170 2189 3414 2259 μεγάλης
3467 2189 3664 2260 λίμνης

2101 2281 2406 2343 Μαιώτιδος
2435 2281 2563 2350 ἄχρι
2591 2281 2655 2349 δὴ
2695 2281 2807 2332 ὲπὶι
2833 2283 2924 2334 τὸν
2965 2279 3218 2346 Εῦξεινον
3257 2282 3455 2334 πόντον
3482 2282 3537 2342 ὲς
3567 2297 3665 2334 τα-

2103 2371 2230 2424 ναόν
2275 2372 2570 2442 διήκουσαν
2605 2371 2856 2442 ἐκϐολήν)
2885 2389 2900 2404 ·
2936 2372 3254 2442 πέμψαντες
3283 2371 3666 2426 Ὶουστινιανδν

2104 2463 2473 2538 δυσωποῦσιν,
2503 2466 2802 2517 ἐπίσκοπον
2830 2465 3013 2533 σφίσιν
3043 2465 3325 2534 ἐκπέμψαι
3352 2481 3365 2495 ’
3391 2468 3482 2518 καὶ
3507 2465 3667 2528 εὐθὺς

2104 2556 2198 2606 τὸν
2245 2555 2627 2610 ἰουστινιακιδν
2653 2556 2879 2627 ἐπιτελῆ
2911 2557 3009 2625 τὴν
3032 2556 3667 2626 δέησιψὲξεργάσασθαι,

2106 2648 2201 2700 καὶ
2236 2648 2386 2716 ἱερέα
2427 2645 2821 2718 ήδέωςάὑτοῖς
2859 2649 3193 2719 ἐπιπέμψαι.
3243 2651 3404 2704 Μάλα
3445 2649 3499 2702 δὲ
3537 2666 3670 2718 κομ-

2107 2739 2223 2808 ψιῦς
2252 2743 2350 2795 καὶ
2387 2731 2547 2794 τοῦτο
2592 2742 2622 2793 ό
2668 2742 2831 2806 αὐτὸς
2881 2743 3297 2811 άναγράφεται⁶
3331 2741 3405 2804 ώς
3458 2741 3670 2794 Γότθων

2106 2831 2216 2884 τῶν
2251 2832 2316 2885 ὲκ
2345 2831 2445 2901 τῆς
2497 2832 2808 2894 Μαιώτιδος
2859 2833 3178 2902 περιοίκων,
3212 2832 3476 2902 ἐκδρομαὶ
3522 2834 3670 2884 πλεῖ-

2111 2942 2228 2979 σται
2251 2926 2355 2979 ἀνά
2379 2927 2476 2995 τὴν
2498 2925 2719 2996 Θρᾴκην
2736 2927 3006 2994 ἐγένοντο,
3030 2927 3414 2980 Ἰουστινιανοῦ
3461 2926 3670 2979 διέπον-

434 3015 634 3073 cei-int.
686 3021 978 3083 Pneterea,
1034 3027 1095 3073 ut
1124 3020 1254 3074 saevi
1298 3027 1637 3074 tcrraemotus
1690 3019 1744 3071 in
1791 3016 1998 3071 Graacia

2108 3035 2197 3080 τος
2229 3019 2328 3087 τὴν
2371 3018 2582 3088 ἀρχὴν
2618 3017 2878 3087 σεισμούς
2925 3035 2983 3071 τε
3019 3019 3249 3088 ἀγρίους
3277 3019 3382 3072 άνὰ
3413 3017 3508 3090 τὴν
3547 3017 3670 3070 Ἑλ-

435 3111 660 3176 fuerint,
694 3121 750 3166 et
786 3111 1016 3178 Bmotia,
1062 3120 1226 3182 atque
1259 3112 1485 3177 Achaia,
1530 3127 1652 3180 qua:
1692 3119 1819 3165 sunt
1843 3111 1995 3180 juxta

435 3201 617 3256 sinum
651 3203 944 3258 Crisszeum
981 3219 1089 3258 orae
1112 3217 1394 3258 concussa:
1417 3201 1644 3266 fuerint,
1676 3202 1792 3256 loca
1825 3201 1997 3270 pluri-

439 3309 525 3348 ma
553 3295 656 3348 sub
685 3311 973 3349 numerum
1006 3296 1234 3350 minime
1257 3294 1532 3359 cadentia,
1563 3303 1617 3348 et
1643 3293 1808 3347 urbes
1849 3291 2000 3348 simi-

439 3384 566 3440 liter
605 3385 660 3438 in
690 3381 932 3456 prmccps
963 3387 1146 3450 ierint,
1181 3395 1237 3441 et
1285 3387 1400 3441 solo
1446 3393 1671 3456 mquam
1722 3385 1854 3449 sint,
1887 3384 1998 3453 ple-

443 3477 628 3548 risque
661 3477 714 3532 in
749 3479 885 3534 locis
916 3489 1060 3534 terra
1091 3480 1375 3534 submersa
1404 3493 1621 3548 pessum
1661 3479 1809 3542 ierit,
1838 3489 2001 3546 atque

440 3568 642 3623 alicubi
678 3570 900 3638 quidem
924 3570 1202 3625 chasmata
1229 3586 1448 3626 rursum
1487 3570 1743 3632 coierint,
1801 3568 2002 3623 alicubi

440 3673 576 3713 vero
609 3659 793 3716 hiatus
821 3663 1072 3731 perpetui
1099 3665 1164 3734 ad
1194 3662 1300 3717 hoc
1327 3678 1498 3732 usque
1527 3675 1740 3730 tempus
1762 3675 2009 3731 perman-

441 3750 636 3804 serint.
667 3750 840 3816 Quale
871 3751 1130 3822 quiddam
1160 3740 1324 3806 etiam
1360 3751 1567 3807 civitati
1613 3751 1776 3822 756
1805 3750 2008 3806 Ciliciae

445 3839 818 3911 Petnpcjopoli
853 3843 1142 3898 acciderit.
1174 3843 1307 3898 Cum
1338 3843 1487 3898 enim
1527 3852 1669 3897 terra
1712 3843 1886 3896 divisa
1915 3858 2010 3896 ur-

445 3931 570 3986 bem
603 3948 721 3986 eam
774 3949 898 3988 cum
945 3934 1140 3989 incolis
1177 3934 1436 3990 omnibus
1462 3934 1774 3989 universam
1821 3933 2010 3988 absor-

447 4025 676 4091 buissct,
707 4041 808 4080 vox
840 4043 906 4080 ex
936 4025 1121 4082 intima
1160 4027 1421 4098 voragine
1466 4025 1724 4082 exaudita
1769 4036 1872 4091 cst,
1913 4026 2010 4078 lio-

449 4115 658 4168 ininum
692 4116 772 4168 eis
819 4115 912 4185 qui
961 4118 1286 4186 superstites
1330 4117 1540 4171 circum
1576 4129 1640 4168 ca
1681 4114 1798 4169 loca
1834 4114 2011 4168 relicti

447 4217 653 4272 essent,
691 4209 1136 4278 supplicantium,
1169 4221 1226 4264 ut
1251 4223 1309 4263 se
1330 4223 1571 4264 aerumna
1597 4205 1665 4262 ea
1685 4206 2008 4261 liberarent.

447 4299 854 4356 Commemorat
899 4302 1087 4368 etiam,
1124 4310 1185 4356 ut
1226 4301 1428 4356 Narses
1466 4299 1754 4355 eunuchus
1791 4315 1819 4352 a
1847 4300 2016 4356 Justi-

449 4395 616 4448 niano
665 4395 948 4464 c0piarum
1002 4394 1325 4450 militarium
1357 4393 1466 4448 dux
1516 4393 1748 4452 electus.
1791 4391 2016 4460 expedi-

453 4484 659 4538 tionem
700 4486 754 4540 in
808 4486 1016 4540 Italiam
1067 4486 1390 4555 susceperit,
1428 4499 1492 4539 ac
1536 4483 1768 4539 Totilain
1805 4485 2018 4550 vicerit,

452 4561 651 4632 deinde
682 4593 812 4633 vero
844 4588 899 4632 ct
931 4577 1142 4644 Teiam,
1188 4587 1244 4634 et
1271 4577 1402 4632 urbs
1446 4577 1616 4632 lloma
1647 4577 1896 4644 quintum
1933 4590 2024 4630 ca-

453 4678 546 4739 pta
595 4671 689 4725 sit.
743 4671 818 4725 De
863 4669 1056 4732 Narse,
1099 4669 1192 4740 qui
1236 4668 1579 4727 familiariter
1624 4683 1746 4723 cum
1779 4684 1846 4722 eo
1878 4667 2028 4720 vixe-

456 4777 536 4820 re.
573 4760 708 4816 illud
758 4761 1089 4831 perhibent:
1143 4760 1216 4814 ita
1255 4761 1431 4828 ipsum
1467 4774 1533 4814 ex
1567 4759 1754 4813 divino
1802 4757 2024 4812 numine

458 4853 808 4922 pependisse,
859 4861 1021 4922 atque
1080 4853 1130 4906 id
1193 4851 1374 4905 omnis
1430 4851 1646 4920 generis
1698 4851 1898 4920 pietate
1937 4864 2029 4902 co-

455 4944 645 5007 luisse,
702 4953 757 4998 ct
803 4943 1078 5014 Virginem
1135 4941 1493 5010 eamdemque
1552 4941 1644 4994 Dei
1680 4939 2023 4996 Genitriceni

457 5035 532 5090 ita
589 5045 906 5089 veneratum
961 5049 1104 5099 csse,
1168 5043 1227 5087 ut
1283 5033 1374 5088 illa
1412 5032 1701 5087 manifesto
1751 5032 1801 5085 ci
1864 5046 2027 5099 appa-

460 5141 607 5186 rcns,
639 5126 861 5195 quando
897 5127 1140 5194 pra-lium
1191 5124 1640 5178 committendum
1685 5131 1852 5187 esset,
1889 5137 2029 5192 pra:-

461 5215 712 5286 ciperet:
773 5233 952 5286 neque
987 5218 1140 5272 illum
1193 5216 1355 5270 facile
1399 5218 1553 5284 prius
1613 5215 1666 5268 in
1699 5214 1870 5268 aciein
1930 5213 2027 5267 dc-

463 5310 746 5365 scendisse
771 5350 785 5372 ,
821 5326 984 5380 quam
1046 5321 1260 5379 tempus
1297 5317 1665 5380 Opportunum
1721 5307 1790 5361 ab
1847 5320 1909 5359 ea
1939 5319 2032 5360 co-

466 5449 841 5578 :aliitaculuin
866 5462 950 5508 est
978 5453 1141 5518 facta,
1165 5452 1317 5524 iuxta
1341 5437 1762 5520 praidictionem
1786 5445 2027 5513 Domini,

522 5538 638 5578 μου.
668 5538 822 5576 xvni.

521 5538 638 5589 poc.
668 5538 822 5576 xvni.

541 5594 620 5661 (l)
656 5593 955 5662 Procopius
987 5593 1062 5647 De
1106 5591 1240 5646 bello
1295 5592 1512 5647 Persico
1569 5591 1712 5644 libro
1763 5586 2027 5662 secundo,

476 5662 565 5716 ubi
601 5659 667 5717 eo
709 5659 918 5718 lbcruin
955 5665 1156 5718 finibus
1181 5673 1236 5718 ct
1269 5676 1453 5720 tuonte
1503 5662 1745 5717 Caucaso
1771 5668 1900 5722 agit,
1933 5659 2028 5711 ll.c

2106 3109 2241 3162 λάδα
2269 3109 2556 3175 γενέσθαι·
2590 3110 2671 3172 εις
2701 3110 2928 3178 ἔσχατον
2957 3109 3014 3161 δὲ
3041 3112 3139 3179 τήν
3180 3126 3238 3162 τε
3269 3103 3671 3163 Βοιωτίανκαὶ

2120 3201 2340 3270 Ἀχαΐαν
2371 3201 2467 3254 καὶ
2509 3201 2576 3253 τὰ
2623 3202 2726 3254 ἀνα
2757 3202 2848 3254 τὸν
2892 3201 3192 3270 Κρισσαίον
3240 3202 3442 3253 κόλπον
3475 3203 3674 3254 διασει-

2116 3294 2331 3362 σθῆναι.
2369 3294 2558 3363 Χωρία
2603 3311 2662 3347 τε
2710 3295 2937 3346 πλεῖστα
2959 3293 3143 3364 ἥκιστ’
3205 3293 3424 3363 ἀριθμῷ
3458 3295 3676 3346 ὑποκεῖ-

2114 3386 2239 3438 σθαι
2276 3384 2572 3453 δυνάμενα,
2622 3386 2715 3438 καὶ
2777 3384 2963 3447 πόλεις
3003 3384 3269 3446 ὡσαύτως
3316 3387 3549 3454 πρηνεῖς
3596 3386 3677 3447 είς

2112 3479 2308 3546 ἔδαφος
2362 3477 2691 3546 ἐνεχθῆναι·
2730 3474 3053 3546 βυθισθῆναί
3102 3492 3163 3528 τε
3213 3477 3516 3546 πολλαχόσε
3575 3477 3676 3548 τὴν

2115 3574 2240 3638 γῆν,
2275 3571 2369 3622 καὶ
2401 3569 2617 3638 ἐνιαχοῦ
2646 3568 2744 3638 μὲν
2775 3557 3052 3621 συνελθεῖν
3085 3569 3248 3622 πάλιν
3289 3571 3357 3622 τὰ
3387 3572 3676 3640 χάσματα·

2117 3662 2302 3714 ἔστιδ’
2335 3661 2470 3714 ὅπου
2505 3661 2602 3714 καὶ
2646 3659 2820 3724 οὕτως
2849 3662 2908 3723 ἐς
2953 3661 3083 3731 χάος
3131 3661 3359 3731 ἄπειρον
3406 3663 3535 3732 ἄχρι
3583 3664 3678 3717 τοῦ

2117 3752 2280 3824 δεῦρο
2333 3753 2805 3822 διαμεμενήκασιν
2832 3769 2846 3783 θ
2883 3747 2995 3805 οἷόν
3027 3769 3084 3804 τι
3144 3753 3241 3806 καὶ
3278 3755 3405 3825 περὶ
3452 3755 3550 3825 τὴν
3583 3757 3680 3825 τῆς

2120 3845 2376 3908 Κιλικίας
2419 3843 2868 3914 Πομπηῖούπολιν
2917 3845 3142 3914 συνέϐη.
3194 3848 3532 3918 Διασχοῦσης
3572 3851 3680 3921 γὰρ

2119 3939 2217 4008 τῆς
2237 3938 2341 4006 γῆς
2366 3936 2460 3990 καὶ
2487 3936 2786 4007 αὔτανδρον
2805 3937 2906 4006 τὴν
2926 3937 3078 3990 πόλιν
3108 3939 3504 4009 καταπιούσης,
3531 3941 3683 4007 φωνὴ

2122 4029 2368 4086 κάτωθεν
2403 4031 2668 4098 ὲξηχείτο,
2703 4029 2814 4080 τῶν
2843 4028 3148 4098 ἀνθρώπων
3178 4030 3534 4084 ἱκετευόντων
3559 4033 3685 4095 τοὺς

2122 4117 2570 4186 ὑπολειφθέντας,
2597 4116 2962 4171 ἀπαλλάττειν
2993 4118 3092 4186 τῆς
3119 4135 3181 4170 συ
3191 4121 3429 4189 μφορᾶς.
3470 4124 3686 4191 Διηγεῖ-

2123 4230 2213 4266 ται
2243 4213 2339 4264 καὶ
2370 4211 2445 4273 ώς
2474 4210 2695 4280 Ναρσῆς
2742 4212 2769 4263 ό
2790 4209 3041 4281 εὐνοῦχος
3079 4211 3158 4274 εἰς
3190 4213 3290 4283 τὴν
3333 4213 3548 4266 Ἰταλῶν
3577 4217 3685 4266 εἱσ-

2049 4339 2090 4393 D
2119 4305 2281 4358 έ6αλε
2338 4302 2548 4373 χώραν,
2585 4301 2894 4372 στρατηγὸς
2925 4302 3063 4370 πρὸς
3094 4301 3480 4357 Ἰουστινιανοῦ
3512 4323 3688 4374 χειροι

2118 4394 2369 4465 τονηθείς
2395 4410 2410 4425 ⁸
2445 4393 2540 4447 καὶ
2576 4393 2653 4455 ὡς
2689 4393 3110 4462 κατηγωνίσατο
3153 4393 3432 4463 Τώτιλαν,
3469 4391 3589 4448 εἶτα
3632 4397 3687 4448 δὲ

2130 4488 2225 4541 καὶ
2260 4485 2459 4540 Τεῖανο
2497 4487 2592 4538 καὶ
2645 4486 2721 4549 ώς
2757 4485 2944 4557 Ῥώμη
2999 4485 3060 4538 τὸ
3095 4487 3344 4554 πέμπτον
3383 4487 3482 4556 ἤδη
3523 4487 3686 4538 ἑάλω.

2122 4577 2259 4628 Φασὶ
2290 4575 2469 4628 τοίνυν
2517 4574 2565 4627 οἱ
2606 4576 3006 4643 συγγενόμενοι
3051 4575 3130 4640 τῷ
3157 4574 3373 4644 Ναρσῇ,
3418 4573 3560 4626 οῦτω
3590 4574 3686 4626 τοῦ

2125 4666 2283 4718 Θείου
2305 4662 2619 4733 ὲξέχεσθαι,
2649 4665 2744 4716 καὶ
2771 4667 2887 4727 ταῖς
2917 4663 3102 4724 ἄλλαις
3130 4663 3433 4726 εὐσεϐείαις
3455 4662 3688 4728 ὲξοσιοῦ-

2127 4756 2288 4822 σθαι,
2335 4757 2430 4809 καὶ
2462 4754 2560 4825 τὴν
2595 4755 2875 4824 Παρθένον
2919 4757 3014 4809 καὶ
3046 4755 3310 4807 Θεοτόκον
3344 4753 3486 4808 οὕτω
3507 4755 3690 4825 γεραί-

2129 4863 2268 4916 ρειν,
2298 4845 2371 4908 ώς
2412 4847 2509 4899 καὶ⁸
2538 4847 2843 4914 ἀναφανδὸν
2887 4845 3103 4916 ἐκείνην
3142 4844 3567 4917 διαφαινομένην
3604 4849 3693 4900 ὅτε

2129 4933 2386 5003 πολεμεῖν
2429 4933 2539 4986 δέοι
2572 4933 3070 5004 παρακελεύεσθαι,
3110 4937 3206 4987 καὶ
3259 4937 3336 5006 μὴ
3384 4937 3694 5008 προχείρως

2129 5027 2447 5083 ἐπιϐάλλειν
2491 5032 2612 5092 ταῖς
2653 5029 2883 5099 μάχαις,
2929 5031 3058 5098 πρὶν
3105 5030 3319 5083 ἐκεῖθεν
3362 5031 3455 5084 τὸν
3503 5034 3696 5100 καιρὸν

2129 5121 2397 5192 διαγνοίη.
2433 5123 2608 5175 Πολλά
2635 5124 2692 5176 δὲ
2732 5125 2968 5194 μέγιστα
2992 5125 3086 5177 καὶ
3108 5123 3244 5178 ἄλλα
3269 5124 3345 5195 τῷ
3372 5109 3564 5195 Ναρσῇ
3593 5125 3698 5178 διε-

2130 5213 2374 5284 πράχθη,
2423 5215 2742 5267 Βουσελίνον
2778 5221 2872 5268 καὶ
2915 5216 3267 5269 Σιλδούανδον
3312 5217 3700 5283 καταπνλεμή-

2135 5322 2288 5360 σαντι
2312 5323 2324 5337 ⁸
2345 5310 2438 5359 καὶ
2465 5307 2534 5360 τὰ
2559 5307 2753 5378 μέχρις
2795 5309 3051 5362 Ὠκεανοῦ
3067 5313 3133 5380 τῇ
3164 5294 3449 5380 Ῥωμαίων
3483 5311 3700 5380 ὑπήκοα

2132 5454 2340 5518 gentes,
2361 5444 2558 5513 inquit,
2579 5445 2841 5518 cumaliae
2860 5448 3068 5518 multm,
3090 5455 3203 5502 tum
3228 5446 3382 5518 Alani
3408 5454 3464 5518 et
3493 5447 3694 5518 Abasgi

2134 5517 2406 5586 habitant.
2436 5520 2665 5582 Insuper
2709 5516 2872 5570 Zechi
2903 5528 2960 5570 et
2991 5528 3112 5586 post
3140 5532 3238 5571 eos
3270 5517 3473 5584 llunni,
3513 5519 3607 5586 qui
3647 5516 3704 5572 et

2134 5585 2334 5656 Saberi
2370 5586 2646 5648 dicuntur.
2689 5589 2793 5650 Qui
2840 5585 3024 5654 postea
3054 5587 3240 5656 populi
3280 5585 3614 5655 I‘luugariam
3645 5601 3703 5644 et

2135 5654 2432 5710 Boieiniain
2450 5659 2811 5715 dccuuaruut.
