4094 6202
453 265 565 331 257

1348 260 1962 321 ECCLESiASTIC/E
2006 261 2407 320 IHSTORIAS
2448 261 2598 323 LIB.
2648 261 2836 324 ΧΥἷῘ.

3607 264 3716 330 258

455 378 819 448 ποιησαμένῳ
849 378 1017 447 ἀρχῇ.
1055 376 1122 428 ’Λ
1148 376 1209 445 δὴ
1239 375 1475 444 μάλιστα
1504 376 1531 427 ὁ
1562 376 1701 443 μετὰ
1731 376 2037 445 Προκόπιον

2142 375 2441 445 gnovisset.
2500 374 2691 429 Plures
2744 375 2971 443 insuper
3015 374 3152 428 alias
3190 383 3245 429 et
3273 376 3539 432 maximas
3587 378 3717 431 Nar-

469 472 735 541 Ἀγαθίας
772 471 800 522 ὁ
840 471 1028 540 ῥήτωρ
1060 469 1336 537 ἱστόρησε.

2146 483 2234 522 ses
2264 483 2352 520 res
2374 467 2561 532 gessit,
2604 468 2696 535 qui
2719 466 3032 520 Busclinum
3059 468 3136 536 (ί)
3157 478 3214 522 et
3233 467 3715 538 Sildnandum(9.l.

456 565 606 621 bello
633 564 849 625 vicerit,
884 572 940 616 et
994 562 1249 631 regiones
1297 577 1467 631 usque
1502 560 1569 615 ad
1620 562 1898 618 Oceanum
1982 575 2203 640 omnes_
2239 560 2489 615 Romano
2558 559 2789 628 imperio
2828 558 3175 615 subdiderit:
3207 576 3344 631 quas
3376 577 3460 617 res
3490 563 3715 632 pctissi-

458 676 607 713 mtnn
655 667 778 729 post
825 658 1154 726 Procopium
1208 656 1470 725 Agathias
1522 656 1714 718 rhetor
1762 656 1817 710 in
1876 655 2089 710 litteras
2127 653 2340 709 retulit.

1062 797 1314 850 ΚΕΦΑΛ.
1350 795 1445 849 1Δ⁹.

476 892 577 954 Ὠς
630 890 921 955 Χοσρόης.
958 889 1163 957 φθόνῳ
1228 885 1552 951 ὃιατακείς,
1622 888 1729 949 τὰς
1760 884 2033 957 σπονδὰς

531 963 734 1022 λύσας
752 954 838 1025 σῇ
873 954 1175 1026 Ῥὠμαίων
1195 958 1395 1026 ἔπεισι
1419 972 1432 985 ·
1466 957 1561 1008 καί
1591 958 1723 1024 περὶ
1749 954 1859 1023 τῆς
1886 956 2035 1009 ἀλώ-

533 1048 688 1095 σεως
720 1024 1088 1097 Ἀντιοχείας
1124 1027 1221 1079 καί
1251 1024 1368 1079 τῶν
1401 1026 1626 1079 ἄλλων.

534 1146 614 1212 Τῇ
650 1144 705 1195 δὲ
737 1141 949 1211 ίστορία
973 1138 1287 1210 Προκοπίου
1318 1139 1413 1190 καὶ
1437 1139 1564 1191 τάδε
1600 1137 1927 1206 ἐμφέρεται,
1965 1138 2039 1200 ὡς

462 1236 712 1303 Χοσρὸης
751 1234 1001 1300 διαγνοὺς
1031 1231 1100 1285 τά
1135 1247 1189 1283 τε
1223 1233 1280 1282 ὲν
1322 1229 1498 1299 Λιϐύῃ
1530 1232 1622 1282 καὶ
1662 1230 1865 1300 Ἰταλίᾳ
1899 1246 2030 1280 συν-

462 1326 751 1394 ενεχίίέντα
806 1327 870 1393 τῇ
926 1322 1213 1391 Ῥωμαίων
1268 1324 1597 1393 στρατηγίᾳ,
1654 1324 1790 1392 πρὶς
1843 1322 2038 1390 φθόνον

460 1414 699 1481 ἐξαίσιον
729 1414 875 1485 ἤρθη
897 1430 910 1444 ·
941 1416 1036 1467 καί
1068 1414 1370 1483 προφάσεις
1396 1415 1541 1467 κατὰ.
1574 1413 1863 1482 Ῥωμαίων
1897 1430 2036 1481 συμ-

459 1507 736 1566 πλάττων,
770 1504 1258 1575 παρεσπονδῆσθαι
1297 1504 1477 1572 ἔλεγε,
1514 1505 1607 1557 καὶ
1662 1503 1761 1573 τὴν
1816 1520 2036 1570 συγκει-

2721 790 2945 848 CAPUT
2972 792 3108 847 XIV.

2147 885 2210 940 Ut
2268 884 2518 938 Chosroes
2570 902 2661 951 per
2716 887 2972 956 invidiam
3008 902 3137 956 pace
3188 885 3381 955 fracta,
3416 885 3713 940 Romanum

2214 956 2468 1008 inmiserit
2506 956 2812 1027 imperium.
2848 955 2916 1008 Et
2942 955 3014 1009 de
3037 957 3328 1011 Antiochia’
3377 956 3716 1027 aliarumque

2217 1026 2425 1097 urbium
2460 1024 2635 1079 hostili
2662 1028 3025 1096 occupatione.

2213 1139 2270 1193 In
2320 1140 2547 1194 historia
2608 1141 2865 1210 Procopii
2911 1140 3001 1196 illa
3049 1158 3268 1212 quoque
3321 1152 3451 1197 sunt
3489 1160 3504 1197 :
3538 1141 3715 1196 Chos-

2141 1245 2296 1295 roen,
2332 1230 2421 1283 ubi
2452 1232 2829 1286 Romanorum
2888 1232 2942 1285 in
2974 1232 3144 1303 Libya
3177 1244 3227 1287 et
3252 1233 3401 1287 Italia
3438 1249 3529 1289 res
3569 1235 3712 1288 bello

2136 1333 2319 1390 gestas
2366 1324 2750 1392 cognovisset,
2798 1324 2865 1378 ad
2921 1326 3197 1395 ingentem
3251 1325 3511 1381 invidiam
3560 1340 3715 1381 eont-

2139 1425 2348 1469 motum
2390 1431 2559 1473 esse:
2598 1426 2652 1470 et
2709 1426 3005 1483 przetextns
3059 1429 3251 1472 contra
3301 1418 3578 1472 Romanos
3611 1420 3714 1472 lin-

2137 1518 2356 1578 gentem
2418 1509 2566 1579 quod
2613 1510 2819 1564 foedera
2899 1510 3103 1565 violata
3158 1520 3213 1582 et
3286 1526 3392 1582 pax
3445 1519 3712 1581 perpetua

462 1599 633 1669 μένην
664 1599 892 1667 εἰρήνην
915 1596 1142 1650 λύεσθαι
1165 1611 1179 1625 ⁶
1213 1598 1310 1651 καὶ
1351 1597 1420 1650 τὰ
1454 1597 1551 1666 μὲν
1582 1596 1775 1664 πρῶτα
1810 1597 2035 1649 Ἰουστι-

2142 1601 2321 1656 soluta
2364 1612 2531 1664 esset,
2568 1600 2792 1655 dixisse.
2830 1601 2908 1655 Ac
2940 1577 3421 1671 primum‘quidem
3445 1577 3715 1656 .lustinia-

459 1689 664 1752 νιανδν,
694 1687 956 1757 πρέσϐεις
974 1686 1429 1756 διαπεμψάμενον
1446 1689 1501 1750 ὲς
1525 1687 1798 1756 Χοσρόην,
1816 1686 2032 1756 δηλοῦν,

459 1782 533 1844 ὼς
572 1779 649 1850 μὴ
683 1781 868 1833 αἰτίαν
915 1779 1041 1833 τινὰ
1073 1780 1500 1849 παρασχόμενον
1529 1780 1628 1847 τὴν
1678 1780 1759 1841 είς
1792 1778 2035 1849 ἀπέραν-

459 1892 553 1928 τον
578 1873 884 1942 γενομένην
917 1872 1144 1941 είρήνην
1202 1870 1467 1934 διαλύειν,
1526 1869 1663 1939 μηδέ
1698 1885 1823 1921 τινα
1855 1868 2035 1938 λύμην

458 1972 574 2028 τοῖς
608 1964 1057 2036 συμςςωνηθεῖσιν
1106 1966 1410 2033 ἐπαγαγεῖν
1432 1980 1445 1992 ·
1479 1965 1569 2016 καὶ
1604 1963 1723 2034 ᾔτει
1779 1962 1875 2015 ἐπὶ
1921 1964 2034 2025 τοῖς

462 2059 795 2131 ἀμφιλόγως
826 2057 1078 2123 ἐξέτασιν
1098 2097 1112 2121 ,
1145 2056 1240 2109 καὶ
1271 2056 1456 2126 τρόπῳ
1484 2060 1589 2109 τινὶ
1636 2053 1836 2124 φιλικῷ
1873 2056 1941 2108 τὰ
1977 2056 2036 2107 ἐν

466 2155 620 2223 μέσῳ
652 2153 835 2222 ἐζήτει
870 2151 1209 2219 διατεθῆναι·
1247 2148 1337 2202 τὸν
1359 2149 1414 2201 δὲ
1460 2147 1583 2203 λίαν
1618 2148 1923 2218 ἀχθόμενον
1958 2148 2037 2217 τῷ

462 2246 676 2299 ἔνδοθεν
724 2242 1101 2312 ύποσμύχοντι
1149 2240 1351 2309 φθόνῳ.
1402 2239 1541 2309 πρὸς
1585 2240 1752 2308 μηδὲν
1812 2237 2037 2306 εὔλογον

460 2337 865 2404 ἀποκρίνασθαι
889 2351 905 2367 ⁶
950 2335 1286 2403 ἀθροίσαντα
1317 2333 1373 2387 δὲ
1413 2332 1512 2399 τὴν
1549 2331 1641 2384 ὑπ’
1676 2331 1842 2385 αὐτὸν
1872 2347 2039 2401 στρα-

458 2433 581 2484 τιὰν
604 2431 868 2499 πλείστην
892 2424 1079 2492 οὖσαν,
1112 2429 1179 2497 τῇ
1222 2424 1517 2495 Ῥωμαίων
1547 2424 1844 2487 εἰσϐαλεῖν,
1869 2425 2038 2494 τρίτῳ

460 2524 556 2577 ἐπὶ
579 2522 793 2591 δεκάτῳ
818 2522 930 2574 ἔτει
965 2516 1351 2573 Ἰουστινιανοῦ
1407 2517 1508 2586 τὴν
1543 2516 1833 2584 Ῥωμαίων
1863 2516 2037 2586 ἀρχὴν

458 2615 811 2677 διιΟύνοντος.
872 2612 1188 2682 Συγγράφει
1243 2609 1448 2673 τοίνυν,
1509 2611 1660 2671 ὅπως
1712 2610 1740 2660 ὁ
1787 2608 2036 2675 Χοσρόης

459 2705 663 2774 Σοῦρον
693 2706 791 2775 τὴν
820 2703 977 2756 πόλιν
1012 2703 1148 2770 πρὸς
1182 2702 1476 2771 Εὐφράτην
1504 2700 1767 2769 κειμένην
1818 2699 2037 2768 πολιορ-

457 2795 637 2864 κήσας
668 2787 812 2845 εἷλεν
840 2834 854 2857 ,
890 2791 1054 2860 ἕτερα
1087 2788 1188 2859 μὲν
1237 2788 1588 2857 συνθέμενος,
1621 2787 1785 2857 ἕτερα
1834 2787 1891 2839 δὲ
1940 2803 2038 2839 πε-

2136 1707 2267 1744 num
2329 1700 2575 1746 oratores
2629 1691 2706 1762 (l)
2763 1691 2828 1745 ad
2877 1691 3157 1747 Chosroen
3206 1692 3444 1757 misisse,
3511 1693 3605 1762 qui
3640 1693 3715 1747 si-

2136 1779 2479 1849 gniﬁcarenl,
2520 1782 2728 1835 nullam
2753 1797 2810 1836 se
2840 1796 3062 1836 causam
3125 1784 3449 1851 praebuisse,
3497 1793 3557 1839 ut
3588 1800 3713 1854 qum

2139 1883 2296 1941 pacta
2345 1882 2488 1928 esset
2536 1888 2638 1943 pax
2695 1881 2985 1943 perpetua,
3049 1873 3396 1945 frangeretur
3452 1893 3466 1930 :
3530 1892 3712 1945 neque

2137 1962 2437 2032 quidquam
2499 1962 2813 2016 detrimenti
2874 1964 3164 2018 conventis
3208 1965 3484 2030 intulisse,
3523 1966 3714 2035 proin-

2146 2055 2323 2123 deque
2391 2053 2613 2123 petiisse
2666 2064 2726 2109 ut
2788 2055 2854 2109 de
2895 2060 3060 2111 rebus
3102 2057 3476 2113 controversis
3505 2058 3717 2130 disqui-

2139 2148 2268 2202 sitio
2306 2147 2461 2202 ﬁeret
2512 2166 2525 2201 :
2557 2157 2611 2201 et
2646 2162 2826 2202 causae
2852 2164 2972 2218 quae
3015 2148 3069 2202 in
3102 2149 3341 2204 medium
3370 2151 3597 2220 prolatu:
3628 2167 3717 2207 es-

2139 2247 2283 2301 seut,
2329 2240 2537 2307 pacatis
2559 2240 2804 2295 consiliis
2833 2240 3006 2294 amice
3038 2251 3518 2309 componerentur.
3543 2241 3716 2298 Chos-

2142 2345 2266 2384 rues
2317 2346 2473 2395 vero,
2520 2331 2664 2400 quod
2716 2347 2934 2399 gravem
2996 2348 3102 2401 qua
3142 2333 3195 2385 in
3222 2334 3408 2387 animo
3434 2332 3593 2403 757
3614 2349 3716 2389 suo

2140 2422 2425 2491 ﬂagrabat,
2482 2422 2744 2477 invidiam
2790 2438 2897 2475 non
2949 2422 3138 2487 ferret,
3174 2423 3311 2477 nihil
3346 2424 3490 2493 quod
3518 2424 3714 2479 rationi

2141 2517 2484 2581 conveniret,
2520 2515 2877 2585 respondisse
2907 2532 2919 2567 :
2953 2531 3143 2569 verum
3192 2517 3441 2571 exercitu
3479 2518 3716 2570 maximo

2139 2628 2203 2666 ex
2262 2609 2477 2678 potiulis
2530 2610 2644 2664 suis
2696 2618 2923 2668 coacto,
2999 2609 3369 2662 Romanorum
3448 2609 3715 2662 ditionem

2140 2704 2390 2756 adortum
2442 2716 2585 2767 esse,
2645 2701 2863 2756 decimo
2933 2702 3098 2756 tertio
3159 2701 3377 2769 imperii
3413 2700 3713 2756 Justiniani

2140 2810 2305 2848 anno.
2369 2795 2644 2849 Describit
2702 2795 2887 2864 igitur,
2913 2793 3188 2863 quomodo
3216 2782 3488 2848 ΟΙιοειὈες
3511 2793 3713 2847 Surum

460 2884 690 2956 πραχὼς
715 2901 728 2914 ο
758 2883 989 2945 ἀνοσίως
1028 2882 1318 2944 διατεθεὶς,
1348 2880 1424 2939 ὡς
1468 2880 1745 2950 ἀλογήσας
1797 2878 2031 2948 μάλιστα

2142 2887 2203 2941 ad
2266 2886 2595 2957 Euphratem
2646 2888 2804 2940 sitam
2833 2886 3046 2947 urbem,
3077 2895 3442 2953 expugnatam
3480 2885 3711 2952 ceperit,

458 2978 559 3039 τὰς
622 2976 915 3045 συνθήκας,
959 2975 1053 3027 καὶ
1088 2973 1227 3042 δόλῳ
1294 2972 1493 3041 μᾶλλον
1529 2970 1562 3040 ἢ
1617 2971 1767 3039 νόμῳ
1794 2969 2036 3039 πολέμου

457 3069 666 3137 ταύτην
698 3067 835 3121 ἑλών
855 3082 870 3096 °
900 3068 995 3119 καὶ
1019 3066 1166 3128 ὅπως
1184 3064 1284 3134 τήν
1300 3081 1358 3116 τε
1389 3063 1656 3134 Βέρροιαν
1686 3062 1859 3114 ἐποίει
1880 3058 2041 3126 πυρί-

460 3176 703 3214 καυστον
730 3175 744 3189 ·
780 3158 874 3211 καὶ¹
896 3157 970 3219 ὡς
1009 3156 1219 3209 ἐκεῖθεν
1251 3158 1330 3219 είς
1368 3156 1705 3223 Ἀντιόχειαν
1748 3148 1905 3223 ἧκεν,
1938 3150 2041 3203 Εὑ-

461 3252 733 3321 φραιμίου
761 3251 841 3318 τῷ
888 3248 1064 3320 θρόνῳ
1093 3248 1301 3319 ταύτης
1356 3246 1739 3316 ἑμπρέποντος
1761 3259 1775 3275 ⁶
1806 3244 2040 3297 καταλε-

459 3345 711 3407 λοιπότος
743 3343 800 3397 δὲ
824 3343 922 3414 τὴν
952 3342 1269 3410 ἐκκλησίαν,
1298 3340 1531 3410 μηδενὸς
1572 3339 1720 3408 αὐτῷ
1758 3336 1867 3389 τῶν
1898 3337 2039 3390 κατὰ

464 3439 668 3491 σκοπὴν
709 3436 994 3505 προῖόντος
1021 3452 1037 3466 ο
1066 3433 1125 3496 ὃς
1161 3434 1262 3504 τὴν
1303 3432 1628 3502 ἐκκλησίαν,
1668 3431 1765 3482 καὶ
1802 3430 1870 3482 τὰ
1899 3428 2037 3498 ἀμφ’

467 3526 638 3597 αὐτὴν
685 3525 868 3578 πάντα
919 3524 1223 3595 περισῶσαι
1285 3522 1549 3590 λέγεται,
1604 3521 2039 3589 κατακοσμήσεις

465 3619 576 3679 τοῖς
611 3619 791 3687 ἱεροῖς
829 3613 1203 3685 ἀναθήμασιν,
1252 3613 1339 3665 ἵνα
1383 3612 1553 3680 λύτρα
1584 3610 1761 3681 ταύτῃ
1788 3612 2038 3678 γένηται.

469 3708 795 3780 Περιπαθῶς
852 3705 897 3760 δ’
939 3705 1081 3773 ἄγαν
1127 3706 1220 3757 καὶ
1275 3704 1374 3774 τῆς
1435 3702 1712 3772 Ἀντιόχου
1758 3702 1854 3772 τὴν
1896 3703 2040 3756 ἅλω-

469 3819 555 3855 σιν
614 3800 988 3870 ἀναγράφεται
1020 3797 1157 3868 πρὸς
1205 3795 1444 3866 Χοσρόου
1496 3795 1874 3864 γεγενημένην
1899 3810 1913 3824 ·
1946 3795 2041 3846 καὶ

464 3896 539 3957 ὡς
604 3894 782 3947 πάντα
845 3890 1115 3960 διέφθειρε
1175 3886 1405 3943 κτείνων
1471 3887 1567 3943 καὶ
1621 3886 2037 3956 διαπυρπολῶν.

472 3988 701 4041 Ἔπειτα
745 3986 841 4038 καὶ
884 3985 1035 4045 ὅπως
1088 3984 1146 4047 ἐς
1177 3982 1277 4052 τὴν
1326 3982 1683 4048 ἀστυγείτονα
1715 3980 2039 4033 Σελεύκειαν

466 4077 622 4152 ἧκεν,
671 4078 729 4131 έν
758 4095 816 4131 τε
872 4076 951 4146 τῷ
997 4075 1312 4146 προαστείῳ
1364 4074 1461 4146 τῆς
1510 4074 1747 4143 Δάφνης.
1808 4074 1915 4127 Καὶ
1963 4073 2039 4136 ὡς

468 4173 605 4225 κατὰ
668 4171 767 4239 τὴν
830 4168 1129 4237 Ἀπαμέων
1189 4168 1432 4234 ἐγένετο,
1499 4166 1672 4234 Θωμᾶ
1735 4163 2037 4232 τηνικαῦτα

467 4263 1121 4329 ὲπισκοποῦντος,λόγοις
1157 4260 1251 4313 καὶ
1290 4259 1472 4329 ἔργοις
1512 4257 1658 4327 μάλα
1702 4255 2034 4323 διαφανοῦς·

466 4359 524 4412 ὃν
547 4359 608 4429 δή
640 4374 775 4427 φησι
807 4357 1022 4425 σύναμα
1050 4353 1265 4424 Χοσρὸῃ
1294 4351 1393 4422 τὴν
1437 4352 1544 4403 τῶν
1581 4351 1764 4403 ἵππων
1803 4349 2036 4418 ἅμιλλαν

467 4451 523 4502 ὲν
554 4452 629 4516 τῷ
691 4447 1015 4516 ἱπποδρόμῳ
1057 4446 1235 4515 σοφῶς
1268 4444 1569 4512 ὑποστῆναι
1617 4443 1769 4511 παρὰ
1795 4444 1853 4493 τὸ
1891 4458 2039 4494 νενο-

470 4538 735 4608 μισμένον
766 4533 1068 4588 θεάσασθαι
1089 4549 1102 4563 °
1138 4533 1212 4594 ὡς
1239 4532 1442 4585 ἐπίπαν
1472 4530 1797 4600 θεραπεύειν
1825 4532 2035 4583 ἐκεῖνον

467 4630 559 4689 καὶ
578 4627 878 4698 ἐξημεροῦν
903 4628 1202 4697 ᾑρημένον.
1231 4625 1328 4676 Ὃν
1358 4624 1591 4684 ἀστείως
1617 4621 1762 4691 μάλα
1789 4623 2039 4693 Χοσρόης

466 4722 647 4791 ήρεςο,
711 4716 765 4769 εἴ
798 4734 863 4785 γε
925 4717 1110 4785 ᾑρεῖτο
1144 4714 1307 4766 αὐτὸν
1341 4713 1448 4765 ἀνὰ
1494 4712 1593 4781 τὴν
1640 4710 1847 4765 οἰκείαν
1882 4712 2038 4763 πόλιν

465 4810 605 4864 οὕτω
632 4808 934 4863 θεάσασθαι
954 4824 968 4837 ·
1002 4807 1093 4859 τὸν
1120 4806 1163 4858 δ’
1191 4804 1452 4873 ἀλήθειαν
1481 4804 1573 4855 τοῦ
1603 4802 1803 4864 παντὸς
1834 4799 2040 4870 τιμῶν-

466 4920 555 4962 τα,
594 4902 759 4969 φάναι
813 4898 1059 4966 λέγεται,
1091 4895 1167 4957 ὡς
1220 4896 1319 4962 οὐχ
1355 4895 1523 4965 ἡδέως
1562 4892 1709 4963 ὁρῴη
1743 4894 1983 4945 ἐκεῖνον·
2014 4890 2042 4944 ὃ

467 4997 563 5048 καὶ
614 4994 701 5047 διὰ
736 4992 930 5045 πολλοῦ
960 4991 1050 5044 τὸν
1082 4989 1333 5057 Χοσρόην
1378 4986 1751 5054 ποιησάμενον
1777 4984 1874 5052 τῆς
1907 4984 2043 5053 ἀλη-

468 5088 640 5152 θείας,
678 5087 769 5138 τὸν
812 5086 960 5155 ίερέα
997 5082 1296 5151 ὑπερφυῶς
1331 5078 1595 5149 ἄγασθαι.

466 5181 652 5234 videre
709 5178 894 5242 vellet,

2141 2977 2353 3033 civibus
2378 2980 2572 3047 partim
2626 2994 2722 3046 per
2747 2989 2903 3047 pacta
2923 2984 3193 3032 conventa
3230 2977 3474 3039 allectis,
3518 2985 3715 3046 partnn

2141 3087 2239 3140 per
2301 3086 2454 3126 arma
2500 3071 2756 3135 devictis,
2824 3069 3027 3140 quippe
3056 3069 3149 3139 qui
3181 3069 3428 3138 improbe
3448 3084 3506 3123 se
3534 3084 3705 3139 gesse-

2142 3165 2232 3226 rit,
2292 3174 2347 3216 et
2425 3172 2579 3232 pacta
2627 3163 2853 3215 minime
2914 3162 3167 3226 servarit,
3194 3160 3318 3214 dolo
3348 3161 3519 3230 magis
3551 3176 3716 3229 quam

2140 3254 2268 3309 belli
2320 3252 2443 3324 jure
2498 3254 2724 3308 civitate
2767 3269 2832 3308 ea
2886 3253 3122 3320 potitus.
3195 3252 3479 3318 Quomodo
3547 3254 3717 3307 etiam

2142 3347 2459 3401 Berrhmam
2488 3348 2768 3401 incensam
2799 3346 2909 3415 igni
2940 3345 3198 3400 vastarit.
3274 3344 3405 3399 Item
3437 3342 3718 3415 quomodo

2142 3438 2269 3492 inde
2298 3438 2648 3492 Antiochiam
2697 3437 3031 3506 pervenerit,
3093 3435 3147 3489 in
3184 3435 3341 3504 cujus
3370 3444 3481 3488 tum
3515 3436 3716 3489 throno

2142 3525 2526 3597 Euphrzemius
2575 3527 2776 3581 enituit
2811 3544 2826 3582 :
2866 3526 2982 3596 qui,
3047 3540 3172 3580 cum
3227 3524 3276 3579 ei
3310 3526 3452 3594 quod
3501 3526 3712 3596 agebat,

2141 3620 2279 3674 nihil
2330 3636 2397 3673 ex
2457 3619 2732 3673 sententia
2761 3617 3105 3687 prOrederet,
3148 3617 3436 3671 ecclesiam
3471 3618 3714 3688 reliquit,

2140 3728 2371 3782 eamque
2429 3712 2748 3782 profugiens
2805 3725 2912 3764 una
2940 3725 3066 3764 cum
3100 3708 3298 3763 vicinis
3321 3709 3570 3765 aediliciis
3602 3726 3694 3765 ser

2142 3806 2309 3870 vavit,
2356 3806 2529 3859 sacris
2558 3804 2807 3858 donariis
2840 3803 3032 3859 ordine
3064 3801 3362 3872 publicitus
3397 3803 3714 3871 propositis,

2144 3904 2203 3948 ut
2240 3894 2636 3964 redemptionis
2664 3903 2850 3947 essent
2877 3892 3126 3947 ecclesia:
3153 3891 3415 3961 pretium.
3446 3891 3715 3945 Praeterea

2141 4002 2402 4057 perquam
2464 3986 2850 4040 miserabiliter
2909 3992 3324 4048 commemorat,
3376 3984 3713 4052 quomodoa

2139 4078 2386 4133 Cliosroe
2414 4077 2707 4132 Antiochia
2744 4076 2817 4132 sit
2867 4088 3048 4146 capta,
3096 4078 3189 4145 qui
3238 4076 3421 4130 omnia
3460 4075 3533 4128 ibi
3570 4075 3715 4128 ferro

2143 4169 2385 4224 concidit
2460 4180 2513 4223 et
2577 4169 2834 4224 incendio
2901 4169 3156 4223 vastavit.
3206 4167 3415 4222 Deinde
3441 4166 3715 4235 quomodo

2144 4263 2199 4317 in
2257 4262 2638 4317 suburbanum
2702 4262 2945 4331 Daphne:
3011 4262 3220 4321 lucum,
3278 4267 3334 4313 et
3383 4260 3435 4311 in
3478 4259 3711 4311 vicinam

2146 4354 2452 4409 Seleuciam
2505 4353 2720 4407 venerit
2787 4370 2801 4407 :
2850 4362 2905 4407 et
2964 4360 3020 4405 ut
3072 4352 3137 4405 ad
3166 4354 3463 4424 Apameam
3494 4365 3715 4418 quoque

2145 4436 2491 4515 applicuerit,
2530 4444 2739 4499 Thoma
2776 4452 2890 4498 tum
2954 4443 3029 4497 ibi
3074 4443 3448 4511 episcopatum
3479 4440 3715 4494 admini-

2146 4544 2379 4600 strante,
2429 4544 2485 4589 et
2542 4535 2653 4589 vita
2702 4542 2757 4589 et
2808 4534 3060 4588 doctrina
3126 4533 3331 4587 illustri
3368 4532 3506 4587 viro.
3544 4531 3715 4597 Quem

2146 4642 2254 4681 una
2300 4642 2425 4681 cum
2471 4626 2715 4680 Cltrosoe
2772 4625 2913 4693 apud
2967 4638 3130 4693 quem
3167 4629 3376 4694 legatus
3411 4632 3550 4685 erat,
3581 4622 3717 4675 dit-it

2143 4732 2411 4788 equorum
2468 4726 2746 4772 certamen
2801 4718 2855 4769 in
2888 4716 3283 4784 llippodromo,
3307 4725 3508 4784 praeter
3534 4730 3717 4784 recep-

2149 4819 2262 4862 tum
2291 4824 2523 4872 morem,
2577 4809 2857 4878 sapienter
2912 4816 3190 4878 spectasse
3235 4825 3249 4861 :
3286 4817 3344 4860 ut
3379 4807 3532 4859 illum
3556 4806 3718 4860 scili-

2148 4911 2237 4956 cet
2294 4902 2382 4955 lali
2438 4900 2616 4955 cilicio
2641 4901 2827 4954 mitem
2858 4900 3242 4969 placatumque
3276 4912 3496 4967 prorsus
3526 4898 3718 4950 redde-

2152 5001 2258 5047 ret.
2315 4993 2454 5047 Eum
2513 5007 2637 5045 cum
2674 4993 2847 5046 facete
2900 4990 3193 5045 admodum
3245 4988 3520 5044 Chrosoes
3552 4989 3717 5042 inter-

2156 5092 2422 5150 rogasset,
2459 5098 2524 5134 an
2560 5082 2649 5135 ille
2694 5096 2751 5135 se
2788 5081 2854 5135 ad
2903 5081 3049 5134 hunc
3080 5079 3303 5133 modum
3367 5078 3420 5131 in
3455 5078 3591 5131 urbe
3624 5092 3719 5129 sua

1003 5176 1296 5231 veritatem
1351 5174 1518 5229 rebus
1586 5170 1844 5226 omnibus
1908 5185 2316 5242 ptmponcntcm
2385 5174 2735 5243 resinondissc
2768 5173 2923 5239 dicit,
2974 5172 3121 5242 quod
3180 5186 3289 5224 non
3339 5170 3719 5223 libentereum

468 5276 690 5330 visurus
732 5282 899 5329 esset.
953 5272 1106 5338 Quod
1137 5270 1344 5325 dietum
1406 5268 1831 5323 cumChrosoes
1898 5276 2121 5338 propter
2159 5269 2446 5325 veritatem
2493 5269 2715 5340 plurimi
2771 5268 2922 5333 fecit,
2990 5275 3102 5321 tum
3123 5265 3426 5319 antistitem
3458 5276 3582 5316 eum
3617 5256 3719 5312 mi-

470 5372 620 5426 rilice
650 5378 733 5426 est
767 5368 1092 5423 admiratus.

545 5552 617 5618 (l)
670 5546 826 5617 Apud
885 5544 1170 5616 Agathiam
1230 5543 1265 5596 ii
1330 5541 1592 5596 dicuntur
1656 5537 1904 5592 Bullinus
1988 5546 2044 5591 ct

474 5618 723 5675 Sindual.

544 5690 618 5757 (‘2)
653 5687 757 5741 Alii
787 5686 931 5739 hunc
960 5684 1274 5739 Sisualdnm
1307 5680 1612 5737 nominant.

2232 5537 2309 5603 (5)
2359 5534 2574 5604 Vitligis
2620 5534 2684 5587 ad
2730 5518 2949 5604 Persam
2975 5532 3180 5603 legatos
3212 5527 3479 5604 InisitLad
3508 5526 3719 5604 bellum

2154 5596 2313 5660 Rom.
2346 5621 2471 5660 eum
2494 5596 2761 5668 elicimus.
2787 5603 2964 5674 (Proc.
2987 5596 3086 5657 lib.
3139 5619 3175 5657 ll
3203 5599 3337 5655 Belli
3368 5596 3615 5667 Persici.)
