4094 6202
349 252 465 315 239

848 357 1015 427 753
1060 352 1289 411 CAPUT
1322 354 1437 408 xv.

1576 237 2007 301 NICEI’HORI
2050 236 2136 294 CA
2152 235 2396 295 LLISTI

3517 224 3627 289 260

2627 351 2879 405 ΚΕΦΑᾹ.
2922 349 3021 405 1Ε¹.
3508 304 3515 311 κ

353 453 437 507 De
488 448 785 511 miraculo,
840 448 978 524 quod
1028 441 1393 524 Apamam-nd
1445 441 1711 510 viviﬁcum
1761 441 1934 495 crucis

2058 443 2167 513 ιερὶ
2208 443 2316 498 τοῦ
2353 443 2425 524 ἐν
2484 444 2775 524 Ἀπαμείᾳ
2808 443 3146 524 γενομέζοιί
3169 512 3181 524 .
3203 441 3513 524 ᾂαύματος
3548 438 3631 507 τῷ

924 515 1127 585 lignum
1161 514 1373 567 accidit.

426 635 791 700 Posteaquam
834 642 966 682 vero
1015 626 1085 682 ad
1137 626 1286 681 hunc
1344 627 1523 682 locum
1559 625 1936 695 pervenimus,

352 726 507 783 aliud
559 723 819 795 quiddam
876 717 1199 782 recensebo,
1249 718 1507 787 prasenti
1539 716 1784 772 historia:
1811 730 1943 769 con—

355 813 586 869 veniens
637 808 1067 880 quummaxime.
1113 806 1249 860 Cum
1295 806 1563 875 Apameni
1604 808 1797 859 urbem
1831 803 1943 858 An-

353 906 674 960 tiochenam
732 902 843 972 jam
908 898 1126 954 incendi
1201 897 1583 963 audivissent,
1648 898 1940 959 Thomam,

350 1012 523 1070 quem
583 995 730 1062 dixi,
760 997 1081 1064 episcopum
1120 1005 1149 1044 a
1174 990 1421 1046 Chosroe
1465 1004 1749 1044 reversum
1776 988 1941 1042 obsea

351 1095 608 1151 crarunt,
662 1095 722 1140 ut
786 1092 987 1153 praeter
1015 1082 1237 1137 solitum
1284 1095 1491 1135 morem
1516 1078 1791 1133 viviﬁcum
1819 1092 1944 1131 cru-

354 1182 441 1237 cis
508 1180 727 1249 lignnm
768 1175 1066 1247 proferret,
1117 1185 1279 1243 atque
1316 1173 1371 1226 in
1400 1171 1639 1226 medium
1671 1184 1945 1240 propone-

355 1287 465 1336 ret,
500 1281 563 1326 ut
596 1280 934 1332 postremum
963 1267 1309 1320 intuerentur
1340 1264 1938 1330 exoscularenturque,

355 1365 584 1420 unicam
612 1377 733 1415 eam
765 1359 1049 1413 hominum
1078 1359 1348 1421 salutem;
1396 1364 1453 1409 et
1482 1353 1641 1422 quasi
1675 1350 1939 1405 viaticum

357 1455 744 1513 adoratiouem
806 1452 977 1515 illius,
1016 1449 1083 1504 ad
1121 1434 1403 1502 meliorem
1440 1445 1588 1500 illam
1628 1445 1792 1497 vitam
1846 1441 1946 1494 mi-

359 1546 603 1619 graturi,
667 1551 970 1598 sumerent.
1042 1542 1252 1594 Annuit
1283 1539 1540 1607 precibus
1576 1551 1768 1591 eorum
1801 1534 1947 1588 Tho-

363 1654 509 1699 mas,
563 1646 619 1691 et
665 1635 871 1705 lignum
922 1632 1086 1686 vitale
1151 1630 1402 1700 protulit,
1430 1627 1598 1682 certis
1626 1627 1947 1697 productio-

2359 512 2638 583 ζωηφόρῳ
2663 512 2770 567 τοῦ
2801 512 3075 580 σταυροῦ
3108 512 3298 577 ξύλῳ.

2122 628 2390 682 Ἐνταῦοα
2416 628 2473 681 δὲ
2502 626 2598 681 τοῦ
2635 627 2799 695 λόγου
2847 627 3167 694 γενόμενος,
3209 624 3307 680 καί
3339 643 3392 677 τι
3437 627 3628 696 ἕτερον

2039 719 2406 791 διηγήσασθαι
2444 719 2730 791 βούλομαι,
2764 720 3051 790 προσῆκον
3086 719 3328 787 μάλιστα
3357 721 3426 791 τῇ
3477 734 3628 785 παρ-

2042 820 2182 889 ούσῃ
2232 832 2323 886 μοι
2374 815 2610 883 ἱστορίᾳ..
2641 813 2699 866 Ἐ
2712 814 2798 866 πεῖ
2819 813 2928 882 γὰρ
2954 815 3000 865 οἱ
3022 816 3122 884 τῆς
3145 810 3445 880 ’Δπαμέων
3473 813 3628 882 eiad;-

2042 925 2201 977 τορες
2234 907 2335 975 τὴν
2383 904 2536 973 σφῶν
2582 903 2740 956 πόλιν
2777 903 2879 974 ἤδη
2949 902 3349 973 πυρπολεῖσθαι
3396 903 3628 970 διέγνω-

2047 1020 2167 1063 σαν,
2194 1000 2285 1053 τὸν
2314 998 2608 1069 εἰρημένον
2636 997 2843 1061 Θωμᾶν
2870 996 3119 1049 ἱκέτευον
3143 995 3296 1065 παρά
3323 995 3386 1048 «ca
3408 995 3625 1061 εἰωθὸς,

2044 1095 2105 1147 τὸ
2154 1091 2421 1157 ζωοπςιδν
2468 1088 2561 1143 τοῦ
2588 1089 2829 1163 σταυροῦ
2863 1088 3022 1153 ξύλου
3055 1088 3367 1156 ἐξενεγκεῖν
3399 1090 3495 1141 καὶ
3543 1090 3628 1144 εἰς

2050 1185 2247 1252 μέσους
2276 1179 2600 1252 προθεῖναι·
2651 1180 2725 1243 ὠς
2778 1182 2843 1233 ἄν
2873 1196 2939 1248 γε
2991 1179 3306 1232 τελευταῖον
3367 1180 3529 1235 ἴδοιέν
3563 1197 3625 1233 τε

2048 1274 2144 1326 καὶ
2170 1270 2644 1332 κατασπάσαιντο,
2678 1268 2777 1338 τὴν
2810 1269 2982 1338 μόνην
3018 1268 3124 1324 τῶν
3173 1267 3480 1341 ἀνθρώπων
3521 1286 3629 1323 σω-

2045 1365 2261 1434 τηρίαν,
2295 1363 2392 1415 καὶ⁸
2422 1361 2535 1416 οἱον
2559 1361 2772 1429 ἐφόδιον
2803 1360 2990 1413 λαϐεῖν
3021 1359 3123 1429 τὴν
3144 1362 3357 1413 ἐκείνου
3381 1361 3631 1432 προσκύ-
3650 1391 3662 1404 -

2047 1473 2225 1524 νησιν,
2283 1455 2626 1524 μεταχωρεῖν
2674 1452 2975 1523 μέλλοντας
3031 1452 3170 1521 πρὸς
3215 1453 3317 1523 τὴν
3362 1453 3630 1521 ἀμείνονα

2050 1550 2257 1620 βιοτήν.
2302 1547 2583 1618 ’Υπήκουε
2617 1546 2735 1599 δὲ’ὀ
2765 1544 2970 1616 Θωμᾶς
3014 1546 3111 1600 καὶ
3144 1547 3354 1616 προῆγε
3388 1544 3451 1598 τὸ
3494 1546 3630 1609 ζωο-

2051 1641 2202 1696 ποιὸν
2236 1640 2415 1705 ξύλον,
2469 1639 2643 1710 ῥητὰς
2674 1637 3153 1708 ἐπαγγειλάμενος
3179 1637 3279 1706 τῆς
3311 1636 3629 1705 προθέσεως

361 1733 451 1785 nis
476 1730 600 1798 eius
627 1726 849 1780 indictis
870 1723 1068 1778 diebus
1085 1761 1102 1788 ,
1124 1733 1184 1776 ut
1203 1721 1370 1775 vieini
1400 1735 1621 1791 quoque
1647 1718 1945 1773 afﬂuercnt

2058 1733 2148 1794 τὰς
2176 1701 2421 1801 ἡμέρας,
2445 1701 2612 1791 ὦς’ἆν
2641 1727 2726 1796 εῖη
2759 1701 2854 1780 καὶ
2878 1701 3001 1787 τοῖς
3025 1701 3407 1792 ἁστυγεὶτοσιν
3439 1724 3630 1794 ἀθροι-

364 1831 418 1876 et
475 1819 748 1873 medicina
804 1814 1027 1870 salutari
1089 1812 1533 1882 perlrucrentur.
1594 1809 1734 1866 Cum
1764 1819 1947 1863 autem

364 1925 562 1964 omnes
616 1906 1027 1967 convenissent,
1091 1903 1221 1956 tntis
1266 1901 1522 1956 manibus
1546 1900 1787 1955 Thomas
1819 1898 1954 1953 sub-

365 2002 476 2057 lato
542 2001 599 2054 in
677 1997 913 2052 sublime
987 1996 1158 2065 ligno,
1237 1992 1640 2049 maledictionis
1687 1991 1948 2053 amnleto.

364 2107 576 2148 sat-ram
616 2089 787 2144 :edem
824 2087 1146 2143 circumiit:
1180 2084 1327 2154 quod
1382 2083 1542 2139 statis
1572 2090 1784 2137 tantum
1823 2097 1954 2151 sup—

368 2178 733 2252 pleationum
786 2178 983 2234 diebus
1011 2177 1126 2231 ﬁeri
1153 2175 1459 2230 consuevit”.
1489 2175 1657 2229 Porro
1687 2172 1952 2227 Thomam

369 2274 762 2343 procedentem
817 2285 1012 2340 magna
1072 2270 1155 2323 vis
1209 2268 1616 2337 resplendentis
1645 2265 1788 2336 ignis
1823 2264 1955 2319 sub-

368 2363 526 2432 sequi
580 2363 693 2415 visa
761 2368 866 2421 est,
920 2374 1027 2414 non
1070 2357 1359 2412 adurentis
1405 2355 1627 2427 quidem
1655 2355 1822 2425 ignis.
1853 2353 1951 2409 sed

370 2453 465 2523 qui
520 2453 701 2505 locum
759 2448 903 2503 nndc
965 2448 1056 2501 ille
1111 2448 1238 2512 iret,
1273 2445 1605 2503 comburere
1640 2452 1951 2513 putaretur.

372 2545 560 2614 Neque
613 2542 664 2595 i-.l
723 2540 895 2595 semel
946 2548 1043 2593 aut
1093 2538 1317 2601 iterum,
1344 2552 1536 2592 verum
1570 2549 1955 2605 saepenumero

369 2636 593 2697 accidit,
649 2633 795 2702 quod
851 2632 1084 2687 antistes
1131 2631 1310 2684 locum
1352 2643 1572 2685 omnem
1608 2627 1952 2683 circumiret.

368 2737 424 2780 et
492 2723 789 2779 multitudo
841 2734 1173 2792 congregata
1238 2721 1415 2785 illum,
1477 2728 1537 2775 ut
1579 2719 1724 2774 idem
1751 2719 1955 2787 Saepius

369 2818 596 2879 faceret.
648 2824 884 2883 rogaret,
914 2830 1025 2883 quo
1048 2813 1299 2868 crebrius
1334 2812 1593 2867 videlicet
1622 2811 1812 2866 divino
1842 2809 1953 2865 [ιιι-

370 2926 504 2981 gore
566 2909 869 2962 frueretur.
926 2905 1001 2959 Ea
1069 2920 1161 2959 res
1190 2904 1433 2958 futuram
1466 2903 1764 2973 Apamenis
1802 2901 1953 2956 salu-

2055 1827 2274 1897 σθῆναι,
2304 1826 2399 1878 καὶ
2421 1826 2519 1890 τὴν
2544 1822 2645 1892 τῆς
2674 1821 2951 1891 σωτηρίας
2999 1819 3304 1897 θεραπείαν
3331 1819 3631 1889 τρυγῆσαι.

2065 1916 2219 1969 Ἐπεὶ
2243 1915 2299 1968 δὲ
2342 1911 2720 1983 συνέρῤευσαν
2748 1910 3007 1974 ἅπαντες,
3044 1908 3197 1970 ὅλαις
3231 1906 3422 1979 χερσὶν
3446 1908 3475 1962 δ
3506 1907 3629 1960 Θω-

2056 2010 2166 2079 μᾶς
2192 2007 2252 2061 τὸ
2283 2007 2384 2077 τῆς
2432 2004 2679 2073 κατάρας
2722 2001 3138 2071 ἐξαλειπτήριον
3182 2000 3341 2068 ξύλον
3372 2002 3453 2064 εἱς
3500 2000 3634 2069 ὕψος

2054 2100 2263 2171 ἠρκὼς,
2293 2098 2632 2169 περιενόστει
2654 2095 2718 2149 τὸ
2747 2094 2894 2148 θεῖον
2924 2094 3228 2164 ἀνάκτορον
3250 2110 3265 2124 ο
3299 2095 3439 2163 ὅπερ
3471 2092 3632 2146 εἴωθε

2054 2189 2304 2260 γίνεσθαι
2332 2191 2456 2253 ταῖς
2494 2186 2716 2258 κυρίαις
2765 2185 3006 2257 ἡμέραις
3041 2184 3149 2238 τῶν
3178 2185 3632 2255 προσκυνήσεων.

2055 2283 2147 2354 Τῷ
2174 2282 2231 2337 δὲ
2261 2281 2437 2351 Θωμᾷ
2492 2278 2899 2349 μεθισταμένῳ,
2936 2280 3079 2348 μέγα
3119 2293 3174 2330 τι
3229 2277 3420 2348 χρῆμα
3460 2278 3635 2347 πυρὸς

2058 2376 2344 2445 σελαγίζον
2371 2375 2582 2444 ἑωρᾶτο
2610 2374 2873 2442 ἑπόμενον
2895 2387 2910 2401 ⁸
2959 2371 3019 2425 οὗ
3056 2374 3357 2426 κατακαίον
3398 2373 3499 2441 μέν
3526 2389 3633 2434 τοι,

2056 2470 2133 2530 ὡς
2177 2470 2358 2522 δοκεῖν
2418 2466 2511 2519 τὸν
2541 2464 2708 2518 τόπον
2740 2462 2869 2516 ἔνθα
2925 2462 3223 2534 μεθίστατο
3248 2462 3632 2532 πίμπρασθαιο

2056 2562 2156 2632 οὐχ
2209 2558 2360 2625 ἅπαξ
2406 2558 2464 2612 δὲ
2512 2558 2692 2623 τοῦτο,
2727 2555 2848 2609 οὐδὲ
2881 2555 2987 2621 δὶς,
3035 2552 3171 2607 ἀλλὰ
3222 2554 3316 2605 καὶ
3375 2553 3637 2616 πολλάκις

2057 2652 2334 2722 γενέσθαι,
2372 2652 2555 2705 πάντα
2585 2649 2676 2703 τὸν
2706 2649 2886 2720 χῶρον
2916 2647 3012 2700 τοῦ
3062 2647 3253 2717 ἱερέως
3286 2645 3597 2717 περιιόντος
3618 2661 3635 2677 ο

2058 2747 2154 2800 καὶ
2184 2745 2337 2808 αὖθις
2380 2744 2477 2798 καὶ
2524 2743 2787 2805 πολλάκις
2835 2740 2999 2795 τοῦτο
3044 2740 3497 2803 καθικετεύοντος
3542 2737 3638 2792 τοῦ

2058 2837 2447 2910 ἁθροισθέντος
2473 2834 2715 2906 πλήθους
2745 2834 2838 2887 τὸν
2862 2834 3015 2905 ἱερέα
3046 2836 3240 2897 ποιεῖν,
3272 2832 3338 2885 ῖν⁹
3382 2831 3478 2903 ἐξῇ
3504 2833 3640 2884 πολ-

2059 2933 2220 2994 λάκις
2263 2930 2363 2984 καὶ
2406 2930 2507 2999 τῆς
2554 2928 2709 2991 θείας
2759 2926 2955 2995 αῖγλης
3006 2924 3486 2995 μεταλαμϐάνειν·
3512 2922 3541 2975 ὃ
3573 2922 3640 2993 δὴ

372 3011 482 3057 tem
539 2999 842 3070 portendit.
892 2996 960 3053 Et
1023 2997 1275 3052 miraculi
1295 2997 1413 3068 ejus
1444 2996 1621 3066 imago
1650 3005 1814 3066 atque
1839 2984 1955 3048 mo-

434 3109 441 3110 γ
474 3109 477 3110 ν
518 3107 555 3110 -a
742 3090 804 3110 _,.
842 3087 1089 3110 manu
1147 3086 1487 3110 .-_.....:._-..
1518 3100 1784 3110 ......._.......
1839 3099 1923 3110 ...η

2187 2984 2291 3090 τὴν
2324 2984 2593 3091 ἐσομένην
2623 2984 2950 3087 ’Ᾱπαμεῦσιν
2967 2984 3248 3087 σωτηρίαν
3290 2984 3640 3084 προφητεῦον

371 3100 698 3147 numentmn
739 3090 806 3143 ad
842 3087 1092 3143 Basilica:
1147 3086 1489 3141 testudinem
1516 3100 1808 3147 summam,
1836 3099 1956 3138 om—

375 3186 542 3241 nibus
596 3183 899 3239 novitatem
962 3180 1042 3237 rei
1102 3179 1554 3243 testiﬁcaturmn,
1608 3178 1956 3249 propositum

375 3286 461 3333 est
492 3274 594 3348 (l).
619 3272 776 3340 Quod
820 3270 1045 3341 quidem
1094 3283 1270 3340 usque
1291 3267 1357 3323 ad
1382 3267 1711 3322 Ardaamani
1737 3275 1793 3322 et
1824 3266 1961 3321 Per-

385 3369 487 3426 sici
519 3368 649 3425 belli
687 3378 929 3435 tempora
962 3364 1234 3434 integrum
1265 3360 1568 3432 permansit
1626 3376 1641 3413 :
1674 3374 1785 3429 quo
1824 3368 1961 3414 tem-

376 3477 510 3532 pore
578 3459 834 3514 universa
900 3455 1056 3518 urbs,
1118 3448 1173 3509 et
1207 3452 1441 3509 ecclesia
1464 3451 1582 3522 ipsa
1607 3458 1819 3505 vastata
1847 3456 1956 3516 est,

374 3564 432 3610 et
477 3568 602 3609 eum
652 3566 717 3605 ea
762 3550 942 3619 imago
1012 3546 1176 3601 simul
1201 3542 1591 3616 conﬂagravit.
1627 3544 1811 3610 Atque
1844 3538 1963 3592 haec

377 3646 600 3718 quidem
649 3645 731 3699 sic
763 3651 906 3697 acta.
954 3639 1234 3696 Chosroes
1282 3651 1431 3702 vero,
1469 3648 1663 3689 recens
1697 3632 1961 3687 initorum

380 3734 776 3809 paciﬁcationis
836 3741 1125 3803 pactorum
1202 3742 1423 3783 rursum
1488 3726 1724 3791 oblitus,
1776 3725 1960 3779 denuo

376 3840 597 3899 quoque
657 3824 849 3879 eadem
900 3821 1175 3875 hostiliter
1246 3818 1396 3879 fecit,
1450 3816 1663 3871 levitati
1736 3815 1961 3884 quidem

376 3933 592 3971 morum
649 3924 704 3969 et
755 3911 1137 3967 inconstantia:
1167 3910 1288 3981 ejus
1337 3907 1748 3972 convenientia,
1781 3907 1962 3959 virum

376 4020 559 4065 autem
590 4008 803 4062 ratione
837 4004 1153 4076 praeditum,
1217 4003 1421 4058 nedum
1455 4016 1638 4072 regem
1676 4000 1966 4069 haudqua-

377 4114 543 4172 quam
576 4098 823 4153 decentia
847 4137 861 4152 .

873 4209 1037 4281 759
1067 4208 1292 4266 CAPUT
1330 4207 1470 4263 xv't.

382 4308 456 4361 De
489 4323 547 4360 re
594 4305 816 4372 miriﬁca
868 4302 1103 4367 Edeuw,
1136 4319 1303 4371 supra
1351 4303 1744 4372 apiniouent__et
1795 4297 1958 4372 ﬁdem

2056 3113 2146 3188 ἦν.
2178 3115 2350 3170 Τοῦτο
2371 3115 2437 3185 δὴ
2469 3114 2530 3166 τὸ
2561 3111 2748 3181 θαῦμα
2781 3111 2875 3164 καὶ
2909 3108 3081 3163 εἱκὼν
3108 3109 3211 3163 ἀνᾶ
3238 3106 3331 3161 τὸν
3360 3106 3470 3163 τῶν
3504 3108 3641 3160 ἀνα-

2057 3208 2274 3279 κτόρων
2318 3206 2518 3275 ὄροφον
2546 3203 2705 3274 ἐτέθη
2752 3202 2893 3256 πᾶσι
2942 3200 3004 3253 τὸ
3052 3199 3201 3265 ξένον
3227 3197 3642 3269 προκαταγγέλ-

2057 3299 2229 3352 λουσα
2253 3312 2269 3329 ’
2301 3296 2425 3367 ἥτις
2446 3294 2512 3365 δὴ
2542 3294 2671 3364 ἄχρι
2711 3295 2807 3347 καὶ
2834 3290 3215 3361 ’Δρδααμάνου
3246 3291 3343 3345 καὶ
3372 3291 3472 3360 τῆς
3499 3292 3644 3360 [ιερ-

2061 3389 2173 3446 σῶν
2210 3386 2402 3460 ἐφόδου
2445 3385 2755 3451 διεσώζετο.
2792 3382 3069 3455 ’οπηνὶκα
3099 3382 3157 3436 δέ
3199 3383 3235 3454 ἦ
3266 3399 3329 3435 τε
3361 3383 3516 3445 πόλις
3542 3383 3640 3454 ὅλη

2060 3483 2156 3536 καὶ
2206 3482 2239 3553 ἡ
2290 3479 2560 3551 ἐκκλησία
2590 3477 2777 3541 κακῶς
2810 3475 3073 3539 πέπονθε,
3119 3476 3215 3529 καὶ
3265 3477 3300 3545 ἠ
3333 3475 3499 3529 εἰκὼν
3544 3474 3639 3529 τοῦ

2064 3574 2236 3645 πυρὸς
2269 3573 2526 3643 μετέσχε.
2560 3569 2749 3624 Ταῦτα
2786 3568 2887 3639 μὲν
2927 3566 3073 3622 οὕτω
3119 3568 3354 3638 προέση.
3389 3566 3482 3620 Ἐν
3518 3568 3642 3620 δευ-

2061 3666 2209 3737 τέρῳ
2241 3664 2299 3718 δὲ
2328 3664 2423 3726 τὰς
2462 3662 2697 3725 σπονδὰς
2739 3661 2967 3727 θέμενος
2998 3661 3026 3714 ὁ
3073 3660 3347 3729 Χοσρόης,
3390 3660 3486 3713 καὶ
3517 3660 3641 3713 τότε

2061 3758 2131 3808 τὰ
2172 3756 2334 3820 ὃμοια
2374 3754 2665 3824 πέπραχε,
2712 3751 2793 3820 τῷ
2844 3751 2945 3820 μὲν
2990 3749 3216 3804 ἀσταθεῖ
3253 3750 3351 3802 καὶ
3395 3749 3636 3820 ἀϐεϐαίῳ

2064 3845 2233 3900 αὑτοῦ
2263 3846 2449 3917 τρόπῳ
2500 3844 2871 3911 συμϐαίνοντα
2895 3878 2911 3909 ,
2945 3842 3102 3913 ἀνδρὶ
3127 3842 3182 3895 δὲ
3213 3840 3441 3911 λογικῷ,
3476 3842 3641 3912 μήτοι

2064 3954 2127 4007 γε
2162 3938 2227 4005 δὴ
2252 3935 2465 4006 βασιλεῖ
2485 3933 2737 4005 οὐδαμῶς
2771 3934 3059 4003 πρέποντα

2652 4203 2904 4258 ΚΕΦΑΛ.
2929 4201 3045 4270 IG’.

2067 4301 2207 4369 Περὶ
2238 4299 2345 4382 τοῦ
2377 4297 2529 4351 κατὰ
2560 4297 3026 4382 τίιν-Ἐᾇέσσαν
3078 4297 3433 4382 παραδόξως
3487 4318 3646 4382 πεγεί

450 4368 724 4432 οηυιίιιήιξ
768 4378 833 4426 ab
877 4374 1107 4442 imagine
1155 4368 1512 4444 Dominiﬂlei
1563 4380 1613 4423 et
1658 4369 1955 4424 Servatoria

2136 4368 2401 4444 νημένου
2430 4370 2602 4444 παρὰ⁸
2638 4368 2748 4444 τῆς
2777 4368 3505 4444 ἀχειροποιήτουιεὶίςόνος
3539 4368 3645 4444 τοᾷ

452 4448 615 4499 nostri
644 4445 769 4498 Jestt
801 4444 998 4496 Christi
1026 4459 1131 4495 non
1171 4458 1333 4495 manu
1368 4441 1541 4510 facta,
1577 4452 1752 4511 gesta.

449 4627 680 4698 Insuper
707 4627 868 4681 etiam
905 4624 1204 4693 Procopius
1241 4630 1509 4676 memorat
1541 4637 1604 4675 ea
1640 4637 1764 4691 quae
1797 4637 1826 4675 a
1862 4637 1961 4676 vc-

385 4722 594 4778 tcribus
637 4732 859 4788 quoque
909 4715 977 4771 de
1030 4715 1207 4783 elligie
1238 4714 1447 4769 Christi
1500 4713 1782 4767 memoriae
1837 4721 1967 4768 sunt

383 4813 618 4884 prodita,
656 4828 777 4881 qua:
804 4810 1020 4879 Abgaro
1064 4807 1271 4862 Edesse
1300 4806 1535 4876 principi
1565 4815 1649 4860 est
1682 4805 1867 4859 missa.
1902 4806 1966 4859 Et

381 4905 660 4975 quomodo
690 4903 963 4958 Chosroes
996 4915 1061 4954 ea
1109 4912 1230 4967 qua:
1260 4896 1329 4952 de
1365 4896 1455 4951 illa
1500 4896 1643 4950 fama
1678 4896 1969 4951 increbue-

394 5007 541 5063 rant,
575 4995 721 5066 quod
770 4994 984 5049 scilicet
1017 4992 1223 5047 Edessa
1259 5007 1542 5062 nunquam
1596 4993 1652 5047 in
1692 4998 1965 5058 potestate

385 5087 815 5157 alienigenarum
854 5084 1038 5137 lutura
1070 5091 1216 5137 esset
1248 5081 1324 5150 (id
1367 5081 1517 5151 quod
1565 5081 1621 5136 in
1668 5082 1872 5135 litteris
1898 5078 1965 5134 ad

385 5180 662 5252 Abgarum
695 5175 879 5231 missis
908 5190 1017 5229 non
1052 5174 1324 5244 reperitur
1357 5173 1863 5244 :quemadmodum
1900 5188 1969 5227 ex

388 5272 610 5330 Eusebii
664 5266 934 5336 Pamphili
1005 5265 1235 5319 historia
1275 5279 1612 5335 cognoscere
1666 5265 1837 5327 licet,
1871 5263 1967 5334 qui

385 5363 678 5435 epistolam
710 5375 830 5415 eam
861 5356 1085 5427 legit,et
1112 5356 1182 5410 ab
1203 5356 1430 5410 verbum
1459 5356 1611 5427 operi
1630 5371 1732 5411 suo
1756 5356 1969 5411 inseru-

387 5458 451 5520 it,
504 5463 562 5510 et
613 5467 717 5508 nos
757 5464 975 5521 quoque
1017 5449 1071 5502 in
1122 5447 1370 5503 secundo
1405 5456 1554 5503 tome
1584 5448 1963 5519 exposuimus)

387 5549 521 5604 falsa
555 5560 675 5601 esse
695 5542 1031 5599 convincere
1064 5539 1319 5594 voluerit.
1339 5539 1495 5610 Apud
1527 5540 1715 5595 lldeles
1742 5540 1963 5611 quidem

458 5682 537 5754 (ι)
567 5678 759 5749 Evagr.
784 5676 880 5731 lib.
914 5690 985 5743 tv,
1008 5690 1130 5745 cap.
1162 5673 1253 5729 26.

2137 4438 2507 4519 {inplomxai
2570 4441 2719 4493 Θεοῦ
2776 4444 2876 4493 καὶ
2908 4439 3185 4508 Σωτῆρος
3226 4438 3395 4508 ἡμῶν
3442 4439 3646 4506 Ἰησοῦ

2137 4515 2421 4579 Χριστοῦ.

2142 4628 2264 4680 Ἔτι
2311 4628 2338 4679 ὁ
2389 4627 2681 4705 είρημένος
2724 4627 2938 4698 ἱστορεῖ
2964 4628 3291 4697 Προκξπιος,
3324 4626 3425 4679 ὅσα
3453 4625 3517 4693 δὴ
3548 4625 3643 4679 καὶ

2068 4720 2183 4781 τοῖς
2218 4716 2387 4770 πάλαι
2448 4718 2738 4787 ἱστόρηται
2782 4720 2912 4788 περὶ
2946 4717 3046 4787 τῆς
3074 4717 3284 4779 εἰκόνος
3314 4715 3575 4785 Χριστοῦ,
3606 4715 3641 4785 ἦ

2068 4828 2153 4874 τις
2185 4811 2428 4881 Δὺγάρῳ
2456 4807 2535 4880 τῷ
2578 4809 2831 4881 τοπάρχῃ
2872 4809 3133 4878 Ἐδέσσης
3169 4808 3371 4878 ἐστάλη
3399 4824 3414 4839 ·
3440 4806 3536 4862 καὶ
3568 4806 3644 4871 ὡς

2068 4907 2097 4956 ό
2133 4903 2386 4973 Χοσρόης
2415 4903 2482 4956 τὰ
2511 4903 2641 4973 περὶ
2674 4903 2846 4973 αὐτῆς
2890 4900 3266 4970 θρυλλούμενα
3314 4901 3644 4972 ἀπελέγχειν

2068 4994 2145 5059 ὥς
2174 4992 2285 5047 εἷεν
2310 4993 2483 5064 ψευδῆ
2519 4993 2868 5063 βουλόμενος,
2903 4993 2979 5056 ὼς
3022 4993 3124 5045 οὐκ
3157 4991 3223 5046 ἄν
3257 4993 3379 5045 ποτ’
3407 4991 3646 5046 Ἔδεσσα

2071 5087 2164 5139 ὑπ’
2190 5085 2515 5156 ἀλλοφύλοις
2550 5087 2809 5155 γένηται*
2850 5085 2987 5154 ὅπερ
3020 5085 3078 5137 ἐν
3125 5085 3224 5156 μὲν
3254 5086 3365 5147 τοῖς
3404 5086 3644 5156 Λὺγάρῳ

2072 5179 2352 5233 σταλεῖσιν
2386 5180 2488 5233 οὐκ
2536 5179 2782 5248 ἔγκειται
2807 5194 2822 5209 ·
2851 5177 2927 5241 ὡς
2960 5177 3078 5232 ἐστι
3123 5177 3317 5247 μαθεῖν
3347 5178 3410 5243 ἐξ
3439 5175 3516 5233 ὧν
3546 5179 3649 5231 Εὐ-

2072 5271 2253 5336 σέϐιος
2296 5275 2323 5326 ό
2371 5271 2664 5343 Παμφίλου
2712 5272 3020 5343 ἱστόρησεν,
3074 5272 3249 5342 αὐτὴν
3284 5273 3503 5344 ἐκείνην
3546 5269 3646 5342 τὴν

2071 5363 2364 5434 ἐπιστολὴν
2390 5364 2681 5431 ἀναγνοὺς,
2714 5365 2810 5416 καὶ
2855 5363 2929 5426 ὠς
2962 5362 3090 5433 ἔσχε
3127 5364 3206 5433 τῷ
3253 5364 3646 5434 συγγράμματι

2073 5456 2345 5526 πειραθείς
2370 5472 2384 5487 ·
2421 5454 2615 5526 ὥσπερ
2646 5456 2711 5527 δὴ
2748 5456 2841 5510 καὶ
2874 5454 3036 5526 ἡμεῖς
3083 5456 3143 5508 ἐν
3177 5456 3243 5526 τῇ
3274 5454 3505 5524 δευτέρᾳ
3536 5453 3647 5506 τῶν

2075 5550 2409 5622 συγγραφῶν
2477 5549 2874 5621 ἱστορήσαμεν.
2931 5549 3092 5620 Παρὰ
3128 5549 3232 5618 μέν
3265 5565 3347 5602 τοι
3404 5549 3519 5609 τοῖς
3553 5562 3646 5599 πι-
