4094 6202
415 206 524 269 263

1640 202 2064 263 NlCEPIIORI
2107 199 2452 261 CALLISTI

3406 165 3439 193 ο

3541 204 3652 268 264

418 323 675 376 virtutem
737 322 977 376 divinam
1040 319 1334 375 contrariis
1378 318 1573 387 emptis
1594 318 1837 372 eundum
1887 316 1992 371 sibi

2100 315 2375 369 σϐεννύειν
2415 314 2617 386 ταύτην
2670 314 3049 385 πειρώμενος·
3114 318 3145 387 ὴ
3198 317 3242 369 δ’
3295 316 3388 369 ἐπὶ
3450 319 3653 387 μᾶλλον

415 426 537 466 esse
560 412 920 473 existimaret,
952 425 1072 478 quae
1119 408 1308 461 urbem
1361 405 1683 475 przrterlluit
1708 448 1722 466 ,
1758 419 1979 473 aquam,

416 515 605 560 contra
642 519 826 575 pyram
862 501 1174 565 ardentem,
1205 499 1569 568 exstinguere
1606 512 1723 552 eam
1771 497 1981 560 volens,

418 595 667 650 immisit.
725 594 793 649 At
847 594 935 648 illa
996 591 1166 662 magis
1215 590 1496 659 magisque
1557 586 1980 663 accendebatur,

416 701 680 754 aquarum
736 685 844 736 vim
906 698 1124 737 omnem
1155 679 1381 750 perinde
1420 689 1581 748 atque
1604 678 1859 747 sulphur,
1890 686 1984 731 aut

415 777 619 837 oleum,
655 785 748 829 aut
791 776 1053 843 liquorem
1096 773 1262 826 alium
1314 772 1380 825 ad
1407 770 1840 824 inflammandam
1874 784 1985 822 ma-

415 869 609 924 teriam
671 868 925 922 idoneum
977 865 1278 935 excipiens,
1313 864 1365 918 in
1420 863 1657 917 sublime
1684 876 1750 915 eo
1812 877 1985 932 usque

415 961 717 1021 ferebatur,
753 960 929 1013 donec
959 972 1119 1027 agger
1164 956 1343 1011 omnis
1398 955 1454 1009 in
1505 970 1745 1026 ageStam
1797 955 1995 1009 consi-’

417 1052 573 1118 deus,
614 1053 667 1104 in
696 1051 910 1105 cineres
944 1059 1027 1103 est
1056 1047 1327 1102 redactus.
1365 1046 1550 1115 Itaque
1600 1046 1875 1100 Chosroes
1898 1060 1983 1098 re-

418 1145 523 1199 bus
557 1143 688 1213 ipsis
714 1142 779 1197 ad
813 1141 1247 1210 desperationem
1301 1139 1592 1204 abductus,
1626 1138 1844 1192 tandem
1873 1138 1979 1192 vim

419 1252 537 1291 eam
586 1226 706 1305 qua:
741 1234 931 1288 urbem
972 1232 1286 1287 defenderet
1332 1230 1587 1301 cognovit
1621 1247 1635 1285 :
1680 1240 1735 1285 et
1775 1231 1982 1301 pudore

418 1328 721 1406 perculsus.
750 1326 804 1379 in
846 1338 1071 1394 regnum
1103 1338 1262 1377 suum
1306 1323 1491 1386 rediit,
1520 1323 1843 1393 poenitentia
1876 1325 1980 1378 du-

2091 410 2366 477 ἀνήπτετο
2416 407 2543 469 τοὺς
2597 407 2788 469 ὁλκοὺς
2835 407 3127 477 δεδεγμένη
3185 408 3275 461 τοῦ
3337 409 3548 475 ὓδατος,
3578 410 3655 474 ὥς

2087 499 2192 569 πέρ
2221 516 2273 551 τι
2308 497 2508 568 θεῖονῆ
2541 498 2739 562 ἔλαιον,
2773 500 2807 568 ἡ
2842 515 2894 551 τι
2916 499 3044 551 ἄλλο
3073 498 3182 551 τῶν
3227 498 3485 563 ἐξάπτειν
3520 500 3655 571 ὓλην

2086 591 2410 659 ἐπιτηδείων
2436 606 2450 621 ο
2484 592 2579 643 καὶ
2603 591 2682 652 είς
2720 590 2853 657 ὕψος
2886 592 3176 661 ἀνέτρεχεν
3211 591 3316 652 ἕως
3346 591 3406 645 οὗ
3435 593 3495 645 τὸ
3542 596 3653 647 πᾶν

2086 682 2182 736 τού
2212 684 2466 752 χώματος
2522 681 2662 734 κατά
2703 683 2803 749 τὴν
2861 683 3100 751 ἀγέσταν
3145 684 3425 752 χωρῆσαν,
3481 685 3652 755 αὐτὴν

2084 774 2490 841 ἀπετέφρωσεν.
2523 774 2745 843 Ἔργοις
2772 772 2815 851 δ’
2840 772 2933 825 οὖν
2955 776 2983 827 ὁ
3017 775 3265 844 Χοσρόης
3291 776 3652 843 ἀπεγνωκὼς,

2086 865 2181 917 καὶ
2231 863 2327 933 τὴν
2354 863 2682 935 ὲγκειμένην
2737 868 2803 937 τῇ
2860 867 3016 920 πόλει
3076 867 3311 934 δύναμιν
3362 868 3650 938 ἐννοήσας,

2085 954 2345 1025 αἰσχύνης
2407 956 2624 1027 πλήρης
2684 958 2778 1009 ἐπὶ
2836 957 2905 1011 τά
2948 960 3188 1029 σφέτερα
3220 959 3325 1031 ἤθη
3360 960 3521 1013 πάλιν
3552 978 3650 1015 ποι

2087 1048 2274 1118 ρευτδς
2308 1043 2434 1118 ἧκε,
2474 1050 2767 1121 μεταμέλῳ
2810 1053 3116 1123 χρώμενος,
3146 1054 3223 1123 τῷ
3280 1055 3515 1126 διακένῳ
3543 1058 3654 1111 τῶν

2087 1141 2274 1193 κόπων
2311 1137 2391 1203 οἷς
2436 1144 2626 1211 χεῖρας
2654 1142 2800 1196 οὕτω
2829 1144 2946 1212 Θεῷ
2996 1146 3277 1216 ἀνταίρειν
3303 1145 3651 1215 βεϐούλευτο.

2086 1230 2257 1285 Τοῦτο
2312 1233 2412 1303 μὲν
2465 1232 2529 1303 δὴ
2585 1236 2847 1289 τοιοῦτον.
2895 1236 3049 1302 Λέξω
3084 1237 3142 1289 δὲ
3171 1238 3267 1292 καὶ
3312 1237 3341 1291 δ
3373 1240 3515 1293 κατὰ
3552 1240 3654 1309 τὴν

2085 1324 2477 1393 Σεργιούπολιν
2525 1326 2713 1380 ἄλλοτε
2762 1328 2973 1399 Χοσρόῃ
3029 1329 3273 1397 ἐγένετο·
3329 1331 3411 1383 ὅτι
3460 1347 3525 1398 γε
3558 1332 3653 1384 καὶ

418 1440 560 1491 etus,
595 1419 739 1497 quod
777 1427 956 1483 tantos
1013 1415 1211 1469 frustra
1252 1416 1466 1469 labores
1516 1416 1795 1477 subiisset,
1820 1415 1976 1485 761

2100 1416 2192 1472 τῶν
2226 1418 2373 1485 μάλα
2400 1417 2695 1482 ἀξιολόγων
2725 1422 2842 1471 ἐστι
2865 1420 2922 1472 τὸ
2945 1421 3129 1490 ἔργον,
3158 1421 3251 1474 καὶ
3277 1422 3467 1495 μνήμῃ
3486 1438 3653 1493 προσ-

421 1537 518 1589 per
544 1534 680 1588 quos
709 1519 781 1570 ita
810 1529 1002 1569 manus
1034 1522 1227 1567 contra
1259 1509 1427 1562 Deum
1465 1506 1657 1560 tollere
1691 1506 1979 1561 voluisset.

2085 1510 2207 1577 ήκει
2256 1508 2405 1561 ἐσαεὶ
2443 1510 2829 1573 διασώζεσθαι.

421 1619 599 1685 Atque
663 1612 915 1683 equidem
996 1610 1111 1663 [nec
1174 1607 1254 1661 sic
1318 1605 1583 1658 habuere.
1617 1600 1799 1654 Dicam
1854 1616 1985 1655 vero
2046 1602 2258 1665 itidem,
2332 1604 2474 1673 quod
2532 1606 2662 1659 alibi
2689 1606 2947 1661 Chosroae
2973 1606 3114 1677 apud
3146 1605 3503 1677 Sergiopolim
3525 1623 3655 1664 eve-

421 1712 524 1776 uit,
571 1721 687 1761 rem
732 1719 855 1774 quae
900 1705 1194 1764 referatur,
1226 1699 1293 1753 ad
1327 1697 1601 1752 memoriae
1645 1693 2005 1791 posteritatis.
2023 1697 2371 1765 sempiterna:
2405 1695 2672 1759 tradatur,
2709 1699 2998 1753 admodum
3020 1700 3261 1771 dignam.

960 1812 1186 1869 CAPUT
1272 1810 1436 1865 XVII.

424 1915 500 1969 De
565 1924 714 1965 crure
777 1906 1029 1976 pretiosa,
1091 1899 1635 1976 q_itaiit_Jiisliiiintius
1692 1894 1985 1976 Sergiopofi

491 1963 788 2036 dedicavit:
830 1976 898 2029 Et
949 1963 1025 2025 dei
1061 1963 1318 2026 miraculo
1369 1969 1442 2021 ibi
1481 1983 1641 2038 prope
1694 1963 1985 2020 incredibili

491 2053 654 2106 edito.

495 2186 696 2241 lustitit
723 2192 779 2239 et
805 2183 934 2236 huic
980 2180 1172 2250 jugum
1218 2173 1502 2229 servitutis
1538 2158 1819 2240 imponere
1851 2186 1988 2225 con-

425 2281 676 2336 tendens.
740 2277 806 2330 Et
850 2282 1138 2343 postquam
1198 2267 1397 2322 uicenia
1454 2276 1537 2319 est
1566 2279 1885 2333 aggressus,
1931 2273 1987 2317 et

423 2371 615 2425 urbem
642 2378 953 2436 expugnare
976 2370 1198 2416 coactus
1225 2375 1241 2413 :
1266 2358 1333 2409 de
1362 2357 1532 2409 salute
1587 2354 1786 2408 dehinc
1814 2353 1985 2417 urbis,
2037 2395 2046 2404 .

423 2471 573 2516 utea
624 2463 958 2519 servaretur,
1010 2451 1265 2519 utrinque
1299 2447 1369 2501 ab
1419 2445 1799 2498 obsidentibus
1826 2446 1986 2499 simul

425 2561 481 2608 et
512 2549 770 2611 obsessis.
808 2547 936 2601 hinc
966 2543 1092 2598 inde
1125 2541 1291 2595 verba
1344 2546 1472 2593 sunt
1521 2536 1682 2589 facta.
1712 2537 1988 2590 Postremo

427 2644 572 2697 inter
602 2650 862 2707 utrosque
891 2638 1169 2697 convenit,
1212 2640 1272 2685 ut
1320 2630 1492 2683 sacris
1540 2632 1861 2695 templorum
1894 2628 1991 2682 do-

426 2734 597 2788 nariis
647 2731 841 2785 civitas
868 2727 1251 2780 redimeretur.
1292 2722 1502 2787 Quibus
1534 2731 1591 2777 et
1622 2736 1782 2785 crux,
1822 2734 1985 2789 quam

426 2820 764 2879 Justinianus
800 2827 856 2873 et
882 2816 1167 2870 Theodora
1206 2830 1273 2867 eo
1303 2813 1584 2877 miserant,
1612 2821 1696 2866 est
1724 2812 1990 2865 adnume-

429 2925 564 2970 rata.
607 2913 670 2966 Et
709 2914 819 2983 jam
862 2908 931 2961 ab
971 2908 1124 2961 urbis
1160 2906 1281 2975 ejus
1328 2906 1593 2965 antistite,
1629 2904 1860 2972 aliisque
1897 2903 1991 2971 qui

429 3021 556 3062 cum
602 3021 669 3059 eo
712 3002 862 3061 missi
894 3000 1133 3061 fuerant,
1156 2998 1222 3051 ad
1263 2996 1544 3051 Chosroen
1574 2998 1755 3050 omnia
1794 2994 1988 3064 depor-

433 3107 542 3153 tata
584 3095 821 3150 fuerant.
868 3092 1043 3160 Atque
1082 3090 1196 3153 ille,
1261 3104 1393 3142 num
1442 3097 1707 3157 praeterea
1761 3087 1814 3141 in
1859 3087 1992 3141 urbe

2687 1814 2934 1868 ΚΕΦᾹΛ.
2965 1817 3060 1869 1Ζ’.

2093 1900 2233 1978 Περὶ
2286 1902 2392 1957 τοῦ
2448 1904 2956 1978 τιμίουνσταυροῦ
3005 1907 3077 1961 ὃν
3110 1909 3531 1978 Ἰουστινιανὸ(
3582 1914 3653 1967 ἐν

2166 1975 2587 2051 Σεργιουᾼπόλει
2639 1975 2883 2051 dﬂigam
2907 1992 2935 2051 ’ί
2974 1978 3071 2051 καὶ
3112 1981 3242 2045 περὶ
3280 1981 3385 2034 τοῦ
3414 1975 3655 2051 γεγονό-

2166 2058 2271 2107 τος
2299 2044 2498 2114 ξκεῖσε
2528 2046 2875 2113 παραδόξου
2908 2044 3231 2116 θαύματος.

2176 2154 2491 2222 Ἐφίσταται
2544 2158 2635 2209 καὶ
2688 2158 2861 2232 ταύτῃ
2913 2161 3081 2228 ζυγὸν
3110 2161 3353 2223 δουλείας
3382 2164 3657 2220 ἐπιθεῖναι

2097 2245 2434 2308 σπουδάζων.
2476 2249 2629 2303 Ἐπεὶ
2678 2250 2809 2317 γοῦν
2850 2251 2925 2319 τῷ
2975 2255 3145 2322 τείχει
3199 2256 3526 2324 προσέϐαλε,
3562 2260 3658 2311 καὶ

2096 2338 2412 2408 πολιορκεῖν
2444 2341 2727 2408 ἐπειρᾶτο,
2762 2343 2830 2395 τὰ
2864 2346 2996 2414 περὶ
3024 2347 3297 2417 σωτηρίας
3321 2350 3419 2416 τῆς
3448 2350 3657 2414 πόλεως

2094 2430 2243 2492 ὅπως
2274 2431 2496 2499 σωθείη,
2552 2432 2683 2503 παρ’
2714 2434 3000 2503 ἑκατέροις
3055 2440 3167 2498 τοῖς
3202 2455 3261 2489 τε
3303 2438 3658 2509 πολιορκοῦσι

2100 2523 2192 2573 καὶ
2254 2522 2730 2593 πολιορκουμένοις
2761 2527 3072 2581 διελαλεῖτο.
3128 2530 3289 2591 Τέλος
3346 2530 3660 2585 συνέϐαινον

2098 2616 2232 2683 πρδς
2258 2616 2544 2685 ἀλλήλους,
2574 2616 2716 2671 ὥστε
2749 2622 2815 2671 τὰ
2845 2620 2959 2672 Oeiz
2987 2618 3249 2690 κειμήλια
3288 2622 3457 2691 λύτρα
3487 2626 3659 2695 ταύτῃ

2097 2707 2349 2771 γενέσθαι
2375 2722 2388 2737 ·
2414 2703 2495 2770 οἷς
2525 2710 2954 2775 συγκατείλεκτο
2988 2713 3082 2765 καὶ
3114 2715 3346 2782 σταυρὸς
3388 2716 3493 2768 ὑπὸ
3530 2715 3661 2769 Ἰου-

2100 2797 2371 2850 στινιανοῦ
2393 2798 2487 2850 καὶ
2520 2798 2813 2867 Θεοδώρχς.
2844 2801 3138 2868 πεμφθείς.
3175 2803 3260 2865 Ὡς
3294 2804 3338 2856 δ’
3368 2800 3462 2857 οὖν
3503 2807 3657 2872 παρά

2097 2888 2189 2940 τοῦ
2220 2889 2319 2957 τῆς
2356 2888 2562 2951 πόλεως
2592 2890 2780 2958 ἱερέως
2808 2893 2900 2944 καὶ
2932 2892 3039 2945 τῶν
3082 2895 3178 2946 σὺν
3208 2895 3355 2965 ούτῷ
3387 2896 3660 2966 πεμφθέν-

2097 2997 2205 3033 των
2234 2982 2292 3042 ὲς
2316 2981 2564 3050 Χοσρόην
2599 2981 2814 3035 ἅπαντα
2845 2984 3155 3048 διεσώζετο,
3195 2988 3402 3050 ἐκεῖνος
3431 2991 3663 3041 ἀνεπυν-

2103 3073 2312 3138 Θάνετο,
2343 3077 2391 3129 εἰ
2426 3077 2500 3145 μὴ
2540 3077 2636 3128 καὶ
2674 3076 2841 3145 ἕτερα
2875 3078 3177 3149 ὑπελείφθη
3206 3083 3269 3150 τῇ
3304 3083 3476 3136 πόλει.
3516 3085 3663 3152 Πειρ⁸

431 3187 731 3258 quidquam
761 3184 1034 3252 reliquum
1087 3188 1253 3245 esset,
1303 3180 1675 3249 interrogavit.
1709 3178 1877 3234 Aﬂ‘uit
1917 3178 1994 3232 ibi

2100 3162 2174 3215 ὼν
2221 3163 2279 3216 δέ
2333 3181 2416 3227 τις
2462 3164 2569 3219 τῶν
2643 3167 2999 3237 ἀληθίζεσθαι
3055 3171 3362 3236 εἰωθότων,
3445 3174 3662 3245 Χοσρόῃ

356 3272 359 3275 ’
433 3278 680 3350 quidam,
737 3288 929 3329 verum
979 3272 1161 3327 dicere
1209 3269 1404 3323 solitus
1433 3310 1447 3335 ,
1491 3280 1548 3324 et
1593 3270 1870 3334 Chosroaa,
1895 3268 1998 3322 alia

434 3368 679 3440 quzedam
724 3379 892 3435 pauca
923 3363 1218 3418 admodum
1242 3362 1297 3416 in
1320 3361 1456 3416 urbe
1489 3376 1525 3414 ar
1541 3360 1756 3415 civibus
1786 3360 2000 3415 occulte

435 3457 703 3515 asservari
742 3456 1099 3512 renuntiavit.
1137 3454 1216 3509 Ac
1264 3454 1383 3508 auri
1415 3452 1637 3522 quidem
1669 3452 1751 3507 vel
1788 3451 1998 3523 argenti

436 3550 634 3620 reliqui
667 3549 802 3603 nihil
837 3563 979 3612 esse,
1012 3548 1105 3602 sed
1137 3547 1365 3601 alterius
1411 3546 1570 3616 longe
1601 3544 1999 3615 praestantioris

435 3652 491 3699 et
520 3644 630 3698 Deo
660 3641 851 3696 dicata
883 3641 1144 3703 materiai,
1176 3640 1232 3693 in
1262 3656 1367 3708 qua
1388 3654 1511 3694 ossa
1546 3638 1723 3707 Sergii
1743 3640 2000 3708 martyris

436 3742 866 3795 asservarentur,
891 3746 1082 3784 urnam
1115 3730 1436 3800 sublongam
1468 3745 1534 3783 ex
1560 3737 1788 3800 argento
1817 3729 1996 3785 fabre-

436 3824 631 3878 fartam
678 3832 910 3877 restare.
962 3821 1077 3877 Hoc
1108 3821 1199 3876 ubi
1247 3820 1523 3876 Chosroes
1567 3821 1801 3884 audivit,
1851 3821 2001 3876 illico

436 3914 737 3969 exercitum
775 3927 993 3967 onmem
1025 3916 1093 3966 ad
1115 3911 1554 3981 texscindeudam
1582 3912 1771 3966 urbem
1812 3927 1879 3967 ex
1912 3926 2003 3966 ca-

439 4018 676 4061 atrorum
713 4004 1069 4060 munimentis
1098 4005 1307 4059 eduxit.
1329 4002 1625 4058 Confestim
1648 4018 1798 4069 vero
1834 4005 2000 4059 innu-

440 4097 732 4152 iuerabiles
772 4104 1202 4166 propugnatores
1258 4110 1425 4164 supra
1475 4094 1665 4148 urbem
1713 4084 1999 4165 apparere,

439 4205 607 4258 seque
636 4189 701 4243 ad
732 4188 978 4243 eamdem
1019 4185 1416 4240 defendendam
1451 4201 1663 4256 parare,
1712 4195 1877 4255 atque
1905 4201 2002 4256 per

441 4296 626 4335 muros
659 4279 861 4348 ubique
911 4278 1221 4332 discurrere
1251 4278 1350 4332 visi
1383 4288 1532 4332 sunt.
1570 4278 1741 4333 Porro
1767 4288 1827 4332 ut
1874 4277 2001 4342 hoc,

438 4372 535 4441 qui
584 4372 652 4425 ad
698 4370 1119 4439 oppugnandum
1173 4370 1322 4424 missi
1376 4371 1613 4430 fuerant.
1647 4370 1924 4433 viderunt,
1972 4384 2003 4424 e

440 4461 668 4529 vestigio
721 4460 787 4513 ad
840 4459 1116 4513 Chosroen
1171 4460 1400 4524 reversi,
1470 4475 1593 4515 cum
1652 4461 1999 4515 defensorum
2035 4497 2079 4553 υ

442 4550 677 4605 civitatis
700 4550 1128 4612 multitudinem,
1163 4559 1277 4603 tum
1312 4552 1558 4604 timorem
1589 4566 1772 4616 suum,
1794 4553 2002 4621 quieos

442 4652 796 4707 exarmasset,
837 4639 1125 4709 stupefacti
1176 4653 1695 4697 commemorarunt.
1732 4643 2007 4699 Chosroes

445 4743 648 4793 autem,
679 4731 773 4785 ubi
798 4732 1013 4786 curiose
1050 4735 1232 4785 omnia
1288 4742 1585 4793 scrutatus.
1620 4735 1773 4789 valde
1802 4750 2004 4804 paucos

442 4825 528 4877 vel
559 4823 863 4876 immaturae
890 4822 977 4875 vel
1020 4821 1246 4875 exoletae
1285 4822 1461 4875 relatis
1504 4822 1755 4878 homines
1782 4826 1834 4877 in
1868 4825 2007 4879 urbe

442 4930 583 4975 esse,
615 4913 854 4967 robustis
885 4911 1138 4965 omnibus
1172 4911 1403 4966 emedio
1438 4911 1693 4979 sublatis,
1720 4917 2004 4983 comperit,

445 5022 556 5058 rem
594 5019 713 5058 eam
758 5003 1093 5057 sublimioris
1131 5002 1362 5070 alicujus
1410 5002 1718 5071 potestatis,
1769 5013 1824 5058 et
1865 5020 2007 5059 mar-

446 5096 582 5166 tyris
612 5094 884 5163 praecipue
911 5107 1031 5149 esse
1061 5092 1369 5162 suspicatus
1410 5103 1513 5148 est.
1545 5092 1623 5146 Ac
1658 5094 1852 5150 timore
1885 5112 1999 5151 cor-

446 5195 655 5254 reptus,
683 5184 1162 5255 Christianamque
1205 5184 1520 5255 religionem
1558 5204 1886 5258 magnopere
1916 5189 2009 5243 ad-

445 5278 720 5341 miratus,
778 5277 985 5340 statim,
1034 5276 1372 5330 obsidionem
1451 5279 1661 5346 solvit,
1720 5290 1887 5349 atque
1952 5282 2006 5334 in

444 5369 705 5422 ditionem
737 5381 889 5420 suam
922 5381 1172 5421 reversus
1197 5378 1300 5425 est.
1337 5369 1496 5440 762
1521 5371 1681 5425 Fama
1717 5387 1844 5425 vero
1869 5372 2013 5424 obti-

444 5467 559 5519 net,
614 5459 893 5512 Chosroen
957 5457 1142 5521 iStum,
1178 5460 1340 5528 paulo
1394 5474 1521 5515 ante
1563 5462 1799 5526 obitum,
1836 5463 2009 5515 sacris

449 5545 652 5600 nostris
681 5547 955 5601 initiatum
1007 5556 1171 5615 atque
1218 5547 1283 5601 ad
1327 5548 1573 5603 divinum
1606 5551 1879 5604 lavacrum
1915 5550 2011 5602 ad-

448 5640 676 5695 missum
713 5652 853 5693 esse.
891 5638 1145 5693 Sedenim
1193 5648 1247 5694 et
1295 5649 1500 5709 pestem
1548 5658 1667 5697 eam
1718 5658 1838 5711 quire
1894 5652 2005 5698 tum

2101 3256 2428 3325 ἐπήγγελλε,
2466 3258 2559 3310 καὶ
2609 3258 2773 3328 ἕτερα
2812 3254 2954 3313 εῖναι
2992 3261 3343 3332 εύαρίθμητσ.
3374 3264 3496 3318 λίαν
3526 3266 3662 3334 πρὸς

2100 3346 2211 3399 τῶν
2258 3347 2497 3401 πολιτῶν
2530 3349 3000 3421 ἐναποκρυϐἐντα,
3034 3354 3197 3422 μηδὲν
3227 3355 3282 3408 δέ
3308 3374 3358 3408 τι
3393 3356 3596 3425 χρυσοῦ

2102 3436 2345 3506 ἀργύρου
2372 3436 2765 3505 ἀπολελεῖφθαι
2786 3458 2800 3472 ·
2834 3442 3001 3511 ἄλλης
3034 3444 3089 3496 δὲ
3125 3444 3257 3514 ὕλης
3280 3447 3663 3516 προύργιαιτέο

2106 3544 2206 3597 ρας
2227 3529 2347 3599 Θεῷ
2374 3529 2682 3600 ἀνειμένης,
2719 3535 2784 3584 τὰ
2813 3532 2908 3585 τοῦ
2937 3535 3213 3606 μάρτυρος
3249 3538 3410 3590 ὀστέα
3435 3539 3662 3609 Σεργίου

2103 3623 2576 3691 περιφρουρούσης
2601 3640 2615 3655 ·
2652 3620 2795 3676 εἶναι
2850 3624 2895 3677 δ’
2948 3627 3168 3696 ἐκείνην
3204 3629 3363 3699 σορὸν
3410 3632 3663 3704 ἐπιμήκη

2101 3712 2344 3782 ἀργύρου
2393 3714 2789 3785 πεποιημένην.
2829 3717 2919 3779 Ὠς
2970 3719 3027 3771 δὲ
3073 3719 3226 3773 ταῦτ’
3253 3724 3479 3792 ὴγηκόει
3526 3726 3665 3780 Χοσ-

2105 3806 2236 3874 ρόης
2260 3846 2275 3869 ,
2314 3806 2476 3869 εὐθὺς
2530 3806 2618 3859 τὸν
2647 3807 2770 3861 ὅλον
2821 3810 3075 3879 ἐπαφῆκε
3118 3813 3347 3881 στρατὸν
3378 3816 3474 3885 τὴν
3510 3816 3665 3868 πόλιν

2104 3897 2347 3966 πορθεῖν.
2378 3898 2667 3968 Ἐξαπίνης
2704 3900 2749 3953 δ’
2777 3902 2947 3963 ἀσπὶς
2978 3903 3148 3972 μυρία
3172 3905 3544 3976 ὑπερφανεῖσα
3570 3913 3666 3978 τῆς

2104 3991 2306 4051 πόλεως
2340 3984 2510 4056 ὧπτο,
2555 3992 2761 4061 ταύτης
2817 3995 3163 4065 ὑπερμαχεῖν
3208 3998 3664 4071 διεσκευασμένη,

2105 4081 2381 4151 πανταχοῦ
2410 4084 2502 4137 τὸν
2553 4083 2840 4152 περίϐολον
2872 4085 3187 4142 διαθέουσα.
3225 4088 3315 4152 Ὠς
3350 4088 3407 4144 δὲ
3433 4091 3585 4145 ταῦθ’
3617 4094 3667 4145 oi

2106 4175 2448 4243 πεμφθέντες
2479 4177 2754 4241 τεθέαντο,
2817 4178 2984 4240 εὐθὺς
3030 4179 3169 4248 πρὸς
3228 4182 3483 4254 Χοσρόην
3537 4186 3669 4238 (mf-

2107 4282 2357 4337 στρεφον,
2408 4268 2471 4321 τό
2508 4285 2566 4321 τε
2604 4269 2809 4339 πλῆθος
2853 4270 2962 4324 τῶν
3022 4272 3512 4344 ὑπερασπιζόντων
3573 4281 3669 4346 τῆς

2108 4361 2315 4423 πόλεως
2349 4361 2673 4426 τεθηπότες,
2707 4363 2803 4414 καὶ
2832 4365 2931 4430 τὴν
2961 4364 3263 4434 ἀφόπλισιν
3295 4369 3665 4439 διηγούμενοι.

2117 4452 2206 4515 Ὠς
2237 4452 2293 4505 δὲ
2325 4455 2826 4524 περιεργαζόμενος
2853 4457 2882 4507 ὁ
2909 4457 3155 4527 Χοσρόης
3184 4461 3447 4528 ἐγνώριζε
3476 4463 3666 4531 κομιδῇ

2108 4544 2331 4615 βραχεῖς
2374 4548 2732 4616 ὲναπομεῖναι
2761 4551 2829 4617 τῇ
2859 4548 3015 4602 πόλει
3067 4552 3302 4621 ὲξώρους
3332 4556 3409 4604 τε”
3433 4557 3527 4604 καὶ
3560 4554 3665 4604 ἀώ-

2109 4654 2257 4708 ρους,
2285 4639 2384 4706 τῆς
2439 4640 2722 4709 σφιγώσης
2773 4641 2992 4710 ἡλικίας
3051 4644 3293 4695 ἐκποδὼν
3348 4645 3664 4714 γενομένης,

2109 4731 2487 4800 ἀνελάμϐανεν
2538 4732 2852 4802 ὑπερτέρας
2890 4733 3169 4802 δυνάμεως
3201 4731 3342 4787 εἶναι
3395 4737 3454 4788 τὸ
3483 4736 3666 4805 ἔργον,

2110 4823 2203 4875 καὶ
2239 4823 2435 4892 μᾶλλον
2468 4824 2559 4876 τοῦ
2618 4827 2917 4895 μάρτυρος.
2968 4827 3161 4888 Δείσας
3191 4826 3251 4878 δὲ’
3282 4826 3375 4880 καὶ
3414 4829 3514 4896 τὴν
3541 4830 3671 4897 Χρι-

2114 4916 2346 4968 στιανῶν
2376 4916 2559 4968 πίστιν
2606 4919 2697 4969 ἐπὶ
2743 4918 2885 4986 μέγα
2913 4917 3206 4985 ἀγάμενος,
3245 4918 3408 4981 εὐθὺς
3444 4922 3543 4990 τὴν
3572 4939 3671 4974 πο-

2116 5003 2365 5073 λιορκίαν
2398 5005 2591 5068 λύσας,
2632 5006 2766 5073 πρὸς
2798 5008 2866 5057 τὰ
2892 5008 3065 5057 οἰκεῖα
3109 5007 3500 5078 μετεχώρησεν
3526 5012 3671 5080 ὅρια.

2114 5096 2283 5162 Λόγος
2305 5094 2350 5148 δ’
2382 5095 2495 5166 ἔχει
2532 5098 2749 5149 τουτονὶ
2776 5097 3024 5165 Χοσρόην
3053 5098 3199 5150 τέλει
3252 5100 3345 5151 τοῦ
3372 5099 3488 5167 βίον
3533 5102 3674 5171 χρώ-

2120 5204 2303 5256 μενον,
2348 5189 2632 5259 μυηθῆναί
2688 5206 2747 5242 τε
2798 5193 2865 5244 τὰ
2926 5192 3201 5263 ἡμέτερα,
3256 5195 3353 5247 καὶ
3394 5196 3485 5247 τοῦ
3527 5195 3675 5248 θείου

2109 5276 2372 5345 ἠξιῶσθαι
2398 5280 2646 5351 λουτροῦ.
2680 5280 2789 5334 Ναὶ
2807 5282 2913 5352 μὴν
2940 5283 3032 5335 καὶ
3061 5283 3129 5336 τά
3154 5285 3252 5355 τῆς
3290 5285 3677 5357 ὲπισκηψάσης

2114 5372 2272 5421 νὶσου
2305 5372 2611 5440 τηνικαῦτα
2651 5374 2724 5435 ti»;
2777 5375 2897 5428 ὲνὸν
2930 5376 3302 5446 διηγήσομαι,
3337 5379 3455 5449 ἥτις
3485 5378 3547 5448 δὴ
3581 5381 3677 5431 καὶ

2113 5461 2173 5512 τὸ
2202 5462 2426 5531 σύμπαν
2454 5466 2527 5527 ώς
2578 5468 2753 5519 εἰπεῖν
2812 5470 2911 5536 τῆς
2963 5471 3291 5540 οἰκουμένης
3324 5472 3674 5542 ἐπενεμήθηο

2112 5553 2247 5623 ὅπερ
2297 5555 2362 5607 ἄν
2397 5556 2514 5608 ποτ’
2548 5554 2715 5627 ἦλθεν
2747 5561 2827 5620 εἰς
2876 5560 3047 5629 ἀκοὴν
3072 5599 3087 5623 ,
3121 5560 3376 5634 δεύτερον
3414 5562 3505 5615 καὶ
3546 5579 3676 5617 πεν-

2111 5647 2373 5715 τηκοστὸν
2408 5648 2524 5713 ἔτος
2558 5650 2818 5711 ἐπιούσης
2853 5652 2950 5707 τὴν
2982 5652 3105 5713 γῆν·
3268 5653 3273 5659 ’
