  <div class='ocr_page' id='page_1' title='image "/cluster/home/n/w/nwhite01/storage/ocr_20150623/147/hvd.32044073502619/147.png"; bbox 0 0 4094 6202; ppageno 0'>
   <div class='ocr_carea' id='block_1_1' title="bbox 515 263 616 325">
    <p class='ocr_par' dir='ltr' id='par_1_1' title="bbox 515 263 616 325">
     <span class='ocr_line' id='line_1_1' title="bbox 515 263 616 325; baseline -0.04 0"><span class='ocrx_word' id='word_1_1' title='bbox 515 263 616 325; x_wconf 73' lang='grc'><strong>971</strong></span> 
     </span>
    </p>
   </div>
   <div class='ocr_carea' id='block_1_2' title="bbox 1728 252 2529 319">
    <p class='ocr_par' dir='ltr' id='par_1_2' title="bbox 1728 252 2529 319">
     <span class='ocr_line' id='line_1_2' title="bbox 1728 252 2529 319; baseline -0.004 -1"><span class='ocrx_word' id='word_1_2' title='bbox 1728 255 2144 319; x_wconf 77' lang='lat' dir='ltr'><strong>NICEPHORI</strong></span> <span class='ocrx_word' id='word_1_3' title='bbox 2187 252 2529 317; x_wconf 77' lang='lat' dir='ltr'><strong>CALLISTI</strong></span> 
     </span>
    </p>
   </div>
   <div class='ocr_carea' id='block_1_3' title="bbox 3572 212 3763 320">
    <p class='ocr_par' dir='ltr' id='par_1_3' title="bbox 3572 212 3763 320">
     <span class='ocr_line' id='line_1_3' title="bbox 3572 212 3763 320; baseline 0.005 -1"><span class='ocrx_word' id='word_1_4' title='bbox 3572 212 3763 320; x_wconf 50' lang='lat'><strong>&#39;272</strong></span> 
     </span>
    </p>
   </div>
   <div class='ocr_carea' id='block_1_4' title="bbox 519 368 3767 444">
    <p class='ocr_par' dir='ltr' id='par_1_4' title="bbox 519 368 3767 444">
     <span class='ocr_line' id='line_1_4' title="bbox 519 368 3767 444; baseline -0.003 -9"><span class='ocrx_word' id='word_1_5' title='bbox 519 378 886 442; x_wconf 76' lang='lat' dir='ltr'><strong>admirentur,</strong></span> <span class='ocrx_word' id='word_1_6' title='bbox 919 376 1103 431; x_wconf 82' lang='lat' dir='ltr'><strong>dicere</strong></span> <span class='ocrx_word' id='word_1_7' title='bbox 1133 381 1436 444; x_wconf 91' lang='lat' dir='ltr'><strong>nequeunt.</strong></span> <span class='ocrx_word' id='word_1_8' title='bbox 1475 375 1677 429; x_wconf 81' lang='lat' dir='ltr'><strong>Verum</strong></span> <span class='ocrx_word' id='word_1_9' title='bbox 1732 390 1855 430; x_wconf 93' lang='lat' dir='ltr'><strong>cum</strong></span> <span class='ocrx_word' id='word_1_10' title='bbox 1904 373 2086 427; x_wconf 84' lang='lat' dir='ltr'><strong>animo</strong></span> <span class='ocrx_word' id='word_1_11' title='bbox 2117 378 2160 434; x_wconf 77' lang='grc' dir='ltr'><strong>Α</strong></span> <span class='ocrx_word' id='word_1_12' title='bbox 2192 374 2266 427; x_wconf 81' lang='lat' dir='ltr'><strong>Ex</strong></span> <span class='ocrx_word' id='word_1_13' title='bbox 2303 373 2558 436; x_wconf 83' lang='lat' dir='ltr'><strong>arcubus,</strong></span> <span class='ocrx_word' id='word_1_14' title='bbox 2614 383 2752 440; x_wconf 89' lang='lat' dir='ltr'><strong>quos</strong></span> <span class='ocrx_word' id='word_1_15' title='bbox 2786 368 2934 423; x_wconf 84' lang='lat' dir='ltr'><strong>loros</strong></span> <span class='ocrx_word' id='word_1_16' title='bbox 2995 368 3298 424; x_wconf 79' lang='lat' dir='ltr'><strong>mechanici</strong></span> <span class='ocrx_word' id='word_1_17' title='bbox 3348 376 3566 435; x_wconf 80' lang='lat' dir='ltr'><strong>vocant,</strong></span> <span class='ocrx_word' id='word_1_18' title='bbox 3625 386 3767 427; x_wconf 88' lang='lat' dir='ltr'><strong>unus</strong></span> 
     </span>
    </p>
   </div>
   <div class='ocr_carea' id='block_1_5' title="bbox 518 462 2090 534">
    <p class='ocr_par' dir='ltr' id='par_1_5' title="bbox 518 462 2090 534">
     <span class='ocr_line' id='line_1_5' title="bbox 518 462 2090 534; baseline -0.006 -9"><span class='ocrx_word' id='word_1_19' title='bbox 518 469 700 526; x_wconf 80' lang='lat' dir='ltr'><strong>omnia</strong></span> <span class='ocrx_word' id='word_1_20' title='bbox 727 465 1238 532; x_wconf 85' lang='lat' dir='ltr'><strong>circumspexerint,</strong></span> <span class='ocrx_word' id='word_1_21' title='bbox 1266 475 1322 519; x_wconf 93' lang='lat' dir='ltr'><strong>et</strong></span> <span class='ocrx_word' id='word_1_22' title='bbox 1349 464 1637 534; x_wconf 86' lang='lat' dir='ltr'><strong>supercilia</strong></span> <span class='ocrx_word' id='word_1_23' title='bbox 1687 479 1854 532; x_wconf 84' lang='lat' dir='ltr'><strong>super</strong></span> <span class='ocrx_word' id='word_1_24' title='bbox 1909 462 2090 516; x_wconf 86' lang='lat' dir='ltr'><strong>omni-</strong></span> 
     </span>
    </p>
   </div>
   <div class='ocr_carea' id='block_1_6' title="bbox 521 556 2085 623">
    <p class='ocr_par' dir='ltr' id='par_1_6' title="bbox 521 556 2085 623">
     <span class='ocr_line' id='line_1_6' title="bbox 521 556 2085 623; baseline -0.004 -10"><span class='ocrx_word' id='word_1_25' title='bbox 521 562 624 615; x_wconf 91' lang='lat' dir='ltr'><strong>bus</strong></span> <span class='ocrx_word' id='word_1_26' title='bbox 654 558 1049 621; x_wconf 83' lang='lat' dir='ltr'><strong>contraxerint,</strong></span> <span class='ocrx_word' id='word_1_27' title='bbox 1115 567 1411 610; x_wconf 72' lang='lat' dir='ltr'><strong>structura:</strong></span> <span class='ocrx_word' id='word_1_28' title='bbox 1465 567 1637 609; x_wconf 89' lang='lat' dir='ltr'><strong>artem</strong></span> <span class='ocrx_word' id='word_1_29' title='bbox 1701 556 1912 623; x_wconf 81' lang='lat' dir='ltr'><strong>assequi</strong></span> <span class='ocrx_word' id='word_1_30' title='bbox 1977 570 2085 607; x_wconf 93' lang='lat' dir='ltr'><strong>non</strong></span> 
     </span>
    </p>
   </div>
   <div class='ocr_carea' id='block_1_7' title="bbox 519 644 2085 720">
    <p class='ocr_par' dir='ltr' id='par_1_7' title="bbox 519 644 2085 720">
     <span class='ocr_line' id='line_1_7' title="bbox 519 644 2085 720; baseline -0.004 -18"><span class='ocrx_word' id='word_1_31' title='bbox 519 655 746 720; x_wconf 82' lang='lat' dir='ltr'><strong>possunt</strong></span> <span class='ocrx_word' id='word_1_32' title='bbox 775 663 790 700; x_wconf 89' lang='lat'><strong>:</strong></span> <span class='ocrx_word' id='word_1_33' title='bbox 824 645 916 702; x_wconf 86' lang='lat' dir='ltr'><strong>sed</strong></span> <span class='ocrx_word' id='word_1_34' title='bbox 939 644 1084 715; x_wconf 89' lang='lat' dir='ltr'><strong>quod</strong></span> <span class='ocrx_word' id='word_1_35' title='bbox 1112 645 1289 699; x_wconf 89' lang='lat' dir='ltr'><strong>oculis</strong></span> <span class='ocrx_word' id='word_1_36' title='bbox 1321 646 1636 714; x_wconf 79' lang='lat' dir='ltr'><strong>perspicere</strong></span> <span class='ocrx_word' id='word_1_37' title='bbox 1664 661 1780 698; x_wconf 92' lang='lat' dir='ltr'><strong>eam</strong></span> <span class='ocrx_word' id='word_1_38' title='bbox 1835 660 1941 697; x_wconf 91' lang='lat' dir='ltr'><strong>non</strong></span> <span class='ocrx_word' id='word_1_39' title='bbox 1992 645 2085 703; x_wconf 88' lang='lat' dir='ltr'><strong>sit.</strong></span> 
     </span>
    </p>
   </div>
   <div class='ocr_carea' id='block_1_8' title="bbox 520 735 2091 803">
    <p class='ocr_par' dir='ltr' id='par_1_8' title="bbox 520 735 2091 803">
     <span class='ocr_line' id='line_1_8' title="bbox 520 735 2091 803; baseline -0.004 -11"><span class='ocrx_word' id='word_1_40' title='bbox 520 738 858 792; x_wconf 85' lang='lat' dir='ltr'><strong>consternati</strong></span> <span class='ocrx_word' id='word_1_41' title='bbox 914 736 1040 791; x_wconf 91' lang='lat' dir='ltr'><strong>inde</strong></span> <span class='ocrx_word' id='word_1_42' title='bbox 1092 735 1402 791; x_wconf 87' lang='lat' dir='ltr'><strong>discedunt.</strong></span> <span class='ocrx_word' id='word_1_43' title='bbox 1443 736 1586 788; x_wconf 83' lang='lat' dir='ltr'><strong>l‘uro</strong></span> <span class='ocrx_word' id='word_1_44' title='bbox 1629 735 1896 803; x_wconf 86' lang='lat' dir='ltr'><strong>siquidem</strong></span> <span class='ocrx_word' id='word_1_45' title='bbox 1957 748 2091 787; x_wconf 90' lang='lat' dir='ltr'><strong>auro</strong></span> 
     </span>
    </p>
   </div>
   <div class='ocr_carea' id='block_1_9' title="bbox 522 823 2085 894">
    <p class='ocr_par' dir='ltr' id='par_1_9' title="bbox 522 823 2085 894">
     <span class='ocr_line' id='line_1_9' title="bbox 522 823 2085 894; baseline -0.004 -13"><span class='ocrx_word' id='word_1_46' title='bbox 522 829 740 883; x_wconf 83' lang='lat' dir='ltr'><strong>testudo</strong></span> <span class='ocrx_word' id='word_1_47' title='bbox 770 841 987 881; x_wconf 88' lang='lat' dir='ltr'><strong>summa</strong></span> <span class='ocrx_word' id='word_1_48' title='bbox 1031 835 1171 880; x_wconf 88' lang='lat' dir='ltr'><strong>tecta</strong></span> <span class='ocrx_word' id='word_1_49' title='bbox 1191 835 1295 891; x_wconf 88' lang='lat' dir='ltr'><strong>est,</strong></span> <span class='ocrx_word' id='word_1_50' title='bbox 1325 826 1608 894; x_wconf 73' lang='lat' dir='ltr'><strong>elegantiae</strong></span> <span class='ocrx_word' id='word_1_51' title='bbox 1665 826 1867 878; x_wconf 81' lang='lat' dir='ltr'><strong>fastum</strong></span> <span class='ocrx_word' id='word_1_52' title='bbox 1910 823 2085 875; x_wconf 84' lang='lat' dir='ltr'><strong>admi-</strong></span> 
     </span>
    </p>
   </div>
   <div class='ocr_carea' id='block_1_10' title="bbox 519 913 2091 986">
    <p class='ocr_par' dir='ltr' id='par_1_10' title="bbox 519 913 2091 986">
     <span class='ocr_line' id='line_1_10' title="bbox 519 913 2091 986; baseline -0.005 -13"><span class='ocrx_word' id='word_1_53' title='bbox 519 933 700 974; x_wconf 80' lang='lat' dir='ltr'><strong>scens.</strong></span> <span class='ocrx_word' id='word_1_54' title='bbox 737 916 876 971; x_wconf 89' lang='lat' dir='ltr'><strong>Tum</strong></span> <span class='ocrx_word' id='word_1_55' title='bbox 917 927 1099 971; x_wconf 87' lang='lat' dir='ltr'><strong>autem</strong></span> <span class='ocrx_word' id='word_1_56' title='bbox 1125 917 1369 986; x_wconf 88' lang='lat' dir='ltr'><strong>lapidqu</strong></span> <span class='ocrx_word' id='word_1_57' title='bbox 1405 914 1666 983; x_wconf 85' lang='lat' dir='ltr'><strong>splendor</strong></span> <span class='ocrx_word' id='word_1_58' title='bbox 1684 930 1805 967; x_wconf 84' lang='lat' dir='ltr'><strong>cum</strong></span> <span class='ocrx_word' id='word_1_59' title='bbox 1841 917 1957 965; x_wconf 85' lang='lat' dir='ltr'><strong>auri</strong></span> <span class='ocrx_word' id='word_1_60' title='bbox 1987 913 2091 966; x_wconf 83' lang='lat' dir='ltr'><strong>ful-</strong></span> 
     </span>
    </p>
   </div>
   <div class='ocr_carea' id='block_1_11' title="bbox 517 1007 2092 1078">
    <p class='ocr_par' dir='ltr' id='par_1_11' title="bbox 517 1007 2092 1078">
     <span class='ocr_line' id='line_1_11' title="bbox 517 1007 2092 1078; baseline -0.005 -15"><span class='ocrx_word' id='word_1_61' title='bbox 517 1027 648 1078; x_wconf 82' lang='lat' dir='ltr'><strong>gore</strong></span> <span class='ocrx_word' id='word_1_62' title='bbox 667 1020 1013 1076; x_wconf 88' lang='lat' dir='ltr'><strong>concertans,</strong></span> <span class='ocrx_word' id='word_1_63' title='bbox 1047 1009 1290 1064; x_wconf 79' lang='lat' dir='ltr'><strong>excellit.</strong></span> <span class='ocrx_word' id='word_1_64' title='bbox 1317 1009 1394 1062; x_wconf 84' lang='lat' dir='ltr'><strong>Ex</strong></span> <span class='ocrx_word' id='word_1_65' title='bbox 1421 1017 1653 1076; x_wconf 87' lang='lat' dir='ltr'><strong>utraque</strong></span> <span class='ocrx_word' id='word_1_66' title='bbox 1678 1018 1830 1075; x_wconf 85' lang='lat' dir='ltr'><strong>parte</strong></span> <span class='ocrx_word' id='word_1_67' title='bbox 1847 1007 2092 1074; x_wconf 80' lang='lat' dir='ltr'><strong>porticus</strong></span> 
     </span>
    </p>
   </div>
   <div class='ocr_carea' id='block_1_12' title="bbox 518 1099 2086 1170">
    <p class='ocr_par' dir='ltr' id='par_1_12' title="bbox 518 1099 2086 1170">
     <span class='ocr_line' id='line_1_12' title="bbox 518 1099 2086 1170; baseline -0.004 -17"><span class='ocrx_word' id='word_1_68' title='bbox 518 1102 641 1155; x_wconf 73' lang='lat' dir='ltr'><strong>duae</strong></span> <span class='ocrx_word' id='word_1_69' title='bbox 666 1110 792 1155; x_wconf 89' lang='lat' dir='ltr'><strong>sunt</strong></span> <span class='ocrx_word' id='word_1_70' title='bbox 822 1117 838 1154; x_wconf 89' lang='lat'><strong>:</strong></span> <span class='ocrx_word' id='word_1_71' title='bbox 868 1101 1157 1170; x_wconf 88' lang='lat' dir='ltr'><strong>utriusque</strong></span> <span class='ocrx_word' id='word_1_72' title='bbox 1214 1099 1457 1161; x_wconf 84' lang='lat' dir='ltr'><strong>culmen,</strong></span> <span class='ocrx_word' id='word_1_73' title='bbox 1507 1099 1714 1156; x_wconf 85' lang='lat' dir='ltr'><strong>tbqus.</strong></span> <span class='ocrx_word' id='word_1_74' title='bbox 1759 1107 1814 1150; x_wconf 90' lang='lat' dir='ltr'><strong>et</strong></span> <span class='ocrx_word' id='word_1_75' title='bbox 1868 1112 2086 1159; x_wconf 75' lang='lat' dir='ltr'><strong>aurum,</strong></span> 
     </span>
    </p>
   </div>
   <div class='ocr_carea' id='block_1_13' title="bbox 520 1188 2089 1260">
    <p class='ocr_par' dir='ltr' id='par_1_13' title="bbox 520 1188 2089 1260">
     <span class='ocr_line' id='line_1_13' title="bbox 520 1188 2089 1260; baseline -0.004 -14"><span class='ocrx_word' id='word_1_76' title='bbox 520 1193 811 1247; x_wconf 86' lang='lat' dir='ltr'><strong>tectorium</strong></span> <span class='ocrx_word' id='word_1_77' title='bbox 831 1203 934 1248; x_wconf 93' lang='lat' dir='ltr'><strong>est.</strong></span> <span class='ocrx_word' id='word_1_78' title='bbox 962 1193 1164 1247; x_wconf 87' lang='lat' dir='ltr'><strong>Harum</strong></span> <span class='ocrx_word' id='word_1_79' title='bbox 1195 1190 1366 1244; x_wconf 88' lang='lat' dir='ltr'><strong>altera</strong></span> <span class='ocrx_word' id='word_1_80' title='bbox 1409 1191 1632 1260; x_wconf 85' lang='lat' dir='ltr'><strong>quidem</strong></span> <span class='ocrx_word' id='word_1_81' title='bbox 1687 1189 1820 1242; x_wconf 85' lang='lat' dir='ltr'><strong>viris</strong></span> <span class='ocrx_word' id='word_1_82' title='bbox 1885 1188 2089 1241; x_wconf 81' lang='lat' dir='ltr'><strong>oranti-</strong></span> 
     </span>
    </p>
   </div>
   <div class='ocr_carea' id='block_1_14' title="bbox 522 1278 2090 1350">
    <p class='ocr_par' dir='ltr' id='par_1_14' title="bbox 522 1278 2090 1350">
     <span class='ocr_line' id='line_1_14' title="bbox 522 1278 2090 1350; baseline -0.006 -11"><span class='ocrx_word' id='word_1_83' title='bbox 522 1286 647 1350; x_wconf 90' lang='lat' dir='ltr'><strong>bus,</strong></span> <span class='ocrx_word' id='word_1_84' title='bbox 673 1284 843 1340; x_wconf 88' lang='lat' dir='ltr'><strong>altera</strong></span> <span class='ocrx_word' id='word_1_85' title='bbox 869 1294 1050 1338; x_wconf 91' lang='lat' dir='ltr'><strong>autem</strong></span> <span class='ocrx_word' id='word_1_86' title='bbox 1083 1282 1420 1336; x_wconf 84' lang='lat' dir='ltr'><strong>mulieribus</strong></span> <span class='ocrx_word' id='word_1_87' title='bbox 1447 1282 1587 1334; x_wconf 84' lang='lat' dir='ltr'><strong>idem</strong></span> <span class='ocrx_word' id='word_1_88' title='bbox 1616 1278 1943 1334; x_wconf 84' lang='lat' dir='ltr'><strong>faciemibus</strong></span> <span class='ocrx_word' id='word_1_89' title='bbox 1972 1292 2090 1332; x_wconf 84' lang='lat' dir='ltr'><strong>ces-</strong></span> 
     </span>
    </p>
   </div>
   <div class='ocr_carea' id='block_1_15' title="bbox 522 1372 2092 1448">
    <p class='ocr_par' dir='ltr' id='par_1_15' title="bbox 522 1372 2092 1448">
     <span class='ocr_line' id='line_1_15' title="bbox 522 1372 2092 1448; baseline -0.007 -15"><span class='ocrx_word' id='word_1_90' title='bbox 522 1379 632 1433; x_wconf 84' lang='lat' dir='ltr'><strong>sit:</strong></span> <span class='ocrx_word' id='word_1_91' title='bbox 670 1393 850 1448; x_wconf 89' lang='lat' dir='ltr'><strong>neque</strong></span> <span class='ocrx_word' id='word_1_92' title='bbox 883 1391 1109 1446; x_wconf 83' lang='lat' dir='ltr'><strong>prorsus</strong></span> <span class='ocrx_word' id='word_1_93' title='bbox 1135 1375 1433 1444; x_wconf 86' lang='lat' dir='ltr'><strong>quidquam</strong></span> <span class='ocrx_word' id='word_1_94' title='bbox 1472 1375 1614 1426; x_wconf 86' lang='lat' dir='ltr'><strong>inter</strong></span> <span class='ocrx_word' id='word_1_95' title='bbox 1636 1389 1694 1426; x_wconf 87' lang='lat' dir='ltr'><strong>se</strong></span> <span class='ocrx_word' id='word_1_96' title='bbox 1729 1372 1962 1434; x_wconf 84' lang='lat' dir='ltr'><strong>variant,</strong></span> <span class='ocrx_word' id='word_1_97' title='bbox 1995 1378 2092 1424; x_wconf 92' lang='lat' dir='ltr'><strong>aut</strong></span> 
     </span>
    </p>
   </div>
   <div class='ocr_carea' id='block_1_16' title="bbox 519 1464 2090 1548">
    <p class='ocr_par' dir='ltr' id='par_1_16' title="bbox 519 1464 2090 1548">
     <span class='ocr_line' id='line_1_16' title="bbox 519 1464 2090 1548; baseline -0.008 -22"><span class='ocrx_word' id='word_1_98' title='bbox 519 1471 802 1548; x_wconf 77' lang='lat' dir='ltr'><strong>diﬂ‘erunt.</strong></span> <span class='ocrx_word' id='word_1_99' title='bbox 833 1470 1113 1536; x_wconf 87' lang='lat' dir='ltr'><strong>Quisvero</strong></span> <span class='ocrx_word' id='word_1_100' title='bbox 1143 1467 1497 1522; x_wconf 87' lang='lat' dir='ltr'><strong>sublimiores</strong></span> <span class='ocrx_word' id='word_1_101' title='bbox 1547 1465 1652 1518; x_wconf 91' lang='lat' dir='ltr'><strong>loci</strong></span> <span class='ocrx_word' id='word_1_102' title='bbox 1699 1464 1754 1518; x_wconf 93' lang='lat' dir='ltr'><strong>in</strong></span> <span class='ocrx_word' id='word_1_103' title='bbox 1800 1479 1912 1532; x_wconf 93' lang='lat' dir='ltr'><strong>quo</strong></span> <span class='ocrx_word' id='word_1_104' title='bbox 1965 1479 2090 1516; x_wconf 90' lang='lat' dir='ltr'><strong>ver-</strong></span> 
     </span>
    </p>
   </div>
   <div class='ocr_carea' id='block_1_17' title="bbox 521 1556 2094 1626">
    <p class='ocr_par' dir='ltr' id='par_1_17' title="bbox 521 1556 2094 1626">
     <span class='ocr_line' id='line_1_17' title="bbox 521 1556 2094 1626; baseline -0.007 -10"><span class='ocrx_word' id='word_1_105' title='bbox 521 1573 716 1617; x_wconf 89' lang='lat' dir='ltr'><strong>santur</strong></span> <span class='ocrx_word' id='word_1_106' title='bbox 746 1563 1003 1616; x_wconf 85' lang='lat' dir='ltr'><strong>mulieres</strong></span> <span class='ocrx_word' id='word_1_107' title='bbox 1024 1562 1286 1614; x_wconf 83' lang='lat' dir='ltr'><strong>stationes</strong></span> <span class='ocrx_word' id='word_1_108' title='bbox 1315 1558 1591 1626; x_wconf 83' lang='lat' dir='ltr'><strong>exponat?</strong></span> <span class='ocrx_word' id='word_1_109' title='bbox 1618 1564 1713 1610; x_wconf 89' lang='lat' dir='ltr'><strong>aut</strong></span> <span class='ocrx_word' id='word_1_110' title='bbox 1752 1556 1932 1609; x_wconf 82' lang='lat' dir='ltr'><strong>varias</strong></span> <span class='ocrx_word' id='word_1_111' title='bbox 1957 1569 2094 1606; x_wconf 89' lang='lat' dir='ltr'><strong>enu-</strong></span> 
     </span>
    </p>
   </div>
   <div class='ocr_carea' id='block_1_18' title="bbox 525 1645 2088 1723">
    <p class='ocr_par' dir='ltr' id='par_1_18' title="bbox 525 1645 2088 1723">
     <span class='ocr_line' id='line_1_18' title="bbox 525 1645 2088 1723; baseline -0.007 -16"><span class='ocrx_word' id='word_1_112' title='bbox 525 1665 698 1708; x_wconf 81' lang='lat' dir='ltr'><strong>nieret</strong></span> <span class='ocrx_word' id='word_1_113' title='bbox 729 1653 973 1723; x_wconf 88' lang='lat' dir='ltr'><strong>porticus</strong></span> <span class='ocrx_word' id='word_1_114' title='bbox 1020 1662 1076 1706; x_wconf 91' lang='lat' dir='ltr'><strong>ct</strong></span> <span class='ocrx_word' id='word_1_115' title='bbox 1119 1649 1390 1705; x_wconf 86' lang='lat' dir='ltr'><strong>columnis</strong></span> <span class='ocrx_word' id='word_1_116' title='bbox 1435 1647 1817 1717; x_wconf 88' lang='lat' dir='ltr'><strong>frequentibus</strong></span> <span class='ocrx_word' id='word_1_117' title='bbox 1868 1645 2088 1713; x_wconf 88' lang='lat' dir='ltr'><strong>conspi-</strong></span> 
     </span>
    </p>
   </div>
   <div class='ocr_carea' id='block_1_19' title="bbox 2189 457 3766 532">
    <p class='ocr_par' dir='ltr' id='par_1_19' title="bbox 2189 457 3766 532">
     <span class='ocr_line' id='line_1_19' title="bbox 2189 457 3766 532; baseline -0.003 -12"><span class='ocrx_word' id='word_1_118' title='bbox 2189 467 2389 520; x_wconf 92' lang='lat' dir='ltr'><strong>orienti</strong></span> <span class='ocrx_word' id='word_1_119' title='bbox 2447 465 2547 518; x_wconf 91' lang='lat' dir='ltr'><strong>soli</strong></span> <span class='ocrx_word' id='word_1_120' title='bbox 2595 462 2888 522; x_wconf 89' lang='lat' dir='ltr'><strong>obversus.</strong></span> <span class='ocrx_word' id='word_1_121' title='bbox 2925 462 3282 523; x_wconf 84' lang='lat' dir='ltr'><strong>nondumque</strong></span> <span class='ocrx_word' id='word_1_122' title='bbox 3313 457 3608 532; x_wconf 80' lang='lat' dir='ltr'><strong>perfectus.</strong></span> <span class='ocrx_word' id='word_1_123' title='bbox 3654 478 3766 516; x_wconf 85' lang='lat' dir='ltr'><strong>ma-</strong></span> 
     </span>
    </p>
   </div>
   <div class='ocr_carea' id='block_1_20' title="bbox 2191 552 3766 626">
    <p class='ocr_par' dir='ltr' id='par_1_20' title="bbox 2191 552 3766 626">
     <span class='ocr_line' id='line_1_20' title="bbox 2191 552 3766 626; baseline -0.002 -16"><span class='ocrx_word' id='word_1_124' title='bbox 2191 556 2477 626; x_wconf 78' lang='lat' dir='ltr'><strong>gnitudine.</strong></span> <span class='ocrx_word' id='word_1_125' title='bbox 2532 569 2628 607; x_wconf 89' lang='lat' dir='ltr'><strong>sua</strong></span> <span class='ocrx_word' id='word_1_126' title='bbox 2688 554 2848 607; x_wconf 85' lang='lat' dir='ltr'><strong>bases</strong></span> <span class='ocrx_word' id='word_1_127' title='bbox 2911 552 3290 606; x_wconf 87' lang='lat' dir='ltr'><strong>columnarum</strong></span> <span class='ocrx_word' id='word_1_128' title='bbox 3346 553 3571 620; x_wconf 67' lang='lat' dir='ltr'><strong>pre~sit,</strong></span> <span class='ocrx_word' id='word_1_129' title='bbox 3645 567 3766 621; x_wconf 68' lang='lat' dir='ltr'><strong>qua:</strong></span> 
     </span>
    </p>
   </div>
   <div class='ocr_carea' id='block_1_21' title="bbox 2191 641 3768 718">
    <p class='ocr_par' dir='ltr' id='par_1_21' title="bbox 2191 641 3768 718">
     <span class='ocr_line' id='line_1_21' title="bbox 2191 641 3768 718; baseline -0.002 -21"><span class='ocrx_word' id='word_1_130' title='bbox 2191 647 2404 718; x_wconf 86' lang='lat' dir='ltr'><strong>pondus</strong></span> <span class='ocrx_word' id='word_1_131' title='bbox 2435 653 2642 697; x_wconf 81' lang='lat' dir='ltr'><strong>tantum</strong></span> <span class='ocrx_word' id='word_1_132' title='bbox 2682 659 2788 696; x_wconf 93' lang='lat' dir='ltr'><strong>non</strong></span> <span class='ocrx_word' id='word_1_133' title='bbox 2827 643 3086 704; x_wconf 86' lang='lat' dir='ltr'><strong>ferentes,</strong></span> <span class='ocrx_word' id='word_1_134' title='bbox 3139 642 3437 710; x_wconf 86' lang='lat' dir='ltr'><strong>derepente</strong></span> <span class='ocrx_word' id='word_1_135' title='bbox 3494 641 3768 711; x_wconf 87' lang='lat' dir='ltr'><strong>quodam-</strong></span> 
     </span>
    </p>
   </div>
   <div class='ocr_carea' id='block_1_22' title="bbox 2191 734 3768 803">
    <p class='ocr_par' dir='ltr' id='par_1_22' title="bbox 2191 734 3768 803">
     <span class='ocr_line' id='line_1_22' title="bbox 2191 734 3768 803; baseline -0.002 -12"><span class='ocrx_word' id='word_1_136' title='bbox 2191 738 2354 792; x_wconf 90' lang='lat' dir='ltr'><strong>modo</strong></span> <span class='ocrx_word' id='word_1_137' title='bbox 2390 737 2649 803; x_wconf 54' lang='lat' dir='ltr'><strong>dirupta».</strong></span> <span class='ocrx_word' id='word_1_138' title='bbox 2683 751 2790 788; x_wconf 90' lang='lat' dir='ltr'><strong>non</strong></span> <span class='ocrx_word' id='word_1_139' title='bbox 2824 736 2895 788; x_wconf 92' lang='lat' dir='ltr'><strong>ita</strong></span> <span class='ocrx_word' id='word_1_140' title='bbox 2929 734 3102 788; x_wconf 90' lang='lat' dir='ltr'><strong>multo</strong></span> <span class='ocrx_word' id='word_1_141' title='bbox 3143 742 3268 803; x_wconf 89' lang='lat' dir='ltr'><strong>post</strong></span> <span class='ocrx_word' id='word_1_142' title='bbox 3328 749 3550 802; x_wconf 84' lang='lat' dir='ltr'><strong>pessum</strong></span> <span class='ocrx_word' id='word_1_143' title='bbox 3611 734 3768 788; x_wconf 75' lang='lat' dir='ltr'><strong>iturae</strong></span> 
     </span>
    </p>
   </div>
   <div class='ocr_carea' id='block_1_23' title="bbox 2197 827 3763 894">
    <p class='ocr_par' dir='ltr' id='par_1_23' title="bbox 2197 827 3763 894">
     <span class='ocr_line' id='line_1_23' title="bbox 2197 827 3763 894; baseline 0.001 -14"><span class='ocrx_word' id='word_1_144' title='bbox 2197 829 2550 884; x_wconf 80' lang='lat' dir='ltr'><strong>videbantur.</strong></span> <span class='ocrx_word' id='word_1_145' title='bbox 2588 828 2650 880; x_wconf 82' lang='lat' dir='ltr'><strong>Et</strong></span> <span class='ocrx_word' id='word_1_146' title='bbox 2691 828 3018 881; x_wconf 87' lang='lat' dir='ltr'><strong>Anthemius</strong></span> <span class='ocrx_word' id='word_1_147' title='bbox 3075 837 3240 894; x_wconf 86' lang='lat' dir='ltr'><strong>atque</strong></span> <span class='ocrx_word' id='word_1_148' title='bbox 3297 827 3540 881; x_wconf 81' lang='lat' dir='ltr'><strong>Isidorus</strong></span> <span class='ocrx_word' id='word_1_149' title='bbox 3594 841 3658 880; x_wconf 87' lang='lat' dir='ltr'><strong>ea</strong></span> <span class='ocrx_word' id='word_1_150' title='bbox 3703 842 3763 882; x_wconf 87' lang='lat' dir='ltr'><strong>re</strong></span> 
     </span>
    </p>
   </div>
   <div class='ocr_carea' id='block_1_24' title="bbox 2194 919 3770 988">
    <p class='ocr_par' dir='ltr' id='par_1_24' title="bbox 2194 919 3770 988">
     <span class='ocr_line' id='line_1_24' title="bbox 2194 919 3770 988; baseline 0.001 -16"><span class='ocrx_word' id='word_1_151' title='bbox 2194 921 2504 988; x_wconf 87' lang='lat' dir='ltr'><strong>perterriti,</strong></span> <span class='ocrx_word' id='word_1_152' title='bbox 2541 920 2606 972; x_wconf 93' lang='lat' dir='ltr'><strong>ad</strong></span> <span class='ocrx_word' id='word_1_153' title='bbox 2641 919 3029 986; x_wconf 82' lang='lat' dir='ltr'><strong>imperatorem</strong></span> <span class='ocrx_word' id='word_1_154' title='bbox 3079 935 3197 971; x_wconf 86' lang='lat' dir='ltr'><strong>eam</strong></span> <span class='ocrx_word' id='word_1_155' title='bbox 3259 919 3616 972; x_wconf 86' lang='lat' dir='ltr'><strong>retulerunt:</strong></span> <span class='ocrx_word' id='word_1_156' title='bbox 3678 935 3770 973; x_wconf 88' lang='lat' dir='ltr'><strong>ne-</strong></span> 
     </span>
    </p>
   </div>
   <div class='ocr_carea' id='block_1_25' title="bbox 2194 1009 3767 1085">
    <p class='ocr_par' dir='ltr' id='par_1_25' title="bbox 2194 1009 3767 1085">
     <span class='ocr_line' id='line_1_25' title="bbox 2194 1009 3767 1085; baseline -0.004 -17"><span class='ocrx_word' id='word_1_157' title='bbox 2194 1032 2303 1084; x_wconf 90' lang='lat' dir='ltr'><strong>que</strong></span> <span class='ocrx_word' id='word_1_158' title='bbox 2333 1016 2628 1085; x_wconf 81' lang='lat' dir='ltr'><strong>quidquam</strong></span> <span class='ocrx_word' id='word_1_159' title='bbox 2659 1030 2722 1066; x_wconf 83' lang='lat' dir='ltr'><strong>ex</strong></span> <span class='ocrx_word' id='word_1_160' title='bbox 2744 1023 2859 1068; x_wconf 88' lang='lat' dir='ltr'><strong>arte</strong></span> <span class='ocrx_word' id='word_1_161' title='bbox 2891 1011 3003 1081; x_wconf 89' lang='lat' dir='ltr'><strong>spei</strong></span> <span class='ocrx_word' id='word_1_162' title='bbox 3036 1013 3232 1080; x_wconf 86' lang='lat' dir='ltr'><strong>reliqui</strong></span> <span class='ocrx_word' id='word_1_163' title='bbox 3267 1011 3602 1065; x_wconf 89' lang='lat' dir='ltr'><strong>habuerunt.</strong></span> <span class='ocrx_word' id='word_1_164' title='bbox 3661 1009 3767 1063; x_wconf 73' lang='grc' dir='ltr'>ιηι-</span> 
     </span>
    </p>
   </div>
   <div class='ocr_carea' id='block_1_26' title="bbox 2195 1104 3762 1177">
    <p class='ocr_par' dir='ltr' id='par_1_26' title="bbox 2195 1104 3762 1177">
     <span class='ocr_line' id='line_1_26' title="bbox 2195 1104 3762 1177; baseline -0.004 -17"><span class='ocrx_word' id='word_1_165' title='bbox 2195 1117 2414 1177; x_wconf 84' lang='lat' dir='ltr'><strong>perator</strong></span> <span class='ocrx_word' id='word_1_166' title='bbox 2438 1115 2618 1159; x_wconf 83' lang='lat' dir='ltr'><strong>autem</strong></span> <span class='ocrx_word' id='word_1_167' title='bbox 2649 1106 2914 1158; x_wconf 87' lang='lat' dir='ltr'><strong>divinitus</strong></span> <span class='ocrx_word' id='word_1_168' title='bbox 2937 1104 3188 1164; x_wconf 85' lang='lat' dir='ltr'><strong>edoctus.</strong></span> <span class='ocrx_word' id='word_1_169' title='bbox 3233 1104 3418 1156; x_wconf 83' lang='lat' dir='ltr'><strong>statim</strong></span> <span class='ocrx_word' id='word_1_170' title='bbox 3448 1105 3531 1155; x_wconf 90' lang='lat' dir='ltr'><strong>eis</strong></span> <span class='ocrx_word' id='word_1_171' title='bbox 3577 1116 3762 1154; x_wconf 88' lang='lat' dir='ltr'><strong>arcum</strong></span> 
     </span>
    </p>
   </div>
   <div class='ocr_carea' id='block_1_27' title="bbox 2195 1193 3772 1266">
    <p class='ocr_par' dir='ltr' id='par_1_27' title="bbox 2195 1193 3772 1266">
     <span class='ocr_line' id='line_1_27' title="bbox 2195 1193 3772 1266; baseline -0.006 -13"><span class='ocrx_word' id='word_1_172' title='bbox 2195 1199 2505 1253; x_wconf 87' lang='lat' dir='ltr'><strong>absolutum</strong></span> <span class='ocrx_word' id='word_1_173' title='bbox 2542 1197 2606 1250; x_wconf 92' lang='lat' dir='ltr'><strong>iri</strong></span> <span class='ocrx_word' id='word_1_174' title='bbox 2638 1197 2914 1266; x_wconf 68' lang='lat' dir='ltr'><strong>pollicitus</strong></span> <span class='ocrx_word' id='word_1_175' title='bbox 2959 1205 3060 1250; x_wconf 90' lang='lat' dir='ltr'><strong>est.</strong></span> <span class='ocrx_word' id='word_1_176' title='bbox 3104 1196 3226 1263; x_wconf 88' lang='lat' dir='ltr'><strong>Ipse</strong></span> <span class='ocrx_word' id='word_1_177' title='bbox 3275 1194 3506 1254; x_wconf 90' lang='lat' dir='ltr'><strong>etenim,</strong></span> <span class='ocrx_word' id='word_1_178' title='bbox 3564 1193 3772 1260; x_wconf 73' lang='lat' dir='ltr'><strong>inquit,</strong></span> 
     </span>
    </p>
   </div>
   <div class='ocr_carea' id='block_1_28' title="bbox 2197 1282 3768 1359">
    <p class='ocr_par' dir='ltr' id='par_1_28' title="bbox 2197 1282 3768 1359">
     <span class='ocr_line' id='line_1_28' title="bbox 2197 1282 3768 1359; baseline -0.004 -17"><span class='ocrx_word' id='word_1_179' title='bbox 2197 1292 2246 1342; x_wconf 91' lang='lat' dir='ltr'><strong>in</strong></span> <span class='ocrx_word' id='word_1_180' title='bbox 2275 1292 2453 1356; x_wconf 88' lang='lat' dir='ltr'><strong>seipso</strong></span> <span class='ocrx_word' id='word_1_181' title='bbox 2483 1303 2800 1359; x_wconf 68' lang='lat' dir='ltr'><strong>as~urgeus,</strong></span> <span class='ocrx_word' id='word_1_182' title='bbox 2829 1287 3184 1342; x_wconf 71' lang='lat' dir='ltr'><strong>interioribus</strong></span> <span class='ocrx_word' id='word_1_183' title='bbox 3207 1286 3588 1340; x_wconf 90' lang='lat' dir='ltr'><strong>columnarum</strong></span> <span class='ocrx_word' id='word_1_184' title='bbox 3623 1282 3768 1336; x_wconf 83' lang='lat' dir='ltr'><strong>basi-</strong></span> 
     </span>
    </p>
   </div>
   <div class='ocr_carea' id='block_1_29' title="bbox 2195 1375 3770 1448">
    <p class='ocr_par' dir='ltr' id='par_1_29' title="bbox 2195 1375 3770 1448">
     <span class='ocr_line' id='line_1_29' title="bbox 2195 1375 3770 1448; baseline -0.004 -14"><span class='ocrx_word' id='word_1_185' title='bbox 2195 1380 2300 1434; x_wconf 93' lang='lat' dir='ltr'><strong>bus</strong></span> <span class='ocrx_word' id='word_1_186' title='bbox 2328 1395 2436 1432; x_wconf 90' lang='lat' dir='ltr'><strong>non</strong></span> <span class='ocrx_word' id='word_1_187' title='bbox 2465 1380 2664 1448; x_wconf 81' lang='lat' dir='ltr'><strong>egebit.</strong></span> <span class='ocrx_word' id='word_1_188' title='bbox 2701 1379 2773 1432; x_wconf 89' lang='lat' dir='ltr'><strong>Ita</strong></span> <span class='ocrx_word' id='word_1_189' title='bbox 2800 1393 2961 1433; x_wconf 91' lang='lat' dir='ltr'><strong>arcus</strong></span> <span class='ocrx_word' id='word_1_190' title='bbox 2985 1386 3136 1432; x_wconf 89' lang='lat' dir='ltr'><strong>certa</strong></span> <span class='ocrx_word' id='word_1_191' title='bbox 3164 1377 3422 1431; x_wconf 79' lang='lat' dir='ltr'><strong>ﬁrmitate</strong></span> <span class='ocrx_word' id='word_1_192' title='bbox 3465 1377 3518 1428; x_wconf 92' lang='lat' dir='ltr'><strong>in</strong></span> <span class='ocrx_word' id='word_1_193' title='bbox 3543 1375 3770 1430; x_wconf 84' lang='lat' dir='ltr'><strong>sublimi</strong></span> 
     </span>
    </p>
   </div>
   <div class='ocr_carea' id='block_1_30' title="bbox 2196 1466 3771 1537">
    <p class='ocr_par' dir='ltr' id='par_1_30' title="bbox 2196 1466 3771 1537">
     <span class='ocr_line' id='line_1_30' title="bbox 2196 1466 3771 1537; baseline -0.002 -16"><span class='ocrx_word' id='word_1_194' title='bbox 2196 1484 2520 1536; x_wconf 57' lang='lat' dir='ltr'><strong>suspensus,</strong></span> <span class='ocrx_word' id='word_1_195' title='bbox 2553 1469 2889 1537; x_wconf 78' lang='lat' dir='ltr'><strong>experientia</strong></span> <span class='ocrx_word' id='word_1_196' title='bbox 2936 1468 3050 1536; x_wconf 90' lang='lat' dir='ltr'><strong>ipsa</strong></span> <span class='ocrx_word' id='word_1_197' title='bbox 3106 1468 3396 1519; x_wconf 83' lang='lat' dir='ltr'><strong>veritatem</strong></span> <span class='ocrx_word' id='word_1_198' title='bbox 3432 1466 3771 1520; x_wconf 80' lang='lat' dir='ltr'><strong>inventionis</strong></span> 
     </span>
    </p>
   </div>
   <div class='ocr_carea' id='block_1_31' title="bbox 2198 1559 3772 1628">
    <p class='ocr_par' dir='ltr' id='par_1_31' title="bbox 2198 1559 3772 1628">
     <span class='ocr_line' id='line_1_31' title="bbox 2198 1559 3772 1628; baseline -0.001 -16"><span class='ocrx_word' id='word_1_199' title='bbox 2198 1559 2494 1612; x_wconf 83' lang='lat' dir='ltr'><strong>Justiniani</strong></span> <span class='ocrx_word' id='word_1_200' title='bbox 2524 1560 2889 1614; x_wconf 84' lang='lat' dir='ltr'><strong>confirmavit.</strong></span> <span class='ocrx_word' id='word_1_201' title='bbox 2920 1559 3096 1628; x_wconf 79' lang='lat' dir='ltr'><strong>Atque</strong></span> <span class='ocrx_word' id='word_1_202' title='bbox 3127 1561 3229 1612; x_wconf 89' lang='lat' dir='ltr'><strong>boc</strong></span> <span class='ocrx_word' id='word_1_203' title='bbox 3265 1559 3488 1627; x_wconf 88' lang='lat' dir='ltr'><strong>quidem</strong></span> <span class='ocrx_word' id='word_1_204' title='bbox 3527 1559 3607 1612; x_wconf 90' lang='lat' dir='ltr'><strong>sic</strong></span> <span class='ocrx_word' id='word_1_205' title='bbox 3668 1559 3772 1611; x_wconf 86' lang='lat' dir='ltr'><strong>bac</strong></span> 
     </span>
    </p>
   </div>
   <div class='ocr_carea' id='block_1_32' title="bbox 2200 1647 3771 1717">
    <p class='ocr_par' dir='ltr' id='par_1_32' title="bbox 2200 1647 3771 1717">
     <span class='ocr_line' id='line_1_32' title="bbox 2200 1647 3771 1717; baseline 0 -18"><span class='ocrx_word' id='word_1_206' title='bbox 2200 1648 2252 1700; x_wconf 91' lang='lat' dir='ltr'><strong>in</strong></span> <span class='ocrx_word' id='word_1_207' title='bbox 2298 1661 2452 1717; x_wconf 85' lang='lat' dir='ltr'><strong>parte</strong></span> <span class='ocrx_word' id='word_1_208' title='bbox 2508 1649 2847 1701; x_wconf 84' lang='lat' dir='ltr'><strong>elaboratum</strong></span> <span class='ocrx_word' id='word_1_209' title='bbox 2894 1657 3002 1702; x_wconf 88' lang='lat' dir='ltr'><strong>est.</strong></span> <span class='ocrx_word' id='word_1_210' title='bbox 3060 1649 3119 1700; x_wconf 90' lang='lat' dir='ltr'><strong>ln</strong></span> <span class='ocrx_word' id='word_1_211' title='bbox 3169 1647 3292 1701; x_wconf 90' lang='lat' dir='ltr'><strong>aliis</strong></span> <span class='ocrx_word' id='word_1_212' title='bbox 3337 1661 3472 1701; x_wconf 89' lang='lat' dir='ltr'><strong>vero</strong></span> <span class='ocrx_word' id='word_1_213' title='bbox 3533 1648 3771 1701; x_wconf 90' lang='lat' dir='ltr'><strong>arcubus</strong></span> 
     </span>
    </p>
   </div>
   <div class='ocr_carea' id='block_1_33' title="bbox 522 1717 3771 1814">
    <p class='ocr_par' dir='ltr' id='par_1_33' title="bbox 522 1717 3771 1814">
     <span class='ocr_line' id='line_1_33' title="bbox 522 1717 3771 1814; baseline -0.004 -14"><span class='ocrx_word' id='word_1_214' title='bbox 522 1763 654 1801; x_wconf 88' lang='lat' dir='ltr'><strong>cuas</strong></span> <span class='ocrx_word' id='word_1_215' title='bbox 688 1747 861 1804; x_wconf 87' lang='lat' dir='ltr'><strong>aulas.</strong></span> <span class='ocrx_word' id='word_1_216' title='bbox 885 1743 1085 1814; x_wconf 82' lang='lat' dir='ltr'><strong>quibus</strong></span> <span class='ocrx_word' id='word_1_217' title='bbox 1115 1742 1374 1810; x_wconf 89' lang='lat' dir='ltr'><strong>templum</strong></span> <span class='ocrx_word' id='word_1_218' title='bbox 1411 1741 1514 1795; x_wconf 92' lang='lat' dir='ltr'><strong>boc</strong></span> <span class='ocrx_word' id='word_1_219' title='bbox 1545 1737 1950 1794; x_wconf 86' lang='lat' dir='ltr'><strong>circumdatum</strong></span> <span class='ocrx_word' id='word_1_220' title='bbox 1972 1735 2092 1790; x_wconf 87' lang='lat' dir='ltr'><strong>est?</strong></span> <span class='ocrx_word' id='word_1_221' title='bbox 2125 1717 2168 1771; x_wconf 68' lang='grc' dir='ltr'><strong><em>Β</em></strong></span> <span class='ocrx_word' id='word_1_222' title='bbox 2196 1741 2484 1796; x_wconf 74' lang='lat' dir='ltr'><strong>meridiem</strong></span> <span class='ocrx_word' id='word_1_223' title='bbox 2535 1750 2590 1794; x_wconf 76' lang='lat' dir='ltr'><strong>et</strong></span> <span class='ocrx_word' id='word_1_224' title='bbox 2638 1740 2858 1794; x_wconf 81' lang='lat' dir='ltr'><strong>boream</strong></span> <span class='ocrx_word' id='word_1_225' title='bbox 2911 1747 3135 1794; x_wconf 81' lang='lat' dir='ltr'><strong>ventum</strong></span> <span class='ocrx_word' id='word_1_226' title='bbox 3197 1739 3598 1808; x_wconf 75' lang='lat' dir='ltr'><strong>spectantibus,</strong></span> <span class='ocrx_word' id='word_1_227' title='bbox 3666 1739 3771 1794; x_wconf 74' lang='lat' dir='ltr'><strong>tale</strong></span> 
     </span>
    </p>
   </div>
   <div class='ocr_carea' id='block_1_34' title="bbox 523 1831 2092 1906">
    <p class='ocr_par' dir='ltr' id='par_1_34' title="bbox 523 1831 2092 1906">
     <span class='ocr_line' id='line_1_34' title="bbox 523 1831 2092 1906; baseline -0.005 -17"><span class='ocrx_word' id='word_1_228' title='bbox 523 1837 646 1906; x_wconf 89' lang='lat' dir='ltr'><strong>quis</strong></span> <span class='ocrx_word' id='word_1_229' title='bbox 674 1837 1056 1890; x_wconf 83' lang='lat' dir='ltr'><strong>columnarum</strong></span> <span class='ocrx_word' id='word_1_230' title='bbox 1083 1843 1138 1887; x_wconf 89' lang='lat' dir='ltr'><strong>et</strong></span> <span class='ocrx_word' id='word_1_231' title='bbox 1164 1831 1404 1899; x_wconf 85' lang='lat' dir='ltr'><strong>lapidum</strong></span> <span class='ocrx_word' id='word_1_232' title='bbox 1455 1839 1746 1884; x_wconf 88' lang='lat' dir='ltr'><strong>enumeret</strong></span> <span class='ocrx_word' id='word_1_233' title='bbox 1800 1839 1980 1897; x_wconf 77' lang='lat' dir='ltr'><strong>aptam</strong></span> <span class='ocrx_word' id='word_1_234' title='bbox 2035 1836 2092 1881; x_wconf 89' lang='lat' dir='ltr'><strong>et</strong></span> 
     </span>
    </p>
   </div>
   <div class='ocr_carea' id='block_1_35' title="bbox 523 1920 2097 1992">
    <p class='ocr_par' dir='ltr' id='par_1_35' title="bbox 523 1920 2097 1992">
     <span class='ocr_line' id='line_1_35' title="bbox 523 1920 2097 1992; baseline -0.005 -11"><span class='ocrx_word' id='word_1_235' title='bbox 523 1927 942 1981; x_wconf 80' lang='lat' dir='ltr'><strong>convenientem</strong></span> <span class='ocrx_word' id='word_1_236' title='bbox 973 1923 1235 1992; x_wconf 71' lang='lat' dir='ltr'><strong>speciem.</strong></span> <span class='ocrx_word' id='word_1_237' title='bbox 1255 1922 1458 1991; x_wconf 82' lang='lat' dir='ltr'><strong>quibus</strong></span> <span class='ocrx_word' id='word_1_238' title='bbox 1488 1935 1640 1975; x_wconf 89' lang='lat' dir='ltr'><strong>sacra</strong></span> <span class='ocrx_word' id='word_1_239' title='bbox 1663 1920 1807 1974; x_wconf 72' lang='lat' dir='ltr'><strong>zedes</strong></span> <span class='ocrx_word' id='word_1_240' title='bbox 1827 1929 2097 1974; x_wconf 71' lang='lat' dir='ltr'><strong>exornata</strong></span> 
     </span>
    </p>
   </div>
   <div class='ocr_carea' id='block_1_36' title="bbox 523 2011 2094 2086">
    <p class='ocr_par' dir='ltr' id='par_1_36' title="bbox 523 2011 2094 2086">
     <span class='ocr_line' id='line_1_36' title="bbox 523 2011 2094 2086; baseline -0.006 -14"><span class='ocrx_word' id='word_1_241' title='bbox 523 2019 650 2072; x_wconf 82' lang='lat' dir='ltr'><strong>est?</strong></span> <span class='ocrx_word' id='word_1_242' title='bbox 675 2019 728 2070; x_wconf 92' lang='lat' dir='ltr'><strong>in</strong></span> <span class='ocrx_word' id='word_1_243' title='bbox 767 2026 982 2086; x_wconf 91' lang='lat' dir='ltr'><strong>pratum</strong></span> <span class='ocrx_word' id='word_1_244' title='bbox 1019 2030 1076 2068; x_wconf 92' lang='lat' dir='ltr'><strong>se</strong></span> <span class='ocrx_word' id='word_1_245' title='bbox 1106 2015 1376 2082; x_wconf 87' lang='lat' dir='ltr'><strong>quispiam</strong></span> <span class='ocrx_word' id='word_1_246' title='bbox 1411 2012 1642 2066; x_wconf 80' lang='lat' dir='ltr'><strong>ﬂoribus</strong></span> <span class='ocrx_word' id='word_1_247' title='bbox 1675 2027 1911 2064; x_wconf 82' lang='lat' dir='ltr'><strong>vernans</strong></span> <span class='ocrx_word' id='word_1_248' title='bbox 1959 2011 2094 2063; x_wconf 87' lang='lat' dir='ltr'><strong>inci-</strong></span> 
     </span>
    </p>
   </div>
   <div class='ocr_carea' id='block_1_37' title="bbox 527 2103 2092 2171">
    <p class='ocr_par' dir='ltr' id='par_1_37' title="bbox 527 2103 2092 2171">
     <span class='ocr_line' id='line_1_37' title="bbox 527 2103 2092 2171; baseline -0.005 -7"><span class='ocrx_word' id='word_1_249' title='bbox 527 2109 672 2164; x_wconf 85' lang='lat' dir='ltr'><strong>disse</strong></span> <span class='ocrx_word' id='word_1_250' title='bbox 705 2108 1000 2162; x_wconf 76' lang='lat' dir='ltr'><strong>existimet.</strong></span> <span class='ocrx_word' id='word_1_251' title='bbox 1038 2106 1350 2158; x_wconf 84' lang='lat' dir='ltr'><strong>Admiretur</strong></span> <span class='ocrx_word' id='word_1_252' title='bbox 1409 2119 1644 2171; x_wconf 89' lang='lat' dir='ltr'><strong>namque</strong></span> <span class='ocrx_word' id='word_1_253' title='bbox 1678 2105 1893 2162; x_wconf 88' lang='lat' dir='ltr'><strong>merito.</strong></span> <span class='ocrx_word' id='word_1_254' title='bbox 1957 2103 2092 2156; x_wconf 85' lang='lat' dir='ltr'><strong>alio-</strong></span> 
     </span>
    </p>
   </div>
   <div class='ocr_carea' id='block_1_38' title="bbox 526 2192 2092 2269">
    <p class='ocr_par' dir='ltr' id='par_1_38' title="bbox 526 2192 2092 2269">
     <span class='ocr_line' id='line_1_38' title="bbox 526 2192 2092 2269; baseline -0.005 -15"><span class='ocrx_word' id='word_1_255' title='bbox 526 2217 647 2254; x_wconf 78' lang='lat' dir='ltr'><strong>rum</strong></span> <span class='ocrx_word' id='word_1_256' title='bbox 688 2199 909 2269; x_wconf 87' lang='lat' dir='ltr'><strong>quidem</strong></span> <span class='ocrx_word' id='word_1_257' title='bbox 975 2195 1214 2249; x_wconf 91' lang='lat' dir='ltr'><strong>colorem</strong></span> <span class='ocrx_word' id='word_1_258' title='bbox 1270 2207 1630 2263; x_wconf 89' lang='lat' dir='ltr'><strong>purpureum,</strong></span> <span class='ocrx_word' id='word_1_259' title='bbox 1685 2192 1917 2247; x_wconf 87' lang='lat' dir='ltr'><strong>alierum</strong></span> <span class='ocrx_word' id='word_1_260' title='bbox 1960 2207 2092 2246; x_wconf 86' lang='lat' dir='ltr'><strong>vero</strong></span> 
     </span>
    </p>
   </div>
   <div class='ocr_carea' id='block_1_39' title="bbox 525 2281 2090 2353">
    <p class='ocr_par' dir='ltr' id='par_1_39' title="bbox 525 2281 2090 2353">
     <span class='ocr_line' id='line_1_39' title="bbox 525 2281 2090 2353; baseline -0.005 -11"><span class='ocrx_word' id='word_1_261' title='bbox 525 2289 878 2350; x_wconf 84' lang='lat' dir='ltr'><strong>viridantem,</strong></span> <span class='ocrx_word' id='word_1_262' title='bbox 898 2285 954 2338; x_wconf 93' lang='lat' dir='ltr'><strong>in</strong></span> <span class='ocrx_word' id='word_1_263' title='bbox 982 2283 1307 2353; x_wconf 87' lang='lat' dir='ltr'><strong>quibusdam</strong></span> <span class='ocrx_word' id='word_1_264' title='bbox 1339 2293 1522 2336; x_wconf 89' lang='lat' dir='ltr'><strong>autem</strong></span> <span class='ocrx_word' id='word_1_265' title='bbox 1543 2281 1836 2351; x_wconf 88' lang='lat' dir='ltr'><strong>puniceum</strong></span> <span class='ocrx_word' id='word_1_266' title='bbox 1857 2281 2090 2344; x_wconf 86' lang='lat' dir='ltr'><strong>florere;</strong></span> 
     </span>
    </p>
   </div>
   <div class='ocr_carea' id='block_1_40' title="bbox 527 2373 2094 2445">
    <p class='ocr_par' dir='ltr' id='par_1_40' title="bbox 527 2373 2094 2445">
     <span class='ocr_line' id='line_1_40' title="bbox 527 2373 2094 2445; baseline -0.004 -11"><span class='ocrx_word' id='word_1_267' title='bbox 527 2384 582 2434; x_wconf 81' lang='lat' dir='ltr'><strong>iu</strong></span> <span class='ocrx_word' id='word_1_268' title='bbox 609 2378 888 2434; x_wconf 82' lang='lat' dir='ltr'><strong>nonnullis</strong></span> <span class='ocrx_word' id='word_1_269' title='bbox 910 2375 1206 2431; x_wconf 86' lang='lat' dir='ltr'><strong>candidum</strong></span> <span class='ocrx_word' id='word_1_270' title='bbox 1249 2375 1460 2445; x_wconf 84' lang='lat' dir='ltr'><strong>fulgere</strong></span> <span class='ocrx_word' id='word_1_271' title='bbox 1488 2373 1698 2428; x_wconf 85' lang='lat' dir='ltr'><strong>videat.</strong></span> <span class='ocrx_word' id='word_1_272' title='bbox 1720 2373 1947 2443; x_wconf 84' lang='lat' dir='ltr'><strong>Insuper</strong></span> <span class='ocrx_word' id='word_1_273' title='bbox 1965 2389 2094 2427; x_wconf 89' lang='lat' dir='ltr'><strong>vero</strong></span> 
     </span>
    </p>
   </div>
   <div class='ocr_carea' id='block_1_41' title="bbox 503 2464 2095 2540">
    <p class='ocr_par' dir='ltr' id='par_1_41' title="bbox 503 2464 2095 2540">
     <span class='ocr_line' id='line_1_41' title="bbox 503 2464 2095 2540; baseline -0.005 -15"><span class='ocrx_word' id='word_1_274' title='bbox 503 2471 584 2538; x_wconf 62' lang='lat' dir='ltr'><strong>_,in</strong></span> <span class='ocrx_word' id='word_1_275' title='bbox 609 2467 939 2540; x_wconf 74' lang='lat' dir='ltr'><strong>quibusdam</strong></span> <span class='ocrx_word' id='word_1_276' title='bbox 963 2467 1333 2536; x_wconf 80' lang='lat' dir='ltr'><strong>Obstupescat,</strong></span> <span class='ocrx_word' id='word_1_277' title='bbox 1363 2480 1501 2534; x_wconf 89' lang='lat' dir='ltr'><strong>quos</strong></span> <span class='ocrx_word' id='word_1_278' title='bbox 1531 2464 1964 2520; x_wconf 88' lang='lat' dir='ltr'><strong>adversantibus</strong></span> <span class='ocrx_word' id='word_1_279' title='bbox 2011 2465 2095 2518; x_wconf 87' lang='lat' dir='ltr'><strong>in-</strong></span> 
     </span>
    </p>
   </div>
   <div class='ocr_carea' id='block_1_42' title="bbox 529 2553 2094 2626">
    <p class='ocr_par' dir='ltr' id='par_1_42' title="bbox 529 2553 2094 2626">
     <span class='ocr_line' id='line_1_42' title="bbox 529 2553 2094 2626; baseline -0.004 -10"><span class='ocrx_word' id='word_1_280' title='bbox 529 2574 611 2616; x_wconf 87' lang='lat' dir='ltr'><strong>ter</strong></span> <span class='ocrx_word' id='word_1_281' title='bbox 642 2577 701 2616; x_wconf 89' lang='lat' dir='ltr'><strong>se</strong></span> <span class='ocrx_word' id='word_1_282' title='bbox 732 2561 1029 2624; x_wconf 81' lang='lat' dir='ltr'><strong>coloribus,</strong></span> <span class='ocrx_word' id='word_1_283' title='bbox 1069 2559 1122 2612; x_wconf 90' lang='lat' dir='ltr'><strong>in</strong></span> <span class='ocrx_word' id='word_1_284' title='bbox 1157 2557 1378 2612; x_wconf 90' lang='lat' dir='ltr'><strong>modum</strong></span> <span class='ocrx_word' id='word_1_285' title='bbox 1429 2553 1692 2626; x_wconf 60' lang='lat' dir='ltr'><strong>pictoris,’</strong></span> <span class='ocrx_word' id='word_1_286' title='bbox 1719 2567 1912 2610; x_wconf 88' lang='lat' dir='ltr'><strong>natura</strong></span> <span class='ocrx_word' id='word_1_287' title='bbox 1976 2557 2094 2626; x_wconf 54' lang='lat' dir='ltr'><strong>ipsa</strong></span> 
     </span>
    </p>
   </div>
   <div class='ocr_carea' id='block_1_43' title="bbox 529 2647 2095 2718">
    <p class='ocr_par' dir='ltr' id='par_1_43' title="bbox 529 2647 2095 2718">
     <span class='ocr_line' id='line_1_43' title="bbox 529 2647 2095 2718; baseline -0.004 -12"><span class='ocrx_word' id='word_1_288' title='bbox 529 2653 680 2706; x_wconf 89' lang='lat' dir='ltr'><strong>varie</strong></span> <span class='ocrx_word' id='word_1_289' title='bbox 735 2649 1137 2706; x_wconf 82' lang='lat' dir='ltr'><strong>cobonestarit.</strong></span> <span class='ocrx_word' id='word_1_290' title='bbox 1189 2649 1358 2703; x_wconf 84' lang='lat' dir='ltr'><strong>Porro</strong></span> <span class='ocrx_word' id='word_1_291' title='bbox 1416 2647 1603 2718; x_wconf 89' lang='lat' dir='ltr'><strong>templi</strong></span> <span class='ocrx_word' id='word_1_292' title='bbox 1668 2649 1789 2718; x_wconf 86' lang='lat' dir='ltr'><strong>ejus</strong></span> <span class='ocrx_word' id='word_1_293' title='bbox 1866 2648 2095 2702; x_wconf 87' lang='lat' dir='ltr'><strong>donaria</strong></span> 
     </span>
    </p>
   </div>
   <div class='ocr_carea' id='block_1_44' title="bbox 532 2742 2095 2814">
    <p class='ocr_par' dir='ltr' id='par_1_44' title="bbox 532 2742 2095 2814">
     <span class='ocr_line' id='line_1_44' title="bbox 532 2742 2095 2814; baseline -0.003 -15"><span class='ocrx_word' id='word_1_294' title='bbox 532 2747 744 2812; x_wconf 86' lang='lat' dir='ltr'><strong>omnia,</strong></span> <span class='ocrx_word' id='word_1_295' title='bbox 783 2760 904 2814; x_wconf 74' lang='lat' dir='ltr'><strong>qua:</strong></span> <span class='ocrx_word' id='word_1_296' title='bbox 943 2743 1030 2798; x_wconf 85' lang='lat' dir='ltr'><strong>vel</strong></span> <span class='ocrx_word' id='word_1_297' title='bbox 1049 2744 1114 2796; x_wconf 91' lang='lat' dir='ltr'><strong>ad</strong></span> <span class='ocrx_word' id='word_1_298' title='bbox 1135 2758 1292 2796; x_wconf 87' lang='lat' dir='ltr'><strong>usum</strong></span> <span class='ocrx_word' id='word_1_299' title='bbox 1321 2757 1604 2796; x_wconf 86' lang='lat' dir='ltr'><strong>sacrorum</strong></span> <span class='ocrx_word' id='word_1_300' title='bbox 1643 2750 1851 2810; x_wconf 90' lang='lat' dir='ltr'><strong>parata,</strong></span> <span class='ocrx_word' id='word_1_301' title='bbox 1883 2742 1970 2795; x_wconf 87' lang='lat' dir='ltr'><strong>vel</strong></span> <span class='ocrx_word' id='word_1_302' title='bbox 2026 2757 2095 2794; x_wconf 85' lang='lat' dir='ltr'><strong>ex</strong></span> 
     </span>
    </p>
   </div>
   <div class='ocr_carea' id='block_1_45' title="bbox 529 2831 2094 2906">
    <p class='ocr_par' dir='ltr' id='par_1_45' title="bbox 529 2831 2094 2906">
     <span class='ocr_line' id='line_1_45' title="bbox 529 2831 2094 2906; baseline -0.003 -16"><span class='ocrx_word' id='word_1_303' title='bbox 529 2846 755 2906; x_wconf 80' lang='lat' dir='ltr'><strong>argento</strong></span> <span class='ocrx_word' id='word_1_304' title='bbox 780 2846 838 2890; x_wconf 92' lang='lat' dir='ltr'><strong>et</strong></span> <span class='ocrx_word' id='word_1_305' title='bbox 890 2835 1088 2903; x_wconf 91' lang='lat' dir='ltr'><strong>lapillis</strong></span> <span class='ocrx_word' id='word_1_306' title='bbox 1130 2835 1307 2902; x_wconf 75' lang='lat' dir='ltr'><strong>magni</strong></span> <span class='ocrx_word' id='word_1_307' title='bbox 1371 2833 1531 2902; x_wconf 90' lang='lat' dir='ltr'><strong>pretii</strong></span> <span class='ocrx_word' id='word_1_308' title='bbox 1581 2831 1882 2888; x_wconf 78' lang='lat' dir='ltr'><strong>fabrefacta</strong></span> <span class='ocrx_word' id='word_1_309' title='bbox 1943 2842 2094 2895; x_wconf 90' lang='lat' dir='ltr'><strong>sunt,</strong></span> 
     </span>
    </p>
   </div>
   <div class='ocr_carea' id='block_1_46' title="bbox 528 2924 2092 2997">
    <p class='ocr_par' dir='ltr' id='par_1_46' title="bbox 528 2924 2092 2997">
     <span class='ocr_line' id='line_1_46' title="bbox 528 2924 2092 2997; baseline -0.004 -13"><span class='ocrx_word' id='word_1_310' title='bbox 528 2929 841 2984; x_wconf 83' lang='lat' dir='ltr'><strong>accuratius</strong></span> <span class='ocrx_word' id='word_1_311' title='bbox 877 2926 1250 2997; x_wconf 80' lang='lat' dir='ltr'><strong>persequenti,</strong></span> <span class='ocrx_word' id='word_1_312' title='bbox 1303 2924 1486 2994; x_wconf 90' lang='lat' dir='ltr'><strong>eloqui</strong></span> <span class='ocrx_word' id='word_1_313' title='bbox 1532 2925 1761 2978; x_wconf 89' lang='lat' dir='ltr'><strong>omnino</strong></span> <span class='ocrx_word' id='word_1_314' title='bbox 1808 2941 1914 2977; x_wconf 91' lang='lat' dir='ltr'><strong>non</strong></span> <span class='ocrx_word' id='word_1_315' title='bbox 1967 2935 2092 2978; x_wconf 90' lang='lat' dir='ltr'><strong>est:</strong></span> 
     </span>
    </p>
   </div>
   <div class='ocr_carea' id='block_1_47' title="bbox 527 3018 2097 3094">
    <p class='ocr_par' dir='ltr' id='par_1_47' title="bbox 527 3018 2097 3094">
     <span class='ocr_line' id='line_1_47' title="bbox 527 3018 2097 3094; baseline -0.004 -17"><span class='ocrx_word' id='word_1_316' title='bbox 527 3041 648 3094; x_wconf 76' lang='lat' dir='ltr'><strong>qua:</strong></span> <span class='ocrx_word' id='word_1_317' title='bbox 677 3023 976 3091; x_wconf 87' lang='lat' dir='ltr'><strong>imperator</strong></span> <span class='ocrx_word' id='word_1_318' title='bbox 1005 3019 1268 3073; x_wconf 67' lang='lat' dir='ltr'><strong>duntaxat</strong></span> <span class='ocrx_word' id='word_1_319' title='bbox 1292 3019 1392 3072; x_wconf 87' lang='lat' dir='ltr'><strong>iste</strong></span> <span class='ocrx_word' id='word_1_320' title='bbox 1416 3018 1708 3072; x_wconf 85' lang='lat' dir='ltr'><strong>dedicavit.</strong></span> <span class='ocrx_word' id='word_1_321' title='bbox 1730 3019 1809 3072; x_wconf 79' lang='lat' dir='ltr'><strong>Ex</strong></span> <span class='ocrx_word' id='word_1_322' title='bbox 1861 3034 1966 3071; x_wconf 91' lang='lat' dir='ltr'><strong>una</strong></span> <span class='ocrx_word' id='word_1_323' title='bbox 1999 3035 2097 3072; x_wconf 80' lang='lat' dir='ltr'><strong>au-</strong></span> 
     </span>
    </p>
   </div>
   <div class='ocr_carea' id='block_1_48' title="bbox 531 3112 2095 3182">
    <p class='ocr_par' dir='ltr' id='par_1_48' title="bbox 531 3112 2095 3182">
     <span class='ocr_line' id='line_1_48' title="bbox 531 3112 2095 3182; baseline -0.004 -11"><span class='ocrx_word' id='word_1_324' title='bbox 531 3128 637 3176; x_wconf 84' lang='lat' dir='ltr'><strong>tem</strong></span> <span class='ocrx_word' id='word_1_325' title='bbox 676 3131 735 3170; x_wconf 92' lang='lat' dir='ltr'><strong>re</strong></span> <span class='ocrx_word' id='word_1_326' title='bbox 757 3125 994 3176; x_wconf 89' lang='lat' dir='ltr'><strong>tantum,</strong></span> <span class='ocrx_word' id='word_1_327' title='bbox 1030 3113 1372 3182; x_wconf 83' lang='lat' dir='ltr'><strong>conjectura,</strong></span> <span class='ocrx_word' id='word_1_328' title='bbox 1406 3113 1500 3181; x_wconf 87' lang='lat' dir='ltr'><strong>qui</strong></span> <span class='ocrx_word' id='word_1_329' title='bbox 1542 3112 1655 3166; x_wconf 67' lang='lat' dir='ltr'><strong>haec</strong></span> <span class='ocrx_word' id='word_1_330' title='bbox 1701 3112 1904 3181; x_wconf 80' lang='lat' dir='ltr'><strong>legent.</strong></span> <span class='ocrx_word' id='word_1_331' title='bbox 1965 3127 2095 3181; x_wconf 89' lang='lat' dir='ltr'><strong>opes</strong></span> 
     </span>
    </p>
   </div>
   <div class='ocr_carea' id='block_1_49' title="bbox 527 3203 2094 3273">
    <p class='ocr_par' dir='ltr' id='par_1_49' title="bbox 527 3203 2094 3273">
     <span class='ocr_line' id='line_1_49' title="bbox 527 3203 2094 3273; baseline -0.005 -10"><span class='ocrx_word' id='word_1_332' title='bbox 527 3207 932 3263; x_wconf 79' lang='lat' dir='ltr'><strong>ecclesiasticas</strong></span> <span class='ocrx_word' id='word_1_333' title='bbox 961 3206 1214 3272; x_wconf 82' lang='lat' dir='ltr'><strong>colligere</strong></span> <span class='ocrx_word' id='word_1_334' title='bbox 1254 3212 1568 3273; x_wconf 85' lang='lat' dir='ltr'><strong>potuerunt.</strong></span> <span class='ocrx_word' id='word_1_335' title='bbox 1607 3203 1859 3258; x_wconf 82' lang='lat' dir='ltr'><strong>Sanctius</strong></span> <span class='ocrx_word' id='word_1_336' title='bbox 1891 3206 2094 3256; x_wconf 73' lang='lat' dir='ltr'><strong>etenim</strong></span> 
     </span>
    </p>
   </div>
   <div class='ocr_carea' id='block_1_50' title="bbox 531 3293 2095 3366">
    <p class='ocr_par' dir='ltr' id='par_1_50' title="bbox 531 3293 2095 3366">
     <span class='ocr_line' id='line_1_50' title="bbox 531 3293 2095 3366; baseline -0.002 -15"><span class='ocrx_word' id='word_1_337' title='bbox 531 3296 718 3366; x_wconf 81' lang='lat' dir='ltr'><strong>templi</strong></span> <span class='ocrx_word' id='word_1_338' title='bbox 791 3296 954 3365; x_wconf 79' lang='lat' dir='ltr'><strong>hujus</strong></span> <span class='ocrx_word' id='word_1_339' title='bbox 1010 3293 1352 3357; x_wconf 86' lang='lat' dir='ltr'><strong>sacrarium,</strong></span> <span class='ocrx_word' id='word_1_340' title='bbox 1406 3293 1550 3363; x_wconf 91' lang='lat' dir='ltr'><strong>quod</strong></span> <span class='ocrx_word' id='word_1_341' title='bbox 1616 3293 1716 3348; x_wconf 90' lang='lat' dir='ltr'><strong>soli</strong></span> <span class='ocrx_word' id='word_1_342' title='bbox 1785 3293 2095 3348; x_wconf 87' lang='lat' dir='ltr'><strong>sacerdotcs</strong></span> 
     </span>
    </p>
   </div>
   <div class='ocr_carea' id='block_1_51' title="bbox 530 3381 2090 3455">
    <p class='ocr_par' dir='ltr' id='par_1_51' title="bbox 530 3381 2090 3455">
     <span class='ocr_line' id='line_1_51' title="bbox 530 3381 2090 3455; baseline -0.004 -15"><span class='ocrx_word' id='word_1_343' title='bbox 530 3388 754 3451; x_wconf 90' lang='lat' dir='ltr'><strong>adeunt,</strong></span> <span class='ocrx_word' id='word_1_344' title='bbox 815 3383 1147 3455; x_wconf 75' lang='lat' dir='ltr'><strong>quadragies</strong></span> <span class='ocrx_word' id='word_1_345' title='bbox 1181 3383 1326 3436; x_wconf 83' lang='lat' dir='ltr'><strong>mille</strong></span> <span class='ocrx_word' id='word_1_346' title='bbox 1357 3382 1564 3452; x_wconf 80' lang='lat' dir='ltr'><strong>argenti</strong></span> <span class='ocrx_word' id='word_1_347' title='bbox 1611 3383 1782 3436; x_wconf 80' lang='lat' dir='ltr'><strong>libras</strong></span> <span class='ocrx_word' id='word_1_348' title='bbox 1827 3381 2090 3437; x_wconf 84' lang='lat' dir='ltr'><strong>continet.</strong></span> 
     </span>
    </p>
   </div>
   <div class='ocr_carea' id='block_1_52' title="bbox 1089 3496 1542 3554">
    <p class='ocr_par' dir='ltr' id='par_1_52' title="bbox 1089 3496 1542 3554">
     <span class='ocr_line' id='line_1_52' title="bbox 1089 3496 1542 3554; baseline -0.011 0"><span class='ocrx_word' id='word_1_349' title='bbox 1089 3496 1315 3554; x_wconf 72' lang='lat' dir='ltr'><strong>CAPUT</strong></span> <span class='ocrx_word' id='word_1_350' title='bbox 1401 3497 1542 3550; x_wconf 75' lang='lat' dir='ltr'><strong>XXI.</strong></span> 
     </span>
    </p>
   </div>
   <div class='ocr_carea' id='block_1_53' title="bbox 537 3589 2098 3665">
    <p class='ocr_par' dir='ltr' id='par_1_53' title="bbox 537 3589 2098 3665">
     <span class='ocr_line' id='line_1_53' title="bbox 537 3589 2098 3665; baseline -0.003 -17"><span class='ocrx_word' id='word_1_351' title='bbox 537 3595 611 3648; x_wconf 85' lang='lat' dir='ltr'><strong>De</strong></span> <span class='ocrx_word' id='word_1_352' title='bbox 640 3592 975 3665; x_wconf 74' lang='lat' dir='ltr'><strong>imperatoris</strong></span> <span class='ocrx_word' id='word_1_353' title='bbox 998 3591 1230 3660; x_wconf 82' lang='lat' dir='ltr'><strong>ejusdem</strong></span> <span class='ocrx_word' id='word_1_354' title='bbox 1262 3589 1476 3665; x_wconf 41' lang='lat' dir='ltr'><strong>furore,</strong></span> <span class='ocrx_word' id='word_1_355' title='bbox 1499 3591 1671 3658; x_wconf 73' lang='lat' dir='ltr'><strong>potius</strong></span> <span class='ocrx_word' id='word_1_356' title='bbox 1691 3607 1858 3665; x_wconf 66' lang='lat' dir='ltr'><strong>quam</strong></span> <span class='ocrx_word' id='word_1_357' title='bbox 1890 3608 2098 3652; x_wconf 86' lang='lat' dir='ltr'><strong>amore,</strong></span> 
     </span>
    </p>
   </div>
   <div class='ocr_carea' id='block_1_54' title="bbox 761 3659 1866 3732">
    <p class='ocr_par' dir='ltr' id='par_1_54' title="bbox 761 3659 1866 3732">
     <span class='ocr_line' id='line_1_54' title="bbox 761 3659 1866 3732; baseline -0.002 -16"><span class='ocrx_word' id='word_1_358' title='bbox 761 3680 885 3732; x_wconf 86' lang='lat' dir='ltr'><strong>erga</strong></span> <span class='ocrx_word' id='word_1_359' title='bbox 917 3659 1173 3732; x_wconf 70' lang='lat' dir='ltr'><strong>cyaiieum</strong></span> <span class='ocrx_word' id='word_1_360' title='bbox 1196 3676 1286 3713; x_wconf 79' lang='lat' dir='ltr'><strong>seu</strong></span> <span class='ocrx_word' id='word_1_361' title='bbox 1313 3659 1594 3713; x_wconf 76' lang='lat' dir='ltr'><strong>cwruleum</strong></span> <span class='ocrx_word' id='word_1_362' title='bbox 1619 3661 1866 3715; x_wconf 79' lang='lat' dir='ltr'><strong>colorem.</strong></span> 
     </span>
    </p>
   </div>
   <div class='ocr_carea' id='block_1_55' title="bbox 607 3772 2095 3845">
    <p class='ocr_par' dir='ltr' id='par_1_55' title="bbox 607 3772 2095 3845">
     <span class='ocr_line' id='line_1_55' title="bbox 607 3772 2095 3845; baseline -0.004 -14"><span class='ocrx_word' id='word_1_363' title='bbox 607 3779 781 3845; x_wconf 76' lang='lat' dir='ltr'><strong>Atque</strong></span> <span class='ocrx_word' id='word_1_364' title='bbox 813 3775 929 3830; x_wconf 71' lang='lat' dir='ltr'><strong>lucc</strong></span> <span class='ocrx_word' id='word_1_365' title='bbox 957 3773 1179 3844; x_wconf 90' lang='lat' dir='ltr'><strong>quidem</strong></span> <span class='ocrx_word' id='word_1_366' title='bbox 1209 3772 1494 3842; x_wconf 65' lang='lat' dir='ltr'><strong>praeclara,</strong></span> <span class='ocrx_word' id='word_1_367' title='bbox 1519 3781 1682 3840; x_wconf 90' lang='lat' dir='ltr'><strong>atque</strong></span> <span class='ocrx_word' id='word_1_368' title='bbox 1709 3772 2095 3840; x_wconf 65' lang='lat' dir='ltr'><strong>praeclarorum</strong></span> 
     </span>
    </p>
   </div>
   <div class='ocr_carea' id='block_1_56' title="bbox 535 3861 2105 3938">
    <p class='ocr_par' dir='ltr' id='par_1_56' title="bbox 535 3861 2105 3938">
     <span class='ocr_line' id='line_1_56' title="bbox 535 3861 2105 3938; baseline -0.004 -16"><span class='ocrx_word' id='word_1_369' title='bbox 535 3869 692 3938; x_wconf 87' lang='lat' dir='ltr'><strong>longe</strong></span> <span class='ocrx_word' id='word_1_370' title='bbox 712 3865 1144 3937; x_wconf 69' lang='lat' dir='ltr'><strong>praclarissima,</strong></span> <span class='ocrx_word' id='word_1_371' title='bbox 1171 3873 1299 3918; x_wconf 88' lang='lat' dir='ltr'><strong>sunt</strong></span> <span class='ocrx_word' id='word_1_372' title='bbox 1327 3861 1617 3917; x_wconf 72' lang='lat' dir='ltr'><strong>Iustiniani</strong></span> <span class='ocrx_word' id='word_1_373' title='bbox 1662 3862 2105 3933; x_wconf 66' lang='lat' dir='ltr'><strong>imperatoris“)</strong></span> 
     </span>
    </p>
   </div>
   <div class='ocr_carea' id='block_1_57' title="bbox 535 3953 2098 4031">
    <p class='ocr_par' dir='ltr' id='par_1_57' title="bbox 535 3953 2098 4031">
     <span class='ocr_line' id='line_1_57' title="bbox 535 3953 2098 4031; baseline -0.003 -17"><span class='ocrx_word' id='word_1_374' title='bbox 535 3975 723 4031; x_wconf 84' lang='lat' dir='ltr'><strong>opera.</strong></span> <span class='ocrx_word' id='word_1_375' title='bbox 774 3957 974 4014; x_wconf 87' lang='lat' dir='ltr'><strong>Verum</strong></span> <span class='ocrx_word' id='word_1_376' title='bbox 1008 3957 1062 4010; x_wconf 92' lang='lat' dir='ltr'><strong>in</strong></span> <span class='ocrx_word' id='word_1_377' title='bbox 1121 3969 1208 4022; x_wconf 91' lang='lat' dir='ltr'><strong>eo,</strong></span> <span class='ocrx_word' id='word_1_378' title='bbox 1267 3953 1416 4024; x_wconf 91' lang='lat' dir='ltr'><strong>quod</strong></span> <span class='ocrx_word' id='word_1_379' title='bbox 1472 3953 1769 4008; x_wconf 89' lang='lat' dir='ltr'><strong>belluinam</strong></span> <span class='ocrx_word' id='word_1_380' title='bbox 1825 3954 2098 4009; x_wconf 84' lang='lat' dir='ltr'><strong>lerilatem</strong></span> 
     </span>
    </p>
   </div>
   <div class='ocr_carea' id='block_1_58' title="bbox 537 4045 2101 4114">
    <p class='ocr_par' dir='ltr' id='par_1_58' title="bbox 537 4045 2101 4114">
     <span class='ocr_line' id='line_1_58' title="bbox 537 4045 2101 4114; baseline -0.003 -9"><span class='ocrx_word' id='word_1_381' title='bbox 537 4065 758 4105; x_wconf 80' lang='lat' dir='ltr'><strong>omnem</strong></span> <span class='ocrx_word' id='word_1_382' title='bbox 792 4047 1036 4110; x_wconf 78' lang='lat' dir='ltr'><strong>excedit,</strong></span> <span class='ocrx_word' id='word_1_383' title='bbox 1068 4047 1184 4101; x_wconf 87' lang='lat' dir='ltr'><strong>sive</strong></span> <span class='ocrx_word' id='word_1_384' title='bbox 1208 4061 1417 4109; x_wconf 85' lang='lat' dir='ltr'><strong>errore,</strong></span> <span class='ocrx_word' id='word_1_385' title='bbox 1447 4060 1543 4099; x_wconf 88' lang='lat' dir='ltr'><strong>seu</strong></span> <span class='ocrx_word' id='word_1_386' title='bbox 1576 4045 1780 4114; x_wconf 78' lang='lat' dir='ltr'><strong>ingenii</strong></span> <span class='ocrx_word' id='word_1_387' title='bbox 1811 4045 2101 4100; x_wconf 84' lang='lat' dir='ltr'><strong>timiditate</strong></span> 
     </span>
    </p>
   </div>
   <div class='ocr_carea' id='block_1_59' title="bbox 539 4136 2102 4212">
    <p class='ocr_par' dir='ltr' id='par_1_59' title="bbox 539 4136 2102 4212">
     <span class='ocr_line' id='line_1_59' title="bbox 539 4136 2102 4212; baseline -0.003 -17"><span class='ocrx_word' id='word_1_388' title='bbox 539 4143 746 4212; x_wconf 87' lang='lat' dir='ltr'><strong>(dicere</strong></span> <span class='ocrx_word' id='word_1_389' title='bbox 784 4140 838 4194; x_wconf 91' lang='lat' dir='ltr'><strong>id</strong></span> <span class='ocrx_word' id='word_1_390' title='bbox 867 4140 1012 4194; x_wconf 90' lang='lat' dir='ltr'><strong>enim</strong></span> <span class='ocrx_word' id='word_1_391' title='bbox 1047 4137 1281 4208; x_wconf 88' lang='lat' dir='ltr'><strong>nequeo)</strong></span> <span class='ocrx_word' id='word_1_392' title='bbox 1321 4136 1460 4190; x_wconf 89' lang='lat' dir='ltr'><strong>fuit:</strong></span> <span class='ocrx_word' id='word_1_393' title='bbox 1494 4136 1714 4190; x_wconf 88' lang='lat' dir='ltr'><strong>initium</strong></span> <span class='ocrx_word' id='word_1_394' title='bbox 1737 4150 1802 4190; x_wconf 90' lang='lat' dir='ltr'><strong>ex</strong></span> <span class='ocrx_word' id='word_1_395' title='bbox 1829 4136 2102 4191; x_wconf 83' lang='lat' dir='ltr'><strong>seditione</strong></span> 
     </span>
    </p>
   </div>
   <div class='ocr_carea' id='block_1_60' title="bbox 536 4227 2104 4301">
    <p class='ocr_par' dir='ltr' id='par_1_60' title="bbox 536 4227 2104 4301">
     <span class='ocr_line' id='line_1_60' title="bbox 536 4227 2104 4301; baseline -0.004 -12"><span class='ocrx_word' id='word_1_396' title='bbox 536 4251 601 4289; x_wconf 85' lang='lat' dir='ltr'><strong>ea</strong></span> <span class='ocrx_word' id='word_1_397' title='bbox 624 4247 742 4301; x_wconf 80' lang='lat' dir='ltr'><strong>qua:</strong></span> <span class='ocrx_word' id='word_1_398' title='bbox 764 4233 940 4293; x_wconf 69' lang='grc' dir='ltr'>Νίκα,</span> <span class='ocrx_word' id='word_1_399' title='bbox 967 4231 1018 4285; x_wconf 90' lang='lat' dir='ltr'><strong>id</strong></span> <span class='ocrx_word' id='word_1_400' title='bbox 1045 4239 1148 4294; x_wconf 90' lang='lat' dir='ltr'><strong>est,</strong></span> <span class='ocrx_word' id='word_1_401' title='bbox 1177 4229 1353 4292; x_wconf 78' lang='lat' dir='ltr'><strong>Vince,</strong></span> <span class='ocrx_word' id='word_1_402' title='bbox 1375 4228 1519 4282; x_wconf 90' lang='lat' dir='ltr'><strong>dicta</strong></span> <span class='ocrx_word' id='word_1_403' title='bbox 1545 4237 1684 4292; x_wconf 88' lang='lat' dir='ltr'><strong>erat,</strong></span> <span class='ocrx_word' id='word_1_404' title='bbox 1734 4228 1951 4282; x_wconf 90' lang='lat' dir='ltr'><strong>initium</strong></span> <span class='ocrx_word' id='word_1_405' title='bbox 2000 4227 2104 4282; x_wconf 88' lang='lat' dir='ltr'><strong>du-</strong></span> 
     </span>
    </p>
   </div>
   <div class='ocr_carea' id='block_1_61' title="bbox 2195 1830 3763 1903">
    <p class='ocr_par' dir='ltr' id='par_1_61' title="bbox 2195 1830 3763 1903">
     <span class='ocr_line' id='line_1_61' title="bbox 2195 1830 3763 1903; baseline -0.001 -17"><span class='ocrx_word' id='word_1_406' title='bbox 2195 1833 2458 1903; x_wconf 88' lang='lat' dir='ltr'><strong>quiddam</strong></span> <span class='ocrx_word' id='word_1_407' title='bbox 2489 1832 2708 1887; x_wconf 82' lang='lat' dir='ltr'><strong>accidit.</strong></span> <span class='ocrx_word' id='word_1_408' title='bbox 2745 1833 2870 1886; x_wconf 88' lang='lat' dir='ltr'><strong>Lori</strong></span> <span class='ocrx_word' id='word_1_409' title='bbox 2898 1832 2991 1901; x_wconf 91' lang='lat' dir='ltr'><strong>qui</strong></span> <span class='ocrx_word' id='word_1_410' title='bbox 3043 1841 3332 1894; x_wconf 84' lang='lat' dir='ltr'><strong>vocantur,</strong></span> <span class='ocrx_word' id='word_1_411' title='bbox 3379 1846 3478 1900; x_wconf 91' lang='lat' dir='ltr'><strong>per</strong></span> <span class='ocrx_word' id='word_1_412' title='bbox 3529 1830 3763 1885; x_wconf 60' lang='lat' dir='ltr'><strong>aediﬁca-</strong></span> 
     </span>
    </p>
   </div>
   <div class='ocr_carea' id='block_1_62' title="bbox 2200 1923 3770 1994">
    <p class='ocr_par' dir='ltr' id='par_1_62' title="bbox 2200 1923 3770 1994">
     <span class='ocr_line' id='line_1_62' title="bbox 2200 1923 3770 1994; baseline -0.001 -17"><span class='ocrx_word' id='word_1_413' title='bbox 2200 1925 2407 1978; x_wconf 83' lang='lat' dir='ltr'><strong>tionem</strong></span> <span class='ocrx_word' id='word_1_414' title='bbox 2443 1939 2641 1978; x_wconf 81' lang='lat' dir='ltr'><strong>novam</strong></span> <span class='ocrx_word' id='word_1_415' title='bbox 2674 1924 2815 1978; x_wconf 89' lang='lat' dir='ltr'><strong>mole</strong></span> <span class='ocrx_word' id='word_1_416' title='bbox 2842 1939 3030 1994; x_wconf 87' lang='lat' dir='ltr'><strong>magna</strong></span> <span class='ocrx_word' id='word_1_417' title='bbox 3061 1923 3114 1977; x_wconf 92' lang='lat' dir='ltr'><strong>in</strong></span> <span class='ocrx_word' id='word_1_418' title='bbox 3145 1923 3384 1978; x_wconf 89' lang='lat' dir='ltr'><strong>sublime</strong></span> <span class='ocrx_word' id='word_1_419' title='bbox 3412 1923 3770 1978; x_wconf 90' lang='lat' dir='ltr'><strong>tollebantur.</strong></span> 
     </span>
    </p>
   </div>
   <div class='ocr_carea' id='block_1_63' title="bbox 2196 2014 3762 2084">
    <p class='ocr_par' dir='ltr' id='par_1_63' title="bbox 2196 2014 3762 2084">
     <span class='ocr_line' id='line_1_63' title="bbox 2196 2014 3762 2084; baseline 0 -16"><span class='ocrx_word' id='word_1_420' title='bbox 2196 2015 2288 2071; x_wconf 82' lang='lat' dir='ltr'><strong>Eis</strong></span> <span class='ocrx_word' id='word_1_421' title='bbox 2318 2031 2448 2068; x_wconf 88' lang='lat' dir='ltr'><strong>vero</strong></span> <span class='ocrx_word' id='word_1_422' title='bbox 2489 2014 2748 2068; x_wconf 89' lang='lat' dir='ltr'><strong>inferiora</strong></span> <span class='ocrx_word' id='word_1_423' title='bbox 2777 2015 3012 2068; x_wconf 58' lang='lat' dir='ltr'><strong>aedilicia</strong></span> <span class='ocrx_word' id='word_1_424' title='bbox 3066 2030 3258 2084; x_wconf 77' lang='lat' dir='ltr'><strong>pressa</strong></span> <span class='ocrx_word' id='word_1_425' title='bbox 3317 2014 3668 2078; x_wconf 82' lang='lat' dir='ltr'><strong>laborabant,</strong></span> <span class='ocrx_word' id='word_1_426' title='bbox 3710 2026 3762 2068; x_wconf 91' lang='lat' dir='ltr'><strong>et</strong></span> 
     </span>
    </p>
   </div>
   <div class='ocr_carea' id='block_1_64' title="bbox 2193 2107 3768 2177">
    <p class='ocr_par' dir='ltr' id='par_1_64' title="bbox 2193 2107 3768 2177">
     <span class='ocr_line' id='line_1_64' title="bbox 2193 2107 3768 2177; baseline -0.003 -12"><span class='ocrx_word' id='word_1_427' title='bbox 2193 2110 2464 2165; x_wconf 61' lang='lat' dir='ltr'><strong>columnae</strong></span> <span class='ocrx_word' id='word_1_428' title='bbox 2491 2123 2612 2177; x_wconf 68' lang='lat' dir='ltr'><strong>quae</strong></span> <span class='ocrx_word' id='word_1_429' title='bbox 2636 2123 2702 2161; x_wconf 88' lang='lat' dir='ltr'><strong>eo</strong></span> <span class='ocrx_word' id='word_1_430' title='bbox 2730 2108 2836 2161; x_wconf 85' lang='lat' dir='ltr'><strong>loci</strong></span> <span class='ocrx_word' id='word_1_431' title='bbox 2873 2116 3055 2170; x_wconf 83' lang='lat' dir='ltr'><strong>erant,</strong></span> <span class='ocrx_word' id='word_1_432' title='bbox 3090 2107 3300 2176; x_wconf 86' lang='lat' dir='ltr'><strong>lapides</strong></span> <span class='ocrx_word' id='word_1_433' title='bbox 3351 2122 3551 2176; x_wconf 88' lang='lat' dir='ltr'><strong>parvos</strong></span> <span class='ocrx_word' id='word_1_434' title='bbox 3581 2109 3768 2177; x_wconf 83' lang='lat' dir='ltr'><strong>perin-</strong></span> 
     </span>
    </p>
   </div>
   <div class='ocr_carea' id='block_1_65' title="bbox 2194 2199 3768 2270">
    <p class='ocr_par' dir='ltr' id='par_1_65' title="bbox 2194 2199 3768 2270">
     <span class='ocr_line' id='line_1_65' title="bbox 2194 2199 3768 2270; baseline 0 -15"><span class='ocrx_word' id='word_1_435' title='bbox 2194 2201 2860 2270; x_wconf 86' lang='lat' dir='ltr'><strong>deatqueexpolirentur,</strong></span> <span class='ocrx_word' id='word_1_436' title='bbox 2906 2215 2971 2254; x_wconf 92' lang='lat' dir='ltr'><strong>ex</strong></span> <span class='ocrx_word' id='word_1_437' title='bbox 3029 2215 3151 2253; x_wconf 89' lang='lat' dir='ltr'><strong>sese</strong></span> <span class='ocrx_word' id='word_1_438' title='bbox 3201 2200 3382 2269; x_wconf 89' lang='lat' dir='ltr'><strong>jactos</strong></span> <span class='ocrx_word' id='word_1_439' title='bbox 3439 2199 3768 2255; x_wconf 85' lang='lat' dir='ltr'><strong>reddebant.</strong></span> 
     </span>
    </p>
   </div>
   <div class='ocr_carea' id='block_1_66' title="bbox 2195 2291 3767 2361">
    <p class='ocr_par' dir='ltr' id='par_1_66' title="bbox 2195 2291 3767 2361">
     <span class='ocr_line' id='line_1_66' title="bbox 2195 2291 3767 2361; baseline 0 -16"><span class='ocrx_word' id='word_1_440' title='bbox 2195 2292 2437 2346; x_wconf 82' lang='lat' dir='ltr'><strong>Rursum</strong></span> <span class='ocrx_word' id='word_1_441' title='bbox 2486 2292 2657 2361; x_wconf 79' lang='lat' dir='ltr'><strong>igitur</strong></span> <span class='ocrx_word' id='word_1_442' title='bbox 2706 2293 2922 2346; x_wconf 91' lang='lat' dir='ltr'><strong>animos</strong></span> <span class='ocrx_word' id='word_1_443' title='bbox 2974 2291 3380 2359; x_wconf 86' lang='lat' dir='ltr'><strong>despondentes</strong></span> <span class='ocrx_word' id='word_1_444' title='bbox 3439 2291 3767 2351; x_wconf 89' lang='lat' dir='ltr'><strong>mechanici.</strong></span> 
     </span>
    </p>
   </div>
   <div class='ocr_carea' id='block_1_67' title="bbox 2197 2381 3767 2451">
    <p class='ocr_par' dir='ltr' id='par_1_67' title="bbox 2197 2381 3767 2451">
     <span class='ocr_line' id='line_1_67' title="bbox 2197 2381 3767 2451; baseline 0.002 -18"><span class='ocrx_word' id='word_1_445' title='bbox 2197 2391 2420 2451; x_wconf 89' lang='lat' dir='ltr'><strong>propter</strong></span> <span class='ocrx_word' id='word_1_446' title='bbox 2449 2395 2636 2434; x_wconf 88' lang='lat' dir='ltr'><strong>casum</strong></span> <span class='ocrx_word' id='word_1_447' title='bbox 2661 2396 2786 2436; x_wconf 91' lang='lat' dir='ltr'><strong>eum</strong></span> <span class='ocrx_word' id='word_1_448' title='bbox 2815 2382 3134 2450; x_wconf 89' lang='lat' dir='ltr'><strong>imperatori</strong></span> <span class='ocrx_word' id='word_1_449' title='bbox 3163 2381 3469 2450; x_wconf 91' lang='lat' dir='ltr'><strong>periculum</strong></span> <span class='ocrx_word' id='word_1_450' title='bbox 3525 2381 3630 2436; x_wconf 87' lang='lat' dir='ltr'><strong>tale</strong></span> <span class='ocrx_word' id='word_1_451' title='bbox 3681 2398 3767 2436; x_wconf 86' lang='lat' dir='ltr'><strong>re-</strong></span> 
     </span>
    </p>
   </div>
   <div class='ocr_carea' id='block_1_68' title="bbox 2198 2471 3772 2528">
    <p class='ocr_par' dir='ltr' id='par_1_68' title="bbox 2198 2471 3772 2528">
     <span class='ocr_line' id='line_1_68' title="bbox 2198 2471 3772 2528; baseline 0 -2"><span class='ocrx_word' id='word_1_452' title='bbox 2198 2473 2548 2526; x_wconf 90' lang='lat' dir='ltr'><strong>nuntiarunt.</strong></span> <span class='ocrx_word' id='word_1_453' title='bbox 2575 2472 2716 2526; x_wconf 86' lang='lat' dir='ltr'><strong>Tum</strong></span> <span class='ocrx_word' id='word_1_454' title='bbox 2760 2472 2853 2528; x_wconf 91' lang='lat' dir='ltr'><strong>ille</strong></span> <span class='ocrx_word' id='word_1_455' title='bbox 2908 2471 3040 2527; x_wconf 86' lang='lat' dir='ltr'><strong>huic</strong></span> <span class='ocrx_word' id='word_1_456' title='bbox 3087 2472 3228 2526; x_wconf 92' lang='lat' dir='ltr'><strong>malo</strong></span> <span class='ocrx_word' id='word_1_457' title='bbox 3276 2473 3583 2528; x_wconf 87' lang='lat' dir='ltr'><strong>remedium</strong></span> <span class='ocrx_word' id='word_1_458' title='bbox 3635 2473 3772 2527; x_wconf 86' lang='lat' dir='ltr'><strong>illud</strong></span> 
     </span>
    </p>
   </div>
   <div class='ocr_carea' id='block_1_69' title="bbox 2196 2559 3768 2632">
    <p class='ocr_par' dir='ltr' id='par_1_69' title="bbox 2196 2559 3768 2632">
     <span class='ocr_line' id='line_1_69' title="bbox 2196 2559 3768 2632; baseline 0.002 -17"><span class='ocrx_word' id='word_1_459' title='bbox 2196 2561 2544 2631; x_wconf 85' lang='lat' dir='ltr'><strong>excogitavit.</strong></span> <span class='ocrx_word' id='word_1_460' title='bbox 2572 2559 2965 2616; x_wconf 85' lang='lat' dir='ltr'><strong>Laborantium</strong></span> <span class='ocrx_word' id='word_1_461' title='bbox 2997 2562 3144 2616; x_wconf 89' lang='lat' dir='ltr'><strong>enim</strong></span> <span class='ocrx_word' id='word_1_462' title='bbox 3181 2562 3540 2618; x_wconf 62' lang='lat' dir='ltr'><strong>adificiorum</strong></span> <span class='ocrx_word' id='word_1_463' title='bbox 3584 2574 3768 2632; x_wconf 86' lang='lat' dir='ltr'><strong>partes</strong></span> 
     </span>
    </p>
   </div>
   <div class='ocr_carea' id='block_1_70' title="bbox 2199 2655 3774 2725">
    <p class='ocr_par' dir='ltr' id='par_1_70' title="bbox 2199 2655 3774 2725">
     <span class='ocr_line' id='line_1_70' title="bbox 2199 2655 3774 2725; baseline -0.001 -15"><span class='ocrx_word' id='word_1_464' title='bbox 2199 2669 2464 2720; x_wconf 89' lang='lat' dir='ltr'><strong>summas,</strong></span> <span class='ocrx_word' id='word_1_465' title='bbox 2495 2663 2575 2708; x_wconf 78' lang='lat' dir='ltr'><strong>et.</strong></span> <span class='ocrx_word' id='word_1_466' title='bbox 2607 2669 2768 2708; x_wconf 85' lang='lat' dir='ltr'><strong>arcus</strong></span> <span class='ocrx_word' id='word_1_467' title='bbox 2805 2655 2952 2724; x_wconf 88' lang='lat' dir='ltr'><strong>ipsos</strong></span> <span class='ocrx_word' id='word_1_468' title='bbox 3016 2655 3282 2721; x_wconf 84' lang='lat' dir='ltr'><strong>adimere,</strong></span> <span class='ocrx_word' id='word_1_469' title='bbox 3319 2665 3483 2725; x_wconf 89' lang='lat' dir='ltr'><strong>atque</strong></span> <span class='ocrx_word' id='word_1_470' title='bbox 3534 2655 3586 2708; x_wconf 93' lang='lat' dir='ltr'><strong>in</strong></span> <span class='ocrx_word' id='word_1_471' title='bbox 3636 2670 3774 2724; x_wconf 68' lang='lat' dir='ltr'><strong>prae-</strong></span> 
     </span>
    </p>
   </div>
   <div class='ocr_carea' id='block_1_71' title="bbox 2198 2745 3774 2815">
    <p class='ocr_par' dir='ltr' id='par_1_71' title="bbox 2198 2745 3774 2815">
     <span class='ocr_line' id='line_1_71' title="bbox 2198 2745 3774 2815; baseline -0.001 -15"><span class='ocrx_word' id='word_1_472' title='bbox 2198 2761 2325 2800; x_wconf 86' lang='lat' dir='ltr'><strong>sens</strong></span> <span class='ocrx_word' id='word_1_473' title='bbox 2371 2745 2593 2815; x_wconf 91' lang='lat' dir='ltr'><strong>quidem</strong></span> <span class='ocrx_word' id='word_1_474' title='bbox 2642 2760 2928 2814; x_wconf 80' lang='lat' dir='ltr'><strong>seponere,</strong></span> <span class='ocrx_word' id='word_1_475' title='bbox 2964 2755 3151 2813; x_wconf 84' lang='lat' dir='ltr'><strong>postea</strong></span> <span class='ocrx_word' id='word_1_476' title='bbox 3185 2761 3316 2800; x_wconf 91' lang='lat' dir='ltr'><strong>vero</strong></span> <span class='ocrx_word' id='word_1_477' title='bbox 3351 2762 3566 2800; x_wconf 88' lang='lat' dir='ltr'><strong>rursum</strong></span> <span class='ocrx_word' id='word_1_478' title='bbox 3595 2747 3774 2814; x_wconf 86' lang='lat' dir='ltr'><strong>impo-</strong></span> 
     </span>
    </p>
   </div>
   <div class='ocr_carea' id='block_1_72' title="bbox 2199 2835 3764 2902">
    <p class='ocr_par' dir='ltr' id='par_1_72' title="bbox 2199 2835 3764 2902">
     <span class='ocr_line' id='line_1_72' title="bbox 2199 2835 3764 2902; baseline -0.001 -12"><span class='ocrx_word' id='word_1_479' title='bbox 2199 2851 2356 2902; x_wconf 88' lang='lat' dir='ltr'><strong>nere,</strong></span> <span class='ocrx_word' id='word_1_480' title='bbox 2395 2851 2519 2890; x_wconf 90' lang='lat' dir='ltr'><strong>cum</strong></span> <span class='ocrx_word' id='word_1_481' title='bbox 2554 2845 2847 2890; x_wconf 72' lang='lat' dir='ltr'><strong>structura:</strong></span> <span class='ocrx_word' id='word_1_482' title='bbox 2882 2836 3084 2890; x_wconf 91' lang='lat' dir='ltr'><strong>bumor</strong></span> <span class='ocrx_word' id='word_1_483' title='bbox 3109 2835 3401 2890; x_wconf 85' lang='lat' dir='ltr'><strong>induratus</strong></span> <span class='ocrx_word' id='word_1_484' title='bbox 3429 2837 3764 2901; x_wconf 87' lang='lat' dir='ltr'><strong>evanuisset,</strong></span> 
     </span>
    </p>
   </div>
   <div class='ocr_carea' id='block_1_73' title="bbox 2199 2926 3768 3000">
    <p class='ocr_par' dir='ltr' id='par_1_73' title="bbox 2199 2926 3768 3000">
     <span class='ocr_line' id='line_1_73' title="bbox 2199 2926 3768 3000; baseline 0.002 -20"><span class='ocrx_word' id='word_1_485' title='bbox 2199 2927 2476 2997; x_wconf 65' lang='lat' dir='ltr'><strong>praecepit.</strong></span> <span class='ocrx_word' id='word_1_486' title='bbox 2503 2928 2582 2982; x_wconf 91' lang='lat' dir='ltr'><strong>llli</strong></span> <span class='ocrx_word' id='word_1_487' title='bbox 2614 2929 2876 2996; x_wconf 89' lang='lat' dir='ltr'><strong>imperata</strong></span> <span class='ocrx_word' id='word_1_488' title='bbox 2902 2928 3104 2982; x_wconf 86' lang='lat' dir='ltr'><strong>fecere.</strong></span> <span class='ocrx_word' id='word_1_489' title='bbox 3140 2926 3455 2984; x_wconf 63' lang='lat' dir='ltr'><strong>IEdificatio</strong></span> <span class='ocrx_word' id='word_1_490' title='bbox 3489 2945 3620 2984; x_wconf 90' lang='lat' dir='ltr'><strong>vero</strong></span> <span class='ocrx_word' id='word_1_491' title='bbox 3649 2931 3768 3000; x_wconf 85' lang='lat' dir='ltr'><strong>ipsa</strong></span> 
     </span>
    </p>
   </div>
   <div class='ocr_carea' id='block_1_74' title="bbox 2202 3018 3772 3089">
    <p class='ocr_par' dir='ltr' id='par_1_74' title="bbox 2202 3018 3772 3089">
     <span class='ocr_line' id='line_1_74' title="bbox 2202 3018 3772 3089; baseline 0 -15"><span class='ocrx_word' id='word_1_492' title='bbox 2202 3019 2464 3083; x_wconf 86' lang='lat' dir='ltr'><strong>deinceps</strong></span> <span class='ocrx_word' id='word_1_493' title='bbox 2517 3018 2673 3073; x_wconf 85' lang='lat' dir='ltr'><strong>firma</strong></span> <span class='ocrx_word' id='word_1_494' title='bbox 2725 3019 3053 3089; x_wconf 88' lang='lat' dir='ltr'><strong>stabilisque</strong></span> <span class='ocrx_word' id='word_1_495' title='bbox 3100 3020 3370 3075; x_wconf 87' lang='lat' dir='ltr'><strong>constitit.</strong></span> <span class='ocrx_word' id='word_1_496' title='bbox 3421 3021 3772 3076; x_wconf 77' lang='lat' dir='ltr'><strong>Restauravit</strong></span> 
     </span>
    </p>
   </div>
   <div class='ocr_carea' id='block_1_75' title="bbox 2201 3109 3776 3184">
    <p class='ocr_par' dir='ltr' id='par_1_75' title="bbox 2201 3109 3776 3184">
     <span class='ocr_line' id='line_1_75' title="bbox 2201 3109 3776 3184; baseline 0.004 -20"><span class='ocrx_word' id='word_1_497' title='bbox 2201 3127 2422 3183; x_wconf 90' lang='lat' dir='ltr'><strong>quoque</strong></span> <span class='ocrx_word' id='word_1_498' title='bbox 2448 3109 2790 3167; x_wconf 81' lang='lat' dir='ltr'><strong>Justinianus</strong></span> <span class='ocrx_word' id='word_1_499' title='bbox 2819 3112 3147 3169; x_wconf 89' lang='lat' dir='ltr'><strong>Sanctorum</strong></span> <span class='ocrx_word' id='word_1_500' title='bbox 3203 3117 3593 3184; x_wconf 82' lang='lat' dir='ltr'><strong>Apostolorum</strong></span> <span class='ocrx_word' id='word_1_501' title='bbox 3630 3125 3776 3170; x_wconf 89' lang='lat' dir='ltr'><strong>tem-</strong></span> 
     </span>
    </p>
   </div>
   <div class='ocr_carea' id='block_1_76' title="bbox 2205 3197 3774 3273">
    <p class='ocr_par' dir='ltr' id='par_1_76' title="bbox 2205 3197 3774 3273">
     <span class='ocr_line' id='line_1_76' title="bbox 2205 3197 3774 3273; baseline 0.003 -20"><span class='ocrx_word' id='word_1_502' title='bbox 2205 3203 2378 3270; x_wconf 90' lang='lat' dir='ltr'><strong>plum,</strong></span> <span class='ocrx_word' id='word_1_503' title='bbox 2417 3203 2563 3271; x_wconf 90' lang='lat' dir='ltr'><strong>quod</strong></span> <span class='ocrx_word' id='word_1_504' title='bbox 2597 3197 2733 3257; x_wconf 83' lang='lat' dir='ltr'><strong>nulli</strong></span> <span class='ocrx_word' id='word_1_505' title='bbox 2762 3203 2966 3273; x_wconf 87' lang='lat' dir='ltr'><strong>primas</strong></span> <span class='ocrx_word' id='word_1_506' title='bbox 2995 3205 3111 3258; x_wconf 85' lang='lat' dir='ltr'><strong>vult</strong></span> <span class='ocrx_word' id='word_1_507' title='bbox 3134 3205 3458 3260; x_wconf 86' lang='lat' dir='ltr'><strong>concedere.</strong></span> <span class='ocrx_word' id='word_1_508' title='bbox 3487 3205 3544 3260; x_wconf 77' lang='lat' dir='ltr'><strong>in</strong></span> <span class='ocrx_word' id='word_1_509' title='bbox 3568 3221 3636 3259; x_wconf 92' lang='lat' dir='ltr'><strong>eo</strong></span> <span class='ocrx_word' id='word_1_510' title='bbox 3667 3208 3774 3257; x_wconf 78' lang='lat' dir='ltr'><strong>im-</strong></span> 
     </span>
    </p>
   </div>
   <div class='ocr_carea' id='block_1_77' title="bbox 2202 3295 3771 3367">
    <p class='ocr_par' dir='ltr' id='par_1_77' title="bbox 2202 3295 3771 3367">
     <span class='ocr_line' id='line_1_77' title="bbox 2202 3295 3771 3367; baseline 0.003 -21"><span class='ocrx_word' id='word_1_511' title='bbox 2202 3304 2483 3361; x_wconf 84' lang='lat' dir='ltr'><strong>peratores</strong></span> <span class='ocrx_word' id='word_1_512' title='bbox 2543 3303 2596 3349; x_wconf 91' lang='lat' dir='ltr'><strong>et</strong></span> <span class='ocrx_word' id='word_1_513' title='bbox 2641 3295 2916 3350; x_wconf 84' lang='lat' dir='ltr'><strong>antistites</strong></span> <span class='ocrx_word' id='word_1_514' title='bbox 2983 3306 3202 3367; x_wconf 89' lang='lat' dir='ltr'><strong>recepto</strong></span> <span class='ocrx_word' id='word_1_515' title='bbox 3265 3312 3417 3352; x_wconf 84' lang='lat' dir='ltr'><strong>more</strong></span> <span class='ocrx_word' id='word_1_516' title='bbox 3490 3298 3771 3366; x_wconf 83' lang='lat' dir='ltr'><strong>sepeliun-</strong></span> 
     </span>
    </p>
   </div>
   <div class='ocr_carea' id='block_1_78' title="bbox 2206 3397 2375 3439">
    <p class='ocr_par' dir='ltr' id='par_1_78' title="bbox 2206 3397 2375 3439">
     <span class='ocr_line' id='line_1_78' title="bbox 2206 3397 2375 3439; baseline -0.018 -1"><span class='ocrx_word' id='word_1_517' title='bbox 2206 3397 2315 3439; x_wconf 82' lang='lat' dir='ltr'><strong>tur.</strong></span> <span class='ocrx_word' id='word_1_518' title='bbox 2357 3404 2375 3435; x_wconf 71' lang='grc' dir='ltr'><strong>ι</strong></span> 
     </span>
    </p>
   </div>
   <div class='ocr_carea' id='block_1_79' title="bbox 2777 3510 3188 3565">
    <p class='ocr_par' dir='ltr' id='par_1_79' title="bbox 2777 3510 3188 3565">
     <span class='ocr_line' id='line_1_79' title="bbox 2777 3510 3188 3565; baseline 0.012 -5"><span class='ocrx_word' id='word_1_519' title='bbox 2777 3511 3024 3564; x_wconf 76' lang='grc' dir='ltr'><strong>ΚΕΦΑΛ.</strong></span> <span class='ocrx_word' id='word_1_520' title='bbox 3058 3510 3188 3565; x_wconf 80' lang='lat' dir='ltr'><strong>KA&#39;.</strong></span> 
     </span>
    </p>
   </div>
   <div class='ocr_carea' id='block_1_80' title="bbox 2208 3601 3772 3674">
    <p class='ocr_par' dir='ltr' id='par_1_80' title="bbox 2208 3601 3772 3674">
     <span class='ocr_line' id='line_1_80' title="bbox 2208 3601 3772 3674; baseline 0.006 -22"><span class='ocrx_word' id='word_1_521' title='bbox 2208 3601 2340 3667; x_wconf 65' lang='grc' dir='ltr'><strong>Περὶ</strong></span> <span class='ocrx_word' id='word_1_522' title='bbox 2382 3602 2483 3668; x_wconf 78' lang='grc' dir='ltr'><strong>τῆς</strong></span> <span class='ocrx_word' id='word_1_523' title='bbox 2545 3603 2614 3654; x_wconf 71' lang='grc' dir='ltr'><strong>ἐν</strong></span> <span class='ocrx_word' id='word_1_524' title='bbox 2644 3603 2723 3666; x_wconf 79' lang='grc' dir='ltr'>τῷ</span> <span class='ocrx_word' id='word_1_525' title='bbox 2754 3604 2987 3674; x_wconf 54' lang='grc' dir='ltr'><strong>κυανέῳ</strong></span> <span class='ocrx_word' id='word_1_526' title='bbox 3035 3604 3291 3672; x_wconf 79' lang='grc' dir='ltr'><strong>χρώματι</strong></span> <span class='ocrx_word' id='word_1_527' title='bbox 3325 3605 3436 3659; x_wconf 79' lang='grc' dir='ltr'>τοῦ</span> <span class='ocrx_word' id='word_1_528' title='bbox 3463 3607 3772 3674; x_wconf 65' lang='grc' dir='ltr'><strong>,βασιλέως</strong></span> 
     </span>
    </p>
   </div>
   <div class='ocr_carea' id='block_1_81' title="bbox 2581 3672 3386 3744">
    <p class='ocr_par' dir='ltr' id='par_1_81' title="bbox 2581 3672 3386 3744">
     <span class='ocr_line' id='line_1_81' title="bbox 2581 3672 3386 3744; baseline 0.007 -21"><span class='ocrx_word' id='word_1_529' title='bbox 2581 3675 2802 3740; x_wconf 76' lang='grc' dir='ltr'>μανίας</span> <span class='ocrx_word' id='word_1_530' title='bbox 2823 3672 3066 3742; x_wconf 69' lang='grc' dir='ltr'>μᾶλλον</span> <span class='ocrx_word' id='word_1_531' title='bbox 3095 3675 3132 3741; x_wconf 77' lang='grc' dir='ltr'>ἢ</span> <span class='ocrx_word' id='word_1_532' title='bbox 3160 3679 3386 3744; x_wconf 56' lang='grc' dir='ltr'>θαλίας.</span> 
     </span>
    </p>
   </div>
   <div class='ocr_carea' id='block_1_82' title="bbox 2281 3786 3776 3856">
    <p class='ocr_par' dir='ltr' id='par_1_82' title="bbox 2281 3786 3776 3856">
     <span class='ocr_line' id='line_1_82' title="bbox 2281 3786 3776 3856; baseline 0.005 -19"><span class='ocrx_word' id='word_1_533' title='bbox 2281 3786 2435 3838; x_wconf 65' lang='grc' dir='ltr'><strong>Καὶὰ</strong></span> <span class='ocrx_word' id='word_1_534' title='bbox 2479 3787 2579 3855; x_wconf 75' lang='grc' dir='ltr'>μὲν</span> <span class='ocrx_word' id='word_1_535' title='bbox 2612 3788 2676 3856; x_wconf 80' lang='grc' dir='ltr'><strong>δὴ</strong></span> <span class='ocrx_word' id='word_1_536' title='bbox 2708 3789 2799 3840; x_wconf 71' lang='grc' dir='ltr'><strong>καὶ</strong></span> <span class='ocrx_word' id='word_1_537' title='bbox 2831 3789 3012 3842; x_wconf 81' lang='grc' dir='ltr'>καλῶν</span> <span class='ocrx_word' id='word_1_538' title='bbox 3042 3790 3305 3845; x_wconf 73' lang='grc' dir='ltr'>κάλλιστα</span> <span class='ocrx_word' id='word_1_539' title='bbox 3333 3793 3504 3846; x_wconf 81' lang='grc' dir='ltr'>ταῦτα</span> <span class='ocrx_word' id='word_1_540' title='bbox 3549 3795 3776 3847; x_wconf 60' lang='grc' dir='ltr'>Ίουττι-</span> 
     </span>
    </p>
   </div>
   <div class='ocr_carea' id='block_1_83' title="bbox 2208 3879 3772 3956">
    <p class='ocr_par' dir='ltr' id='par_1_83' title="bbox 2208 3879 3772 3956">
     <span class='ocr_line' id='line_1_83' title="bbox 2208 3879 3772 3956; baseline 0.006 -27"><span class='ocrx_word' id='word_1_541' title='bbox 2208 3879 2372 3946; x_wconf 82' lang='grc' dir='ltr'>νιανῴ</span> <span class='ocrx_word' id='word_1_542' title='bbox 2420 3880 2634 3946; x_wconf 70' lang='grc' dir='ltr'>βασιλεῖ</span> <span class='ocrx_word' id='word_1_543' title='bbox 2680 3881 2992 3949; x_wconf 82' lang='grc' dir='ltr'>εἴργασται.</span> <span class='ocrx_word' id='word_1_544' title='bbox 3053 3884 3149 3935; x_wconf 86' lang='grc' dir='ltr'>Ἒν</span> <span class='ocrx_word' id='word_1_545' title='bbox 3193 3884 3330 3937; x_wconf 78' lang='grc' dir='ltr'>δέτι</span> <span class='ocrx_word' id='word_1_546' title='bbox 3388 3887 3595 3956; x_wconf 79' lang='grc' dir='ltr'><strong>προσῆν</strong></span> <span class='ocrx_word' id='word_1_547' title='bbox 3622 3887 3772 3954; x_wconf 79' lang='grc' dir='ltr'><strong>αὑτῷ</strong></span> 
     </span>
    </p>
   </div>
   <div class='ocr_carea' id='block_1_84' title="bbox 2207 3968 3776 4048">
    <p class='ocr_par' dir='ltr' id='par_1_84' title="bbox 2207 3968 3776 4048">
     <span class='ocr_line' id='line_1_84' title="bbox 2207 3968 3776 4048; baseline 0.007 -28"><span class='ocrx_word' id='word_1_548' title='bbox 2207 3970 2388 4021; x_wconf 65' lang='grc' dir='ltr'><strong>Ἰπᾶσαν</strong></span> <span class='ocrx_word' id='word_1_549' title='bbox 2439 3968 2686 4040; x_wconf 80' lang='grc' dir='ltr'><strong>Θηριώδη</strong></span> <span class='ocrx_word' id='word_1_550' title='bbox 2739 3969 2967 4038; x_wconf 81' lang='grc' dir='ltr'>γνώμην</span> <span class='ocrx_word' id='word_1_551' title='bbox 3020 3973 3304 4027; x_wconf 74' lang='grc' dir='ltr'>ἐκϐαῖνονο</span> <span class='ocrx_word' id='word_1_552' title='bbox 3338 3975 3448 4028; x_wconf 80' lang='grc' dir='ltr'>εἴτε</span> <span class='ocrx_word' id='word_1_553' title='bbox 3479 3977 3534 4029; x_wconf 84' lang='grc' dir='ltr'><strong>δὲ</strong></span> <span class='ocrx_word' id='word_1_554' title='bbox 3589 3978 3776 4048; x_wconf 78' lang='grc' dir='ltr'>ἁμαρ-</span> 
     </span>
    </p>
   </div>
   <div class='ocr_carea' id='block_1_85' title="bbox 2209 4059 3774 4138">
    <p class='ocr_par' dir='ltr' id='par_1_85' title="bbox 2209 4059 3774 4138">
     <span class='ocr_line' id='line_1_85' title="bbox 2209 4059 3774 4138; baseline 0.008 -28"><span class='ocrx_word' id='word_1_555' title='bbox 2209 4059 2319 4129; x_wconf 80' lang='grc' dir='ltr'>τίᾳ,</span> <span class='ocrx_word' id='word_1_556' title='bbox 2351 4061 2462 4112; x_wconf 66' lang='lat' dir='ltr'><strong>the</strong></span> <span class='ocrx_word' id='word_1_557' title='bbox 2501 4060 2566 4130; x_wconf 75' lang='grc' dir='ltr'><strong>δὴ</strong></span> <span class='ocrx_word' id='word_1_558' title='bbox 2599 4065 2690 4113; x_wconf 72' lang='grc' dir='ltr'><strong>καὶ</strong></span> <span class='ocrx_word' id='word_1_559' title='bbox 2717 4062 2905 4133; x_wconf 69' lang='grc' dir='ltr'>,δειλίᾳ</span> <span class='ocrx_word' id='word_1_560' title='bbox 2953 4063 3190 4131; x_wconf 72' lang='grc' dir='ltr'><strong>φύσεως,</strong></span> <span class='ocrx_word' id='word_1_561' title='bbox 3245 4065 3426 4132; x_wconf 73' lang='grc' dir='ltr'>λέγειν</span> <span class='ocrx_word' id='word_1_562' title='bbox 3480 4067 3580 4121; x_wconf 69' lang='grc' dir='ltr'><strong>οὐκ</strong></span> <span class='ocrx_word' id='word_1_563' title='bbox 3629 4069 3774 4138; x_wconf 75' lang='grc' dir='ltr'><strong>ἔχω’</strong></span> 
     </span>
    </p>
   </div>
   <div class='ocr_carea' id='block_1_86' title="bbox 2209 4151 3770 4228">
    <p class='ocr_par' dir='ltr' id='par_1_86' title="bbox 2209 4151 3770 4228">
     <span class='ocr_line' id='line_1_86' title="bbox 2209 4151 3770 4228; baseline 0.004 -26"><span class='ocrx_word' id='word_1_564' title='bbox 2209 4152 2276 4202; x_wconf 80' lang='grc' dir='ltr'><strong>ὲκ</strong></span> <span class='ocrx_word' id='word_1_565' title='bbox 2312 4152 2408 4220; x_wconf 79' lang='grc' dir='ltr'>τῆς</span> <span class='ocrx_word' id='word_1_566' title='bbox 2464 4151 2608 4204; x_wconf 79' lang='grc' dir='ltr'>Νίκα</span> <span class='ocrx_word' id='word_1_567' title='bbox 2633 4153 2938 4222; x_wconf 79' lang='grc' dir='ltr'><strong>λεγομένης</strong></span> <span class='ocrx_word' id='word_1_568' title='bbox 2999 4154 3239 4218; x_wconf 79' lang='grc' dir='ltr'>στάσεως</span> <span class='ocrx_word' id='word_1_569' title='bbox 3293 4161 3390 4226; x_wconf 66' lang='grc' dir='ltr'>τὴν</span> <span class='ocrx_word' id='word_1_570' title='bbox 3425 4159 3597 4228; x_wconf 64' lang='grc' dir='ltr'><strong>ἀρχὴν</strong></span> <span class='ocrx_word' id='word_1_571' title='bbox 3622 4163 3770 4228; x_wconf 74' lang='grc' dir='ltr'><strong>εἱλη.</strong></span> 
     </span>
    </p>
   </div>
   <div class='ocr_carea' id='block_1_87' title="bbox 2215 4242 3778 4321">
    <p class='ocr_par' dir='ltr' id='par_1_87' title="bbox 2215 4242 3778 4321">
     <span class='ocr_line' id='line_1_87' title="bbox 2215 4242 3778 4321; baseline -0.001 -18"><span class='ocrx_word' id='word_1_572' title='bbox 2215 4242 2346 4307; x_wconf 67' lang='grc' dir='ltr'><strong>φάς’</strong></span> <span class='ocrx_word' id='word_1_573' title='bbox 2409 4242 2702 4312; x_wconf 76' lang='grc' dir='ltr'>ὑπερφυῶ;</span> <span class='ocrx_word' id='word_1_574' title='bbox 2761 4244 2871 4313; x_wconf 81' lang='grc' dir='ltr'>γὰρ</span> <span class='ocrx_word' id='word_1_575' title='bbox 2925 4245 3106 4299; x_wconf 81' lang='grc' dir='ltr'>ἐδόκει</span> <span class='ocrx_word' id='word_1_576' title='bbox 3147 4247 3356 4319; x_wconf 82' lang='grc' dir='ltr'><strong>θατέρῳ</strong></span> <span class='ocrx_word' id='word_1_577' title='bbox 3401 4251 3512 4301; x_wconf 82' lang='grc' dir='ltr'>τῶν</span> <span class='ocrx_word' id='word_1_578' title='bbox 3557 4251 3648 4303; x_wconf 77' lang='grc' dir='ltr'>τοῦ</span> <span class='ocrx_word' id='word_1_579' title='bbox 3678 4252 3778 4321; x_wconf 62' lang='grc' dir='ltr'><strong>δή-</strong></span> 
     </span>
    </p>
   </div>
   <div class='ocr_carea' id='block_1_88' title="bbox 536 4321 2096 4411">
    <p class='ocr_par' dir='ltr' id='par_1_88' title="bbox 536 4321 2096 4392">
     <span class='ocr_line' id='line_1_88' title="bbox 536 4321 2096 4392; baseline -0.004 -10"><span class='ocrx_word' id='word_1_580' title='bbox 536 4342 689 4382; x_wconf 70' lang='grc' dir='ltr'><strong>συης.</strong></span> <span class='ocrx_word' id='word_1_581' title='bbox 723 4325 948 4379; x_wconf 82' lang='lat' dir='ltr'><strong>Mirifice</strong></span> <span class='ocrx_word' id='word_1_582' title='bbox 982 4338 1216 4392; x_wconf 82' lang='lat' dir='ltr'><strong>namque</strong></span> <span class='ocrx_word' id='word_1_583' title='bbox 1264 4323 1421 4376; x_wconf 87' lang='lat' dir='ltr'><strong>alteri</strong></span> <span class='ocrx_word' id='word_1_584' title='bbox 1467 4321 1654 4390; x_wconf 84' lang='lat' dir='ltr'><strong>p0puli</strong></span> <span class='ocrx_word' id='word_1_585' title='bbox 1691 4321 1936 4384; x_wconf 76' lang='lat' dir='ltr'><strong>factioiii,</strong></span> <span class='ocrx_word' id='word_1_586' title='bbox 1967 4321 2096 4392; x_wconf 78' lang='lat' dir='ltr'><strong>Cya-</strong></span> 
     </span>
    </p>
   </div>
   <div class='ocr_carea' id='block_1_89' title="bbox 2201 4321 3774 4411">
    <p class='ocr_par' dir='ltr' id='par_1_89' title="bbox 2213 4335 3774 4411">
     <span class='ocr_line' id='line_1_89' title="bbox 2213 4335 3774 4411; baseline 0.008 -27"><span class='ocrx_word' id='word_1_587' title='bbox 2213 4350 2316 4402; x_wconf 72' lang='grc' dir='ltr'>μ’.υ</span> <span class='ocrx_word' id='word_1_588' title='bbox 2364 4335 2569 4405; x_wconf 80' lang='grc' dir='ltr'><strong>μερῶν,</strong></span> <span class='ocrx_word' id='word_1_589' title='bbox 2625 4335 2702 4405; x_wconf 79' lang='grc' dir='ltr'>τῷ</span> <span class='ocrx_word' id='word_1_590' title='bbox 2745 4338 2975 4406; x_wconf 69' lang='grc' dir='ltr'>κυανέῳ</span> <span class='ocrx_word' id='word_1_591' title='bbox 3028 4341 3194 4410; x_wconf 69' lang='grc' dir='ltr'>φημὶ,</span> <span class='ocrx_word' id='word_1_592' title='bbox 3232 4342 3628 4411; x_wconf 54' lang='grc' dir='ltr'>προσκῦίσθαι·</span> <span class='ocrx_word' id='word_1_593' title='bbox 3679 4348 3774 4396; x_wconf 67' lang='lat' dir='ltr'><strong>mi</strong></span> 
     </span>
    </p>
   </div>
   <div class='ocr_carea' id='block_1_90' title="bbox 536 4413 2100 4487">
    <p class='ocr_par' dir='ltr' id='par_1_90' title="bbox 536 4413 2100 4487">
     <span class='ocr_line' id='line_1_90' title="bbox 536 4413 2100 4487; baseline -0.003 -14"><span class='ocrx_word' id='word_1_594' title='bbox 536 4434 654 4473; x_wconf 64' lang='lat' dir='ltr'><strong>nea:</strong></span> <span class='ocrx_word' id='word_1_595' title='bbox 681 4418 926 4487; x_wconf 90' lang='lat' dir='ltr'><strong>inquam,</strong></span> <span class='ocrx_word' id='word_1_596' title='bbox 953 4417 1206 4471; x_wconf 87' lang='lat' dir='ltr'><strong>addictus</strong></span> <span class='ocrx_word' id='word_1_597' title='bbox 1237 4416 1404 4468; x_wconf 80' lang='lat' dir='ltr'><strong>fuisse</strong></span> <span class='ocrx_word' id='word_1_598' title='bbox 1425 4413 1578 4468; x_wconf 88' lang='lat' dir='ltr'><strong>visus</strong></span> <span class='ocrx_word' id='word_1_599' title='bbox 1609 4421 1694 4467; x_wconf 82' lang='lat' dir='ltr'><strong>est</strong></span> <span class='ocrx_word' id='word_1_600' title='bbox 1725 4429 1739 4464; x_wconf 88' lang='lat'><strong>:</strong></span> <span class='ocrx_word' id='word_1_601' title='bbox 1773 4413 1912 4469; x_wconf 89' lang='lat' dir='ltr'><strong>adeo</strong></span> <span class='ocrx_word' id='word_1_602' title='bbox 1945 4430 2100 4480; x_wconf 90' lang='lat' dir='ltr'><strong>sane,</strong></span> 
     </span>
    </p>
   </div>
   <div class='ocr_carea' id='block_1_91' title="bbox 539 4504 2106 4563">
    <p class='ocr_par' dir='ltr' id='par_1_91' title="bbox 539 4504 2106 4563">
     <span class='ocr_line' id='line_1_91' title="bbox 539 4504 2106 4563; baseline -0.001 0"><span class='ocrx_word' id='word_1_603' title='bbox 539 4518 599 4563; x_wconf 89' lang='lat' dir='ltr'><strong>ut</strong></span> <span class='ocrx_word' id='word_1_604' title='bbox 625 4524 731 4562; x_wconf 92' lang='lat' dir='ltr'><strong>non</strong></span> <span class='ocrx_word' id='word_1_605' title='bbox 757 4508 935 4562; x_wconf 88' lang='lat' dir='ltr'><strong>solum</strong></span> <span class='ocrx_word' id='word_1_606' title='bbox 963 4522 1060 4560; x_wconf 82' lang='lat' dir='ltr'><strong>eos</strong></span> <span class='ocrx_word' id='word_1_607' title='bbox 1127 4505 1370 4560; x_wconf 90' lang='lat' dir='ltr'><strong>interdiu</strong></span> <span class='ocrx_word' id='word_1_608' title='bbox 1424 4505 1478 4558; x_wconf 90' lang='lat' dir='ltr'><strong>in</strong></span> <span class='ocrx_word' id='word_1_609' title='bbox 1530 4504 1711 4562; x_wconf 76' lang='lat' dir='ltr'><strong>media</strong></span> <span class='ocrx_word' id='word_1_610' title='bbox 1752 4505 1889 4560; x_wconf 91' lang='lat' dir='ltr'><strong>urbe</strong></span> <span class='ocrx_word' id='word_1_611' title='bbox 1927 4507 2106 4562; x_wconf 65' lang='lat' dir='ltr'><strong>caedes</strong></span> 
     </span>
    </p>
   </div>
   <div class='ocr_carea' id='block_1_92' title="bbox 539 4595 2104 4664">
    <p class='ocr_par' dir='ltr' id='par_1_92' title="bbox 539 4595 2104 4664">
     <span class='ocr_line' id='line_1_92' title="bbox 539 4595 2104 4664; baseline -0.001 -12"><span class='ocrx_word' id='word_1_612' title='bbox 539 4598 984 4653; x_wconf 86' lang='lat' dir='ltr'><strong>adversariorum</strong></span> <span class='ocrx_word' id='word_1_613' title='bbox 1017 4596 1301 4660; x_wconf 86' lang='lat' dir='ltr'><strong>facientes,</strong></span> <span class='ocrx_word' id='word_1_614' title='bbox 1319 4595 1482 4664; x_wconf 75' lang='grc'><strong>767</strong></span> <span class='ocrx_word' id='word_1_615' title='bbox 1512 4595 1749 4664; x_wconf 85' lang='lat' dir='ltr'><strong>legitima</strong></span> <span class='ocrx_word' id='word_1_616' title='bbox 1775 4610 1933 4664; x_wconf 63' lang='lat' dir='ltr'><strong>pana</strong></span> <span class='ocrx_word' id='word_1_617' title='bbox 1969 4596 2104 4650; x_wconf 84' lang='lat' dir='ltr'><strong>faci-</strong></span> 
     </span>
    </p>
   </div>
   <div class='ocr_carea' id='block_1_93' title="bbox 540 4687 2103 4758">
    <p class='ocr_par' dir='ltr' id='par_1_93' title="bbox 540 4687 2103 4758">
     <span class='ocr_line' id='line_1_93' title="bbox 540 4687 2103 4758; baseline -0.003 -14"><span class='ocrx_word' id='word_1_618' title='bbox 540 4689 691 4744; x_wconf 84' lang='lat' dir='ltr'><strong>noris</strong></span> <span class='ocrx_word' id='word_1_619' title='bbox 725 4689 990 4758; x_wconf 87' lang='lat' dir='ltr'><strong>exigenda</strong></span> <span class='ocrx_word' id='word_1_620' title='bbox 1032 4704 1140 4741; x_wconf 91' lang='lat' dir='ltr'><strong>non</strong></span> <span class='ocrx_word' id='word_1_621' title='bbox 1176 4688 1509 4749; x_wconf 74' lang='lat' dir='ltr'><strong>cohibuerit,</strong></span> <span class='ocrx_word' id='word_1_622' title='bbox 1537 4688 1630 4742; x_wconf 82' lang='lat' dir='ltr'><strong>sed</strong></span> <span class='ocrx_word' id='word_1_623' title='bbox 1673 4687 1911 4756; x_wconf 60' lang='lat' dir='ltr'><strong>praemiis</strong></span> <span class='ocrx_word' id='word_1_624' title='bbox 1939 4691 2103 4742; x_wconf 85' lang='lat' dir='ltr'><strong>etiam</strong></span> 
     </span>
    </p>
   </div>
   <div class='ocr_carea' id='block_1_94' title="bbox 539 4779 2105 4852">
    <p class='ocr_par' dir='ltr' id='par_1_94' title="bbox 539 4779 2105 4852">
     <span class='ocr_line' id='line_1_94' title="bbox 539 4779 2105 4852; baseline -0.002 -16"><span class='ocrx_word' id='word_1_625' title='bbox 539 4789 868 4852; x_wconf 87' lang='lat' dir='ltr'><strong>prosecutus</strong></span> <span class='ocrx_word' id='word_1_626' title='bbox 908 4781 1001 4835; x_wconf 85' lang='lat' dir='ltr'><strong>sit.</strong></span> <span class='ocrx_word' id='word_1_627' title='bbox 1048 4779 1284 4834; x_wconf 86' lang='lat' dir='ltr'><strong>Proinde</strong></span> <span class='ocrx_word' id='word_1_628' title='bbox 1338 4779 1628 4833; x_wconf 69' lang='lat' dir='ltr'><strong>homicida:</strong></span> <span class='ocrx_word' id='word_1_629' title='bbox 1695 4779 1886 4847; x_wconf 83' lang='lat' dir='ltr'><strong>plures</strong></span> <span class='ocrx_word' id='word_1_630' title='bbox 1951 4784 2105 4846; x_wconf 87' lang='lat' dir='ltr'><strong>tacti,</strong></span> 
     </span>
    </p>
   </div>
   <div class='ocr_carea' id='block_1_95' title="bbox 537 4869 2106 4943">
    <p class='ocr_par' dir='ltr' id='par_1_95' title="bbox 537 4869 2106 4943">
     <span class='ocr_line' id='line_1_95' title="bbox 537 4869 2106 4943; baseline -0.001 -14"><span class='ocrx_word' id='word_1_631' title='bbox 537 4886 595 4929; x_wconf 88' lang='lat' dir='ltr'><strong>et</strong></span> <span class='ocrx_word' id='word_1_632' title='bbox 621 4872 919 4943; x_wconf 90' lang='lat' dir='ltr'><strong>impunitas</strong></span> <span class='ocrx_word' id='word_1_633' title='bbox 958 4871 1188 4924; x_wconf 67' lang='lat' dir='ltr'><strong>medium</strong></span> <span class='ocrx_word' id='word_1_634' title='bbox 1237 4882 1414 4923; x_wconf 82' lang='lat' dir='ltr'><strong>aucta.</strong></span> <span class='ocrx_word' id='word_1_635' title='bbox 1468 4869 1759 4923; x_wconf 72' lang='lat' dir='ltr'><strong>Audebant</strong></span> <span class='ocrx_word' id='word_1_636' title='bbox 1808 4872 1884 4925; x_wconf 89' lang='lat' dir='ltr'><strong>illi</strong></span> <span class='ocrx_word' id='word_1_637' title='bbox 1941 4883 1995 4927; x_wconf 91' lang='lat' dir='ltr'><strong>et</strong></span> <span class='ocrx_word' id='word_1_638' title='bbox 2019 4889 2106 4927; x_wconf 89' lang='lat' dir='ltr'><strong>am</strong></span> 
     </span>
    </p>
   </div>
   <div class='ocr_carea' id='block_1_96' title="bbox 549 4962 2106 5034">
    <p class='ocr_par' dir='ltr' id='par_1_96' title="bbox 549 4962 2106 5034">
     <span class='ocr_line' id='line_1_96' title="bbox 549 4962 2106 5034; baseline 0 -16"><span class='ocrx_word' id='word_1_639' title='bbox 549 4967 743 5020; x_wconf 91' lang='lat' dir='ltr'><strong>domos</strong></span> <span class='ocrx_word' id='word_1_640' title='bbox 768 4963 1014 5019; x_wconf 78' lang='lat' dir='ltr'><strong>adversa:</strong></span> <span class='ocrx_word' id='word_1_641' title='bbox 1069 4963 1243 5032; x_wconf 89' lang='lat' dir='ltr'><strong>partis</strong></span> <span class='ocrx_word' id='word_1_642' title='bbox 1278 4962 1511 5032; x_wconf 83' lang='lat' dir='ltr'><strong>ingredi,</strong></span> <span class='ocrx_word' id='word_1_643' title='bbox 1551 4971 1605 5015; x_wconf 91' lang='lat' dir='ltr'><strong>et</strong></span> <span class='ocrx_word' id='word_1_644' title='bbox 1642 4963 1908 5031; x_wconf 84' lang='lat' dir='ltr'><strong>pretiosas</strong></span> <span class='ocrx_word' id='word_1_645' title='bbox 1944 4980 2106 5034; x_wconf 79' lang='lat' dir='ltr'><strong>sepo-</strong></span> 
     </span>
    </p>
   </div>
   <div class='ocr_carea' id='block_1_97' title="bbox 539 5052 2106 5125">
    <p class='ocr_par' dir='ltr' id='par_1_97' title="bbox 539 5052 2106 5125">
     <span class='ocr_line' id='line_1_97' title="bbox 539 5052 2106 5125; baseline -0.001 -15"><span class='ocrx_word' id='word_1_646' title='bbox 539 5062 787 5125; x_wconf 86' lang='lat' dir='ltr'><strong>sitasque</strong></span> <span class='ocrx_word' id='word_1_647' title='bbox 813 5056 1016 5110; x_wconf 89' lang='lat' dir='ltr'><strong>civium</strong></span> <span class='ocrx_word' id='word_1_648' title='bbox 1061 5070 1150 5108; x_wconf 88' lang='lat' dir='ltr'><strong>res</strong></span> <span class='ocrx_word' id='word_1_649' title='bbox 1205 5053 1470 5122; x_wconf 88' lang='lat' dir='ltr'><strong>diripere,</strong></span> <span class='ocrx_word' id='word_1_650' title='bbox 1528 5052 1600 5105; x_wconf 87' lang='lat' dir='ltr'><strong>ita</strong></span> <span class='ocrx_word' id='word_1_651' title='bbox 1648 5061 1701 5105; x_wconf 91' lang='lat' dir='ltr'><strong>ut</strong></span> <span class='ocrx_word' id='word_1_652' title='bbox 1748 5053 1823 5106; x_wconf 89' lang='lat' dir='ltr'><strong>illi</strong></span> <span class='ocrx_word' id='word_1_653' title='bbox 1877 5056 2106 5110; x_wconf 88' lang='lat' dir='ltr'><strong>salutem</strong></span> 
     </span>
    </p>
   </div>
   <div class='ocr_carea' id='block_1_98' title="bbox 541 5146 2107 5216">
    <p class='ocr_par' dir='ltr' id='par_1_98' title="bbox 541 5146 2107 5216">
     <span class='ocr_line' id='line_1_98' title="bbox 541 5146 2107 5216; baseline 0.001 -15"><span class='ocrx_word' id='word_1_654' title='bbox 541 5166 696 5202; x_wconf 87' lang='lat' dir='ltr'><strong>suam</strong></span> <span class='ocrx_word' id='word_1_655' title='bbox 724 5163 862 5202; x_wconf 89' lang='lat' dir='ltr'><strong>auro</strong></span> <span class='ocrx_word' id='word_1_656' title='bbox 892 5149 1162 5204; x_wconf 87' lang='lat' dir='ltr'><strong>redimere</strong></span> <span class='ocrx_word' id='word_1_657' title='bbox 1195 5155 1544 5216; x_wconf 80' lang='lat' dir='ltr'><strong>cogenentur.</strong></span> <span class='ocrx_word' id='word_1_658' title='bbox 1582 5146 1636 5200; x_wconf 85' lang='lat' dir='ltr'><strong>Si</strong></span> <span class='ocrx_word' id='word_1_659' title='bbox 1672 5146 1795 5216; x_wconf 82' lang='lat' dir='ltr'><strong>quis</strong></span> <span class='ocrx_word' id='word_1_660' title='bbox 1860 5163 1989 5203; x_wconf 86' lang='lat' dir='ltr'><strong>vero</strong></span> <span class='ocrx_word' id='word_1_661' title='bbox 2040 5165 2107 5202; x_wconf 85' lang='lat' dir='ltr'><strong>ex</strong></span> 
     </span>
    </p>
   </div>
   <div class='ocr_carea' id='block_1_99' title="bbox 544 5239 2109 5311">
    <p class='ocr_par' dir='ltr' id='par_1_99' title="bbox 544 5239 2109 5311">
     <span class='ocr_line' id='line_1_99' title="bbox 544 5239 2109 5311; baseline 0 -17"><span class='ocrx_word' id='word_1_662' title='bbox 544 5242 961 5311; x_wconf 80' lang='lat' dir='ltr'><strong>magistratibus</strong></span> <span class='ocrx_word' id='word_1_663' title='bbox 994 5256 1102 5295; x_wconf 89' lang='lat' dir='ltr'><strong>non</strong></span> <span class='ocrx_word' id='word_1_664' title='bbox 1130 5240 1254 5294; x_wconf 86' lang='lat' dir='ltr'><strong>dico</strong></span> <span class='ocrx_word' id='word_1_665' title='bbox 1283 5253 1560 5299; x_wconf 77' lang='lat' dir='ltr'><strong>coercere,</strong></span> <span class='ocrx_word' id='word_1_666' title='bbox 1595 5239 1690 5293; x_wconf 89' lang='lat' dir='ltr'><strong>sed</strong></span> <span class='ocrx_word' id='word_1_667' title='bbox 1713 5239 1965 5294; x_wconf 81' lang='lat' dir='ltr'><strong>inhibere</strong></span> <span class='ocrx_word' id='word_1_668' title='bbox 1989 5251 2109 5294; x_wconf 80' lang='lat' dir='ltr'><strong>tan-</strong></span> 
     </span>
    </p>
   </div>
   <div class='ocr_carea' id='block_1_100' title="bbox 546 5328 2106 5399">
    <p class='ocr_par' dir='ltr' id='par_1_100' title="bbox 546 5328 2106 5399">
     <span class='ocr_line' id='line_1_100' title="bbox 546 5328 2106 5399; baseline 0.002 -18"><span class='ocrx_word' id='word_1_669' title='bbox 546 5339 661 5382; x_wconf 89' lang='lat' dir='ltr'><strong>tum</strong></span> <span class='ocrx_word' id='word_1_670' title='bbox 700 5330 942 5384; x_wconf 90' lang='lat' dir='ltr'><strong>facinora</strong></span> <span class='ocrx_word' id='word_1_671' title='bbox 973 5330 1241 5399; x_wconf 83' lang='lat' dir='ltr'><strong>ejusmodi</strong></span> <span class='ocrx_word' id='word_1_672' title='bbox 1275 5328 1562 5390; x_wconf 78' lang='lat' dir='ltr'><strong>voluisset,</strong></span> <span class='ocrx_word' id='word_1_673' title='bbox 1595 5329 1660 5382; x_wconf 89' lang='lat' dir='ltr'><strong>de</strong></span> <span class='ocrx_word' id='word_1_674' title='bbox 1692 5328 1808 5382; x_wconf 67' lang='lat' dir='ltr'><strong>vita</strong></span> <span class='ocrx_word' id='word_1_675' title='bbox 1855 5329 1902 5384; x_wconf 86' lang='lat' dir='ltr'><strong>is</strong></span> <span class='ocrx_word' id='word_1_676' title='bbox 1958 5332 2106 5398; x_wconf 66' lang='lat' dir='ltr'><strong>perie-</strong></span> 
     </span>
    </p>
   </div>
   <div class='ocr_carea' id='block_1_101' title="bbox 541 5421 2105 5492">
    <p class='ocr_par' dir='ltr' id='par_1_101' title="bbox 541 5421 2105 5492">
     <span class='ocr_line' id='line_1_101' title="bbox 541 5421 2105 5492; baseline 0.001 -16"><span class='ocrx_word' id='word_1_677' title='bbox 541 5422 854 5477; x_wconf 85' lang='lat' dir='ltr'><strong>clitabatur.</strong></span> <span class='ocrx_word' id='word_1_678' title='bbox 883 5421 1228 5491; x_wconf 83' lang='lat' dir='ltr'><strong>Quapropter</strong></span> <span class='ocrx_word' id='word_1_679' title='bbox 1251 5421 1472 5490; x_wconf 88' lang='lat' dir='ltr'><strong>quidam</strong></span> <span class='ocrx_word' id='word_1_680' title='bbox 1499 5421 1744 5476; x_wconf 87' lang='lat' dir='ltr'><strong>Orientis</strong></span> <span class='ocrx_word' id='word_1_681' title='bbox 1789 5422 2105 5492; x_wconf 64' lang='lat' dir='ltr'><strong>praefectus,</strong></span> 
     </span>
    </p>
   </div>
   <div class='ocr_carea' id='block_1_102' title="bbox 540 5515 2104 5583">
    <p class='ocr_par' dir='ltr' id='par_1_102' title="bbox 540 5515 2104 5583">
     <span class='ocr_line' id='line_1_102' title="bbox 540 5515 2104 5583; baseline 0.001 -15"><span class='ocrx_word' id='word_1_682' title='bbox 540 5518 800 5583; x_wconf 82' lang='lat' dir='ltr'><strong>quoniam</strong></span> <span class='ocrx_word' id='word_1_683' title='bbox 842 5515 1139 5571; x_wconf 86' lang='lat' dir='ltr'><strong>nonnullos</strong></span> <span class='ocrx_word' id='word_1_684' title='bbox 1169 5516 1374 5570; x_wconf 85' lang='lat' dir='ltr'><strong>scelere</strong></span> <span class='ocrx_word' id='word_1_685' title='bbox 1415 5515 1501 5569; x_wconf 89' lang='lat' dir='ltr'><strong>tali</strong></span> <span class='ocrx_word' id='word_1_686' title='bbox 1534 5530 1621 5569; x_wconf 91' lang='lat' dir='ltr'><strong>res</strong></span> <span class='ocrx_word' id='word_1_687' title='bbox 1652 5529 1822 5570; x_wconf 88' lang='lat' dir='ltr'><strong>novas</strong></span> <span class='ocrx_word' id='word_1_688' title='bbox 1881 5517 2104 5570; x_wconf 56' lang='lat' dir='ltr'><strong>molien-</strong></span> 
     </span>
    </p>
   </div>
   <div class='ocr_carea' id='block_1_103' title="bbox 2205 4425 3771 4505">
    <p class='ocr_par' dir='ltr' id='par_1_103' title="bbox 2205 4425 3771 4505">
     <span class='ocr_line' id='line_1_103' title="bbox 2205 4425 3771 4505; baseline 0.008 -29"><span class='ocrx_word' id='word_1_689' title='bbox 2205 4425 2300 4476; x_wconf 68' lang='grc' dir='ltr'><strong>ἐπὶ</strong></span> <span class='ocrx_word' id='word_1_690' title='bbox 2322 4426 2498 4492; x_wconf 83' lang='grc' dir='ltr'>τόσον,</span> <span class='ocrx_word' id='word_1_691' title='bbox 2536 4427 2610 4490; x_wconf 80' lang='grc' dir='ltr'><strong>ὡς</strong></span> <span class='ocrx_word' id='word_1_692' title='bbox 2663 4431 2756 4481; x_wconf 76' lang='grc' dir='ltr'><strong>καὶ</strong></span> <span class='ocrx_word' id='word_1_693' title='bbox 2797 4431 2993 4498; x_wconf 75' lang='grc' dir='ltr'>φόνους</span> <span class='ocrx_word' id='word_1_694' title='bbox 3021 4433 3076 4483; x_wconf 77' lang='grc' dir='ltr'><strong>ἐν</strong></span> <span class='ocrx_word' id='word_1_695' title='bbox 3105 4433 3290 4503; x_wconf 68' lang='grc' dir='ltr'>ἡμέρᾳ</span> <span class='ocrx_word' id='word_1_696' title='bbox 3320 4435 3412 4487; x_wconf 69' lang='grc' dir='ltr'><strong>καὶ</strong></span> <span class='ocrx_word' id='word_1_697' title='bbox 3443 4436 3501 4486; x_wconf 79' lang='grc' dir='ltr'><strong>ὲν</strong></span> <span class='ocrx_word' id='word_1_698' title='bbox 3535 4437 3678 4505; x_wconf 68' lang='grc' dir='ltr'><strong>μέδῃ</strong></span> <span class='ocrx_word' id='word_1_699' title='bbox 3705 4440 3771 4504; x_wconf 79' lang='grc' dir='ltr'>τῇ</span> 
     </span>
    </p>
   </div>
   <div class='ocr_carea' id='block_1_104' title="bbox 2207 4518 3774 4597">
    <p class='ocr_par' dir='ltr' id='par_1_104' title="bbox 2207 4518 3774 4597">
     <span class='ocr_line' id='line_1_104' title="bbox 2207 4518 3774 4597; baseline 0.006 -28"><span class='ocrx_word' id='word_1_700' title='bbox 2207 4518 2361 4570; x_wconf 83' lang='grc' dir='ltr'>πόλει</span> <span class='ocrx_word' id='word_1_701' title='bbox 2412 4519 2656 4589; x_wconf 80' lang='grc' dir='ltr'><strong>δρῶντας</strong></span> <span class='ocrx_word' id='word_1_702' title='bbox 2695 4522 2814 4574; x_wconf 69' lang='grc' dir='ltr'>τῶνε</span> <span class='ocrx_word' id='word_1_703' title='bbox 2851 4523 2918 4576; x_wconf 80' lang='grc' dir='ltr'>δι’</span> <span class='ocrx_word' id='word_1_704' title='bbox 2960 4527 3231 4590; x_wconf 71' lang='grc' dir='ltr'>ἐναντίας,</span> <span class='ocrx_word' id='word_1_705' title='bbox 3284 4527 3547 4597; x_wconf 74' lang='grc' dir='ltr'>μὴμόνον</span> <span class='ocrx_word' id='word_1_706' title='bbox 3571 4527 3774 4581; x_wconf 76' lang='grc' dir='ltr'><strong>κωλύε-</strong></span> 
     </span>
    </p>
   </div>
   <div class='ocr_carea' id='block_1_105' title="bbox 2209 4605 3748 4682">
    <p class='ocr_par' dir='ltr' id='par_1_105' title="bbox 2209 4605 3748 4682">
     <span class='ocr_line' id='line_1_105' title="bbox 2209 4605 3748 4682; baseline 0.007 -27"><span class='ocrx_word' id='word_1_707' title='bbox 2209 4605 2330 4657; x_wconf 76' lang='grc' dir='ltr'>σθαι</span> <span class='ocrx_word' id='word_1_708' title='bbox 2370 4608 2465 4659; x_wconf 77' lang='grc' dir='ltr'><strong>καὶ</strong></span> <span class='ocrx_word' id='word_1_709' title='bbox 2485 4608 2674 4678; x_wconf 82' lang='grc' dir='ltr'>ποινὴν</span> <span class='ocrx_word' id='word_1_710' title='bbox 2701 4611 2798 4677; x_wconf 74' lang='grc' dir='ltr'><strong>τῆς</strong></span> <span class='ocrx_word' id='word_1_711' title='bbox 2843 4611 3054 4674; x_wconf 76' lang='grc' dir='ltr'><strong>ἀδικίας</strong></span> <span class='ocrx_word' id='word_1_712' title='bbox 3095 4613 3349 4679; x_wconf 74' lang='grc' dir='ltr'>ἐκτίνειν,</span> <span class='ocrx_word' id='word_1_713' title='bbox 3385 4615 3520 4668; x_wconf 73' lang='grc' dir='ltr'><strong>ἀλλὰ</strong></span> <span class='ocrx_word' id='word_1_714' title='bbox 3557 4619 3646 4668; x_wconf 74' lang='grc' dir='ltr'><strong>καὶ</strong></span> <span class='ocrx_word' id='word_1_715' title='bbox 3687 4632 3748 4682; x_wconf 79' lang='grc' dir='ltr'><strong>γε</strong></span> 
     </span>
    </p>
   </div>
   <div class='ocr_carea' id='block_1_106' title="bbox 2210 4696 3776 4776">
    <p class='ocr_par' dir='ltr' id='par_1_106' title="bbox 2210 4696 3776 4776">
     <span class='ocr_line' id='line_1_106' title="bbox 2210 4696 3776 4776; baseline 0.01 -31"><span class='ocrx_word' id='word_1_716' title='bbox 2210 4696 2319 4764; x_wconf 86' lang='grc' dir='ltr'>ρῶν</span> <span class='ocrx_word' id='word_1_717' title='bbox 2347 4696 2628 4760; x_wconf 73' lang='grc' dir='ltr'><strong>ἀξιοῦσθαι</strong></span> <span class='ocrx_word' id='word_1_718' title='bbox 2651 4715 2665 4728; x_wconf 76' lang='grc'><strong><em>⁸</em></strong></span> <span class='ocrx_word' id='word_1_719' title='bbox 2702 4699 2777 4763; x_wconf 82' lang='grc' dir='ltr'><strong>ὡς</strong></span> <span class='ocrx_word' id='word_1_720' title='bbox 2803 4703 3053 4755; x_wconf 77' lang='grc' dir='ltr'><strong>ἐντεῦθεν</strong></span> <span class='ocrx_word' id='word_1_721' title='bbox 3079 4707 3176 4756; x_wconf 71' lang='grc' dir='ltr'><strong>καὶ</strong></span> <span class='ocrx_word' id='word_1_722' title='bbox 3205 4708 3284 4767; x_wconf 81' lang='grc' dir='ltr'><strong>εἰς</strong></span> <span class='ocrx_word' id='word_1_723' title='bbox 3315 4706 3474 4775; x_wconf 74' lang='grc' dir='ltr'>ἔργον</span> <span class='ocrx_word' id='word_1_724' title='bbox 3505 4708 3776 4776; x_wconf 61' lang='grc' dir='ltr'>προϐῆναι</span> 
     </span>
    </p>
   </div>
   <div class='ocr_carea' id='block_1_107' title="bbox 2210 4785 3774 4861">
    <p class='ocr_par' dir='ltr' id='par_1_107' title="bbox 2210 4785 3774 4861">
     <span class='ocr_line' id='line_1_107' title="bbox 2210 4785 3774 4861; baseline 0.007 -24"><span class='ocrx_word' id='word_1_725' title='bbox 2210 4785 2576 4854; x_wconf 80' lang='grc' dir='ltr'>ἀνδροφονείν,</span> <span class='ocrx_word' id='word_1_726' title='bbox 2623 4789 2922 4861; x_wconf 77' lang='grc' dir='ltr'><strong>Ἐθάρῤουν</strong></span> <span class='ocrx_word' id='word_1_727' title='bbox 2955 4791 3013 4844; x_wconf 65' lang='grc' dir='ltr'><strong>δὲ</strong></span> <span class='ocrx_word' id='word_1_728' title='bbox 3044 4795 3137 4844; x_wconf 73' lang='grc' dir='ltr'><strong>καὶ</strong></span> <span class='ocrx_word' id='word_1_729' title='bbox 3183 4795 3298 4856; x_wconf 79' lang='grc' dir='ltr'>τοῖς</span> <span class='ocrx_word' id='word_1_730' title='bbox 3338 4794 3508 4856; x_wconf 58' lang='grc' dir='ltr'>οἴκου</span> <span class='ocrx_word' id='word_1_731' title='bbox 3539 4796 3728 4848; x_wconf 80' lang='grc' dir='ltr'>ὲπιένα</span> <span class='ocrx_word' id='word_1_732' title='bbox 3758 4833 3774 4855; x_wconf 88' lang='grc'><strong>.</strong></span> 
     </span>
    </p>
   </div>
   <div class='ocr_carea' id='block_1_108' title="bbox 2212 4881 3779 4958">
    <p class='ocr_par' dir='ltr' id='par_1_108' title="bbox 2212 4881 3779 4958">
     <span class='ocr_line' id='line_1_108' title="bbox 2212 4881 3779 4958; baseline 0.006 -26"><span class='ocrx_word' id='word_1_733' title='bbox 2212 4881 2304 4932; x_wconf 73' lang='grc' dir='ltr'>καὶ</span> <span class='ocrx_word' id='word_1_734' title='bbox 2337 4881 2517 4950; x_wconf 75' lang='grc' dir='ltr'>ἠρέμα</span> <span class='ocrx_word' id='word_1_735' title='bbox 2549 4882 2618 4934; x_wconf 71' lang='grc' dir='ltr'><strong>τὰ</strong></span> <span class='ocrx_word' id='word_1_736' title='bbox 2644 4883 2916 4952; x_wconf 74' lang='grc' dir='ltr'><strong>προσόντα</strong></span> <span class='ocrx_word' id='word_1_737' title='bbox 2943 4885 3174 4949; x_wconf 74' lang='grc' dir='ltr'>ἐκείνοις</span> <span class='ocrx_word' id='word_1_738' title='bbox 3208 4889 3314 4939; x_wconf 75' lang='grc' dir='ltr'>τὼν</span> <span class='ocrx_word' id='word_1_739' title='bbox 3334 4889 3638 4957; x_wconf 70' lang='grc' dir='ltr'><strong>κειμηλίων</strong></span> <span class='ocrx_word' id='word_1_740' title='bbox 3664 4891 3779 4958; x_wconf 74' lang='grc' dir='ltr'><strong>ληΐ-</strong></span> 
     </span>
    </p>
   </div>
   <div class='ocr_carea' id='block_1_109' title="bbox 2211 4969 3780 5048">
    <p class='ocr_par' dir='ltr' id='par_1_109' title="bbox 2211 4969 3780 5048">
     <span class='ocr_line' id='line_1_109' title="bbox 2211 4969 3780 5048; baseline 0.007 -27"><span class='ocrx_word' id='word_1_741' title='bbox 2211 4969 2422 5036; x_wconf 62' lang='lat' dir='ltr'><strong>(coeat,</strong></span> <span class='ocrx_word' id='word_1_742' title='bbox 2470 4974 2562 5024; x_wconf 77' lang='grc' dir='ltr'>καὶ</span> <span class='ocrx_word' id='word_1_743' title='bbox 2622 4973 2829 5042; x_wconf 81' lang='grc' dir='ltr'><strong>χρυσίῳ</strong></span> <span class='ocrx_word' id='word_1_744' title='bbox 2877 4971 3032 5038; x_wconf 74' lang='grc' dir='ltr'>αὖθις</span> <span class='ocrx_word' id='word_1_745' title='bbox 3088 4977 3328 5040; x_wconf 65' lang='grc' dir='ltr'>ἐκείνους</span> <span class='ocrx_word' id='word_1_746' title='bbox 3371 4984 3466 5040; x_wconf 69' lang='grc' dir='ltr'><strong>τὰς</strong></span> <span class='ocrx_word' id='word_1_747' title='bbox 3503 4980 3780 5048; x_wconf 77' lang='grc' dir='ltr'>σωτηρίας</span> 
     </span>
    </p>
   </div>
   <div class='ocr_carea' id='block_1_110' title="bbox 2213 5061 3780 5135">
    <p class='ocr_par' dir='ltr' id='par_1_110' title="bbox 2213 5061 3780 5135">
     <span class='ocr_line' id='line_1_110' title="bbox 2213 5061 3780 5135; baseline 0.006 -22"><span class='ocrx_word' id='word_1_748' title='bbox 2213 5061 2489 5116; x_wconf 75' lang='grc' dir='ltr'>ὠνεῖσθαι.</span> <span class='ocrx_word' id='word_1_749' title='bbox 2528 5063 2629 5117; x_wconf 84' lang='lat' dir='ltr'><strong>&quot;llv</strong></span> <span class='ocrx_word' id='word_1_750' title='bbox 2684 5065 2741 5118; x_wconf 73' lang='grc' dir='ltr'><strong>δέ</strong></span> <span class='ocrx_word' id='word_1_751' title='bbox 2795 5083 2903 5118; x_wconf 78' lang='grc' dir='ltr'>που</span> <span class='ocrx_word' id='word_1_752' title='bbox 2936 5067 3028 5119; x_wconf 82' lang='grc' dir='ltr'>καί</span> <span class='ocrx_word' id='word_1_753' title='bbox 3070 5084 3154 5130; x_wconf 77' lang='grc' dir='ltr'>τις</span> <span class='ocrx_word' id='word_1_754' title='bbox 3209 5069 3318 5120; x_wconf 83' lang='grc' dir='ltr'>τῶν</span> <span class='ocrx_word' id='word_1_755' title='bbox 3373 5069 3458 5122; x_wconf 73' lang='grc' dir='ltr'><strong>ἐπ’</strong></span> <span class='ocrx_word' id='word_1_756' title='bbox 3504 5071 3780 5135; x_wconf 68' lang='grc' dir='ltr'>ἐξουσίαις</span> 
     </span>
    </p>
   </div>
   <div class='ocr_carea' id='block_1_111' title="bbox 2215 5152 3780 5229">
    <p class='ocr_par' dir='ltr' id='par_1_111' title="bbox 2215 5152 3780 5229">
     <span class='ocr_line' id='line_1_111' title="bbox 2215 5152 3780 5229; baseline 0.005 -25"><span class='ocrx_word' id='word_1_757' title='bbox 2215 5152 2373 5222; x_wconf 77' lang='grc' dir='ltr'>μήτοι</span> <span class='ocrx_word' id='word_1_758' title='bbox 2405 5170 2467 5220; x_wconf 84' lang='grc' dir='ltr'><strong>γε</strong></span> <span class='ocrx_word' id='word_1_759' title='bbox 2506 5154 2777 5221; x_wconf 68' lang='grc' dir='ltr'><strong>κολάζειν,</strong></span> <span class='ocrx_word' id='word_1_760' title='bbox 2803 5157 3008 5225; x_wconf 80' lang='grc' dir='ltr'>εἵργειν</span> <span class='ocrx_word' id='word_1_761' title='bbox 3031 5157 3090 5208; x_wconf 71' lang='grc' dir='ltr'><strong>δὲ</strong></span> <span class='ocrx_word' id='word_1_762' title='bbox 3131 5160 3291 5226; x_wconf 86' lang='grc' dir='ltr'>μόνον</span> <span class='ocrx_word' id='word_1_763' title='bbox 3315 5161 3627 5228; x_wconf 75' lang='grc' dir='ltr'>ἐδοκίμαζε,</span> <span class='ocrx_word' id='word_1_764' title='bbox 3649 5164 3780 5229; x_wconf 68' lang='grc' dir='ltr'>περὶ</span> 
     </span>
    </p>
   </div>
   <div class='ocr_carea' id='block_1_112' title="bbox 2211 5239 3789 5316">
    <p class='ocr_par' dir='ltr' id='par_1_112' title="bbox 2211 5239 3789 5316">
     <span class='ocr_line' id='line_1_112' title="bbox 2211 5239 3789 5316; baseline 0.006 -22"><span class='ocrx_word' id='word_1_765' title='bbox 2211 5245 2278 5296; x_wconf 84' lang='grc' dir='ltr'>τὰ</span> <span class='ocrx_word' id='word_1_766' title='bbox 2317 5246 2506 5313; x_wconf 86' lang='grc' dir='ltr'>καίρια</span> <span class='ocrx_word' id='word_1_767' title='bbox 2530 5247 2626 5315; x_wconf 81' lang='grc' dir='ltr'><strong>τῆς</strong></span> <span class='ocrx_word' id='word_1_768' title='bbox 2655 5246 2801 5316; x_wconf 76' lang='grc' dir='ltr'>ζωῆς</span> <span class='ocrx_word' id='word_1_769' title='bbox 2833 5239 3179 5300; x_wconf 64' lang='grc' dir='ltr'><strong>ἐκινδύντυέν</strong></span> <span class='ocrx_word' id='word_1_770' title='bbox 3202 5264 3216 5279; x_wconf 86' lang='grc'><strong>·</strong></span> <span class='ocrx_word' id='word_1_771' title='bbox 3268 5250 3389 5301; x_wconf 81' lang='grc' dir='ltr'>δυεν</span> <span class='ocrx_word' id='word_1_772' title='bbox 3416 5249 3509 5302; x_wconf 78' lang='grc' dir='ltr'>καί</span> <span class='ocrx_word' id='word_1_773' title='bbox 3557 5267 3640 5314; x_wconf 86' lang='grc' dir='ltr'>τις</span> <span class='ocrx_word' id='word_1_774' title='bbox 3666 5251 3789 5303; x_wconf 79' lang='grc' dir='ltr'><strong>τῶν</strong></span> 
     </span>
    </p>
   </div>
   <div class='ocr_carea' id='block_1_113' title="bbox 2209 5335 3790 5410">
    <p class='ocr_par' dir='ltr' id='par_1_113' title="bbox 2209 5335 3790 5410">
     <span class='ocr_line' id='line_1_113' title="bbox 2209 5335 3790 5410; baseline 0.004 -23"><span class='ocrx_word' id='word_1_775' title='bbox 2209 5335 2309 5406; x_wconf 80' lang='grc' dir='ltr'>τὴν</span> <span class='ocrx_word' id='word_1_776' title='bbox 2352 5338 2526 5406; x_wconf 72' lang='grc' dir='ltr'>Ἐᾠαν</span> <span class='ocrx_word' id='word_1_777' title='bbox 2561 5340 3050 5408; x_wconf 65' lang='grc' dir='ltr'>δπιτιτραμμένων</span> <span class='ocrx_word' id='word_1_778' title='bbox 3081 5341 3279 5410; x_wconf 78' lang='grc' dir='ltr'><strong>ἀρχὴν,</strong></span> <span class='ocrx_word' id='word_1_779' title='bbox 3313 5343 3433 5394; x_wconf 77' lang='grc' dir='ltr'><strong>ἐπεὶ</strong></span> <span class='ocrx_word' id='word_1_780' title='bbox 3463 5346 3613 5404; x_wconf 69' lang='grc' dir='ltr'>τινὰς</span> <span class='ocrx_word' id='word_1_781' title='bbox 3651 5343 3790 5410; x_wconf 76' lang='grc' dir='ltr'><strong>περὶ</strong></span> 
     </span>
    </p>
   </div>
   <div class='ocr_carea' id='block_1_114' title="bbox 2211 5429 3784 5501">
    <p class='ocr_par' dir='ltr' id='par_1_114' title="bbox 2211 5429 3784 5501">
     <span class='ocr_line' id='line_1_114' title="bbox 2211 5429 3784 5501; baseline 0.003 -22"><span class='ocrx_word' id='word_1_782' title='bbox 2211 5433 2278 5481; x_wconf 68' lang='grc' dir='ltr'>τὰ</span> <span class='ocrx_word' id='word_1_783' title='bbox 2311 5431 2576 5500; x_wconf 79' lang='grc' dir='ltr'><strong>εἰρημένα</strong></span> <span class='ocrx_word' id='word_1_784' title='bbox 2603 5429 3026 5498; x_wconf 75' lang='grc' dir='ltr'>νεωτερίζοντας</span> <span class='ocrx_word' id='word_1_785' title='bbox 3057 5432 3269 5501; x_wconf 85' lang='grc' dir='ltr'>συσχὼν</span> <span class='ocrx_word' id='word_1_786' title='bbox 3289 5432 3506 5501; x_wconf 82' lang='grc' dir='ltr'>νεύροις</span> <span class='ocrx_word' id='word_1_787' title='bbox 3530 5433 3619 5484; x_wconf 84' lang='grc' dir='ltr'>τὸν</span> <span class='ocrx_word' id='word_1_788' title='bbox 3646 5436 3784 5485; x_wconf 65' lang='lat' dir='ltr'><strong>axe-</strong></span> 
     </span>
    </p>
   </div>
   <div class='ocr_carea' id='block_1_115' title="bbox 2211 5519 3781 5593">
    <p class='ocr_par' dir='ltr' id='par_1_115' title="bbox 2211 5519 3781 5593">
     <span class='ocr_line' id='line_1_115' title="bbox 2211 5519 3781 5593; baseline 0.003 -24"><span class='ocrx_word' id='word_1_789' title='bbox 2211 5519 2408 5572; x_wconf 85' lang='grc' dir='ltr'>λαστον</span> <span class='ocrx_word' id='word_1_790' title='bbox 2469 5521 2802 5590; x_wconf 72' lang='grc' dir='ltr'><strong>ἐσωφρόνιζε</strong></span> <span class='ocrx_word' id='word_1_791' title='bbox 2850 5522 3051 5590; x_wconf 77' lang='grc' dir='ltr'>τρόπον</span> <span class='ocrx_word' id='word_1_792' title='bbox 3080 5563 3095 5589; x_wconf 88' lang='lat'><strong>,</strong></span> <span class='ocrx_word' id='word_1_793' title='bbox 3149 5525 3330 5592; x_wconf 79' lang='grc' dir='ltr'>ἀτίμῳ</span> <span class='ocrx_word' id='word_1_794' title='bbox 3372 5526 3566 5593; x_wconf 74' lang='grc' dir='ltr'>πομπῇ</span> <span class='ocrx_word' id='word_1_795' title='bbox 3618 5525 3781 5585; x_wconf 72' lang='grc' dir='ltr'>αὐτὸς</span> 
     </span>
    </p>
   </div>
   <div class='ocr_carea' id='block_1_116' title="bbox 613 5630 3781 5708">
    <p class='ocr_par' dir='ltr' id='par_1_116' title="bbox 613 5630 3781 5708">
     <span class='ocr_line' id='line_1_116' title="bbox 613 5630 3781 5708; baseline 0.002 -24"><span class='ocrx_word' id='word_1_796' title='bbox 613 5633 688 5700; x_wconf 70' lang='grc'><strong>(1)</strong></span> <span class='ocrx_word' id='word_1_797' title='bbox 735 5631 890 5708; x_wconf 85' lang='lat' dir='ltr'><strong>Apud</strong></span> <span class='ocrx_word' id='word_1_798' title='bbox 943 5632 1162 5708; x_wconf 81' lang='lat' dir='ltr'><strong>Suidam</strong></span> <span class='ocrx_word' id='word_1_799' title='bbox 1179 5641 1262 5686; x_wconf 92' lang='lat' dir='ltr'><strong>est</strong></span> <span class='ocrx_word' id='word_1_800' title='bbox 1292 5631 1658 5686; x_wconf 66' lang='lat' dir='ltr'><strong>Iustinianum</strong></span> <span class='ocrx_word' id='word_1_801' title='bbox 1689 5630 2069 5700; x_wconf 87' lang='lat' dir='ltr'><strong>imperatorem</strong></span> <span class='ocrx_word' id='word_1_802' title='bbox 2112 5632 2322 5689; x_wconf 83' lang='lat' dir='ltr'><strong>litteras</strong></span> <span class='ocrx_word' id='word_1_803' title='bbox 2359 5637 2516 5704; x_wconf 88' lang='lat' dir='ltr'><strong>plane</strong></span> <span class='ocrx_word' id='word_1_804' title='bbox 2536 5635 2835 5705; x_wconf 78' lang='lat' dir='ltr'><strong>ignorasse,</strong></span> <span class='ocrx_word' id='word_1_805' title='bbox 2865 5636 3268 5706; x_wconf 66' lang='grc' dir='ltr'><strong>ἀναὶφὶὃητον,</strong></span> <span class='ocrx_word' id='word_1_806' title='bbox 3301 5637 3407 5690; x_wconf 87' lang='lat' dir='ltr'><strong>hoc</strong></span> <span class='ocrx_word' id='word_1_807' title='bbox 3447 5647 3555 5704; x_wconf 87' lang='lat' dir='ltr'><strong>est,</strong></span> <span class='ocrx_word' id='word_1_808' title='bbox 3586 5639 3781 5708; x_wconf 78' lang='lat' dir='ltr'><strong>alpha-</strong></span> 
     </span>
    </p>
   </div>
   <div class='ocr_carea' id='block_1_117' title="bbox 543 5704 1219 5773">
    <p class='ocr_par' dir='ltr' id='par_1_117' title="bbox 543 5704 1219 5773">
     <span class='ocr_line' id='line_1_117' title="bbox 543 5704 1219 5773; baseline -0.007 -14"><span class='ocrx_word' id='word_1_809' title='bbox 543 5704 652 5759; x_wconf 74' lang='lat' dir='ltr'><strong>beu</strong></span> <span class='ocrx_word' id='word_1_810' title='bbox 687 5706 996 5773; x_wconf 85' lang='lat' dir='ltr'><strong>imperitum</strong></span> <span class='ocrx_word' id='word_1_811' title='bbox 1031 5704 1219 5756; x_wconf 79' lang='lat' dir='ltr'><strong>fuisse.</strong></span> 
     </span>
    </p>
   </div>
  </div>
