4094 6202
278 387 390 444 ’273

1173 381 1779 442 ΕΟΕιΕδΙΑΞΤιίῖιΕ
1827 379 2211 439 ἰὶΙδΤΟΒΙᾹΞ
2255 383 2398 443 LIB.
2445 382 2633 443 XVII.

3440 373 3549 434 2'74

280 497 492 551 ἐκεῖνος
530 491 740 561 νεύροις
774 493 976 564 ᾐκίσθη
1004 495 1146 546 κατὰ
1182 494 1354 564 μέσην
1396 496 1494 564 τὴν
1525 494 1680 547 πόλιν
1709 509 1868 559 περι.

1997 508 2055 548 es
2074 492 2612 562 comprehendisset,
2632 500 2686 546 et
2715 489 2900 546 nervis
2925 487 3342 558 protervitatem
3359 500 3554 539 eorum

281 585 550 653 ενεχθείς.
586 584 695 637 Καί
727 601 810 647 τις
842 585 887 638 δ’
914 584 1124 654 ἕτερος,
1171 586 1493 648 Καλλίνικος
1543 585 1737 654 ὄνομα,
1772 583 1870 653 τὴν

278 679 392 729 τῶν
426 677 670 729 Κιλίκων
700 677 1002 744 ἠγεμονίαν
1030 677 1436 744 ἐπιτροπεύων,
1466 677 1561 730 δύο
1589 677 1740 737 τινὰς
1762 675 1872 728 τῶν

277 769 632 837 ἀνδροφόνων
654 768 862 821 τούτων
894 769 1089 838 ὅτιπερ
1122 768 1235 820 ἐκο)
1249 770 1420 822 ἀσατο
1470 766 1872 838 διαχρήσασθαι
1924 836 1930 843 .

279 863 478 912 τοῦτον
526 859 984 931 ἐπιχειροῦντας,
1039 861 1253 922 Παῦλος
1317 861 1376 914 δὲ
1433 861 1529 914 καὶ
1580 861 1872 921 Φαυστῖνος

281 950 432 1019 ﬁam
467 953 698 1017 ἐκείνοις
729 954 784 1006 αί
829 953 1074 1023 κλήσεις,
1136 954 1272 1024 προς
1327 954 1420 1006 τοῦ
1456 953 1721 1024 βασιλέως
1753 953 1877 1004 ἀνευ

283 1044 638 1108 σκολόπιστο,
699 1044 894 1114 ποινὴν
949 1045 1088 1116 ὑπὲρ
1125 1045 1291 1114 ὀρθῆς
1341 1045 1611 1107 συνέσεως
1645 1044 1877 1097 καὶτῶν

281 1135 474 1200 νόμων
512 1137 722 1204 ταύτην
761 1135 1103 1190 καταΰαλὼν.
1169 1136 1334 1190 Ταῦτ’
1384 1137 1494 1208 ἄρα
1543 1138 1592 1189 οἱ
1645 1136 1876 1204 θατέρου

291 1227 500 1294 μέρους
553 1226 622 1277 τὰ
681 1226 863 1278 οἰκεῖα
893 1229 1257 1294 πεφευγότες,
1315 1229 1406 1280 καὶ
1447 1229 1601 1295 παρὰ
1647 1227 1876 1296 μηδενὸς

287 1319 400 1368 τῶν
435 1317 696 1370 ἁπάντων
757 1317 1022 1387 ἀναδοχῆς
1083 1319 1420 1388 ἀξιούμενοι,
1484 1319 1598 1371 ἀλλ’
1632 1317 1707 1381 ὥς
1751 1334 1879 1371 τινα

291 1407 405 1476 ἄγη
431 1424 489 1458 τε
520 1409 613 1459 καὶ
648 1409 939 1477 μιάσματα
982 1409 1084 1478 τῆς
1113 1411 1321 1472 πόλεως
1376 1411 1751 1479 ἐλαυνόμενοι,
1772 1410 1880 1462 λω-

293 1494 658 1556 ποδυτοῦντες
711 1491 890 1566 ἦσαν·
950 1498 1186 1562 καὶτοῖς
1217 1498 1526 1568 ὁδοιπόροις
1579 1497 1880 1567 ἐφήδρευον

296 1586 740 1656 μιαιφονοῦντες,
792 1587 868 1650 ὡς
900 1587 1072 1657 μηδὲν
1116 1589 1334 1641 ἀπεῖναι
1379 1590 1488 1641 τῶν
1521 1589 1710 1641 δεινῶν
1738 1586 1768 1640 ὃ
1806 1588 1882 1659 μὴ

292 1678 627 1749 ἐπράττετο,
675 1677 975 1732 κάντεῦθεν
1014 1679 1282 1742 θανάτους
1330 1680 1423 1732 καὶ
1457 1679 1752 1749 λεηλασίας
1787 1681 1883 1734 καὶ

292 1769 364 1823 τὰ
398 1769 563 1822 λοιπά
597 1768 708 1821 τῶν
758 1771 981 1823 ἀτόπων
1043 1771 1322 1840 ὁσημέραι
1375 1773 1880 1843 παρρησιάζεσθαι.

1977 583 2319 653 castigasset,
2353 582 2754 638 contumeliosa
2783 595 2981 650 pompa
3024 594 3121 648 per
3171 577 3406 631 mediam
3459 593 3558 629 nr-

1979 675 2103 729 bem
2133 684 2362 738 tractus,
2399 675 2588 729 nervis
2623 681 2705 727 est
2743 673 3024 726 concisus.
3061 669 3125 724 Et
3149 670 3318 723 alium
3359 685 3560 737 quem--

1980 767 2103 820 dam
2126 765 2449 822 Callinicum.
2482 766 2737 827 nomine.
2769 763 2975 819 Ciliciae
3024 762 3313 830 pra-sidcm
3347 800 3363 820 ,
3408 759 3555 828 quod

1982 860 2037 914 in
2069 859 2212 913 duos
2242 873 2627 927 percussorum
2657 858 2912 922 istorum,
2947 855 3176 908 Paulum
3235 862 3290 907 et
3336 851 3558 905 Futtsti-

1982 968 2136 1012 num,
2163 952 2255 1019 qui
2291 949 2605 1006 interficere
2632 964 2759 1003 eum
2795 947 2981 1002 conati
3025 947 3261 1007 fuerant,
3309 945 3560 999 animad-

1995 1044 2278 1104 vertisset,
2311 1042 2364 1096 in
2394 1057 2615 1095 crucem
2643 1040 2776 1109 egit,
2816 1054 3005 1109 pmnas
3035 1039 3104 1092 ab
3124 1054 3212 1102 eo,
3241 1047 3389 1091 recte
3432 1053 3563 1105 pru-

1984 1135 2288 1203 denterque
2315 1133 2469 1197 facti,
2501 1141 2556 1187 et
2582 1133 2765 1201 legum
2799 1140 3278 1189 conservatarum,
3309 1142 3560 1181 sumens.

1962 1228 2173 1296 itaque
2201 1228 2293 1295 qui
2333 1225 2565 1280 diversae
2591 1225 2844 1278 factionis
2873 1230 3051 1284 erant,
3076 1219 3222 1290 quod
3252 1219 3558 1285 possessio-

1986 1333 2086 1372 nes
2120 1333 2250 1372 suas
2279 1317 2594 1383 relinquere
2654 1315 2828 1370 coacti
2880 1323 3091 1378 essent,
3156 1323 3211 1365 et
3265 1327 3293 1363 a
3341 1311 3558 1363 nemine

1986 1423 2218 1478 prorsus
2251 1407 2668 1476 reciperentur,
2726 1405 2819 1459 sed
2858 1405 3026 1460 veluti
3079 1402 3328 1472 quaedam
3375 1401 3559 1453 detes-

1988 1498 2151 1552 tanda
2182 1499 2397 1567 piacula
2440 1498 2575 1552 urbe
2648 1497 2864 1566 expulsi
2925 1505 3134 1560 essent,
3194 1492 3564 1564 praedonicam

1987 1590 2313 1646 eXercehant
2349 1599 2443 1644 :et
2475 1589 2773 1643 itineribus
2805 1589 3068 1651 obsessis,
3100 1601 3167 1641 ex
3203 1585 3417 1639 insidiis
3450 1584 3568 1637 via-

1990 1691 2142 1738 tores
2196 1681 2589 1736 adoriebantur
2647 1691 2704 1736 et
2776 1680 3085 1744 caedebant,
3133 1679 3383 1748 nihilque
3427 1680 3567 1730 adeo

1991 1774 2139 1844 quod
2189 1791 2298 1829 non
2321 1777 2735 1827 committerent
2769 1773 3038 1826 malorum
3106 1769 3460 1833 omittebant,
3511 1778 3568 1822 et

292 1861 572 1924 Πολλάκις
600 1861 658 1913 δέ
690 1862 1027 1932 μεταχωρῶν
1059 1864 1155 1916 καί
1194 1865 1330 1933 προς
1373 1863 1600 1934 θάτερα,
1632 1867 1729 1919 καὶ
1777 1867 1880 1918 αὐ-

1992 1867 2239 1936 quotidie
2280 1868 2347 1921 ad
2381 1869 2634 1922 homines
2691 1865 3103 1920 interficiendos
3156 1874 3322 1932 atque
3379 1864 3569 1929 dispo-

291 1953 424 2014 τοὺς
453 1953 672 2021 θανάτῳ
704 1953 906 2021 ὑπῆγε,
943 1957 1056 2017 τοῖς
1089 1955 1276 2024 νόμοις
1309 1957 1507 2022 ἐφιεὶς,
1538 1955 1633 2017 οὒς
1683 1959 1884 2025 πρότε-

290 2063 394 2116 ρον
438 2046 629 2098 ἀνόσια
689 2047 952 2116 πράττειν
1008 2048 1215 2118 ἀνῆκεν
1273 2040 1616 2118 ἁπανταχοῦ,
1669 2051 1764 2102 καὶ
1797 2051 1890 2104 ι’σα

1990 1959 2247 2024 liandos,
2308 1959 2622 2029 ﬂagitiaqne
2676 1959 2782 2011 alia
2848 1956 3177 2028 peragenda,
3243 1953 3568 2007 audaciores

1992 2050 2214 2105 fiebant.
2248 2050 2641 2119 Stepenumero
2669 2061 2852 2103 autem
2877 2047 2946 2102 ad
2971 2047 3266 2101 factionem
3331 2047 3565 2098 alteram

298 2136 601 2207 βαρϐάροις
627 2137 696 2190 τὰ
720 2139 981 2191 πάνδεινα
1027 2140 1276 2209 ἐνεργεῖν
1303 2155 1316 2170 ·
1357 2138 1498 2192 ἀλλὰ
1529 2140 1590 2192 τὸ
1625 2140 1724 2210 μὲν
1761 2141 1886 2210 περὶ

1992 2158 2309 2208 conversus,
2348 2151 2407 2196 et
2467 2145 2520 2194 in
2557 2143 2706 2209 ipsos
2750 2142 2869 2208 lege
2921 2153 3080 2208 agere
3131 2138 3315 2206 jussit,
3363 2135 3571 2204 suppli-

295 2231 506 2281 τούτων
537 2232 593 2291 ἐς
626 2229 825 2282 λεπτὸν
886 2229 1068 2297 λέγειν
1115 2234 1368 2300 κρεῖττον
1405 2229 1562 2301 οἶμαι
1600 2233 1695 2284 ttat
1723 2232 1887 2300 λόγου

299 2321 394 2374 καὶ
427 2322 646 2390 χρόνου.
695 2322 937 2392 Ἀπόχρη
970 2340 1032 2391 γε
1058 2325 1166 2394 μὴν
1194 2324 1291 2376 καὶ
1346 2324 1519 2376 ταῦτα
1568 2325 1889 2393 τεκμηριῶ-

299 2429 392 2466 σαι
427 2421 522 2464 καὶ
552 2416 620 2466 τὰ
654 2415 917 2470 λείποντα
950 2419 1048 2484 τῆς
1083 2417 1279 2486 ἀρχῆς.

1991 2235 2203 2304 ciisque
2246 2249 2342 2290 eos
2369 2235 2661 2295 subdidit,
2695 2248 2836 2301 quos
2888 2244 3050 2284 antea
3083 2229 3288 2298 ubique
3322 2229 3567 2281 facinora

1991 2326 2163 2404 impia
2189 2328 2562 2386 committere.
2589 2335 2644 2378 et
2697 2325 3023 2394 grthssima
3074 2336 3308 2391 quaeque
3363 2319 3564 2388 ﬂagitia

1995 2418 2068 2473 de
2100 2419 2465 2472 barbarorqu
2505 2432 2651 2471 more
2682 2427 2898 2486 patrare
2920 2414 3266 2484 permiserat.
3295 2411 3568 2466 Caeterum

291 2516 493 2560 exacte
560 2507 678 2562 haec
735 2523 1203 2576 commemorare,
1238 2525 1417 2580 neque
1466 2509 1733 2579 temporis
1764 2511 1925 2581 hujus
1964 2521 2070 2576 est,
2102 2527 2227 2580 neqt
2253 2526 2280 2562 e
2321 2510 2588 2564 orationis
2637 2520 2860 2572 nostrae,
2903 2523 3025 2578 qua“:
3076 2505 3293 2574 assequi
3337 2518 3402 2558 ea
3459 2516 3570 2557 non

297 2612 501 2672 potest.
560 2603 625 2658 Et
659 2606 776 2660 haec
836 2607 952 2676 ipsa
976 2609 1111 2663 satis
1165 2593 1286 2663 esse
1320 2616 1551 2678 possunt
1583 2610 1646 2661 ad
1695 2608 1937 2679 reliquas
1977 2610 2193 2680 imperii
2223 2608 2406 2678 hujus,
2440 2624 2562 2676 que
2593 2609 2680 2661 hic
2719 2622 2828 2660 non
2874 2612 3268 2671 recensentur,
3299 2618 3388 2657 res
3433 2615 3572 2656 con-

293 2699 507 2769 jectura
531 2701 900 2771 colligendas.

873 2820 1122 2874 ΚΕΦᾹΛ.
1159 2820 1285 2874 KB’.

873 2822 1030 2872 ΚΕΦ;
1059 2822 1122 2873 Λ.
1159 2822 1285 2874 KB’.
1665 2822 1668 2824 ⁷

300 2913 440 2982 Περί
470 2915 946 2982 Βαρσανουφίου
969 2822 1076 2966 τοδῦ
1107 2914 1405 2978 ἀσκητοῦ,
1437 2915 1533 2968 καὶ
1573 2914 1883 2980 Ἰωάννου,

516 2984 617 3037 καί
654 2984 900 3053 Συμεὼν
921 2985 1029 3037 τοῦ
1066 2984 1163 3036 διὰ
1197 2984 1457 3049 Χριστὸν
1485 2985 1706 3039 Σαλοῦ.

384 3100 510 3153 Ἐπὶ
534 3101 590 3153 δὲ
623 3101 724 3164 τῆς
746 3099 939 3152 τούτου
963 3099 1264 3168 ἡγεμονίας
1286 3099 1380 3151 καὶ
1401 3097 1671 3167 θεοφιλεῖς
1698 3098 1888 3169 ἄνδρες

301 3193 584 3261 ἐφάνησαν
613 3191 878 3262 πολλαχοῦ
907 3192 1001 3261 τῆς
1027 3191 1130 3260 γῆς
1157 3190 1568 3260 διαλάμψαντες
1594 3191 1673 3261 τῷ
1698 3209 1754 3244 τε
1789 3192 1889 3262 βίῳ

300 3286 538 3344 καὶτοῖς
588 3283 720 3352 παρ’
778 3282 959 3336 αὐτῶν
1005 3283 1304 3353 ὑπερφυῶς
1365 3285 1758 3354 εἰργασμένοις
1781 3285 1890 3338 τῶν

298 3375 626 3444 παραδόξων
647 3391 660 3405 ο
685 3367 761 3427 ὧν
782 3367 860 3436 εἷς
895 3370 963 3444 ἦν
993 3376 1089 3428 καὶ
1123 3375 1554 3446 Βαρσανούφιος,
1601 3379 1756 3444 γένος
1796 3375 1889 3429 Δί-

302 3468 574 3534 γύτιτιος⁸
605 3471 662 3520 ἐν
697 3469 860 3538 σαρκὶ
902 3469 960 3520 δέ
1018 3469 1118 3538 τὴν
1144 3470 1392 3539 ἄσαρκόν
1430 3469 1664 3539 μετῆλθε
1719 3471 1890 3539 ζωὴν,

313 3561 448 3628 περὶ
491 3561 584 3612 τὸν
634 3559 796 3628 νομὸν
855 3560 1036 3627 Γάζης
1087 3562 1490 3632 φροντιστηρίῳ
1529 3562 1663 3614 τινί·
1699 3561 1758 3614 ὃν
1799 3561 1892 3614 καὶ

307 3648 480 3701 πολλὰ
508 3647 617 3700 τῶν
645 3649 964 3718 παραδόξων
993 3649 1486 3720 θαυματουργῆσαι
1512 3651 1696 3719 φασιν.
1737 3650 1892 3702 Ἐπι-

309 3741 532 3792 στεύετο
568 3740 647 3804 δὲ,
699 3741 774 3802 ὡς
825 3740 937 3804 ζῶν
971 3741 1201 3810 οἰκίσκῳ
1252 3743 1360 3795 τινὶ
1390 3743 1583 3796 ἐαυτὸν
1611 3741 1890 3810 καθεῖρξε,

307 3835 650 3902 πεντήκοντα
703 3833 760 3884 δὲ
814 3834 910 3886 καὶ
947 3833 1083 3902 πρὸς
1137 3835 1274 3886 ἐτῶν
1312 3835 1728 3903 διεληλυθότων,
1764 3832 1891 3886 οὗτε

305 3927 413 3976 τινὶ
441 3926 696 3995 ὀφθῆναι,
726 3928 864 3995 μήτε
899 3926 1006 3995 μὴν
1033 3927 1141 3978 τῶν
1168 3927 1314 3990 τινὸς
1345 3916 1607 3994 ἐπιγείων
1636 3926 1889 3996 μετειλη-

308 4017 486 4086 φέναι.
520 4011 611 4080 Οἷς
639 4017 703 4087 δὴ
737 4018 828 4069 καὶ
851 4016 1280 4088 θρυλλουμένοις
1331 4018 1541 4086 σφόδρα
1585 4017 1890 4070 διαπιστῶν

308 4107 630 4170 Σαλούστιος
685 4110 714 4161 ό
766 4109 876 4162 τῶν
933 4108 1323 4180 Ἰεροσολύμων
1374 4111 1671 4180 πρόεδρος,·
1697 4108 1890 4171 ἐπειδὴ

303 4199 607 4268 διορύττειν
640 4201 863 4252 ἐκέλευε
893 4200 982 4252 τὸν
1013 4201 1262 4253 οἰκίσκον
1284 4241 1300 4265 ,
1339 4202 1474 4255 ὅπου
1508 4201 1571 4270 δὴ
1607 4200 1890 4253 συνέὄαικσ

301 4293 395 4343 τὸν
424 4293 711 4361 ἄνθρωπον
734 4292 827 4344 τοῦ
859 4291 994 4345 Θεοῦ
1026 4294 1325 4357 κατοικεῖν,
1349 4293 1460 4363 πῦρ
1485 4294 1693 4345 ἐκεῖθεν
1715 4295 1892 4361 ἐκπη-

298 4385 472 4452 δῆσάν
519 4384 720 4448 ποθεν,
765 4383 1106 4454 πιραὸραχὺ
1159 4383 1372 4447 πάντας
1407 4385 1684 4454 ἐπίμπρα,
1723 4386 1770 4435 εἰ
1814 4384 1890 4454 μὴ

2456 2821 2621 2892 768
2660 2819 2884 2876 CAPUT
2942 2818 3113 2874 XX".

1997 2911 2074 2966 De
2094 2912 2462 2981 Barsanuplu'o
2488 2914 2740 2966 monac/:0
2761 2920 2808 2964 et
2825 2911 3065 2965 Joanne:
3088 2911 3212 2964 item
3234 2911 3294 2964 de
3316 2908 3572 2981 Symeone

2416 2998 2632 3053 propter
2684 2983 2952 3037 Christum
2989 2982 3160 3045 fatuo.

2001 3164 2004 3168 I
2069 3099 2186 3156 Sub
2231 3099 2546 3155 Iustiniano
2589 3098 2746 3150 mulli
2798 3097 2852 3150 in
2886 3097 3076 3149 multis
3114 3096 3265 3150 orbis
3323 3094 3571 3164 partibus

1995 3191 2259 3262 religiosi,
2287 3203 2343 3246 et
2374 3192 2483 3244 vita
2524 3201 2578 3245 et
2604 3191 2888 3243 miraculis
2920 3190 2989 3243 ab
3021 3191 3102 3244 eis
3167 3189 3337 3259 gestis
3392 3187 3571 3241 admi-

1994 3284 2153 3338 randi
2181 3284 2281 3337 viri
2303 3284 2564 3346 floruere,
2594 3283 2646 3335 in
2681 3282 2884 3350 quibus
2914 3295 3060 3335 unus
3090 3283 3255 3334 etiam
3294 3281 3571 3334 Barsanu-

1994 3379 2157 3448 phius
2189 3377 2479 3448 Egyptius
2511 3391 2714 3446 genere
2740 3376 2868 3439 fuit,
2904 3376 2998 3445 qui
3065 3376 3118 3429 in
3172 3390 3339 3429 carne
3386 3376 3571 3428 carnis

1993 3484 2272 3544 expertem
2304 3473 2415 3542 egit
2450 3472 2615 3526 vitam
2645 3509 2660 3536 ,
2699 3472 2753 3524 in
2788 3469 3122 3524 monasterio
3153 3469 3391 3538 quodam
3419 3470 3570 3537 quod

1996 3567 2048 3619 in
2082 3567 2410 3635 praefectura
2445 3563 2604 3618 (ἰᾶται
2651 3563 2816 3618 situm
2842 3571 2980 3616 erat.
3014 3562 3112 3616 llic
3149 3577 3272 3615 cum
3321 3561 3570 3630 prodigia

1995 3657 2167 3709 multa
2196 3653 2437 3708 edidisse
2473 3653 2701 3714 dicitur,
2739 3662 2852 3706 tum
2890 3653 2944 3706 in
2992 3651 3269 3718 tuguriolo
3324 3651 3570 3718 St'ipStlltl

1996 3750 2178 3802 vivunt
2234 3747 2544 3808 inclusisse,
2600 3757 2765 3814 atque
2822 3743 2896 3798 ibi
2959 3743 3104 3797 ultra
3172 3743 3571 3811 quinquaginta

1996 3855 2171 3894 annos
2200 3839 2275 3893 ita
2307 3839 2511 3892 vixisse
2573 3838 2846 3903 creditur,
2898 3845 2960 3891 ut
3003 3849 3178 3902 neque
3229 3851 3258 3887 a
3309 3833 3568 3903 quopiam

1994 3935 2167 3994 visus,
2190 3947 2366 4001 neque
2397 3947 2452 3985 re
2476 3932 2730 4000 quapiam
2767 3938 2984 3982 terrena
3006 3944 3134 3982 usus
3167 3932 3260 3982 sit.
3289 3925 3420 3991 Quae
3447 3941 3570 3980 cum

1995 4027 2061 4079 de
2103 4041 2170 4080 eo
2200 4024 2340 4078 fama
2374 4025 2589 4092 vulgata
2625 4033 2834 4088 essent,
2867 4023 3060 4091 eisque
3122 4020 3424 4081 Salustius.
3463 4019 3566 4087 ¹(Ι)

1998 4116 2499 4187 Hierosolymorum
2556 4115 2868 4184 cpiscopus,
2943 4113 3105 4167 fidem
3155 4129 3262 4165 non
3317 4110 3570 4167 haberet.

1996 4219 2280 4278 postquam
2309 4208 2597 4277 perfodere
2633 4207 3049 4272 domunculam,
3096 4205 3190 4258 ubi
3259 4205 3423 4256 homo
3476 4203 3568 4254 Dei

1997 4299 2524 4369 habitabat,jussit,
2581 4300 2722 4368 ignis
2780 4299 3037 4352 alicunde
3103 4305 3331 4350 exortus
3381 4308 3574 4348 omnes

1995 4394 2456 4460 consumpsisset,
2485 4391 2588 4446 nisi
2624 4391 2725 4444 sibi
2761 4390 2883 4459 fuga
2930 4375 3365 4444 consuluissent.
3420 4385 3575 4438 Alius

294 4476 534 4546 δρασμῷ
561 4477 659 4547 τὴν
701 4476 981 4546 σωτηρίαν
1024 4475 1540 4546 ἐπραγματεύοντο.
1589 4475 1698 4528 Καί
1737 4493 1818 4536 τις
1849 4474 1886 4527 δ’

1997 4483 2222 4552 quidem
2284 4484 2370 4537 vir
2411 4483 2714 4551 Symeones
2774 4481 3015 4545 nomine,
3074 4479 3218 4548 apud
3291 4479 3572 4540 Emesam,

299 4570 492 4638 ⁶ιέτερος
528 4569 666 4637 ἀνὴρ
723 4568 1024 4637 Συμεὼνης
1079 4567 1276 4637 ὄνομα,
1311 4568 1454 4621 κατὰ
1483 4567 1581 4636 τὴν
1615 4567 1884 4634 Ἕμεσαν,

300 4663 469 4730 ξένην
494 4661 617 4713 τινὰ
648 4661 743 4712 καὶ
774 4659 950 4730 ἀληθῆ
992 4659 1272 4712 πολιτείαν
1298 4658 1488 4730 μετῄει
1514 4673 1528 4688 ο
1560 4660 1756 4728 μεστὸς
1779 4661 1888 4729 γὰρ

300 4753 378 4805 ὣν
418 4753 610 4822 σοφίας
664 4756 846 4822 πάσης
901 4753 998 4806 καὶ
1050 4754 1296 4822 χάριτος,
1331 4754 1658 4824 παράφορον
1697 4754 1887 4807 ἑαυτὸν

304 4847 512 4899 ἐποίειο
543 4848 644 4915 τὴν
682 4847 843 4916 κενὴν
874 4846 1051 4912 δόξαν,
1081 4845 1156 4907 ὡς
1190 4844 1408 4909 ἀδοξίαν
1446 4848 1566 4907 ταῖς
1605 4845 1886 4913 ἀληθείαις

302 4938 498 5001 οὖσαν,
539 4939 973 5007 ἀποδυσάμενος.
998 4938 1169 4998 Οὗτος
1194 4937 1375 4990 τοίνυν
1393 4939 1420 4989 ὁ
1445 4937 1590 5000 ὅσιος
1623 4937 1687 4989 τὰ
1719 4936 1888 4989 πολλὰ

315 5032 440 5084 καθ’
472 5032 662 5084 ἐαυτὸν
695 5030 1048 5101 διαιτώμενος
1096 5025 1185 5100 ἦν,
1234 5028 1512 5082 λανθάνων
1568 5029 1887 5080 παντάπασι

307 5127 402 5179 καὶ
442 5127 516 5196 μή
553 5142 664 5178 τινι
695 5125 874 5187 διδοὺς
907 5123 1146 5193 πάροδον
1177 5121 1497 5188 διαγνῶναι,
1531 5121 1659 5172 πότε
1709 5119 1741 5190 ἢ
1775 5119 1889 5181 πῶς

317 5221 378 5271 τὸ
405 5217 547 5271 θεῖον
587 5219 901 5271 ἰλάσκεταιο
939 5218 972 5286 ἦ
1014 5217 1144 5270 πότε
1173 5217 1268 5269 καὶ
1299 5214 1410 5266 τίσι
1442 5213 1633 5274 σιτίοις
1665 5215 1888 5281 πρόσει·

316 5327 402 5363 σιν
429 5309 463 5379 ἦ
481 5309 781 5379 ἀπέχεται.
809 5291 1073 5371 Πολλάκις
1093 5309 1149 5361 δὲ
1170 5305 1461 5374 ἀγοράζων
1491 5306 1593 5357 ἀνὰ
1626 5304 1723 5366 τὰς
1749 5304 1888 5357 πλα-

305 5405 481 5466 τείας,
547 5403 918 5471 ὲκτετράφθαι
976 5401 1071 5454 τοῦ
1127 5399 1528 5469 καθεστηκότος
1583 5397 1766 5467 ἐῴκει,
1797 5399 1891 5449 καὶ

315 5497 488 5565 μηδὲν
520 5512 573 5548 τι
604 5495 939 5556 συνεστῶτος
975 5493 1066 5548 νοῦ
1100 5493 1268 5563 ἔχειν,
1308 5493 1341 5562 ἢ
1377 5508 1428 5544 τι
1479 5490 1752 5559 φρενῆρες
1796 5488 1890 5542 καὶ

308 5589 563 5659 ἀγχινοίᾳ
587 5587 892 5655 προσῆκον.
951 5585 1290 5654 Καπηλείοις
1316 5583 1360 5636 δ’
1392 5582 1645 5643 ἀτάκτως
1672 5582 1891 5649 ἐπιπηε-

308 5680 339 5733 δ
359 5683 441 5743 Iw,
463 5679 574 5731 τῶν
610 5679 1051 5749 παρευρημένων
1101 5676 1291 5728 σιτίων
1320 5676 1633 5745 ἐνεφορεῖτο
1661 5674 1749 5726 ὅτε
1774 5689 1891 5725 πει-

384 5801 462 5872 U)
508 5797 709 5867 EVagr.
745 5797 908 5853 habet
944 5796 1287 5852 Eustathius.

1997 4591 2192 4628 novam
2249 4575 2542 4644 quamdam
2596 4583 2655 4627 et
2694 4573 2968 4626 insolitam
3028 4573 3198 4625 vitam
3262 4571 3392 4640 egit.
3437 4569 3571 4622 Cum

1996 4667 2144 4720 enim
2170 4675 2227 4720 et
2258 4666 2527 4734 sapientia
2557 4667 2706 4719 onmi
2731 4675 2784 4719 et
2813 4665 2983 4732 gratia
3013 4664 3208 4733 plenus
3257 4671 3425 4723 esset.
3481 4661 3577 4714 deo

1997 4767 2240 4811 mentem
2269 4772 2326 4811 se
2357 4772 2476 4810 esse
2507 4757 2868 4820 assimulavit,
2897 4764 2954 4809 et
2982 4769 3176 4808 vanam
3224 4753 3454 4822 glutiam
3478 4791 3491 4807 .
3516 4761 3575 4803 ut

1998 4867 2120 4920 qua:
2151 4867 2343 4904 revera
2373 4849 2673 4919 ignominia
2707 4851 2800 4912 sit,
2847 4847 3060 4918 reiecit.
3113 4847 3348 4902 Sanctus
3407 4845 3574 4914 igitur

1999 4942 2083 4994 vir
2115 4943 2216 4997 iste
2241 4942 2333 4995 diu
2365 4941 2646 4995 solitarius
2676 4942 2830 5003 vixit,
2862 4941 3039 4992 latens
3074 4951 3344 5006 prorsus:
3393 4950 3571 5002 neque

1999 5033 2263 5103 cuipiam,
2299 5042 2356 5085 ut
2403 5040 2784 5102 cognosceret,
2844 5028 3091 5097 quando,
3143 5035 3238 5080 aut
3301 5027 3574 5094 quomodo

2001 5140 2189 5194 preces
2220 5125 2284 5178 ad
2323 5125 2496 5178 Deum
2561 5123 2836 5187 funderet,
2891 5130 2986 5175 aut
3033 5134 3142 5189 quo
3200 5127 3470 5185 tempore,
3517 5123 3572 5166 ct

2001 5218 2208 5286 quibus
2271 5218 2408 5271 cibis
2454 5219 2536 5271 vel
2576 5225 2826 5270 uteretur
2855 5214 2940 5267 Vt‘l
2989 5211 3312 5274 abstineret,
3364 5207 3570 5260 aditum

1999 5309 2065 5362 ad
2104 5325 2162 5362 se
2199 5309 2543 5378 permittens.
2585 5309 2829 5377 Persarpc
2865 5321 2997 5360 vero
3046 5305 3211 5357 etiam
3269 5301 3323 5354 in
3372 5297 3570 5368 plateis

2001 5417 2262 5467 versans,
2297 5411 2476 5455 mente
2536 5400 2831 5465 excidisse,
2860 5413 3041 5469 neque
3080 5395 3380 5466 quidquam
3443 5405 3574 5443 cun-

1999 5497 2244 5549 sistentis
2283 5495 2546 5564 pectoris,
2583 5493 2844 5558 solertiae,
2895 5504 2950 5546 ct
3005 5487 3321 5560 sagacitatis
3367 5482 3570 5536 habere

2001 5588 2149 5641 visus
2177 5597 2281 5642 est.
2303 5585 2612 5656 Aliquando
2648 5584 3008 5654 incomposite
3050 5585 3100 5636 in
3130 5592 3406 5647 cauponas
3436 5573 3570 5626 iusi-

2001 5679 2161 5742 licns,
2188 5678 2327 5734 cibis
2363 5695 2420 5734 se
2443 5693 2583 5748 quos
2613 5676 2913 5747 reperisset
2948 5673 3236 5729 famelicus
3287 5666 3568 5738 implebat.
