4094 6202
356 365 466 432 επ

1251 357 1860 420 ECCLESIAS‘TIC.E
1905 355 2288 416 HISTORIJE
2330 357 2472 418 ΜΒ.
2511 357 2698 415 XVI-l.

3519 348 3623 410 273

363 478 502 530 Nam
535 474 1138 544 illteipsaiterraemotu
1199 470 1408 540 impetu
1445 483 1661 523 summo
1726 468 2014 536 ingruente
2055 479 2404 526 corruerunt.
2459 469 2841 524 concussionis
2899 467 3022 535 ejus
3079 483 3226 538 opus
3298 466 3626 537 primarium

365 569 431 624 [an
454 579 541 622 lae.
580 568 747 622 Multa
780 577 1043 636 praeterea
1066 565 1134 619 ab
1162 579 1228 620 eo
1277 561 1541 618 memoria
1561 560 1727 631 digna
1784 571 1914 614 sunt
1951 572 2127 630 gesta,
2153 577 2271 629 que
2299 562 2505 630 scripto
2536 563 2642 616 alio
2669 561 2796 616 alibi
2822 577 2942 616 sum
2978 571 3331 630 prosecutus.

932 702 1190 758 ΚΕΦᾹΛ.
1254 699 1384 757 Kl".

437 808 581 877 Περὶ
618 807 791 874 Θωμᾶ
816 809 913 888 καὶ
943 807 1147 940 obtegi
1164 807 1271 859 τὸν
1304 807 1531 874 ἐξηχον
1564 806 1878 877 μετιόντος

1148 893 1240 930 ον.

1148 893 1240 930 ον.

455 991 582 1044 Ἀνὰ
617 991 671 1042 δὲ
705 990 802 1056 τὴν
852 988 1058 1056 Κοίλην
1108 989 1309 1055 Συρίαν
1357 988 1450 1042 καί
1487 1005 1572 1052 τις
1617 989 1804 1061 ἕτερος
1858 988 1949 1042 τὸν

373 1085 489 1136 ἶσον
517 1083 632 1153 βίον
656 1081 954 1134 δεαθλεύων
994 1081 1282 1150 ἐτύγχανε,
1307 1081 1510 1149 Θωμᾶς
1541 1081 1709 1148 ὄνομα
1731 1097 1745 1111 ·
1773 1081 1825 1142 ὃς
1861 1081 1952 1132 ἐπὶ

369 1179 473 1242 τῆς
511 1176 787 1244 Ἀντιόχου
841 1174 1158 1248 γενόμενος,
1207 1175 1305 1243 τὴν
1351 1174 1566 1242 ἐτήσιον
1615 1171 1821 1244 τροφὴν
1859 1190 1948 1225 κο-

374 1268 694 1337 μιούμενος,
721 1267 822 1333 τῆς
848 1266 971 1319 κατ’
999 1265 1160 1318 αὑτὸν
1189 1266 1360 1333 μονῆς
1401 1265 1488 1335 (ὲκ
1516 1265 1624 1334 γὰρ
1649 1264 1750 1332 τῆς
1773 1267 1952 1317 ἐκεῖσε

370 1359 673 1428 ἐκκλησίας
721 1358 1002 1425 ἐτέτακτο)
1039 1357 1146 1426 ﬂia.
1203 1356 1405 1416 Τοῦτον
1459 1357 1640 1409 τοίνυν
1685 1356 1954 1409 ’Λναστάο

374 1467 493 1512 σιος
537 1451 566 1502 ὁ
595 1450 664 1501 τὰ
712 1449 813 1518 τῆς
845 1448 1142 1518 ἐκκλησίας
1198 1447 1520 1516 οἰκονομῶν,
1575 1447 1696 1499 ἐπεὶ
1744 1447 1956 1516 συχνῶς

370 1541 628 1612 ἠνώχλει,
679 1542 820 1594 κατὰ
853 1541 1058 1610 κόρρης
1091 1539 1249 1592 ἔπαιε
1295 1542 1360 1610 τῇ
1398 1541 1560 1609 χειρί.
1601 1541 1686 1591 Ἐν
1715 1539 1870 1609 δεινῷ
1900 1541 1956 1593 δὲ

373 1634 725 1701 ποιουμένων
746 1631 853 1682 τῶν
882 1633 1020 1700 ἀμφ’
1047 1631 1231 1694 αὐτὸν,
1264 1626 1440 1695 εἶπεν,
1473 1629 1595 1682 οὔτε
1627 1629 1830 1698 Θωμᾶν
1853 1630 1950 1683 τοῦ

371 1724 566 1776 λοιποῦ
591 1723 650 1776 τὸ
680 1724 780 1792 τῆς
817 1722 1114 1791 ἐκκλησίας
1147 1721 1435 1792 λήψεσθαι,
1479 1720 1604 1774 οὔτε
1643 1721 1835 1775 δώσειν
1863 1721 1954 1774 τὸν

389 1813 749 1866 Ἀναστάσιον
777 1830 790 1844 ’
828 1813 1049 1882 ἐπιτελῆ
1089 1813 1146 1866 δὲ
1196 1815 1290 1866 καὶ
1323 1813 1490 1882 ἄμφω
1527 1812 1783 1880 γενέσθαι
1817 1813 1958 1865 κατὰ

374 1905 476 1974 τὴν
504 1907 838 1976 πρόρρησιν.
875 1905 936 1958 ⁸0
973 1905 1071 1974 μὲν
1118 1905 1226 1973 γὰρ
1255 1905 1610 1967 Ἀναστάσιος
1642 1907 1707 1974 τῇ
1765 1905 1956 1974 ἐφεξῆς

375 1997 566 2067 ἡμέρᾳ
613 1997 704 2048 τὸν
751 1995 866 2064 βίον
916 1996 1313 2065 κατέστρεψεν.
1350 1997 1550 2066 Θωμᾶς
1599 1995 1644 2047 δ’
1695 1997 1961 2066 ὑποστρέ-

377 2104 521 2154 φων,
573 2088 670 2138 καὶ
702 2088 839 2156 πρὸς
887 2087 987 2157 τὴν
1021 2087 1242 2156 Δάφνην
1285 2088 1600 2154 γενόμενος,
1636 2088 1693 2139 ὲν
1738 2088 1815 2156 τῷ
1849 2087 1955 2140 τῶν

379 2175 685 2230 νοσούντων
714 2176 1069 2245 καταγωγίῳ,
1110 2179 1245 2244 πρὸς
1272 2176 1372 2245 τὴν
1397 2177 1608 2244 ἀμείνω
1640 2175 1795 2244 λῆξιν
1821 2176 1956 2245 ὲχώ·

380 2284 488 2336 ρει.
533 2267 644 2319 Καὶ
674 2268 766 2317 τὶν
790 2267 1001 2318 ἐκείνου
1031 2267 1224 2336 νεκρὸν
1253 2268 1302 2319 oi
1335 2268 1510 2319 ἐκεῖσε
1556 2267 1618 2334 δὴ
1645 2269 1721 2338 τῷ
1755 2249 1959 2336 ἐπηλύέ

377 2359 486 2410 δων
519 2356 862 2425 πολυανδρίῳ
891 2356 1178 2409 κατέθεντο
1205 2375 1217 2390 ο
1253 2355 1372 2410 εἶτα
1407 2358 1503 2409 καὶ
1552 2358 1711 2411 ἄλλον
1743 2362 1835 2411 καὶ
1860 2356 1958 2412 αὖ·

379 2448 466 2510 05,;
516 2448 705 2516 ἓτερον
753 2447 840 2498 ἐπ’
870 2447 1088 2517 ἐκείνῳ.
1133 2449 1288 2502 Ἐπεὶ
1337 2447 1394 2499 δὲ
1445 2448 1579 2501 ε)εοῦ
1616 2450 1709 2500 τὸν
1756 2451 1957 2502 Μῖκεῖον

377 2539 655 2608 τιμῶντος
687 2539 998 2609 θεράποντα
1043 2539 1280 2609 ὕπερθεν
1309 2541 1335 2592 ὁ
1370 2531 1582 2592 ἐκείνου
1615 2541 1808 2608 ν;κρ>ις
1843 2542 1957 2607 ὲγί-

379 2645 526 2690 νετο,
571 2630 679 2680 τῶν
716 2629 1109 2698 ἐπιτιθεμένων
1153 2627 1243 2680 τοῦ
1287 2629 1541 2698 σώματος
1577 2629 1698 2698 θείᾳ
1731 2631 1834 2680 τινὶ
1865 2629 1958 2680 δυ-

383 2721 610 2790 ναστείᾳ
641 2721 1102 2789 ἁποκρουομένων
1133 2719 1204 2782 ὡς
1237 2721 1594 2792 πορρωτέρω,
1619 2723 1666 2773 οἱ
1690 2721 1750 2772 τὸ
1776 2720 1958 2790 θαῦμα

384 2814 718 2876 κατιδόντες,
755 2811 1164 2892 Ἰείφραιμίιμτῷ
1204 2812 1489 2880 ὲπισκόπῳ
1520 2813 1857 2882 ἀνήγγελλον
1901 2813 1960 2866 τὸ

385 2905 789 2976 πραττόμενον.
842 2906 900 2958 Ὀ
945 2906 1001 2957 δὲ
1048 2905 1297 2973 διαγνοὺς
1346 2907 1482 2976 ὅπερ
1523 2908 1613 2958 καὶ
1644 2905 1840 2975 ἀληθὲς
1871 2901 1959 2974 ἦν,

383 2997 660 3068 δημοτελῆ
715 2999 810 3050 καὶ
841 2997 1122 3066 ἀγέρωχον
1173 2997 1418 3065 κηρύξας
1454 2997 1703 3068 πομπὴν,
1749 2997 1840 3049 τὸν
1875 3014 1962 3049 νε-

384 3091 521 3158 κρῦν
557 3091 659 3142 ἀνὰ
699 3093 798 3158 τὴν
838 3089 1117 3158 Ἀντιόχου
1154 3088 1468 3156 περιφανῶς
1518 3089 1820 3158 διεκόμιζε,
1868 3088 1961 3140 καὶ

385 3184 447 3234 ὲν
477 3181 556 3251 τῷ
593 3181 942 3250 κοιμητηρέῳ
989 3181 1115 3250 δόξῃ
1153 3180 1323 3249 πολλῇ
1363 3179 1682 3232 κατετίθετο
1707 3197 1718 3209 ·
1754 3180 1962 3232 ἀπελά-

387 3290 490 3339 σας
519 3275 619 3336 κα).
661 3273 760 3342 τὴν
791 3271 1218 3340 έπιδημήσασαν
1250 3271 1555 3340 τηνικαῦτα
1603 3271 1843 3340 λοιμώδη
1877 3273 1962 3324 νό-

1969 706 2016 762 Α

2599 701 2822 756 CAPUT
2866 701 3059 755 XXIII.

2055 802 2130 855 De
2153 803 2373 865 Thema.
2401 808 2503 875 qui.
2523 816 2570 859 et
2598 807 2706 870 ipse
2733 808 2897 859 vitam
2926 809 3141 859 incitant
3181 815 3331 860 extra
3356 807 3626 860 hominum

2470 877 2749 944 strepitum
2781 887 2853 929 est
2890 877 3213 945 complexus.

2123 989 2181 1042 lu
2236 989 2533 1060 leesyria
2565 990 2713 1044 alius
2743 989 2987 1058 quidam,
3041 989 3129 1042 eui
3171 990 3396 1044 Thomas
3428 1006 3628 1046 nomen

2055 1081 2179 1142 fuit,
2232 1079 2285 1133 in
2329 1081 2522 1134 eodem
2563 1081 2690 1135 vitae
2720 1097 2919 1150 genere
2949 1082 3270 1139 derertarit.
3302 1084 3406 1149 Qui
3438 1086 3630 1136 Aulio-

2055 1170 2234 1224 chiam
2275 1172 2463 1225 venire
2494 1171 2692 1225 solitus
2745 1172 2917 1239 (illius
2952 1171 3099 1225 enim
3151 1174 3400 1226 ecclesia:
3440 1190 3632 1228 cense-

2056 1262 2244 1331 batur)
2291 1263 2490 1316 animis
2536 1263 2812 1316 alimentis
2861 1263 3126 1330 receptis,
3181 1263 3246 1316 in,
3288 1265 3632 1318 mansionem

2056 1368 2210 1407 suam
2243 1352 2377 1407 ibat.
2411 1354 2566 1409 Hunc
2593 1355 2920 1408 Anastasius
2955 1356 3202 1409 ecclesia:
3233 1356 3353 1424 ejus
3385 1357 3634 1410 minister

2055 1452 2112 1499 et
2143 1460 2488 1512 mconomus,
2519 1445 2668 1515 quod
2702 1447 3020 1514 frequenter
3057 1447 3331 1502 molestus.
3367 1448 3416 1500 ei
3463 1457 3631 1509 esset,

2057 1555 2222 1593 manu
2258 1539 2313 1592 in
2350 1540 2490 1594 facie
2516 1539 2848 1593 verberavit.
2890 1539 3018 1592 Eam
3061 1555 3173 1592 rem
3225 1556 3349 1594 cum
3405 1540 3480 1593 illi
3538 1541 3634 1609 qui

2059 1643 2182 1682 cum
2219 1643 2284 1682 eo
2323 1636 2504 1688 erant,
2540 1643 2685 1698 aegre
2713 1628 2920 1682 ferrent
2951 1645 2966 1682 :
3004 1628 3116 1696 ipse
3151 1645 3330 1697 neque
3368 1631 3630 1683 Thomam

2059 1719 2198 1774 dixit
2255 1720 2322 1774 de
2374 1729 2572 1774 caetero
2621 1720 2926 1790 quidquam
2974 1721 3042 1776 ab
3095 1722 3327 1776 ecclesia
3375 1733 3636 1792 acceptu-

2061 1828 2208 1877 rum,
2248 1827 2428 1881 neque
2458 1813 2811 1866 Anastasium
2849 1812 3104 1866 daturum
3144 1830 3286 1867 esse.
3321 1815 3386 1868 Et
3421 1826 3636 1867 utrum-

2061 1919 2169 1973 que
2214 1905 2369 1974 juxta
2422 1903 2837 1972 praedictionem
2886 1920 3002 1958 eam
3048 1906 3265 1959 accidit.
3316 1908 3643 1961 Anastasius

2063 1996 2333 2064 siquidem
2385 1995 2653 2064 postridie
2695 1997 2816 2063 ejus
2856 1996 2964 2049 dici
3015 1995 3128 2048 vita
3161 1995 3458 2051 defunctus
3508 2008 3634 2052 est:

2063 2095 2118 2141 et
2152 2086 2393 2139 Thomas
2422 2087 2488 2138 ad
2514 2086 2792 2155 tugurium
2823 2102 2980 2141 suum
3017 2098 3315 2160 revertens,
3342 2096 3647 2156 postquam.

2065 2177 2119 2230 in
2157 2177 2412 2245 Daphnes
2443 2174 2824 2230 suburbanum
2857 2179 3036 2232 vicum
3068 2179 3340 2245 pervenit,
3388 2180 3439 2231 in
3465 2194 3640 2247 :egro-

2066 2277 2247 2320 torum
2306 2267 2590 2320 hominum
2638 2268 2963 2332 diversorio,
3020 2269 3084 2322 ad
3142 2270 3425 2324 meliorem
3488 2269 3638 2323 illam

2064 2358 2231 2410 vitam
2272 2358 2543 2427 migravit.
2578 2358 2827 2413 Cadaver
2864 2359 3013 2414 illius
3053 2360 3172 2428 ejus
3226 2360 3329 2413 loci
3365 2361 3557 2413 incola)
3583 2361 3638 2414 in

2066 2451 2348 2504 communi
2407 2449 2745 2504 advenarum
2809 2443 3171 2505 nio'numento
3231 2463 3636 2518 reposuerunt,

2067 2539 2177 2592 alio
2212 2550 2376 2606 atque
2411 2556 2630 2593 rursum
2660 2541 2771 2594 alio
2811 2544 3078 2594 cadavere
3113 2542 3186 2594 illi
3229 2543 3638 2610 superingesto.

2068 2633 2368 2702 Postquam
2397 2649 2529 2688 vero
2555 2638 2665 2688 Deo
2694 2634 3004 2688 ministrum
3033 2651 3190 2688 suum
3216 2635 3638 2702 cohonestaute,

2068 2737 2271 2792 corpus
2325 2724 2519 2792 ipsius,
2570 2724 2869 2778 identidem
2917 2741 2976 2778 ea
3023 2741 3082 2780 re
3131 2733 3361 2790 tentata,
3422 2741 3642 2795 semper

2069 2817 2412 2884 superiorem
2449 2817 2624 2871 tenuit
2655 2818 2862 2880 locum,
2894 2818 3258 2872 cadaveribus
3287 2819 3515 2887 reliquis
3553 2818 3642 2872 di-

2070 2909 2199 2962 vina
2231 2909 2468 2977 quadam
2502 2909 2554 2962 vi
2591 2911 2750 2980 longe
2776 2911 3072 2964 admodum
3109 2911 3178 2964 ab
3208 2912 3380 2980 ipsius
3409 2925 3645 2979 corpore

2071 3001 2323 3067 semotis,
2350 3001 2608 3055 miraculi
2639 3002 2758 3069 ejus
2780 3012 3144 3071 spectatores,
3172 3002 3238 3056 ad
3275 3002 3643 3069 Ephraunium

2068 3093 2390 3162 episcopum
2440 3109 2557 3148 rem
2605 3095 2938 3156 retulerunt.
2977 3109 3080 3164 qua
3130 3094 3222 3149 ille
3275 3095 3346 3149 ita
3397 3095 3473 3157 uti
3522 3103 3646 3148 erat

2071 3186 2312 3254 cognita.
2349 3185 2624 3254 publicam
2658 3197 2824 3256 atque
2857 3186 3222 3244 honoriﬁcam
3261 3186 3471 3239 funeris
3494 3201 3648 3253 pom-

2071 3294 2194 3347 pam
2246 3276 2464 3342 indixit,
2498 3287 2554 3331 et
2598 3293 2807 3347 corpus
2843 3277 3135 3349 magniﬁce
3167 3277 3514 3331 Antiochiam
3553 3285 3646 3332 tu-

391 3382 485 3416 σον
515 3367 580 3433 τῇ
618 3363 930 3433 μεταθέσει.
967 3363 1171 3414 Τούτου
1196 3362 1260 3431 δὴ
1283 3361 1377 3414 τοῦ
1409 3361 1581 3431 Θωμᾶ
1626 3363 1719 3415 καὶ
1746 3364 1962 3433 ἐτήσιον

2071 3370 2158 3436 lit,
2190 3382 2354 3439 atque
2384 3385 2508 3426 cum
2555 3371 2724 3442 gloria
2758 3373 2930 3426 multa
2963 3373 3018 3426 in
3051 3372 3372 3430 ctetneterio
3401 3369 3644 3439 sepeliit.

393 3459 621 3525 μνήμην
679 3456 865 3518 παῖδες
922 3453 1244 3522 Ἀντιοχέων
1299 3448 1456 3523 ἦγον,
1525 3455 1966 3526 μεγαλοπρεπῶς

391 3550 768 3618 ἑορτάζοντες.

2074 3463 2190 3528 Qua
2224 3463 2514 3518 cadaveris
2549 3452 2911 3530 translatione
2949 3464 3039 3518 ille
3070 3464 3235 3518 etiam
3273 3463 3647 3536 pestilentem,

2081 3556 2173 3624 qui
2231 3565 2344 3618 tum
2410 3555 2789 3622 grassabatur,
2855 3555 3110 3615 morbum
3163 3553 3416 3622 dispulit.
3471 3552 3653 3620 llujus

395 3645 620 3696 'l'homa'.
677 3641 1118 3698 anniversariam
1172 3645 1495 3702 memoriam
1547 3647 2123 3716 magniﬁcentissime,
2197 3647 2396 3702 festum
2469 3647 2614 3701 diem
2694 3655 2960 3717 agentes,
3013 3645 3346 3716 Antiocheui
3405 3645 3650 3703 celebra-

397 3748 546 3798 sunt.

958 3855 1210 3911 ΚΕΦΛΛ.
1243 3858 1370 3910 KA'.

410 3959 506 4026 Ὠς
535 3963 635 4015 καὶ
662 3964 694 4016 ὁ
729 3961 919 4031 μέγας
941 3960 1172 4026 Σάϐϐας
1221 3962 1319 4014 καί
1358 3961 1677 4029 Θεοδόσιος
1703 3964 1736 4015 ό
1767 3980 1940 4020 aratro

470 4032 719 4099 διὰρχης
770 4031 869 4084 ἐπὶ
933 4032 1373 4085 Ἰουστινιανοῦ
1435 4036 1594 4086 τέλει
1661 4032 1768 4086 τοῦ
1822 4036 1969 4098 ,βίον

467 4103 828 4170 ἐχρήσαντο.

482 4213 871 4268 Ἰουστινιανοῦ
911 4213 956 4266 δ’
982 4213 1061 4266 ἔτι
1093 4214 1192 4282 τὴν
1227 4213 1608 4286 αὐτοκράτορα
1638 4213 1968 4278 διοικοῦντος

397 4307 596 4378 ἀρχὴν,
652 4308 744 4358 καὶ
780 4305 993 4368 Σά66ας
1048 4307 1257 4367 ἐκεῖνος
1288 4306 1316 4357 ὁ
1352 4306 1526 4374 μέγας
1578 4310 1672 4360 καὶ
1722 4309 1749 4359 ὁ
1803 4307 1972 4370 πολὺς

397 4399 702 4464 Θεοδὺσιος,
734 4399 782 4450 oi
823 4398 922 4465 τῆς
973 4399 1184 4467 ἐρήμου
1219 4396 1618 4466 καθηγεμόνες,
1652 4398 1732 4450 ἔτι
1775 4399 1971 4468 περιῆ-

400 4505 503 4541 σαν
535 4489 612 4552 τῷ
645 4473 764 4557 βίω.
820 4487 982 4540 Ἀλλὰ
1018 4486 1307 4556 προλαϐὼν
1359 4486 1457 4555 μὲν
1489 4489 1516 4539 ὁ
1547 4488 1826 4551 Θεοδόσιος
1855 4488 1968 4541 διέ-

399 4580 554 4631 ϐαινε
579 4579 716 4643 πρὸς
753 4579 906 4631 Θεόν.
938 4579 1152 4639 Σαϐὅας
1176 4579 1230 4629 δὲ
1257 4577 1560 4646 τηνικαῦτα
1587 4579 1970 4649 ἐννενηκοστὸν

2533 3855 2692 3926 771
2735 3853 2965 3910 CAPUT
3007 3853 3197 3910 xxw.

2152 3961 2216 4016 Ut
2247 3960 2712 4032 .llagiiusSgbbas
2751 3969 2802 4014 et
2848 3959 2890 4014 Τ
2889 3960 3166 4032 ίιεοάος-ἱαε
3198 3958 3578 4015 Cwnobiarcha

2412 4031 2514 4097 suo
2531 4030 2837 4085 Iustiniano
2861 4031 3023 4085 vitam
3050 4030 3311 4097 ﬁnierint.

2146 4210 2462 4270 Iustiniano
2519 4209 2700 4264 adhuc
2751 4208 3044 4277 imperium
3102 4207 3545 4268 administrante.
3594 4217 3652 4263 et

2079 4318 2310 4374 magnus
2364 4302 2456 4356 ille
2515 4301 2750 4366 Sabbas,
2813 4308 2868 4354 et
2928 4299 3228 4368 praeclarus
3281 4298 3649 4363 Theodosius.

2077 4393 2247 4447 eremi
2305 4391 2601 4461 praesides,
2652 4389 2980 4458 superstites
3025 4397 3204 4450 erant.
3239 4388 3438 4444 Verum
3500 4390 3652 4459 prior

2079 4483 2424 4540 Theodosius
2470 4482 2537 4536 ad
2582 4483 2753 4535 Deum
2790 4481 3035 4536 transiit.
3089 4479 3300 4534 Sabbas
3331 4490 3515 4539 autem
3549 4497 3653 4534 no-

2079 4574 2422 4644 nagesimum
2455 4582 2567 4627 tum
2595 4588 2766 4641 agens
2793 4587 3024 4635 annum,
3054 4571 3122 4626 ab
3149 4570 3372 4636 Afllicnsi
3404 4573 3650 4626 antistite

399 4671 763 4741 παρελαύνων
805 4669 1075 4735 ἐνιαυτὸν,
1123 4670 1258 4740 πρὸς
1307 4667 1399 4720 τοῦ
1447 4669 1545 4738 τῆς
1584 4670 1774 4733 Αίλίας
1807 4670 1963 4740 προέ·

2078 4668 2290 4738 legatus
2346 4665 2545 4719 iterum
2575 4663 3116 4736 Constantinopolim
3152 4663 3217 4716 ad
3248 4661 3648 4728 Justinianum,

398 4766 529 4833 δρου
582 4759 738 4826 αὖθις
785 4761 1026 4832 πρέσϐυς
1084 4763 1141 4823 ἐς
1192 4762 1576 4815 Ἰουστινιανδν
1629 4760 1859 4825 ἄνεισιν,
1915 4763 1973 4814 ὲν

401 4857 630 4928 ἀμυδρῷ
682 4858 846 4928 γήρει
888 4853 1154 4909 σαλεύων.
1208 4854 1483 4924 Σαμαρεῖς
1535 4855 1643 4925 γὰρ
1685 4854 1986 4916 Ἰουλιανόν,

401 4967 527 5002 τινα
581 4949 732 5017 σφίσι
774 4948 999 5019 βασιλέα
1047 4947 1499 5018 έπικηρύξαντες,
1551 4947 1778 5000 πλεῖστα
1830 4946 1974 4999 κατὰ

399 5041 750 5109 Χριστιανῶν
785 5039 1192 5110 ἐξυϐρίζουσιν,
1233 5038 1530 5108 ἐκκλησίας
1583 5037 1972 5106 λεηλατοῦντες

403 5135 498 5186 καὶ
530 5133 664 5204 πυρὶ
709 5134 1004 5202 νέμοντεςο
1049 5130 1142 5185 καὶ
1176 5131 1306 5193 τοὺς
1355 5128 1602 5188 εὐσεϐεῖν
1660 5129 1973 5199 ᾑρημένους

405 5226 544 5296 μετὰ
574 5225 778 5297 πολλὴν
807 5225 904 5280 καὶ
929 5225 1136 5294 ἄφατον
1182 5222 1455 5293 τιμωρὶαν
1497 5223 1775 5292 μαχαίρας
1813 5219 1975 5290 ἔργον

399 5318 743 5389 ποιούμενοι,
779 5318 976 5386 κώμας
1012 5335 1071 5371 τε
1115 5315 1566 5387 κατατρέχοντες,
1597 5313 1692 5367 καὶ
1739 5313 1838 5376 τὰς
1866 5312 1975 5365 τῶν

401 5413 576 5478 ἁγίων
607 5411 781 5482 θήκας
806 5407 1250 5488 ἀναρρηγνύντες
1275 5406 1371 5458 καὶ
1394 5403 1780 5473 παραδιδόντες
1807 5400 1971 5470 πυρίο

401 5505 439 5558 ἂ
493 5503 589 5556 καὶ
624 5502 863 5572 μάλιστα
896 5501 1028 5571 περὶ
1082 5497 1355 5553 Νεάπολιν
1403 5496 1677 5566 ἔπραττον
1729 5494 1978 5565 μαχαίρᾳ

405 5597 507 5665 μὶν
531 5596 626 5648 τὸν
665 5595 982 5648 ἐπίσκοπον
1011 5591 1316 5655 ἀνελόντες,
1349 5588 1458 5642 τῶν
1489 5587 1546 5641 δὲ
1588 5584 1977 5657 πρεσϐυτέρων

403 5688 772 5762 κατασχόντες
799 5689 974 5754 τινὰς,
1027 5685 1222 5739 ἔπειτα
1260 5684 1340 5747 εἰς
1396 5681 1536 5752 μέρη
1591 5697 1652 5733 τε
1692 5679 1790 5733 καὶ
1838 5678 1976 5750 μέλη

402 5779 728 5851 διελόμενοι,
775 5779 993 5853 σύναμα
1041 5775 1338 5849 μαρτύρων
1379 5774 1488 5830 τισὶ
1522 5772 1797 5844 λειψάνοις
1843 5770 1978 5827 ἁπε-

2084 4761 2139 4814 in
2194 4759 2346 4814 tenui
2394 4767 2558 4827 atque
2610 4757 2868 4821 imbecilli
2925 4756 3222 4810 admodum
3279 4768 3497 4810 senecta
3547 4755 3654 4808 llu-

2080 4859 2296 4914 ctuans,
2328 4849 2612 4919 profectus
2645 4857 2751 4903 est.
2799 4847 3130 4908 Samaritani
3159 4862 3397 4915 namque
3431 4846 3653 4901 Juliano

2081 4941 2316 5013 quodam
2356 4957 2488 5010 rege
2511 4941 2612 4994 sibi
2651 4948 2862 5003 creato,
2897 4939 3164 5007 plurimas
3192 4937 3522 4992 Christianis
3563 4955 3658 4991 su-

2085 5034 2254 5105 perbe
2290 5033 2522 5103 injurias
2556 5031 2814 5084 tulerant.
2862 5029 3139 5090 Ecclesias
3169 5045 3264 5098 per
3299 5029 3648 5097 sacrilegium

2087 5124 2408 5193 compilalas
2456 5122 2567 5191 igni
2613 5131 3002 5192 vastaverant:
3064 5136 3162 5176 eos
3217 5121 3312 5190 qui
3349 5122 3655 5175 secundum

2085 5218 2255 5273 Deum
2291 5215 2380 5286 pie
2423 5215 2718 5270 vivendum
2783 5214 2888 5269 sibi
2922 5214 3272 5278 statuissent,
3311 5222 3437 5284 post
3485 5215 3656 5267 multa

2083 5318 2138 5366 et
2169 5307 2562 5375 inenarrabilia
2612 5306 2882 5376 supplicia
2911 5305 3270 5360 conciderant
3314 5321 3329 5359 :
3359 5315 3415 5360 et
3446 5305 3654 5358 circum

2082 5400 2237 5454 vicos
2266 5399 2666 5464 discurrentes,
2723 5406 2888 5468 atque
2923 5409 3240 5453 sanctorum
3275 5397 3489 5452 loculos
3533 5397 3654 5448 viov

2081 5491 2284 5554 iantes,
2319 5489 2373 5544 in
2404 5489 2582 5561 ignem
2613 5489 3004 5559 conjiciebant.
3041 5489 3117 5543 Ea
3171 5503 3304 5544 vero
3334 5489 3481 5543 circa
3526 5487 3660 5540 Nea~

2083 5584 2254 5654 polim
2283 5582 2605 5638 acciderant
2639 5582 2900 5648 maxime,
2952 5586 3110 5654 cujus
3165 5583 3487 5653 epiSCOpum
3524 5595 3656 5635 ense

2085 5673 2430 5741 occiderant,
2462 5685 2518 5730 et
2560 5675 2914 5745 presbyteros
2961 5673 3230 5744 quosdam
3291 5673 3657 5742 comprehen-

2086 5783 2200 5836 sos,
2231 5777 2288 5824 et
2313 5765 2514 5823 deinde
2543 5767 2599 5823 in
2631 5767 2837 5824 frustra
2868 5767 3159 5833 dissectos,
3193 5781 3302 5822 una
3359 5781 3484 5821 cum
3530 5765 3658 5834 qui-
