4094 6202
324 325 428 385 ⁵237

1550 325 1968 385 ΝιυΕΡΙΙΟΒΙ
2012 324 2356 383 CALIJS'I‘I

3478 316 3584 380 2‘8

326 435 454 490 lam.
492 450 613 502 qua:
645 433 713 487 ab
755 434 849 488 lba
878 434 948 487 ad
984 432 1170 487 Marim
1198 435 1420 488 Persam
1446 438 1758 504 conscripta
1782 450 1903 491 esse

2032 432 2237 503 ςίζομεν
2289 433 2385 487 καὶ
2415 431 2514 503 τὴν
2567 430 2740 500 ἀσεΰῆ
2790 414 3107 499 ἐπιστολὴν,
3152 430 3253 499 τὴν
3281 428 3584 499 λεγομένην

323 527 541 579 dicitur.
558 543 577 576 ι
597 526 663 579 Et
687 535 807 594 post
831 525 997 579 verba
1056 540 1229 593 pauca
1252 526 1671 593 quatuordccim
1692 526 1907 596 capitu-

324 620 373 671 la
402 618 631 673 derecta
654 627 707 670 et
725 616 1193 684 irreprehensibili
1222 616 1325 670 title
1345 627 1742 686 exposuerunt.
1768 616 1911 681 ,llaec

324 705 546 776 quidem
589 706 668 759 sic
694 714 836 758 acta.
863 705 919 758 In
955 705 1191 759 secunda
1211 717 1393 760 autem
1451 707 1714 768 sessione,
1753 715 1905 774 post-

323 812 489 863 quam
522 794 684 864 777
728 795 796 848 ab
828 794 1080 864 Eulogio,
1114 795 1338 849 Conoae
1359 835 1372 856 .
1402 795 1653 866 Cyt-iaco,
1675 805 1731 849 et
1771 796 1913 851 Pan-

318 884 521 946 cratio,
548 882 835 936 monachis
892 883 1422 954 llierosolymitanis,
1486 882 1659 937 libelli
1715 894 1910 938 contra

328 975 495 1044 impia
543 974 814 1042 Origenis.
882 975 975 1043 qui
1034 983 1091 1029 et
1145 974 1507 1030 Adamantius
1562 975 1746 1030 dictus
1796 984 1909 1038 est.

330 1066 614 1136 dogmata,
670 1075 727 1120 et
781 1077 972 1120 contra
1007 1067 1308 1136 impietatis
1337 1077 1393 1122 et
1424 1069 1768 1123 seductionis
1791 1070 1913 1140 ejus

328 1168 631 1213 sectatores
658 1157 825 1212 oblati
850 1169 904 1212 et
934 1158 1064 1213 lecti
1098 1163 1230 1213 sunt
1258 1178 1272 1213 :
1305 1159 1652 1215 Justinianus
1693 1177 1908 1214 rursmn

333 1250 605 1319 synodum
668 1250 736 1305 de
786 1251 868 1305 eis
920 1251 1250 1304 sententiam
1295 1252 1679 1323 dicerejussit,
1710 1252 1912 1307 libellis

328 1355 548 1408 quoque
581 1340 675 1408 qui
697 1339 889 1410 Vigilio
918 1353 1074 1411 papa:
1100 1342 1166 1394 de
1189 1343 1272 1396 eis
1301 1343 1469 1397 rebus
1502 1343 1694 1411 scripti
1727 1353 1908 1408 erant,

326 1432 384 1483 in
439 1429 679 1484 medium
737 1433 988 1500 prolatis.
1050 1430 1105 1485 In
1161 1432 1363 1502 quibus
1411 1442 1550 1497 erat,
1583 1432 1912 1488 Adamantio

332 1522 516 1575 studio
581 1522 786 1588 fuiss~,
840 1533 901 1578 ut
956 1524 1161 1580 Graecis
1230 1526 1579 1594 nugatnent's
1633 1536 1690 1580 et
1745 1526 1915 1579 Mani-

328 1612 501 1667 chieis
566 1614 814 1677 zizaniis,
857 1606 1283 1685 apostolicorum
1340 1614 1656 1683 dogmatum
1715 1614 1913 1685 imple-

331 1715 420 1760 ret
491 1709 811 1776 puritatem.
867 1706 1121 1778 Synodus
1192 1709 1379 1777 itaque
1441 1722 1555 1760 rem
1614 1708 1682 1762 ad
1738 1707 1912 1762 Justi-

340 1799 592 1863 niattum,
648 1809 769 1868 post
817 1799 1256 1853 exclamationes
1288 1800 1341 1851 in
1376 1797 1698 1867 Origenem,
1732 1809 1789 1853 et
1819 1800 1913 1869 qui

332 1889 528 1943 itidem
587 1899 648 1943 ut
695 1890 782 1943 ille
828 1886 1039 1944 seducti
1068 1897 1276 1955 essent,
1307 1890 1481 1946 factas
1514 1892 1729 1947 retulit.
1769 1891 1917 1957 Qua-

336 1996 458 2034 rum
514 1981 761 2049 qumdant
807 1984 859 2035 in
915 1981 1031 2036 haec
1057 1991 1323 2050 concepta
1379 1993 1540 2036 erant
1578 1985 1770 2047 verba,
1806 1984 1914 2037 sic-

336 2071 413 2123 uti
469 2086 531 2124 ea
596 2086 661 2125 ex
706 2072 1117 2126 conmentariis
1166 2073 1362 2143 synodi
1420 2072 1580 2128 istius
1640 2075 1920 2143 excerpsi-

342 2178 483 2215 mus.
545 2181 562 2213 ι
620 2164 723 2224 Qui
764 2164 1013 2218 animum
1077 2164 1300 2220 obtines
1324 2167 1570 2221 celestis
1597 2167 1916 2237 participem

338 2253 743 2321 generositatis,
775 2253 1250 2310 Christianissinte
1275 2257 1644 2325 imperator...
1670 2276 1688 2309 ι
1720 2257 1789 2311 Ει
1823 2257 1923 2311 de-

342 2346 513 2397 inde:
552 2364 570 2396 ι
618 2346 921 2415 Ellugimus
983 2348 1172 2417 igitur,
1222 2347 1723 2418 eﬂugitttusistam,
1754 2363 1921 2417 quam

342 2435 675 2503 ignoramus,
720 2448 999 2492 externam
1057 2455 1269 2504 vocem,
1332 2450 1387 2494 et
1445 2449 1703 2510 tanquam
1743 2440 1921 2494 furem

343 2538 508 2595 atque
564 2528 876 2596 praedonem
918 2530 1195 2599 ejusmodi
1240 2530 1521 2586 hominem
1555 2531 1925 2586 anathematis

342 2622 556 2688 laqueis
611 2631 761 2676 arcte
814 2621 1123 2676 districtum
1178 2634 1344 2692 atque
1390 2623 1743 2685 suﬂ‘ocatum,
1769 2634 1924 2678 extra

2012 526 2167 595 παρά
2205 522 2325 577 ’16³
2354 521 2667 593 γεγράφθαι
2710 521 2845 592 πρὸς
2880 520 3112 589 Μάρκον
3153 521 3246 574 τδν
3281 521 3519 590 Πέρσην.
3560 542 3580 573 ο

2011 620 2121 672 Καὶ
2155 616 2279 688 μετ’
2306 615 2465 682 ὀλίγα
2513 614 2765 679 ἐξέθεντο
2811 614 3054 682 τέσσαρα
3110 612 3203 667 καὶ
3232 613 3363 667 δέκα
3416 613 3586 679 aetati-

2011 709 2139 761 λαια
2171 708 2301 778 περὶ
2325 706 2421 774 τῆς
2448 704 2617 775 ὀρθῆς
2638 704 2736 759 καὶ
2765 704 3080 773 ἀμωμήτου
3111 705 3369 765 πίστεως.
3398 702 3586 757 Ταῦτα

2014 798 2115 867 μὲν
2141 797 2287 850 οὐτω
2314 794 2547 866 προέϐη.
2592 795 2681 848 'Ev
2710 795 2937 864 δευτέρᾳ
2968 795 3024 848 δὲ
3067 793 3377 847 συνελεύσει
3410 793 3587 847 1:619.-

2012 888 2121 940 λων
2152 886 2550 955 έπιδεδομένων
2583 886 2737 955 παρά
2775 902 2833 938 τε
2861 884 3144 952 Εὐλογίου.
3177 885 3447 946 Κόνωνος.
3482 885 3582 937 Κυ-

2015 978 2208 1047 ριακοῦ
2244 977 2338 1029 καὶ
2381 976 2733 1046 Παγκρατίου
2776 976 2883 1029 τῶν
2933 975 3184 1046 μοναχῶν
3225 975 3572 1046 Ἰεροσολυμιο

2011 1070 2146 1133 τῶν,
2182 1068 2323 1122 κατά
2352 1068 2460 1121 τῶν
2494 1068 2776 1123 δυσσεοῶν
2802 1068 3099 1137 δογμάτων
3143 1068 3453 1136 Ὠριγένους
3490 1068 3587 1121 τοῦ

2013 1162 2108 1214 καὶ
2154 1161 2518 1229 Ἀδαμαντίου
2549 1162 2643 1214 καὶ
2670 1160 2780 1213 τῶν
2811 1163 2878 1230 τῇ
2913 1160 3125 1212 ἐκείνου
3158 1158 3452 1231 δυσσεϐείᾳ
3490 1162 3587 1213 καὶ

2015 1254 2197 1325 πλάνῃ
2230 1254 2607 1324 έφεπομένων,
2635 1256 2663 1307 ὀ
2705 1253 3087 1315 Ἰουστινιανὲς
3114 1249 3268 1317 αὖθις
3296 1255 3395 1324 τῆς
3428 1257 3588 1309 συνό-

2013 1346 2106 1399 δου
2130 1344 2260 1414 περὶ
2284 1345 2496 1398 τούτων
2524 1346 2868 1416 ἀπεπειρᾶτο
2889 1364 2902 1377 ·
2936 1347 3278 1416 προθέμενος
3313 1349 3396 1410 είς
3422 1349 3591 1418 μέσον

2012 1436 2105 1490 τὸν
2127 1436 2390 1499 λίδελλον.
2414 1436 2509 1489 καὶ
2533 1434 2569 1490 ἀ
2593 1435 2851 1505 Βιγιλλίῳ
2874 1436 2953 1505 τῷ
2985 1437 3186 1508 πάππα
3214 1440 3346 1508 περὶ
3379 1439 3590 1493 τούτων

2014 1530 2216 1599 ὲστάλη
2237 1546 2255 1562 ο
2296 1532 2353 1583 ἐν
2382 1524 2461 1592 οἷς
2495 1530 2774 1583 δείκνυται
2819 1531 2894 1592 ὡς
2924 1531 3012 1583 διά
3043 1532 3285 1600 σπουδῆς
3325 1532 3403 1600 τῷ
3435 1531 3593 1585 Ἀδα-

2018 1617 2228 1686 μαντίῳ
2279 1618 2518 1686 ἐγένετο,
2583 1618 2917 1689 Ἑλληνικῶν
2963 1616 3143 1679 ὐθλων
3191 1620 3283 1673 καὶ
3334 1620 3593 1684 ζιζανίων

2017 1708 2380 1778 Μανιχαῖκῶν
2430 1709 2709 1778 ἐμπλῆσαι
2738 1708 2847 1761 τῶν
2884 1708 3262 1761 ἀποστολικῶν
3302 1709 3594 1777 δογμάτων

2018 1800 2082 1852 τὸ
2103 1800 2408 1870 ἀκραιφνές
2431 1818 2443 1831 ο
2478 1802 2576 1854 καὶ
2616 1802 2798 1853 τοίνυν
2833 1801 3082 1872 ἀναφορὰ
3125 1803 3182 1864 ἐς
3212 1801 3595 1854 Ἰουστινιανδν

2016 1889 2211 1957 γέγονε
2262 1890 2414 1960 παρὰ
2459 1891 2561 1960 τῆς
2606 1891 2826 1943 συνόδου
2893 1893 3034 1961 μετὰ
3067 1892 3163 1954 τὰς
3205 1893 3344 1945 κατὰ
3387 1892 3596 1960 Ὠριγέ-

2018 1999 2144 2044 νους
2195 1982 2502 2053 ὲκὸοήσεις,
2540 1986 2634 2036 καὶ
2680 1982 2789 2037 τῶν
2818 1985 3015 2053 ἐπίσης
3049 1984 3242 2053 ἐκείνῳ
3291 1984 3597 2053 πλανηθέν-

1976 2100 1993 2112 ι
2017 2091 2127 2126 των
2147 2089 2161 2103 ⁸
2193 2068 2269 2127 ὧν
2304 2074 2420 2128 ἔνια
2447 2074 2663 2138 τούτοις
2703 2075 2986 2129 συνέκειτο
3009 2076 3154 2129 κατά
3200 2076 3356 2146 ῥῆμα
3378 2094 3391 2107 ’
3425 2095 3443 2128 ι
3483 2077 3596 2147 Τῆς

2020 2167 2228 2223 ἄνωθεν
2271 2169 2557 2237 εὐγενείας
2608 2168 2952 2239 μετέχουσαν
2979 2169 3324 2238 κεκτημένος
3367 2169 3464 2238 τὴν
3489 2168 3597 2238 ψυ-

2022 2261 2147 2330 χὴν,
2179 2261 2692 2329 Χριστιανικώτατε
2744 2260 3000 2331 βασιλεῦί
3043 2280 3061 2313 ι
3103 2262 3211 2315 Καὶ
3251 2260 3370 2331 μετ’
3396 2261 3552 2328 ὀλίγα
3580 2277 3595 2290 ⁸

2026 2368 2047 2402 ε
2099 2351 2408 2419 Ἐφύγομεν
2469 2352 2689 2413 τοίνυν,
2739 2350 3017 2420 ἐφύγομεν
3078 2351 3305 2418 ταύτην.
3354 2350 3430 2403 Οὐ
3490 2349 3600 2419 γὰρ

2023 2442 2404 2511 ἐγνωρίσαμεν
2462 2443 2569 2496 τῶν
2619 2443 2920 2511 ἀλλοτρίων
2966 2442 3067 2511 την
3124 2442 3312 2511 φωνήν
3341 2459 3355 2474 ·
3404 2443 3501 2495 καὶ
3524 2440 3600 2504 ὥς

2022 2534 2234 2605 λῃστὴν
2285 2536 2376 2588 τὸν
2420 2534 2665 2588 τοιοῦτον
2708 2538 2822 2598 τοῖς
2854 2534 2950 2588 τοῦ
2995 2535 3335 2603 ἀναθέματος
3385 2533 3600 2605 βρόχοις

2026 2628 2287 2696 ἀσφαλῶς
2329 2629 2814 2699 περισφίγξαντες,
2867 2629 2977 2682 τῶν
3022 2628 3185 2695 ἱερῶν
3234 2627 3339 2692 ἔξω
3379 2625 3602 2695 περιδό-

310 2725 497 2764 .sacra
559 2711 819 2766 Ecclesiae
889 2715 1093 2768 inmitia
1179 2714 1516 2784 abjecimus.
1600 2734 1618 2767 ι
1684 2715 1753 2770 Et
1802 2722 1927 2784 post

2032 2719 2136 2772 λων
2188 2717 2600 2789 ἀπεδαλόμεθα.
2648 2739 2666 2771 ι
2705 2720 2816 2772 Καὶ
2872 2716 2995 2787 μετ’
3046 2716 3243 2784 ὀλίγα·
3299 2734 3319 2767 ι
3371 2715 3494 2766 Τῶν
3544 2712 3604 2767 δι

346 2820 518 2872 pauca
567 2823 581 2861 :
638 2824 657 2857 ι
705 2810 969 2861 Actorum
1033 2822 1169 2863 vero
1220 2818 1538 2863 nostrorum
1591 2824 1659 2863 ex
1730 2822 1924 2863 eorum

2032 2808 2162 2880 παρ’
2196 2810 2351 2880 ήμῶν
2405 2811 2817 2880 πεπραγμένων
2868 2808 2955 2862 διὰ
2997 2810 3097 2878 τῆς
3138 2806 3223 2862 ἐπ’
3252 2807 3436 2868 αὐτοῖς
3473 2806 3605 2860 ἀνα-

340 2896 579 2952 lectiotte
624 2900 731 2954 vim
791 2900 1153 2970 cognoscetis.
1211 2918 1231 2952 ι
1297 2901 1459 2955 Hisce
1521 2901 1929 2972 conjunxerunt

2032 2900 2287 2969 γνώσεως
2347 2898 2561 2952 εῖσεσθε
2598 2899 2699 2968 τὴν
2731 2898 2983 2969 δύναμιν.
3031 2915 3052 2949 ι
3085 2897 3310 2957 Τούτοις
3355 2895 3609 2959 συνέζευσ

360 2989 621 3058 capitula,
679 3006 1022 3062 quascunque
1068 2992 1322 3062 Origenis
1369 3001 1671 3047 sectatores
1694 2991 1927 3061 professi

2034 2991 2130 3056 ξαν
2184 2991 2281 3044 καὶ
2339 2991 2409 3045 τά
2457 2991 2729 3058 κεφάλαια
2783 2991 2850 3042 τὰ
2902 2990 3004 3043 ὅσα
3053 2987 3386 3058 πρεσϐεύειν
3439 2988 3490 3040 οί
3537 2986 3607 3040 τὰ

344 3090 474 3135 sunt
504 3098 518 3134 :
551 3097 674 3151 qua-
692 3084 931 3153 capitula
958 3085 1385 3139 consensionem
1408 3084 1576 3139 simul
1619 3092 1677 3139 et
1708 3084 1925 3139 dissen-

2043 3083 2357 3155 Ὠριγένους
2406 3083 2729 3148 δοξάζοντες
2778 3082 3139 3150 ἐδιδάχθησαν
3189 3078 3458 3149 δηλοῦντα
3508 3080 3608 3143 τάς

346 3173 561 3227 sionem
607 3190 825 3239 eorum,
879 3184 1044 3245 atque
1074 3176 1240 3231 etiam
1277 3176 1640 3245 multiplicem
1678 3191 1928 3231 errorem

2032 3192 2093 3229 τε
2124 3175 2445 3246 συμφωνίας
2499 3174 2702 3239 αὐτῶν,
2729 3174 2875 3242 ἀτάρ
2925 3174 3022 3225 καὶ
3051 3173 3150 3235 τὰς
3189 3171 3488 3239 διαφωνίας
3517 3171 3612 3224 καὶ

349 3266 669 3321 ostendunt.
699 3267 961 3333 Quintum
998 3283 1064 3324 ex
1103 3268 1170 3327 iis
1187 3268 1489 3338 capitulum
1521 3277 1606 3324 est
1627 3308 1640 3331 .
1672 3268 1929 3338 blasphe-

2033 3267 2133 3338 τὴν
2172 3267 2466 3336 πολυσχιδῆ
2488 3265 2697 3319 τούτων
2733 3266 2967 3334 πλάνην.
3001 3264 3258 3333 Πέμπτον
3282 3262 3376 3317 ἐπὶ
3401 3262 3612 3324 τούτοις

350 3359 584 3413 ntiarum
638 3369 914 3415 certarum
965 3363 1330 3432 quarumdam
1405 3362 1526 3431 ejus
1607 3378 1730 3431 qua:
1791 3376 1929 3415 nova

2035 3360 2153 3412 ἐστὶ
2199 3359 2498 3425 κεφάλαιον
2542 3357 2652 3410 τῶν
2692 3355 3205 3427 βλασφημηθέντων
3261 3354 3373 3408 ἀπὸ
3429 3353 3614 3407 ίδικῶν

357 3448 538 3503 Laura
599 3451 744 3505 dicta
804 3462 909 3519 est,
959 3469 1323 3523 personarum
1348 3453 1502 3508 hisce
1530 3454 1717 3508 verbis
1758 3452 1935 3523 scrip-

353 3548 469 3594 tum
523 3557 537 3594 :
601 3558 621 3593 ι
682 3542 1012 3599 Theodorus
1077 3545 1307 3600 Ascidas
1391 3544 1686 3614 Cappadox
1737 3544 1932 3599 dixit:

353 3632 585 3698 Quando
613 3649 762 3689 nunc
788 3636 1021 3705 apostoli
1052 3645 1108 3691 et
1150 3646 1421 3707 martyres
1447 3636 1712 3689 miracula
1740 3636 1934 3700 edunt,

352 3731 409 3777 et
466 3723 521 3778 in
578 3733 787 3780 tantum
844 3737 972 3782 sunt
1020 3729 1311 3789 honorem,
1342 3728 1384 3782 si
1420 3728 1473 3781 in
1499 3728 1849 3783 restitutione
1882 3737 1938 3782 et

361 3814 763 3870 instauratione
808 3832 992 3871 rerum
1025 3817 1247 3872 Christo
1289 3818 1531 3887 mquales
1564 3833 1675 3871 non
1710 3817 1937 3882 iuerint,

358 3906 539 3975 qualis
586 3921 779 3961 eorum
843 3909 1125 3964 restitutio
1182 3909 1369 3963 futura
1405 3908 1533 3964 est?
1567 3928 1585 3960 ι
1621 3908 1788 3963 Iidem
1823 3925 1942 3965 mo-

358 4004 518 4058 nachi
579 4021 841 4075 perquam
894 4006 1190 4076 diligenter
1254 4007 1418 4061 etiant
1472 4006 1685 4075 Didymi
1716 4015 1773 4061 et
1802 4007 1943 4061 Eva-

359 4098 464 4167 grii
512 4111 569 4154 et
632 4098 911 4155 Theodori
960 4100 1097 4155 alias
1148 4100 1336 4171 plures
1417 4100 1813 4165 blasphemias,
1871 4116 1941 4155 ex

354 4206 552 4246 eorum
604 4207 892 4262 perperam
945 4193 1169 4262 scriptis
1198 4194 1355 4248 libris
1383 4193 1668 4255 collectas,
1702 4191 1768 4246 ad
1816 4208 1944 4261 syn-

356 4286 526 4339 odum
593 4289 903 4342 retulerunt
940 4304 954 4341 :
1012 4303 1151 4357 quas
1197 4302 1391 4341 omnes
1436 4288 1787 4340 anathemate
1815 4300 1946 4339 con-

360 4381 637 4443 ciderunt,
690 4380 998 4451 ordineque
1050 4396 1243 4435 omnes
1283 4388 1679 4450 exposuerunt.
1732 4377 1946 4444 Quibus

2038 3447 2351 3521 προςὼπων
2399 3450 2497 3518 τῆς
2546 3448 2894 3516 καλουμένης
2952 3446 3079 3507 νέας
3129 3444 3376 3515 Λαύρας,
3438 3445 3612 3498 ταῦτα

2036 3541 2234 3606 διεξιόν
2259 3556 2275 3570 ·
2313 3558 2332 3591 ι
2370 3539 2647 3609 Θεόδωρος
2682 3538 2936 3601 Ἀσκιδᾶς
2960 3541 2989 3592 ὀ
3031 3535 3405 3604 Καππαδόκης
3436 3533 3610 3589 εἶπενο

2041 3632 2102 3683 Εί
2133 3630 2228 3683 νῦν
2258 3633 2307 3684 oi
2363 3630 2655 3684 ἀπόστολοι
2715 3631 2809 3683 καὶ
2839 3631 2889 3683 οι
2938 3630 3218 3700 μάρτυρες
3263 3629 3618 3698 θαυματουρε-

2039 3723 2217 3791 γοῦσι,
2256 3723 2351 3774 καὶ
2395 3724 2453 3774 ὲν
2478 3723 2544 3791 τῇ
2590 3719 2831 3790 τοσαύτη
2865 3721 3001 3789 τιμῇ
3050 3720 3410 3789 ὑπᾶρχουσιν,
3453 3719 3511 3770 ἐν
3545 3720 3613 3788 τῇ

2041 3814 2487 3869 ἀποκαταστάσει
2537 3813 2586 3865 εί
2633 3812 2709 3882 μὴ
2765 3813 2879 3865 [σοι
2942 3811 3189 3881 γένοιντο
3235 3810 3314 3880 τῷ
3369 3809 3618 3880 Χριστῷ,

2043 3908 2172 3961 ποία
2210 3906 2664 3967 ἀποκατάστασις
2730 3904 2918 3965 αὐτοῖς
2963 3903 3149 3967 tactv;
3201 3919 3220 3952 ι
3269 3902 3331 3955 Οί
3383 3899 3428 3953 δ’
3463 3901 3620 3953 αὐτοὶ

2046 4002 2271 4073 μοναχοὶ
2324 4000 2419 4051 καὶ
2449 3996 2684 4067 Διδύμου
2723 3998 2821 4049 καὶ
2874 3995 3149 4065 Εὐαγρίου
3204 3994 3300 4047 καὶ
3340 3992 3617 4061 Θεοδώρου

2043 4096 2210 4156 ἄλλας
2247 4092 2449 4154 πολλάς
2498 4089 2855 4161 βλασφημίας
2908 4087 3221 4150 σπουδαίως
3273 4085 3419 4157 μάλα
3467 4086 3621 4156 παρά

2043 4189 2153 4241 τῶν
2182 4185 2368 4249 κακῶς
2423 4184 2856 4253 συγγραφέντων
2905 4180 3139 4243 ἐκείνοις
3191 4178 3619 4250 ἀπολεξάμενοι,

2044 4284 2111 4352 τῇ
2151 4279 2358 4347 συνόδῳ
2411 4278 2758 4347 ἀνήνεγκαν·
2792 4272 2828 4328 ὃ.
2865 4273 2929 4343 δὴ
2971 4273 3152 4325 πάντα
3201 4271 3277 4342 τῷ
3317 4271 3623 4339 ἀναθέματι

2050 4370 2413 4442 περιέϐαλον·
2447 4367 2649 4435 ἐφεξῆς
2712 4365 2771 4419 δὲ
2841 4365 3019 4418 πάντα
3072 4363 3496 4432 κατέστρωσανο
3542 4353 3624 4421 οἷς

359 4472 599 4542 capitula
648 4473 1001 4536 addiderunt,
1058 4489 1180 4540 qua:
1238 4472 1495 4542 Origenis
1567 4470 1796 4525 studiosi
1874 4484 1929 4522 ex

2051 4461 2384 4527 συνέζευξαν
2436 4460 2531 4512 καὶ
2560 4458 2630 4511 τὰ
2663 4455 2934 4524 κεφάλαια
2971 4455 3071 4507 ὅσα
3121 4452 3451 4521 πρεσϐεύειν
3480 4451 3532 4503 οί
3556 4451 3627 4505 τά

360 4566 587 4635 scriptis
649 4567 770 4635 ejus
818 4575 1077 4634 excerpta
1139 4566 1522 4634 proﬁtentur:
1573 4564 1628 4618 in
1658 4562 1862 4631 quibus
1890 4569 1946 4614 et

370 4659 489 4713 haec
557 4658 796 4713 l'uriosns
850 4659 940 4712 ille
995 4658 1156 4712 docet
1202 4676 1217 4710 :
1265 4675 1283 4708 ι
1325 4658 1466 4711 Ante
1519 4671 1721 4724 corpus
1768 4654 1943 4724 ipsum

363 4754 546 4809 anima
598 4761 701 4815 est,
744 4767 865 4821 quae
907 4751 1128 4821 quidem
1166 4748 1236 4801 ‘in
1276 4749 1431 4803 caelis
1462 4759 1680 4815 peccata
1706 4747 1938 4800 commi—

366 4842 523 4898 serit.
551 4842 717 4912 778
735 4840 813 4895 Ad
847 4842 961 4895 ha-c
984 4857 998 4893 :
1021 4841 1118 4895 Cm
1136 4839 1488 4903 lttnt,'solem,
1507 4838 1714 4898 lunam.
1735 4836 1943 4902 stellas,

364 4951 539 5005 aquas
590 4952 712 5005 quae
770 4949 935 5002 supra
959 4932 1132 4988 caelos
1161 4945 1311 4997 sunt,
1344 4931 1614 4985 animatas
1636 4968 1651 4991 ,
1687 4939 1745 4983 et
1781 4929 1947 4982 ratio-

368 5029 520 5083 nales
573 5027 836 5099 quasdam
883 5026 1118 5080 virtutes
1169 5038 1312 5078 esse.
1371 5023 1639 5077 Prxterea
1692 5020 1931 5089 quodin

368 5121 774 5175 resurrectione
834 5134 1065 5188 corpora
1131 5114 1415 5169 hominum
1480 5113 1717 5166 rotunda
1771 5121 1824 5165 et
1861 5128 1950 5165 or-

375 5212 606 5267 biculari
667 5210 851 5280 specie
909 5207 1324 5264 excitabuntur.
1381 5205 1448 5260 Et
1491 5203 1634 5273 quod
1699 5203 1946 5255 omniunt

376 5302 673 5373 impiorum
706 5301 1015 5363 hominum,
1055 5299 1406 5368 ipsorumque
1438 5295 1603 5350 etiam
1639 5293 1949 5347 dmuonunt

376 5402 674 5456 tormenta,
725 5392 887 5446 linem
934 5390 1240 5444 habebunt.
1273 5387 1540 5457 Quodque
1575 5386 1724 5453 impii
1754 5394 1808 5438 et
1839 5384 1951 5438 dte-

378 5501 571 5541 mones
633 5486 688 5540 in
745 5484 985 5554 priorem
1045 5496 1205 5536 suum
1270 5479 1519 5534 ordinem
1554 5487 1609 5531 et
1646 5483 1956 5530 statutnre-

376 5584 699 5641 stituetttur.
752 5577 982 5645 Insuper
1033 5572 1178 5644 quod
1222 5588 1323 5642 pro
1353 5569 1701 5624 daemonibus
1735 5582 1956 5638 quoque

376 5672 662 5727 Christum
728 5670 999 5740 cruciligi,
1061 5676 1227 5736 atque
1267 5664 1321 5719 id
1346 5667 1524 5734 ipsum
1550 5662 1748 5731 swpius
1779 5677 1953 5714 saecu-

385 5765 451 5819 lis
476 5764 678 5818 futuris
703 5762 812 5834 pati
844 5760 1123 5831 oportebit
1169 5775 1199 5813 a
1230 5756 1517 5828 spiritibus
1577 5752 1953 5821 malignitatis,

2061 4556 2375 4625 Ὠριγένους
2413 4552 2761 4617 δοξάζοντες.
2797 4550 2862 4600 ὲκ
2891 4547 3001 4599 τῶν
3042 4544 3238 4613 ἐκείνῳ
3274 4542 3627 4612 συγγραφέν-

2048 4663 2156 4697 των
2202 4641 2654 4710 ὲξεδιδάχθησαν’
2720 4640 2778 4691 ὲν
2832 4631 2913 4700 οἷς
2948 4636 3042 4689 καὶ
3101 4636 3226 4689 τάδε
3288 4636 3314 4687 ὁ
3350 4631 3627 4701 μανιώδης

2050 4735 2185 4803 φησί
2204 4750 2216 4763 ·
2252 4752 2268 4782 ι
2315 4733 2426 4800 Πρὸ
2456 4731 2548 4783 τοῦ
2584 4728 2836 4797 σώματος
2864 4725 3090 4796 ἡψυχὴ,
3115 4728 3174 4778 ὲν
3207 4724 3457 4793 οὐρανοῖς
3486 4719 3626 4788 αὐτῇ

2049 4823 2438 4892 γεγενημένων
2487 4819 2800 4890 ἁμαρτιῶν.
2837 4819 2997 4883 Λέγει
3042 4814 3177 4885 πρὸς
3208 4810 3419 4872 τούτοις
3445 4811 3539 4862 τόν
3567 4824 3627 4859 τε

2049 4918 2281 4987 οὐρανὸν
2328 4916 2422 4968 καὶ
2468 4914 2561 4967 τὸν
2610 4912 2786 4982 ἥλιον,
2823 4910 2921 4978 τὴν
2979 4907 3213 4976 σελήνην
3261 4922 3321 4957 τε
3357 4903 3455 4955 καὶ
3501 4900 3629 4964 τούς

2052 5010 2294 5079 ἀστέρας
2333 5008 2427 5060 καὶ
2457 5008 2523 5060 τά
2558 5005 2727 5059 ὕδατα
2769 5002 2839 5055 τά
2868 5002 3055 5053 ἐπάνω
3098 4999 3209 5053 τῶν
3233 4995 3505 5066 οὐρανῶν,
3535 4993 3631 5061 Ep.-

2050 5102 2221 5172 ψυχα,
2250 5103 2345 5151 καὶ
2373 5097 2598 5165 λογικάς
2631 5108 2787 5153 τινας
2813 5088 2954 5145 εἶναι
3001 5089 3265 5156 δυνάμεις
3292 5101 3306 5116 ⁶
3335 5084 3416 5137 ἔτι
3444 5082 3502 5136 δὲ
3537 5083 3632 5135 καὶ

2051 5194 2124 5257 ὡς
2158 5193 2310 5262 ἐν’τῇ
2377 5189 2675 5243 ἀναστάσει
2713 5183 3033 5255 σφαιροειδῆ
3079 5181 3147 5233 τά
3172 5180 3282 5232 τῶν
3326 5175 3634 5247 ἀνθρώπων

2055 5285 2361 5356 ἐγείρονται
2412 5282 2644 5350 σώματα
2673 5293 2689 5313 ν
2748 5276 2846 5330 καὶ
2884 5276 3081 5341 ὅτιπερ
3147 5272 3368 5323 πάντων
3419 5265 3632 5320 ἀσεϐῶν

2057 5378 2387 5449 ἀνθρώπων,
2426 5379 2521 5431 καὶ
2567 5375 2704 5444 πρὸς
2748 5388 2812 5440 γε
2840 5368 3114 5435 δαιμόνων
3152 5364 3429 5436 ηκόλασις
3459 5359 3631 5429 πέρας

2060 5474 2173 5543 ἔχει
2192 5490 2206 5505 ·
2234 5472 2329 5525 καὶ
2353 5467 2909 5535 ἀποκατασθήσονται
2939 5459 3153 5522 ἀσεϐεῖς
3178 5475 3235 5509 τε
3267 5458 3358 5509 καὶ
3378 5455 3632 5523 δαίμονες

2060 5571 2140 5629 εἰς
2184 5566 2284 5636 τὴν
2319 5562 2597 5635 προτέραν
2638 5558 2822 5611 αὐτῶν
2852 5556 3008 5620 τάξιν
3034 5570 3048 5583 ·
3088 5553 3182 5605 καὶ
3233 5551 3318 5603 ὅτι
3349 5548 3444 5601 καὶ
3495 5545 3635 5607 ὑπὲρ

2062 5658 2337 5727 δαιμόνων
2365 5656 2447 5707 δεῖ
2495 5654 2588 5706 τὶν
2634 5650 2872 5719 Χριστὸν
2926 5644 3350 5716 σταυρωθῆναι·
3382 5642 3476 5693 καὶ
3510 5637 3635 5727 πολ-

2064 5726 2222 5810 λάκις
2257 5743 2417 5807 τοῦτο
2461 5745 2538 5804 εί,
2576 5742 2701 5803 τοὺς
2732 5738 3023 5809 ἐσομένους
3065 5734 3269 5796 αἰῶνας
3303 5730 3496 5787 παθεῖν
3529 5726 3633 5778 ὐπὸ
