4094 6202
461 273 573 333 289

1361 274 1964 337 ECCLES'.l.-\STICIE
2005 275 2398 336 ΠΙΞΤΟΠΙᾸΞ
2442 277 2586 338 LIB.
2632 279 2815 342 XVII.

3623 284 3656 345 2
3676 283 3730 344 "0

463 392 576 441 τῶν
602 388 935 459 πνευμάτων
961 391 1060 458 τῆς
1110 394 1371 460 πονηρῖας
1427 394 1536 444 τῶν
1565 396 1621 446 ἐν
1657 396 1767 456 τοῖς
1811 396 2048 464 ἐπουρα-

2162 396 2246 463 qui
2318 395 2373 447 in
2431 394 2750 449 cmlcstibus
2811 402 2956 447 sunt.
3018 412 3034 444 ι
3101 394 3302 448 Verum
3363 409 3554 448 omnes
3587 398 3733 449 illius

466 482 621 544 νίοις.
661 499 679 532 ι
725 481 887 534 ’Λλλά
941 482 1118 535 πάντα
1169 484 1236 536 τὰ
1269 484 1373 536 τῶν
1408 486 1621 538 ἐκείνου
1681 486 2047 556 βλασφημιῶν

466 577 608 625 κατά
639 573 804 641 μέρος
835 573 1150 627 ἐκτίθεσθαι
1189 577 1396 646 μακρὸν
1423 577 1490 629 ἂν
1529 576 1612 646 εἴη
1643 594 1658 608 ο
1683 579 1880 632 εἰδέναι
1919 579 2046 648 μέν-

470 680 551 714 τοι
582 661 779 730 χρεὼν,
815 662 886 722 ὡς
923 658 1078 724 οὗτός
1125 665 1273 716 ἐστιν
1319 667 1345 716 ὁ
1376 668 1470 719 καί
1522 668 1760 720 Μάνεντι
1797 672 1889 722 καὶ
1942 670 2044 720 Σα-

469 752 686 822 ϐελλὲῳ,
713 753 906 825 ’Δρείῳ
937 771 992 806 τε
1025 756 1118 808 καὶ
1150 756 1423 827 Εὑνομίῳ,
1458 757 1539 810 ἔτι
1569 759 1641 812 δὲ’
1657 761 1751 813 καὶ
1777 759 1851 830 τῷ
1877 761 2048 830 λοιπῷ

469 845 577 895 τῶν
609 845 924 908 κακοδόξων
955 847 1124 917 χορῷ,
1159 848 1379 917 πρῶτος
1411 852 1522 910 τοῖς
1553 851 1948 920 συγγράμμασι
1981 855 2048 902 τά

471 937 693 1000 ζιζάνια
723 940 1092 1008 ἑπισπείρας·
1137 940 1570 1008 πεπερασμένην
1611 944 1851 1010 φάμενος
1903 944 2050 1011 ἔχειν

471 1029 706 1098 δύναμιν
732 1032 824 1082 τον
852 1031 986 1084 Θεόν
1007 1049 1022 1064 ο
1056 1033 1152 1086 καὶ
1198 1034 1459 1088 ἐλάττονα
1493 1037 1584 1088 τὸν
1637 1037 1764 1089 Υίὸν
1815 1037 1908 1089 τοῦ
1943 1040 2052 1091 [Ια-

474 1125 625 1192 τρὸς,
657 1127 749 1177 καὶ
795 1126 854 1177 τὸ
886 1126 1114 1194 Πνεῦμα
1172 1127 1335 1180 πάλιν
1366 1123 1529 1200 ἧττον
1572 1129 1668 1184 τοῦ
1710 1130 1840 1184 Υἱοῦ
1871 1148 1886 1162 ·
1921 1134 1949 1184 ὁ
1995 1133 2051 1184 Et

476 1218 604 1279 Υἱὸς
658 1220 865 1287 κτίσμα
917 1222 1012 1272 καὶ
1062 1221 1316 1290 γέννημα
1352 1223 1446 1275 τοῦ
1480 1225 1732 1294 Πατρόςο
1766 1224 1856 1276 καὶ
1910 1227 2052 1278 κατά

478 1313 655 1362 πάντα
699 1311 870 1379 μείων
895 1313 921 1363 ὁ
949 1312 1079 1375 Υἱὸς
1106 1312 1200 1365 τοῦ
1241 1315 1450 1384 Πατρός
1476 1330 1488 1342 ·
1523 1318 1619 1368 καὶ
1669 1317 1749 1369 ὅτι
1778 1315 1934 1384 ψιλὸς
1962 1317 2054 1369 ἄν·

475 1402 697 1469 θρωπος
722 1398 789 1472 ἦν
818 1421 831 1434 ·
875 1405 972 1456 καὶ
997 1405 1084 1457 ὅτι
1114 1406 1182 1457 τά
1210 1407 1492 1475 κτίσματα
1525 1408 1771 1460 συναῖδια
1800 1407 1876 1477 τῷ
1901 1408 2048 1477 Θεῷ·

475 1497 572 1550 καὶ
599 1495 734 1548 ἄλλα
766 1496 994 1550 τοιαῦτα
1026 1497 1234 1552 ἑκτοπα
1281 1499 1374 1551 καὶ
1409 1499 1671 1553 ἀλλόκοτα
1707 1500 2046 1571 βλασφημεῖ,

477 1586 572 1636 καὶ
601 1587 664 1636 ὲκ
701 1584 811 1637 τῶν
876 1586 1242 1638 Πλατωνικῶν
1297 1588 1536 1656 μάλιστα
1575 1588 1744 1654 δοξῶν
1791 1589 1853 1642 τὸ
1902 1590 2050 1642 λιτὸν

473 1672 583 1725 τῶν
609 1672 992 1725 ἀποστολικῶν
1034 1674 1326 1744 δογμάτων
1360 1677 1630 1754 συγχέων.
1667 1676 1814 1750 Πλὴν
1854 1679 1918 1732 ἐκ
1946 1680 2053 1732 τῶν

2153 486 2518 555 blasphemias
2571 487 2847 557 sigillatim
2921 502 3198 556 exponere
3266 489 3488 556 longum
3543 489 3730 543 inierit.

2158 577 2293 631 Illud
2323 593 2489 647 porro
2517 580 2656 632 scire
2687 586 2901 647 oportet
2923 619 2936 637 .
2967 579 3114 633 hunc
3167 581 3342 648 ipsum
3379 596 3498 634 esse
3529 581 3620 650 qui
3647 581 3732 633 in-

2153 683 2288 724 sano
2333 669 2557 733 Maneti,
2614 680 2669 724 et
2698 670 2983 734 Sabellio,
3013 672 3142 724 Ario
3162 682 3212 724 et
3241 672 3534 736 Eunomio,
3565 682 3734 742 atque

2153 761 2366 829 reliquo
2417 762 2558 814 male
2620 762 2972 815 sentientium
3026 764 3215 826 choro,
3244 763 3530 832 primusin
3555 767 3731 834 scrip-

2157 854 2225 908 tis
2281 868 2474 906 eorum
2524 854 2730 907 zizania
2769 854 3101 922 aspergendi
3145 856 3571 924 seminandique
3600 871 3734 909 auc-

2156 954 2240 997 tor
2287 944 2488 1004 fuerit,
2533 954 2591 996 ut
2624 944 2717 1010 qui
2754 942 2956 995 ﬁnibus
2995 944 3166 997 certis
3211 946 3559 998 terminatam
3618 949 3728 998 vim

2159 1035 2326 1087 Deum
2383 1035 2612 1096 habere,
2654 1035 2850 1087 Filium
2898 1035 3053 1086 Patre
3104 1035 3398 1097 minarem,
3425 1045 3480 1088 et
3510 1051 3729 1088 rursmu

2158 1126 2428 1194 Spiritum
2480 1123 2622 1178 Filio
2677 1124 2996 1178 inferiorem
3033 1142 3046 1178 :
3084 1126 3280 1179 Filium
3342 1138 3734 1181 crcatmamet

2155 1232 2378 1287 germen
2417 1217 2594 1271 Patris
2619 1259 2632 1277 ,
2665 1227 2830 1283 atque
2863 1233 2960 1286 per
2987 1218 3170 1272 omnia
3207 1218 3400 1271 Filium
3439 1219 3597 1272 Patre
3628 1221 3731 1270 mi-

2159 1321 2372 1369 norem,
2425 1305 2791 1374 eumdemque
2840 1322 3052 1359 merum
3093 1308 3399 1369 hominem,
3433 1319 3488 1361 et
3514 1320 3734 1362 creatu-

2157 1415 2246 1453 ras
2271 1409 2577 1453 comternas
2609 1415 2729 1454 esse
2766 1401 2898 1464 Deo,
2931 1400 3170 1453 dixerit.
3203 1400 3320 1454 Alia
3359 1400 3601 1470 denique
3631 1401 3733 1453 hu-

2151 1493 2244 1560 jus
2298 1493 2518 1562 generis
2570 1493 2811 1547 absurda
2848 1508 3078 1562 prorsus
3119 1503 3175 1547 et
3208 1495 3410 1559 aliena,
3436 1495 3601 1563 impie
3636 1510 3740 1563 per

2160 1585 2556 1654 blasphemiam
2593 1587 2821 1648 eil‘utiit,
2870 1587 3172 1641 Platonicis
3206 1588 3562 1656 opinionibus
3597 1589 3734 1642 sim--

2159 1677 2356 1745 plicein
2395 1677 2826 1745 apostolicorum
2860 1678 3176 1746 dogmatum
3212 1679 3596 1734 sinceritatem
3631 1681 3732 1734 mi-

474 1764 942 1833 ἀναθεματισμῶν
1002 1763 1096 1829 οὓς
1159 1767 1194 1839 ἡ
1247 1744 1499 1831 σύνοδοςῃ
1539 1744 1658 1822 κατ’
1715 1744 1881 1823 αῦτοῦ
1937 1770 2025 1836 se:

2162 1783 2321 1822 secus
2379 1779 2544 1836 atque
2598 1769 2946 1822 confundens
2969 1809 2981 1821 .
3007 1767 3112 1822 Sed
3147 1786 3212 1822 ex
3245 1770 3378 1838 ipsis
3410 1771 3734 1824 anathema-

475 1857 667 1926 ϐόησε,
719 1856 882 1925 δῆλος
935 1859 1226 1929 γενήσεται
1267 1861 1293 1912 ὁ
1345 1861 1520 1932 ἀνήρ’
1566 1862 1753 1932 ἔχουσι
1811 1862 1868 1916 δὲ
1913 1864 2051 1932 πρὸς

473 1951 622 2018 λέξιν
648 1945 750 2004 ὦδε
766 1967 780 1980 ·

1057 2174 1100 2226 Κ
1111 2173 1279 2226 ΕΦΛΛ
1290 2214 1304 2228 .
1348 2175 1389 2226 Κ
1402 2175 1483 2228 11’.

477 2263 618 2330 Περὶ
646 2261 766 2314 τῶν
789 2263 1201 2334 βλασφημιῶν
1239 2266 1598 2334 Ὠριγένους,
1623 2267 1719 2320 καὶ
1759 2267 1879 2320 τῶν
1909 2269 2052 2323 dra-

548 2331 928 2405 θεματισμῷν
963 2331 1070 2399 οὒζν
1101 2331 1544 2403 circae/(ariam
1576 2339 1734 2403 παρὰ
1758 2339 1868 2405 τῆς
1905 2356 2051 2394 συν-

550 2402 696 2455 όδου
719 2419 732 2432 ⁸
766 2404 862 2455 καὶ
890 2405 1027 2469 περί
1052 2421 1232 2457 τινων
1263 2406 1470 2459 ἄλλων
1498 2402 2045 2474 ἐκκλὴοηαατικών.

555 2516 655 2570 «Εἴ
676 2533 758 2579 τις
789 2517 934 2584 λέγει
957 2517 990 2585 ἢ
1025 2517 1136 2587 ἔχει
1167 2521 1543 2588 προῦπάρχειν
1573 2521 1666 2581 τὰς
1697 2522 1807 2573 τῶν
1841 2522 2052 2590 ἀνθρώ·

479 2629 598 2666 πων
625 2612 827 2681 ψυχὰς,
856 2609 942 2666 οἷα
967 2614 1159 2683 πρώην
1191 2614 1316 2674 νόας
1357 2613 1526 2676 οὔσας
1557 2616 1650 2676 καὶ
1701 2615 1862 2681 ἁγίας
1891 2616 2052 2668 δανὰ-

479 2722 641 2774 μεις⁶
700 2707 862 2777 κόρον
888 2707 942 2758 δὲ
972 2706 1243 2770 λαϐούσας
1291 2707 1389 2777 τῆς
1435 2709 1584 2770 θείας
1643 2706 1900 2778 Θεωρίας,
1957 2707 2052 2760 καὶ

477 2799 613 2868 πρὸς
651 2798 710 2851 τὸ
744 2802 928 2869 χεῖρον
958 2802 1291 2868 τραπείσας·
1324 2805 1417 2853 καὶ
1446 2801 1534 2854 δά
1569 2801 1727 2854 τοῦτο
1753 2803 2056 2871 ἀποψυγεί-

479 2907 578 2953 σας
612 2891 710 2960 μὲν
743 2892 840 2959 τῆς
879 2891 972 2944 τοῦ
1021 2893 1155 2944 Θεοῦ
1187 2894 1409 2961 ἀγάπης
1431 2909 1444 2922 ·
1484 2893 1736 2946 ἐντεῦθεν
1787 2894 1843 2946 δὲ
1877 2896 2055 2963 ψυχάς

479 2985 897 3055 ὀνομασθείσας,
929 2988 1021 3038 καὶ
1047 2989 1316 3058 τιμωρίας
1347 2988 1508 3058 χάριν
1531 2991 1609 3051 είς
1631 2989 1859 3058 σώματα
1887 3009 2054 3043 κατα-

2160 1861 2367 1923 tismis,
2406 1875 2546 1928 quos
2587 1861 2639 1912 in
2682 1876 2806 1914 cum
2841 1861 3084 1930 synodus
3146 1862 3439 1922 contorsit,
3479 1862 3656 1930 qualis
3691 1863 3738 1914 is

2158 1951 2245 2004 vir
2306 1950 2495 2016 inerit,
2559 1952 2855 2004 manifesm
2927 1953 3154 2017 patebit.
3208 1951 3313 2017 Qui
3366 1952 3434 2006 de
3465 1953 3633 2006 verbo
3667 1952 3734 2007 ad

2159 2043 2384 2097 verbum
2419 2044 2498 2098 sic
2528 2043 2732 2098 habent
2773 2061 2786 2096 :

2689 2171 2914 2226 CAPUT
2949 2171 3194 2225 XXVIII.

2165 2264 2237 2317 De
2267 2263 2608 2333 blasphemiis
2639 2264 2907 2332 Origems.
2941 2274 2987 2314 rt
3020 2264 3506 2322 anathematismis.
3551 2265 3739 2333 quibus

2231 2345 2306 2386 est
2331 2354 2360 2387 a
2393 2338 2592 2400 synodo
2627 2343 2888 2387 nim-tatus
2912 2349 2929 2386 :
2957 2344 3003 2384 et
3046 2336 3107 2386 de
3143 2336 3454 2402 quibusdam
3489 2335 3614 2389 aliis
3649 2351 3735 2388 re-

2233 2410 2326 2457 bus
2352 2407 2744 2458 ecclesiasticis.

2236 2537 2254 2569 ι
2282 2518 2336 2572 Si
2370 2517 2494 2586 quis
2534 2517 2687 2582 dicit,
2719 2527 2815 2570 aut
2849 2519 3037 2581 sentit,
3072 2517 3353 2570 hominum
3385 2519 3596 2573 animas
3627 2519 3736 2572 vcl-

2162 2610 2240 2664 uti
2293 2615 2448 2679 prius
2497 2620 2817 2674 exstantes,
2891 2610 3294 2663 intellectuales
3354 2623 3566 2664 mentes
3621 2611 3743 2666 sive

2163 2715 2392 2758 naturas
2449 2715 2506 2758 et
2547 2717 2768 2765 sanctas
2846 2704 3084 2757 virtutes
3143 2705 3546 2772 praexsistcrc,
3601 2720 3737 2756 eou-

2165 2798 2520 2868 templatione
2563 2811 2696 2851 vero
2747 2796 2928 2849 divina
2995 2797 3315 2859 exsatiatas,
3356 2807 3521 2863 atque
3560 2797 3610 2848 in
3639 2795 3738 2849 de-

2167 2891 2338 2945 terius
2382 2891 2666 2960 prolapsas
2693 2929 2707 2956 ,
2741 2899 2796 2943 et
2825 2889 2972 2959 quod
3024 2889 3078 2942 in
3121 2889 3203 2942 eis
3244 2888 3484 2942 charitas
3529 2887 3622 2940 υίιί
3656 2904 3743 2942 τοι

2166 2986 2400 3050 frixerit,
2447 2985 2574 3038 inde
2626 2983 2826 3053 ῷυχάς,
2889 2983 2942 3036 id
2993 2993 3098 3044 est,
3141 2985 3353 3034 animas
3389 2983 3543 3050 quasi
3577 2981 3738 3034 refri-

480 3080 850 3146 πεμφθεὶσας,
909 3081 1180 3150 ἀνάθεμα.
1218 3083 1282 3134 Εἴ
1311 3100 1394 3144 τις
1424 3084 1572 3150 λέγει
1621 3083 1651 3152 ἢ
1686 3084 1799 3152 ἔχει
1833 3085 1931 3153 τὴν
1960 3084 2054 3136 τοῦ

2166 3089 2453 3150 gescentes
2509 3079 2837 3143 nominatas,
2887 3086 2940 3130 et
2987 3092 3161 3146 pix-mae
3211 3076 3383 3146 gratia
3413 3076 3464 3128 in
3502 3090 3741 3144 corpora

480 3172 686 3243 Κυρίου
718 3171 894 3242 ψυχὴν
931 3174 1335 3245 προϋπάρχειν,
1375 3178 1466 3228 καὶ
1517 3177 1803 3246 ἡνωμένην
1829 3178 2059 3245 γεγενῆ-

480 3268 602 3320 σθαι
622 3265 699 3334 τῷ
726 3266 845 3334 Θεῷ
864 3267 1022 3336 Λόγῳ
1045 3269 1150 3337 πρὸ
1179 3269 1274 3334 τῆς
1303 3269 1366 3321 ὲκ
1395 3269 1676 3339 Παρθένου
1724 3271 2058 3341 σαρκώσεώς

478 3374 535 3412 τε
571 3359 665 3412 καὶ
707 3360 1035 3428 γεννήσεως,
1098 3359 1350 3428 ἀνάθεμα
1409 3363 1569 3414 ἔστω.
1612 3363 1675 3414 Ei
1713 3381 1798 3425 τις
1845 3364 2055 3433 λέγειῆ

479 3449 592 3516 εχει
621 3450 834 3517 πρῶτον
871 3450 1180 3505 πεπλᾶσθαι
1217 3453 1278 3506 τὸ
1310 3453 1468 3524 σῶμα
1501 3454 1592 3508 τοῦ
1631 3458 1838 3526 Κυρίου
1901 3458 2060 3526 ἡμῶν

489 3539 666 3612 Ἰησοῦ
696 3543 935 3610 Χριστοῦ
991 3545 1048 3596 ὲν
1095 3546 1161 3615 τῇ
1211 3547 1398 3617 μήτρᾳ
1426 3549 1523 3615 τῆς
1555 3549 1718 3615 ἁγίας
1756 3550 2057 3617 Παρθένου,

478 3635 572 3684 καὶ
606 3634 742 3702 μετά
769 3635 944 3687 ταῦτα
971 3635 1241 3706 ἐνωθῆναι
1273 3639 1423 3710 αὑτῷ
1454 3639 1545 3692 τὸν
1577 3641 1711 3694 Θεὸν
1739 3643 1932 3710 Λόγον,
1967 3646 2061 3697 καὶ

477 3727 578 3796 τὴν
605 3726 783 3796 ψυχὴν
809 3728 884 3790 ὡς
937 3729 1392 3799 προϋπάρξασαν⁷
1418 3733 1665 3803 ἀνάθεμα
1688 3736 1851 3790 ἔστω.
1887 3737 1951 3790 EE
1976 3754 2059 3799 τις

476 3820 626 3886 λέγει
685 3819 717 3892 ἡ
757 3821 869 3890 ἐχει
919 3825 1055 3876 πᾶσι
1089 3827 1201 3887 τοῖς
1234 3825 1580 3896 ἐπουρανίοις
1633 3827 1917 3898 τάγμασιν
1943 3830 2062 3894 ἐξο-

481 3915 780 3982 μοιωθῆναι
811 3915 902 3967 τὸν
933 3915 1027 3967 τοῦ
1071 3915 1203 3969 Θεοῦ
1231 3918 1428 3985 Λόγον,
1469 3920 1767 3990 γενόμενον
1812 3925 1924 3986 τοῖς
1953 3926 2061 3977 Χε-

481 4002 682 4071 ρουϐὶμ
706 4003 1039 4072 Χερουεεὶμ.
1076 4006 1168 4056 καὶ
1194 4008 1309 4069 τοῖς.
1330 4006 1583 4077 Σεραφὶμ
1613 4009 1915 4079 Σεραφεὶμ,
1966 4014 2062 4065 καὶ

481 4098 678 4180 πάσαις
715 4097 902 4158 ἁπλῶς
948 4099 1068 4160 ταῖς
1113 4098 1226 4152 ἀνω
1279 4098 1578 4168 δυνάμεσιν
1637 4102 2059 4172 ἑξομοιωθέντα,

477 4190 725 4257 ἀνάθεμα
755 4191 914 4244 ἔστω.
944 4191 1009 4242 Εἴ
1036 4208 1114 4254 τις
1150 4190 1298 4259 λέγει
1339 4191 1377 4260 ἢ
1407 4191 1519 4261 ἔχει
1555 4195 1612 4245 ὲν
1657 4197 1721 4264 τῇ
1761 4196 2059 4249 ἀναστάσει

480 4281 800 4350 σφαιροειδῆ
830 4282 897 4334 τὰ
924 4283 1033 4332 τῶν
1069 4283 1376 4350 ἀνθρώπων
1428 4284 1742 4354 ἐγείρεσθαι
1804 4287 2056 4356 σώματα,

480 4377 574 4427 καὶ
607 4376 703 4443 οὐχ
729 4375 982 4443 ὁμολογεῖ
1011 4375 1230 4444 ὀρθίους
1257 4377 1407 4445 ἡμᾶς
1437 4379 1771 4448 ἐγείρεσθαι,
1804 4382 2054 4452 ἀνάθεμα

2163 3175 2431 3227 dcmissas
2474 3187 2616 3234 esse,
2675 3174 2961 3223 anathema
3024 3169 3115 3223 sit.
3176 3168 3231 3222 Si
3283 3169 3409 3238 quis
3457 3169 3612 3231 dicit,
3641 3176 3736 3220 aut

2161 3265 2349 3326 sentit,
2408 3264 2644 3318 animam
2701 3262 2912 3316 Domini
2948 3262 3376 3330 praeexstitisse,
3414 3261 3736 3331 unitamque

2163 3373 2284 3412 esse
2347 3357 2458 3410 Deo
2507 3355 2688 3412 Verbo
2721 3355 2884 3424 779
2915 3365 3042 3408 ante
3078 3355 3516 3408 incarnationem
3552 3365 3608 3409 et
3639 3372 3738 3408 na—

2168 3448 2436 3501 tivitatem
2491 3462 2557 3501 ex
2609 3447 2852 3514 Virgine,
2888 3446 3175 3498 anathemi
3214 3446 3305 3499 sit.
3346 3446 3402 3499 Si
3429 3447 3553 3514 quis
3581 3447 3734 3511 dicit,

2163 3551 2258 3592 aut
2313 3543 2504 3599 sentit,
2557 3537 2709 3605 prius
2762 3537 3061 3589 formatum
3123 3553 3246 3590 esse
3286 3552 3490 3606 corpus
3521 3539 3736 3591 Domini

2162 3631 2340 3684 nostri
2390 3629 2519 3683 Iesu
2577 3628 2785 3682 Christi
2839 3628 2892 3680 in
2939 3639 3094 3680 utero
3137 3628 3379 3698 Virginis
3427 3639 3652 3693 sanctae.
3683 3642 3739 3685 ct

2161 3723 2427 3790 deinceps
2487 3722 2702 3774 unitum
2768 3736 2892 3774 esse
2951 3721 3001 3773 ei
3067 3720 3234 3774 Deum
3273 3721 3534 3788 Verbum,
3571 3735 3738 3793 atque

2162 3817 2441 3880 animam,
2511 3827 2570 3867 ut
2617 3830 2739 3882 qua:
2795 3814 2950 3882 prius
2981 3815 3274 3880 extisterit,
3308 3816 3601 3869 anathema
3644 3817 3739 3871 sit.

2163 3912 2218 3968 Si
2259 3913 2387 3982 quis
2429 3913 2587 3974 dicit.
2631 3922 2726 3966 aut
2769 3912 2976 3974 sentit,
3010 3911 3266 3965 omnibus
3299 3909 3621 3964 cmlestibus
3649 3924 3739 3961 or—

2163 4006 2388 4060 dinibus
2419 4004 2780 4059 assimilatum
2827 4018 2949 4058 esse
2982 4004 3075 4057 Βιτί
3118 4002 3381 4068 Verbum,
3417 4002 3490 4056 ita
3534 4009 3594 4055 ut
3634 4002 3737 4070 ipsi

2163 4098 2464 4155 Cberubim
2516 4100 2692 4152 factus
2749 4098 3188 4163 sitﬁberubim,
3222 4108 3277 4150 et
3305 4095 3413 4164 ipsi
3447 4093 3739 4162 Serapbim

2164 4193 2341 4248 factus
2399 4191 2713 4261 Seraphin).
2815 4189 3187 4260 omnibusque
3268 4188 3408 4242 adeo
3480 4187 3744 4256 superuis

2164 4285 2466 4342 virtutibus
2495 4299 2723 4354 prorsus
2754 4299 2876 4339 esse
2902 4292 3276 4352 exs-qualum.
3323 4283 3615 4336 anathema
3645 4281 3741 4334 sit.

2165 4381 2224 4436 Si
2257 4381 2382 4450 quis
2421 4379 2578 4441 dicit,
2605 4389 2699 4431 aut
2721 4376 2912 4440 Sentit,
2943 4378 2996 4428 in
3052 4375 3455 4428 resurrectione
3489 4372 3739 4426 rotundae

479 4469 639 4519 ἔστω.
675 4469 738 4519 Ei
763 4483 848 4528 τις
872 4466 1026 4533 λέγει
1077 4467 1309 4538 οὐρανὸν
1356 4469 1446 4521 καὶ
1491 4469 1644 4538 ἥλιον
1676 4471 1772 4523 καὶ
1825 4471 2055 4542 σελήνην

2163 4481 2218 4526 et
2274 4470 2605 4526 orbicularis
2637 4471 2822 4537 ﬁgura;
2854 4467 3143 4520 hominum
3175 4481 3405 4534 corpora
3438 4474 3739 4518 exsuscita-

484 4564 577 4610 καὶ
632 4562 867 4628 ἀστέρας
923 4562 1017 4611 καὶ
1050 4559 1215 4612 ὕδατα
1242 4562 1306 4613 τὰ
1336 4560 1593 4631 ὑπεράνω
1647 4563 1754 4616 τῶν
1787 4565 2057 4634 οὐρανῶν,

482 4652 760 4720 ὶμψῦχους
791 4653 884 4704 καὶ
915 4639 1267 4713 ὑλικὰςέίναί
1301 4670 1456 4715 τινας
1494 4654 1777 4724 δυνάμεις,
1809 4657 2060 4729 ἀνάθεμα

483 4745 644 4797 ἔστω.
682 4745 746 4796 ει
772 4760 854 4806 τις
881 4743 1030 4813 λέγει
1059 4743 1092 4814 ἢ
1120 4744 1229 4813 ἔχει
1259 4747 1340 4797 ὅτι
1379 4747 1702 4818 όΔεσπότης
1743 4749 1978 4818 Χριστὸς
2004 4753 2062 4804 ἐν

485 4838 564 4906 τῷ
599 4835 847 4904 μέλλοντι
897 4838 1054 4890 αἰῶνι
1107 4839 1562 4910 σταυρωθήσεται
1597 4841 1737 4913 ὑπὲρ
1786 4843 2062 4914 δαιμόνων

483 4930 628 4982 καθά
661 4930 751 4982 καὶ
789 4931 930 4998 ὑπὲρ
984 4931 1314 5000 ἀνθρώπων,
1370 4933 1617 5004 ἀνάθεμα
1663 4933 1823 4990 ἔστω.
1871 4935 1940 4988 Et
1981 4955 2064 5000 τις

482 5023 631 5087 λέγει
667 5023 702 5091 ἦ
736 5025 850 5092 ἔχει
882 5027 1312 5095 πεπερασμένην
1345 5021 1487 5078 εἶναι
1535 5027 1635 5098 τὴν
1669 5029 1761 5081 τοῦ
1795 5029 1930 5083 Θεοῦ
1966 5031 2061 5083 δύ-

485 5133 547 5168 να
559 5135 676 5184 μιν,
701 5119 795 5169 καὶ
821 5117 1062 5172 τοσαῦτα
1091 5117 1253 5171 αὐτὸν
1287 5119 1697 5192 δημιουργῆσαι
1731 5124 1874 5176 ὅσων
1908 5141 2065 5194 περι-

482 5208 804 5277 ὂράξασθαι,
829 5209 1078 5278 ἀνάθεμα
1107 5210 1267 5264 ἔστω.
1304 5211 1370 5265 Et
1395 5229 1478 5276 τις
1504 5212 1652 5278 λέγει
1686 5214 1717 5283 ἤ
1745 5213 1860 5284 ἔχει
1891 5217 2066 5286 πρόσ-

484 5318 680 5369 καιρον
713 5299 850 5354 εἶναι
903 5304 1002 5372 τὴν
1027 5303 1134 5355 τῶν
1164 5304 1436 5374 δαιμόνων
1466 5306 1562 5358 καὶ
1592 5307 1807 5360 ἀσεϐῶν
1853 5308 2068 5379 ἀνθρὼ-

487 5409 604 5444 πων
641 5393 887 5458 κόλασιν,
948 5396 1043 5447 xui.
1095 5396 1246 5457 τέλος
1307 5397 1449 5449 κατά
1487 5413 1609 5449 τινα
1668 5401 1862 5468 χρόνον
1895 5401 2068 5470 αὐτὴν

484 5483 628 5548 ἕξειν
653 5523 672 5550 ,
711 5485 882 5556 mm
916 5487 1366 5542 ἀποκατάστασιν
1397 5489 1651 5556 γενέσθαι
1706 5491 1981 5560 δαιμόνων
2030 5493 2062 5562 ἢ

484 5577 696 5630 ἀσεϐῶν
728 5578 1055 5646 ἀνθρώπων,
1087 5578 1338 5650 ἀνάθεμα
1395 5581 1558 5636 ἔστω.
1602 5581 1878 5654 Ἀνάοεμα
1923 5585 2069 5654 Ὠρι-

557 5731 633 5802 (ι)
679 5730 890 5802 Rigida:
920 5730 1218 5802 (Lactant.)

2166 4576 2303 4630 tum,
2364 4578 2542 4632 neque
2599 4562 2894 4616 confitetur
2925 4569 3144 4613 erectos
3196 4574 3298 4612 nos
3323 4557 3620 4611 excitatum
3647 4556 3742 4618 iri,

2161 4662 2454 4714 anathema
2511 4656 2602 4709 sit.
2667 4654 2727 4708 Si
2781 4653 2908 4723 quis
2955 4653 3124 4717 dicit,
3158 4651 3356 4706 coelum
3383 4663 3436 4704 et
3465 4651 3746 4714 solem,et

2164 4753 2350 4806 lunam
2392 4759 2448 4804 et
2478 4733 2684 4813 stellas,
2713 4758 2770 4804 et
2817 4762 2990 4817 aquas
3045 4762 3167 4816 qua:
3195 4761 3359 4814 supra
3388 4746 3558 4800 caalos
3587 4755 3742 4806 sunt,

2165 4845 2434 4897 animatas
2490 4841 2760 4911 quasdam
2813 4855 2935 4894 esse
2993 4849 3050 4894 et
3109 4838 3423 4894 materiales
3480 4839 3743 4897 virtutes,

2165 4936 2457 4990 anathema
2495 4935 2588 4989 sit.
2640 4933 2696 4988 Si
2751 4933 2876 5003 quis
2917 4932 3076 4996 dicit,
3101 4942 3196 4985 aut
3219 4931 3410 4992 sentit,
3445 4930 3746 4984 Dominum

2164 5028 2444 5082 Christum
2470 5028 2524 5081 in
2573 5027 2759 5082 sceulo
2819 5026 3007 5080 iuturo
3033 5040 3132 5093 pro
3155 5024 3520 5087 darinonibus,
3552 5038 3748 5092 quem-

2167 5120 2468 5175 admodum
2546 5129 2603 5174 et
2694 5134 2794 5187 pro
2851 5117 3196 5177 hominibus.
3252 5116 3576 5170 cruciﬁxum
3630 5114 3747 5175 iri,

2166 5214 2459 5268 anathema
2503 5211 2595 5266 sit.
2645 5211 2700 5265 Si
2752 5210 2872 5280 quis
2919 5209 3074 5268 dicit.
3129 5217 3223 5261 aut
3262 5209 3452 5266 sentit,
3484 5208 3749 5259 virtutem

2169 5306 2264 5361 Dei
2297 5305 2646 5360 terminatam
2685 5317 2829 5366 esse,
2870 5317 3110 5371 eumque
3145 5309 3360 5353 tantum
3389 5298 3747 5352 increationc

2170 5399 2509 5457 condidisse.
2546 5405 2814 5466 quantum
2850 5397 3176 5464 complexus
3207 5395 3300 5456 sit,
3329 5393 3618 5446 anathema
3649 5389 3742 5443 sit.

2171 5495 2230 5548 Si
2300 5492 2428 5562 quis
2479 5489 2634 5552 dicit,
2681 5499 2774 5542 aut
2801 5488 2990 5551 sentit,
3021 5498 3373 5556 tetnporanea
3396 5501 3516 5538 esse
3545 5485 3748 5535 daemo-

2173 5602 2304 5642 num
2361 5593 2419 5641 et
2468 5583 2764 5655 impiorum
2813 5580 3101 5635 hominum
3137 5590 3430 5642 tormenta,
3467 5577 3753 5644 (iuuenique
