4094 6202
395 259 505 322 2’93

1294 244 1890 307 ECCLESIASTIC.‘E
1929 244 2316 305 HISTORH!
2348 245 2492 305 LIB.
2542 245 2730 310 Χνῐι.

3547 245 3656 309 2θὲ

397 387 503 439 περ
539 365 963 432 ἀνθιστάμενος,
987 357 1081 413 τοῦ
1118 357 1310 428 θρόνου
1342 355 1697 409 ἐκϐάλλεται·
1727 354 1974 408 ἀντεισά-

2079 367 2202 407 cere
2226 353 2450 418 volenti,
2489 369 2522 407 e
2563 353 2760 408 throno
2802 352 3146 407 deturbatur.
3197 351 3392 408 Joanni
3423 369 3554 408 vero
3586 365 3655 408 ει

392 474 554 527 γεται
606 455 663 508 δὲ
713 451 976 520 Ἰωάννης
1010 451 1038 503 ὀ
1067 450 1131 501 ὲκ
1169 446 1262 500 τοῦ
1315 445 1563 516 Σιρίμιος
1623 444 1971 514 ὡρμημένος.

394 552 576 619 Κώμη
609 549 665 599 δὲ
701 544 841 614 αὕτη
893 545 950 595 ἐν
982 545 1048 612 τῇ
1108 541 1392 608 Κυνηγικῇ
1451 535 1607 608 χώρᾳ
1654 536 1973 607 διακειμένη

393 639 721 710 έγτειτόηυν
757 634 1091 704 ’Λντιοχείας
1141 631 1396 700 κειμένη.
1439 629 1572 681 Τίνα
1605 629 1665 682 δὲ
1712 630 1781 681 τά
1812 631 1978 682 καινά

396 736 542 799 ειπερ
574 728 822 793 εἰσάγειν
875 723 1050 793 ᾕρητο
1084 717 1362 789 βασιλεὺς,
1414 716 1482 769 δι’
1511 715 1546 769 ἃ
1579 715 1672 767 καὶ
1714 714 1976 784 Εὑτύχιος

393 822 655 889 ἁπεὼσθη
693 819 785 873 τοῦ
817 817 1035 888 θρόνου,
1059 813 1228 880 λέξων
1272 811 1529 882 ἔρχομαι.
1564 808 1732 862 Οὔπω
1758 809 1970 878 συχνὸς,

397 919 469 979 ὡς
500 916 737 983 εἴρηται.
772 909 911 979 μετά
943 906 1039 977 τὴν
1073 903 1114 957 ε’
1135 904 1351 958 σύνοδον
1377 901 1714 971 παριππεύει
1745 900 1936 970 καιρός
1955 916 1971 933 ·

398 1011 490 1061 καὶ
512 1009 540 1060 ὁ
567 1005 671 1057 τῶν
699 999 956 1067 ζιζανίων
989 997 1154 1051 πάλαι
1186 995 1445 1062 σπορεὺς,
1476 992 1576 1060 τὴν
1604 990 1703 1059 τῆς
1739 989 1973 1060 Ἐκκλη-

399 1103 520 1161 aia;
574 1097 893 1151 εὐστάθειαν
958 1089 1222 1160 μηδαμῶς
1251 1087 1384 1156 ὁρᾷν
1421 1085 1765 1154 ἀνεχόμενος,
1792 1082 1978 1135 διασα-

397 1193 574 1245 λεύειν
626 1187 854 1254 ταύτην,
916 1183 1107 1250 ὥσπερ
1145 1178 1254 1231 τισὶ
1293 1177 1691 1247 μηχανήμασι,
1757 1172 1974 1242 σαθροῖς

395 1285 665 1349 δόγμασιν
698 1276 853 1337 αὖθις
903 1274 1103 1340 πεῖραν
1129 1268 1399 1339 προσῆγε.
1427 1265 1548 1317 Τῶν
1586 1263 1697 1332 γὰρ
1736 1263 1974 1331 Σευήρου

395 1373 686 1439 δογμάτων
719 1370 820 1438 τῆς
868 1362 1196 1434 Ἐκκλησίας
1225 1359 1687 1427 ἀπεληλαμένων,
1736 1357 1828 1408 καὶ
1868 1355 1976 1407 τῶν

396 1467 651 1520 τάκείνου
690 1461 1057 1531 φρονεύντων,
1107 1455 1188 1507 ἔτι
1223 1454 1280 1507 δὲ
1334 1453 1648 1523 Ὠριγένους
1675 1451 1768 1502 καὶ
1823 1447 1977 1501 Διδύο

401 1575 528 1626 μου,
564 1559 659 1608 καὶ
701 1552 1001 1621 Εύαγρίου.
1050 1549 1143 1601 καὶ
1195 1546 1304 1598 τῶν
1335 1545 1511 1599 ἄλὶων
1562 1542 1636 1604 ὡς
1671 1540 1974 1594 ἀλλοκότων

401 1645 690 1712 δογμάτων
740 1637 1196 1709 παραδεδομένων
1250 1633 1328 1702 τῷ
1372 1631 1710 1700 ἀναθέματιο
1745 1628 1838 1679 καὶ
1867 1626 1974 1694 πρὸ

2079 445 2202 498 vit-o
2253 444 2341 498 cui
2390 445 2609 501 Sirimis
2661 460 2862 499 nomen
2894 454 2998 508 est,
3026 445 3080 498 in
3108 443 3375 515 Cynegica
3407 443 3654 514 regione,

2078 549 2191 588 non
2222 535 2383 604 longe
2409 537 2477 589 ab
2517 536 2805 590 Antiochia
2834 537 2960 600 sita,
2988 545 3168 588 ortum
3205 536 3450 598 ducenti,
3498 537 3658 590 sedes

2079 640 2144 680 ea
2197 628 2587 680 committitur.
2651 625 2782 692 Quae
2843 643 2978 682 vero
3011 642 3162 680 novat
3196 627 3313 682 ista:
3337 641 3422 680 res
3451 627 3658 680 fuerint

2079 733 2217 786 quas
2247 719 2548 786 imperator
2584 718 2847 773 inducere
2875 719 3259 782 constituerat,
3289 719 3654 788 quamobrem

2077 811 2242 862 etiam
2289 809 2588 880 Eutychius
2636 812 2953 878 episcopatu
3019 810 3282 879 expulsus
3335 824 3412 862 εει
3471 809 3658 862 dicere

2078 917 2321 971 pergam.
2359 899 2609 954 Nondum
2637 902 2868 954 multum
2895 941 2908 962 ,
2937 901 3096 954 sicuti
3123 902 3329 954 dictant
3362 912 3462 964 est,
3494 902 3653 970 731

2081 1011 2106 1046 a
2173 995 2369 1063 quinta
2423 993 2634 1062 synodo
2681 994 3023 1062 przetcricrat
3096 1002 3333 1062 temptts,
3393 1003 3450 1046 et
3502 1003 3657 1048 vetus

2081 1084 2416 1137 zizaniorum
2454 1093 2638 1148 sator,
2683 1084 2830 1153 quod
2888 1099 3235 1154 nequaquam
3299 1085 3655 1154 tranquillum

2079 1175 2337 1231 Ecclesia:
2386 1185 2586 1229 statum
2613 1192 2840 1231 cernere
2890 1185 3094 1245 posset,
3130 1187 3186 1230 ut
3212 1192 3332 1229 eam
3367 1178 3659 1245 perturba-

2079 1279 2182 1332 ret,
2246 1271 2540 1336 depravata
2603 1284 2821 1321 rursum
2875 1268 3128 1338 dogmata
3195 1269 3351 1337 quasi
3393 1273 3658 1337 quasdam

2081 1360 2361 1413 machinas
2405 1360 2452 1412 ei
2506 1359 2784 1412 admovit.
2817 1357 2951 1412 Cum
3011 1373 3246 1428 namque
3297 1360 3484 1414 Severi
3532 1360 3661 1414 doc-

2082 1456 2224 1504 trina
2279 1467 2346 1504 ex
2403 1452 2643 1505 Ecclesia
2671 1453 2896 1520 rejecta,
2935 1460 2992 1505 et
3030 1455 3123 1520 qui
3153 1453 3300 1505 illam
3331 1455 3505 1506 secuti
3538 1453 3659 1506 fue-

2083 1552 2206 1595 rant
2263 1551 2428 1612 atque
2473 1545 2639 1595 etiam
2700 1543 2951 1610 Origenis
2985 1555 3039 1597 et
3063 1543 3280 1613 Didymi
3312 1553 3368 1598 et
3406 1544 3655 1612 Evagrii,

2081 1635 2424 1704 aliorumque
2483 1637 2656 1688 aliena
2717 1645 2880 1703 atque
2937 1637 3172 1690 absurda
3228 1636 3504 1704 dogmata,
3558 1653 3660 1690 nec

399 1710 611 1785 τούτων
648 1731 927 1799 Ἀνθεμου,
962 1727 1168 1794 Πέτρου
1199 1740 1255 1775 τε
1283 1721 1379 1773 καὶ
1410 1719 1600 1788 Ζωόρα
1634 1716 1742 1769 τῶν
1791 1717 1974 1768 δυσσε-

2082 1743 2187 1779 non
2221 1737 2348 1780 ante
2381 1728 2480 1781 hos
2502 1728 2746 1780 Anthimi
2781 1742 2832 1781 et
2869 1728 3012 1781 Petri
3047 1739 3102 1782 et
3137 1728 3324 1782 Zoora:
3362 1730 3660 1797 impiorum

400 1825 537 1889 δῶν,
577 1822 628 1874 οἱ
667 1819 1056 1889 προειρημένοι
1094 1815 1200 1869 ἀπὸ
1231 1811 1528 1866 Ἰουλιανοῦ
1564 1809 1658 1862 τοῦ
1715 1807 1974 1876 Ἀλικαρ-

395 1918 610 1975 νασέως
639 1917 734 1967 καὶ
782 1911 1010 1965 Γαῖανοῦ
1060 1909 1378 1977 Σευηρῖται,
1413 1904 1764 1974 προσχήματι
1825 1900 1979 1950 εὐσε-

399 2009 576 2070 ΰεέας,
606 2005 760 2065 τινάς
800 2002 922 2056 λίαν
961 1998 1246 2054 ἀνέπειθον
1277 1996 1519 2068 στερρῶς
1552 1991 1975 2052 ἀντιϐαίνοντες,

396 2098 592 2165 ὅτιπερ
633 2096 665 2163 ὴ
705 2097 767 2146 ὲκ
804 2092 1079 2161 Παρθένου
1107 2091 1183 2160 τῷ
1215 2091 1426 2157 Σωτῆρι
1474 2085 1694 2156 Χριστῷ
1730 2084 1976 2153 Προσλη-

399 2191 598 2260 φθεῖσα
631 2186 769 2256 σὰρξ
819 2186 926 2254 πρὸ
953 2169 1046 2236 τοῦ
1080 2183 1286 2244 πάθους
1322 2180 1599 2246 ἄφθαρτος
1647 2174 1737 2248 ἦν.
1784 2176 1980 2244 Ἡμεῖς

398 2287 532 2352 γάρ.
570 2282 777 2348 έῖιεγον,
805 2279 1022 2349 ἀνάγκῃ
1077 2275 1291 2342 φύσεως
1319 2274 1387 2325 τά
1431 2271 1637 2340 ταύτης
1677 2270 1980 2338 περιφέρο-

404 2393 506 2442 μεν
539 2372 708 2440 πάθη,
747 2373 938 2423 πεῖναν
991 2371 1134 2436 φημὶ
1164 2370 1254 2419 καὶ
1290 2365 1452 2434 δίψαν
1502 2363 1598 2416 καὶ
1627 2364 1694 2414 τά
1725 2361 1872 2431 ἑξῆς.
1918 2359 1980 2412 ’0

397 2466 456 2518 δὲ
491 2463 746 2531 Χριστὸς,
790 2462 885 2514 an
934 2459 997 2526 δὴ
1027 2460 1251 2526 πάσχων
1283 2455 1424 2508 ὲκὼν
1448 2494 1463 2520 ,
1499 2454 1597 2506 οὐκ
1629 2453 1819 2520 ὲπίσης
1846 2453 1980 2521 ἡμῖν

399 2560 510 2619 τοῖς
547 2556 644 2624 τῆς
680 2555 892 2622 φύσεως
920 2553 1107 2622 νόμοις
1129 2551 1394 2604 δουλεύων
1442 2544 1533 2617 ἦν.
1568 2547 1709 2616 Πρὸς
1753 2546 1894 2616 ἂπερ
1929 2546 1978 2598 oi

397 2649 756 2710 εὐσεϐοῦντες
807 2647 1103 2715 άντέφερον
1157 2645 1440 2712 λέγοντες,
1492 2642 1684 2707 ὅτιπερ
1745 2637 1807 2691 El
1884 2637 1978 2692 καὶ

402 2741 651 2795 ἑκούσιον
683 2741 742 2791 τὸ
782 2737 972 2799 πάθος,
1006 2735 1122 2789 ἀλλ’
1153 2735 1348 2803 ἐπίσης
1379 2736 1511 2803 ἡμῖν
1542 2733 1779 2800 ἔπασχεν
1799 2747 1814 2762 °
1837 2730 1978 2783 ὥστε

403 2835 520 2893 πῶς
553 2830 832 2899 δυνάμεθα
868 2831 929 2883 τὸ
975 2831 1123 2890 ὅπως
1167 2829 1230 2898 δή
1283 2843 1412 2879 ποτε
1445 2827 1655 2894 πάσχον
1705 2823 1980 2894 ἄφθαρτον

402 2927 614 2994 κυρὲως
644 2924 838 2984 εἰπεῖν,
861 2922 958 2974 καὶ
987 2921 1060 2992 μὴ
1090 2920 1348 2989 φθαρτὸν,
1381 2919 1521 2972 καθὰ
1549 2918 1613 2989 δὴ
1644 2918 1740 2971 καὶ
1763 2919 1822 2970 τὸ
1844 2916 1982 2987 ἠμέ-

2081 1817 2363 1872 hominum
2427 1821 2736 1887 Opiniones,
2765 1821 3109 1873 anathemate
3138 1822 3404 1874 confessae
3429 1831 3614 1874 essent
3643 1837 3656 1876 :

2094 1910 2372 1971 Severitate.
2419 1928 2556 1980 quos
2608 1912 2878 1975 diximus,
2939 1913 3210 1967 aJuliano
3245 1913 3660 1966 llalicarnassco

2078 2009 2134 2054 et
2187 1999 2392 2053 Gaiano
2453 2001 2759 2069 progressi,
2831 2002 2932 2054 sub
2989 2002 3206 2068 pietatis
3237 2011 3500 2068 praetextu
3533 2017 3660 2054 cum

2080 2092 2411 2161 quibusdam
2449 2093 2665 2146 fortiter
2685 2094 2989 2162 congressi,
3019 2093 3098 2146 eis
3133 2109 3476 2161 pcrsuasere,
3509 2095 3658 2162 quod

2081 2197 2143 2236 ca
2201 2198 2364 2252 quam
2419 2199 2481 2236 ex
2536 2184 2760 2254 Virgine
2799 2185 3049 2237 Salvator
3071 2183 3324 2237 Christus
3358 2187 3661 2252 assumpsit

2082 2291 2210 2329 caro
2274 2283 2400 2329 ante
2464 2277 2774 2345 passionem
2830 2275 3260 2344 incorruptibilis
3313 2274 3482 2329 fuerit
3532 2274 3656 2344 (l):

2081 2363 2326 2430 Quorum
2395 2366 2495 2419 ista
2527 2367 2680 2420 fuere
2731 2367 2896 2419 verba
2926 2383 2940 2423 :
2979 2385 2996 2417 ι
3042 2366 3154 2420 Nos
3184 2367 3405 2436 quidem
3438 2381 3534 2435 per
3565 2381 3661 2420 ne-

2082 2458 2391 2512 cessitatem
2421 2467 2650 2522 natura},
2691 2458 3012 2513 affectiones
3040 2473 3181 2528 ejus,
3217 2459 3419 2514 famem
3449 2461 3662 2516 scilicet

2081 2558 2136 2603 et
2164 2550 2333 2608 sitim,
2363 2559 2418 2603 et
2448 2551 2685 2620 reliquas
2716 2551 3164 2606 cireumferitnus
3191 2552 3480 2608 :Christus
3505 2571 3658 2620 vero,

2084 2651 2271 2711 utpote
2329 2643 2424 2710 qui
2487 2653 2680 2711 sponte
2728 2659 2826 2696 sua
2891 2659 3083 2711 passus
3129 2654 3234 2709 sit,
3301 2661 3410 2699 non
3471 2646 3660 2701 itidem

2080 2741 2245 2802 atque
2297 2747 2430 2795 nos,
2464 2741 2674 2786 natura:
2741 2733 2951 2800 legibus
3010 2734 3328 2787 subserviit.
3379 2735 3661 2790 Adversus

2081 2839 2203 2893 qua:
2264 2825 2430 2878 verba
2495 2825 2569 2894 pii
2629 2828 2884 2881 homines
2964 2828 3274 2881 retulerunt
3335 2845 3349 2881 :
3399 2829 3662 2894 Quamvis

2082 2926 2381 2985 spontanea
2433 2917 2633 2972 Christi
2696 2920 2874 2987 passio
2936 2919 3120 2985 fuerit,
3181 2922 3444 2990 aequalem
3476 2932 3660 2976 tamen

400 3033 599 3086 τερονς
635 3015 777 3085 "pb;
829 3013 856 3065 ὃ
888 3013 1048 3066 πάλιν
1079 3013 1300 3073 ἐκεῖνοι,
1333 3011 1432 3062 Ὃν
1469 3010 1669 3081 τρόπον
1718 3009 1856 3078 μετὰ
1881 3007 1974 3078 τὴν

2085 3019 2286 3063 nostrae
2315 3009 2503 3062 fuisse.
2534 3009 2823 3075 Quomodo
2863 3025 2994 3064 vero
3047 3023 3254 3078 posset,
3291 3013 3440 3082 quod
3475 3014 3660 3082 quali-

403 3105 700 3158 ἀνάστασιν
734 3100 1014 3170 ἄφθαρτον
1035 3099 1096 3151 τὺ
1130 3099 1292 3168 σῶμα
1323 3097 1572 3165 λέγοντες
1609 3094 1705 3148 τοῦ
1740 3094 1976 3165 Χριστοῦ

401 3195 691 3265 όμοούσιον
739 3193 834 3244 καὶ
869 3194 1000 3261 ἡμῖν
1029 3190 1185 3242 τοῦτο
1221 3188 1428 3257 λέγετε,
1466 3189 1556 3241 τὸν
1584 3187 1747 3241 αὑτὸν
1778 3188 1978 3257 τρόπον

402 3289 496 3339 καὶ
523 3288 685 3357 ἡμεῖς
730 3285 836 3354 πρὸ
862 3283 962 3352 τῆς
1011 3281 1362 3342 ἀναστάσεως
1393 3279 1670 3349 ἄφθαρτον
1702 3279 1974 3347 λέγοντες,

401 3377 687 3446 ὁμοούσιον
724 3376 855 3428 αὐτὸ
905 3376 996 3428 καὶ
1029 3375 1163 3445 ἡμῖν
1210 3368 1349 3426 εἶναι
1407 3371 1804 3442 ὁμολογοῦμεν.
1838 3372 1902 3423 0i.
1929 3370 1976 3422 δ’

402 3468 557 3531 αὖθις
599 3467 733 3538 πρὸς
761 3467 955 3529 αὐτοὺς
985 3465 1408 3537 ἀντεπῆγον,ὃτι
1439 3466 1501 3517 Ei
1553 3467 1646 3518 atati.
1699 3461 1976 3533 ἄφθαρτον

401 3564 460 3614 τὸ
484 3562 760 3630 Κυριακὶν
790 3560 946 3630 σῶμα
980 3559 1352 3628 ὁμολογοῦμεν
1390 3559 1532 3628 μετά
1569 3556 1667 3627 τὴν
1690 3555 1976 3626 ζωηφόρον

403 3654 720 3718 ἀνάστασιν,
757 3652 816 3704 οὐ
847 3655 914 3722 τῇ
948 3653 1108 3721 φύσει
1142 3653 1274 3704 αὐτὸ
1307 3651 1585 3719 ἄφθαρτον
1618 3650 1872 3718 λέγομεν,
1907 3649 1974 3718 τῇ

403 3746 587 3814 χάριτι
617 3745 691 3797 δέ.
754 3743 844 3806 Ὠς
889 3745 946 3796 δὲ
973 3739 1128 3805 αὖθις
1161 3745 1356 3796 ἐκεῖνοι
1408 3743 1715 3810 ἀντέλεγον,
1750 3744 1832 3794 ὃτι
1862 3743 1972 3795 Καὶ

403 3839 508 3904 πρὸ
541 3839 637 3905 τῆς
665 3837 1013 3898 ἀναστάσεως
1046 3837 1111 3904 τῇ
1153 3836 1271 3905 θείᾳ.
1307 3836 1493 3905 χάριτι
1550 3835 1831 3904 ἄφθαρτον
1866 3830 1972 3906 ἦν’

405 3929 568 3982 πάλιν
596 3930 814 3992 ἐκεῖνοι,
859 3926 1024 3979 Ἀλλά
1051 3928 1118 3979 τά
1146 3930 1274 3996 περὶ
1291 3926 1528 3996 Χριστοῦ
1557 3927 1831 3997 λεγόμενα
1854 3925 1978 3979 τοῦ·

401 4040 464 4075 το
511 4023 576 4076 οὐ
610 4024 906 4090 συγχωρεῖ,
935 4020 1195 4090 ἔφασκον.
1225 4021 1335 4090 Πρὸ
1361 4019 1469 4092 γὰρ
1493 4023 1592 4091 τῆς
1623 4022 1976 4084 ἀναστάσεως

401 4116 498 4167 καὶ
529 4117 784 4184 πεινῆσαι
817 4116 912 4167 καὶ
935 4112 1161 4183 διψῆσαι
1187 4113 1284 4164 καὶ
1306 4114 1480 4166 τᾶλλα
1507 4112 1701 4165 παθεῖν
1731 4113 1972 4181 λέγεται.

402 4203 517 4256 Καὶ
548 4202 673 4276 πῶς
703 4201 771 4254 ἄν
814 4203 899 4270 εἴη
958 4203 1019 4253 τὸ
1073 4199 1303 4253 τοιαῦτα
1338 4199 1606 4262 πεπονθὸς
1659 4199 1971 4269 ἄφθαρτονς

396 4294 553 4349 Matri
590 4310 652 4355 γε
692 4292 801 4362 μὴν
853 4293 953 4362 τὴν
988 4293 1310 4354 ἀνάστασιν,
1364 4291 1516 4344 οὐδὲν
1551 4291 1662 4342 τῶν
1715 4291 1973 4346 τοιούτων

2086 3116 2304 3169 cunque
2339 3102 2558 3155 tandem
2589 3102 2752 3155 modo
2805 3112 3110 3172 pateretur,
3147 3104 3199 3158 id
3237 3105 3660 3172 incorruptibile

2083 3195 2326 3263 proprie,
2379 3203 2433 3249 et
2483 3211 2590 3248 non
2640 3197 3024 3264 corruptibile,
3098 3197 3327 3265 perinde
3381 3179 3548 3268 atque
3591 3199 3660 3253 de

2084 3287 2245 3341 nobis
2273 3287 2405 3356 ipsis
2436 3287 2718 3357 loquimur
2740 3329 2753 3352 ,
2781 3289 2927 3342 dici?
2973 3288 3054 3342 Ad
3104 3290 3249 3357 quod
3279 3290 3353 3343 illi
3380 3307 3602 3344 rursum
3641 3305 3656 3344 :

2081 3382 2367 3448 Quomodo
2402 3398 2499 3438 vos
2540 3399 2742 3453 corpus
2800 3385 3005 3440 Christi
3059 3386 3481 3455 incorruptibile
3536 3398 3663 3458 post

2082 3475 2566 3534 resurrectionem.
2619 3485 2676 3530 et
2721 3477 2881 3531 nobis
2919 3478 3228 3547 ύμοούσιον,
3265 3479 3368 3533 Ιιοο
3386 3489 3487 3536 est.
3526 3495 3662 3535 con-

2081 3565 2444 3621 substantiale
2491 3568 2674 3622 dicitis
2704 3569 2934 3621 :eodem
2971 3568 3134 3622 modo
3164 3579 3220 3623 et
3261 3585 3362 3624 nos
3407 3572 3661 3625 incorru-

2083 3658 2272 3726 ptihile
2309 3659 2360 3712 id
2387 3669 2513 3714 ante
2549 3661 3010 3714 resurrectionem
3045 3660 3317 3724 dicentes,
3372 3661 3661 3728 ὀμοούσιον

2081 3754 2544 3808 consubstantiale
2569 3754 2727 3807 nobis
2750 3768 2872 3806 esse
2915 3752 3268 3807 conﬁtemur.
3314 3753 3516 3806 Contra
3544 3752 3660 3807 haec

2080 3844 2253 3898 nostri
2296 3859 2514 3897 rursum
2575 3843 2923 3896 intulerunt:
2954 3843 3192 3896 Tametsi
3245 3856 3444 3909 corpus
3476 3841 3659 3894 Domi-

2080 3935 2264 3988 nicum
2318 3933 2735 4002 incorruptibile
2792 3942 2915 4001 post
2968 3930 3243 3985 viviﬁeam
3295 3931 3660 3984 resurrectio-

2079 4037 2204 4076 nem
2267 4022 2649 4082 confiteamur,
2698 4037 2806 4074 non
2871 4033 3068 4076 natura
3097 4032 3277 4075 tamen
3309 4021 3360 4073 id
3399 4021 3659 4074 incorru-

2078 4111 2272 4181 ptibile
2311 4128 2431 4166 esse
2467 4112 2725 4175 dicimus,
2751 4113 2844 4166 sed
2911 4112 3086 4181 gratia
3125 4112 3223 4181 (2).
3253 4114 3430 4181 Atque
3461 4112 3551 4166 ubi
3581 4112 3656 4164 illi

2077 4215 2268 4257 contra
2317 4205 2586 4270 dicerent,
2618 4205 2963 4274 quodetiam
3016 4215 3144 4257 ante
3193 4207 3654 4259 resurrectionem

2079 4308 2176 4361 per
2209 4293 2452 4346 divinam
2485 4295 2719 4362 gratiam
2760 4294 3186 4362 incorruptibile
3219 4293 3389 4348 fuerit
3427 4313 3439 4358 ;
3477 4297 3652 4349 nostri

397 4386 596 4440 παθεῖν
625 4386 925 4455 ἱστορεῖται
952 4399 965 4412 ·
1032 4383 1173 4437 ὥστε
1231 4383 1388 4452 δῆλον
1423 4382 1700 4450 ἐντεῦθεν,
1759 4385 1842 4435 ὃτι
1873 4386 1974 4454 πρὸ

2086 4401 2304 4438 rursum
2333 4403 2346 4438 :
2385 4387 2455 4440 Ea
2488 4403 2609 4454 qua:
2636 4387 2704 4440 de
2725 4387 2951 4440 Christo
2978 4386 3259 4447 dicuntur,
3290 4387 3393 4441 hoc
3430 4389 3656 4441 minime

398 4481 505 4550 μὲν
564 4481 661 4547 τῆς
715 4479 1065 4540 ἀναστάσεως
1117 4478 1356 4548 φθαρτὸν
1412 4472 1481 4548 ἦν
1513 4478 1570 4530 τ’)
1622 4477 1717 4530 τοῦ
1769 4478 1972 4546 Κυρίου

396 4570 584 4639 σῶμα,
617 4571 756 4639 μετὰ
784 4570 843 4623 δὲ
887 4570 986 4640 τὴν
1025 4570 1324 4624 ἀνάστασιν
1368 4570 1642 4639 διέμεινεν
1672 4569 1968 4639 ἄφθαρτον.

392 4665 473 4716 Τό
500 4679 566 4731 γε
603 4663 712 4732 μὴν
745 4665 939 4731 φαγεῖν
969 4663 1108 4732 μετά
1136 4662 1234 4732 τὴν
1259 4663 1579 4728 ἀνάστασιν,
1609 4663 1707 4733 οὐχ
1745 4662 1819 4724 ὡς
1852 4678 1969 4713 πειο

393 4756 530 4817 νῶν,
556 4756 690 4810 ἀλλὰ
722 4755 842 4808 κατ’
873 4757 1195 4824 οἰκονομίαν
1223 4755 1318 4806 τού
1351 4757 1415 4807 έκ
1441 4757 1652 4824 νεκρῶν
1676 4754 1970 4823 ἀναστῆναι

474 4912 550 4982 (l)
584 4907 1089 4982 Aphtbartodoeitae
1123 4907 1353 4982 istinon
1396 4906 1530 4982 satis
1571 4914 1973 4982 perspexerant

395 4976 806 5038 sacramentum
868 4978 1271 5046 absumptionis
1304 4977 1563 5038 hominis,
1605 4976 1752 5043 quod
1793 4989 1973 5046 sacra-

396 5061 646 5107 mentum
679 5049 772 5102 Dei
813 5057 970 5102 vocat
1003 5045 1246 5101 Hilarius
1284 5062 1299 5101 :
1336 5061 1443 5098 non
1474 5047 1602 5098 item
1653 5045 1974 5097 minoratio—

395 5137 524 5177 nem
548 5130 602 5173 et
636 5120 1062 5173 exinanitionem
1089 5115 1249 5171 Verbi
1280 5117 1398 5180 Dei,
1430 5115 1768 5182 formamque
1802 5116 1970 5176 servi,

396 5208 508 5245 non
542 5191 932 5243 exaltationem
970 5197 1027 5242 et
1053 5187 1508 5256 glorificatiouem
1547 5186 1785 5237 hominis
1811 5185 1971 5256 Chii-

395 5265 491 5321 sti,
531 5262 886 5329 ejusdemque
919 5254 1413 5329 primogenituram
1467 5269 1535 5309 ex
1575 5256 1827 5329 mortuis.
1871 5254 1974 5307 Pa-

396 5341 483 5385 ter
506 5323 812 5384 tninuravnt
827 5323 1023 5382 Filium
1041 5323 1408 5381 modico'eitra
1437 5324 1682 5393 angelos,
1706 5327 1772 5377 ad
1798 5331 1972 5377 terras

395 5401 739 5454 detnittendo
772 5417 786 5451 :
817 5397 990 5467 gloria
1055 5408 1235 5450 tamen
1269 5405 1339 5467 et
1356 5396 1568 5449 honore
1600 5403 1973 5467 coronaturus

395 5469 572 5536 illum,
612 5469 664 5522 in
699 5463 872 5522 canos
909 5467 1262 5521 resumenda.
1300 5464 1530 5519 Tertull.
1583 5464 1771 5518 Adver.
1831 5463 1973 5536 Pra-

393 5555 654 5600 aeam.—-
677 5539 743 5592 Et
783 5540 1075 5592 ret-edente
1106 5538 1423 5589 inﬁrmitate
1455 5545 1786 5607 agnoscatur
1824 5535 1974 5607 divi-

396 5613 563 5666 nitas.
591 5613 828 5677 tAmbr.)
865 5607 1272 5677 Prnuogenitus
1303 5606 1644 5660 mortuarum
1679 5606 1969 5665 Dominus.

397 5693 452 5735 et
491 5699 542 5734 ιιι
575 5683 756 5734 ειιιιιιιι
793 5695 949 5734 suum
983 5679 1256 5747 recipiens
1288 5677 1550 5747 pristinos
1583 5691 1785 5746 patres,
1813 5691 1970 5742 rege-

2074 4479 2386 4541 ιιιιιιιίιιιιτιι,
2443 4478 2868 4546 responderunt.
2955 4479 3098 4532 Ante
3186 4481 3654 4536 resurrectionem

2076 4585 2313 4639 namque
2347 4583 2401 4623 et
2431 4571 2698 4625 esuriisse
2726 4581 2781 4625 et
2818 4572 3049 4633 sitiissc,
3099 4579 3263 4642 atque
3303 4573 3405 4626 alia
3434 4589 3653 4642 passum

2073 4679 2192 4716 esse
2225 4664 2447 4718 dicitur.
2484 4663 2771 4729 Quomodo
2797 4672 2981 4716 autem
3021 4664 3072 4717 id
3121 4665 3266 4732 quod
3296 4666 3497 4720 talibus
3529 4682 3656 4735 per—

2076 4753 2430 4824 pessionibns
2473 4754 2752 4808 subditum
2785 4763 2950 4818 esset,
3004 4755 3425 4824 incorruptibilc
3455 4765 3598 4810 esset
3632 4755 3656 4805 7

2074 4909 2286 4960 neravit
2325 4921 2422 4960 eos
2455 4907 2506 4960 in
2538 4906 2703 4958 vitam
2751 4905 2871 4966 Dei.
2934 4906 3052 4974 ipse
3098 4904 3315 4958 initium
3348 4905 3652 4958 viventium

2074 4976 2272 5040 factus,
2315 4977 2458 5031 sicut
2498 4977 2662 5030 Adam
2706 4977 2921 5030 initium
2958 4974 3314 5030 morientium
3341 4974 3514 5029 factus
3542 4986 3651 5031 est.

2077 5049 2304 5116 l’ropter
2343 5047 2448 5101 hoc
2478 5056 2533 5100 et
2561 5046 2740 5100 Lucas
2791 5046 3007 5099 initium
3053 5046 3429 5114 generationis
3463 5047 3652 5099 incho-

2074 5131 2192 5179 ans,
2245 5118 2298 5170 in
2339 5119 2505 5169 Adam
2543 5117 2775 5170 retulit:
2816 5116 3134 5185 significans
3195 5115 3341 5181 quod
3399 5131 3508 5168 non
3573 5117 3650 5170 illi

2074 5187 2243 5244 hunc,
2280 5187 2375 5240 sed
2416 5187 2505 5239 hic
2531 5187 2652 5239 illos
2681 5188 2735 5238 in
2781 5187 3130 5255 evangelium
3157 5190 3297 5255 rvitre
3360 5201 3650 5253 regenera.

2074 5259 2171 5309 vit.
2205 5256 2371 5320 tlren.
2417 5257 2511 5310 lib.
2543 5271 2620 5321 ιιι,
2647 5271 2768 5324 cap.
2799 5258 2913 5322 55).
2942 5285 3014 5296 —
3045 5254 3110 5309 Et
3151 5254 3277 5324 ideo
3320 5255 3652 5322 primogeni-

2074 5335 2166 5378 tus
2197 5337 2444 5396 vocatur,
2483 5326 2612 5396 quia
2651 5323 2867 5396 in’ipso
2913 5329 3094 5396 primo
3160 5323 3400 5380 deiﬁcati
3434 5341 3646 5379 sumus.

2073 5397 2280 5465 (Cyrili.
2312 5398 2366 5449 in
2392 5395 2659 5450 Thesaur.
2700 5395 2797 5452 lib.
2832 5397 2910 5465 ι.)

2146 5462 2220 5535 ιε)
2249 5465 2362 5519 1ηιο
2388 5475 2587 5520 natura
2623 5468 2814 5531 etiam,
2871 5462 2962 5521 cui
3001 5466 3200 5536 gratia,
3233 5462 3651 5536 quodammodo

2073 5533 2374 5589 secu‘iiduin
2416 5539 2784 5605 Augustinum
2818 5533 3086 5592 naturalis
3137 5533 3301 5589 etiaio
3332 5539 3513 5605 juxta
3552 5533 3648 5605 ho-

2073 5611 2274 5658 minem
2305 5603 2599 5660 l'ueritfls‘t
2624 5609 2680 5660 in
2713 5607 2807 5659 illo
2839 5608 3094 5660 inhabitat
3146 5607 3316 5659 omnis
3375 5603 3648 5672 plenitudo

2075 5675 2297 5729 Deitatis
2329 5677 2694 5743 corporaliter.
2729 5677 2869 5743 (Col.
2928 5677 3011 5739 ιι.)
