4092 6204
432 154 553 219 295
1652 148 2075 214 NICEPHORI
2120 141 2461 207 CALHS’N
3583 149 3690 206 ἳβῖ

438 274 566 328 Post
594 266 1056 325 resurrectionem
1113 280 1245 319 sane
1282 261 1421 318 nihil
1489 263 1787 333 quidquam
1825 261 2013 315 talium

2124 258 2308 326 σαφῶς
2341 250 2730 327 διεπράττετο·
2765 254 2849 307 ἵνα
2877 251 3025 324 δόξῃ,
3064 250 3149 306 ὅτι
3200 252 3361 306 αὐτός
3393 253 3540 307 ἐστιν
3567 256 3595 307 ό
3632 259 3696 308 ὲκ

434 374 753 432 perpessum
787 374 908 412 esse
928 358 1150 427 legitur.
1199 356 1547 425 Quapropter
1573 354 1707 408 satis
1738 351 1865 407 inde
1895 364 2009 404 ma-

2123 351 2325 419 νεκρῶν
2364 348 2630 407 ἀναστάς.
2661 349 2759 400 "Ov
2790 346 2993 417 τρόπον
3035 346 3131 399 καὶ
3159 347 3284 409 τοὺς
3346 347 3552 407 τύπους
3585 349 3697 399 τῶν

439 449 700 504 nifestum
750 456 919 511 esset,
973 456 1101 501 ante
1158 447 1619 501 resurrectionem
1647 442 2007 513 corruptibiie

2123 443 2256 511 ήλων
2293 440 2661 503 ὐποδεικνύει,
2693 439 2891 507 ὅτιπερ
2949 437 3168 506 ἀληθῶς
3202 442 3296 491 καὶ
3323 437 3386 491 οὐ
3421 439 3698 507 φαντασίᾳ

437 538 605 594 fuisse
666 538 882 593 Domini
941 552 1164 606 corpus.
1192 537 1354 607 732
1382 545 1506 606 post
1543 534 2009 590 resurrectionem

2123 534 2332 601 ὶνὲστη.
2362 532 2461 585 Διά
2490 549 2571 584 τοι
2601 530 2762 583 τοῦτο
2820 530 2939 584 οὐδὲ
2965 531 2997 599 ἡ
3028 530 3220 599 Γραᾳὴ
3243 529 3392 597 λέγει
3427 531 3564 599 μετά
3599 532 3699 596 τὴν

436 644 565 683 vero
621 626 902 683 exstitisse
946 626 1397 695 incorruptibile.
1452 625 1609 691 Quod
1661 640 1899 693 namque
1929 624 2011 677 ci-

2123 627 2178 678 ὲκ
2234 625 2448 695 νεκρῶν
2501 624 2741 692 ἔγερσιν.
2792 623 2876 710 ὅτι
2935 623 3139 675 πεινῶν
3172 623 3404 691 ἔφαγεν,
3459 622 3494 691 ἢ
3524 621 3700 690 διψῶν

436 722 563 773 imm
603 727 729 788 post
758 718 1220 773 resurrectionem
1279 716 1493 784 ceperit
1515 717 1592 782 (Ι)
1632 731 1740 770 non
1773 715 1825 768 id
1853 713 2014 769 famis

2123 714 2304 769 Emsv'
2334 715 2448 768 ἀλλ’
2480 715 2562 768 ὅτι
2613 713 2787 782 ἔφαγε
2839 714 2937 765 καὶ
2988 712 3110 764 ἔπιε
3168 712 3328 781 μόνον
3355 711 3565 775 ἁπλῶς,
3612 712 3699 763 ὃτι

435 813 631 880 gratia,
692 810 784 867 sed
841 827 940 880 per
990 810 1355 865 ceconomiam
1406 808 1522 862 sive
1545 802 2012 875 dispensationem

2123 806 2386 876 Ξφθαρτος
2412 807 2606 874 γέγονε
2642 805 2782 874 μετά
2807 805 2906 872 τὴν
2933 804 3250 857 ἀνάστασιν.
3287 803 3351 857 Εἰ
3380 802 3427 857 δ’
3448 804 3577 865 ἴσως
3604 802 3701 855 καί

437 904 737 957 manifesta:
789 918 855 956 cx
908 901 1143 957 mortuis
1201 898 1645 962 resurrectionis,
1707 900 1776 954 ab
1830 915 1898 954 eo
1932 907 2017 953 est

2123 913 2277 949 τινων
2307 896 2480 964 ἁγίων
2510 899 2736 966 χρήσεις
2762 896 3037 965 παρῆγον,
3071 895 3149 958 ὡς
3172 895 3378 963 φθορᾶς
3408 897 3701 948 «av-rina-

436 980 637 1049 [ποιωῐὶ
685 1007 701 1046 :
743 993 1117 1049 utexbiberet
1148 1007 1206 1047 se
1249 1008 1376 1047 eum
1422 992 1625 1063 ipsum,
1652 992 1834 1059 quicx
1867 1007 2016 1045 more

438 1085 546 1138 tuis
582 1084 907 1149 resurrexit,
944 1098 1088 1138 esse.
1114 1082 1233 1150 Quo
1259 1083 1517 1137 nimirum
1543 1083 1705 1138 modo
1732 1083 2013 1136 clavorum

435 1176 602 1230 etiam
652 1174 857 1230 ﬁxuras
897 1176 1179 1241 ostendit,
1225 1185 1285 1229 ut
1315 1190 1503 1229 revera
1537 1189 1595 1230 se
1624 1175 2018 1239 resurrexisse,

439 1281 615 1336 neque
651 1277 926 1335 spectrum
957 1282 1075 1322 esse
1104 1267 1381 1337 probaret.
1413 1265 1648 1322 Proinde
1677 1266 2016 1335 Scripturam

438 1373 546 1412 non
579 1357 787 1424 dicere,
834 1359 981 1427 quod
1036 1369 1159 1429 post
1200 1360 1658 1416 resurrectionem
1691 1374 1758 1413 ex
1788 1360 2020 1414 mortuis

442 1451 525 1505 vel
565 1450 816 1504 esuriens
863 1451 1298 1518 manducaverit,
1326 1452 1409 1506 vel
1437 1452 1631 1506 sitiens
1649 1450 1887 1504 biberit:
1921 1450 2017 1505 sed

438 1541 586 1610 quod
646 1541 974 1611 simpliciter
1029 1552 1241 1597 tantum
1300 1543 1481 1599 ederit
1509 1552 1567 1599 et
1607 1543 1830 1607 biberit,
1854 1556 2019 1611 prop-

2122 1007 2208 1042 σιν
2238 988 2587 1043 ἀνεπίδεκτον
2615 990 2674 1041 τδ
2703 988 2795 1042 τοῦ
2839 990 3043 1057 Κυρίου
3065 983 3133 1060 ἧν
3159 988 3343 1056 σῶμα.
3371 989 3500 1058 περὶ
3527 988 3698 1056 ἄλλης

2120 1082 2326 1151 φθορᾶς
2365 1081 2393 1132 ὁ
2423 1083 2581 1149 λόγος
2615 1083 2868 1148 ἐκείνοις,
2921 1082 2982 1134 οὐ
3019 1082 3120 1151 τῆς
3169 1079 3268 1134 νῦν
3324 1081 3699 1151 προκειμένης

2122 1170 2292 1233 ἐστὶν.
2319 1172 2521 1240 ελεγον.
2547 1175 2619 1227 Τὸ
2642 1175 2751 1242 γὰρ
2772 1175 2869 1243 τῆς
2890 1174 3094 1244 φθορᾶς
3108 1172 3279 1243 ὄνομα
3295 1172 3390 1226 δύο
3405 1173 3659 1242 σημαίνει
3678 1189 3694 1206 ο

2120 1268 2213 1319 καὶ
2231 1266 2327 1335 μία
2353 1266 2451 1334 μὲν
2474 1266 2648 1336 φθορὰ
2666 1267 2806 1321 αὖτά
2824 1269 2894 1320 τὰ
2917 1267 3125 1336 φυσικὰ
3155 1266 3252 1318 καὶ
3277 1266 3580 1336 ἀδιάϐλητα
3598 1267 3699 1334 τῆς

2122 1359 2324 1426 σαρκὸς
2338 1359 2512 1429 πάθη.
2530 1361 2564 1428 ἡ
2588 1359 2791 1429 δίψα,ὴ
2817 1362 2999 1425 πεῖνα,
3026 1362 3055 1412 ὁ
3075 1360 3265 1424 κόπος,
3293 1361 3327 1428 ἡ
3349 1359 3577 1426 ἀγωνία.
3604 1360 3700 1412 καὶ

2119 1454 2189 1504 τὰ
2212 1451 2373 1520 ἑξῆςο
2404 1451 2605 1504 καθ’ὃν
2627 1453 2829 1521 τρόπον
2863 1452 3103 1524 φθαρτὸν
3125 1454 3223 1505 καὶ
3271 1453 3332 1505 τὸ
3361 1452 3456 1504 τοῦ
3489 1452 3697 1522 Κυρίου

2119 1541 2352 1611 λέγομεν
2389 1543 2570 1611 σῶμα,
2612 1544 2688 1607 ὡς
2733 1544 2829 1596 καὶ
2859 1545 2992 1614 ἡμῖν
3026 1542 3414 1613 ὁμοοῠσιον.⁶“Α
3431 1543 3495 1613 δὴ
3518 1544 3698 1595 πάντα

440 1644 587 1686 terra
650 1610 797 1701 quod
856 1632 1301 1703 incorruptibilis
1371 1642 1499 1704 post
1547 1632 2014 1688 resurrectionem

2123 1633 2381 1695 ἑκουσίως
2411 1635 2440 1686 6
2476 1610 2602 1696 Θεὸς
2621 1635 2791 1703 Λόγος
2823 1610 3173 1690 ἀνέλαϐε-διὰ
3201 1638 3264 1688 τὸ
3281 1610 3568 1705 ἄνθρωπος
3595 1652 3696 1700 γε-

441 1723 618 1776 factus
653 1722 838 1777 fuerit.
864 1719 1019 1789 Quod
1053 1725 1099 1777 si
1133 1723 1275 1779 forte
1323 1733 1638 1780 sanctorum
1675 1723 1843 1778 etiam
1875 1738 2016 1792 quo-

2117 1726 2335 1793 γονέναι
2359 1727 2580 1798 κυρίως.
2603 1728 2761 1781 Κατά
2785 1728 2917 1796 γοῦν
2939 1727 3128 1782 τοῦτον
3146 1730 3237 1782 τὸν
3259 1730 3462 1798 τρόπον
3486 1729 3698 1797 ἀφθαριι

443 1814 692 1867 rumdam
719 1815 1027 1869 sententias
1049 1814 1126 1869 illi
1158 1815 1457 1879 adduxere.
1500 1815 1553 1869 in
1576 1831 1779 1884 corpus
1801 1797 2016 1872 Domini

2123 1834 2210 1870 τον
2231 1817 2292 1870 τὸ
2320 1818 2415 1870 τοῦ
2436 1797 2646 1887 Κυρίου
2678 1820 2859 1886 λέγειν
2893 1821 3053 1888 σῶμα
3079 1821 3222 1874 κατὰ
3243 1797 3334 1873 τδν
3370 1820 3699 1889 Ἁλικαρνα-

439 1904 848 1973 corruptionem
878 1919 1106 1975 prorsus
1139 1921 1247 1958 non
1297 1905 1495 1959 cadere
1515 1944 1531 1968 ,
1558 1905 1626 1960 de
1652 1906 1755 1959 alia
1790 1920 2020 1974 corrup-

443 2001 590 2052 tione
618 2014 783 2069 quam
813 2014 936 2066 quae
966 2014 1117 2052 nunc
1158 1998 1438 2067 proposita
1495 2006 1661 2062 esset,
1697 1997 1821 2051 illos
1852 1997 2018 2051 verba

441 2090 644 2154 facere.
699 2091 875 2145 nostri
936 2090 1151 2145 dixere.
1193 2090 1582 2157 Corruptionis
1609 2092 1755 2144 enim
1782 2092 2021 2146 vocabu-

444 2185 559 2237 lum
607 2183 719 2238 duo
776 2182 1071 2253 signiﬁcat.
1115 2183 1247 2251 Ejus
1300 2184 1446 2236 cnim
1495 2183 1718 2239 nomine
1751 2186 2023 2238 naturales

443 2277 564 2330 ista:
622 2285 681 2330 et
737 2274 1255 2345 irreprehensibiles
1303 2276 1488 2330 carnis
1533 2277 1856 2331 aﬂ‘ectiones
1906 2279 2041 2332 sive

444 2368 830 2437 perpessiones
881 2369 1131 2434 veniunt,
1177 2368 1302 2422 sitis
1336 2369 1569 2434 scilicet,
1599 2369 1792 2433 fames,
1830 2370 2023 2440 fatiga-

447 2462 545 2524 tio,
604 2469 659 2514 et
718 2475 891 2527 angor
915 2467 972 2513 et
1003 2459 1143 2514 alia.
1176 2460 1255 2515 Ad
1292 2477 1458 2531 quem
1486 2466 1706 2518 modum
1748 2466 2024 2533 corrupti-

445 2551 554 2605 bile
585 2551 798 2606 Domini
834 2568 1059 2622 corpus,
1113 2564 1303 2624 utpote
1337 2554 1624 2622 ὁμοούσιον
1660 2559 2025 2613 consubstan-

447 2642 576 2697 tiale
627 2644 816 2706 nobis,
872 2646 1128 2700 dicimus.
1211 2648 1315 2701 Eas
1379 2649 1581 2716 quippe
1644 2651 2025 2718 perpessiones

445 2752 638 2792 omnes
693 2738 977 2793 voluntate
1040 2754 1138 2794 sua
1198 2740 1343 2794 Deus
1408 2741 1672 2804 Verbum,
1732 2753 2021 2811 proritcrea

445 2825 592 2893 quod
653 2827 815 2878 homo
867 2828 1088 2895 proprie
1147 2836 1203 2880 et
1253 2843 1380 2882 Vere
1438 2827 1612 2883 iactus
1637 2830 1726 2892 sit,
1755 2833 2022 2900 suscepit.

446 2920 627 2986 Atque
693 2916 799 2971 hoc
850 2917 969 2987 ipso
1021 2918 1185 2972 modo
1213 2918 1425 2973 Domini
1459 2937 1659 2989 corpus
1685 2921 2019 2991 incorrupti-
2053 2954 2095 3015 ε

452 3008 560 3062 bile
594 3008 803 3071 dicere,
831 3016 899 3062 de
931 3008 1132 3063 Juliani
1182 3009 1580 3064 llalicarnassci
1621 3021 1674 3064 et
1700 3011 1859 3066 Gaiui
1896 3029 2023 3067 sen-

447 3098 646 3164 tentia,
682 3114 912 3154 summae
965 3100 1269 3169 impietatis
1323 3109 1424 3155 cst.
1474 3101 1540 3155 Et
1586 3104 1869 3169 corruptio
1901 3105 2023 3174 qui-

446 3190 570 3244 dcm
630 3205 737 3243 una
789 3189 905 3244 haec
952 3200 1037 3245 est
1097 3204 1112 3243 :
1167 3201 1252 3245 est
1298 3201 1480 3246 autem
1543 3201 1599 3246 et
1626 3194 1753 3254 alia,
1780 3196 2024 3262 corporis

444 3282 661 3337 scilicet
687 3283 742 3335 in
779 3297 841 3336 ea
875 3283 1149 3337 elementa
1173 3299 1241 3338 ex
1294 3284 1498 3353 quibus
1529 3287 1887 3354 compositmu
1915 3296 2019 3349 est,

446 3373 674 3438 solutio,
721 3382 778 3427 et
838 3373 1018 3428 carnis
1072 3374 1248 3444 ipsius
1289 3375 1595 3444 inquinatio
1633 3395 1646 3430 :
1679 3377 1831 3445 juxta
1859 3393 2021 3447 quam

447 3464 911 3533 signiﬁcationem
979 3474 1034 3520 et
1094 3482 1197 3522 nos
1257 3483 1462 3537 corpus
1516 3469 1732 3524 Domini
1767 3470 2024 3525 incorru-

448 3559 637 3628 ptibile
663 3559 1031 3629 praedicamus
1055 3601 1070 3623 ,
1098 3561 1245 3630 quod
1301 3561 1775 3630 inquinamentum
1812 3564 2020 3618 nullum

449 3650 708 3704 invadere
772 3661 829 3706 et
882 3652 1198 3721 pertingere
1244 3657 1508 3722 potuerit.
1575 3655 1705 3710 Post
1778 3656 2020 3712 divinam

447 3740 671 3811 quidem
697 3742 1185 3807 resurrectionem,
1238 3746 1402 3798 etiam
1428 3746 1730 3799 secundum
1771 3749 2014 3816 priorem

446 3834 598 3887 verbi
630 3833 1005 3902 corruptionis
1033 3834 1513 3903 signiﬁcationem.
1546 3838 2018 3905 incorruptibilem

448 3925 632 3979 carnis
666 3923 880 3978 Domini
938 3924 1371 3994 assumptioncm
1424 3940 1543 3980 esse
1572 3928 1842 3981 sentimus
1875 3947 1888 3983 :
1917 3930 2023 3985 sic-

458 4018 537 4070 uti
598 4029 655 4070 et
698 4032 928 4088 corpora
997 4027 1182 4071 nostra
1228 4025 1347 4086 post
1413 4020 1877 4074 resurrectionem
1912 4020 2021 4077 Deo

443 4117 608 4163 dante
663 4118 864 4170 erunt.
918 4117 1048 4162 ante
1115 4109 1584 4163 resurrectionem
1661 4125 1793 4165 vero
1838 4126 2018 4168 secus.

445 4202 624 4269 Atque
677 4200 794 4254 haec
857 4200 970 4268 ipsa
1003 4210 1087 4255 est
1121 4200 1737 4269 Aphtbartodocitarum
1769 4203 2017 4266 haeresis.

2121 1906 2223 1959 σέα
2253 1906 2540 1961 Ἰουλιανδν
2590 1913 2683 1962 καὶ
2712 1910 2901 1963 mm
2955 1912 3066 1963 τῶν
3100 1910 3277 1980 πάντη
3316 1911 3697 1963 ἁσεὸεστάτων

2120 1997 2260 2051 ἔστί.
2301 1997 2409 2051 Καὶ
2458 2000 2556 2067 μία
2618 1999 2718 2068 μὲν
2749 1998 2885 2070 αὕτη
2924 2000 3129 2071 φθορά’
3179 1999 3379 2053 ἔστιδὲ
3409 2003 3504 2054 καὶ
3553 2000 3693 2070 ἄλλη

2125 2089 2302 2159 φθορὰ
2349 2091 2382 2159 ἡ
2433 2093 2515 2154 είς
2542 2094 2610 2145 τὰ
2654 2091 2712 2158 ἐξ
2742 2086 2819 2145 ὧν
2849 2094 3115 2161 συνετέθη
3154 2093 3219 2146 τδ¹
3266 2093 3426 2161 σῶμα
3455 2096 3694 2162 στοιχεῖα

2122 2180 2390 2245 διάλυσις,
2450 2186 2545 2238 καὶ
2585 2185 2613 2236 ὁ
2645 2184 2745 2252 τῆς
2784 2186 2989 2256 σαρκὸς
3027 2186 3340 2255 μολυσμός’
3378 2186 3503 2238 καθ’
3535 2187 3561 2238 ὃ
3599 2202 3696 2254 ση-

2124 2271 2446 2339 μαινόμενον
2471 2273 2567 2325 καὶ
2593 2273 2753 2342 ἡμεῖς
2775 2274 3053 2344 ἄφθαρτον
3080 2276 3139 2327 τὸ
3173 2274 3266 2327 τοῦ
3296 2274 3503 2346 Κυρίου
3532 2275 3695 2343 σῶμα

2121 2362 2537 2431 πρεσϐεύομεν
2597 2366 2692 2418 καὶ
2720 2365 2798 2428 ὡς
2828 2367 3158 2421 ἀνεπίϐατον
3214 2368 3309 2420 καὶ
3348 2368 3693 2439 ἀπρόσϐατον

2130 2454 2279 2503 παντὶ
2309 2454 2573 2524 μολυσμῴ
2598 2472 2612 2487 ·
2640 2458 2780 2525 μετὰ
2813 2459 3001 2525 μέντοι
3055 2460 3154 2529 τὴν
3186 2460 3336 2513 θείαν
3362 2463 3686 2525 ἀνάστασιν,

2122 2542 2213 2594 καὶ
2244 2543 2384 2596 κατὰ
2420 2547 2480 2597 τὸ
2510 2546 2732 2613 πρῶτον
2766 2548 2863 2616 τῆς
2896 2551 3104 2620 φθορᾶς
3149 2554 3543 2621 σημαινόμενον
3569 2550 3690 2605 δνο-

2126 2652 2223 2703 μα.
2248 2635 2527 2705 ἄφθαρτον
2550 2641 2612 2692 τὸ
2655 2640 2753 2708 τῆς
2779 2642 2873 2694 τοῦ
2906 2643 3112 2710 Κυρίου
3166 2645 3370 2712 σαρκὸς
3404 2644 3695 2712 δοξάζομεν

2125 2729 2500 2799 πρόσλημμα·
2537 2731 2726 2803 ὥσπερ
2762 2734 2977 2795 ἔσονται
3003 2737 3099 2789 καὶ
3134 2737 3204 2789 τὰ
3236 2737 3480 2806 ἡμέτερα
3514 2738 3696 2803 σώμαι

2123 2836 2189 2872 τα
2230 2826 2368 2889 μετᾶ
2399 2823 2495 2892 τὴν
2525 2824 2823 2877 ἀνάστασιν
2873 2827 3267 2897 δωρησαμένου
3321 2827 3482 2880 Θεοῦ.
3531 2826 3696 2879 Ἀλλὰ

2123 2914 2348 2990 τοιαύτη
2379 2914 2477 2984 μὲν
2523 2917 2555 2983 ἡ
2586 2917 2694 2969 τῶν
2719 2917 3238 2990 ’Δφθαρτοδοκητῶν
3283 2919 3494 2988 αἵρεσις
3519 2935 3532 2948 ⁸
3572 2914 3605 2990 ᾖ
3630 2919 3695 2989 δὴ

2127 2988 2325 3056 πολλοί
2351 3007 2803 3076 συναπήχθησαν,
2837 3010 2899 3062 οὐ
2939 2988 3235 3077 μόνοντῶν
3275 3011 3332 3062 ἐν
3364 3011 3528 3072 τέλει,

2127 3096 2220 3147 καὶ
2251 3097 2308 3148 ἐν
2359 3091 2663 3169 ίὶραρχίαις
2721 3101 3181 3170 προεδρευὼτων,
3231 3104 3326 3155 καὶ
3391 3106 3692 3172 μοναστικῇ

2124 3189 2537 3258 δια-πρεπόντων
2566 3192 2701 3262 ζωῇ,
2736 3196 2829 3245 καὶ
2849 3194 3025 3255 ἄλλως
3065 3196 3382 3265 ἱερωμένων
3403 3213 3416 3227 ·
3449 3197 3586 3263 πρὸς
3635 3195 3694 3248 δὲ

2128 3283 2219 3335 καὶ
2268 3282 2519 3351 βασιλεὺς
2570 3286 2730 3347 αὐτὸς
2772 3288 3183 3351 ἰουστινιανόςο
3238 3289 3335 3341 καὶ
3392 3290 3697 3359 προσέσχεν

2123 3373 2467 3427 ὲπιπλεῖστον
2493 3379 2556 3446 τῇ
2586 3376 2713 3449 δόξῃ
2758 3378 2954 3449 ταύτῃ,
2998 3380 3073 3450 μὴ
3126 3381 3445 3449 ὲμῦαθύνων
3471 3382 3548 3452 τῷ
3572 3382 3699 3450 δόγ-

2128 3481 2285 3532 ματι,
2339 3469 2406 3536 τῇ
2467 3466 2525 3518 δὲ
2582 3469 2829 3540 σημασίᾳ
2875 3472 2975 3541 τῆς
3014 3471 3212 3535 λέξεως
3239 3472 3696 3544 δριμυσσόμενος,

2122 3549 2319 3625 οἷάπερ
2388 3555 2654 3625 μηδαμῶς
2689 3558 2928 3612 τοιοῦτόν
2949 3577 3002 3612 τι
3042 3561 3266 3614 auo-35w
3294 3565 3422 3632 περὶ
3454 3561 3694 3631 Χριστοῦ

2123 3648 2477 3710 ἑνωτίζεσοαι
2530 3651 2825 3721 ᾑρημένος,
2874 3653 2951 3722 τῷ
2977 3653 3231 3706 πλεῖστον
3261 3655 3422 3707 πόθον
3467 3656 3698 3724 τρέφειν

2124 3745 2253 3811 περὶ
2279 3742 2463 3797 αὐτόν.
2500 3744 2735 3811 Λέγεται
2760 3746 2982 3814 καὶγὰρ
3020 3746 3046 3798 ὁ
3074 3744 3326 3814 βασιλεὺς
3364 3744 3515 3807 οὗτος
3544 3749 3697 3817 παρὰ

2122 3833 2231 3885 τῶν
2257 3832 2325 3885 τὰ
2359 3834 2570 3886 ὶκείνου
2601 3835 2991 3905 ἱστορηκότων,
3023 3834 3274 3888 τοσοῦτον
3303 3834 3524 3903 θεοφιλῆ
3558 3836 3700 3905 ἐρω-

2122 3941 2191 3977 τα
2222 3926 2303 3988 είς
2337 3926 2574 3995 Χριστὸν
2628 3927 2875 3996 τρέφειν,
2933 3930 3172 3999 ὃσοσπερ
3231 3928 3405 3981 οὐδενὶ
3442 3929 3552 3983 τῶν
3588 3930 3698 4001 πρὸ

2124 4016 2293 4071 αὐτοῦ
2356 4018 2844 4089 βεδασιλευκότων,
2884 4022 3022 4090 μετά
3054 4037 3116 4086 γε
3166 4020 3256 4073 τόν
3306 4022 3698 4092 τρισμέγιστον

2125 4108 2533 4163 Κωνσταντίνον
2561 4112 2998 4182 ὲπιμαρτύρεται
3018 4128 3033 4145 ο
3062 4111 3204 4165 ὥστε
3236 4115 3330 4166 καὶ
3390 4114 3562 4167 πολλὰ
3586 4117 3698 4167 τῶν

2126 4200 2316 4271 βιαίων
2343 4201 2421 4272 τῷ
2456 4203 2671 4274 σφοδρῷ
2707 4203 2854 4274 πόθῳ
2883 4204 2952 4256 δι’
2980 4204 3147 4256 αὐτὸν
3195 4207 3430 4273 πρᾶξαι.
3457 4204 3597 4268 Τοὺς
3633 4223 3694 4258 τε

444 4309 551 4362 qua
612 4292 771 4347 multi
827 4294 1084 4347 mortales
1134 4302 1264 4347 sunt
1313 4294 1580 4361 correpti,
1612 4308 1721 4347 non
1750 4295 1926 4349 solum
1951 4311 2019 4351 ex

2124 4295 2239 4364 γὰρ
2268 4294 2560 4362 Ἐϐραίους
2611 4296 2788 4349 τελεῖν
2837 4296 2938 4350 οὐκ
2973 4300 3060 4351 ei:
3102 4299 3163 4350 τὸ
3205 4299 3394 4369 Πάσχα
3451 4299 3557 4367 πρὸ
3584 4300 3694 4353 τῶν

445 4383 528 4436 eis
586 4382 679 4451 qui
731 4382 991 4437 lmnores’
1021 4392 1076 4437 et
1134 4383 1490 4453 magistratus
1552 4395 1863 4454 gesserunt,
1919 4386 2018 4442 sed

447 4472 608 4525 etiam
654 4474 950 4529 hierarclta:
1004 4475 1274 4543 primarii,
1324 4483 1379 4529 et
1436 4477 1688 4531 monachi
1731 4478 1841 4533 vita
1898 4479 2023 4534 illu-

448 4570 614 4628 stres,
685 4574 741 4618 et
795 4579 863 4618 ex
911 4565 1237 4618 sacerdotali
1282 4564 1478 4619 ordine
1524 4567 1640 4631 alii,
1686 4578 1853 4637 atque
1879 4569 2019 4625 adeo

449 4654 566 4721 ipse
595 4655 759 4709 etiam
805 4656 1101 4725 imperator
1143 4655 1509 4713 Justinianus.
1549 4657 1615 4712 Et
1646 4658 1693 4712 is
1720 4660 2018 4728 plurimum

447 4746 694 4814 opinioni
750 4747 802 4801 ei
843 4748 1059 4800 inliaasit
1110 4765 1125 4803 :
1186 4764 1293 4801 non
1345 4748 1436 4803 ille
1481 4750 1647 4804 altius
1695 4751 1891 4821 dogma
1913 4753 2021 4807 tale

446 4836 806 4907 investigans.
880 4854 1071 4892 verum
1154 4841 1306 4894 verbi
1383 4841 1556 4911 ipsius
1631 4842 2016 4911 signiﬁcationi

446 4929 631 4982 acrius
668 4928 948 4994 insistens,
989 4931 1150 5001 783
1182 4931 1436 4985 videlicet
1474 4931 1565 5002 qui
1598 4932 2016 5003 haudquaquam

449 5019 555 5072 tale
609 5019 869 5089 quiddam
928 5021 995 5076 de
1029 5021 1256 5077 Curisto
1285 5031 1508 5092 propter
1539 5037 1815 5077 summum
1849 5026 2019 5093 ipsius

446 5126 575 5181 erga
625 5112 777 5166 illum
840 5127 1081 5168 amorem
1112 5123 1168 5170 et
1196 5115 1555 5181 desiderium,
1586 5117 1779 5169 audire
1810 5118 2018 5170 consti-

450 5203 635 5258 tuerit.
700 5204 964 5276 Princeps
1022 5208 1227 5261 ctenim
1288 5207 1389 5261 istc
1460 5218 1611 5261 tanto
1653 5207 1706 5261 in
1737 5207 2018 5262 Christum

446 5295 665 5362 pictatis
718 5299 915 5351 ardore
968 5295 1245 5368 ﬂagrasse,
1282 5298 1349 5352 ab
1384 5300 1466 5353 eis
1488 5299 1580 5368 qui
1613 5314 1697 5352 res
1733 5299 1880 5353 illius
1915 5315 2019 5353 me-

447 5388 633 5441 moria:
680 5391 1023 5458 prsteritatis
1082 5392 1447 5455 mandarunt,
1499 5392 1727 5455 dicitur,
1807 5400 2017 5461 quanto

2124 4386 2505 4455 Χριστιανῶν*
2546 4387 2639 4442 καὶ
2692 4390 3043 4458 Σαμαρείτας
3091 4390 3193 4460 τῆς
3221 4393 3427 4453 οἰκείας
3462 4393 3537 4463 μὴ
3566 4393 3692 4460 ἀφι-

2122 4479 2424 4549 σταμένους
2470 4479 2626 4550 δόξης
2688 4483 2916 4536 ἐκάκου.
2974 4484 3251 4546 Πλείποις
3305 4484 3362 4537 δὲ
3402 4487 3497 4537 καὶ
3559 4486 3692 4554 νεῷς

2125 4566 2383 4621 ἁπάντων
2425 4572 2528 4640 γῆς
2584 4571 2645 4624 τὸ
2692 4572 2850 4624 Θείον
2883 4574 3048 4643 ἐτίμα
3071 4614 3086 4638 ,
3121 4578 3566 4645 μεγαλοπρεπεῖς
3597 4576 3693 4629 ao.

2124 4660 2249 4721 τοὺς
2281 4662 2539 4723 ἀνιστῶν.
2570 4663 2665 4717 ἅτε
2703 4663 2768 4735 δὴ
2803 4664 2939 4718 Θεὸν
2982 4670 3274 4738 γαρσιιρειν
3320 4669 3494 4721 θέλων
3525 4671 3697 4738 ὕπερ-

2126 4751 2299 4820 φυῶς.
2335 4754 2443 4806 Καὶ
2496 4755 2630 4807 ἀλλα
2680 4756 2908 4808 τοιαῦτα
2940 4759 3338 4826 παραπλησίως
3370 4761 3562 4830 ἔχοντα
3594 4762 3701 4815 διεδ

2128 4845 2341 4912 νήργει,
2391 4846 2452 4896 τὸ
2488 4847 2676 4916 περιὸν
2708 4847 2805 4917 τῆς
2833 4850 2917 4912 είς
2945 4850 3080 4902 θεὸν
3121 4851 3350 4920 γνησίας
3382 4855 3476 4905 καὶ
3524 4855 3701 4905 ἔνδικα

2128 4932 2281 4985 θέτου
2318 4935 2557 5004 στοργῆς
2590 4939 2757 4989 πᾶσιν
2789 4938 3064 5008 ἀριδήλως
3087 4942 3301 5007 φαίνειν
3331 4942 3699 5012 πειρώμενος.

2126 5023 2442 5089 Τηνικαῦτα
2471 5026 2528 5077 δὲ
2563 5028 2655 5079 καὶ
2689 5029 2718 5080 ὁ
2750 5027 3004 5096 βασιλεὺς
3026 5032 3212 5084 οὐτοσὶ
3253 5032 3355 5101 τῆς
3393 5033 3566 5104 ὀρθῆς
3602 5038 3701 5087 καὶ

2124 5117 2338 5179 ειθεὶας
2386 5122 2766 5190 παρατραπεὶς
2820 5120 3126 5192 λεωφόρου,
3178 5124 3273 5176 καί
3319 5124 3420 5177 τιν’
3448 5126 3699 5195 ἀσυνήθη

2124 5212 2217 5260 καὶ
2250 5211 2450 5282 ἀτριδῆ
2479 5215 2589 5276 τοῖς
2614 5229 2674 5266 τε
2707 5213 2873 5278 θείοις
2904 5215 3228 5279 ἀποστόλοις
3270 5219 3369 5270 καὶ
3419 5218 3699 5287 Πατράσιν

2122 5301 2240 5354 όδὸν
2272 5306 2596 5373 πορεύεσθαι
2628 5309 2931 5379 ᾑρημένος.
2966 5310 3235 5372 ἀκάνθαις
3298 5312 3395 5363 καὶ
3425 5312 3701 5379 τριόόλοις

2124 5402 2454 5469 περιεπάρη.
2487 5400 2817 5471 Βουλόμενος
2846 5403 2904 5455 δὲ
2928 5405 3021 5456 καὶ
3046 5404 3146 5475 τὴν
3198 5404 3530 5474 Ἐκκλησίαν
3566 5406 3701 5474 πρὸς

520 5505 592 5595 tl)
634 5503 858 5560 Factum
925 5505 977 5561 id
1040 5522 1139 5576 per
1180 5508 1610 5577 συγκατάθεσιν,
1648 5508 1754 5565 hoc
1816 5519 1901 5565 est
1948 5524 2021 5566 co

2123 5514 2473 5573 isccnsioucm
2505 5527 2561 5572 et
2588 5520 3158 5579 accommodationem
3187 5532 3244 5578 et
3278 5528 3504 5595 prOpter
3532 5523 3704 5579 discl-

445 5579 624 5645 pulos.
