4094 6202
414 244 522 306 297

1302 242 1895 304 ECCLESIASTlCzF.
1935 239 2320 301 IIlSTORI.E
2362 240 2500 299 LIB.
2548 238 2734 303 XV”.

3543 235 3649 297 9.98

418 360 510 410 τὸν
532 356 729 409 οἰκεῖον
766 354 1207 426 μεταρῤυθμίσαι
1230 357 1449 420 σκοπὸν,
1472 356 1811 426 διημάρτανε
1836 372 1848 385 ’
1882 356 1981 424 τὴν

2101 352 2224 406 ilius
2278 352 2371 421 qui
2404 360 2529 405 ante
2558 367 2685 405 eum
2716 350 3007 420 imperium
3040 349 3426 415 obtinuerunt,
3468 367 3648 413 nemo,

416 450 637 502 εὐθεῖαν
698 447 791 501 καὶ
840 446 1127 517 βασιλικὴν
1159 447 1277 501 όδδν
1332 448 1591 515 ἀσφαλῶς
1645 447 1738 501 τοῦ
1772 448 1979 516 Κυρίου

417 540 658 608 θριγγοίς
692 537 1057 607 ὀχυρωτέραις
1116 538 1645 608 ὲξασφαλισαμένου,
1676 539 1754 601 ὡς
1806 540 1871 592 ἂν
1908 541 1983 608 μὴ

412 632 489 701 τῷ
515 629 826 700 βουλομένῳ
865 630 1279 699 εὐεπιχείρητος
1318 631 1402 700 εἴη
1434 629 1816 698 λυμαίνεσθαι.
1847 629 1979 682 Τότε

410 724 467 776 δὲ
503 723 599 775 κοιλ⁵
622 721 889 789 Βιγίλλιος
921 723 997 791 μὴ
1050 722 1377 791 συνθέμενος
1431 722 1541 783 τοῖς
1575 721 1821 775 δοκοῦσιν
1853 720 1987 772 Ἰου-

413 813 692 881 στινιανῷ,
728 813 808 875 είς
856 812 1087 866 Ἰταλίαν
1135 812 1411 883 ἀπαίρων,
1444 813 1645 875 ὲνόδιος
1695 813 1981 882 έθνησκεν.

423 907 674 972 Ἰωάννης
705 904 761 956 δὲ
792 903 820 953 ὁ
863 903 958 957 καὶ
1010 903 1307 965 Κατελίνος
1354 905 1452 971 τὴν
1499 902 1594 955 τοῦ
1626 901 1845 973 πρώτου
1878 906 1987 953 τῶν

413 996 721 1047 ἀποστόλων
751 992 1057 1060 ἐπισκοπὴν
1088 993 1409 1062 ἐκληροῦτο.
1439 994 1546 1045 Kai
1566 994 1745 1046 τοίνυν
1762 993 1854 1045 τοῦ
1888 994 1986 1060 μὲν

414 1084 710 1136 Κατελίνου
739 1082 986 1135 Ἰωάννου
1033 1084 1133 1150 τῆς
1174 1083 1551 1152 πρεσϐυτέρας
1585 1082 1807 1153 Ῥώμης
1864 1084 1988 1135 ὲπι-

419 1175 744 1238 σκοποῦντος
764 1192 780 1206 θ
810 1174 904 1228 τοῦ
926 1174 970 1227 δ’
995 1177 1057 1227 ὲκ
1090 1175 1338 1245 Σιρίμιος
1366 1173 1619 1228 Ἰωάννου
1667 1176 1768 1245 τὴν
1799 1173 1991 1227 νεωτέο

418 1286 519 1335 ραν
547 1268 823 1329 διέποντος
844 1282 858 1297 ⁶
886 1264 1296 1334 Ἀπολλιναρίου
1326 1265 1383 1319 δὲ
1410 1268 1467 1318 ὲν
1491 1265 1877 1335 Ἀλεξανδρείᾳ
1910 1266 1989 1316 ἐτι

414 1362 597 1425 δντοςσ
631 1363 725 1415 καὶ
759 1364 824 1430 τῇ
870 1359 1245 1413 Θεουπολιτῶν
1277 1360 1414 1429 μετὰ
1448 1361 1701 1427 Δομνῖνον
1731 1358 1991 1412 Ἀνάστα-

417 1454 535 1503 σίου
578 1450 677 1511 τοῦ,
705 1453 767 1503 ὲκ
802 1451 1015 1504 Σιναίου
1053 1450 1559 1521 χειροτονηθέντοςο
1594 1450 1689 1505 καὶ
1720 1453 1784 1519 τῇ
1825 1450 1991 1519 Ἱερο-

417 1543 663 1613 σολύμων
713 1543 1006 1612 Μικαρίου
1055 1541 1213 1602 αὖθις
1255 1542 1331 1609 τῷ
1395 1541 1569 1611 θρόνῳ
1612 1542 1988 1604 ἀποδοθέντος,

420 1636 559 1703 μετά
590 1636 687 1705 τὴν
719 1635 1016 1703 Εὑστοχίου
1072 1633 1394 1703 καθαίρεσιν
1418 1650 1431 1665 ο
1486 1634 1701 1685 καθεῖλε
1731 1634 1839 1702 γάρ
1867 1631 1990 1684 τοῦ,

416 1700 508 1778 τον
542 1726 617 1794 μὴ
644 1700 766 1786 ⁷τοῖς
826 1700 1034 1778 ἐκείνου
1087 1700 1355 1794 δόγμασιν
1399 1722 1572 1776 εἴκειν
1622 1700 1949 1792 αἱρούμενον
1974 1738 1987 1752 ·
2026 1700 2065 1756 Β

422 1820 541 1889 μεθ’
570 1819 598 1872 ό
645 1821 923 1889 Ὠριγένην
956 1821 1048 1873 καὶ
1078 1822 1307 1895 Δίδυμον
1337 1820 1696 1886 άνεθεμάτισε
1726 1822 1817 1871 καὶ
1853 1818 1989 1871 Εὐά-

419 1928 570 1980 γριον
599 1912 994 1973 Ἰουστινιανδς,
1028 1912 1090 1963 τὸ
1132 1911 1433 1979 Ῥωμαϊστὶ
1464 1911 1866 1979 ὀνομαζόμενον
1895 1910 1990 1961 ἰδι-

416 2021 544 2056 κτον
575 2005 776 2073 γράφει
799 2018 816 2034 ο
848 2004 905 2055 ὲν
947 1996 990 2071 ᾧ
1020 2003 1302 2072 ἄφθαρτον
1336 2004 1396 2055 τὸ
1439 2003 1533 2055 τοῦ
1569 2004 1772 2072 Κυρίου
1809 2005 1987 2072 σῶμα,

418 2096 512 2148 καὶ
540 2095 650 2146 τῶν
698 2094 1040 2163 ἀδιαόλήτων
1074 2094 1263 2148 παθῶν
1297 2095 1647 2147 ἀνεπίδεκτον
1686 2094 1954 2164 κέκληκεν
1976 2115 1987 2127 ·

420 2178 565 2234 οὕτω
602 2180 777 2249 λέγων
806 2179 912 2249 πρὸ
938 2178 1030 2231 τοῦ
1058 2180 1261 2243 πάθους
1291 2182 1504 2248 φαγεῖν,
1536 2180 1723 2249 ὥσπερ
1749 2182 1883 2249 δῆτα
1899 2183 1991 2233 καὶ

424 2272 561 2340 μετά
586 2271 687 2340 τὴν
717 2273 1015 2325 ἀνάστασιν
1039 2285 1054 2300 ⁸
1084 2271 1159 2341 μή
1184 2288 1303 2323 τινα
1328 2271 1536 2342 τροπὴν
1570 2271 1602 2340 ἢ
1626 2271 1908 2324 ἀλλοίωσιν
1933 2272 1991 2337 ἐξ

419 2361 590 2428 αὐτῆς
634 2361 732 2429 τῆς
775 2362 834 2412 ὲν
885 2360 1089 2429 γαστρὶ
1110 2362 1208 2429 τῆς
1242 2359 1585 2428 Θεομήτορος
1620 2360 1987 2424 διαπλάσεως,

424 2451 558 2521 μηδὲ
593 2451 650 2503 ἐν
699 2452 814 2513 τοῖς
862 2451 1129 2512 ἑκουσίοις
1156 2451 1249 2501 καὶ
1300 2452 1548 2517 φυσικοί,
1599 2452 1817 2511 πάθεσι,
1858 2454 1993 2522 μηδὲ

423 2540 562 2610 μετά
596 2540 695 2606 τὴν
724 2541 1024 2594 ἀνάστασιν
1057 2540 1151 2593 τοῦ
1212 2541 1481 2608 παναγίου
1536 2544 1699 2595 αὑτοῦ
1739 2543 1991 2608 σώματος

420 2629 754 2699 δεξαμένου,
807 2632 898 2681 καὶ
948 2629 1045 2698 τὴν
1081 2628 1389 2698 ἀφθαρσίαν
1421 2628 1481 2681 οὐ
1516 2633 1656 2698 μετὰ
1709 2632 1767 2683 τὸ
1819 2632 1990 2693 πάθος

423 2721 728 2787 κτήσασθαι
748 2732 762 2746 ’
791 2718 819 2770 ὃ
850 2718 983 2786 δῆτα
1010 2720 1075 2787 τῇ
1100 2715 1331 2770 καθόλου
1363 2716 1662 2787 Ἐκκλησία
1693 2716 1993 2785 πρεσϐεύε-

426 2824 547 2861 ται*
582 2808 719 2861 ἀλλά
756 2809 853 2862 καὶ
891 2809 999 2879 πρὸ
1027 2808 1123 2860 τοῦ
1162 2808 1389 2871 πάθους,
1424 2807 1481 2872 ἐξ
1532 2810 1699 2877 αὐτῆς
1728 2808 1861 2877 δῆτκ
1894 2808 1992 2873 τῆς

425 2900 671 2969 ἀσπόρου
718 2900 813 2953 καὶ
861 2900 1010 2961 θείας
1056 2899 1395 2969 συλλήψεως.
1455 2896 1773 2968 Συμφωνεῖν
1819 2898 1873 2951 δὲ
1899 2899 1995 2951 καὶ

424 2992 552 3053 τοὺς
578 2993 681 3047 ἀνά
706 2993 806 3062 τὴν
830 2992 906 3044 ἓω
932 2992 1023 3045 καὶ
1049 2992 1291 3062 ἑσπέραν
1333 2993 1511 3062 ἱερέας
1543 2994 1608 3061 τῇ
1642 2990 1849 3044 ἐκείνου
1882 2991 1996 3043 δια-

429 3085 571 3154 κένῳ
598 3084 722 3155 δόξῃ
756 3084 880 3151 βίαν
929 3085 1225 3153 προσάγὼν
1260 3082 1596 3153 ἠνάγκαζεν.
1635 3084 1844 3145 Πάντες
1876 3082 1919 3135 δ’
1944 3083 1999 3144 ἐς

442 3177 793 3230 ’Δναστάσιον
811 3176 901 3228 τδν
932 3178 1028 3246 τῆς
1056 3174 1335 3245 Ἀντιόχου
1365 3175 1625 3244 ὁρῶντες,
1658 3174 1718 3225 τὸ
1751 3174 2002 3243 ποιητέον

429 3266 642 3318 ἐκεῖθεν
676 3267 974 3335 μανθάνειν
1033 3261 1173 3336 ἦσαν
1213 3265 1684 3335 καραδοκοῦντες·
1736 3264 1857 3318 ὅθεν
1906 3266 2002 3318 καὶ

431 3359 531 3427 τὴν
565 3356 788 3428 πρώτην
836 3360 1043 3411 ἐκείνου
1092 3357 1399 3428 προσϐολὴν
1428 3360 1492 3427 τῇ
1525 3354 1795 3427 προφάσει
1824 3356 2001 3429 ταύτῃ

434 3448 614 3518 σοφῶς
640 3448 1045 3517 διεκρούσαντο.

2088 445 2414 497 termaxinto
2462 444 2556 496 illo
2610 442 2976 497 Con~tantino
3025 458 3241 511 semper
3274 451 3521 511 excepto.
3555 445 3658 496 Ita-

2086 548 2192 602 que
2244 544 2469 602 propter
2526 534 2906 587 vehementem
2965 534 3020 588 in
3076 534 3353 589 Christum
3413 550 3655 588 amorem

2089 625 2235 678 illius
2277 626 2449 693 gratia
2494 626 2656 677 multa
2705 627 2867 678 etiam
2914 626 3185 680 violenter
3218 625 3371 683 fecit.
3402 625 3660 680 llebrmos

2090 732 2327 785 namque
2355 718 2558 770 Pascha
2608 731 2734 771 ante
2783 717 3129 772 Christianos
3157 718 3435 771 celebrare
3470 733 3659 785 passus

2091 824 2194 861 non
2256 816 2369 870 est,
2419 815 2472 861 et
2531 806 2926 869 Samaritanus,
2986 808 3132 875 quod
3192 824 3221 861 a
3265 808 3534 861 sententia
3561 823 3659 860 sua

2089 898 2372 952 discedere
2427 899 2656 961 nollent,
2707 898 2919 952 afflixit.
2978 898 3233 951 Plurimis
3257 914 3478 967 quoque
3510 909 3651 952 tem-

2090 988 2198 1058 plis
2264 989 2469 1059 ubique
2524 1002 2794 1045 terrarum
2840 992 3322 1046 Numcndivinum
3352 993 3658 1054 honoravit,

2091 1100 2213 1152 quae
2274 1083 2815 1152 magniﬁcentissime
2892 1086 3247 1146 construxit,
3307 1085 3510 1151 quippe
3569 1084 3659 1150 qui

2092 1175 2261 1228 Deum
2319 1175 2619 1235 honoribus
2676 1176 3011 1245 ejuscemodi
3048 1175 3323 1244 pra-cipue
3353 1176 3532 1228 Colere
3570 1191 3660 1227 vo-

2092 1264 2280 1317 luerit.
2341 1264 2461 1318 Alia
2519 1265 2746 1334 insuper
2805 1264 2953 1319 hisce
3002 1265 3305 1319 consimilia
3340 1265 3571 1334 peri-git,
3608 1273 3667 1317 ut

2092 1356 2349 1410 omnibus
2396 1365 2550 1411 certo
2607 1356 2975 1411 abundantem
3031 1367 3085 1410 et
3146 1373 3349 1420 veram,
3396 1373 3559 1427 quam
3610 1357 3666 1410 in

2094 1448 2287 1502 intimo
2344 1450 2570 1515 gerebat
2626 1448 2838 1515 animo,
2898 1463 3027 1516 erga
3065 1449 3237 1502 Deum
3274 1449 3492 1518 pietatis
3529 1448 3667 1502 οσο-

2094 1541 2331 1594 etionem
2371 1540 2545 1608 palam
2598 1538 2820 1594 laceret.
2881 1539 3018 1595 Tum
3075 1556 3204 1595 vero
3228 1540 3271 1595 is
3316 1542 3669 1610 impcratora

2097 1643 2244 1688 recta
2276 1634 2544 1702 planaque
2575 1643 2630 1687 et
2659 1633 2804 1702 regia
2855 1634 2940 1688 via
2981 1633 3246 1702 dilapsus,
3282 1643 3445 1702 atque
3484 1636 3669 1687 insuc-

2098 1733 2213 1776 tum
2268 1722 2518 1791 divisque
2570 1724 2835 1790 apostolis
2895 1720 3231 1775 etPatribus
3266 1726 3527 1776 intactum
3565 1724 3670 1777 iter

2099 1815 2399 1883 ingressus,
2460 1814 2513 1866 in
2572 1814 2757 1882 spinas
2818 1823 2872 1866 ct
2925 1814 3160 1867 tribulos
3191 1814 3407 1867 incidit.
3450 1814 3667 1868 Etcum

2099 1903 2406 1957 Ecclesiam
2449 1902 2505 1955 in
2561 1903 2885 1955 sententiam
2943 1917 3095 1955 suam
3167 1904 3441 1957 adducere
3471 1904 3668 1965 vellet,

2098 1994 2333 2049 consilio
2363 1993 2737 2062 opinioaeque
2783 2008 2878 2046 sua
2919 1992 3089 2047 falsus
3117 2003 3201 2047 est
3241 2011 3253 2048 :
3290 1995 3433 2063 quod
3463 2005 3665 2049 rectam

2099 2086 2485 2155 publicamque
2539 2085 2683 2138 viam
2735 2094 2890 2154 septo
2945 2085 3256 2141 ﬁrmissimo
3298 2089 3562 2142 Dominus
3598 2089 3669 2142 ita

2098 2177 2536 2240 eommnuiissct,
2596 2186 2655 2228 ut
2705 2191 2814 2230 non
2855 2175 3013 2231 facile
3041 2178 3223 2247 quivis
3263 2179 3520 2234 invadere
3548 2196 3668 2233 eam

2098 2279 2153 2323 et
2188 2268 2474 2321 destruere
2500 2276 2705 2335 posset.
2729 2266 2867 2319 Tum
2898 2276 3081 2321 autem
3106 2280 3157 2322 et
3184 2269 3413 2338 Vigilius
3446 2270 3671 2323 minime

2100 2359 2335 2428 pedibus
2387 2359 2439 2413 in
2490 2359 2790 2413 Justiniani
2848 2361 3178 2413 sententiam
3214 2362 3667 2431 illngsSUS,Cllitl

2099 2450 2309 2503 Italiam
2382 2460 2616 2519 peteret,
2687 2451 2741 2504 in
2792 2450 2991 2504 itinere
3019 2461 3265 2506 mortuus
3294 2463 3398 2509 est.
3429 2455 3670 2509 Joannes

2099 2551 2304 2605 autem,
2340 2543 2432 2610 qui
2472 2554 2524 2595 et
2556 2542 2837 2597 Catelinus
2899 2542 3080 2597 dictus
3111 2555 3214 2608 est,
3249 2544 3512 2614 principis
3539 2561 3672 2613 προσ

2100 2634 2363 2687 stolorum
2420 2634 2795 2701 episcopatum
2842 2636 3070 2689 sortitus
3124 2645 3227 2690 est.
3262 2636 3530 2691 Czeterum
3566 2641 3672 2691 (ἐει-

2104 2725 2273 2778 tclino
2327 2724 2539 2778 JOanne
2590 2724 2645 2777 in
2689 2727 2861 2778 veteri
2900 2725 3092 2790 Roma,
3121 2724 3330 2780 Joanne
3368 2737 3549 2781 autem
3580 2732 3670 2781 cui

2102 2814 2274 2881 patria
2297 2812 2511 2867 Sirimis
2532 2813 2652 2878 fuit,
2676 2813 2729 2868 in
2751 2830 2886 2868 nova
2908 2816 3099 2879 Roma,
3118 2817 3417 2886 Apollinari
3437 2818 3673 2872 Alexan-

2102 2905 2233 2959 driae
2289 2905 2666 2975 episcopatum
2714 2905 3172 2972 administrante,
3231 2909 3376 2976 apud
3418 2909 3673 2979 Theopoo

2104 2995 2301 3048 litanos
2351 3010 2478 3047 vero
2520 3005 2644 3062 post
2703 2996 3032 3050 Domninum
3089 3000 3396 3062 Anastasio,
3448 3002 3541 3069 qui
3604 3017 3672 3054 cx

2113 3086 2240 3141 Sina
2278 3094 2463 3140 monte
2494 3102 2821 3156 progressus
2848 3099 2953 3152 est,
2978 3090 3224 3146 antiStiIe
3260 3094 3422 3157 lecto,
3455 3104 3509 3147 et
3541 3094 3671 3148 llic-

2107 3177 2399 3247 rosolymis
2445 3176 2680 3233 Macario
2729 3179 2783 3233 in
2834 3179 3089 3235 thronum
3115 3198 3275 3237 suum
3305 3186 3527 3239 reducto
3561 3189 3667 3253 (re-

2105 3270 2288 3323 stituit
2334 3280 2571 3338 namque
2627 3272 2776 3327 hunc
2814 3270 3192 3338 Justinianus,
3223 3292 3345 3333 cum
3383 3278 3672 3349 Origencm

2101 3371 2159 3415 et
2216 3360 2507 3430 Didymum
2561 3370 2618 3415 et
2638 3362 2926 3431 Evagrium
2960 3367 3295 3420 anathemati
3327 3370 3673 3439 ειιΙῄοςὶεεοι.

2104 3463 2229 3522 post
2262 3453 2543 3509 Eustochii
2568 3457 3116 3522 exauctorationcm),
3135 3458 3374 3512 edictum
3403 3462 3500 3529 (ita
3524 3463 3673 3516 enim

437 3545 626 3600 Latine
680 3546 905 3616 dicitur)
934 3544 1079 3601 idem
1142 3545 1443 3614 imperator
1495 3545 1738 3615 scripsit,
1804 3547 1859 3602 in
1892 3563 2002 3618 quo
2045 3564 2257 3618 corpus.
2325 3548 2542 3603 Domini
2593 3551 3031 3621 incorruptibile,
3091 3552 3255 3623 785
3309 3562 3364 3607 et
3410 3556 3463 3608 in
3528 3557 3674 3625 quod

435 3642 946 3711 irreprehcnsibiles
976 3642 1141 3695 etiam
1204 3639 1586 3711 pcrpessiones
1650 3655 1759 3693 non
1821 3643 2099 3712 caderent,
2140 3644 2354 3699 vocarit
2407 3661 2422 3697 :
2479 3646 2551 3698 ita
2620 3644 2907 3699 Dominum
2953 3656 3079 3701 ante
3141 3647 3455 3703 Passionem
3499 3648 3678 3701 edisse

432 3738 643 3801 dicens,
680 3739 839 3793 sicuti
867 3746 922 3792 et
960 3747 1081 3807 post
1136 3736 1602 3793 resurrectionem
1661 3735 1859 3800 ederit,
1930 3741 2077 3809 quod
2118 3757 2228 3795 non
2294 3742 2475 3796 minus
2521 3743 2590 3796 ab
2644 3741 2762 3811 ipsa
2823 3743 3069 3812 corporis
3118 3744 3170 3797 in
3209 3754 3366 3798 utero
3395 3743 3486 3797 Dei
3516 3741 3679 3797 Geni-

435 3834 591 3887 tricis
654 3834 1113 3898 conformatione,
1175 3833 1229 3888 id
1280 3833 1603 3890 mutationis
1670 3842 1767 3888 aut
1836 3833 2187 3892 alterationis
2245 3839 2501 3909 alicujus,
2559 3839 2613 3893 in
2666 3840 2982 3907 Spontaneis
3034 3840 3155 3893 istis
3223 3848 3279 3893 ct
3329 3824 3677 3893 naturalibus

435 3928 904 3996 perpchionibus,
953 3941 1114 3996 quam
1168 3935 1295 3995 post
1357 3927 1839 3995 resurrectionem,
1904 3944 2006 3998 pro
2042 3943 2110 3983 eo
2164 3940 2329 4000 atque
2368 3932 2775 3985 sanctissimum
2822 3941 2988 3997 esset,
3046 3947 3214 4001 capax
3282 3948 3390 3985 non
3462 3928 3675 3984 fuerit:

434 4026 493 4071 et
543 4020 689 4089 quod
750 4020 894 4074 idem
943 4033 1148 4088 corpus
1226 4018 1807 4088 incorruptibilitatem
1875 4021 2051 4091 ipsam
2090 4036 2203 4076 non
2269 4035 2391 4092 post
2453 4024 2805 4087 Passionem,
2849 4032 3058 4078 tantum
3120 4023 3169 4076 id
3207 4024 3350 4093 quod
3407 4022 3675 4077 catholica

440 4112 682 4165 Ecclesia
729 4111 1038 4180 proﬁtetur,
1092 4127 1282 4167 verum
1332 4110 1499 4165 etiam
1549 4120 1676 4166 ante
1723 4111 2062 4181 Passionem,
2105 4113 2175 4168 ab
2214 4114 2329 4185 ipsa
2374 4130 2549 4185 usque
2594 4115 2781 4169 divina
2841 4114 3177 4184 seminisque
3208 4124 3435 4185 experte
3481 4127 3677 4168 conce-

437 4206 627 4272 ptione
684 4204 1004 4258 obtinuerit.
1055 4203 1124 4259 Ut
1178 4218 1306 4257 vero
1373 4202 1429 4257 in
1500 4204 1839 4277 sententiam
1898 4220 2051 4260 suam
2096 4221 2258 4262 sacer
2310 4207 2447 4261 ordo
2500 4208 2553 4260 in
2610 4206 2833 4261 Oriente
2866 4209 3029 4263 simul
3067 4219 3119 4263 ct
3148 4210 3434 4264 Occidente
3501 4211 3676 4264 levent

438 4304 498 4350 et
550 4296 759 4351 [utilem
811 4297 935 4358 iret,
1008 4295 1060 4350 vi
1124 4296 1369 4349 adhibita
1423 4308 1618 4364 cogere
1684 4296 1872 4363 cmpit.
1943 4297 2014 4351 At
2058 4298 2327 4363 universi,
2385 4298 2562 4352 oculis
2612 4299 2665 4350 in
2729 4298 3078 4353 Auastasium
3108 4300 3673 4357 Antiochenumcon-

437 4391 617 4460 jcclis,
673 4398 733 4441 ut
786 4388 854 4440 ab
902 4403 969 4441 eo
1008 4386 1141 4457 quid
1171 4385 1313 4441 facto
1352 4402 1491 4455 Opus
1563 4398 1709 4441 esset
1778 4389 2075 4455 discerent,
2116 4393 2311 4460 cupide
2363 4392 2777 4462 exspectabant.
2825 4391 2942 4445 'l’er
2997 4408 3160 4461 quam
3220 4394 3295 4447 illi
3319 4408 3532 4449 causam
3567 4393 3683 4464 pri-

444 4498 583 4534 mam
614 4482 729 4550 ejus
748 4479 1211 4535 conﬂictationem
1245 4482 1524 4549 sapienter
1561 4482 1905 4536 tenulerunt.

1029 4596 1279 4651 ΚΕΦΑΛ.
1337 4603 1417 4650 Λ’.

448 4690 583 4759 Περὶ
637 4687 1042 4765 Ἀναστασίου
1084 4687 1191 4740 τοῦ
1240 4686 1626 4753 Θεουπόλεως
1678 4688 1785 4743 τοῦ
1811 4691 2006 4742 Errat-

1168 4773 1295 4810 του.

534 4873 890 4931 ’Λναστασιος
936 4869 981 4921 δ’
1018 4862 1173 4930 οὗτος
1212 4869 1337 4920 ὅσον
1372 4868 1429 4931 ἐς
1472 4868 1541 4920 τά
1591 4867 1711 4922 θεῖα
1776 4870 2013 4937 μάλιστα

445 4952 623 5030 λόγιος
653 4957 927 5032 ἧν.όρθὺς
947 4960 1003 5013 δὲ
1048 4960 1142 5013 τὲν
1199 4962 1420 5028 τρόπον,
1458 4961 1551 5013 καὶ
1582 4960 1649 5013 τὰ
1705 4964 1762 5022 ἐς
1797 4962 2007 5014 δίαιταν

445 5052 872 5122 ἀκριϐέστατος⁸
906 5049 981 5111 ὡς
1014 5050 1110 5103 ml
1156 5052 1269 5110 τοῖς
1317 5049 1457 5115 ἄγαν
1517 5049 1733 5111 λεπτοῖς
1779 5050 2007 5116 ἐπάγειν

448 5144 677 5213 ῥυθμὸν,
716 5140 929 5194 καὶτοῦ
970 5140 1113 5208 ἄγαν
1174 5139 1449 5208 ἀσφαλοῦς
1498 5142 1762 5211 μηδαμῶς
1802 5160 2009 5211 παρεκ-

446 5235 780 5303 τρέπεσθαι·
810 5234 970 5304 μήτοι
1032 5250 1097 5301 γε
1126 5231 1237 5284 τῶν
1269 5232 1500 5299 καιρίων
1532 5232 1623 5283 καὶ
1664 5235 1739 5293 είς
1766 5233 1898 5284 αὐτὸ
1951 5235 2011 5285 τὸ

449 5328 607 5377 Θεῐον
652 5326 1106 5393 ἀναφερομένων.
1142 5322 1377 5389 Ἀριστα
1415 5320 1472 5372 δέ
1506 5320 1555 5371 οἱ
1614 5321 1708 5372 καὶ
1760 5321 1821 5372 τὸ
1881 5318 2011 5392 ἦθος

448 5417 738 5487 ἐκέκρατο·
770 5414 831 5466 οὐ
861 5413 971 5483 γάρ
1002 5430 1081 5465 τοι
1120 5411 1259 5464 πάνυ
1294 5411 1641 5472 εὐέντευκτος
1668 5406 1755 5479 ἦν,
1809 5412 1894 5463 ἵνα
1938 5412 2012 5480 μὴ

448 5508 560 5568 τοῖς
585 5506 917 5575 καθήκουσιν
970 5502 1290 5564 εὐεπίϐατος
1326 5503 1409 5573 εἴη
1432 5518 1445 5533 ο
1507 5500 1629 5554 οὔτε
1669 5503 1773 5572 μὴν
1810 5505 2013 5572 αὐστη-

454 5598 544 5666 ρός
572 5614 653 5661 τις
686 5599 779 5649 καὶ
807 5595 1031 5665 ἀφειδὴς
1073 5595 1167 5646 καὶ
1195 5594 1269 5655 ὡς
1304 5594 1367 5646 ἄν
1404 5611 1464 5660 γε
1501 5596 1576 5664 μὴ
1614 5598 1707 5648 καὶ
1734 5595 2011 5665 δυσπρόσ-

697 5723 968 5783 ΡΑἸἜΟΙ..
1005 5721 1123 5781 Gn.
1186 5718 1457 5781 CXLV".

2037 4603 2088 4662 D

2673 4574 2901 4651 CAPUT
2942 4594 3108 4649 xxx.

2297 4691 2372 4744 De
2402 4690 2683 4743 Anastasio
2709 4688 2979 4758 Theopolis
3010 4689 3242 4757 episcopo
3268 4688 3502 4743 Sinaita.

2192 4873 2513 4928 Anastasius
2538 4872 2637 4925 iste
2665 4871 2974 4925 divmarum
3004 4888 3183 4924 rerum
3213 4872 3420 4939 peritus
3448 4872 3680 4925 maxime

2114 4964 2247 5029 fuit,
2288 4963 2342 5018 in
2376 4978 2588 5017 morum
2623 4970 2802 5016 autem
2841 4974 2891 5016 et
2930 4962 3263 5031 quotidianae
3292 4963 3413 5014 vita:
3447 4961 3679 5029 integri»

2118 5061 2228 5107 tate
2283 5061 2390 5105 tam
2449 5060 2720 5122 accurata:
2766 5051 3166 5114 observantiae,
3217 5061 3277 5106 ut
3330 5062 3384 5106 et
3433 5053 3681 5107 leviculis

2117 5161 2339 5215 quoque
2375 5144 2610 5214 negotiis
2643 5143 3073 5197 moderationem
3114 5145 3434 5210 adhiberet,
3480 5155 3537 5200 et
3568 5161 3677 5199 non

2119 5235 2282 5290 modo
2334 5235 2391 5288 in
2440 5235 2607 5288 rebus
2646 5235 2906 5304 gravibus
2960 5246 3014 5291 et
3061 5238 3125 5290 ad
3180 5238 3423 5291 divinum
3467 5238 3681 5291 Numen

2121 5325 2546 5391 pertinentibus,
2586 5329 2678 5379 sed
2727 5326 2890 5380 etiam
2941 5327 2995 5380 in
3042 5329 3281 5381 minimis
3330 5346 3359 5380 a
3407 5328 3679 5381 constanti

2121 5423 2385 5483 certoque
2421 5415 2705 5484 proposito
2738 5416 3164 5486 haudquaquam
3197 5416 3549 5471 transversim
3584 5431 3682 5468 ex-

2124 5505 2349 5560 cideret.
2393 5508 2588 5560 Mentis
2637 5524 2767 5561 vero
2808 5509 3051 5562 habitum
3097 5525 3259 5578 quam
3300 5508 3504 5577 optimc
3545 5517 3684 5559 tcm-

2129 5596 2353 5666 peravit.
2386 5597 2504 5651 Non
2560 5596 2704 5650 enim
2742 5599 2897 5651 tacilc
2924 5600 3214 5653 admodum
3246 5598 3383 5651 adi-ri
3408 5611 3465 5649 sc
3491 5610 3683 5665 passus

3253 5718 3323 5774 lO
