4094 6202
375 327 482 391 299

1610 325 2034 397 NICEl‘llORl
2077 324 2420 385 CALLISTI

3548 328 3656 387 $.00

379 452 484 504 cst,
520 458 588 497 ne
621 452 826 497 temere
860 456 1001 511 quos
1030 440 1257 494 minime
1290 446 1593 508 oporteret,
1618 440 1683 491 ad
1709 439 1951 493 seadmit

2084 458 2195 492 ιτον
2242 438 2435 492 ἑαυτὸν
2464 433 2545 501 οἷς
2572 435 2681 489 δέοι
2724 434 3119 506 παραδεικνύοι
3147 452 3163 467 ·
3216 438 3310 490 καὶ
3342 439 3510 509 ἡνίκα
3554 443 3655 507 μὲν

382 544 524 587 teret
560 552 573 588 :
608 548 789 602 neque
824 542 1083 588 austerus
1128 531 1269 586 adeo
1304 540 1362 585 et
1396 532 1630 585 tetricus
1661 531 1783 595 fuit,
1816 541 1877 584 ut
1907 545 1965 584 se

380 625 659 679 difficilem
704 626 857 677 aditu
903 625 985 677 eis
1030 623 1235 692 quibus
1272 622 1497 677 deceret
1546 622 1873 686 exhiberet;
1910 630 1967 676 et

381 734 506 773 cum
538 727 755 787 tempus
781 718 939 773 seria:
972 719 1052 772 rei
1097 718 1323 788 agenda:
1360 725 1530 781 esset,
1567 717 1621 771 in
1656 726 1845 786 parato
1873 731 1968 769 au-

381 807 481 866 res'
512 810 772 874 habebat,
806 820 863 865 et
908 810 1099 879 lingua
1137 811 1259 881 ejus
1293 809 1541 863 ﬂuminis
1579 809 1753 864 instar
1790 820 1967 863 scate-

381 903 493 967 bat,
531 904 900 972 celeriterque
948 918 1072 972 qu:e
1110 902 1161 958 ei
1203 901 1660 973 prOponebantur
1692 898 1964 954 solvebat.

379 995 541 1066 785
575 996 750 1050 Porro
795 996 850 1049 in
902 995 1141 1064 negotiis
1175 994 1391 1059 otiosis,
1424 1001 1481 1048 ct
1514 992 1581 1047 ad
1619 1008 1733 1047 rem
1781 991 1967 1047 minus

379 1087 810 1155 pertinentibus,
849 1087 1015 1140 simul
1060 1096 1117 1140 et
1160 1100 1325 1139 aures
1370 1100 1598 1153 prorsus
1646 1083 1964 1147 ohturabat,

386 1192 443 1235 et
470 1180 716 1249 linguam
745 1179 1024 1244 frenabat,
1056 1179 1131 1233 ita
1160 1186 1220 1232 ut
1245 1192 1369 1232 cum
1398 1177 1703 1231 orationem
1735 1175 1966 1229 rationis

380 1274 715 1343 tempestivo
749 1274 974 1326 modulo
1009 1272 1327 1335 metiretur,
1354 1280 1468 1323 tum
1500 1272 1757 1323 sermone
1794 1282 1968 1335 quan-

378 1366 565 1433 doque
615 1365 901 1419 silentium
940 1365 1061 1433 ejus
1098 1362 1473 1431 prastahilius
1514 1369 1679 1415 esset.
1714 1359 1773 1412 In
1821 1360 1968 1410 hunc

380 1458 613 1526 perinde
657 1468 826 1526 atque
871 1457 926 1510 in
970 1454 1439 1525 propugnaculum
1479 1452 1757 1522 quoddam
1795 1448 1967 1504 Justi-

379 1550 583 1604 iiianus
624 1548 872 1619 impegit,
917 1546 1068 1599 omni
1118 1546 1271 1598 illum
1308 1553 1427 1599 arte
1468 1543 1773 1612 ingressus,
1816 1551 1965 1596 recte

381 1644 484 1697 hac
530 1656 742 1704 sectim,
784 1649 846 1693 ut
891 1639 971 1693 illi
1013 1638 1331 1701 videbatur,
1373 1637 1586 1690 ratione
1636 1635 1960 1699 deliberata,

375 1750 505 1788 eum
544 1735 587 1788 si
628 1733 1026 1793 concussisset,
1063 1746 1174 1784 non
1213 1729 1415 1783 difﬁcili
1453 1744 1622 1798 opere
1666 1745 1724 1783 se
1765 1729 1959 1783 urbem

2071 533 2265 603 καιρὸς
2291 530 2532 600 σπουδῆς
2555 524 2646 599 ἦν,
2677 530 2737 581 ἐν
2775 530 2980 599 ἑτοίμῳ
3009 525 3153 600 ἦσαν
3178 531 3249 583 τά
3292 525 3434 596 ὦτα,
3489 530 3587 585 xii.
3623 538 3653 604 ἡ

2068 626 2284 695 γλῶττα
2332 625 2424 678 ίσα
2487 623 2720 694 ῥεύματι
2772 624 3012 677 νάουσα·
3048 625 3245 677 θᾶττον
3294 626 3364 678 τὰ
3422 631 3651 697 προσπ⁷ο

2071 732 2275 767 πτοντα
2305 713 2565 767 διαλύων.
2615 714 2704 765 Ἐν
2740 713 2797 765 δὲ
2829 716 2943 776 τοῖς
2968 716 3277 785 παρέργοις
3312 718 3382 771 τά
3420 734 3479 769 τε
3534 712 3651 771 ὦτα

2068 805 2257 858 τέλεον
2306 804 2649 866 ἀπεκλείετο,
2712 803 2809 857 καὶ
2870 808 2937 875 τῇ
2980 804 3199 877 γλώττῃ
3242 807 3463 875 χαλινὸς
3523 810 3645 860 ἐπέι

2068 882 2337 961 κειτο·ὢς
2374 896 2700 966 συμὸαίνειν
2738 896 2829 949 τὸν
2867 898 2967 965 μὲν
3002 897 3161 964 λόγον
3209 898 3288 968 τῷ
3322 900 3527 970 καιρίῳ
3556 902 3649 953 τοῦ

2068 992 2293 1058 εὐλόγου
2324 990 2710 1062 ρυθμίζεσθαι,
2739 992 2835 1043 καὶ
2868 991 3159 1057 κρείττονα
3184 988 3327 1044 εἶναι
3356 991 3521 1059 λόγου
3552 992 3650 1060 τὴν

2071 1086 2307 1153 σιωπήν.
2372 1084 2483 1136 Καὶ
2535 1082 2599 1152 δὴ
2634 1076 2724 1135 οἷά
2776 1099 2883 1134 τινι
2933 1082 3189 1153 προϐόλῳ
3266 1083 3649 1147 Ἰουστινιανὸς

2066 1174 2242 1245 τούτῳ
2309 1174 2664 1243 προσϐάλλει,
2726 1176 2909 1228 πᾶσαν
2975 1178 3233 1246 μηχανὴν
3303 1178 3648 1246 περιττήσας

2068 1267 2250 1337 αὐτῷ·
2298 1267 2501 1333 καλῶς,
2537 1267 2612 1330 ὥς
2652 1267 2705 1335 γ’
2734 1267 2930 1338 ἐκείνῳ
2987 1267 3189 1330 ἐδόκει,
3235 1267 3644 1337 διανοούμενος,

2065 1360 2142 1421 ὼς
2163 1361 2212 1411 εί
2244 1358 2435 1412 τοῦτον
2460 1359 2863 1423 κατασείσειεν,
2888 1358 3064 1412 οὐδενὶ
3092 1360 3241 1430 πόνῳ
3265 1363 3358 1413 καὶ
3375 1360 3474 1430 τὴν
3493 1361 3648 1413 πόλιν

2067 1453 2212 1505 ἑλεῖν
2249 1452 2623 1521 περιγένοιτο·
2653 1450 2724 1504 τά
2757 1468 2816 1504 τε
2844 1452 2954 1506 τῶν
2984 1452 3277 1521 δογμάτων
3322 1453 3525 1523 γνήσια
3549 1454 3646 1508 άν-

2065 1540 2514 1611 δραποδίσασθαι,
2548 1541 2643 1593 καὶ
2669 1542 2776 1593 ὑπὸ
2824 1540 3221 1611 αἰχμαλωσίαν
3264 1543 3369 1613 τὴν
3402 1543 3647 1614 Χριστοῦ

2067 1631 2414 1700 καταστῆσαι
2442 1630 2707 1700 ποίμνην.
2766 1631 2826 1684 Ὀ
2882 1633 2940 1686 δὲ
2974 1632 3222 1687 τοιοῦτον
3256 1634 3551 1703 ἐστήρικτο
3579 1639 3644 1706 τῇ

2065 1720 2165 1790 τῆς
2198 1719 2439 1784 πίστεως
2474 1721 2675 1792 πέτρᾳ,
2720 1722 2816 1775 καὶ
2840 1722 3106 1793 άδένητος
3130 1727 3252 1788 ταῖς
3306 1726 3644 1797 προσϐολαῖς

376 1839 597 1878 onmem
648 1823 703 1877 in
748 1831 1080 1891 potestatem
1127 1837 1282 1875 suam
1326 1820 1707 1885 redacturum,
1744 1835 1869 1875 vcra
1908 1831 1951 1874 el

2066 1813 2444 1883 καθειστήκει,
2481 1813 2560 1881 τῷ
2590 1790 2726 1884 θείῳ
2783 1790 3129 1886 μετηρμένος
3194 1790 3536 1889 φρονήματι,
3569 1823 3645 1880 ὡς

376 1931 636 1986 germana
668 1916 921 1985 dogmata
956 1929 1305 1979 eversurum,
1333 1922 1389 1967 et
1415 1912 1620 1967 Christi
1654 1910 1871 1983 gregem
1905 1913 1958 1965 in

375 2010 753 2078 captivitatem
810 2008 1203 2062 abducturum.
1262 2008 1589 2062 Anastasius
1641 2024 1771 2061 vero
1830 2007 1960 2061 fidei

375 2110 532 2167 petra
575 2100 807 2154 firmiter
836 2109 921 2153 est
954 2101 1139 2159 nixus,
1169 2106 1223 2153 et
1254 2098 1392 2152 adeo
1425 2098 1691 2151 adversus
1722 2099 1961 2166 impera-

378 2192 517 2244 toris
551 2190 817 2259 impetum
846 2189 1034 2243 divina
1062 2204 1292 2258 prorsus
1321 2188 1574 2242 sublatus
1606 2198 1791 2242 mente
1825 2190 1958 2243 sub-

376 2283 538 2346 stitit,
564 2294 625 2335 ut
652 2282 937 2349 propalam
965 2281 1194 2335 disertis
1221 2280 1429 2343 verbis,
1454 2280 1958 2335 demonstrationes

377 2389 598 2441 quoque
644 2383 762 2426 arte
810 2372 1049 2425 maxima
1096 2372 1434 2441 compositas
1482 2372 1831 2436 adhibendo,
1877 2372 1955 2426 illi

377 2466 603 2529 dixerit,
635 2462 998 2532 corruptibile
1029 2462 1203 2516 fuisse
1234 2471 1362 2516 ante
1391 2462 1708 2516 Passionem
1738 2462 1954 2516 Domini

373 2568 602 2624 corpus,
638 2552 1098 2620 naturalibusque
1134 2559 1190 2604 et
1232 2550 1813 2619 irreprehensibilibus
1850 2551 1952 2606 ob-

375 2647 598 2701 iiozium
629 2644 1102 2714 perpessionihus,
1136 2642 1302 2711 idque
1333 2643 1408 2695 ita
1436 2651 1491 2695 et
1520 2657 1707 2697 sacros
1735 2654 1953 2713 aposto~

373 2741 459 2792 los
491 2736 802 2800 tradidisse,
837 2744 892 2789 et
929 2734 1084 2789 divos
1118 2735 1309 2789 Patres
1341 2734 1579 2789 sensisse
1612 2743 1775 2803 atque
1809 2750 1953 2804 pra:-

373 2832 608 2884 dicasse.
643 2830 775 2894 Qui:
822 2842 953 2882 sane
998 2827 1180 2881 omnia
1226 2827 1395 2881 etiam
1440 2826 1509 2880 ad
1548 2827 1951 2880 monachorum

372 2924 564 2992 priiuze
606 2932 663 2976 et
712 2920 973 2975 secunda:
1021 2920 1194 2990 Syriae
1244 2918 1521 2982 ordinem,
1557 2920 1649 2988 qui
1693 2919 1845 2973 illum
1882 2920 1950 2975 de

368 3016 452 3069 eis
501 3015 921 3077 consuluerant,
974 3012 1267 3066 manifeste
1317 3020 1373 3067 et
1418 3011 1591 3067 libere
1646 3012 1949 3082 rescripsit.

369 3122 564 3162 omnes
599 3115 660 3160 ut
702 3107 779 3160 ita
826 3105 1097 3159 sentirent
1132 3105 1487 3168 confirmans,
1523 3115 1578 3158 et
1612 3106 1769 3174 quasi
1824 3106 1949 3176 qui-
1974 3138 2017 3197 ο

368 3199 495 3253 dam
544 3198 745 3268 aliptes
791 3198 859 3251 ad
909 3206 1186 3252 certamen
1233 3212 1334 3267 pro
1377 3198 1580 3266 pietate
1625 3198 1944 3253 obeundum

367 3294 641 3355 excitans,
675 3290 999 3359 dictumque
1033 3288 1165 3343 illud
1194 3287 1339 3359 quod
1373 3302 1470 3341 vas
1501 3288 1793 3343 electionis
1819 3304 1946 3359 pro-

368 3383 514 3447 tulit,
542 3381 801 3435 omnihus
830 3381 1130 3451 subjiciens
1158 3390 1321 3449 atque
1353 3394 1668 3449 proponens
1695 3398 1707 3433 :
1736 3380 1796 3434 Si
1826 3382 1943 3448 quis

364 3472 528 3535 vobis,
576 3480 932 3541 pra-terquam
967 3472 1255 3540 accepistis,
1291 3470 1757 3541 euangelizaverit,
1801 3489 1938 3526 ana-

366 3561 540 3618 thema
570 3564 639 3616 sit
676 3564 716 3616 ¹.
750 3563 832 3617 llli
881 3578 1050 3632 porro
1088 3578 1283 3617 omnes
1322 3563 1375 3617 in
1415 3563 1605 3618 eadem
1651 3566 1943 3621 sententia:

364 3653 715 3707 :rmulatione
748 3653 1134 3722 perstiterunt.
1168 3653 1342 3717 Quam
1375 3652 1445 3706 ob
1474 3667 1718 3715 causam,
1753 3663 1811 3706 ut
1841 3653 1946 3707 sibi

366 3746 438 3799 ita
466 3744 813 3797 resistentem
843 3743 896 3795 in
921 3742 1174 3797 exsilium
1202 3752 1409 3810 ageret,
1435 3743 1785 3797 Justinianus
1812 3758 1946 3799 con-

363 3834 547 3887 silium
589 3832 754 3901 cepit.
792 3831 846 3884 ld
890 3845 1021 3883 vero
1062 3840 1121 3883 ut
1156 3831 1484 3884 Anastasius
1526 3829 1756 3894 audivit,
1792 3844 1943 3885 com-

362 3926 596 3993 positam
630 3924 815 3977 statim
854 3921 1191 3985 orationem,
1225 3921 1279 3974 in
1311 3936 1419 3989 qua
1447 3921 1785 3991 argumentis
1813 3936 1938 3974 cum

361 4018 700 4072 adversariis
749 4017 1205 4087 congrederetur,
1243 4015 1629 4082 Antiochenis,
1671 4025 1731 4068 ut
1776 4032 1839 4068 eu
1883 4031 1965 4078 se_

2064 1906 2371 1973 ἀναφανδὸν
2395 1904 2695 1975 διαρρήδην
2719 1906 2896 1958 είπεῖν
2922 1908 3136 1975 βασιλεῖ
3164 1908 3644 1979 διαμηνυσάμενον

2061 1995 2128 2047 δι’
2154 1994 2483 2059 ἀποδείξεων
2515 1996 2781 2066 ἐντέχνων
2838 1997 3099 2064 μάλιστα,
3126 1999 3201 2061 ὡς
3236 1999 3479 2070 φθαρτὸν
3536 2000 3643 2071 πρὸ

2059 2084 2153 2137 τοῦ
2191 2085 2401 2149 πάθους
2437 2086 2524 2153 εἴη
2560 2086 2621 2138 τὸ
2659 2085 2753 2139 τοῦ
2786 2087 2992 2155 Κυρίου
3027 2087 3210 2155 σῶμα,
3269 2090 3361 2143 καὶ
3402 2092 3517 2153 τοῖς
3542 2110 3640 2158 φυ-

2063 2181 2235 2241 σικοῖς
2266 2180 2364 2232 καὶ
2419 2179 2765 2251 ἀδιαϐλήτοις
2829 2182 3190 2251 ὑποκείμενον
3242 2185 3484 2239 πάθεσιο
3545 2191 3641 2239 καὶ

2059 2271 2203 2325 οὕτω
2228 2272 2569 2343 παραδοῦναι
2608 2277 2735 2336 τούς
2786 2291 2844 2327 τε
2908 2275 3091 2345 ἱεροὺς
3144 2278 3507 2346 άποσ;ό).ους,
3543 2282 3638 2333 καὶ

2056 2364 2180 2425 τοὺς
2211 2362 2389 2426 θείους
2420 2363 2675 2433 Πατέρας
2704 2364 2880 2430 οὕτως
2930 2367 3133 2421 εἰδέναι
3194 2386 3252 2422 τε
3308 2372 3402 2423 καὶ
3433 2372 3638 2442 κηρύεο

2057 2466 2192 2510 τειν.
2229 2458 2297 2507 Ἀ
2327 2456 2389 2525 δὴ
2425 2456 2607 2511 πάντα
2633 2460 2893 2530 καὶπρὸς
2930 2460 2991 2512 τὸ
3029 2461 3326 2529 μοναδικδν
3358 2464 3459 2533 τῆς
3484 2465 3637 2537 πρῴ-

2055 2566 2157 2619 της
2184 2549 2559 2620 καὶδευτέρας
2591 2551 2791 2621 Συρίας
2822 2552 3128 2623 ὲρωτῆσαν,
3152 2555 3293 2624 μετὰ
3319 2559 3633 2627 παρρησίας

2054 2637 2266 2703 ἀνεῖπε,
2302 2640 2577 2708 στηρίζων
2636 2643 2847 2704 πάντας
2907 2641 3054 2695 οὕτω
3101 2647 3357 2713 φρονεῖν·
3392 2646 3489 2699 καὶ
3545 2641 3634 2700 οἷά

2051 2743 2137 2790 τις
2165 2728 2432 2800 ἀλείπτης
2469 2732 2608 2801 πρὸς
2641 2734 2732 2787 τὸν
2786 2733 2928 2804 ὑπὲρ
2960 2736 3059 2805 τῆς
3113 2738 3397 2802 εὐσεὸείας
3443 2740 3632 2808 ἀγῶνα
3699 2725 3709 2733 ’

2033 2819 2384 2889 διερεθίζων,
2411 2823 2593 2875 ἐκεῖνο
2621 2824 2682 2876 τὸ
2709 2824 2803 2877 τοῦ
2836 2826 3062 2890 σκεύους
3108 2829 3207 2897 τῆς
3234 2831 3464 2901 ἐκλογῆς
3491 2836 3630 2887 πᾶσι

2050 2909 2228 2979 λέγων
2260 2912 2355 2965 καὶ
2388 2913 2664 2983 προτιθείς
2689 2930 2703 2947 ⁸
2735 2916 2809 2969 Εἴ
2858 2934 2948 2982 τις
2995 2917 3151 2986 ὑμᾶς
3185 2922 3629 2992 εὐαγγελίζεται

2049 3001 2186 3071 παρ’
2218 3001 2249 3055 ὃ
2276 3003 2665 3071 παρελάϐετε,
2704 3008 2974 3078 ἀνάθεμα
3004 3012 3183 3068 ἔστω.
3237 3015 3300 3066 Οἳ
3332 3016 3397 3085 δὴ
3423 3019 3627 3083 πάντες

2050 3096 2118 3148 τὰ
2174 3098 2538 3168 παραπλήσια
2606 3099 2902 3168 ζηλοῦντες
2953 3103 3327 3174 διαγεγόνασι.
3394 3112 3493 3163 Διά
3542 3129 3626 3164 τοι

2051 3187 2229 3242 ταῦτα
2262 3186 2645 3254 ἰουστινιανδς
2671 3192 2844 3257 οὕτως
2878 3195 3300 3267 ἀνθιστάμενον,
3334 3202 3627 3273 ὑπερόριον

2052 3280 2212 3347 ἄγειν
2240 3280 2482 3351 σπουδὴν
2514 3282 2771 3338 ἐποιεῖτο.
2807 3285 2988 3357 Ὅπερ
3028 3291 3336 3362 πυθόμενος
3364 3296 3628 3351 ’Δναστά-

2052 3386 2189 3435 σιος,
2246 3373 2647 3443 συντακτὴριον
2698 3374 2858 3445 λόγον
2910 3380 3227 3450 σχεδιάσας,
3282 3385 3625 3457 Ἀντιοχεῦσι

2050 3463 2381 3535 προϐάλλειν
2442 3466 2688 3520 ἐτίθετο·
2742 3470 3003 3525 τοσοῦτον
3057 3476 3378 3550 καλλιεπείᾳ⁵
3411 3482 3504 3532 καὶ
3547 3482 3626 3551 τῷ

2052 3557 2245 3626 πυκνῴ
2280 3562 2390 3611 τῶν
2447 3560 2872 3629 ἐνθυμημάτων,
2911 3566 3008 3619 καὶ
3044 3568 3123 3638 τῷ
3170 3570 3480 3642 εὐπορίστῳ
3515 3574 3625 3626 τῶν

2050 3649 2342 3717 γραφικῶν
2375 3650 2590 3721 ῥήσεων
2625 3652 2763 3722 πρὸς
2786 3653 2847 3707 τὸ
2873 3656 2973 3726 τῆς
3034 3658 3278 3728 ίστορίας
3316 3662 3623 3735 πρόσφορον

2048 3742 2421 3810 ἡρμοσμένον,
2483 3740 2559 3806 ὡς
2616 3744 2711 3795 ἐπὶ
2746 3746 2949 3815 μᾶλλον
2981 3748 3221 3817 ἆγαςθαι
3284 3754 3377 3806 τὸν
3404 3757 3621 3826 πατέρα

2048 3831 2144 3883 τοῦ
2177 3833 2365 3899 λόγου,
2400 3835 2497 3885 καὶ
2550 3835 2901 3890 ἐπιπλεῖστον
2958 3840 3232 3910 αἱρεῖσθαι
3295 3843 3619 3915 θαυμάζειν.

2056 3921 2220 3976 Ἀλλά
2251 3923 2343 3977 τοῦ
2380 3925 2516 3978 Θεοῦ
2564 3928 2817 3996 κρεῖττόν
2864 3946 2915 3983 τι
2965 3934 3094 4003 περὶ
3134 3936 3229 4002 τῆς
3277 3937 3443 3989 αὑτοῦ
3493 3937 3617 3992 Ἐκ-

2045 4014 2280 4082 κλησίας
2308 4016 2843 4086 προϐλεψαμένου,’6
2898 4021 3053 4091 λόγος
3105 4026 3204 4079 οὐκ
3235 4027 3474 4097 ἐξεδόθη.

359 4111 752 4174 defenderent,
791 4110 836 4163 si
886 4125 1026 4179 opus
1059 4119 1226 4174 esset,
1293 4108 1517 4162 obtulit.
1586 4106 1662 4161 Ea
1701 4118 1882 4161 autem
1929 4108 2224 4163 verborum
2264 4108 2534 4178 elegantia
2578 4120 2635 4164 et
2679 4112 3146 4182 enthymematum
3216 4117 3490 4173 densitate
3536 4129 3622 4173 est

358 4204 632 4266 confecta,
666 4216 770 4256 nec
811 4217 921 4255 non
970 4202 1242 4255 dictorum
1274 4216 1341 4255 ex
1371 4200 1548 4255 sacris
1588 4200 1814 4255 Litteris
1860 4202 2311 4271 depromptoruni
2382 4200 2661 4264 ubertate,
2704 4203 2772 4257 ad
2804 4220 2918 4258 rem
2982 4208 3153 4278 ipsam
3218 4210 3289 4263 ita
3316 4228 3621 4267 accommo-

358 4299 506 4362 data,
547 4305 607 4350 ut
654 4296 946 4351 maximam
980 4305 1174 4351 auctor
1218 4296 1345 4350 libri
1374 4297 1495 4366 ejus
1524 4307 1856 4351 consecutus
1895 4296 1967 4349 sit
2001 4295 2445 4349 admirationem.
2487 4295 2595 4351 Sed
2629 4301 2893 4368 scriptum
2929 4300 3004 4365 id,
3040 4305 3186 4372 quod
3222 4303 3366 4360 Deus
3404 4309 3619 4362 meliori

356 4391 592 4460 quadam
639 4390 855 4443 ratione
904 4389 1164 4443 Ecclesiae
1211 4405 1325 4443 sua:
1353 4390 1665 4444 consultum
1708 4390 1964 4451 voluerit,
2002 4389 2210 4443 editum
2248 4406 2358 4443 non
2394 4400 2500 4444 est.

825 4507 992 4578 736
1024 4507 1250 4564 CAPUT
1290 4507 1484 4563 χχχι.

361 4602 427 4655 l't
462 4600 800 4658 Justinianus
855 4610 1109 4681 mortuus_
1134 4603 1224 4667 sit,
1275 4611 1323 4654 et
1354 4602 1418 4653 de
1459 4603 1711 4671 opinione
1746 4614 1794 4657 ct
1827 4604 1933 4672 ﬁde

1061 4689 1194 4741 ejus.

424 4788 772 4844 Justinianus
823 4802 1094 4856 namque,
1153 4803 1277 4840 cum
1344 4790 1619 4843 Anastasii
1676 4792 1933 4846 sacerdo-

354 4892 583 4950 tumque
629 4882 769 4952 ejus,
809 4881 905 4950 qui
951 4880 1144 4935 eodem
1187 4896 1312 4935 cum
1360 4882 1455 4936 illo
1490 4883 1688 4938 ardore
1731 4883 1926 4954 ﬂagra-

353 4976 508 5037 bant,
534 4975 714 5029 exsilii
742 4975 987 5030 libellum
1013 4977 1272 5037 dictaret,
1296 4976 1561 5032 invisibili
1586 4977 1727 5032 ictus
1750 4978 1927 5048 plaga,

351 5083 420 5120 ex
473 5068 583 5121 vita
618 5067 719 5123 hac
747 5069 1004 5134 excessit,
1039 5070 1259 5141 triginta
1291 5080 1346 5125 et
1377 5080 1501 5125 octo
1532 5071 1693 5126 annis
1723 5072 1928 5125 mensi-

350 5160 560 5227 busque
603 5170 729 5215 octo
778 5161 832 5215 in
874 5161 1110 5231 imperio
1158 5164 1447 5219 transactis
1485 5180 1498 5216 :
1541 5179 1667 5219 cum
1702 5163 1925 5234 quidem

347 5251 984 5321 Aphthartodocetarum
1034 5256 1352 5324 Opinionem
1403 5271 1513 5309 non
1562 5257 1926 5321 abolevisset,

349 5360 550 5415 quippe
577 5348 670 5417 qui
698 5348 1030 5403 sententiam
1063 5349 1334 5420 ejusmodi
1360 5348 1426 5403 ad
1454 5349 1721 5403 honorem
1749 5348 1930 5403 Domi-

347 5437 459 5493 uici
491 5443 743 5510 corporis
776 5443 951 5513 magis
981 5442 1163 5497 facere
1192 5443 1618 5497 existimaverit.
1665 5440 1928 5497 Nonnulli

346 5538 501 5587 certe
538 5532 763 5602 quidem
806 5536 1023 5590 veniam
1068 5534 1144 5590 illi
1188 5536 1521 5601 concedunt,
1569 5551 1749 5605 neque
1797 5550 1925 5590 cum

346 5621 417 5675 ob
462 5622 625 5677 talem
676 5626 996 5695 Opinionem
1057 5628 1244 5683 itidem
1288 5637 1344 5683 ut
1381 5628 1620 5684 haereses
1649 5628 1805 5693 alias,
1859 5628 1926 5681 ab

418 5771 433 5802 ¹
469 5770 645 5828 Galat.
684 5787 721 5839 t,
745 5776 799 5830 υ.

2623 4513 2869 4569 ΚΕΦΔΛ.
2915 4516 3042 4573 AA'.

2050 4602 2146 4669 Ὠς
2203 4603 2634 4686 ἐτελεύτησεν.
2667 4608 3135 4686 Ἰουιζτίιξιμανός·
3174 4613 3275 4666 καὶ
3327 4618 3461 4684 περὶ
3509 4618 3616 4686 τῆς

2607 4676 2827 4732 ἑαυτοῦ
2856 4681 3062 4746 δόξης.

2122 4788 2184 4844 ’0
2211 4792 2321 4860 γὰρ
2364 4792 2745 4858 Ἰουστινιανὺς
2773 4796 2870 4864 τὴν
2897 4797 3110 4851 ἐκείνου
3141 4800 3360 4871 ἐξορίαν
3388 4804 3481 4857 καὶ
3510 4807 3617 4859 τῶν

2039 4881 2179 4951 ἀμφ’
2205 4882 2369 4937 αὖτὸν
2406 4885 2599 4959 ίερέων
2637 4886 2734 4938 καὶ
2763 4887 2871 4941 τῶν
2900 4887 2994 4941 τοῦ
3042 4890 3159 4943 ἴσου
3184 4891 3347 4961 ζήλου
3402 4894 3617 4965 ὑπαγο-

2042 4974 2237 5044 ρεύων,
2303 4976 2521 5046 ἀοράτῳ
2569 4979 2800 5046 πληγεὶς
2847 4981 3099 5050 μάστιγι,
3156 4984 3250 5038 τὸν
3302 4987 3431 5057 τῇδε
3499 4991 3617 5060 βίον

2040 5068 2412 5138 κατέστρεψεν
2440 5083 2455 5100 ο
2486 5062 2583 5140 ἐτη
2614 5073 2683 5123 τὰ
2716 5074 2893 5127 πάντα
2922 5074 3317 5148 διαγενόμενος
3346 5082 3414 5152 τῇ
3470 5084 3613 5154 ἀρχῇ

2035 5162 2183 5216 ὀκτὼ
2238 5164 2334 5216 καὶ
2386 5167 2687 5234 τριάκοντα
2753 5167 2850 5221 σὺν
2924 5170 3092 5239 μησὶν
3142 5172 3324 5225 ὀκτώ·
3363 5174 3464 5246 τὴν
3506 5178 3615 5229 τῶν

2046 5255 2572 5326 ’Λφθαρτοδοκητῶν
2610 5257 2686 5328 μὴ
2716 5260 3168 5332 ἀποτριψάμενος
3198 5264 3358 5329 δόξαν
3386 5305 3403 5332 ,
3448 5269 3617 5337 ἡγού-

2037 5364 2201 5418 μενος
2232 5347 2370 5416 πρὸς
2417 5348 2587 5419 τιμὴν
2628 5350 2830 5419 μᾶλλον
2869 5348 3013 5406 εἶναι
3043 5355 3143 5427 τὴν
3168 5358 3330 5424 δόξαν
3360 5359 3454 5412 τοῦ
3498 5362 3615 5415 Κυ-

2033 5440 2231 5509 ριακοῦ
2261 5439 2541 5514 σώματος.
2586 5442 2697 5495 Καί
2738 5460 2803 5512 γε
2842 5448 3177 5519 συγγνώμην
3230 5450 3377 5514 τινὲς
3433 5452 3614 5524 τούτῳ

2032 5533 2362 5604 παρέχουσι,
2404 5532 2482 5603 μὴ
2509 5533 2618 5586 δεῖν
2646 5529 2787 5589 εῖναί
2822 5537 3076 5607 λέγοντες
3106 5541 3200 5596 τὸν
3240 5542 3416 5609 οὕτως
3448 5543 3613 5600 ὕπεισ-

2030 5625 2262 5697 imo/Stat,
2294 5625 2492 5697 ἐπίσης
2526 5626 2647 5691 ταῖς
2696 5626 2885 5696 ἄλλαις
2914 5633 3218 5704 αἱρέσεσιν,
3270 5635 3376 5703 ἔξω
3416 5636 3614 5708 βάλλε-
