4094 6202
536 343 641 410 δίὶῦ

1449 346 2046 408 ΕεοιΕςῐΑδΤΙρίΕ
2084 344 2470 406 ΗΙΞΤΟἰὶῐίΕ
2512 347 2660 408 LIB.
2705 348 2887 408 XVlI-

3663 349 3766 409 306

521 461 680 513 λιστα
714 460 1173 531 ὲκδεδιῃτημένος
1195 459 1293 525 ῶν,
1329 465 1566 531 τρυφαῖς
1602 462 1697 514 καὶ
1727 461 1942 532 ἡδοναῖς
1970 460 2074 512 ἁτό·

2198 460 2582 527 imperatorem
2633 461 2892 526 decebat,
2944 462 3177 534 peregit.
3226 463 3280 518 ln
3340 467 3504 522 rebus
3555 481 3766 524 czeteris

524 567 646 613 ποις
673 553 1007 622 ἐσχόλαζεν·
1051 554 1298 618 ἐκτόπως
1329 571 1390 607 τε
1429 556 1522 610 καὶ
1562 555 1719 617 οὗτος
1768 555 1965 624 ἐπίσης
2011 552 2090 621 τῷ

521 645 672 715 θείῳ,
696 646 876 715 ἥττων
901 646 1148 715 αἰσχρῶν
1187 645 1496 717 λημμάτων
1555 645 1938 711 καθεστηκὼς,
1979 644 2090 697 τῶν

520 737 820 808 ἀλλοτρίων
856 738 1151 810 ὑπερφυῶς
1175 739 1304 810 ἦρα.
1359 735 1468 792 Καὶ
1523 739 1685 808 μήτοι
1715 753 1780 806 γε
1829 737 1900 790 τὰ
1936 737 2090 789 κοινὰ

520 829 748 899 κέρδους
776 831 1020 899 ἀθέσμου
1061 832 1398 902 ἀπεμπολῶν
1425 828 1514 903 ἧν,
1549 831 1687 884 ἀλλὰ
1714 832 1809 882 καὶ
1847 831 1937 884 ἐπὶ
1967 831 2090 891 ταῖς

522 922 847 990 ἱερωσύναις
879 925 949 977 τὰ
977 925 1339 995 παραπλήσια
1368 926 1527 996 δρᾷν,
1549 924 1803 994 οὐδαμῶς
1833 915 2090 978 εὐλαϐού-

522 1031 682 1083 μενος
707 1030 722 1044 ·
758 1014 952 1079 ὠνίους
975 1021 1084 1087 γὰρ
1121 1019 1214 1070 καὶ
1250 1018 1458 1084 ταύτας
1509 1019 1926 1089 προτιθέμενος,
1975 1018 2089 1078 τοῖς

521 1107 928 1179 προστυχοῦσιν
960 1111 1180 1176 εὖώνως
1217 1113 1554 1184 ἐπίπρασκε.

1081 1409 1336 1462 ΚΕΦΑΛ.
1399 1409 1522 1461 A-A’.

525 1521 622 1584 Ὠς
649 1519 893 1574 ἀνεῖλεν
922 1520 1255 1584 Ἰουστῖνος
1284 1524 1389 1572 ττῖν
1421 1519 1692 1589 συγγενῆ
1723 1520 2084 1574 ἰουστῒνονσ

583 1592 670 1644 ἔτι
697 1591 798 1644 καὶ
827 1591 1098 1658 Λιθέριον
1125 1592 1221 1643 καὶ
1247 1591 1520 1644 Ἀδδαῒςν
1546 1591 1686 1656 τοὺς
1715 1592 2084 1660 ἀλιτηρίους.

586 1769 767 1831 Δειλδς
799 1769 853 1824 δὲ
879 1769 956 1823 ὢν
1015 1771 1197 1839 φύσει,
1261 1771 1452 1840 θράσει
1515 1772 1721 1841 μᾶλλον
1783 1773 2083 1842 συνείχετο·
2120 1809 2160 1863 Β

512 1865 608 1917 καὶ⁵
633 1863 802 1932 ἄμφω
850 1863 1102 1916 κακίστω
1157 1863 1370 1917 παθῶν.
1408 1865 1519 1918 Καὶ
1578 1865 1642 1936 δὴ
1689 1866 1783 1918 τὸν
1843 1867 2082 1936 συγγενῆ

522 1952 806 2007 Ἰουστῖνον
841 1955 928 2007 διὰ
967 1955 1155 2024 φήμης
1219 1955 1348 2009 ὄντα
1397 1955 1475 2026 τῷ
1535 1956 1752 2028 πλήθει,
1809 1959 1904 2011 καὶ
1961 1962 2081 2022 ταῖς

509 2047 654 2098 κατὰ
705 2047 940 2115 πόλεμον
989 2047 1304 2118 ἐμπειρίαις
1344 2051 1642 2118 περιφανῆ,
1689 2050 1788 2103 καὶ
1845 2053 1963 2113 ταῖς
1991 2051 2085 2104 ἄλ-

511 2140 632 2202 λαις
661 2139 771 2193 τῶν
801 2141 982 2209 τιμῶν
1009 2142 1328 2206 ἀναϐάσεσι,
1363 2144 1767 2212 μετεστέλλετο,
1807 2146 1948 2213 ἀμφὶ
1989 2146 2082 2198 τὸν

511 2231 728 2302 Ἴστρον
749 2232 1080 2299 ποιούμενον
1129 2235 1226 2298 τὰς
1259 2235 1547 2306 διατριϐὰς
1608 2238 1704 2291 καὶ
1755 2239 1855 2300 τὰς
1901 2239 2080 2292 ἐκεῖσε

506 2322 616 2375 τῶν
671 2322 922 2391 Ἀϐἀρων
981 2325 1259 2396 ἐκδρομὰς
1315 2328 1618 2397 είργοντα·
1673 2327 1964 2399 ἀμαξόϐιοι
2021 2329 2078 2382 δὲ

507 2415 708 2471 Σκυθαι
753 2419 803 2470 ot
844 2417 1080 2488 'A6aps;
1111 2434 1126 2450 ·
1179 2418 1438 2487 νέμονται
1490 2422 1546 2474 δὲ
1591 2424 1700 2492 ἄρα
1763 2423 1862 2476 ὅσα
1919 2423 2078 2478 πεδία

507 2509 649 2578 ὑπὲρ
682 2510 774 2563 τὸν
803 2511 1116 2567 Καύκασον.
1167 2493 1492 2567 ’Λνάστατοι
1520 2515 1577 2568 δὲ
1607 2515 1800 2586 ἀθρόον
1832 2517 2080 2584 ἐγένοντο

505 2603 640 2669 πρὸς
664 2602 771 2656 τῶν
814 2596 1199 2676 Ὑπερϐορέων
1245 2606 1493 2674 Περσῶν·
1553 2609 1742 2671 κακῶς
1774 2609 1883 2677 γὰρ
1941 2611 2078 2681 πρὸς

503 2695 684 2747 αὐτῶν
718 2696 1039 2767 πάσχοντες,
1058 2701 1204 2769 φυγῇ
1241 2700 1544 2771 χρώμενοι,
1572 2702 1719 2771 ἀμφὶ
1749 2703 1842 2756 τὸν
1870 2703 2077 2756 Βόσπο-

504 2804 600 2856 ρνιν
630 2782 789 2859 ἧκον,
835 2788 1229 2853 καταλιπόντες
1265 2791 1363 2856 τὰς
1399 2792 1492 2846 τοῦ
1569 2793 1824 2860 Εὐξείνου
1878 2797 2074 2850 πόντου

501 2875 712 2943 ἠϊόνας.
747 2876 918 2930 Ἔνθα
972 2880 1146 2950 συχνὰ
1173 2881 1275 2951 μὲν
1338 2882 1467 2952 ἔθνη
1517 2883 1771 2956 βάρϐαρα
1820 2886 1915 2939 καί¹
1971 2887 2076 2938 ὑπδ

511 2963 798 3033 Ῥωμαίων
831 2966 876 3019 δ’
910 2967 1029 3022 ἔνια
1078 2970 1481 3042 ὲξῳκίσθησαν,
1537 2975 1633 3028 καὶ
1660 2975 1841 3040 πόλεις
1868 2994 1927 3030 τε
1979 2979 2074 3032 καὶ

501 3056 859 3124 στρατόπεδα,
886 3060 982 3111 καί
1016 3078 1164 3123 τινες
1195 3065 1608 3133 προσορμίσεις,
1653 3066 1684 3137 ἢ
1714 3069 2074 3138 στρατιωτῶν

2199 551 2331 604 nihil
2369 551 2519 620 quod
2555 553 2867 629 monarcba;
2906 566 3074 616 esset,
3113 556 3365 611 habebat.
3400 558 3533 613 Nam
3571 560 3768 613 intem.

2195 653 2456 709 peranter
2500 645 2738 700 maxime
2787 654 2842 700 ct
2894 647 3160 702 dissolute
3203 649 3416 713 vivens,
3455 651 3667 706 deliciis
3712 662 3768 704 et

2196 735 2573 802 voluptatibus
2617 736 2869 790 vacabat.
2909 739 3084 808 Supra
3132 741 3351 795 modum
3393 759 3523 796 vero
3554 752 3610 797 et
3641 744 3764 806 iste,

2193 826 2422 896 perinde
2457 837 2618 897 atque
2655 830 2976 893 avunculus,
3011 833 3154 899 turpi
3189 833 3341 886 lucro
3367 833 3562 897 vietus,
3587 835 3763 888 aliena

2194 916 2503 985 appetebat.
2542 917 2706 987 789
2744 919 2809 972 Et
2855 935 2959 972 non
3008 920 3170 974 modo
3209 922 3422 990 publica
3475 925 3764 977 commoda

2195 1008 2382 1061 illicita
2424 1011 2680 1064 mercede
2726 1011 2935 1066 venalia
2973 1013 3228 1078 habebat,
3267 1031 3456 1068 verum
3497 1017 3662 1070 etiam
3698 1017 3766 1070 de

2191 1100 2516 1156 sacerdotiis
2561 1101 2703 1157 idem
2758 1103 2934 1159 facere
2978 1105 3402 1176 haudquaquam
3449 1110 3762 1163 verebatur.

2193 1191 2325 1245 Nam
2361 1204 2417 1248 et
2451 1193 2566 1250 btec
2603 1212 2800 1250 venum
2835 1199 3080 1266 exposita
3135 1199 3424 1269 quibusvis
3460 1201 3639 1270 pretio
3673 1203 3764 1257 vili

2193 1285 2481 1343 vendebat.

2717 1399 2940 1458 CAPUT
2983 1401 3218 1459 XXXIV.

2196 1504 2262 1560 Ut
2311 1509 2355 1561 is
2403 1507 2674 1565 Iustinum
2719 1523 3005 1580 cognatum
3053 1532 3230 1578 suum,
3288 1519 3412 1572 item
3463 1518 3762 1573 jEtlicrimn

2260 1588 2310 1630 et
2359 1580 2678 1659 οᾼιίςίανιιηι,
2739 1583 2978 1638 homines
3041 1588 3232 1654 impios
3300 1597 3349 1642 et
3404 1591 3759 1659 perniciosos,

2260 1647 2529 1704 occiderit.

2262 1762 2477 1818 Etcum
2518 1771 2716 1821 natura
2745 1767 2969 1824 timidus
2995 1778 3165 1836 esset,
3200 1772 3454 1844 ferocem.
3481 1788 3540 1827 se
3590 1773 3764 1843 magis

2187 1855 2505 1915 exhibebat.
2553 1860 2959 1928 perturbationi
3017 1863 3240 1932 utrique
3307 1864 3630 1932 turpissime
3664 1866 3761 1918 ob-

2187 1950 2407 2003 noxius.
2478 1951 2668 2021 Itaque
2713 1963 3004 2023 cognatum
3047 1970 3206 2009 suum
3259 1956 3562 2021 Justinum,
3604 1958 3762 2027 cujus

2187 2042 2448 2110 praeclara
2484 2045 2645 2112 vulgo
2679 2044 2820 2100 fama
2865 2056 3010 2110 erat,
3054 2047 3239 2101 virum
3280 2048 3496 2104 bellicis
3546 2051 3762 2105 artibus

2183 2135 2532 2206 aliorumque
2566 2143 2837 2193 honorum
2872 2142 3143 2209 gradibus
3197 2143 3490 2206 illustrem,
3535 2145 3757 2208 accivit,

2183 2227 2278 2295 qui
2330 2228 2396 2281 ad
2436 2229 2635 2283 lstrunt
2679 2233 3004 2294 excubabat,
3053 2243 3108 2287 ct
3154 2236 3581 2290 excursionibus
3615 2236 3760 2289 Aha.

2183 2333 2304 2372 rum
2327 2320 2401 2389 (Ι)
2423 2320 2495 2374 ibi
2524 2322 2741 2376 obviam
2775 2324 2908 2378 ibat.
2930 2326 3133 2380 Abares
3157 2337 3339 2381 autem
3368 2327 3584 2397 Scythae
3607 2339 3756 2386 sunt.

2181 2411 2486 2480 ἁμαξόϐιοι,
2525 2413 2630 2468 hoc
2673 2427 2778 2478 est,
2811 2416 2864 2469 in
2899 2418 3158 2484 plaustris
3192 2418 3480 2488 degentes,
3525 2427 3582 2472 et
3612 2435 3758 2472 cam-

2181 2518 2278 2572 pos
2319 2506 2414 2573 qui
2457 2506 2600 2558 ultra
2667 2505 2972 2561 Caucasum
3027 2520 3176 2573 sunt,
3246 2512 3572 2566 incolentes.
3626 2512 3758 2566 lude

2177 2603 2361 2648 autem
2395 2596 2686 2650 cotilertim
2716 2599 2956 2651 universi
2991 2599 3059 2652 ab
3089 2597 3461 2668 Hyperboreis
3494 2598 3699 2660 Persis,
3728 2617 3756 2652 a

2178 2688 2380 2755 quibus
2405 2689 2544 2741 male
2581 2689 3024 2758 accipiebantur,
3065 2691 3232 2758 pulsi,
3272 2691 3396 2760 fuga
3458 2691 3565 2744 sibi
3626 2706 3756 2744 con-

2177 2779 2398 2832 suluere
2427 2797 2441 2834 :
2473 2791 2524 2834 et
2556 2781 2622 2835 ad
2650 2781 2976 2850 BOSllOI‘Ulll,
3009 2783 3200 2836 Euxini
3260 2784 3419 2838 Ponti
3471 2784 3756 2864 littoribus

2176 2871 2534 2938 relietis,‘ubi
2587 2875 2772 2928 inulta:
2832 2876 3080 2929 barbara:
3126 2885 3319 2945 gentes
3368 2878 3753 2938 consederant,

2175 2963 2448 3033 pleneque
2467 2979 2496 3018 a
2519 2965 2783 3019 Romanis
2797 2966 3022 3020 sedibus
3042 2968 3156 3021 suis
3177 2973 3405 3028 exactze,
3426 2967 3594 3022 urbes
3622 2984 3756 3036 quo-

2175 3071 2303 3123 que.
2337 3058 2559 3112 castella
2594 3067 2649 3112 et
2694 3059 2932 3122 navalia,
2966 3074 3092 3112 cum
3123 3059 3212 3112 vel
3266 3059 3470 3114 milites
3507 3062 3750 3113 veterani

499 3148 805 3218 ἀπομάχων
876 3153 1206 3221 γινομένων,
1255 3155 1288 3225 ἢ
1335 3157 1433 3209 καὶ
1486 3159 1756 3212 ἀποικιῶν
1786 3161 1922 3230 πρὸς
1963 3161 2072 3215 τῶν

2177 3149 2513 3202 vacationem
2547 3149 2756 3204 militiae
2783 3151 3183 3214 obtinuissent,
3214 3161 3270 3206 ct
3324 3152 3444 3205 loca
3475 3168 3539 3206 ea
3595 3167 3746 3206 recc-

501 3241 767 3310 βασιλέων
829 3247 1221 3316 στελλομένων,
1291 3248 1393 3320 τὴν
1455 3250 1717 3321 πόρευσιν
1766 3251 2070 3319 ἐποιοῦντο,

499 3335 639 3404 πρὸς
683 3336 812 3399 τοὺς
868 3339 927 3392 ὲν
985 3340 1118 3392 ποσὶ
1191 3340 1511 3412 βαρϐάρους
1567 3343 2067 3414 ἀνθαμιλλώμενοι·

496 3429 657 3497 ἄχρις
679 3427 739 3480 οὗ
769 3430 903 3499 πρὸς
935 3431 1034 3495 τὰς
1061 3436 1429 3504 παριστρίους
1463 3435 1651 3504 ὴῖόνας
1688 3435 1882 3501 εόντες,
1932 3436 2071 3506 πρὸς

509 3519 894 3574 Ἰουστινιανὸν
948 3522 1044 3576 τὸν
1110 3525 1498 3595 αὐτοκράτορα
1556 3527 2067 3595 διεπρεσϐεύσαντο.

510 3611 752 3666 Ἐκεῖθεν
784 3613 970 3667 τοίνυν
1001 3617 1028 3668 ό
1053 3614 1242 3686 ῥηθεὶς
1296 3618 1586 3682 ἰουστῖνος
1624 3619 2068 3688 μεταπεμφθεὶς.

497 3699 587 3756 οἷα
612 3702 676 3775 δὴ
697 3703 778 3774 τῷ
825 3705 931 3776 νέῳ
960 3706 1171 3775 βασιλεῖ
1213 3710 1571 3779 συμμεθέξων
1615 3710 1724 3763 τῶν
1771 3713 2069 3781 συγκειμέ-

496 3812 624 3860 νων,
667 3796 890 3866 καὶτῆς
946 3797 1123 3868 ἀρχῆς
1161 3799 1506 3854 ἀπολαύσων.
1542 3801 1912 3872 Παραπλησίω
1960 3804 2069 3873 γὰρ

496 3887 647 3948 ὄντες
673 3887 750 3958 τῷ
783 3905 842 3940 τε
887 3888 1037 3956 γένει
1072 3892 1165 3944 καὶ
1196 3894 1260 3962 τῇ
1316 3893 1460 3945 κατὰ
1529 3895 1733 3961 κόσμον
1781 3895 2065 3964 κενότητι,

497 3980 635 4047 πρὸς
657 3980 999 4050 ἀμφοτέρους
1032 3983 1128 4035 καὶ
1155 3984 1558 4053 τῆν’βασιλείαν
1592 3989 2069 4058 ταλαντευομένην

496 4065 662 4139 εἶχον.
694 4070 986 4140 Σύμφωνοι
1014 4073 1070 4126 δὲ
1111 4075 1266 4144 μόλις
1297 4073 1442 4147 ἦσαν
1489 4077 1702 4131 πολλῶν
1743 4079 2068 4148 ἀμφιλόγων

495 4165 902 4233 γεγενημένων·
959 4165 1362 4240 ὥσθ’όποτέρῳ
1419 4172 1636 4241 γένοιτο
1696 4174 1955 4242 παριέναι
2013 4175 2069 4238 ἐς

426 4306 432 4311 ,
494 4253 591 4322 τὴν
608 4253 804 4324 ἀρχὴν,
837 4256 1050 4328 θατέρῳ
1072 4259 1170 4325 τὴν
1191 4261 1309 4330 μετ’
1324 4267 1530 4318 ἐκεῖνον
1559 4263 1741 4319 δοῦναι
1773 4267 2064 4338 καθέδραν,

497 4347 570 4410 ὡς
604 4349 931 4416 συμϐαίνειν
965 4354 1030 4405 ἐκ
1074 4354 1188 4406 τῶν
1239 4355 1566 4427 δευτερείων
1619 4360 1720 4428 τῆς
1784 4345 2065 4429 βασιλείας

499 4441 566 4491 τὰ
591 4442 843 4510 πρωτεῖα
872 4443 980 4496 τῶν
1011 4445 1192 4499 ἄλλων
1231 4448 1518 4516 φέρεσθαι.
1559 4449 1804 4503 ’Ἧκοντα
1859 4453 2061 4517 τοίνυν,

496 4531 661 4601 πολλῇ
691 4537 758 4604 τῇ
794 4535 993 4600 ἔξωθεν
1016 4538 1154 4607 πρὸς
1190 4540 1355 4593 αὑτὸν
1385 4541 1586 4611 ἐχρῆτο
1657 4543 2062 4614 φιλοφροσύνῃ·

495 4624 591 4676 καὶ
621 4619 708 4678 οἷα
767 4629 1076 4698 στρατηγόν
1128 4646 1187 4682 τε
1239 4632 1533 4699 περίδοξοιι
1569 4633 1663 4685 καὶ
1721 4636 2070 4703 προσήκοντα

493 4719 660 4784 γένει,
685 4721 945 4784 ποικίλως
977 4721 1272 4787 ἐδεξιοῦτο.
1307 4723 1539 4776 Ἔπειτα
1583 4724 1765 4788 αἰτίας
1796 4727 1860 4796 δή
1915 4745 2069 4790 τινας

494 4810 864 4876 ὲπιπλάττων,
915 4814 1104 4883 ἡρέμα
1168 4817 1496 4888 παρῃρεῖτο,
1543 4819 1662 4871 ὅσοι
1713 4819 1834 4887 δῆτ’
1866 4822 2064 4893 ἐκείνῳ

494 4901 836 4958 ὑπασπισταὶ
900 4907 998 4958 καὶ
1060 4907 1353 4978 δορυφόροι
1415 4909 1512 4964 καὶ
1590 4914 2062 4982 σωματοφύλακες

492 4991 653 5064 ἦσαν·
682 4997 904 5060 καὶτὰς
957 4999 1125 5054 αὐτοῦ
1165 5002 1429 5072 προόδους
1490 5005 1733 5073 ἀνεῖργε·
1784 5007 1878 5057 καὶ
1911 5008 2066 5070 τέλος

493 5087 632 5140 οἶκοι
655 5090 1011 5160 περικλείσας
1035 5093 1224 5156 αὐτὸν,
1263 5094 1366 5147 ἀνὰ
1392 5094 1492 5166 τὴν
1565 5097 1924 5167 Ἀλεξάνδρου
1963 5115 2063 5149 πε-

491 5179 693 5250 ριφανῆ
726 5182 882 5234 πόλιν
936 5185 1030 5237 ἐπὶ
1083 5186 1272 5256 πόῤῥω
1299 5187 1512 5240 νυκτῶν
1545 5188 1840 5258 κλινοπετῆ
1895 5189 2063 5242 καοεο

491 5274 694 5340 στῶτα,
731 5274 954 5346 δειλαίῳ
1015 5278 1168 5348 μόρῳ
1199 5277 1416 5349 ἀνῄρει.
1457 5281 1684 5348 Ταύτην
1745 5282 1982 5350 ἀμοιϐὴν
2036 5285 2064 5335 ὁ

491 5367 750 5431 γεννάδας
780 5371 986 5434 ἐκεῖνος
1019 5373 1116 5441 τῆς
1165 5374 1298 5442 περὶ
1352 5373 1412 5425 τὺ
1466 5373 1744 5442 ὁμόφυλον
1804 5374 2059 5443 εὐνοῖκῆς

487 5457 779 5523 διαθέσεως
811 5463 905 5514 καὶ
948 5464 1069 5525 ταῖς
1104 5467 1248 5518 κατὰ
1300 5465 1410 5518 τῶν
1468 5465 1745 5536 πολεμίων
1808 5466 2060 5535 ἀπείροις

490 5550 670 5612 νίκαις
725 5554 1197 5624 ἀπενεγκάμενος.
1251 5557 1326 5610 Οὐ
1366 5557 1638 5628 πρότερον
1683 5557 1741 5609 δὲ
1771 5562 1869 5627 τῆς
1935 5556 2058 5610 κατ’

564 5708 642 5786 (Ι)
671 5711 1174 5786 Abarttmdnoinen
1211 5716 1392 5771 adhuc
1440 5718 1492 5770 in
1533 5715 1809 5786 Hnngaria
1852 5716 2055 5769 retinet

491 5776 739 5849 Sabaria,
776 5783 885 5840 divi
936 5783 1152 5840 Martini
1190 5790 1386 5858 patria.
1430 5787 1522 5842 llis
1565 5776 1784 5857 quidque
1818 5787 2056 5841 Bavaros

2177 3241 2407 3308 pissent,
2443 3242 2524 3296 vel
2558 3242 2924 3311 imperatores
2969 3244 3217 3298 colonias
3250 3259 3318 3298 eo
3363 3245 3748 3304 deduxissent,

2173 3343 2492 3388 constructa
2523 3333 2734 3396 'crant,
2767 3351 2968 3389 venere
3019 3353 3032 3391 :
3075 3345 3131 3391 et
3186 3337 3310 3390 inde
3346 3337 3751 3406 expeditionem

2173 3435 2365 3478 contra
2397 3440 2491 3480 eos
2527 3427 2620 3496 qui
2678 3427 2785 3480 illis
2814 3428 2960 3481 obvii
2997 3432 3212 3491 tierent,
3264 3430 3529 3483 barbaros
3567 3445 3751 3483 susce-

2173 3531 2323 3584 pere,
2344 3517 2520 3572 donec
2536 3519 2603 3572 ad
2632 3520 2752 3574 lstri
2780 3521 2925 3589 ripas
2946 3522 3252 3586 venientes,
3283 3522 3348 3575 ad
3371 3522 3746 3577 Iustinianum

2175 3605 2562 3675 imperatorem
2598 3610 2920 3679 legationem
2960 3610 3181 3666 misere.
3231 3613 3304 3665 Ex
3349 3613 3428 3668 eis
3469 3615 3605 3668 locis
3656 3615 3751 3669 Ju-

2172 3699 2373 3765 stinus,
2425 3717 2586 3770 quem
2629 3704 2762 3766 dixi,
2817 3716 3082 3760 evocatus
3133 3716 3240 3767 est,
3299 3706 3526 3775 perinde
3584 3717 3749 3776 atque

2174 3791 2450 3860 particeps
2483 3794 2599 3847 licri
2631 3811 2753 3847 cum
2792 3813 2933 3850 novo
2955 3798 3286 3866 imperatore
3306 3807 3588 3865 pactorum
3619 3814 3748 3851 cun-

2172 3893 2465 3938 ventorum
2535 3887 2875 3957 imperioque
2927 3889 3036 3942 l‘rni
3095 3889 3343 3943 deberet.
3383 3888 3538 3954 Quod
3594 3905 3748 3942 nant-

2171 3990 2280 4044 quc
2334 3987 2389 4030 et
2435 3993 2633 4046 genere
2687 3990 2741 4031 et
2792 3979 3064 4032 mundana
3131 3981 3232 4033 ista
3289 3983 3528 4034 vanitate
3583 3996 3743 4048 pari-5

2169 4056 2374 4130 essent,
2427 4085 2494 4124 ex
2545 4086 2702 4139 arquo
2760 4073 2923 4124 etiam
2982 4073 3049 4125 ad
3106 4083 3398 4140 utrumque
3453 4073 3744 4140 imperium

2172 4160 2512 4229 pertinebat.
2578 4161 2706 4216 Post
2761 4165 2959 4218 multas
3029 4178 3265 4232 namque
3320 4164 3747 4232 disceptationes

2172 4251 2389 4305 tandem
2418 4253 2526 4306 illis
2560 4265 2912 4316 convenerat,
2939 4267 2998 4308 ut
3029 4258 3119 4323 qui
3144 4255 3361 4321 imperii
3390 4253 3745 4307 ad-i-inistra—

2175 4341 2377 4396 tionem
2410 4356 2866 4413 consequeretur,
2913 4346 3073 4400 alteri
3107 4347 3420 4414 proximum
3476 4347 3743 4400 honorem

2169 4435 2521 4501 concederet,
2547 4438 2618 4490 ita
2654 4445 2712 4490 ut
2737 4437 2784 4492 is
2819 4453 2884 4491 ex
2917 4437 3176 4492 secundis
3236 4439 3456 4508 imperii
3495 4439 3746 4507 partibus

2174 4526 2380 4595 primas
2437 4517 2548 4596 prie
2585 4529 2709 4583 aliis
2765 4529 2952 4584 ferret.
3019 4531 3360 4584 Adveniente
3419 4531 3587 4601 igitur
3642 4547 3745 4598 co,

2171 4618 2342 4671 multa
2379 4618 2738 4689 benignitate,
2773 4621 2938 4675 sicuti
2990 4636 3102 4690 prae
3129 4637 3189 4676 se
3223 4623 3372 4688 tulit,
3404 4638 3533 4692 erga
3571 4624 3745 4678 homi-

2171 4722 2292 4762 nem
2321 4708 2617 4777 imperator
2661 4718 2746 4763 est
2786 4725 2952 4774 usus,
3005 4712 3370 4781 eumdemque
3431 4725 3489 4768 ut
3545 4715 3739 4768 ducent

2169 4798 2461 4868 insignem,
2485 4813 2541 4856 et
2565 4817 2765 4871 genere
2796 4803 2901 4858 sibi
2929 4805 3324 4874 pr0pinquuut,
3363 4808 3511 4862 varia
3555 4808 3743 4861 imma-

2169 4891 2339 4944 nitate
2377 4894 2651 4947 trat-tavit.
2685 4895 2956 4964 Deinceps
3011 4906 3193 4950 autem
3250 4913 3443 4952 causas
3479 4900 3743 4967 quasdam

2168 4994 2530 5050 commentus,
2567 4987 2827 5054 paulatim
2862 5003 3001 5056 quos
3028 4989 3118 5041 ille
3143 4990 3366 5056 milites,
3393 4992 3661 5046 satellites
3692 5002 3744 5044 tt

2165 5075 2419 5143 corporis
2452 5076 2708 5131 custodes
2749 5077 3009 5143 habebat,
3039 5078 3117 5131 illi
3163 5081 3420 5143 detraxit,
3453 5082 3742 5150 progredi-

2168 5181 2274 5233 que
2301 5183 2427 5221 eum
2462 5169 2515 5221 in
2549 5170 2831 5237 publicum
2860 5173 3036 5226 vetuit
3071 5189 3085 5225 :
3123 5182 3178 5226 et
3233 5184 3510 5242 postremo
3552 5175 3606 5228 in
3655 5191 3741 5227 ce-

2166 5255 2461 5311 leberrima
2497 5259 2659 5328 790
2712 5261 3058 5316 Alexandria:
3095 5262 3230 5318 urbe
3276 5264 3425 5318 domi
3471 5266 3740 5325 clausum,

2167 5347 2238 5402 ita
2266 5361 2324 5402 ut
2351 5350 2406 5403 in
2440 5351 2581 5406 lecto
2613 5356 2853 5423 jacebat,
2904 5357 2960 5410 in
2995 5358 3166 5411 multa
3217 5369 3378 5412 nocte
3427 5358 3737 5410 miseranda

2164 5439 2312 5494 caede
2357 5443 2598 5498 sustulit.
2641 5444 2790 5500 lianc
2841 5463 3142 5518 generosus
3195 5450 3284 5502 ille
3322 5449 3405 5501 vir
3460 5449 3739 5503 benevola:

2163 5542 2388 5602 propter
2443 5540 2826 5605 ettgttationem
2886 5541 3216 5605 aﬂ'ectionis,
3264 5541 3738 5610 plurimaruntquc

2162 5727 2359 5834 notmen
2426 5734 2583 5772 suum
2652 5730 2931 5791 accvptum
2990 5723 3132 5776 l'crre
3190 5722 3388 5777 ιιι-νοτε
3438 5722 3736 5781 verisimile

2162 5795 2215 5833 Ca
2249 5820 2265 5834 .

2160 5795 2265 5834 θυι.
