4094 6202
493 374 603 433 ἵο3

1419 367 2008 431 ECCLESIASTIC.E
2048 371 2129 431 HI
2154 371 2427 431 πΤΟΙὶΙεἘ.
2466 373 2610 433 LIB.
2650 373 2833 433 XVII.

3634 366 3734 429 310

497 488 532 555 ἣ
572 485 915 548 δοξάζοντας·
965 480 1154 552 πρώτη
1185 480 1291 551 γάρ
1322 483 1567 549 σωτηρία
1604 481 1910 550 καθέστηκε
1960 483 2061 534 πᾶ-

2168 493 2389 551 propter
2417 493 2473 537 et
2516 499 2615 537 nos
2641 484 2951 553 evangelica
2983 488 3276 551 praecepta.
3332 486 3389 535 et
3422 490 3732 535 sanctorum

502 595 588 629 σιν
614 575 922 647 ἀνθρώποις
958 576 1111 644 ἡτῆς
1146 573 1314 644 ὀρθῆς
1348 575 1588 636 πίστεως
1633 573 1915 641 ὁμολογία.
1974 574 2065 625 Διὸ

500 670 594 722 καὶ
623 670 784 738 ἡμεῖς
815 672 929 729 τοῖς
959 666 1338 730 εὐαγγελικοίς
1361 664 1895 723 κατακολουθοῦντες
1922 680 2067 731 παρ-

498 760 832 827 αγγέλμασι,
889 759 982 811 καὶ
1023 758 1098 826 τῷ
1135 757 1273 823 άγίῳ
1309 756 1565 826 συμϐόλῳ
1608 756 1729 826 ήτοι
1780 755 2066 825 μαθήματι

498 852 605 902 τῶν
638 849 809 916 ἁγίων
840 849 1120 917 Πατέρων,
1147 850 1279 918 πρδς
1309 850 1436 916 μίαν
1468 850 1564 901 καὶ
1601 848 1702 918 τὴν
1738 848 1909 917 αὐτὴν
1942 847 2070 898 Ἐκ-

500 942 730 1012 κλησίαν
759 959 819 994 τε
855 942 947 994 καὶ
986 941 1210 1010 γ·.ώμην
1249 941 1669 1011 προτρεπόμεθα
1709 940 1918 1001 πάντας
1952 954 2072 990 συν-

501 1034 700 1098 ελθεῖν,
735 1035 1087 1095 πιστεύοντες
1114 1035 1195 1094 εἰς
1252 1034 1471 1104 Πατέρα
1496 1034 1589 1086 καὶ
1625 1033 1754 1085 Υιδν
1785 1032 1879 1083 καὶ
1910 1031 2068 1097 άγιον

504 1124 747 1192 ιΙνεῦμα,
780 1124 987 1193 Τριάδα
1020 1124 1329 1193 ὁμοοιὲσιον,
1367 1126 1494 1195 μίαν
1536 1125 1769 1194 θεότητα
1813 1124 1938 1193 ἦτοι
1972 1121 2069 1191 φῦ·

503 1232 586 1267 σιν
621 1217 716 1268 καὶ
746 1216 935 1269 οὐσίαν
965 1216 1107 1285 λόγῳ
1139 1217 1232 1269 καὶ
1272 1218 1586 1285 πράγματι,
1633 1216 1728 1269 καὶ
1756 1200 1890 1284 μίαν
1910 1215 2070 1267 δύνα-

504 1326 597 1375 μιν
627 1309 719 1360 καὶ
752 1306 999 1369 ἐξουσίαν
1040 1300 1135 1359 καὶ
1167 1307 1447 1375 ἐνέργειαν
1480 1310 1538 1360 ὲν
1596 1307 1775 1375 τρισὶν
1828 1306 2071 1357 ὑποστά-

501 1416 672 1462 σεσιν,
714 1402 885 1469 ἧγουν
906 1400 1222 1469 προσώποις
1253 1399 1588 1464 δοξάζοντεςο
1624 1402 1703 1461 είς
1743 1398 1777 1452 ἃ
1812 1397 2073 1466 βεϐαπτί-

503 1493 700 1559 σμεθα,
727 1492 804 1554 είς
825 1490 861 1544 ὃ.
892 1491 1371 1559 πεπιστεύκαμεν,
1409 1491 1504 1544 καὶ
1528 1485 1610 1553 οἷς
1631 1489 2068 1557 συντετάτμεθαθ

434 1648 446 1658 ν
504 1583 704 1650 μονάδα
732 1585 842 1651 γὰρ
885 1584 942 1634 ὲν
982 1582 1191 1652 Τριάδι,
1227 1584 1321 1635 καὶ
1352 1580 1561 1650 Τριάδα
1594 1583 1651 1635 ἐν
1681 1582 1869 1651 μονάδι
1906 1599 2071 1651 προσ-

502 1673 777 1744 κυνοῦμεν
808 1714 823 1739 ,
887 1675 1193 1744 παράδοξον
1254 1675 1484 1742 ἔχουσαν
1526 1675 1621 1727 καὶ
1672 1672 1767 1743 τὴν
1810 1673 2070 1742 διαίρεσιν

505 1763 598 1814 καὶ
626 1766 725 1831 τὴν
759 1765 975 1819 ἕνωσιν.
1011 1764 1231 1819 Μονάδα
1266 1764 1369 1833 μὲν
1389 1766 1532 1819 κατὰ
1554 1763 1652 1833 τὴν
1684 1764 1874 1816 οὐσίαν
1901 1765 2071 1834 ἧγαυν

504 1858 754 1924 θεότητα,
788 1858 992 1927 Τριάδα
1024 1857 1079 1909 δὲ
1108 1858 1246 1909 κατὰ
1272 1856 1369 1919 τὰς
1407 1857 1697 1926 ἰδιότητας,
1739 1858 1907 1927 ἤγουν
1938 1858 2070 1909 ὑπο-

509 1950 725 2010 στάσεις
764 1950 885 2019 ἦτοι
915 1950 1206 2019 πρόσωπα.
1250 1950 1553 2018 Διαιρεῖται
1584 1950 1693 2019 γὰρ
1723 1949 2066 2017 ἁδιαιρέτως,

508 2038 775 2101 ἴν⁹οῦτως
824 2038 1091 2107 εἴπωμεν,
1149 2041 1243 2091 καὶ
1289 2040 1630 2092 συνάπτεται
1702 2038 2067 2109 διῃρημένως.

511 2131 606 2183 Ἐν
640 2134 749 2201 γὰρ
781 2132 838 2182 ὲν
858 2134 1038 2197 τρισὶν
1071 2134 1103 2201 ἡ
1153 2132 1365 2199 θεότης,
1422 2132 1517 2183 καὶ
1546 2129 1615 2183 τὰ
1638 2129 1763 2201 τρία
1802 2129 1858 2181 ἓν
1907 2129 1975 2181 τὰ
2011 2130 2068 2179 tv

502 2220 581 2287 οἷς
629 2227 661 2295 ἡ
726 2224 937 2292 θεότης,
990 2224 1022 2296 ἢ
1067 2224 1129 2277 τό
1162 2241 1225 2292 γε
1290 2223 1678 2292 ἀκριϐέστερον
1710 2224 1904 2285 εἰπεῖν,
1962 2221 1998 2275 ἃ
2036 2222 2069 2291 ἡ

506 2318 711 2386 θεότης’
743 2317 877 2369 Θεὸν
900 2318 991 2369 τὸν
1026 2317 1267 2384 Πατέρα,
1304 2316 1439 2369 Θεὸν
1497 2318 1586 2369 τὸν
1613 2314 1763 2379 Υιὸν,
1831 2314 1965 2367 Θεὸν
2008 2315 2071 2366 τὸ

508 2408 732 2477 Πνεῦμα
755 2410 814 2461 τὸ
838 2410 1016 2478 ἆγιον⁶
1050 2409 1179 2463 ὅταν
1211 2408 1444 2461 ἕκαστον
1472 2409 1769 2478 πρόσωπον
1798 2406 1921 2460 καθ’
1942 2407 2071 2459 ἑαυ-

505 2503 562 2551 τὸ
620 2502 917 2571 θεωρῆται,
970 2500 1064 2554 τοῦ
1091 2488 1194 2554 ’νοῦ
1254 2501 1587 2572 χωρίζοντος
1640 2503 1710 2553 τά
1766 2500 2067 2571 ἀχώρισταο

503 2594 636 2646 Θεὸν
683 2594 752 2647 τὰ
804 2594 932 2665 τρία
966 2593 1087 2665 μετ’
1132 2594 1379 2665 ἀλλήλων
1430 2592 1696 2664 νοούμενα
1756 2593 1833 2662 τῷ
1888 2592 2071 2661 ταυτῷ

503 2689 601 2755 τῆς
663 2689 932 2758 κινήσεως
992 2688 1216 2755 καὶτῆς
1250 2687 1483 2757 φύσεως.
1566 2684 1784 2755 Ἐπειδὴ
1830 2684 1936 2755 χρὴ
1976 2686 2072 2738 καὶ

504 2782 595 2833 τόν
620 2780 719 2835 ἕνα
751 2782 884 2833 Θεὸν
916 2781 1218 2850 ὁμολογεῖν,
1254 2781 1345 2833 καὶ
1399 2780 1498 2840 τὰς
1530 2782 1679 2849 τρεῖς
1719 2778 2067 2842 ὑποστάσεις,

504 2871 991 2941 ἧγουνίδιότητας,
1040 2872 1353 2941 κηρύττειν.
1407 2869 1814 2940 Ὀμολογοῦμεν
1878 2869 1934 2922 δὲ
1970 2870 2069 2921 αὑ-

505 2963 597 3015 τὸν
625 2963 716 3015 τὸν
742 2962 1005 3032 μονογενῆ
1033 2963 1162 3015 Υίὸν
1180 2962 1277 3016 τοῦ
1306 2960 1463 3029 Θεοῦ,
1494 2962 1584 3013 τὸν
1606 2962 1740 3013 Θεὸν
1763 2961 1956 3029 Λόγον,
1974 2960 2068 3013 τὸν

505 3054 610 3123 πρὸ
637 3053 845 3107 αίώνων
865 3055 959 3106 καὶ
989 3055 1231 3123 ἀχρόνως
1256 3055 1320 3106 ὲκ
1350 3054 1445 3105 τοῦ
1480 3053 1687 3121 Πατρδς
1708 3052 2063 3123 γεννηθέντα,

2168 576 2389 632 Patrum
2426 592 2639 631 sacrum
2672 577 2990 646 Symbolum
3041 577 3157 630 sive
3200 574 3505 627 doctrinam
3542 587 3732 625 conse-

2169 676 2404 731 ctantes,
2434 680 2485 721 ut
2521 668 2587 721 ad
2620 684 2779 722 unam
2817 670 3173 736 eamdemque
3202 666 3499 720 Ecclesiam
3528 674 3582 717 et
3610 680 3733 717 sen-

2171 759 2395 813 tentiam
2432 759 2593 813 sieml
2635 761 2916 821 arcedant,
2954 775 3147 813 omnes
3200 759 3575 820 cohortamur,
3614 772 3731 807 err-

2169 852 2361 907 dentes
2401 853 2453 905 in
2490 853 2700 906 Patrem
2726 862 2779 905 et
2821 852 3010 906 Filium
3043 863 3099 906 et
3152 850 3417 919 Spiritum
3456 859 3727 909 sanctum,

2172 943 2832 1010 Τι-ἰιιὶιιιιοιιι-ὁμοούσιον,
2866 943 3423 1005 consubstantialem,
3463 942 3730 995 Deitatcm

2172 1040 2287 1090 sive
2308 1047 2560 1090 naturam
2593 1044 2650 1089 et
2677 1036 2974 1090 essentiam
3010 1036 3181 1090 verbo
3204 1044 3261 1089 et
3313 1034 3493 1102 reipsa
3547 1048 3732 1085 unam.

2175 1127 2349 1182 Unam
2385 1128 2550 1181 etiam
2585 1127 2845 1181 virtutem
2892 1135 2945 1181 et
2973 1135 3295 1195 potestatem
3327 1134 3384 1178 et
3432 1124 3733 1191 ἐνέργειαν,

2172 1218 2275 1272 hoc
2296 1229 2401 1282 est,
2431 1217 2723 1272 ellicaciam
2758 1219 2812 1271 in
2856 1218 3032 1271 tribus
3086 1216 3458 1272 subsistentiis
3486 1231 3581 1268 seu
3616 1231 3734 1283 pcr-

2172 1310 2321 1363 sonis
2352 1310 2693 1379 proﬁtentes.
2751 1313 2806 1365 in
2838 1327 2973 1380 quas
2996 1304 3252 1380 ba'ptizati
3278 1325 3489 1371 sumus,
3515 1309 3569 1362 in
3598 1324 3735 1378 quas

2172 1407 2464 1473 credimus,
2514 1416 2569 1461 et
2627 1408 2828 1477 quibus
2884 1406 3221 1476 professione
3281 1406 3483 1459 addicti
3522 1420 3731 1459 sumus.

2173 1494 2449 1549 Uuitatem
2485 1496 2759 1566 siquidem
2801 1496 2856 1549 in
2891 1496 3182 1560 Trinitate,
3215 1503 3270 1548 ct
3306 1493 3626 1547 Trinitatem
3682 1492 3733 1543 in

2174 1588 2381 1641 unitate
2409 1587 2724 1649 adoramus.
2749 1586 3158 1641 distinctionem
3192 1586 3354 1640 simul
3374 1594 3432 1639 et
3453 1586 3732 1642 unionem,

2174 1687 2368 1744 pra'ter
2425 1679 2739 1748 opinionem
2799 1693 3043 1742 omnem,
3094 1677 3406 1731 habentem.
3461 1675 3735 1730 Unitatem

2173 1767 2388 1835 quidem
2418 1769 2717 1821 secundum
2766 1769 3060 1823 essentiam
3095 1770 3208 1823 sive
3245 1768 3510 1821 Deitatem
3546 1783 3562 1820 ι
3622 1766 3738 1819 Tri-

2172 1862 2395 1911 nitatem
2456 1875 2585 1911 Vero
2624 1861 2920 1912 secundum
2973 1860 3330 1927 proprietates
3386 1859 3501 1911 sive
3554 1858 3735 1911 subsi-

2169 1949 2396 2001 s!etttias
2448 1964 2541 2001 seu
2578 1963 2856 2016 personas.
2896 1946 3257 2015 Distinguitttr
3312 1962 3549 2014 namque
3592 1946 3735 2000 indi-

2170 2040 2392 2102 Sllllt'lt‘,
2428 2049 2485 2091 tit
2518 2040 2589 2091 ita
2650 2040 2899 2092 dicamus
2957 2039 3389 2107 etconjnngitur
3450 2040 3732 2102 distincte,

2169 2130 2437 2198 siquidem
2474 2148 2638 2182 unum
2675 2142 2760 2184 est
2816 2132 2867 2182 iit
2897 2132 3070 2183 tribus
3105 2131 3219 2199 ipsa
3254 2132 3435 2184 Deitas
3473 2147 3488 2183 :
3518 2141 3575 2185 ct
3608 2132 3731 2193 tria,

2170 2222 2450 2292 inquibus
2481 2225 2661 2277 Deitas
2681 2235 2784 2283 est.
2819 2239 2939 2284 seu,
2962 2224 3107 2293 qttod
3134 2225 3342 2278 certius
3365 2223 3588 2287 dicitur,
3611 2241 3733 2292 quae

2169 2313 2352 2368 Deitas
2388 2326 2537 2378 sunt,
2588 2331 2757 2368 unum
2814 2314 2980 2369 Deuiu
3018 2315 3252 2380 Patrem,
3304 2315 3731 2375 Deum‘FiIium,

2169 2406 2341 2461 Deum
2383 2408 2646 2476 Spiritum
2676 2417 2945 2470 sanctum,
2980 2406 3141 2477 792
3171 2423 3296 2461 cum
3326 2423 3554 2475 persona
3581 2426 3732 2476 quie-

2169 2512 2277 2564 que
2332 2511 2426 2565 tzer
2456 2498 2688 2565 seipsam
2725 2507 3023 2565 spectatur,
3074 2499 3271 2552 mentis
3325 2499 3495 2567 ipsius
3546 2514 3729 2557 sensu,

2167 2601 2287 2653 qua:
2324 2588 2740 2657 insegregahilia
2774 2597 2923 2652 sunt,
2952 2598 3271 2656 segregaute
3308 2610 3323 2642 :
3355 2590 3525 2641 Deum
3554 2605 3723 2641 unum

2170 2681 2273 2732 tria
2310 2681 2422 2735 haec
2455 2682 2616 2735 simul
2650 2682 2851 2735 mentis
2898 2683 3150 2737 aettmine
3181 2683 3479 2747 intellecta,
3510 2695 3733 2752 propter

2167 2773 2422 2831 eumdem
2455 2786 2662 2826 motum
2688 2782 2743 2827 et
2786 2785 3037 2827 naturam
3072 2775 3341 2829 eamdem.
3372 2775 3731 2843 Quandoqui-

2169 2864 2291 2918 dem
2324 2880 2561 2933 peropus
2584 2877 2691 2931 est,
2724 2876 2779 2921 et
2814 2883 2981 2919 unum
3015 2867 3186 2929 Deum
3220 2869 3486 2937 proliteri,
3521 2879 3575 2922 et
3623 2879 3732 2919 tres

2168 2958 2555 3011 subsistentias
2584 2959 2699 3012 sive
2728 2958 3097 3026 proprietates
3143 2959 3463 3029 praedicare.
3492 2959 3733 3013 (Συιιίίιιο-

2171 3063 2296 3100 mur
2329 3064 2458 3101 vero
2502 3050 2686 3118 ipsum
2741 3050 3078 3119 unigenitum
3147 3049 3338 3103 Filium
3404 3049 3519 3112 Dei,
3566 3052 3731 3103 Deum

504 3141 563 3193 οὐ
600 3140 915 3209 ποιηθέντα,
964 3140 1052 3194 ὶπ⁹
1080 3142 1325 3210 ἐσχάτων
1353 3141 1409 3195 δὲ
1445 3141 1552 3193 τῶν
1582 3140 1806 3211 ἡμερῶν
1834 3140 2064 3209 δι’ήμᾶς

2175 3139 2408 3193 Verbum
2436 3141 2534 3209 (l),
2577 3151 2705 3194 ante
2741 3142 2937 3195 saecula
2975 3142 3200 3210 quidem
3234 3149 3289 3195 et
3329 3141 3537 3209 absque
3591 3153 3731 3193 tent-

506 3231 599 3283 καὶ
627 3231 717 3283 διὰ
760 3232 859 3302 τὴν
894 3232 1167 3301 ἡμετέραν
1200 3233 1479 3302 σωτηρίαν
1508 3232 1841 3285 κατελθόντα
1870 3234 1935 3285 ὲκ
1959 3232 2066 3285 τῶν

505 3324 774 3393 οὐρανῶν,
807 3327 901 3376 καὶ
932 3324 1309 3394 σαρκωθέντα,
1342 3327 1405 3377 ὲκ
1434 3325 1749 3393 Πνεῦματος
1779 3324 1936 3391 ἁγίου
1971 3324 2067 3377 κα)⁸

507 3418 606 3486 τῆς
636 3418 930 3487 δεσποίνης
980 3418 1137 3486 ἡμῶν
1196 3418 1296 3486 τῆς
1330 3417 1490 3485 ἁγίας
1544 3417 1757 3483 ἐνδόξου
1800 3417 2067 3469 Θεοτόκου

508 3510 602 3563 καὶ
637 3510 1000 3579 ἐιειπαρθένου
1031 3510 1273 3579 Μαρίας,
1315 3514 1407 3563 καὶ
1434 3510 1762 3578 γεννηθέντα
1787 3506 1846 3574 ἒξ
1870 3507 2065 3575 αὐτῆς·

505 3604 564 3665 ὃς
599 3603 714 3655 ἔστι
745 3601 823 3672 τῷ
854 3602 1028 3671 Πατρὶ
1053 3602 1145 3654 καὶ
1180 3602 1255 3670 τῷ
1270 3602 1414 3670 ἁγίῳ
1437 3602 1717 3670 Πνεῦματι
1758 3601 1893 3664 ῐσος·
1947 3600 2069 3653 οὐδὲ

508 3695 618 3763 γαρ
649 3695 915 3764 τετάρτου
946 3693 1239 3764 προσώπου
1272 3692 1590 3763 προσθήκην
1638 3693 1909 3762 essenon
1937 3692 2069 3759 ἁγία

506 3786 702 3855 Τριὰς,
738 3787 834 3838 καὶ
864 3785 1239 3855 σαρκωθέντος
1257 3784 1351 3837 τοῦ
1394 3786 1512 3847 ἐνὸς
1565 3786 1663 3854 τῆς
1698 3784 1861 3852 ἁγίας
1900 3784 2069 3850 τριά-

506 3878 593 3940 δος
618 3877 752 3929 Θεοῦ
786 3876 984 3943 Λόγουο
1012 3876 1127 3928 ἀλλ’
1154 3876 1301 3927 εστιν
1323 3869 1401 3937 εἷς
1436 3875 1531 3928 καὶ
1557 3877 1585 3927 ό
1634 3872 1794 3937 αὐτὸς
1820 3877 1848 3927 ὁ
1867 3874 2069 3947 Κύριος

509 3969 666 4035 ἡμῶν
729 3969 941 4037 Ἰησοῦς
1003 3969 1237 4037 Χριστὸς
1293 3967 1579 4037 δμοούσιος
1625 3967 1700 4036 τῷ
1752 3966 1925 4036 Πατρ)⁸
1975 3968 2069 4019 καὶ

448 4046 455 4053 ’
508 4062 628 4129 Θ-ᾠ
657 4062 797 4113 κατὰ
836 4060 933 4131 τὴν
964 4060 1216 4131 θεότητα,
1243 4064 1331 4112 καὶ
1368 4060 1655 4128 όμοοῦσιος
1681 4061 1815 4127 ἡμῖν
1849 4062 1875 4112 ὁ
1900 4059 2067 4120 αὐτὸς

510 4155 651 4205 κατὰ
677 4155 777 4221 τὴν
807 4152 1226 4223 άνθρωπότηταο
1283 4152 1526 4222 παθητὸς
1563 4152 1751 4220 σαρκὶ,
1790 4152 1886 4205 καὶ
1917 4152 2064 4205 ἀπα-

509 4245 609 4310 θὴς
638 4247 665 4298 ό
694 4244 857 4305 αὐτὸς
916 4246 972 4295 ὲν
1008 4244 1245 4313 θεότητι.
1306 4245 1379 4297 Οὐ
1436 4244 1546 4313 γὰρ
1595 4244 1754 4297 ἄλλον
1795 4245 1888 4297 τὸν
1934 4244 2070 4298 Θεδν

508 4338 675 4405 Λόγον
705 4336 796 4388 τὸν
820 4336 1400 4407 θαυματουργήσαντα,
1421 4334 1514 4389 καὶ
1539 4334 1696 4389 ἄλλον
1711 4335 1799 4388 τὸν
1828 4336 2069 4389 παθόντα

510 4428 871 4500 ὶπιστάμεθα·
921 4427 1037 4481 ἀλλ’
1088 4428 1187 4480 ἕνα
1235 4428 1457 4481 καὶτὸν
1489 4425 1653 4479 αὐτὸν
1694 4426 2069 4495 ὁμολογοῦμεν

511 4520 711 4588 Κύριον
760 4520 917 4590 ἡμῶν
944 4518 1157 4589 Ἰησοῦν
1186 4519 1421 4590 Χριστὸν
1446 4518 1540 4571 τὸν
1573 4518 1668 4571 τοῦ
1716 4517 1852 4570 Θεοῦ
1896 4518 2067 4585 Λόγον

510 4612 860 4682 σαρκωθὼτα
890 4612 983 4664 καὶ
1006 4610 1223 4673 τελείως
1257 4608 1772 4680 ινανθρωπήσανταο
1808 4611 1901 4679 καὶ
1951 4608 2067 4672 ἑνὸς

507 4705 724 4759 καὶτοῦ
755 4705 917 4757 αὐτοῦ
947 4704 1013 4758 τά
1063 4722 1122 4757 τε
1157 4701 1414 4772 θαύματα
1453 4701 1549 4756 καὶ
1603 4702 1671 4753 τὰ
1727 4700 1872 4771 πάθη
1924 4699 2083 4768 ἅπερ

507 4797 766 4859 ἑκουσίως
799 4797 1058 4866 ὑπέμεινε
1092 4795 1255 4866 σαρκὶ
1284 4794 1373 4846 διὰ
1413 4793 1513 4863 τὴν
1564 4793 1838 4861 ἡμετέραν
1891 4808 2068 4860 σωτη-

510 4889 653 4959 ρίαν.
683 4891 759 4942 Οὑ
792 4890 899 4957 γὰρ
924 4887 1206 4956 ἄνθρωπός
1229 4903 1311 4948 τις
1339 4885 1532 4938 ἑαυτὸν
1564 4884 1705 4955 ὑπὲρ
1730 4884 1886 4954 ἡμῶν
1908 4882 2069 4935 δέδωο

507 4997 621 5043 κεν,
650 4981 763 5033 ἀλλ’
817 4982 977 5043 αὐτὸς
1003 4982 1031 5033 ό
1061 4979 1192 5041 Θεὸς
1228 4978 1427 5044 Λόγος,
1468 4977 1752 5049 ἀτρέπτως
1779 4975 2069 5044 γενόμενος

506 5074 809 5143 ἄνθρωπος·
845 5073 906 5125 τό
941 5089 1001 5125 τε
1052 5072 1293 5125 ἑκούσιον
1339 5071 1508 5133 πάθος
1549 5070 1644 5122 καὶ
1691 5070 1782 5122 τὸν
1840 5068 2069 5120 θάνατον

509 5166 649 5235 ὑπὲρ
679 5166 837 5234 ἡμῶν
870 5164 1030 5233 σαρκῖ¹
1062 5160 1395 5226 κατεδέξατο.
1433 5161 1541 5213 Καὶ
1590 5160 1723 5212 Θεὸν
1755 5159 1935 5213 τοίνυν
1967 5159 2068 5211 αὐ-

503 5257 597 5311 τὸν
631 5255 1037 5325 ὁμολογοῦντες,
1068 5254 1167 5305 οὐκ
1216 5252 1515 5321 ἀθετοῦμεν
1571 5250 1664 5303 τοῦ
1725 5244 1865 5302 εῖναι
1906 5249 2067 5302 αὑτὸν

506 5347 602 5402 καὶ
622 5346 927 5414 ἄνθρωπον·
971 5346 1066 5396 καὶ
1110 5342 1402 5413 ἄνθρωπον
1450 5340 1614 5393 αὐτὸν
1653 5340 2065 5409 ὁμολογοῦντες,

506 5440 609 5491 οὐκ
661 5435 973 5506 ἀρνούμεθα
1016 5434 1112 5487 τοῦ
1174 5430 1314 5485 εἶναι
1357 5433 1518 5485 αὐτὸν
1572 5432 1663 5483 καὶ
1696 5430 1848 5485 Θεόν.
1903 5432 2067 5484 Ὅθεν

506 5531 604 5582 ἕνα
632 5531 727 5582 καὶ
767 5530 858 5581 τὸν
887 5528 1047 5579 αὐτὸν
1114 5527 1172 5589 ἐξ
1223 5526 1485 5595 ἑκατέρας
1532 5522 1763 5591 φύσεως,
1815 5522 2065 5590 θεότητος

578 5666 654 5733 (l)
681 5665 735 5718 ln
772 5664 952 5719 Verbo
983 5663 1226 5732 intelligo
1259 5677 1444 5733 verum
1485 5662 1577 5717 Dei
1615 5660 1830 5714 Filium.
1863 5658 1920 5712 lu
1949 5675 2066 5713 car-

508 5753 579 5788 ne
624 5732 859 5803 agnosco
889 5750 1076 5787 verum
1132 5733 1367 5785 hominis
1407 5732 1639 5803 Filium,
1666 5742 1718 5784 et
1772 5745 2063 5803 lttt‘tlttttltti:

509 5798 682 5859 simul
708 5806 760 5857 iu
799 5820 901 5861 una
952 5820 1183 5873 persona
1245 5803 1338 5856 Dei
1402 5813 1454 5857 ct
1500 5802 1739 5856 hominis
1800 5798 2062 5853 ineﬂabili

2170 3246 2298 3299 pore
2328 3247 2391 3286 ex
2439 3233 2597 3286 Patre
2630 3233 2895 3301 genitum,
2935 3248 3043 3286 non
3082 3234 3304 3285 factum.
3348 3233 3403 3285 In
3473 3233 3733 3286 extremis

2168 3334 2348 3376 autem
2396 3324 2613 3384 diebus.
2669 3333 2897 3393 propter
2937 3340 3056 3386 nos,
3120 3335 3175 3379 et
3229 3328 3455 3393 propter
3487 3334 3729 3377 nostram

2166 3418 2420 3481 salutem,
2460 3416 2811 3471 descendisse
2843 3418 2907 3470 tle
2944 3418 3098 3471 cmlis
3138 3435 3149 3468 :
3184 3427 3235 3470 et
3269 3419 3608 3470 ineat-natum
3666 3434 3732 3471 ex

2169 3507 2375 3576 Spiritu
2406 3520 2621 3571 sancto,
2659 3510 2967 3563 etl)omiua
3011 3521 3193 3563 nostra
3254 3522 3442 3563 sancta
3492 3512 3731 3580 gloriosa

2167 3599 2260 3653 Dei
2293 3598 2573 3654 Genitriec
2605 3609 2656 3653 et
2688 3616 2903 3668 semper
2929 3599 3147 3671 Virgine
3194 3602 3384 3665 Maria,
3418 3612 3474 3656 et
3522 3619 3587 3655 ex
3618 3604 3731 3672 ipsa

2169 3702 2355 3744 natum
2393 3708 2535 3746 esse.
2567 3692 2667 3758 Qui
2692 3705 2778 3747 est
2808 3694 2952 3747 Patri
2980 3703 3036 3747 et
3075 3693 3304 3758 Spiritui
3331 3706 3520 3748 sancto
3547 3712 3733 3764 aequa-

2165 3784 2253 3838 lis.
2304 3784 2422 3838 Non
2463 3785 2609 3837 enim
2654 3797 2884 3853 quartae.
2940 3802 3034 3854 per
3074 3787 3501 3840 im-arnationem
3546 3789 3730 3851 unius,

2167 3890 2236 3929 ex
2279 3876 2765 3931 sancta'Triuitate
2801 3879 2893 3931 Dei
2937 3878 3117 3942 Verbi,
3162 3896 3412 3948 personae
3467 3873 3736 3935 accessio-

2170 3968 2296 4023 nem
2344 3970 2589 4039 suscepit
2651 3972 2892 4025 Trinitas
2946 3985 3155 4035 saucta,
3209 3972 3303 4026 sed
3349 3982 3432 4028 est
3481 3990 3622 4027 un's
3678 3983 3734 4029 et

2169 4062 2311 4115 ident
2339 4062 2602 4116 Dominus
2635 4074 2822 4117 noster
2846 4063 3006 4118 Jcsus
3038 4064 3316 4127 Christus,
3360 4068 3729 4120 consubstan-

2170 4153 2312 4206 tialis
2349 4152 2495 4206 Patri
2520 4163 2575 4206 ct
2602 4156 2714 4208 Deo
2757 4159 2908 4224 juxta
2948 4156 3315 4219 divinitatem,
3341 4167 3396 4211 et
3420 4159 3560 4213 idem
3596 4176 3730 4211 eou-

2167 4244 2543 4299 substantialis
2584 4248 2740 4299 nobis
2776 4247 3077 4300 secundum
3114 4248 3508 4303 humanitatem
3546 4269 3560 4303 :
3607 4268 3730 4317 pas—

2170 4336 2312 4389 sioni
2361 4337 2637 4391 obnoxius
2693 4354 2882 4402 carne,
2939 4352 2994 4393 et
3034 4342 3306 4408 passionis
3354 4341 3497 4393 idem
3534 4357 3732 4410 expers

2170 4427 2482 4483 divinitate.
2540 4428 2789 4497 Namque
2848 4447 2954 4484 non
3008 4432 3175 4484 alium
3234 4432 3404 4486 Deum
3470 4434 3730 4497 Verbum,

2150 4518 2317 4595 quod
2353 4520 2613 4573 miracula
2641 4518 2834 4586 edidit,
2874 4532 2930 4577 et
2963 4524 3109 4577 aliud
3146 4524 3291 4593 quod
3344 4541 3561 4593 passum
3624 4537 3733 4596 est.

2154 4608 2424 4687 novimus
2472 4625 2711 4664 :vctum
2775 4630 2942 4665 unum
3006 4623 3060 4667 ct
3103 4616 3357 4669 eumdem
3410 4621 3735 4670 rottlitetnur

2169 4699 2457 4754 Dominum
2490 4714 2737 4757 nostrum
2783 4706 2969 4760 Jrsurn
3002 4706 3281 4760 Christum
3343 4709 3433 4761 Dei
3497 4710 3729 4763 Verbum

2170 4792 2537 4858 incarnatum,
2572 4806 2627 4849 et
2663 4800 2902 4864 perfecte
2954 4799 3231 4852 hominem
3287 4800 3489 4853 factum

2170 4899 2278 4937 non
2325 4888 2487 4939 unius
2519 4897 2572 4939 et
2604 4888 2849 4956 ejusdem
2907 4889 3169 4943 miracula
3224 4890 3384 4943 simul
3422 4899 3476 4943 et
3516 4893 3726 4959 passio-

2170 4990 2287 5035 nes,
2318 4992 2454 5043 quas
2494 4977 2799 5032 voluntarie
2831 4995 2993 5033 carne
3046 4981 3329 5044 sustinuit,
3366 4993 3592 5051 propter
3628 4999 3728 5035 no-

2170 5072 2336 5118 stram
2364 5067 2619 5122 salutem.
2651 5067 2768 5121 Non
2818 5069 2963 5121 enim
3025 5069 3189 5123 homo
3238 5072 3438 5140 aliquis
3490 5074 3729 5141 seipsum

2168 5170 2268 5224 pro
2302 5156 2461 5211 nobis
2494 5158 2719 5211 tradidit
2752 5176 2765 5212 :
2794 5160 2888 5213 sed
2932 5160 3046 5229 ipse
3078 5161 3221 5215 Deus
3249 5162 3490 5217 Verbum
3538 5164 3733 5216 immn-

2169 5250 2322 5303 tabili
2356 5251 2518 5305 tuodo
2565 5252 2729 5305 homo
2774 5252 2953 5307 factus
3012 5264 3117 5317 est,
3172 5264 3528 5324 spontaneum
3566 5255 3731 5310 simtu

2167 5343 2473 5413 passionem
2499 5352 2553 5397 et
2586 5352 2816 5397 mortem
2843 5360 2941 5413 pro
2972 5346 3133 5399 nobis
3159 5363 3320 5401 carne
3341 5348 3529 5401 subiit.
3555 5348 3721 5415 Atque

2166 5433 2295 5486 dum
2337 5434 2506 5487 Deum
2548 5434 2726 5500 ipsum
2755 5450 2879 5489 esse
2909 5436 3257 5501 confitemur,
3285 5454 3392 5491 non
3422 5440 3729 5491 intieiamur

2166 5539 2292 5579 eum
2345 5526 2511 5579 etiam
2564 5526 2841 5581 hominem
2906 5546 3047 5582 csse.
3116 5530 3180 5583 Et
3222 5530 3496 5583 hominem
3547 5530 3733 5605 ipsum

2165 5662 2352 5730 gratim.
2386 5662 2636 5731 largitate
2678 5665 3053 5736 conjunctum.
3087 5666 3247 5735 (Aug.
3291 5664 3363 5717 De
3402 5663 3568 5721 Trin.
3626 5664 3723 5720 lib.

2169 5750 2280 5799 aut,
2304 5750 2421 5803 cap.
2472 5738 2577 5804 tu.)

3559 4818 3728 4855 :nec
3828 4796 3831 4799 ’
