4094 6202
370 312 469 378 311

1589 323 2014 387 NlCEPIlOlil
2046 330 2394 401 GALLIS?!

3503 325 3618 391 3ὶέ

367 430 714 494 conﬁtentes,
750 428 919 484 Deum
988 430 1167 500 ipsum
1208 448 1428 503 quoque
1481 450 1600 490 esse
1635 451 1745 491 non
1777 454 1937 508 nega-

2045 444 2134 495 καὶ
2211 442 2656 514 ἀνθρωπότητος,
2729 439 2985 495 σύνθετον
3071 440 3479 511 ὁμολογοῦντες,
3527 444 3620 495 τὸν

366 535 511 574 mus.
550 521 781 575 Proinde
824 536 993 575 unum
1024 531 1081 576 et
1108 524 1361 579 eumdem
1404 543 1470 580 ex
1499 535 1733 597 utraque
1787 529 1930 583 divi-

365 613 557 668 uitatis
587 613 799 668 scilicet
827 624 883 668 et
918 614 1279 670 humanitatis
1319 627 1516 673 natura
1537 622 1931 690 compositum,

365 705 687 774 proﬁtentes
744 705 1038 759 Dominum
1081 716 1333 763 nostrum
1376 708 1566 765 Jesum
1623 712 1932 776 Christum,

364 796 570 850 unione
629 796 1013 853 confusionem
1077 815 1186 854 non
1238 801 1571 858 inducimus.
1630 804 1747 857 Non
1789 805 1933 858 enim

365 888 513 951 quod
552 889 861 944 secundum
917 907 1018 946 nos
1060 891 1226 947 homo
1261 893 1438 949 factus
1476 906 1584 959 est,
1642 907 1932 966 propterea

370 980 513 1035 Deus
547 996 669 1036 esse
694 982 929 1038 desinet.
975 983 1161 1053 Neque
1190 1000 1322 1041 sane
1350 987 1496 1055 quod
1544 989 1691 1043 Deus
1739 1000 1936 1045 natura

365 1082 472 1137 est,
510 1082 565 1127 et
589 1073 641 1127 in
669 1088 797 1129 eum
835 1076 1144 1129 similitudo
1205 1090 1408 1132 nostrae
1462 1086 1672 1133 natura:
1703 1095 1811 1134 non
1852 1095 1941 1134 ca-

370 1162 473 1228 dit,
507 1174 800 1233 propterea
830 1165 997 1219 homo
1026 1182 1148 1221 esse
1172 1167 1483 1236 negabitur.
1514 1169 1712 1224 Verum
1744 1186 1939 1240 quem-

370 1256 670 1311 admodum
734 1259 789 1312 in
845 1258 1190 1315 humanitate
1224 1262 1388 1326 Deus,
1448 1263 1523 1316 ita
1582 1263 1942 1318 nihilominus

368 1346 422 1400 in
458 1348 792 1403 sublimitate
829 1350 1058 1405 Deitatis
1090 1354 1253 1405 homo
1280 1362 1602 1420 permanet:
1643 1364 1941 1425 utrumque

368 1454 497 1492 vero
528 1440 581 1493 in
608 1440 800 1493 eodem
833 1449 940 1506 est,
974 1452 1030 1496 et
1081 1459 1226 1497 unus
1262 1445 1407 1499 Deus
1436 1445 1622 1505 simul.
1656 1454 1712 1500 et
1750 1446 1939 1511 homo,

371 1530 486 1600 ipse
519 1532 836 1621 Emmanuel
873 1535 971 1604 (ἢ).
1006 1535 1163 1605 793
1191 1536 1360 1590 Porro
1397 1537 1649 1591 eumdem
1678 1538 1944 1592 conﬁten-

377 1633 459 1676 tcs
493 1624 546 1676 in
580 1624 865 1678 divinitate
899 1625 1201 1695 perfectum
1228 1637 1395 1695 atque
1417 1627 1587 1681 etiam
1641 1628 1697 1681 in
1746 1627 1943 1682 huma-

373 1716 548 1770 nitate
585 1718 908 1785 perfectum,
934 1734 1000 1770 ex
1031 1718 1237 1786 quibus
1266 1720 1433 1772 etiam
1464 1719 1804 1788 compositus
1835 1728 1941 1780 est,

2039 533 2245 601 Κύριον
2281 533 2440 603 ἡμῶν
2481 531 2691 603 Ἰησοῦν
2737 533 2992 602 Χριστὸν,
3027 530 3289 602 σύγχυσιν
3320 535 3386 602 τῇ
3428 532 3618 586 ἑνὼσει

2039 624 2142 675 οὑκ
2172 624 2562 692 ὲπεισὰγομεν.
2592 624 2668 677 υὺ
2700 624 2809 693 γὰρ
2831 624 2913 677 ὅτι
2958 610 3151 691 γέγονε
3192 623 3313 677 καθ’
3345 625 3496 693 ἡμᾶς
3531 624 3621 676 ἁν-

2038 713 2272 782 θρωπος,
2292 715 2352 767 τὸ
2369 710 2506 769 εἶναι
2525 716 2653 778 Θεὸς
2680 716 2953 769 ἀπολέσει·
2972 714 3093 769 οὔτε
3120 715 3223 787 μὴν
3240 714 3462 777 ὅτιθεὸς
3479 719 3621 769 κατὰ

2039 805 2199 874 φύσιν
2226 807 2344 858 ἐστὶ
2368 808 2463 859 καὶ
2480 806 2579 876 τὴν
2610 806 2747 878 πρὸς
2774 808 2922 876 ἡμᾶς
2942 807 3199 876 ὁμοίωσιν
3246 807 3620 876 ἀπαρὰδεκτον

2041 895 2176 965 ἔχει,
2213 899 2307 949 καὶ
2342 898 2404 950 τὸ
2437 897 2721 968 ἄνθρωπος
2777 892 2921 951 εἶναι
2959 899 3383 968 παραιτήσεται.
3432 899 3639 972 Μεμέτ

2044 1004 2177 1057 νηκε
2208 989 2266 1042 δὲ
2295 988 2486 1061 ῶσπερ
2521 991 2579 1043 ὲν
2634 988 3017 1060 ἁνθρωπότητι
3044 989 3201 1055 Θεὸς,
3233 989 3376 1042 οὑτω
3422 989 3517 1042 καὶ
3560 994 3615 1042 ἐν

2045 1078 2285 1149 ὑπεροχῇ
2316 1079 2566 1149 θεότητος
2588 1079 2875 1151 ἄνθρωπος
2898 1078 2994 1143 ῶν,
3034 1079 3183 1132 οὐδὲν
3208 1074 3393 1151 ἦττον·
3449 1081 3616 1149 ἄμφω

2040 1169 2097 1222 δὲ
2127 1168 2203 1221 ῶν
2228 1172 2285 1221 ὲν
2305 1170 2503 1241 ταυτῴ,
2543 1174 2636 1225 καὶ
2660 1167 2745 1235 εἷς
2770 1172 2901 1234 Θεὸς
2936 1170 3073 1241 όμοῦ
3105 1189 3163 1222 τε
3204 1172 3299 1224 καὶ
3329 1171 3614 1241 ἄνθρωπος

2043 1262 2071 1314 ὁ
2123 1260 2490 1330 Ἐμμανουήλ.
2556 1262 2659 1316 Τὸν
2711 1262 2873 1315 αὑτὸν
2904 1264 2962 1316 δὲ
2989 1262 3377 1332 ὁμολογοῦντες
3406 1265 3464 1317 ὲν
3497 1262 3615 1315 θεό·

2043 1369 2168 1421 τητι
2220 1353 2450 1418 τέλειον,
2500 1355 2597 1407 καὶ
2648 1354 2707 1407 ὲν
2747 1352 3128 1424 ἀνθρωπότητι
3174 1354 3398 1416 τέλειον,
3453 1352 3513 1417 ἐξ
3542 1346 3616 1405 ῶν

2046 1444 2143 1497 καὶ
2168 1443 2448 1514 συνετέθη,
2476 1443 2753 1517 διαίρεσιν
2779 1444 2879 1513 μὲν
2933 1449 3032 1514 τὴν
3058 1445 3334 1514 ἁναμέρος
3363 1444 3397 1514 ἢ
3445 1444 3617 1514 τομὴν

2046 1537 2146 1589 οὑκ
2176 1535 2512 1606 ἐπιφέρομεν
2543 1539 2611 1606 τῇ
2670 1536 2769 1607 μιᾷ
2798 1535 2969 1589 αὑτοῦ
3022 1536 3262 1605 συνθέτῳ
3294 1536 3616 1589 ὑποστάσειθ

2046 1629 2144 1697 τὴν
2168 1626 2223 1679 δὲ
2244 1627 2508 1697 διαφορὰν
2538 1627 2649 1680 τῶν
2684 1625 2899 1694 φύσεων
2928 1627 3292 1698 σημαίνομεν,
3324 1626 3426 1679 οὑκ
3456 1626 3609 1679 ἀναι-

2049 1718 2315 1788 ρουμένην
2392 1716 2479 1770 διὰ
2562 1717 2662 1777 τὴν
2741 1717 2953 1771 ἕνωσιν.
3028 1716 3170 1770 Οὑτε
3240 1718 3348 1785 γὰρ
3401 1718 3434 1785 ἡ
3498 1715 3615 1767 θεία

370 1807 699 1861 divisionem
726 1817 819 1861 aut
867 1808 1169 1863 sectionem
1197 1809 1251 1863 in
1289 1818 1492 1878 partes,
1520 1826 1625 1864 una
1649 1810 1767 1881 ejus
1795 1826 1941 1866 com-

2050 1806 2217 1876 φύσις
2294 1805 2375 1869 είς
2443 1804 2543 1875 τὴν
2609 1804 2963 1873 ἀνθρωπείαν
3018 1804 3348 1873 μετεϐλήθη,
3407 1802 3533 1856 οὔτε
3578 1805 3611 1871 ἡ

322 1904 327 1909 ‘
371 1897 545 1966 posita
582 1899 968 1963 subsistentia,
1011 1915 1120 1954 non
1172 1900 1507 1956 inducimus.
1565 1901 1940 1957 Dill’erentiam

369 2002 503 2040 vero
535 1998 878 2053 naturarum,
911 2006 1074 2058 quam
1111 1992 1241 2045 unio
1275 2006 1385 2046 non
1410 1991 1576 2057 tollit,
1607 1992 1938 2049 indicamus.

370 2079 503 2132 Nam
533 2096 713 2148 neque
744 2092 940 2135 natura
970 2074 1157 2134 divina
1192 2082 1246 2135 in
1280 2084 1578 2138 humanam
1624 2092 1709 2138 est
1758 2098 1940 2149 versa,

369 2184 549 2239 neque
579 2170 820 2226 humana
848 2183 1045 2227 natura
1079 2174 1134 2227 iu
1170 2173 1415 2227 divinam
1450 2180 1683 2227 mutata.
1729 2172 1942 2228 Intellic

369 2260 565 2327 gentia:
592 2271 776 2315 autem
809 2264 927 2318 acie
969 2275 1264 2333 utramque
1306 2264 1720 2329 consideraute,
1751 2274 1806 2319 et
1842 2280 1941 2333 po-

371 2350 484 2401 tius
522 2357 754 2420 utraque
787 2350 841 2405 iu
897 2352 1133 2421 propriae
1181 2362 1395 2407 natura
1456 2354 1561 2408 line
1618 2365 1675 2409 et
1731 2354 1944 2409 ratione

373 2439 692 2506 exsistente,
728 2440 924 2495 factam
967 2443 1189 2511 quidem
1243 2445 1504 2499 unionem
1555 2443 1810 2510 dicimus,
1855 2461 1942 2500 se-

371 2531 614 2584 cundum
650 2532 1068 2587 subsistentiam
1101 2552 1114 2589 :
1143 2534 1261 2605 ipsa
1314 2552 1447 2591 vero
1480 2537 1783 2593 secundum
1812 2536 1946 2593 sub-

373 2619 684 2674 sistentiam
713 2622 845 2676 uuio
871 2623 1115 2682 ostendit
1165 2625 1335 2681 Deum
1389 2626 1654 2693 Verbum,
1687 2627 1793 2684 hoc
1837 2638 1941 2693 est,

372 2710 636 2765 extribus
657 2712 885 2767 Deitatis
905 2713 1278 2769 subsistentiis
1305 2714 1719 2771 subsistentiam
1754 2733 1940 2779 unam.

373 2819 485 2857 non
523 2805 922 2874 praeexsistenti
956 2807 1169 2862 homini
1204 2808 1410 2862 unitam
1446 2824 1585 2873 esse,
1618 2808 1717 2864 sed
1743 2825 1862 2864 eam
1888 2811 1941 2863 in

374 2908 536 2950 utero
562 2898 803 2952 Dominae
841 2908 1045 2954 nostra:
1087 2910 1289 2954 sancta:
1320 2910 1375 2954 et
1401 2900 1655 2970 gloriosa:
1715 2900 1809 2954 Dei
1840 2899 1945 2956 Ge-

375 2989 592 3043 nitrii-is
622 3006 947 3060 semperque
976 2989 1215 3061 Virginis
1247 2992 1452 3059 Maria,
1487 2992 1591 3047 sibi
1626 2992 1728 3061 ipsi
1764 3008 1832 3047 ex
1878 3008 1943 3047 ea

375 3081 689 3137 condidisse
723 3083 775 3135 in
832 3083 1055 3152 propria
1111 3084 1467 3139 subsistentia
1523 3098 1744 3139 carnem
1780 3083 1943 3138 nobis

373 3172 684 3241 ὀμοούσιον,
721 3173 1273 3251 conSubstantialem,
1303 3183 1359 3229 et
1388 3174 1596 3231 eisdem
1632 3177 1943 3244 perpessio-

372 3264 540 3318 nibus
574 3280 669 3333 per
703 3265 884 3319 omnia
911 3265 1224 3330 obnoxiam,
1249 3264 1455 3335 absque
1484 3275 1731 3336 peccato,
1762 3269 1943 3322 anima

373 3356 626 3410 rationali
662 3368 717 3410 et.
753 3355 1107 3413 iutellcctuali
1142 3358 1536 3413 animatamJn
1566 3359 1679 3429 ipsa
1710 3375 1944 3429 namque

374 3448 787 3503 subsiSteutiam
815 3450 1028 3515 habuit,
1077 3460 1133 3505 et
1163 3450 1327 3505 homo
1355 3450 1534 3506 factus
1576 3461 1681 3507 est.
1747 3451 1811 3505 Et
1861 3462 1945 3506 cst

377 3558 522 3597 unus
550 3551 714 3613 atque
751 3543 895 3599 idem
936 3542 1198 3598 Dominus
1232 3554 1424 3599 noster
1473 3544 1633 3599 Jesus
1663 3544 1941 3607 Christus,

377 3635 622 3703 quicum
689 3635 845 3689 Patre
876 3644 932 3688 et
966 3634 1175 3703 Spiritu
1233 3644 1426 3689 sancto
1476 3635 1939 3704 conglorilicatur.

376 3728 648 3782 Caeterum
697 3727 1032 3781 ineffabilem
1064 3729 1180 3796 ejus
1212 3728 1472 3781 unionem
1507 3728 1943 3793 considerantes,

376 3830 526 3873 recte
554 3826 808 3872 naturam
844 3834 1004 3871 unam
1042 3818 1136 3872 Dei
1167 3816 1333 3872 Verbi
1367 3819 1707 3872 ineat-natam
1755 3833 1940 3883 carne,

377 3929 499 3983 quae
539 3913 718 3966 anima
755 3912 1007 3966 rationali
1039 3921 1095 3966 et
1124 3912 1482 3966 intellectuali
1542 3921 1627 3967 est
1683 3913 1942 3979 animata,

378 4005 725 4069 profitemur.
756 4002 993 4057 Rursum
1024 4000 1391 4056 differentiam
1448 4012 1769 4056 naturarum
1816 4018 1947 4057 con-

377 4096 731 4163 templantes,
766 4110 860 4149 eas
890 4094 1024 4147 duas
1066 4095 1144 4161 (5)
1179 4109 1304 4148 esse
1330 4094 1588 4159 dicimus,
1616 4094 1944 4149 divisionem

375 4186 583 4251 nullam
615 4186 1054 4241 iutroduceutes.
1106 4185 1351 4255 Utraque
1379 4188 1526 4240 enim
1566 4194 1759 4239 natura
1795 4185 1849 4239 iu
1879 4201 1946 4241 eo

377 4292 481 4336 est.
510 4280 662 4336 Unde
689 4295 856 4333 unum
884 4289 942 4334 et
980 4279 1236 4334 eumdem
1271 4280 1596 4350 proﬁtemur
1619 4279 1943 4334 Christum:

380 4392 551 4427 unum
583 4374 995 4435 Filinm,unam
1054 4389 1370 4443 personam,
1428 4390 1589 4427 unam
1643 4374 1948 4429 subsisten-

2045 1896 2363 1966 ἀνθρωπεία
2398 1895 2558 1965 φύσις
2584 1897 2661 1959 είς
2691 1896 2791 1965 τὴν
2824 1895 2976 1949 θείαν
3016 1895 3249 1965 ἐτράπη.
3293 1894 3609 1963 Νοουμένης

2043 1989 2101 2041 δὲ
2134 1988 2225 2043 καὶ
2282 1988 2637 2059 ὑπαρχούσης
2703 1988 2905 2057 μᾶλλον
2963 1989 3235 2060 ἑκατέρας
3294 1988 3354 2040 ὲν
3396 1987 3475 2057 τῷ
3517 1990 3613 2056 τῆς

2048 2079 2183 2143 ἰδίας
2230 2080 2446 2145 φύσεως
2487 2080 2598 2150 ὅρῳ
2656 2097 2715 2132 τε
2766 2080 2862 2133 καὶ¹
2921 2078 3090 2150 λόγῳ,
3152 2079 3465 2150 πεπρᾶχθαι
3516 2077 3614 2148 μὲν

2044 2170 2140 2238 τὴν
2175 2171 2369 2224 ἒνωσιν
2418 2170 2541 2223 καθ’
2592 2170 2911 2225 ὑπόστασιν.
2955 2168 3021 2224 Ἦ
3068 2170 3124 2224 δὲ
3165 2170 3288 2224 καθ’
3319 2170 3615 2223 ὑπόστασιν

2044 2261 2242 2326 ἓνωσις
2279 2262 2434 2333 δηλοῖ
2460 2264 2542 2316 ὅτι
2570 2266 2598 2317 ὁ
2642 2261 2776 2325 Θεὸς
2829 2262 3025 2332 Λόγος,
3084 2265 3365 2317 τουτέστιν
3424 2264 3458 2331 ὴ
3516 2261 3613 2331 μία

2049 2354 2353 2417 ὑπόστασις
2390 2354 2499 2408 τῶν
2530 2355 2694 2424 τριῶν
2726 2355 2825 2423 τῆς
2856 2355 3122 2425 Θεότητος
3155 2354 3531 2415 ὑποστάσεων,
3555 2354 3614 2405 οὑ

2046 2445 2449 2514 προὺποστὰντι
2484 2446 2761 2517 ἀνθρώπῳ
2800 2446 3003 2516 ηνώθη,
3066 2445 3183 2497 ἀλλ’
3219 2449 3277 2499 ὲν
3320 2449 3386 2515 τῇ
3421 2447 3615 2514 γαστρὶ

2044 2537 2143 2607 τῆς
2193 2536 2483 2608 δεσποίνης
2540 2537 2700 2609 ήμῶν
2732 2543 2832 2608 τῆς
2885 2539 3051 2607 ἁγίας
3093 2537 3302 2600 ἐνδόξου
3352 2537 3614 2590 Θεοτόκου

2045 2632 2141 2684 καὶ
2169 2631 2532 2700 ἁειπαρθένου
2590 2630 2815 2701 Μαρίας
2869 2628 3307 2701 ἐδημιούργησεν
3357 2629 3526 2699 ἑαυτῇ
3558 2630 3614 2696 ἐξ

2047 2717 2220 2783 αὑτῆς
2253 2719 2311 2769 ἐν
2350 2721 2415 2788 τῇ
2462 2719 2569 2788 ibi;
2595 2719 2897 2772 ὑποστάσει
2936 2720 3114 2788 σάρκα
3159 2716 3452 2787 όμοούσιον
3479 2720 3614 2785 ἡμῖν

2045 2812 2138 2863 καὶ
2162 2811 2466 2881 ὁμοιοπαθῆ
2489 2812 2628 2864 κατά
2649 2812 2829 2865 πάντα
2856 2812 3025 2880 χωρὶς
3058 2811 3359 2883 ἁμαρτίας,
3394 2810 3610 2877 ἔψυχε-ι·

2048 2903 2217 2972 μένην
2249 2902 2394 2973 ψυχῇ
2424 2903 2612 2972 λογικῇ
2641 2903 2733 2957 καὶ
2766 2903 3023 2973 νοερᾷοέν
3054 2903 3191 2972 αὑτῇ
3224 2903 3332 2972 γὰρ
3364 2901 3490 2971 ἔσχε
3515 2903 3611 2965 τὴν

2047 2994 2344 3047 ὑπόστασιν
2370 2996 2460 3047 καὶ
2487 2995 2708 3062 γέγονεν
2732 2995 3036 3063 ἄνθρωπος·
3100 2992 3194 3045 καὶ
3225 2993 3371 3045 ἐστιν
3410 2987 3491 3054 εἷς
3519 2992 3613 3045 καὶ

1985 3138 2013 3159 Ἰ
2045 3086 2073 3136 ὁ
2106 3085 2268 3146 αὐτὸς
2308 3085 2507 3153 Κύριος
2538 3081 2695 3152 ἡμῶν
2763 3080 2973 3152 Ἰησοῦς
3006 3081 3261 3149 Χριστὸς,
3298 3097 3365 3131 συ
3381 3077 3615 3144 ιδοξαζό-

2050 3193 2206 3246 μενος
2242 3175 2318 3244 τῷ
2364 3175 2540 3242 Πατρὶ
2576 3174 2669 3226 καὶ
2699 3175 2776 3244 τῷ
2801 3174 2941 3244 ἁγίῳ
2995 3171 3301 3238 Πνεύματι.
3338 3169 3613 3223 Ἑννοοῦν-

2044 3284 2134 3331 τες
2159 3267 2215 3319 δὲ
2246 3268 2411 3319 αὑτοῦ
2453 3266 2550 3337 τὴν
2597 3266 2878 3336 ἄφραστον
2927 3264 3143 3326 ἕνωσιν,
3202 3261 3375 3333 ὀρθῶς
3419 3261 3611 3331 ὁμολοο

2045 3360 2251 3431 γοὺμεν
2281 3362 2411 3430 μίαν
2448 3360 2611 3429 φύσιν
2640 3358 2733 3411 τοῦ
2769 3355 2908 3411 Θεοῦ
2952 3357 3126 3424 Λόγου
3186 3352 3613 3424 σεσαρκωμένην

2048 3454 2211 3522 σαρκὶ
2241 3451 2563 3521 ὲψυχωμένῃ
2616 3451 2764 3520 ψυχῇ
2818 3450 3009 3521 λογικῇ
3041 3465 3101 3501 τε
3137 3448 3234 3501 καὶ
3284 3447 3468 3516 νοερᾷ.
3501 3446 3613 3498 Καὶ

2047 3548 2206 3600 πάλιν
2234 3548 2289 3599 ὲν
2319 3544 2521 3616 θεωρία
2559 3543 2923 3613 λαμϐανόντεζ
2950 3545 3047 3608 τὴν
3098 3541 3206 3595 τῶν
3245 3538 3469 3610 φύσεων
3499 3538 3613 3590 δια-

2046 3638 2245 3707 φορὰν,
2274 3637 2368 3689 δύο
2414 3636 2614 3698 ταύτας
2644 3632 2784 3689 εἶναι
2838 3635 3097 3703 λέγομεν,
3145 3632 3417 3703 διαίρεσιν
3467 3629 3615 3682 οὐδε-

2049 3730 2176 3798 μίαν
2202 3727 2535 3795 είσὰγοντες’
2560 3726 2799 3793 ἑκατέρα
2827 3725 2934 3792 γὰρ
2966 3722 3124 3790 φύσις
3169 3721 3318 3774 ἐστὶν
3345 3721 3404 3773 ἑν
3438 3718 3608 3787 αὑτῷο

2043 3821 2167 3873 ὅθεν
2196 3818 2291 3872 ἓνα
2325 3821 2423 3873 καὶ⁸
2441 3819 2531 3870 τὸν
2557 3816 2722 3870 αὑτὸν
2769 3813 3142 3886 ὁμολογοῦμεν
3194 3812 3457 3881 Χριστὸν.
3514 3811 3612 3862 ἕνα

2048 3912 2197 3976 Υἱὸν,
2235 3910 2293 3962 ἒν
2340 3910 2653 3979 πρόσωπον,
2691 3908 2821 3978 μίαν
2856 3906 3178 3968 ὑπόστασιν,
3211 3904 3344 3957 Θεὸν
3389 3900 3524 3973 ὁμοῦ
3550 3919 3612 3955 τε

2047 4004 2138 4057 καὶ
2179 4001 2491 4072 ἄνθρωπον.
2546 4000 2758 4059 Πάντας
2790 3999 2848 4052 δὲ
2882 3999 3002 4060 τοὺς
3042 3998 3193 4069 παρὰ
3241 3998 3419 4050 ταῦτα
3480 4012 3614 4065 φρο-

2046 4094 2317 4160 νήσαντας
2345 4089 2733 4163 ἢφρονοῦντας
2772 4088 3263 4158 ἀναθεματίζομεν,
3300 4086 3614 4156 ἀλλοτρίους

2047 4183 2324 4252 κρίνοντες
2352 4184 2452 4251 τῆς
2488 4182 2647 4250 ἁγίας
2677 4181 2773 4235 τοῦ
2811 4180 2946 4234 Θεοῦ
2990 4181 3283 4248 καθολικῆς
3344 4181 3438 4232 καὶ
3473 4182 3615 4233 ἀπο-ο

2049 4274 2303 4341 στολικῆς
2357 4273 2707 4343 Ἐκκλησίας.
2742 4273 2861 4325 Τῶν
2884 4273 3061 4341 ὀρθῶν
3105 4273 3285 4326 τοίνυν
3325 4272 3614 4341 δογμάτων

2047 4368 2157 4419 τῶν
2214 4366 2369 4436 παρὰ
2440 4366 2551 4419 τῶν
2620 4366 2790 4435 ἁγίων
2845 4365 3106 4436 Πατέρων
3164 4364 3615 4433 παραδεδομένων

380 4468 536 4526 tiam,
568 4466 735 4518 Deum
768 4464 935 4518 simul
984 4475 1040 4519 et
1084 4465 1387 4519 hominem.
1445 4464 1650 4520 Omnes
1674 4481 1805 4520 vero
1850 4466 1941 4535 qui

2051 4460 2182 4528 ἡμῖν
2236 4458 2684 4528 κηρυττομένων,
2748 4457 3130 4527 προτρέπομεν
3166 4458 3308 4527 ὑμᾶς
3369 4456 3616 4520 ἅπαντας

379 4556 542 4609 aliter
575 4554 658 4607 vel
686 4564 1007 4620 senserunt,
1040 4556 1125 4610 vel
1156 4556 1421 4617 sentiunt,
1452 4556 1789 4614 anathemati
1820 4558 1951 4611 sub-

373 4649 618 4718 jicimus,
660 4647 874 4701 alienos
902 4662 996 4701 eos
1019 4662 1140 4701 θεςο
1172 4663 1199 4700 a
1231 4662 1416 4704 sancta
1463 4650 1554 4702 Dei
1600 4649 1870 4703 catholica
1893 4659 1948 4702 et

320 4794 325 4799 ,
378 4738 681 4807 apostolica
713 4737 962 4791 Ecclesia
996 4736 1328 4804 judicantcs.
1394 4738 1580 4808 Itaque
1618 4753 1744 4794 cum
1798 4750 1945 4793 recta

378 4837 491 4881 eta
527 4827 731 4880 sanctis
765 4825 1019 4880 Patribus
1070 4825 1230 4879 nobis
1281 4826 1499 4895 prodita
1555 4826 1808 4896 dogmata
1871 4830 1949 4882 sic

319 4959 322 4962 .
379 4921 766 4991 praediceutur,
798 4918 1087 4971 universos
1121 4931 1217 4971 vos
1252 4926 1310 4969 ut
1339 4917 1390 4969 in
1422 4932 1587 4970 unam
1610 4929 1666 4971 et
1700 4923 1947 4974 eamdem

378 5013 702 5068 catholicam
746 5020 801 5066 et
832 5010 1184 5081 apostolicam
1246 5008 1545 5063 Ecclesium
1585 5009 1946 5074 conveniatis,

450 5196 524 5256 (2)
578 5194 741 5248 Salus
780 5191 1119 5248 credentium
1159 5191 1472 5261 mysterium
1515 5191 1803 5247 Trinitatis
1840 5202 1943 5248 cst.

380 5265 656 5330 (Ηὶρι-οιι.)
680 5294 747 5303 —-
769 5264 936 5317 Deum
969 5279 1089 5315 esse
1114 5264 1300 5316 multis
1331 5273 1515 5315 notum
1542 5276 1647 5317 est.
1672 5262 1775 5317 Sed
1800 5264 1944 5330 quod

378 5337 542 5389 Pater
564 5336 631 5386 sit
659 5342 712 5386 et
737 5333 934 5386 Filium
959 5332 1175 5390 habent,
1212 5333 1399 5400 paucis
1425 5332 1635 5402 (Aug.).
1663 5361 1731 5371 -υ-
1755 5332 1941 5402 Pater,

380 5405 715 5472 niauifestavi
774 5418 964 5472 nomen
1027 5412 1172 5453 tuum
1227 5401 1550 5456 hominibus.
1601 5413 1710 5457 etc.
1760 5401 1941 5471 (Joan.

380 5468 539 5540 xui.)
578 5501 640 5512 -—-
669 5474 737 5526 Et
772 5468 1017 5540 creditur
1048 5488 1074 5522 a
1118 5472 1275 5523 nobis
1313 5488 1430 5525 sine
1457 5468 1781 5526 confusione
1815 5488 1943 5526 cuu-

377 5533 566 5613 jnncia
602 5552 790 5613 Sancta
819 5533 1085 5613 Trinitas,
1118 5542 1233 5593 sine
1256 5542 1601 5608 separatione
1651 5542 1937 5613 distincta.

383 5608 567 5682 iAug.)
602 5644 665 5653 —
700 5608 787 5674 Εἷς
821 5612 951 5672 Θεὸς
982 5616 1037 5659 ἐν
1069 5615 1237 5676 τρισὶ,
1270 5627 1362 5662 και
1385 5612 1626 5682 τα-τρία
1655 5612 1717 5682 ἐν
1748 5627 1759 5639 '
1794 5612 1943 5667 Unus

383 5680 525 5736 Deus
550 5685 602 5735 in
638 5684 834 5743 tribus,
863 5691 918 5733 et
945 5692 1043 5733 tria
1077 5682 1189 5733 hzec
1222 5697 1413 5733 unum.
1448 5680 1597 5735 Unus
1652 5681 1794 5733 Deus
1845 5682 1941 5733 Ρη-

383 5766 487 5816 tcr,
524 5770 588 5808 ex
622 5769 732 5823 quo
760 5754 942 5805 omnia
990 5768 1001 5807 ι
1033 5766 1084 5805 et
1116 5765 1259 5804 unus
1294 5750 1558 5804 Dominus
1591 5750 1749 5805 Jcsus
1773 5752 1933 5804 Chri-

2052 4555 2129 4613 είς
2156 4551 2281 4619 μίαν
2310 4554 2401 4604 καὶ
2438 4552 2535 4620 τὴν
2562 4550 2735 4621 αὐτὴν
2782 4551 3080 4620 καθολικὴν
3130 4552 3222 4603 καὶ
3252 4551 3617 4622 ἁποστολικὴν

2064 4641 2393 4712 Ἐκκλησίαν
2418 4637 2754 4711 συντρέχειν.
2818 4643 3037 4695 Μᾶλλον
3068 4642 3126 4695 δὲ
3159 4642 3613 4712 παρακαλοῦμεν

2052 4734 2113 4787 οὑ
2159 4736 2267 4804 γὰρ
2307 4732 2642 4802 ὀκνήσαιμεν
2695 4733 2800 4785 κᾶν
2832 4734 2890 4785 ὲν
2923 4733 3160 4802 ὑπεροχῇ
3208 4733 3486 4803 βασιλείας
3526 4736 3617 4786 ἐσ-

2056 4826 2181 4895 μὲν,
2238 4825 2501 4888 τοιούτοις
2558 4827 2870 4897 χρήσασθαι
2935 4830 3198 4898 ῥήμασιν,
3241 4829 3346 4881 ὑπὸ
3377 4830 3476 4898 τῆς
3510 4828 3617 4882 τῶν
3653 4895 3661 4905 ι

2052 4918 2394 4986 Χριστιανῶν
2426 4918 2685 4971 ἁπάντων
2726 4920 3104 4989 ὁμοφροσύνης
3132 4936 3190 4973 τε
3225 4922 3314 4973 καὶ
3345 4920 3616 4983 ἑνώσεως,

2052 5010 2115 5061 ἐκ
2146 5007 2239 5062 τοῦ
2282 5008 2411 5077 μίαν
2434 5009 2687 5062 ἁπάντων
2727 5010 3038 5077 δοξολογίαν
3064 5012 3490 5080 ἀναπέμπεσθαι
3541 5011 3616 5081 τῷ

2049 5198 2186 5255 stus,
2225 5205 2323 5258 per
2349 5204 2509 5259 quem
2548 5190 2728 5242 omnia
2768 5208 2781 5243 :
2812 5199 2869 5244 et
2915 5206 3055 5244 unus
3088 5188 3335 5258 Spiritus
3366 5198 3611 5250 sanctus.

2049 5260 2103 5312 iu
2128 5276 2236 5328 quo
2264 5261 2467 5313 omnia.
2503 5261 2602 5321 Eo,
2643 5275 2703 5312 ex
2737 5277 2836 5329 quo
2867 5271 2923 5313 et
2950 5276 3047 5325 per.
3070 5276 3219 5327 quem
3266 5268 3323 5312 et
3379 5260 3432 5311 in
3490 5275 3613 5327 quo,

2048 5346 2157 5381 non
2190 5341 2414 5383 naturas
2446 5331 2871 5394 dissecautibus,
2913 5346 3108 5381 Vcrtllll
3139 5331 3300 5382 nuius
3330 5338 3384 5383 ct
3418 5329 3618 5382 incon-

2051 5401 2188 5453 fusze
2221 5409 2426 5453 natum
2456 5410 2824 5467 proprietates
2857 5401 3296 5467 desiguaiitibns.
3347 5399 3526 5466 Atque
3562 5399 3613 5450 id

2044 5485 2110 5523 ex
2149 5484 2215 5523 eo
2250 5470 2395 5522 clare
2446 5476 2615 5537 patet,
2661 5470 2807 5536 quod
2868 5472 2937 5522 in'
2990 5485 3155 5521 unum
3210 5484 3401 5521 rursus
3460 5470 3615 5521 colli-

2044 5550 2269 5606 guulur.
2304 5538 2374 5590 Ex
2402 5556 2451 5607 ip
2485 5554 2539 5599 0,
2586 5548 2639 5590 «ἰ
2670 5555 2764 5605 per
2802 5540 3006 5607 ipsum,
3055 5550 3111 5591 et
3170 5540 3223 5590 iu
3271 5554 3445 5606 ipsum
3497 5554 3614 5590 uni-

2046 5625 2170 5662 uia:
2200 5610 2299 5674 ipsi
2335 5611 2506 5677 gloria
2534 5611 2585 5660 in
2623 5611 2840 5670 saecula,
2876 5613 3067 5660 Att-Cll.
3100 5608 3284 5675 (Gz'eg.
3322 5608 3612 5671 Naziauz.)

2036 5700 2039 5705 λ
2116 5680 2190 5743 (5)
2222 5680 2346 5731 Diue
2388 5688 2593 5731 natura:
2616 5677 2816 5732 Christi
2854 5678 2905 5730 iu
2949 5694 3112 5730 unam
3145 5690 3409 5732 coeuntes
3440 5679 3606 5733 donu-

2048 5761 2322 5804 ttatonciu
2360 5758 2415 5803 ct
2460 5750 2603 5805 dcita
2632 5766 2737 5802 cui.
2775 5749 3153 5817 (ThculogusJ
