4094 6202
216 373 221 376 ~
276 334 389 399 313

1171 341 1769 404 ECCLESIASTICAE
1811 343 2196 405 lIlSTORI.E
2240 345 2383 405 LlB-
2423 348 2610 408 XVII.

3427 353 3533 420 315

278 447 513 518 μεγάλῳ
542 446 663 519 Θεῷ
690 448 786 503 καλ⁵
818 449 1033 521 Σωτῆρι
1069 452 1228 521 ἡμῶν
1267 453 1443 525 Ἰησοῦ
1481 455 1727 526 Χριστῷ.
1753 455 1859 507 Τοῦ

1977 457 2274 519 hortamur,
2301 472 2394 511 seu
2446 459 2629 526 potius
2662 474 2936 530 rogamus.
2992 462 3109 519 Non
3167 466 3315 521 enim
3367 483 3531 535 grave

274 540 335 593 δὲ
359 540 577 605 λοιποῦ,
606 542 813 611 μηδένα
851 545 1328 615 προφασιζόμενον
1355 549 1487 617 περὶ
1522 548 1786 618 πρόσωπα
1821 547 1854 616 ἢ

277 631 563 695 συλλαϐὰς
583 632 934 705 ζυγομαχεῖν*
964 636 1047 688 ὅτι
1079 636 1218 705 πρὸς
1260 638 1395 707 μίαν
1424 639 1521 691 καὶ
1558 638 1656 708 τὴν
1687 638 1857 706 αὐτὴν

275 722 455 793 ὀρθὴν
488 723 674 776 πίστιν
699 742 759 778 τε
784 727 877 777 καὶ
906 727 1119 781 ἔννοιαν
1140 729 1195 779 ai
1220 728 1484 782 συλλαϐαὶ
1515 729 1741 797 φέρουσι
1764 728 1858 781 τοῦ

284 816 456 884 μέχρι
481 816 585 869 νῦν
607 817 937 887 κρατοῦντος
971 818 1128 881 ἔθους
1151 837 1210 872 τε
1261 820 1355 873 καὶ
1390 822 1669 891 σχήματος
1704 823 1762 874 ὲν
1790 822 1857 891 τῇ

284 908 424 978 ἁγίᾳ
449 908 539 960 τοῦ
576 908 712 961 Θεοῦ
737 909 1003 981 καθολικῇ
1036 912 1129 963 καὶ
1161 911 1493 982 ἀποστολικῂ
1537 911 1857 983 Ἐκκλησίᾳ,

286 998 379 1050 διὰ
408 999 627 1052 πάντων
660 1000 884 1070 βεϐαίου
930 1020 989 1053 τε
1026 1003 1119 1056 καὶ
1148 1003 1585 1071 ἀκαινοτομήτου
1639 1008 1735 1057 καὶ
1781 1006 1861 1067 είς

286 1089 387 1141 τὸν
434 1091 564 1159 ἑξῆς
595 1092 814 1147 ᾶπαντα
868 1094 1129 1163 μένοντος
1156 1095 1372 1163 χρόνον.
1414 1114 1433 1146 ι
1486 1095 1577 1165 Τῷ
1610 1097 1708 1166 μὲν
1765 1097 1859 1151 οῦν

290 1182 484 1252 ίδίκτῳ
517 1183 693 1252 τούτῳ
724 1186 923 1245 πάντες
969 1186 1018 1238 οἱ
1062 1186 1366 1255 ἑκασταχοῦ
1412 1188 1863 1255 συγκατετίθεντο

291 1274 487 1336 ἱερεῖς,
509 1275 685 1343 ὀρθῶς
725 1276 1112 1345 ἐκφωνηθῆναι
1142 1275 1418 1343 λέγοντες·
1460 1277 1509 1329 οἱ
1561 1276 1607 1329 δ’
1638 1278 1863 1349 ἁποδιῃ-

292 1364 527 1430 ρημὲνοι
558 1365 652 1417 ἐπὶ
688 1364 781 1417 τοῦ
817 1366 1115 1436 σχίσματος
1150 1366 1362 1433 ἔμενον,
1392 1366 1577 1438 ἥκισθ’
1609 1367 1861 1422 ἑνοῦσθαι

288 1453 567 1523 θέλοντες,
618 1456 679 1509 οὐ
728 1456 798 1510 δι’
822 1457 952 1510 ἄλλο
983 1474 1059 1521 τι,
1106 1457 1222 1512 ἄλλ’
1253 1459 1446 1527 ὅτιπερ
1499 1458 1674 1529 ῥητῶς
1721 1458 1863 1513 οὕτω

286 1548 435 1615 πρὸς
460 1546 539 1616 τῷ
565 1548 707 1603 τέλει
743 1548 838 1602 τοῦ
882 1551 1204 1620 γράμματος
1254 1549 1468 1622 εἴρηκε,
1527 1551 1586 1603 τὸ
1643 1550 1863 1620 βέϐαιον

287 1641 390 1692 καὶ
456 1641 892 1711 ἀκαινοτόμητον
955 1644 1304 1713 πεφυλάχθαι
1363 1645 1486 1705 ταῖς
1544 1642 1862 1713 ἐκκλησίαις

285 1733 390 1783 καὶ
414 1732 556 1786 κατὰ
590 1734 683 1787 τὸν
706 1734 832 1804 ἑξῆς
858 1738 1120 1806 ἐσόμενον
1154 1736 1368 1805 χρόνον.

1963 547 2120 602 nobis
2155 558 2259 609 est,
2286 551 2535 618 quamvis
2561 551 2615 604 in
2643 551 2859 623 fastigio
2892 554 3105 626 imperii
3156 559 3406 613 collocati
3453 560 3530 613 si-

1963 652 2105 699 mus,
2157 638 2593 693 Christianorum
2654 645 2899 697 nomium
2936 649 3318 703 consensionis
3367 660 3531 717 atque

1963 727 2181 781 unionis
2210 728 2401 797 gratia,
2459 731 2728 799 ejusmodi
2774 734 2957 788 verbis
2995 738 3069 789 uti
3109 753 3123 790 :
3195 746 3252 790 ut
3298 753 3402 789 una
3462 738 3531 789 ab

1961 819 2219 872 Omnibus
2259 819 2377 873 laus
2418 832 2473 874 et
2511 822 2834 889 glorificatio
2868 827 3145 879 tribuatur
3192 829 3303 882 Deo
3336 844 3531 895 magno

1960 920 2014 964 et
2044 911 2319 975 Servatori
2348 924 2534 968 nostro
2564 917 2691 969 Jesu
2738 918 2986 973 Christo.
3018 921 3180 992 794
3212 924 3283 975 De
3331 933 3531 976 caetero

1960 1008 2168 1063 autem,
2209 1016 2275 1054 ne
2306 1003 2432 1068 quis
2468 1020 2687 1057 causam
2723 1016 2814 1057 aut
2858 1010 3208 1063 occasionem
3264 1011 3408 1064 illam
3463 1011 3532 1063 de

1964 1092 2220 1160 personis
2266 1104 2360 1145 aut
2389 1094 2614 1163 syllabis
2648 1098 2783 1166 (sive
2833 1099 2954 1153 lidei
3013 1101 3285 1170 formulis)
3322 1117 3421 1170 per
3449 1101 3532 1153 in-
3617 1102 3627 1169 ἢ

1978 1183 2178 1236 testina
2210 1185 2435 1239 dissidia
2476 1188 2841 1243 contendendi
2898 1199 3098 1259 captet,
3143 1193 3401 1261 quoniam
3465 1192 3533 1243 ad

1965 1291 2127 1330 unam
2177 1286 2234 1332 et
2266 1281 2511 1335 eamdem
2542 1294 2747 1337 rectam
2783 1284 2943 1339 (idem
2982 1295 3037 1340 et
3071 1288 3399 1340 sententiam
3429 1286 3535 1355 syl-

1961 1367 2096 1422 laba:
2123 1370 2241 1441 (seu
2301 1372 2568 1441 formulae)
2633 1375 2945 1444 producunt
3004 1375 3426 1432 consuetudinis
3481 1385 3536 1426 ct

1963 1470 2139 1516 status
2177 1463 2319 1532 ejus,
2360 1465 2452 1531 qni
2483 1466 2767 1536 hucusque
2811 1468 2864 1521 in
2895 1481 3082 1521 sancta
3113 1468 3207 1522 Dei
3260 1467 3535 1523 catholica

1963 1562 2019 1606 et
2056 1555 2355 1622 apostolica
2381 1554 2623 1611 Ecclesia
2658 1560 2921 1621 obtinuit,
2951 1569 3005 1614 et
3040 1576 3140 1628 per
3180 1560 3367 1614 omnia
3395 1557 3532 1613 citra

1965 1647 2374 1700 innovationem
2409 1649 2649 1713 aliquam
2688 1653 2877 1707 firmus
2912 1653 3240 1721 stabilisque
3274 1650 3540 1713 deinceps

1966 1738 2019 1791 in
2065 1747 2278 1807 tempus
2308 1756 2468 1795 omne
2500 1745 2863 1809 permanebit.
2908 1763 2925 1795 ι
2973 1743 3227 1797 Edictum
3267 1741 3372 1795 hoc
3416 1756 3533 1791 om-

285 1841 393 1880 nes
423 1828 627 1898 ubique
663 1832 907 1911 episcopi
942 1840 997 1887 et
1048 1831 1364 1887 sacerdotes
1431 1829 1688 1885 catholici
1744 1834 2197 1901 comprobarunt.
2256 1846 2406 1889 recte
2479 1840 2881 1908 promulgatum
2915 1854 3035 1893 esse
3103 1839 3369 1894 dicentes.
3424 1833 3527 1900 Qui

285 1936 426 1975 vero
457 1939 517 1978 se
546 1924 614 1977 ab
632 1926 875 1982 Ecclesia
905 1935 1352 1998 segregaverant,
1386 1927 1440 1981 in
1473 1926 1770 1981 schismate
1832 1939 1889 1982 et
1926 1930 2151 1983 dissidio
2181 1931 2557 1999 persistentes,
2622 1935 3045 2003 haudquaquam
3116 1949 3239 1986 cum
3272 1948 3339 1986 ea
3388 1930 3537 1984 uuiri

286 2017 627 2072 voluerunt:
653 2035 762 2074 non
825 2021 984 2075 aliam
1033 2021 1257 2090 quidem
1302 2021 1372 2074 ob
1423 2035 1671 2084 causam,
1727 2036 1889 2088 quam
1926 2024 2071 2088 quod
2105 2024 2171 2077 ad
2206 2024 2365 2079 linem
2390 2026 2579 2097 scripti
2615 2028 2839 2083 disertis
2871 2028 3049 2082 verbis
3073 2026 3380 2095 appositum
3447 2038 3541 2075 es-

289 2119 399 2177 set,
430 2113 595 2169 etiam
630 2115 971 2183 temporibus
1019 2115 1215 2170 futuris
1266 2115 1657 2191 professionem
1706 2114 1829 2169 fidei
1862 2114 2021 2170 talem
2058 2118 2263 2187 abstue
2301 2121 2465 2175 rebus
2514 2122 2669 2177 novis
2697 2122 2945 2177 stabilem
2996 2126 3376 2175 conservatum
3446 2113 3535 2168 iri.

881 2322 1129 2378 ΚΕΦΔΛ.
1166 2322 1307 2391 Aq'.

291 2409 439 2479 Περι
483 2409 603 2463 τῶν
644 2412 950 2479 προέδρων
998 2413 1117 2466 τῶν
1148 2415 1431 2483 μεγάλων
1480 2412 1733 2472 πόλεων.
1769 2410 1869 2464 καί

604 2484 938 2551 Γρνιρτοριου
973 2484 1079 2537 τοῦ
1113 2485 1520 2549 Θεουπόλεως.

381 2590 667 2654 Ἰουστῖνος
696 2593 754 2647 δι
789 2591 1035 2647 Ἰωάννου
1059 2592 1154 2646 τοῦ
1182 2594 1247 2646 ὲκ
1278 2592 1372 2646 τοῦ
1399 2591 1651 2661 Σιρίμιος
1682 2590 1771 2643 τόν
1810 2607 1869 2642 τε

295 2684 418 2755 βίον
475 2683 614 2751 ὁμοῦ
653 2685 709 2737 δὲ
737 2685 831 2738 καὶ
872 2685 963 2738 τὸν
996 2685 1186 2755 θρόνον
1214 2685 1317 2755 τῆς
1346 2682 1617 2754 βασιλίδος
1657 2681 1871 2752 θανάτῳ

294 2774 741 2845 ἁπηϐαλομένου,
777 2774 1039 2846 Εὑτῦχιον
1057 2777 1119 2827 ὲκ
1142 2776 1239 2846 τῆς
1274 2774 1574 2845 ὑπερορίας
1620 2772 1869 2842 ἀγαγὼν,

296 2868 489 2931 καθὼς
523 2868 904 2931 Ἰουστινιανδς
949 2869 1007 2923 ὲν
1046 2867 1337 2938 διαθήκαις
1373 2867 1741 2932 ὲνεκελεύετο,
1794 2866 1873 2937 τῷ

297 2960 480 3029 θρόνῳ
502 2958 662 3021 αὖθις
695 2958 1063 3029 ἐγκαθιδρύει·
1086 2958 1146 3013 ὄν
1187 2958 1281 3011 ἐπὶ
1309 2957 1390 3011 δύ’
1413 2959 1507 3030 ἐτη
1552 2959 1873 3027 διαγενόμε-

296 3067 395 3103 νον
459 3050 719 3120 Ἰωάννης
764 3052 792 3104 ό
834 3050 1159 3119 Νηστευτὴς
1211 3050 1502 3121 διεδέχετο.
1564 3050 1726 3104 Ἀλλὰ
1780 3049 1875 3102 καὶ

309 3131 570 3197 Ἰωάννου
599 3143 694 3195 τοῦ
736 3142 1035 3196 Κατελίνου
1057 3142 1149 3195 τὸν
1200 3143 1298 3213 τῆς
1336 3141 1708 3212 πρεσϐυτέρας
1740 3141 1877 3195 Ῥώ-

302 3252 417 3305 μης
449 3233 639 3303 θρόνον
666 3233 937 3297 λιπόντος,
970 3235 1066 3288 καὶ
1095 3234 1231 3304 πρὸς
1263 3233 1362 3304 τὴν
1391 3235 1571 3287 ἐκεῖσε
1592 3232 1877 3303 χωρήσαν-

295 3343 397 3387 τος
454 3325 685 3390 δίαιταν,
721 3326 983 3387 Βόνοσσος
1012 3326 1137 3388 τοὺς
1194 3326 1389 3388 οἴακας
1426 3326 1527 3394 τῆς
1572 3326 1876 3394 ἐπισκοπῆς

300 3414 694 3485 ἐγχειρίζεταν
725 3414 785 3467 ὃν
819 3414 1075 3484 Ἰωάννης
1125 3415 1310 3486 ἔτερος
1364 3414 1648 3485 διεδέχετο,
1685 3415 1775 3468 τὸν
1831 3412 1876 3465 δ’

300 3505 467 3569 alet;
516 3507 802 3574 Πελάγων
864 3508 1002 3575 μετὰ
1059 3505 1557 3577 δὲ’Λπολλινάριον
1621 3506 1878 3575 Ἰωάννης

301 3602 400 3653 τὸν
456 3601 556 3670 τῆς
600 3600 949 3670 Ἀλεξάνδρου
1007 3601 1182 3655 ἄνεισι
1246 3600 1457 3669 θρόνον,
1519 3599 1579 3652 δν
1619 3599 1878 3667 Εὑλόίιος

305 3693 603 3757 διεδέξατο.
665 3693 795 3747 Ἀνὰ
827 3694 1012 3765 δὲτὴν
1050 3692 1439 3764 Ἱεροσολύμων
1494 3694 1593 3765 τὴν
1647 3691 1877 3761 ἱερωσύ-

307 3802 408 3853 νην
438 3783 697 3849 οἰακίζων
740 3781 810 3855 ἦν
833 3781 985 3848 αὖθις
1025 3787 1145 3855 μετ’
1186 3787 1476 3854 Εὑστόχιεν
1503 3787 1530 3838 ό
1572 3787 1877 3856 Μακάριος·

310 3874 505 3929 ἔπειτα
524 3877 779 3945 Ἰωάννης
792 3876 889 3947 τὴν
920 3877 1035 3946 ίερα
1049 3876 1240 3945 ρχικὴν
1265 3875 1561 3945 ἐκληροῦτο
1587 3876 1876 3945 καθέδραν.

311 3972 377 4038 τῇ
414 3968 524 4022 τῶν
595 3969 936 4037 Ἀκοιμήτων
974 3972 1109 4038 μονῇ
1158 3967 1249 4021 τδν
1298 3967 1448 4020 λιτὸν
1520 3969 1615 4021 καὶ
1646 3968 1881 4021 ἄσκευον

311 4061 430 4130 βίον
458 4063 659 4131 ἄριστα
694 4059 989 4127 μετελθών.
1028 4060 1183 4113 Κατὰ
1216 4059 1273 4112 δὲ
1329 4058 1432 4128 τὴν
1467 4057 1761 4111 Θεούπολιν
1790 4058 1882 4110 τὸν

312 4152 455 4223 μετὰ
493 4152 751 4221 Δομνῖνον
809 4152 1157 4204 ’Δναστάσιον
1226 4149 1422 4212 ἐλάσας
1508 4150 1536 4201 ὁ
1567 4151 1878 4210 Ἰουστῖνος.

308 4245 617 4314 Γρηγόριον
681 4243 1074 4311 κατεστήσατο,
1135 4241 1364 4310 μηδενὸς
1415 4241 1717 4310 τηνικαῦτα
1754 4240 1882 4310 περὶ

308 4336 412 4405 τὴν
451 4333 783 4402 Ἐκκλησίαν
824 4332 1301 4403 νεωτερισθέντος·
1349 4332 1527 4384 αἰτίαν
1583 4332 1639 4383 δὲ
1671 4331 1883 4400 βασιλεί

309 4426 473 4492 ἔσχεν
504 4423 532 4473 ό
560 4422 939 4484 Ἀναστάσιος,
968 4422 1163 4489 ὅτιπερ
1220 4422 1290 4472 τὰ
1325 4420 1447 4489 ἱερὰ
1482 4420 1745 4489 χρήματα
1787 4419 1879 4472 δαν

310 4514 509 4584 τταειῴη
544 4514 618 4583 μὴ
649 4513 788 4566 κατὰ
826 4512 886 4564 τὸ
925 4512 1197 4581 προσῆκον
1224 4513 1490 4581 ἀρχιερεῖ,
1540 4513 1634 4563 καὶ
1686 4513 1768 4563 ὅτι
1804 4511 1883 4574 είς

312 4604 544 4677 βασιλέα
593 4602 900 4673 προσέκοψε
966 4604 1390 4672 βλασφημήσας.
1436 4603 1733 4673 Ἐρομένου
1775 4602 1884 4671 γάρ

310 4716 461 4762 τινος
494 4698 850 4752 ’Δναστάσιον
882 4696 943 4751 ,τί
970 4698 1033 4767 δή
1062 4715 1192 4750 ποτε
1244 4696 1388 4751 οὕτω
1419 4698 1585 4769 χύδην
1622 4698 1689 4751 τὰ
1761 4699 1884 4769 ιερᾶ

313 4795 576 4863 χρήματα
608 4792 942 4862 διαρῤίπτει,
975 4794 1069 4843 καὶ
1106 4791 1179 4860 μὴ
1217 4792 1291 4851 ὡς
1323 4791 1499 4860 χρεὼν
1550 4791 1884 4860 διασκορπι-

316 4889 401 4952 {st
455 4886 535 4948 είς
581 4886 642 4936 τὸ
682 4885 801 4937 δέον
849 4882 1283 4948 καταναλίσκων,
1341 4882 1636 4952 διαρρήδην
1700 4883 1885 4933 εἰπεῖν

2492 2322 2717 2379 CAPUT
2744 2322 2984 2378 XXXVI.

2046 2410 2119 2465 De
2162 2428 2499 2485 magnarmn
2528 2417 2736 2467 urbium
2783 2416 3057 2481 cpiscopis,
3117 2423 3167 2467 et
3221 2414 3470 2481 Gregorio

2462 2484 2732 2553 Thcopolis
2782 2487 3039 2537 antistite.

2041 2593 2314 2657 Justinus,
2346 2604 2636 2664 postquam
2669 2593 2909 2649 Joannes
2964 2593 3053 2649 cui
3119 2593 3337 2649 Sirimis
3363 2593 3539 2663 patria

1970 2684 2095 2746 fuit,
2164 2686 2329 2739 vitam
2387 2685 2549 2739 simul
2597 2694 2651 2740 et
2700 2687 2956 2739 thronum
3023 2685 3344 2755 imperantis
3392 2686 3542 2740 urbis

1975 2784 2147 2830 morte
2191 2776 2499 2845 abjecisset,
2527 2775 2855 2846 Eutyt-hium
2890 2774 2958 2827 ab
2987 2774 3201 2839 exsilio,
3232 2775 3393 2828 sicuti
3447 2774 3543 2829 Ju-

1972 2866 2241 2921 Stinianus
2270 2874 2594 2919 testamento
2622 2866 2882 2934 iusserat,
2920 2872 3238 2919 revocatum
3276 2865 3328 2917 in
3366 2866 3543 2919 eccle—

1973 2959 2108 3008 siam
2139 2969 2292 3009 suam
2359 2954 2623 3008 restituit.
2668 2954 2771 3020 Qui
2807 2954 3023 3009 duobus
3077 2954 3283 3008 exactis
3338 2955 3496 3008 anuis
3524 2994 3540 3017 ,

1971 3046 2234 3102 Joannem
2267 3046 2609 3114 Νηστευτήν,
2649 3046 2750 3100 hoc
2783 3055 2867 3100 est
2889 3046 3280 3116 jejunatorem,
3313 3061 3540 3100 succes-

1974 3152 2153 3193 sorem
2187 3136 2402 3192 habuit.
2436 3136 2534 3192 Ubi
2558 3152 2689 3191 vero
2717 3137 2956 3191 Joannes
2983 3138 3144 3190 etiam
3169 3136 3455 3192 Catelinus
3488 3136 3542 3189 in

1974 3231 2148 3283 veteri
2187 3230 2353 3283 Roma
2390 3230 2573 3284 sedem
2607 3244 2832 3284 vacuam
2881 3230 3123 3299 reliquit,
3151 3239 3206 3284 et
3256 3230 3320 3283 ad
3372 3229 3543 3283 vitam

1974 3320 2121 3375 illam
2161 3320 2432 3390 migravit,
2462 3321 2674 3375 Bonoso
2705 3322 2780 3387 (l)
2809 3321 3155 3391 episcopatus
3176 3318 3544 3391 gubernacula

1978 3413 2230 3469 mandata
2260 3423 2387 3469 sunt
2420 3433 2433 3466 :
2472 3414 2557 3467 cui
2586 3413 2823 3467 Joannes
2851 3414 3010 3474 alius.
3043 3422 3205 3481 atque
3253 3413 3380 3465 huic
3415 3428 3547 3465 rur-

1977 3519 2073 3559 sus
2123 3504 2372 3573 Pelagius
2420 3504 2705 3558 successit.
2766 3504 2893 3556 Post
2945 3502 3311 3570 Apollinarem
3360 3511 3544 3554 autem

1980 3594 2218 3649 Joannes
2251 3594 2590 3648 Alexandria:
2610 3594 2660 3645 in
2690 3594 3016 3661 pastoralem
3042 3592 3365 3645 conscendit
3392 3592 3546 3643 thro-

1984 3704 2134 3752 num,
2163 3696 2219 3740 et
2270 3685 2396 3740 huic
2433 3685 2691 3752 deinceps
2742 3688 3066 3753 subrogatus
3116 3693 3197 3736 est
3243 3683 3531 3751 Eulogius.

1982 3777 2369 3849 Hierosolymis
2398 3777 2773 3846 episcopatum
2813 3776 2998 3829 denuo
3033 3786 3153 3844 post
3187 3775 3542 3828 Eustochium

1984 3872 2308 3940 gubernavit
2344 3869 2633 3924 Macarius.
2671 3870 2799 3923 Post
2826 3885 2951 3921 cum
3023 3867 3419 3921 hierarchicam
3461 3882 3551 3918 ca-

1984 3964 2230 4018 thedram
2260 3967 2490 4017 sortitus
2520 3962 2886 4024 estJoanm-s,
2934 3959 3092 4029 795
3132 3959 3224 4027 qui
3255 3974 3445 4028 puram
3492 3966 3551 4009 ct

1984 4059 2198 4125 inopem
2240 4057 2403 4109 vitam
2464 4058 2516 4109 in
2569 4053 2903 4107 lusomnium
2961 4051 3297 4106 monasterio
3343 4052 3550 4120 optime

1983 4160 2189 4217 egerat.
2224 4148 2381 4215 Apud
2414 4146 2730 4214 Theopolim
2768 4155 2950 4197 autem
2978 4143 3229 4197 Justinus
3259 4144 3550 4195 Anastasio

1985 4242 2238 4296 Domnini
2278 4254 2597 4293 successore
2648 4240 2827 4306 pulso,
2863 4237 3188 4305 Gregorium
3243 4236 3549 4295 substituit,

1985 4333 2148 4384 nullis
2184 4330 2381 4384 tumin
2432 4328 2673 4383 Ecclesia
2711 4329 2867 4379 novis
2905 4327 3072 4381 rebus
3130 4325 3313 4379 motis.
3374 4325 3554 4394 Jtnpc-
3650 4371 3657 4375 .

1990 4434 2138 4476 ratur
2172 4436 2302 4475 vero
2339 4420 2545 4474 crimen
2608 4418 2736 4470 illud
2801 4419 3087 4473 Anastasio
3122 4418 3343 4488 objecit,
3400 4420 3547 4486 quod

1986 4528 2196 4567 sacram
2228 4509 2516 4580 pecuniam
2565 4509 2619 4561 in
2655 4508 2812 4567 alios.
2844 4524 3006 4576 quam
3042 4508 3356 4577 episcOpum
3390 4509 3556 4561 decr-

1989 4613 2092 4668 rrt,
2129 4602 2405 4658 conferret
2435 4610 2706 4670 sumptus,
2735 4599 2956 4669 etquod
3003 4600 3260 4654 convicio
3299 4611 3353 4655 et
3387 4601 3552 4652 maie-

1989 4698 2136 4752 dicto
2170 4696 2553 4765 imperatorem
2613 4696 2785 4759 ipsum
2830 4695 3095 4764 petiisset.
3134 4693 3270 4749 Cum
3316 4710 3553 4762 namque

1990 4790 2361 4856 interrogatus
2387 4804 2413 4838 a
2452 4786 2687 4855 quodam
2754 4787 3076 4838 Anastasius
3120 4797 3286 4846 esset,
3344 4800 3445 4837 cur
3479 4785 3551 4836 itzt

1993 4881 2208 4951 profuse
2236 4879 2519 4948 pecuniam
2553 4894 2763 4933 sacrant
2814 4878 3159 4947 dilapidarct,
3197 4888 3255 4930 et
3303 4893 3409 4930 non
3458 4893 3556 4944 p0-

316 4979 634 5047 σκώψαντα,
692 4978 808 5029 Ἵνα
836 4976 933 5045 μὴ,
966 4976 1125 5044 φησὶ,
1164 4974 1316 5044 παρὰ
1342 4973 1443 5042 τῆς
1489 4972 1677 5041 κοινῆς
1709 4972 1874 5041 λύμης

1996 4983 2103 5026 tius
2134 4971 2186 5024 in
2221 4987 2351 5025 usus
2377 4970 2636 5024 decentes
2665 4986 2783 5024 eam
2812 4968 3151 5035 impendens,
3185 4969 3257 5021 ita
3293 4971 3371 5022 uti
3416 4984 3462 5031 οξ
3488 4985 3556 5021 us

317 5072 411 5124 τοῦ
448 5066 738 5120 Ὶουστίνου
773 5065 1141 5134 ἀφαιρεθεῖεν.
1204 5064 1526 5133 υεφήμιστο
1562 5063 1617 5115 δὲ
1663 5058 1887 5132 μηνῐσᾶι

317 5162 410 5215 τὸν
456 5160 744 5214 ἰουστῖνον
797 5159 1012 5227 ἐκείνῳ,
1070 5159 1263 5226 ὅτιπερ
1324 5155 1575 5225 ζητοῦντι
1628 5156 1889 5226 χρήματα

320 5256 380 5308 οὐ
412 5252 694 5324 προῄρητο
716 5251 923 5304 δοῦναι.
959 5249 1067 5303 Καί
1097 5266 1219 5303 τινα
1245 5248 1291 5301 δ’
1321 5248 1483 5317 ἕτερα
1509 5248 1702 5318 ἐκείνῳ
1722 5265 1890 5317 προσ-

321 5350 556 5415 ήπτοντο
580 5345 673 5397 τὸν
708 5342 994 5412 βασιλικὸν
1020 5341 1223 5395 σκοπὸν
1264 5340 1590 5410 θεραπεύειν
1627 5340 1888 5408 βουλομέ-

322 5455 427 5489 νων
456 5436 633 5489 ὲνίων.
666 5434 871 5488 Τούτου
930 5432 974 5485 δ’
1017 5431 1424 5496 omanem-0;,
1454 5429 1771 5497 Γρηγόριος,
1814 5429 1888 5491 ὡς

323 5527 563 5595 εἴρηται,
611 5524 703 5576 τὸν
725 5523 914 5593 θρόνον
936 5521 1261 5592 ἐλάμϐανεν
1301 5516 1361 5573 οὗ
1388 5519 1544 5579 κλέος
1574 5518 1707 5585 εὐρὺ
1752 5516 1890 5570 κατὰ

324 5620 567 5689 ποίησιν·
635 5617 701 5669 ὲκ
728 5616 839 5683 γὰρ
889 5611 1111 5683 πρώτης
1150 5612 1360 5682 τριχὸς,
1416 5610 1530 5671 τοῖς
1584 5606 1890 5677 μοναδικοῖς

406 5756 485 5815 ιι)
508 5755 614 5809 Pro
640 5753 849 5808 Bouoso
876 5750 1164 5820 legendum
1218 5757 1344 5816 puto
1377 5744 1672 5800 Benedicto.

1991 5070 2157 5129 esset,
2192 5062 2531 5133 dispergeret
2560 5102 2576 5128 ,
2625 5062 2833 5115 diserte
2884 5076 2979 5129 per
3031 5060 3433 5113 cavillationem
3469 5046 3553 5112 di-

1996 5157 2138 5211 xisse
2166 5155 2361 5214 fertur.
2395 5169 2464 5207 ne
2505 5169 2531 5205 a
2580 5151 2854 5206 communi
2912 5152 3150 5221 pernicie
3186 5150 3405 5205 Justino
3458 5166 3556 5203 au-

1996 5247 2255 5300 ferretur.
2294 5243 2456 5297 Fama
2495 5251 2678 5296 autem
2705 5241 2984 5313 vulgatum
3016 5251 3119 5304 est,
3150 5249 3437 5310 propterea
3473 5241 3559 5294 illi

1992 5336 2268 5392 Justinum
2304 5335 2576 5389 inlensum
2628 5333 2822 5396 fuisse,
2856 5333 3001 5402 quod
3053 5334 3313 5401 pecunias
3362 5334 3412 5387 ei
3455 5349 3553 5399 pe-

1996 5427 2132 5483 tenti
2172 5428 2262 5481 ille
2312 5427 2439 5480 dare
2472 5426 2729 5499 noluerit.
2765 5424 3110 5494 Aﬂinguntur
3155 5435 3411 5494 prmterea
3437 5423 3561 5477 vim

1992 5518 2042 5573 ei
2063 5519 2165 5572 alia
2188 5518 2431 5588 quaedam
2456 5534 2483 5570 a
2511 5516 2810 5580 nonnullis,
2830 5516 2919 5582 qui
2945 5516 3291 5585 imperatoris
3313 5524 3560 5581 emptum

1997 5622 2179 5682 tegere
2210 5622 2301 5665 aut
2327 5624 2589 5665 excusare
2623 5611 2937 5664 voluerunt.
2974 5608 3264 5677 Postquam
3330 5608 3561 5661 Anasta-
