4094 6202
581 266 688 332 315

1794 267 2207 327 NIUEPHORI
2247 268 2599 329 CALLISTI

3723 261 3823 323 3l6

582 385 699 437 sius
720 382 1035 453 episcopatu
1062 358 1220 443 abiit,
1255 380 1580 449 Gregorius,
1617 380 1779 436 sicuti
1809 370 2015 436 dictum
2049 391 2154 442 est.

2263 384 2673 451 ἀποδυσάμενος
2719 382 3035 453 σκάμμασι,
3098 379 3364 450 γεννικῶς
3416 379 3530 442 τοῖς
3565 378 3828 432 ανωτάτω

586 474 772 529 sedem
806 489 925 527 eam
961 472 1175 541 accepit
1218 491 1232 524 :
1267 474 1425 541 cujus
1452 474 1559 527 lata
1597 483 1684 527 est
1711 472 1904 541 gloria,
1935 482 1993 527 ut
2027 488 2156 541 poe-

585 574 652 621 ta:
682 563 862 617 verbis
896 571 1037 615 utar.
1074 564 1120 616 Α
1146 562 1347 631 primis
1386 565 1533 618 enim
1568 564 1811 633 capillis,
1847 564 1900 617 iu
1958 581 2151 619 mona-

586 654 740 708 sticis
778 654 1114 708 exercitatus
1145 655 1365 720 studiis,
1400 665 1625 712 strenue
1650 658 1718 712 ad
1755 674 2000 714 summos
2036 676 2157 729 gra-

585 744 708 806 dus.
749 761 871 800 cum
908 762 1085 814 nuper
1121 746 1417 801 admodum
1453 764 1514 802 se
1546 749 1600 803 in
1640 765 1707 803 eo
1753 751 1951 819 lanugo
1983 756 2155 821 prima

586 837 950 899 exhibuisset,
987 837 1290 892 contendit.
1332 840 1573 894 Primum
1596 857 1725 895 vero
1756 844 2001 912 Byzantii
2041 861 2155 901 mo-

588 928 828 980 nasterio
860 927 1099 999 praefuit,
1133 929 1223 982 ubi
1251 930 1417 984 etiam
1452 933 1520 985 ab
1556 934 1714 987 initio
1754 935 1920 991 vitam
1969 953 2153 999 rerum

588 1016 836 1068 ninnium
867 1025 1151 1083 expertem
1187 1017 1387 1087 degere
1448 1021 1639 1091 coepit.
1698 1023 1891 1079 Postea
1937 1025 2156 1082 Justino

583 1104 835 1170 jubentc,
879 1105 1150 1173 pastorale
1176 1124 1373 1164 munus
1411 1111 1463 1163 in
1528 1124 1711 1167 monte
1742 1116 1923 1169 Sinzeo
1974 1133 2157 1171 susce—

592 1199 670 1263 pit
699 1216 711 1250 :
748 1198 798 1250 in
825 1215 936 1266 quo
964 1215 993 1252 a
1022 1200 1261 1254 Scenitis
1290 1201 1543 1259 barbaris
1602 1208 1879 1273 obsessus,
1914 1226 2020 1281 non
2054 1211 2159 1264 mi-

594 1291 757 1344 nimis
786 1291 1194 1349 circumventus
1218 1304 1303 1350 est
1329 1295 1607 1365 periculis.
1639 1299 1850 1364 Quibus
1878 1302 2063 1367 etiam,
2097 1312 2156 1357 ut

595 1380 1025 1447 paciﬁcationem
1091 1384 1312 1452 inirent,
1380 1403 1573 1441 suasor
1644 1400 1947 1459 auctorque
2028 1393 2153 1449 fuit.

593 1472 749 1539 Apud
777 1473 878 1527 hos
922 1490 1045 1529 cum
1078 1491 1166 1530 res
1195 1493 1419 1546 magnas
1454 1480 1778 1547 peregisset,
1830 1483 1885 1535 in
1944 1499 2153 1537 sacram

592 1563 789 1617 deinde
822 1575 1113 1632 provectus
1143 1577 1229 1621 est
1246 1569 1586 1623 cathedram.
1616 1571 1811 1625 Animo
1840 1584 1896 1626 et
1925 1575 2155 1628 consilio

595 1656 647 1707 iu
681 1656 846 1710 rebus
879 1659 1138 1713 omnibus
1175 1660 1382 1729 optimo
1422 1660 1524 1715 fuit
1558 1681 1570 1715 :
1604 1673 1657 1716 et
1686 1664 1751 1717 ad
1789 1666 2154 1733 quodcunque

594 1749 870 1816 negotium
907 1763 965 1802 sc
992 1760 1359 1814 converteret,
1396 1752 1447 1806 id
1479 1769 1642 1821 quam
1679 1754 1937 1809 facillime
1986 1759 2156 1811 conli-

591 1839 788 1893 ciebat.
836 1840 981 1894 Metu
1018 1842 1243 1895 minime
1276 1845 1728 1912 perturbabatur.
1785 1847 2159 1903 Potestatibus

591 1940 796 1991 autem,
841 1940 897 1983 ut
944 1931 1104 1985 facile
1146 1932 1253 1986 illis
1285 1934 1509 1990 territus
1549 1937 1789 2003 cederet,
1828 1936 2155 1993 ﬂectendum

589 2033 647 2070 se
677 2019 1095 2089 haudquaquam
1156 2024 1409 2091 praebuit.
1464 2025 1736 2081 Liberalis
1792 2044 2035 2096 quoque,
2101 2041 2157 2083 et

589 2109 883 2163 admodum
912 2114 1225 2176 munificus,
1261 2116 1545 2183 magniﬁce
1574 2118 1835 2185 pecunias
1874 2119 2151 2188 largieba-

593 2210 679 2253 tur
710 2220 724 2255 :
760 2218 933 2271 usque
956 2205 1115 2265 adeo.
1144 2215 1576 2276 utquocunque,
1612 2225 1712 2276 pro
1735 2225 1801 2263 eo
1822 2220 1986 2279 atque
2017 2227 2157 2279 opus

590 2300 756 2353 esset,
788 2293 1235 2366 progrederetur,
1265 2311 1426 2364 quam
1485 2299 1703 2367 plurimi
1748 2300 1998 2355 homines
2030 2318 2154 2356 eum

584 2382 861 2450 stipareut
891 2394 1055 2453 atque
1086 2398 1475 2456 sequerentur,
1504 2404 1699 2444 eorum
1731 2393 1898 2445 etiam
1953 2394 2157 2461 quibus

590 2472 728 2525 nihil
775 2489 899 2527 cum
949 2490 1015 2528 eo
1062 2475 1434 2533 intercederet
1481 2482 1920 2549 consuetudinis,
1967 2493 2024 2538 et
2060 2486 2153 2553 qui

592 2562 726 2615 nihil
762 2564 826 2616 ad
866 2579 992 2618 eum
1028 2567 1391 2633 pertinerent.
1445 2568 1549 2624 Alii
1601 2569 1826 2640 insuper
1878 2572 1970 2639 qui
2028 2588 2154 2626 eum

591 2655 863 2721 prodiisse
892 2656 1217 2723 audiissent,
1245 2660 1329 2714 vel
1360 2659 1642 2725 vidissent,
1667 2663 1732 2716 ad
1759 2678 1884 2717 eum
1915 2663 2157 2719 conﬂue-

590 2746 743 2813 bant,
777 2756 833 2801 et
874 2748 1139 2803 honorem
1182 2751 1474 2806 mundanis
1501 2752 1857 2822 dignitatibus
1881 2755 2151 2822 debitum,

590 2853 701 2905 pro:
740 2840 844 2893 viri
877 2842 1001 2909 ejus
1037 2842 1409 2911 observantia,
1441 2846 1686 2901 secundo
1708 2848 1829 2901 loco
1854 2848 2153 2915 habebant,

583 2929 753 2999 796
775 2932 933 2986 avide
983 2947 1081 2987 sua
1112 2943 1307 3002 sponte
1354 2943 1409 2989 et
1446 2936 1632 2991 videre
1680 2948 1735 2991 et
1791 2939 1982 2993 audire
2027 2955 2152 2994 cum

2260 473 2486 541 βαθμοῖς
2510 472 2763 542 ἦλαυνεν,
2793 474 2918 542 ἄρτι
2941 473 3036 526 τοῦ
3074 473 3254 525 ῐοὺλου
3302 469 3452 539 αὑτῷ
3486 469 3828 539 καταρρέον-

2255 582 2369 627 τος.
2407 565 2513 632 Τῆς
2534 565 2591 616 δὲ
2628 565 2737 618 τῶν
2765 564 3076 629 Βυζαντίων
3116 563 3336 633 πρῶτον
3365 562 3532 631 μονῆς
3565 560 3828 629 καθηγή-

2257 670 2405 707 σατο’
2443 655 2569 709 ἔνθα
2595 655 2657 708 τὸ
2692 656 2971 724 καταρχὰς
3021 656 3115 707 καὶ
3156 654 3247 707 τὸν
3277 655 3509 705 ἄσκευον
3547 652 3663 721 βίον
3696 668 3832 720 μετ⁴

2254 746 2362 818 ῄει.
2394 748 2702 800 Μετέπειτα
2754 746 2809 798 δὲ
2859 746 3151 799 Ἰουστὶνου
3186 744 3525 807 κελεύοντος,
3566 743 3665 812 τὴν
3707 761 3832 796 ποι-

2256 837 2521 909 μαντικὴν
2551 839 2646 891 τοῦ
2696 838 2825 889 Σινᾶ
2852 836 3217 907 ἐγχειρίζεται
3250 838 3432 904 ὄρους’
3492 838 3551 887 ὲν
3621 827 3665 901 ᾧ
3731 853 3833 886 ποθ

2254 930 2642 999 λιορκούμενος
2685 929 2792 981 ὑπὸ
2842 930 2950 980 τῶν
3013 928 3311 996 Σκηνητῶν
3368 926 3682 997 βαρὸἁριιῑν,
3730 925 3832 976 οὐκ

2256 1020 2558 1089 ἐλαχίστοις
2616 1019 2924 1089 περιεπάρη
2992 1018 3275 1080 κινδὶνοις,
3332 1018 3405 1079 ὡς
3460 1018 3555 1069 καὶ
3604 1016 3833 1087 εἰρήνης

2257 1116 2490 1175 ἐκείνοις
2516 1111 2777 1179 γενέσθαι
2807 1111 3095 1178 πρύτανιν·
3131 1113 3188 1163 ἐν
3215 1104 3297 1172 οἷς
3321 1111 3414 1163 καὶ
3447 1109 3640 1177 μεγάλ’
3688 1112 3829 1162 ἄττα

2255 1202 2776 1272 καταπραξάμενος,
2821 1201 3030 1253 ἐκεῖθεν
3091 1203 3225 1269 προς
3270 1201 3367 1270 τὴν
3418 1200 3569 1268 ἱερὰν
3614 1198 3830 1268 ἀνήχθη

2254 1294 2541 1366 καθέδραν.
2562 1294 2757 1363 ,Ψυχῆς
2786 1294 2841 1345 δὲ
2875 1294 2968 1346 καὶ
2998 1294 3229 1360 γνώμης
3286 1291 3469 1359 τυχὼν
3525 1291 3829 1359 κρατίστης

2256 1387 2340 1455 ἐφ’
2371 1388 2565 1449 ἅπασι,
2600 1386 2736 1455 πρὸς
2766 1387 2901 1455 ὅπερ
2945 1385 3011 1438 ἂν
3041 1384 3281 1454 ῥέψειεν,
3341 1380 3825 1451 ἐξεργαστικώτα-

2253 1495 2345 1540 τος
2376 1474 2465 1550 ἦν’
2511 1478 2711 1546 ἥκιστα
2756 1478 2854 1543 μὲν
2900 1475 3007 1527 δέει
3050 1471 3435 1543 κατεπτηχὼς,
3486 1470 3828 1532 δυναστείαις

2253 1574 2299 1625 δ’
2335 1572 2663 1641 εὐγείρωτος
2725 1567 2867 1621 εἶναι
2930 1568 3057 1622 ὥστ’
3084 1569 3277 1629 εἴκειν,
3334 1567 3574 1635 ἄληπτον
3633 1565 3830 1618 ἑαυτὸν

2259 1668 2536 1733 παρεῖχεν.
2583 1662 2923 1729 Ἐλευθέριος
2972 1661 3025 1712 δέ
3054 1677 3137 1721 τις
3168 1660 3310 1729 μάλα
3346 1660 3439 1712 καὶ
3476 1656 3703 1726 ἀφειδὴς
3734 1652 3825 1726 ἦν,

2265 1755 2699 1826 μεγαλοπρεπῶς
2722 1755 2819 1814 τὰς
2852 1753 3118 1817 διαδόσεις
3158 1754 3267 1805 τῶν
3296 1750 3604 1822 χρημάτων
3637 1748 3828 1801 ποιού-

2261 1862 2442 1916 μενος
2476 1849 2568 1898 καὶ
2596 1847 2654 1908 ἐς
2687 1845 2864 1907 τόσον,
2890 1845 2965 1906 ὡς
2995 1846 3090 1896 καὶ
3112 1844 3313 1913 δεῆσαν
3328 1844 3449 1895 ὅποι
3482 1840 3611 1892 ποτὲ
3637 1856 3714 1907 πρ
3746 1840 3829 1889 ῖὲ-

2257 1936 2720 2006 ναιπαμπληθεῖς
2743 1936 3110 2005 περιείποντο,
3146 1942 3239 1988 καὶ
3273 1935 3381 1986 τῶν
3417 1932 3682 2002 μηδαμῶς
3726 1931 3828 1981 αὖ·

2255 2031 2334 2100 τῷ
2400 2030 2809 2099 προσηκόντων,
2868 2031 2966 2082 καὶ
3012 2029 3134 2100 μηδ’
3173 2028 3465 2081 εἰωθότων.
3523 2027 3630 2079 Καὶ
3670 2024 3824 2078 ἄλλοι

2256 2119 2303 2171 δ’
2331 2118 2715 2188 ὲπισυνέρρεον
2756 2116 3154 2184 πυνθανόμενοι
3210 2115 3415 2167 suam
3456 2114 3488 2182 ἢ
3527 2115 3619 2165 καὶ
3652 2114 3825 2182 ὁρῶν-

2254 2225 2367 2271 τεςο
2398 2208 2490 2261 καὶ
2521 2208 2588 2260 τά
2608 2210 2663 2269 ἐς
2693 2208 2790 2275 τὴν
2809 2206 3079 2275 κοσμικὴν
3108 2206 3281 2274 ἀρχὴν
3313 2207 3369 2257 ὲν
3390 2204 3638 2273 δευτέρῳ
3670 2204 3827 2256 ἐτάτ-

2255 2315 2411 2351 τοντο
2434 2298 2529 2368 τῆς
2552 2297 2631 2360 εἰς
2654 2296 2745 2349 τὸν
2773 2296 2939 2364 ἄνδρα
2996 2295 3186 2362 τιμῆς
3239 2293 3563 2357 ἐθελουσίως
3622 2292 3824 2360 προθυ-

2259 2391 2541 2461 μουμένων
2571 2389 2666 2442 καὶ
2693 2390 2823 2459 ὁρᾷν
2855 2389 2949 2440 καὶ
2974 2388 3214 2449 ἀκούειν,
3256 2386 3350 2437 καὶ
3379 2386 3447 2436 τὰ
3480 2384 3713 2453 τυχόντα
3749 2384 3827 2444 ὡς

2257 2481 2427 2535 πολλὰ
2462 2479 2894 2548 διομιλουμένου.
2934 2478 3043 2530 Καὶ
3076 2478 3183 2545 γάρ
3234 2472 3304 2546 ἦν
3334 2476 3665 2535 ἱκανώτατος
3699 2475 3823 2533 ταῖς

2255 2569 2534 2641 ἀληθείαις
2557 2570 2787 2638 ἀόρατον
2828 2570 3117 2637 ὲνσπεῖραι
3150 2567 3314 2619 πόθον
3350 2570 3465 2626 τοῖς
3522 2567 3670 2624 ὅπως
3730 2563 3826 2630 δή·

2257 2666 2385 2717 πότε
2406 2664 2815 2732 ἐντυγχάνουσι.
2873 2662 2985 2731 Τήν
3044 2678 3101 2713 τε
3158 2660 3289 2713 θέαν
3340 2657 3669 2725 ἁξιάγαστός
3716 2672 3823 2717 τις,

2254 2757 2470 2827 ἥδιστός
2528 2773 2589 2808 τε
2642 2754 2763 2807 λίαν
2814 2753 3324 2824 προσφθέγξασθαι·
3385 2752 3476 2803 καὶ
3530 2751 3690 2815 εἴπερ
3741 2764 3827 2810 τις

2256 2847 2522 2915 νοῆσαιτε
2543 2845 2603 2900 τὸ
2626 2846 2741 2899 δέον
2769 2846 3052 2912 ὀξύτατος,
3120 2842 3328 2915 πρᾶξαί
3377 2858 3436 2893 τε
3468 2842 3525 2903 ἐς
3555 2841 3622 2891 τὰ
3668 2836 3828 2905 μάλιι

2256 2955 2355 2993 στα
2386 2938 2834 3009 ’προχειρότατος⁸
2867 2934 3157 3006 βουλεῦσαι
3206 2935 3261 2987 δὲ
3293 2933 3492 3002 βουλὴν
3536 2933 3629 2983 καὶ
3662 2931 3824 2983 ἄλλον

588 3023 891 3089 rupientes,
925 3024 1085 3077 etiam
1109 3025 1175 3079 de
1204 3025 1371 3081 rebus
1399 3042 1506 3080 non
1541 3028 1721 3099 magni
1748 3032 2009 3085 momenti
2034 3031 2151 3101 ple-

2258 3028 2559 3100 πράξαντος
2575 3029 2869 3098 διαγνῶναι
2905 3029 2962 3081 ἐν
2992 3045 3051 3081 τε
3096 3028 3207 3088 τοῖς
3232 3027 3448 3087 οἰκείοις
3496 3025 3589 3076 καὶ
3651 3022 3825 3093 θύρα-

590 3126 822 3181 rumque
849 3114 1016 3168 verba
1048 3114 1358 3170 facientem.
1401 3116 1533 3170 Erat
1556 3117 1826 3187 siquidem
1894 3120 1961 3174 ad
2005 3136 2157 3177 arca-

591 3218 721 3255 num
755 3202 1092 3258 desiderium
1126 3220 1317 3260 eorum
1345 3208 1565 3270 animis,
1604 3208 1697 3276 qui
1733 3209 1883 3263 illum
1926 3225 2158 3278 quomo-

581 3292 882 3363 docunque
906 3296 1327 3360 conveniebant.
1360 3297 1715 3353 inserendum
1769 3316 1932 3370 quam
1988 3301 2161 3354 maxi-

586 3403 681 3441 me
730 3388 982 3450 idoneus,
1037 3398 1261 3458 aspectu
1313 3388 1609 3443 admodum
1664 3392 2040 3458 admirandus,
2102 3392 2155 3445 in

578 3479 883 3549 -coiloquiis
908 3481 1065 3536 valde
1091 3484 1393 3551 jucundus,
1422 3491 1479 3538 et
1514 3482 1559 3537 si
1596 3485 1719 3550 quis
1755 3485 1927 3547 alius,
1959 3496 2014 3539 et
2044 3486 2159 3554 ipse

580 3572 658 3624 ad
683 3572 733 3625 id
774 3573 920 3641 quod
950 3574 1173 3629 deceret
1201 3576 1647 3643 cognoscendum
1698 3578 2077 3642 acutissimus,
2103 3589 2159 3632 et

582 3664 657 3717 ad
696 3664 1003 3719 faciendum
1035 3682 1196 3736 quam
1237 3667 1547 3722 facillimus.
1579 3668 1660 3722 Ad
1697 3670 1985 3724 consilium
2037 3671 2161 3725 aliis

586 3756 854 3820 dandum,
882 3767 1044 3826 atque
1073 3758 1139 3811 ad
1175 3773 1261 3812 res
1301 3759 1629 3814 domesticas
1682 3770 1737 3814 et
1782 3774 2040 3815 externas
2078 3761 2161 3815 di-

585 3846 935 3916 judicandas,
1012 3849 1478 3918 promptissimus.
1531 3850 1879 3920 Quapmpter
1962 3853 2161 3907 multas

583 3952 685 3990 res
719 3937 924 4006 Optime
960 3938 1149 4007 gessit,
1208 3941 1419 4008 negotia
1477 3941 1530 3993 in
1580 3943 1878 3995 crastinum
1942 3942 2161 3997 dilferro

580 4045 701 4082 mon
738 4030 955 4084 εοιίιιιε.
985 4030 1209 4085 ΤΟΓΓΟΓῘ
1241 4048 1369 4086 \‘81'0
1400 4041 1520 4086 crat
1576 4050 1686 4088 nun
1716 4042 1929 4089 tantum
1959 4034 2159 4090 Roma-

579 4120 679 4174 .nis
705 4121 1155 4190 imperatoribus,
1184 4137 1307 4177 cum
1362 4123 1581 4192 publica
1620 4134 1880 4181 tractaret
1917 4110 2191 4197 negotia,‘

575 4222 852 4282 quantum
894 4217 1200 4270 necessitas
1250 4216 1559 4284 postularet
1588 4224 1645 4270 et
1676 4226 1895 4287 tempus
1947 4216 2160 4287 ﬂagita-

579 4317 697 4366 σει,
751 4321 940 4360 verum
979 4308 1141 4362 etiam
1207 4307 1499 4363 Persarum
1545 4307 1803 4374 ducibus,
1859 4309 2022 4365 sicuti
2060 4322 2161 4362 suo

2258 3114 2349 3168 θεν
2375 3115 2696 3184 ἐπιτήδειος.
2726 3115 2826 3168 Διά
2851 3133 2933 3168 τοι
2972 3112 3129 3169 τοῦτο
3162 3115 3260 3168 καὶ
3302 3115 3474 3167 πολλὰ
3512 3114 3606 3165 καὶ
3624 3112 3824 3181 ἄριστα

2254 3206 2604 3275 διεπράξατο,
2636 3208 2796 3276 ἀφεὶς
2815 3209 2876 3262 τὸ
2905 3207 3163 3279 ὲσαύριον
3189 3206 3616 3261 ἀναϐάλλεσθαι.
3648 3204 3826 3256 Κατέ-

2256 3301 2429 3369 πληξε
2455 3300 2510 3353 δὲ
2547 3302 2606 3354 οὐ
2644 3300 2804 3371 μόνον
2838 3302 2967 3364 τοὺς
3038 3300 3326 3371 Ῥωμαίων
3397 3298 3641 3367 βασιὶεῖς
3710 3297 3824 3355 τοῖς

2257 3394 2456 3456 κοινοῖς
2483 3392 2766 3463 χρώμενος
2804 3394 3149 3463 πράγμασιν,
3208 3394 3286 3454 εἰς
3322 3393 3461 3461 ὅπερ
3488 3392 3554 3443 ἂν
3605 3391 3639 3461 ἠ
3664 3390 3825 3459 χρεία

2257 3482 2449 3553 καλοίη
2482 3485 2576 3537 καὶ
2607 3486 2635 3535 ὁ
2664 3484 2855 3555 καιρὸς
2885 3486 3113 3554 ἀπαιτῇ·
3144 3484 3281 3537 ἀλλὰ
3304 3485 3399 3535 καὶ
3437 3482 3565 3544 τοὺς
3599 3480 3826 3549 Περσῶν

2257 3574 2550 3641 ἡγεμόνας,
2580 3573 2654 3635 ὡς
2690 3576 2747 3626 ὲν
2789 3574 2962 3644 καιρῷ
2993 3590 3083 3643 μοι
3127 3572 3427 3637 λελέξεται.
3484 3569 3738 3631 Ποικίλος
3770 3569 3827 3620 ει

2256 3684 2340 3729 τις
2365 3667 2667 3737 ἐτύγχανε·
2703 3669 2779 3734 πῆ
2814 3668 2912 3736 μὲν
2943 3666 3110 3735 πολλῇ
3166 3666 3452 3735 χρώμενος
3502 3666 3567 3733 τῇ
3602 3662 3829 3731 σφοδρό-

2258 3776 2415 3831 τητιο
2446 3760 2618 3811 ἐνίοτε
2654 3759 2708 3810 δὲ
2744 3759 2837 3810 καὶ
2871 3759 2926 3809 τὸ
2980 3758 3229 3827 θυμῶδες
3293 3755 3714 3825 ἐσχηματιζετο·
3764 3755 3831 3805 ὲκ

2260 3853 2579 3921 περιουσίας
2604 3851 2647 3904 δ’
2682 3848 2750 3921 ἦν
2786 3852 2935 3921 αὐτῷ
2961 3852 3125 3920 ἡνίκα
3158 3852 3265 3903 δέοι
3318 3850 3377 3901 τὸ
3412 3850 3590 3918 πρᾶον
3622 3862 3807 3911 κεκρα

2261 3944 2423 4012 μένον
2456 3946 2521 4014 τῇ
2553 3943 2874 4013 ἡμερότητιο
2908 3943 2983 4005 ὡς
3012 3943 3096 3995 ἐπ’
3129 3943 3275 4012 αὐτῷ
3300 3940 3629 4011 συνδραμεῖν
3655 3954 3831 4006 προτ-

2260 4035 2442 4105 φόρως
2473 4036 2621 4103 μάλα
2655 4034 2690 4087 ἃ
2724 4034 2804 4104 τῷ
2840 4034 3089 4105 Θεολόγῳ
3120 4031 3409 4105 Γρηγορίῳ
3452 4029 3831 4098 πεφιλοσόφη-

2258 4143 2368 4191 ται,
2396 4127 2454 4178 τὸ
2477 4125 2745 4196 αὐστηρὸν
2778 4126 2916 4178 αἱδαί
2956 4126 3296 4196 σύγκρατον,
3349 4124 3425 4185 ὡς
3486 4120 3612 4190 μηδ’
3638 4119 3833 4189 ἕτερον

2260 4219 2367 4271 ὑπὸ
2398 4217 2492 4269 τοῦ
2521 4217 2712 4286 ἐτέρου
2743 4216 3250 4284 καταϐλάπτεσθαι,
3296 4214 3413 4268 ἀλλ’
3433 4215 3728 4282 ἀμφότερα
3761 4211 3832 4262 δι’

2260 4307 2509 4376 ἀλλήλων
2553 4306 2887 4374 εὐδοκιμεῖν.

578 4401 712 4454 iloco
736 4416 765 4454 a
791 4416 877 4456 me
900 4403 1141 4457 dicetur.
1171 4403 1366 4458 Varius
1390 4403 1554 4458 etiam
1580 4402 1705 4458 fuit.
1728 4402 2038 4473 Aliquando
2066 4416 2300 4471 namque
2326 4400 2495 4454 multa
2522 4398 2780 4452 utebatur
2804 4397 3181 4454 vehementia:
3209 4412 3601 4468 nonnunquam
3627 4394 3833 4450 iratum

576 4508 648 4547 se
685 4507 807 4547 esse
839 4509 949 4563 prae
979 4510 1038 4549 se
1076 4494 1308 4551 ferebat.
1359 4496 1416 4550 ln
1450 4496 1646 4566 primis
1675 4506 1882 4560 autem,
1923 4511 2049 4549 cum
2101 4510 2240 4563 opus
2276 4501 2442 4557 esset,
2468 4493 2701 4545 maxime
2734 4491 2789 4545 in
2819 4506 2886 4546 eo
2926 4491 3206 4546 eminebat
3237 4490 3437 4546 lenitas
3469 4499 3524 4545 et
3562 4504 3825 4543 mansue-

579 4583 747 4649 tudo,
779 4584 916 4637 adeo
950 4594 1010 4637 ut
1036 4601 1199 4654 quam
1224 4587 1671 4641 commodissime
1692 4587 1748 4640 in
1782 4602 1910 4641 eum
1934 4586 2141 4641 dictum
2178 4584 2310 4640 illud
2343 4582 2588 4653 prudens
2612 4581 2867 4654 Gregorii
2889 4581 3152 4653 'l‘beologi
3182 4582 3523 4645 conveniret,
3551 4581 3827 4635 severitas

578 4676 901 4731 tcvercntia
929 4686 1234 4746 temperata
1264 4679 1345 4734 sic
1363 4678 1468 4733 fuit
1490 4681 1590 4748 (2),
1618 4689 1677 4733 ut
1706 4680 1877 4735 altera
1895 4681 1963 4735 ab
1993 4680 2163 4735 altera
2190 4694 2298 4734 non
2324 4678 2639 4742 lznderetur,
2664 4675 2761 4732 sed
2791 4686 3023 4745 utraque
3050 4691 3146 4745 per
3167 4676 3395 4729 alteram
3425 4674 3828 4728 itlustraretur.

1112 4792 1335 4851 CAPUT
1358 4795 1625 4851 XXXVII.
2185 4799 2228 4852 D

580 4883 661 4938 (It
691 4893 850 4956 pacta
884 4896 1137 4939 rouventa
1174 4887 1311 4940 inter
1353 4888 1545 4941 Persas
1589 4897 1639 4942 et
1678 4887 1944 4942 Romanos
1981 4888 2157 4943 soluta

1309 4962 1438 5012 sint.

660 5072 858 5126 Verum
913 5072 1194 5127 enimvero
1257 5074 1439 5143 primo
1501 5073 1747 5143 Gregorii
1808 5074 2158 5144 episcopatus

577 5178 734 5217 anno
760 5164 1141 5229 Persarmenii,
1163 5168 1255 5235 qui
1276 5166 1428 5234 prius
1450 5181 1655 5235 magna:
1678 5167 1949 5221 Armenia:
1971 5168 2161 5221 incola:

580 5256 856 5309 mominati
911 5255 1152 5319 fuerant,
1198 5267 1253 5313 et
1309 5258 1572 5313 Romanis
1615 5269 1928 5327 paruerunt,
1967 5276 1995 5311 a
2029 5259 2159 5312 Phi-

584 5348 739 5416 lippo
803 5356 1006 5413 autem,
1037 5350 1128 5417 qui
1163 5359 1285 5418 post
1333 5349 1667 5405 Gnrdiauum
1709 5351 1852 5419 apud
1888 5352 2160 5404 Romanos

586 5438 1155 5507 imporiumobtiuuit,
1180 5439 1370 5509 Sapori
1400 5441 1685 5494 Persarum
1717 5440 1830 5509 regi
1864 5440 1932 5493 ita
1960 5439 2159 5508 proditi

582 5529 838 5594 fuerant,
895 5538 957 5585 ut
1006 5530 1263 5586 Armenia
1292 5531 1514 5600 quidem
1564 5547 1685 5601 qua:
1721 5532 1900 5587 minor
1933 5531 2157 5598 dicitur,

657 5688 742 5757 (2)
777 5689 970 5759 Evagr.
1002 5688 1108 5753 lib.
1149 5702 1199 5753 ν,
1229 5704 1347 5758 cap.
1384 5689 1435 5742 6.

2844 4792 3250 4845 κεφΑΑ.ΑΖκ
3390 4856 3395 4862 ,

2310 4885 2403 4951 Ὠς
2435 4888 2495 4939 αἱ
2517 4885 2743 4954 μεταξὺ
2772 4886 3019 4952 Περσῶν
3052 4884 3151 4937 καὶ
3200 4883 3502 4953 Ῥωμαίων
3529 4881 3797 4936 σπονδαὶ

2880 4955 3213 5009 διελύοντο.

2338 5070 2497 5133 Ἔτος
2539 5070 2595 5122 δὲ
2638 5068 2941 5139 Γρηγορίου
2988 5067 3179 5120 τούτου
3229 5067 3447 5136 πρῶτον
3489 5065 3717 5132 ἄγοντος
3764 5068 3837 5134 τῇ

2269 5164 2540 5235 ἱεραρχίᾳ,
2584 5162 3006 5235 Πεᾼρσαρμένιοι,
3052 5160 3101 5213 οἳ
3149 5163 3414 5230 πρότερον
3437 5159 3535 5227 τῆς
3580 5158 3841 5225 μεγάλης

2278 5258 2566 5327 ’Δρμενίας
2609 5256 2893 5326 οἰκήτῑρες
2939 5254 3306 5321 ὠνομάζοντο,
3356 5251 3454 5305 καὶ
3544 5249 3841 5317 Ῥωμαιοις

2268 5345 2407 5420 ἦσαν
2453 5354 2736 5417 κατήκοοι,
2770 5347 2904 5416 πρὸς
2938 5347 3208 5397 Φιλιππου
3254 5344 3311 5395 δὲ
3343 5342 3403 5404 δς
3440 5340 3577 5411 μετὰ
3608 5340 3843 5408 Γορδιαο

2269 5441 2358 5492 νὺν
2395 5438 2682 5509 Ῥωμαίων
2713 5434 2867 5507 ἦρξε,
2903 5437 3140 5507 Σαπώρῃ
3174 5436 3250 5505 τῷ
3306 5436 3529 5505 Περσῶν
3569 5448 3846 5499 κατε-κρυ⁹

2269 5531 2503 5602 δόθησαν
2549 5531 2804 5602 βασιλεῖ·
2851 5531 2949 5585 καὶ
2994 5533 3027 5601 ἡ
3073 5530 3179 5600 μὲν
3220 5528 3514 5601 Ῥωμαίοις
3559 5523 3844 5596 ἐκρατήθη
