4094 6202
217 357 327 422 317

1115 354 1717 417 ECClESlASTICE
1754 355 2136 416 IIlSTUItLII
2166 356 2306 418 LIB.
2353 360 2544 424 XVII.

3374 361 3478 423 318

218 471 405 545 μικρὰ
454 466 720 539 ’Δρμενία
763 468 1161 540 όνομασθεῖσαυ
1187 470 1220 538 ἡ
1255 469 1308 522 δὲ
1340 469 1582 539 Πέρσαις
1622 468 1803 539 κεχεί-

1912 470 2166 526 Romanis
2200 473 2417 529 subdita
2447 482 2713 542 maneret,
2740 474 2913 547 major
2934 483 3117 530 autem
3136 472 3480 530 Christiano-

223 581 372 633 ρωτο
400 562 474 615 τὰ
520 560 869 630 Χριστιανῶν
902 559 979 624 ὡς
1031 560 1148 620 ἔθος
1202 558 1619 628 πρεσϐεύουσα·
1655 558 1804 612 οὗτοι

218 651 408 704 τοίνυν
440 650 493 703 οι
544 649 952 720 Περσαρμένιοι
1004 649 1189 711 κακῶς
1237 649 1372 720 πρὸς
1426 649 1655 716 Περσῶν
1703 649 1808 703 πάο

220 761 473 812 σέοντες,
501 744 599 796 καὶ
646 742 847 812 μᾶλλον
895 743 1239 811 παρανομεῖν
1282 741 1412 812 περὶ
1457 742 1555 809 τήν
1597 742 1807 795 οίκείαν

218 835 618 905 ἐκϐιαζόμενοι
651 834 888 904 νόμισιν,
925 835 1111 903 κρύφα
1154 834 1425 903 Ἰουστίνῳ
1455 834 1809 905 διεπρεσϐεύ-

219 947 370 989 οντο,
395 926 554 992 αὖθις
601 925 867 998 κατήκόοι
914 925 1213 995 Ῥωμαίοις
1240 924 1497 994 γενέσθαι
1528 925 1804 994 δεόμενοι,

218 1022 300 1085 ὡς
330 1021 397 1076 ἂν
425 1022 514 1074 ἐπ’
544 1020 731 1081 ἁδείας
758 1018 844 1088 εἴη
893 1017 1027 1087 δρᾷν
1084 1017 1429 1085 πραγμάτων
1465 1017 1591 1070 ἄνευ
1626 1017 1694 1068 τά
1728 1018 1809 1078 είς

220 1111 363 1164 Θεὸν
391 1111 456 1162 ὲκ
482 1109 581 1179 τῆς
624 1108 924 1179 θρησκείας
953 1106 1288 1176 νομιζόμενα
1315 1106 1453 1174 γέρα
1478 1122 1491 1135 ο
1522 1123 1808 1178 προσηκά-

222 1205 398 1271 μένου
428 1199 474 1253 δ’
510 1199 802 1252 ’ἰουστίνου
841 1196 942 1268 τὴν
983 1197 1172 1267 δέησιν
1203 1196 1294 1249 ini
1342 1213 1456 1249 τισι
1510 1196 1809 1266 συνθήκαις

221 1296 368 1362 πρὶς
412 1292 507 1345 τοῦ
561 1290 829 1362 βασιλέως
863 1290 1208 1363 ἐγγυηθεῖσι,
1239 1290 1333 1343 καὶ
1369 1290 1552 1359 ὅρκοις
1603 1288 1808 1352 ταύτας

221 1386 481 1456 σροδρῶς
522 1386 967 1453 ἔμπεδώσαντος,
1002 1384 1052 1437 οἱ
1090 1384 1195 1453 μὲν
1224 1382 1630 1453 Περσαρμένιοι
1682 1383 1809 1445 τοὺς

222 1479 383 1547 σφῶν
433 1478 704 1547 ἄρχοντας
749 1477 1239 1546 διαχειρισάμενοι,
1268 1475 1329 1527 τὸ
1374 1475 1438 1543 δή
1485 1475 1805 1544 λεγόμενον,

221 1571 498 1624 πασσυδεὶ
538 1572 605 1640 τῇ
650 1569 945 1639 Ῥωμαίων
979 1566 1399 1637 προσχωροῦσιν
1444 1567 1806 1638 ἔπικρατεῖᾳ’

220 1662 323 1714 καὶ
367 1663 498 1723 τοὺς
542 1658 865 1731 περικύκλῳ
907 1658 1188 1723 ὁμοεθνεῖς
1232 1676 1291 1710 τε
1337 1660 1430 1711 καὶ
1477 1658 1811 1727 ἀλλοφύλους

221 1753 677 1821 ἑταιρισάμενοι,
709 1751 1149 1822 Οὐαρδααμάνου
1204 1750 1539 1821 προῦχοντος
1598 1750 1809 1813 τούτοις

204 1846 325 1897 -καὶ
353 1812 610 1911 ἀγοντος.
640 1812 1006 1913 ἀνδρὸξγένει
1036 1845 1131 1896 καὶ
1163 1812 1438 1912 ἀξιῶματι
1470 1812 1563 1895 καὶ
1589 1845 1653 1914 τῇ
1682 1842 1811 1912 περὶ
1842 1812 1883 1866 Β

220 1934 294 1985 τε
342 1931 586 2001 πολέμια
646 1932 953 2001 ἑμπειρικῇ
1003 1932 1307 2002 στρατηγίᾳ
1355 1931 1807 2000 ὐπερτεροῦντος.

220 2025 341 2077 Καὶ
370 2022 558 2076 τοίνυν
585 2021 674 2076 διὰ
718 2014 894 2077 ταῦτα
941 2022 1263 2086 έπεγκαλῶν
1293 2022 1503 2093 βασιλεῖ
1539 2022 1809 2093 Χοσρόης,

222 2115 598 2183 ἀπόπεμπτος
624 2110 714 2185 ἦν,
750 2113 1097 2183 πεπεράνθαι
1128 2113 1300 2181 λέγων
1324 2115 1393 2168 τὰ
1425 2116 1524 2184 τῆς
1548 2116 1806 2185 εἰρήνης’

222 2206 409 2266 άλλως
442 2222 504 2258 τε
550 2207 648 2258 καὶ
692 2205 768 2276 μή
814 2199 925 2269 οἷός
957 2222 1016 2257 τε
1050 2200 1190 2259 εῖναι
1220 2206 1572 2276 Χριστιανῶν
1601 2206 1812 2275 ἀνθρώ·

224 2315 351 2350 πων
406 2297 710 2368 ὑπερορᾷν,
763 2296 944 2367 καιρῷ
996 2298 1366 2365 περανοείσης
1418 2298 1642 2368 εἰρήνης
1696 2300 1809 2361 τοῖς

222 2388 530 2458 ὁμοφύλοις
582 2388 947 2457 προσιόντων.
984 2388 1093 2441 Καὶ
1121 2389 1149 2439 ὁ
1184 2388 1285 2456 μὲν
1333 2386 1585 2456 βασιλεὺς
1637 2388 1810 2442 ταῦτα

223 2481 327 2536 καὶ
374 2480 585 2534 τοιαῦθ’
622 2480 787 2551 ἕτερα
834 2458 1191 2553 παραπλήσια
1235 2478 1604 2549 ἀπεκρίνατο·
1659 2480 1810 2548 ὅμως

220 2574 443 2644 καίπερ
473 2571 699 2625 τοιαῦτα
733 2572 927 2638 λέγων,
970 2572 1031 2624 οὐ
1064 2571 1199 2639 πρὸς
1244 2571 1428 2640 μάχην
1460 2572 1812 2639 παρεσκευά-

223 2667 357 2730 ζετο
385 2684 399 2696 ⁸
425 2668 494 2737 τῇ
532 2664 755 2735 συνήθει
785 2664 842 2717 δὲ
894 2663 1170 2734 σχολάζων
1216 2666 1391 2732 τρυφῇ
1447 2662 1809 2731 περιείλκετο,

223 2760 465 2830 δεύτερα
503 2760 680 2811 πάντα
712 2757 821 2809 τῶν
860 2756 1138 2826 σφετέρων
1164 2754 1444 2823 λογισμῶν
1475 2770 1534 2806 τε
1562 2756 1655 2807 καὶ
1685 2755 1811 2824 ήδη-

226 2851 339 2901 νῶν
376 2850 691 2917 τιθέμενος.
741 2848 949 2917 ’Ἄνδρα
983 2846 1041 2898 δέ
1091 2861 1215 2896 τινα
1266 2842 1509 2912 συγγενῆ
1565 2843 1714 2911 αὖτῷ
1761 2844 1811 2895 οἱ

227 2942 582 3005 καθεστῶτα,
613 2940 933 3010 Μαρκιανὸν
958 2938 1149 3007 ὄνομα,
1183 2940 1488 3008 στρατηγὸν
1523 2936 1629 2989 τῶν
1657 2934 1811 3006 ἑῴων

230 3038 628 3108 χειροτονήσας
672 3034 977 3103 ταγμάτων
1034 3030 1341 3099 ἐξέπεμπε,
1388 3028 1524 3098 μήτε
1578 3026 1814 3098 στρατὸν

1908 577 2026 616 rum
2064 578 2215 617 sacra
2242 566 2490 621 moribus
2524 571 2709 623 colens
2743 568 2928 623 Persis
2952 568 3024 621 sit
3058 566 3289 621 tradita:
3320 568 3484 619 Pers-

1907 654 2167 719 armenii,
2226 655 2484 725 inquam,
2542 658 2656 722 isti,
2722 658 2869 728 quod
2930 658 3170 728 graviter
3221 672 3250 710 a
3298 656 3483 711 Persis

1906 748 2301 816 alﬂigerentur,
2327 750 2582 820 legesque
2610 766 2741 805 suas
2794 750 3103 821 transgredi
3158 751 3209 803 vi
3238 748 3482 818 compel-

1906 837 2169 905 lerentur,
2205 840 2341 894 clam
2395 840 2461 895 ad
2494 842 2771 896 Iustinum
2805 851 3054 897 oratores
3086 843 3379 907 miserunt,
3420 851 3478 894 ut

1910 928 2012 983 sub
2038 928 2305 984 ditionem
2358 930 2724 986 Romanorum
2762 934 3140 1002 reciperentur
3168 945 3480 1002 precantes,

1909 1034 2020 1089 quo
2052 1021 2223 1076 libere
2251 1023 2456 1092 absque
2509 1025 2754 1079 molestia
2800 1040 2985 1079 sacros
3016 1024 3173 1085 ritus,
3214 1040 3311 1093 pro
3354 1025 3481 1076 reli-

1909 1112 2089 1181 gionis
2123 1115 2544 1180 consuetudine,
2592 1116 2700 1170 Deo
2745 1130 3003 1185 peragere
3033 1123 3275 1184 possent.
3310 1114 3500 1168 Iusti-1

1908 1219 2017 1261 nus
2067 1221 2260 1275 preces
2285 1222 2477 1261 eorum
2511 1209 2905 1277 comprobavit,
2950 1208 3122 1276 pactis
3186 1208 3476 1261 conventis

1909 1296 2232 1365 quibusdam
2285 1298 2353 1351 ab
2385 1298 2503 1368 ipso
2554 1299 2915 1367 interpositis,
2980 1297 3139 1367 797
3178 1312 3296 1365 quae
3319 1297 3481 1350 etiam

1906 1387 2265 1457 jurejurando
2299 1390 2665 1444 confirmavit.
2696 1390 2879 1460 Itaque
2916 1389 3281 1443 Persarmenii
3320 1388 3487 1455 magi-

1911 1481 2173 1536 stratibus
2194 1482 2308 1535 suis
2335 1482 2653 1546 interfectis,
2676 1482 2923 1547 omnino,
2943 1481 3085 1550 quod
3114 1480 3338 1542 dicitur,
3363 1480 3489 1531 uui-

1910 1577 2055 1629 versi
2091 1589 2212 1629 sese
2250 1574 2619 1628 Romanorum
2678 1574 2902 1643 imperio
2937 1573 3356 1635 commiserunt,
3431 1571 3485 1623 in

1911 1670 2225 1723 societatem
2250 1683 2401 1723 suam
2439 1668 2685 1721 finitimis
2737 1667 2981 1736 ejusdem
3021 1667 3199 1734 gentis
3239 1665 3486 1734 p0pulis,

1911 1770 2075 1829 atque
2102 1760 2288 1813 itidem
2325 1760 2517 1814 alienis
2548 1759 2856 1828 pertractis.
2910 1758 3067 1826 Apud
3102 1772 3241 1827 quos
3281 1757 3488 1810 Artlaa-

1916 1866 2102 1904 manes
2131 1851 2430 1921 principem
2464 1851 2640 1905 locum
2673 1850 2881 1915 habuit,
2918 1849 3004 1902 vir
3031 1864 3233 1919 genere
3298 1857 3355 1900 et
3406 1847 3489 1901 di-

1911 1944 2140 2013 gnitate,
2200 1958 2300 1997 nec
2356 1958 2461 1996 non
2514 1942 2730 1996 bellicis
2777 1950 2832 1995 et
2865 1940 3235 2011 imperatoriis
3262 1939 3481 1993 artibus

1912 2041 2195 2103 praestans.
2231 2031 2341 2085 Hac
2371 2045 2504 2085 vero
2536 2030 2601 2084 de
2633 2045 2797 2084 causa
2836 2044 2959 2084 cum
2992 2028 3268 2082 Chosroes
3307 2028 3481 2095 impe-

1912 2134 2150 2178 ratorem
2206 2124 2503 2188 incusaret,
2567 2124 2675 2179 tale
2734 2122 2800 2176 ab
2833 2137 2900 2177 eo
2958 2135 3280 2189 responsum
3320 2118 3483 2172 tulit:

1912 2217 2073 2270 linem
2110 2231 2270 2271 suum
2298 2216 2449 2285 pacis
2488 2226 2642 2285 pacta
2674 2223 2941 2270 conventa
2976 2212 3178 2266 habere
3207 2228 3220 2265 :
3257 2212 3483 2281 insuper

1910 2320 2092 2364 autem
2154 2310 2272 2364 fieri
2315 2309 2733 2377 haudquaquam
2793 2321 2973 2376 posse,
3018 2316 3077 2359 ut
3112 2304 3476 2367 Christianos,

1911 2399 2061 2466 pacis
2101 2397 2269 2451 liniue
2301 2406 2567 2465 tempore,
2591 2397 2656 2450 ad
2687 2396 2977 2465 populares
2996 2410 3123 2448 suos
3159 2394 3486 2461 confugiun-

1911 2499 1993 2547 tes
2022 2492 2136 2561 ipse
2167 2507 2276 2545 non
2308 2490 2600 2560 reciperet.
2636 2488 2761 2544 II.ec
2794 2488 3015 2559 quidem
3043 2487 3157 2549 ille,
3186 2496 3349 2555 atque
3395 2486 3486 2540 his

1910 2581 2112 2637 similia
2166 2580 2271 2634 alia
2324 2579 2654 2650 respondit:
2692 2588 2749 2634 et
2797 2578 3045 2649 quamvis
3078 2578 3202 2632 talia
3252 2578 3497 2641 diceret,

1912 2675 2137 2728 minime
2169 2682 2348 2727 tamen
2382 2690 2440 2729 se
2473 2672 2539 2727 ad
2572 2672 2772 2726 bellum
2812 2672 3093 2737 instruxit,
3128 2671 3221 2725 sed
3256 2671 3369 2725 otio
3398 2684 3486 2723 so-

1911 2764 2011 2819 lito
2043 2764 2284 2829 deditus,
2316 2764 2530 2819 deliciis
2560 2762 2836 2824 'dimuxit.
2870 2774 2994 2832 post
3027 2763 3269 2817 rationes
3297 2772 3350 2816 et
3385 2776 3485 2815 vo-

1911 2856 2148 2925 luptates
2195 2870 2324 2910 suas
2354 2856 2539 2910 omnia
2573 2854 2795 2909 habens.
2829 2853 3018 2909 Virum
3071 2867 3252 2908 autem
3288 2868 3488 2923 quem-

1912 2948 2035 3002 dam
2064 2963 2265 3017 genere
2296 2947 2401 3001 sibi
2435 2947 2834 3016 prOpinquum,
2885 2943 3187 2998 Marianum
3224 2944 3471 3003 nomine.

1913 3035 2271 3093 Orientalium
2295 3038 2577 3107 copiarum
2603 3037 2798 3092 ducem
2828 3036 3191 3105 designatum,
3225 3036 3488 3090 adversus

230 3138 527 3201 ἀνήκοντα,
580 3129 719 3199 μήτε
768 3124 1125 3194 παρασκευὴν
1173 3120 1456 3190 ἀξιόλογον
1496 3120 1811 3191 ἐγχειρίσας

1914 3131 2108 3187 Persas
2140 3130 2309 3192 misit,
2336 3144 2513 3198 neque
2543 3128 2785 3183 exercitu
2812 3128 2981 3199 justo,
3019 3144 3195 3197 neque
3224 3138 3499 3198 apparatu

230 3223 384 3291 αὐτῷ
406 3240 421 3254 ·
466 3222 524 3285 ὃς
554 3222 609 3282 ἐς
640 3217 894 3290 προφανῆ
940 3216 1211 3279 κίνδυνον,
1247 3215 1342 3268 καὶ
1378 3213 1439 3267 τδ
1484 3213 1551 3284 δὴ
1582 3213 1813 3282 λεγόμε-

229 3336 347 3378 νον,
373 3316 467 3368 ἐπὶ
496 3312 855 3379 καταστροφῇ
880 3308 979 3377 τῆς
1004 3308 1100 3370 ξω,
1130 3306 1348 3376 πρῶτον
1375 3305 1470 3357 ἐπὶ
1498 3305 1598 3375 τὴν
1620 3304 1813 3373 Μέσην

232 3408 485 3475 ἐγεγόνει
514 3403 624 3455 τῶν
659 3399 955 3470 Ποταμῶν,
987 3398 1211 3469 βραχεῖς
1241 3395 1440 3465 κομιδῄ
1472 3394 1811 3465 στρατιώτας

231 3502 333 3557 καὶ
360 3498 589 3558 τούτους
628 3494 811 3548 ὅπλων
844 3492 974 3546 ἄνευ
1022 3489 1507 3559 προσεπαγόμενος
1534 3503 1550 3519 ⁸
1585 3486 1721 3558 πρὸς
1754 3487 1812 3540 δὲ

234 3588 535 3648 σκαπανεῖς
570 3584 665 3637 καὶ
691 3584 888 3653 ραφεῖς
920 3597 982 3634 τε
1021 3581 1118 3634 καὶ
1147 3578 1415 3649 βοηλάτας
1441 3576 1537 3639 οὒς
1569 3576 1691 3630 ὅθεν
1717 3575 1814 3643 δή·

233 3698 366 3735 ⁴ποτε
396 3676 721 3747 ἡρανίσατο.
751 3676 862 3729 Καὶ
889 3676 953 3746 δή
978 3673 1273 3745 συμϐαλὼν
1300 3673 1539 3742 Πέρσαις
1564 3673 1694 3741 περ)⁸
1714 3669 1812 3740 τὴν

234 3773 477 3837 Νίσιϐιν,
503 3772 566 3823 τὸ
587 3771 751 3823 πλέον
779 3769 939 3839 δῆθεν
966 3767 1215 3838 ἐσχηκὼς
1267 3767 1433 3836 μήπω
1474 3778 1816 3833 παρεσκευα-

236 3868 455 3934 σμένων
514 3862 762 3934 Περσῶν,
804 3861 902 3931 τὴν
976 3860 1133 3912 πόλιν
1181 3856 1570 3928 περιεκάθητο.
1620 3856 1685 3908 Ui
1754 3854 1813 3908 δὲ

237 3959 451 4028 Ιιέρσαι
509 3955 570 4008 ιν
625 3952 1084 4022 καταφρονήματι
1114 3950 1216 4018 τῆς
1263 3949 1424 4018 δῆθεν
1474 3946 1813 4017 περιφανοῦς

237 4050 582 4124 στρατηγίας
631 4047 743 4101 οὐδ’
775 4042 1103 4099 ἀποκλεῖσαι
1130 4042 1230 4105 τὰς
1264 4041 1444 4102 πὺλας
1479 4040 1773 4108 ἠνέσχοντο
1795 4052 1809 4067 ·

232 4144 560 4215 αἱσχρὸτητι
587 4140 645 4192 δὲ
682 4138 829 4208 μάλα
860 4130 1195 4205 καθύϐριζον
1226 4132 1287 4186 τὸ
1325 4132 1619 4201 Ῥωμαῖων
1652 4147 1813 4200 στρα-

229 4241 488 4310 τήγημα.
519 4233 799 4303 Τεράστια
822 4230 880 4283 δὲ
926 4229 1155 4281 πλεῖστα
1182 4226 1251 4280 τά
1296 4227 1531 4294 ἐσόμενα
1577 4222 1813 4291 δυσχερῆ

157 4322 171 4331 ’
241 4330 539 4401 Ῥωμαίοις
593 4322 901 4397 τηνικαῦτα
959 4319 1185 4375 τεθέατο
1235 4315 1666 4389 προμηνύονταο
1717 4312 1815 4399 καὶ

232 4423 366 4494 βοῦς
388 4419 444 4475 δ’
492 4411 883 4489 ἀρτιγέννητός
929 4411 1087 4483 ὤφθη
1116 4414 1183 4481 τῇ
1217 4409 1495 4481 προσϐολῇ
1528 4406 1622 4459 τοῦ
1652 4404 1813 4457 πολέα

233 4530 367 4585 μου,
393 4505 438 4580 ᾧ
472 4509 567 4563 δύο
594 4507 830 4578 κεφαλαὶ
860 4505 955 4560 τοῦ
989 4503 1266 4575 τραχήλου
1291 4498 1594 4573 ῂώρηνται.

826 4734 1079 4790 ΚΕΦΑΛ.
1098 4731 1230 4787 AH'.

233 4854 766 4923 'Ozuc_Xoa'pdn¢,
788 4842 820 4905 It
832 4851 907 4923 ὴν
941 4840 1726 4923 Ἐω-ἐπιδρημῶκηςρρούριά
1751 4859 1814 4897 τε

409 4915 560 4992 εἷλε,
590 4915 701 4977 καί
721 4915 963 4988 πολλὴν
989 4920 1165 4972 λείαν
1194 4915 1641 4984 περιεϐάλλετο.

319 5058 480 5111 Ἐπεὶ
512 5057 557 5110 δ’
582 5056 613 5108 ό
644 5053 894 5124 Χοσρόης
942 5050 1131 5113 καλῶς
1181 5049 1251 5101 τά
1280 5047 1419 5115 πρὸς
1453 5044 1546 5098 τὸν
1574 5044 1816 5113 πόλεμον

234 5151 599 5220 ἐπηρτισατο,
630 5147 722 5199 τὸν
754 5143 1193 5213 Οὑαρδααμάνην
1229 5142 1394 5211 μέχρι
1445 5138 1588 5201 τινὸς
1637 5136 1816 5189 διελά-

236 5260 365 5309 σας,
399 5242 615 5296 καὶτὸν
654 5238 946 5310 Εὐφράτην
975 5238 1079 5290 ἀνά
1121 5237 1219 5305 τὴν
1264 5232 1541 5301 σφετέραν
1573 5228 1820 5283 διαϐιϐά-

238 5351 341 5397 σας
396 5334 522 5402 γῆν,
568 5331 659 5383 διὰ
707 5330 801 5383 τοῦ
855 5328 1190 5396 καλουμένου
1249 5324 1558 5393 Κιρκησίου
1628 5321 1683 5382 ἐς
1720 5321 1817 5386 τὴν

249 5426 541 5493 Ῥωμαίων
593 5420 747 5490 ἠφίει
798 5420 925 5489 γῆν.
959 5420 1113 5472 Ἔστι
1142 5418 1199 5470 δὲ
1229 5418 1291 5469 τὸ
1323 5414 1627 5483 Κιρκήσιον
1662 5410 1818 5462 τοίτο

236 5518 520 5586 πολίχνιόν
558 5535 611 5571 τι
645 5516 767 5568 λίαν
800 5513 1242 5582 ἐπικαιρότατον,
1298 5509 1434 5579 πρὸς
1467 5507 1545 5577 τῷ
1581 5506 1817 5575 τέρματι

234 5616 340 5683 τῆς
372 5612 666 5683 Ῥωμαίων
710 5612 962 5681 κείμενον
995 5610 1095 5677 γῆς
1122 5625 1136 5640 ο
1169 5607 1365 5677 ὀχυρὸν
1397 5605 1455 5657 δὲ
1488 5605 1553 5655 τά
1583 5599 1821 5671 μάλιστά

236 5710 385 5773 ἐστι,
409 5706 570 5775 τείχη
596 5704 935 5776 στερρότατα
959 5698 1445 5769 περιϐεϐλημένον,
1476 5695 1570 5748 καὶ
1592 5697 1648 5755 ἐς
1682 5692 1816 5745 πολύ

236 5820 290 5855 τι
320 5799 458 5869 ὕψος
494 5798 782 5868 αἰρόμενα.
822 5795 985 5851 Ἀλλὰ
1016 5792 1121 5865 μὴν
1155 5792 1250 5846 καὶ
1273 5793 1300 5845 ό
1332 5790 1570 5859 ποταμὸς
1606 5786 1820 5856 Εὐφρά-

1915 3222 2045 3278 belli
2091 3222 2198 3277 alio
2219 3222 2352 3277 satis
2384 3222 2737 3277 instructum.
2789 3219 2887 3274 llic
2917 3226 3040 3273 cuin
3072 3219 3359 3273 manifesto
3393 3233 3491 3287 pe-

1914 3315 2114 3381 riculo,
2142 3324 2198 3370 ct
2233 3314 2379 3384 quod
2414 3314 2641 3376 dicitur,
2673 3327 2797 3366 cum
2829 3310 3004 3380 ipsius
3036 3310 3285 3363 Orientis
3325 3324 3482 3362 ever-

1915 3408 2092 3472 sione,
2132 3407 2187 3461 in
2242 3406 2687 3475 Mesopotamiam
2738 3403 2980 3473 primum
3038 3411 3124 3457 est
3177 3401 3485 3470 profectus,

1914 3514 2118 3570 paucos
2157 3498 2450 3552 admodum
2506 3496 2710 3550 milites
2770 3509 2977 3563 eosque
3022 3493 3267 3547 inermes
3298 3506 3483 3545 secum

1913 3591 2154 3645 ducens:
2186 3591 2251 3644 ad
2302 3604 2441 3659 quos
2465 3587 2805 3642 accedebant
2837 3585 3079 3639 fossores
3109 3593 3163 3638 et
3186 3592 3509 3647 sarctores,.

1912 3690 1971 3737 et
2028 3682 2195 3736 boum
2229 3690 2444 3736 actores
2475 3679 2843 3749 undequaque
2880 3677 3079 3732 coacti.
3109 3675 3172 3728 Et
3195 3691 3318 3728 cum
3357 3675 3488 3728 Per-

1915 3775 1991 3829 sis
2014 3775 2155 3843 apud
2177 3772 2405 3827 Nisibim
2438 3772 2545 3826 levi
2580 3770 2885 3826 certamine
2937 3782 3295 3839 congressus,
3359 3782 3509 3819 cum

1915 3865 2140 3920 meliore
2165 3866 2285 3919 loco
2338 3879 2428 3919 res
2454 3864 2573 3935 ejus
2598 3872 2814 3926 essent,
2848 3861 3032 3916 Persis
3085 3858 3328 3913 nondum
3355 3857 3491 3911 satis

1915 3959 2139 4029 paratis,
2160 3959 2348 4012 urbem
2375 3973 2496 4013 eam
2529 3957 2781 4012 obsidere
2811 3970 2971 4025 quam
3008 3954 3193 4007 hostes
3225 3950 3487 4021 persequi

1917 4051 2130 4105 maluit.
2182 4050 2451 4121 Oppidani
2507 4065 2670 4120 porro
2731 4059 2954 4119 propter
3020 4056 3129 4100 tam
3216 4042 3499 4114 splendidi

1916 4142 2128 4198 scilicet
2163 4141 2293 4195 belli
2347 4150 2645 4211 apparatus
2694 4147 3070 4206 contemptum
3128 4146 3315 4205 portas
3383 4148 3509 4185 non»

1914 4235 2251 4297 clauserunt,
2278 4237 2370 4288 sed
2397 4232 2693 4306 foedissima
2720 4232 2884 4285 etiam
2919 4230 2973 4282 in
2995 4229 3302 4282 Romanum
3330 4240 3491 4279 exer-

1914 4327 2084 4380 citum
2141 4325 2387 4379 convicia
2432 4326 2704 4395 iecerunt.
2758 4322 3001 4377 Plurima
3052 4334 3184 4373 vero
3215 4317 3491 4389 prodigia,

1915 4416 2286 4471 Romanorum
2322 4416 2532 4469 futuras
2557 4414 2741 4468 clades
2775 4409 3185 4481 portendentia,
3222 4418 3337 4463 tum
3367 4406 3503 4460 visa»

1846 4500 1888 4554 Ι)
1918 4517 2081 4561 sunt:
2115 4518 2170 4560 et
2200 4505 2297 4560 bos
2330 4520 2522 4559 recens
2560 4504 2777 4575 genitus
2798 4503 2852 4555 in
2892 4500 3050 4555 initio
3083 4498 3212 4553 belli
3260 4509 3513 4566 ωηερε-ς

1921 4609 2046 4654 ctus
2066 4606 2169 4663 est,
2202 4613 2269 4653 ex
2294 4597 2448 4664 cuius
2474 4597 2692 4651 cervice
2735 4594 2847 4649 duo
2873 4602 3053 4663 capita
3082 4592 3417 4648 eminebant.

2344 4731 2510 4802 798
2529 4728 2755 4785 CAPUT
2784 4727 3074 4782 XXXVIII.

1927 4848 1991 4906 Ut
2012 4847 2287 4906 Chosroes.
2310 4845 2613 4899 incursione
2638 4844 2691 4895 in
2723 4841 2999 4897 Orientale
3029 4841 3305 4909 imperium
3330 4838 3505 4907 facta,

1981 4930 2027 4973 et
2052 4918 2273 4972 castella
2298 4919 2517 4985 ceperit,
2548 4924 2592 4967 et
2622 4916 2860 4982 prwdam
2886 4910 3107 4964 multam
3132 4910 3432 4964 abduxerit.

1994 5051 2352 5120 Posteaquam
2384 5055 2563 5102 autem
2594 5044 2869 5101 Chosroes
2896 5058 2952 5097 se
2979 5042 3046 5096 ad
3079 5041 3282 5095 bellum
3322 5040 3511 5110 probe“

1925 5142 2206 5206 instruxit,
2258 5140 2659 5195 Ardaamanem
2734 5138 3085 5205 aliquatenus
3144 5133 3509 5203 productum,

1923 5233 2260 5302 Euphratem
2296 5232 2348 5285 in
2384 5245 2555 5300 regno
2587 5244 2688 5284 suo
2717 5228 3115 5287 transmittere,
3149 5236 3205 5278 ct
3245 5241 3343 5294 per
3372 5223 3505 5277 Cir-

1926 5326 2134 5379 cesium
2165 5323 2333 5393 (quod
2366 5322 2591 5390 dicitur)
2622 5322 2675 5374 in
2712 5320 3087 5374 Romanorum
3114 5316 3377 5371 ditionem
3403 5328 3497 5368 ex-

1925 5414 2344 5484 currerejussit.
2376 5413 2472 5467 Est
2504 5421 2686 5466 autem
2726 5409 3028 5465 Circesium
3055 5406 3315 5475 oppidum
3349 5420 3499 5458 com-

1927 5508 2305 5560 modissitnum
2342 5516 2398 5559 et
2428 5502 2877 5559 munitissimum.
2911 5500 2977 5552 ad
3036 5500 3171 5552 lines
3225 5496 3501 5549 Romano-

1926 5614 2045 5654 rum
2083 5597 2295 5666 imperii
2328 5597 2514 5650 situm.
2547 5594 2703 5647 Muro
2726 5606 2963 5660 namque
2990 5588 3306 5644 ﬁrmissimo
3329 5594 3500 5650 atque

1929 5691 2196 5747 altissimo
2232 5686 2636 5743 circumdatum
2668 5692 2771 5739 est.
2812 5683 2953 5750 Quin
2998 5693 3053 5736 et
3078 5681 3383 5749 Euphrates
3444 5685 3504 5727 et

1930 5785 2139 5840 Aboras
2167 5782 2313 5838 llut'ii
2336 5781 2385 5837 id
2408 5777 2875 5838 circumﬂuentes,
2900 5784 2956 5830 et
2986 5777 3037 5829 in
3058 5772 3248 5829 in;ul;e
3271 5770 3497 5825 formam
