4094 6202
565 256 674 323 319

1790 266 2211 328 NlCEPlIORl
2255 269 2605 332 CALLISTI
3703 286 3812 350 εει)

569 372 904 444 redigentes,
931 373 1354 444 inexpugnabile
1373 374 1638 431 elliciunt.
1666 376 1787 447 lpse
1801 385 1984 431 autem
2010 391 2134 432 cum

2255 395 2340 449 ιης
2392 379 2487 433 καῖ
2541 380 2770 452 ’Δϐὀρας
2806 381 3124 456 περικύκλῳ
3177 386 3417 458 ῥέοντες,
3472 389 3568 443 καὶ
3615 379 3811 463 ὥσπερ

568 465 745 534 ςορὶἰς
771 466 905 530 suis,
934 464 1081 533 Tigri
1116 483 1275 522 amne
1306 469 1554 538 trajecta,
1594 468 1805 538 magnis
1841 468 2134 527 itineribus

575 555 830 609 celeriter
851 557 917 610 ad
944 557 1172 611 Nisibim
1203 560 1352 613 venit
1377 577 1391 613 :
1417 576 1559 629 quze,
1585 560 1746 614 siculi
1793 561 2000 615 dictant
2027 568 2131 623 est,

577 663 606 699 a
649 646 927 702 Marciano
977 649 1353 705 obsidebatur.
1429 650 1553 707 llzee
1617 652 1691 706 il'l
1729 668 1760 706 a
1818 651 2003 707 Persis
2049 651 2135 719 agi

574 737 806 791 Romani
837 738 1199 809 ignorabant:
1239 758 1411 812 usque
1443 743 1605 807 adeo,
1635 753 1694 797 ut
1721 743 1971 798 Justinus
1997 743 2139 796 mul—

576 834 757 878 torum
818 828 1166 882 sermonibus
1215 830 1496 899 deceptus,
1532 832 1624 901 qui
1666 832 1966 888 Cliosroem
2023 833 2137 903 jam

575 925 852 970 mortuum
888 932 1030 982 esse,
1056 929 1151 974 aut
1178 936 1286 974 non
1316 922 1477 991 longe
1500 938 1530 976 a
1556 932 1736 979 morte
1759 925 1953 979 abesse
1988 940 2135 978 nun-

577 1005 808 1071 tiabant,
830 1008 1106 1065 Marciano
1136 1011 1290 1067 valde
1320 1023 1693 1077 succenseret,
1753 1016 1900 1085 quod
1934 1016 2140 1072 Nisibis

572 1100 1032 1168 expugnationem
1068 1104 1447 1171 protraheret:
1483 1106 1552 1160 ad
1579 1122 1742 1177 quem
1769 1108 1935 1162 etiam
1963 1118 2138 1176 ‘quos—

575 1191 700 1244 dam
760 1193 928 1257 misit,
982 1196 1079 1264 qui
1137 1198 1292 1252 illum
1328 1199 1395 1253 ad
1448 1200 1629 1255 claves
1659 1213 1945 1271 portarum
1974 1216 2137 1271 quam

573 1283 864 1339 celerrime
894 1284 1200 1340 aﬂ'ereudas
1229 1290 1551 1345 excitarent.
1583 1290 1651 1345 Ut
1680 1300 1864 1344 autem
1898 1307 1987 1346 res
2036 1294 2139 1346 mi-

577 1391 683 1431 nus
740 1392 808 1430 ex
876 1380 1153 1431 sententia
1214 1383 1497 1442 successit,
1555 1390 1611 1435 et
1647 1381 1898 1437 Justinus
1939 1382 2053 1436 risu
2084 1397 2141 1437 et

573 1467 779 1536 probro
807 1484 866 1523 se
896 1468 1118 1538 dignum
1149 1470 1415 1533 exhibuit,
1447 1471 1539 1540 qui
1576 1473 1715 1540 apud
1741 1474 1902 1527 talem
1925 1481 1981 1529 et
2016 1481 2140 1527 tan-

519 1613 528 1624 ,
586 1570 701 1612 tam
732 1542 952 1625 urbem,
1008 1576 1130 1630 qua:
1186 1562 1400 1617 ellicere
1428 1563 1703 1632 nequiret,
1733 1572 2045 1627 conaretur,
2070 1561 2139 1618 ad

2237 471 2397 525 τοῦτο
2442 473 2865 542 ἀπονῆσοῦντες,
2896 477 3111 547 ἄμαχον
3150 479 3582 549 ἀπεργάζονται.
3631 484 3809 548 Atii;

2235 560 2292 614 δὲ
2327 561 2423 614 σὺν
2456 564 2568 626 τοῖς
2602 563 2742 633 ἀμφ’
2782 564 2944 619 αὐτὸν
2976 567 3067 620 τὸν
3099 568 3345 639 Τίγρητα
3382 571 3578 635 διαὸἀς
3638 591 3811 627 ποτα-

2241 653 2363 722 μὸν,
2387 653 2510 706 ὅσον
2537 655 2703 725 τάχος
2733 656 2972 711 ἐλαύνων
3015 660 3110 714 ἐπὶ
3135 661 3233 731 τὴν
3260 663 3481 716 Νίσιϐιν
3508 660 3664 734 ἧκεν,
3702 667 3812 719 ύπδ

2237 744 2540 815 Μαρκιανῷ
2578 746 3065 819 πολιορκουμένην,
3114 752 3191 816 ὡς
3238 753 3476 823 εἴρηται.
3514 755 3811 811 Ἐλάνθανε

2236 833 2411 909 ταῦτα
2473 836 2787 906 Ῥωμαίους
2849 840 3090 910 Πέρσαις
3146 846 3519 914 πραττόμενα,
3568 847 3646 912 ὡς
3711 859 3813 904 και

2216 947 2220 951 .
2250 926 2559 994 νιουστῖνον,
2591 932 2660 1001 τῇ
2711 930 2821 984 τῶν
2870 933 3084 985 πολλῶν
3137 934 3503 1005 ἀπατώμενον
3538 939 3698 1011 φήμῃ
3730 939 3810 1004 ὡς

2238 1019 2337 1091 ἤδη
2401 1020 2553 1075 θάνοι
2615 1023 2905 1090 Χοσρόης,
2963 1025 2997 1097 ἢ
3051 1026 3218 1094 ἐγγὺς
3273 1022 3416 1081 εἰναι
3470 1029 3809 1095 ἀποθανεῖν,

2237 1110 2527 1181 ἀσχάλλειν
2554 1114 2760 1184 σφόδρα
2792 1117 2935 1170 κατὰ
2960 1115 3301 1188 Μαρκιανοῦ,
3332 1115 3411 1181 οἷς
3441 1120 3702 1191 ἐϐράδυνε
3731 1122 3813 1194 μὴ

2239 1204 2679 1275 ἐκπολιορκήσας
2708 1207 2809 1277 τὴν
2837 1208 3059 1261 Νίσιϐιν
3083 1225 3098 1242 ο
3146 1210 3361 1281 πέμψαι
3389 1212 3445 1265 δέ
3476 1230 3627 1277 τινας
3660 1216 3811 1268 ἐκεῖ-

2239 1310 2329 1348 νον
2356 1295 2782 1364 διερεθίσοντας,
2825 1299 2968 1353 ὥστε
3017 1302 3115 1355 καὶ
3145 1302 3245 1365 τὰς
3296 1302 3409 1356 τῶν
3441 1304 3626 1358 πυλῶν
3659 1304 3816 1365 κλεῖς

2240 1384 2315 1447 ὠς
2340 1386 2573 1455 τάχιστα
2602 1389 2856 1456 ἀγαγεῖν.
2896 1390 2985 1451 Ὠς
3010 1389 3066 1443 δὲ
3093 1392 3157 1445 ού
3186 1393 3327 1446 κατά
3352 1394 3552 1446 σκοπὸν
3579 1395 3647 1447 τά
3670 1393 3821 1465 πράο

2240 1489 2427 1541 γματα
2478 1474 2796 1543 προῦδαινε,
2831 1477 3037 1548 πολλὴν
3068 1479 3125 1532 δὲ
3175 1480 3271 1532 καῖ
3302 1480 3570 1550 αἰσχύνην
3605 1474 3816 1549 ὦφλεν,

2241 1564 2431 1636 ὥσπερ
2484 1566 2743 1637 ἀμήχανα
2794 1568 2977 1637 ζητῶν
3024 1571 3121 1623 ἐπὶ
3171 1569 3399 1642 τοιαύτῃ
3434 1573 3528 1625 καὶ
3570 1573 3819 1645 τοσαύτῃ

575 1664 739 1717 quam
770 1650 983 1704 Scilicet
1017 1660 1123 1704 tam
1152 1651 1380 1720 exiguus
1402 1650 1683 1706 exercitus
1707 1651 2022 1707 assidebat:
2054 1667 2141 1706 res

2255 1659 2425 1722 πόλει,
2476 1661 2570 1711 καῖ
2617 1660 2792 1713 ταῦτα
2850 1662 3065 1731 στρατῷ
3117 1664 3349 1732 πάμπαν
3405 1664 3821 1736 ἐξουθενημένῳ

579 1756 644 1794 ea
678 1742 911 1809 primunt
936 1741 1198 1812 Gregorio
1215 1743 1509 1811 The0polis
1526 1742 1755 1798 antistiti
1780 1743 1849 1797 ab
1880 1744 2142 1813 episcopo

2255 1750 2719 1819 παρακαθημένῳ,
2770 1724 3094 1817 ἀγγέλλεται
3123 1724 3210 1804 τά¹
3240 1724 3591 1822 πραττόμενα

579 1831 845 1886 Nisibeno
880 1835 1189 1888 renuntiata
1224 1842 1329 1888 est.
1365 1834 1498 1889 Erat
1536 1835 1684 1888 enim
1708 1836 1757 1889 is
1783 1834 2072 1904 Gregorio,
2108 1849 2141 1889 a

580 1938 693 1991 quo
762 1923 1054 1994 pecuniam
1097 1925 1375 1996 ingentem
1409 1933 1719 1995 acceperat,
1745 1925 1957 1981 amicus
1977 1940 2141 1995 quam

576 2015 837 2070 maxime.
871 2016 938 2070 Et
963 2016 1127 2071 dabat
1159 2028 1424 2087 praeterea
1477 2032 1727 2087 operam,
1783 2027 1842 2072 ut
1880 2017 2016 2073 urbs
2072 2031 2135 2071 ea

576 2116 803 2177 propter
838 2124 1134 2173 aerumnas,
1199 2120 1394 2178 quasa
1461 2110 1645 2165 Persis
1698 2109 2030 2180 patiebatur,
2086 2108 2143 2163 in

578 2208 901 2269 potestatem
938 2200 1311 2256 Romanorum
1333 2203 1560 2259 rediret.
1580 2203 1770 2272 Itaque
1805 2203 1851 2259 is
1880 2202 2145 2275 Gregorio

582 2308 706 2360 qua:
738 2292 800 2353 ,in
834 2292 1057 2347 Perside
1106 2303 1453 2362 gererentur,
1507 2310 1608 2349 suo
1639 2310 1870 2365 quaeque
1902 2305 2147 2364 tempore

585 2383 936 2449 insinuando,
998 2383 1355 2454 signiﬁcabat.
1446 2384 1518 2440 Ea
1561 2401 1727 2456 porro
1752 2388 1819 2440 ad
1872 2386 2146 2442 Justinum

584 2477 883 2549 Gregorius
940 2478 1252 2545 scribebat,
1306 2480 1375 2536 de
1427 2480 1609 2536 subita
1670 2482 1833 2537 etiam
1889 2481 2151 2538 Cliosroa:

586 2570 939 2641 expeditione
1005 2574 1299 2629 certiorem
1354 2589 1482 2628 eum
1536 2573 1761 2630 faciens.
1822 2573 2002 2645 Atque
2058 2575 2150 2631 ille

593 2678 744 2719 more
794 2679 895 2719 suo
915 2664 1130 2719 deliciis
1163 2666 1461 2721 etluxurite
1489 2666 1733 2730 deditus,
1753 2666 1915 2721 ﬁdem
1946 2666 2151 2722 habere

584 2755 827 2826 episcopi
866 2757 1090 2825 scriptis
1118 2756 1456 2826 supersedit,
1485 2772 1549 2811 ea
1583 2773 1708 2827 qua:
1745 2757 2009 2823 cupiebat
2038 2757 2152 2827 geri

584 2847 750 2901 etiam
773 2860 942 2903 ratus.
966 2850 1021 2903 In
1046 2848 1360 2903 hominibus
1381 2865 1615 2920 namque
1639 2850 1877 2905 molliter
1896 2859 1952 2904 et
1974 2848 2153 2904 disso-

588 2939 702 2994 lute
735 2939 1065 3002 viventibus.
1086 2940 1154 2995 ad
1186 2941 1456 3011 ignaviam
1490 2950 1548 2997 et
1575 2941 1888 2997 Socordiam
1915 2941 2154 3011 gloriosa

2250 1838 2350 1905 μέν
2381 1839 2666 1911 Γρηγορίῳ
2691 1841 2770 1912 τῷ
2800 1841 3153 1905 Θεουπόλεως
3190 1843 3344 1913 παρά
3384 1842 3479 1896 τοῦ
3507 1842 3824 1896 ἐπισκόπου

2246 1929 2594 1999 Νιττιὸηνῶν⁴
2641 1927 2711 2002 ἦν
2757 1932 2872 2004 γάρ
2917 1933 2968 1986 οἰ
3002 1933 3159 2003 φίλος
3213 1934 3472 2003 μάλιστα,
3524 1935 3823 2004 Γρηγορίῳ

2253 2021 2511 2091 μεγάλοις
2556 2025 2806 2094 χρήμασι
2842 2024 3117 2089 δεξιωθείς
3142 2039 3156 2053 ⁸
3186 2025 3366 2088 ἄλλως
3410 2043 3467 2079 τε
3514 2027 3610 2079 καί
3649 2027 3822 2079 πάλιν

2251 2113 2358 2167 ύπδ
2401 2113 2692 2185 Ῥωμαίοις
2726 2116 2982 2184 γενέσθαι
3014 2116 3339 2178 σπεύδοντος
3365 2117 3463 2186 τὴν
3483 2118 3695 2170 οἰκείαν
3721 2119 3824 2171 πό-

2251 2205 2335 2261 λιν
2358 2221 2373 2237 ·
2401 2201 2483 2269 οἷς
2512 2207 2700 2271 κακῶς
2725 2208 2862 2276 πρὸς
2887 2208 3112 2278 Περσῶν
3131 2208 3361 2285 ἔπασχε,
3386 2210 3485 2280 τὴν
3507 2210 3618 2261 τῶν
3645 2227 3826 2281 πρατ-

2251 2298 2496 2369 τομένων
2526 2301 2591 2366 τῇ
2623 2299 2893 2370 ὑπερορίᾳ
2923 2299 3156 2369 δήλωσιν
3200 2300 3277 2369 τῷ
3304 2301 3594 2371 Γρηγορίῳ
3626 2303 3824 2371 παρεί-

2253 2407 2399 2462 χετο,
2422 2390 2699 2459 ἐγκαίρως
2724 2401 2996 2460 παριστὰς
3037 2391 3250 2445 ἐκαστα
3273 2404 3291 2423 ο
3315 2390 3352 2446 ἃ
3376 2391 3441 2462 δὴ
3470 2394 3649 2447 πάντα
3686 2394 3830 2447 Ἰουο

2255 2480 2422 2551 στίνῳ
2443 2481 2655 2551 ἐδήλου,
2678 2485 2900 2552 μηνύων
2922 2482 3019 2536 καῖ
3048 2483 3145 2554 τὴν
3173 2482 3406 2548 ἐξάπινα
3431 2484 3674 2553 Χοσρόου
3698 2484 3831 2554 ἐφο-

2254 2570 2367 2625 δον.
2401 2570 2462 2624 ’0
2492 2571 2551 2624 δέ
2578 2574 2644 2643 τῇ
2671 2571 2728 2638 ἐξ
2754 2572 2912 2635 ἔθους
2938 2576 3115 2643 τρυφῇ
3147 2576 3237 2626 καὶ
3283 2574 3586 2647 ἡδυπαθείᾳ
3620 2576 3793 2645 σχολά
3811 2604 3828 2616 ο

2256 2661 2386 2727 ζων,
2417 2662 2622 2733 ἥκιστα
2650 2663 2929 2718 πιστεύειν
2965 2666 3151 2735 ᾑρεῖτο
3173 2668 3284 2728 τοῖς
3312 2668 3723 2736 γεγραμμένοις
3744 2667 3829 2736 τῷ

2262 2755 2420 2824 ἰερεῖ,
2472 2757 2649 2809 ἐκεῖνο
2699 2756 2968 2826 οἰόμενο;,
2996 2758 3132 2828 ὅπερ
3189 2757 3475 2827 ἠὸούλετο.
3533 2759 3659 2821 Τοῖς
3715 2760 3830 2829 γάρ

2264 2846 2476 2915 σφόδρα
2525 2846 3005 2918 ἐκδεδιῃτημένοις
3050 2850 3160 2903 τῶν
3197 2852 3502 2921 ἀνθρώπων
3556 2852 3695 2921 πρὸς
3747 2851 3833 2922 τῷ

2261 2940 2480 3008 ἀγεννεῖ
2517 2939 2612 2993 καὶ
2640 2940 2701 2991 τὸ
2732 2940 2930 3009 θράσος
2968 2940 3113 3009 φιλεῖ
3162 2941 3420 2995 ἐτιεσθαι⁸
3452 2943 3547 2996 καὶ
3591 2943 3693 3005 τάς
3720 2944 3834 2995 τῶν

590 3031 821 3087 audacia
879 3032 1141 3088 accedere
1185 3033 1345 3088 solet.
1406 3033 1594 3102 Neque
1625 3033 1704 3088 illi
1727 3038 1938 3089 eventis
1972 3048 2152 3088 rerum

2265 3032 2606 3101 πραγμάτων
2636 3031 2896 3093 ἐκϐάσεις
2952 3031 3184 3101 πάμπαν
3214 3032 3542 3101 διαπιστεῖν,
3566 3034 3621 3085 εῖ
3645 3050 3711 3101 γε
3737 3034 3838 3088 τύ-

596 3122 757 3177 lidem
789 3122 1014 3189 habent,
1047 3124 1092 3178 si
1130 3123 1318 3187 alium,
1347 3139 1510 3193 quam
1545 3123 1648 3192 ipsi
1684 3123 1899 3188 volunt,
1946 3122 2156 3178 exitum

594 3227 1026 3285 consequantur.
1067 3216 1231 3288 799
1285 3216 1535 3273 Justinus
1571 3233 1701 3289 ergo
1751 3216 2019 3288 Gregorio
2073 3232 2159 3273 re-

597 3306 867 3369 scribens,
902 3323 963 3361 ea
1005 3323 1126 3377 qua:
1169 3309 1214 3362 is
1259 3310 1647 3371 renuntiasset,
1706 3319 1965 3378 tanquam
2024 3307 2162 3365 falsa

593 3398 822 3452 omnino
877 3409 1084 3465 essent,
1141 3399 1446 3467 rejiciebat.
1512 3400 1690 3470 Atque
1741 3411 1802 3455 ut
1838 3402 2007 3455 etiam
2036 3416 2163 3455 vera

597 3502 806 3552 essent,
863 3491 1058 3546 Persas
1127 3502 1309 3546 tamen
1359 3491 1509 3547 urbis
1546 3493 2013 3563 expugnationem
2050 3508 2161 3547 non

600 3591 973 3650 praeventurus
1025 3597 1169 3637 esse.
1194 3581 1338 3649 Quin
1378 3583 1595 3638 etiamsi
1635 3584 2028 3652 praevenirent,
2069 3597 2165 3638 eos

598 3684 782 3727 tamen
848 3672 975 3728 inde
1033 3673 1178 3731 [atde
1227 3684 1394 3745 atque
1458 3677 1694 3745 turpiter
1754 3675 2034 3745 repulsum
2095 3675 2163 3731 iri

596 3765 837 3819 dicebat.
885 3764 951 3819 Et
1016 3765 1275 3821 Acacium
1309 3766 1601 3836 quemdam
1634 3766 1931 3832 delectum,
1984 3768 2164 3822 virum

601 3866 942 3925 protervum,
960 3857 1338 3913 confusionem
1360 3859 1519 3928 plane
1539 3858 1711 3922 dicas,
1738 3858 1808 3912 ad
1831 3857 2165 3913 Marcianum

598 3942 775 4007 misit,
807 3960 930 3998 cum
960 3945 1229 4013 ejusmodi
1265 3948 1545 4009 mandato,
1577 3956 1637 4002 ut
1675 3949 1890 4003 etiamsi
1937 3948 2166 4004 Marcia-

598 4053 707 4093 nus
756 4038 947 4092 urbem
1003 4039 1259 4108 cepisset,
1287 4049 1343 4094 ct
1367 4032 1564 4109 pedem
1598 4040 1829 4096 alterum
1865 4042 1920 4096 in
1949 4056 2012 4096 ea
2054 4056 2160 4111 po-

2262 3140 2410 3195 χοιεν
2441 3122 2728 3178 κατέναντι
2752 3125 2863 3176 τῶν
2897 3123 3171 3194 θελήσεων
3202 3124 3490 3194 φέρεσθαι.
3528 3125 3639 3178 Καὶ
3681 3127 3837 3178 ἀντι·

2261 3216 2489 3284 γράφων
2535 3216 2827 3288 Γρηγορίῳ
2858 3215 2936 3277 ὡς
2968 3216 3073 3268 οὐκ
3107 3215 3281 3284 ἀληθῆ
3319 3216 3671 3269 παντάπασιν
3721 3212 3836 3267 εἷεν

2262 3309 2330 3360 τὰ
2360 3306 2653 3376 εἰρημένα,
2685 3306 2992 3359 ἀπεωθεῖτο
3014 3322 3030 3338 ο
3065 3307 3115 3358 εῖ
3141 3305 3197 3358 δέ
3229 3322 3293 3373 γε
3341 3305 3436 3358 καὶ
3479 3304 3678 3376 ἀληθῆ,
3714 3305 3835 3358 ἀλλ’

2261 3401 2322 3454 οὐ
2367 3400 2561 3469 φθαῖεν
2619 3400 2824 3470 Πέρσαι
2876 3401 2979 3467 τὴν
3031 3397 3486 3468 πολιορκίαν’”εἰ
3523 3396 3579 3449 δέ
3633 3412 3697 3462 γε
3734 3400 3836 3451 καὶ

2264 3489 2470 3559 φθαῖεν,
2509 3488 2645 3542 ἀλλά
2680 3491 2866 3553 κακῶς
2913 3489 3008 3541 καὶ
3038 3486 3280 3558 αἰσχρῶς
3325 3486 3535 3540 ἐκεῖθεν
3585 3486 3834 3538 ἀπαλλα-

2267 3585 2442 3649 γεῖεν.
2504 3582 2615 3636 Καὶ
2651 3582 2715 3652 δή
2763 3598 2887 3634 τινα
2946 3580 3306 3649 ἐκλεξάμενος
3344 3580 3599 3633 ’Δκάκιον
3639 3579 3837 3647 ἄνομα,

2265 3674 2436 3745 ἄνδρα
2466 3674 2731 3745 ὑϐριστὴν
2783 3673 2880 3727 καὶ
2930 3673 3191 3743 ἄντικρυς
3241 3671 3527 3741 σύγχυσιν,
3553 3670 3649 3724 καὶ
3685 3672 3840 3739 παρί

2268 3765 2585 3836 Μαρκιανὺν
2633 3764 2880 3834 πέμψας,
2913 3763 3262 3818 ἐνεκελεύετο
3314 3762 3391 3827 ὡς
3421 3763 3517 3816 καὶ
3549 3761 3709 3831 εἰπερ
3745 3763 3842 3815 καὶ

2266 3860 2327 3913 τὸ
2356 3859 2490 3913 άστυ
2542 3854 2679 3922 εἷλε,
2709 3858 2805 3911 καὶ
2838 3859 3069 3926 θάτερον
3098 3858 3215 3910 τοῖν
3247 3855 3436 3909 ποδοῖν
3485 3854 3683 3924 ἐκείνῳ
3717 3854 3842 3906 ἐνέ-

2268 3950 2486 4015 ϐαλλεν,
2520 3949 2719 4002 αὐτίκα
2751 3965 2812 4002 τε
2844 3948 2944 4018 τῆς
2967 3949 3143 4019 ἀρχῆς
3176 3947 3341 4001 αὐτὸν
3372 3944 3713 4016 παραλῦσαι,
3744 3946 3848 3997 καὶ

2267 4039 2472 4108 ταύτην
2498 4038 2648 4108 αὐτῷ
2701 4037 3032 4109 περιθεῖναι.
3069 4039 3135 4089 ὐ
3176 4036 3242 4108 δὴ
3279 4035 3376 4089 καὶ
3403 4037 3709 4106 πέπρακεν,
3739 4036 3847 4087 οὐκ

602 4133 826 4195 suisset,
857 4130 1173 4202 dignitatem
1206 4132 1395 4186 statim
1438 4131 1763 4202 deponeret,
1795 4148 2025 4204 eamque
2051 4136 2152 4203 ipsr

2270 4130 2364 4184 ἐπὶ
2394 4132 2453 4184 τὸ
2483 4131 2727 4184 συνοῖσον
2777 4131 2845 4183 τὰ
2889 4130 2967 4198 τῷ
3003 4127 3218 4198 βασιλεῖ
3254 4126 3655 4196 κεκελευσμένα
3688 4125 3845 4178 τελέ-

604 4223 835 4278 Aeacius
898 4235 1155 4280 sumeret.
1220 4223 1378 4290 Quod
1413 4239 1546 4280 sane
1571 4224 1615 4280 is
1646 4224 1796 4290 fecit,
1825 4226 2152 4295 imperatori:

2273 4240 2393 4286 σας.
2430 4223 2583 4276 Ἐπεὶ
2628 4222 2741 4292 γὰρ
2772 4217 2897 4295 ἧκε,
2951 4220 3276 4292 Μαρκιανὺν
3328 4219 3494 4282 εὐθὺς
3546 4218 3845 4288 ὑπερόριον

594 4315 745 4385 jussu
778 4329 885 4368 non
915 4331 979 4369 ex
1011 4315 1160 4371 illius
1192 4316 1485 4371 commodo
1516 4325 1832 4372 exsecutus.
1875 4317 2167 4381 Postquam

2275 4315 2532 4377 ἐποιεῖτο,
2558 4315 2631 4382 μή
2674 4330 2730 4366 τι
2758 4312 2836 4383 τῷ
2886 4312 3102 4383 στρατῷ
3148 4310 3488 4376 διαγγείλας.
3518 4308 3584 4362 Οἱ
3634 4307 3692 4360 δὲ
3746 4306 3847 4373 τοῦ

600 4407 750 4460 enim
806 4423 874 4462 eo
913 4398 1086 4474 venit,
1139 4408 1466 4465 Marcianum
1502 4409 1648 4466 illico
1683 4409 1737 4464 in
1772 4410 1956 4465 hostili
2017 4420 2152 4466 terra

2272 4402 2503 4473 στρατοῦ
2526 4403 2595 4456 τὰ
2615 4401 2810 4472 πρῶτα
2831 4403 3149 4473 φερόμενοι,
3171 4401 3293 4451 ἐπεὶ
3317 4398 3540 4469 μάθοιεν
3564 4398 3655 4449 τὸν
3680 4412 3852 4471 στρατ

531 4564 543 4586 ε
603 4498 873 4567 dignitate
901 4500 1158 4570 privavit,
1192 4516 1249 4555 re
1282 4515 1345 4555 ea
1379 4500 1649 4556 militibus
1683 4514 1793 4554 non
1824 4502 2165 4555 retmntiata.

524 4600 531 4630 ξ
601 4590 861 4643 Sedenim
907 4591 1000 4660 qui
1053 4590 1110 4645 in
1161 4592 1409 4646 exercitu
1457 4592 1681 4647 ordines
1720 4591 2017 4657 ducebant,
2077 4591 2170 4647 ubi

606 4682 804 4733 ducem
877 4681 1254 4750 magistratum
1313 4681 1633 4752 deposuisse
1661 4692 2058 4754 cognoverunt,
2085 4683 2172 4737 ul-

603 4772 781 4827 terius
824 4786 1172 4841 perseverare
1205 4772 1485 4828 incastris
1540 4788 1880 4843 nequaquam
1919 4775 2172 4828 voluere:

606 4864 705 4919 sed
742 4864 1001 4933 paulatim
1023 4863 1148 4919 hinc
1173 4873 1227 4919 et
1261 4863 1387 4918 inde
1414 4865 1666 4934 palantes
1696 4863 1987 4930 din‘ugere,
2026 4866 2163 4919 ridi-

2271 4494 2443 4564 τηγὸν
2469 4493 2571 4562 τῆς
2600 4494 2778 4565 ἀρχῆς
2810 4494 3188 4562 πεπαυμένον,
3219 4493 3408 4559 πρόσω
3440 4479 3539 4559 μέν
3578 4490 3716 4541 ἰέναι
3755 4487 3854 4539 ού-

2272 4584 2461 4655 δαμῶς
2491 4584 2722 4656 ἧθελον·
2771 4584 3061 4651 κατολίγον
3109 4582 3167 4634 δέ
3222 4579 3495 4651 σποράδες
3545 4579 3853 4646 φεύγοντες

2273 4676 2614 4748 ἀνεχώρουν,
2639 4678 2742 4745 τὴν
2768 4677 3174 4744 καταγέλαστον
3206 4671 3528 4740 πολιορκίαν
3562 4670 3853 4730 λύσαντες.

2276 4767 2719 4835 Οὑαδααρμάνης
2737 4766 2793 4819 δὲ
2820 4767 2959 4835 ἀρην
2984 4767 3214 4820 πνέοντα
3238 4766 3468 4836 στρατὸν
3488 4762 3857 4831 ἐπαγόμενος,

2278 4857 2341 4909 οὐ
2379 4858 2605 4925 Περσῶν
2636 4857 2822 4924 μόνον,
2859 4857 2996 4910 ἀλλὰ
3028 4858 3125 4908 καὶ
3164 4855 3457 4926 βαρϐάρων
3495 4854 3545 4907 οῖ
3577 4853 3860 4920 Σκηνῆται

607 4955 735 5007 cula
763 4954 855 5008 illa
882 4953 1169 5008 obsidione
1201 4954 1399 5011 soluta.
1458 4954 1528 5006 At
1557 4952 1963 5009 Vadaarmaucs
1997 4956 2149 5025 copia

2279 4949 2595 5014 καλοῦνται,
2621 4949 2684 5002 τὸ
2720 4950 3026 5019 Κιρκὴσιον
3076 4948 3438 5018 παραμείὸων
3466 4945 3544 5009 ὡς
3577 4945 3860 5004 πλεῖστον.

608 5061 801 5102 secum
838 5056 1062 5101 martem
1086 5047 1381 5115 spirantes,
1409 5061 1519 5101 non
1547 5046 1724 5101 solum
1752 5061 1818 5101 ex
1850 5047 2054 5112 Persis,
2077 5063 2152 5102 St‘.t

2272 5043 2395 5103 *τοῖς
2429 5040 2724 5111 Ῥωμαίων
2757 5041 3124 5112 διελυμήνατο
3155 5041 3470 5110 πράγμασι.
3506 5036 3617 5091 Καὶ
3646 5034 3708 5088 τὸ
3756 5035 3866 5104 μὲν

610 5141 780 5195 etiam
812 5139 1059 5195 barbaris
1088 5140 1181 5208 qui
1215 5138 1449 5194 Scenita
1481 5139 1761 5203 dicuntur,
1794 5137 2032 5193 delectas
2077 5138 2180 5192 du-

608 5246 766 5298 cens,
800 5229 1043 5285 Circesio
1078 5230 1373 5298 prmterito,
1405 5245 1567 5297 quam
1589 5228 1884 5296 plurimum
1913 5228 2184 5283 Romano-

2282 5133 2474 5199 καίων,
2501 5132 2564 5186 τὸ
2591 5133 2650 5187 δὲ
2684 5135 2780 5187 καῖ
2809 5138 3050 5198 κτιννὺς,
3091 5134 3188 5188 καὶ
3241 5132 3409 5203 μηδὲν
3461 5130 3686 5200 μέτριον
3737 5126 3869 5179 δια-

2284 5225 2576 5295 νοούμενος
2608 5226 2641 5294 ἢ
2681 5225 2942 5297 πράττων
2978 5226 3122 5278 κατά
3179 5224 3386 5293 πολλὴν
3417 5223 3518 5295 ἠδη
3551 5219 3647 5273 τού
3681 5216 3869 5271 κωλύ-

615 5340 738 5378 rum
791 5324 956 5379 rebus
1008 5324 1187 5377 intulit
1214 5322 1553 5377 detrimenti.
1613 5320 1780 5375 Ferro
1831 5336 2066 5390 namque
2117 5338 2146 5375 e

2287 5334 2473 5381 σοντος
2505 5319 2769 5389 ἐρημίαν,
2800 5318 2902 5371 οὐκ
2932 5317 3193 5388 ἐλάχιστα
3224 5315 3462 5387 φρούρια
3492 5306 3603 5365 ens
3629 5328 3644 5341 θ
3679 5310 3773 5362 καὶ
3800 5308 3871 5360 τὸ

616 5419 744 5488 igne
823 5417 1081 5486 pleraque
1126 5415 1243 5469 loca
1310 5422 1547 5476 vastans,
1602 5429 1780 5483 neque
1836 5414 2152 5468 moderaturi

2290 5412 2393 5483 μὲν
2421 5412 2503 5464 ὃτι
2535 5410 2711 5473 οὐδεὶς
2755 5405 2929 5482 ἦρχεν
2951 5426 2967 5443 ·
2999 5410 3197 5465 ἔπειτα
3228 5409 3324 5462 καὶ
3370 5406 3480 5460 τῶν
3532 5403 3874 5474 ὀφειλόντων

615 5508 943 5579 quidquam,
1004 5516 1229 5576 propter
1277 5503 1627 5561 defensorum
1694 5504 2067 5568 solitudinem,
2102 5520 2152 5558 γι

2295 5502 2569 5572 μάχεσθαι
2600 5501 2745 5554 κατά
2773 5500 2835 5554 τὸ
2880 5501 3063 5573 Δάρας
3109 5501 3377 5571 φρούριον
3420 5495 3873 5563 ἀποκεκλεισμέ..

620 5599 872 5668 cogitans
904 5599 987 5653 vel
1018 5598 1249 5662 faciens.
1301 5612 1411 5652 non
1454 5611 1624 5667 pauca
1663 5596 1888 5651 castella
1916 5597 2082 5666 cepit.
2122 5596 2152 5650 Ε

2289 5610 2416 5658 νων,
2450 5594 2537 5646 ἐπ’
2562 5594 2747 5658 ἁδείας
2777 5597 2955 5648 ποιεῖν
2981 5594 3010 5646 ὃ
3054 5593 3305 5664 βούλεται
3334 5590 3649 5663 προῦκειτο.
3685 5589 3871 5641 Ἐκεῖο

630 5691 780 5765 quod
812 5691 883 5748 ibi
909 5704 1069 5746 nemo
1090 5704 1210 5746 cum
1243 5688 1472 5759 imperio
1502 5697 1669 5754 esset,
1697 5698 1807 5757 tum
1837 5696 2016 5745 autem
2042 5704 2150 5758 quo

2294 5687 2384 5740 θεν
2416 5687 2457 5740 δ’
2490 5688 2731 5756 ἀπάρας,
2786 5691 2852 5755 τῆ
2907 5687 3202 5742 Θεουπόλει
3260 5683 3588 5754 προσέϐαλε,
3639 5681 3873 5747 πέμψας
