4094 6202
190 319 287 382 321

190 430 479 482 πλείστουῖ
524 430 632 483 τῶν
683 432 821 501 ἀμφ’
858 432 1047 496 αὐτὸν,
1093 437 1154 488 οὐ
1195 440 1649 509 παραγενόμενος
1680 456 1693 470 ·

190 523 286 575 καὶ
319 522 456 591 παρ’
503 523 699 577 ἐλπίδα
752 527 935 579 πᾶσαν
989 527 1352 596 ἁπώσθησαν,
1385 532 1596 592 οὐδενὸς
1632 532 1777 586 ἔνδον

189 612 711 681 ὲναπολειφθέντος,
742 614 881 685 πλὴν
911 616 1109 683 ὀλίγων
1140 619 1304 672 τινῶν
1335 623 1534 691 κομιδῇ
1575 622 1666 674 καὶ
1692 621 1780 674 εὐο

188 704 469 776 αρίθμων.
517 706 757 774 ’Ᾱπέδρα
805 707 862 760 δὲ
914 710 1065 762 καὶὸ
1118 712 1322 781 ἱερεὺς,
1380 715 1448 766 τὰ
1508 714 1778 784 τροτόντα

191 797 319 867 ἱερὰ
350 795 745 867 ὑπεξαγαγὼν,
798 800 996 869 ὅτιπερ
1047 803 1140 854 καὶ
1174 803 1235 855 τὸ
1262 804 1516 857 πλεῖστον
1548 805 1639 856 τοῦ
1670 806 1779 858 τεί-

189 906 321 959 κους
352 889 650 960 διερρωγὸς
684 885 774 961 ἦν.
793 890 1166 946 ’Υπανίστατο
1185 893 1240 945 δὲ
1271 897 1365 949 καὶ
1392 898 1419 949 ὁ
1446 897 1616 966 δῆμος
1644 916 1781 949 νεω-

188 979 437 1049 τερίζειν
484 982 809 1049 ἐπιχειρῶν.
862 983 1053 1054 ὥσπερ
1107 985 1293 1038 εἰώθει
1347 990 1461 1051 τοῖς
1514 989 1778 1052 τοιούτοις

188 1074 409 1143 καιροῖς
460 1073 773 1141 γίγνεσθαι.
810 1076 955 1145 Πρὸς
1006 1077 1117 1140 τοῖς
1170 1077 1355 1141 ἄλλοις
1388 1080 1443 1131 δὲ
1478 1081 1573 1133 καὶ
1623 1082 1777 1134 αὐτοὶ

187 1167 375 1233 φυγὴν
414 1166 839 1235 μελετήσαντες,
878 1168 1094 1238 ἐρήμην
1127 1170 1229 1240 τὴν
1265 1172 1421 1225 πόλιν
1468 1174 1779 1228 καταλελοί-

186 1275 386 1321 πασιν,
415 1258 631 1322 οὐδενὸς
688 1259 825 1322 ὅλως
885 1262 1208 1331 ἀντιστῆναι
1239 1263 1270 1333 ἢ
1307 1265 1776 1338 ἐπιτεχνήσασθαί

185 1366 238 1401 τι
268 1351 758 1420 ἐπιχειρήσαντος.
795 1351 887 1415 ’ος
921 1351 967 1405 δ’
1002 1351 1094 1406 οὖν
1150 1354 1593 1428 Οὐαδααρμὰνης
1639 1361 1776 1412 ἁπε-

184 1442 439 1513 κρούσθη
472 1446 671 1514 πεῖραν
725 1444 1122 1514 προσαγαγὼν,
1153 1452 1267 1517 πῦρ
1301 1447 1558 1518 ἐμϐαλὼν
1582 1454 1646 1521 τῇ
1675 1453 1776 1505 πά-

181 1535 277 1588 λαι
311 1536 415 1604 μὲν
451 1532 777 1607 Ἡρακλείᾳ,
805 1534 1034 1602 ὕστερον
1056 1538 1113 1591 δὲ
1135 1539 1309 1609 ὄνομα
1367 1542 1572 1612 σχούσῃ
1597 1544 1775 1611 Γαγα-

181 1628 345 1699 λικῇ.
380 1628 677 1698 Σελευκείᾳ
711 1630 1107 1700 προσέρχεται,
1132 1633 1199 1704 ἢν
1230 1633 1490 1706 Νικάνωρ
1520 1636 1548 1689 ό
1584 1638 1774 1690 Σέλευ-

181 1737 281 1781 κος
342 1722 745 1791 συνεστήσατο,
798 1720 1094 1792 εὐδαίμονα
1163 1725 1263 1795 μὲν
1311 1727 1380 1779 τὰ
1431 1727 1625 1798 πρῶτα
1681 1730 1773 1783 καὶ

1087 323 1693 386 ECCLESIASTlCt‘E
1736 328 2115 387 [lIS'l'OliL’E
2160 329 2303 387 LIB.
2348 330 2531 391 XVII.

1729 438 1776 492 οἳ
1819 448 1851 501 λ
1886 438 2118 492 Romani
2158 450 2599 509 prepngnatnres
2647 441 2700 494 in
2759 442 2988 495 castello
3020 441 3186 497 Daras
3222 458 3251 496 a
3286 442 3459 499 Cl'os-

3356 338 3463 399 392

1884 545 1979 585 roe
2022 532 2191 585 clausi
2227 532 2430 598 forent,
2486 534 2795 588 faciendum
2828 535 2931 589 sibi
2963 535 3137 591 libere
3169 538 3317 607 quod
3349 538 3459 591 vel-

1882 620 1959 674 let
2011 624 2228 676 statuit.
2278 624 2486 679 Castris
2539 636 2721 680 autem
2777 627 2904 682 inde
2944 629 3129 693 motis,
3181 629 3449 699 TheOpoli

1881 713 2125 766 animum
2178 713 2413 783 adjecit:
2476 726 2531 771 et
2585 728 2794 786 partem
2826 722 3108 788 copiarum
3140 724 3449 788 maximam,

1883 801 1997 870 ipse
2032 818 2139 856 non
2172 805 2472 873 profectus,
2503 821 2570 860 eo
2602 808 2766 871 misit,
2796 826 2917 878 qmu
2945 826 3040 879 Spe
3070 827 3165 866 sua
3199 813 3368 868 falsm.
3396 826 3453 868 et

1881 896 1948 947 ab
2003 896 2140 949 urbe
2199 912 2260 949 ca
2290 908 2421 950 sunt
2474 899 2718 967 rejectze,
2760 911 3051 971 propterea
3103 904 3251 973 quod
3316 907 3454 959 nulli

1884 986 1937 1039 in
1998 1001 2085 1048 ea,
2130 999 2223 1041 aut
2285 1004 2415 1044 sane
2449 1005 2613 1059 quam
2666 992 2823 1060 pauci
2882 993 3032 1048 cives
3097 996 3450 1051 mansissent.

1881 1079 2202 1149 Profugerat
2256 1096 2387 1135 vero
2428 1083 2593 1137 etiam
2630 1084 2923 1154 episcopus
2980 1086 3118 1155 ipse,
3184 1096 3241 1141 et
3291 1104 3449 1143 sacra

1878 1184 2062 1223 secum
2126 1185 2251 1224 vasa
2286 1181 2341 1225 et
2396 1173 2621 1227 donaria
2658 1176 2950 1230 extulerat.
2988 1177 3124 1231 Nam
3173 1185 3228 1231 et
3259 1194 3450 1247 magna

1878 1261 2018 1313 muri
2050 1276 2172 1330 pars
2194 1274 2528 1318 corruerat:
2566 1274 2621 1319 et
2644 1266 2798 1335 plebs
2836 1283 3100 1322 novarum
3130 1286 3309 1322 rerum
3339 1281 3473 1331 ειιιη

1878 1352 1989 1419 dio,
2019 1354 2178 1409 sicuti
2207 1356 2541 1426 ejuscemodi
2574 1361 2915 1427 temporibus
2984 1362 3239 1416 accidere
3274 1363 3436 1424 solet,
3466 1378 3473 1385 ·

1887 1448 2184 1503 tumultum
2212 1461 2566 1521 moveratzet
2596 1454 3099 1509 tandemdescrtam
3134 1457 3453 1525 relinquens
3518 1468 3525 1477 ‘

1878 1537 2098 1601 urbem,
2142 1540 2269 1595 inde
2296 1554 2633 1608 excesserat,
2680 1546 2905 1600 nemine
2936 1562 3165 1616 prorsus
3197 1548 3456 1604 hostibus

1877 1630 2135 1687 resistere
2186 1640 2282 1685 aut
2330 1634 2546 1688 obviam
2600 1636 2681 1690 ire
2736 1647 2990 1692 conante.
3044 1638 3453 1697 Vadaarmanes

1878 1729 2162 1791 postquam
2192 1734 2319 1779 voto
2351 1741 2450 1779 suo
2481 1736 2532 1781 et
2560 1727 2854 1797 Theopolis
2883 1730 3190 1800 direptione
3220 1733 3450 1799 excidit,

182 1810 630 1881 πολυάνθρωπον
660 1808 850 1879 οὖσαν,
876 1814 1056 1885 χρόνῳ
1085 1816 1141 1870 δὲ
1174 1797 1548 1890 διαῤῥυεῖσαν,
1582 1822 1676 1873 καὶ
1714 1821 1770 1883 ἐς

1878 1811 2057 1880 ignem
2081 1813 2211 1866 olim
2253 1814 2803 1883 qttidenrllcrat-leze,
2833 1820 3001 1889 800
3028 1831 3222 1889 postea
3262 1831 3449 1877 autem

177 1903 367 1970 ὀλὶγον
421 1907 911 1975 συσπειραθείσαν.
962 1908 1072 1960 Καὶ
1120 1910 1242 1961 ἐπεὶ
1275 1910 1770 1967 ἀντικαθίστασθαι

178 1993 282 2060 οὐχ
318 1993 410 2045 οἶα
445 2011 504 2046 τε
538 1989 628 2064 ἦν,
660 1996 933 2065 συμϐάσει
982 1996 1092 2051 τινὶ
1132 1998 1336 2067 ταύτης
1370 2000 1520 2053 ἔνδον
1554 2003 1771 2063 ἐγένετο

178 2085 341 2153 παρὰ
390 2088 458 2138 τὰ
497 2087 832 2155 συγκείμενα
889 2090 1381 2161 διαπεπραγμένος
1411 2110 1425 2124 ο
1462 2096 1558 2148 καὶ
1590 2099 1769 2149 πᾶσαν

176 2178 358 2249 ἄρδην
391 2178 493 2249 τὴν
531 2181 687 2234 πόλιν
721 2181 1317 2253 ἐξανδραποδισάμενος
1348 2185 1543 2257 ᾤχετο,
1572 2190 1669 2242 καὶ
1703 2191 1770 2242 τὰ

176 2268 349 2336 πέριξ
383 2270 551 2337 αὐτῆς
592 2271 922 2340 ληϊσάμενος
949 2291 962 2304 ·
1002 2275 1062 2326 ὲν
1094 2271 1175 2338 οἷς
1230 2278 1325 2328 καὶ
1355 2278 1446 2330 τὸν
1488 2279 1638 2348 ἱερέα
1668 2280 1769 2349 τῆς

176 2355 423 2418 πόλεως,
460 2359 555 2410 καὶ
594 2360 685 2410 τὸν
720 2361 813 2411 ἐπὶ
846 2363 912 2430 τῇ
962 2364 1102 2433 ἀρχῇ
1154 2364 1474 2419 καθεστῶτα
1525 2366 1770 2438 ζωγρίας

178 2448 323 2501 ἐλὼν
356 2452 607 2516 κατεῖχε.
637 2450 906 2505 Πάνδεινα
933 2452 989 2505 δὲ
1022 2456 1113 2507 καὶ
1141 2459 1209 2527 τῇ
1243 2459 1563 2531 ἀποστροφῇ
1595 2461 1771 2532 διειρ-

175 2541 416 2606 γάσατο,
467 2540 677 2605 οὐδενὸς
729 2543 1210 2613 ἀντιπράττοντος,
1250 2547 1392 2619 πλὴν
1437 2549 1636 2618 ὀλίγων
1682 2569 1771 2605 κο-

180 2632 311 2702 μιδῇ
346 2633 708 2701 στρατιωτῶν
745 2636 880 2704 πρὸς
904 2634 998 2687 τοῦ
1028 2635 1299 2706 βασιλέως
1327 2641 1652 2706 σταλέντων,
1675 2642 1770 2708 οὓς

178 2723 407 2790 Μάγνος
437 2719 565 2793 ἦγε,
598 2728 865 2795 πρότερον
892 2726 994 2795 μὲν
1020 2728 1271 2797 ἀργυρᾶς
1297 2732 1579 2803 τραπέζης
1610 2750 1774 2804 προε-

176 2812 405 2881 στηκὼς
436 2814 581 2867 κατὰ
611 2814 709 2885 τὴν
736 2814 830 2868 τοῦ
866 2816 1131 2887 βασιλέως
1164 2818 1343 2885 πόλιν,
1366 2821 1426 2885 ἐς
1455 2821 1682 2895 ὕστερον
1713 2826 1769 2879 δὲ

175 2904 276 2954 καὶ
321 2905 459 2973 μιᾶς
488 2904 597 2956 τῶν
630 2903 929 2974 βασιλικῶν
962 2908 1153 2961 οίκιῶν
1202 2911 1305 2983 τὴν
1339 2914 1646 2985 ἐπιτροπὴν
1691 2918 1771 2970 εί·-

175 2992 376 3060 inguia;
395 3009 410 3023 ’
442 2991 496 3044 οι
520 2994 902 3065 προτροπάδην
930 2996 1184 3067 ἔφευγον,
1209 3000 1412 3072 μικροῦ
1439 3003 1769 3072 δορυάλωτοι

174 3085 497 3154 γεγονότες.
531 3087 639 3138 Καὶ
674 3087 847 3141 ταῦτα
901 3088 1344 3161 διαπραξάμενος
1393 3096 1767 3168 υύαδααρμά·
1795 3133 1839 3191 c

175 3192 297 3244 νης,
320 3177 416 3230 τὸν
440 3178 691 3249 Χοσρόην
714 3180 1039 3252 κατειλήφει
1062 3185 1137 3255 μή
1150 3204 1233 3239 πω
1250 3186 1347 3257 τὴν
1368 3189 1523 3243 πόλιν
1542 3191 1732 3245 ἑλόντα
1751 3211 1766 3226 ο

176 3268 325 3339 ῥοπὴ
362 3266 408 3321 δ’
431 3269 630 3339 ἐκείνῳ
667 3270 878 3341 μεγάλη
915 3273 1137 3341 ἐγένετο
1171 3277 1541 3353 προσιὼνιΤό
1575 3299 1633 3335 τε
1660 3283 1770 3353 γὰρ

172 3360 391 3410 οίκεῖον
440 3358 588 3413 ἅπαν
639 3359 1009 3431 ἀνεθάρρησε,
1041 3364 1101 3417 τό
1149 3383 1209 3420 τε
1263 3352 1567 3424 ἀντίπαλον
1602 3352 1769 3426 atate-

171 3446 390 3515 πλάγη.
419 3448 531 3500 Καὶ
549 3448 649 3517 τὴν
674 3450 776 3519 μὲν
808 3451 968 3505 πόλιν
993 3454 1468 3527 ἀποτειχισθεῖσαν
1496 3462 1767 3534 εὑρίσκει,

174 3540 277 3592 καὶ
310 3538 448 3609 χοῦν
481 3538 719 3609 ἄγχιστα
747 3542 958 3615 ταύτης
995 3546 1357 3618 ἠθροισμένον
1398 3552 1567 3606 πολύν
1591 3557 1691 3629 ’καί
1724 3556 1770 3608 δ’

172 3627 465 3691 ἑλεπόλεις
500 3628 857 3698 καθίσταντο,
890 3635 987 3688 καὶ
1044 3638 1283 3705 μάλιστα
1313 3627 1674 3711 καταπέλται,
1704 3645 1770 3710 ἃς

175 3721 441 3792 μηχανὰς
468 3722 785 3789 λιθοϐόλους
818 3726 898 3797 τῷ
952 3728 1153 3799 πλήθει
1185 3735 1372 3789 καλεῖν
1406 3737 1636 3808 σύνηθες
1659 3756 1671 3769 ·
1700 3740 1769 3793 δι’

170 3810 250 3868 ὧν
283 3816 383 3869 καὶ
421 3817 455 3885 ἡ
497 3816 654 3880 πόλις
687 3818 807 3889 ὥρα
864 3822 1135 3891 χειμῶνος
1183 3826 1399 3898 Χοσρόῃ
1450 3829 1615 3895 ἑάλω,
1656 3832 1768 3884 ἰω-

174 3903 345 3955 ιὶννου
378 3901 475 3954 τοῦ
513 3905 708 3967 παιδὸς
746 3905 1126 3977 Τιμοστράτου
1163 3913 1331 3981 αὐτῆς
1360 3913 1645 3985 ἄρχοντος,
1678 3917 1769 3969 οὐ-

173 3994 375 4064 δαμῶς
429 3996 487 4047 ἐν
541 3998 787 4066 φροντίδι
845 3998 945 4069 τὴν
1001 4001 1324 4072 πολιορκίαν
1366 4007 1763 4076 ποιησαμένου,

178 4087 397 4155 μᾶλλον
428 4088 485 4140 δὲ
522 4091 613 4142 καὶ
636 4092 1094 4161 καταπροδόντος.
1144 4095 1254 4147 Καὶ
1283 4095 1443 4150 τοῦτο
1473 4098 1584 4165 γὰρ
1612 4116 1762 4170 τηνιο

172 4178 359 4231 καῦτα
392 4178 868 4251 διατεθρύλληται.
896 4184 1155 4253 Πέμπτον
1180 4186 1237 4239 δὲ
1272 4188 1421 4257 μῆνα
1441 4193 1536 4242 καὶ
1567 4192 1765 4262 μικρόν

168 4288 223 4322 τι
268 4270 414 4339 πρὸς
446 4272 856 4339 προσεδρεύσας
892 4273 970 4343 τῷ
1001 4276 1176 4341 ἄστει,
1209 4271 1322 4331 εἷλε
1354 4279 1583 4349 μηδενὸς
1624 4283 1767 4351 ἀμύ-

168 4376 391 4418 νοντος.
425 4361 536 4413 Καὶ
565 4363 749 4414 τοίνυν
779 4363 989 4428 πάντας
1025 4367 1332 4436 ἐξαγαγὼν,
1358 4371 1561 4441 πλῆθος
1591 4374 1763 4426 ἀστάο

1872 1903 2139 1971 Gagalicm
2162 1905 2324 1959 dictu:
2362 1907 2483 1962 urbi
2526 1908 2733 1978 injecit,
2799 1919 2854 1964 et
2887 1913 2952 1965 ad
2988 1913 3292 1968 Seleuciam
3347 1917 3449 1984 (l),

1872 2009 2038 2062 quam
2072 1994 2311 2049 Nicanor
2341 1996 2609 2055 Seleucus
2636 2001 2905 2065 condidit,
2957 2004 3287 2074 locupletem
3317 2010 3442 2078 qui-

1871 2085 1996 2137 dem
2061 2085 2204 2139 illam
2270 2090 2504 2156 primum
2562 2099 2618 2145 et
2652 2094 2994 2161 populosam,
3060 2107 3247 2165 postea
3310 2115 3444 2154 vero

1874 2180 2120 2243 tempore
2167 2177 2488 2247 collapsam,
2551 2190 2609 2235 et
2656 2183 2723 2237 ad
2769 2184 3104 2253 paucitatem
3139 2188 3444 2257 redactam,

1872 2279 2196 2343 prggressus
2219 2279 2321 2323 est.
2353 2269 2476 2325 llaec
2502 2287 2626 2326 cum
2687 2276 2946 2332 resistere
2992 2280 3067 2333 illi
3104 2295 3209 2334 non
3242 2295 3448 2351 posset,

1873 2369 2029 2425 pacto
2047 2363 2279 2428 quodam
2305 2363 2732 2434 interveniente,
2783 2371 2840 2424 in
2880 2388 3002 2427 eam
3032 2386 3117 2429 est
3152 2388 3434 2447 receptus.

1874 2446 1978 2502 Ubi
2030 2464 2164 2505 Sane
2223 2465 2421 2521 praeter
2453 2469 2724 2514 conventa
2780 2463 2953 2517 multa
2992 2468 3123 2536 egit,
3145 2480 3201 2523 et
3226 2446 3449 2525 civitate

1876 2541 2113 2610 direpta,
2139 2544 2336 2601 vicinis
2366 2563 2587 2620 quoque
2617 2553 2755 2609 locis
2798 2557 3156 2615 circumcirca
3180 2561 3448 2627 dispolia-

1876 2632 1965 2694 tis,
2004 2635 2132 2690 inde
2167 2638 2321 2693 abiit.
2353 2640 2412 2693 ln
2446 2644 2625 2710 praeda
2663 2647 2875 2717 reliqua
2921 2662 2980 2708 et
3005 2654 3327 2725 epiSCOpum
3388 2670 3449 2714 ct

1874 2726 2249 2794 magistratum
2288 2731 2440 2787 urbis
2477 2748 2754 2791 summum
2810 2742 2977 2812 cepit.
3009 2744 3121 2800 Nec
3153 2751 3447 2817 pauciores

1875 2816 1929 2870 in
1958 2818 2137 2873 reditu
2201 2821 2291 2876 ille
2340 2824 2522 2881 clades
2556 2828 2818 2887 Romana:
2856 2834 3049 2891 ditioai
3100 2816 3303 2906 intulit,
3346 2860 3447 2900 nc-

1873 2912 2024 2966 mine
2053 2913 2307 2971 videlicet
2379 2921 2727 2991 prohibente,
2777 2936 2973 2994 pra-ter
3001 2947 3204 2999 paucos
3262 2936 3452 2992 admo-

1874 3000 2005 3056 dum
2075 3006 2299 3073 milites,
2340 3012 2434 3081 qui
2493 3014 2563 3069 ab
2620 3017 2952 3086 imperatore
3000 3024 3151 3080 missi
3210 3026 3446 3084 fuerant.

1876 3092 2082 3151 llorum
2133 3098 2328 3155 ductor
2359 3105 2590 3175 Magnus
2632 3119 2774 3175 erat,
2808 3114 2903 3181 qui
2934 3126 3093 3171 antea
3119 3123 3448 3189 argentaria}

1875 3201 2081 3243 mensa:
2121 3190 2177 3244 in
2203 3192 2339 3247 urbe
2363 3194 2668 3266 imperante
2694 3202 3006 3271 pratfuerat,
3042 3217 3232 3275 postea
3261 3223 3445 3267 autem

1876 3280 2039 3336 unius
2094 3297 2162 3337 ex
2193 3284 2573 3355 imperialibus
2620 3292 2834 3349 aedibus
2867 3311 3057 3352 curam
3092 3314 3443 3371 susceperat.

1874 3368 1911 3424 li
1936 3387 2060 3428 eum
2095 3383 2245 3446 terga
2264 3388 2542 3437 vertentes
2572 3382 2846 3455 fugerent,
2887 3404 3083 3458 parum
3110 3368 3285 3449 abfuit
3312 3398 3445 3467 quin

1871 3463 1940 3516 ab
1997 3464 2248 3522 hostibus
2276 3469 2386 3523 sint
2450 3475 2693 3543 excepti.
2755 3477 2917 3535 llisce
2951 3482 3118 3538 rebus
3149 3463 3441 3556 confectis,

1874 3549 2278 3611 Vadaarmanes
2330 3558 2636 3616 Chosroem
2695 3567 2941 3622 nondum
3025 3573 3220 3628 urbem
3275 3549 3441 3647 quani

1869 3646 2155 3702 obsidebat
2204 3649 2416 3716 cepisse
2481 3654 2710 3722 reperit.
2743 3657 3000 3727 Magnum
3057 3673 3241 3719 autem
3275 3646 3440 3724 adve-

1868 3738 2026 3793 niens
2071 3740 2150 3794 illi
2201 3743 2385 3797 attulit
2421 3755 2780 3807 momentum.
2835 3754 2981 3821 quod
3016 3770 3139 3810 cum
3172 3761 3288 3815 suis
3323 3763 3444 3818 ani-

1870 3844 2017 3882 mum
2061 3830 2296 3899 addidit,
2324 3843 2439 3889 tum
2467 3834 2654 3892 hostes
2701 3840 2999 3908 plurimum
3031 3852 3319 3909 exterruit.
3353 3853 3441 3909 ln-

1870 3923 2023 3978 venit
2045 3925 2232 3979 urbem
2265 3943 2425 3982 muro
2454 3929 2738 3994 nudatam,
2774 3941 2829 3987 et
2880 3951 3128 4005 aggerem
3156 3936 3432 4011 ingentem

1868 4028 2037 4083 prope
2075 4015 2224 4070 illam
2251 4017 2480 4076 factum.
2524 4022 2812 4092 ilelepoles
2868 4038 3163 4085 exstructa:
3197 4034 3435 4101 Stabant,

1866 4116 1923 4159 et
1954 4109 2275 4177 catapulta},
2312 4128 2449 4181 quas
2482 4116 2677 4184 vulgus
2708 4118 2997 4175 machinas
3024 4138 3116 4177 seu
3144 4134 3440 4195 tnrnnnta,

1866 4212 1996 4251 saxa
2052 4215 2120 4255 ex
2166 4202 2314 4257 edito
2372 4204 2497 4259 loco
2541 4206 2825 4275 jaeientia,
2886 4228 3076 4267 vocare
3129 4222 3437 4288 consuevit,

1866 4293 2067 4362 quibus
2117 4298 2307 4350 unbem
2359 4299 2555 4354 hiemis
2589 4311 2836 4371 tempore
2888 4305 3160 4364 Cbosroes
3197 4313 3250 4364 in
3282 4323 3444 4382 pote-

1867 4392 2063 4437 statem
2096 4400 2248 4439 suam
2280 4387 2509 4458 redegit.
2547 4389 2646 4444 Cui
2681 4392 2921 4449 Joannes
2944 4396 3260 4456 'l‘imostrati
3296 4405 3442 4462 lil.us

170 4450 421 4519 θμητον,
448 4452 544 4504 καὶ
594 4455 722 4518 τοὺς
757 4455 857 4525 μὲν
896 4457 1173 4527 μαχαίρας
1220 4459 1381 4529 ἔργον
1425 4465 1762 4534 πεποιηκὼς,

1874 4471 2110 4541 ιηἰινΐυίί.
2143 4473 2243 4528 Hie
2278 4478 2398 4546 ejus
2424 4478 2770 4536 obsidionem
2807 4500 2916 4538 non
2950 4488 3246 4544 admodum
3284 4508 3445 4548 cura.

168 4544 307 4601 τοὺς
353 4541 412 4593 δὲ
450 4542 691 4613 ζωγρίας
745 4546 1011 4615 φυλάξας,
1042 4548 1143 4619 τὴν
1180 4550 1278 4619 μὲν
1317 4551 1473 4604 πόλιν
1511 4548 1597 4606 οἷα
1640 4555 1765 4607 ὲπί-

168 4635 377 4703 καιρόν
412 4652 476 4702 γε
511 4635 697 4702 οὖσαν,
739 4638 988 4708 φρουρὰν
1022 4641 1280 4711 ἐμϐαλὼν
1335 4645 1603 4715 κατέσχεν
1629 4663 1643 4678 ·
1670 4649 1764 4702 αὺ-

171 4728 271 4789 τδς
299 4727 357 4779 δὲ
388 4728 634 4797 γαυριῶν
674 4729 751 4799 τῷ
780 4729 1053 4802 τροπαίῳ,
1082 4733 1348 4804 ἀνεχώρει
1382 4736 1472 4790 ἐπ’
1501 4738 1676 4794 οίκου.

1869 4565 1967 4629 vit,
2002 4579 2099 4617 seu
2136 4568 2326 4620 urbem
2365 4571 2543 4638 potius
2580 4572 2751 4641 ipsam
2791 4579 3048 4644 prodidit.
3080 4581 3214 4636 Nam
3255 4585 3439 4641 ethoc

1872 4663 1985 4709 tum
2033 4659 2383 4713 sermonibus
2450 4661 2524 4715 ita
2572 4664 2842 4732 jactatum
2903 4680 3007 4725 est.
3037 4670 3262 4730 Obsedit
3315 4692 3435 4733 eam

1869 4742 2141 4800 Chosroes
2192 4751 2474 4806 mensibus
2538 4756 2783 4824 quinque
2842 4767 2897 4813 et
2952 4761 3164 4832 aliquot
3216 4766 3445 4838 insuper

177 4823 409 4892 diebus,
460 4827 744 4896 cepitque,
795 4830 1019 4884 nemine
1047 4846 1218 4902 prope
1252 4846 1653 4903 propugnante.
1710 4835 1773 4891 Et
1813 4839 2027 4894 civibus
2094 4858 2159 4896 ex
2228 4845 2362 4900 urbe
2397 4849 2748 4908 multitudine
2803 4857 2950 4911 varia
2982 4858 3182 4927 ductis,
3244 4864 3443 4931 partim

174 4931 276 4971 eos
307 4917 458 4971 ferro
481 4921 746 4987 concidit,
778 4922 979 4991 partim
1013 4926 1171 4982 vivos
1232 4927 1288 4981 in
1357 4930 1674 4999 captivitate
1741 4934 1999 4989 servavit.
2038 4936 2235 4992 Urbem
2270 4940 2465 5008 ipsam,
2517 4955 2707 5015 utpote
2775 4961 3143 5019 opportunam
3198 4964 3253 5009 et
3290 4971 3443 5013 com-

178 5010 425 5093 modam,
459 5013 719 5082 praesidio
750 5015 1010 5086 imposito
1042 5018 1307 5074 retinuit:
1340 5022 1457 5092 ipse
1487 5039 1617 5078 vero
1641 5035 1843 5095 tropaao
1877 5044 1943 5081 eo
1965 5030 2256 5098 Superbus,
2290 5033 2511 5088 domum
2541 5046 2625 5090 est
2672 5055 2944 5100 reversus.

778 5134 1031 5190 ΚΕΦΔΛ.
1054 5136 1180 5191 AB’.

191 5244 286 5309 ’.Ως
318 5244 554 5318 ἀμέτρῳ
584 5246 751 5315 λύπῃ
791 5246 1034 5313 σχεθείς
1067 5248 1428 5315 Ἰουστῖνος,
1468 5250 1763 5318 φρενίτιδι

247 5315 601 5388 περιέπιπτε
626 5318 818 5388 νόσφξ
846 5319 966 5369 ὑπὸ
995 5319 1227 5388 Τιϐερίῳ
1254 5319 1323 5371 δὲ
1347 5323 1421 5372 τὰ
1448 5315 1761 5388 πράγματα

249 5385 463 5458 ἤγετοο
496 5386 592 5458 καὶ
645 5386 727 5449 ὡς
756 5386 940 5454 τέχνῃ
978 5387 1085 5458 τόν
1119 5385 1414 5458 Χοσρόην
1434 5385 1759 5458 μετελθὼν,

255 5456 509 5522 εἰρήνην
534 5456 826 5521 ἔπραττεν
854 5460 884 5510 ό
920 5456 1195 5524 Τιϐέριος.

263 5568 434 5624 Τοῦτο
471 5569 662 5639 μαθὼν
706 5570 1015 5635 Ἰουστίνος,
1047 5573 1140 5624 καὶ
1177 5572 1343 5643 μηδὲν
1375 5573 1526 5643 ὑγιὲς
1565 5574 1596 5645 ἢ
1628 5591 1761 5643 φρε-

191 5663 352 5733 νῆρες
402 5662 848 5731 διινοησάμενος,
876 5663 996 5716 οὐδὲ
1024 5663 1385 5734 ἀνθρωπίνως
1429 5666 1489 5718 τὸ
1542 5666 1759 5735 συμϐὰν

2292 5148 2452 5217 80],
2492 5152 2719 5208 CAPUT
2772 5154 3013 5214 XXXIX.

1877 5252 1944 5307 Ut
1983 5256 2247 5340 ἶῙιιδιξιιιτρ,
2286 5262 2759 5340 im_me_n_so‘dolore
2782 5281 3081 5340 gorreptus,
3117 5274 3171 5329 in
3208 5279 3444 5333 morbum

1940 5328 2289 5413 plrrenitidem
2349 5333 2613 5413 inciderit,
2668 5347 2718 5389 et
2777 5328 3013 5394 Tiberius
3062 5328 3439 5413 rempublicam

1940 5398 2415 5487 administraverit.
2440 5405 2507 5454 Et
2539 5414 2593 5457 ut
2626 5417 2741 5460 arte
2769 5413 3001 5487 quadam
3036 5398 3442 5487 Chad-oena}

1939 5483 2146 5535 gressus
2179 5468 2436 5535 Tiberius,
2466 5490 2649 5542 pacem
2677 5468 2795 5531 cuni
2828 5496 2886 5533 eo
2916 5483 3118 5550 fecerit.

1944 5577 2019 5631 Ea
2061 5594 2119 5633 re
2164 5578 2417 5637 Justinus
2462 5589 2706 5655 cognita,
2736 5591 2874 5646 nihil
2913 5609 3137 5662 prorsus
3166 5605 3313 5649 recte
3346 5606 3441 5650 ant

1870 5671 2174 5739 prudenter
2233 5683 2417 5731 mente
2472 5679 2721 5749 agitans,
2784 5698 2963 5754 neque
3022 5703 3207 5741 casum
3267 5688 3436 5743 talem

265 5784 339 5855 (l)
373 5782 572 5854 Evagr.
606 5787 897 5856 Apameam
951 5784 1140 5850 habet,
1174 5795 1230 5841 et
1259 5785 1539 5843 Nicanoris
1590 5786 1887 5843 Seleucum.
