  <div class='ocr_page' id='page_1' title='image "/cluster/home/n/w/nwhite01/storage/ocr_20150623/147/hvd.32044073502619/174.png"; bbox 0 0 4094 6202; ppageno 0'>
   <div class='ocr_carea' id='block_1_1' title="bbox 237 353 349 415">
    <p class='ocr_par' dir='ltr' id='par_1_1' title="bbox 237 353 349 415">
     <span class='ocr_line' id='line_1_1' title="bbox 237 353 349 415; baseline 0 0"><span class='ocrx_word' id='word_1_1' title='bbox 237 353 349 415; x_wconf 70' lang='lat'><strong>325</strong></span> 
     </span>
    </p>
   </div>
   <div class='ocr_carea' id='block_1_2' title="bbox 1146 349 2593 420">
    <p class='ocr_par' dir='ltr' id='par_1_2' title="bbox 1146 349 2593 420">
     <span class='ocr_line' id='line_1_2' title="bbox 1146 349 2593 420; baseline 0.007 -10"><span class='ocrx_word' id='word_1_2' title='bbox 1146 349 1745 410; x_wconf 75' lang='lat' dir='ltr'><strong>ECCLESIASTIC.‘E</strong></span> <span class='ocrx_word' id='word_1_3' title='bbox 1785 350 2177 413; x_wconf 78' lang='lat' dir='ltr'><strong>lllSTORl/E</strong></span> <span class='ocrx_word' id='word_1_4' title='bbox 2214 355 2358 417; x_wconf 87' lang='lat' dir='ltr'><strong>LIB.</strong></span> <span class='ocrx_word' id='word_1_5' title='bbox 2407 354 2593 420; x_wconf 81' lang='lat' dir='ltr'><strong>XVII.</strong></span> 
     </span>
    </p>
   </div>
   <div class='ocr_carea' id='block_1_3' title="bbox 3382 367 3484 428">
    <p class='ocr_par' dir='ltr' id='par_1_3' title="bbox 3382 367 3484 428">
     <span class='ocr_line' id='line_1_3' title="bbox 3382 367 3484 428; baseline -0.01 0"><span class='ocrx_word' id='word_1_6' title='bbox 3382 367 3484 428; x_wconf 68' lang='grc'><strong>3³26</strong></span> 
     </span>
    </p>
   </div>
   <div class='ocr_carea' id='block_1_4' title="bbox 237 454 1816 546">
    <p class='ocr_par' dir='ltr' id='par_1_4' title="bbox 237 462 1816 534">
     <span class='ocr_line' id='line_1_4' title="bbox 237 462 1816 534; baseline -0.002 -16"><span class='ocrx_word' id='word_1_7' title='bbox 237 470 340 534; x_wconf 68' lang='grc' dir='ltr'>τὴν</span> <span class='ocrx_word' id='word_1_8' title='bbox 382 464 679 533; x_wconf 71' lang='grc' dir='ltr'>πορφυρᾶν</span> <span class='ocrx_word' id='word_1_9' title='bbox 714 463 977 533; x_wconf 70' lang='grc' dir='ltr'>χλαῗναν·</span> <span class='ocrx_word' id='word_1_10' title='bbox 1026 463 1122 515; x_wconf 76' lang='grc' dir='ltr'>καὶ</span> <span class='ocrx_word' id='word_1_11' title='bbox 1167 462 1376 531; x_wconf 78' lang='grc' dir='ltr'><strong>μέλλων</strong></span> <span class='ocrx_word' id='word_1_12' title='bbox 1406 462 1575 515; x_wconf 84' lang='grc' dir='ltr'>ταῦτα</span> <span class='ocrx_word' id='word_1_13' title='bbox 1610 479 1816 532; x_wconf 81' lang='grc' dir='ltr'>περιτι-</span> 
     </span>
    </p>
   </div>
   <div class='ocr_carea' id='block_1_5' title="bbox 1919 454 3484 546">
    <p class='ocr_par' dir='ltr' id='par_1_5' title="bbox 1924 454 3484 546">
     <span class='ocr_line' id='line_1_5' title="bbox 1924 454 3484 546; baseline 0.009 -29"><span class='ocrx_word' id='word_1_14' title='bbox 1924 454 2131 527; x_wconf 82' lang='lat' dir='ltr'><strong>essent,</strong></span> <span class='ocrx_word' id='word_1_15' title='bbox 2166 482 2276 534; x_wconf 91' lang='lat' dir='ltr'><strong>quo</strong></span> <span class='ocrx_word' id='word_1_16' title='bbox 2331 468 2454 522; x_wconf 81' lang='lat' dir='ltr'><strong>loco</strong></span> <span class='ocrx_word' id='word_1_17' title='bbox 2511 470 2625 523; x_wconf 72' lang='lat' dir='ltr'><strong>hmc</strong></span> <span class='ocrx_word' id='word_1_18' title='bbox 2684 470 2767 538; x_wconf 83' lang='lat' dir='ltr'><strong>agi</strong></span> <span class='ocrx_word' id='word_1_19' title='bbox 2829 472 3210 546; x_wconf 88' lang='lat' dir='ltr'><strong>celebrarique</strong></span> <span class='ocrx_word' id='word_1_20' title='bbox 3269 478 3351 533; x_wconf 82' lang='lat' dir='ltr'><strong>fas</strong></span> <span class='ocrx_word' id='word_1_21' title='bbox 3381 492 3484 541; x_wconf 85' lang='lat' dir='ltr'><strong>est,</strong></span> 
     </span>
    </p>
   </div>
   <div class='ocr_carea' id='block_1_6' title="bbox 234 552 1821 624">
    <p class='ocr_par' dir='ltr' id='par_1_6' title="bbox 234 552 1821 624">
     <span class='ocr_line' id='line_1_6' title="bbox 234 552 1821 624; baseline -0.002 -17"><span class='ocrx_word' id='word_1_22' title='bbox 234 558 392 609; x_wconf 78' lang='grc' dir='ltr'>οέναι</span> <span class='ocrx_word' id='word_1_23' title='bbox 422 554 503 622; x_wconf 85' lang='grc' dir='ltr'>τῷ</span> <span class='ocrx_word' id='word_1_24' title='bbox 539 555 802 624; x_wconf 84' lang='grc' dir='ltr'>Τιϐερίῳ,</span> <span class='ocrx_word' id='word_1_25' title='bbox 846 555 1048 624; x_wconf 66' lang='grc' dir='ltr'>κᾶμητι</span> <span class='ocrx_word' id='word_1_26' title='bbox 1089 553 1206 605; x_wconf 80' lang='grc' dir='ltr'>ὖντι</span> <span class='ocrx_word' id='word_1_27' title='bbox 1243 554 1354 606; x_wconf 87' lang='grc' dir='ltr'><strong>τῶν</strong></span> <span class='ocrx_word' id='word_1_28' title='bbox 1402 552 1732 617; x_wconf 80' lang='grc' dir='ltr'>ὲξκουϐίτων</span> <span class='ocrx_word' id='word_1_29' title='bbox 1760 552 1821 604; x_wconf 70' lang='grc' dir='ltr'><strong>τὸ</strong></span> 
     </span>
    </p>
   </div>
   <div class='ocr_carea' id='block_1_7' title="bbox 233 636 1822 718">
    <p class='ocr_par' dir='ltr' id='par_1_7' title="bbox 233 636 1822 718">
     <span class='ocr_line' id='line_1_7' title="bbox 233 636 1822 718; baseline -0.003 -18"><span class='ocrx_word' id='word_1_30' title='bbox 233 649 537 718; x_wconf 74' lang='grc' dir='ltr'>πρότερον,</span> <span class='ocrx_word' id='word_1_31' title='bbox 591 647 768 700; x_wconf 71' lang='grc' dir='ltr'>τοιάδε</span> <span class='ocrx_word' id='word_1_32' title='bbox 826 644 1117 716; x_wconf 72' lang='grc' dir='ltr'>παρρησίᾳ</span> <span class='ocrx_word' id='word_1_33' title='bbox 1173 644 1390 710; x_wconf 78' lang='grc' dir='ltr'>ἐξεῖπε·</span> <span class='ocrx_word' id='word_1_34' title='bbox 1448 661 1467 695; x_wconf 84' lang='grc' dir='ltr'><strong>ι</strong></span> <span class='ocrx_word' id='word_1_35' title='bbox 1514 644 1604 712; x_wconf 82' lang='grc' dir='ltr'><strong>Μή</strong></span> <span class='ocrx_word' id='word_1_36' title='bbox 1665 636 1822 708; x_wconf 83' lang='grc' dir='ltr'>σε,ὧ</span> 
     </span>
    </p>
   </div>
   <div class='ocr_carea' id='block_1_8' title="bbox 235 734 1819 809">
    <p class='ocr_par' dir='ltr' id='par_1_8' title="bbox 235 734 1819 809">
     <span class='ocr_line' id='line_1_8' title="bbox 235 734 1819 809; baseline -0.005 -17"><span class='ocrx_word' id='word_1_37' title='bbox 235 741 510 809; x_wconf 83' lang='grc' dir='ltr'>βέλτιστε.</span> <span class='ocrx_word' id='word_1_38' title='bbox 536 738 637 805; x_wconf 83' lang='grc' dir='ltr'>τῆς</span> <span class='ocrx_word' id='word_1_39' title='bbox 670 737 976 803; x_wconf 72' lang='grc' dir='ltr'><strong>φαντασίας</strong></span> <span class='ocrx_word' id='word_1_40' title='bbox 1025 739 1059 805; x_wconf 70' lang='grc' dir='ltr'><strong>η</strong></span> <span class='ocrx_word' id='word_1_41' title='bbox 1108 736 1285 805; x_wconf 80' lang='grc' dir='ltr'>σκηνὴ</span> <span class='ocrx_word' id='word_1_42' title='bbox 1321 734 1417 787; x_wconf 65' lang='grc' dir='ltr'><strong>καὶ</strong></span> <span class='ocrx_word' id='word_1_43' title='bbox 1450 734 1481 802; x_wconf 75' lang='grc' dir='ltr'><strong>ἠ</strong></span> <span class='ocrx_word' id='word_1_44' title='bbox 1530 734 1819 804; x_wconf 79' lang='grc' dir='ltr'><strong>ἀμπεχόνη</strong></span> 
     </span>
    </p>
   </div>
   <div class='ocr_carea' id='block_1_9' title="bbox 234 823 1816 895">
    <p class='ocr_par' dir='ltr' id='par_1_9' title="bbox 234 823 1816 895">
     <span class='ocr_line' id='line_1_9' title="bbox 234 823 1816 895; baseline -0.004 -14"><span class='ocrx_word' id='word_1_45' title='bbox 234 830 504 885; x_wconf 78' lang='grc' dir='ltr'>πλανάτω</span> <span class='ocrx_word' id='word_1_46' title='bbox 534 844 548 858; x_wconf 76' lang='grc'><strong>⁸</strong></span> <span class='ocrx_word' id='word_1_47' title='bbox 583 823 665 889; x_wconf 83' lang='grc' dir='ltr'>οἷς</span> <span class='ocrx_word' id='word_1_48' title='bbox 696 827 792 879; x_wconf 73' lang='grc' dir='ltr'>καὶ</span> <span class='ocrx_word' id='word_1_49' title='bbox 831 828 991 890; x_wconf 69' lang='grc' dir='ltr'>αὐτὸς</span> <span class='ocrx_word' id='word_1_50' title='bbox 1024 828 1124 879; x_wconf 84' lang='grc' dir='ltr'>οὑκ</span> <span class='ocrx_word' id='word_1_51' title='bbox 1160 828 1238 888; x_wconf 85' lang='grc' dir='ltr'><strong>είς</strong></span> <span class='ocrx_word' id='word_1_52' title='bbox 1286 826 1406 878; x_wconf 82' lang='grc' dir='ltr'>δέον</span> <span class='ocrx_word' id='word_1_53' title='bbox 1454 824 1816 895; x_wconf 75' lang='grc' dir='ltr'>παρασυρεὶς,</span> 
     </span>
    </p>
   </div>
   <div class='ocr_carea' id='block_1_10' title="bbox 237 916 1820 990">
    <p class='ocr_par' dir='ltr' id='par_1_10' title="bbox 237 916 1820 990">
     <span class='ocr_line' id='line_1_10' title="bbox 237 916 1820 990; baseline -0.004 -16"><span class='ocrx_word' id='word_1_54' title='bbox 237 924 434 975; x_wconf 73' lang='grc' dir='ltr'>ἔλαθον</span> <span class='ocrx_word' id='word_1_55' title='bbox 487 920 727 990; x_wconf 76' lang='grc' dir='ltr'>ἐμαυτὸν</span> <span class='ocrx_word' id='word_1_56' title='bbox 766 922 887 981; x_wconf 79' lang='grc' dir='ltr'>ταῖς</span> <span class='ocrx_word' id='word_1_57' title='bbox 940 919 1200 989; x_wconf 74' lang='grc' dir='ltr'><strong>ἐσχάταις</strong></span> <span class='ocrx_word' id='word_1_58' title='bbox 1253 920 1465 979; x_wconf 80' lang='grc' dir='ltr'><strong>ποιναῖς</strong></span> <span class='ocrx_word' id='word_1_59' title='bbox 1516 916 1820 969; x_wconf 78' lang='grc' dir='ltr'>ὑπεύθυνον</span> 
     </span>
    </p>
   </div>
   <div class='ocr_carea' id='block_1_11' title="bbox 238 1009 1819 1083">
    <p class='ocr_par' dir='ltr' id='par_1_11' title="bbox 238 1009 1819 1083">
     <span class='ocr_line' id='line_1_11' title="bbox 238 1009 1819 1083; baseline -0.003 -17"><span class='ocrx_word' id='word_1_60' title='bbox 238 1015 617 1082; x_wconf 75' lang='grc' dir='ltr'><strong>καταστήσας.</strong></span> <span class='ocrx_word' id='word_1_61' title='bbox 650 1014 740 1063; x_wconf 70' lang='grc' dir='ltr'><strong>Σοὶ</strong></span> <span class='ocrx_word' id='word_1_62' title='bbox 776 1012 834 1065; x_wconf 85' lang='grc' dir='ltr'>δὲ</span> <span class='ocrx_word' id='word_1_63' title='bbox 875 1010 1103 1081; x_wconf 76' lang='grc' dir='ltr'><strong>μελήσει</strong></span> <span class='ocrx_word' id='word_1_64' title='bbox 1136 1010 1230 1063; x_wconf 68' lang='grc' dir='ltr'><strong>καὶ</strong></span> <span class='ocrx_word' id='word_1_65' title='bbox 1260 1010 1359 1073; x_wconf 74' lang='grc' dir='ltr'><strong>τὰς</strong></span> <span class='ocrx_word' id='word_1_66' title='bbox 1397 1010 1535 1079; x_wconf 75' lang='grc' dir='ltr'>ἐμὰς</span> <span class='ocrx_word' id='word_1_67' title='bbox 1567 1009 1819 1083; x_wconf 79' lang='grc' dir='ltr'>ἁμαρτά-</span> 
     </span>
    </p>
   </div>
   <div class='ocr_carea' id='block_1_12' title="bbox 234 1098 1817 1171">
    <p class='ocr_par' dir='ltr' id='par_1_12' title="bbox 234 1098 1817 1171">
     <span class='ocr_line' id='line_1_12' title="bbox 234 1098 1817 1171; baseline -0.003 -16"><span class='ocrx_word' id='word_1_68' title='bbox 234 1105 333 1165; x_wconf 82' lang='grc' dir='ltr'><strong>δας</strong></span> <span class='ocrx_word' id='word_1_69' title='bbox 385 1102 750 1171; x_wconf 69' lang='grc' dir='ltr'><strong>ἐπανορθοῦν.</strong></span> <span class='ocrx_word' id='word_1_70' title='bbox 801 1100 1247 1169; x_wconf 73' lang='grc' dir='ltr'>Ἐπανορϐώσεις</span> <span class='ocrx_word' id='word_1_71' title='bbox 1278 1099 1355 1163; x_wconf 80' lang='grc' dir='ltr'>δὲ,</span> <span class='ocrx_word' id='word_1_72' title='bbox 1399 1099 1579 1161; x_wconf 79' lang='grc' dir='ltr'>καλῶς</span> <span class='ocrx_word' id='word_1_73' title='bbox 1608 1116 1666 1150; x_wconf 88' lang='grc' dir='ltr'><strong>τε</strong></span> <span class='ocrx_word' id='word_1_74' title='bbox 1702 1098 1817 1168; x_wconf 76' lang='grc' dir='ltr'>ἅμα</span> 
     </span>
    </p>
   </div>
   <div class='ocr_carea' id='block_1_13' title="bbox 237 1190 1819 1262">
    <p class='ocr_par' dir='ltr' id='par_1_13' title="bbox 237 1190 1819 1262">
     <span class='ocr_line' id='line_1_13' title="bbox 237 1190 1819 1262; baseline -0.003 -15"><span class='ocrx_word' id='word_1_75' title='bbox 237 1199 337 1247; x_wconf 75' lang='grc' dir='ltr'><strong>καὶ</strong></span> <span class='ocrx_word' id='word_1_76' title='bbox 368 1195 638 1253; x_wconf 55' lang='lat' dir='ltr'><strong>abi-.5106),</strong></span> <span class='ocrx_word' id='word_1_77' title='bbox 675 1193 938 1259; x_wconf 68' lang='grc' dir='ltr'>διεξᾶγων</span> <span class='ocrx_word' id='word_1_78' title='bbox 982 1192 1082 1262; x_wconf 81' lang='grc' dir='ltr'>τὴν</span> <span class='ocrx_word' id='word_1_79' title='bbox 1134 1192 1437 1244; x_wconf 76' lang='grc' dir='ltr'>πολιτείαν.</span> <span class='ocrx_word' id='word_1_80' title='bbox 1469 1190 1563 1259; x_wconf 76' lang='grc' dir='ltr'><strong>Μὴ</strong></span> <span class='ocrx_word' id='word_1_81' title='bbox 1611 1191 1819 1243; x_wconf 69' lang='grc' dir='ltr'>παντά-</span> 
     </span>
    </p>
   </div>
   <div class='ocr_carea' id='block_1_14' title="bbox 238 1282 1819 1355">
    <p class='ocr_par' dir='ltr' id='par_1_14' title="bbox 238 1282 1819 1355">
     <span class='ocr_line' id='line_1_14' title="bbox 238 1282 1819 1355; baseline -0.004 -14"><span class='ocrx_word' id='word_1_82' title='bbox 238 1306 381 1341; x_wconf 80' lang='grc' dir='ltr'>πασι</span> <span class='ocrx_word' id='word_1_83' title='bbox 436 1289 495 1341; x_wconf 71' lang='grc' dir='ltr'>δὲ</span> <span class='ocrx_word' id='word_1_84' title='bbox 532 1286 747 1349; x_wconf 82' lang='grc' dir='ltr'>τούτοις</span> <span class='ocrx_word' id='word_1_85' title='bbox 798 1285 954 1354; x_wconf 82' lang='grc' dir='ltr'>αίροῦ</span> <span class='ocrx_word' id='word_1_86' title='bbox 1006 1284 1294 1337; x_wconf 83' lang='grc' dir='ltr'>πείθεσθαι</span> <span class='ocrx_word' id='word_1_87' title='bbox 1344 1282 1495 1355; x_wconf 81' lang='grc' dir='ltr'>(τοὺς</span> <span class='ocrx_word' id='word_1_88' title='bbox 1548 1283 1819 1353; x_wconf 81' lang='grc' dir='ltr'>ἄρχοντας</span> 
     </span>
    </p>
   </div>
   <div class='ocr_carea' id='block_1_15' title="bbox 238 1364 1819 1443">
    <p class='ocr_par' dir='ltr' id='par_1_15' title="bbox 238 1364 1819 1443">
     <span class='ocr_line' id='line_1_15' title="bbox 238 1364 1819 1443; baseline -0.007 -14"><span class='ocrx_word' id='word_1_89' title='bbox 238 1374 596 1443; x_wconf 80' lang='grc' dir='ltr'>ύποδεικνύς)</span> <span class='ocrx_word' id='word_1_90' title='bbox 631 1389 644 1403; x_wconf 77' lang='grc' dir='ltr'><strong>ο</strong></span> <span class='ocrx_word' id='word_1_91' title='bbox 672 1373 898 1442; x_wconf 74' lang='grc' dir='ltr'>καὶγὰρ</span> <span class='ocrx_word' id='word_1_92' title='bbox 929 1370 1082 1425; x_wconf 76' lang='grc' dir='ltr'>αὐτοί</span> <span class='ocrx_word' id='word_1_93' title='bbox 1132 1387 1199 1440; x_wconf 89' lang='grc' dir='ltr'>με</span> <span class='ocrx_word' id='word_1_94' title='bbox 1233 1364 1313 1434; x_wconf 79' lang='grc' dir='ltr'>οἷς</span> <span class='ocrx_word' id='word_1_95' title='bbox 1343 1370 1474 1440; x_wconf 80' lang='grc' dir='ltr'>ὁρᾷς</span> <span class='ocrx_word' id='word_1_96' title='bbox 1502 1370 1697 1432; x_wconf 78' lang='grc' dir='ltr'>δεινοῖς</span> <span class='ocrx_word' id='word_1_97' title='bbox 1723 1384 1819 1419; x_wconf 87' lang='grc' dir='ltr'>πε-</span> 
     </span>
    </p>
   </div>
   <div class='ocr_carea' id='block_1_16' title="bbox 237 1456 1818 1538">
    <p class='ocr_par' dir='ltr' id='par_1_16' title="bbox 237 1456 1818 1538">
     <span class='ocr_line' id='line_1_16' title="bbox 237 1456 1818 1538; baseline -0.006 -19"><span class='ocrx_word' id='word_1_98' title='bbox 237 1467 425 1538; x_wconf 68' lang='grc' dir='ltr'>ριέϐα)</span> <span class='ocrx_word' id='word_1_99' title='bbox 439 1483 519 1519; x_wconf 88' lang='grc' dir='ltr'><strong>ον.</strong></span> <span class='ocrx_word' id='word_1_100' title='bbox 552 1483 573 1515; x_wconf 77' lang='grc' dir='ltr'><strong>ι</strong></span> <span class='ocrx_word' id='word_1_101' title='bbox 615 1464 727 1517; x_wconf 77' lang='grc' dir='ltr'><strong>Καὶ</strong></span> <span class='ocrx_word' id='word_1_102' title='bbox 754 1462 888 1519; x_wconf 70' lang='grc' dir='ltr'>ἄλλα</span> <span class='ocrx_word' id='word_1_103' title='bbox 916 1463 973 1515; x_wconf 71' lang='grc' dir='ltr'>δὲ</span> <span class='ocrx_word' id='word_1_104' title='bbox 1001 1462 1227 1516; x_wconf 79' lang='grc' dir='ltr'>τοιαῦτα</span> <span class='ocrx_word' id='word_1_105' title='bbox 1252 1460 1483 1530; x_wconf 74' lang='grc' dir='ltr'>ἐπῆγεν,</span> <span class='ocrx_word' id='word_1_106' title='bbox 1522 1459 1558 1513; x_wconf 77' lang='grc' dir='ltr'>ἃ.</span> <span class='ocrx_word' id='word_1_107' title='bbox 1579 1459 1643 1529; x_wconf 80' lang='grc' dir='ltr'>δὴ</span> <span class='ocrx_word' id='word_1_108' title='bbox 1679 1456 1818 1528; x_wconf 77' lang='grc' dir='ltr'>πρὸς</span> 
     </span>
    </p>
   </div>
   <div class='ocr_carea' id='block_1_17' title="bbox 230 1555 1813 1630">
    <p class='ocr_par' dir='ltr' id='par_1_17' title="bbox 230 1555 1813 1630">
     <span class='ocr_line' id='line_1_17' title="bbox 230 1555 1813 1630; baseline -0.005 -14"><span class='ocrx_word' id='word_1_109' title='bbox 230 1561 584 1630; x_wconf 64' lang='grc' dir='ltr'>κατάπληξιν</span> <span class='ocrx_word' id='word_1_110' title='bbox 636 1561 733 1614; x_wconf 74' lang='grc' dir='ltr'>καὶ</span> <span class='ocrx_word' id='word_1_111' title='bbox 809 1557 1059 1629; x_wconf 75' lang='grc' dir='ltr'>δακρύων</span> <span class='ocrx_word' id='word_1_112' title='bbox 1106 1558 1369 1629; x_wconf 73' lang='grc' dir='ltr'>κρουνοὺς</span> <span class='ocrx_word' id='word_1_113' title='bbox 1419 1555 1813 1625; x_wconf 78' lang='grc' dir='ltr'>παρεκίνησεν.</span> 
     </span>
    </p>
   </div>
   <div class='ocr_carea' id='block_1_18' title="bbox 233 1644 1814 1720">
    <p class='ocr_par' dir='ltr' id='par_1_18' title="bbox 233 1644 1814 1720">
     <span class='ocr_line' id='line_1_18' title="bbox 233 1644 1814 1720; baseline -0.007 -13"><span class='ocrx_word' id='word_1_114' title='bbox 233 1655 514 1720; x_wconf 79' lang='grc' dir='ltr'>’Υστερον</span> <span class='ocrx_word' id='word_1_115' title='bbox 545 1652 601 1705; x_wconf 76' lang='grc' dir='ltr'>δὲ</span> <span class='ocrx_word' id='word_1_116' title='bbox 631 1653 849 1705; x_wconf 63' lang='grc' dir='ltr'>πάντων</span> <span class='ocrx_word' id='word_1_117' title='bbox 880 1650 1130 1719; x_wconf 76' lang='grc' dir='ltr'>ἐπήγαγε</span> <span class='ocrx_word' id='word_1_118' title='bbox 1155 1666 1171 1682; x_wconf 78' lang='grc' dir='ltr'><strong><em>ο</em></strong></span> <span class='ocrx_word' id='word_1_119' title='bbox 1215 1666 1233 1699; x_wconf 78' lang='grc' dir='ltr'><strong>ι</strong></span> <span class='ocrx_word' id='word_1_120' title='bbox 1283 1647 1530 1716; x_wconf 83' lang='grc' dir='ltr'>Τίμησον</span> <span class='ocrx_word' id='word_1_121' title='bbox 1562 1646 1653 1700; x_wconf 74' lang='grc' dir='ltr'>τὸν</span> <span class='ocrx_word' id='word_1_122' title='bbox 1679 1644 1814 1697; x_wconf 82' lang='grc' dir='ltr'>Θεὸν</span> 
     </span>
    </p>
   </div>
   <div class='ocr_carea' id='block_1_19' title="bbox 232 1737 1814 1816">
    <p class='ocr_par' dir='ltr' id='par_1_19' title="bbox 232 1737 1814 1816">
     <span class='ocr_line' id='line_1_19' title="bbox 232 1737 1814 1816; baseline -0.008 -17"><span class='ocrx_word' id='word_1_123' title='bbox 232 1748 334 1801; x_wconf 71' lang='grc' dir='ltr'>καὶ</span> <span class='ocrx_word' id='word_1_124' title='bbox 363 1746 468 1816; x_wconf 82' lang='grc' dir='ltr'>τὴν</span> <span class='ocrx_word' id='word_1_125' title='bbox 496 1743 845 1810; x_wconf 80' lang='grc' dir='ltr'>Ἐκκλησίαν</span> <span class='ocrx_word' id='word_1_126' title='bbox 868 1740 1053 1805; x_wconf 73' lang='grc' dir='ltr'>αὑτοῦ,</span> <span class='ocrx_word' id='word_1_127' title='bbox 1084 1741 1178 1792; x_wconf 72' lang='grc' dir='ltr'>καὶ</span> <span class='ocrx_word' id='word_1_128' title='bbox 1219 1739 1319 1809; x_wconf 77' lang='grc' dir='ltr'>τὴν</span> <span class='ocrx_word' id='word_1_129' title='bbox 1375 1740 1543 1791; x_wconf 72' lang='grc' dir='ltr'>παλαι</span> <span class='ocrx_word' id='word_1_130' title='bbox 1581 1737 1678 1807; x_wconf 79' lang='grc' dir='ltr'>μὲν</span> <span class='ocrx_word' id='word_1_131' title='bbox 1716 1737 1814 1805; x_wconf 78' lang='grc' dir='ltr'>σὴν</span> 
     </span>
    </p>
   </div>
   <div class='ocr_carea' id='block_1_20' title="bbox 1924 555 3483 639">
    <p class='ocr_par' dir='ltr' id='par_1_20' title="bbox 1924 555 3483 639">
     <span class='ocr_line' id='line_1_20' title="bbox 1924 555 3483 639; baseline 0.011 -31"><span class='ocrx_word' id='word_1_132' title='bbox 1924 555 2331 623; x_wconf 87' lang='lat' dir='ltr'><strong>imperatoriam</strong></span> <span class='ocrx_word' id='word_1_133' title='bbox 2364 575 2622 613; x_wconf 79' lang='lat' dir='ltr'><strong>coronam</strong></span> <span class='ocrx_word' id='word_1_134' title='bbox 2688 564 3001 632; x_wconf 74' lang='lat' dir='ltr'><strong>sustollens,</strong></span> <span class='ocrx_word' id='word_1_135' title='bbox 3043 583 3483 639; x_wconf 81' lang='lat' dir='ltr'><strong>purpureamque</strong></span> 
     </span>
    </p>
   </div>
   <div class='ocr_carea' id='block_1_21' title="bbox 1924 649 3484 725">
    <p class='ocr_par' dir='ltr' id='par_1_21' title="bbox 1924 649 3484 725">
     <span class='ocr_line' id='line_1_21' title="bbox 1924 649 3484 725; baseline 0.013 -31"><span class='ocrx_word' id='word_1_136' title='bbox 1924 655 2154 710; x_wconf 86' lang='lat' dir='ltr'><strong>vestem,</strong></span> <span class='ocrx_word' id='word_1_137' title='bbox 2179 656 2239 701; x_wconf 89' lang='lat' dir='ltr'><strong>ut</strong></span> <span class='ocrx_word' id='word_1_138' title='bbox 2269 663 2332 703; x_wconf 90' lang='lat' dir='ltr'><strong>ea</strong></span> <span class='ocrx_word' id='word_1_139' title='bbox 2368 649 2590 704; x_wconf 84' lang='lat' dir='ltr'><strong>Tiberio</strong></span> <span class='ocrx_word' id='word_1_140' title='bbox 2624 651 2949 722; x_wconf 77' lang='lat' dir='ltr'><strong>imponeret,</strong></span> <span class='ocrx_word' id='word_1_141' title='bbox 2978 658 3071 725; x_wconf 90' lang='lat' dir='ltr'><strong>qui</strong></span> <span class='ocrx_word' id='word_1_142' title='bbox 3108 673 3297 714; x_wconf 85' lang='lat' dir='ltr'><strong>comes</strong></span> <span class='ocrx_word' id='word_1_143' title='bbox 3324 672 3484 715; x_wconf 87' lang='lat' dir='ltr'><strong>antea</strong></span> 
     </span>
    </p>
   </div>
   <div class='ocr_carea' id='block_1_22' title="bbox 1923 737 3483 813">
    <p class='ocr_par' dir='ltr' id='par_1_22' title="bbox 1923 737 3483 813">
     <span class='ocr_line' id='line_1_22' title="bbox 1923 737 3483 813; baseline 0.011 -24"><span class='ocrx_word' id='word_1_144' title='bbox 1923 737 2304 791; x_wconf 75' lang='lat' dir='ltr'><strong>excubitorum</strong></span> <span class='ocrx_word' id='word_1_145' title='bbox 2384 739 2583 804; x_wconf 82' lang='lat' dir='ltr'><strong>fuerat,</strong></span> <span class='ocrx_word' id='word_1_146' title='bbox 2639 742 2711 797; x_wconf 83' lang='lat' dir='ltr'><strong>ita</strong></span> <span class='ocrx_word' id='word_1_147' title='bbox 2767 746 3049 813; x_wconf 86' lang='lat' dir='ltr'><strong>propalam</strong></span> <span class='ocrx_word' id='word_1_148' title='bbox 3090 750 3255 804; x_wconf 86' lang='lat' dir='ltr'><strong>verba</strong></span> <span class='ocrx_word' id='word_1_149' title='bbox 3313 752 3483 805; x_wconf 77' lang='lat' dir='ltr'><strong>fecit:</strong></span> 
     </span>
    </p>
   </div>
   <div class='ocr_carea' id='block_1_23' title="bbox 1928 827 3484 905">
    <p class='ocr_par' dir='ltr' id='par_1_23' title="bbox 1928 827 3484 905">
     <span class='ocr_line' id='line_1_23' title="bbox 1928 827 3484 905; baseline 0.012 -27"><span class='ocrx_word' id='word_1_150' title='bbox 1928 845 1946 878; x_wconf 78' lang='grc' dir='ltr'><strong>ι</strong></span> <span class='ocrx_word' id='word_1_151' title='bbox 1976 827 2049 881; x_wconf 78' lang='lat' dir='ltr'><strong>Ne</strong></span> <span class='ocrx_word' id='word_1_152' title='bbox 2080 839 2151 893; x_wconf 88' lang='lat' dir='ltr'><strong>Ie,</strong></span> <span class='ocrx_word' id='word_1_153' title='bbox 2184 830 2268 883; x_wconf 78' lang='lat' dir='ltr'><strong>vir</strong></span> <span class='ocrx_word' id='word_1_154' title='bbox 2293 832 2519 899; x_wconf 84' lang='lat' dir='ltr'><strong>optime,</strong></span> <span class='ocrx_word' id='word_1_155' title='bbox 2558 834 2749 887; x_wconf 88' lang='lat' dir='ltr'><strong>umbra</strong></span> <span class='ocrx_word' id='word_1_156' title='bbox 2782 835 2881 889; x_wconf 89' lang='lat' dir='ltr'><strong>ista</strong></span> <span class='ocrx_word' id='word_1_157' title='bbox 2916 837 3215 905; x_wconf 74' lang='lat' dir='ltr'><strong>phantasia:</strong></span> <span class='ocrx_word' id='word_1_158' title='bbox 3246 857 3342 895; x_wconf 90' lang='lat' dir='ltr'><strong>seu</strong></span> <span class='ocrx_word' id='word_1_159' title='bbox 3392 859 3484 904; x_wconf 84' lang='lat' dir='ltr'><strong>ap-</strong></span> 
     </span>
    </p>
   </div>
   <div class='ocr_carea' id='block_1_24' title="bbox 1921 919 3480 998">
    <p class='ocr_par' dir='ltr' id='par_1_24' title="bbox 1921 919 3480 998">
     <span class='ocr_line' id='line_1_24' title="bbox 1921 919 3480 998; baseline 0.009 -29"><span class='ocrx_word' id='word_1_160' title='bbox 1921 928 2145 985; x_wconf 81' lang='lat' dir='ltr'><strong>paratus</strong></span> <span class='ocrx_word' id='word_1_161' title='bbox 2198 919 2360 987; x_wconf 83' lang='lat' dir='ltr'><strong>hujus</strong></span> <span class='ocrx_word' id='word_1_162' title='bbox 2415 931 2471 974; x_wconf 90' lang='lat' dir='ltr'><strong>et</strong></span> <span class='ocrx_word' id='word_1_163' title='bbox 2505 923 2671 977; x_wconf 83' lang='lat' dir='ltr'><strong>vestis</strong></span> <span class='ocrx_word' id='word_1_164' title='bbox 2706 923 2822 979; x_wconf 69' lang='lat' dir='ltr'><strong>hazc</strong></span> <span class='ocrx_word' id='word_1_165' title='bbox 2856 926 3132 995; x_wconf 85' lang='lat' dir='ltr'><strong>decipiat:</strong></span> <span class='ocrx_word' id='word_1_166' title='bbox 3186 929 3390 998; x_wconf 85' lang='lat' dir='ltr'><strong>quibus</strong></span> <span class='ocrx_word' id='word_1_167' title='bbox 3431 941 3480 983; x_wconf 84' lang='lat' dir='ltr'><strong>et</strong></span> 
     </span>
    </p>
   </div>
   <div class='ocr_carea' id='block_1_25' title="bbox 1928 1007 3480 1087">
    <p class='ocr_par' dir='ltr' id='par_1_25' title="bbox 1928 1007 3480 1087">
     <span class='ocr_line' id='line_1_25' title="bbox 1928 1007 3480 1087; baseline 0.009 -27"><span class='ocrx_word' id='word_1_168' title='bbox 1928 1007 2065 1075; x_wconf 81' lang='lat' dir='ltr'><strong>ipse,</strong></span> <span class='ocrx_word' id='word_1_169' title='bbox 2095 1021 2457 1077; x_wconf 83' lang='lat' dir='ltr'><strong>praeterquam</strong></span> <span class='ocrx_word' id='word_1_170' title='bbox 2482 1010 2726 1077; x_wconf 83' lang='lat' dir='ltr'><strong>deceret,</strong></span> <span class='ocrx_word' id='word_1_171' title='bbox 2760 1015 3113 1069; x_wconf 87' lang='lat' dir='ltr'><strong>transversim</strong></span> <span class='ocrx_word' id='word_1_172' title='bbox 3138 1029 3345 1087; x_wconf 87' lang='lat' dir='ltr'><strong>raptus,</strong></span> <span class='ocrx_word' id='word_1_173' title='bbox 3376 1036 3480 1074; x_wconf 79' lang='lat' dir='ltr'><strong>non</strong></span> 
     </span>
    </p>
   </div>
   <div class='ocr_carea' id='block_1_26' title="bbox 1921 1098 3478 1173">
    <p class='ocr_par' dir='ltr' id='par_1_26' title="bbox 1921 1098 3478 1173">
     <span class='ocr_line' id='line_1_26' title="bbox 1921 1098 3478 1173; baseline 0.008 -23"><span class='ocrx_word' id='word_1_174' title='bbox 1921 1098 2066 1151; x_wconf 84' lang='lat' dir='ltr'><strong>sensi</strong></span> <span class='ocrx_word' id='word_1_175' title='bbox 2104 1099 2373 1168; x_wconf 87' lang='lat' dir='ltr'><strong>meipsum</strong></span> <span class='ocrx_word' id='word_1_176' title='bbox 2402 1102 2671 1169; x_wconf 85' lang='lat' dir='ltr'><strong>supremis</strong></span> <span class='ocrx_word' id='word_1_177' title='bbox 2701 1105 2883 1173; x_wconf 66' lang='lat' dir='ltr'><strong>poenis</strong></span> <span class='ocrx_word' id='word_1_178' title='bbox 2906 1105 3201 1162; x_wconf 62' lang='lat' dir='ltr'><strong>obnoxium</strong></span> <span class='ocrx_word' id='word_1_179' title='bbox 3232 1110 3478 1165; x_wconf 73' lang='lat' dir='ltr'><strong>reddere.</strong></span> 
     </span>
    </p>
   </div>
   <div class='ocr_carea' id='block_1_27' title="bbox 1919 1174 3504 1265">
    <p class='ocr_par' dir='ltr' id='par_1_27' title="bbox 1919 1174 3504 1265">
     <span class='ocr_line' id='line_1_27' title="bbox 1919 1174 3504 1265; baseline 0.007 -25"><span class='ocrx_word' id='word_1_180' title='bbox 1919 1187 2042 1242; x_wconf 81' lang='lat' dir='ltr'><strong>Tibi</strong></span> <span class='ocrx_word' id='word_1_181' title='bbox 2065 1203 2198 1243; x_wconf 87' lang='lat' dir='ltr'><strong>vero</strong></span> <span class='ocrx_word' id='word_1_182' title='bbox 2224 1203 2368 1243; x_wconf 70' lang='lat' dir='ltr'><strong>curae</strong></span> <span class='ocrx_word' id='word_1_183' title='bbox 2398 1190 2525 1255; x_wconf 86' lang='lat' dir='ltr'><strong>erit,</strong></span> <span class='ocrx_word' id='word_1_184' title='bbox 2556 1201 2617 1245; x_wconf 89' lang='lat' dir='ltr'><strong>ut</strong></span> <span class='ocrx_word' id='word_1_185' title='bbox 2651 1202 2872 1261; x_wconf 73' lang='lat' dir='ltr'><strong>peccata</strong></span> <span class='ocrx_word' id='word_1_186' title='bbox 2905 1210 3123 1265; x_wconf 89' lang='lat' dir='ltr'><strong>quoque</strong></span> <span class='ocrx_word' id='word_1_187' title='bbox 3164 1212 3283 1252; x_wconf 89' lang='lat' dir='ltr'><strong>mea</strong></span> <span class='ocrx_word' id='word_1_188' title='bbox 3317 1174 3504 1265; x_wconf 68' lang='grc' dir='ltr'>ροττίοέ</span> 
     </span>
    </p>
   </div>
   <div class='ocr_carea' id='block_1_28' title="bbox 1918 1237 3511 1375">
    <p class='ocr_par' dir='ltr' id='par_1_28' title="bbox 1918 1237 3511 1375">
     <span class='ocr_line' id='line_1_28' title="bbox 1928 1237 3459 1265; baseline 0.007 -25"><span class='ocrx_word' id='word_1_189' title='bbox 1928 1237 2042 1242; x_wconf 71' lang='lat'>_-__</span> <span class='ocrx_word' id='word_1_190' title='bbox 2079 1237 2192 1243; x_wconf 53' lang='grc' dir='ltr'><strong>--η</strong></span> <span class='ocrx_word' id='word_1_191' title='bbox 2231 1237 2367 1243; x_wconf 60' lang='grc' dir='ltr'><strong>---η</strong></span> <span class='ocrx_word' id='word_1_192' title='bbox 2402 1237 2525 1255; x_wconf 73' lang='lat'><strong>----,</strong></span> <span class='ocrx_word' id='word_1_193' title='bbox 2560 1237 2617 1245; x_wconf 81' lang='lat'><strong>_-</strong></span> <span class='ocrx_word' id='word_1_194' title='bbox 2651 1237 2872 1261; x_wconf 47' lang='grc' dir='ltr'>μνη...</span> <span class='ocrx_word' id='word_1_195' title='bbox 2906 1237 3123 1265; x_wconf 45' lang='lat' dir='ltr'><strong>Tm,“</strong></span> <span class='ocrx_word' id='word_1_196' title='bbox 3165 1237 3283 1252; x_wconf 63' lang='grc' dir='ltr'>...η</span> <span class='ocrx_word' id='word_1_197' title='bbox 3318 1237 3459 1252; x_wconf 69' lang='grc' dir='ltr'>ιν...</span> 
     </span>
     <span class='ocr_line' id='line_1_29' title="bbox 1918 1237 3511 1375; baseline 0.009 -46"><span class='ocrx_word' id='word_1_198' title='bbox 1918 1291 2033 1344; x_wconf 75' lang='lat' dir='ltr'><strong>gas.</strong></span> <span class='ocrx_word' id='word_1_199' title='bbox 2070 1276 2327 1348; x_wconf 79' lang='lat' dir='ltr'><strong>Corriges</strong></span> <span class='ocrx_word' id='word_1_200' title='bbox 2357 1291 2560 1343; x_wconf 87' lang='lat' dir='ltr'><strong>autem,</strong></span> <span class='ocrx_word' id='word_1_201' title='bbox 2596 1281 2640 1335; x_wconf 88' lang='lat' dir='ltr'><strong>si</strong></span> <span class='ocrx_word' id='word_1_202' title='bbox 2693 1294 2842 1337; x_wconf 89' lang='lat' dir='ltr'><strong>recte</strong></span> <span class='ocrx_word' id='word_1_203' title='bbox 2868 1295 2924 1338; x_wconf 91' lang='lat' dir='ltr'><strong>et</strong></span> <span class='ocrx_word' id='word_1_204' title='bbox 2982 1285 3217 1356; x_wconf 77' lang='lat' dir='ltr'><strong>benigne</strong></span> <span class='ocrx_word' id='word_1_205' title='bbox 3260 1237 3511 1375; x_wconf 52' lang='lat' dir='ltr'><strong>rempu-E</strong></span> 
     </span>
    </p>
   </div>
   <div class='ocr_carea' id='block_1_29' title="bbox 1917 1363 3513 1447">
    <p class='ocr_par' dir='ltr' id='par_1_29' title="bbox 1917 1363 3513 1447">
     <span class='ocr_line' id='line_1_30' title="bbox 1917 1363 3513 1447; baseline 0.007 -28"><span class='ocrx_word' id='word_1_206' title='bbox 1917 1363 2118 1420; x_wconf 87' lang='lat' dir='ltr'><strong>blicam</strong></span> <span class='ocrx_word' id='word_1_207' title='bbox 2148 1367 2559 1424; x_wconf 87' lang='lat' dir='ltr'><strong>administrabis</strong></span> <span class='ocrx_word' id='word_1_208' title='bbox 2590 1388 2603 1423; x_wconf 90' lang='lat'><strong>:</strong></span> <span class='ocrx_word' id='word_1_209' title='bbox 2639 1386 2742 1425; x_wconf 92' lang='lat' dir='ltr'><strong>nec</strong></span> <span class='ocrx_word' id='word_1_210' title='bbox 2767 1373 2992 1428; x_wconf 89' lang='lat' dir='ltr'><strong>omnino</strong></span> <span class='ocrx_word' id='word_1_211' title='bbox 3017 1374 3137 1429; x_wconf 86' lang='lat' dir='ltr'><strong>istis</strong></span> <span class='ocrx_word' id='word_1_212' title='bbox 3162 1376 3257 1430; x_wconf 92' lang='lat' dir='ltr'><strong>tibi</strong></span> <span class='ocrx_word' id='word_1_213' title='bbox 3285 1391 3455 1445; x_wconf 89' lang='lat' dir='ltr'><strong>paren</strong></span> 
     </span>
    </p>
   </div>
   <div class='ocr_carea' id='block_1_30' title="bbox 1917 1450 3533 1534">
    <p class='ocr_par' dir='ltr' id='par_1_30' title="bbox 1917 1450 3533 1534">
     <span class='ocr_line' id='line_1_31' title="bbox 1917 1450 3533 1534; baseline 0.009 -27"><span class='ocrx_word' id='word_1_214' title='bbox 1917 1454 2048 1507; x_wconf 86' lang='lat' dir='ltr'><strong>dum</strong></span> <span class='ocrx_word' id='word_1_215' title='bbox 2075 1455 2183 1509; x_wconf 91' lang='lat' dir='ltr'><strong>erit</strong></span> <span class='ocrx_word' id='word_1_216' title='bbox 2215 1456 2515 1527; x_wconf 87' lang='lat' dir='ltr'><strong>(principes</strong></span> <span class='ocrx_word' id='word_1_217' title='bbox 2548 1458 2982 1526; x_wconf 85' lang='lat' dir='ltr'><strong>demonstrans),</strong></span> <span class='ocrx_word' id='word_1_218' title='bbox 3024 1478 3148 1517; x_wconf 90' lang='lat' dir='ltr'><strong>nam</strong></span> <span class='ocrx_word' id='word_1_219' title='bbox 3174 1473 3229 1519; x_wconf 91' lang='lat' dir='ltr'><strong>et</strong></span> <span class='ocrx_word' id='word_1_220' title='bbox 3250 1466 3353 1534; x_wconf 89' lang='lat' dir='ltr'><strong>ipsi</strong></span> <span class='ocrx_word' id='word_1_221' title='bbox 3400 1450 3533 1523; x_wconf 31' lang='lat' dir='ltr'><strong>me“;</strong></span> 
     </span>
    </p>
   </div>
   <div class='ocr_carea' id='block_1_31' title="bbox 1918 1547 3483 1625">
    <p class='ocr_par' dir='ltr' id='par_1_31' title="bbox 1918 1547 3483 1625">
     <span class='ocr_line' id='line_1_32' title="bbox 1918 1547 3483 1625; baseline 0.008 -27"><span class='ocrx_word' id='word_1_222' title='bbox 1918 1547 1975 1598; x_wconf 92' lang='lat' dir='ltr'><strong>in</strong></span> <span class='ocrx_word' id='word_1_223' title='bbox 2011 1560 2107 1600; x_wconf 90' lang='lat' dir='ltr'><strong>eas</strong></span> <span class='ocrx_word' id='word_1_224' title='bbox 2167 1562 2304 1616; x_wconf 88' lang='lat' dir='ltr'><strong>quas</strong></span> <span class='ocrx_word' id='word_1_225' title='bbox 2356 1550 2541 1604; x_wconf 85' lang='lat' dir='ltr'><strong>cernis</strong></span> <span class='ocrx_word' id='word_1_226' title='bbox 2576 1566 2849 1607; x_wconf 63' lang='lat' dir='ltr'><strong>aerumnas</strong></span> <span class='ocrx_word' id='word_1_227' title='bbox 2900 1555 3274 1625; x_wconf 90' lang='lat' dir='ltr'><strong>conjecerunt.</strong></span> <span class='ocrx_word' id='word_1_228' title='bbox 3310 1576 3329 1609; x_wconf 71' lang='grc' dir='ltr'><strong>ι</strong></span> <span class='ocrx_word' id='word_1_229' title='bbox 3368 1556 3483 1611; x_wconf 85' lang='lat' dir='ltr'><strong>Alia</strong></span> 
     </span>
    </p>
   </div>
   <div class='ocr_carea' id='block_1_32' title="bbox 1916 1633 3482 1711">
    <p class='ocr_par' dir='ltr' id='par_1_32' title="bbox 1916 1633 3482 1711">
     <span class='ocr_line' id='line_1_33' title="bbox 1916 1633 3482 1711; baseline 0.008 -22"><span class='ocrx_word' id='word_1_230' title='bbox 1916 1633 2145 1704; x_wconf 82' lang='lat' dir='ltr'><strong>insuper</strong></span> <span class='ocrx_word' id='word_1_231' title='bbox 2168 1637 2288 1705; x_wconf 82' lang='lat' dir='ltr'><strong>ejus</strong></span> <span class='ocrx_word' id='word_1_232' title='bbox 2316 1639 2534 1706; x_wconf 80' lang='lat' dir='ltr'><strong>generis</strong></span> <span class='ocrx_word' id='word_1_233' title='bbox 2558 1640 2806 1707; x_wconf 79' lang='lat' dir='ltr'><strong>adduxit,</strong></span> <span class='ocrx_word' id='word_1_234' title='bbox 2842 1658 2963 1711; x_wconf 71' lang='lat' dir='ltr'><strong>quae</strong></span> <span class='ocrx_word' id='word_1_235' title='bbox 2986 1645 3052 1699; x_wconf 89' lang='lat' dir='ltr'><strong>ad</strong></span> <span class='ocrx_word' id='word_1_236' title='bbox 3082 1649 3482 1701; x_wconf 89' lang='lat' dir='ltr'><strong>consternatio-</strong></span> 
     </span>
    </p>
   </div>
   <div class='ocr_carea' id='block_1_33' title="bbox 1920 1728 3483 1800">
    <p class='ocr_par' dir='ltr' id='par_1_33' title="bbox 1920 1728 3483 1800">
     <span class='ocr_line' id='line_1_34' title="bbox 1920 1728 3483 1800; baseline 0.012 -21"><span class='ocrx_word' id='word_1_237' title='bbox 1920 1741 2047 1780; x_wconf 86' lang='lat' dir='ltr'><strong>nem</strong></span> <span class='ocrx_word' id='word_1_238' title='bbox 2085 1737 2144 1782; x_wconf 91' lang='lat' dir='ltr'><strong>et</strong></span> <span class='ocrx_word' id='word_1_239' title='bbox 2176 1728 2442 1800; x_wconf 80' lang='lat' dir='ltr'><strong>lacrymas</strong></span> <span class='ocrx_word' id='word_1_240' title='bbox 2476 1730 2712 1799; x_wconf 83' lang='lat' dir='ltr'><strong>prolian</strong></span> <span class='ocrx_word' id='word_1_241' title='bbox 2728 1733 3003 1789; x_wconf 83' lang='lat' dir='ltr'><strong>auditores</strong></span> <span class='ocrx_word' id='word_1_242' title='bbox 3050 1749 3483 1798; x_wconf 87' lang='lat' dir='ltr'><strong>commoverunt.</strong></span> 
     </span>
    </p>
   </div>
   <div class='ocr_carea' id='block_1_34' title="bbox 231 1804 1816 1909">
    <p class='ocr_par' dir='ltr' id='par_1_34' title="bbox 231 1804 1816 1909">
     <span class='ocr_line' id='line_1_35' title="bbox 231 1804 1816 1909; baseline -0.006 -17"><span class='ocrx_word' id='word_1_243' title='bbox 231 1804 441 1909; x_wconf 70' lang='grc' dir='ltr'>κυρίαν</span> <span class='ocrx_word' id='word_1_244' title='bbox 478 1836 572 1889; x_wconf 72' lang='grc' dir='ltr'>καὶ</span> <span class='ocrx_word' id='word_1_245' title='bbox 597 1804 911 1898; x_wconf 74' lang='grc' dir='ltr'>δέσποιναν,</span> <span class='ocrx_word' id='word_1_246' title='bbox 944 1804 1047 1885; x_wconf 81' lang='grc' dir='ltr'>νῦν</span> <span class='ocrx_word' id='word_1_247' title='bbox 1071 1833 1125 1885; x_wconf 78' lang='grc' dir='ltr'>δέ</span> <span class='ocrx_word' id='word_1_248' title='bbox 1155 1849 1249 1884; x_wconf 93' lang='grc' dir='ltr'><strong>σου</strong></span> <span class='ocrx_word' id='word_1_249' title='bbox 1275 1804 1495 1901; x_wconf 69' lang='grc' dir='ltr'><strong>⁷μητέρα</strong></span> <span class='ocrx_word' id='word_1_250' title='bbox 1522 1867 1539 1885; x_wconf 89' lang='grc'><strong>.</strong></span> <span class='ocrx_word' id='word_1_251' title='bbox 1572 1804 1632 1884; x_wconf 67' lang='lat' dir='ltr'><strong>ili</strong></span> <span class='ocrx_word' id='word_1_252' title='bbox 1664 1831 1816 1900; x_wconf 85' lang='grc' dir='ltr'>ἔχον-</span> 
     </span>
    </p>
   </div>
   <div class='ocr_carea' id='block_1_35' title="bbox 1919 1804 3483 1909">
    <p class='ocr_par' dir='ltr' id='par_1_35' title="bbox 1919 1817 3483 1885">
     <span class='ocr_line' id='line_1_36' title="bbox 1919 1817 3483 1885; baseline 0.009 -14"><span class='ocrx_word' id='word_1_253' title='bbox 1919 1817 2198 1874; x_wconf 88' lang='lat' dir='ltr'><strong>Postremo</strong></span> <span class='ocrx_word' id='word_1_254' title='bbox 2236 1836 2363 1875; x_wconf 83' lang='lat' dir='ltr'><strong>vero</strong></span> <span class='ocrx_word' id='word_1_255' title='bbox 2390 1823 2635 1876; x_wconf 89' lang='lat' dir='ltr'><strong>omnium</strong></span> <span class='ocrx_word' id='word_1_256' title='bbox 2666 1823 2883 1879; x_wconf 86' lang='lat' dir='ltr'><strong>intulit:</strong></span> <span class='ocrx_word' id='word_1_257' title='bbox 2930 1844 2949 1877; x_wconf 76' lang='grc' dir='ltr'><strong>ι</strong></span> <span class='ocrx_word' id='word_1_258' title='bbox 2976 1826 3193 1883; x_wconf 84' lang='lat' dir='ltr'><strong>Honora</strong></span> <span class='ocrx_word' id='word_1_259' title='bbox 3228 1830 3398 1883; x_wconf 90' lang='lat' dir='ltr'><strong>Deum</strong></span> <span class='ocrx_word' id='word_1_260' title='bbox 3430 1840 3483 1885; x_wconf 85' lang='lat' dir='ltr'><strong>ct</strong></span> 
     </span>
    </p>
   </div>
   <div class='ocr_carea' id='block_1_36' title="bbox 230 1919 1809 1997">
    <p class='ocr_par' dir='ltr' id='par_1_36' title="bbox 230 1919 1809 1997">
     <span class='ocr_line' id='line_1_37' title="bbox 230 1919 1809 1997; baseline -0.003 -15"><span class='ocrx_word' id='word_1_261' title='bbox 230 1948 327 1993; x_wconf 87' lang='grc' dir='ltr'><strong>τες</strong></span> <span class='ocrx_word' id='word_1_262' title='bbox 359 1929 555 1982; x_wconf 77' lang='grc' dir='ltr'>οὐσίαν</span> <span class='ocrx_word' id='word_1_263' title='bbox 603 1926 876 1997; x_wconf 70' lang='grc' dir='ltr'>ἐχέτωσαν</span> <span class='ocrx_word' id='word_1_264' title='bbox 905 1940 920 1956; x_wconf 78' lang='grc' dir='ltr'><strong>ο</strong></span> <span class='ocrx_word' id='word_1_265' title='bbox 957 1919 1037 1987; x_wconf 75' lang='grc' dir='ltr'>οἷς</span> <span class='ocrx_word' id='word_1_266' title='bbox 1090 1924 1164 1994; x_wconf 85' lang='grc' dir='ltr'>μὴ</span> <span class='ocrx_word' id='word_1_267' title='bbox 1218 1925 1504 1992; x_wconf 79' lang='grc' dir='ltr'>πρόσεστι,</span> <span class='ocrx_word' id='word_1_268' title='bbox 1540 1924 1809 1993; x_wconf 72' lang='grc' dir='ltr'>δὼρησαι.</span> 
     </span>
    </p>
   </div>
   <div class='ocr_carea' id='block_1_37' title="bbox 204 2012 1812 2090">
    <p class='ocr_par' dir='ltr' id='par_1_37' title="bbox 204 2012 1812 2090">
     <span class='ocr_line' id='line_1_38' title="bbox 204 2012 1812 2090; baseline -0.007 -14"><span class='ocrx_word' id='word_1_269' title='bbox 204 2024 459 2090; x_wconf 58' lang='grc' dir='ltr'>ν⁹Ωσπερ</span> <span class='ocrx_word' id='word_1_270' title='bbox 510 2020 567 2073; x_wconf 74' lang='grc' dir='ltr'>δὲ</span> <span class='ocrx_word' id='word_1_271' title='bbox 615 2016 819 2084; x_wconf 84' lang='grc' dir='ltr'>σαυτῷ,</span> <span class='ocrx_word' id='word_1_272' title='bbox 858 2013 1002 2067; x_wconf 78' lang='grc' dir='ltr'>οὕτω</span> <span class='ocrx_word' id='word_1_273' title='bbox 1043 2015 1136 2067; x_wconf 75' lang='grc' dir='ltr'>καὶ</span> <span class='ocrx_word' id='word_1_274' title='bbox 1171 2016 1309 2067; x_wconf 70' lang='grc' dir='ltr'>πᾶσι</span> <span class='ocrx_word' id='word_1_275' title='bbox 1345 2013 1604 2082; x_wconf 81' lang='grc' dir='ltr'>πρόσεχε.</span> <span class='ocrx_word' id='word_1_276' title='bbox 1636 2012 1812 2065; x_wconf 77' lang='grc' dir='ltr'>Γνῶθι</span> 
     </span>
    </p>
   </div>
   <div class='ocr_carea' id='block_1_38' title="bbox 234 2100 1813 2184">
    <p class='ocr_par' dir='ltr' id='par_1_38' title="bbox 234 2100 1813 2184">
     <span class='ocr_line' id='line_1_39' title="bbox 234 2100 1813 2184; baseline -0.009 -16"><span class='ocrx_word' id='word_1_277' title='bbox 234 2118 295 2169; x_wconf 78' lang='grc' dir='ltr'>δὲ</span> <span class='ocrx_word' id='word_1_278' title='bbox 322 2115 408 2176; x_wconf 88' lang='grc' dir='ltr'><strong>τίς</strong></span> <span class='ocrx_word' id='word_1_279' title='bbox 436 2110 602 2184; x_wconf 75' lang='grc' dir='ltr'>ἦσθα,</span> <span class='ocrx_word' id='word_1_280' title='bbox 631 2110 726 2162; x_wconf 79' lang='grc' dir='ltr'>καὶ</span> <span class='ocrx_word' id='word_1_281' title='bbox 769 2108 852 2169; x_wconf 90' lang='grc' dir='ltr'><strong>τίς</strong></span> <span class='ocrx_word' id='word_1_282' title='bbox 883 2107 978 2161; x_wconf 83' lang='grc' dir='ltr'>νῦν</span> <span class='ocrx_word' id='word_1_283' title='bbox 1024 2107 1266 2175; x_wconf 83' lang='grc' dir='ltr'><strong>σήμερον</strong></span> <span class='ocrx_word' id='word_1_284' title='bbox 1290 2100 1360 2159; x_wconf 80' lang='grc' dir='ltr'>εἳ.</span> <span class='ocrx_word' id='word_1_285' title='bbox 1395 2107 1456 2158; x_wconf 81' lang='grc' dir='ltr'><strong>Εἰ</strong></span> <span class='ocrx_word' id='word_1_286' title='bbox 1485 2107 1530 2158; x_wconf 83' lang='grc' dir='ltr'>δ’</span> <span class='ocrx_word' id='word_1_287' title='bbox 1557 2103 1813 2173; x_wconf 76' lang='grc' dir='ltr'>ἁμαρτάο</span> 
     </span>
    </p>
   </div>
   <div class='ocr_carea' id='block_1_39' title="bbox 235 2190 1813 2265">
    <p class='ocr_par' dir='ltr' id='par_1_39' title="bbox 235 2190 1813 2265">
     <span class='ocr_line' id='line_1_40' title="bbox 235 2190 1813 2265; baseline -0.008 -14"><span class='ocrx_word' id='word_1_288' title='bbox 235 2218 348 2251; x_wconf 83' lang='grc' dir='ltr'>νειν</span> <span class='ocrx_word' id='word_1_289' title='bbox 410 2201 472 2250; x_wconf 72' lang='grc' dir='ltr'>οὐ</span> <span class='ocrx_word' id='word_1_290' title='bbox 532 2194 736 2265; x_wconf 70' lang='grc' dir='ltr'>βούλει,</span> <span class='ocrx_word' id='word_1_291' title='bbox 773 2193 850 2262; x_wconf 84' lang='grc' dir='ltr'>μὴ</span> <span class='ocrx_word' id='word_1_292' title='bbox 884 2192 1253 2262; x_wconf 83' lang='grc' dir='ltr'><strong>ὑπερηφάνως</strong></span> <span class='ocrx_word' id='word_1_293' title='bbox 1304 2190 1566 2242; x_wconf 79' lang='grc' dir='ltr'>διάκεισο.</span> <span class='ocrx_word' id='word_1_294' title='bbox 1600 2190 1671 2241; x_wconf 80' lang='grc' dir='ltr'><strong>Σὺ</strong></span> <span class='ocrx_word' id='word_1_295' title='bbox 1704 2190 1813 2258; x_wconf 71' lang='grc' dir='ltr'><strong>γὰρ</strong></span> 
     </span>
    </p>
   </div>
   <div class='ocr_carea' id='block_1_40' title="bbox 235 2272 1811 2359">
    <p class='ocr_par' dir='ltr' id='par_1_40' title="bbox 235 2272 1811 2359">
     <span class='ocr_line' id='line_1_41' title="bbox 235 2272 1811 2359; baseline -0.007 -17"><span class='ocrx_word' id='word_1_296' title='bbox 235 2292 371 2359; x_wconf 78' lang='grc' dir='ltr'>ὁρᾷς</span> <span class='ocrx_word' id='word_1_297' title='bbox 404 2290 486 2350; x_wconf 77' lang='grc' dir='ltr'><strong>τίς</strong></span> <span class='ocrx_word' id='word_1_298' title='bbox 520 2287 630 2354; x_wconf 71' lang='grc' dir='ltr'><strong>ἐγὼ</strong></span> <span class='ocrx_word' id='word_1_299' title='bbox 663 2284 769 2354; x_wconf 75' lang='grc' dir='ltr'>πρὸ</span> <span class='ocrx_word' id='word_1_300' title='bbox 802 2283 1001 2354; x_wconf 77' lang='grc' dir='ltr'>μικροῦ</span> <span class='ocrx_word' id='word_1_301' title='bbox 1037 2282 1129 2333; x_wconf 74' lang='grc' dir='ltr'>καὶ</span> <span class='ocrx_word' id='word_1_302' title='bbox 1165 2281 1217 2333; x_wconf 89' lang='grc' dir='ltr'><strong>τί</strong></span> <span class='ocrx_word' id='word_1_303' title='bbox 1252 2280 1346 2334; x_wconf 80' lang='grc' dir='ltr'>νῦν</span> <span class='ocrx_word' id='word_1_304' title='bbox 1395 2282 1512 2349; x_wconf 85' lang='grc' dir='ltr'>είμι</span> <span class='ocrx_word' id='word_1_305' title='bbox 1549 2272 1811 2349; x_wconf 83' lang='grc' dir='ltr'>σήμερον.</span> 
     </span>
    </p>
   </div>
   <div class='ocr_carea' id='block_1_41' title="bbox 238 2368 1813 2447">
    <p class='ocr_par' dir='ltr' id='par_1_41' title="bbox 238 2368 1813 2447">
     <span class='ocr_line' id='line_1_42' title="bbox 238 2368 1813 2447; baseline -0.009 -13"><span class='ocrx_word' id='word_1_306' title='bbox 238 2382 459 2447; x_wconf 76' lang='grc' dir='ltr'>’Δγὰπα</span> <span class='ocrx_word' id='word_1_307' title='bbox 494 2382 600 2446; x_wconf 74' lang='grc' dir='ltr'>πρὸ</span> <span class='ocrx_word' id='word_1_308' title='bbox 628 2376 843 2429; x_wconf 68' lang='grc' dir='ltr'>πάντων</span> <span class='ocrx_word' id='word_1_309' title='bbox 869 2374 993 2434; x_wconf 80' lang='grc' dir='ltr'>τοὺς</span> <span class='ocrx_word' id='word_1_310' title='bbox 1016 2371 1255 2439; x_wconf 81' lang='grc' dir='ltr'>πένητας</span> <span class='ocrx_word' id='word_1_311' title='bbox 1282 2386 1295 2402; x_wconf 84' lang='grc'><em>’</em></span> <span class='ocrx_word' id='word_1_312' title='bbox 1330 2372 1425 2425; x_wconf 77' lang='grc' dir='ltr'>καὶ</span> <span class='ocrx_word' id='word_1_313' title='bbox 1450 2368 1813 2440; x_wconf 76' lang='grc' dir='ltr'>ἐλεημοσύναι</span> 
     </span>
    </p>
   </div>
   <div class='ocr_carea' id='block_1_42' title="bbox 239 2461 1813 2544">
    <p class='ocr_par' dir='ltr' id='par_1_42' title="bbox 239 2461 1813 2544">
     <span class='ocr_line' id='line_1_43' title="bbox 239 2461 1813 2544; baseline -0.01 -17"><span class='ocrx_word' id='word_1_314' title='bbox 239 2476 317 2544; x_wconf 76' lang='grc' dir='ltr'>μὴ</span> <span class='ocrx_word' id='word_1_315' title='bbox 362 2472 773 2526; x_wconf 70' lang='grc' dir='ltr'>ἐκλειπέτωσαν</span> <span class='ocrx_word' id='word_1_316' title='bbox 806 2470 911 2520; x_wconf 68' lang='grc' dir='ltr'>ἀπὸ</span> <span class='ocrx_word' id='word_1_317' title='bbox 945 2465 1061 2518; x_wconf 84' lang='grc' dir='ltr'>σοῦ.</span> <span class='ocrx_word' id='word_1_318' title='bbox 1101 2483 1121 2515; x_wconf 73' lang='grc' dir='ltr'><strong>ι</strong></span> <span class='ocrx_word' id='word_1_319' title='bbox 1165 2462 1546 2533; x_wconf 81' lang='grc' dir='ltr'>Γεγενημὲνης</span> <span class='ocrx_word' id='word_1_320' title='bbox 1573 2461 1617 2512; x_wconf 77' lang='grc' dir='ltr'>δ’</span> <span class='ocrx_word' id='word_1_321' title='bbox 1647 2461 1813 2532; x_wconf 78' lang='grc' dir='ltr'>εὐχῆς</span> 
     </span>
    </p>
   </div>
   <div class='ocr_carea' id='block_1_43' title="bbox 236 2552 1813 2632">
    <p class='ocr_par' dir='ltr' id='par_1_43' title="bbox 236 2552 1813 2632">
     <span class='ocr_line' id='line_1_44' title="bbox 236 2552 1813 2632; baseline -0.01 -12"><span class='ocrx_word' id='word_1_322' title='bbox 236 2569 343 2620; x_wconf 79' lang='grc' dir='ltr'><strong>ὑπὸ</strong></span> <span class='ocrx_word' id='word_1_323' title='bbox 376 2565 476 2617; x_wconf 75' lang='grc' dir='ltr'><strong>τοῦ</strong></span> <span class='ocrx_word' id='word_1_324' title='bbox 513 2561 838 2632; x_wconf 71' lang='grc' dir='ltr'>ἀρχιερέως.</span> <span class='ocrx_word' id='word_1_325' title='bbox 866 2561 894 2612; x_wconf 88' lang='lat'><strong>6</strong></span> <span class='ocrx_word' id='word_1_326' title='bbox 923 2558 1176 2627; x_wconf 82' lang='grc' dir='ltr'>Τιϐέριος</span> <span class='ocrx_word' id='word_1_327' title='bbox 1233 2557 1338 2608; x_wconf 78' lang='grc' dir='ltr'><strong>ὑπὸ</strong></span> <span class='ocrx_word' id='word_1_328' title='bbox 1361 2557 1487 2617; x_wconf 73' lang='grc' dir='ltr'>τοὺς</span> <span class='ocrx_word' id='word_1_329' title='bbox 1526 2554 1690 2615; x_wconf 70' lang='grc' dir='ltr'>πόδας</span> <span class='ocrx_word' id='word_1_330' title='bbox 1735 2552 1813 2623; x_wconf 84' lang='grc' dir='ltr'>τῷ</span> 
     </span>
    </p>
   </div>
   <div class='ocr_carea' id='block_1_44' title="bbox 238 2642 1814 2728">
    <p class='ocr_par' dir='ltr' id='par_1_44' title="bbox 238 2642 1814 2728">
     <span class='ocr_line' id='line_1_45' title="bbox 238 2642 1814 2728; baseline -0.012 -16"><span class='ocrx_word' id='word_1_331' title='bbox 238 2658 456 2728; x_wconf 70' lang='grc' dir='ltr'>βασιλεῖ</span> <span class='ocrx_word' id='word_1_332' title='bbox 506 2654 755 2725; x_wconf 75' lang='grc' dir='ltr'>ἔρριπτο.</span> <span class='ocrx_word' id='word_1_333' title='bbox 812 2650 870 2701; x_wconf 86' lang='lat'><strong>&#39;0</strong></span> <span class='ocrx_word' id='word_1_334' title='bbox 900 2649 956 2702; x_wconf 81' lang='grc' dir='ltr'>δὲ</span> <span class='ocrx_word' id='word_1_335' title='bbox 991 2647 1277 2701; x_wconf 79' lang='grc' dir='ltr'>ὑπολαϐὼν</span> <span class='ocrx_word' id='word_1_336' title='bbox 1312 2645 1453 2713; x_wconf 74' lang='grc' dir='ltr'>ἔφη’</span> <span class='ocrx_word' id='word_1_337' title='bbox 1490 2663 1508 2695; x_wconf 84' lang='grc' dir='ltr'><strong>ι</strong></span> <span class='ocrx_word' id='word_1_338' title='bbox 1556 2643 1685 2696; x_wconf 77' lang='grc' dir='ltr'>Ἐὰν</span> <span class='ocrx_word' id='word_1_339' title='bbox 1729 2642 1814 2694; x_wconf 80' lang='grc' dir='ltr'><strong>θέ-</strong></span> 
     </span>
    </p>
   </div>
   <div class='ocr_carea' id='block_1_45' title="bbox 235 2734 1812 2823">
    <p class='ocr_par' dir='ltr' id='par_1_45' title="bbox 235 2734 1812 2823">
     <span class='ocr_line' id='line_1_46' title="bbox 235 2734 1812 2823; baseline -0.013 -19"><span class='ocrx_word' id='word_1_340' title='bbox 235 2754 358 2823; x_wconf 74' lang='grc' dir='ltr'>λῃς,</span> <span class='ocrx_word' id='word_1_341' title='bbox 394 2747 519 2817; x_wconf 80' lang='grc' dir='ltr'>είμὶ</span> <span class='ocrx_word' id='word_1_342' title='bbox 542 2762 556 2776; x_wconf 77' lang='grc'><strong>⁸</strong></span> <span class='ocrx_word' id='word_1_343' title='bbox 596 2747 692 2798; x_wconf 69' lang='grc' dir='ltr'><strong>ἐὰν</strong></span> <span class='ocrx_word' id='word_1_344' title='bbox 724 2742 906 2811; x_wconf 77' lang='grc' dir='ltr'>Θὲλῃς,</span> <span class='ocrx_word' id='word_1_345' title='bbox 955 2738 1057 2792; x_wconf 75' lang='grc' dir='ltr'>οὒκ</span> <span class='ocrx_word' id='word_1_346' title='bbox 1112 2742 1227 2808; x_wconf 89' lang='grc' dir='ltr'>εἰμι</span> <span class='ocrx_word' id='word_1_347' title='bbox 1252 2753 1266 2767; x_wconf 87' lang='grc'><strong>·</strong></span> <span class='ocrx_word' id='word_1_348' title='bbox 1299 2738 1326 2788; x_wconf 98' lang='lat'><strong>6</strong></span> <span class='ocrx_word' id='word_1_349' title='bbox 1362 2735 1493 2798; x_wconf 79' lang='grc' dir='ltr'>Θεὸς</span> <span class='ocrx_word' id='word_1_350' title='bbox 1520 2737 1547 2787; x_wconf 92' lang='lat'><strong>6</strong></span> <span class='ocrx_word' id='word_1_351' title='bbox 1578 2734 1812 2803; x_wconf 74' lang='grc' dir='ltr'>ποιήσας</span> 
     </span>
    </p>
   </div>
   <div class='ocr_carea' id='block_1_46' title="bbox 234 2825 1813 2910">
    <p class='ocr_par' dir='ltr' id='par_1_46' title="bbox 234 2825 1813 2910">
     <span class='ocr_line' id='line_1_47' title="bbox 234 2825 1813 2910; baseline -0.013 -13"><span class='ocrx_word' id='word_1_352' title='bbox 234 2846 326 2897; x_wconf 70' lang='grc' dir='ltr'>τὸν</span> <span class='ocrx_word' id='word_1_353' title='bbox 360 2838 599 2910; x_wconf 68' lang='grc' dir='ltr'>οὐρανὸν</span> <span class='ocrx_word' id='word_1_354' title='bbox 635 2836 730 2888; x_wconf 74' lang='grc' dir='ltr'>καὶ</span> <span class='ocrx_word' id='word_1_355' title='bbox 774 2835 873 2903; x_wconf 85' lang='grc' dir='ltr'>τὴν</span> <span class='ocrx_word' id='word_1_356' title='bbox 923 2835 1049 2901; x_wconf 77' lang='grc' dir='ltr'>γῆν,</span> <span class='ocrx_word' id='word_1_357' title='bbox 1095 2831 1270 2884; x_wconf 81' lang='grc' dir='ltr'>πάντα</span> <span class='ocrx_word' id='word_1_358' title='bbox 1317 2830 1420 2881; x_wconf 86' lang='grc' dir='ltr'>ὅσα</span> <span class='ocrx_word' id='word_1_359' title='bbox 1465 2825 1813 2895; x_wconf 73' lang='grc' dir='ltr'>ἐπελαθόμην</span> 
     </span>
    </p>
   </div>
   <div class='ocr_carea' id='block_1_47' title="bbox 237 2916 1811 2993">
    <p class='ocr_par' dir='ltr' id='par_1_47' title="bbox 237 2916 1811 2993">
     <span class='ocr_line' id='line_1_48' title="bbox 237 2916 1811 2993; baseline -0.013 -4"><span class='ocrx_word' id='word_1_360' title='bbox 237 2937 418 2989; x_wconf 79' lang='grc' dir='ltr'>εἰπεῖν</span> <span class='ocrx_word' id='word_1_361' title='bbox 446 2948 555 2992; x_wconf 85' lang='grc' dir='ltr'>σοι,</span> <span class='ocrx_word' id='word_1_362' title='bbox 578 2928 741 2989; x_wconf 81' lang='grc' dir='ltr'>αὐτὸς</span> <span class='ocrx_word' id='word_1_363' title='bbox 791 2928 872 2988; x_wconf 80' lang='grc' dir='ltr'>εἰς</span> <span class='ocrx_word' id='word_1_364' title='bbox 924 2924 1021 2992; x_wconf 78' lang='grc' dir='ltr'>τὴν</span> <span class='ocrx_word' id='word_1_365' title='bbox 1073 2922 1173 2991; x_wconf 81' lang='grc' dir='ltr'>σὴν</span> <span class='ocrx_word' id='word_1_366' title='bbox 1223 2920 1454 2990; x_wconf 83' lang='grc' dir='ltr'>καρδίαν</span> <span class='ocrx_word' id='word_1_367' title='bbox 1488 2916 1811 2993; x_wconf 33' lang='grc' dir='ltr'>ἐπενμϐαλεϊ,</span> 
     </span>
    </p>
   </div>
   <div class='ocr_carea' id='block_1_48' title="bbox 241 3008 1814 3097">
    <p class='ocr_par' dir='ltr' id='par_1_48' title="bbox 241 3008 1814 3097">
     <span class='ocr_line' id='line_1_49' title="bbox 241 3008 1814 3097; baseline -0.015 -16"><span class='ocrx_word' id='word_1_368' title='bbox 241 3023 523 3097; x_wconf 70' lang='grc' dir='ltr'>στηρίζων</span> <span class='ocrx_word' id='word_1_369' title='bbox 560 3020 653 3075; x_wconf 72' lang='grc' dir='ltr'>καὶ</span> <span class='ocrx_word' id='word_1_370' title='bbox 693 3018 981 3086; x_wconf 84' lang='grc' dir='ltr'>στοιχειῶν</span> <span class='ocrx_word' id='word_1_371' title='bbox 1013 3031 1072 3067; x_wconf 88' lang='grc' dir='ltr'><strong>σε</strong></span> <span class='ocrx_word' id='word_1_372' title='bbox 1120 3014 1196 3081; x_wconf 79' lang='grc' dir='ltr'><strong>τῷ</strong></span> <span class='ocrx_word' id='word_1_373' title='bbox 1225 3010 1506 3081; x_wconf 79' lang='grc' dir='ltr'>ἁγνοτάτῳ</span> <span class='ocrx_word' id='word_1_374' title='bbox 1535 3009 1684 3078; x_wconf 81' lang='grc' dir='ltr'>φόϐῳ</span> <span class='ocrx_word' id='word_1_375' title='bbox 1712 3008 1814 3060; x_wconf 84' lang='grc' dir='ltr'><strong>αὐ-</strong></span> 
     </span>
    </p>
   </div>
   <div class='ocr_carea' id='block_1_49' title="bbox 238 3097 1809 3183">
    <p class='ocr_par' dir='ltr' id='par_1_49' title="bbox 238 3097 1809 3183">
     <span class='ocr_line' id='line_1_50' title="bbox 238 3097 1809 3183; baseline -0.014 -12"><span class='ocrx_word' id='word_1_376' title='bbox 238 3119 357 3183; x_wconf 75' lang='grc' dir='ltr'>τοῦ,</span> <span class='ocrx_word' id='word_1_377' title='bbox 390 3116 458 3168; x_wconf 78' lang='grc' dir='ltr'>δι’</span> <span class='ocrx_word' id='word_1_378' title='bbox 485 3104 548 3166; x_wconf 73' lang='grc' dir='ltr'><strong>οὗ</strong></span> <span class='ocrx_word' id='word_1_379' title='bbox 577 3113 802 3180; x_wconf 77' lang='grc' dir='ltr'>σύμπαν</span> <span class='ocrx_word' id='word_1_380' title='bbox 844 3123 926 3159; x_wconf 86' lang='grc' dir='ltr'><strong>σοι</strong></span> <span class='ocrx_word' id='word_1_381' title='bbox 960 3102 1333 3173; x_wconf 66' lang='grc' dir='ltr'>κατορϐωϐείη</span> <span class='ocrx_word' id='word_1_382' title='bbox 1367 3100 1477 3153; x_wconf 83' lang='grc' dir='ltr'>τῶν</span> <span class='ocrx_word' id='word_1_383' title='bbox 1500 3097 1748 3168; x_wconf 80' lang='grc' dir='ltr'>ἀγαθῶν.</span> <span class='ocrx_word' id='word_1_384' title='bbox 1788 3114 1809 3150; x_wconf 71' lang='grc' dir='ltr'><strong>ι</strong></span> 
     </span>
    </p>
   </div>
   <div class='ocr_carea' id='block_1_50' title="bbox 239 3190 1814 3275">
    <p class='ocr_par' dir='ltr' id='par_1_50' title="bbox 239 3190 1814 3275">
     <span class='ocr_line' id='line_1_51' title="bbox 239 3190 1814 3275; baseline -0.014 -13"><span class='ocrx_word' id='word_1_385' title='bbox 239 3212 360 3263; x_wconf 73' lang='grc' dir='ltr'><strong>Ἐπ’</strong></span> <span class='ocrx_word' id='word_1_386' title='bbox 393 3208 490 3275; x_wconf 75' lang='grc' dir='ltr'>ἔτη</span> <span class='ocrx_word' id='word_1_387' title='bbox 522 3204 577 3256; x_wconf 78' lang='grc' dir='ltr'><strong>δέ</strong></span> <span class='ocrx_word' id='word_1_388' title='bbox 610 3203 854 3270; x_wconf 80' lang='grc' dir='ltr'>τέσσαρα</span> <span class='ocrx_word' id='word_1_389' title='bbox 904 3193 1277 3263; x_wconf 78' lang='grc' dir='ltr'>συνδιαγαγὼν</span> <span class='ocrx_word' id='word_1_390' title='bbox 1326 3192 1562 3262; x_wconf 74' lang='grc' dir='ltr'>Τιϐερίῳ</span> <span class='ocrx_word' id='word_1_391' title='bbox 1592 3190 1814 3242; x_wconf 81' lang='grc' dir='ltr'>’1ουστῖ-</span> 
     </span>
    </p>
   </div>
   <div class='ocr_carea' id='block_1_51' title="bbox 240 3280 1814 3362">
    <p class='ocr_par' dir='ltr' id='par_1_51' title="bbox 240 3280 1814 3362">
     <span class='ocr_line' id='line_1_52' title="bbox 240 3280 1814 3362; baseline -0.011 -9"><span class='ocrx_word' id='word_1_392' title='bbox 240 3318 327 3362; x_wconf 73' lang='grc' dir='ltr'><strong>νος</strong></span> <span class='ocrx_word' id='word_1_393' title='bbox 358 3302 387 3352; x_wconf 86' lang='lat'><strong>6</strong></span> <span class='ocrx_word' id='word_1_394' title='bbox 418 3299 541 3357; x_wconf 76' lang='grc' dir='ltr'>νέος</span> <span class='ocrx_word' id='word_1_395' title='bbox 572 3293 818 3347; x_wconf 76' lang='grc' dir='ltr'>ἐκλείπει</span> <span class='ocrx_word' id='word_1_396' title='bbox 852 3288 911 3342; x_wconf 84' lang='grc' dir='ltr'>τὸ</span> <span class='ocrx_word' id='word_1_397' title='bbox 946 3289 1064 3359; x_wconf 76' lang='grc' dir='ltr'>ζῇν,</span> <span class='ocrx_word' id='word_1_398' title='bbox 1100 3287 1164 3357; x_wconf 84' lang='grc' dir='ltr'><strong>ιβ’</strong></span> <span class='ocrx_word' id='word_1_399' title='bbox 1194 3287 1294 3356; x_wconf 78' lang='grc' dir='ltr'>μὲν</span> <span class='ocrx_word' id='word_1_400' title='bbox 1325 3284 1448 3338; x_wconf 80' lang='grc' dir='ltr'>καθ’</span> <span class='ocrx_word' id='word_1_401' title='bbox 1491 3280 1682 3336; x_wconf 79' lang='grc' dir='ltr'>ἑαυτὸν</span> <span class='ocrx_word' id='word_1_402' title='bbox 1716 3281 1814 3352; x_wconf 76' lang='grc' dir='ltr'>τὴν</span> 
     </span>
    </p>
   </div>
   <div class='ocr_carea' id='block_1_52' title="bbox 240 3375 1810 3464">
    <p class='ocr_par' dir='ltr' id='par_1_52' title="bbox 240 3375 1810 3464">
     <span class='ocr_line' id='line_1_53' title="bbox 240 3375 1810 3464; baseline -0.011 -20"><span class='ocrx_word' id='word_1_403' title='bbox 240 3393 419 3464; x_wconf 74' lang='grc' dir='ltr'>ἀρχὴν</span> <span class='ocrx_word' id='word_1_404' title='bbox 469 3388 747 3456; x_wconf 72' lang='grc' dir='ltr'>διοικήσας</span> <span class='ocrx_word' id='word_1_405' title='bbox 803 3384 900 3436; x_wconf 81' lang='grc' dir='ltr'>σὺν</span> <span class='ocrx_word' id='word_1_406' title='bbox 937 3381 1071 3452; x_wconf 75' lang='grc' dir='ltr'>μησὶ</span> <span class='ocrx_word' id='word_1_407' title='bbox 1104 3379 1240 3451; x_wconf 83' lang='grc' dir='ltr'>δέκα</span> <span class='ocrx_word' id='word_1_408' title='bbox 1288 3378 1424 3447; x_wconf 69' lang='grc' dir='ltr'>πρὸς</span> <span class='ocrx_word' id='word_1_409' title='bbox 1474 3375 1550 3445; x_wconf 83' lang='grc' dir='ltr'>τῷ</span> <span class='ocrx_word' id='word_1_410' title='bbox 1594 3375 1810 3443; x_wconf 79' lang='grc' dir='ltr'>ἡμίσει,</span> 
     </span>
    </p>
   </div>
   <div class='ocr_carea' id='block_1_53' title="bbox 241 3468 1811 3553">
    <p class='ocr_par' dir='ltr' id='par_1_53' title="bbox 241 3468 1811 3553">
     <span class='ocr_line' id='line_1_54' title="bbox 241 3468 1811 3553; baseline -0.013 -14"><span class='ocrx_word' id='word_1_411' title='bbox 241 3489 337 3540; x_wconf 75' lang='grc' dir='ltr'>καὶ</span> <span class='ocrx_word' id='word_1_412' title='bbox 360 3487 527 3553; x_wconf 74' lang='grc' dir='ltr'>ἐτερα</span> <span class='ocrx_word' id='word_1_413' title='bbox 557 3482 801 3549; x_wconf 82' lang='grc' dir='ltr'>τέσσαρα</span> <span class='ocrx_word' id='word_1_414' title='bbox 838 3476 977 3546; x_wconf 81' lang='grc' dir='ltr'>μετὰ</span> <span class='ocrx_word' id='word_1_415' title='bbox 1013 3472 1295 3542; x_wconf 83' lang='grc' dir='ltr'>Τιϐερίου,</span> <span class='ocrx_word' id='word_1_416' title='bbox 1345 3470 1513 3539; x_wconf 82' lang='grc' dir='ltr'>μηνὸς</span> <span class='ocrx_word' id='word_1_417' title='bbox 1562 3468 1772 3529; x_wconf 76' lang='grc' dir='ltr'>δέοντος</span> <span class='ocrx_word' id='word_1_418' title='bbox 1796 3478 1811 3494; x_wconf 82' lang='grc'><strong>⁸</strong></span> 
     </span>
    </p>
   </div>
   <div class='ocr_carea' id='block_1_54' title="bbox 241 3559 1815 3642">
    <p class='ocr_par' dir='ltr' id='par_1_54' title="bbox 241 3559 1815 3642">
     <span class='ocr_line' id='line_1_55' title="bbox 241 3559 1815 3642; baseline -0.015 -9"><span class='ocrx_word' id='word_1_419' title='bbox 241 3582 313 3642; x_wconf 78' lang='grc' dir='ltr'>ὡς</span> <span class='ocrx_word' id='word_1_420' title='bbox 338 3575 482 3631; x_wconf 77' lang='grc' dir='ltr'>εἶναι</span> <span class='ocrx_word' id='word_1_421' title='bbox 512 3574 583 3627; x_wconf 79' lang='grc' dir='ltr'>τὰ</span> <span class='ocrx_word' id='word_1_422' title='bbox 618 3574 797 3625; x_wconf 82' lang='grc' dir='ltr'>πάντα</span> <span class='ocrx_word' id='word_1_423' title='bbox 850 3570 945 3638; x_wconf 77' lang='grc' dir='ltr'><strong>ἐτη</strong></span> <span class='ocrx_word' id='word_1_424' title='bbox 1001 3573 1078 3631; x_wconf 81' lang='grc' dir='ltr'>ις’</span> <span class='ocrx_word' id='word_1_425' title='bbox 1126 3565 1265 3633; x_wconf 65' lang='grc' dir='ltr'>πρὸς</span> <span class='ocrx_word' id='word_1_426' title='bbox 1318 3563 1485 3633; x_wconf 73' lang='grc' dir='ltr'>μησὶν</span> <span class='ocrx_word' id='word_1_427' title='bbox 1536 3560 1691 3616; x_wconf 72' lang='grc' dir='ltr'>ἐννέα</span> <span class='ocrx_word' id='word_1_428' title='bbox 1720 3559 1815 3611; x_wconf 73' lang='grc' dir='ltr'>καὶ</span> 
     </span>
    </p>
   </div>
   <div class='ocr_carea' id='block_1_55' title="bbox 244 3646 1815 3737">
    <p class='ocr_par' dir='ltr' id='par_1_55' title="bbox 244 3646 1815 3737">
     <span class='ocr_line' id='line_1_56' title="bbox 244 3646 1815 3737; baseline -0.015 -18"><span class='ocrx_word' id='word_1_429' title='bbox 244 3670 436 3737; x_wconf 68' lang='grc' dir='ltr'>ἣμισυ.</span> <span class='ocrx_word' id='word_1_430' title='bbox 464 3656 634 3723; x_wconf 76' lang='grc' dir='ltr'>Οὗτος</span> <span class='ocrx_word' id='word_1_431' title='bbox 662 3660 689 3710; x_wconf 87' lang='lat'><strong>6</strong></span> <span class='ocrx_word' id='word_1_432' title='bbox 722 3657 1033 3715; x_wconf 84' lang='grc' dir='ltr'>Ἰουστῖνος,</span> <span class='ocrx_word' id='word_1_433' title='bbox 1061 3653 1162 3705; x_wconf 87' lang='grc' dir='ltr'>ὅσα</span> <span class='ocrx_word' id='word_1_434' title='bbox 1189 3652 1217 3703; x_wconf 90' lang='lat'><strong>6</strong></span> <span class='ocrx_word' id='word_1_435' title='bbox 1258 3649 1577 3708; x_wconf 80' lang='grc' dir='ltr'>Ἰουστιανὸς</span> <span class='ocrx_word' id='word_1_436' title='bbox 1611 3646 1815 3717; x_wconf 78' lang='grc' dir='ltr'>ᾠκοδό-</span> 
     </span>
    </p>
   </div>
   <div class='ocr_carea' id='block_1_56' title="bbox 249 3737 1811 3830">
    <p class='ocr_par' dir='ltr' id='par_1_56' title="bbox 249 3737 1811 3830">
     <span class='ocr_line' id='line_1_57' title="bbox 249 3737 1811 3830; baseline -0.01 -23"><span class='ocrx_word' id='word_1_437' title='bbox 249 3774 387 3830; x_wconf 67' lang='grc' dir='ltr'>μησε</span> <span class='ocrx_word' id='word_1_438' title='bbox 416 3753 721 3825; x_wconf 56' lang='grc' dir='ltr'>ψιλοτίμως</span> <span class='ocrx_word' id='word_1_439' title='bbox 767 3746 1058 3808; x_wconf 75' lang='grc' dir='ltr'>διατεθεὶς,</span> <span class='ocrx_word' id='word_1_440' title='bbox 1103 3741 1449 3811; x_wconf 85' lang='grc' dir='ltr'>προσθήκαις</span> <span class='ocrx_word' id='word_1_441' title='bbox 1483 3740 1579 3792; x_wconf 74' lang='grc' dir='ltr'>καὶ</span> <span class='ocrx_word' id='word_1_442' title='bbox 1606 3737 1811 3807; x_wconf 77' lang='grc' dir='ltr'><strong>ἀναθήο</strong></span> 
     </span>
    </p>
   </div>
   <div class='ocr_carea' id='block_1_57' title="bbox 251 3831 1813 3921">
    <p class='ocr_par' dir='ltr' id='par_1_57' title="bbox 251 3831 1813 3921">
     <span class='ocr_line' id='line_1_58' title="bbox 251 3831 1813 3921; baseline -0.015 -16"><span class='ocrx_word' id='word_1_443' title='bbox 251 3868 379 3921; x_wconf 74' lang='grc' dir='ltr'>μασι</span> <span class='ocrx_word' id='word_1_444' title='bbox 411 3844 804 3904; x_wconf 76' lang='grc' dir='ltr'>κατεκάλλυνε,</span> <span class='ocrx_word' id='word_1_445' title='bbox 831 3841 923 3891; x_wconf 68' lang='grc' dir='ltr'>καὶ</span> <span class='ocrx_word' id='word_1_446' title='bbox 952 3836 1261 3906; x_wconf 79' lang='grc' dir='ltr'>κειμηλίοις</span> <span class='ocrx_word' id='word_1_447' title='bbox 1291 3831 1503 3894; x_wconf 83' lang='grc' dir='ltr'>πολλοῖς</span> <span class='ocrx_word' id='word_1_448' title='bbox 1531 3845 1546 3862; x_wconf 77' lang='grc'><strong><em>⁸</em></strong></span> <span class='ocrx_word' id='word_1_449' title='bbox 1580 3831 1813 3884; x_wconf 82' lang='grc' dir='ltr'>πεσόντα</span> 
     </span>
    </p>
   </div>
   <div class='ocr_carea' id='block_1_58' title="bbox 246 3922 1815 4007">
    <p class='ocr_par' dir='ltr' id='par_1_58' title="bbox 246 3922 1815 4007">
     <span class='ocr_line' id='line_1_59' title="bbox 246 3922 1815 4007; baseline -0.015 -10"><span class='ocrx_word' id='word_1_450' title='bbox 246 3946 301 3997; x_wconf 84' lang='grc' dir='ltr'>δὲ</span> <span class='ocrx_word' id='word_1_451' title='bbox 327 3942 421 3995; x_wconf 76' lang='grc' dir='ltr'>καὶ</span> <span class='ocrx_word' id='word_1_452' title='bbox 463 3939 555 3992; x_wconf 76' lang='grc' dir='ltr'>τὸν</span> <span class='ocrx_word' id='word_1_453' title='bbox 600 3937 799 4007; x_wconf 75' lang='grc' dir='ltr'>ὄροφον</span> <span class='ocrx_word' id='word_1_454' title='bbox 834 3929 927 3983; x_wconf 77' lang='grc' dir='ltr'>τοῦ</span> <span class='ocrx_word' id='word_1_455' title='bbox 967 3927 1205 3998; x_wconf 81' lang='grc' dir='ltr'>μεγάλου</span> <span class='ocrx_word' id='word_1_456' title='bbox 1238 3926 1362 3991; x_wconf 84' lang='grc' dir='ltr'>νεὼ,</span> <span class='ocrx_word' id='word_1_457' title='bbox 1387 3925 1482 3977; x_wconf 64' lang='grc' dir='ltr'>ἐπὶ</span> <span class='ocrx_word' id='word_1_458' title='bbox 1514 3922 1576 3977; x_wconf 83' lang='grc' dir='ltr'>ιε’</span> <span class='ocrx_word' id='word_1_459' title='bbox 1615 3923 1815 3991; x_wconf 84' lang='grc' dir='ltr'>πήχεις</span> 
     </span>
    </p>
   </div>
   <div class='ocr_carea' id='block_1_59' title="bbox 245 4014 1817 4101">
    <p class='ocr_par' dir='ltr' id='par_1_59' title="bbox 245 4014 1817 4101">
     <span class='ocr_line' id='line_1_60' title="bbox 245 4014 1817 4101; baseline -0.014 -15"><span class='ocrx_word' id='word_1_460' title='bbox 245 4033 563 4101; x_wconf 72' lang='grc' dir='ltr'>ἀνυψὼσας,</span> <span class='ocrx_word' id='word_1_461' title='bbox 587 4027 721 4096; x_wconf 76' lang='grc' dir='ltr'>πρὸς</span> <span class='ocrx_word' id='word_1_462' title='bbox 742 4024 801 4077; x_wconf 76' lang='grc' dir='ltr'>τὸ</span> <span class='ocrx_word' id='word_1_463' title='bbox 834 4021 1274 4091; x_wconf 75' lang='grc' dir='ltr'>εὐπρεπέστερον</span> <span class='ocrx_word' id='word_1_464' title='bbox 1308 4014 1730 4086; x_wconf 83' lang='grc' dir='ltr'>μετεσκεύασεν,</span> <span class='ocrx_word' id='word_1_465' title='bbox 1755 4014 1817 4075; x_wconf 78' lang='grc' dir='ltr'><strong>ἐς</strong></span> 
     </span>
    </p>
   </div>
   <div class='ocr_carea' id='block_1_60' title="bbox 246 4104 1815 4190">
    <p class='ocr_par' dir='ltr' id='par_1_60' title="bbox 246 4104 1815 4190">
     <span class='ocr_line' id='line_1_61' title="bbox 246 4104 1815 4190; baseline -0.013 -12"><span class='ocrx_word' id='word_1_466' title='bbox 246 4122 358 4178; x_wconf 80' lang='grc' dir='ltr'>οἷον</span> <span class='ocrx_word' id='word_1_467' title='bbox 383 4125 585 4190; x_wconf 77' lang='grc' dir='ltr'>ὁρᾶται</span> <span class='ocrx_word' id='word_1_468' title='bbox 612 4120 712 4187; x_wconf 80' lang='grc' dir='ltr'>τὴν</span> <span class='ocrx_word' id='word_1_469' title='bbox 744 4117 1007 4186; x_wconf 83' lang='grc' dir='ltr'>σήμερον.</span> <span class='ocrx_word' id='word_1_470' title='bbox 1060 4110 1464 4169; x_wconf 79' lang='grc' dir='ltr'>Εύσεϐἐστατος</span> <span class='ocrx_word' id='word_1_471' title='bbox 1490 4107 1547 4159; x_wconf 82' lang='grc' dir='ltr'>δὲ</span> <span class='ocrx_word' id='word_1_472' title='bbox 1575 4104 1673 4170; x_wconf 81' lang='grc' dir='ltr'>ὢν,</span> <span class='ocrx_word' id='word_1_473' title='bbox 1695 4105 1815 4159; x_wconf 81' lang='grc' dir='ltr'>λίαν</span> 
     </span>
    </p>
   </div>
   <div class='ocr_carea' id='block_1_61' title="bbox 247 4195 1817 4287">
    <p class='ocr_par' dir='ltr' id='par_1_61' title="bbox 247 4195 1817 4287">
     <span class='ocr_line' id='line_1_62' title="bbox 247 4195 1817 4287; baseline -0.013 -17"><span class='ocrx_word' id='word_1_474' title='bbox 247 4220 337 4270; x_wconf 68' lang='grc' dir='ltr'><strong>τον</strong></span> <span class='ocrx_word' id='word_1_475' title='bbox 374 4215 493 4287; x_wconf 80' lang='grc' dir='ltr'>βίον</span> <span class='ocrx_word' id='word_1_476' title='bbox 524 4206 974 4279; x_wconf 74' lang='grc' dir='ltr'>ἐκδεδιῃτημένος</span> <span class='ocrx_word' id='word_1_477' title='bbox 1009 4202 1324 4270; x_wconf 73' lang='grc' dir='ltr'>ἐτύγχανεν,</span> <span class='ocrx_word' id='word_1_478' title='bbox 1353 4197 1605 4268; x_wconf 84' lang='grc' dir='ltr'>Περιέχει</span> <span class='ocrx_word' id='word_1_479' title='bbox 1634 4195 1691 4249; x_wconf 81' lang='grc' dir='ltr'>δὲ</span> <span class='ocrx_word' id='word_1_480' title='bbox 1721 4196 1817 4250; x_wconf 74' lang='grc' dir='ltr'>καὶ</span> 
     </span>
    </p>
   </div>
   <div class='ocr_carea' id='block_1_62' title="bbox 246 4288 1817 4378">
    <p class='ocr_par' dir='ltr' id='par_1_62' title="bbox 246 4288 1817 4378">
     <span class='ocr_line' id='line_1_63' title="bbox 246 4288 1817 4378; baseline -0.015 -16"><span class='ocrx_word' id='word_1_481' title='bbox 246 4314 280 4378; x_wconf 81' lang='grc' dir='ltr'><strong>η</strong></span> <span class='ocrx_word' id='word_1_482' title='bbox 314 4304 576 4378; x_wconf 79' lang='grc' dir='ltr'>παροῦσα</span> <span class='ocrx_word' id='word_1_483' title='bbox 611 4295 1053 4360; x_wconf 78' lang='grc' dir='ltr'>ἑπτακαιδεκάτη</span> <span class='ocrx_word' id='word_1_484' title='bbox 1090 4309 1183 4362; x_wconf 86' lang='grc' dir='ltr'><strong>μοι</strong></span> <span class='ocrx_word' id='word_1_485' title='bbox 1216 4290 1323 4344; x_wconf 89' lang='grc' dir='ltr'>τῶν</span> <span class='ocrx_word' id='word_1_486' title='bbox 1350 4288 1602 4360; x_wconf 76' lang='grc' dir='ltr'>ἱστοριῶν</span> <span class='ocrx_word' id='word_1_487' title='bbox 1625 4288 1817 4378; x_wconf 85' lang='grc' dir='ltr'>χρόνον</span> 
     </span>
    </p>
   </div>
   <div class='ocr_carea' id='block_1_63' title="bbox 245 4377 1814 4466">
    <p class='ocr_par' dir='ltr' id='par_1_63' title="bbox 245 4377 1814 4466">
     <span class='ocr_line' id='line_1_64' title="bbox 245 4377 1814 4466; baseline -0.017 -11"><span class='ocrx_word' id='word_1_488' title='bbox 245 4377 382 4454; x_wconf 68' lang='grc' dir='ltr'>ἑτῶν</span> <span class='ocrx_word' id='word_1_489' title='bbox 414 4396 694 4466; x_wconf 81' lang='grc' dir='ltr'>τεττάρων</span> <span class='ocrx_word' id='word_1_490' title='bbox 725 4391 861 4463; x_wconf 61' lang='grc' dir='ltr'>προς</span> <span class='ocrx_word' id='word_1_491' title='bbox 886 4391 995 4450; x_wconf 69' lang='grc' dir='ltr'>τοῖς</span> <span class='ocrx_word' id='word_1_492' title='bbox 1033 4387 1302 4455; x_wconf 77' lang='grc' dir='ltr'>ἐξήκοντα</span> <span class='ocrx_word' id='word_1_493' title='bbox 1329 4380 1427 4434; x_wconf 75' lang='grc' dir='ltr'>σὺν</span> <span class='ocrx_word' id='word_1_494' title='bbox 1456 4381 1624 4450; x_wconf 72' lang='grc' dir='ltr'>μησὶν</span> <span class='ocrx_word' id='word_1_495' title='bbox 1646 4377 1814 4432; x_wconf 78' lang='grc' dir='ltr'>ὀκτώο</span> 
     </span>
    </p>
   </div>
   <div class='ocr_carea' id='block_1_64' title="bbox 1914 1907 3481 1984">
    <p class='ocr_par' dir='ltr' id='par_1_64' title="bbox 1914 1907 3481 1984">
     <span class='ocr_line' id='line_1_65' title="bbox 1914 1907 3481 1984; baseline 0.009 -22"><span class='ocrx_word' id='word_1_496' title='bbox 1914 1907 2215 1965; x_wconf 84' lang='lat' dir='ltr'><strong>Ecclesiam</strong></span> <span class='ocrx_word' id='word_1_497' title='bbox 2272 1912 2413 1982; x_wconf 87' lang='lat' dir='ltr'><strong>ejus,</strong></span> <span class='ocrx_word' id='word_1_498' title='bbox 2468 1922 2524 1967; x_wconf 88' lang='lat' dir='ltr'><strong>et</strong></span> <span class='ocrx_word' id='word_1_499' title='bbox 2578 1914 2708 1968; x_wconf 92' lang='lat' dir='ltr'><strong>olim</strong></span> <span class='ocrx_word' id='word_1_500' title='bbox 2736 1916 2957 1984; x_wconf 89' lang='lat' dir='ltr'><strong>quidem</strong></span> <span class='ocrx_word' id='word_1_501' title='bbox 3007 1918 3193 1973; x_wconf 84' lang='lat' dir='ltr'><strong>heram</strong></span> <span class='ocrx_word' id='word_1_502' title='bbox 3220 1930 3275 1974; x_wconf 91' lang='lat' dir='ltr'><strong>et</strong></span> <span class='ocrx_word' id='word_1_503' title='bbox 3301 1923 3481 1976; x_wconf 87' lang='lat' dir='ltr'><strong>domi-</strong></span> 
     </span>
    </p>
   </div>
   <div class='ocr_carea' id='block_1_65' title="bbox 1914 2005 3480 2070">
    <p class='ocr_par' dir='ltr' id='par_1_65' title="bbox 1914 2005 3480 2070">
     <span class='ocr_line' id='line_1_66' title="bbox 1914 2005 3480 2070; baseline 0.008 -19"><span class='ocrx_word' id='word_1_504' title='bbox 1914 2012 2064 2063; x_wconf 86' lang='lat' dir='ltr'><strong>nam,</strong></span> <span class='ocrx_word' id='word_1_505' title='bbox 2132 2016 2279 2055; x_wconf 92' lang='lat' dir='ltr'><strong>nunc</strong></span> <span class='ocrx_word' id='word_1_506' title='bbox 2333 2017 2468 2057; x_wconf 83' lang='lat' dir='ltr'><strong>vero</strong></span> <span class='ocrx_word' id='word_1_507' title='bbox 2517 2010 2746 2057; x_wconf 83' lang='lat' dir='ltr'><strong>matrem</strong></span> <span class='ocrx_word' id='word_1_508' title='bbox 2774 2014 2942 2061; x_wconf 88' lang='lat' dir='ltr'><strong>tuam.</strong></span> <span class='ocrx_word' id='word_1_509' title='bbox 2976 2005 3079 2070; x_wconf 86' lang='lat' dir='ltr'><strong>Qui</strong></span> <span class='ocrx_word' id='word_1_510' title='bbox 3105 2008 3393 2063; x_wconf 78' lang='lat' dir='ltr'><strong>facultates</strong></span> <span class='ocrx_word' id='word_1_511' title='bbox 3424 2019 3480 2063; x_wconf 92' lang='lat' dir='ltr'><strong>et</strong></span> 
     </span>
    </p>
   </div>
   <div class='ocr_carea' id='block_1_66' title="bbox 1913 2090 3465 2163">
    <p class='ocr_par' dir='ltr' id='par_1_66' title="bbox 1913 2090 3465 2163">
     <span class='ocr_line' id='line_1_67' title="bbox 1913 2090 3465 2163; baseline 0.005 -21"><span class='ocrx_word' id='word_1_512' title='bbox 1913 2090 2283 2156; x_wconf 80' lang='lat' dir='ltr'><strong>possessiones</strong></span> <span class='ocrx_word' id='word_1_513' title='bbox 2312 2091 2533 2157; x_wconf 82' lang='lat' dir='ltr'><strong>habent,</strong></span> <span class='ocrx_word' id='word_1_514' title='bbox 2566 2092 2799 2148; x_wconf 87' lang='lat' dir='ltr'><strong>habeant</strong></span> <span class='ocrx_word' id='word_1_515' title='bbox 2829 2111 2843 2157; x_wconf 93' lang='lat'>;</span> <span class='ocrx_word' id='word_1_516' title='bbox 2899 2095 3103 2163; x_wconf 85' lang='lat' dir='ltr'><strong>quibus</strong></span> <span class='ocrx_word' id='word_1_517' title='bbox 3137 2111 3216 2150; x_wconf 83' lang='lat' dir='ltr'><strong>eae</strong></span> <span class='ocrx_word' id='word_1_518' title='bbox 3245 2097 3465 2161; x_wconf 89' lang='lat' dir='ltr'><strong>desunt,</strong></span> 
     </span>
    </p>
   </div>
   <div class='ocr_carea' id='block_1_67' title="bbox 1912 2182 3470 2255">
    <p class='ocr_par' dir='ltr' id='par_1_67' title="bbox 1912 2182 3470 2255">
     <span class='ocr_line' id='line_1_68' title="bbox 1912 2182 3470 2255; baseline 0.004 -18"><span class='ocrx_word' id='word_1_519' title='bbox 1912 2182 1993 2237; x_wconf 86' lang='lat' dir='ltr'><strong>eis</strong></span> <span class='ocrx_word' id='word_1_520' title='bbox 2016 2183 2214 2237; x_wconf 87' lang='lat' dir='ltr'><strong>tribue.</strong></span> <span class='ocrx_word' id='word_1_521' title='bbox 2245 2184 2479 2239; x_wconf 88' lang='lat' dir='ltr'><strong>Perinde</strong></span> <span class='ocrx_word' id='word_1_522' title='bbox 2505 2194 2669 2255; x_wconf 79' lang='lat' dir='ltr'><strong>atque</strong></span> <span class='ocrx_word' id='word_1_523' title='bbox 2697 2186 2749 2240; x_wconf 93' lang='lat' dir='ltr'><strong>in</strong></span> <span class='ocrx_word' id='word_1_524' title='bbox 2784 2187 3038 2255; x_wconf 86' lang='lat' dir='ltr'><strong>teipsum,</strong></span> <span class='ocrx_word' id='word_1_525' title='bbox 3068 2189 3140 2241; x_wconf 88' lang='lat' dir='ltr'><strong>ita</strong></span> <span class='ocrx_word' id='word_1_526' title='bbox 3171 2188 3225 2241; x_wconf 90' lang='lat' dir='ltr'><strong>in</strong></span> <span class='ocrx_word' id='word_1_527' title='bbox 3277 2205 3470 2243; x_wconf 85' lang='lat' dir='ltr'><strong>omnes</strong></span> 
     </span>
    </p>
   </div>
   <div class='ocr_carea' id='block_1_68' title="bbox 1914 2272 3476 2344">
    <p class='ocr_par' dir='ltr' id='par_1_68' title="bbox 1914 2272 3476 2344">
     <span class='ocr_line' id='line_1_69' title="bbox 1914 2272 3476 2344; baseline 0.004 -18"><span class='ocrx_word' id='word_1_528' title='bbox 1914 2272 2158 2326; x_wconf 87' lang='lat' dir='ltr'><strong>animum</strong></span> <span class='ocrx_word' id='word_1_529' title='bbox 2221 2272 2466 2327; x_wconf 78' lang='lat' dir='ltr'><strong>intende.</strong></span> <span class='ocrx_word' id='word_1_530' title='bbox 2531 2275 2707 2329; x_wconf 83' lang='lat' dir='ltr'><strong>Nosce</strong></span> <span class='ocrx_word' id='word_1_531' title='bbox 2731 2290 2861 2329; x_wconf 92' lang='lat' dir='ltr'><strong>vero</strong></span> <span class='ocrx_word' id='word_1_532' title='bbox 2883 2284 2940 2330; x_wconf 91' lang='lat' dir='ltr'><strong>et</strong></span> <span class='ocrx_word' id='word_1_533' title='bbox 2965 2276 3264 2344; x_wconf 85' lang='lat' dir='ltr'><strong>quisantea</strong></span> <span class='ocrx_word' id='word_1_534' title='bbox 3288 2278 3476 2341; x_wconf 82' lang='lat' dir='ltr'><strong>fueris.</strong></span> 
     </span>
    </p>
   </div>
   <div class='ocr_carea' id='block_1_69' title="bbox 1903 2355 3483 2437">
    <p class='ocr_par' dir='ltr' id='par_1_69' title="bbox 1903 2355 3483 2437">
     <span class='ocr_line' id='line_1_70' title="bbox 1903 2355 3483 2437; baseline 0.004 -20"><span class='ocrx_word' id='word_1_535' title='bbox 1903 2355 2115 2432; x_wconf 76' lang='lat' dir='ltr'><strong>etquis</strong></span> <span class='ocrx_word' id='word_1_536' title='bbox 2146 2363 2309 2419; x_wconf 87' lang='lat' dir='ltr'><strong>hodie</strong></span> <span class='ocrx_word' id='word_1_537' title='bbox 2336 2365 2512 2425; x_wconf 80' lang='lat' dir='ltr'><strong>factus</strong></span> <span class='ocrx_word' id='word_1_538' title='bbox 2527 2367 2626 2421; x_wconf 89' lang='lat' dir='ltr'><strong>sis.</strong></span> <span class='ocrx_word' id='word_1_539' title='bbox 2655 2367 2712 2423; x_wconf 90' lang='lat' dir='ltr'><strong>Si</strong></span> <span class='ocrx_word' id='word_1_540' title='bbox 2746 2384 2977 2437; x_wconf 88' lang='lat' dir='ltr'><strong>peccare</strong></span> <span class='ocrx_word' id='word_1_541' title='bbox 3017 2386 3127 2424; x_wconf 91' lang='lat' dir='ltr'><strong>non</strong></span> <span class='ocrx_word' id='word_1_542' title='bbox 3163 2372 3267 2435; x_wconf 85' lang='lat' dir='ltr'><strong>vis,</strong></span> <span class='ocrx_word' id='word_1_543' title='bbox 3300 2387 3368 2425; x_wconf 86' lang='lat' dir='ltr'><strong>ne</strong></span> <span class='ocrx_word' id='word_1_544' title='bbox 3397 2387 3483 2424; x_wconf 90' lang='lat' dir='ltr'><strong>ar-</strong></span> 
     </span>
    </p>
   </div>
   <div class='ocr_carea' id='block_1_70' title="bbox 1915 2456 3481 2530">
    <p class='ocr_par' dir='ltr' id='par_1_70' title="bbox 1915 2456 3481 2530">
     <span class='ocr_line' id='line_1_71' title="bbox 1915 2456 3481 2530; baseline 0.005 -25"><span class='ocrx_word' id='word_1_545' title='bbox 1915 2468 2112 2522; x_wconf 79' lang='lat' dir='ltr'><strong>rogans</strong></span> <span class='ocrx_word' id='word_1_546' title='bbox 2142 2456 2483 2524; x_wconf 82' lang='lat' dir='ltr'><strong>etsuperbus</strong></span> <span class='ocrx_word' id='word_1_547' title='bbox 2535 2456 2725 2512; x_wconf 81' lang='lat' dir='ltr'><strong>fueris.</strong></span> <span class='ocrx_word' id='word_1_548' title='bbox 2752 2458 2871 2528; x_wconf 89' lang='lat' dir='ltr'><strong>Ipse</strong></span> <span class='ocrx_word' id='word_1_549' title='bbox 2889 2476 3124 2530; x_wconf 84' lang='lat' dir='ltr'><strong>namque</strong></span> <span class='ocrx_word' id='word_1_550' title='bbox 3155 2461 3328 2523; x_wconf 87' lang='lat' dir='ltr'><strong>vides,</strong></span> <span class='ocrx_word' id='word_1_551' title='bbox 3357 2462 3481 2529; x_wconf 89' lang='lat' dir='ltr'><strong>quis</strong></span> 
     </span>
    </p>
   </div>
   <div class='ocr_carea' id='block_1_71' title="bbox 1914 2543 3480 2619">
    <p class='ocr_par' dir='ltr' id='par_1_71' title="bbox 1914 2543 3480 2619">
     <span class='ocr_line' id='line_1_72' title="bbox 1914 2543 3480 2619; baseline 0.004 -22"><span class='ocrx_word' id='word_1_552' title='bbox 1914 2557 2014 2612; x_wconf 84' lang='lat' dir='ltr'><strong>ego</strong></span> <span class='ocrx_word' id='word_1_553' title='bbox 2036 2543 2200 2611; x_wconf 87' lang='lat' dir='ltr'><strong>paulo</strong></span> <span class='ocrx_word' id='word_1_554' title='bbox 2228 2558 2355 2600; x_wconf 89' lang='lat' dir='ltr'><strong>ante</strong></span> <span class='ocrx_word' id='word_1_555' title='bbox 2404 2546 2626 2609; x_wconf 82' lang='lat' dir='ltr'><strong>fuerim,</strong></span> <span class='ocrx_word' id='word_1_556' title='bbox 2656 2557 2712 2603; x_wconf 94' lang='lat' dir='ltr'><strong>et</strong></span> <span class='ocrx_word' id='word_1_557' title='bbox 2756 2550 2889 2619; x_wconf 90' lang='lat' dir='ltr'><strong>quid</strong></span> <span class='ocrx_word' id='word_1_558' title='bbox 2954 2566 3099 2605; x_wconf 92' lang='lat' dir='ltr'><strong>nunc</strong></span> <span class='ocrx_word' id='word_1_559' title='bbox 3157 2553 3299 2605; x_wconf 90' lang='lat' dir='ltr'><strong>sim..</strong></span> <span class='ocrx_word' id='word_1_560' title='bbox 3340 2550 3480 2604; x_wconf 79' lang='lat' dir='ltr'><strong>l’au-</strong></span> 
     </span>
    </p>
   </div>
   <div class='ocr_carea' id='block_1_72' title="bbox 1919 2632 3477 2710">
    <p class='ocr_par' dir='ltr' id='par_1_72' title="bbox 1919 2632 3477 2710">
     <span class='ocr_line' id='line_1_73' title="bbox 1919 2632 3477 2710; baseline 0.005 -26"><span class='ocrx_word' id='word_1_561' title='bbox 1919 2646 2078 2700; x_wconf 87' lang='lat' dir='ltr'><strong>peres</strong></span> <span class='ocrx_word' id='word_1_562' title='bbox 2130 2632 2186 2686; x_wconf 92' lang='lat' dir='ltr'><strong>in</strong></span> <span class='ocrx_word' id='word_1_563' title='bbox 2244 2634 2437 2703; x_wconf 89' lang='lat' dir='ltr'><strong>primis</strong></span> <span class='ocrx_word' id='word_1_564' title='bbox 2521 2636 2707 2706; x_wconf 83' lang='lat' dir='ltr'><strong>dilige,</strong></span> <span class='ocrx_word' id='word_1_565' title='bbox 2760 2650 2817 2693; x_wconf 90' lang='lat' dir='ltr'><strong>et</strong></span> <span class='ocrx_word' id='word_1_566' title='bbox 2896 2638 3255 2710; x_wconf 78' lang='lat' dir='ltr'><strong>eleemosynae</strong></span> <span class='ocrx_word' id='word_1_567' title='bbox 3336 2642 3477 2710; x_wconf 87' lang='lat' dir='ltr'><strong>apud</strong></span> 
     </span>
    </p>
   </div>
   <div class='ocr_carea' id='block_1_73' title="bbox 1915 2724 3519 2801">
    <p class='ocr_par' dir='ltr' id='par_1_73' title="bbox 1915 2724 3519 2801">
     <span class='ocr_line' id='line_1_74' title="bbox 1915 2724 3519 2801; baseline 0.004 -24"><span class='ocrx_word' id='word_1_568' title='bbox 1915 2732 1967 2777; x_wconf 88' lang='lat' dir='ltr'><strong>te</strong></span> <span class='ocrx_word' id='word_1_569' title='bbox 2028 2739 2137 2778; x_wconf 92' lang='lat' dir='ltr'><strong>non</strong></span> <span class='ocrx_word' id='word_1_570' title='bbox 2176 2724 2450 2781; x_wconf 85' lang='lat' dir='ltr'><strong>deliciam.</strong></span> <span class='ocrx_word' id='word_1_571' title='bbox 2489 2745 2508 2778; x_wconf 74' lang='grc' dir='ltr'><strong>ι</strong></span> <span class='ocrx_word' id='word_1_572' title='bbox 2565 2728 2779 2784; x_wconf 85' lang='lat' dir='ltr'><strong>Etcum</strong></span> <span class='ocrx_word' id='word_1_573' title='bbox 2839 2734 3085 2799; x_wconf 87' lang='lat' dir='ltr'><strong>precatio</strong></span> <span class='ocrx_word' id='word_1_574' title='bbox 3115 2731 3184 2786; x_wconf 88' lang='lat' dir='ltr'><strong>ab</strong></span> <span class='ocrx_word' id='word_1_575' title='bbox 3216 2732 3478 2801; x_wconf 87' lang='lat' dir='ltr'><strong>episcopo</strong></span> <span class='ocrx_word' id='word_1_576' title='bbox 3506 2746 3519 2754; x_wconf 72' lang='lat'><em>‘</em></span> 
     </span>
    </p>
   </div>
   <div class='ocr_carea' id='block_1_74' title="bbox 1919 2816 3479 2892">
    <p class='ocr_par' dir='ltr' id='par_1_74' title="bbox 1919 2816 3479 2892">
     <span class='ocr_line' id='line_1_75' title="bbox 1919 2816 3479 2892; baseline 0.003 -23"><span class='ocrx_word' id='word_1_577' title='bbox 1919 2816 2067 2871; x_wconf 80' lang='lat' dir='ltr'><strong>facta</strong></span> <span class='ocrx_word' id='word_1_578' title='bbox 2095 2830 2260 2882; x_wconf 83' lang='lat' dir='ltr'><strong>esset,</strong></span> <span class='ocrx_word' id='word_1_579' title='bbox 2296 2818 2553 2880; x_wconf 77' lang='lat' dir='ltr'><strong>Tiberius</strong></span> <span class='ocrx_word' id='word_1_580' title='bbox 2584 2821 2650 2875; x_wconf 87' lang='lat' dir='ltr'><strong>ad</strong></span> <span class='ocrx_word' id='word_1_581' title='bbox 2677 2822 2843 2891; x_wconf 82' lang='lat' dir='ltr'><strong>pedes</strong></span> <span class='ocrx_word' id='word_1_582' title='bbox 2869 2822 3215 2891; x_wconf 84' lang='lat' dir='ltr'><strong>imperatoris</strong></span> <span class='ocrx_word' id='word_1_583' title='bbox 3244 2840 3301 2878; x_wconf 89' lang='lat' dir='ltr'><strong>se</strong></span> <span class='ocrx_word' id='word_1_584' title='bbox 3324 2823 3479 2892; x_wconf 87' lang='lat' dir='ltr'><strong>abje-</strong></span> 
     </span>
    </p>
   </div>
   <div class='ocr_carea' id='block_1_75' title="bbox 1914 2908 3477 2983">
    <p class='ocr_par' dir='ltr' id='par_1_75' title="bbox 1914 2908 3477 2983">
     <span class='ocr_line' id='line_1_76' title="bbox 1914 2908 3477 2983; baseline 0.006 -21"><span class='ocrx_word' id='word_1_585' title='bbox 1914 2908 2012 2962; x_wconf 88' lang='lat' dir='ltr'><strong>cit.</strong></span> <span class='ocrx_word' id='word_1_586' title='bbox 2055 2909 2229 2978; x_wconf 80' lang='lat' dir='ltr'><strong>Atque</strong></span> <span class='ocrx_word' id='word_1_587' title='bbox 2254 2910 2341 2963; x_wconf 89' lang='lat' dir='ltr'><strong>ille</strong></span> <span class='ocrx_word' id='word_1_588' title='bbox 2363 2910 2739 2978; x_wconf 81' lang='lat' dir='ltr'><strong>subinierens,</strong></span> <span class='ocrx_word' id='word_1_589' title='bbox 2804 2932 2821 2964; x_wconf 86' lang='grc'><strong><em>‹</em></strong></span> <span class='ocrx_word' id='word_1_590' title='bbox 2875 2913 2951 2978; x_wconf 89' lang='lat' dir='ltr'><strong>Si,</strong></span> <span class='ocrx_word' id='word_1_591' title='bbox 2983 2916 3181 2983; x_wconf 87' lang='lat' dir='ltr'><strong>inquit,</strong></span> <span class='ocrx_word' id='word_1_592' title='bbox 3215 2917 3477 2983; x_wconf 85' lang='lat' dir='ltr'><strong>volueris,</strong></span> 
     </span>
    </p>
   </div>
   <div class='ocr_carea' id='block_1_76' title="bbox 1914 2996 3478 3075">
    <p class='ocr_par' dir='ltr' id='par_1_76' title="bbox 1914 2996 3478 3075">
     <span class='ocr_line' id='line_1_77' title="bbox 1914 2996 3478 3075; baseline 0.004 -20"><span class='ocrx_word' id='word_1_593' title='bbox 1914 3015 2071 3067; x_wconf 89' lang='lat' dir='ltr'><strong>sum;</strong></span> <span class='ocrx_word' id='word_1_594' title='bbox 2108 3001 2151 3055; x_wconf 89' lang='lat' dir='ltr'><strong>si</strong></span> <span class='ocrx_word' id='word_1_595' title='bbox 2186 3002 2450 3065; x_wconf 86' lang='lat' dir='ltr'><strong>nolueris,</strong></span> <span class='ocrx_word' id='word_1_596' title='bbox 2481 3018 2586 3056; x_wconf 87' lang='lat' dir='ltr'><strong>non</strong></span> <span class='ocrx_word' id='word_1_597' title='bbox 2606 2996 2751 3058; x_wconf 85' lang='lat' dir='ltr'><strong>sum.</strong></span> <span class='ocrx_word' id='word_1_598' title='bbox 2785 3003 2928 3059; x_wconf 87' lang='lat' dir='ltr'><strong>Deus</strong></span> <span class='ocrx_word' id='word_1_599' title='bbox 2967 3007 3059 3075; x_wconf 89' lang='lat' dir='ltr'><strong>qui</strong></span> <span class='ocrx_word' id='word_1_600' title='bbox 3112 3007 3242 3062; x_wconf 84' lang='lat' dir='ltr'><strong>iecit</strong></span> <span class='ocrx_word' id='word_1_601' title='bbox 3281 3009 3478 3063; x_wconf 67' lang='lat' dir='ltr'><strong>coelum</strong></span> 
     </span>
    </p>
   </div>
   <div class='ocr_carea' id='block_1_77' title="bbox 1915 3093 3479 3165">
    <p class='ocr_par' dir='ltr' id='par_1_77' title="bbox 1915 3093 3479 3165">
     <span class='ocr_line' id='line_1_78' title="bbox 1915 3093 3479 3165; baseline 0.004 -18"><span class='ocrx_word' id='word_1_602' title='bbox 1915 3102 1972 3147; x_wconf 93' lang='lat' dir='ltr'><strong>et</strong></span> <span class='ocrx_word' id='word_1_603' title='bbox 2026 3100 2250 3158; x_wconf 88' lang='lat' dir='ltr'><strong>terram,</strong></span> <span class='ocrx_word' id='word_1_604' title='bbox 2297 3093 2479 3147; x_wconf 86' lang='lat' dir='ltr'><strong>omnia</strong></span> <span class='ocrx_word' id='word_1_605' title='bbox 2523 3109 2864 3165; x_wconf 86' lang='lat' dir='ltr'><strong>quaecunque</strong></span> <span class='ocrx_word' id='word_1_606' title='bbox 2925 3097 3019 3151; x_wconf 90' lang='lat' dir='ltr'><strong>tibi</strong></span> <span class='ocrx_word' id='word_1_607' title='bbox 3046 3096 3232 3153; x_wconf 89' lang='lat' dir='ltr'><strong>dicere</strong></span> <span class='ocrx_word' id='word_1_608' title='bbox 3266 3100 3479 3154; x_wconf 82' lang='lat' dir='ltr'><strong>oblitus</strong></span> 
     </span>
    </p>
   </div>
   <div class='ocr_carea' id='block_1_78' title="bbox 1921 3185 3479 3257">
    <p class='ocr_par' dir='ltr' id='par_1_78' title="bbox 1921 3185 3479 3257">
     <span class='ocr_line' id='line_1_79' title="bbox 1921 3185 3479 3257; baseline 0.003 -16"><span class='ocrx_word' id='word_1_609' title='bbox 1921 3199 2064 3250; x_wconf 81' lang='lat' dir='ltr'><strong>sum,</strong></span> <span class='ocrx_word' id='word_1_610' title='bbox 2122 3186 2238 3255; x_wconf 85' lang='lat' dir='ltr'><strong>ipse</strong></span> <span class='ocrx_word' id='word_1_611' title='bbox 2271 3185 2324 3238; x_wconf 90' lang='lat' dir='ltr'><strong>in</strong></span> <span class='ocrx_word' id='word_1_612' title='bbox 2359 3187 2604 3241; x_wconf 88' lang='lat' dir='ltr'><strong>animum</strong></span> <span class='ocrx_word' id='word_1_613' title='bbox 2636 3196 2788 3240; x_wconf 81' lang='lat' dir='ltr'><strong>tuum</strong></span> <span class='ocrx_word' id='word_1_614' title='bbox 2823 3187 3101 3257; x_wconf 87' lang='lat' dir='ltr'><strong>subjiciet,</strong></span> <span class='ocrx_word' id='word_1_615' title='bbox 3126 3190 3479 3255; x_wconf 79' lang='lat' dir='ltr'><strong>conﬁrmans,</strong></span> 
     </span>
    </p>
   </div>
   <div class='ocr_carea' id='block_1_79' title="bbox 1920 3277 3485 3348">
    <p class='ocr_par' dir='ltr' id='par_1_79' title="bbox 1920 3277 3485 3348">
     <span class='ocr_line' id='line_1_80' title="bbox 1920 3277 3485 3348; baseline 0.004 -18"><span class='ocrx_word' id='word_1_616' title='bbox 1920 3286 2083 3346; x_wconf 83' lang='lat' dir='ltr'><strong>atque</strong></span> <span class='ocrx_word' id='word_1_617' title='bbox 2119 3277 2318 3346; x_wconf 83' lang='lat' dir='ltr'><strong>abipso</strong></span> <span class='ocrx_word' id='word_1_618' title='bbox 2347 3278 2509 3348; x_wconf 73' lang='lat'><strong>803</strong></span> <span class='ocrx_word' id='word_1_619' title='bbox 2536 3294 2680 3333; x_wconf 91' lang='lat' dir='ltr'><strong>nunc</strong></span> <span class='ocrx_word' id='word_1_620' title='bbox 2708 3279 2867 3333; x_wconf 84' lang='lat' dir='ltr'><strong>initio</strong></span> <span class='ocrx_word' id='word_1_621' title='bbox 2900 3280 3195 3336; x_wconf 85' lang='lat' dir='ltr'><strong>instituens</strong></span> <span class='ocrx_word' id='word_1_622' title='bbox 3241 3291 3295 3336; x_wconf 89' lang='lat' dir='ltr'><strong>te</strong></span> <span class='ocrx_word' id='word_1_623' title='bbox 3358 3298 3485 3337; x_wconf 89' lang='lat' dir='ltr'><strong>san-</strong></span> 
     </span>
    </p>
   </div>
   <div class='ocr_carea' id='block_1_80' title="bbox 1922 3370 3483 3439">
    <p class='ocr_par' dir='ltr' id='par_1_80' title="bbox 1922 3370 3483 3439">
     <span class='ocr_line' id='line_1_81' title="bbox 1922 3370 3483 3439; baseline 0.004 -15"><span class='ocrx_word' id='word_1_624' title='bbox 1922 3370 2179 3424; x_wconf 85' lang='lat' dir='ltr'><strong>ctissimo</strong></span> <span class='ocrx_word' id='word_1_625' title='bbox 2212 3370 2408 3423; x_wconf 90' lang='lat' dir='ltr'><strong>timore</strong></span> <span class='ocrx_word' id='word_1_626' title='bbox 2462 3384 2593 3434; x_wconf 83' lang='lat' dir='ltr'><strong>suo;</strong></span> <span class='ocrx_word' id='word_1_627' title='bbox 2650 3384 2751 3437; x_wconf 89' lang='lat' dir='ltr'><strong>per</strong></span> <span class='ocrx_word' id='word_1_628' title='bbox 2794 3386 2955 3439; x_wconf 87' lang='lat' dir='ltr'><strong>quem</strong></span> <span class='ocrx_word' id='word_1_629' title='bbox 2996 3373 3177 3427; x_wconf 88' lang='lat' dir='ltr'><strong>omnia</strong></span> <span class='ocrx_word' id='word_1_630' title='bbox 3207 3374 3303 3427; x_wconf 88' lang='lat' dir='ltr'><strong>tibi</strong></span> <span class='ocrx_word' id='word_1_631' title='bbox 3338 3387 3483 3430; x_wconf 87' lang='lat' dir='ltr'><strong>recte</strong></span> 
     </span>
    </p>
   </div>
   <div class='ocr_carea' id='block_1_81' title="bbox 1919 3459 3480 3533">
    <p class='ocr_par' dir='ltr' id='par_1_81' title="bbox 1919 3459 3480 3533">
     <span class='ocr_line' id='line_1_82' title="bbox 1919 3459 3480 3533; baseline 0.004 -19"><span class='ocrx_word' id='word_1_632' title='bbox 1919 3471 2084 3530; x_wconf 88' lang='lat' dir='ltr'><strong>atque</strong></span> <span class='ocrx_word' id='word_1_633' title='bbox 2109 3461 2344 3515; x_wconf 83' lang='lat' dir='ltr'><strong>feliciter</strong></span> <span class='ocrx_word' id='word_1_634' title='bbox 2374 3459 2636 3514; x_wconf 85' lang='lat' dir='ltr'><strong>evenient</strong></span> <span class='ocrx_word' id='word_1_635' title='bbox 2662 3460 2861 3514; x_wconf 63' lang='lat' dir='ltr'><strong>bona.»</strong></span> <span class='ocrx_word' id='word_1_636' title='bbox 2895 3461 3144 3515; x_wconf 79' lang='lat' dir='ltr'><strong>Justinus</strong></span> <span class='ocrx_word' id='word_1_637' title='bbox 3171 3464 3361 3533; x_wconf 88' lang='lat' dir='ltr'><strong>junior</strong></span> <span class='ocrx_word' id='word_1_638' title='bbox 3388 3468 3480 3519; x_wconf 86' lang='lat' dir='ltr'><strong>ubi</strong></span> 
     </span>
    </p>
   </div>
   <div class='ocr_carea' id='block_1_82' title="bbox 1922 3552 3480 3621">
    <p class='ocr_par' dir='ltr' id='par_1_82' title="bbox 1922 3552 3480 3621">
     <span class='ocr_line' id='line_1_83' title="bbox 1922 3552 3480 3621; baseline 0.001 -15"><span class='ocrx_word' id='word_1_639' title='bbox 1922 3553 1975 3607; x_wconf 86' lang='lat' dir='ltr'><strong>in</strong></span> <span class='ocrx_word' id='word_1_640' title='bbox 1997 3553 2223 3621; x_wconf 82' lang='lat' dir='ltr'><strong>imperio</strong></span> <span class='ocrx_word' id='word_1_641' title='bbox 2235 3566 2357 3606; x_wconf 90' lang='lat' dir='ltr'><strong>cum</strong></span> <span class='ocrx_word' id='word_1_642' title='bbox 2377 3552 2593 3605; x_wconf 88' lang='lat' dir='ltr'><strong>Tiberio</strong></span> <span class='ocrx_word' id='word_1_643' title='bbox 2610 3566 2782 3604; x_wconf 91' lang='lat' dir='ltr'><strong>annos</strong></span> <span class='ocrx_word' id='word_1_644' title='bbox 2804 3559 3042 3619; x_wconf 88' lang='lat' dir='ltr'><strong>quatuor</strong></span> <span class='ocrx_word' id='word_1_645' title='bbox 3056 3557 3349 3621; x_wconf 79' lang='lat' dir='ltr'><strong>exegisset,</strong></span> <span class='ocrx_word' id='word_1_646' title='bbox 3377 3558 3480 3608; x_wconf 80' lang='lat' dir='ltr'><strong>vita</strong></span> 
     </span>
    </p>
   </div>
   <div class='ocr_carea' id='block_1_83' title="bbox 1919 3642 3485 3711">
    <p class='ocr_par' dir='ltr' id='par_1_83' title="bbox 1919 3642 3485 3711">
     <span class='ocr_line' id='line_1_84' title="bbox 1919 3642 3485 3711; baseline 0.001 -13"><span class='ocrx_word' id='word_1_647' title='bbox 1919 3644 2177 3699; x_wconf 78' lang='lat' dir='ltr'><strong>excessit.</strong></span> <span class='ocrx_word' id='word_1_648' title='bbox 2223 3642 2343 3711; x_wconf 86' lang='lat' dir='ltr'><strong>lpse</strong></span> <span class='ocrx_word' id='word_1_649' title='bbox 2382 3642 2533 3695; x_wconf 92' lang='lat' dir='ltr'><strong>solus</strong></span> <span class='ocrx_word' id='word_1_650' title='bbox 2573 3642 2735 3695; x_wconf 83' lang='lat' dir='ltr'><strong>annis</strong></span> <span class='ocrx_word' id='word_1_651' title='bbox 2771 3642 3071 3696; x_wconf 86' lang='lat' dir='ltr'><strong>duodecim</strong></span> <span class='ocrx_word' id='word_1_652' title='bbox 3117 3654 3171 3697; x_wconf 88' lang='lat' dir='ltr'><strong>et</strong></span> <span class='ocrx_word' id='word_1_653' title='bbox 3200 3648 3485 3700; x_wconf 84' lang='lat' dir='ltr'><strong>mensibus</strong></span> 
     </span>
    </p>
   </div>
   <div class='ocr_carea' id='block_1_84' title="bbox 1920 3733 3481 3803">
    <p class='ocr_par' dir='ltr' id='par_1_84' title="bbox 1920 3733 3481 3803">
     <span class='ocr_line' id='line_1_85' title="bbox 1920 3733 3481 3803; baseline 0 -15"><span class='ocrx_word' id='word_1_654' title='bbox 1920 3734 2107 3789; x_wconf 90' lang='lat' dir='ltr'><strong>decem</strong></span> <span class='ocrx_word' id='word_1_655' title='bbox 2142 3748 2266 3787; x_wconf 87' lang='lat' dir='ltr'><strong>cum</strong></span> <span class='ocrx_word' id='word_1_656' title='bbox 2303 3733 2533 3788; x_wconf 87' lang='lat' dir='ltr'><strong>dimidio</strong></span> <span class='ocrx_word' id='word_1_657' title='bbox 2574 3734 2863 3803; x_wconf 86' lang='lat' dir='ltr'><strong>imperium</strong></span> <span class='ocrx_word' id='word_1_658' title='bbox 2927 3734 3281 3803; x_wconf 79' lang='lat' dir='ltr'><strong>gubernavit:</strong></span> <span class='ocrx_word' id='word_1_659' title='bbox 3357 3752 3481 3791; x_wconf 84' lang='lat' dir='ltr'><strong>cum</strong></span> 
     </span>
    </p>
   </div>
   <div class='ocr_carea' id='block_1_85' title="bbox 1922 3825 3484 3895">
    <p class='ocr_par' dir='ltr' id='par_1_85' title="bbox 1922 3825 3484 3895">
     <span class='ocr_line' id='line_1_86' title="bbox 1922 3825 3484 3895; baseline 0.001 -16"><span class='ocrx_word' id='word_1_660' title='bbox 1922 3825 2143 3881; x_wconf 87' lang='lat' dir='ltr'><strong>Tiberio</strong></span> <span class='ocrx_word' id='word_1_661' title='bbox 2174 3827 2330 3880; x_wconf 85' lang='lat' dir='ltr'><strong>anuis</strong></span> <span class='ocrx_word' id='word_1_662' title='bbox 2360 3835 2620 3895; x_wconf 88' lang='lat' dir='ltr'><strong>quatuor,</strong></span> <span class='ocrx_word' id='word_1_663' title='bbox 2687 3842 2875 3880; x_wconf 89' lang='lat' dir='ltr'><strong>mense</strong></span> <span class='ocrx_word' id='word_1_664' title='bbox 2930 3842 3037 3879; x_wconf 91' lang='lat' dir='ltr'><strong>uno</strong></span> <span class='ocrx_word' id='word_1_665' title='bbox 3065 3827 3279 3892; x_wconf 92' lang='lat' dir='ltr'><strong>minus,</strong></span> <span class='ocrx_word' id='word_1_666' title='bbox 3318 3828 3389 3882; x_wconf 89' lang='lat' dir='ltr'><strong>ita</strong></span> <span class='ocrx_word' id='word_1_667' title='bbox 3425 3837 3484 3881; x_wconf 91' lang='lat' dir='ltr'><strong>ut</strong></span> 
     </span>
    </p>
   </div>
   <div class='ocr_carea' id='block_1_86' title="bbox 1920 3912 3485 3984">
    <p class='ocr_par' dir='ltr' id='par_1_86' title="bbox 1920 3912 3485 3984">
     <span class='ocr_line' id='line_1_87' title="bbox 1920 3912 3485 3984; baseline 0.001 -13"><span class='ocrx_word' id='word_1_668' title='bbox 1920 3916 2138 3984; x_wconf 86' lang='lat' dir='ltr'><strong>imperii</strong></span> <span class='ocrx_word' id='word_1_669' title='bbox 2193 3918 2315 3984; x_wconf 83' lang='lat' dir='ltr'><strong>ejus</strong></span> <span class='ocrx_word' id='word_1_670' title='bbox 2361 3912 2704 3970; x_wconf 58' lang='lat' dir='ltr'><strong>anuio‘mnes</strong></span> <span class='ocrx_word' id='word_1_671' title='bbox 2765 3916 3003 3970; x_wconf 87' lang='lat' dir='ltr'><strong>sedecim</strong></span> <span class='ocrx_word' id='word_1_672' title='bbox 3050 3916 3180 3982; x_wconf 89' lang='lat' dir='ltr'><strong>sint,</strong></span> <span class='ocrx_word' id='word_1_673' title='bbox 3237 3926 3291 3971; x_wconf 93' lang='lat' dir='ltr'><strong>et</strong></span> <span class='ocrx_word' id='word_1_674' title='bbox 3336 3934 3485 3972; x_wconf 83' lang='lat' dir='ltr'><strong>men-</strong></span> 
     </span>
    </p>
   </div>
   <div class='ocr_carea' id='block_1_87' title="bbox 1921 4008 3485 4080">
    <p class='ocr_par' dir='ltr' id='par_1_87' title="bbox 1921 4008 3485 4080">
     <span class='ocr_line' id='line_1_88' title="bbox 1921 4008 3485 4080; baseline 0.001 -19"><span class='ocrx_word' id='word_1_675' title='bbox 1921 4022 2010 4063; x_wconf 87' lang='lat' dir='ltr'><strong>ses</strong></span> <span class='ocrx_word' id='word_1_676' title='bbox 2068 4023 2262 4062; x_wconf 81' lang='lat' dir='ltr'><strong>norem</strong></span> <span class='ocrx_word' id='word_1_677' title='bbox 2315 4022 2440 4061; x_wconf 92' lang='lat' dir='ltr'><strong>cum</strong></span> <span class='ocrx_word' id='word_1_678' title='bbox 2492 4008 2742 4062; x_wconf 88' lang='lat' dir='ltr'><strong>dimidio.</strong></span> <span class='ocrx_word' id='word_1_679' title='bbox 2794 4009 3061 4073; x_wconf 82' lang='lat' dir='ltr'><strong>Justinus,</strong></span> <span class='ocrx_word' id='word_1_680' title='bbox 3146 4025 3485 4080; x_wconf 57' lang='lat' dir='ltr'><strong>quacunque</strong></span> 
     </span>
    </p>
   </div>
   <div class='ocr_carea' id='block_1_88' title="bbox 1922 4099 3482 4169">
    <p class='ocr_par' dir='ltr' id='par_1_88' title="bbox 1922 4099 3482 4169">
     <span class='ocr_line' id='line_1_89' title="bbox 1922 4099 3482 4169; baseline -0.002 -14"><span class='ocrx_word' id='word_1_681' title='bbox 1922 4101 2120 4169; x_wconf 86' lang='lat' dir='ltr'><strong>templa</strong></span> <span class='ocrx_word' id='word_1_682' title='bbox 2148 4099 2489 4154; x_wconf 81' lang='lat' dir='ltr'><strong>Justinianus</strong></span> <span class='ocrx_word' id='word_1_683' title='bbox 2512 4115 2705 4168; x_wconf 73' lang='lat' dir='ltr'><strong>magna</strong></span> <span class='ocrx_word' id='word_1_684' title='bbox 2734 4114 2866 4153; x_wconf 90' lang='lat' dir='ltr'><strong>usus</strong></span> <span class='ocrx_word' id='word_1_685' title='bbox 2902 4099 3231 4154; x_wconf 88' lang='lat' dir='ltr'><strong>liberalitate</strong></span> <span class='ocrx_word' id='word_1_686' title='bbox 3268 4100 3482 4168; x_wconf 78' lang='lat' dir='ltr'><strong>magni-</strong></span> 
     </span>
    </p>
   </div>
   <div class='ocr_carea' id='block_1_89' title="bbox 1921 4188 3487 4254">
    <p class='ocr_par' dir='ltr' id='par_1_89' title="bbox 1921 4188 3487 4254">
     <span class='ocr_line' id='line_1_90' title="bbox 1921 4188 3487 4254; baseline -0.001 -9"><span class='ocrx_word' id='word_1_687' title='bbox 1921 4191 2021 4245; x_wconf 85' lang='lat' dir='ltr'><strong>ﬁce</strong></span> <span class='ocrx_word' id='word_1_688' title='bbox 2042 4190 2372 4253; x_wconf 76' lang='lat' dir='ltr'><strong>construxit,</strong></span> <span class='ocrx_word' id='word_1_689' title='bbox 2414 4204 2478 4243; x_wconf 87' lang='lat' dir='ltr'><strong>ea</strong></span> <span class='ocrx_word' id='word_1_690' title='bbox 2509 4188 2939 4254; x_wconf 86' lang='lat' dir='ltr'><strong>accessionibus,</strong></span> <span class='ocrx_word' id='word_1_691' title='bbox 2965 4189 3207 4243; x_wconf 89' lang='lat' dir='ltr'><strong>donariis</strong></span> <span class='ocrx_word' id='word_1_692' title='bbox 3240 4198 3295 4243; x_wconf 90' lang='lat' dir='ltr'><strong>et</strong></span> <span class='ocrx_word' id='word_1_693' title='bbox 3317 4190 3487 4243; x_wconf 87' lang='lat' dir='ltr'><strong>sacris</strong></span> 
     </span>
    </p>
   </div>
   <div class='ocr_carea' id='block_1_90' title="bbox 1920 4280 3480 4349">
    <p class='ocr_par' dir='ltr' id='par_1_90' title="bbox 1920 4280 3480 4349">
     <span class='ocr_line' id='line_1_91' title="bbox 1920 4280 3480 4349; baseline -0.001 -16"><span class='ocrx_word' id='word_1_694' title='bbox 1920 4280 2068 4333; x_wconf 74' lang='lat' dir='ltr'><strong>vasis</strong></span> <span class='ocrx_word' id='word_1_695' title='bbox 2120 4280 2368 4349; x_wconf 86' lang='lat' dir='ltr'><strong>pluribus</strong></span> <span class='ocrx_word' id='word_1_696' title='bbox 2403 4281 2515 4349; x_wconf 84' lang='lat' dir='ltr'><strong>ipse</strong></span> <span class='ocrx_word' id='word_1_697' title='bbox 2540 4280 2848 4333; x_wconf 79' lang='lat' dir='ltr'><strong>exornavit.</strong></span> <span class='ocrx_word' id='word_1_698' title='bbox 2884 4280 2948 4332; x_wconf 84' lang='lat' dir='ltr'><strong>Et</strong></span> <span class='ocrx_word' id='word_1_699' title='bbox 2995 4294 3263 4333; x_wconf 86' lang='lat' dir='ltr'><strong>summam</strong></span> <span class='ocrx_word' id='word_1_700' title='bbox 3303 4280 3480 4347; x_wconf 78' lang='lat' dir='ltr'><strong>Magni</strong></span> 
     </span>
    </p>
   </div>
   <div class='ocr_carea' id='block_1_91' title="bbox 1923 4370 3485 4441">
    <p class='ocr_par' dir='ltr' id='par_1_91' title="bbox 1923 4370 3485 4441">
     <span class='ocr_line' id='line_1_92' title="bbox 1923 4370 3485 4441; baseline -0.002 -15"><span class='ocrx_word' id='word_1_701' title='bbox 1923 4371 2109 4441; x_wconf 87' lang='lat' dir='ltr'><strong>templi</strong></span> <span class='ocrx_word' id='word_1_702' title='bbox 2143 4373 2471 4426; x_wconf 84' lang='lat' dir='ltr'><strong>testudinem</strong></span> <span class='ocrx_word' id='word_1_703' title='bbox 2529 4371 2842 4439; x_wconf 85' lang='lat' dir='ltr'><strong>collapsam,</strong></span> <span class='ocrx_word' id='word_1_704' title='bbox 2903 4379 2959 4425; x_wconf 88' lang='lat' dir='ltr'><strong>et</strong></span> <span class='ocrx_word' id='word_1_705' title='bbox 2987 4370 3299 4440; x_wconf 89' lang='lat' dir='ltr'><strong>quindecim</strong></span> <span class='ocrx_word' id='word_1_706' title='bbox 3331 4370 3485 4424; x_wconf 88' lang='lat' dir='ltr'><strong>cubi-</strong></span> 
     </span>
    </p>
   </div>
   <div class='ocr_carea' id='block_1_92' title="bbox 244 4460 1816 4563">
    <p class='ocr_par' dir='ltr' id='par_1_92' title="bbox 244 4460 1815 4563">
     <span class='ocr_line' id='line_1_93' title="bbox 244 4460 1815 4563; baseline -0.017 -16"><span class='ocrx_word' id='word_1_707' title='bbox 244 4493 488 4563; x_wconf 75' lang='grc' dir='ltr'>ὁπηνίκα</span> <span class='ocrx_word' id='word_1_708' title='bbox 520 4460 731 4556; x_wconf 74' lang='grc' dir='ltr'>κόσμου</span> <span class='ocrx_word' id='word_1_709' title='bbox 774 4460 896 4554; x_wconf 22' lang='grc' dir='ltr'>*μὲν</span> <span class='ocrx_word' id='word_1_710' title='bbox 947 4481 1066 4542; x_wconf 79' lang='grc' dir='ltr'>ἔτος</span> <span class='ocrx_word' id='word_1_711' title='bbox 1120 4482 1174 4541; x_wconf 82' lang='grc' dir='ltr'>ς’</span> <span class='ocrx_word' id='word_1_712' title='bbox 1226 4472 1580 4543; x_wconf 78' lang='grc' dir='ltr'>ἐνενηκοστὸν</span> <span class='ocrx_word' id='word_1_713' title='bbox 1610 4470 1815 4563; x_wconf 75' lang='grc' dir='ltr'>ὃγδοον,</span> 
     </span>
    </p>
   </div>
   <div class='ocr_carea' id='block_1_93' title="bbox 1919 4460 3484 4563">
    <p class='ocr_par' dir='ltr' id='par_1_93' title="bbox 1925 4460 3484 4527">
     <span class='ocr_line' id='line_1_94' title="bbox 1925 4460 3484 4527; baseline -0.003 -10"><span class='ocrx_word' id='word_1_714' title='bbox 1925 4472 2011 4517; x_wconf 80' lang='lat' dir='ltr'><strong>tos</strong></span> <span class='ocrx_word' id='word_1_715' title='bbox 2032 4461 2274 4525; x_wconf 88' lang='lat' dir='ltr'><strong>sustulit,</strong></span> <span class='ocrx_word' id='word_1_716' title='bbox 2306 4469 2361 4516; x_wconf 92' lang='lat' dir='ltr'><strong>et</strong></span> <span class='ocrx_word' id='word_1_717' title='bbox 2389 4460 2794 4527; x_wconf 89' lang='lat' dir='ltr'><strong>decentissime,</strong></span> <span class='ocrx_word' id='word_1_718' title='bbox 2830 4463 2902 4515; x_wconf 90' lang='lat' dir='ltr'><strong>ita</strong></span> <span class='ocrx_word' id='word_1_719' title='bbox 2934 4470 2994 4514; x_wconf 92' lang='lat' dir='ltr'><strong>ut</strong></span> <span class='ocrx_word' id='word_1_720' title='bbox 3027 4460 3188 4515; x_wconf 85' lang='lat' dir='ltr'><strong>hodie</strong></span> <span class='ocrx_word' id='word_1_721' title='bbox 3217 4462 3484 4519; x_wconf 88' lang='lat' dir='ltr'><strong>cernitur.</strong></span> 
     </span>
    </p>
   </div>
   <div class='ocr_carea' id='block_1_94' title="bbox 246 4560 1817 4649">
    <p class='ocr_par' dir='ltr' id='par_1_94' title="bbox 246 4560 1817 4649">
     <span class='ocr_line' id='line_1_95' title="bbox 246 4560 1817 4649; baseline -0.017 -11"><span class='ocrx_word' id='word_1_722' title='bbox 246 4560 354 4638; x_wconf 71' lang='grc' dir='ltr'>ἁπδ</span> <span class='ocrx_word' id='word_1_723' title='bbox 384 4584 445 4636; x_wconf 84' lang='grc' dir='ltr'><strong>δέ</strong></span> <span class='ocrx_word' id='word_1_724' title='bbox 473 4582 571 4649; x_wconf 82' lang='grc' dir='ltr'>τῆς</span> <span class='ocrx_word' id='word_1_725' title='bbox 622 4579 772 4640; x_wconf 76' lang='grc' dir='ltr'>Θείας</span> <span class='ocrx_word' id='word_1_726' title='bbox 825 4573 920 4628; x_wconf 80' lang='grc' dir='ltr'>τοῦ</span> <span class='ocrx_word' id='word_1_727' title='bbox 969 4570 1173 4641; x_wconf 79' lang='grc' dir='ltr'>Κυρίου</span> <span class='ocrx_word' id='word_1_728' title='bbox 1205 4564 1516 4636; x_wconf 82' lang='grc' dir='ltr'>γεννήσεως</span> <span class='ocrx_word' id='word_1_729' title='bbox 1551 4568 1602 4631; x_wconf 83' lang='grc' dir='ltr'><strong>φ’</strong></span> <span class='ocrx_word' id='word_1_730' title='bbox 1633 4560 1817 4632; x_wconf 87' lang='grc' dir='ltr'>τρίτον</span> 
     </span>
    </p>
   </div>
   <div class='ocr_carea' id='block_1_95' title="bbox 247 4666 1101 4742">
    <p class='ocr_par' dir='ltr' id='par_1_95' title="bbox 247 4666 1101 4742">
     <span class='ocr_line' id='line_1_96' title="bbox 247 4666 1101 4742; baseline -0.013 -14"><span class='ocrx_word' id='word_1_731' title='bbox 247 4678 342 4728; x_wconf 65' lang='grc' dir='ltr'><strong>καὶ</strong></span> <span class='ocrx_word' id='word_1_732' title='bbox 371 4671 731 4742; x_wconf 69' lang='grc' dir='ltr'>ἐνενηκοστὸν</span> <span class='ocrx_word' id='word_1_733' title='bbox 760 4671 855 4719; x_wconf 76' lang='grc' dir='ltr'><strong>ἐπε</strong></span> <span class='ocrx_word' id='word_1_734' title='bbox 868 4666 1101 4735; x_wconf 86' lang='grc' dir='ltr'>ραίνετο.</span> 
     </span>
    </p>
   </div>
   <div class='ocr_carea' id='block_1_96' title="bbox 1927 4550 3484 4620">
    <p class='ocr_par' dir='ltr' id='par_1_96' title="bbox 1927 4550 3484 4620">
     <span class='ocr_line' id='line_1_97' title="bbox 1927 4550 3484 4620; baseline -0.001 -13"><span class='ocrx_word' id='word_1_735' title='bbox 1927 4553 2190 4607; x_wconf 86' lang='lat' dir='ltr'><strong>restituit.</strong></span> <span class='ocrx_word' id='word_1_736' title='bbox 2242 4552 2310 4605; x_wconf 85' lang='lat' dir='ltr'><strong>Et</strong></span> <span class='ocrx_word' id='word_1_737' title='bbox 2358 4566 2479 4605; x_wconf 87' lang='lat' dir='ltr'><strong>cum</strong></span> <span class='ocrx_word' id='word_1_738' title='bbox 2510 4552 2731 4620; x_wconf 79' lang='lat' dir='ltr'><strong>pietatis</strong></span> <span class='ocrx_word' id='word_1_739' title='bbox 2757 4560 2905 4606; x_wconf 90' lang='lat' dir='ltr'><strong>esset</strong></span> <span class='ocrx_word' id='word_1_740' title='bbox 2928 4550 3390 4613; x_wconf 88' lang='lat' dir='ltr'><strong>studiosissimus,</strong></span> <span class='ocrx_word' id='word_1_741' title='bbox 3429 4552 3484 4605; x_wconf 90' lang='lat' dir='ltr'><strong>in</strong></span> 
     </span>
    </p>
   </div>
   <div class='ocr_carea' id='block_1_97' title="bbox 1938 4642 3488 4713">
    <p class='ocr_par' dir='ltr' id='par_1_97' title="bbox 1938 4642 3488 4713">
     <span class='ocr_line' id='line_1_98' title="bbox 1938 4642 3488 4713; baseline -0.002 -15"><span class='ocrx_word' id='word_1_742' title='bbox 1938 4645 2047 4699; x_wconf 76' lang='lat' dir='ltr'><strong>vita</strong></span> <span class='ocrx_word' id='word_1_743' title='bbox 2106 4644 2420 4712; x_wconf 86' lang='lat' dir='ltr'><strong>quotidiana</strong></span> <span class='ocrx_word' id='word_1_744' title='bbox 2458 4655 2639 4699; x_wconf 71' lang='lat' dir='ltr'><strong>tamen</strong></span> <span class='ocrx_word' id='word_1_745' title='bbox 2679 4660 2942 4713; x_wconf 72' lang='lat' dir='ltr'><strong>perquam</strong></span> <span class='ocrx_word' id='word_1_746' title='bbox 3001 4644 3301 4697; x_wconf 88' lang='lat' dir='ltr'><strong>dissolutus</strong></span> <span class='ocrx_word' id='word_1_747' title='bbox 3360 4642 3488 4697; x_wconf 80' lang='lat' dir='ltr'><strong>fuit.</strong></span> 
     </span>
    </p>
   </div>
   <div class='ocr_carea' id='block_1_98' title="bbox 250 4736 3485 4821">
    <p class='ocr_par' dir='ltr' id='par_1_98' title="bbox 250 4736 3485 4821">
     <span class='ocr_line' id='line_1_99' title="bbox 250 4736 3485 4821; baseline -0.009 0"><span class='ocrx_word' id='word_1_748' title='bbox 250 4768 417 4821; x_wconf 86' lang='lat' dir='ltr'><strong>Liber</strong></span> <span class='ocrx_word' id='word_1_749' title='bbox 470 4736 561 4818; x_wconf 85' lang='lat' dir='ltr'><strong>hic</strong></span> <span class='ocrx_word' id='word_1_750' title='bbox 621 4761 979 4818; x_wconf 85' lang='lat' dir='ltr'><strong>historiarum</strong></span> <span class='ocrx_word' id='word_1_751' title='bbox 1047 4754 1294 4810; x_wconf 87' lang='lat' dir='ltr'><strong>decimus</strong></span> <span class='ocrx_word' id='word_1_752' title='bbox 1346 4750 1613 4820; x_wconf 81' lang='lat' dir='ltr'><strong>septimus</strong></span> <span class='ocrx_word' id='word_1_753' title='bbox 1672 4754 1887 4812; x_wconf 87' lang='lat' dir='ltr'><strong>tempus</strong></span> <span class='ocrx_word' id='word_1_754' title='bbox 1928 4736 2311 4805; x_wconf 90' lang='lat' dir='ltr'><strong>complectitur</strong></span> <span class='ocrx_word' id='word_1_755' title='bbox 2372 4739 2648 4807; x_wconf 70' lang='lat' dir='ltr'><strong>sexaginta</strong></span> <span class='ocrx_word' id='word_1_756' title='bbox 2698 4747 2752 4790; x_wconf 82' lang='lat' dir='ltr'><strong>et</strong></span> <span class='ocrx_word' id='word_1_757' title='bbox 2791 4750 3027 4807; x_wconf 86' lang='lat' dir='ltr'><strong>quatuor</strong></span> <span class='ocrx_word' id='word_1_758' title='bbox 3055 4752 3320 4790; x_wconf 84' lang='lat' dir='ltr'><strong>annorum</strong></span> <span class='ocrx_word' id='word_1_759' title='bbox 3373 4738 3485 4803; x_wconf 84' lang='lat' dir='ltr'><strong>(i).</strong></span> 
     </span>
    </p>
   </div>
   <div class='ocr_carea' id='block_1_99' title="bbox 250 4826 3490 4915">
    <p class='ocr_par' dir='ltr' id='par_1_99' title="bbox 250 4826 3490 4915">
     <span class='ocr_line' id='line_1_100' title="bbox 250 4826 3490 4915; baseline -0.011 0"><span class='ocrx_word' id='word_1_760' title='bbox 250 4874 383 4915; x_wconf 87' lang='lat' dir='ltr'><strong>cum</strong></span> <span class='ocrx_word' id='word_1_761' title='bbox 435 4858 505 4912; x_wconf 82' lang='lat' dir='ltr'><strong>ab</strong></span> <span class='ocrx_word' id='word_1_762' title='bbox 543 4854 678 4909; x_wconf 87' lang='lat' dir='ltr'><strong>orbe</strong></span> <span class='ocrx_word' id='word_1_763' title='bbox 732 4850 956 4907; x_wconf 87' lang='lat' dir='ltr'><strong>condito</strong></span> <span class='ocrx_word' id='word_1_764' title='bbox 1012 4848 1193 4903; x_wconf 78' lang='lat' dir='ltr'><strong>sexies</strong></span> <span class='ocrx_word' id='word_1_765' title='bbox 1236 4844 1558 4899; x_wconf 84' lang='lat' dir='ltr'><strong>millesimus</strong></span> <span class='ocrx_word' id='word_1_766' title='bbox 1596 4834 1985 4905; x_wconf 72' lang='lat' dir='ltr'><strong>nonagesimus</strong></span> <span class='ocrx_word' id='word_1_767' title='bbox 2023 4838 2268 4893; x_wconf 83' lang='lat' dir='ltr'><strong>octavus,</strong></span> <span class='ocrx_word' id='word_1_768' title='bbox 2326 4844 2354 4881; x_wconf 92' lang='lat' dir='ltr'><strong>a</strong></span> <span class='ocrx_word' id='word_1_769' title='bbox 2422 4829 2605 4884; x_wconf 80' lang='lat' dir='ltr'><strong>divina</strong></span> <span class='ocrx_word' id='word_1_770' title='bbox 2654 4842 2836 4884; x_wconf 78' lang='lat' dir='ltr'><strong>autem</strong></span> <span class='ocrx_word' id='word_1_771' title='bbox 2914 4828 3129 4883; x_wconf 79' lang='lat' dir='ltr'><strong>Dmniui</strong></span> <span class='ocrx_word' id='word_1_772' title='bbox 3203 4826 3490 4882; x_wconf 75' lang='lat' dir='ltr'><strong>nativitate</strong></span> 
     </span>
    </p>
   </div>
   <div class='ocr_carea' id='block_1_100' title="bbox 250 4926 1907 5025">
    <p class='ocr_par' dir='ltr' id='par_1_100' title="bbox 250 4926 1907 5025">
     <span class='ocr_line' id='line_1_101' title="bbox 250 4926 1907 5025; baseline -0.014 -16"><span class='ocrx_word' id='word_1_773' title='bbox 250 4950 727 5025; x_wconf 74' lang='lat' dir='ltr'><strong>quingentesimus</strong></span> <span class='ocrx_word' id='word_1_774' title='bbox 763 4944 1149 5015; x_wconf 78' lang='lat' dir='ltr'><strong>nouagesimus</strong></span> <span class='ocrx_word' id='word_1_775' title='bbox 1194 4936 1390 4995; x_wconf 87' lang='lat' dir='ltr'><strong>tertius</strong></span> <span class='ocrx_word' id='word_1_776' title='bbox 1426 4945 1679 5005; x_wconf 77' lang='lat' dir='ltr'><strong>ageretur</strong></span> <span class='ocrx_word' id='word_1_777' title='bbox 1706 4926 1907 4985; x_wconf 83' lang='lat' dir='ltr'><strong>annus.</strong></span> 
     </span>
    </p>
   </div>
   <div class='ocr_carea' id='block_1_101' title="bbox 319 5106 3489 5225">
    <p class='ocr_par' dir='ltr' id='par_1_101' title="bbox 319 5112 3489 5225">
     <span class='ocr_line' id='line_1_102' title="bbox 319 5112 3489 5225; baseline -0.014 -16"><span class='ocrx_word' id='word_1_778' title='bbox 319 5156 399 5225; x_wconf 81' lang='grc' dir='ltr'><strong>(ι)</strong></span> <span class='ocrx_word' id='word_1_779' title='bbox 421 5149 771 5221; x_wconf 82' lang='lat' dir='ltr'><strong>Computatio</strong></span> <span class='ocrx_word' id='word_1_780' title='bbox 799 5158 1069 5201; x_wconf 89' lang='lat' dir='ltr'><strong>annorum</strong></span> <span class='ocrx_word' id='word_1_781' title='bbox 1096 5140 1332 5225; x_wconf 58' lang='lat' dir='ltr'><strong>istorum</strong></span> <span class='ocrx_word' id='word_1_782' title='bbox 1358 5151 1481 5193; x_wconf 87' lang='lat' dir='ltr'><strong>cum</strong></span> <span class='ocrx_word' id='word_1_783' title='bbox 1502 5135 1621 5225; x_wconf 66' lang='lat' dir='ltr'><strong>aliis</strong></span> <span class='ocrx_word' id='word_1_784' title='bbox 1651 5133 1812 5187; x_wconf 78' lang='lat' dir='ltr'><strong>chro—</strong></span> <span class='ocrx_word' id='word_1_785' title='bbox 1916 5130 2039 5185; x_wconf 83' lang='lat' dir='ltr'><strong>dam</strong></span> <span class='ocrx_word' id='word_1_786' title='bbox 2071 5128 2220 5225; x_wconf 69' lang='lat' dir='ltr'><strong>enim</strong></span> <span class='ocrx_word' id='word_1_787' title='bbox 2256 5125 2464 5225; x_wconf 45' lang='lat' dir='ltr'><strong>obuiis:-</strong></span> <span class='ocrx_word' id='word_1_788' title='bbox 2492 5120 3047 5225; x_wconf 39' lang='lat' dir='ltr'><strong>lxuﬁstininai&#39;r&#39;ihannum</strong></span> <span class='ocrx_word' id='word_1_789' title='bbox 3104 5112 3320 5171; x_wconf 90' lang='lat' dir='ltr'><strong>Domini</strong></span> <span class='ocrx_word' id='word_1_790' title='bbox 3360 5112 3489 5181; x_wconf 69' lang='lat'><strong>583,</strong></span> 
     </span>
    </p>
   </div>
   <div class='ocr_carea' id='block_1_102' title="bbox 249 5192 1816 5294">
    <p class='ocr_par' dir='ltr' id='par_1_102' title="bbox 249 5192 1807 5294">
     <span class='ocr_line' id='line_1_103' title="bbox 249 5192 1807 5294; baseline -0.018 -8"><span class='ocrx_word' id='word_1_791' title='bbox 249 5192 399 5286; x_wconf 49' lang='lat' dir='ltr'><strong>nidis]</strong></span> <span class='ocrx_word' id='word_1_792' title='bbox 799 5192 941 5273; x_wconf 56' lang='lat'><strong>3&#39;6};</strong></span> <span class='ocrx_word' id='word_1_793' title='bbox 952 5192 1615 5272; x_wconf 15' lang='lat' dir='ltr'><strong>concordabisecuudnm</strong></span> <span class='ocrx_word' id='word_1_794' title='bbox 1644 5218 1807 5273; x_wconf 85' lang='lat' dir='ltr'><strong>quos-</strong></span> 
     </span>
    </p>
   </div>
   <div class='ocr_carea' id='block_1_103' title="bbox 1919 5192 2854 5294">
    <p class='ocr_par' dir='ltr' id='par_1_103' title="bbox 1921 5192 2854 5255">
     <span class='ocr_line' id='line_1_104' title="bbox 1921 5192 2854 5255; baseline -0.012 0"><span class='ocrx_word' id='word_1_795' title='bbox 1921 5200 2223 5255; x_wconf 84' lang='lat' dir='ltr'><strong>secundum</strong></span> <span class='ocrx_word' id='word_1_796' title='bbox 2259 5198 2396 5251; x_wconf 75' lang='lat' dir='ltr'><strong>alios</strong></span> <span class='ocrx_word' id='word_1_797' title='bbox 2427 5198 2483 5249; x_wconf 91' lang='lat' dir='ltr'><strong>in</strong></span> <span class='ocrx_word' id='word_1_798' title='bbox 2510 5194 2610 5249; x_wconf 65' lang='lat'><strong>576</strong></span> <span class='ocrx_word' id='word_1_799' title='bbox 2641 5192 2854 5246; x_wconf 88' lang='lat' dir='ltr'><strong>incidit.</strong></span> 
     </span>
    </p>
   </div>
  </div>
