4094 6202
440 347 545 410 337

1298 349 1900 413 ΕΟΟιΕΒΙΛΒΤΙΕᾸί
1934 353 2322 414 HISTORle
2363 355 2510 416 ΗΒ.
2552 356 2775 416 XVIII.

2175 212 2362 235 ..σι-σακε

3583 359 3688 427 338

442 458 554 508 κῶν
577 457 872 524 ταγμεὶτων
914 458 1135 526 ἡγεμὼν
1179 461 1480 530 ἐτύγχανεν
1525 462 1620 524 ὢν,
1670 465 1904 532 ἄγχιστα
1956 466 2009 517 δὲ

2125 465 2308 528 datur,
2335 482 2444 519 non
2487 467 2719 535 capitur,
2749 474 2806 520 et
2858 466 2996 521 locis
3040 465 3107 520 ad
3139 466 3366 521 insidias
3411 470 3694 537 capiendis

436 550 538 612 τῆς
574 550 755 618 μάχης
789 550 1180 617 γεγενημένου,
1217 551 1320 614 ἔξω
1354 570 1414 603 τε
1465 553 1636 622 βελῶν
1668 555 1742 616 ὡς
1776 555 2012 622 μάλιστα

438 637 804 704 καθεστῶτος,
857 641 951 692 καὶ
998 640 1096 693 σὺν
1136 642 1246 702 τοῖς
1305 642 1442 709 ἀμφ’
1502 644 1662 695 αὖτὸν
1708 646 2015 713 ἀνακρὰτος

437 733 789 799 χρησαμένου
830 733 974 800 φυγῇ
1012 749 1026 762 ·
1055 732 1347 800 ἐπανήκων
1381 732 1426 784 δ’
1459 733 1668 786 ἐκεῖθεν
1729 735 1820 784 ἐπὶ
1875 733 2015 803 λαμ.

438 823 599 891 σιροῖς
625 824 736 884 τοῖς
766 823 1072 890 τροπαίοις,
1103 822 1368 891 θρίαμϐον
1408 823 1639 891 κατῆγε,
1661 825 1772 876 ’καὶ
1799 825 1885 877 διὰ
1913 824 2015 877 πά-

442 930 539 982 σης
571 913 736 982 ἤγετο
765 913 1032 982 γλώσσης.
1075 912 1133 966 Ὀ
1163 913 1208 965 δ’
1261 906 1351 966 ὧδ’
1378 914 1820 986 ὑπερϐαλλούσης
1847 917 2012 983 τιμῆς

439 1005 668 1073 προῖὼν,
701 1007 796 1056 καὶ
827 1006 884 1068 ἐς
906 1007 1004 1074 τὴν
1035 1005 1310 1074 βασίλειον
1344 1005 1634 1076 περιωπήν
1681 1006 1857 1060 ἄνεισι
1878 1023 1893 1038 ·
1920 1008 2014 1058 Τι-

441 1095 627 1163 ϐερίου
654 1096 793 1164 πρὸς
826 1099 891 1166 τῇ
945 1097 1176 1166 τελευτῇ
1227 1099 1591 1163 καθεστῶτος,
1626 1100 1724 1167 τήν
1761 1115 1819 1150 τε
1851 1099 2013 1151 παῖδα

440 1185 760 1253 Δὺγούσταν
779 1187 874 1239 καὶ
894 1187 995 1258 τὴν
1009 1189 1187 1258 ἀρχὴν
1206 1189 1326 1241 ἀντὶ
1349 1190 1548 1258 φερνῆς
1573 1189 2012 1258 παραδεδωκότος

438 1278 589 1346 αὐτῷ
623 1294 639 1310 ·
671 1280 852 1348 ὀλίγον
917 1281 1017 1349 μὲν
1085 1282 1177 1335 ἐπὶ
1225 1284 1291 1349 τῇ
1361 1281 1607 1351 βασιλείᾳ
1642 1283 2011 1348 διαγεγονότος

437 1370 706 1432 ἐνιαυτὸν,
750 1371 944 1440 ἀγήρω
971 1372 1026 1424 δὲ
1053 1374 1274 1442 μνήμην
1297 1373 1374 1441 τῷ
1400 1375 1562 1424 παντὶ
1585 1372 2010 1442 καταλείψαντος

438 1463 639 1530 χρόνῳ,
675 1458 758 1524 οἷς
788 1461 847 1514 εὖ
884 1463 1140 1531 πράττων
1194 1463 1288 1516 τὸν
1341 1462 1459 1532 βίον
1497 1463 1713 1531 ἐγένετο
1745 1482 1759 1496 ο
1791 1463 1826 1516 ἃ
1867 1463 2011 1534 λόγῳ

439 1555 758 1622 περιλαϐεῖν
788 1555 850 1606 οὐ
886 1555 1031 1608 πάνυ
1063 1571 1145 1606 τοι
1177 1555 1356 1626 ῥᾴδιον
1385 1557 1781 1622 καταφαίνεται
1810 1572 1824 1586 ο
1860 1557 2012 1624 μέγι-

439 1663 566 1698 στον
587 1645 632 1697 δ’
663 1645 814 1716 αὐτῷ
840 1646 948 1698 τῶν
979 1648 1407 1716 πεπραγμένων,
1443 1651 1536 1701 καὶ
1569 1648 1627 1700 ὃν
1657 1651 1724 1718 τῇ
1757 1648 2010 1721 βασιλείᾳ.

437 1739 825 1793 καταλελοίπει
847 1740 1069 1809 κλῆρον,
1092 1743 1192 1809 τὴν
1217 1741 1310 1793 τοῦ
1349 1741 1668 1810 θαυμαστοῦ
1694 1743 2007 1811 Μαυρικίου

435 1828 779 1898 ἀνάρρησιν*
827 1827 884 1890 ὃς
939 1829 1035 1880 καὶ
1090 1828 1190 1891 τὰς
1238 1829 1552 1898 προσούσας
1609 1829 1831 1898 κλήσεις
1877 1831 2015 1882 ἐκεί-

434 1935 545 1978 νοις
607 1915 888 1985 διένειμε·
947 1918 1040 1970 τὶν
1107 1917 1207 1985 μὲν
1271 1919 1576 1988 Μαυρίκιον
1626 1920 1718 1971 καὶ
1760 1919 2012 1992 Τιϐέριον

439 2009 782 2077 προσειπὼν,
817 2009 916 2078 τὴν
961 2009 1018 2061 δὲ
1071 2011 1392 2075 Αὐγούσταν
1441 2012 1532 2062 καὶ
1593 2012 2011 2063 Κωνσταιτῖναν

437 2100 910 2168 προσαγορεύσας.
941 2102 1050 2153 Καὶ
1081 2102 1262 2153 τοίνυν
1303 2102 1378 2153 ὅτ’
1439 2103 1612 2155 ἐδόκει
1639 2105 1888 2173 Τιϐέριον
1913 2108 2011 2172 τῆς

435 2191 690 2254 ἐντεῦθεν
707 2191 893 2244 λοιπὸν
913 2192 1120 2262 λήξεως
1167 2194 1600 2264 μεταϐήσεσθαι,
1629 2197 1722 2248 καὶ
1755 2199 1866 2259 τοῖς
1912 2197 2010 2265 τῆς

436 2281 655 2348 φύσεως
671 2284 766 2335 καὶ
784 2283 949 2336 αὐτὸν
975 2285 1224 2337 ὑπείκειν
1244 2286 1489 2354 θεσμοῖς,
1512 2287 1776 2355 μελαίνης
1799 2291 2011 2339 ἐπικει-

437 2373 608 2442 μένης
622 2374 804 2442 χολῆς,
823 2376 1130 2446 Μαυρίκιος
1153 2376 1254 2446 μὲν
1271 2377 1640 2446 ἀνηγορεύετο
1660 2395 1675 2408 ·
1693 2378 1787 2431 καὶ
1803 2379 2009 2442 νεάζων

432 2469 500 2536 τῇ
541 2466 840 2536 ἁλουργίδι,
875 2469 972 2536 τῆς
1009 2469 1483 2540 αὐτοκρατορικῆς
1513 2469 1670 2534 ἀξίας
1705 2471 1797 2522 καὶ
1841 2470 2009 2540 τιμῆς

435 2559 830 2628 μετελάγχανε.
861 2560 969 2612 Καὶ
994 2561 1104 2632 γὰρ
1118 2560 1359 2630 φοράδην
1380 2561 1568 2630 ἀχθεὶς
1599 2563 1626 2613 ὁ
1650 2561 1922 2634 Τιϐέριος,
1940 2567 2006 2635 τῇ

430 2649 683 2720 ὑπαίθρῳ
696 2652 802 2704 τῶν
818 2650 1108 2721 βασιλείων
1125 2653 1261 2722 αὐλῇ
1277 2654 1367 2705 τὸν
1385 2655 1482 2722 τῆς
1504 2654 1826 2722 ἱεραρχικῆς
1840 2654 2004 2706 καθέ-

431 2743 568 2811 δρας
591 2743 1008 2813 ἐπειλημμένον
1029 2745 1370 2812 συγκαλέσας
1389 2745 1666 2815 (Ἰωάννης
1681 2745 1738 2797 δὲ
1755 2745 2008 2815 τηνικαῦ-

432 2852 504 2888 τα
518 2837 644 2896 τοὺς
673 2835 774 2903 τῆς
811 2835 1138 2906 Ἐκκλησίας
1165 2839 1254 2889 καὶ
1277 2836 1604 2889 ἐτιδιίθυνεν
1619 2838 2007 2908 οῖακας),πρὸς

440 2926 500 2978 δὲ
522 2929 614 2978 καὶ⁸
639 2926 732 2980 τὸν
762 2926 1020 2994 ξύλλογον
1047 2929 1156 2980 τῶν
1188 2929 1349 2997 ἱερῶν
1369 2928 1695 2999 ἀξιωμάτων
1724 2928 2004 2998 ἀθροίσας,

428 3018 532 3086 τήν
560 3034 620 3070 τε
649 3019 779 3088 περὶ
821 3019 987 3072 αὑτὸν
1042 3017 1373 3093 δορυφορίαν
1423 3022 1515 3073 καὶ
1577 3019 1847 3090 φυλακὴν,
1911 3020 2006 3073 καὶ

433 3113 552 3164 ὅσοι
584 3111 650 3182 δὴ
681 3115 747 3183 τῇ
781 3111 1039 3182 βασιλείῳ
1055 3117 1188 3184 τιμῇ
1243 3111 1660 3183 συντετάχαται,
1698 3113 1833 3166 ἀλλὰ
1898 3114 2005 3184 μὴν

435 3201 528 3255 καὶ
584 3201 710 3254 ὅσον
755 3200 849 3253 τοῦ
908 3201 1082 3270 δήμου
1137 3198 1414 3269 ἐπίσημον
1444 3238 1460 3263 ,
1506 3199 1754 3266 γλῶτταν
1809 3201 2003 3254 ἑαυτοῦ

428 3291 668 3345 iterato
699 3291 790 3344 τὺν
861 3290 1138 3361 Ἰωάννην,
1189 3290 1358 3360 ἀνδρα
1412 3291 1620 3359 ῥήτορα
1677 3291 1772 3343 καὶ
1824 3294 2005 3362 νόμων

431 3386 574 3455 ἴδριν
607 3384 957 3453 Ῥωμαϊκῶν,
988 3384 1043 3446 ὃς
1077 3385 1324 3452 διάτορον
1362 3384 1610 3451 γλῶτταν
1661 3385 1867 3454 αὐχῶν,
1904 3402 2002 3454 με-

431 3478 757 3549 γαληγορῶν
783 3476 1012 3530 διετέλει
1045 3475 1114 3528 τὰ
1145 3475 1412 3544 βασιλέως
1447 3488 1461 3504 ⁸
1491 3474 1549 3525 ὃν
1580 3475 1859 3545 ἐπιχωρίῳ
1888 3493 2003 3544 φω-

428 3576 494 3642 νῇ
527 3571 787 3641 Ῥωμαῖοι
823 3568 1156 3637 κοιαίστωρα
1181 3566 1527 3636 ὀνομάζουσι.
1568 3565 1759 3636 Παρῆν
1798 3567 1931 3634 γοῦν
1973 3568 2000 3619 ὁ

430 3663 788 3732 αὐτοκράτωρ
822 3661 915 3713 ἐπὶ
944 3663 1013 3729 τῇ
1067 3658 1162 3711 τοῦ
1209 3659 1332 3713 νέου
1383 3658 1647 3726 βασιλέως
1699 3657 2004 3727 χειροτονίᾳ

432 3757 551 3824 ἅμα
579 3758 643 3825 τῇ
677 3754 828 3807 παιδὶ
858 3754 1265 3823 Κωνσταντίνῃ,
1297 3753 1364 3822 ἣν
1403 3752 1694 3820 Μαυρικὶῳ
1747 3749 1863 3817 βίου
1910 3750 2004 3801 καὶ

432 3849 603 3918 τύχης
630 3849 748 3916 ἅμα
788 3845 1048 3900 κοινωνὸν
1077 3846 1348 3898 ἐποιεῖτοο
1383 3843 1548 3912 πρινὴ
1604 3842 1735 3910 γοῦν
1772 3841 2007 3910 ἐγχειρί-

435 3957 529 3992 σαι
549 3941 649 4008 τὴν
679 3939 1004 4009 ἀνάρρησιν,
1041 3937 1116 4005 τῷ
1148 3935 1390 4004 συλλόγῳ
1423 3934 1563 4004 fufiBa
1593 3933 1964 4002 διωμιλήσατο
1991 3948 2006 3963 ο

2125 556 2308 611 hostes
2335 557 2492 610 facile
2525 557 2807 626 praevenit.
2836 557 2942 611 Sed
2973 567 3020 612 et
3054 551 3493 623 Theoderichus,
3558 560 3692 629 Scy-

2124 648 2393 702 thicorum
2445 648 2520 716 (1)
2569 648 2828 701 ordinum
2880 649 3016 724 dux,
3052 651 3105 702 in
3139 666 3313 722 pugna
3346 668 3452 703 non
3511 651 3689 712 all‘uil,

2122 755 2308 794 verum
2340 748 2494 793 extra
2530 739 2760 794 telorum
2785 742 2994 808 jactum
3026 759 3189 810 quam
3225 744 3459 795 maxime
3509 743 3694 795 consi-

2121 840 2294 893 stens,
2324 845 2381 884 se
2412 845 2535 884 cum
2571 831 2686 884 suis
2723 831 2910 886 eﬂ‘nsze
2958 833 3094 900 ίιιςιειι
3143 835 3439 897 commisit.
3494 833 3576 885 Ab
3629 849 3693 885 ea

2124 919 2352 973 victoria
2382 937 2505 973 cum
2545 923 2903 999 amplissimis
2935 924 3156 992 tropa-is
3187 939 3464 986 reversus,
3501 923 3691 977 trimu-

2123 1011 2292 1080 phum
2319 1013 2450 1081 egit,
2478 996 2919 1081 atque‘omnium
2947 1013 3228 1066 hominum
3257 1029 3350 1067 ore
3383 1012 3694 1066 celebratus

2122 1103 2476 1159 cst.$utnmi
2510 1121 2639 1159 vero
2695 1105 2924 1159 honoris
2973 1105 3062 1165 via
3125 1120 3468 1173 progressus,
3525 1104 3690 1166 etiam

2120 1195 2186 1249 ad
2241 1195 2522 1265 imperiale
2580 1196 2856 1264 fastigium
2908 1195 3253 1258 conscendit,
3287 1210 3410 1254 cum
3470 1195 3692 1247 Tiberio

2061 1319 2064 1322 ~
2114 1288 2225 1358 jam
2260 1287 2384 1340 vita:
2428 1288 2550 1342 linis
2576 1287 2815 1349 adesset,
2851 1286 2943 1355 qui
2997 1286 3075 1339 illi
3137 1285 3302 1342 tiliam
3367 1286 3690 1354 Augustam,

2122 1391 2183 1434 et
2224 1395 2346 1434 cum
2376 1396 2438 1434 ea
2463 1382 2586 1434 loco
2618 1380 2763 1434 dotis
2803 1378 3096 1445 imperium
3147 1378 3320 1446 ipsum
3354 1377 3529 1436 dedit.
3572 1376 3690 1428 Non

2119 1472 2208 1526 ille
2240 1471 2459 1540 quidem
2491 1472 2651 1541 longo
2683 1469 2980 1524 admodum
3042 1481 3287 1537 tempore
3369 1469 3422 1520 in
3461 1468 3694 1535 imperio

2124 1575 2426 1629 transacto,
2475 1565 2567 1619 sed
2620 1558 2982 1627 monumento
3016 1573 3196 1616 tamen
3257 1561 3591 1628 sempiterno
3625 1561 3689 1612 ad

2119 1669 2295 1710 :evum
2328 1669 2489 1707 omne
2519 1653 2729 1718 relicto,
2767 1669 2864 1721 per
2904 1667 2993 1706 res
3031 1667 3170 1720 quas
3205 1666 3301 1721 per
3359 1652 3521 1706 vitam
3551 1652 3691 1704 bene

2129 1744 2263 1812 egit.
2315 1744 2420 1798 Eas
2461 1759 2590 1797 vero
2643 1743 2830 1796 verbis
2881 1743 3198 1810 complecti,
3251 1757 3355 1794 non
3418 1741 3492 1794 ita
3537 1740 3692 1793 facile
3767 1767 3770 1769 -

2053 1827 2091 1878 Β
2120 1834 2357 1888 videtur.
2392 1834 2679 1888 Maximum
2717 1844 2894 1886 autrm
2936 1833 3109 1901 probe
3159 1831 3228 1884 ab
3275 1847 3341 1885 eo
3387 1839 3688 1898 gestorum,

2112 1935 2167 1980 et
2200 1926 2354 1995 quasi
2381 1926 2634 1994 quaadam
2665 1924 2978 1989 haereditas,
3008 1939 3173 1991 quam
3215 1922 3449 1991 imperio
3478 1929 3601 1989 post
3631 1935 3688 1973 se

2112 2017 2353 2085 reliquit.
2384 2017 2517 2071 illud
2547 2027 2650 2080 est,
2673 2015 2817 2086 quod
2851 2015 3193 2076 Mauricium,
3214 2015 3387 2066 virum
3417 2011 3693 2066 admiran-

2111 2110 2262 2174 dum,
2293 2111 2678 2178 imperatorem
2708 2108 3067 2163 renuntiavit.
3088 2107 3231 2174 Quin
3267 2107 3432 2160 etiam
3464 2105 3685 2158 nomina

2109 2216 2207 2255 sua
2240 2217 2444 2269 genero
2482 2211 2537 2255 et
2567 2200 2690 2254 ﬁliae
2719 2199 2942 2264 indidit,
2977 2199 3241 2284 Blauricio
3270 2197 3490 2268 quidem
3524 2195 3688 2249 Tibe-

2116 2294 2209 2357 rii,
2241 2293 2500 2362 Augustae
2525 2307 2656 2346 vero
2705 2289 3081 2346 Constantium
3130 2289 3354 2342 nomine
3404 2287 3686 2356 imposito.

2108 2382 2293 2452 itaque
2315 2397 2439 2436 cum
2485 2381 2740 2446 Tiberius
2762 2381 2997 2447 videret,
3031 2395 3098 2434 ex
3136 2380 3235 2433 hac
3268 2379 3527 2445 deinceps
3575 2377 3686 2429 vita

2109 2471 2214 2526 sibi
2271 2473 2655 2542 migrandum,
2705 2481 3029 2541 naturaeque
3087 2471 3302 2536 legibus
3382 2466 3686 2524 cedendum

2114 2577 2258 2627 esse,
2299 2574 2418 2616 atra
2454 2563 2605 2617 illum
2641 2563 2738 2618 bili
2766 2563 3065 2632 alﬂigente,
3106 2559 3401 2618 Mauricius
3451 2558 3687 2628 impera-

2112 2661 2198 2706 tor
2223 2651 2426 2717 dictus,
2456 2669 2701 2723 purpura
2727 2654 3065 2723 conspicuus
3098 2651 3366 2705 honorem
3407 2657 3462 2703 ct
3511 2646 3689 2716 digni-

2110 2754 2277 2798 tatem
2331 2761 2494 2799 mera:
2523 2760 2860 2813 summa'que
2906 2743 3188 2814 potestatis
3243 2741 3471 2809 recepit.
3523 2735 3687 2808 815

2111 2836 2373 2891 Tiberius
2431 2835 2638 2891 etenim
2693 2838 2750 2889 in
2802 2835 3140 2906 hypa'thram
3195 2829 3342 2886 illam
3389 2827 3690 2900 impcrialis

2109 2927 2298 2996 palatii
2364 2928 2544 2982 aulam
2604 2941 2967 2997 progressus,
3022 2925 3324 2980 antistitem
3400 2937 3684 2977 sacrorum

2109 3019 2370 3088 (Joannes
2430 3029 2615 3074 antem
2670 3027 2784 3073 tum
2817 3019 3000 3093 adhuc
3040 3017 3296 3095 Ecclesiae
3339 3015 3554 3068 clavum
3590 3028 3687 3081 gu-

2108 3111 2395 3181 bernabat)
2431 3127 2497 3166 eo
2548 3111 2820 3178 evocavit,
2852 3120 3018 3188 atque
3077 3110 3304 3178 insuper
3349 3113 3685 3160 conventum

2109 3219 2400 3264 Sacrarum
2431 3205 2756 3276 dignitatum
2787 3204 2990 3274 coegit,
3019 3193 3427 3274 satellitumque
3461 3214 3686 3254 suorum

2107 3306 2164 3351 ct
2194 3295 2442 3366 corporis
2477 3275 2794 3362 custodum,
2818 3310 3008 3348 eorum
3042 3275 3261 3363 quoque
3287 3287 3381 3360 qui
3411 3289 3683 3359 imperiali

2108 3388 2307 3442 honori
2369 3397 2760 3441 accensentur.
2793 3370 2800 3374 ’
2829 3387 2968 3439 Tum
3013 3368 3204 3439 autem
3252 3386 3570 3453 quicunque
3627 3382 3680 3434 in

2115 3478 2321 3546 populo
2361 3479 2606 3549 praeclari
2642 3485 2821 3541 erant,
2851 3480 2918 3530 ad
2955 3491 3014 3530 se
3045 3475 3279 3538 accivit,
3327 3474 3420 3531 ubi
3465 3471 3688 3532 nomine

2107 3570 2232 3639 ejus
2264 3568 2506 3622 Joannes
2540 3569 2705 3623 verba
2728 3568 2876 3642 fecit,
2919 3577 3106 3622 orator
3155 3567 3433 3636 egregius,
3479 3573 3535 3618 et
3580 3564 3691 3628 Bo-

2113 3678 2398 3716 manarum
2479 3663 2656 3732 legum
2724 3663 2956 3732 peritus,
3008 3671 3064 3716 et
3132 3671 3359 3730 propter
3420 3659 3689 3728 insignem

2117 3753 2494 3823 eloquentiam
2531 3748 3050 3825 imperatorisjussa
3083 3768 3181 3822 pro
3227 3751 3495 3820 concione
3525 3764 3689 3819 expo-

2117 3861 2249 3900 nere
2302 3846 2520 3910 solitus,
2578 3861 2741 3915 quem
2821 3845 3116 3915 vernacula
3198 3844 3384 3910 lingua
3457 3840 3688 3894 Romani

2119 3945 2450 4005 quazstorcm
2503 3937 2712 3991 dicunt.
2755 3936 2957 3990 Aderat
3018 3935 3186 4006 igitur
3227 3935 3524 4004 imperator
3575 3931 3691 3999 ipse

437 4038 492 4089 in
530 4035 654 4088 novi
686 4033 953 4104 principis
1005 4031 1298 4093 electione,
1335 4046 1442 4084 una
1471 4043 1594 4082 cum
1641 4028 1748 4082 tilia
1808 4027 2190 4100 Constantina,
2221 4048 2382 4102 quam
2447 4032 2714 4088 Mauricio
2780 4033 2905 4086 vita:
2938 4032 3103 4086 simul
3127 4043 3182 4084 et
3214 4031 3446 4085 fortuna:
3486 4026 3689 4082 sociam

433 4128 680 4185 dederat.
707 4127 866 4183 Prius
892 4135 1073 4182 autem
1095 4139 1258 4196 qnam
1284 4120 1634 4193 imperatoris
1681 4121 1810 4180 novi
1836 4122 2176 4180 renuntiatio
2242 4125 2708 4196 promulgaretur,
2767 4126 2836 4179 ad
2897 4132 3228 4180 conventum
3262 4136 3388 4175 eum
3422 4121 3495 4174 ita
3527 4118 3690 4174 verba

430 4222 561 4281 fecit
594 4237 608 4273 :

1021 4339 1274 4392 ΚΕΦΑΛ.
1330 4337 1421 4402 ς’.

435 4433 769 4510 matrerm
817 4430 1084 4510 τιείερίου
1141 4429 1248 4510 εοῦ
1281 4426 1743 4510 ,αὲτρκράτρροίς
1770 4425 1879 4510 ,ἐξα
1933 4424 2007 4493 ni

538 4495 868 4570 ἀιίαρριξσει
905 4495 1238 4574 Μαυρικιου
1256 4497 1514 4566 ρηθεῑσα
1550 4497 1630 4562 τῷ
1662 4495 1900 4562 πλήθει.

509 4637 528 4670 ι
573 4618 805 4686 Ἄνδρες
842 4614 1133 4680 Ῥωμαῖοι,
1173 4611 1346 4680 ὄνομα
1387 4608 1828 4678 πολυθρύλλητον
1864 4608 2011 4661 ᾶπα-

432 4729 516 4765 σιν
548 4710 747 4768 ἔθνεσι,
779 4707 872 4761 καὶ
895 4704 962 4760 δι’
983 4705 1236 4759 εὔκλειαν
1261 4702 1420 4773 δόξης
1450 4705 1562 4763 τοῖς
1593 4701 1853 4768 ἁπάντων
1885 4701 2011 4752 στό-

433 4822 570 4874 μασι
603 4801 1009 4871 περικείμενον·
1052 4796 1148 4850 νῦν
1187 4795 1422 4864 μεγάλαι
1451 4795 1560 4847 τῶν
1598 4793 1804 4846 ὠδίνων
1844 4809 2012 4862 φρον-

431 4899 575 4960 τίδες
607 4897 733 4964 ἐμοὶ
765 4893 1170 4960 περιίστανται.
1220 4891 1286 4942 Ἥ
1337 4891 1436 4955 μὲν
1489 4887 1598 4957 γὰρ
1626 4887 1663 4940 ἂ.
1691 4886 2011 4939 καταλιπεῖν

429 4993 551 5046 δέον
582 4989 766 5053 καλῶς
800 4987 1063 5040 διαθεῖναι
1114 4983 1432 5050 ἐπείγουσα·
1465 4983 1498 5048 ἡ
1523 4979 1567 5032 δ’
1588 4979 1915 5047 ἐκταράττει
1943 4977 2008 5044 τῇ

439 5081 732 5152 μεταθέσει
755 5081 854 5146 τῆς
888 5075 1236 5140 διαζεύξεως.
1271 5070 1605 5139 Κατεπείγει
1632 5069 1742 5140 γὰρ
1781 5069 1880 5137 τῆς
1924 5067 2012 5119 ἐν·

435 5174 586 5228 θένδε
619 5172 806 5242 βιοτῆς
832 5170 960 5232 τοὺς
990 5171 1184 5235 λόγους
1228 5163 1572 5235 παραθέσθαι
1608 5161 1686 5227 τῷ
1720 5159 1829 5212 τῶν
1872 5157 2011 5212 ὅλων

432 5263 775 5337 δημιουργῷ.
809 5263 920 5317 Καί
945 5278 1011 5330 γε
1043 5259 1137 5314 νῦν
1166 5259 1291 5329 ἐμοὶ
1322 5260 1355 5328 ἡ
1387 5257 1555 5311 πάλαι
1589 5255 1869 5326 παρρησία
1919 5255 2011 5304 καὶ

432 5361 589 5416 ἄδεια
646 5356 908 5427 περιδεής
967 5370 1057 5423 μοι
1119 5352 1268 5422 μάλα
1339 5348 1703 5403 καθίσταται.
1756 5343 1850 5408 Οἷς
1902 5345 2012 5415 γάρ

435 5449 676 5520 ἀφθονία
717 5449 820 5516 τῆς
873 5444 1120 5510 ἐξουσίας
1175 5442 1462 5513 πρόσεστι,
1514 5438 1686 5490 πλείω
1717 5435 1782 5505 δὴ
1825 5435 2013 5488 καὶτὰ

435 5519 734 5611 σ’ρὰλματα
767 5519 1192 5599 είκδςέπεσθαι.
1259 5533 1402 5588 Ἀλλ’
1436 5533 1582 5598 ὅμως
1631 5531 1687 5582 αἱ
1737 5531 1865 5598 περὶ
1912 5527 2013 5594 τῆς

436 5633 718 5705 βασιλείας
788 5611 932 5700 ’ἡμῖν
979 5627 1235 5698 ὀξύτερον
1282 5622 1689 5686 ἐπιϐάλλουσιν,
1724 5621 1821 5690 οὐχ
1871 5618 2014 5672 οὕτω

509 5773 587 5845 (l)
631 5769 730 5825 llic
751 5783 968 5849 quoque
999 5767 1188 5832 Gotthi
1219 5764 1430 5836 Scythae
1453 5761 1734 5826 dicuntur.

2046 4337 2093 4396 D

2724 4329 2955 4385 CAPUT
2995 4329 3084 4395 Vl.

2110 4423 2296 4480 Oratio
2326 4423 2517 4479 Tiberii
2527 4423 2882 4492 imperatoris
2908 4424 2962 4476 in
2990 4421 3244 4480 electione
3264 4431 3312 4475 et
3328 4421 3692 4492 designatione

2485 4491 2752 4558 Mauricii,
2792 4493 2860 4544 ad
2890 4492 3142 4566 populum
3161 4493 3331 4564 dicta.

2187 4609 2333 4665 «Viri
2369 4609 2627 4676 Romani,
2668 4607 3148 4680 praeclarissimum
3169 4605 3312 4676 apud
3329 4619 3524 4659 omnes
3548 4620 3685 4673 gett-

2115 4709 2197 4755 tes
2231 4716 2457 4767 nomen,
2497 4710 2553 4755 et
2584 4683 2811 4769 propter
2838 4684 3258 4772 amplitudinem
3285 4696 3473 4765 gloriae
3506 4696 3687 4749 omni-

2111 4795 2216 4850 bus
2251 4794 2500 4847 omnium
2552 4793 2761 4869 linguis
2813 4790 3287 4846 celeberrimum:
3345 4803 3555 4858 magna:
3605 4803 3690 4839 ine

2111 4901 2260 4940 nunc
2293 4902 2440 4940 curre
2487 4895 2544 4940 et
2575 4883 2980 4939 sollicitudines
3010 4883 3398 4937 circumstant.
3441 4879 3688 4944 Quarum

2112 4977 2319 5041 altera),
2356 4988 2413 5030 ut
2441 4991 2563 5044 qua:
2602 4990 2688 5028 me
2736 4973 3052 5043 relinquere
3107 4979 3348 5039 oportet,
3404 4982 3471 5022 ea
3539 4977 3689 5020 recte

2112 5069 2470 5131 constituam,
2529 5066 2844 5134 adurgent:
2902 5064 3089 5118 altera:
3144 5077 3320 5124 vero,
3363 5056 3692 5128 migratione

2113 5160 2254 5230 ipsa,
2285 5175 2391 5228 qua
2423 5176 2451 5211 a
2478 5157 2635 5211 vobis
2664 5156 2972 5226 disjungar,
3017 5159 3319 5207 exterrent.
3344 5150 3420 5202 Ea
3454 5160 3692 5211 namque

2115 5253 2386 5305 rationem
2423 5259 2556 5304 acta:
2585 5249 2675 5303 hic
2725 5248 2847 5301 vitae
2891 5242 3266 5300 universitatis
3298 5240 3464 5310 hujus
3494 5233 3690 5292 condi-

2115 5344 2218 5397 tori
2249 5342 2482 5396 reddere
2509 5341 2674 5410 cogit.
2724 5341 2791 5394 Et
2823 5353 2972 5392 nunc
3017 5344 3280 5404 usurpata
3309 5330 3446 5386 tnihi
3478 5327 3689 5383 dudutn

2114 5437 2342 5490 libertas
2386 5443 2440 5489 el
2500 5433 2772 5490 securitas
2818 5435 2872 5486 in
2915 5431 3265 5484 timiditatem
3301 5426 3577 5493 ingentem
3607 5429 3693 5474 est

2115 5543 2404 5583 conversa.
2431 5528 2644 5594 Quibus
2671 5529 2876 5583 etenim
2903 5527 3165 5598 prolixior
3185 5531 3270 5578 est
3302 5517 3540 5576 faciendi
3567 5529 3690 5584 qua:

2117 5621 2294 5676 velint
2330 5630 2596 5691 potestas,
2630 5635 2724 5675 eos
2759 5631 2979 5690 peccata
3008 5619 3161 5688 plura
3196 5614 3374 5670 solent
3402 5604 3720 5692 consequi,
