4094 6202
400 347 507 416 339

1615 355 2027 416 NlCEl‘llOlil
2077 357 2160 414 CA
2176 358 2411 419 LLiSTl

3539 349 3644 415 340

404 462 666 519 Sedenim
727 479 890 533 quam
923 464 992 520 de
1035 465 1264 536 imperio
1298 467 1523 537 concepi
1556 484 1769 531 curam,
1794 468 1977 521 acrius

2093 472 2284 541 ταύτην
2315 472 2389 535 ὡς
2419 473 2575 543 ἔτυχε
2604 472 2958 533 καταθέσθαι,
2985 470 3096 523 ἀλλ’
3128 471 3184 533 ὃς
3211 469 3278 523 ἂν
3329 469 3498 537 αὐτὴν
3546 486 3644 519 και

409 571 497 610 me
530 566 705 625 urget,
741 566 800 610 ut
840 556 1099 611 videlicet
1139 573 1248 611 non
1303 568 1510 615 temere
1540 559 1760 629 quidvis
1790 559 1857 613 de
1886 575 1970 612 re-

407 649 623 717 publica
675 648 997 715 decernam,
1024 649 1117 704 sed
1148 651 1242 720 qui
1274 666 1394 706 eam
1425 660 1576 707 recte
1604 652 1968 716 administret,

408 741 764 795 substituam.
810 740 1265 812 Quandoquidem
1332 759 1434 798 nec
1483 744 1620 798 mibi
1682 744 1973 813 imperium

408 831 474 885 ad
541 832 876 900 voluptatem
907 843 964 888 et
1009 833 1236 889 delicias
1282 836 1531 905 corporis
1581 835 1977 891 consectandas

410 921 771 976 commissum
807 921 933 977 fuit.
963 922 1305 992 Nequevero
1346 925 1567 979 fortuna
1613 934 1823 980 tantum
1854 926 1974 979 ani-

410 1028 557 1066 mum
578 1028 757 1067 meum
782 1015 952 1083 angit,
977 1030 1166 1069 verum
1192 1018 1355 1071 etiam
1387 1020 1582 1072 natura
1614 1018 1750 1086 ipsa.
1773 1017 1974 1071 Eodem

410 1102 555 1155 enim
580 1114 632 1155 et
659 1103 950 1173 imperium
994 1115 1052 1160 et
1086 1107 1289 1177 conjux
1317 1114 1372 1161 et
1417 1107 1580 1161 liberi
1614 1094 1972 1162 concurrunt.

413 1194 547 1247 Nam
593 1195 886 1264 imperium
917 1186 1217 1266 sapientem
1262 1197 1683 1268 gubernatorem
1723 1200 1977 1268 requirit,

413 1287 612 1365 conjus
662 1287 947 1345 viduitatis
1003 1301 1311 1345 curatorem
1361 1291 1773 1361 aequissimum,
1819 1292 1979 1349 liberi

416 1393 599 1444 porro,
634 1379 727 1448 qui
760 1395 853 1435 eos
883 1380 1046 1435 ducat
1083 1389 1139 1436 et
1162 1382 1440 1449 defendat,
1468 1392 1728 1448 tutorem,
1752 1393 1980 1454 propter

415 1471 590 1525 :etatis
627 1470 1081 1540 imbecillitatem,
1120 1485 1175 1530 et
1230 1485 1461 1539 naturae,
1505 1477 1742 1533 maxime
1788 1478 1983 1531 mulie-

417 1559 553 1625 bris,
586 1560 977 1621 infirmitatem.
1009 1562 1282 1618 Creterum
1336 1574 1549 1618 natura:
1599 1572 1980 1634 schenumero

340 1710 348 1719 ,
416 1661 709 1707 contemno
735 1654 1217 1720 necessitudinem,
1244 1657 1439 1711 morbo
1474 1658 1762 1727 ingruente
1784 1675 1796 1709 :
1816 1642 1983 1727 816

416 1743 662 1812 despicio
709 1744 875 1799 etiam
901 1746 1147 1813 ,liberns.
1173 1757 1230 1801 et
1264 1747 1553 1815 coniugem
1606 1747 1762 1800 nihili
1811 1748 1974 1810 facio,

421 1833 665 1900 mihique
708 1835 845 1904 jam.
885 1837 1023 1890 mori
1054 1837 1265 1906 videor,
1308 1847 1364 1892 ct
1413 1837 1799 1893 sollicitudinis
1830 1838 1979 1908 ejus-

418 1924 567 1978 modi
619 1924 932 1980 libertatem
986 1941 1319 1997 consequor.
1362 1929 1462 1983 Vix
1527 1938 1706 1982 autent
1772 1929 1980 1997 cogita-

422 2018 598 2072 tiones
628 2018 763 2071 tales
785 2018 1019 2087 dcpono,
1039 2035 1163 2074 cum
1184 2020 1316 2074 mihi
1344 2020 1560 2090 imperii
1580 2036 1710 2075 cura
1732 2020 1979 2075 incessit.

421 2108 538 2163 Non
575 2110 749 2164 solum
779 2111 925 2165 enim
947 2114 1309 2167 certaminum
1329 2112 1575 2167 omnium
1607 2114 1781 2167 multo
1811 2115 1982 2165 maxi-

423 2217 569 2254 mum
610 2212 719 2265 est,
777 2204 1047 2258 creditum
1093 2205 1198 2257 sibi
1243 2216 1520 2273 sceptrum
1574 2220 1675 2273 pro
1705 2219 1768 2257 eo
1820 2212 1984 2272 atque

420 2309 519 2362 par
558 2306 643 2349 est
673 2310 1022 2359 conservare,
1048 2312 1239 2351 verum
1268 2297 1433 2350 etiam
1468 2295 1847 2351 [nereditatem
1877 2296 1983 2348 im-

421 2386 582 2454 perii,
626 2390 700 2440 ita
738 2399 795 2441 ut
823 2389 1002 2452 decet,
1032 2388 1097 2443 ad
1128 2404 1222 2443 eos
1268 2402 1407 2458 quos
1435 2394 1672 2457 Oportet.
1707 2386 1984 2441 transmit-

421 2489 561 2534 tere.
613 2479 880 2548 Equidem
934 2496 1149 2549 :equum
1208 2495 1327 2535 esse
1369 2478 1665 2534 admodum
1722 2478 1983 2541 arbitror,

421 2570 802 2626 decessoribus
848 2573 1191 2642 principibus
1222 2566 1574 2626 successeres
1620 2570 1823 2626 debere
1866 2586 1986 2625 esse

420 2666 858 2732 praestantiores,
921 2672 980 2718 ut
1033 2666 1250 2718 illorum
1312 2672 1493 2719 errata
1538 2663 1627 2719 isti
1684 2663 1984 2732 corrigunt.

422 2755 578 2821 Quod
617 2755 722 2810 nisi
782 2756 909 2818 fiat,
962 2755 1178 2824 imperii
1224 2753 1397 2824 ipsius
1446 2752 1710 2809 ditionem
1744 2768 1983 2819 omnem,

423 2856 713 2915 propterea
747 2846 891 2917 quod
944 2845 1313 2901 imbecillibus
1352 2845 1727 2901 fundamentis
1758 2844 1987 2909 nitatur,

422 2936 532 2991 labi
573 2947 625 2991 et
670 2952 929 2993 corruere
976 2953 1199 2995 necesse
1253 2949 1357 2993 est.
1393 2937 1619 2992 Talibus
1662 2937 1811 2992 curis
1862 2952 1987 2990 cum

422 3030 638 3084 animus
668 3046 820 3085 meus
862 3030 1245 3094 conficeretur,
1282 3045 1343 3085 ea
1371 3046 1490 3101 qua:
1536 3046 1626 3085 res
1675 3044 1869 3085 omnes
1906 3046 1991 3084 re-

2076 564 2180 624 λῶς
2208 563 2710 633 διακυϐερνήσειεν.
2774 563 2927 614 Ἐπεί
2957 559 3041 611 τοί
3068 575 3131 627 γε
3152 556 3262 611 οὐδ’
3291 557 3413 624 ἐμοὶ
3436 572 3643 622 κατηγ-

2077 656 2276 723 γύηται
2304 656 2397 707 ἐπί
2426 673 2485 707 τε
2511 658 2575 725 τῇ
2608 656 2788 725 τρυφῇ
2820 656 2912 706 καὶ
2943 651 3203 722 κολακείᾳ
3231 647 3324 702 τοῦ
3368 648 3641 715 σώματος.

2078 746 2281 816 Τρύχει
2331 746 2386 799 δέ
2436 763 2505 816 με
2554 746 2712 815 οὑχή
2758 744 2894 818 τύχῃ
2948 746 3130 812 μόνον,
3176 740 3312 796 ἀλλὰ
3359 741 3452 793 καὶ
3483 739 3645 808 φύσις

2079 840 2239 906 αὑτὴ.
2285 838 2374 891 Ἐν
2402 837 2583 908 ταυτῷ
2620 837 2732 906 γὰρ
2761 837 2795 906 ἦ
2824 854 2883 889 τε
2914 835 3164 905 βασιλεία
3190 834 3286 887 καὶ
3313 834 3346 903 ἡ
3384 834 3527 900 γυνὴ
3550 833 3647 884 καὶ

2079 928 2265 989 παῖδες
2298 927 2650 979 ἐπιτίθενταιο
2698 928 2731 996 η
2770 927 2868 995 μὲν
2903 925 3067 992 σοφὸν
3101 923 3347 994 ἡγεμόνα
3381 920 3644 991 ζητοῦσα.

2080 1019 2218 1090 γυνὴ
2240 1018 2297 1071 δὲ
2324 1017 2555 1087 χηρείας
2584 1018 2861 1087 κηδεμόνα
2886 1018 3318 1071 ἐπιεικέστατον
3352 1015 3402 1067 οἱ
3438 1014 3495 1065 δὲ
3521 1014 3647 1064 παῖ-

2080 1109 2189 1171 δες,
2221 1107 2568 1178 χειραγωγοῦ
2597 1108 2655 1161 τὸ
2681 1108 2867 1167 ἀτελὲς
2898 1108 2993 1174 τῆς
3024 1106 3240 1175 ἡλικίας
3268 1101 3649 1173 προϐεϐλημέ-

2081 1218 2183 1266 νοι,
2212 1203 2306 1253 καὶ
2337 1204 2573 1271 μάλιστα
2597 1202 2658 1252 τὸ
2679 1202 2778 1266 τῆς
2817 1201 3033 1270 θηλείας
3074 1200 3288 1267 φύσεως
3320 1196 3511 1248 acea-.5
3525 1213 3648 1248 στας

2032 1342 2046 1359 ,
2079 1309 2194 1345 τον.
2239 1294 2397 1345 Ἀλλά
2422 1297 2515 1345 τον
2548 1293 2645 1362 μὲν
2672 1294 2769 1363 τῆς
2797 1296 3011 1361 φύσεως
3046 1290 3360 1361 περιφρονῶ
3388 1289 3651 1346 πολλάκις

2080 1386 2300 1455 δεσμὸν,
2347 1387 2709 1453 ἐπικειμένης
2757 1386 2852 1453 τῆς
2898 1384 3093 1437 νόσου·
3142 1378 3395 1451 ὑπερορῶ
3444 1380 3501 1432 δὲ
3557 1378 3651 1429 καὶ

2083 1477 2308 1541 παίδων,
2344 1477 2439 1529 καὶ
2487 1475 2615 1544 παρ’
2643 1473 2799 1525 οὑδέν
2844 1490 2934 1542 μοι
2971 1473 3033 1525 τὸ
3066 1471 3308 1539 γύναιον.
3344 1470 3516 1523 δοκῶν
3549 1470 3651 1538 ἤδη

2081 1568 2359 1628 τεθνάναι,
2392 1569 2487 1618 καὶ
2517 1564 2804 1632 λαγχάνων
2832 1565 2928 1632 τῆς
2958 1565 3173 1616 τοιᾶσδε
3205 1561 3547 1632 προμηθείας
3594 1563 3654 1613 τὸ

2083 1658 2412 1728 ἐλευθέριον.
2458 1657 2625 1710 Οὑπω
2651 1656 2708 1710 δὲ
2734 1655 2889 1708 ταῦτ’
2936 1655 3293 1720 ἀποτίθεμαι.
3327 1654 3435 1707 Καὶ
3464 1655 3496 1723 η
3526 1653 3655 1720 περὶ

2081 1752 2193 1803 τῶν
2217 1752 2515 1819 σκήπτρων
2543 1749 2815 1818 εἰστρέχει
2845 1747 3092 1817 φροντίς.
3118 1748 3193 1799 Ού
3223 1746 3336 1817 γάρ
3377 1763 3463 1798 τοι
3490 1746 3656 1813 μόνον

2084 1840 2311 1908 ἀγώνων
2343 1841 2488 1891 ἐστὶν
2514 1842 2540 1892 ὁ
2581 1840 2839 1910 μέγιστος
2872 1839 2931 1892 τὸ
2972 1837 3338 1906 ἐμπιστευθὲν
3370 1836 3653 1905 σκῆπτρον

2083 1931 2471 2001 προσηκόντως
2503 1927 2849 1997 διατηρῆσαι,
2877 1925 3014 1981 ἀλλὰ
3048 1926 3144 1978 καὶ
3185 1925 3246 1976 τὸ
3276 1924 3499 1987 δεόντως
3547 1941 3650 1974 πα-

2086 2002 2375 2090 ραπέμψαι
2397 2022 2490 2072 τὸν
2518 2019 2717 2090 κλῆρον
2757 2014 2836 2079 οἷς
2882 2018 3008 2088 χρὴ,
3042 2017 3229 2087 ἔμοιγε
3262 2016 3410 2084 μάλα
3443 2015 3653 2081 λελόγι-

2088 2131 2212 2165 σται
2236 2112 2441 2165 δίκαιον
2470 2112 2577 2163 τῶν
2602 2112 2886 2180 προτέρων
2908 2110 3188 2179 ἡγεμόνων
3215 2103 3355 2162 εἶναι
3384 2113 3507 2168 τοὺς
3537 2108 3655 2159 δευ-

2085 2198 2275 2271 τέρους
2300 2203 2580 2272 ἀμείνους,
2612 2203 2686 2264 ῶς
2715 2201 2782 2255 ἂν
2823 2196 2903 2263 οἷς
2938 2201 3169 2262 ἐκείνοις
3209 2199 3406 2269 συνέϐη
3443 2200 3655 2267 σφαλῆ-

2086 2312 2197 2357 ναι,
2224 2287 2371 2347 οὗτοι
2399 2292 2500 2362 τὴν
2531 2293 2805 2369 σφετέραν
2855 2291 3143 2362 διύρθωσιν
3174 2294 3558 2360 ἀπαγάγωσιν.
3594 2292 3655 2343 Εἰ

2087 2385 2129 2435 δ’
2147 2385 2259 2449 οὑν,
2277 2386 2416 2438 ἀλλὰ
2437 2384 2661 2453 σύμπαν
2692 2386 2751 2437 τὸ
2786 2385 3022 2453 ὑπήκοον
3044 2386 3256 2456 ἀνάγκη
3279 2384 3658 2437 διολισθαίνειν

2088 2477 2308 2546 ἀδρανεῖ
2329 2476 2558 2547 κρηπῖδι
2585 2476 2683 2545 τὴν
2714 2476 2995 2546 βασιλείαν
3028 2476 3341 2547 ἑδράσαντι.
3368 2474 3657 2535 Τοιαύταις

2089 2572 2369 2638 φροντίσιν
2406 2560 2787 2623 ὲκδαπανῶντί
2844 2585 2937 2638 μοι
2983 2568 3082 2638 τὴν
3120 2568 3321 2637 ψυχὴν,
3353 2568 3387 2637 ἡ
3436 2571 3660 2618 πάντων

2090 2664 2283 2731 ἔφορος
2316 2663 2548 2731 Πρόνοια
2586 2661 2877 2730 ἐπίκουρος
2910 2662 3044 2729 ἡμῖν
3073 2660 3180 2713 τῶν
3216 2661 3393 2711 πόνων
3421 2660 3655 2725 γίνεται,

2090 2754 2186 2805 καὶ
2210 2758 2329 2816 ταῖς
2365 2753 2521 2823 ἡμῶν
2549 2751 2763 2820 βουλαῖς
2792 2752 2965 2804 αἴσιον
2994 2752 3056 2802 τὸ
3089 2753 3251 2816 κῦρος
3282 2751 3479 2816 ἐπάγει
3502 2766 3517 2781 ο
3567 2750 3661 2802 καὶ

2091 2847 2200 2897 τῶν
2232 2844 2351 2913 μετ’
2394 2844 2495 2914 ἐμὲ
2534 2843 2923 2912 βασιλεύσοντα
2975 2843 3249 2913 λαμπρῶς
3288 2842 3658 2895 ἀναδείκνυσι·

2093 2940 2405 3009 Μαυρῐκιον
2439 2938 2675 3001 τουτονὶ,
2708 2936 2878 3006 ἄνδρα
2927 2936 3184 3005 λυσιτελῆ
3223 2934 3322 3005 μὲν
3374 2937 3485 2995 τοῖς
3522 2932 3661 2985 Ῥω-

2098 3031 2273 3106 μαίων
2299 3030 2588 3099 γενόμενον
2642 3030 2953 3099 πράγμασι,
3005 3028 3236 3089 πολλούς
3264 3044 3323 3080 τε
3366 3027 3461 3078 καὶ
3492 3026 3665 3094 μεγά-

421 3122 585 3190 spicit
627 3124 977 3179 Providentia
1007 3164 1023 3187 .
1069 3124 1357 3179 laboribus
1407 3126 1613 3180 nostris
1673 3124 1986 3186 succurrit,

2093 3124 2218 3183 λους
2243 3123 2462 3191 ἀγῶνας
2491 3121 2862 3195 διενεγκόντα·
2897 3119 2972 3183 ὡς
3005 3121 3069 3175 ἄν
3093 3137 3176 3181 τις
3211 3120 3376 3182 εἴποι,
3409 3117 3667 3189 ἀρῤαεῶς

423 3212 828 3283 consiliumque
867 3225 1115 3268 nostrum
1161 3214 1465 3291 auspicata,
1506 3217 1835 3269 auctoritate
1889 3228 1986 3269 sua

424 3303 770 3359 confirmavit
793 3345 810 3371 ,
841 3314 897 3359 et
940 3319 1066 3361 eum
1105 3306 1202 3369 qui
1231 3316 1352 3376 post
1384 3321 1469 3360 me
1503 3306 1786 3376 magnifice
1817 3308 1988 3371 impc-
2022 3366 2025 3368 η

427 3407 647 3447 raturus
673 3401 780 3457 est,
820 3393 1120 3452 declaravit
1152 3412 1170 3452 :
1222 3396 1547 3454 Mauricium
1585 3400 1774 3463 istum,
1808 3398 1989 3452 virum

427 3484 506 3537 rei
559 3484 818 3540 Romana:
876 3502 1139 3558 perquam
1175 3489 1362 3545 utilem
1403 3501 1457 3546 et
1498 3490 1871 3556 commodum,
1898 3492 1999 3561 qui

429 3576 582 3644 plura
615 3584 671 3631 et
699 3593 895 3648 magna
921 3581 1220 3635 certamina
1256 3582 1507 3651 pertulit,
1535 3593 1590 3637 et
1611 3583 1764 3652 quasi
1799 3599 1995 3653 quem-

429 3674 554 3724 dam
606 3673 997 3740 arrliabonem,
1054 3684 1112 3729 ut
1168 3676 1243 3729 ita
1281 3676 1482 3743 dicam,
1544 3677 1742 3730 futurae
1766 3691 1881 3731 sua:
1928 3676 1995 3729 de

429 3764 646 3820 civibus
714 3765 1059 3835 subditisque
1112 3781 1260 3821 curae
1331 3776 1385 3823 et
1444 3768 1805 3838 providentiae
1852 3769 1996 3836 apud

432 3860 825 3930 rempublicam
855 3859 1134 3929 deposuit.
1169 3860 1324 3915 llunc
1358 3860 1536 3931 ipsum
1559 3860 1723 3914 hodie
1757 3860 1998 3928 impera-
2031 3873 2037 3879 ·

434 3963 606 4006 torem
666 3951 1039 4022 conSpicietis.
1073 3950 1245 4005 Tanta
1303 3962 1489 4006 autem
1531 3952 1888 4023 persuasione
1944 3962 2002 4005 et

434 4040 633 4097 tidUcia
661 4043 815 4097 illum
864 4042 1110 4097 maximae
1139 4044 1383 4098 omnium
1416 4043 1881 4098 administrationi
1908 4043 2003 4097 ad-

435 4136 615 4200 hilreo,
641 4135 1066 4206 haudquaquam
1095 4146 1278 4191 mente
1299 4136 1638 4201 claudicans,
1665 4145 1763 4191 aut
1785 4151 1999 4201 errans,

442 4240 503 4284 ut
549 4246 658 4285 non
709 4231 871 4286 modo
907 4230 1197 4301 imperium
1232 4231 1305 4295 ei,
1342 4246 1535 4286 verum
1581 4230 1744 4285 etiam
1778 4229 1999 4283 filiolam

436 4327 678 4390 credam,
721 4323 947 4395 pignore
992 4332 1143 4379 tanto
1182 4333 1392 4380 natura:
1442 4324 1636 4394 ipsius,
1697 4325 1846 4380 bono
1904 4339 2003 4378 vos

438 4416 624 4470 animo
678 4431 798 4472 esse
840 4418 1061 4489 jubens.
1102 4418 1158 4475 ld
1203 4417 1348 4489 quod
1401 4418 1550 4472 velut
1605 4416 2003 4473 consolationis

2092 3232 2189 3276 νας
2216 3211 2331 3269 οἷόν
2359 3231 2510 3277 τινας
2558 3212 3096 3284 προκατατιθέμενον
3128 3211 3226 3279 τῆς
3265 3211 3410 3280 ἀμφὶ
3437 3211 3497 3262 τὸ
3525 3210 3664 3278 ὑπή-

2093 3325 2220 3361 κοον
2242 3308 2393 3378 αὑτῷ
2422 3308 2683 3379 ἐσομένης
2722 3306 3003 3375 προνοίας.
3026 3306 3229 3360 Τοῦτον
3271 3306 3453 3357 τοίνυν
3500 3304 3667 3357 αὑτοο

2096 3400 2338 3471 κράταρα
2368 3399 2611 3468 τήμερον
2635 3397 2851 3466 ὄψεσθε·
2894 3396 3036 3450 οὑτω
3082 3396 3138 3449 δὲ
3171 3394 3451 3458 πεποιθώς
3503 3395 3619 3461 εἰμι
3648 3433 3665 3457 ,

2097 3495 2189 3547 καὶ
2243 3492 2587 3565 θαρρούντως
2631 3488 2908 3546 ἐπιϐάλλω
2951 3492 3012 3560 τῇ
3053 3488 3292 3560 μεγίστῃ
3317 3487 3428 3540 τῶν
3458 3486 3669 3556 omni.»

2098 3603 2236 3639 σεων
2269 3585 2537 3655 μηδαμῶς
2565 3568 2821 3654 χωλεύων
2851 3582 2994 3636 κατὰ
3022 3582 3287 3645 διάνοιαν,
3309 3582 3385 3643 ὡς
3414 3580 3476 3633 οὑ
3506 3578 3670 3649 μόνον

2096 3683 2196 3749 τὴν
2226 3679 2529 3749 βασιλείαν,
2560 3676 2694 3730 ἀλλὰ
2723 3676 2820 3728 καὶ
2860 3675 2923 3728 τὸ
2955 3674 3249 3744 θυγάτριον
3298 3675 3475 3744 τούτῳ
3503 3690 3672 3726 καταα

2101 3772 2362 3833 πιστεύω,
2381 3769 2684 3841 τηλικούτῳ
2702 3767 2914 3838 φύσεως
2935 3767 3087 3837 ἐνελύ
3098 3786 3173 3838 ρῳ
3191 3767 3481 3837 θαρῤύνων
3500 3767 3668 3835 ὑμᾶς.

2106 3865 2168 3916 Ὃ
2195 3863 2256 3933 δή
2292 3881 2385 3932 μοι
2414 3862 2510 3915 καὶ
2553 3862 2762 3931 ἑφόδιον
2807 3860 3166 3931 ψυχαγωγίις
3199 3860 3524 3912 ἁποίσεσθαί
3580 3875 3671 3927 μοι

2100 3958 2243 4013 δοκῶ
2292 3957 2392 4025 τῆς
2454 3957 2676 4025 μακρᾶς
2748 3955 2846 4009 καὶ
2898 3955 3311 4023 ἀννποστρὸφου
3364 3952 3670 4033 ἐκδημίας.

2115 4053 2306 4122 Ὑμεῖς
2336 4050 2393 4103 δέ
2436 4067 2523 4117 μοι
2577 4049 2853 4120 μάρτυρες
2900 4048 3165 4119 ἀξιόχρεῳ
3213 4052 3311 4117 τῆς
3377 4046 3673 4115 καλλίστης

2102 4147 2263 4215 τῆσδε
2293 4143 2617 4207 συντάξεωςο
2648 4141 2707 4205 ἐξ
2760 4138 2836 4195 ῶν
2874 4158 2933 4196 τε
2975 4141 3133 4211 ἡμῶν
3169 4142 3337 4194 παλαι
3364 4141 3496 4192 ποτὲ
3524 4142 3676 4192 ἐπει,

2107 4244 2309 4314 ράθητε
2358 4240 2456 4309 τὴν
2514 4236 2815 4309 ἠγεμονίαν
2873 4235 3257 4305 ἡνιοχούντων,
3314 4234 3408 4287 καὶ
3464 4236 3675 4287 τουτονὶ

2105 4331 2700 4405 συμπαρομαρτοὺντος
2729 4328 2850 4384 λίαν
2883 4331 3015 4399 ἡμῖν
3045 4327 3485 4399 ἐμφρονέστατα.
3516 4328 3589 4380 Σὺ
3620 4328 3677 4379 δέ

2110 4447 2222 4498 μοι,
2262 4427 2559 4496 Μαυρίκιε,
2588 4422 2877 4475 κάλλιστον
2931 4421 3063 4489 ἡμῖν
3118 4419 3408 4487 ἐπιτάφιον
3436 4419 3536 4490 τὴν
3577 4420 3677 4490 σὴν

438 4510 719 4574 viaticum,
754 4527 965 4565 mecum
1017 4511 1150 4565 mihi
1189 4514 1401 4567 latarus
1451 4512 1516 4565 ad
1561 4511 1777 4581 longam
1819 4511 1991 4573 istam,

2111 4518 2391 4591 βασιλείαν
2423 4515 2593 4569 ποιῶν
2624 4513 2879 4566 διατέλειο
2934 4512 3030 4565 καὶ
3063 4510 3153 4563 τὸν
3186 4512 3317 4580 ἐμὸν
3347 4511 3519 4579 τάφον
3555 4514 3677 4573 ταῖς

438 4602 583 4657 unde
626 4603 828 4655 reverti
865 4618 970 4656 non
1017 4602 1203 4667 liceat,
1232 4604 1606 4673 migrationem
1651 4602 1866 4656 videor.
1898 4602 2005 4656 Vos

440 4697 547 4765 ipsi
574 4707 756 4751 autem
793 4695 979 4750 idonei
1014 4707 1070 4751 et
1107 4694 1213 4750 fide
1242 4697 1389 4766 digni
1426 4696 1807 4766 pulcherrimae
1833 4695 2006 4765 hujus

438 4792 803 4846 ordinationis
852 4800 1020 4846 testes
1050 4790 1181 4844 mihi
1220 4793 1375 4853 estis,
1406 4806 1473 4844 ex
1503 4804 1569 4843 eo
1615 4787 1761 4857 quod
1808 4803 2001 4841 eorum

440 4883 535 4952 qui
571 4884 858 4953 imperium
891 4895 1138 4937 nostrum
1176 4882 1382 4936 dudum
1433 4879 1915 4941 administrarunt,
1946 4887 2003 4930 et

440 4975 605 5045 ltujus
623 4976 892 5045 praecipue
916 4974 1018 5027 viri
1040 4974 1344 5042 periculum
1372 4972 1600 5033 fecistis,
1634 4972 1724 5038 qui
1758 4971 2005 5039 pruden-

440 5068 651 5123 tissime
677 5082 777 5122 nos
799 5077 885 5122 est
912 5074 1285 5143 consectatus.
1308 5068 1389 5122 Tu
1418 5080 1573 5125 vero.
1608 5060 1856 5127 Maurici,
1884 5065 2004 5134 pul-

437 5158 773 5213 cherrimum
795 5159 927 5212 mihi
952 5160 1291 5230 epitaphium
1326 5160 1617 5229 imperium
1642 5170 1794 5213 tuum
1824 5154 2005 5212 laet-re

438 5264 623 5319 perge,
657 5259 715 5305 et
769 5252 1079 5320 sepulcrum
1112 5266 1294 5306 meum
1329 5244 1631 5306 virtutbus
1680 5254 1789 5305 tuis
1841 5266 2005 5304 exor-

438 5359 506 5397 na
538 5344 612 5415 (l)
643 5385 657 5407 ,
716 5358 893 5414 neque
938 5359 1091 5413 spem
1137 5359 1331 5425 eorum
1383 5347 1478 5415 qui
1541 5345 1638 5399 tibi
1701 5345 2002 5399 con‘crediti

438 5448 591 5503 sunt,
630 5454 729 5508 per
758 5439 992 5494 dedecus
1019 5437 1233 5504 fallens,
1267 5456 1444 5509 neque
1471 5440 1705 5494 virtutes
1736 5438 1853 5508 ipse
1888 5450 2009 5493 tuas

439 5530 705 5585 oblivioni
764 5531 1009 5594 tradens,
1061 5542 1115 5585 et
1166 5532 1332 5586 veluti
1378 5532 1667 5601 pristinam
1716 5532 1883 5586 animi
1930 5532 2006 5586 tui

440 5626 862 5694 generositatem
890 5625 1126 5696 fugiens.
1170 5626 1406 5680 Proinde
1454 5626 1739 5696 potestatis
1772 5626 2010 5679 insolen-

2110 4613 2233 4673 σαῖς
2263 4611 2485 4679 ἀρεταῖς
2513 4607 2823 4675 διακόσμει·
2855 4605 2996 4675 μήτε
3056 4607 3157 4666 τὰς
3212 4602 3320 4656 τῶν
3383 4618 3468 4655 σοι
3519 4619 3680 4654 πεπι-

2107 4703 2410 4758 στευκότων
2434 4698 2706 4770 αἰσχύνων
2753 4698 2996 4762 ἐλπίδας,
3030 4695 3155 4766 μήτ’
3186 4697 3400 4764 ἀρετῶν
3431 4695 3683 4765 ἐπιλελη-

2106 4796 2305 4864 σμένος
2335 4794 2443 4846 τῶν
2497 4792 2629 4857 σῶν,
2667 4792 2761 4845 καὶ
2809 4789 2905 4843 τοῦ
2958 4791 3086 4860 πρὶν
3144 4788 3400 4857 εὐγενοῦς
3452 4788 3552 4857 τῆς
3583 4789 3679 4855 σῆς

2104 4886 2285 4957 ψυχῆς
2339 4884 2411 4947 ὡς
2465 4885 2705 4955 μάλιστα
2732 4882 3110 4953 δραπετεύων·
3140 4880 3263 4934 ὅθεν
3311 4880 3421 4934 καῖ’
3457 4880 3680 4950 χαλίνου

2110 4981 2255 5050 λόγῳ
2295 4980 2355 5032 τὸ
2384 4978 2483 5046 τῆς
2535 4976 2784 5042 ἐξουσίας
2816 4975 3121 5046 ἀγέρωχον,
3166 4970 3260 5027 καὶ⁸
3310 4971 3599 5043 φιλοσοφίᾳ
3623 4973 3683 5023 τὸ

2110 5072 2207 5126 τοῦ
2230 5072 2463 5143 κράτους
2496 5070 2698 5138 σκάφος
2721 5068 2955 5130 οἰάκζε.
2998 5066 3064 5119 Ἦ
3087 5065 3198 5136 γάρ
3224 5063 3474 5135 βασιλεία
3491 5064 3684 5132 χρῆμά

2111 5185 2164 5220 τι
2195 5168 2304 5219 τῶν
2329 5163 2551 5234 ὑψηλῶν
2584 5164 2879 5230 μετέωρον,
2900 5150 2959 5223 θὲς
2994 5161 3134 5229 μέγα
3162 5160 3250 5211 τον
3275 5157 3477 5227 ταύτης
3507 5158 3679 5224 ὑπερ-

2112 5257 2423 5326 καθήμενον
2457 5250 2710 5324 αἴρουσα,
2758 5254 2849 5304 καὶ
2891 5253 3018 5315 τοὺς
3064 5250 3359 5319 λογισμοὺς
3390 5245 3685 5315 ἐκμοχλεύ-

2111 5365 2248 5401 ουσα
2300 5344 2524 5399 Οίεσθαι
2547 5343 2602 5395 δέ
2662 5359 2719 5395 σε
2754 5343 2931 5412 χρεὼν
2985 5341 3061 5411 μὴ
3121 5342 3340 5393 πάντων
3396 5339 3688 5408 ὑπερέχειν

2109 5438 2393 5508 φρονήσειο
2440 5437 2490 5489 εἰ
2547 5435 2642 5487 καὶ
2686 5434 2755 5487 τά
2807 5436 2908 5502 τῆς
2958 5432 3130 5502 τύχης
3182 5428 3538 5498 ὑπερϐάλλει,
3593 5428 3689 5480 καὶ

2112 5530 2291 5600 ὑψηλὰ
2332 5526 2771 5581 κατεσκεύασται
2824 5525 2977 5597 παρά
3036 5528 3269 5588 πάντας.
3306 5523 3427 5575 Τῶν
3475 5538 3539 5588 γε
3578 5520 3688 5589 μὴν

2114 5622 2370 5691 ὑπηκόων
2449 5621 2548 5687 τὴν
2622 5617 2859 5686 εὔνοιαν,
2932 5619 2964 5689 ἢ
3031 5617 3119 5671 τὸν
3201 5616 3368 5685 φόὅον
3431 5611 3688 5685 θηρεύειν

511 5786 589 5858 υ)
641 5786 1073 5842 Pulcherrimum
1146 5786 1462 5843 decedentis
1521 5786 1784 5857 principis
1829 5784 2185 5857 epitaphium,
2231 5780 2409 5835 bonus
2440 5792 2741 5835 successor.
