4106 6224
487 284 588 348 3ε1

1343 282 1946 344 ecetasusncs
1979 285 2365 348 HISTOBIJE
2396 291 2551 353 LIB.
2589 251 2818 357 xvut.

3630 298 3733 359 341

489 401 698 471 πειρῶ.
762 400 867 453 Τίον
916 399 959 453 δ’
1012 399 1231 469 ἔλεγχον
1294 400 1503 469 μᾶλλον
1552 404 1744 470 ἀγάπα
1804 405 2067 467 θωπείας,

2180 410 2301 464 tiam
2358 413 2568 467 ratione
2621 414 2703 468 fac
2750 414 2963 480 frenes,
3018 424 3075 470 et
3131 415 3493 485 philosOphia:
3526 416 3734 469 artibus

484 485 684 556 οἷάπερ
718 488 1040 540 διδάσκαλον
1073 488 1415 544 καθεστῶτα.
1457 492 1673 561 [Ιὲφυκε
1715 494 1822 563 γάρ
1872 512 1988 554 πως
2022 496 2055 564 ἡ

488 581 705 644 ἐξουσία
737 580 1093 651 ἀνουθέτητόν
1118 597 1172 634 τι
1214 582 1426 651 χρῆμα,
1451 587 1543 635 καὶ
1592 584 1842 649 παιδείας
1876 586 2055 657 ἥκιστ’

487 674 815 743 ἀνεχομένη.
862 674 976 741 Πρὸ
1006 674 1115 727 τῶν
1159 675 1268 727 σῶν
1309 674 1605 743 ὀφθαλμῶν
1652 677 1683 745 ἡ
1738 676 1859 746 δίκη
1910 694 2060 730 συνε-

488 766 757 836 δρεύουσα
791 766 1070 835 παρέστω,
1109 768 1527 836 πρυτανεύουσα
1568 767 1665 838 τὴν
1719 767 1828 821 τῶν
1866 768 2059 837 βεϐιω-

494 857 674 922 μένων
702 857 989 911 ἀντίδοσιν.
1022 857 1230 927 Νόμιζε
1262 858 1318 910 δὲ
1352 859 1445 909 καὶ
1467 859 1564 927 τὴν
1594 858 1881 929 πορφύραν
1911 860 2064 912 εὐτε-

492 948 584 1008 λὲς
616 964 668 999 τι
700 949 868 1017 ῥάκος
901 964 982 999 σοι
1017 948 1363 1018 ἐπικείμενον
1392 948 1469 1019 τῷ
1504 950 1841 1017 φιλοσοφεῖνο
1881 953 1972 1003 τὸν
2004 950 2063 1003 δέ

448 1056 555 1105 ,γε
613 1042 883 1111 στέφανον
937 1041 996 1094 ὃν
1045 1042 1407 1111 περίκεισαι,
1469 1044 1635 1111 μηδὲν
1686 1043 1910 1097 διοίσειν
1956 1045 2064 1096 τῶν

493 1130 635 1197 ἀμφὶ
659 1132 773 1193 τοῖς
806 1130 1075 1197 αἰγιαλοῖς
1104 1136 1218 1191 τοῖς
1242 1131 1551 1194 θαλαττίοις
1586 1133 2065 1203 περικλυζομένων

452 1290 458 1296 1
490 1222 759 1289 ψηφίδων.
791 1223 865 1273 Τὸ
904 1222 960 1275 δὲ
1006 1224 1107 1291 τῆς
1141 1224 1461 1294 ἁλουργίδος
1514 1225 1674 1287 ἄνθος
1704 1229 1931 1292 στυγνόν
1979 1224 2062 1288 ὃν,

491 1313 640 1364 δοκεῖ
675 1331 766 1382 μοι
798 1315 912 1377 τοῖς
947 1315 1229 1385 βασιλεῦσι
1264 1318 1589 1387 παρεγγυᾷν
1610 1316 1672 1369 τὸ
1705 1317 2068 1385 μετριοπαθὲς

496 1405 590 1457 ἐπὶ
624 1409 743 1468 ταῖς
768 1408 1104 1474 εὐπραγίαις
1138 1410 1350 1461 ἀσκεῖν*
1386 1409 1481 1462 καὶ
1523 1410 1599 1478 μὴ
1633 1409 2068 1479 περιγὰννυσθαι

494 1496 594 1548 καὶ
630 1497 999 1565 φρυάττεσθαι
1031 1502 1095 1568 τῇ
1128 1500 1373 1569 πενθίμῳ
1421 1501 1593 1571 ταύτῃ
1640 1503 1737 1569 τῆς
1771 1500 2068 1571 μοναρχίας
2112 1508 2123 1518 ’

504 1591 690 1660 στολῇ⁸
726 1593 788 1644 ού
838 1593 948 1659 γὰρ
996 1594 1250 1657 ἐξουσίαν
1305 1594 1640 1659 ἀκόλαστον,
1695 1595 1810 1647 ἀλλ’
1860 1595 2070 1659 ἔνδοξον

498 1681 702 1749 μᾶλλον
732 1683 980 1736 δουλείαν
1010 1685 1070 1737 τδ
1093 1687 1189 1754 τῆς
1227 1686 1507 1757 βασιλείας
1539 1688 1816 1756 σκῆπτρον
1849 1687 2069 1755 φιλοσο-

494 1747 615 1837 φεῖν
647 1771 1068 1839 ἐπαγγέλλεται.
1106 1747 1380 1840 ’ἡγείσθω
1410 1773 1513 1843 τῆς
1555 1747 1737 1844 ὀργῆς⁷
1774 1773 1836 1825 τὸ
1861 1747 2071 1841 ’φιλάν-
2106 1747 2145 1796 Β

495 1863 739 1930 θρωπον,
770 1864 870 1930 τῆς
919 1864 976 1916 δὲ
1008 1864 1489 1935 μεγαλοφροσύνης
1532 1868 1559 1917 ὁ
1609 1866 1795 1934 φόϐος.
1829 1866 1937 1920 Καὶ
1966 1865 2071 1933 γὰρ

494 1953 590 2004 καὶ
623 1955 743 2015 ταῖς
778 1953 1057 2023 μελίτταις
1110 1957 1142 2023 ἡ
1176 1955 1336 2022 φύσις
1387 1958 1663 2025 ἡγεμόνας
1710 1956 1943 2021 διέταξε·
1976 1956 2071 2007 καὶ

496 2047 590 2097 τὶν
621 2046 773 2112 σφῶν
810 2046 1036 2114 βασιλέα
1086 2048 1179 2099 καὶ
1214 2049 1424 2117 κέντρῳ
1455 2047 1823 2115 καθώπλισεν,
1881 2047 2069 2119 ὥσπερ

497 2152 553 2186 τι
589 2136 792 2205 κράτος
816 2137 1126 2206 αὐτόματον
1154 2138 1582 2208 ὲγκεντρίζουσά
1619 2156 1737 2201 πως
1773 2122 1941 2208 αύτῷ.
1980 2140 2070 2193 ἵνα

498 2230 595 2280 καὶ
629 2227 889 2293 πλήττειν
915 2229 1028 2303 ἔχοι
1056 2230 1148 2281 τὸν
1180 2230 1255 2299 μὴ
1308 2231 1698 2301 προσηκόντως
1729 2232 2073 2300 πειθόμενον.

511 2319 651 2371 Ἀλλ’
679 2320 882 2391 ἥκισῖα
914 2319 1099 2390 ἐκείνῃ
1124 2322 1184 2373 τδ
1215 2322 1442 2392 κέντρον
1485 2324 1835 2391 τυραννικὸν,
1887 2323 2073 2391 δημωο

502 2412 664 2476 φελὲς
700 2411 757 2463 δὲ
788 2413 989 2481 μᾶλλον
1021 2418 1111 2464 καὶ
1142 2412 1373 2468 δίκαιον.
1425 2414 1635 2467 Οὐκοῦν
1681 2414 1903 2483 ἐκείνης
1950 2412 2075 2465 ἰσό-

506 2501 646 2566 μεθα
678 2502 938 2568 μιμηταὶ,
973 2500 1021 2552 εί
1056 2503 1131 2570 μή
1168 2520 1231 2569 γε
1259 2504 1415 2571 λόγος
1436 2505 1723 2574 δεδύνηται
1747 2503 2069 2573 χαρίζεσθαι

503 2592 598 2643 καὶ
630 2591 698 2642 τὰ
731 2592 978 2659 μείζονα.
1003 2592 1198 2646 ,Ταῦτα
1227 2594 1328 2662 μὲν
1355 2596 1383 2646 ό
1416 2596 1718 2665 προϐολεὺς
1748 2595 1861 2662 ἐγώ
1888 2610 1902 2625 ⁸
1932 2593 2074 2658 ἕξεις

500 2683 558 2733 δὲ
592 2683 689 2751 τῆς
717 2684 940 2753 γνώμης
978 2684 1169 2754 ὥσπερ
1208 2687 1479 2758 δικαστὴν
1523 2688 1622 2758 τὴν
1667 2687 1918 2753 ἐξουσίαν
1955 2686 2077 2738 ἀδέ-

505 2792 726 2839 καστον,
759 2776 791 2844 ἧ
824 2776 1074 2844 τιμῶσαν
1108 2776 1205 2839 τὰς
1240 2778 1463 2847 ἀρετὰς,
1495 2779 1528 2850 ἢ
1559 2778 1659 2850 τὴν
1689 2777 1889 2832 κακίαν
1938 2793 2080 2844 φαυς

502 2866 778 2928 ὶίξουσαν.
820 2887 840 2920 ι

2160 502 2436 571 sapienter
2489 505 2746 572 potentia:
2778 507 3035 574 scapham
3087 508 3382 575 gubernes.
3430 505 3724 572 Imperium

2160 609 2396 662 namque
2440 610 2527 649 res
2576 593 2822 662 quaedam
2864 606 2949 649 est
3014 594 3268 649 sublimis
3303 603 3358 648 et
3404 597 3644 651 excelsa.
3684 595 3734 643 in

2161 685 2331 738 altum
2388 685 2555 754 817
2585 685 2680 753 qui
2726 684 2776 739 ei
2832 686 3074 741 insident
3112 686 3431 747 sustollens,
3477 693 3532 738 et
3583 693 3731 738 recte

2165 775 2398 844 cogitata
2429 777 2733 831 excutiens.
2772 776 2994 832 Minime
3044 793 3177 833 vero
3219 777 3536 849 Opinionem
3591 791 3736 838 eam,

2163 867 2309 937 quod
2346 867 2635 935 prudentia
2669 868 2925 926 omnibus
2974 875 3219 933 anteeas,
3254 869 3515 938 concipe,
3546 882 3740 937 quam-

2172 960 2253 1014 vis
2284 958 2525 1023 fortuna,
2550 974 2671 1029 qua:
2705 958 2801 1013 tibi
2845 960 3097 1013 sublimis
3126 960 3374 1026 contigit.
3431 975 3622 1013 omnes
3651 976 3741 1012 su-

2173 1064 2351 1120 peres.
2386 1049 2559 1104 Porro
2593 1050 2793 1104 civium
2829 1060 2881 1103 et
2915 1050 3262 1105 subditorum
3299 1049 3738 1104 benevolentiam

2167 1140 2350 1209 potius
2381 1155 2542 1208 quam
2600 1150 2799 1194 metum
2849 1141 2933 1194 fac
2964 1142 3306 1194 consecteris
3334 1182 3350 1203 ,
3392 1148 3445 1193 et
3482 1140 3741 1207 objurga-

2168 1233 2375 1287 tionem
2420 1235 2611 1302 magis,
2629 1234 2857 1302 perinde
2888 1243 3051 1301 atque
3080 1233 3395 1303 magistrum
3422 1231 3738 1301 quemdam,

2170 1338 2332 1392 quam
2376 1324 2798 1378 assentationem
2825 1364 2839 1385 ,
2889 1325 3276 1393 complectare.
3311 1324 3557 1378 Potestas
3588 1338 3741 1374 nam-

2170 1429 2276 1483 que
2320 1430 2408 1469 res
2462 1416 2707 1483 quantam
2759 1422 2882 1479 est,
2935 1430 3057 1483 qua:
3113 1413 3396 1468 admoneri
3449 1412 3742 1480 docerique

2171 1506 2330 1567 nolit.
2354 1516 2402 1560 et
2435 1506 2853 1575 castigationem
2886 1522 3027 1575 πετο
3060 1508 3217 1560 ferat.
3247 1506 3387 1558 Ante
3411 1504 3602 1557 oculos
3623 1514 3746 1557 tuos

2174 1596 2418 1650 assidens
2434 1596 2653 1650 Justitia
2684 1595 2936 1659 excubet,
2958 1612 3079 1665 quae
3109 1598 3231 1649 vita:
3254 1606 3451 1649 nostrre
3468 1594 3743 1647 actionum

2175 1687 2674 1741 remunerationem
2705 1702 2802 1754 pro
2846 1701 3059 1739 summa
3108 1703 3203 1739 sua
3235 1694 3506 1753 potestate
3537 1682 3743 1736 consti-

2178 1777 2299 1829 tuit.
2344 1778 2645 1845 Purpuram
2678 1776 2903 1845 perinde
2944 1788 3107 1845 atque
3158 1777 3321 1829 vilem
3372 1788 3609 1842 pannum
3647 1773 3744 1828 tibi

2176 1867 2435 1934 injectum
2479 1879 2619 1926 esse,
2649 1879 2747 1931 per
2786 1865 3149 1933 philosomiiae
3194 1863 3432 1916 studium
3468 1863 3741 1916 existima.

2174 1956 2442 2011 Coronam
2474 1963 2656 2009 autem
2691 1972 2795 2023 qua
2824 1965 2987 2024 caput
3014 1965 3166 2007 tuum
3204 1960 3446 2007 cinctum
3471 1961 3576 2014 est,
3604 1952 3742 2004 nihil

2175 2063 2202 2097 a
2232 2046 2431 2114 lapillis
2463 2046 2558 2115 qui
2588 2047 2735 2100 circa
2772 2047 3226 2099 marinumlittus
3249 2044 3508 2097 ﬂuctibus
3531 2043 3747 2095 alluun-

2176 2146 2286 2201 tur,
2316 2136 2538 2191 differre
2572 2149 2721 2206 puta.
2758 2138 2876 2205 ipse
2931 2152 3185 2206 purpura:
3233 2135 3334 2188 ﬂos
3360 2174 3374 2195 ,
3403 2133 3548 2203 quod
3608 2133 3743 2185 sub-

2186 2228 2396 2281 tristior
2444 2239 2545 2288 est,
2589 2228 2868 2282 exhortari
2933 2226 3063 2279 mihi
3108 2224 3385 2294 principes
3414 2223 3653 2284 videtur,
3685 2229 3748 2274 ut

2183 2317 2617 2372 moderationem
2645 2317 2811 2370 animi
2837 2318 2998 2370 rebus
3026 2314 3284 2369 secundis
3310 2303 3527 2367 servare
3554 2325 3747 2364 assue-

2178 2415 2351 2469 scant,
2386 2422 2565 2476 neque
2610 2405 2839 2460 nimium
2884 2406 3155 2465 Iaatentnr,
3201 2412 3295 2457 aut
3339 2404 3585 2457 luctuosa
3642 2401 3746 2453 ista

2180 2499 2513 2555 monarchite
2540 2499 2677 2553 stola
2714 2497 3042 2566 superbiant
3069 2498 3171 2564 (i).
3207 2494 3423 2564 Imperii
3474 2492 3744 2561 siquidem

2172 2600 2446 2659 sceptrum
2477 2606 2586 2643 non
2642 2589 3060 2644 immoderatam
3108 2595 3432 2656 potestatem
3457 2623 3471 2646 ,
3504 2583 3595 2636 sed
3628 2584 3745 2651 glo-

2176 2685 2375 2737 riosam
2430 2682 2615 2750 potius
2659 2681 2979 2735 servitutem
3039 2692 3299 2733 exercere
3351 2673 3750 2729 admonctJraa

2176 2773 2413 2842 imperet
2483 2771 2798 2824 humanitas
2849 2781 2904 2824 et
2968 2768 3367 2832 misericordia,
3425 2763 3751 2833 arrogantia:

2179 2876 2360 2920 autem
2392 2864 2580 2916 timor.
2625 2860 2759 2916 Nam
2807 2874 2863 2915 et
2894 2862 3089 2930 apibus
3136 2869 3330 2913 natura
3360 2860 3529 2912 duces
3562 2854 3747 2917 dedit;

501 2977 802 3033 earumque
833 2978 1015 3033 regem
1066 2966 1259 3019 aculeo
1299 2968 1453 3034 quasi
1532 2965 1767 3036 quadam
1841 2971 2141 3033 spontanea
2180 2973 2236 3018 et
2301 2960 2538 3014 naturali
2593 2966 2861 3026 potestate
2921 2958 3155 3011 armavit
3213 2956 3329 3025 (9),
3386 2963 3448 3008 ut
3508 2967 3751 3023 pungere

503 3056 668 3105 etiam
708 3069 833 3107 eum
885 3054 1077 3122 possit.
1128 3055 1221 3123 qui
1268 3055 1511 3124 legitime
1553 3072 1663 3109 non
1708 3062 1918 3125 pareat.
1952 3053 2061 3107 Sed
2100 3055 2219 3123 apis
2280 3052 2506 3106 minime
2573 3051 2939 3120 tyrannicum,
2978 3066 3165 3102 verum
3213 3045 3491 3101 communi
3526 3043 3747 3117 utilitati

503 3150 845 3203 commodum
882 3150 1157 3218 etjustum
1209 3151 1457 3203 aculeum
1492 3150 1675 3205 habet.
1744 3150 1930 3218 Itaque
1992 3146 2143 3202 illius
2215 3147 2406 3200 saltem
2454 3146 2662 3200 erimus
2728 3145 3064 3208 imitatores,
3119 3142 3389 3212 siquidem
3447 3140 3586 3194 ratio
3636 3138 3750 3205 ipsa

474 3239 733 3311 consilia
769 3240 992 3293 meliora
1015 3241 1285 3309 subjicere
1331 3258 1438 3293 non
1469 3242 1665 3294 valeat.
1695 3239 1965 3309 Equidem
2033 3241 2098 3293 ad
2140 3246 2192 3293 te
2258 3239 2397 3301 hazc,
2447 3237 2617 3291 veluti
2652 3236 2952 3305 productor
2987 3246 3115 3289 tuus
3155 3244 3210 3288 et
3249 3249 3471 3302 parcns.
3518 3224 3746 3286 Consilii

504 3344 694 3393 autem
737 3333 907 3387 nostri
946 3332 1185 3402 judiectn
1268 3333 1499 3387 habebis
1558 3343 1907 3402 potestatem,
1978 3333 2047 3385 ab
2105 3331 2393 3386 allectione
2446 3329 2613 3391 loruni
2658 3337 2716 3382 et
2767 3327 3088 3391 muneribus
3131 3328 3508 3397 incorruptam
3540 3365 3556 3390 ,
3587 3323 3749 3384 simul

509 3436 564 3481 ct
617 3428 847 3481 virtutes
892 3425 1036 3495 ipsas
1083 3436 1524 3481 remunerantem
1553 3466 1567 3489 ,
1622 3436 1677 3480 et
1735 3427 1867 3481 vilia
1925 3436 2297 3484 coercentem.
2336 3442 2355 3477 ι

1113 3567 1364 3621 ΚΕΦΑΛ.
1400 3566 1473 3619 Z'.

584 3659 723 3729 Περὶ
748 3659 858 3729 τῆς
884 3658 1149 3729 ὁράσεως
1177 3659 1274 3712 καὶ
1301 3659 1588 3726 τελευτῆς
1618 3658 1873 3727 Τιϐερίου
1906 3656 2011 3711 τοῦ

1075 3729 1535 3805 αὐτοκράτορος.

588 3845 719 3896 Ὅτε
770 3844 953 3897 τοίνυν
1004 3844 1073 3897 τά
1133 3845 1232 3913 τῆς
1288 3844 1579 3910 διαλέξεως
1634 3842 1967 3914 ὲπερατοῦτο
2006 3841 2085 3910 τῷ

519 3933 901 4003 αὐτοκράτορι,
935 3934 1069 3986 πολὺ
1098 3934 1158 3986 τί.
1190 3934 1425 4005 δάκρυον
1463 3934 1615 4005 ἔρρει
1648 3933 1955 4003 ἀνιωμένου
1990 3934 2083 3985 τού

522 4025 764 4094 ὑπηκόου
791 4024 869 4095 τῷ
904 4023 1085 4079 πάθει.
1136 4020 1272 4077 Εἶτα
1314 4024 1414 4095 τὴν
1448 4026 1722 4094 στεφάνην
1753 4027 1780 4079 ὁ
1834 4022 2086 4090 βασιλεὺς

520 4116 815 4183 ἀράμενος,
853 4114 950 4182 τήν
981 4130 1039 4167 τε
1072 4115 1362 4185 πορφυρᾶν
1415 4114 1664 4184 χλαμύδα
1709 4114 1945 4184 ἀμπείχε
1996 4112 2088 4165 τὸν

523 4205 800 4275 Καίσαρα.
829 4204 1006 4275 Πολλὴ
1040 4204 1097 4257 δὲ
1135 4204 1245 4258 τῶν
1286 4205 1543 4274 ὑπηκόων
1590 4206 1622 4274 ἡ
1669 4204 1764 4273 τῆς
1815 4203 2088 4273 εὐφημίας

522 4295 765 4364 ἑξηχεῖτο
815 4294 935 4364 βοή.
978 4294 1043 4348 Oi
1090 4295 1190 4365 μὲν
1220 4297 1333 4364 γὰρ
1364 4296 1458 4349 τὸν
1508 4296 1958 4365 προστησάμενον
1986 4293 2089 4361 τῆς

525 4387 809 4450 εὐϐουλίας
860 4387 1152 4457 ἀγάμενοι,
1201 4389 1247 4440 οἱ
1294 4388 1349 4440 δὲ
1400 4388 1494 4441 τὸν
1542 4388 1951 4459 ἁναρῤηθένταυ
2006 4381 2090 4449 οἷς

523 4480 715 4535 ἑαυτὸν
769 4480 865 4549 τῆς
911 4479 1185 4547 τοσαύτης
1230 4480 1534 4548 ἡγεμονίας
1592 4480 1862 4551 παρέθετο
1916 4479 2087 4544 ἀξιον.

526 4570 733 4639 Ἀμφω
762 4569 816 4622 δὲ
842 4568 933 4621 τὸν
962 4570 1168 4621 τούτων
1196 4571 1458 4623 ἁπάντων
1484 4573 1656 4625 αἴτιον
1681 4571 1988 4640 εὐφήμουν,
2014 4571 2091 4633 ὡς

525 4660 699 4713 πάντα
731 4660 1118 4728 ξυμφερόντως
1141 4661 1579 4728 οἰκονομήσαντα
1603 4701 1615 4714 .
1676 4660 1763 4722 Ὠς
1792 4662 1847 4712 δὲ
1891 4662 1959 4713 τὰ
1990 4662 2092 4728 τῆς

524 4753 942 4820 ἀναγορεύσεως

528 4842 787 4908 θεσμοὺς,
821 4842 914 4893 ἐπὶ
940 4844 1038 4910 τὴν
1064 4844 1260 4894 ἑαυτοῦ
1306 4845 1495 4913 κλίνην
1539 4845 1842 4908 ἀναζεύξας
1876 4846 1903 4898 ὁ
1936 4846 2092 4915 βασι-

530 4932 672 4994 λεὺς,
695 4934 827 5002 ὄναρ
850 4933 1093 4986 τεθέατο.
1135 4934 1339 4987 Ἐδόκει
1366 4935 1473 5004 γὰρ
1505 4936 1786 5003 πάγκαλόν
1821 4954 1875 4989 τι
1900 4938 2092 5008 χρῆμα

530 5024 717 5093 ἀνδρὸς
737 5024 861 5090 ὄψιν
891 5025 1039 5092 ὁρᾷν,
1076 5024 1219 5092 λόγῳ
1249 5026 1347 5095 μὲν
1375 5026 1633 5095 ἄρρητον,
1661 5031 1848 5099 γραφῇ
1884 5030 1939 5080 δὲ
1963 5030 2092 5099 ἀμία

535 5127 723 5181 μητονο
747 5112 910 5182 ἐσθὴς
935 5112 1125 5183 ἐκείνῳ
1144 5113 1311 5184 λευκὴ
1334 5114 1421 5167 τόν
1440 5116 1602 5169 τόπον
1623 5117 1991 5186 περιαυγάζου
2002 5135 2120 5175 σα..

605 5270 680 5330 (Ι)
722 5267 1026 5337 Antigonus
1060 5286 1154 5323 rex
1204 5270 1371 5325 tilium
1427 5272 1662 5325 intuitus
1708 5273 1939 5328 subditis
1980 5274 2094 5326 vio-

536 5340 737 5409 lentius
793 5349 1034 5409 utentem
1069 5354 1129 5392 ac
1174 5343 1505 5408 superbius:
1543 5343 1655 5393 Οὐκ
1686 5338 1862 5401 οἶσθα.
1893 5344 2089 5409 inquit,

535 5402 581 5457 ὦ
611 5410 725 5467 παῖ,
764 5406 864 5478 τὴν
905 5409 1182 5478 βασιλείιν
1226 5402 1381 5478 ἡμῶν
1420 5411 1625 5475 ἔνδοξον
1652 5410 1788 5465 εἶναι
1812 5402 2085 5475 δουλείινέ

536 5478 639 5530 hoc
661 5486 764 5535 est,
807 5475 991 5549 Nescis,
1024 5477 1124 5549 ﬁli,
1158 5475 1481 5532 dominatum
1505 5490 1737 5535 nostrum
1764 5480 2092 5549 splendidam

539 5572 554 5595 ι
568 5563 645 5617 sse
660 5562 771 5598 serv
785 5548 997 5598 'tutcm?
1025 5548 1290 5603 Pindarus
1307 5566 1544 5617 quoque,
1571 5548 1797 5603 oinnetn
1819 5552 2018 5616 regiam
2038 5561 2092 5602 et

540 5616 771 5667 aulicam
805 5621 1168 5680 pbanlaszam,
1227 5616 1367 5672 sicut
1399 5636 1516 5671 eam
1557 5621 1731 5673 Lucas
1786 5621 1905 5673 Act.
1966 5635 2088 5671 xui

548 5697 721 5745 vocat.
766 5686 999 5754 ἐμφανὲς
1029 5706 1149 5742 esse
1185 5692 1382 5743 cecinit
1410 5691 1567 5755 ἄλγος
1608 5708 1620 5743 :
1677 5690 1781 5744 hoc
1834 5698 1936 5752 est,
1965 5688 2088 5745 itte-

1011 4756 1155 4806 κατά
1209 4756 1334 4817 τοὺς
1404 4755 1720 4822 βασιλικοὺς
1776 4757 2094 4809 ἁπετελεῖτο

2682 3566 2850 3634 313
2878 3564 3101 3619 CAPUT
3147 3563 3255 3617 vn.

2361 3661 2437 3716 De
2469 3661 2666 3716 visione
2692 3669 2742 3713 et
2782 3667 2946 3713 morte
2979 3657 3170 3711 Tiberii
3216 3656 3597 3725 imperatoris;

2253 3840 2390 3897 Cum
2447 3840 2611 3909 igitur
2644 3837 2937 3908 imperator
2981 3835 3142 3890 linem
3185 3832 3453 3891 orationis
3510 3832 3751 3907 fecisset.

2184 3934 2334 3989 cives
2363 3943 2418 3989 et
2441 3932 2647 3988 subditi
2680 3942 2903 4001 propter
2935 3930 3179 3984 dolorem
3212 3943 3321 3997 quo
3352 3925 3752 3987 allieiebautur,

2187 4026 2412 4081 multam
2468 4026 2577 4080 vim
2629 4025 2992 4093 lacrymarum
3078 4019 3464 4090 profuderunt.
3550 4018 3753 4071 Deinde

2188 4117 2454 4171 sublatam
2502 4115 2804 4182 imperator
2862 4127 3117 4166 coronam
3146 4120 3201 4165 et
3234 4123 3564 4179 purpuream
3599 4106 3752 4159 chla-

2190 4205 2403 4276 mydem
2435 4204 2636 4261 Caesari
2696 4200 3077 4255 circumdedit.
3120 4200 3196 4255 lbi
3252 4208 3365 4251 tum
3405 4196 3753 4250 subditorum

2189 4297 2609 4353 acclamationes
2652 4306 2707 4350 et
2762 4294 3149 4363 gratulationes
3192 4290 3498 4351 exauditae,
3556 4288 3753 4358 partim

2193 4399 2301 4443 tam
2332 4388 2603 4443 commodi
2645 4386 2858 4439 consilii
2891 4395 3195 4445 auctorem.
3233 4382 3435 4451 partim
3464 4381 3644 4449 ipsum
3672 4395 3756 4434 re-

2191 4480 2506 4535 nuntiatum
2548 4476 2851 4545 principem
2900 4483 3122 4545 propter
3156 4490 3249 4528 eas
3286 4473 3488 4540 quibus
3544 4486 3603 4525 se
3656 4472 3759 4524 im-

2194 4572 2345 4641 perio
2395 4570 2617 4637 dignum
2684 4568 3009 4638 prmstiterat
3057 4567 3322 4624 virtutes.
3363 4562 3640 4617 admirati.
3674 4562 3762 4615 1w-

2196 4663 2388 4733 primis
2420 4677 2552 4715 vero
2616 4658 2872 4713 laudibus
2918 4673 3106 4711 earum
3141 4673 3322 4710 rerum
3348 4656 3596 4708 omnium
3632 4669 3759 4707 con-

2199 4754 2525 4817 ciliatorcm,
2559 4752 2653 4819 qui
2686 4751 2939 4803 universa
2971 4746 3415 4802 commodissime
3449 4746 3757 4813 diSpcnsat,

2196 4845 2529 4899 extulerunt.
2576 4844 2676 4899 Ubi
2721 4858 2850 4896 vero
2899 4840 2966 4895 ad
3003 4841 3151 4895 hunc
3197 4841 3414 4897 modum
3468 4836 3762 4897 Mauricius

2200 4935 2568 5004 imperatoriis
2620 4933 2963 4987 caeremoniis
3012 4932 3268 5000 princeps
3310 4939 3393 4984 est
3422 4930 3760 4991 declaratus,

2200 5027 2498 5094 imperator
2536 5027 2651 5093 ipse
2691 5026 2743 5079 in
2794 5025 2935 5078 lecto
2978 5038 3079 5077 suo
3126 5023 3420 5091 repositus,
3457 5026 3508 5075 in
3555 5023 3764 5075 somnis

2198 5117 2300 5171 viri
2336 5118 2574 5187 speciem
2619 5131 2684 5171 ea
2731 5116 2930 5182 forma,
2973 5131 3094 5185 qua:
3145 5130 3324 5185 neque
3361 5115 3551 5178 verbo,
3588 5129 3765 5182 neque

2200 5284 2363 5327 strem
2400 5271 2692 5325 miseriam.

2271 5344 2346 5409 (οὶ)
2391 5342 2506 5394 Non
2536 5351 2753 5395 constat
2815 5342 2961 5396 inter
2995 5353 3270 5402 auctores,
3346 5358 3437 5393 rex
3480 5340 3766 5393 nullumne

2198 5414 2348 5465 solus
2385 5411 2583 5463 habeat
2613 5413 2886 5475 aculeum,
2915 5414 3199 5478 majestate
3224 5421 3436 5465 tantum
3469 5416 3712 5461 armatus
3752 5444 3762 5462 ε

2197 5498 2264 5535 an
2296 5481 2513 5534 dederit
2550 5494 2676 5533 eum
2710 5482 2930 5549 quidem
2964 5490 3181 5541 natura.
3207 5483 3298 5536 sed
3347 5494 3503 5531 usum
3540 5478 3615 5531 illi
3646 5486 3763 5549 tan-

2200 5563 2312 5604 tum
2344 5550 2641 5618 negaverit.
2682 5547 2828 5603 Istud
2860 5560 3098 5611 constat,
3151 5553 3540 5615 imperatorem
3572 5547 3765 5611 aculeo

2199 5638 2303 5674 non
2356 5632 2455 5685 uti,
2488 5627 2596 5674 etc.
2636 5620 2799 5688 (Plin.
2832 5621 2929 5675 lib.
2971 5635 3031 5682 It,
3072 5632 3189 5688 Cap.
3230 5620 3339 5687 l7.)
