4094 6202
389 276 498 337 ΜἹ

1608 272 2031 334 ΝΙΕΕΡΗΟΠῙ
2072 272 2423 333 CALLISTI

3508 258 3643 327 ΒΗ

386 386 592 451 scripto
625 382 857 452 exprimi
910 390 1115 452 queat,
1164 391 1221 435 et
1256 389 1405 436 veste
1444 390 1553 435 tam
1588 382 1847 447 candida,
1898 391 1954 436 ut

2070 380 2215 436 Ὀδὲ
2244 382 2420 435 τοιάδε
2468 380 2545 448 τῷ
2598 380 2841 447 Καίσαρι
2898 378 3050 445 ἔλεγε
3109 374 3634 444 συνδημηγορῖὺσης

381 474 696 528 cubiculum
749 474 926 541 ipsum
979 474 1302 538 illustraret,
1330 473 1489 528 vidit.
1538 472 1634 526 Vir
1682 474 1752 536 is,
1786 487 1955 524 manu

382 574 662 633 protensa,
696 565 823 619 talia
866 564 1031 617 verba
1062 563 1129 616 ad
1166 578 1291 618 eum
1324 573 1410 617 est
1440 562 1685 632 profatus
1714 579 1728 615 :
1768 579 1787 613 ι
1831 561 1905 615 ιι..
1926 577 1957 617 c

386 656 506 719 tibi,
556 654 767 714 Tiberi,
822 662 906 710 ter
935 662 1192 708 sanctum
1236 655 1449 708 Numen
1509 653 1834 708 renuntiat:
1871 662 1959 721 ty—

383 746 538 799 ranni
567 747 739 815 impii.
764 746 981 813 imperii
1008 747 1084 803 tui
1102 745 1442 815 temporibus
1464 761 1573 800 non
1603 744 1949 799 exstabanta

383 837 679 902 Postquam
745 846 928 895 autem
988 838 1306 907 evigilavit,
1366 847 1423 891 et
1486 838 1762 896 somnium
1809 837 1953 893 istud

380 927 571 981 amicis
607 928 884 996 exposuit,
935 928 1151 998 legibus
1201 927 1399 982 deinde
1440 935 1670 989 naturae,
1704 928 1959 997 quamvis

383 1019 683 1087 imperator
713 1030 882 1085 esset,
920 1019 1239 1081 obsecutus,
1272 1028 1545 1073 terrenam
1592 1018 1831 1072 tunicam
1862 1018 1955 1073 de-

383 1109 593 1176 posuit,
633 1110 816 1163 anima
852 1124 971 1163 eam
1016 1109 1183 1163 veluti
1227 1108 1643 1165 tabernaculum
1676 1108 1953 1177 quoddam

382 1198 750 1265 relinquente,
776 1208 831 1253 et
860 1199 924 1252 ad
950 1201 1107 1253 sedes
1134 1214 1400 1267 supernas
1426 1198 1697 1252 evolante.
1719 1198 1956 1266 Imperio

384 1287 641 1343 Tiberius
672 1306 793 1342 cum
828 1289 1047 1344 Iustino
1080 1290 1279 1355 tribus,
1317 1290 1465 1344 solus
1500 1298 1682 1343 autem
1718 1298 1959 1357 quatuor

382 1378 543 1431 annis
571 1378 789 1448 praefuit
815 1380 890 1449 (l)
922 1380 1054 1448 :qui
1093 1389 1444 1448 posteaquam
1474 1380 1528 1433 in
1557 1380 1954 1448 imperatorum

383 1468 640 1536 sepulcro
679 1472 951 1540 repositus
1004 1482 1087 1525 est
1109 1512 1123 1532 ,
1161 1471 1412 1527 homines
1433 1488 1625 1531 omnes
1655 1473 1723 1533 ad
1754 1471 1956 1536 Mauri-

382 1558 553 1626 cium,
583 1563 811 1631 perinde
842 1571 1009 1631 atque
1058 1562 1328 1618 satellites
1358 1564 1610 1618 converti
1647 1579 1661 1614 :
1692 1572 1747 1618 et
1783 1564 1955 1633 lacry-

382 1662 505 1712 ma',
527 1650 727 1716 quibus
752 1650 955 1706 Tiberii
974 1651 1139 1707 funus
1168 1652 1444 1719 prosecuti
1472 1651 1712 1713 fuerant,
1735 1668 1803 1707 eo
1834 1654 1953 1720 ipso

2062 472 2213 540 αὖτῷ
2241 479 2341 542 τῆς
2368 473 2550 543 χειρὸς
2583 475 2641 525 ὲν
2664 471 2743 540 τῷ
2769 470 3033 539 σχήματι*
3077 488 3094 517 ι
3127 468 3261 521 Τἀδε
3316 484 3422 527 σοι,
3476 467 3639 518 Τιϐέ-

2066 580 2171 631 ριε.
2205 563 2267 615 τὸ
2295 564 2594 633 Τρισάγιον
2626 563 2799 630 λέγει’
2837 564 2901 615 Oi
2943 562 3199 631 τύραννοι
3223 559 3323 630 τῆς
3374 558 3634 620 ἀσεϐείας

2060 656 2153 707 Eni.
2191 654 2305 723 ’τῆς
2359 657 2458 724 σῆς
2510 655 2793 725 βασιλείας
2847 655 2910 707 οὐ
2970 654 3288 722 φοιτήσουσι
3333 653 3567 721 χρόνοις.
3605 670 3629 701 ι

2075 748 2133 797 '0
2166 748 2222 800 δὲ
2249 748 2540 817 ἆανήψας,
2572 749 2673 801 καὶ
2710 748 2773 800 τὸ
2822 747 3074 799 ἐνύπνιον
3124 744 3396 808 ἐπειπὼν,
3439 746 3635 795 ἔπειτα

2058 840 2172 898 τοῖς
2199 837 2299 906 τῆς
2328 838 2541 905 φύσεως
2560 838 2928 908 ὲπειθάρχησε
2950 838 3163 905 νόμοις,
3188 839 3237 889 εί
3266 837 3357 888 καὶ
3376 834 3632 904 βασιλεὺς

2058 925 2357 994 ἐτύγχανεν
2385 925 2480 977 ὤν’
2517 926 2610 979 καὶ
2641 925 2737 977 τὸν
2780 927 2968 994 γήϊνον
3010 923 3337 995 χιτωνίσκον
3374 922 3629 982 ἀπέθετο,

2057 1010 2169 1068 οἷον
2194 1033 2317 1070 τινα
2362 1015 2571 1085 σκηνὴν
2608 1017 2709 1085 τῆς
2759 1016 2938 1086 ψυχῆς
2985 1013 3393 1081 καταλιπούσης
3441 1013 3632 1073 αὑτὸν,

2058 1110 2153 1162 καὶ
2185 1110 2321 1179 πρὸς
2344 1109 2412 1164 τὰ
2444 1109 2651 1162 ἄνωθεν
2682 1110 2973 1175 διαϐἀσης,
2997 1108 3091 1176 ἐτη
3115 1107 3361 1175 τέσσαρα
3377 1107 3477 1175 τῆς
3506 1107 3635 1174 ἡγε-

2061 1199 2252 1267 μονίας
2307 1199 2623 1268 κατάρξας.
2690 1199 2781 1261 Ὠς
2833 1199 2879 1251 δ’
2930 1200 3137 1251 ἐκεῖνον
3168 1199 3333 1250 ότῶν
3368 1196 3634 1266 βασιλέων

2058 1292 2358 1359 ὑπεδέχετο
2385 1292 2577 1358 τάφος,
2609 1290 2706 1342 ἐπὶ
2727 1290 2828 1360 τὴν
2861 1292 2919 1354 ὲς
2951 1290 3265 1357 Μαυρίκιον
3303 1288 3633 1357 δορυφορίαν

2059 1381 2205 1442 ἄπας
2249 1381 2575 1449 ἐτράποντο’
2628 1383 2723 1435 καὶ
2773 1382 2833 1434 τὸ
2893 1382 3039 1433 κατά
3092 1380 3343 1450 Τιϐέριον
3398 1380 3637 1449 δάκρυον

2058 1469 2375 1540 αὐθήμερον
2424 1470 2602 1538 πέρας
2655 1470 2985 1539 ἐλάμϐανεν.
3022 1470 3135 1540 οὐχ
3188 1470 3331 1523 οὕτω
3364 1470 3473 1538 γὰρ
3520 1471 3631 1531 τοῖς

2057 1560 2363 1627 ἀνθρκίιποις
2390 1562 2499 1615 τῶν
2532 1564 2950 1632 παρῳχημένων
2994 1564 3151 1615 ἐστὶν
3183 1563 3516 1631 ἀνάμνησις,
3557 1562 3633 1622 ὡς

2056 1655 2086 1720 ἡ
2125 1658 2252 1720 περὶ
2283 1653 2349 1705 τὰ
2378 1654 2622 1723 παρόντα
2650 1656 2789 1707 κατά
2828 1654 3063 1723 σπουδῆς
3095 1654 3409 1721 ἐπιμέλεια.
3461 1698 3470 1723 ,

390 1740 479 1794 die
534 1743 1012 1798 restinctte-suut.
1060 1744 1179 1798 Non
1233 1744 1379 1798 enim
1444 1744 1696 1800 homines
1750 1753 1955 1800 tantum
1998 1745 2397 1813 pr:eteritorum
2450 1746 2786 1812 meminisse,
2842 1745 3411 1815 quantumprtesentia
3438 1755 3637 1798 curare

391 1845 447 1889 et
480 1834 662 1889 colere
696 1835 895 1889 solent.

979 1952 1202 2011 CAPUT
1247 1953 1377 2009 Vill.

384 2044 463 2098 De
496 2044 738 2098 Mauricii
761 2046 1029 2115 conjugio,
1066 2056 1114 2099 et
1154 2049 1374 2115 conjuge
1398 2047 1513 2115 ejus
1539 2046 1793 2115 Augusta.
1816 2044 1963 2111 Qua-

455 2114 540 2175 lis.
578 2116 766 2182 quibus
800 2114 1048 2186 moribus.
1096 2132 1200 2183 quo
1246 2114 1458 2185 genere,
1498 2126 1545 2170 et
1585 2114 1770 2186 quibus
1798 2118 1963 2177 animi

453 2186 815 2255 affectionibus
850 2184 1143 2239 Mauricius
1182 2184 1359 2252 fuerit.

454 2298 557 2354 Ubi
600 2298 897 2353 Mauricius
928 2299 1219 2368 imperium
1263 2298 1533 2367 suscepit,
1579 2309 1637 2353 et
1673 2298 1957 2354 Tiberium

381 2392 523 2444 satis
551 2389 749 2453 eluxit,
786 2388 1005 2457 nuptias
1038 2389 1276 2457 primum
1303 2400 1495 2460 parat,
1526 2392 1955 2459 Augustamque,

382 2494 505 2549 qua
533 2490 589 2533 et
612 2479 966 2534 Constantina
1024 2479 1326 2544 dicebatur,
1349 2480 1698 2535 matrimonio
1726 2482 1957 2535 solemni

382 2568 777 2637 imperatorum
813 2570 921 2623 ritu
950 2570 1057 2624 sibi
1084 2570 1283 2640 jungit.
1310 2572 1477 2642 819
1506 2572 1721 2642 Nuptize
1748 2573 1958 2643 magni-

388 2658 491 2712 ﬁce
532 2674 760 2728 prorsus
802 2659 1068 2729 imperiali
1103 2677 1300 2730 pompa
1331 2664 1644 2728 celebratae,
1672 2672 1728 2717 et
1762 2664 1955 2733 epula-

384 2750 563 2804 tiones
610 2750 911 2819 Splendidm
979 2750 1280 2819 pubiicitus
1340 2766 1443 2818 per
1495 2750 1684 2804 urbem
1735 2765 1954 2823 omnem

387 2842 591 2911 populo
617 2843 769 2897 datze.
791 2842 1085 2911 Apparatui
1136 2850 1289 2896 tanto
1318 2842 1525 2896 aﬂuere
1554 2856 1682 2896 vera
1707 2842 1762 2897 in
1788 2842 1957 2896 Deum

340 2950 345 2953 ν
386 2933 563 3003 pietas
611 2941 668 2989 et
716 2934 1067 3003 imperatoria
1107 2933 1399 3002 Maiestas,
1430 2933 1689 2987 satellitio
1750 2933 1955 2987 Mauri-

385 3025 531 3079 cium
560 3025 919 3096 ejusdemque
938 3025 1225 3095 conjugem
1246 3024 1635 3080 decentissime
1665 3026 1953 3093 stipantes,

385 3127 444 3172 et
491 3118 635 3171 dona
689 3118 772 3172 eis
818 3132 983 3186 quam
1038 3116 1953 3172 honorificentissime‘oﬂerentes.

385 3210 483 3266 131a
511 3225 745 3279 namque
772 3211 979 3265 canitie
1010 3209 1328 3267 veneranda
1351 3248 1368 3274 ,
1395 3209 1830 3278 decentibusque
1858 3226 1957 3263 ru-

2668 1955 2918 2009 ΚΕΦΑΛ.
2961 1956 3040 2007 Η’.

2066 2046 2201 2114 Περ]
2237 2046 2342 2114 r037
2389 2044 2581 2114 γὰμρυ
2612 2048 2940 2113 Μαυρικίου
2993 2044 3093 2099 καὶ
3118 2047 3504 2113 Αὐγοούστης·
3533 2047 3632 2095 καὶ

2134 2111 2256 2179 οἶος
2288 2111 2366 2183 ἦν
2394 2111 2632 2185 τὸἦθος
2656 2111 2754 2169 καί
2786 2117 2851 2169 τὸ
2884 2115 3060 2183 γένος
3106 2111 3223 2168 καί
3242 2116 3348 2169 τὸν
3378 2114 3488 2182 τῆς
3517 2118 3635 2184 tiv-

2134 2185 2247 2251 χῆς
2272 2186 2513 2252 τρόπον.

2144 2299 2295 2351 Ἐπεὶ
2325 2300 2382 2352 δὲ
2411 2299 2717 2371 Μαυρίκιος
2740 2300 3128 2369 περιεϐάλλετο
3153 2300 3253 2369 τὴν
3286 2302 3482 2371 ἀρχὴν,
3514 2302 3636 2354 ix:-

2061 2392 2165 2455 νὼς
2198 2393 2289 2445 τὸν
2321 2392 2546 2461 βασιλέα
2578 2393 2967 2463 θρηνήσας,τά
2994 2394 3120 2463 περὶ
3149 2393 3243 2446 τὸν
3275 2395 3453 2461 γάμον
3484 2392 3634 2461 πρώ-

2059 2497 2217 2533 τιστα
2238 2480 2547 2551 ἐξηρτύετοο
2569 2483 2660 2533 καὶ
2680 2481 2755 2543 ὡς
2773 2481 2935 2551 νόμος
2961 2478 3295 2549 βασιλεῦσιν,
3313 2478 3631 2545 Δύγούσταν

2059 2570 2157 2637 τὴν
2186 2571 2281 2629 καὶ
2307 2571 2720 2623 Κωνσταντίναν
2766 2568 3141 2633 είσοικίζεται’
3188 2567 3627 2637 μεγαλοπρεπῶς

2058 2679 2116 2714 τε
2149 2663 2263 2729 ἅμα
2297 2663 2392 2719 καὶ
2426 2662 2721 2729 βασιλικῶς
2749 2663 2849 2730 τῆς
2888 2663 3114 2739 πομπῆς
3160 2662 3271 2714 τῶν
3313 2660 3509 2727 γάμων
3535 2677 3628 2727 γε-

2059 2755 2391 2821 γενημένης,
2438 2752 2725 2823 ἀγερώχου
2762 2752 3113 2822 δημοθοινεας
3168 2750 3476 2820 ἑκασταχοῦ
3529 2752 3629 2818 τὴν

2059 2846 2215 2899 πόλιν
2238 2844 2632 2914 περιεπούσης.
2666 2845 2858 2914 Παρῆν
2886 2844 2942 2897 δὲ
2968 2844 3076 2913 ἄρα
3124 2843 3202 2912 τῷ
3251 2843 3415 2911 γάμῳ
3448 2840 3630 2893 θεοσέ-

2058 2938 2181 2989 ϐειά
2204 2953 2262 2989 τε
2298 2936 2391 2989 καὶ
2422 2936 2669 3005 βασιλεία
2684 2935 3085 3005 δορυφοροῦσαι
3110 2933 3179 2987 τὰ
3202 2934 3371 3001 ὲκπρε
3383 2932 3624 2989 πέστατα

2058 3030 2150 3082 καὶ
2193 3027 2600 3099 δωροφοροῦσαι
2632 3026 2701 3081 τὰ
2725 3027 3049 3096 τιμιώτατα.
3100 3024 3320 3094 Πατέρα
3371 3022 3483 3092 γὰρ
3531 3023 3626 3074 καὶ

2060 3124 2270 3193 μητέρα
2288 3124 2579 3193 παρείχετο
2595 3121 2895 3186 θεοσέϐεια,
2909 3120 2987 3191 τῷ
3009 3119 3272 3189 αίὸεσίμῳ
3287 3118 3387 3184 τῆς
3410 3114 3571 3169 πολιᾶ
3591 3132 3629 3176 ',

2056 3216 2151 3268 καὶ
2187 3214 2263 3283 τῷ
2294 3214 2394 3283 τῆς
2426 3212 2631 3283 potia);
2670 3211 2851 3281 σεμνῷ
2894 3212 2985 3263 τὸν
3040 3209 3222 3279 γάμον
3271 3206 3625 3273 ἀγιάσοντας’

382 3303 485 3373 gis,
514 3301 659 3372 quod
690 3310 849 3357 antea
879 3303 1155 3365 memoria
1186 3302 1463 3373 proditum
1499 3318 1610 3358 non
1638 3313 1745 3367 est,
1786 3302 1954 3373 patris

2058 3307 2087 3358 δ
2126 3306 2327 3377 μήποθ’
2358 3304 2643 3374 ἱστορηθὲν
2685 3301 2934 3371 ἔγνωμεν
2964 3317 2978 3331 °
3005 3298 3271 3368 ἀδελφούς
3300 3315 3359 3350 τε
3389 3298 3627 3366 ὡραίους

384 3400 551 3461 atque
586 3392 797 3457 matris,
839 3394 1059 3464 nuptias
1101 3393 1580 3457 sanctiﬁcantium,
1611 3393 1953 3463 fratrumque

385 3495 766 3549 venustorum,
795 3486 1137 3557 conjugalem
1177 3495 1500 3561 apparatum
1542 3486 1952 3551 exornantium,

383 3577 561 3632 vicem
612 3577 888 3647 prmslilit.
939 3576 1067 3632 Haec
1121 3587 1330 3643 autem,
1372 3592 1441 3633 ex
1468 3593 1606 3634 auro
1638 3587 1953 3633 contextam

380 3681 615 3732 vestem,
658 3685 901 3739 purpura
931 3678 988 3723 et
1018 3668 1219 3723 Indicis
1262 3670 1577 3739 margaritis
1614 3671 1955 3734 distinctam,

382 3775 487 3815 nec
540 3775 647 3814 non
683 3774 920 3815 coronas
950 3774 1085 3813 auro
1132 3759 1305 3815 multo
1339 3769 1395 3815 et
1434 3761 1634 3830 lapillis
1664 3761 1957 3831 pellucidis

384 3851 800 3921 resplendentes
827 3850 1084 3920 praebuit,
1130 3860 1295 3919 atque
1327 3866 1518 3905 omnes
1540 3853 1633 3921 qui
1663 3852 1957 3922 dignitates

384 3946 846 4014 magistratusque
890 3942 1156 4012 gerebant
1181 3940 1479 4004 excitavit,
1534 3953 1591 3997 ut
1644 3943 1952 4012 splendide,

384 4053 496 4108 quo
561 4036 809 4103 dignosci
868 4042 1113 4104 possent,
1168 4033 1437 4094 coronati,
1478 4032 1627 4087 faces
1680 4034 1957 4102 nuptiales

380 4129 780 4193 accenderent,
831 4134 1275 4196 conventumque
1321 4125 1705 4194 sponsolitium
1739 4125 1958 4195 hymnis

380 4229 549 4291 atque
608 4221 943 4275 carminibus
1002 4219 1369 4274 celebrarent.
1424 4216 1500 4270 lta
1563 4226 1625 4273 ut
1682 4218 1958 4289 conjicere

280 4322 297 4331 ’
380 4314 595 4377 liceret,
628 4329 910 4383 nunquam
934 4312 1082 4383 apud
1115 4312 1367 4367 homines
1396 4320 1663 4380 apparatu
1687 4324 1753 4364 eo
1775 4313 1961 4380 splen-

384 4407 571 4461 didius
612 4405 910 4475 quidquam
947 4403 1241 4460 exstitisse.
1273 4402 1632 4472 DemOpbilus
1676 4417 1830 4469 sane,
1869 4417 1958 4457 res

384 4500 659 4552 Romanas
681 4498 1022 4562 describens,
1047 4496 1398 4551 Plutarchum
1414 4496 1843 4551 Chaeronensem
1873 4496 1958 4549 di-

2054 3399 2152 3467 τὴν
2178 3399 2450 3468 γαμήλιον
2482 3395 2709 3466 πομπὴν
2741 3394 3199 3462 ὲκσεμνύνοντας.
3250 3389 3314 3444 'll
3334 3390 3391 3442 δὲ
3421 3390 3619 3459 χρυσό-

2057 3507 2261 3544 παστον
2290 3489 2610 3557 ἀμπεχόνην
2659 3485 2937 3555 ἁλουργίδι
2986 3484 3083 3537 ιιια)⁸
3125 3482 3293 3545 λίθοις
3348 3497 3630 3547 κεκοσμη-

2059 3584 2225 3651 μένην
2253 3579 2455 3639 Ὶνδὼν,
2483 3580 2578 3630 καὶ
2612 3577 2913 3646 στεφάνους
2948 3575 3129 3645 πολλῷ
3155 3571 3343 3645 χρυσῷ
3378 3573 3473 3625 καὶ
3505 3576 3625 3633 ταῖς

2056 3677 2119 3727 ὲκ
2166 3675 2333 3726 λίθων
2365 3672 2665 3737 δεαυγεῖαις
2716 3668 3208 3735 τιμαλφεστάτουςο
3264 3667 3513 3728 ἅπαντας
3566 3682 3624 3715 τε

2056 3768 2182 3827 τοὺς
2230 3766 2287 3816 ιν
2328 3761 2604 3832 ἀξιώματι
2654 3759 2963 3831 γαμηλίους
3035 3759 3243 3827 κηροὺς
3288 3759 3626 3816 ἀνάπτοντας

2060 3859 2152 3910 καὶ
2188 3856 2621 3929 μεγαλοπρεπῶς
2663 3856 3028 3924 ὲστεμμένους
3056 3854 3112 3919 ἐξ
3143 3848 3219 3906 ὧν
3248 3853 3624 3921 γνωρῖζοιντο,

2058 3952 2151 4002 καὶ
2186 3950 2286 4019 τὴν
2330 3950 2700 4017 νυμφαγωγὸν
2754 3951 3065 4018 πανήγυριν
3102 3945 3498 4015 ἀνυμνοῦντας·
3549 3943 3624 4003 ὡς

2058 4042 2301 4104 εἰκάσαι,
2360 4040 2527 4108 μηδὲν
2580 4042 2690 4091 τῶν
2740 4042 2798 4091 ἐν
2860 4037 3170 4105 ἀνθρώποις
3242 4039 3341 4103 τῆς
3399 4028 3627 4104 πομπῆς

2059 4132 2272 4199 ἐκείνης
2305 4132 2855 4201 σεμνοπρεπέστερον
2880 4130 3238 4189 καθεστάναι.
3301 4129 3363 4183 '0
3400 4129 3499 4197 μὲν
3532 4123 3628 4181 οὖν

2059 4223 2389 4292 Δημόφιλος,
2422 4223 2493 4274 τὰ
2532 4224 2673 4275 κατὰ
2707 4222 2930 4291 Ῥώμην
2956 4222 3314 4292 ἀναγφάφων,
3344 4220 3627 4289 Πλούταρ·

2059 4314 2154 4382 χόν
2189 4329 2325 4381 φησι
2357 4312 2447 4363 τὸν
2470 4310 2758 4379 Χαιρωνέα
2790 4310 2977 4377 σαφῶς
3005 4310 3201 4372 εἰπεῖν,
3242 4309 3316 4369 ὡς
3366 4308 3453 4359 διὰ
3496 4307 3627 4360 ταύ-

2060 4420 2159 4472 την
2196 4402 2367 4471 μόνην
2398 4401 2721 4453 ἐσπείσαντο
2744 4400 2884 4468 πρὸς
2942 4399 3183 4467 ἀλλήλας
3230 4402 3397 4469 ἀρετή
3429 4415 3486 4450 τε
3532 4401 3628 4450 καί

2057 4496 2217 4565 τύχη.
2253 4492 2398 4563 Ἐγὼ
2440 4493 2487 4546 δ’
2518 4494 2583 4546 ἂν
2614 4492 2801 4561 φαίην,
2832 4491 2908 4555 ὡς
2936 4494 3031 4546 καὶ
3056 4492 3337 4549 θεοσέϐεια
3396 4492 3493 4545 καὶ
3536 4493 3629 4542 εὑ-

383 4599 531 4643 serte
565 4588 769 4641 dixisse
804 4588 990 4655 refert,
1022 4598 1247 4657 propter
1271 4588 1441 4641 solam
1476 4587 1665 4641 urbem
1698 4588 1950 4654 Romam,

2060 4585 2312 4654 δαιμονία
2339 4584 2432 4637 ἐπὶ
2465 4584 2615 4654 μόνῳ
2639 4584 2930 4653 Μαυρικίῳ
2965 4582 3251 4652 συνῆλθον,
3306 4583 3407 4654 τῆς
3440 4584 3630 4636 θεοσε-

382 4681 642 4734 virtutem
688 4687 744 4732 et
793 4679 1063 4731 fortunam
1109 4678 1253 4731 inter
1296 4694 1355 4733 se
1399 4678 1581 4733 fmdus
1631 4680 1952 4748 pepigisse:

383 4786 486 4839 ego
505 4780 685 4822 autem
713 4768 963 4833 dixerim,
989 4783 1171 4822 veram
1197 4770 1362 4823 etiam
1398 4770 1455 4825 iu
1492 4770 1661 4822 Deum
1696 4770 1950 4838 pietatem

383 4872 435 4917 et
457 4860 794 4925 felicitatem,
834 4860 887 4914 in
919 4859 1036 4914 solo
1070 4860 1332 4914 Mauricio
1373 4861 1758 4929 conjunctione
1797 4862 1951 4925 inita,

381 4950 729 5013 convenisse,
773 4949 917 5018 quod
952 4950 1127 5018 pietas
1162 4950 1373 5003 scilicet
1421 4942 1736 5004 felicitatem
1770 4952 1825 5003 in
1851 4967 1951 5019 po-

383 5048 634 5094 testatem
660 5054 812 5094 suam
835 5038 1123 5106 redegerit,
1158 5037 1517 5107 eamdemque
1540 5055 1724 5094 errare.
1754 5050 1811 5095 et
1840 5041 1948 5094 labi

379 5146 607 5199 prorsus
637 5148 743 5184 non
808 5130 1141 5200 permiserit.
1192 5128 1384 5185 Postea
1441 5131 1604 5185 etiam
1664 5132 1956 5188 Mauricius

380 5225 519 5281 illud
577 5224 763 5277 studio
820 5224 1031 5287 habuit,
1080 5235 1139 5276 ut
1187 5238 1296 5276 non
1347 5222 1510 5277 modo
1541 5239 1792 5297 corpore,
1858 5225 1955 5280 sed

381 5317 572 5369 animo
616 5300 837 5384 quoque
881 5328 1178 5385 purpuram
1231 5323 1396 5382 atque
1425 5330 1683 5383 coronam
1714 5317 1955 5369 circum-

380 5409 573 5465 ferret.
620 5409 783 5463 Soius
837 5423 1073 5476 namque
1105 5422 1171 5459 ex
1199 5407 1477 5476 prioribus
1520 5407 1948 5477 imperatoribus

382 5500 486 5553 sibi
518 5499 621 5568 ipsi
652 5498 962 5568 imperavit,
997 5508 1053 5552 et
1097 5512 1260 5552 verus
1287 5514 1412 5552 cum
1434 5514 1643 5552 summa
1676 5510 1945 5569 potestate

449 5614 526 5683 (l)
558 5614 709 5667 Paul.
746 5612 1017 5683 Diaconos
1045 5625 1218 5683 annos
1262 5623 1469 5683 septem
1527 5612 1810 5666 Tiberium
1847 5617 1947 5670 im-

377 5681 600 5752 perasse
633 5683 824 5744 scribit
863 5681 1173 5750 :EVagrius
1229 5682 1404 5735 solum
1457 5698 1630 5737 annos
1684 5696 1943 5753 quatuor,

2062 4678 2213 4740 ϐείας
2241 4676 2580 4747 βιασαμένης
2613 4676 2673 4727 τὸ
2733 4675 3009 4745 εὔδαιμον,
3064 4676 3162 4727 καὶ
3196 4677 3627 4751 περιτρέπεσθαι

2059 4770 2406 4821 παντάπασιν
2465 4767 2564 4819 οὐκ
2594 4765 2875 4835 ἐνδούσης.
2922 4766 3260 4825 Ἰἐσπούδακε
3302 4768 3360 4819 δὲ
3416 4768 3625 4827 λοιπον,

2057 4863 2157 4914 οὐκ
2188 4864 2242 4913 ὲν
2270 4860 2345 4929 τῷ
2394 4859 2605 4929 σώματι
2636 4860 2816 4928 μόνον.
2862 4859 3001 4911 ἀλλα
3027 4858 3136 4928 γὰρ
3165 4860 3261 4913 καὶ
3293 4861 3351 4911 ἐν
3379 4864 3441 4928 τῇ
3476 4861 3626 4928 ψυχῇ

2058 4953 2449 5023 περιϐαλέσθαι
2494 4955 2593 5022 τὴν
2628 4953 2919 5019 ἁλουργίδα
2965 4969 3021 5004 τε
3077 4952 3289 5005 καὶτὸν
3338 4953 3623 5021 στέφανον·

2061 5049 2217 5117 μόνος
2246 5050 2341 5098 καὶ
2381 5049 2486 5115 γὰρ
2516 5045 2621 5097 τῶν
2648 5047 2834 5112 πρώην
2864 5044 3131 5113 βασιλέων
3175 5043 3373 5097 ἑαυτοῦ
3403 5044 3624 5113 βεϐασί·

2010 5157 2017 5165 ·
2055 5140 2236 5192 λευκε·
2260 5139 2357 5193 καὶ
2404 5138 2762 5205 αὐτοκράτωρ
2820 5137 2988 5198 ὅντως
3027 5136 3338 5204 γενόμενος,
3382 5139 3480 5206 τὴν
3513 5136 3623 5188 τῶν

2054 5232 2243 5285 παθῶν
2299 5231 2688 5301 ὀχλοκράτειαν
2735 5234 2797 5280 ἐκ
2850 5230 2949 5296 τῆς
2999 5231 3206 5290 οἰκείας
3258 5230 3621 5302 ὲξενηλάτησε

2055 5326 2251 5395 Ψυχῆςο
2285 5324 2714 5394 ἀριστοκρατίαν
2746 5322 2799 5373 δὲ
2832 5320 2945 5382 τοῖς
2972 5322 3168 5373 ἑαυτοῦ
3198 5326 3623 5392 καταστησάμε.

2057 5434 2145 5479 νος
2168 5416 2472 5484 λογισμοῖς,
2507 5412 2613 5470 ζῶν
2645 5412 2845 5489 ἀρετῆς
2879 5411 3102 5481 ἄγαλμα
3126 5413 3320 5466 ἑαυτὸν
3347 5415 3624 5484 παρέσχε-

2056 5527 2134 5575 το,
2166 5508 2302 5579 πρὸς
2341 5507 2573 5577 μίμησιν
2622 5504 2966 5557 ὲκπαιδεύων
3019 5505 3078 5557 τὸ
3140 5507 3416 5575 ὑπήκοον.
3450 5502 3620 5571 οὗτος

2058 5624 2091 5701 ii
2177 5643 2226 5679 v.
2266 5620 2502 5701 cap.?.5,
2544 5620 2613 5673 ita
2651 5630 2709 5673 ut
2760 5620 3006 5689 reliquos
3064 5630 3174 5676 tres
3222 5636 3343 5676 cum
3400 5620 3623 5678 Justiuo

2056 5708 2192 5760 Ηιιιιισ
2228 5700 2357 5748 ttl'li.
