4094 6202
417 296 526 358 34.5

1309 305 1900 369 ECCI.ESI.~\STIC:E
1941 313 2324 376 HISTORIA?
2366 319 2507 377 LIB.
2553 317 2776 383 XVI”.

3554 318 3662 380 346

413 412 710 484 τοιγαροῦν
739 415 800 468 τδ
827 416 924 485 μὲν
954 417 1291 488 πορρωτέρω
1325 425 1480 483 γένος
1511 423 1598 472 καῖ
1636 423 1872 490 τοῦνομα
1929 426 1988 476 ἔκ

2096 428 2349 494 princeps
2385 428 2774 485 oeblocratiam
2806 445 2901 484 seu
2953 428 3327 485 turbulentum
3364 427 3656 483 aﬂ‘ectuem

414 509 513 574 τῆς
548 507 934 578 πρεσϐυτέρας
985 498 1166 563 εἷλκε
1218 511 1457 582 Ῥώμης·
1490 516 1552 566 τὸ
1578 515 1633 567 δέ
1657 532 1720 581 γε
1777 534 1981 587 προσε-

415 600 508 668 χὲς
537 599 687 668 αὐτῷ
715 601 869 667 γένος
897 601 1224 671 Ἀραϐισσὸν
1264 606 1498 676 πατρίδα
1527 609 1898 678 ἐπεγράφετο,
1943 611 1978 680 ἡ

417 693 480 762 δὴ
508 693 602 746 τοῦ
651 692 1038 748 Καππαδοκῶν
1085 696 1272 760 ἔθνους
1302 698 1438 752 ὲστί.
1497 700 1781 770 Φρενήρης
1825 702 1881 753 δὲ
1907 701 1981 754 ὢν

417 784 556 854 ἀνὴρ
586 786 680 838 καὶ
711 785 970 854 ἀγχίνους
1001 786 1068 839 τὰ
1097 787 1354 856 μάλιστα,
1411 789 1648 861 ἀκριϐὴς
1686 791 1783 860 τὴν
1835 792 1980 844 δίαι·

415 894 517 929 ταν
537 878 634 930 καὶ
673 877 1049 948 ἀπεξεσμένος
1099 879 1386 950 ἐτύγχανε,
1431 884 1669 953 γαστρός
1724 901 1784 936 τε
1815 885 1982 953 ἐκρά-

418 984 502 1020 τει
532 970 646 1029 τοῖς
666 969 990 1036 ἀναγκαίοις
1024 970 1208 1038 μόνοις
1243 973 1338 1025 καὶ
1368 973 1716 1042 εὐπορίστοις
1761 977 1983 1045 χρώμε-

417 1075 526 1120 νος.
561 1058 845 1128 Ἀδόνητον
869 1059 915 1112 δ’
948 1059 1036 1130 ἐφ’
1057 1060 1263 1116 ἅπασιν
1319 1065 1516 1118 ἑαυτὸν
1567 1069 1848 1136 παρέχων,
1881 1069 1981 1131 τὰς

416 1150 692 1216 ἐντεύξεις
717 1154 828 1213 τοῖς
861 1152 1080 1216 πολλοῖς
1119 1156 1218 1218 οὐκκ
1241 1156 1570 1226 εὐπρόσοδος
1620 1155 1713 1228 ἦν,
1745 1160 1855 1213 οὐδ’
1887 1158 1985 1214 αὖ·

419 1240 503 1301 θις
532 1240 817 1310 ἀνειμένος
837 1243 936 1306 τὰς
963 1245 1159 1308 ἀκοάς⁶
1202 1246 1264 1299 τὸ
1296 1247 1396 1316 μὲν
1427 1251 1537 1318 γὰρ
1583 1252 1664 1314 είς
1721 1253 1986 1321 περιφρό-

421 1350 576 1401 νησιν
641 1334 788 1400 ἄγει,
828 1335 890 1387 τὸ
918 1335 976 1388 δὲ
1030 1339 1267 1407 πάροδον
1307 1340 1595 1409 ὑπανοίγει
1621 1344 1848 1416 θωπείᾳ.
1876 1347 1984 1399 Καὶ

417 1424 601 1477 τοίνυν
626 1425 725 1485 τὰς
753 1426 854 1494 μὲν
887 1429 967 1489 εἰς
1017 1430 1180 1482 αὐτὸν
1231 1432 1470 1495 εἰσόδους
1523 1435 1752 1498 σπανίας
1792 1437 1986 1504 παρεί-

417 1532 566 1583 χετο,
619 1518 715 1570 καὶ
767 1517 972 1582 ταύτας
1026 1523 1500 1592 έσπουδαςμένας·
1581 1527 1712 1596 περὶ
1773 1529 1830 1581 δὲ
1887 1528 1987 1592 τὰς

416 1608 588 1670 ἀκοὰς
625 1611 736 1667 τοῖς
797 1615 1075 1680 περιττοῖς
1121 1614 1216 1666 καὶ
1259 1615 1540 1683 ἀνονήτοις
1589 1620 1797 1683 ταύτας
1849 1621 1985 1674 ἀπέ-

417 1711 678 1763 φραττεν·
705 1696 766 1751 οὐ
807 1700 962 1768 κηρῷ
988 1701 1124 1752 κατὰ
1156 1702 1254 1766 τὴν
1289 1701 1529 1771 ποίησιν,
1566 1704 1710 1774 λόγῳ
1747 1707 1802 1758 δὲ
1849 1708 1982 1774 prii).-

415 1787 508 1838 λον
535 1785 611 1848 ὡς
637 1786 839 1856 ἄριστα
899 1789 1048 1842 κλεῖν
1098 1792 1288 1854 αὐταῖς
1319 1794 1411 1846 τὸν
1469 1797 1683 1866 καίριον
1712 1799 1872 1867 λόγον
1906 1797 1984 1854 εἴ·
2013 1779 2059 1837 Β

415 1896 505 1932 ναι
535 1879 704 1943 τιθεὶς
729 1919 745 1944 ,
776 1880 1012 1945 εὐθέτως
1064 1883 1122 1934 ὲν
1161 1888 1281 1947 ταῖς
1309 1886 1611 1952 διαλέξεσιν
1650 1891 1985 1960 ἀνοιγνῦσάν

413 1986 474 2020 τε
522 1969 643 2038 ἅμα
687 1973 781 2024 καὶ
821 1973 1245 2030 ἀποκλείουσαν.
1315 1980 1585 2046 ’Λμαθίαν
1635 1982 1692 2034 δὲ
1735 1984 1836 2054 τὴν
1886 1985 1981 2038 τοῦ

417 2060 654 2129 θράσους
681 2066 917 2132 μητέρα,
951 2067 1043 2117 καὶ
1071 2066 1274 2121 δειλίαν
1295 2069 1393 2139 τὴν
1433 2075 1836 2145 ἀπῳκισμένην
1888 2080 1982 2131 καὶ

417 2151 709 2222 σύνθρονον
753 2156 929 2226 ταύτῃ
979 2155 1154 2220 οὕτως
1186 2160 1470 2226 ἀπώσατο,
1519 2163 1593 2225 ὡς
1633 2164 1696 2216 τὸ
1732 2166 1832 2234 μὲν
1866 2185 1983 2220 κιν-

413 2242 655 2312 δύνευμα
681 2245 969 2301 εὐϐουλίαν
1002 2248 1165 2312 εἶναι,
1209 2253 1302 2305 τὸν
1333 2254 1388 2307 δὲ
1440 2255 1597 2310 δκνον
1654 2259 1978 2327 ἀσφάλειανο

413 2337 640 2406 ἀνδρίας
703 2340 761 2393 δὲ
813 2343 906 2396 καὶ
958 2346 1276 2413 φρονήσεως
1344 2352 1458 2412 τοῖς
1545 2356 1755 2424 καιροῖς
1829 2356 1984 2425 ὀχου-

419 2430 597 2496 μένων
656 2435 752 2487 καὶ
813 2437 911 2496 τὰς
977 2438 1134 2506 ἡνίας
1219 2444 1697 2510 πρυτανευόντων,
1765 2451 1902 2518 πρὸς
1956 2451 1984 2503 ὂ

417 2523 486 2582 ἂν
509 2526 790 2582 ἐπιτάττοι
819 2529 852 2584 ἠ
901 2530 1076 2598 χρεία.
1115 2532 1210 2584 καὶ
1260 2534 1360 2600 τὴν
1395 2535 1586 2604 ὕφεσιν
1610 2541 1706 2592 καὶ
1731 2541 1984 2594 ἐπίτασιν

413 2615 597 2670 αὐτῶν
629 2618 740 2671 τῶν
765 2621 974 2690 ὁρμῶν,
1008 2622 1193 2694 μέτρῳ
1223 2626 1328 2678 τινὶ
1352 2629 1444 2680 καὶ
1477 2628 1669 2701 ῥυθμῷ
1699 2632 1985 2700 γίγνεσθαι

414 2709 821 2778 παρεσκεύασε.
901 2759 916 2774 ,

2086 531 2285 574 statum
2329 538 2396 576 ex
2453 524 2636 576 animo
2667 524 2784 591 ipse
2818 539 2920 577 suo
2959 524 3145 594 ejecit,
3175 533 3338 593 atque
3368 521 3659 577 aristocra—

2086 615 2216 667 tiam
2260 616 2376 668 sive
2417 616 2764 684 Optimatium
2800 617 3246 685 gubernationem
3289 616 3343 669 in
3371 615 3660 683 cogitatio—

2086 706 2250 758 nibus
2299 706 2657 774 consiliisque
2696 707 2810 762 suis
2851 709 3161 768 constituit.
3195 706 3371 759 vivam
3413 705 3654 771 seipsum

2086 795 2304 848 virtutis
2343 805 2601 861 statuam,
2630 807 2689 849 ut
2716 796 2867 850 cives
2899 807 3063 864 atque
3093 794 3343 849 subditos
3373 794 3436 846 ad
3471 792 3655 844 imita-

2087 892 2287 944 tionem
2313 891 2398 945 sui
2427 891 2695 952 erudiret,
2729 891 3002 960 prtebens.
3027 889 3126 943 llic
3166 905 3368 943 nomen
3396 897 3452 942 et
3481 901 3656 956 genus

2085 983 2356 1035 vetustius
2402 995 2468 1035 ex
2514 981 2683 1035 veteri
2733 979 2902 1033 Roma
2959 980 3148 1044 traxit,
3204 977 3654 1048 propinquiorcm

2085 1083 2266 1128 autem
2298 1073 2672 1141 cognationem
2699 1087 2764 1125 ex
2791 1071 3047 1125 Arabisso
3079 1072 3253 1139 patria
3296 1069 3507 1129 habuit,
3533 1081 3655 1134 qua:

2087 1168 2262 1235 gentis
2302 1166 2694 1234 Cappadocum
2726 1175 2829 1218 est.
2857 1158 2979 1217 Fuit
3011 1172 3192 1216 autem
3227 1165 3309 1214 vir
3333 1160 3572 1230 prudens
3601 1169 3659 1212 et

2086 1260 2258 1312 solcrs
2283 1260 2537 1319 maxime,
2562 1258 2617 1309 in
2652 1257 2761 1309 vita
2794 1255 3114 1324 quOtidiana
3143 1263 3199 1307 et
3242 1254 3387 1306 victu
3427 1265 3657 1304 accura-

2070 1364 2174 1405 -tus
2203 1349 2522 1403 admodum.
2560 1348 2751 1404 Ventri
2790 1349 3016 1402 minime
3051 1345 3298 1409 indulsit,
3327 1342 3656 1396 necessariis

2089 1451 2295 1495 tantum
2326 1451 2382 1496 et
2409 1441 2715 1511 {rogalibus
2747 1442 2885 1495 cibis
2928 1455 3082 1500 usus,
3123 1439 3290 1508 820
3311 1445 3654 1498 constantem

2088 1550 2146 1589 se
2184 1545 2238 1589 et
2266 1536 2557 1589 immotum
2591 1536 2643 1588 iu
2666 1534 2831 1592 rebus
2848 1535 3105 1588 omnibus
3125 1531 3435 1602 praebuit.A
3467 1527 3657 1581 mullis

2087 1627 2224 1680 adiri
2265 1642 2324 1681 se
2352 1635 2408 1681 et
2436 1627 2720 1681 conveniri
2754 1641 2860 1680 non
2895 1626 3050 1679 facile
3077 1637 3272 1691 passus
3304 1631 3387 1676 est
3415 1660 3428 1683 ,
3477 1634 3656 1687 neque

2089 1719 2142 1772 in
2202 1718 2516 1772 hominibus
2570 1717 2857 1770 audiendis
2910 1717 3212 1771 dissolutus
3249 1726 3344 1768 aut
3391 1712 3657 1768 remissus

2089 1810 2214 1863 fuit.
2271 1809 2518 1864 Alterum
2565 1809 2709 1863 enim
2758 1818 3130 1876 contemptum
3183 1808 3368 1870 altert,
3423 1806 3655 1858 alterum

2090 1910 2273 1953 autem
2330 1898 2688 1952 assentatioui
2746 1898 2953 1951 aditum
3009 1897 3234 1965 prabet.
3289 1897 3478 1962 Itaque
3543 1909 3655 1946 nou

2091 1993 2426 2061 frequenter,
2466 2002 2520 2046 et
2573 2000 2783 2046 tantum
2829 1992 2896 2045 de
2926 1990 3095 2044 rebus
3143 1989 3404 2058 gravibus
3436 1997 3660 2040 acturos

2089 2083 2154 2139 ad
2191 2098 2248 2138 se
2281 2083 2531 2136 homines
2555 2082 2796 2145 admisit,
2829 2091 2881 2136 et
2906 2097 3068 2134 aures
3101 2079 3452 2134 sermonibus
3485 2075 3657 2130 inuti-

2089 2176 2234 2229 libus
2271 2183 2326 2228 et
2365 2175 2529 2228 fatuis
2563 2175 2761 2229 clausit
2815 2184 2868 2228 et
2903 2173 3220 2226 obturavit:
3269 2185 3374 2222 non
3409 2183 3533 2221 cera
3566 2168 3659 2220 ille

2089 2271 2329 2337 quidem,
2362 2271 2507 2324 sicut
2559 2268 2702 2337 apud
2742 2277 2928 2336 poetas
2968 2275 3072 2328 est,
3105 2265 3198 2318 sed
3229 2264 3444 2316 ratione
3472 2263 3659 2328 potius

2091 2377 2254 2429 quam
2284 2358 2724 2413 commodissime
2765 2367 3022 2425 tauquam
3059 2355 3290 2416 clavem,
3323 2352 3403 2406 sic
3453 2362 3659 2418 oppor-

2093 2453 2379 2506 tunitatem
2424 2467 2549 2506 cum
2596 2449 2761 2504 modo
2810 2449 3160 2516 conjunctam
3205 2445 3314 2499 illis
3345 2444 3653 2511 imponens,

2091 2562 2213 2614 quze—
2259 2547 2311 2598 iu
2359 2544 2650 2612 colloquiis
2702 2551 2850 2597 recte
2900 2550 2956 2595 et
2991 2539 3310 2608 tempestive
3341 2532 3654 2589 sermonem

2089 2638 2332 2702 aperiret
2363 2635 2525 2688 simul
2553 2644 2608 2688 et
2632 2633 2938 2689 clauderet.
2969 2631 3242 2686 lnscitiam
3274 2641 3426 2687 vero,
3451 2625 3660 2696 jactan-

2093 2733 2178 2782 tizc
2201 2739 2255 2782 et
2297 2728 2596 2782 ieroeitatis
2626 2739 2927 2798 parentem,
2963 2724 3420 2790 timiditatcmque
3451 2718 3657 2772 sociam

415 2802 537 2871 ejus
559 2813 614 2857 et
649 2806 928 2874 comitem,
961 2807 1090 2863 itaa
1123 2825 1182 2864 se
1246 2811 1454 2881 rejecit,
1529 2824 1583 2868 ut
1646 2831 1828 2870 rerum
1896 2823 2226 2886 agendo-um
2275 2826 2550 2893 aggressio
2607 2824 2744 2877 bene
2785 2823 2948 2890 empti
3005 2818 3260 2877 consilii,
3323 2811 3663 2869 intermissio

411 2905 594 2949 autem
653 2905 710 2950 et
768 2899 993 2954 tarditas
1031 2911 1193 2956 certae
1251 2904 1564 2960 securitatis
1616 2918 1786 2972 esset,
1845 2927 1968 2964 cum
2033 2912 2257 2967 interim
2301 2914 2570 2967 fortitudo
2643 2922 2698 2968 et
2744 2912 3030 2982 prudentia
3054 2924 3114 2964 se
3193 2907 3261 2960 ad
3292 2915 3508 2973 tempus
3560 2916 3652 2954 ac-

413 2989 848 3055 commodarent,
878 3005 934 3048 et
960 2997 1328 3064 gubernacula
1357 3001 1424 3054 ad
1458 3018 1546 3055 res
1585 3019 1649 3056 ex
1689 3020 1786 3058 usu
1853 3007 2120 3074 gerendas
2166 2989 2581 3072 converterent,
2625 3007 3119 3075 remissionemque
3169 3011 3338 3071 atque
3389 2995 3669 3052 intentin

412 3099 540 3148 nem
573 3095 903 3156 empturum,
948 3098 1004 3144 ut
1041 3091 1418 3150 moderatione
1465 3098 1700 3167 quadam
1728 3108 1784 3154 et
1811 3099 2007 3158 ordine
2039 3103 2480 3167 instituerentur,
2512 3111 2788 3157 curarent,

1013 3233 1266 3292 ΚΕΦΔΛ.
1305 3234 1382 3290 9'.

414 3325 574 3378 ⁸0ιά
625 3324 845 3394 σημεῖα
879 3329 1186 3410 Μαγφικίῳ
1249 3329 1365 3396 τὴν
1383 3330 1598 3410 ,ἀρχὴν
1652 3333 1811 3400 αὐτῷ
1838 3353 1989 3404 μνη·

800 3400 1135 3466 στὲυόμενα
1165 3401 1612 3468 προηγήσαντο.

487 3509 678 3577 Τούτῳ
721 3511 776 3563 δὲ
803 3511 909 3582 ἄρα
946 3514 1041 3565 καὶ
1070 3513 1262 3566 πολλαὶ
1286 3511 1582 3586 θεοσημίαι
1608 3519 1857 3586 ἐγένοντο
1887 3521 1988 3592 τὴν

417 3605 698 3671 βασιλείαν
731 3605 923 3672 ὥσπερ
953 3605 1370 3675 προμνώμεναι.
1404 3609 1514 3661 Καὶ
1543 3609 1650 3680 γὰρ
1673 3612 1763 3663 ἐπὶ
1792 3612 1986 3682 πόρρω

415 3697 649 3760 νυκτῶν,
682 3695 828 3748 ἔνεον
846 3696 957 3749 τῶν
987 3697 1306 3766 ἀνακτόρων
1366 3699 1736 3769 ἐπιθυμιῶντι
1786 3702 1881 3755 τὸν
1913 3705 1989 3756 ls-

420 3790 512 3859 ρδν
533 3785 681 3841 οἶκον
707 3791 806 3857 τῆς
837 3787 1203 3859 Θεομήτορος,
1228 3790 1286 3852 ὃς
1315 3791 1410 3844 τοῦ
1432 3791 1814 3847 Ἰουστινιανοῦ
1852 3798 1990 3866 πρὸς

418 3882 530 3934 τῶν
581 3880 907 3950 Ἀντιοχέων
949 3881 1238 3949 έπῗκλησιν
1276 3881 1429 3952 ἔσχε,
1468 3885 1526 3937 το
1573 3887 1774 3940 πέπλον
1817 3881 1862 3956 ᾧ
1891 3890 1988 3959 τὴν

419 3973 635 4043 θυωρὸν
665 3973 999 4042 ἀμφιέννυσι
1031 3973 1334 4044 τράπεζαν,
1404 3977 1774 4050 πυρίφλεκτον
1831 3996 1992 4050 γεγο-

421 4069 597 4120 νέναιο
625 4066 701 4129 ὡς
733 4066 833 4120 καὶ
890 4066 1024 4137 πρὸς
1059 4065 1325 4136 ἔκπληξιν
1384 4071 1480 4130 καὶ
1512 4070 1723 4145 θάμϐος
1784 4071 1991 4141 ἥκοντα

422 4161 515 4212 τδν
592 4160 907 4232 Μαυρίκιον
967 4163 1143 4216 δεῖσαι
1206 4163 1268 4214 τὸ
1318 4162 1502 4231 ἔργον·
1551 4163 1882 4233 παρεστῶτα
1933 4164 1991 4218 δὲ

425 4253 730 4322 Γρηγόριον
751 4253 844 4306 τὸν
873 4255 970 4323 τῆς
996 4255 1203 4318 πόλεως
1232 4255 1520 4324 ἱεράρχην,
1546 4256 1714 4322 φάναι
1747 4255 1894 4310 θεῖόν
1938 4274 1993 4308 τι

423 4351 483 4402 τι,
511 4349 700 4418 χρῆμα
734 4343 844 4400 slva
859 4365 900 4413 ι,
931 4346 1025 4399 καί
1069 4364 1195 4400 τινα
1223 4347 1280 4401 δὲ
1348 4347 1634 4414 ξενίζοντα
1680 4348 1775 4402 καὶ
1811 4347 1994 4421 ἔξοχα

426 4439 786 4512 προμηνύειν.
826 4438 937 4492 Καὶ
980 4439 1169 4492 ἄλλοτε
1201 4439 1258 4491 δὲ
1296 4441 1442 4493 κατὰ
1471 4443 1571 4511 τὴν
1610 4439 1684 4492 Em
1713 4440 1992 4508 διάγοντα,

424 4531 658 4599 Χριστὸν
686 4528 834 4599 αὐτῷ
872 4530 924 4582 οἱ
970 4530 1302 4598 ἐπιφανῆναι
1356 4529 1504 4602 ῦπαρ
1566 4534 1660 4584 καὶ
1715 4533 1994 4600 ἐκδίκησιν

2686 3240 2913 3296 CAPUT
2955 3239 3044 3292 IX.

2162 3333 2292 3404 Quw
2322 3336 2581 3404 prwsagiu
2633 3331 2985 3404 pra-cedentia
3017 3327 3279 3381 Mauricio
3311 3324 3586 3391 imperiam

2686 3401 3068 3469 portendcriul.

2163 3518 2412 3587 Prodigia
2447 3531 2664 3585 quoque
2712 3514 2974 3568 divinitus
3009 3511 3277 3575 accidere,
3322 3524 3440 3578 quin
3484 3508 3664 3576 impeu

2093 3613 2232 3665 rium
2266 3610 2528 3665 Mauricio
2558 3608 2978 3678 portenderunt.
3009 3604 3066 3658 In
3099 3604 3327 3658 multam
3377 3601 3524 3656 enim
3561 3615 3666 3653 no-v

2091 3716 2231 3758 ctcm
2285 3718 2398 3756 rem
2447 3701 2685 3756 divinam
2743 3715 2808 3752 eo
2855 3697 3123 3759 faciente,
3164 3703 3328 3762 atque
3368 3692 3660 3746 incensum

2091 3797 2374 3859 oﬂ'creute,
2433 3775 2485 3847 in
2530 3792 2750 3847 basilica
2795 3791 2936 3846 sacri
2970 3788 3064 3844 Dei
3102 3786 3398 3843 chitricis
3443 3783 3663 3853 templi.

2093 3889 2236 3958 quod
2269 3904 2295 3940 a
2326 3886 2632 3942 .lustiuiano
2664 3885 2806 3954 apud
2834 3882 3207 3938 Autioehenos
3240 3894 3438 3934 nomen
3467 3876 3666 3938 habet.

2092 3981 2274 4035 velum
2317 3994 2427 4048 quo
2486 3989 2833 4032 sacrosanCIa
2893 3991 3083 4029 mensa
3146 3972 3477 4042 contegitur,
3529 3970 3661 4039 igne

2092 4073 2490 4140 comprehenso
2525 4069 2681 4130 arsit,
2722 4069 2794 4122 ita
2845 4078 2905 4122 ut
2931 4068 2984 4121 in
3015 4077 3296 4137 stuporem
3322 4075 3376 4119 et
3404 4071 3660 4118 conster-

2095 4163 2368 4216 nationem
2401 4159 2686 4229 conjectus
2727 4157 3022 4212 Mauricius
3092 4155 3159 4210 ad
3191 4171 3309 4210 eam
3343 4169 3456 4208 rem
3497 4169 3663 4221 expa-

2095 4263 2364 4307 vesceret.
2416 4249 2713 4320 Gregorius
2759 4258 2941 4303 autem
2996 4247 3149 4300 urbis
3182 4248 3302 4317 ejus
3348 4245 3670 4309 bicrareba,

2095 4343 2191 4412 qui
2222 4342 2294 4396 ibi
2325 4355 2562 4411 praesens
2591 4341 2822 4405 astabat,
2857 4337 3106 4392 divinum
3137 4337 3399 4406 quiddam
3437 4336 3487 4389 id
3517 4351 3665 4397 esse,

2097 4443 2260 4502 atque
2291 4448 2380 4486 res
2400 4447 2571 4485 noras
2601 4441 2653 4486 et
2681 4431 2946 4485 sublimes
2974 4430 3299 4484 denuntiare
3337 4428 3492 4481 dixit.
3525 4426 3666 4480 Cum

2097 4542 2230 4579 vero
2272 4525 2325 4578 in
2368 4524 2592 4579 Oriente
2631 4523 2926 4593 aliquando
2967 4522 3266 4578 Mauricius
3289 4527 3456 4586 esset,
3501 4518 3669 4575 Chri-

424 4594 626 4689 ζητεῖν.
656 4594 843 4690 Ὅπερ.
866 4594 1124 4691 ἇντκρυς
1159 4594 1440 4688 βασιλείαν
1463 4594 1688 4694 ..ἐδήλου
1747 4594 1989 4694 προμνη-

2100 4631 2218 4672 σιυε
2249 4616 2300 4671 ei
2338 4617 2584 4686 vigilanti
2643 4615 2934 4675 manifesto
2973 4615 3252 4685 apparuit,
3305 4612 3452 4668 etab
3492 4627 3578 4674 co,
3611 4620 3670 4665 ut

425 4713 769 4781 στευόμινον.
801 4697 959 4780 Παρὰ
990 4712 1134 4774 τίνος
1171 4711 1282 4782 γὰρ
1309 4711 1375 4765 ἂν
1423 4713 1665 4783 Χριστὸς
1709 4715 1993 4784 ἐκδίκησιν

424 4806 640 4875 ἧπαρά
698 4803 989 4875 βασιλέως,
1035 4805 1130 4857 καὶ
1178 4804 1352 4867 οὕτως
1377 4806 1433 4866 ἐς
1494 4806 1656 4858 αὐτὸν
1713 4805 1990 4869 εὐσεϐοῦς,

421 4899 684 4968 ἐζήτησεν
707 4897 981 4963 animi.
1029 4895 1272 4966 ἕτεραδὲ
1315 4896 1442 4962 ἀξια
1491 4897 1648 4964 λόγου
1718 4898 1812 4950 καὶ
1853 4900 1901 4951 ot
1933 4899 1992 4960 ἐς

423 4990 538 5058 φῶς
566 4989 732 5040 αὐτὸν
764 4988 1178 5060 προαγαγόντες
1211 4987 1566 5057 ἀνήγγειλαν.
1621 4992 1677 5041 ’0
1731 4992 1832 5060 μὲν
1884 4993 1994 5065 γάρ

422 5081 604 5152 πατὴρ
631 5081 818 5148 αὐτοῦ,
857 5082 946 5136 ὅτε
981 5083 1179 5154 γεννᾷν
1235 5083 1398 5135 αὐτὸν
1430 5083 1678 5151 ἔμελλεν,
1733 5086 1864 5156 ὄναρ
1895 5103 1994 5155 με·

431 5176 617 5244 τὶστην
654 5175 782 5228 ίδεῖν
809 5175 1056 5244 ἄμπελον
1108 5175 1297 5242 ἔλεγεν
1335 5177 1401 5228 ἐκ
1435 5177 1533 5246 τῆς
1588 5177 1754 5230 αὐτοῦ
1809 5178 1996 5247 κοίτης

423 5265 781 5335 ιναδραμεῖν,
832 5265 1028 5337 βότρυς
1085 5285 1145 5320 τε
1209 5268 1560 5339 παμπληθεῖς
1617 5270 1710 5321 καὶ
1760 5269 1999 5338 ὡραίους

425 5356 577 5425 μάλα
609 5358 807 5425 ἀθρόον
847 5359 1277 5431 ἀναϐλαστῆσαι,
1319 5362 1416 5414 καὶ
1446 5362 1763 5431 περικύκλῳ
1787 5364 2001 5415 ἀπαιω-

427 5452 616 5517 ἕιῆσαιο
663 5451 731 5503 Ἦ
760 5452 819 5504 δέ
862 5467 925 5517 γε
960 5454 1145 5522 μήτηρ
1193 5453 1338 5506 κατὰ
1399 5452 1490 5505 τὸν
1541 5453 1635 5506 τοῦ
1671 5455 1851 5518 τόκουῖ
1879 5471 1999 5506 και-

428 5542 520 5609 ειὶν
567 5545 632 5594 ἐκ
692 5544 794 5611 γῆς
861 5544 1320 5608 ξενίζουσάντινι
1366 5549 1462 5600 καὶ
1520 5547 1994 5616 παρηλλαγμένην

428 5636 610 5701 ὲ·.’λ.εγεν
639 5637 868 5690 εὐωδίαν
914 5641 1278 5710 ἀναρῤυῆναι.
1347 5644 1456 5696 Καὶ
1511 5643 1571 5694 τὸ
1621 5642 1865 5708 γραῶδες
1927 5641 1992 5710 δὴ

424 5727 582 5780 τοῦτο
619 5727 718 5784 καὶ
766 5730 888 5797 ἐμοὶ
926 5731 1058 5789 τὲως
1099 5731 1325 5784 ἄπιστον
1362 5732 1697 5805 προδετίθει,
1731 5731 1990 5793 πολλάκις

2098 4711 2459 4771 contumelias
2480 4709 2585 4764 sibi
2619 4709 2796 4764 illatas
2829 4709 3155 4773 vindicaret,
3190 4707 3363 4776 petiit.
3383 4705 3515 4771 Qua:
3533 4720 3669 4758 sane

2097 4813 2246 4860 certa
2275 4804 2342 4858 de
2369 4803 2599 4872 imperio
2625 4805 2744 4872 ejus
2777 4803 3039 4856 divinatio
3070 4803 3193 4855 fuit.
3224 4800 3270 4854 A
3297 4815 3405 4868 quo
3431 4815 3672 4871 namque

2097 4898 2352 4958 Christus
2403 4896 2728 4957 vindictam.
2776 4906 3143 4966 praeterquam
3189 4895 3256 4948 ab
3312 4897 3668 4964 imperaturo,

2100 5000 2282 5063 atque-
2302 5005 2369 5044 co
2400 4998 2685 5056 tantopere
2716 4988 2771 5041 in
2818 4987 2972 5040 illum
3029 4988 3140 5055 pio,
3173 4985 3495 5056 exigendam
3525 4985 3674 5048 ema-

2100 5081 2344 5152 gitaret?
2399 5079 2513 5133 Alia
2573 5089 2834 5148 praetcrea
2891 5078 3054 5147 821
3108 5087 3412 5133 memoratu
3471 5078 3671 5147 digna,

2101 5173 2191 5242 qui
2222 5186 2349 5226 eum
2399 5171 2454 5224 in
2497 5171 2674 5225 lucem
2711 5171 3111 5240 produxerunt,
3161 5171 3229 5224 de
3272 5187 3336 5224 eo
3393 5171 3670 5224 renuntia-

2102 5272 2247 5316 runt.
2310 5263 2472 5317 Pater
2532 5278 2766 5332 namque
2820 5263 3046 5326 retulit,
3098 5279 3222 5317 eum
3286 5275 3675 5332 procrea'urus

2101 5372 2227 5410 eum
2257 5363 2421 5418 esset,
2465 5355 2519 5407 in
2549 5350 2769 5409 30mins
2819 5371 2877 5409 se
2913 5356 3204 5407 maximam
3243 5356 3410 5407 vitem
3447 5353 3673 5414 vidisse,

2102 5464 2222 5516 qua:
2245 5463 2309 5501 ex
2329 5447 2588 5513 cubiculo
2615 5462 2714 5501 suo
2753 5459 2871 5500 orta
2912 5447 3224 5512 emerserit,
3249 5444 3539 5512 omnisth
3576 5458 3672 5511 ge-

2100 5541 2248 5594 neris
2289 5547 2535 5594 maturos
2582 5541 2768 5593 botros
2819 5540 3175 5594 circumcirca
3211 5535 3512 5606 pendentes
3549 5549 3673 5600 pro-

2101 5633 2305 5687 tulerit.
2366 5632 2542 5685 Matcr
2586 5649 2714 5686 vero
2759 5633 2874 5700 ipsa
2931 5643 3122 5700 partus
3170 5641 3433 5696 tempore,
3462 5642 3491 5679 c
3526 5635 3672 5678 terra

2099 5743 2299 5782 novum
2331 5728 2622 5796 quemdam
2675 5738 2729 5781 et
2764 5725 3064 5780 variantcm
3117 5722 3404 5781 suavitatis
3446 5720 3674 5778 udurcm
