4100 6216
489 317 594 382 34Ἱ

1707 311 2122 373 NICEPHOBI
2163 309 2502 369 CALLlSTl

3645 307 3749 369 358

495 433 766 490 redditum
805 447 925 488 esse
984 431 1141 497 dixit,
1173 431 1303 486 illud
1345 431 1569 500 insuper
1592 468 1608 494 ,
1636 429 1783 500 quod
1815 426 2056 483 anicula-

2183 425 2391 491 ,ὲγουσα
2427 425 2518 475 καὶ
2548 423 2648 492 τὴν
2690 423 2758 491 ἦν
2792 439 2969 490 φασιν.
3007 424 3362 490 Ἔμπουσαν,
3411 420 3557 474 Γιλὼ
3617 422 3664 474 δ’
3686 423 3751 475 ἂν

495 543 618 581 rum
653 537 758 588 est,
805 535 862 580 et
904 523 1036 577 mihi
1072 539 1238 593 prope
1291 523 1632 587 incredibile,
1671 521 1900 587 addens,
1934 536 2061 590 per-

495 633 638 686 saepe
669 632 789 670 eam
836 631 956 684 quae
1005 614 1244 684 Empusa
1280 625 1529 679 vocatur,
1592 613 1733 668 alius
1779 628 1911 668 vero
1940 611 2061 666 Gdo

494 707 717 772 dixerit,
767 706 1028 761 infantem
1055 722 1122 761 ex
1153 705 1411 761 cubiculo
1431 745 1448 769 ,
1486 706 1654 760 veluti
1681 721 1806 761 eum
1831 705 2063 760 devora-

497 810 698 861 turam,
739 797 998 852 extulisse
1029 839 1044 862 ,
1079 796 1216 850 nihil
1242 805 1421 850 tamen
1455 795 1768 850 detrimenti
1791 796 1841 850 ei
1861 795 2062 848 all‘erre

498 887 761 956 potuisse.
790 886 834 952 ρ
858 888 932 941 :in
975 895 1050 941 et-
1089 887 1324 957 Symeon
1363 887 1470 948 ille.
1519 887 1612 954 qui
1670 901 1837 956 pr0pe
1873 886 2066 940 Antio-

497 978 676 1032 chiam
703 980 994 1032 stationem
1027 977 1081 1032 in
1119 978 1375 1032 columna
1409 977 1628 1038 habuit,
1671 986 1936 1045 quantum
1970 976 2062 1030 vix

499 1069 638 1122 alius
680 1069 993 1138 quisquam,
1041 1068 1203 1123 bonis
1247 1067 1509 1136 operibus
1550 1066 1873 1136 peragendis
1919 1081 2067 1120 com-

501 1159 872 1222 modissimus,
902 1169 959 1213 et
990 1159 1138 1213 omni
1183 1159 1444 1213 virtutum
1485 1173 1684 1227 genere
1709 1158 2062 1219 clarissimus.

506 1266 614 1305 non
638 1251 800 1304 modo
841 1253 1009 1306 multa
1053 1268 1149 1320 per
1181 1251 1572 1304 divinationem
1605 1249 1762 1312 dixit,
1803 1248 1898 1304 sed
1939 1248 2069 1302 fecit

505 1341 692 1407 etiam,
733 1358 857 1412 qua:
901 1343 1190 1412 imperium
1224 1344 1342 1412 ejus
1392 1341 1768 1410 designarunt.
1808 1338 2066 1394 Sedenim

505 1433 706 1486 talibus
734 1434 1058 1501 parentibus
1098 1442 1415 1502 procreatus
1437 1472 1450 1494 .
1484 1442 1647 1501 atque
1676 1433 1740 1484 ad
1775 1431 1922 1485 hunc
1952 1445 2068 1484 mo-

505 1524 637 1576 dum
667 1524 931 1578 educatus
957 1523 1120 1579 simul
1150 1534 1206 1579 et
1251 1523 1465 1587 doetus,
1494 1522 1616 1576 talis
1645 1521 1808 1576 etiam
1837 1537 2070 1590 sponsus

506 1625 563 1668 et
590 1615 864 1684 princeps,
908 1615 1170 1684 Augusta,
1193 1630 1316 1683 quae
1339 1626 1395 1668 et
1414 1612 1770 1668 Constantina
1799 1612 2069 1682 appellata

504 1714 610 1768 est,
639 1720 810 1759 uxore
838 1705 1062 1758 domum
1105 1705 1268 1759 ducta
1304 1705 1480 1758 factus
1501 1745 1516 1770 ,
1552 1703 1848 1758 Mauricius
1869 1703 1936 1757 ad
1967 1703 2070 1756 im-

512 1798 723 1867 perium
784 1800 1054 1867 pervenit.
1108 1798 1254 1866 Quas
1299 1815 1430 1854 vero
1472 1799 1638 1853 etiam
1699 1814 1784 1853 res
1817 1800 2068 1869 gesserit,

511 1889 737 1944 histJria
773 1890 911 1960 ipsa,
946 1891 1134 1945 divino
1175 1891 1480 1960 opitulante
1529 1891 1754 1953 auxilio.
1795 1890 2070 1946 ostendet.

1127 2005 1352 2060 CAPUT
1393 2004 1462 2059 Χ.

513 2093 586 2146 De
625 2093 902 2148 clementia
933 2105 981 2147 et
1013 2095 1377 2148 misericordia
1425 2092 1698 2156 Mauricii,
1730 2101 1780 2144 et
1801 2093 1866 2144 de
1896 2093 2068 2146 admi-

856 2167 1167 2218 nistratione
1205 2164 1390 2216 bellica
1429 2163 1721 2231 Philippici.

581 2276 718 2330 |.lud
757 2277 922 2343 igitur
969 2275 1020 2330 ei
1070 2278 1124 2329 in
1169 2275 1360 2342 primis
1403 2275 1584 2329 studio
1617 2274 1740 2338 fuit,
1779 2283 1838 2328 ut
1874 2290 1941 2329 ne
1970 2275 2074 2328 ali-

509 2373 666 2440 cujus
695 2374 788 2439 qui
818 2372 1208 2439 perduellionis
1228 2379 1282 2424 et
1307 2370 1445 2424 laesa:
1470 2361 1769 2439 maiestatis
1801 2386 1927 2424 reus
1953 2385 2076 2440 age.-

512 2471 690 2522 n-tur,
757 2461 1075 2529 sanguinem
1139 2460 1469 2514 eﬁ‘underet.
1521 2460 1614 2514 Sic
1645 2461 2074 2514 Alamundarum

513 2555 857 2604 Scenitarum
893 2553 1252 2605 Barbarorum
1294 2552 1516 2616 ducem,
1556 2552 1649 2620 qui
1682 2551 2075 2618 rempublicam

512 2644 846 2714 prodiderat.
889 2660 994 2697 non
1039 2645 1334 2708 interiecit,
1377 2645 1471 2698 sed
1516 2660 1618 2696 Una
1654 2659 1776 2697 cum
1817 2657 1984 2695 uxore
2022 2653 2078 2696 et

514 2737 703 2790 liberis
758 2736 1084 2805 quibusdam
1142 2736 1195 2788 in
1235 2736 1465 2790 insulam
1515 2735 1752 2789 Siciliam
1800 2734 2074 2802 deportari

521 2829 795 2899 praecepit.
845 2827 991 2882 Idem
1039 2827 1150 2881 lilio
1181 2829 1301 2896 ejus
1342 2827 1602 2881 Naamaui
1649 2827 1798 2887 fecit,
1836 2827 1928 2894 qni
1965 2841 2078 2878 ma-

519 2919 641 2974 cula
685 2935 908 2989 prorsus
956 2927 1013 2972 et
1054 2917 1315 2986 probrum
1360 2918 1537 2972 civilis
1587 2915 2078 2991 administrationis

519 3013 642 3078 iuit,
672 3023 727 3066 rt
751 3013 1147 3082 quamplurima
1190 3011 1392 3080 ﬂagitia
1435 3010 1489 3063 in
1533 3018 1820 3078 utramque
1854 3006 2079 3061 Phaeni-

2161 516 2320 578 ἄλλος
2343 515 2510 575 είποι,
2538 513 2640 582 τῆς
2701 514 2891 582 κοίτης
2948 514 3270 581 μεταθεῖναι
3331 515 3392 565 τ’)
3438 512 3647 580 βρέφος
3675 513 3751 574 ὡς

2161 607 2321 660 τοῦτο
2356 605 2693 676 βρὼξουσαν,
2754 605 3028 674 μηδαμῶς
3071 605 3127 656 δὲ
3185 604 3524 671 δυνηθεῖσαν
3586 603 3751 656 τοῦτο

2161 695 2524 766 λυμήνασθαι.
2581 694 2742 748 Ἀλλὰ
2777 694 2872 747 καὶ
2936 694 3241 763 Συμεώνης
3295 695 3506 754 ἐκεῖνος
3564 692 3593 742 ό
3651 693 3752 757 τῆς

2163 789 2436 857 ’Δντιόχου
2464 788 2631 853 ἐγγὺς
2663 786 2766 854 τὴν
2809 786 2903 839 ἐπὶ
2933 786 3114 844 κίονος
3176 785 3376 837 στάσιν
3438 785 3755 849 πεποιημέ-

2163 897 2273 943 νος,
2296 876 2750 949 πρακτικώτατος
2777 877 2936 946 εἰπερ
2970 893 3055 939 τις
3086 876 3412 944 γενόμενος,
3474 873 3568 925 καὶ
3618 875 3744 930 ταῖς

2165 969 2486 1038 ἐπαλλήλοις
2516 967 2626 1020 τῶν
2655 967 2870 1035 ἀρετῶν
2906 967 3341 1035 ἐπισημότατος,
3393 964 3574 1017 πολλὰ
3620 981 3748 1016 τινα

2165 1059 2341 1128 τούτῳ
2360 1060 2420 1112 οὐ
2463 1060 2825 1130 προςφοίϐασε
2852 1059 3039 1126 μόνον,
3066 1057 3201 1110 ἄλλα
3233 1057 3330 1110 καὶ
3376 1054 3615 1126 ἔπραξε,
3644 1057 3752 1123 τὴν

2171 1153 2441 1222 βασίλειον
2495 1152 2674 1220 ἀρχὴν
2755 1149 3197 1220 μνηστευόμενα.
3284 1147 3450 1199 Ἀλλὰ
3502 1146 3753 1207 τοιοῦτος

2170 1236 2271 1304 μὲν
2301 1239 2330 1289 ό
2359 1238 2686 1304 Μαυρίκιος·
2715 1237 2804 1302 ιὲκ
2836 1236 3097 1289 τοιούτων
3151 1234 3211 1287 δὲ
3281 1237 3377 1286 καὶ
3422 1233 3568 1286 οὕτω
3613 1251 3750 1302 τρα-

2169 1326 2291 1395 φείς
2322 1344 2380 1379 τε
2414 1327 2532 1395 ἅμα
2573 1327 2666 1379 καὶ
2704 1327 3040 1388 παιδευθεὶς,
3078 1324 3272 1378 τοῦτον
3301 1325 3396 1378 τὸν
3418 1325 3624 1393 τρόπον
3654 1326 3753 1377 ml.

2169 1417 2401 1486 νυμφίος
2427 1417 2539 1487 ἅμα
2569 1419 2662 1472 καὶ
2695 1417 2953 1486 βασιλεὺς
2983 1420 3075 1469 ἐπὶ
3109 1419 3210 1487 τὴν
3264 1416 3565 1484 ἐπίφθονον
3601 1433 3753 1484 παρ-

2169 1509 2332 1578 ἢλθεν
2382 1509 2598 1579 ἀρχὴν,
2647 1510 2968 1576 Δῦγούσταν
3025 1509 3124 1576 τὴν
3175 1509 3270 1560 καὶ
3328 1509 3752 1560 Κωνσταντίναν

2171 1601 2620 1670 εἰσοικισάμενος.
2657 1601 2722 1654 Τί
2751 1601 2809 1652 δὲ
2837 1600 2947 1669 ἄρα
2975 1600 3067 1651 καὶ
3109 1599 3264 1668 αὐτῷ
3303 1595 3642 1667 διεπράχθη,
3679 1596 3751 1649 τὰ

2171 1689 2408 1758 καθεξῆς
2434 1691 2530 1760 τῆς
2581 1691 2821 1762 ἱστορίας
2847 1691 3105 1762 δηλώσειι
3165 1691 3267 1760 τῆς
3299 1689 3455 1754 Θείας
3506 1691 3754 1760 ἡγουμέ-

2173 1783 2276 1850 νης
2288 1782 2481 1853 ῥοπῆς.

2779 1981 3031 2036 ΚΕΦΑΛ.
3070 1979 3125 2036 1’.

2176 2080 2314 2143 Περ.
2372 2093 2482 2142 της
2535 2076 2910 2142 συμπαθείας
2946 2074 3298 2140 Μαισρικίου,
3349 2076 3609 2144 καὶπερὶ
3639 2076 3752 2145 τῆς

2561 2147 2922 2212 στρατηγίας
2967 2145 3352 2199 Φιλιππικοῦ.

2257 2256 2630 2326 Ἕσπουδάσθη
2681 2257 2969 2327 τοιγαροῦν
3023 2257 3175 2326 αὑτῷ
3231 2258 3341 2328 πρὸ
3394 2258 3504 2312 τῶν
3568 2260 3751 2314 ἄλλων

2180 2347 2403 2418 μηδενὸς
2460 2347 2570 2398 τῶν
2619 2347 2898 2399 ὑποδίκων
2957 2349 3022 2418 τῇ
3084 2347 3336 2420 βασιλείᾳ
3392 2326 3767 2403 παντάπασιν.

2177 2437 2320 2509 αἷμα
2360 2441 2584 2511 ⁷ἐκχέαιο
2630 2437 2755 2490 οὗτε
2805 2439 2985 2492 τοίνυν
3028 2439 3462 2510 Ἀλαμούνδαρον
3499 2441 3592 2493 τὸν
3639 2442 3750 2495 τῶν

2177 2531 2470 2602 Σκηνητῶν
2497 2530 2788 2600 βαρϐαρων
2834 2531 2935 2601 τὴν
2983 2532 3284 2600 ἠγεμονίαν
3331 2533 3751 2602 ἐπιτετραμμέ-

2177 2643 2287 2690 νον,
2336 2625 2435 2694 τὴν
2489 2624 2768 2677 πολιτείαν
2824 2624 3260 2692 καταπροδόντα,
3321 2626 3564 2677 ἀνεῖλεν·
3628 2625 3749 2678 ἀλλ’

2179 2715 2469 2784 ὑπερόριον
2502 2715 2650 2783 νήσῳ
2682 2716 2789 2766 τινί
2836 2715 2943 2766 τῶν
2989 2714 3224 2767 Σικελῶν
3261 2717 3586 2778 κατεδίκαζε
3620 2693 3769 2786 σύν-ἶ

2178 2824 2293 2872 αμα
2339 2807 2559 2872 γυναικὶ
2613 2807 2709 2858 καὶ
2767 2806 2980 2867 τέκνοις
3033 2805 3231 2866 ἐνίοις·
3295 2804 3490 2870 ἐπίσης
3543 2806 3601 2859 δὲ
3653 2810 3754 2860 καὶ

2178 2897 2226 2949 Ν
2236 2896 2483 2966 ιαμὰνην
2510 2897 2600 2949 τδν
2646 2897 2855 2950 ἐκείνου
2903 2897 3066 2949 παῖδα
3090 2911 3105 2926 '
3143 2896 3337 2967 κηλίδα
3365 2897 3627 2966 ἄντικρυς
3657 2901 3756 2950 τοῦ

2182 2989 2574 3057 πολιτεύματος
2607 2990 2974 3056 ἀναφανέντα,
3006 2990 3102 3042 καὶ
3157 2989 3330 3059 μυρία
3381 2991 3754 3059 εἰργασμένον

518 3107 656 3161 ciam
687 3115 741 3159 ct
784 3115 1071 3173 utramque
1105 3104 1444 3159 Palaesunam
1496 3103 1565 3156 ita
1610 3101 1852 3160 admisit.
1885 3109 1944 3152 ut
1981 3102 2074 3153 co—

2183 3081 2248 3134 τὰ
2279 3080 2474 3142 ἄτοπα,
2515 3080 2607 3132 ἐπί
2637 3097 2694 3132 τε
2733 3080 2987 3150 Φοινίκην
3019 3082 3288 3151 ἑκατέραν
3318 3084 3414 3137 καὶ
3441 3083 3613 3148 ἄμφω
3653 3086 3758 3146 τὰς

524 3202 652 3255 bons
683 3200 803 3269 ejus
850 3198 1080 3251 barbara
1117 3197 1428 3266 provincias
1451 3205 1542 3248 ea's
1578 3195 1782 3263 rapinis
1816 3193 2078 3261 compila-

521 3294 594 3346 rit
624 3303 785 3361 atque
815 3290 1122 3359 diripuerit.
1156 3289 1292 3344 Cum
1326 3287 1726 3341 Alamundalus
1753 3302 1782 3339 a
1819 3285 2080 3340 Romanis

523 3398 717 3456 captus
753 3393 917 3444 esset.
956 3389 1010 3436 et
1037 3397 1160 3435 cum
1203 3381 1529 3435 Naamanem
1561 3393 1752 3431 omnes
1792 3376 2081 3431 sententiis

520 3479 632 3532 suis
675 3479 737 3530 ad
769 3474 999 3545 capitle
1041 3473 1364 3543 supplicium
1402 3472 1846 3529 condemnarent.
1886 3469 2080 3522 Mauri-

520 3573 638 3627 cius
691 3573 808 3641 ipse
860 3570 1132 3623 hominem
1190 3567 1240 3620 in
1298 3566 1470 3621 libera
1522 3565 1772 3620 custodia
1834 3563 2079 3626 inclusit,

513 3667 678 3736 822
720 3679 894 3734 neque
942 3662 1159 3734 gravius
1204 3661 1499 3730 quidquam
1549 3658 1616 3712 de
1663 3673 1729 3712 eo
1775 3656 2079 3720 constituit,

515 3753 976 3824 quemadmodum
1017 3751 1085 3806 ab
1124 3765 1191 3805 co
1237 3749 1304 3803 de
1335 3747 1457 3801 aliis
1485 3745 1733 3815 plurimis
1778 3745 1964 3799 itidem
1999 3752 2083 3799 est

513 3849 740 3906 factmn.
761 3845 1118 3900 Orientalium
1138 3843 1419 3910 copiarum
1441 3840 1633 3895 ducem
1656 3839 1890 3907 primum
1918 3837 2083 3893 Joanv

520 3957 646 3996 nem
680 3940 944 3994 Thracem
977 3937 1183 3990 creavit
1218 3951 1233 3989 :
1269 3935 1362 4004 qui
1401 3948 1531 3986 sane
1562 3931 1726 3985 rebus
1758 3929 2080 3999 quibusdam

521 4048 831 4104 perperam,
897 4027 1227 4100 quibusdam
1293 4026 1459 4080 etiam
1521 4024 1659 4078 bene
1693 4022 1950 4091 peractis,
1993 4021 2084 4076 ni-

519 4130 592 4184 hil
633 4124 927 4182 admodum
963 4121 1227 4175 memoria
1263 4118 1485 4190 dignum
1532 4115 1722 4187 gessit.
1749 4115 1897 4168 'Post
1937 4114 2082 4167 hunc

521 4223 842 4294 prwl'eetura
874 4234 940 4275 ea
985 4215 1291 4285 Philippico
1314 4212 1391 4284 (Ι)
1423 4208 1749 4266 demandata
1794 4217 1897 4271 est,
1932 4206 2085 4260 Mau-

522 4313 643 4372 ricii
689 4310 1020 4367 necessario.
1058 4306 1192 4361 Nam
1229 4305 1458 4359 alteram
1497 4313 1748 4356 sororum
1781 4301 1902 4368 ejus
1941 4296 2082 4352 Gor-

518 4409 665 4466 diam
721 4406 777 4459 in
829 4403 1071 4472 legitimo
1124 4395 1480 4452 matrimonio
1533 4391 1746 4446 habuit.
1785 4389 1884 4445 Hic
1943 4390 2084 4444 ultra
2118 4432 2162 4486 Β

521 4498 818 4554 conﬁnium
851 4507 1198 4566 progressus,
1254 4489 1436 4544 omnia
1500 4496 1652 4538 vasta
1709 4481 1878 4543 dedit.
1923 4481 2086 4536 etin-

518 4599 739 4662 gentem
781 4587 1014 4656 praedam
1061 4583 1194 4652 egit,
1248 4581 1625 4651 plurimosque
1675 4590 1742 4629 ex
1801 4571 2088 4625 nobilitate

526 4681 805 4744 Nisibena,
853 4674 1008 4745 quasi
1067 4672 1212 4725 aliud
1258 4685 1446 4738 agens,
1492 4666 1628 4721 ferri
1676 4664 2090 4735 gladiorumque

522 4790 668 4844 opus
697 4769 1022 4826 succisivum
1069 4765 1216 4817 fecit.
1265 4762 1413 4815 Idem
1439 4774 1568 4813 vero
1595 4760 1664 4824 iet
1703 4755 1770 4809 ad
1811 4752 2090 4822 Trigidem

524 4882 743 4926 amnem
770 4866 898 4932 egit.
941 4858 1210 4914 Conﬂictu
1265 4869 1483 4922 quoque
1531 4865 1722 4919 magno
1750 4862 1873 4902 cum
1916 4845 2096 4900 Persis

522 4959 694 5020 facto,
725 4951 942 5026 plurimi
971 4967 1040 5005 ex
1063 4948 1336 5010 hostibus,
1362 4941 1456 5013 Qui
1489 4943 1610 4996 aliis
1650 4939 2002 5009 przcstabaut,
2037 4935 2091 4987 in

526 5053 647 5113 acie
677 5047 995 5104 ceciderunt
1023 5063 1036 5098 :
1067 5057 1174 5096 non
1203 5038 1360 5109 pauci
1393 5035 1500 5090 vivi
1532 5031 1675 5103 capti
1708 5039 1856 5086 sunt.
1885 5028 2098 5082 Cohor-

531 5158 644 5204 tem
694 5142 919 5210 insuper
948 5134 1239 5207 quamdam
1270 5129 1560 5184 Persarum
1613 5139 1735 5194 qua:
1785 5131 2096 5191 opportuno

528 5239 654 5299 loco
687 5234 740 5287 in
763 5230 972 5286 tumulo
1007 5225 1351 5286 consederat,
1379 5235 1504 5274 cum
1530 5231 1724 5285 capere
1754 5222 1956 5283 posset,
1979 5211 2100 5265 nul-

529 5334 603 5390 lis
632 5328 881 5383 allectum
904 5323 1063 5379 malis
1081 5319 1308 5382 dimisit,
1333 5330 1456 5385 qua:
1473 5329 1530 5367 se
1561 5315 1946 5381 persuasuram
1986 5305 2098 5375 regi

533 5438 633 5478 suo
664 5435 788 5475 esse
821 5423 1123 5486 receperat,
1145 5421 1202 5466 ut
1225 5410 1400 5481 primo
1415 5419 1633 5477 quoque
1660 5412 1901 5469 tempore
1921 5406 2103 5453 orato-

532 5530 626 5570 res
651 5513 717 5568 ad
734 5527 860 5566 eum
883 5510 950 5565 de
979 5524 1111 5580 pace
1143 5506 1404 5559 mitteret.
1435 5499 1629 5552 Multas
1651 5504 1908 5563 praeterea
1932 5505 2018 5543 res
2045 5489 2101 5580 in

534 5605 858 5682 praefectura
880 5577 1215 5671 suavcgrcgie
1233 5593 1423 5667 gessit,
1443 5605 1566 5645 cum
1585 5587 1650 5642 ab
1679 5583 1920 5640 exercitu
1943 5577 2105 5657 quid~

2187 3172 2577 3234 Παλαιστίνας·
2621 3172 2694 3233 ὡς
2747 3173 2840 3224 καὶ
2907 3173 3130 3240 σύμπαν
3189 3173 3343 3226 λείαν
3406 3175 3597 3226 Θέσοαι
3661 3176 3762 3228 καλ⁸

2185 3264 2740 3335 ἐξανδραποδίσασθαι
2774 3264 2861 3316 διὰ
2910 3265 3018 3316 τῶν
3051 3263 3189 3333 ἀμφ’
3235 3265 3400 3317 αὐτὸν
3433 3264 3759 3335 βαρϐαρων,

2186 3358 2404 3411 πάντων
2453 3374 2512 3410 τε
2558 3355 2723 3409 αὐτοῦ
2771 3355 3310 3426 καταψηφισαμένων
3357 3356 3449 3409 τὸν
3495 3356 3758 3412 θάνατον.

2187 3449 2257 3504 ’Ὀ
2287 3467 2344 3502 τε
2390 3449 2822 3519 Ἀλαμούνδαρος
2852 3450 2958 3501 ὑπὸ
2987 3450 3149 3518 χεῖρα
3189 3448 3484 3516 Ῥωμαίοις
3514 3449 3760 3515 ἐγένετο,

2185 3543 2340 3607 οὗτος
2374 3545 2430 3596 ὲν
2459 3541 2717 3612 ἐλευθέρᾳ
2741 3541 2956 3610 φυλακῇ
2988 3540 3359 3610 περικλείσας,
3379 3539 3530 3593 οὐδὲν
3557 3539 3755 3610 ἕτερον

2186 3637 2433 3705 ἐπήγαγε
2483 3633 2592 3688 τῶν
2655 3632 2888 3688 δεινῶνο
2945 3633 3090 3687 καθὰ
3139 3633 3204 3704 δὴ
3253 3633 3349 3692 καὶ
3395 3632 3483 3702 ἐφ’
3540 3633 3759 3703 ἑτέροις

2187 3729 2458 3791 πλείστοις
2506 3725 2739 3798 ἀριθμοῦ
2783 3727 3059 3795 κρείττοσι
3105 3726 3460 3796 διεπράξατο.
3495 3725 3620 3780 Τῶν
3655 3726 3759 3794 μὲν

2186 3821 2279 3875 οὖν
2320 3820 2505 3892 Ἐᾠων
2538 3819 2844 3890 στρατηγὸν
2867 3819 3166 3888 ταγμάτων
3207 3819 3403 3888 πρῶτα
3431 3819 3531 3888 μὲν
3574 3819 3758 3871 Ἰωάν-

2187 3932 2285 3983 νην
2317 3914 2505 3983 Θρᾷκα
2534 3912 2593 3965 τὸ
2620 3911 2778 3976 γένος
2809 3912 3106 3979 χειροτονεῖ
3130 3924 3144 3939 ”
3182 3909 3241 3974 ὃς
3278 3910 3398 3965 ἔνια
3439 3911 3535 3980 μὲν
3569 3911 3760 3979 ἁμαρ-

2187 4005 2318 4072 τὼν,
2347 4006 2437 4059 ἐπί
2479 4021 2590 4058 τισι
2638 4002 2696 4056 δὲ
2757 4004 2854 4056 καὶ
2903 4001 3394 4071 διαγωνισάμενος,
3431 4003 3567 4062 τέως
3603 4003 3763 4054 οὐδέν

2188 4117 2242 4152 τι
2282 4097 2558 4166 ἀξιόλογον
2600 4095 2928 4166 διεπράξατο
2949 4111 2962 4124 ·
2995 4093 3134 4162 μετὰ
3161 4093 3218 4146 δὲ
3250 4093 3460 4157 τοῦτον,
3493 4093 3660 4145 Φιλιπ
3674 4113 3763 4145 πι-

2189 4190 2284 4252 κδς
2341 4190 2480 4260 ἀνὴρ
2543 4188 2642 4258 τὴν
2685 4188 2861 4259 ἀρχὴν
2924 4185 3329 4256 ἐνεχειρίζετο,
3388 4185 3554 4254 κῆδος
3618 4185 3764 4253 μετὰ

2189 4283 2501 4354 Μαυρικίου
2557 4281 2733 4350 ἔχων
2789 4280 2993 4349 Θατέρα
3047 4279 3156 4347 γὰρ
3217 4277 3326 4329 τῶν
3391 4275 3637 4343 ἀδελφῶν
3690 4280 3760 4346 τῇ

2192 4377 2387 4445 Γορόίᾳ
2436 4374 2529 4427 ἐπὶ
2575 4373 2764 4443 λέχους
2817 4372 3075 4440 κοινωνίᾳ
3125 4369 3368 4438 ἐννόμως
3430 4369 3758 4438 συνήρχετο.

2195 4469 2294 4530 ⁸ος
2333 4466 2458 4536 περὶ
2499 4465 2566 4517 τὰ
2609 4463 2842 4533 μεθόρια
2886 4461 3147 4530 γεγονὼς,
3183 4461 3359 4514 πάντα
3400 4460 3468 4513 τὰ
3523 4464 3580 4514 ἐν
3632 4465 3764 4515 ποσὶ

2192 4557 2540 4627 ληϊσάμενος,
2575 4555 2825 4625 μεγάλων
2872 4553 3130 4621 λαφύρων
3164 4553 3436 4622 ἐγκρατὴς
3484 4555 3764 4622 ὲγεγόνε.·

2193 4652 2290 4703 καὶ
2320 4652 2448 4712 τοὺς
2491 4647 2779 4708 πλείστους
2819 4645 2928 4696 τῶν
2959 4645 3302 4714 εὐπατριδῶν
3334 4646 3429 4697 καὶ
3464 4645 3523 4698 εὖ
3571 4649 3766 4711 γένους

2195 4743 2297 4797 ἀνὰ
2320 4741 2417 4810 τὴν
2441 4739 2656 4792 Νίσιϐιν
2686 4739 2934 4807 ἐχόντων,
2975 4737 3162 4804 ξίφους
3194 4737 3473 4806 πάρεργον
3504 4740 3764 4793 ἐποιεῖτο.

2211 4835 2438 4903 Ἐπίσης
2493 4833 2548 4886 δὲ
2606 4832 2700 4886 καὶ
2761 4832 2872 4892 τοῖς
2923 4831 3053 4898 περὶ
3087 4829 3315 4900 Τίγριδα
3368 4833 3459 4883 τὸν
3523 4834 3768 4897 ποταμὸν

2198 4928 2454 4980 ἐποιεῖτο.
2488 4922 2793 4994 Συμϐἀλλει
2839 4922 2896 4975 δὲ
2944 4921 3161 4990 στρατῷ
3211 4921 3433 4989 μεγάλοι)
3481 4924 3577 4974 καὶ
3629 4924 3766 4991 Πέρ-

2203 5033 2354 5083 σαις·
2399 5021 2493 5072 καὶ
2537 5018 2842 5086 ἀξιομάχου
2901 5015 3224 5083 συμπλοκῆς
3273 5015 3594 5084 γενομένης,
3631 5017 3764 5084 Περ-

2203 5110 2314 5162 σῶν
2355 5110 2406 5160 oi
2453 5109 2698 5161 πλεῖστοι
2749 5106 2843 5159 καὶ
2902 5104 3235 5174 προῦχοντες
3284 5106 3602 5158 πίπτουσιν.
3657 5108 3769 5158 Οὐκ

2202 5203 2522 5273 ἐλαχίστους
2567 5200 2623 5252 δὲ
2675 5199 2768 5252 καὶ
2808 5197 3050 5266 ζωγρὲας
3095 5193 3277 5250 εἷλενο
3326 5198 3463 5250 ἀλλὰ
3512 5197 3604 5250 καί
3649 5215 3772 5251 τινα

2203 5296 2361 5364 λόχον
2408 5294 2464 5345 ἐν
2515 5309 2619 5345 τινι
2669 5292 2776 5344 τῶν
2838 5291 3057 5360 εὐφυῶν
3133 5291 3424 5358 γεωλόφων
3474 5291 3771 5358 δυνάμενος

2205 5387 2428 5452 ἰξελεῖν,
2461 5385 2694 5448 ἁπαοεῖς
2750 5384 2935 5435 κακῶν
2987 5381 3193 5444 εἴασεν,
3231 5382 3649 5451 ὑπεσχημένους
3685 5382 3772 5437 τὶν

2209 5480 2359 5546 σφῶν
2415 5477 2638 5546 βασιλέα
2697 5475 2904 5527 πείθειν
2967 5475 3097 5542 περὶ
3151 5474 3374 5542 εἰρήνης
3435 5474 3559 5524 ὅσον
3609 5472 3771 5540 τάχος

2210 5570 2470 5642 πρέσϐεις
2524 5567 2850 5639 ἐκπέμπειν.
2914 5565 3089 5620 Πολλὰ
3143 5567 3200 5618 δὲ
3255 5567 3347 5619 καὶ
3394 5565 3558 5635 ἕτερα
3613 5565 3772 5630 λόγου

615 5747 691 5817 (Ι)
725 5742 1064 5814 Philippicus
1101 5739 1232 5806 dux,
1268 5731 1540 5796 Mauricii,
1575 5725 1884 5783 secundum
1923 5721 2248 5783 Diaconum,
2285 5729 2473 5786 gener.
