4100 6216
437 339 508 400 35

1655 323 2072 387 NICEPIIORI
2112 322 2455 382 CALLlS'lI
3588 315 3690 376 353

441 459 551 504 tem
590 447 786 516 gessit,
837 452 999 510 atque
1034 441 1087 493 in
1141 440 1458 493 servitutem
1499 447 1725 500 tractus,
1761 434 2008 489 domina-

2119 449 2219 498 κων
2268 431 2320 482 δέ
2376 431 2653 492 πολιτείας
2708 433 2739 501 ἢ
2791 430 3181 501 συμμάχωνμῆ
3236 430 3348 491 πῶς
3410 428 3475 482 ἂν
3511 427 3682 485 ἄλλως

441 542 645 595 tionem
689 536 832 605 apud
869 551 964 588 eos
990 533 1261 588 exercuit.
1318 531 1647 597 Quicunque
1689 543 1818 581 vero
1852 535 2010 581 erant

440 625 700 677 ordinum
749 621 1025 683 ductores,
1084 620 1169 672 vel
1224 618 1490 688 praefecti,
1524 619 1607 672 vel
1653 617 1880 678 tribuni,
1923 616 2008 669 vel

438 712 813 777 centuriones,
872 712 956 765 vel
1022 691 1395 774 decuriones,‘
1434 711 1517 764 eis
1582 710 1823 779 rejectis,
1881 709 2010 777 qui-

443 803 547 856 bus
578 801 680 870 ipsi
730 803 931 856 milites
966 802 1243 865 volebant,
1280 811 1573 870 potestates
1606 800 1741 854 tales
1785 799 2009 852 deman-

441 894 667 954 darunt,
725 904 776 946 ct
834 893 1124 947 manifesto
1171 895 1224 947 in
1279 894 1620 962 majestatem
1673 893 2007 962 imperialem

440 983 818 1051 deliquerunt.
856 985 924 1038 Et
971 985 1222 1039 mitiores
1247 985 1469 1054 quidem
1505 985 1583 1038 illi
1631 985 1683 1037 in
1716 984 2010 1052 vectigales

440 1083 496 1126 et
534 1074 852 1129 tributarios
882 1075 1136 1143 populos,
1167 1091 1329 1143 quam
1376 1075 1604 1129 Barbari
1647 1091 1769 1128 esse
1808 1076 2007 1136 solent.

441 1164 631 1230 fuere,
665 1178 696 1217 a
725 1166 1236 1234 propugnatoribus
1284 1182 1437 1232 vero,
1489 1177 1583 1220 aut
1628 1167 2011 1221 defensoribus

443 1254 782 1330 reipublicaa,
813 1266 908 1310 aut
934 1270 1044 1325 quo
1081 1257 1297 1312 tandem
1329 1273 1425 1313 eos
1456 1259 1678 1312 nomine
1704 1257 2012 1328 appellem?

439 1361 604 1412 quam
655 1346 973 1416 longissime
1011 1347 1262 1403 abfuere.
1311 1349 1500 1418 Neque
1546 1349 1692 1403 enim
1737 1349 2012 1404 mensuris

443 1435 720 1503 aliquibus
749 1447 842 1491 aut
874 1439 1138 1493 dimensis
1172 1439 1511 1494 frumentum
1553 1440 1658 1494 sibi
1697 1443 2006 1500 sumebant.

441 1535 536 1579 attt
581 1534 766 1581 vetere
806 1528 1196 1585 distributione
1240 1531 1484 1584 contenti
1536 1539 1712 1595 erant,
1760 1531 2011 1585 stationi-

438 1617 614 1672 busve
639 1618 940 1688 designatis
974 1637 1032 1676 se
1065 1623 1441 1688 continebant,
1477 1623 1574 1677 sed
1628 1623 1773 1691 quod
1810 1623 2010 1691 cuique

442 1723 632 1762 eorum
662 1713 950 1766 consilium
979 1722 1035 1768 et
1066 1715 1320 1772 voluntas
1361 1729 1460 1767 sua
1496 1714 1787 1784 suggessit.
1826 1713 1880 1767 id
1910 1713 2007 1766 de-

2113 525 2346 590 εἴποιμι,
2383 522 2732 575 παντάπασιν
2779 521 3080 593 ἀλλοτρίως
3111 510 3408 573 διέκειντο·
3469 522 3542 588 μή
3577 536 3686 570 τιτι

2116 617 2335 683 μέτροις
2386 613 2418 683 ἦ
2469 615 2733 682 σταθμοῖς
2786 614 2885 676 τὰς
2946 615 3172 673 σιτίσεις
3209 614 3426 673 ἑαυτοῖς
3464 611 3685 680 ποριζό-

2115 722 2288 774 μενοι,
2319 707 2350 774 ἣ
2382 707 2496 765 τοῖς
2537 708 2600 759 ἐκ
2649 705 2883 759 παλαιοῦ
2924 706 3431 773 ἀπονενεμημένοις
3481 702 3684 772 ἀρκού-

2115 815 2267 867 μενοι
2291 815 2304 828 ’
2334 797 2450 851 ἀλλ’
2478 799 2506 850 ὅ
2537 815 2588 850 τι
2620 798 2686 851 ἂν
2713 801 2745 867 ἡ
2773 798 2964 867 γνώμη
2999 799 3094 850 καὶ
3126 799 3157 866 ἡ
3189 795 3445 866 βούλησις
3472 795 3685 862 ἑκάστῳ

2111 897 2367 968 ἠγόρευε,
2406 896 2615 959 τούτοις
2663 897 2860 965 θεσμὸς
2905 897 2998 948 καὶ
3035 894 3427 962 νενομισμένον
3486 896 3684 962 μέτρον

2111 990 2396 1059 ἐτύγχανε.
2445 989 2708 1051 Βασιλεὺς
2758 988 2813 1040 δὲ
2857 986 3034 1040 ταῦτα
3091 987 3303 1055 μαθὼν,
3336 986 3517 1047 καλῶς
3565 986 3684 1038 δια-

2113 1081 2286 1133 θεῖναι
2319 1079 2493 1133 ταῦτα
2519 1080 2847 1132 Φιλιππικδν
2888 1081 2979 1130 τὸν
3005 1077 3276 1146 κηδεστὴν
3322 1075 3481 1135 αὖθις
3512 1075 3684 1141 επεμ-

2113 1190 2214 1224 πεν
2239 1190 2252 1201 ·
2284 1172 2342 1223 ὃν
2381 1174 2541 1242 μήτοι
2575 1187 2638 1238 γε
2686 1169 2714 1221 ὁ
2761 1170 2990 1239 στρατὸς
3015 1169 3115 1222 οὐκ
3143 1168 3395 1232 ἐδέξαντο
3416 1182 3429 1196 ⁸
3463 1167 3682 1235 ὅσῳπερ

2113 1265 2205 1316 καὶ
2257 1265 2414 1317 ἆτινα
2470 1263 2769 1332 προσήκειν
2814 1261 3010 1330 ἐκείνῳ
3066 1260 3098 1329 ἢ
3155 1260 3304 1327 γένει
3362 1258 3394 1327 ἢ
3442 1257 3683 1310 διαθέσει

2112 1352 2376 1420 ἔγνωσαν,
2420 1355 2478 1404 ἐν
2522 1356 2635 1416 τοῖς
2669 1352 2915 1422 ἐσχάτοις
2948 1351 3012 1406 ἂν
3047 1351 3251 1418 ὑπέσχε
3282 1348 3374 1402 τὸν
3417 1347 3680 1404 κίνδυνον,

2112 1448 2161 1498 εί
2208 1445 2282 1516 μὴ
2339 1445 2506 1512 σιγῶν
2549 1445 2798 1498 διετέλει.
2848 1444 2970 1495 Τῶν
3020 1444 3079 1495 δέ
3131 1440 3479 1510 πραγμάτων
3509 1437 3680 1496 οὕτως

2110 1537 2474 1607 ᾑωρημένων,
2508 1536 2757 1589 ἐπάνεισι
2790 1535 2888 1604 τῆς
2934 1532 3332 1604 βασιλευούσης
3378 1528 3682 1597 Γρηγὸριος

2111 1627 2140 1678 ὁ
2169 1626 2267 1695 τῆς
2291 1625 2673 1689 Θεουπούλεως
2712 1627 2972 1696 πρόεδρος
2993 1627 3084 1678 τὸν
3115 1623 3452 1691 περίπυστον
3477 1622 3684 1671 ἐκεῖνον

2112 1717 2300 1783 ἀγῶνα
2344 1718 2666 1788 νενικηκὼς,
2705 1718 2763 1772 ὃν
2807 1717 2907 1770 οὐκ
2955 1717 3060 1770 ἄπο
3093 1714 3286 1784 καιροῦ
3334 1731 3424 1783 μοι
3475 1713 3688 1781 γένοιτο

445 1819 594 1858 mum
625 1803 792 1876 824
820 1806 899 1860 fas
926 1806 1230 1875 modusque
1279 1815 1334 1861 et
1375 1821 1633 1860 mensura
1673 1815 1812 1861 erat.
1855 1805 2014 1860 Hisce

2119 1808 2362 1864 διελθεῖν.

441 1901 608 1955 rebus
655 1904 909 1971 cognitis,
971 1904 1270 1972 imperator
1318 1904 1682 1973 Pltilippicum
1735 1905 2009 1958 sororium
2050 1919 2234 1968 suum,
2291 1907 2384 1975 qui
2463 1920 2526 1959 ea
2581 1915 2742 1980 recte.
2805 1903 3187 1968 constitueret,
3237 1903 3304 1956 ad
3385 1898 3687 1958 exercitum

438 1993 653 2048 remisit
682 2013 695 2047 :
729 2011 890 2064 quem
916 2005 1126 2050 tantum
1159 1996 1316 2050 abest
1351 2007 1412 2049 ut
1438 1997 1639 2050 milites
1671 1996 2005 2066 receperint,
2047 2004 2106 2049 ut
2171 1997 2489 2067 quicunque
2518 1997 2661 2051 inter
2723 2010 2820 2049 eos
2850 1995 2932 2048 vel
2978 2010 3180 2064 genere
3227 1992 3506 2046 hominem
3554 2005 3687 2042 con-

439 2087 673 2154 tingere,
726 2086 811 2140 vel
844 2087 1152 2142 ‘aﬂ‘ectione
1194 2088 1272 2141 illi
1329 2087 1472 2141 bene
1518 2087 1660 2141 velle
1705 2086 2048 2150 viderentur.
2089 2101 2423 2151 extremum,
2467 2088 2572 2143 nisi
2645 2103 2704 2142 sc
2736 2087 2960 2140 silentio
2999 2095 3309 2149 tuerentur,
3333 2084 3571 2137 adierint
3601 2100 3692 2153 pe-

441 2180 702 2234 riculum.
741 2179 944 2234 Verum
994 2180 1142 2233 enim
1186 2194 1318 2234 vero
1348 2193 1474 2232 cum
1543 2194 1604 2234 se
1651 2178 1725 2233 ita
1789 2195 1876 2234 res
1941 2179 2230 2246 haberent,
2266 2198 2333 2236 ex
2368 2183 2501 2236 urbe
2530 2181 2834 2250 imperante
2865 2178 3162 2248 Gregorius
3208 2178 3442 2232 antistes
3511 2177 3691 2230 'l‘lteo-

438 2278 726 2346 politanus
771 2277 1053 2341 discessit,
1090 2277 1451 2332 celeberrimo
1484 2279 1576 2333 illo
1608 2278 1908 2336 certamine
1940 2294 2040 2350 per
2085 2279 2367 2336 victoriam
2435 2278 2754 2346 defunctus,
2786 2278 2932 2352 quod
2974 2278 3080 2336 hoc
3109 2278 3233 2336 loco
3258 2291 3692 2332 commemorare

442 2385 556 2426 non
592 2367 1039 2437 intempestivum
1071 2368 1260 2426 fuerit.

1037 2481 1264 2538 CAPUT
1307 2481 1424 2536 Xll.’

446 2573 524 2628 De
548 2574 642 2628 lite
660 2576 799 2628 inter
826 2575 1085 2645 Asterium
1106 2584 1152 2626 et
1173 2573 1485 2642 Gregorium
1509 2573 1779 2644 Theopolis
1817 2578 2016 2645 episco-

619 2660 782 2716 pum:
809 2655 856 2697 et
895 2653 949 2697 ut
973 2642 1251 2716 Gregorius
1279 2660 1496 2698 causam
1530 2642 1834 2703 obtinuerit.

516 2824 766 2880 Asterius
780 2824 1000 2894 quidam
1021 2839 1086 2879 ea
1121 2832 1443 2893 tempestate
1462 2823 1743 2879 Orientem
1765 2823 2010 2894 regebat.

442 2917 513 2972 Et
544 2931 675 2972 cum
705 2916 990 2972 contentio
1022 2917 1071 2971 ei
1103 2933 1228 2972 cum
1274 2915 1537 2988 Gregorio
1589 2917 2011 2983 intercessisset,

444 3007 718 3078 principes
748 3009 988 3063 civitatis
1010 3007 1230 3064 Asterio
1256 3009 1526 3074 faventes,
1567 3008 1794 3064 hostiles
1833 3017 2016 3078 partes

439 3111 574 3158 sunt
602 3102 799 3159 secuti.
828 3101 974 3155 Idem
1008 3116 1039 3155 a
1068 3116 1258 3170 magna
1287 3101 1471 3171 populi
1503 3111 1682 3170 parte,
1709 3108 1763 3154 et
1797 3100 1866 3153 ab
1894 3101 2015 3168 epi-

439 3195 640 3256 licibus
656 3194 886 3248 factum.
915 3195 1020 3249 Pro
1055 3209 1113 3248 se
1144 3196 1290 3248 enim
1319 3197 1572 3264 quisque,
1604 3195 1830 3263 perinde
1853 3203 2017 3264 atque

438 3286 822 3354 gravissimam
879 3285 1139 3356 injuriam
1199 3286 1522 3354 accepisset,
1583 3285 1885 3339 contendit.
1952 3285 2020 3339 Et

442 3380 615 3449 plebi,
657 3388 718 3432 ut
745 3379 1052 3434 maledictis
1080 3369 1840 3448 pontiﬁcem.prosvinderel,
1891 3393 2020 3448 per-

443 3471 674 3528 missum
713 3482 800 3526 est
837 3490 848 3524 :
907 3487 1126 3540 unoque
1163 3481 1385 3541 sumpto
1431 3471 1662 3525 consilio
1707 3469 1785 3524 illi
1825 3484 2019 3524 onmes

444 3564 500 3618 in
541 3563 643 3616 viis
677 3562 914 3631 publicis
948 3573 1001 3616 et
1030 3562 1260 3616 theatris
1290 3561 1727 3622 deambulantes.
1751 3559 2020 3615 conviciis

447 3671 568 3722 qua:
597 3655 650 3708 in
688 3655 1007 3723 episcOputu
1042 3655 1508 3725 conjiciebantur,
1555 3667 1679 3707 cum
1722 3652 1838 3707 risu
1867 3651 2018 3707 laeta-

445 3749 666 3804 bantur.
712 3754 756 3802 A
787 3749 985 3818 quibus
1035 3748 1199 3801 etiam
1246 3747 1447 3802 scenici
1485 3745 1588 3814 ipsi
1620 3760 1729 3800 non
1776 3744 2021 3798 abstine-

447 3843 598 3894 bant.
637 3841 713 3896 Ea
755 3856 889 3895 vero
919 3841 986 3895 de
1015 3855 1180 3895 causa
1216 3839 1567 3908 magistratus
1614 3837 1832 3892 Asterie
1860 3836 2021 3890 abro-

442 3946 640 4004 gatur:
667 3949 906 4004 cumque
929 3934 1166 3988 Joannes
1189 3931 1409 4001 quidam
1441 3925 1770 4000 imperatore
1792 3930 2020 4000 jultente

450 4026 572 4089 init,
623 4025 982 4093 quzestionem
1020 4023 1223 4078 habere
1256 4023 1323 4076 de
1356 4022 1519 4075 rebus
1570 4020 1732 4073 motis
1781 4027 1838 4072 et
1887 4033 2021 4072 cau-

445 4132 560 4171 sam
613 4117 926 4186 primariam
968 4116 1218 4170 excitatae
1256 4112 1628 4168 contentionis
1682 4112 2018 4180 investigare

440 4213 631 4281 jussus
664 4225 679 4263 :
710 4209 793 4262 vir
824 4224 936 4263 non
971 4209 1043 4262 ita
1077 4223 1335 4278 magnus,
1372 4220 1474 4259 nec
1522 4203 1817 4258 admodum
1841 4204 2022 4258 consi-

444 4302 692 4362 deratus,
727 4307 782 4352 et
808 4299 1035 4369 quinon
1073 4298 1235 4354 modo
1269 4296 1427 4355 talem
1462 4304 1516 4347 et
1547 4303 1751 4346 tantam
1789 4308 2012 4348 causam

446 4392 670 4445 minime
704 4390 1047 4460 dijudicare,
1105 4390 1200 4444 sed
1239 4404 1308 4442 ne
1348 4402 1568 4458 parvam
1607 4386 1828 4456 quidem
1865 4386 2015 4439 litem

2709 2481 2964 2536 ΚΕΦΑΛ.
2998 2478 3100 2533 lB’.

2120 2575 2257 2642 Περὶ
2288 2574 2400 2643 τῆς
2421 2571 2648 2642 μεταξὺ
2685 2573 2987 2643 Ἀστερίου
3015 2571 3130 2643 καὶ,
3173 2572 3510 2639 Γρηγορίου
3580 2574 3691 2628 τοῦ

2193 2641 2576 2708 Θεουὲτόζιεως
2603 2642 2891 2711 διαφορᾶς
2915 2656 2930 2672 ⁸
2973 2641 3073 2695 καί
3101 2642 3183 2707 ὡς
3235 2643 3534 2710 ὑπερέσχε
3583 2644 3696 2710 τὴν

2188 2714 2366 2780 δίκην
2392 2714 2740 2782 Γρηγόριος.

2201 2825 2480 2896 Ἀστέριός
2513 2843 2606 2902 ,τις
2655 2824 2962 2895 τηνικαῦτα
3012 2825 3313 2895 ἐτύγχανεν
3344 2825 3421 2878 ῶν
3469 2827 3567 2894 τὴν
3594 2827 3696 2896 τῆς

2120 2918 2238 2971 "Em
2269 2917 2616 2987 διαχειρὶξων
2645 2919 2844 2988 ἀρχήνο
2872 2918 3048 2988 ἔριδος
3073 2919 3131 2971 δέ
3154 2935 3297 2982 τινος
3327 2919 3530 2987 μεταξὺ
3547 2920 3694 2972 ἐκεί-

2120 3027 2211 3063 νου
2264 3012 2358 3062 καὶ
2398 3009 2702 3079 Γρηγορίου
2753 3009 3190 3079 ὑπειναφθεξσης.
3227 3010 3290 3062 τὸ
3339 3009 3440 3078 τῆς
3486 3011 3696 3072 πόλεως

2119 3102 2370 3171 ἔκκριτον
2397 3105 2477 3162 είς
2524 3102 2804 3171 Ἀστέριον
2837 3102 3030 3171 ῥέψειν,
3062 3101 3200 3170 πρὸς
3244 3103 3539 3156 ἀντίπαλον
3581 3104 3694 3155 διε-

2119 3192 2284 3263 κρίθη
2321 3194 2538 3262 μοῖραν.
2571 3193 2686 3245 Οὐκ
2713 3191 2897 3262 ὀλίγον
2927 3192 2985 3244 δὲ
3017 3195 3114 3245 καὶ
3158 3192 3252 3246 τοῦ
3279 3194 3566 3264 δημώδους
3598 3197 3697 3247 καὶ

2118 3285 2242 3336 ὅσον
2272 3286 2402 3355 περὶ
2426 3285 2620 3352 τέχνας
2649 3281 3034 3353 προσελάϐετο.
3055 3284 3317 3338 Ἕκαστοι
3347 3286 3457 3353 γὰρ
3493 3285 3688 3354 ῶσπερ

2119 3376 2420 3446 ἀνήκεστόν
2483 3393 2536 3427 τι
2587 3375 2783 3430 παθεῖν
2843 3374 3201 3435 διετείνοντοο
3267 3378 3363 3436 καὶ
3417 3378 3617 3444 ἠφίετο
3671 3380 3700 3430 ὁ

2117 3465 2290 3535 δῆμος
2344 3470 2435 3521 τὸν
2486 3469 2638 3538 ἱερέα
2669 3470 3014 3541 βλασφημεῖν
3041 3485 3057 3501 ⁸
3106 3470 3201 3522 καὶ
3239 3472 3373 3539 μιᾶς
3405 3471 3697 3541 γενόμενοι

2119 3561 2370 3629 γνώμης,
2406 3560 2462 3611 ἐν
2488 3578 2543 3612 τε
2575 3561 2872 3631 λεωφόροις
2913 3560 3010 3614 καὶ
3059 3564 3172 3623 τοῖς
3207 3561 3459 3632 θεάτροις
3498 3563 3696 3627 ἰόντες,

2120 3651 2244 3713 ταῖς
2291 3649 2434 3701 κατὰ
2479 3649 2573 3702 τοῦ
2633 3650 2824 3720 ἱερέως
2874 3649 3252 3720 βλασφημίαις
3288 3649 3696 3718 ἐπεγγελῶντες

2122 3742 2362 3812 ἔχαιρον,
2397 3743 2516 3796 οὐδὲ
2543 3742 2650 3795 τῶν
2688 3743 2797 3796 ἀπὸ
2831 3743 2944 3796 τῶν
2976 3743 3193 3811 σκηνῶν
3223 3743 3429 3798 τούτων
3459 3745 3700 3812 ἀποσχο-

2125 3835 2321 3905 μένων.
2355 3837 2450 3889 Διά
2496 3853 2578 3888 τοι
2610 3835 2781 3888 ταῦτα
2829 3835 3066 3888 παύεται
3109 3835 3210 3905 μὲν
3256 3837 3354 3906 τῆς
3399 3837 3700 3906 ἡγεμονίας

2135 3930 2452 3999 Ἀστέριοςο
2514 3929 2769 3999 Ἰωάννης
2823 3929 2880 3983 δέ
2933 3946 3018 3991 τις
3075 3929 3211 3997 πρὸς
3265 3929 3363 3981 τοῦ
3431 3929 3698 3998 βασιλέως

2123 4021 2308 4091 αὐτὴν,
2358 4021 2765 4092 ἐγχειρίζεται,
2829 4023 3140 4087 κελευσθεὶς
3201 4023 3438 4094 ζητῆσαί
3507 4040 3568 4074 τε
3631 4025 3699 4076 τά

2123 4115 2440 4183 κινούμενα,
2476 4114 2570 4166 καὶ
2604 4113 2665 4167 τὸ
2705 4114 2804 4183 τῆς
2842 4115 3118 4184 συστάσης
3155 4114 3334 4183 ἔριδος
3388 4114 3700 4182 κεφαλαιω-

2123 4209 2410 4277 δέστερονο
2453 4209 2594 4278 ἀνὴρ
2640 4209 2872 4278 σμικρός
2914 4225 2973 4260 τε
3030 4209 3124 4262 καὶ
3157 4207 3572 4276 δλιγογνὼμων,
3599 4208 3699 4259 καὶ

2127 4302 2287 4370 μήτοι
2333 4317 2392 4368 γε
2439 4303 2536 4371 τὴν
2569 4301 2826 4370 τοιαύτην
2861 4305 2952 4353 καὶ
2996 4299 3264 4371 τοσαύτην
3297 4299 3559 4371 ὑπόθεσιν
3586 4295 3699 4361 οἷός

2124 4410 2184 4445 τε
2213 4391 2288 4444 ῶν
2333 4391 2629 4461 διακρῖναι,
2666 4392 2784 4446 ἀλλ’
2814 4393 2935 4462 οῦδὲ
2982 4393 3178 4463 μικρόν
3211 4411 3261 4446 τι
3307 4392 3535 4445 δικίδιον
3581 4391 3702 4444 δια-

445 4481 704 4536 decidere
753 4489 847 4534 aut
902 4480 1110 4534 certius
1127 4494 1460 4548 cognoscere
1493 4488 1694 4546 possiet.
1728 4476 1899 4532 Porro
1924 4475 2015 4533 ubi

2125 4481 2414 4547 λύσασθαι,
2440 4481 2471 4551 ἦ
2495 4483 2736 4550 ἀκριϐῶς
2768 4483 3084 4550 διαγνῶναι.
3118 4482 3339 4536 Πολλῶν
3363 4484 3420 4535 δὲ
3445 4482 3698 4552 θορύϐων

447 4574 638 4627 urbem
687 4573 1081 4628 Aut‘ocltenam
1135 4574 1344 4640 magnis
1393 4573 1657 4627 adversus
1712 4568 2015 4624 antistitem

444 4665 628 4723 turbis
668 4664 937 4732 implevit,
969 4672 1023 4716 ut
1066 4663 1261 4720 edictis
1288 4662 1606 4732 propositis,
1633 4661 1677 4714 si
1706 4661 1829 4728 quis
1848 4673 2021 4726 expe-

451 4759 544 4810 riri
571 4758 696 4823 jure
736 4764 923 4809 contra
970 4755 1124 4808 illum
1163 4755 1349 4819 vellet,
1399 4769 1459 4808 se
1484 4769 1610 4806 eum
1645 4752 1711 4807 ad
1743 4751 2015 4821 agendum

446 4849 820 4909 admissurum
851 4863 970 4901 esse
997 4847 1384 4916 promulgavit,
1420 4861 1527 4898 non
1567 4845 1793 4912 exiguos
1824 4844 2020 4896 adver-

448 4955 544 4993 sus
597 4939 898 4993 antistitem
957 4937 1170 4990 libellos
1228 4952 1258 4988 a
1314 4935 1641 5005 quibusdam
1697 4933 2020 5001 argentaria:

451 5047 651 5084 mensa:
685 5031 954 5100 praefectis
991 5030 1203 5098 accepit
1233 5046 1246 5081 :
1303 5029 1358 5080 in
1389 5028 1588 5098 quibus
1613 5026 1912 5097 Gregorius
1940 5027 2022 5079 in-

450 5121 833 5182 simulabatur,
881 5119 1025 5187 quod
1056 5135 1179 5172 cum
1212 5133 1402 5172 sorore
1452 5133 1570 5178 sua,
1616 5117 1734 5170 viro
1765 5115 1853 5169 alii
1887 5131 2020 5169 cun-

439 5213 654 5284 juncta,
692 5228 790 5281 per
830 5214 1097 5266 incestum
1137 5211 1551 5276 consuevisset;
1586 5217 1849 5279 praeterea
1877 5207 2022 5277 quod

447 5308 663 5362 felicem
696 5316 1056 5375 pacatumque
1104 5306 1259 5359 urbis
1289 5314 1489 5358 statum
1523 5317 1768 5373 persmpe
1802 5311 2024 5371 pertur-

451 5402 654 5452 lutsset.
688 5397 942 5451 διξιΙρτιιίιιι
992 5398 1062 5451 de
1123 5389 1343 5451 civitat‘e
1401 5397 1616 5450 turbata
1669 5397 1876 5449 crimen
1922 5395 2027 5449 sibi

447 5492 754 5558 .olajectum,
779 5507 880 5560 pro
908 5505 976 5545 eo
1000 5501 1166 5560 atque
1201 5490 1400 5559 potuit,
1433 5489 1656 5542 refellit.
1689 5488 1762 5541 Ue
1797 5488 2028 5557 reliquis

448 5597 633 5638 amem
664 5585 847 5636 causis
879 5584 943 5636 ad
994 5583 1266 5655 judicium
1303 5591 1358 5637 et
1389 5583 1762 5651 cognitionem
1783 5571 2029 5648 impera-

448 5677 589 5733 turis
617 5685 671 5729 ct
702 5678 891 5747 synoJi
934 5676 1271 5745 provocavit.
1297 5676 1463 5746 825
1504 5676 1689 5743 Itaque
1713 5673 2020 5728 Constanti-

451 5769 694 5838 nopolim
727 5786 946 5824 causam
979 5769 1228 5823 dicturus
1268 5769 1434 5824 \euit.
1458 5770 1680 5823 Alfuere
1712 5767 1786 5821 ibi
1809 5766 2019 5837 judicio

2118 4575 2217 4640 τὴν
2251 4573 2522 4642 Ἀντιύχλυ
2554 4573 2695 4625 κατὰ
2720 4572 2814 4625 τοῦ
2845 4575 3033 4643 ίερέω,
3062 4574 3373 4643 ἐμπλήσας,
3407 4575 3703 4644 προγράμ-

2125 4665 2271 4735 ματα
2299 4683 2356 4718 τε
2385 4666 2742 4734 ὑφαπλῶσας,
2773 4667 2827 4719 εἴ
2853 4683 2935 4727 τις
2957 4669 3098 4719 κατὰ
3127 4666 3220 4719 τοῦ
3247 4666 3344 4736 τῆς
3370 4666 3702 4737 ἐκκλησίας

2123 4760 2386 4828 προέδρου
2421 4760 2664 4828 βούλοιτο
2693 4759 2897 4828 λέγειν,
2925 4761 3145 4828 ἕτοιμον
3171 4755 3314 4812 εἶναι
3346 4759 3698 4827 προσίεσθαι,

2121 4849 2221 4900 οὐκ
2258 4849 2544 4918 ἐλαχίστας
2599 4849 2818 4916 γραφὰς
2867 4848 2987 4900 κατ’
3036 4847 3250 4900 ἐκείνου
3299 4848 3514 4917 ἐδέχετο
3549 4847 3706 4912 παρά

2123 4957 2284 4992 τινων
2315 4939 2594 5009 τραπέζης
2628 4943 2909 5010 ἀργυρίων
2943 4940 3363 5009 προεστηκότων
3389 4958 3403 4971 ο
3437 4939 3492 4991 αἲ
3535 4957 3706 5008 κατη-

2124 5033 2343 5101 γόρουν,
2371 5033 2446 5098 ὡς
2477 5034 2560 5103 εἴη
2586 5033 2888 5105 Γρηγόριος
2919 5037 2980 5103 τῇ
3022 5033 3125 5104 ἰδία
3151 5034 3439 5101 ὲπιμανεὶς
3470 5032 3700 5101 ἀδελφῇ,

2125 5124 2280 5193 ἀνδρὶ
2323 5125 2416 5182 καὶ
2465 5125 2636 5177 ταῦτα
2663 5124 2835 5194 ἐτέρῳ
2882 5124 3290 5196 συνῳκισμένῃ.
3324 5124 3467 5191 Πρὸς
3499 5122 3555 5175 δέ
3613 5123 3708 5176 καὶ

2127 5217 2200 5279 ῶς
2225 5217 2309 5286 εἵη
2334 5220 2400 5286 τῇ
2429 5217 2522 5285 τῆς
2572 5218 2780 5278 πόλεως
2810 5217 3068 5287 εὐετηρίᾳ
3103 5217 3385 5286 πολλαχῶς
3435 5216 3708 5284 διαλυμη-

2127 5309 2381 5378 νάμενος.
2425 5309 2586 5362 Ἀλλά
2639 5309 2765 5377 περὶ
2821 5309 2919 5378 μὲν
2953 5309 3053 5375 τῆς
3105 5309 3287 5378 λύμης
3339 5310 3414 5371 ὼς
3469 5310 3598 5374 ἐνῆν
3647 5308 3707 5359 τδ

2097 5401 2381 5469 “έγκλημα
2413 5399 2722 5455 ἀπεδύσατο
2748 5417 2762 5432 ο
2811 5400 2939 5468 περί
2970 5417 3032 5468 γε
3069 5402 3176 5472 μὴν
3195 5402 3303 5454 τῶν
3342 5401 3516 5454 ἄλλων
3549 5399 3709 5469 βασι·

2129 5494 2226 5546 λέα
2263 5509 2320 5543 τε
2369 5495 2458 5544 καὶ
2513 5494 2611 5561 τὴν
2666 5491 2884 5544 σύνοδον
2931 5493 3124 5560 κριτὰς
3176 5493 3272 5546 καὶ
3327 5492 3704 5559 διαγνώμονας

2134 5584 2413 5637 ἐπεκάλει.
2449 5564 2564 5635 Καὶ.
2604 5583 2667 5648 δὴ
2705 5585 2848 5636 κατὰ
2881 5585 2980 5651 τὴν
3025 5584 3295 5654 βασιλίως
3330 5587 3518 5651 γέγονε
3554 5584 3709 5634 πόλιν

2135 5680 2232 5737 τὰς
2265 5675 2560 5742 ἀποὶογίας
2600 5674 2831 5744 ὑφέξων.
2865 5676 3122 5745 Παρῆσαν
3166 5675 3223 5727 δὲ
3251 5675 3350 5730 ικαὶ
3400 5677 3449 5727 oi
3478 5676 3711 5726 ἑκαστα-

2137 5767 2233 5837 χοῦ
2307 5768 2644 5836 πατριάρχαι
2703 5771 2768 5835 τῇ
2825 5769 3050 5841 τοιαύτῃ
3111 5768 3442 5838 συζητήσει·
3513 5769 3561 5820 oi
3609 5767 3709 5842 μὲν
