4100 6216
500 317 608 382 355

1727 302 2151 367 NICEPIIOIH
2193 302 2533 364 CALLIS'I'I

3645 289 3754 358 355

495 433 639 500 ipse,
671 439 719 483 et
749 427 841 497 qui
876 425 925 479 ei
970 431 1169 496 praesto
1209 432 1367 478 erant
1401 438 1416 475 :
1450 418 1545 490 qui
1578 420 1755 488 ipsum
1791 435 1895 473 uua
1943 433 2067 472 cum

2171 434 2278 470 των
2325 414 2761 482 ὑπεξαγαγόντες
2821 406 2963 482 ἦσαν
3019 407 3298 462 κινδύνων.
3357 408 3467 461 Καὶ
3511 406 3641 463 ἄλλο
3694 411 3754 462 δι

494 523 701 578 lectulo
725 520 1000 575 sublatum
1030 516 1163 569 fune
1187 514 1558 577 demiserunt,
1594 525 1723 564 cum
1767 511 1911 563 alius
1951 520 2064 562 ter-

497 632 573 669 ra
593 623 777 668 motus
804 611 984 665 locum
1011 609 1178 662 alium
1207 606 1383 661 ruinis
1409 604 1476 657 ad
1499 604 1553 658 id
1581 602 1947 673 patefecisset.
1969 615 2067 671 per

492 720 658 775 quem
687 701 994 774 periculum
1025 699 1326 754 imminens
1348 698 1682 767 ell‘ugerunt.
1704 695 1823 749 Alia
1845 708 2066 763 quoque

495 811 585 849 res
631 792 890 848 salutaris
924 789 1047 843 urbi
1085 786 1308 850 accidit,
1349 786 1589 854 benigno
1625 792 1683 837 et
1719 780 2063 836 miserieurdi

495 890 608 944 Deo
636 886 882 941 bonitate
928 891 985 937 et
1015 881 1243 936 lenitate
1270 894 1367 944 sua
1422 877 1599 931 minas
1638 875 2062 945 comprimente,

494 978 980 1045 utiseratiouisque
1034 983 1092 1029 et
1149 956 1538 1027 misericoidiaa
1591 968 1742 1038 virga
1795 965 2065 1034 castigare

496 1072 780 1127 hominum
822 1070 955 1123 vitia
1014 1072 1315 1121 statuente.
1362 1061 1498 1117 Nam
1554 1060 1764 1114 nullum
1812 1064 2063 1112 exortum

495 1174 582 1219 est
610 1152 952 1224 incendium,
986 1173 1112 1213 cum
1139 1156 1361 1227 quidem
1387 1153 1602 1209 multus
1615 1151 1817 1220 ubique.
1849 1149 1903 1203 in
1931 1147 2065 1201 urbe

499 1264 645 1310 esset
680 1253 839 1323 ignis.
895 1251 952 1304 in
987 1249 1125 1305 focis
1174 1248 1307 1316 ipsis
1362 1244 1596 1306 scilicet,
1637 1241 1975 1307 privatisque
2009 1244 2066 1291 et

496 1346 732 1415 publicis
783 1343 1049 1403 lucernis,
1095 1338 1439 1397 fornacibus.
1479 1335 1715 1398 balneis.
1750 1331 1954 1386 culinis
2009 1336 2066 1381 ct

495 1437 732 1492 oilicinis
764 1435 907 1497 aliis,
963 1433 1016 1486 in
1052 1432 1256 1501 quibus
1287 1430 1512 1498 opiﬁces
1554 1439 1700 1481 artes
1745 1439 1875 1479 suas
1907 1436 2066 1476 exer-

496 1537 643 1584 cent.
672 1526 824 1584 Multi
859 1536 1042 1580 autem
1086 1539 1155 1577 ex
1184 1522 1353 1577 claris
1391 1530 1446 1574 et
1490 1516 1798 1589 insignibus
1834 1513 1969 1568 viris
1999 1528 2066 1565 eo

2174 511 2244 577 τῇ
2295 507 2447 560 πόλει
2508 508 2779 577 σωτήριον
2835 502 3150 571 ἐπεγένετο,
3200 500 3296 554 τοῦ
3354 501 3752 570 φιλανθρὼπω

2172 596 2313 650 Θεοῦ
2376 597 2549 665 φειδοῖ
2600 595 2699 666 τὴν
2747 588 2982 662 ἀπειλὴν
3038 578 3395 661 ἀνασχόντος,
3450 578 3638 643 οἶκτον
3690 606 3754 642 τε

2173 690 2356 761 κλάδῳ
2377 691 2471 743 καὶ
2498 688 2651 742 ἐλέου
2693 687 3037 758 σωφρονίσαι
3066 686 3167 757 τὴν
3206 685 3406 738 κακίαν
3445 685 3756 754 προελομέ-

2173 799 2286 834 νου.
2323 779 2461 834 οὐδὲ
2499 780 2609 847 γάρ
2639 795 2723 840 τις
2767 779 3103 848 ἐμπρησμὸς
3130 778 3400 845 ἐγεγόνει,
3444 776 3542 829 καὶ
3574 775 3756 834 ταῦτα

2173 893 2213 927 π
2245 872 2369 927 λλοῦ
2419 872 2592 938 πυρὸς
2636 870 2952 939 ἁπανταχοῦ
3000 873 3068 941 τῇ
3116 869 3267 922 πόλει
3317 870 3535 932 ἐνόντος
3580 868 3646 922 ἐκ
3691 886 3756 921 τε

2169 962 2280 1015 τῶν
2327 961 2599 1032 ὲσχαρῶν,
2652 961 2747 1014 καὶ
2789 961 2905 1013 τῶν
2954 960 3154 1013 κοινῶν
3207 977 3269 1012 τε
3319 960 3414 1012 καὶ
3461 959 3757 1012 ἰδιωτικῶν

2169 1052 2401 1123 λύχνων,
2432 1054 2542 1104 τῶν
2566 1069 2624 1104 τε
2656 1052 2897 1118 πνιγέων
2937 1053 3034 1104 καὶ
3087 1049 3410 1120 βαλανείων,
3440 1049 3754 1104 ὀπτανείων

2169 1162 2229 1197 τε
2276 1146 2371 1198 καὶ
2411 1144 2588 1198 ἄλλων
2631 1145 2733 1197 ὅσα
2792 1144 2924 1214 περὶ
2967 1143 3065 1214 τὴν
3120 1143 3394 1214 βάναυσον
3440 1143 3752 1213 ὴσχόληται

2169 1230 2386 1306 τέχνήν.
2422 1236 2611 1289 Πολλοὶ
2634 1235 2691 1288 δὲ
2723 1236 2818 1288 καὶ
2851 1234 2958 1287 τῶν
2992 1236 3287 1315 ἐπισήμων
3318 1236 3415 1289 καὶ
3446 1235 3752 1302 ἀξιολόγων

2168 1330 2413 1383 ἑάλωσαν
2453 1331 2564 1392 τοῖς
2620 1330 2906 1396 σεισμοῖς·
2949 1321 3026 1382 ὧν
3071 1325 3150 1391 εἷς
3184 1323 3252 1398 ἦν
3303 1330 3393 1381 καὶ
3437 1330 3465 1380 ό
3512 1328 3754 1398 πρόσθεν

2168 1421 2299 1490 ἡμῖν
2368 1419 2658 1486 είρημένος
2735 1416 3033 1487 Ἀστέριος,
3097 1416 3259 1488 ἔργον
3323 1418 3435 1471 τῶν
3502 1416 3755 1485 σεισμῶν

2168 1527 2226 1577 γε
2234 1508 2375 1576 γονώ
2387 1528 2424 1570 ς.

500 1630 862 1681 terraemotu
902 1618 1249 1672 interierunt.
1283 1616 1528 1680 Quorum
1586 1625 1727 1665 tutus
1775 1608 1940 1664 etiam
1976 1605 2099 1668 iuit,
2154 1619 2318 1674 quem
2360 1604 2525 1673 paulo
2583 1616 2711 1661 ante
2755 1606 3022 1666 diximus.
3057 1603 3331 1667 Asterius.
3361 1605 3755 1660 eoucussioni-

497 1717 601 1771 bus
634 1712 897 1786 ejusmodi
927 1720 982 1763 et
1012 1710 1169 1764 ruina
1197 1711 1565 1763 exanimatus.

1075 1824 1299 1881 CAPUT
1346 1819 1485 1877 XIV.

432 1964 439 1965 κ
502 1922 565 1978 Ut
604 1921 796 1976 milites
862 1921 1149 1975 militarent
1198 1916 1533 1981 disciplinam
1581 1914 1936 1985 reliquerint:
1997 1914 2067 1973 ad

564 2008 690 2060 quos
723 1998 1033 2061 imperator,
1060 1999 1113 2061 ul
1144 2004 1227 2042 eos
1258 2004 1325 2040 at.
1368 1986 1588 2056 aﬁirium
1617 1985 1863 2039 reducere
1888 1991 2067 2038 tenta-

567 2070 666 2124 ret,
687 2061 996 2132 Gregorium
1027 2060 1184 2112 misit.

566 2178 746 2246 Atque
784 2176 936 2230 urbis
982 2173 1156 2244 ipsius
1190 2170 1466 2242 publicam
1506 2169 1717 2224 cladem
1769 2168 2065 2238 imperator

496 2268 732 2339 pecunia
779 2268 902 2321 data
947 2267 1157 2319 solatus
1199 2276 1305 2319 est.
1350 2263 1406 2317 In
1443 2262 1689 2317 exercitu
1720 2276 1849 2315 vero
1872 2262 2064 2315 eadem

494 2360 886 2433 eragdel’ectio
916 2368 1083 2428 atque
1130 2357 1361 2411 rebellio
1393 2371 1408 2409 :
1434 2356 1573 2409 adeo
1605 2362 1664 2408 ut
1692 2354 1905 2408 ﬁnitimi
1934 2352 2066 2434 Bar-

497 2454 613 2509 bari
664 2451 955 2508 confertim
1003 2463 1300 2504 excurrere
1353 2447 1410 2502 in
1457 2446 1754 2501 Romanam
1799 2445 2063 2501 ditionem

497 2544 790 2600 auderent.
826 2543 1154 2597 Persuasum
1196 2555 1434 2610 namque
1467 2540 1766 2605 habebant,
1801 2555 1883 2605 se,
1918 2537 2067 2609 quod

499 2636 611 2691 illis
639 2648 800 2689 nemo
820 2633 1035 2687 obviam
1063 2640 1330 2686 venturus
1356 2640 1523 2698 esset,
1552 2648 1622 2686 ex
1651 2631 1922 2686 sententia
1945 2645 2065 2700 quae

499 2726 700 2780 vellent
730 2725 991 2778 facturos.
1025 2721 1247 2777 Atenitn
1277 2721 1381 2776 hoc
1438 2722 1520 2776 sic
1549 2721 1661 2776 illis
1685 2721 2065 2791 opinantibus,

495 2798 808 2871 Germanus
855 2828 980 2869 cum
1040 2815 1123 2867 eis
1177 2825 1316 2881 quas
1366 2817 1551 2866 secum
1607 2809 1849 2866 habebat
1893 2809 2069 2879 cepiis

496 2907 764 2973 occurrit,
791 2912 847 2960 et
887 2913 1034 2960 tanta
1087 2903 1410 2958 fortitudine
1449 2903 1629 2957 victor
1676 2917 1773 2958 eos
1801 2904 2064 2969 concidit,

498 3010 561 3055 ut
599 3016 670 3054 ne
702 2997 930 3054 nuntius
958 2994 1179 3066 quidem
1227 2992 1401 3048 eladis
1442 2994 1564 3063 ejus
1608 2993 1793 3048 Persis
1845 2994 2066 3049 relictus

495 3090 685 3147 fuerit.
719 3089 1023 3160 Imperator
1049 3087 1140 3141 ubi
1178 3102 1298 3140 eam
1330 3099 1448 3139 rem
1478 3084 1758 3154 cognovit,
1784 3085 1949 3172 827
1977 3086 2064 3139 in-

2746 1812 2996 1867 ΚΕΦΑΔ.
3052 1810 3152 1867 IA'.

2186 1906 2277 1971 Ὠς
2311 1906 2417 1960 τοῦ
2442 1906 2713 1981 στρατοῦ
2742 1905 3218 1981 ἀφηνιάσαντοο.
3259 1908 3564 1981 βασιλεὺς
3604 1913 3755 1981 πέμ.

2244 1992 2397 2048 πων·⁸
2432 1976 2768 2044 Γρηγόριον
2792 2013 2808 2037 .
2868 1977 3309 2046 μεταστρέφειν
3345 1979 3623 2048 ἐπειρᾶτο
3678 1976 3754 2035 is

2242 2045 2608 2113 στράτευμα.

2254 2160 2413 2214 ’Λλλά
2466 2162 2526 2212 τὸ
2587 2159 2687 2231 μὲν
2745 2159 2845 2224 τῆς
2906 2158 3116 2224 πόλεως
3169 2161 3451 2235 πάνδημον
3490 2165 3666 2230 πάθος
3723 2168 3754 2221 ό

2174 2253 2431 2325 βασιλεὺς
2508 2252 2948 2322 παρεμυθήσατο
3024 2255 3313 2325 χρήμασιο
3388 2256 3456 2311 τά
3531 2258 3587 2312 δὲ
3653 2262 3752 2315 τοῦ

2172 2344 2405 2413 στρατοῦ
2489 2343 2685 2413 ἐπίσης
2756 2339 2904 2414 εἶχεν
2969 2346 3458 2416 ἁποστατήσαντα,
3507 2349 3582 2412 ὡς
3652 2354 3751 2405 καὶ

2171 2437 2298 2500 τοὺς
2383 2438 2627 2504 γείτονας
2706 2435 3019 2506 βαρϐάρους
3099 2425 3297 2506 ἀθρόον
3372 2440 3748 2498 ἐπεισπεσεϊν.

2190 2527 2501 2581 Ἐπείθοντο
2535 2529 2643 2598 γάρ
2676 2531 2751 2599 μή
2777 2545 2900 2583 τινα
2924 2529 3178 2598 ιμποδὼν
3207 2532 3546 2602 καταστῆναι
3573 2536 3752 2605 πράτ-

2173 2637 2286 2674 τειν
2340 2619 2376 2674 ἃ
2424 2618 2738 2690 βούλοιντοο
2769 2619 2890 2673 ἀλλ’
2933 2622 3316 2690 ἀντιμέτωπος
3368 2624 3525 2679 ταῦτ’
3559 2627 3748 2697 οίομέσ

2173 2732 2283 2778 νοις
2310 2713 2520 2776 τούτοις
2557 2712 2736 2765 ἔπεισι
2781 2713 3061 2782 Γερμανὸς
3095 2713 3193 2775 σὺν
3240 2717 3353 2780 τοῖς
3397 2717 3537 2788 ἀμφ’
3560 2720 3748 2774 αὐτόν.

2173 2804 2329 2860 Οὕτω
2373 2806 2428 2859 δὲ
2483 2804 2833 2873 κατακράτος
2878 2804 3046 2860 νικῶν
3093 2806 3442 2878 διέφθειρεν,
3494 2808 3569 2874 ὡς
3625 2810 3750 2882 μηδ*

2174 2895 2404 2964 ἄγγελον
2432 2896 2530 2966 τῆς
2561 2896 2847 2966 συμφορᾶς
2881 2895 3120 2967 Πέρσαις
3150 2897 3570 2968 ὑπολειφθῆναι.
3601 2901 3750 2954 Ἀλλ’

2173 2990 2202 3041 ό
2245 2986 2496 3057 βασιλεὺς
2539 2986 2712 3041 ταῦτα
2757 2986 2970 3058 μαθὼν,
3023 2989 3286 3060 μεγάλοις
3351 2992 3606 3063 χρήμασι
3655 2995 3751 3048 τὸν

2175 3077 2407 3147 στρατὸν
2455 3077 2736 3148 ἠμείϐετο.
2775 3078 3058 3133 Ἐντεῦθεν
3106 3078 3163 3132 δὲ
3210 3081 3491 3151 Γερμανὸν
3538 3083 3752 3152 ἀναγαο

495 3191 714 3254 gentem
743 3181 1035 3252 pecuniam
1071 3176 1341 3233 exercitui
1384 3176 1633 3238 donavit,
1672 3184 1730 3231 et
1757 3164 1950 3233 ducem
1986 3178 2067 3247 ip-

2171 3168 2304 3238 γὼν,
2354 3168 2451 3223 καί
2499 3185 2656 3232 τινας
2706 3169 2806 3222 σὺν
2853 3167 3005 3239 αὗτῷ
3036 3172 3117 3232 εἰς
3161 3166 3344 3239 κρίσιν
3375 3171 3606 3242 προῆγε.
3639 3175 3751 3228 Καὶ

497 3286 621 3327 sum
652 3269 781 3326 inde
806 3284 932 3325 eum
973 3267 1309 3338 quibusdam
1349 3266 1445 3337 qui
1488 3281 1615 3321 cum
1649 3281 1714 3322 eo
1759 3276 2071 3323 erantevo-

497 3373 705 3428 catum,
761 3361 816 3415 in
858 3358 1128 3432 judicium
1175 3357 1457 3429 produxit.
1493 3356 1572 3414 lbi
1617 3358 1833 3429 judiees
1877 3373 2070 3414 omnes

495 3453 718 3525 capitali
777 3453 901 3508 illos
934 3452 1204 3522 supplicio
1252 3451 1711 3506 condemnarunt.
1758 3450 2070 3521 Imperator

503 3555 633 3613 vero
667 3561 779 3601 non
813 3544 975 3600 modo
1007 3544 1062 3598 in
1099 3544 1221 3598 illos
1257 3558 1365 3597 non
1397 3542 1809 3607 animadvertit,
1838 3543 1933 3598 sed
1968 3542 2070 3598 lto-

498 3638 730 3694 noribus
757 3638 923 3693 etiam
968 3650 1024 3691 et
1069 3636 1314 3706 priemiis
1355 3650 1453 3690 eos
1496 3633 1773 3705 dignatus,
1819 3633 2072 3705 benigni-

497 3739 718 3799 tateque
772 3728 878 3783 alia
950 3727 1255 3783 liberaliter
1324 3737 1654 3797 prosecutus
1718 3734 1826 3781 est.
1892 3728 2070 3795 Atque

494 3836 623 3875 eum
658 3820 760 3875 hoc
788 3818 845 3873 in
873 3826 1017 3872 statu
1052 3831 1142 3871 res
1169 3816 1423 3871 Orientis
1447 3823 1616 3881 esset,
1646 3814 1856 3870 Abares
1895 3814 1981 3868 bis
2010 3815 2066 3868 in

497 3913 551 3968 id
591 3911 739 3983 quod
769 3919 996 3965 vocatur
1022 3908 1244 3976 Longus
1295 3922 1487 3961 murus
1526 3906 1876 3976 expeditione
1906 3908 2067 3972 facta,

495 4004 851 4075 Singidouem
900 4010 957 4057 et
1006 3998 1354 4059 Anchialum.
1402 3997 1778 4068 Graeciamque
1826 4013 2067 4064 omnem,

495 4107 662 4167 atque
712 4094 880 4150 urbes
908 4100 965 4147 et
1010 4091 1231 4147 castella
1271 4089 1377 4145 alia
1419 4098 1808 4161 expugnarunt
1856 4090 2071 4145 hostili-

497 4198 695 4258 terque
728 4186 1099 4257 diripuerunt.
1129 4183 1255 4240 aliis
1286 4183 1511 4254 quidem
1546 4184 1673 4255 igne
1705 4183 2067 4253 consumptis,

494 4279 619 4335 aliis
657 4288 842 4334 autem
870 4278 1152 4335 crudelem
1177 4278 1232 4332 in
1269 4276 1492 4332 modum
1512 4278 1713 4334 excisis
1740 4295 1755 4332 :
1781 4287 2069 4349 propterea

492 4369 640 4439 quod
675 4368 788 4424 illis
815 4369 1103 4424 resisteret
1132 4383 1319 4436 nemo,
1368 4378 1426 4425 et
1466 4369 1699 4424 maxima
1732 4384 1858 4440 pars
1886 4369 2072 4439 copia-

494 4475 618 4515 rum
646 4460 969 4515 militarium
1000 4461 1055 4514 in
1089 4459 1314 4515 Oriente
1336 4469 1667 4516 moraretur.
1686 4459 1805 4527 Quo
1834 4460 2070 4530 impera-
2100 4493 2149 4553 υ

494 4560 583 4606 tor
617 4548 892 4605 Andream
937 4550 1288 4621 imperalium
1328 4551 1631 4606 satellitum
1682 4551 1779 4621 qui
1825 4552 2064 4620 primum

493 4641 793 4713 praefectus
824 4641 951 4707 fuit,
986 4641 1157 4709 misit,
1190 4642 1284 4712 qui
1310 4643 1602 4708 exercitui,
1635 4649 1696 4697 ut
1732 4643 1946 4713 priores
1974 4658 2069 4697 or-

488 4737 685 4790 dinum
734 4735 999 4791 ductores
1043 4742 1100 4790 et
1149 4735 1440 4804 pra-rectos
1493 4750 1687 4789 rursus
1733 4734 2062 4804 reciperent,

490 4828 874 4897 persuaderet.
905 4825 1162 4882 Sedeuim
1197 4842 1321 4881 cum
1374 4827 1579 4882 milites
1608 4826 1861 4881 mandata
1893 4841 1955 4880 ea
1998 4842 2066 4882 ne

491 4919 685 4976 audire
728 4920 952 4991 quidem
1005 4920 1367 4982 sustinerent,
1421 4918 1718 4990 Gregorius
1774 4934 1892 4973 eam
1949 4934 2064 4972 rem

489 5011 798 5081 expedivit.
835 5011 969 5067 Erat
999 5011 1277 5083 siquidem
1307 5013 1388 5065 vir
1418 5011 1486 5066 ad
1521 5028 1608 5067 res
1641 5014 1905 5066 maximas
1934 5027 2067 5065 ron-

493 5104 758 5160 ticieudas
785 5105 1058 5160 idoneus:
1110 5113 1166 5160 et
1206 5106 1484 5161 exercitus
1519 5107 1841 5168 universus,
1894 5117 1952 5160 ut
1987 5106 2062 5160 ita

384 5256 390 5268 δ
490 5198 695 5262 dicam,
726 5198 960 5252 multum
994 5198 1046 5253 ei
1079 5198 1435 5254 observantia
1472 5199 1638 5255 simul
1671 5208 1725 5254 et
1754 5205 2063 5254 reverentia

492 5289 745 5344 exhibuit
774 5290 1062 5348 honorem.
1100 5292 1333 5358 Quidam
1369 5292 1515 5347 enim
1563 5292 1795 5362 pecunia
1839 5294 1960 5348 data
1994 5292 2064 5345 ab

494 5382 614 5451 ipso
646 5384 925 5441 conciliati
957 5383 1197 5449 fuerant,
1229 5384 1451 5453 quidam
1484 5393 1691 5439 vestem
1716 5396 2061 5454 acceperant.

494 5474 756 5531 Nonnulli
791 5488 920 5547 petu
957 5477 1211 5546 ciboque,
1236 5486 1291 5532 et
1316 5477 1438 5531 aliis
1470 5478 1695 5547 insuper
1725 5478 1910 5538 rebus,
1942 5492 2067 5546 qaue

494 5568 813 5625 hominibus
844 5571 897 5625 in
936 5579 1079 5625 terra
1122 5570 1302 5625 aliena
1354 5570 1682 5642 degentibus
1715 5569 1780 5623 ad
1820 5584 1978 5623 nsunt
2010 5579 2063 5621 ct

492 5663 877 5717 nbcessttatem
909 5661 1208 5717 commoda:
1237 5668 1387 5722 sunt,
1438 5659 1656 5714 abunde
1680 5658 1749 5714 ab
1782 5674 1847 5712 eo
1873 5658 2061 5710 retenti

492 5761 674 5807 erant.
705 5754 846 5809 Tam
879 5762 1086 5822 autem,
1112 5754 1426 5825 quicunque
1469 5752 1685 5809 delectu
1736 5750 1924 5805 habito
1964 5763 2061 5819 per

2172 3258 2380 3324 πάντες
2439 3259 2540 3329 μὲν
2593 3261 2796 3331 ἀθρόον
2849 3261 3081 3317 θάνατον
3148 3263 3377 3317 ἐκείνων
3435 3265 3753 3336 κατεψηφίο

2172 3369 2335 3407 σαντο
2356 3370 2371 3385 ·
2401 3350 2657 3423 βασιλεὺς
2683 3354 2742 3408 δι
2771 3354 2928 3408 τόσον
2956 3356 3056 3409 οὐκ
3082 3356 3405 3423 ὲκολάσατο,
3437 3358 3518 3411 ὅτι
3551 3375 3617 3427 γε
3648 3361 3751 3413 καὶ

2172 3445 2353 3515 γερῶν
2390 3445 2543 3516 ἠξίου
2576 3445 2852 3516 μεγάλων,
2881 3448 2975 3502 καὶ
3025 3447 3204 3511 άλλως
3251 3448 3750 3520 φιλοφρονούμενος

2170 3538 2426 3592 διετέλει.
2455 3536 2547 3591 Ἐν
2575 3537 2788 3604 τούτοις
2823 3538 2934 3592 τῶν
2984 3539 3168 3611 Ἐᾠων
3199 3541 3391 3608 ὄντων,
3425 3544 3475 3595 0i
3509 3543 3752 3613 Ἀϐαρες

2170 3629 2250 3693 δὶς
2296 3632 2387 3685 ἐπὶ
2432 3631 2493 3684 τὸ
2539 3631 2873 3702 καλούμενον
2920 3633 3152 3702 Μακρὶν
3199 3635 3380 3704 τεῖχος
3411 3632 3512 3704 τὴν
3558 3634 3751 3689 ἔλασιν

2172 3725 2556 3794 ποιησάμενοι,
2587 3725 2890 3793 Σιγγηδόνα
2920 3742 2979 3778 τε
3023 3726 3121 3779 καὶ
3158 3725 3468 3796 Ἀγχίαλον,
3515 3726 3751 3782 Ἐλλάδα

2171 3835 2229 3871 τε
2258 3819 2463 3880 πᾶσαν,
2501 3817 2595 3870 καὶ
2646 3816 2829 3879 πόλεις
2876 3815 3043 3879 ἄλλας
3094 3817 3188 3870 καὶ
3237 3817 3477 3888 φρούρια
3529 3818 3751 3889 πολιορ-

2171 3909 2395 3972 κοῦντες
2420 3908 2905 3978 ἠνδραποδίσαντο,
2935 3909 3005 3963 τά
3047 3909 3149 3979 μὲν
3196 3912 3334 3981 πυρὶ
3368 3911 3746 3976 δαπανῶντες,

2169 4002 2240 4055 τὰ
2278 4003 2334 4054 δὲ
2368 4001 2462 4054 καὶ
2495 4000 2730 4066 ἀφειδῶς
2775 4001 3209 4071 διαφθείροντες,
3243 4001 3456 4064 οὐδενὸς
3486 4003 3749 4058 ἀνθιστα-

2175 4092 2337 4160 μένου
2373 4090 2451 4161 τῷ
2486 4091 2557 4145 τὰ
2613 4091 2784 4146 πολλὰ
2818 4092 2927 4145 τῶν
2977 4093 3407 4162 στρατευμάτων
3436 4093 3744 4165 διατρίϐειν

2140 4183 2275 4237 ’άνὰ
2310 4184 2408 4255 τὴν
2437 4184 2513 4236 ἔω
2540 4199 2555 4216 ·
2607 4184 2695 4253 ἐφ’
2742 4183 2809 4255 ῆν
2854 4183 3108 4254 βασιλεὺς
3140 4182 3419 4254 Ἀνδρέαν,
3452 4185 3562 4239 τῶν
3590 4187 3752 4256 βασι-

2170 4275 2339 4329 λικῶν
2367 4276 2733 4331 ὑπασπιστῶν
2783 4279 2852 4330 τὰ
2903 4275 3099 4346 πρῶτα
3156 4276 3473 4348 γενόμενον,
3524 4277 3748 4350 ἔπεμπε

2172 4366 2353 4421 πειθοῖ
2397 4384 2506 4421 τινι
2553 4367 2647 4421 τὸν
2700 4369 2934 4438 στρατὸν
2992 4367 3369 4438 μεθελκύσαιο
3419 4369 3562 4423 ὥστε
3617 4369 3776 4433 τοὺς⁴

2175 4457 2473 4530 πῳτὲρους
2520 4458 2850 4530 ταξιάρχους
2900 4459 2996 4513 καὶ
3045 4461 3313 4529 λοχαγοὺς
3362 4459 3522 4525 αὖθις
3574 4463 3749 4516 εἰσδέ-

2174 4550 2395 4617 ξασθαι.
2455 4543 2555 4614 Οἷς
2602 4548 2723 4603 οὐδὲ
2779 4550 2973 4623 μέχρις
3027 4550 3183 4604 ὢτων
3240 4553 3644 4624 είσδεξαμένοις
3689 4559 3750 4609 τὸ

2173 4642 2499 4707 κελευσθὲν,
2553 4643 2839 4713 Γρηγορίῳ
2899 4642 2962 4696 τὸ
3024 4646 3259 4714 πρᾶγμα
3331 4645 3745 4721 διεσκευάζετο.

2172 4730 2296 4797 0“ος
2350 4737 2460 4806 γάρ
2497 4752 2555 4787 τε
2598 4730 2667 4806 ἦν
2704 4737 2824 4799 ταῖς
2858 4734 3144 4807 ἀληθείαις
3194 4738 3261 4789 τά
3315 4736 3555 4808 μέγιστα
3594 4741 3750 4809 ὲξερ-

2172 4826 2447 4893 γάσασθαι
2471 4840 2486 4855 ·
2536 4826 2673 4880 ἀλλὰ
2717 4826 2813 4879 καὶ
2846 4826 3092 4894 σύμπαν,
3132 4827 3210 4889 ὡς
3256 4828 3452 4892 εἰπεῖν,
3486 4829 3550 4882 τὸ
3583 4847 3779 4901 στρα-.

2172 4914 2396 4968 τόπεδον
2430 4914 2632 4985 πολλὴν
2658 4917 2853 4986 ἐκείνῳ
2897 4917 3141 4987 ἀπένεμε
3172 4918 3273 4988 τὴν
3309 4918 3475 4990 τιμὴν
3519 4921 3665 4973 αἰδοῖ
3684 4940 3745 4974 τε

2171 5004 2306 5075 ὁμοῦ
2333 5005 2428 5059 καὶ
2460 5005 2872 5075 σεϐασμιότητι.
2903 5009 2965 5059 Oi
3003 5008 3106 5077 μὲν
3142 5014 3252 5078 γὰρ
3294 5012 3573 5081 χρήμασιν
3604 5006 3746 5082 ἦσαν

2172 5100 2301 5167 παρ’
2337 5100 2548 5152 ἐκείνου
2586 5099 2936 5164 δεξιωθέντες
2960 5114 2977 5133 ⁸
3033 5102 3081 5152 οί
3133 5100 3179 5154 δ’
3234 5103 3462 5171 ἐσθῆτος
3494 5105 3749 5175 ἀπήλαυ-

2173 5208 2311 5243 σανο
2349 5190 2499 5244 ἄλλοι
2559 5191 2615 5245 δὲ
2660 5191 2896 5262 βρωτοῖς
2946 5209 3007 5245 τε
3071 5196 3165 5246 καὶ
3224 5196 3434 5263 πόμασι
3485 5197 3579 5248 καὶ
3631 5200 3746 5258 τοῖς

2171 5283 2352 5344 ἄλλοις
2397 5283 2497 5336 ὅσα
2556 5283 2695 5350 πρὸς
2744 5282 2936 5351 χρείαν
2984 5282 3300 5353 ὑπερορίοις
3326 5284 3593 5354 ἀνδράσιν
3624 5288 3747 5340 ἐπι-

2170 5376 2377 5446 τήδεια,
2432 5376 2682 5445 ἀφ’ὶόνως
2730 5375 2942 5428 ἐκεῖθεν
2988 5376 3241 5449 ἐτρύφων
3275 5392 3289 5407 ·
3321 5376 3497 5440 ἄλλως
3541 5394 3602 5431 τε
3647 5381 3747 5431 καὶ

2170 5469 2284 5521 ὅσοι
2313 5470 2377 5520 ὲκ
2415 5468 2719 5535 καταλόγου
2753 5467 3280 5537 στρατολογηθέντες
3315 5463 3480 5538 ἦσαν,
3505 5468 3574 5522 δι’
3604 5470 3749 5522 ὲκεί-

2171 5578 2262 5611 νου
2296 5559 2603 5630 παρῄεσαν.
2638 5559 2747 5612 Καὶ
2804 5561 2868 5630 δὴ
2919 5561 3115 5631 πρῶτα
3147 5561 3584 5631 ἀγγελιαφόρους
3616 5564 3744 5616 ἑκα-

2173 5653 2371 5723 σταχοῦ
2418 5652 2641 5721 πέμψας
2670 5655 2795 5717 τοὺς
2827 5653 2904 5722 τῷ
2953 5653 3168 5726 στρατῷ
3198 5657 3267 5708 τὰ
3302 5653 3494 5725 πρῶτα
3529 5654 3748 5707 τελοῦν-

2170 5764 2289 5813 τας,
2325 5746 2537 5814 ἀγείρει
2588 5747 2647 5797 ἐν
2697 5746 2990 5817 Λιτᾶρϐοις
3040 5747 3247 5819 χωρίῳ,
3304 5749 3536 5819 διέχοντι
3580 5749 3750 5800 θεου-
