4100 6216
413 284 526 345 πῃ
1286 284 1885 345 ECCLESIASTlC/E
1926 286 2315 348 HlSTORt/F
2358 292 2501 353 Lm.
2551 294 2769 360 xvm.
3454 354 3457 365 ς
3568 312 3673 375 359

410 396 623 457 πόλεως
663 395 809 464 ἀμφὶ
853 393 1201 464 τριακοσίους
1264 396 1515 457 σταδῖους
1543 409 1556 422 ·
1603 397 1735 466 παρ’
1768 390 1849 459 οἷς
1902 413 1973 448 κα

2106 411 2511 455 sacramentum
2548 405 2787 462 militare
2818 407 2869 461 in
2909 411 3215 480 catalogum
3242 417 3462 488 ascripti
3494 434 3669 485 erant.

411 489 574 549 αὐτὸς
592 488 912 557 γενόμενος,
938 490 1145 555 καίπερ
1172 486 1491 557 κλινοπετὴς
1517 487 1611 549 ὢν,
1630 487 1775 550 ἔλεξε
1800 487 1976 540 τοιάδε

2116 505 2212 559 per
2246 492 2421 561 ipsum
2452 494 2503 547 id
2531 499 2814 553 consecuti
2842 500 3078 557 fuerunt.
3128 506 3193 559 Et
3221 486 3454 576 primum
3484 513 3575 567 ille
3603 514 3670 569 ad

411 580 529 635 loca
558 581 769 641 omnia.
811 580 1021 633 nuntiis
1063 581 1128 632 ad
1155 595 1252 634 eos
1284 579 1465 635 missis
1508 578 1600 649 qui
1634 581 1937 650 principem
1978 582 2159 637 locum
2203 585 2259 638 in
2308 590 2553 642 exercitu
2599 590 2941 656 obtinebant,
2974 597 3177 653 milites
3216 600 3268 653 in
3294 601 3554 670 Litarbis,
3581 623 3669 663 re-

410 674 576 742 gione
618 688 648 727 a
695 672 961 741 Theopoli
1002 673 1222 727 circiter
1253 680 1494 726 trecenta
1520 672 1693 727 stadia
1726 674 1983 737 distante,
2026 681 2396 747 congregavit.
2466 681 2546 737 Ad
2610 699 2750 753 quos
2788 700 2915 741 eum
2950 691 3067 759 ipse
3099 708 3315 764 quoque
3348 696 3547 756 deinde
3579 718 3671 759 ve-

412 772 609 835 uisset,
638 769 851 821 tametsi
887 768 941 820 iu
964 766 1110 821 lecto
1138 768 1506 831 decumbens,
1531 768 1800 838 ejusmodi
1824 770 1989 824 verba
2032 772 2158 826 fecit
2190 790 2202 825 :

1010 906 1258 959 ΚΕΦᾹΛ.
1296 908 1399 960 IE'.

415 1000 751 1069 Δημηγορίη
778 1000 1115 1069 Γρηγορίου
1140 999 1246 1051 τοῦ
1281 1001 1659 1065 Θεουπόλεως
1706 1002 1857 1067 πρὸς
1883 1000 1989 1052 τὸν

880 1068 1231 1123 ἀποστάντα
1257 1071 1538 1135 στρατόν.

490 1205 509 1235 ι
555 1184 782 1253 ’Ἄνδρες
826 1181 1088 1248 Ῥωμαῖοι
1138 1183 1229 1232 καὶ
1277 1182 1457 1247 λόγοις
1515 1182 1608 1233 καὶ
1641 1182 1985 1251 πράγμασιν,

410 1276 572 1345 ῷμην
623 1276 721 1343 μὲν
772 1274 883 1340 ἐγὼ
933 1274 997 1324 ἐκ
1051 1272 1249 1324 πολλοῦ
1307 1272 1400 1341 τὴν
1437 1272 1591 1341 ὐμῶν
1648 1273 1784 1342 πρὸς
1838 1275 1986 1340 ἡμᾶς

411 1369 637 1422 ἔσεσθαι
688 1367 907 1435 ἄφιξιν,
970 1367 1079 1427 τοῖς
1132 1365 1469 1433 ἐπισυμϐἄσι
1526 1365 1708 1437 κοινὴν
1760 1368 1988 1436 γνώμην

410 1462 853 1531 ποιησομένουςο
886 1459 978 1511 καὶ
1013 1459 1209 1527 ϐουλὴν
1256 1459 1460 1528 ὑφῆναι
1511 1458 1609 1527 τῆς
1653 1462 1714 1511 ὲκ
1754 1461 1985 1514 παλαιοῦ

411 1557 626 1617 εὐνοίας
666 1556 812 1607 τοῦτ’
859 1556 1341 1625 ἐπαγγελλομένης
1369 1571 1382 1584 ⁸
1417 1555 1539 1625 ἥτις
1589 1556 1985 1618 ἀνενδοιάστως

410 1651 524 1708 τοῖς
574 1648 1055 1717 προηγησαμένοις
1118 1648 1177 1698 τὸ
1226 1647 1443 1717 βέϐαιον
1507 1647 1693 1717 ἔσχεν,
1751 1650 1838 1701 ὅτε
1896 1651 1987 1701 τὸν

411 1741 804 1808 ἐπιγενόμενον
850 1741 979 1809 ὑμῖν
1017 1740 1175 1794 σάλον
1226 1742 1337 1802 τοῖς
1373 1742 1700 1815 ἐπιτηδείοις
1750 1741 1987 1806 ὲδεξιού-

413 1849 548 1901 μην.
578 1831 720 1883 Ἀλλ’
770 1831 891 1883 ἐπεὶ
939 1832 1000 1883 τὸ
1046 1832 1206 1901 μέχρι
1241 1830 1334 1883 τοῦ
1380 1832 1647 1900 παρόντος
1683 1830 1983 1903 παρώφθη-

414 1940 538 1992 μεν,
567 1922 775 1977 ἄνωθεν
824 1924 957 1986 ἴσως
1005 1923 1079 1994 μὴ
1131 1924 1414 1993 ὲνδοσῖμου
1461 1927 1860 1994 γεγενημένον.
1910 1925 1986 1987 ὡς

411 2015 479 2068 ἄν
504 2032 569 2084 γε
607 2016 814 2085 Πέρσαι
849 2014 949 2084 τὴν
992 2015 1282 2084 Ῥωμαίων
1330 2018 1552 2087 ἀνδρίαν
1584 2019 1781 2085 γνοῖεν,
1820 2035 1987 2072 κατα-

412 2108 888 2177 στρατηγηθέντες
926 2108 1299 2178 ὐπ’-ἀνδράσι
1353 2112 1521 2178 μήπω
1567 2112 1750 2181 μάχης
1794 2128 1987 2163 πεπει-

410 2199 674 2268 ραμένοις
705 2216 719 2228 ’
763 2200 822 2251 τὸ
879 2199 924 2252 δ’
956 2200 1226 2269 ἡμέτερον
1277 2202 1598 2269 ἀκραιφνῶς
1650 2194 1841 2255 εὔνουν
1890 2202 1983 2256 διὰ

410 2294 629 2347 πάντων
670 2293 967 2363 γνωσθείη.
1002 2293 1224 2364 βασάνῳ
1271 2276 1615 2364 χρησάμενον
1660 2293 1738 2364 τῷ
1781 2298 1982 2367 καιρῷ,

407 2385 505 2437 καὶ
536 2387 645 2446 τοῖς
676 2384 857 2454 ἔργοις
894 2385 1038 2453 μάλα
1072 2388 1437 2456 μαρτυρηθέν·
1476 2386 1569 2438 καί
1598 2402 1663 2455 γε
1710 2386 1985 2456 δείξαντες

410 2478 565 2546 ἔχετε
596 2478 671 2539 ὡς
712 2478 808 2530 καὶ
854 2477 991 2545 πρὸς
1020 2477 1147 2541 τοὺς
1177 2478 1565 2549 ἡγησαμένους
1603 2481 1757 2549 ὑμῶν
1793 2484 1982 2545 κακῶς

410 2570 735 2639 διετέθητε·
790 2570 887 2622 καὶ
946 2569 1121 2631 οὕτως
1185 2570 1339 2624 οὐδὲν
1406 2570 1536 2639 ὑμῖν
1612 2574 1722 2625 τῶν
1788 2573 1983 2627 κοινῶν

408 2663 871 2733 προίργιαίτερον
899 2678 915 2694 ο
970 2661 1071 2729 ἄγε
1112 2661 1248 2728 δῆτα
1293 2660 1407 2729 εἴγε
1448 2660 1791 2731 βουλομένοις
1856 2665 1982 2733 ὑμῖν

406 2762 543 2820 ἐστι,
577 2758 730 2824 κοινῇ
770 2757 897 2824 περὶ
931 2754 1039 2807 τῶν
1073 2755 1363 2826 πρακτέων
1401 2755 1881 2825 διασκοπὴσωμεν.
1920 2757 1979 2813 Ὀ

405 2848 642 2917 χρηστὸς
674 2847 831 2917 ήμῶν
884 2846 1135 2915 βασιλεὺς
1178 2847 1321 2916 ὑμᾶς
1360 2850 1769 2919 προσκαλεῖται,
1799 2853 1979 2922 ἀμνη-

406 2958 561 2993 στιαν
622 2942 731 2991 τῶν
793 2939 1274 3009 προηγησαμένην)
1345 2942 1859 3013 ἐπαγγελλόμενος’
1921 2946 1979 2996 τδ

406 3034 544 3101 προς
593 3034 653 3085 τὺ
704 3033 979 3101 ὁμόφυλον
1008 3033 1164 3105 ὑμῶν
1192 3034 1403 3101 εὔνουν,
1439 3038 1535 3089 καὶ
1571 3036 1670 3104 τὴν
1700 3039 1851 3109 παρὰ
1888 3039 1979 3091 τὸν

2712 913 2936 972 CAPUT
2970 916 3082 973 XV.
3500 974 3505 977 .

2097 998 2279 1054 Oratio
2337 999 2580 1073 Gregorii
2647 1005 2920 1090 Theopolis
2971 1012 3197 1081 episcopi
3247 1018 3317 1070 ad
3352 1019 3669 1087 defectorem

2728 1088 3031 1134 exercitum.

2172 1204 2188 1235 ι
2228 1185 2340 1239 Viri
2385 1197 2439 1241 et
2496 1188 2677 1242 verbis
2712 1199 2766 1245 et
2826 1193 2990 1249 rebus
3035 1196 3168 1263 ipsis
3216 1200 3484 1264 Romani.
3523 1205 3666 1258 arbi-

2098 1286 2275 1330 tratus
2323 1279 2541 1347 qnidem
2591 1297 2709 1334 sum
2759 1283 2966 1337 dudum
3012 1302 3112 1341 vos
3159 1289 3225 1345 ad
3275 1308 3359 1345 me
3405 1307 3666 1348 venturos

2092 1369 2286 1431 fuisse,
2344 1382 2403 1425 ut
2454 1374 2519 1427 de
2572 1374 2653 1427 eis
2700 1392 2820 1444 quae
2866 1378 3185 1433 acciderunt
3234 1383 3398 1439 rebus
3447 1402 3659 1441 mecum

2093 1461 2394 1515 sententias
2437 1465 2941 1529 communicaretis,
2983 1471 3383 1540 consiliumque
3436 1489 3664 1543 capere-

2093 1551 2182 1604 tis.
2221 1552 2387 1621 quue
2423 1564 2606 1616 vetus,
2652 1571 2771 1624 quze
2820 1558 2951 1610 mihi
2998 1559 3280 1615 vobiscum
3332 1564 3661 1625 intercessit,

2094 1642 2474 1697 benevolentia
2535 1646 2772 1712 pollicita
2832 1660 2914 1702 est
2954 1666 2969 1703 :
3012 1666 3131 1719 qum
3189 1654 3410 1721 quidem
3470 1656 3662 1709 ofhciis

2089 1746 2217 1799 erga
2251 1750 2349 1789 vos
2378 1736 2654 1804 prioribus
2682 1752 2833 1793 certo
2862 1742 3181 1797 confirmata
3212 1752 3316 1809 est,
3343 1747 3512 1816 828
3534 1764 3656 1801 cum

2091 1827 2272 1881 navali
2324 1838 2503 1884 vestro
2552 1834 2742 1893 motui,
2785 1843 2839 1886 et
2889 1835 2981 1903 qni
3034 1850 3159 1887 eum
3206 1837 3531 1893 subsecutus
3574 1852 3660 1893 est

2092 1920 2372 1984 tumultui,
2411 1922 2573 1978 rebus
2608 1926 2936 1979 necessariis
2971 1927 3213 1994 praebitis
3246 1932 3517 1983 succurri.
3550 1931 3654 1985 Sed

2090 2012 2141 2067 id
2179 2014 2444 2069 hactenus
2494 2016 2700 2070 factum
2736 2032 2843 2070 non
2878 2029 2980 2082 est,
3016 2020 3159 2088 quod
3199 2021 3427 2075 fortasse
3459 2023 3657 2077 diebus

2089 2104 2469 2173 superioribus
2496 2106 2715 2159 occasio
2744 2108 2809 2159 ad
2837 2122 2955 2160 eam
2987 2124 3098 2162 rem
3134 2109 3361 2175 prmbita
3398 2124 3504 2162 non
3533 2111 3603 2163 sit
3638 2130 3651 2162 :

2085 2196 2295 2251 scilicet
2333 2204 2391 2249 ut
2430 2195 2607 2251 Persre
2648 2211 2774 2252 vere
2815 2197 3183 2253 Romanorum
3254 2202 3654 2267 fortitudinem,

2085 2289 2157 2343 ab
2184 2290 2267 2345 eis
2298 2290 2432 2345 viris
2463 2290 2555 2361 qui
2600 2289 2740 2346 duce
2782 2301 3057 2357 carerent,
3091 2293 3218 2346 victi
3263 2302 3428 2363 atque
3465 2294 3654 2363 profli-

2084 2385 2215 2453 gati,
2249 2385 2656 2455 perspicerent;
2689 2394 2850 2455 atque
2884 2393 2944 2438 ut
2976 2386 3191 2440 sincera
3221 2398 3399 2441 vestra
3428 2387 3480 2441 in
3513 2404 3658 2441 rem-

2087 2477 2357 2544 publicam
2388 2477 2765 2532 benevolentia
2801 2480 3064 2547 temporis
3086 2478 3495 2547 opportunitate
3527 2494 3653 2547 spe-

2084 2580 2247 2631 ctata.
2292 2587 2586 2641 rerumque
2631 2572 2871 2642 ipsarum
2920 2572 3231 2627 testimonio
3274 2573 3651 2641 comprobata.

2083 2678 2148 2717 ex
2198 2673 2348 2731 parte
2398 2666 2544 2717 omni
2598 2676 3040 2734 cognosceretur.
3090 2665 3420 2720 Dcclarastis
3475 2665 3650 2734 siqui-

2083 2754 2231 2818 dem,
2262 2768 2384 2807 cum
2417 2756 2677 2809 adversus
2712 2756 2882 2811 duces
2910 2765 3119 2811 vestros
3148 2756 3334 2810 dolore
3367 2756 3647 2813 commoti.

2086 2846 2226 2900 male
2278 2846 2502 2899 animati
2552 2846 2755 2913 fuistis,
2803 2848 2939 2901 nihil
2992 2847 3148 2901 vobis
3195 2861 3319 2902 esse
3370 2849 3649 2917 republica

2080 2936 2362 3005 antiquius
2393 2946 2448 2989 et
2482 2937 2864 3005 praestabilius.
2893 2938 3096 2991 Verum
3128 2938 3383 3007 agedum,
3416 2940 3462 2993 si
3494 2940 3649 2993 vobis

2083 3026 2318 3087 videtur,
2351 3030 2716 3081 communiter
2745 3028 2875 3099 quid
2916 3030 3058 3084 facto
3096 3044 3237 3098 opus
3271 3030 3364 3093 sit,
3395 3030 3650 3097 dispicia-

408 3126 651 3194 πόλεμον
697 3125 1010 3194 εὐανδρίαν,
1046 3128 1168 3178 ἀντὶ
1200 3127 1413 3179 θαλλῶν
1464 3129 1749 3197 ἱκετηρίας
1782 3131 1976 3183 ἀποδε-

2086 3134 2224 3173 mus.
2267 3118 2433 3172 Vocat
2467 3134 2562 3172 vos
2593 3120 2659 3173 ad
2705 3135 2762 3174 se
2810 3120 3077 3190 benignus
3109 3120 3407 3190 imperator
3441 3132 3644 3183 noster,

408 3218 678 3287 ξάμενοςο
712 3217 932 3286 ἀσφαλῆ
985 3218 1213 3289 ἐνέχυρα
1264 3219 1439 3273 ταῦτα
1485 3220 1658 3281 διδοὺς
1703 3222 1832 3291 ὑμῖν
1878 3223 1975 3292 τῆς

406 3312 655 3377 ἀφέσεως
681 3326 694 3340 ·
732 3311 1091 3379 διαγορεύων,
1120 3313 1194 3375 ὡς
1249 3313 1296 3363 εί
1332 3315 1358 3365 ό
1407 3314 1587 3366 πάιτα
1639 3315 1781 3384 χειρὶ
1816 3316 1975 3367 κατέ-

404 3426 516 3476 χων
545 3408 615 3473 τῇ
644 3404 829 3474 εὐνοίᾳ
859 3406 918 3456 τδ
966 3406 1129 3458 πλέον
1162 3409 1341 3474 ἀφῆκε
1366 3424 1380 3438 ·
1421 3407 1515 3459 καὶ
1545 3406 1653 3458 τῶν
1688 3407 1974 3475 ἐγκλημά-

405 3514 513 3549 των
542 3497 642 3566 τὴν
672 3496 904 3565 εὐθύνην
932 3497 1098 3557 λύσας
1127 3497 1214 3550 διὰ
1243 3498 1343 3566 τῆς
1375 3498 1597 3567 ἀνδρίας
1630 3499 1782 3566 ὑμῶν
1805 3498 1973 3564 ἔδειξε

406 3592 627 3649 πάντως
680 3574 1015 3657 σαφέστατος
1046 3592 1074 3641 ό
1103 3589 1203 3655 τῆς
1254 3590 1661 3658 συγχωρήσεως
1706 3589 1971 3658 ἔλεγχος·

406 3683 523 3743 πῶς
576 3683 697 3751 οὐχὶ
750 3683 846 3734 καὶ
901 3681 1065 3743 αὐτὸς
1121 3678 1325 3749 ἕψομαι
1386 3684 1449 3750 τῇ
1509 3680 1629 3751 θείᾳ
1678 3681 1846 3751 ψήφῳ
1904 3684 1974 3736 δι’

402 3774 653 3841 ἀνάγκης
690 3771 1024 3840 ἐπειγούσης
1054 3771 1203 3823 λύειν
1231 3772 1290 3823 τὸ
1336 3770 1626 3840 ἐγκλημας
1664 3774 1858 3825 Τοίνυν
1908 3774 1975 3845 ἦν

404 3868 530 3935 ἐμοὶ
582 3864 865 3935 πείθησθε,
902 3863 1076 3928 εἴξατε
1118 3864 1370 3932 τάχιστα,
1406 3864 1480 3933 μὴ
1532 3865 1973 3934 καταπροέμενοι

401 3956 497 4007 τὸν
548 3958 764 4024 καιρὸν,
818 3955 910 4009 ἵνα
959 3954 1033 4023 μὴ
1076 3953 1419 4025 διολισθήσας
1467 3957 1693 4026 ἄσχετος
1741 3956 1970 4023 γένοιτο.

403 4050 685 4121 Δυσχερὴς
738 4049 844 4119 γὰρ
909 4048 1229 4118 κρατεῖσθαι
1295 4049 1703 4120 παραδραμών·
1771 4052 1977 4117 ἀγανα-

403 4142 576 4207 κτῶν,
606 4142 683 4205 ὡς
728 4144 794 4197 ἄν
837 4158 922 4203 τις
966 4143 1129 4203 εἴποι,
1158 4141 1239 4194 δτι
1287 4158 1351 4208 γε
1381 4142 1687 4209 παροπτέος
1721 4142 1970 4210 ιγένετο·

402 4236 499 4288 καὶ
528 4234 609 4295 δὶς
634 4234 839 4303 ληπτδς
881 4228 1023 4286 εἶναι
1053 4234 1155 4286 οὐκ
1200 4234 1473 4302 ἀνέχεται.
1507 4235 1615 4287 Καὶ
1664 4233 1727 4303 δὴ
1772 4235 1972 4304 κληρο-

403 4331 685 4397 νομήσατε
716 4326 843 4388 τούς
888 4326 1131 4396 πατέρας
1168 4326 1269 4395 τῆς
1306 4325 1585 4394 εὐηκοῖας,
1622 4324 1811 4395 ὥσπερ
1838 4326 1973 4392 δῆτα

406 4423 498 4472 καὶ
540 4419 641 4487 τῆς
674 4418 896 4487 ἀνδρίας
926 4416 1308 4487 κεκλήρωσθε,
1342 4418 1428 4469 ἵνα
1464 4417 1551 4470 διὰ
1589 4417 1804 4470 πάντων
1838 4418 1973 4487 μᾶλ-

406 4514 500 4564 λον
542 4513 804 4580 Ῥωμαῖοι
835 4510 1104 4579 δειχθῆτε,
1140 4511 1236 4563 καὶ
1269 4510 1343 4580 μή
1378 4526 1465 4572 τις
1495 4510 1649 4579 ὐμῶν
1677 4511 1971 4580 ἐπιδράμοι

412 4605 621 4673 μῶμος,
654 4604 688 4671 ἦ
717 4602 907 4661 νόθους
956 4603 1100 4670 ὑμᾶς
1130 4603 1222 4655 καὶ
1268 4604 1733 4672 παρεγγράπτους
1782 4603 1973 4670 γόνους

406 4699 686 4765 ἀποφανῇ.
718 4696 781 4748 Ol
811 4696 919 4763 γὰρ
954 4696 1099 4764 ὑμᾶς
1131 4694 1297 4760 ἀξίως
1324 4695 1418 4747 τοῦ
1453 4698 1645 4763 γένους
1678 4695 1969 4765 φύσαντες,

407 4789 513 4839 ὑπὸ
564 4790 679 4849 τοῖς
729 4787 958 4848 ὑπάτοις
1022 4787 1114 4839 καὶ
1171 4785 1449 4855 βασιλεῦσι
1501 4787 1843 4856 ταττόμενοι,
1893 4788 1971 4857 τῷ

406 4879 588 4940 καλῶς
636 4877 921 4930 πείθεσθαι
974 4878 1068 4930 καὶ
1121 4880 1187 4946 τῇ
1244 4878 1470 4945 ὲμφύτῳ
1528 4879 1721 4949 ἀνδρία
1762 4879 1825 4931 τὸ
1874 4878 1971 4932 νῦν

406 4968 729 5035 οἰκούμενον
784 4969 893 5019 πᾶν
941 4969 1008 5036 τῇ
1068 4965 1355 5034 Ῥωμαίων
1403 4968 1544 5037 ἀρχῇ
1599 4969 1967 5036 ὑπηγάγοντο.

407 5059 647 5121 Μάλλιος
691 5062 798 5127 γὰρ
849 5058 1213 5127 Τορκουᾶτος,
1244 5057 1335 5110 τὸν
1375 5060 1594 5127 γνήσιον
1639 5058 1800 5111 παῖδα
1846 5076 1969 5112 στε-

404 5158 563 5223 φάνῳ
630 5153 944 5221 περιδησας,
979 5153 1226 5205 ἀνεῖλεν·
1291 5152 1485 5222 ἀνδρίᾳ
1551 5153 1651 5221 μὲν
1716 5153 1968 5207 πλεῖστον

399 5247 771 5311 διενεγκόντα,
807 5244 1093 5297 πείθεσθαι
1140 5244 1196 5298 δὲ
1242 5246 1442 5314 ἥκιστα
1484 5244 1724 5299 θέλοντα.
1770 5245 1832 5297 Ἢ
1863 5247 1968 5314 γὰρ

397 5340 511 5392 τῶν
567 5340 815 5406 ἀγόντων
855 5339 1133 5399 εὐϐουλία,
1169 5340 1261 5390 καὶ
1311 5338 1418 5389 τῶν
1456 5337 1743 5404 ἀγομένων
1788 5340 1847 5389 τὸ
1880 5339 1968 5389 εὐ-

400 5433 611 5494 πειθὲς,
648 5432 877 5484 πλεῖστα
911 5432 1004 5481 καὶ
1037 5434 1266 5498 μέγισ;α
1297 5428 1403 5479 τῶν
1432 5428 1649 5494 ἀγαθῶν
1690 5430 1964 5496 πεφᾷκασι

396 5523 867 5591 κατεργάζεσθαι.
913 5524 971 5573 Εἰ
1023 5522 1077 5573 δέ
1114 5538 1215 5573 που
1268 5523 1491 5589 θάτερον
1522 5519 1612 5571 τοῦ
1642 5520 1830 5589 ἑτέρον
1866 5537 1965 5589 χη-

399 5618 574 5688 ρεύει,
607 5614 837 5684 χωλεύοι
870 5616 935 5667 ἂν
963 5618 1020 5664 ὲν
1078 5615 1153 5681 τῷ
1186 5614 1342 5680 μέρει
1374 5613 1465 5663 καὶ
1498 5616 1965 5681 περιτρεπόμενον

401 5712 720 5779 σφάλλεται,
741 5710 835 5779 τῆς
864 5710 1040 5777 ἄριστ’
1073 5710 1297 5777 ἐχούσης
1327 5707 1615 5779 ξυνωρίδος
1648 5707 1960 5777 διεζευγμέο

2077 3210 2395 3264 amnestiam
2425 3228 2518 3265 seu
2549 3211 2880 3265 oblivionem
2899 3224 3059 3282 atque
3097 3213 3475 3282 impunitatem
3508 3230 3646 3283 pras-

2079 3302 2365 3356 teritorum
2430 3303 2757 3357 delictorum
2822 3305 3181 3372 promittens,
3244 3315 3300 3359 et
3365 3307 3642 3375 egregium

2076 3402 2317 3447 vestrum
2388 3408 2515 3463 erga
2583 3395 2977 3463 rempubliCam
3039 3397 3319 3463 animum,
3390 3400 3643 3468 belloque

2078 3485 2323 3556 gerendo
2355 3486 2759 3551 fortitudinem,
2795 3502 2893 3556 pro
2931 3489 3353 3557 supplicantium
3387 3493 3646 3560 gratiaru-

2075 3598 2181 3651 que
2207 3583 2507 3649 petentium
2535 3582 2823 3640 frondibus
2855 3584 3151 3653 recipiens,
3186 3595 3340 3640 certo
3380 3589 3639 3642 nimirum

2078 3675 2304 3745 pignore
2350 3676 2455 3729 isto
2497 3675 2712 3729 veniam
2756 3676 2915 3731 nobis
2957 3677 3289 3744 concedens,
3320 3689 3483 3749 atque
3526 3681 3641 3734 ha'c

2077 3769 2192 3836 ipse
2233 3784 2419 3822 secum
2458 3778 2717 3838 reputans
2747 3785 2762 3824 :
2787 3768 3238 3839 Quandoquidem
3270 3773 3361 3841 qui
3400 3788 3485 3827 res
3521 3774 3641 3826 nui-

2076 3878 2260 3917 versas
2307 3880 2471 3917 manu
2521 3879 2620 3919 sua
2668 3865 2915 3919 continet
2950 3866 3090 3920 Deus
3122 3866 3439 3937 benignitati
3473 3870 3641 3937 pluri-

2076 3971 2247 4020 mum,
2289 3966 2469 4010 errata
2520 3956 2902 4021 condonando,
2944 3958 3155 4023 tribuit,
3194 3968 3249 4013 et
3293 3975 3390 4028 per
3424 3960 3642 4014 fortitu-

2077 4046 2258 4101 dinem
2308 4058 2569 4111 vestram,
2606 4048 2872 4102 rationem
2920 4049 2988 4103 de
3038 4050 3360 4104 criminibus
3406 4052 3639 4105 redden—

2075 4139 2198 4193 dam
2244 4140 2492 4205 remisit,
2545 4141 3139 4211 manifestissmumque
3180 4144 3367 4211 gratiae
3412 4145 3637 4198 omnino

2074 4232 2229 4287 facta:
2285 4233 2547 4288 indicium
2603 4234 2853 4288 exhibuit
2894 4254 2907 4288 :
2948 4235 3225 4303 quomodo
3270 4251 3373 4306 ego
3419 4252 3639 4306 quoque

2074 4326 2320 4379 divinum
2358 4325 2649 4385 calculum,
2679 4324 2770 4393 qui
2812 4324 2946 4379 mihi
2980 4325 3323 4380 remittenda:
3357 4344 3510 4382 noxa:
3543 4343 3639 4381 ne-

2077 4417 2385 4470 cessitatem
2417 4415 2669 4485 imponit,
2706 4431 2811 4469 non
2843 4416 3076 4485 sequar?
3106 4417 3338 4472 Proinde
3368 4418 3411 4473 si
3444 4434 3636 4487 parere

2078 4508 2209 4560 mihi
2259 4507 2474 4570 voletis,
2524 4506 2777 4569 Romani,
2819 4507 3108 4562 confestim
3151 4510 3409 4574 credetis,
3456 4527 3637 4579 neque

2075 4605 2277 4652 tantam
2320 4599 2582 4668 temporis
2623 4600 3090 4669 opportunitatem
3140 4603 3420 4670 prmterire
3466 4606 3637 4672 patie-

2074 4690 2228 4752 mini,
2271 4705 2338 4744 ne
2386 4704 2511 4745 cum
2557 4690 2647 4745 illa
2693 4690 2968 4760 effugerit,
3009 4692 3401 4761 comprehendi
3447 4702 3633 4763 postea

2072 4794 2329 4851 nequeat;
2364 4783 2483 4838 Non
2517 4783 2675 4838 facile
2710 4799 2946 4853 namque
2970 4794 3253 4854 postquam
3290 4788 3635 4855 przetervola-

2071 4875 2171 4936 vit.
2236 4873 2477 4943 capitur;
2514 4874 2941 4944 quodammodo.
2981 4886 3043 4930 ut
3091 4876 3290 4945 aliquis
3340 4877 3504 4943 dicat,
3550 4878 3635 4931 iu-

2071 4968 2233 5037 digne
2289 4966 2505 5024 ferens.
2556 4967 2702 5037 quod
2763 4967 3007 5037 neglecta
3064 4954 3487 5038 contemptaque
3536 4969 3628 5023 sit.

2073 5062 2246 5126 Atque
2295 5075 2353 5113 se
2403 5074 2593 5113 rursus
2648 5058 2913 5129 prehendi
2970 5062 3191 5112 omnino
3244 5076 3353 5114 non
3405 5062 3635 5129 patitur.

2070 5151 2256 5221 Itaque
2294 5161 2509 5214 patrum
2548 5160 2857 5206 vestrorum
2893 5150 3214 5205 obedientise
3258 5151 3637 5205 haereditath

2070 5244 2300 5307 cernite,
2335 5242 2496 5297 sicuti
2544 5244 2594 5295 in
2641 5243 2982 5297 fortitudinis
3017 5259 3209 5297 eorum
3250 5243 3467 5297 laudem
3509 5261 3637 5298 sur-

2069 5338 2311 5389 cessistis
2342 5356 2356 5390 :
2398 5346 2457 5388 ut
2488 5337 2635 5388 onmi
2661 5352 2727 5389 ex
2757 5345 2908 5403 parte
2941 5350 3037 5388 vos
3076 5336 3347 5390 ltomauos
3377 5351 3495 5390 esse
3531 5338 3629 5388 dc-

2067 5431 2319 5490 clarvtis.
2372 5444 2548 5498 neque
2596 5430 2951 5498 reprehensio
3006 5429 3111 5483 ulla
3161 5430 3316 5483 vobis
3362 5429 3628 5489 incessat,

2067 5535 2185 5587 quc
2218 5520 2552 5586 illegitimam
2586 5536 2681 5573 vos
2715 5530 2770 5573 et
2817 5522 3177 5575 adulterinam
3226 5521 3467 5574 sobolem
3507 5536 3637 5572 esse

2067 5620 2275 5679 arguat.
2305 5613 2406 5677 Qui
2439 5627 2670 5681 namque
2701 5614 2795 5677 ita,
2823 5623 2881 5666 ut
2910 5614 3154 5667 Romano
3177 5627 3375 5681 genere
3402 5612 3627 5674 digntlm

2065 5715 2200 5767 erat,
2238 5720 2335 5755 vos
2367 5715 2726 5773 promearunt
2761 5708 3015 5772 majores.
3051 5704 3269 5767 regibus
3304 5710 3356 5753 et
3387 5703 3629 5754 consuli-
