4106 6224
491 286 598 358 35‘.)

1706 290 2115 354 NlCEPHORI
2157 291 2498 354 CAIJJSTI

3615 299 3725 362 360

493 413 596 465 lius
641 411 865 472 subditi,
910 412 1012 465 rite
1063 413 1328 481 imperata
1379 411 1650 474 iaciendo,
1695 421 1752 464 et
1796 425 1910 463 rem
1963 422 2044 474 μ’(

2162 427 2276 477 νης.
2309 411 2396 478 Μὴ
2427 411 2600 460 τοίνυν
2637 409 2726 461 τοῦ
2757 409 2942 464 λοιποῦ
2977 411 3170 481 μέλετε
3199 428 3211 441 °
3246 411 3504 481 πείσθητε
3536 413 3591 468 δέ
3631 434 3727 484 μοι

493 504 653 556 insita
711 503 1034 556 fm-titndine
1094 505 1354 573 praeclare
1408 503 1681 572 gerendo,
1739 503 2051 555 universum

494 604 763 646 terrarum
821 593 1009 647 orbem
1069 594 1316 648 Romano
1375 594 1606 662 imperio
1667 593 2050 662 subjugarunt.

492 683 725 736 Manlius
755 693 905 736 certe
945 681 1254 750 Torquatus
1290 697 1448 736 suum
1494 682 1608 750 ipse
1651 681 1821 735 lilium
1853 695 2053 734 cornua

487 783 815 828 exornatum
863 775 1044 828 securi
1091 775 1302 843 perculi
1344 775 1528 844 jussit,
1563 772 1889 827 fortitudine
1933 773 2055 840 qui-

487 862 612 916 dem
663 863 815 917 illum
858 864 1153 933 plurimum
1195 873 1563 933 praestantem,
1598 864 1828 933 imperio
1871 871 2052 918 autem

488 954 714 1008 minime
746 970 938 1024 parere
981 955 1276 1010 volentem.
1307 955 1476 1025 829
1507 955 1656 1010 Bono
1689 969 1924 1023 namque
1955 953 2054 1007 du-

485 1060 612 1098 cum
661 1044 914 1106 consilio,
946 1053 1002 1098 et
1041 1055 1290 1114 prompta
1335 1046 1567 1099 militum
1611 1043 1902 1099 obediendi
1953 1058 2052 1096 vo-

489 1136 721 1199 luntate,
758 1136 1008 1204 plurima:
1046 1146 1102 1191 et
1157 1137 1404 1192 maximae
1451 1153 1538 1191 res
1583 1125 1842 1208 prospere
1882 1136 2052 1191 conli-

486 1225 731 1280 ciuntur.
762 1226 832 1278 At
863 1225 906 1280 si
937 1225 1170 1280 alterum
1203 1226 1271 1280 ab
1303 1227 1474 1281 altero
1535 1226 1874 1296 sejungatur.
1905 1227 2057 1280 elnu~

486 1316 672 1368 dicare
711 1325 919 1384 partem
951 1317 1201 1378 alteram,
1233 1325 1290 1372 et
1319 1316 1513 1371 collabi
1543 1330 1791 1372 eversam
1826 1329 2051 1372 necesse

485 1413 596 1468 est,
629 1408 837 1494 Optimo
868 1407 1100 1463 duarum
1133 1407 1358 1462 istarum
1391 1409 1655 1461 virtutum
1699 1409 1813 1477 pari
1849 1408 2048 1462 diviso.

487 1493 722 1550 Proinde
746 1510 812 1549 ne
841 1494 1079 1566 amplius
1105 1495 1458 1560 cunctamini,
1481 1496 1725 1564 mihique
1749 1496 1841 1566 qui
1872 1512 2051 1551 sacer-

484 1588 586 1639 dos
619 1586 709 1641 Dei
747 1601 892 1652 sum,
923 1596 978 1639 et
1009 1596 1192 1656 partes
1222 1602 1370 1641 meas
1405 1585 1618 1641 medius
1643 1591 1787 1641 inter
1817 1588 2052 1658 impera-

484 1686 658 1728 torem
678 1685 735 1728 et
760 1677 1060 1730 exercitum
1085 1676 1394 1746 interpono,
1421 1684 1631 1745 parete,
1660 1685 1822 1746 atque
1863 1688 2049 1733 osten-

2159 500 2293 565 ἱερεῖ
2350 516 2408 564 γε
2461 499 2575 553 δντι
2623 499 2780 563 Θεοῦ,
2839 501 3086 575 βασιλείᾳ
3142 502 3234 557 καὶ
3295 503 3516 573 στρατῷ
3569 523 3729 574 μεσιο

2154 589 2360 641 τεύοντι
2388 606 2404 620 σ
2434 592 2527 642 καὶ
2583 592 2794 656 δείξατε
2837 594 2912 658 ὡς
2959 595 3024 648 ού
3077 597 3398 668 τυραννικὸς
3439 599 3468 650 ὁ
3498 599 3725 664 τρῦπος.

2154 681 2270 733 ἀλλ’
2299 683 2675 754 ἀγανάκτησις
2708 687 2914 749 ἔνδικος
2946 689 3084 758 πρὸς
3114 689 3308 759 καιρὸν
3340 685 3408 758 ἦν
3438 689 3580 741 κατὰ
3613 691 3725 740 τῶν

2151 774 2212 826 οὖ
2255 777 2642 845 προσηκόντως
2687 780 3140 848 στρατηγούντων
3185 782 3358 850 ὑμῶν.
3398 781 3458 834 Εἰ
3494 781 3600 848 γὰρ
3642 782 3723 846 μὴ

2154 868 2381 934 τάχιστα
2408 869 2651 938 πρόσιτε,
2681 871 2792 938 ἐγὼ
2827 871 2930 940 μὶν
2958 873 3340 942 άφοσιὼσομαι
3373 873 3468 925 καὶ
3500 873 3600 940 τὴν
3636 876 3720 934 εἰς

2153 959 2212 1010 τὸ
2245 959 2543 1028 πολίτευμα
2567 960 2803 1028 εὔνοιαν,
2837 963 2931 1018 καὶ
2969 967 3067 1036 τὴν
3096 966 3179 1028 είς
3227 967 3373 1033 ὑμᾶς
3423 964 3629 1034 φιλῖαν,
3659 972 3723 1016 τὸ

2153 1048 2300 1111 εἰκὸς
2331 1049 2552 1103 διελθών
2577 1071 2590 1083 ·
2627 1053 2756 1121 ὑμῖν
2781 1054 2838 1108 δὲ
2870 1057 3139 1126 προσήκει
3167 1060 3412 1120 σκοπεῖν,
3437 1058 3549 1117 τοῖς
3575 1057 3723 1108 οὕτω

2151 1140 2476 1206 τυραννοῦσι
2510 1143 2578 1194 τὰ
2621 1142 2866 1197 ἔπαθλα.⁸
2912 1145 2987 1216 πῆ
3039 1147 3146 1216 γὰρ
3178 1147 3327 1214 λήξει
3376 1149 3435 1200 ὲν
3483 1151 3614 1219 ύμῖν
3647 1151 3721 1202 τὰ

2155 1231 2437 1299 παρόντας
2471 1230 2566 1297 Ἐς
2596 1237 2760 1288 ταυτὸ
2791 1237 2896 1305 γάρ
2943 1238 3086 1307 ὑμᾶς
3138 1235 3279 1292 εἷναι
3317 1241 3426 1294 τῶν
3470 1243 3530 1294 ού
3573 1244 3720 1295 πάνυ

2152 1335 2204 1370 τι
2249 1315 2448 1389 ῥᾳδίων
2479 1323 2634 1374 ἐστί·
2677 1325 2842 1378 πόθεν
2879 1329 2988 1396 γὰρ
3037 1331 3068 1400 ἡ
3121 1331 3231 1384 τῶν
3278 1334 3590 1401 ἀναγκαίων
3621 1337 3722 1387 καὶ

2152 1413 2370 1504 ὡραίων
2398 1420 2723 1491 συγκομιδὴ,
2757 1422 2788 1493 ἢ
2818 1416 2893 1477 ὧν
2929 1425 3169 1480 θάλαττα
3198 1430 3262 1498 τῇ
3294 1430 3510 1504 ἠπείρῳ
3543 1451 3720 1504 προσ-

2153 1503 2306 1571 νέμει
2342 1506 2401 1558 τδ
2437 1509 2586 1572 εἰκὸς
2615 1514 3023 1582 συναρήγουσα,
3058 1517 3108 1568 εί
3136 1520 3210 1588 μή
3239 1536 3302 1586 γε
3337 1523 3450 1583 τοῖς
3484 1503 3717 1593 δμοφύι

2151 1593 2265 1686 λοις
2319 1597 2400 1659 είς
2450 1600 2633 1671 μάχην
2688 1603 2877 1671 ἰόντες,
2923 1609 3019 1661 καὶ
3076 1611 3145 1663 τὰ
3191 1611 3414 1667 πάντων
3457 1617 3722 1686 αἴσχιστα

2151 1684 2383 1754 δράσητε
2435 1689 2552 1757 ἅμα
2609 1693 2704 1744 καὶ
2764 1694 3049 1766 πείσησθε,
3114 1701 3207 1753 καὶ
3256 1697 3367 1755 οἷον
3418 1702 3480 1756 τὸ
3537 1684 3716 1773 τέλος,

482 1767 629 1829 dite,
663 1781 770 1820 non
805 1768 1148 1837 tyrannieum
1179 1783 1412 1831 morem,
1443 1768 1535 1822 sed
1565 1769 1768 1839 justam
1806 1770 2044 1842 indigna-

2157 1775 2428 1844 σποράδες
2494 1780 2770 1850 γινόμενοι
2822 1786 3173 1858 βιοτεύσησθε
3245 1795 3339 1845 καὶ
3391 1799 3720 1865 παραπὲδας

485 1858 712 1924 tionem,
755 1858 821 1912 ad
877 1858 1042 1914 breve
1095 1869 1330 1928 tempus,
1370 1859 1514 1928 quod
1569 1860 1830 1916 adversus
1882 1864 2052 1919 duces

484 1959 697 2004 vestros
727 1952 909 2004 minus
947 1949 1191 2019 legitime
1236 1951 1568 2018 imperantes
1617 1953 1828 2021 egistis,
1859 1953 2048 2009 fuisse.

481 2040 596 2094 Nisi
633 2043 778 2094 enim
811 2058 975 2111 quam
1009 2041 1246 2110 primum
1277 2042 1347 2096 ad
1382 2043 1769 2111 imperatorem
1801 2057 2044 2100 vestrum

477 2131 865 2192 accurreritis,
914 2144 1014 2200 ego
1065 2129 1289 2198 quidem
1343 2129 1509 2185 simul
1562 2141 1617 2184 et
1664 2135 1937 2203 egregiam
1991 2137 2046 2190 in

479 2221 878 2289 rempublicam
913 2222 1274 2284 voluntatem,
1306 2229 1362 2275 et
1401 2222 1731 2292 singularem
1779 2239 1904 2293 erga
1950 2243 2045 2284 vos

480 2326 750 2373 amorem,
785 2325 883 2380 pro
918 2309 1096 2366 ollicio
1127 2327 1272 2376 meo,
1303 2321 1492 2366 sancte
1531 2315 1904 2382 praestiterim.
1940 2318 2042 2373 Vo-

480 2403 566 2456 t-is
602 2411 783 2456 autem
814 2404 982 2457 etiam
1016 2413 1177 2473 atque
1205 2404 1370 2458 etiam
1403 2405 1698 2460 videndum
1731 2407 1916 2473 fuerit,
1945 2411 2040 2479 qui

2157 1865 2370 1956 π-άντως
2401 1870 2432 1938 ὴ
2463 1871 2586 1941 δίκη
2619 1875 2909 1945 ἀνέχεσθαι
2957 1881 3156 1950 ἥκιστα
3190 1884 3492 1956 δυναμένη;
3525 1889 3721 1952 Δόντες

2152 1953 2245 2010 οὖν
2300 1960 2511 2025 ἑαυτοῖς
2565 1965 2744 2029 δεξιὰς
2807 1970 2900 2022 καὶ
2952 1971 3030 2042 τῷ
3073 1976 3448 2048 πολιτεύματι,
3492 1982 3552 2032 τὸ
3596 1982 3721 2036 δέον

2155 2053 2519 2122 σκοπήσωμεν
2543 2072 2557 2086 ο
2587 2058 2681 2110 καὶ
2713 2059 2808 2111 νῦν
2838 2061 3094 2131 μάλιστα,
3132 2068 3218 2120 ὅτε
3265 2071 3358 2122 καὶ
3411 2073 3506 2125 τοῦ
3543 2091 3720 2143 σωτη-

2155 2141 2272 2211 ρίου
2326 2146 2532 2211 πάθους
2576 2151 2673 2213 τὰς
2727 2154 2959 2224 ἡμέρας,
3009 2157 3101 2210 καὶ
3146 2159 3246 2231 τῆς
3295 2166 3570 2234 παναγίας
3621 2141 3719 2223 τινιῖ

2153 2234 2400 2304 Σωτῆρος
2432 2239 2590 2308 ἡμῶν
2625 2243 2797 2312 Ἰησοῦ
2829 2248 3063 2316 Χριστοῦ
3092 2253 3439 2318 ἀναστάσεως
3477 2275 3717 2330 συναρη-

2150 2325 2354 2394 γούσας
2385 2332 2478 2383 καὶ
2529 2336 3145 2410 συνεπιλαμϐανομένας
3189 2349 3300 2409 τοῖς
3345 2348 3541 2419 λῲοσ.ι
3574 2353 3716 2422 ἔχω-

2150 2434 2270 2486 μεν.
2313 2439 2332 2472 ι

477 2498 552 2550 ita
604 2497 942 2565 tyrannidem
995 2500 1362 2564 exerceretis,
1413 2515 1536 2571 qua:
1590 2503 1870 2572 proposita
1932 2507 2044 2562 sint
2081 2517 2322 2579 prazmia.
2389 2521 2669 2586 Quorsum
2744 2495 2891 2582 etaim
2932 2531 3087 2587 vobis
3127 2551 3214 2590 res
3255 2552 3547 2607 prxsenms
3584 2557 3708 2598 eu-

475 2589 646 2700 deut?
677 2589 810 2642 Nam
843 2599 903 2643 ut
929 2590 983 2644 in
1012 2591 1114 2646 hoc
1144 2592 1262 2661 ipso
1288 2605 1647 2698 permaneant
1697 2605 1866 2662 statu.
1931 2600 2352 2676 haudqmquam
2418 2616 2576 2671 facile
2642 2618 2758 2674 fieri
2792 2631 2990 2692 potest.
3023 2589 3179 2684 Unde
3209 2589 3342 2686 vero
3373 2633 3478 2687 erit
3507 2589 3704 2700 victus,

478 2689 535 2732 et
585 2678 802 2750 frugum
851 2691 1188 2738 maturarum
1233 2700 1301 2739 ex
1351 2686 1513 2755 agris,
1555 2694 1651 2742 aut
1689 2705 1881 2746 earum
1923 2709 2045 2763 quae
2084 2713 2235 2756 mare
2277 2707 2582 2765 continenti
2634 2712 2760 2782 ipsi,

481 2772 710 2827 l‘ercndo
767 2773 1111 2842 suppeditat.
1168 2790 1352 2832 rerum
1423 2779 1776 2848 importatiu?
1837 2784 2048 2842 Bellum
2116 2805 2179 2846 er

474 2873 534 2918 et
564 2863 765 2918 bellum
795 2865 863 2920 ab
891 2865 1100 2921 eisdem
1137 2868 1496 2938 excipientes,

2831 2732 2928 2786 pro
2989 2735 3056 2774 eo
3085 2731 3248 2792 atque
3279 2739 3377 2793 par
3412 2735 3513 2790 est,
3543 2742 3706 2796 opem

2181 2809 2248 2887 go
2298 2800 2654 2867 pepularibus
2711 2810 2908 2865 vestris
2991 2813 3320 2870 Christianis
3372 2817 3710 2887 inferentes,

1538 2887 1629 2926 res
1684 2876 1936 2972 omnium
2011 2878 2340 2942 ftedissimas
2416 2903 2472 2945 et
2516 2893 2751 2963 facietis,
2784 2909 2844 2955 et
2908 2904 3216 2972 patiemini.
3259 2908 3328 2962 Et
3354 2909 3446 2964 ubi
3491 2876 3711 2969 tandem

478 2970 777 3026 postremo,
808 2961 938 3015 hinc
965 2970 1022 3016 et
1051 2961 1175 3017 inde
1206 2963 1463 3033 dispersi,
1491 2968 1659 3022 vitam
1691 2969 1948 3041 degetis?
1976 2973 2042 3030 Et
2074 2991 2445 3050 consequetur
2508 3003 2538 3042 a
2611 3000 2695 3046 ter

477 3054 741 3108 vicaeiam
780 3065 1017 3110 vestram
1064 3058 1357 3124 sustinuere,
1399 3070 1494 3114 aut
1531 3064 1746 3119 veniam
1813 3068 1971 3124 vobis
2037 3071 2107 3126 de
2145 3086 2343 3134 extero

472 3147 632 3201 nobis
683 3147 916 3202 invicem
969 3158 1027 3203 et
1075 3135 1393 3218 reipublicae
1427 3152 1764 3224 jungamus,
1814 3171 1868 3214 et
1919 3178 2035 3218 rem
2075 3165 2269 3234 ipsam,

469 3237 639 3306 idque
690 3254 836 3292 nunc
881 3255 1045 3308 quam
1097 3241 1352 3308 maxime,
1433 3254 1559 3300 cum
1645 3252 1940 3307 salutifera:
2010 3259 2278 3324 passionis
2371 3277 2428 3322 et
2488 3237 2875 3330 sancti-ssimml
2921 3237 3340 3340 resurrectionis
3403 3287 3440 3342 S

2697 3009 2764 3063 go
2802 3012 2896 3052 vos
2926 2999 3166 3056 vindicta
3198 3003 3405 3071 divina,
3436 3023 3558 3076 quae
3590 3025 3709 3079 per.

2388 3082 2517 3138 dare
2561 3087 2787 3145 minime
2835 3097 3058 3162 poterit.
3099 3096 3446 3171 QuaprOpter
3490 3105 3712 3163 dextras

2335 3189 2434 3243 pro
2471 3190 2538 3232 eo
2583 3189 2746 3250 atque
2793 3199 3011 3254 aequum
3056 3197 3167 3253 est,
3233 3188 3649 3254 consideremus
3693 3219 3708 3253 :

3443 3294 3710 3348 ervatoris

472 3332 645 3386 nostri
694 3331 823 3385 Jesu
864 3331 1066 3388 Christi
1111 3335 1226 3389 dies
1250 3333 1442 3404 festos,
1471 3341 1565 3408 qui
1605 3343 1762 3396 nobis
1802 3346 1865 3396 ad
1912 3361 1997 3400 res
2039 3351 2292 3410 meliores
2322 3373 2481 3430 opem
2515 3375 2569 3419 ct
2603 3331 3362 3446 auxilium

1057 3469 1282 3528 CAPUT
1322 3471 1458 3528 XVI.

472 3585 540 3640 Ut
581 3586 832 3639 exercitus
876 3583 1126 3660 Gregorio
1160 3603 1396 3660 parem,
1441 3604 1654 3642 rursum
1690 3588 2039 3660 Philippica":

1027 3659 1060 3706 11
1067 3671 1208 3709 nam
1240 3659 1442 3727 legerit.

539 3794 836 3864 Gregorius
888 3794 1002 3848 haec
1040 3804 1210 3863 atque
1260 3794 1366 3848 alia
1415 3797 1572 3866 plura
1613 3806 1739 3852 cum
1784 3799 2038 3871 lacrymis

467 3890 710 3951 lucutns,
746 3884 933 3938 divino
973 3885 1214 3951 quodam
1255 3893 1388 3940 nutu
1426 3885 1481 3940 in
1515 3899 1792 3942 momento
1826 3899 2037 3961 tempo-

463 3981 546 4031 ris
584 3977 798 4030 animos
832 3975 1078 4030 omnium
1112 3976 1170 4028 in
1213 3976 1375 4029 aliam
1407 3977 1732 4032 sententiam
1771 3981 2035 4038 traduxit.

463 4071 655 4137 Itaque
700 4076 759 4121 ut
806 4067 888 4121 eis
936 4083 1005 4121 ex
1053 4077 1324 4122 conventu
1375 4069 1632 4123 secedere
1675 4070 1885 4134 liceret,
1923 4085 2035 4142 quo

458 4160 697 4213 δίδοι-εἰη]
731 4158 1034 4213 deliberare
1077 4158 1146 4212 de
1185 4175 1251 4213 eo
1280 4159 1426 4229 quod
1467 4176 1684 4231 aequum
1727 4173 1876 4218 esset
1911 4180 2038 4234 pos-

457 4264 610 4318 sent,
651 4253 953 4322 petierunt,
1029 4265 1092 4307 ac
1141 4252 1302 4322 paulo
1355 4261 1477 4321 post
1525 4255 1733 4309 reversi
1779 4257 2034 4325 potestati

459 4345 734 4399 antistitis
777 4359 834 4398 se
877 4344 1273 4413 permiserunt.
1316 4343 1492 4414 Atque
1539 4345 1619 4400 illi
1665 4347 2033 4417 Philippicum

460 4436 814 4497 nominatim,
848 4444 908 4488 ut
941 4435 1094 4489 illum
1124 4435 1380 4490 videlicet
1411 4435 1594 4490 denuo
1624 4436 1822 4492 ducem
1854 4455 2036 4494 sume-

467 4535 612 4587 rent,
636 4527 801 4595 830
827 4526 1101 4595 alleganti,
1130 4541 1188 4580 se
1214 4535 1269 4580 et
1291 4528 1596 4582 exercitum
1625 4544 1843 4582 onmem
1871 4530 2035 4599 juris-

412 4615 687 4682 .jurandi
746 4615 1008 4682 religione
1065 4616 1396 4669 obstrictum
1450 4633 1609 4680 esse,
1671 4619 2032 4688 Philippicum

465 4705 694 4772 posthac
734 4705 924 4757 ducem
961 4718 990 4757 a
1029 4720 1088 4758 se
1133 4707 1359 4760 minime
1404 4715 1718 4776 susceptum
1757 4709 1845 4768 iri,
1878 4710 2033 4762 dixe-

2727 3510 2970 3564 ΚΕΦΑΛ.
3015 3517 3130 3581 1.7.

2154 3586 2248 3652 Ὠς
2281 3594 2538 3681 στρατὸς
2554 3600 2878 3681 ,Γρηγορίῳ
2901 3610 3195 3681 πειθήνια
3227 3620 3558 3681 γεγονότες,
3593 3615 3709 3675 αὗ·

2281 3665 2373 3726 θις
2405 3666 2508 3715 τὸν
2541 3665 2898 3726 Φιλιππικὸν
2918 3665 3158 3732 εἶλοᾶοτο
3183 3665 3546 3754 στρξιτῄὴπίᾶιῖξ

2222 3767 2280 3822 Ὀ
2313 3775 2411 3838 μὲν
2442 3774 2536 3841 οὖν
2582 3785 2815 3838 τοσαῦτα
2851 3789 2942 3840 καὶ
2978 3791 3113 3844 ἄλλα
3169 3795 3338 3849 πλείω
3383 3800 3576 3866 εἰπὼν,
3609 3810 3707 3856 καὶ

2139 3862 2528 3935 ἐπιδακρύσας,
2564 3875 2704 3944 ῥοπῇ
2752 3894 2856 3930 τινι
2894 3879 3015 3950 θείᾳ.
3053 3885 3149 3946 τας
3185 3887 3440 3941 ἁπάντων
3474 3894 3706 3962 γνώμας

2138 3959 2193 4056 εν
2219 3963 2416 4056 ἀκαρεῖ
2449 3971 2848 4040 μετερρύθμιζε
2870 3993 2883 4006 ο
2914 3980 3009 4031 καὶ
3042 3980 3270 4049 ἐζήτουν
3297 3985 3390 4036 τοῦ
3437 3959 3701 4056 συλλόγου

2136 4050 2481 4117 ὑπεξελθεῖν·
2523 4063 2598 4124 ὡς
2630 4061 2696 4115 ἂν
2728 4067 2849 4118 καθ’
2877 4069 3104 4133 ἑαυτοὺς
3134 4074 3436 4142 γενόμενοι,
3469 4081 3596 4148 περὶ
3626 4073 3708 4134 ὧν

2133 4141 2241 4198 δέοι
2277 4145 2694 4214 βουλεύσωνται.
2730 4157 2840 4209 Καὶ
2876 4161 2995 4228 μετ’
3026 4162 3088 4214 οὐ
3124 4164 3256 4218 πολὺ
3281 4167 3529 4235 ἥκοντες,
3562 4173 3705 4239 σφᾶς

2135 4237 2332 4300 αὐτοὺς
2373 4239 2450 4310 τῷ
2485 4243 2622 4312 ἱερεῖ
2660 4247 3029 4317 ἐγχειρίζουσι
3052 4267 3066 4280 ·
3102 4255 3197 4307 καὶ
3239 4257 3332 4309 τὸν
3375 4260 3703 4315 Φιλιππικὸν

2136 4328 2194 4394 ἐξ
2220 4330 2483 4399 ὀνόματος
2529 4338 2738 4390 εἰπόντι
2777 4339 2860 4393 ἵνα
2897 4339 3051 4405 αὖθις
3088 4346 3320 4402 ἕλωνται
3372 4355 3701 4421 στρατηγὸν,

2133 4423 2322 4492 ὅρκοις
2347 4424 2540 4489 δεινοῖς
2565 4427 2749 4495 ἔλεγον
2781 4433 3142 4502 διομόσασθαι
3173 4440 3267 4492 καὶ
3297 4443 3357 4493 τὸ
3387 4444 3704 4512 στράτευμα

2138 4515 2384 4583 σύμπαν,
2421 4513 2454 4588 ἦ
2483 4519 2588 4589 μὴν
2622 4522 2812 4576 τοῦτον
2847 4527 2920 4596 μὴ
2952 4528 3046 4580 τοῦ
3091 4530 3282 4583 λοιποῦ
3329 4533 3606 4596 δέξασθαι.
3643 4539 3704 4589 ’0

2134 4610 2191 4661 δὲ
2226 4612 2356 4680 μήτι
2401 4614 2537 4681 πρὸς
2583 4615 2742 4670 τοῦτο
2786 4621 3061 4690 μελλήσας
3102 4627 3131 4676 δ
3182 4628 3391 4697 ἱερεὺς,
3421 4629 3524 4700 ἔφη
3569 4633 3705 4700 πρὸς

2137 4702 2381 4764 ἐξουσίας
2423 4703 2562 4759 εἶναι
2604 4709 2752 4761 λύειν
2801 4714 2893 4763 καὶ
2937 4713 3160 4782 δεσμεῖν
3203 4717 3297 4769 ἐπὶ
3341 4719 3445 4787 γῆς
3493 4738 3551 4772 τε
3609 4722 3707 4773 καὶ

465 4810 617 4850 runt.
650 4795 851 4850 Adhtec
899 4794 1196 4866 Gregorius
1236 4797 1371 4850 nihil
1434 4809 1744 4863 cunctatus,
1772 4801 2031 4854 sacerdo-

2143 4797 2362 4865 οὐρανοῦ
2384 4815 2396 4828 ⁸
2445 4803 2538 4853 καί
2561 4802 2658 4870 τὴν
2684 4803 2839 4855 θείαν
2865 4806 2956 4856 ἐπὶ
2978 4807 3153 4877 τούτῳ
3180 4808 3428 4863 κέλευσιν
3461 4816 3705 4884 προῆγεν

463 4899 577 4940 tem
626 4902 685 4941 se
725 4903 824 4956 per
871 4887 1110 4941 divinam
1157 4889 1388 4957 gratiam
1433 4905 1575 4956 esse,
1608 4900 1664 4945 et
1706 4902 2029 4960 potestatem

465 4979 714 5033 solvendi
738 4989 792 5032 et
814 4978 1016 5048 ligandi
1040 4980 1093 5031 in
1121 4980 1260 5033 cmlo
1285 4989 1340 5033 et
1369 4979 1423 5032 in
1446 4989 1591 5035 terra
1620 4982 1824 5037 habere
1853 4985 2029 5039 dixit:

461 5072 815 5141 divinamque
868 5087 1036 5142 super
1092 5087 1154 5126 ea
1205 5088 1264 5125 re
1307 5073 1610 5142 iussionem
1669 5076 1724 5128 in
1789 5078 2030 5132 medium

464 5163 745 5232 produxit.
791 5163 929 5216 Tum
969 5179 1104 5219 vero
1146 5165 1413 5220 militibus
1456 5181 1662 5220 morem
1697 5168 1750 5222 ei
1793 5174 2034 5238 gerenti-

465 5259 589 5317 bus,
623 5256 1035 5326 precationibus
1066 5257 1312 5311 divinum
1342 5258 1553 5313 Numen
1586 5259 1820 5330 placavit
1848 5279 1860 5315 :
1887 5273 1943 5315 et
1974 5278 2032 5317 re

462 5362 790 5401 arcanorum
835 5351 1218 5418 mysteriorum
1267 5349 1451 5405 divina
1489 5363 1729 5420 peracta,
1765 5353 2030 5408 immacu-

458 5439 630 5490 latum
679 5453 880 5507 corpus
921 5440 1176 5494 omnibus
1220 5443 1667 5498 communicavit.
1711 5445 1837 5500 Dies
1881 5447 2026 5500 enim

463 5533 556 5600 qui
587 5539 829 5584 sanetam
867 5533 1178 5612 passionem
1211 5534 1414 5589 Christi
1445 5537 1727 5604 prmeedit,
1757 5547 1872 5591 tum
1905 5555 2030 5606 age-

452 5624 642 5676 batur.
699 5623 902 5680 Deinde
949 5627 1203 5681 convivio
1244 5643 1374 5691 eos.
1415 5644 1544 5683 cum
1590 5632 1814 5687 circiter
1853 5632 2026 5686 duum

455 5714 699 5766 millium
752 5731 1042 5772 numerum
1103 5718 1423 5790 explerent,
1475 5721 1616 5777 toris
1665 5723 1719 5778 in
1775 5725 2025 5793 gramine

2133 4887 2213 4949 εἰς
2265 4889 2450 4956 μέσον.
2489 4893 2597 4945 Καὶ
2631 4893 2695 4962 δὴ
2743 4897 2837 4948 καὶ
2876 4899 3012 4962 πρὸς
3059 4899 3218 4953 τοῦτο
3263 4903 3524 4966 εἰξάντων
3563 4907 3709 4956 ὲκεί-

2134 5000 2262 5049 νων,
2283 4983 2457 5048 λιταῖς
2486 4985 2780 5050 ὲξωσιοῦτο
2805 4990 2865 5042 τὸ
2899 4991 3054 5044 Θεῖον
3075 5009 3087 5022 ·
3121 4993 3220 5046 καὶ
3250 4994 3350 5065 τὴν
3380 4995 3532 5048 θείαν
3554 4997 3706 5048 τελέ-

2133 5090 2232 5138 σας
2280 5081 2694 5146 μυσταγωγίαν,
2740 5082 2832 5134 τοῦ
2881 5084 3156 5152 ἀχραντου
3215 5085 3469 5156 σώματος
3527 5088 3704 5142 ἅπασι

2137 5168 2447 5235 μετεδίδου·
2483 5171 2668 5242 ἡμέρα
2713 5173 2822 5245 γὰρ
2867 5174 2991 5244 ἦνή
3025 5177 3129 5247 πρὸ
3173 5178 3266 5230 τοῦ
3307 5179 3466 5244 ἁγίου
3497 5179 3707 5242 πάθους

2133 5261 2393 5331 Χριστοῦ.
2427 5265 2654 5318 Ἔπειτα
2699 5270 2840 5334 σφᾶς
2889 5269 3173 5333 δειπνίσας
3221 5273 3367 5341 ἀμφὶ
3407 5273 3706 5342 δισχιλίους

2131 5352 2311 5420 ὄντας,
2346 5355 2613 5406 στιϐάδων
2644 5356 2736 5408 ἐπὶ
2771 5359 2868 5426 τῆς
2903 5359 3040 5421 πόας
3075 5361 3522 5429 σχεδιασθὲντων,
3559 5366 3706 5417 κατὰ

2129 5446 2230 5514 τὴν
2279 5446 2407 5513 ἑξῆς
2454 5446 2765 5516 ὑπέστρεφε
2791 5466 2806 5480 ο
2845 5453 2938 5503 καὶ
2991 5452 3164 5505 ἐδόκει
3202 5453 3548 5523 ἁθροίζεσθαι
3579 5455 3707 5506 τού-

2126 5555 2257 5602 τους
2281 5532 2338 5590 οἷ
2359 5539 2659 5607 βούλοιντο.
2699 5541 2788 5594 Ἑν
2823 5542 3024 5613 Ταρσῷ
3055 5545 3112 5596 δὲ
3143 5545 3241 5614 τῆς
3285 5546 3539 5610 Κιλικίας
3571 5547 3706 5601 ὄντα

2123 5632 2457 5684 Φιλιππικὸν
2516 5635 2921 5704 μετεστέλλετο,
2981 5639 3184 5708 καίπερ
3244 5640 3378 5709 πρὸς
3411 5640 3509 5708 τὴν
3551 5639 3708 5710 βασι-

2126 5723 2269 5787 λέως
2316 5727 2790 5795 κατεπειγὸμενον
2838 5729 3015 5782 πόλιν.
3059 5731 3271 5784 Ἐκεῖσε
3312 5726 3405 5784 οὖν
3449 5730 3700 5798 ἀγαγὼν,
