4100 6216
455 185 561 255 ’393

1314 197 1914 261 ECCLESIASTICE
1959 192 2347 255 IllS’l‘ORlJE
2382 186 2529 253 LIB.
2574 192 2795 252 XVlIi.

3599 181 3701 249 394

457 303 649 374 πρώην
703 305 932 375 χάλκεον
974 308 1327 362 ὑπαλλάττων
1381 311 1597 374 σκεῦος,
1637 311 1697 362 τί)
1758 309 2017 377 ἀργύρεοι

2137 303 2307 356 cultui
2336 302 2602 355 divinitus
2633 298 2909 353 manantis
2934 297 3196 367 unguenti
3230 294 3280 348 id
3312 293 3544 349 maxime
3569 304 3712 348 con-'

455 396 779 463 ἀντιτίθησι,
814 400 879 467 τῇ
913 399 1137 470 λατρείᾳ
1164 402 1268 451 τῶν
1311 401 1619 472 θεορρύτων
1654 400 1841 471 μύρων
1870 398 2028 450 τοῦτο

456 486 600 552 μάλα
662 488 726 557 δὴ
775 491 1059 559 προσῆκον
1115 492 1387 559 οἰόμενος.
1458 493 1564 543 Καὶ
1619 493 1644 541 6
1699 489 1798 558 μὲν
1858 488 2029 548 οὕτως

451 580 624 630 ἐποίει
647 594 663 610 ο
691 582 717 630 6
751 579 805 632 δὲ
844 581 1090 647 ποταμὸς
1124 583 1233 633 τῶν
1269 583 1455 651 μύρων
1484 582 1789 651 ἀνείργετο·
1831 578 1897 631 Ἦ
1921 578 2028 651 γὰρ

452 669 666 738 μάρτυς
689 670 1086 741 βδελυττομένη
1114 670 1175 726 τδ
1219 674 1387 742 μῦσος
1417 674 1514 743 τὴν
1548 674 1709 742 χάριν
1742 671 2029 724 συνέστελ-

448 760 540 812 λε·
578 762 713 832 μηδὲ
747 764 854 829 γάρ
889 760 1030 816 εἶναι
1073 766 1293 833 θεμιτὸν
1341 767 1597 836 ἄντικρυς
1626 766 1778 832 ἔλεγε
1828 766 1920 817 καὶ
1949 782 2031 815 σι-

446 853 601 918 γῶσα
664 852 725 904 τὸ
787 856 1029 923 καθαρὸν
1080 854 1173 907 τοῦ
1230 857 1309 925 μὴ
1368 854 1611 925 καθαροῦ
1663 855 2025 921 ἐφάπτεσθαι.

448 944 608 997 Τοῦτ’
629 946 720 997 ἐπὶ
739 944 937 1006 πολλάς
965 948 1179 1017 ἡμέρας
1198 949 1486 1017 γινόμενον
1503 952 1529 1001 ὁ
1557 949 1735 1018 ἱερεὺς
1753 948 2023 1013 διαγνοὺς,

448 1039 505 1087 ἐν
540 1037 699 1106 δεινῷ
732 1040 968 1091 ἐποιεῖτο
989 1055 1005 1072 ·
1043 1040 1135 1093 καὶ
1185 1041 1432 1108 φροντίσι
1469 1039 1740 1100 ποικίλαις
1774 1040 2026 1091 διεδονεῖ-

446 1147 527 1191 το,
569 1128 681 1196 εἴγε
711 1131 781 1182 δι’
802 1128 965 1183 αὑτοῦ
995 1133 1027 1199 ἡ
1058 1132 1356 1201 Ἐκκλησία
1381 1131 1474 1184 τοῦ
1509 1131 1764 1184 τοσούτου
1800 1129 2025 1199 χηρεύει

447 1220 639 1273 καλοῦ.
673 1220 868 1273 Ἔνθεν
896 1235 978 1274 τοι
1010 1223 1106 1276 καὶ
1137 1224 1272 1290 πρὸς
1323 1223 1533 1291 δάκρυα
1567 1223 1662 1275 καὶ
1682 1223 1894 1289 δεήσεις
1920 1241 2026 1292 χω-

454 1310 584 1378 ρῶν,
619 1312 982 1380 κατελιπάρει
1009 1312 1143 1365 Θεὸν
1179 1313 1339 1366 λῦσαι
1378 1314 1538 1366 τοῦτο
1562 1315 1622 1365 τὸ
1648 1312 1813 1382 ἄχθος
1838 1314 1932 1365 καὶ
1967 1312 2028 1364 τὸ

450 1406 750 1475 μυστήριον
801 1406 1076 1471 ἀναδεῖξαι
1105 1406 1198 1460 τοῦ
1235 1409 1599 1478 πράγματος’
1643 1408 1738 1459 καί
1788 1424 1850 1473 γε
1888 1404 2024 1458 Θεοῦ

446 1494 626 1555 καλῶς
681 1498 1127 1565 ἀποστραφέντος
1167 1499 1228 1550 τὸ
1291 1500 1481 1565 μῦσος,
1530 1499 1623 1552 καὶ
1670 1498 1770 1568 τὴν
1801 1498 2025 1565 ἄγνοιαν

447 1585 671 1646 ἐνδίκως
707 1588 1100 1655 οἱκτείραντος,
1154 1590 1432 1659 κατάδηλα
1463 1588 1528 1643 δι’
1563 1590 1789 1659 ὀνείρων
1849 1590 2026 1659 τούτῳ

2135 396 2324 450 venire
2356 396 2676 450 arbitratus.
2706 394 2883 461 Atque
2921 391 3011 445 ille
3030 390 3251 459 quidem
3283 389 3388 441 hoc
3414 387 3494 441 sic
3547 384 3702 439 fecit.

2136 489 2308 543 Rivus
2341 497 2521 542 autem
2556 486 2820 556 unguenti
2853 484 3123 538 constitit.
3159 483 3361 550 Martyr
3392 480 3538 533 enim
3586 478 3705 546 ipsa

2136 579 2409 646 piaculum
2449 586 2660 630 tantum
2697 576 2987 635 detestata,
3015 570 3249 642 'gratiam
3282 580 3338 624 et
3391 568 3595 623 donum
3651 568 3705 620 id

2132 669 2401 722 cohibuit.
2461 666 2896 735 Haudquaquam
2946 666 3091 719 enim
3166 662 3245 715 fas
3297 677 3441 723 esse,
3517 668 3707 713 tacens

2132 760 2299 814 etiam
2332 758 2575 822 dicebat,
2609 770 2668 811 ut
2698 758 2964 812 mundum
3028 757 3315 809 immundo
3347 752 3702 819 contingere-

2136 861 2245 903 tur.
2282 847 2395 902 lloc
2428 860 2720 923 postquam
2757 848 2953 903 diebus
2986 847 3238 915 plurimis
3269 844 3387 897 ﬁeri
3449 840 3707 911 cognovit

2131 941 2450 1009 episcopus,
2488 920 2692 1009 oppido
2714 957 2877 1008 quam
2912 941 3152 1009 graviter
3203 938 3345 999 tulit,
3411 936 3705 1000 variasque

2132 1047 2292 1085 curas
2315 1034 2372 1085 in
2405 1034 2591 1085 animo
2616 1033 2731 1100 ipse
2774 1049 2896 1095 suo,
2930 1033 3075 1098 quod
3106 1030 3279 1099 ipsius
3323 1029 3480 1096 culpa
3520 1026 3707 1079 Eccle-

2130 1124 2210 1176 sia
2242 1123 2630 1178 commoditate
2679 1131 2827 1176 tanta
2862 1123 3048 1177 orbari
3106 1122 3354 1181 deberet.
3410 1119 3701 1173 volutavit.

2132 1217 2372 1272 Proinde
2402 1217 2469 1271 ad
2502 1219 2775 1285 lacrymas
2830 1225 2885 1269 et
2946 1230 3139 1285 preces
3209 1228 3532 1274 conversus,
3594 1212 3705 1265 Deo

2130 1310 2479 1379 supplicavit,
2514 1320 2571 1363 ut
2608 1310 2751 1362 hanc
2783 1323 2896 1361 rem
2942 1316 3046 1360 tam
3077 1322 3296 1376 gravem
3349 1304 3612 1363 auferret,
3648 1311 3705 1353 et

2130 1401 2259 1455 facti
2296 1402 2414 1471 ejus
2442 1416 2662 1455 causam
2698 1402 2960 1455 latentem
2996 1399 3338 1452 ostenderet.
3396 1397 3540 1450 Dens
3577 1409 3706 1447 vero

2128 1491 2233 1544 rite
2256 1491 2717 1544 abominationem
2747 1505 2864 1543 eam
2887 1491 3150 1543 amoliens
3174 1528 3190 1554 ,
3218 1498 3273 1543 et
3300 1488 3571 1541 inscitiam
3600 1486 3706 1537 mi-

2141 1582 2444 1637 sericordia
2469 1582 2714 1653 legitime
2742 1599 3107 1651 prosequens,
3138 1581 3371 1636 antistiti
3409 1582 3463 1635 in
3495 1577 3707 1632 somnis

444 1678 511 1728 τά
546 1678 644 1744 τῆς
675 1647 974 1749 δεξαμενῆς
1026 1647 1263 1735 ἐποιεῖτο
1318 1647 1692 1751 βδελύγματαί
1717 1682 1823 1732 Καὶ
1857 1697 2017 1750 παρα

2137 1672 2308 1725 lancis
2339 1672 2615 1741 piaculum
2644 1674 2975 1729 manifestat.
3014 1674 3109 1728 ille
3139 1674 3322 1728 statim
3388 1681 3699 1741 argenteam

445 1772 636 1838 χρῆμα
671 1771 771 1839 τὴν
804 1772 862 1837 ἐξ
908 1772 1155 1841 ἀργύρου
1215 1773 1415 1842 φιάλην
1465 1772 1740 1844 ὑπεξῆγεν
1771 1776 1986 1843 ἐκείνην
2014 1788 2029 1805 ⁸

445 1862 542 1930 τὴν
560 1861 607 1915 δ’
632 1866 695 1915 ὲκ
724 1865 929 1934 χαλκοῦ
953 1866 1308 1933 πρεσϐύτιδα,
1339 1866 1529 1936 λάτριν
1558 1864 1712 1931 αὖθις
1744 1868 1818 1931 ὡς
1861 1868 2031 1937 ἁγνὴν

448 1954 774 2024 προστίθησι
818 1956 895 2025 τῷ
927 1939 1351 2026 σεϐάσματιοῖα
1394 1957 1661 2028 παρθένον
1700 1961 1792 2011 καὶ
1830 1961 2030 2027 ἄχρανο

443 2062 557 2099 τον.
594 2047 703 2098 Καὶ
759 2046 899 2116 δῆτα
944 2048 1127 2118 βλύζει
1156 2049 1467 2118 παραυτίκα
1514 2050 1679 2104 πάλιν
1711 2052 1770 2103 τὸ
1806 2053 1985 2122 μύρον
2011 2093 2027 2119 ,

447 2138 673 2191 καὶτῶν
704 2137 1007 2207 θαυμάτων
1061 2140 1096 2209 ἡ
1137 2140 1295 2210 χύσις
1341 2137 1498 2205 αὖθις
1546 2141 1804 2221 πηγάζει.
1842 2144 2030 2211 Στηλι-

446 2230 667 2282 τεύεται
725 2231 779 2284 δὲ
812 2231 1151 2298 διαπρυσίως
1201 2233 1261 2284 τὸ
1321 2233 1627 2302 βδέλυγμαο
1661 2234 1754 2287 καὶ
1803 2236 1835 2303 ἡ
1874 2235 2029 2297 πόλις

446 2323 545 2389 τὴν
580 2322 848 2388 σφετέραν
885 2323 1039 2385 αὖθις
1093 2323 1483 2391 περιϐάλλεται
1515 2325 1694 2390 δόξαν.
1731 2324 1902 2378 Τοῦτο
1947 2327 2028 2388 εἰς

444 2409 560 2466 ὦτα
595 2414 671 2483 τῷ
706 2416 997 2483 κρατοῦντι
1052 2416 1341 2484 ἀνενεχθὲν
1394 2417 1482 2469 διὰ
1524 2417 1620 2473 τοῦ
1662 2418 1760 2480 τῆς
1800 2419 2025 2488 πρώτης

446 2506 852 2577 ἐπειλημμένου
887 2508 1095 2578 ἀρχῆς⁸
1144 2510 1399 2577 Ἰωάννης
1451 2509 1603 2572 οὗτος
1631 2512 1660 2562 ὁ
1708 2510 2024 2579 Νηστευτὴς

444 2595 514 2666 ἦν
542 2614 557 2629 ·
597 2600 693 2651 καὶ
747 2598 837 2652 ὑπ’
886 2600 1050 2654 αὐτοῦ
1098 2603 1178 2664 εἰς
1232 2603 1324 2655 τὸν
1358 2603 1466 2656 τῶν
1521 2601 1828 2657 καταδίκων
1866 2605 2027 2671 φόνον

446 2691 701 2759 ἐξαφθεὶς
726 2696 754 2746 6
784 2695 1022 2764 κρατῶν,
1050 2696 1144 2747 τοῦ
1175 2696 1441 2765 βασιλέως
1477 2698 1769 2767 μεταμέλῳ
1805 2698 1898 2750 καὶ
1925 2714 2023 2766 με·

443 2780 635 2851 τανοίᾳ
668 2781 925 2834 ἰάσασθαι
974 2781 1303 2851 βουλομένου
1353 2785 1413 2837 τὸ
1457 2785 1732 2855 ἔγκλημα,
1765 2785 2024 2854 δικαστή-

450 2888 567 2938 ριον
624 2871 880 2940 μέγιστον
909 2874 1358 2941 συναθροίζεταιο
1413 2877 1507 2928 καὶ
1568 2877 1778 2946 γοήτων
1814 2876 2024 2946 πληθὺς

2136 1765 2377 1833 phialam
2406 1767 2689 1841 subducit,
2722 1778 2777 1821 et
2810 1769 3050 1836 priorem
3087 1768 3230 1820 illam
3257 1781 3478 1827 aeream,
3512 1765 3704 1833 pet-in.

2133 1858 2202 1912 de
2232 1869 2396 1928 atque
2416 1874 2608 1928 puram
2639 1870 2693 1914 et
2728 1861 2881 1927 quasi
2910 1861 3177 1929 virginem
3202 1872 3376 1928 atque
3435 1861 3704 1911 immacu-

2136 1951 2296 2004 latam
2324 1952 2627 2006 ministram
2652 1953 2823 2007 cultui
2854 1953 3112 2022 religioso
3149 1952 3413 2006 restituit.
3457 1951 3524 2003 Et
3572 1966 3702 2003 ecce

2135 2042 2231 2096 tibi
2259 2042 2560 2112 derepente
2585 2053 2924 2113 unguentum
2957 2059 3175 2097 rursum
3206 2043 3463 2107 scaturit,
3488 2055 3544 2097 et
3602 2046 3706 2094 mia

2133 2136 2446 2188 raculorum
2472 2137 2616 2189 latex
2664 2136 2846 2191 denuo
2879 2136 3141 2190 exundat.
3183 2136 3459 2190 Piaculum
3516 2143 3700 2189 autem

2132 2232 2532 2283 exsecrandum
2567 2230 2860 2284 manifesto
2885 2230 2937 2282 in
2970 2241 3221 2298 apertum
3253 2229 3598 2299 producitur,
3646 2242 3703 2284 et

2132 2336 2240 2373 nou
2267 2321 2426 2376 aliter
2460 2338 2623 2389 quam
2658 2322 2713 2375 in
2749 2323 2984 2392 publicis
3004 2323 3276 2377 columnis
3307 2311 3541 2377 incisum
3571 2339 3703 2391 pro-

2132 2414 2378 2481 ponitur,
2412 2414 2649 2484 urbique
2677 2416 2853 2484 gloria
2890 2431 2990 2469 sua
3028 2416 3301 2470 redditur.
3334 2415 3405 2469 Ea
3460 2431 3550 2469 res
3603 2415 3699 2468 ubi

2128 2502 2563 2572 adimperatoris
2587 2520 2768 2568 aures,
2824 2521 2921 2578 per
2970 2507 3245 2576 primaria:
3297 2507 3443 2562 sedis
3491 2507 3701 2578 episco-

2132 2610 2258 2663 pum
2288 2593 2547 2664 (Joannes
2576 2596 2622 2649 is
2646 2595 2933 2666 Jejuuatur
2967 2600 3104 2668 erat)
3125 2599 3294 2652 relata
3315 2608 3418 2662 est,
3445 2601 3699 2668 princeps

2128 2686 2195 2737 ah
2222 2686 2413 2739 eodem
2452 2688 2715 2757 episcopo
2737 2690 2806 2742 ad
2844 2706 2969 2743 reos
2996 2691 3218 2757 capitali
3250 2691 3524 2759 supplicio
3577 2707 3699 2759 per-

2126 2777 2438 2844 sequendos
2464 2779 2735 2834 excitatus
2761 2791 2846 2835 est
2873 2784 3022 2851 (nam
3054 2782 3100 2835 is
3120 2784 3497 2851 resipisccntia
3533 2796 3697 2851 atque

2128 2870 2449 2937 paenitentia
2478 2873 2683 2925 crimen
2708 2876 2986 2941 corrigere
3016 2876 3242 2943 voluit);
3276 2877 3545 2945 judicium
3597 2878 3696 2946 igi—

444 2962 842 3032 ἐμφανίζεται·
886 2965 936 3017 οἳ
982 2969 1076 3019 καὶ
1104 2968 1263 3036 δεινῷ
1315 2968 1740 3036 περιπλακέντες
1769 2968 2016 3037 ἀφύκτῳ,

2128 2969 2217 3011 tur
2242 2960 2539 3013 maximum
2580 2963 2815 3032 cogitur,
2861 2974 2919 3018 et
2966 2966 3339 3021 maleiicorum
3397 2968 3696 3022 multitudo

445 3056 644 3106 ἐκεῖνοι
678 3055 777 3123 μὲν
810 3056 947 3124 πρὸς
976 3057 1197 3110 κόλασιν
1233 3058 1545 3123 ἐξεδίδοντο.
1572 3060 1667 3121 τὰς
1714 3058 2023 3128 προσηκού-

446 3164 545 3210 σας
572 3148 761 3211 ποινάς
802 3151 1252 3219 εἰσπραξόμενοι·
1288 3152 1316 3203 6
1350 3152 1405 3203 δέ
1440 3167 1503 3216 γε
1546 3152 1831 3217 Παυλῖνος,
1878 3151 2021 3222 ξύλῳ

443 3243 581 3312 πρδς
602 3242 662 3293 τὸ
694 3244 919 3306 ἄναντες
953 3246 1203 3314 κεχηνότι
1246 3246 1750 3313 ἁνασκολοπισϐεὶς,
1780 3253 2021 3321 αἰσχρῶς

440 3337 502 3386 τὸ
569 3334 669 3404 ζῇν
732 3337 1180 3407 άπορρήγνυσιν·
1232 3340 1499 3410 πρότερον
1542 3343 1639 3411 τὴν
1678 3342 1773 3396 τοῦ
1831 3347 2018 3409 παιδος

440 3428 768 3498 τεθεαμένος
801 3433 1018 3500 σφαγήν
1042 3446 1057 3463 ’
1090 3427 1159 3503 ἦν
1191 3432 1298 3501 γὰρ
1335 3433 1398 3500 δὴ
1429 3434 1522 3485 καὶ
1571 3435 1719 3505 αὑτῷ
1754 3439 2018 3506 μεταδοὺς

440 3521 752 3587 ἀρκούντως
780 3524 877 3588 τῆς
904 3524 1119 3577 ἀνοσίου
1152 3530 1492 3595 μαγγανείας
1521 3530 1587 3581 τὰ
1604 3532 2011 3598 τερατεύματα.

443 3613 616 3666 Τοῦτο
665 3617 763 3683 μὲν
811 3617 873 3684 δὴ
912 3619 1190 3671 τοιοῦτον·
1225 3620 1252 3672 ὃ
1302 3621 1359 3672 δὲ
1419 3622 1513 3674 καὶ
1543 3622 1674 3675 ἄλλο
1709 3625 2014 3693 παράδοξον

436 3707 740 3776 διεπράχθη
789 3706 908 3762 κατ’
942 3713 1119 3765 ἐκεῖνο
1167 3713 1359 3784 καιροῦ
1395 3718 1459 3784 τῇ
1489 3714 1583 3767 τοῦ
1622 3717 1797 3783 Λόγου
1834 3717 2012 3786 Μητρὶ

436 3799 790 3870 διηγήσομαι.
1096 3820 1100 3824 ·

1006 3916 1261 3973 ΚΕΦΑΛ.
1303 3918 1423 3970 ΛΡ.

437 4000 639 4082 Ὄπςως
674 4005 837 4082 ἀξία.
866 4006 1000 4082 δίκη
1022 4009 1253 4082 -μετῄει
1281 4010 1495 4082 ποινὰς
1529 4014 2008 4082 εἰσ-πραττομένή

506 4073 561 4125 οἳ
592 4076 741 4153 xerit
768 4073 1083 4153 (licii‘j'VﬁC
1111 4073 1483 4147 Θεομήτοεέωςί
1505 4073 1885 4153 ,βλάοῖρημοὶσ
1914 4073 2010 4138 κεὶ

507 4145 794 4211 κινήκασι
832 4144 1119 4214 γλῶτταν.

503 4253 764 4325 Ἕλληνές
815 4274 961 4321 τινες
1010 4258 1067 4313 ἕν
1100 4278 1205 4314 τινι
1241 4264 1529 4332 συμποσίῳ
1567 4265 1655 4316 ἐπ’
1686 4268 1834 4319 οἴκου
1862 4269 2006 4330 τινος

2127 3051 2319 3121 ingens
2346 3053 2696 3122 producitur.
2725 3056 2826 3123 Qui
2856 3058 2908 3110 iu
2942 3074 3159 3127 gravem
3198 3076 3478 3115 carcerem
3510 3064 3695 3133 conje-

2124 3143 2219 3205 eti,
2254 3142 2322 3197 ad
2351 3146 2643 3214 supplicia,
2673 3147 2890 3203 debitas
2924 3152 3257 3220 persoluturi
3311 3170 3519 3223 pinnas,
3578 3164 3693 3210 tra-

2121 3235 2222 3290 diti
2243 3246 2393 3292 sunt.
2416 3239 2565 3293 lnter
2590 3257 2730 3310 quos
2749 3243 3012 3298 Paulinus
3036 3247 3088 3299 in
3114 3249 3299 3316 palum
3333 3265 3547 3305 summa
3573 3268 3693 3321 par-

2122 3339 2171 3382 te
2214 3332 2450 3385 hiantem
2474 3333 2548 3401 (l)
2579 3343 2755 3399 actus,
2804 3338 3040 3405 turpiter
3096 3340 3263 3393 vitam
3320 3343 3504 3397 (iniit:
3562 3361 3688 3399 cum

2119 3423 2277 3491 prius
2308 3425 2473 3479 caedis
2500 3426 2593 3479 ﬁlii
2625 3430 2708 3481 sui
2732 3439 3009 3498 spectator
3041 3431 3257 3487 fuisset.
3310 3435 3472 3504 852
3509 3437 3690 3507 Siqui-

2117 3516 2243 3570 dem
2286 3527 2342 3571 et
2367 3518 2514 3572 hunc
2536 3518 2758 3573 abunde
2792 3521 2972 3591 impia:
3000 3522 3315 3591 impostura:
3356 3535 3411 3579 et
3434 3527 3689 3583 maleﬁcii

2117 3612 2387 3679 portentis
2407 3611 2701 3668 imbuerat.
2727 3613 2902 3683 Atque
2925 3615 3031 3669 hoc
3062 3616 3135 3669 ita
3165 3629 3249 3671 est
3273 3628 3507 3688 gestum.
3530 3622 3686 3687 Quod

2113 3719 2243 3758 vero
2276 3716 2474 3773 prazter
2504 3706 2821 3774 opinionem
2849 3723 3067 3762 omnem
3100 3709 3247 3764 aliud
3268 3726 3297 3764 a
3326 3711 3485 3766 Verbi
3511 3721 3684 3766 matre

2112 3797 2303 3851 eodem
2330 3805 2575 3865 tempore
2614 3809 2698 3854 est
2736 3808 2940 3861 actum,
2978 3800 3031 3854 id
3064 3818 3284 3872 quoque
3320 3802 3580 3857 referam.

2644 3911 2869 3969 CAPUT
2905 3913 3152 3969 XXXIII.

2115 4003 2178 4058 Ut
2207 4005 2395 4073 dignas
2424 4006 2654 4079 uindicta
2677 4009 2863 4079 divina
2890 4025 3070 4078 pinnas
3100 4004 3327 4079 exegerit
3367 4015 3431 4066 ab
3479 4015 3552 4066 eis
3592 4016 3683 4079 qui

2179 4083 2363 4153 contra
2432 4077 2835 4153 immaculatum
2886 4079 2984 4131 Dei
3037 4077 3263 4135 Matrem
3323 4077 3683 4153 blaspheme»;

2182 4145 2298 4197 ausi
2324 4156 2447 4197 sunt
2475 4164 2676 4199 movere
2709 4147 2966 4218 linguam.

2182 4256 2352 4309 (ἕναηή
2397 4259 2618 4327 quidam
2646 4263 2761 4315 sive
2794 4264 3053 4332 gentiles,
3083 4265 3138 4319 in
3196 4268 3484 4337 cujusdam
3518 4272 3681 4325 domo

430 4347 559 4414 περὶ
589 4341 732 4399 οἶνον
781 4350 1096 4418 ποιούμενοι
1137 4352 1235 4421 τὴν
1270 4354 1573 4425 διατριϐὴν,
1626 4359 1763 4426 μετά
1794 4359 1854 4410 τὸ
1887 4360 2007 4420 ἄρι-

2123 4348 2489 4415 :onvivantcs,
2522 4359 2576 4405 et
2628 4352 2757 4407 vino
2806 4370 2925 4409 sese
2983 4358 3299 4421 invitantes,
3334 4374 3463 4430 post
3514 4380 3679 4432 pran-

429 4454 552 4489 στον
600 4439 721 4491 ἐπεὶ
754 4445 846 4492 καὶ
878 4442 1079 4507 ἱκανῶς
1124 4444 1402 4516 διάϐροχοι
1444 4449 1521 4517 τῷ
1552 4451 1698 4519 πότερ
1730 4452 1999 4518 ἐγένοντο,

425 4528 612 4582 ἔπειτα
668 4531 1010 4603 βλασφημεῖν
1054 4537 1375 4605 ἐπεχείρουν
1414 4541 1504 4591 καὶ
1534 4541 1896 4611 λοιδορεῖσθαι
1934 4546 2000 4613 τῇ

424 4619 516 4672 τού
570 4624 745 4687 Λόγου
784 4626 991 4695 Μητρὶ,
1025 4626 1337 4680 τελευταῖον
1377 4630 1455 4699 τῷ
1485 4633 1632 4702 πότῳ
1676 4634 2001 4704 σπούδασμοι

424 4713 724 4779 ἐποιοῦντο,
755 4715 833 4767 ὄπ’
882 4716 947 4769 ἄν
978 4735 1065 4780 τις
1100 4723 1374 4790 ἐννοήσειε
1420 4723 1529 4775 τῶν
1566 4725 1785 4779 ἀτόπων
1802 4729 2002 4781 διατω-

424 4806 700 4871 ϐάζοντες.
728 4812 821 4863 καὶ
845 4812 921 4879 τῷ
960 4813 1059 4880 τῆς
1088 4817 1402 4885 οἰκονομίας
1435 4822 1724 4891 μυστηρίῳ
1772 4825 2001 4891 ἐπεγγε-

422 4896 640 4959 λὼντες.
691 4900 841 4951 Ἐπεὶ
893 4902 949 4953 δὲ
992 4905 1049 4955 τὸ
1080 4904 1294 4956 ἀνόσιον
1349 4908 1611 4973 ἔγνωστο,
1648 4912 1843 4963 ἐκεῖνοι
1898 4913 1999 4980 μὲν

417 4988 518 5050 τῆς
551 4990 849 5043 ἀκολάστου
883 4994 1137 5060 γλώσσης
1165 4996 1321 5059 ἀξίας
1356 4998 1775 5067 εἰσεπράττοντο
1805 5003 1957 5063 δίκας
1980 5015 1992 5025 ’

417 5081 445 5131 6
475 5080 529 5132 δὲ
557 5082 651 5133 τοῦ
683 5082 832 5135 οἴκου
858 5084 1120 5155 δεσπότης
1155 5087 1284 5138 ἔνθα
1332 5090 1632 5159 καθήμενοι
1665 5091 1762 5160 τῆς
1792 5093 1993 5146 ἀτόπου

420 5172 771 5243 βλασφημίας
810 5178 1190 5248 ἐνεφοροῦντο,
1226 5181 1429 5251 καίπερ
1467 5184 1565 5234 οὐκ
1619 5183 1861 5252 ἀμύητος
1896 5185 1993 5251 ὢν,

415 5265 536 5316 τότε
576 5268 695 5335 μὲν,
719 5268 793 5330 ὡς
826 5272 1107 5340 ἐγχωροῦν
1140 5273 1353 5343 ἐκείνῳ,
1403 5274 1585 5344 διέδρα
1615 5276 1703 5327 τον
1727 5276 1989 5330 κίνδυνον.

417 5357 490 5407 Ού
523 5358 705 5427 πολλῷ
735 5360 791 5410 δὲ
822 5360 1070 5432 ὕστερον,
1093 5365 1281 5425 νυκτὸς
1315 5366 1460 5434 αὐτῷ
1490 5367 1838 5436 κοιμωμένῳ,
1862 5370 1993 5437 ὄναρ

415 5448 449 5515 ἡ
488 5447 788 5520 Θεομήτωρ
822 5454 1110 5520 ἐφίσταται
1136 5471 1149 5485 ⁸
1185 5458 1249 5525 ἣν
1282 5459 1547 5527 ἐρομένην
1584 5459 1826 5528 ἀκριϐῶς
1869 5461 1992 5527 ἥτις

490 5632 565 5703 (l)
606 5633 661 5687 In
696 5650 916 5688 crucem
966 5635 1198 5690 sciliet-t.

660 5730 929 5792 l‘arnoc.
965 5737 1056 5794 Gn
1116 5736 1206 5791 t1);
1230 5734 1396 5793 l,\'ll.

2076 4446 2079 4447 '
2113 4440 2287 4502 dium,
2311 4441 2475 4496 simul
2501 4452 2665 4512 atque
2689 4446 2820 4499 satis
2846 4447 3193 4516 adbiberant,
3225 4452 3607 4521 blasphemarc
3626 4469 3683 4513 et

2113 4531 2379 4585 conviciis
2406 4536 2763 4600 proscindere
2791 4538 2948 4595 Verbi
2978 4541 3205 4596 Matrem
3264 4560 3481 4615 coepere
3517 4563 3531 4600 :
3586 4566 3682 4618 po-

2111 4630 2376 4676 stremum
2410 4623 2515 4680 hoc
2542 4630 2935 4696 compotationi
2962 4632 3289 4689 adhibentes
3323 4639 3586 4705 studium,
3623 4654 3682 4697 ut

2111 4728 2449 4785 quaecunque
2529 4718 2727 4787 aliquis
2807 4736 2997 4777 eorum
3072 4729 3393 4797 excogitare
3470 4744 3678 4800 posset,

2110 4805 2351 4860 absurda
2380 4816 2543 4878 atque
2567 4810 2811 4879 indigna,
2840 4830 2937 4882 per
2958 4831 3020 4869 ea
3052 4817 3238 4873 ridens
3273 4822 3594 4877 inconcinne
3622 4836 3679 4880 et

2109 4884 2541 4967 dispensationis
2577 4902 2770 4957 salutis
2829 4917 3029 4960 nostra:
3086 4914 3350 4980 mysterio
3398 4914 3673 4973 iliuderet.

2109 4991 2365 5060 Impietas
2400 5007 2461 5045 ea
2483 5003 2769 5063 postquam
2806 4998 3065 5066 innotuit,
3104 5003 3183 5056 illi
3220 5004 3443 5072 quidem
3478 5010 3673 5063 condi—

2106 5099 2241 5151 gnas
2270 5086 2566 5152 petulantis
2603 5088 2802 5153 lingua!
2826 5105 3015 5159 poenas
3054 5095 3276 5151 dedere.
3310 5098 3532 5154 AZdium
3575 5119 3673 5155 au-

2107 5187 2237 5242 tem,
2270 5180 2545 5247 inquibus
2594 5183 2933 5238 conﬁdentes
2985 5191 3135 5252 gravi
3184 5192 3537 5262 blasphemiae
3591 5197 3675 5251 in-

2103 5269 2408 5334 dulserattt,
2436 5272 2713 5328 dominus.
2749 5292 2778 5329 a
2815 5280 2987 5332 sacris
3016 5283 3222 5337 nostris
3273 5300 3382 5338 non
3433 5286 3668 5351 alienus,

2106 5370 2219 5413 tum
2251 5364 2497 5429 quidem.
2524 5368 2670 5435 quod
2710 5384 2799 5424 res
2825 5370 2895 5425 ita
2923 5373 3129 5441 tulerit,
3162 5377 3469 5445 periculum
3532 5379 3669 5434 cliu-

2102 5456 2201 5521 git.
2236 5455 2350 5509 Non
2376 5457 2547 5513 multo
2576 5476 2707 5515 vero
2736 5473 2879 5532 post,
2940 5476 3102 5521 noctu
3164 5470 3210 5521 ei
3265 5470 3553 5523 dormienti
3612 5472 3667 5526 in

3159 5738 3225 5797 13
