4100 6216
293 319 310 328 ’
369 312 475 371 ποθ

1581 313 1996 375 NICEPIIORI
2047 315 2390 375 CALLISTI

3509 314 3612 376 ii‘O

365 443 472 492 ret,
503 434 580 484 sic
611 441 807 482 arcana
866 441 1074 482 natura:
1125 427 1441 481 occultavit.
1486 427 1618 481 Eum
1674 429 1766 481 ubi
1824 427 1932 482 dux

2039 427 2084 480 δ’
2116 428 2250 482 ἄλλα
2291 429 2320 496 ἡ
2361 426 2454 479 τοῦ
2483 425 2671 487 ὕδατος
2703 423 2863 492 φύσις
2893 425 3220 478 ἐκάλυπτεν.
3267 424 3483 478 Ὠσανεὶ
3505 426 3614 496 γάρ

361 521 671 590 conspexit,
723 521 1045 573 solemniter
1107 534 1232 571 eum
1284 519 1582 574 identidem
1634 520 1930 590 adjuravit,

365 611 638 682 siquidem
667 609 998 663 daemonium
1023 616 1196 671 esset,
1230 618 1289 662 ut
1316 625 1345 662 e
1387 619 1682 678 conspectu
1734 610 1931 675 abiret,

361 703 492 756 etin
531 702 882 756 solitudinem
924 715 982 754 se
1019 701 1328 769 reciperet:
1355 703 1435 756 sin
1461 703 1696 756 creatrix
1749 704 1933 772 aliqua

345 795 446 856 vis
470 794 518 846 id
551 792 894 862 protulisset,
927 800 1079 846 utne
1111 793 1269 862 prius
1305 793 1665 862 spectandum
1712 811 1770 848 se
1805 795 1938 849 sub-

361 885 618 946 duceret,
675 899 836 953 quam
885 898 1077 938 omnes
1134 885 1417 954 inopinato
1473 893 1696 955 aspectu
1753 888 1932 940 satiati

360 984 573 1030 essent.
619 975 808 1044 Itaque
831 977 1080 1030 animans
1100 977 1150 1030 id
1203 977 1505 1046 (hominem
1563 979 1708 1032 enim
1749 978 1934 1032 dicere

362 1083 470 1121 non
515 1066 714 1136 ausim)
751 1067 962 1121 diutius
1007 1067 1255 1121 constitit
1309 1068 1658 1138 adjurationc
1699 1069 1936 1122 constri-

363 1169 534 1222 ctum,
565 1174 736 1228 seque
757 1160 1012 1213 omnibus
1037 1159 1489 1228 conspiciendum
1518 1161 1774 1228 praebuit.
1805 1159 1935 1214 Ter-

365 1255 440 1306 lio
473 1253 673 1306 deinde
703 1253 817 1314 die,
845 1253 948 1305 sub
983 1269 1261 1316 auroram,
1289 1253 1435 1306 aliud
1464 1255 1629 1307 etiam
1687 1253 1936 1307 animans

369 1347 625 1398 muliebri
665 1345 836 1398 forma
867 1348 1010 1413 (nam
1042 1346 1092 1398 id
1126 1356 1321 1400 natura
1367 1346 1500 1400 satis
1536 1345 1835 1415 indicabat)
1867 1362 1935 1400 ex

366 1437 531 1490 undis
577 1438 822 1490 emersit.
874 1437 1007 1490 Nam
1038 1437 1224 1490 vultus
1260 1436 1432 1504 ipsius
1490 1419 1718 1497 lzcvitas,
1767 1452 1936 1490 comae

367 1528 672 1596 prolixitas,
714 1543 814 1582 nec
870 1544 977 1580 non
1034 1529 1243 1597 reliqua
1303 1529 1553 1596 corporis
1592 1529 1934 1594 constitutio,

365 1627 421 1669 et
459 1618 636 1686 capilli
669 1618 862 1686 partim
894 1617 1232 1686 complicati,
1265 1619 1460 1685 partim
1493 1617 1684 1683 soluti,
1722 1618 1934 1672 forma--

367 1725 472 1775 que
497 1709 783 1777 splendor,
839 1709 1095 1762 feminam
1153 1723 1274 1760 esse
1337 1709 1783 1761 denuntiabant:
1838 1709 1933 1763 sed

2039 517 2410 588 αἰσχυνομένῳ
2455 516 2638 586 ἐῴκει,
2689 515 2830 568 ὥστε
2887 516 2952 584 δὴ
3010 519 3103 568 καὶ
3161 517 3226 569 τά
3259 520 3358 586 τῆς
3395 518 3615 585 φύσεως

2038 610 2323 680 ἀπόρρητα
2347 607 2734 660 ἐκκαλύπτειν.
2778 602 2854 659 '0'
2874 607 3008 676 δῆτα
3033 610 3060 659 6
3088 606 3316 676 ήγεμὼν
3340 607 3616 678 θεασάμε-

2036 718 2146 766 νος,
2179 701 2363 768 δρκοις
2421 702 2646 762 πυκνοῖς
2701 697 2948 765 ἔϐαλλεν,
2973 701 3022 750 εί
3061 699 3158 767 μέν
3188 698 3274 768 εἴη
3307 699 3613 768 δαιμόνιον,

2037 791 2328 846 καταλύειν
2355 791 2414 844 τὸ
2443 790 2674 860 Θέατρον
2710 791 2805 843 καὶ
2826 793 2924 860 τὴν
2958 790 3196 860 ἠρεμίαν
3229 787 3613 855 ἀσπάζεσθαι·

2039 887 2086 938 εἰ
2114 883 2168 936 δὲ
2203 881 2571 954 δημιουργική
2599 899 2683 946 τις
2718 882 2809 933 καὶ
2835 881 2991 934 τοῦτο
3019 881 3242 951 φροντὶς
3267 884 3614 952 προηνέγκα-

2038 993 2119 1040 το,
2160 975 2235 1046 μὴ
2271 973 2432 1028 λῦσαι
2465 973 2564 1043 τὴν
2595 972 2833 1042 Θεωρίαν
2890 974 3020 1043 πρὶν
3059 976 3270 1036 πάντας
3301 972 3403 1044 τῆς
3435 992 3617 1046 παρα-

2037 1067 2189 1131 δόξου
2223 1066 2348 1128 θέας
2369 1064 2769 1135 ἐμφορηθῆναι.
2797 1065 2869 1118 Τὸ
2899 1065 3000 1135 μὲν
3026 1065 3118 1118 οὖν
3142 1065 3286 1129 ζῶον
3315 1067 3490 1120 ἐκεῖνο
3517 1069 3617 1137 (sic

2039 1161 2160 1212 πεῖν
2195 1159 2302 1227 γὰρ
2356 1156 2646 1224 ἄνθρωπον
2703 1156 2765 1209 οὑ
2815 1157 3026 1227 θαρρῶ)
3074 1157 3166 1208 ἐπὶ
3203 1157 3337 1210 πολὺ
3395 1158 3610 1229 διήρκει

2036 1254 2147 1314 τοῖς
2170 1251 2354 1321 ὅρκοις
2381 1249 2909 1319 κατεμπεδούμενον,
2943 1250 3257 1318 καταφανὲς
3288 1253 3398 1311 τοῖς
3435 1251 3614 1305 ἅπασι

2039 1344 2448 1415 καθορώμενον.
2482 1345 2652 1415 Τρίτῃ
2673 1343 2717 1393 δ’
2746 1344 2821 1414 ἕῳ
2846 1346 2909 1396 ἐκ
2936 1347 3030 1413 τῆς
3056 1344 3266 1404 κοιλίας
3297 1345 3391 1396 τοῦ
3422 1345 3612 1408 ὕδατος

2025 1439 2128 1490 ικαὶ
2155 1436 2504 1506 θηλύμορφον
2533 1435 2725 1506 ἕτερον
2781 1434 3054 1487 ἀνεδίδοτο
3075 1450 3090 1465 ο
3123 1435 3285 1488 τοῦτο
3321 1436 3483 1506 γάρὴ
3517 1438 3616 1502 φύ-

2040 1548 2124 1592 σις
2162 1531 2447 1598 ἐσήμαινε.
2471 1527 2545 1581 Τό
2597 1545 2656 1580 τε
2697 1527 2806 1596 γὰρ
2841 1526 2936 1580 τοῦ
2973 1526 3269 1596 προσώπου
3319 1529 3484 1593 λεῖον,
3521 1532 3615 1583 καὶ

2038 1623 2096 1675 τὸ
2127 1623 2222 1689 τῆς
2256 1621 2432 1691 κόμης
2463 1620 2818 1690 σχοινοτενὲς,
2853 1621 2945 1672 καὶ
2984 1621 3015 1688 ή
3048 1620 3208 1690 λοιπὴ
3231 1620 3327 1673 τοῦ
3366 1621 3618 1689 σώματος

2043 1711 2326 1776 σύνταξις,
2357 1713 2417 1766 αῖ
2462 1729 2520 1763 τε
2547 1712 2901 1779 περιπλοκαὶ,
2933 1712 3025 1762 καὶ
3054 1713 3118 1764 τά
3154 1711 3377 1776 ἔκλυτα,
3428 1717 3523 1766 καὶ
3556 1717 3617 1767 τὸ

369 1815 523 1853 coma
559 1801 608 1853 ei
661 1799 947 1864 subnigra,
989 1800 1155 1852 facies
1207 1799 1460 1861 candida,
1500 1814 1662 1852 nasus
1735 1800 1935 1854 medio-

2051 1803 2397 1873 περιλάμπον
2443 1804 2541 1873 τῆς
2573 1805 2745 1873 ὥρας,
2807 1803 2868 1856 τὸ
2898 1803 3120 1871 γύναιον
3161 1805 3612 1876 καθυπέγραφεν.

368 1891 502 1955 eris,
537 1900 592 1944 et
621 1891 786 1960 digiti,
833 1893 885 1944 in
922 1890 1176 1944 manibus
1205 1890 1463 1944 decentes
1517 1899 1698 1945 erant.
1757 1891 1810 1945 In
1843 1907 1937 1946 ore.

371 1993 556 2036 tenera
579 1982 843 2036 ﬂorebant
867 1982 1031 2045 labia,
1055 1983 1224 2035 ubera
1252 1982 1450 2036 leniter
1478 1983 1937 2048 intumescebant,

369 2082 426 2128 et
453 2074 667 2142 papilla:
688 2089 716 2126 a
755 2075 1043 2142 pubertate
1077 2075 1284 2129 recenti
1317 2075 1600 2142 paululum
1622 2077 1937 2144 prominere

371 2168 737 2236 conspicienti
765 2168 1112 2222 videbantur.
1151 2166 1412 2235 Reliquas
1453 2168 1700 2221 mulieris
1758 2177 1940 2237 partes

371 2259 574 2313 ﬂuitten
611 2261 951 2325 occultabat,
988 2277 1188 2315 arcana
1217 2248 1437 2317 thalami
1477 2262 1778 2332 coniugalis
1827 2276 1941 2330 my-

369 2351 532 2405 steria
550 2351 972 2419 spectatoribus,
1019 2352 1246 2422 perinde
1277 2361 1441 2422 atque
1500 2354 1580 2407 eis
1627 2353 1719 2422 qui
1771 2353 1940 2407 sacris

369 2442 1006 2500 secretioribusinitiati
1036 2460 1144 2498 non
1178 2453 1387 2507 essent,
1424 2443 1763 2498 subducens.
1821 2443 1936 2496 Dux

372 2535 538 2604 igitur
573 2535 689 2603 ipse
721 2544 777 2589 ct
807 2535 1009 2591 cohors
1040 2537 1162 2606 ejus
1197 2551 1374 2606 usque
1405 2537 1472 2590 ad
1503 2550 1758 2592 occasum
1804 2534 1939 2588 solis

370 2627 682 2696 spectaculo
707 2643 772 2682 eo
797 2628 982 2682 oculos
1015 2644 1232 2698 pavere,
1260 2644 1368 2698 quo
1398 2639 1639 2698 tempore
1655 2638 1710 2682 et
1731 2627 1940 2681 anima-

370 2723 443 2776 lia
471 2736 534 2776 ea
559 2722 784 2776 intimos
804 2722 982 2776 amnis
1015 2738 1267 2778 recessus
1301 2723 1548 2786 subiere,
1586 2721 1753 2793 856
1811 2735 1938 2775 cum

371 2815 592 2870 silentio
619 2829 742 2869 sese
777 2814 1011 2869 videnda
1057 2815 1462 2870 exhibuisscnt.
1511 2814 1658 2868 Muta
1704 2827 1940 2881 namque

373 2909 744 2961 taciturnitate
765 2916 1121 2976 conspectum
1155 2908 1260 2961 sui.
1303 2907 1646 2962 amatoribus
1689 2905 1940 2974 prazbue-

373 3007 520 3053 runt.
555 2999 630 3052 Ex
655 2998 913 3056 omnibus
939 3013 1068 3052 vero
1097 2997 1349 3053 infaustis
1383 2999 1537 3052 hisce
1562 2995 1803 3058 indiciis,
1835 2995 1942 3048 im-

373 3102 594 3160 perator
629 3107 846 3161 gravem
877 3105 1060 3145 rerum
1091 3091 1296 3145 exitum
1343 3091 1704 3162 conjectando
1725 3095 1943 3166 collige-

2051 1895 2189 1948 Ἀλλ’
2215 1897 2249 1965 ή
2277 1896 2372 1965 μὲν
2407 1895 2551 1964 κόμη
2582 1895 2659 1964 τῷ
2696 1894 2848 1965 θήλει
2877 1894 3250 1963 διεμελαίνετο
3275 1911 3286 1924 ’
3320 1895 3442 1948 λίαν
3471 1897 3527 1948 δὲ
3553 1897 3614 1949 τὸ

2042 1988 2328 2057 πρόσωπον
2357 1987 2698 2040 ἐλευκαίνετο
2717 2003 2733 2018 ·
2766 1984 2979 2055 εύρινον
3008 1986 3052 2038 δ’
3077 1983 3142 2056 ἦν
3167 1988 3262 2040 καὶ
3295 1988 3396 2050 τάς
3421 1990 3612 2058 χεῖρας

2037 2079 2386 2143 εύδάκτυλον,
2422 2078 2650 2141 ἁπαλοῖς
2701 2077 3156 2148 περιηνθισμένον
3205 2081 3320 2140 τοῖς
3347 2079 3607 2146 χείλεσιν.

2051 2171 2316 2240 Ἐσφρίγα
2365 2171 2422 2224 δὲ
2458 2170 2535 2240 τῷ
2572 2170 2748 2241 μαζῷ,
2785 2173 2882 2224 καὶ
2923 2175 2988 2240 τῇ
3029 2172 3301 2241 φαντασίᾳ
3343 2171 3515 2224 ἐδόκει
3550 2173 3610 2224 τό

2037 2250 2239 2311 τιτθίον
2275 2259 2398 2327 ἄρτι
2423 2260 2529 2312 ὑπὸ
2560 2259 2657 2324 τῆς
2702 2259 2842 2328 ἥϐης
2873 2260 3214 2331 προκύπτειν
3253 2265 3472 2332 μικρόν.
3528 2264 3607 2317 Τὰ

2037 2351 2082 2406 δ’
2118 2353 2317 2421 ἐφεξῆς
2347 2353 2442 2406 τοῦ
2481 2355 2704 2420 γυναίου
2735 2356 2766 2424 ἡ
2797 2355 2904 2409 τῶν
2937 2356 3146 2410 ὑδάτων
3178 2357 3340 2425 φύσις
3371 2358 3606 2426 ἐφύλατ-

2038 2461 2119 2508 τε,
2159 2445 2259 2512 τῆς
2282 2445 2440 2515 εὐνῆς
2474 2447 2542 2498 τά
2576 2448 2877 2517 μυστήρια,
2911 2448 3100 2518 ὥσπερ
3135 2450 3418 2519 ἀμυήτους
3453 2454 3609 2512 τινας

2038 2533 2144 2588 τῶν
2170 2535 2499 2604 ἀπορρήτων
2542 2538 2666 2599 τοὺς
2701 2537 2896 2600 θεατάς
2935 2539 3378 2609 ἀποκρύπτουσα.
3417 2542 3479 2594 'H
3509 2543 3606 2610 μέν

2039 2626 2130 2680 οὖν
2157 2629 2284 2698 περὶ
2299 2629 2390 2681 τὸν
2414 2629 2662 2698 ήγεμόνα
2688 2630 2839 2696 τάξις
2866 2630 2990 2700 ἄχρι
3021 2631 3111 2684 τού
3138 2631 3314 2685 κλῖναι
3337 2634 3430 2685 τὸν
3455 2635 3605 2704 ἣλιον

2039 2715 2133 2769 καὶ
2166 2718 2192 2768 ὁ
2216 2715 2436 2786 ἡγεμὼν
2463 2716 2920 2787 ψυχαγωγοῦντες
2949 2719 3219 2773 διετέλουν
3250 2723 3316 2774 τά
3343 2723 3567 2791 ὄμματα
3591 2741 3605 2755 ο

2041 2808 2318 2870 κλίναντσς
2341 2809 2384 2861 δ’
2415 2809 2647 2874 ἐκείνου,
2678 2814 2767 2862 καὶ
2805 2812 2873 2862 τά
2895 2811 3146 2881 ὁρώμενα
3175 2814 3494 2868 κατεδύοντο
3528 2816 3608 2878 εἰς

2041 2900 2166 2960 τοὺς
2215 2898 2451 2970 ἐξαρχῆς
2511 2901 2620 2954 τῶν
2676 2902 2887 2956 ὑδάτων
2933 2903 3236 2974 πυθμένας,
3266 2907 3479 2976 ἀφωνία
3510 2908 3608 2974 τὴν

2043 2989 2303 3056 ἐπίδειξιν
2367 2993 2780 3062 συστησάμενα⁶
2839 2993 3101 3064 ἀφθόγγῳ
3130 2996 3236 3065 γάρ
3292 3001 3473 3068 σιωπῇ
3508 3001 3608 3068 τὴν

2047 3080 2288 3149 ἱστορίαν
2334 3084 2447 3144 τοῖς
2515 3085 2769 3153 ἐρασταῖς
2830 3084 3192 3152 ἐπεδείξαντο.
3235 3089 3528 3152 Οἰωνίζετο
3560 3089 3607 3144 δ’

373 3153 484 3238 bat.
511 3185 574 3238 Et
601 3153 710 3252 jam
747 3193 857 3236 tum
893 3183 1063 3237 futuri
1090 3197 1250 3238 casus
1287 3153 1935 3254 metu'perturbabatuvr:

2046 3173 2139 3226 ἐπὶ
2167 3176 2304 3228 πᾶσι
2354 3175 2564 3238 τούτοις
2588 3178 2697 3238 τοῖς
2745 3179 3020 3240 ἀπαισίοις
3056 3179 3349 3246 συμϐόλοις
3379 3183 3408 3234 6
3449 3183 3607 3252 βασι-

373 3290 662 3348 propterea
695 3277 866 3347 quod,
908 3279 1004 3348 qui
1036 3277 1330 3346 diligenter
1386 3279 1651 3334 historias
1689 3282 1937 3336 conscri-

353 3381 637 3441 pserunt,
697 3372 1121 3441 haudquaquam
1197 3372 1483 3426 commoda
1533 3373 1940 3442 rebuspublicis

369 3463 702 3535 ejnscemodi
761 3465 1136 3534 prodigiorum
1191 3473 1403 3520 ostenta
1458 3479 1602 3530 esse,
1661 3467 1940 3522 memoria:

372 3557 751 3627 prodiderant.

873 3763 1095 3821 CAPUT
1170 3763 1428 3821 XXXVII.

372 3884 640 3950 Quomodo
673 3881 1085 3938 Commentiolus
1117 3893 1165 3935 et
1208 3880 1442 3944 Priscus,
1480 3884 1631 3937 duces
1666 3886 1937 3951 regionum

442 3954 700 4023 Europaz,
741 3968 855 4005 cum
897 3952 1154 4004 Abaribus
1193 3953 1487 4023 congressi.
1519 3970 1682 4022 supra
1717 3954 1938 4022 triginta

443 4022 617 4078 millia
647 4023 872 4077 hostium
920 4023 1221 4076 ceciderint.
1258 4022 1327 4075 Et
1369 4031 1552 4076 rursus
1597 4024 1841 4093 quadam
1875 4025 1940 4078 de

439 4097 686 4150 Cstroe.

440 4207 560 4264 Non
597 4207 828 4261 multum
867 4206 1182 4260 intercessit
1217 4205 1506 4275 temporis,
1537 4220 1660 4259 cum
1715 4206 1936 4262 Priscus

369 4313 423 4354 ct
455 4301 916 4366 Commcntiolus,
955 4299 1240 4370 regionum
1270 4298 1504 4369 Europa:
1542 4299 1808 4369 praefecti,
1850 4315 1938 4355 so-

371 4393 484 4446 luta
511 4405 596 4455 ea,
635 4404 799 4459 quam
831 4387 947 4442 arte
970 4386 1206 4458 quadam
1271 4402 1394 4442 cum
1441 4387 1700 4459 Chagano
1753 4389 1936 4446 Abare

2041 3265 2164 3330 λεὺς
2195 3268 2380 3330 δεινῶς
2410 3270 2682 3338 ἐσομένων
2708 3275 3050 3338 πραγμάτων
3069 3269 3208 3326 εἶναι
3236 3273 3332 3345 τήν
3358 3274 3603 3331 ἔκϐασιν.

2042 3362 2139 3415 καὶ
2165 3361 2258 3414 ἐπὶ
2286 3364 2398 3425 τοῖς
2421 3363 2658 3432 παροῦσι
2681 3362 2790 3415 δέει
2825 3361 2918 3414 τοῦ
2945 3362 3229 3432 μέλλοντος
3263 3367 3607 3437 ἐταράττετο·

2041 3455 2123 3507 ὅτι
2151 3457 2241 3509 καὶ
2277 3456 2325 3507 οἱ
2364 3456 2460 3518 τάς
2493 3456 2731 3526 ἱστορίας
2763 3455 3035 3525 ἐπιμελῶς
3060 3457 3506 3528 συγγραψάμενοι
3532 3461 3609 3532 μὴ

2040 3545 2121 3608 είς
2148 3545 2350 3614 ἀγαθὸν
2391 3550 2509 3610 ταῖς
2543 3547 2760 3600 πόλεσιν
2793 3542 2934 3600 εἶναι
2963 3549 3060 3618 τήν
3093 3549 3202 3601 τῶν
3223 3551 3479 3604 τοιούτων
3522 3569 3610 3606 τε-

2043 3638 2219 3707 ράτων
2243 3639 2563 3707 ἐπιφάνειαν
2594 3639 2920 3710 ἱστοροῦσιν.

2610 3755 2860 3809 ΚΕΦΑΛ.
2903 3755 3023 3812 ΛΖ’.

2053 3866 2157 3944 Ὠς
2176 3872 2576 3944 Κομεντίολος
2620 3871 2716 3944 καὶ
2761 3871 3021 3944 Πρίσκος
3065 3876 3117 3926 οι
3142 3877 3465 3944 στρατηγοὶ
3493 3875 3610 3931 τῶν

2115 3941 2476 4014 Εύρωπαίωὴ
2519 3940 2820 4014 animalum:-
2849 3941 2975 4014 τοῖς
3030 3940 3296 4012 Ἀὄᾴρὸις
3332 3940 3610 4014 triumla-

2110 4009 2339 4085 εξρντες,
2368 4011 2520 4085 ὑπὲρ
2541 4011 2592 4065 ,λ’
2620 4010 2894 4079 χιλιάδας
2915 4009 3198 4068 ἀνεῖλον-ὀ
3223 4009 3320 4069 κάι
3343 4009 3478 4085 πέρι
3500 4019 3606 4072 τοῦ

2110 4081 2380 4148 Χοσρόου
2402 4078 2596 4148 αὖθις.

2108 4195 2184 4252 Οὑ
2216 4198 2392 4269 πολλῷ
2442 4200 2498 4252 δὲ
2539 4199 2766 4270 ὕστερον
2811 4203 3052 4274 Πρίσκος
3099 4211 3192 4257 καὶ
3242 4205 3606 4273 Κομεντίολος

2037 4287 2147 4341 τῶν
2185 4289 2518 4360 Εὐρωπαίων
2551 4293 2828 4362 κλιμάτων
2851 4295 2900 4346 οί
2937 4297 3254 4366 στρατηγοὶ,
3282 4296 3378 4367 τὴν
3412 4314 3606 4366 τεχνη-

2038 4380 2136 4452 τὴν
2173 4382 2310 4451 μετὰ
2345 4381 2594 4450 Χαγάνου
2632 4384 2723 4437 τοῦ
2747 4385 2988 4456 ’Λὸαρος
3020 4388 3242 4457 εἰρήνην
3271 4388 3606 4457 διαλυσάμε-

373 4483 714 4553 pepigerant,
746 4495 905 4550 pace,
927 4479 1066 4534 clam
1099 4479 1155 4534 id
1179 4479 1406 4549 iubente
1431 4481 1703 4551 principe,
1725 4484 1935 4539 ratibus

2037 4488 2142 4536 νοι,
2177 4471 2374 4542 κρύφα
2415 4473 2750 4544 ὑποθεμένου
2804 4477 2897 4530 τοῦ
2942 4478 3178 4541 ἄνακτος
3245 4479 3485 4548 σχεδίαις
3522 4497 3606 4532 τι·

374 4577 572 4629 lstrum
628 4573 980 4642 trajecerunt.
1013 4572 1190 4642 Atque
1218 4572 1310 4627 ubi
1368 4587 1606 4642 primum
1671 4574 1726 4628 in
1772 4575 1939 4630 Vimi-

374 4681 600 4721 naceum
633 4665 831 4736 (insula
863 4681 926 4718 ea
960 4673 1044 4719 est
1072 4665 1126 4718 in
1159 4665 1302 4719 Istro
1329 4664 1558 4720 [lumine
1592 4666 1718 4735 sita)
1743 4666 1934 4733 delati,

369 4771 424 4812 et
450 4757 652 4812 deinde
686 4757 873 4810 subito
911 4771 1034 4810 cum
1067 4755 1322 4811 Barbaris
1350 4765 1407 4810 et
1429 4758 1756 4827 quibusdam
1813 4759 1936 4812 aliis

369 4850 644 4920 congressi
669 4861 819 4915 sunt,
857 4851 1020 4904 unius
1049 4848 1251 4904 mensis
1283 4850 1460 4919 spatio
1507 4851 1758 4920 plurimis
1786 4865 1935 4920 prae-

371 4944 484 5000 liis.
509 4956 672 5010 supra
703 4941 927 5009 triginta
951 4940 1119 4994 millia
1147 4941 1409 5003 Abarum,
1465 4939 1819 5010 Gepidarum,
1879 4951 1935 4998 ct

338 5033 712 5088 .Slavinorum
783 5032 1223 5086 interemerunt:
1283 5029 1715 5099 corumdemque
1797 5031 1934 5086 ultra

369 5124 681 5192 quindecim
708 5124 875 5177 millia
913 5131 1225 5202 ceperunt;
1260 5132 1314 5177 et
1341 5122 1565 5177 victoria
1604 5123 1692 5176 tali
1751 5124 1931 5193 potiti,

367 5215 584 5282 qualem
626 5220 714 5269 vix
750 5231 986 5285 unquatn
1014 5215 1212 5283 aliquis
1246 5214 1314 5268 ab
1354 5214 1602 5267 hostibus
1627 5223 1934 5284 reportasse

365 5306 617 5376 cognitus
649 5315 754 5364 est.
789 5315 1250 5361 retrocesscrunt.
1286 5304 1542 5374 Captivos
1579 5319 1742 5374 porro
1792 5304 1935 5359 Cha-

365 5412 504 5464 gano
533 5412 628 5466 per
665 5397 992 5468 legationem
1048 5397 1273 5466 petenti,
1308 5394 1603 5448 Mauricius
1671 5380 1928 5450 restituit.

368 5486 608 5542 llibcrno
635 5497 820 5543 autem
849 5499 1110 5557 tempore,
1144 5503 1310 5557 quum
1340 5485 1709 5540 Romanorum
1737 5488 1927 5556 copim,

365 5580 417 5631 vi
473 5565 704 5649 cogente
721 5579 1143 5645 Commentiolo,
1183 5587 1410 5633 stratam
1440 5576 1714 5646 lapidibus
1746 5577 1930 5650 Traja-

365 5672 422 5724 ni
452 5671 618 5742 viam,
676 5671 938 5727 Gerontio
990 5680 1218 5726 vetustae
1284 5671 1586 5724 nobilitatis
1645 5667 1784 5734 \‘iro,
1836 5673 1926 5740 qui

366 5772 587 5816 centum
617 5772 671 5817 et
693 5764 982 5820 duodecim
1025 5780 1198 5818 annos
1219 5774 1378 5817 natus
1402 5775 1539 5832 erat,
1568 5768 1706 5822 duce
1727 5765 1927 5820 transi-

2041 4563 2124 4615 σὶν
2155 4567 2213 4627 ἐς
2247 4565 2307 4618 τδ
2354 4565 2528 4634 πέραν
2561 4567 2776 4637 Ἴστρου
2807 4561 3238 4636 διαϐιϐάζονται,
3297 4573 3391 4624 ἐπὶ
3423 4573 3483 4624 τὸ
3516 4573 3606 4625 Bt-

2013 4656 2289 4722 μινάκιον
2343 4656 2693 4721 διασωθέντες
2733 4660 2794 4712 τδ
2827 4661 3092 4732 πρότερον
3115 4679 3127 4692 ’
3182 4664 3343 4732 νῆσος
3372 4664 3428 4717 δὲ
3461 4663 3602 4735 α’ύτη

2038 4749 2167 4816 περὶ
2195 4749 2262 4800 τὰ
2298 4751 2491 4820 ῥεῖθρα
2517 4751 2608 4802 τοῦ
2641 4753 2856 4822 Ἴστρου
2889 4754 3239 4824 διακειμένη.
3277 4757 3383 4810 Καὶ
3415 4758 3606 4824 ἐξαπι-

2037 4841 2199 4903 ναίως
2221 4844 2332 4905 τοῖς
2367 4842 2662 4913 βαρϐάροις
2694 4846 2790 4897 καὶ
2823 4850 3030 4908 λοιποῖς
3081 4847 3263 4911 ἄλλοις
3287 4850 3602 4920 συμϐεϐλη-

2035 4930 2212 4998 κότες,
2241 4937 2338 4990 καὶ
2366 4936 2533 5006 μηνὸς
2565 4936 2685 4998 ἐνὸς
2718 4938 3050 5009 διαστήματι
3084 4941 3360 5006 πλείστοις
3397 4946 3601 5014 συρρα-

2035 5026 2224 5092 γέντες
2267 5028 2494 5091 ἐκείνοις
2526 5027 2802 5097 πολέμοις,
2839 5031 3106 5084 κτείνουσι
3145 5034 3246 5102 μὲν
3280 5034 3418 5105 ὑπὲρ
3451 5037 3607 5105 τριά-

2035 5135 2196 5170 κοντα
2227 5119 2468 5188 χιλιάδας
2506 5119 2750 5190 Ἀϐάρων
2783 5123 2874 5174 καὶ
2928 5123 3184 5192 Γηττέδων
3227 5128 3319 5178 καὶ
3349 5126 3601 5199 Σκλαῦή-

2033 5209 2160 5263 νῶν.
2187 5211 2463 5280 Ζωγρούσι
2495 5213 2541 5264 δ’
2580 5215 2644 5264 ἐκ
2697 5217 2906 5268 τούτων
2946 5207 3086 5286 ὑπερ
3142 5220 3297 5271 πέντε
3331 5222 3424 5271 καὶ
3468 5221 3601 5272 δέκα

2033 5303 2274 5370 χιλιάδας
2296 5320 2309 5335 ·
2341 5303 2482 5356 οὑτω
2501 5323 2557 5357 τε
2585 5307 2739 5376 νίκην
2768 5308 2884 5360 οἵαν
2913 5307 2971 5360 ού
2985 5326 3063 5360 πω
3088 5327 3169 5373 τις
3197 5311 3339 5378 ἔγνω
3361 5313 3599 5382 διαπρα-

2035 5395 2272 5463 ξάμενοι,
2323 5397 2496 5449 ὀπίσω
2525 5398 2679 5462 αὖθις
2733 5401 2996 5470 ἐχώρουν.
3045 5404 3184 5466 Τοὺς
3226 5404 3284 5456 δὲ
3335 5406 3600 5476 ζωγρίας,

2032 5489 2284 5555 Χαγάνου
2327 5492 2786 5560 πρεσϐεύσαντος,
2821 5495 3128 5564 Μαυρίκιος
3151 5497 3427 5551 ἀπεδίδου.
3473 5499 3597 5550 Χει-

2034 5580 2208 5651 μῶνος
2242 5580 2286 5632 δ’
2316 5580 2435 5651 ὥρα
2465 5583 2564 5650 τὴν
2602 5583 2872 5651 Τραῖανοῦ
2909 5585 3265 5656 λιθόστρωτον
3307 5586 3401 5640 τοῦ
3436 5605 3602 5656 στρα-

2029 5671 2122 5725 τοῦ
2165 5672 2496 5752 Ῥωμαίων,⁵
2524 5675 2613 5746 βίᾳ
2653 5663 3013 5745 Κομεντιόλου
3043 5681 3409 5750 διερχομὲνων
3457 5683 3595 5749 ὁδὸν,

2029 5766 2312 5836 Γεροντίου
2347 5766 2705 5835 παλαιγενοῦς
2757 5770 3084 5838 ἡγουμένου,
3143 5774 3346 5843 χρόνων
3375 5774 3594 5828 δυοκαί-
