4100 6216
456 277 552 343 401

1322 285 1923 349 ECCLESIASTICE
1962 288 2347 349 lIlSTORLE
2387 293 2530 354 LIB.
2577 295 2799 359 XVIII.

3626 302 3652 365 ri
3664 301 3740 365 0?.

456 395 588 448 δέκα
620 394 756 465 πρὸς
785 396 900 460 τοῖς
939 396 1136 450 ἐκατδν
1172 399 1500 466 πεφυκότος,
1533 399 1740 469 ψύχους
1778 399 2045 468 δριμυτά-

2175 413 2367 460 ssent:
2418 409 2690 464 acerrimo
2743 411 2946 482 frigore
2995 424 3210 477 exorto,
3260 415 3417 469 multi
3458 416 3738 471 interiere.

456 505 550 543 του
578 488 1007 558 ὲπισυμϐἀντος,
1044 490 1232 543 πολλοὶ
1259 490 1652 562 διεφθείροντο.
1685 492 2046 561 Κομεντίολος

459 580 560 650 μὲν
599 579 691 632 οὖν
723 582 813 633 ἐπὶ
843 582 905 633 τὸ
960 581 1258 646 Βυζάντιον
1301 582 1466 653 ἦκειο
1539 582 1778 652 Πρίσκος
1828 583 1886 636 δέ
1935 587 2049 646 τοῖς

460 672 601 724 κατὰ
639 672 864 743 Θρᾴκην
921 675 1320 744 ἐπεχωρίαξεν,
1355 674 1409 727 εί
1439 674 1542 728 πού
1594 692 1739 738 τινες
1779 673 2050 744 ἐκδρομαὶ

460 763 706 831 γένοιντο
759 764 1066 834 ἀνακόψων.
1109 766 1313 835 Ἐαρος
1368 764 1412 819 δ’
1447 765 1888 836 ὑπολάμποντος,
1929 769 2051 820 ἐπεὶ

459 857 520 918 ἐς
547 855 842 920 Βυζάντιον
871 859 1133 926 ἐγεγόνει,
1192 858 1352 911 πάλιν
1394 858 1700 928 στρατηγὸς
1733 859 2050 912 ἀναδείκνυ-

461 967 574 1004 ται.
603 950 693 1020 Τῷ
722 951 776 1004 δὲ
804 952 867 1005 ιθ¹
897 952 1008 1007 έτει
1048 953 1145 1006 τοῦ
1190 952 1596 1023 αὐτοκράτορος
1627 954 1781 1007 οὐδέν
1811 971 1863 1006 τι
1902 955 2049 1024 μέγα

479 1040 780 1110 Ῥωμαίοις
812 1043 906 1096 καὶ
927 1044 1238 1115 Βαρϐἁροις
1275 1045 1549 1116 ἐπράχθηε
1587 1046 1720 1098 Τότε
1751 1045 1809 1098 δὲ
1837 1046 2052 1116 Μαυρί-

469 1147 586 1194 κιος
621 1131 902 1186 Θεοδόσιον
952 1135 1044 1187 τὸν
1101 1135 1218 1188 υίδν
1269 1137 1506 1206 νυμφίον
1553 1137 1862 1205 ἐπόμπευε,
1917 1138 2052 1207 πρὸς

467 1221 693 1291 ἔννομον
717 1224 896 1293 γάμον
927 1225 1077 1296 αὐτῷ
1117 1227 1399 1294 Γερμανοῦ
1436 1227 1498 1280 τὸ
1544 1229 1844 1299 θυγάτριον
1877 1229 2054 1297 ἁρμο-

405 1339 410 1360 ι
471 1315 729 1384 σάμενος,
757 1318 952 1388 ἀνδρὸς
981 1319 1102 1374 λίαν
1142 1321 1354 1390 ἐξόχου,
1396 1321 1487 1373 καὶ
1515 1319 1624 1372 τῶν
1656 1323 1712 1384 ἐς
1744 1321 2053 1389 συγκλήτου

471 1407 670 1478 βουλὴν
701 1410 981 1478 ἀνιόντων,
1016 1411 1162 1481 μάλα
1197 1413 1519 1481 ἐπιφανοῦς.
1585 1413 1746 1466 Ἀλλὰ
1780 1414 1875 1466 καὶ
1907 1415 2052 1466 Χοσ-

474 1497 602 1566 ρόης
625 1500 721 1561 τὰς
745 1499 1027 1570 διατριϐὰς
1049 1504 1107 1554 ἐν
1128 1503 1416 1557 Βαϐυλῶνι
1442 1503 1788 1574 ποιούμενος,
1821 1505 1928 1558 ὑπὸ
1947 1506 2056 1557 τῶν

471 1589 754 1660 ἡμετέρων
783 1593 1106 1664 συμμάχων,
1143 1597 1307 1665 Σῦροι
1335 1597 1390 1648 δὲ
1426 1595 1594 1662 οὗτοι,
1648 1597 1742 1650 καὶ
1773 1597 1839 1648 τὰ
1882 1596 2056 1665 πρόσ-

470 1700 598 1736 οικα
661 1687 872 1750 τούτοις
925 1687 1119 1758 χωρία,
1148 1690 1495 1759 νυττόμενος,
1519 1689 1755 1742 διαλύειν
1779 1690 2056 1758 ἐπεχείρει

2159 495 2226 550 Ει
2257 497 2695 556 Commentiolus
2717 505 2940 572 quidem
2978 505 3295 576 Byzantium
3324 515 3410 562 est
3438 523 3693 563 reversus
3723 522 3738 560 :

2155 590 2375 645 Priscus
2407 609 2535 647 vero
2591 595 2648 648 in
2690 595 2924 651 Thracia
2979 601 3264 661 remansit,
3319 603 3745 657 excursionibus

2156 680 2419 746 hostium,
2441 684 2486 736 si
2521 701 2642 752 qua:
2663 685 2877 752 ﬁerent,
2950 689 3173 744 obviam
3228 693 3424 746 iturus.
3459 693 3564 746 Sed
3593 695 3739 746 enim

2157 771 2337 840 primo
2369 789 2494 829 vere
2526 791 2649 829 cum
2689 778 3224 851 Constantinopolim
3256 786 3518 846 venisset.
3550 787 3739 840 denuo

2157 863 2266 916 dux
2299 864 2612 922 declaratus
2642 879 2750 923 est.
2779 871 3153 927 Deeimonouo
3207 875 3424 945 imperii
3485 876 3739 931 Mauricii

2155 972 2301 1012 anno
2333 959 2468 1013 nihil
2495 975 2750 1030 magnu-u
2792 981 2818 1015 ιι
2848 965 3108 1022 lteruanis
3133 977 3189 1020 et
3224 969 3470 1024 barbaris
3497 980 3737 1039 gestum.

2155 1050 2320 1120 857
2380 1051 2516 1107 Tum
2581 1071 2710 1110 vero
2787 1057 3082 1112 Mauricius
3137 1059 3509 1116 Theodosium
3571 1063 3740 1116 ﬁlium

2156 1157 2417 1211 Sponsum
2438 1144 2645 1214 ingenti
2670 1164 2794 1201 cum
2823 1158 3092 1218 apparatu
3117 1149 3268 1212 iecit,
3311 1151 3561 1221 legitimo
3617 1167 3736 1204 ma-

2157 1236 2422 1291 trimonio
2459 1240 2504 1291 ei
2539 1238 2797 1294 Germani
2828 1242 2938 1295 ﬁlia
2967 1243 3287 1314 conjuncta,
3324 1244 3426 1297 viri
3476 1253 3742 1312 praestan-

2158 1325 2355 1380 tissimi
2393 1336 2448 1381 et
2482 1330 2755 1384 senatoris
2787 1331 3221 1398 prmclarissimi.
3264 1332 3370 1386 Sed
3395 1341 3448 1387 et
3472 1332 3746 1386 Cbosroes

2161 1416 2434 1487 Babylone
2465 1429 2578 1473 tum
2615 1420 2901 1490 degens,a
2964 1423 3131 1478 sociis
3192 1425 3396 1479 nostris
3453 1424 3624 1494 Syris,
3691 1434 3747 1477 et

2162 1505 2520 1561 ﬁnitimarum
2552 1509 2634 1564 eis
2663 1512 2950 1578 regionum
2986 1513 3203 1582 populis
3257 1514 3543 1577 incitatus,
3595 1528 3746 1565 rum-

2160 1613 2290 1666 pere
2318 1610 2475 1666 pacta
2507 1616 2631 1654 cum
2668 1602 2928 1657 Romanis
2961 1606 3164 1658 hedera
3192 1606 3500 1675 cogitabat.
3546 1603 3745 1658 Verum

2164 1690 2253 1742 ubi
2289 1689 2930 1762 imperatorlegationem
2963 1698 3030 1748 ad
3063 1713 3188 1750 eum
3219 1698 3389 1761 misit,
3420 1705 3576 1766 pacta
3609 1697 3736 1766 qui-

472 1775 570 1834 τὰς
607 1774 747 1841 μετὰ
789 1757 1075 1845 Ῥωμαίων
1133 1757 1393 1841 σπονδᾶς.
1460 1757 2059 1849 [Ιρεσϐευσαμένουίδέ

2173 1779 2285 1833 dem
2309 1795 2505 1833 rursus
2532 1783 2857 1838 conﬁrmata
2919 1794 3068 1837 sunt.
3124 1785 3322 1838 Orator
3381 1796 3562 1840 autem
3629 1787 3748 1854 ipse

477 1864 573 1917 τοῦ
608 1866 964 1936 κρατοῦντος,
1005 1870 1059 1920 αί
1094 1870 1193 1936 μὲν
1246 1871 1473 1923 σπονδαὶ
1522 1871 1614 1922 καὶ
1654 1871 1819 1923 πάλιν
1851 1868 2060 1937 κρατύο

475 1975 657 2011 νονται
677 1974 692 1988 ·
724 1960 752 2012 δ
783 1959 837 2011 δὲ
867 1960 1106 2030 πρέσϐυς
1139 1962 1323 2025 κακῶς
1346 1963 1570 2026 ἔπαθεν,
1595 1961 1766 2015 εἰπὼν
1795 1961 1930 2031 πρὸς
1973 1961 2081 2014 τὸν

476 2050 879 2120 αὶτοκράτορα,
907 2051 982 2114 ώς
1018 2050 1077 2106 Ὀ
1130 2054 1357 2124 Περσῶν
1390 2054 1649 2124 βασιλεὺς
1675 2054 1793 2108 τάδ’
1821 2055 1902 2116 είς
1924 2055 2064 2124 ἐπή-

477 2157 601 2193 κοον
629 2141 736 2194 τῶν
779 2143 1077 2212 σατραπῶν
1126 2145 1184 2207 ἐς
1234 2148 1398 2214 μέσον
1437 2146 1766 2199 διείλεκταιο
1817 2145 1917 2199 Διὰ
1965 2146 2064 2214 τὴν

478 2233 572 2286 τοῦ
604 2233 886 2303 πρέσϐεως
921 2235 1126 2307 ἀρετὴν
1148 2236 1341 2306 δίδωμι
1385 2238 1460 2308 τῷ
1488 2239 1709 2309 πολέμῳ
1758 2241 1858 2310 τὴν
1885 2237 2062 2294 λύσιν.

481 2330 809 2383 Χαλεπαίνει
853 2330 1005 2383 ταῦτ’
1039 2332 1434 2402 ἐνωτισάμενος
1480 2331 1737 2402 βασιλεύς
1759 2349 1772 2362 ·
1808 2332 1902 2384 καὶ
1921 2331 2067 2400 γίνε-

480 2438 569 2474 ται
601 2419 679 2493 τῷ
716 2423 976 2494 Γεωργίῳ
1012 2423 1260 2495 σφαλερὰ
1303 2427 1336 2494 ἡ
1370 2427 1468 2494 τῆς
1509 2424 1812 2494 πρεσϐείας
1844 2424 2061 2475 ἐπίτευ-

481 2512 564 2578 ξις
585 2533 598 2546 ο
632 2512 773 2567 οὕτω
796 2517 904 2586 γὰρ
939 2516 967 2567 ὁ
989 2516 1227 2586 πρέσϐυς
1264 2516 1572 2586 ώνόμαστο.
1611 2516 1746 2578 Ταῖς
1779 2515 1888 2584 γὰρ
1935 2514 2068 2582 ἀλη-

481 2606 658 2670 θείαις
691 2607 846 2676 λόγος
876 2608 954 2680 μὴ
985 2609 1211 2679 μέτροις
1241 2607 1315 2671 ώς
1338 2608 1517 2678 χρεὼν
1547 2607 1929 2678 διοικούμενος
1969 2624 2067 2678 με-

484 2700 656 2769 γάλας
690 2701 978 2771 συμφορὰς
1007 2699 1117 2754 οἵδε
1148 2703 1260 2766 τοῖς
1293 2701 1661 2773 χρησαμένοις
1695 2700 2066 2772 παρέχεσθαι.

487 2795 601 2848 Καὶ
626 2795 757 2866 περὶ
789 2795 888 2866 μέν
905 2795 1110 2852 τούτων
1135 2794 1332 2860 οὕτως.

1055 2938 1308 2992 ΚΕΦᾹΛ.
1380 2935 1506 2991 Ail'.

488 3057 691 3121 Ὅπως
722 3055 788 3108 τὸ
826 3055 894 3107 ἐν
949 3053 1246 3118 Βυζαντίῳ
1284 3054 1520 3123 πλῆθος
1562 3054 1896 3120 Μαυρικίου
1931 3069 2068 3106 κατ-

557 3119 889 3181 εστασίασε
918 3140 932 3154 ⁸
988 3125 1087 3177 καὶ
1144 3125 1222 3189 ώς
1260 3127 1342 3192 μὴ
1396 3119 1510 3190 τὴν
1562 3119 1738 3177 λείαν
1791 3119 2141 3192 Χαγάνουσϐ

561 3195 1052 3278 ἐξωνησαμένου,
1085 3195 1316 3260 ἐκεῖνος
1366 3195 1446 3260 τῷ
1485 3194 1646 3262 ξίφει
1681 3193 1914 3258 πάντας
1957 3196 2070 3248 ὑπ-

561 3287 599 3336 a,»
612 3284 734 3338 γεν.
1708 3317 1715 3328 ,

408 3442 414 3448 _
569 3378 706 3447 Ἤδη
741 3377 798 3431 δὲ
834 3380 1082 3431 εἰκοστὸν
1113 3379 1140 3431 ό
1171 3377 1534 3448 αὐτοκράτωρ
1586 3377 1891 3446 Μαυρίκιος
1923 3375 2074 3444 ἄγων

490 3473 740 3526 ἐνιαυτὸν
767 3475 834 3543 τῇ
865 3475 1031 3541 ἀρχῇ,
1064 3471 1254 3541 Πέτρῳ
1282 3470 1359 3540 τῷ
1389 3471 1606 3540 ἀδελφῷ
1646 3472 1744 3541 τὴν
1800 3471 1902 3541 τῆς
1967 3471 2072 3522 Eb-

493 3565 685 3635 ρὼπης
709 3563 1006 3634 ἐγχειρίζει
1034 3565 1352 3633 ἠγεμονίαν.
1407 3563 1515 3616 Καὶ
1546 3564 1736 3633 λοιμὸς
1761 3563 1960 3633 ἁθρόον
1985 3567 2075 3616 ἐν·

493 3660 709 3728 σκήψεις
735 3657 834 3727 τὴν
869 3657 1122 3727 βασιλίδα
1186 3655 1486 3727 ἐξέτριϐεν.
1532 3655 1692 3709 Ἐπεὶ
1725 3655 1772 3710 δ’
1799 3658 1828 3710 ὁ
1883 3657 2074 3727 καιρὸς

491 3753 602 3802 τῶν
632 3749 872 3820 Χριστοῦ
903 3749 1200 3818 γενεθλίων
1226 3751 1417 3816 ἐνέστη
1444 3749 1651 3818 (εἰώθει
1673 3748 1730 3802 δὲ
1762 3752 1790 3802 ό
1819 3749 2077 3818 βασιλεὺς

495 3845 881 3914 συκιεορτάςειν
911 3847 1024 3908 τοῖς
1069 3845 1286 3914 δήμοις,
1319 3842 1418 3913 τὴν
1452 3842 1509 3910 ἐξ
1556 3841 1712 3906 ἔθους
1745 3841 1824 3913 τῷ
1879 3841 2076 3912 πλήθει

494 3940 724 4006 ἄγοντος
765 3938 1075 4008 Μαυρικίου
1131 3935 1346 4007 τιμὴν),
1381 3935 1490 3988 τῶν
1529 3952 1673 3998 τινες
1693 3933 1787 3988 τοῦ
1835 3934 2078 4005 πλήθους

495 4030 948 4100 νεωτερίσαντες,
987 4027 1110 4081 κατ’
1149 4027 1314 4080 αὐτοῦ
1369 4025 1717 4094 ἐστασίαζον,
1745 4025 1837 4080 καὶ
1895 4025 2080 4090 λίθους

498 4120 786 4191 βᾰλλοντες
816 4119 1228 4189 ἐϐλασφήμουν.
1290 4118 1400 4172 Καὶ
1432 4118 1460 4170 ό
1494 4121 1594 4188 μὲν
1656 4118 1810 4186 μόλις
1855 4118 2079 4189 διαδρὰς

495 4215 590 4265 τὸν
625 4214 894 4277 κίνδυνον,
931 4215 988 4275 ἐς
1022 4212 1085 4264 τὺ
1112 4211 1214 4281 τῆς
1275 4210 1540 4263 Θεοτόκου
1601 4210 1849 4278 τέμενος,
1883 4209 1911 4261 ὃ
1939 4211 2078 4262 Βλα-

497 4305 696 4372 χέρνας
747 4301 1185 4374 προσαγορεύειν
1235 4299 1446 4370 ἔθιμον,
1508 4300 1836 4365 διασώζεται
1867 4317 1882 4331 ο
1919 4301 2082 4355 σεϐἀσ

497 4399 683 4461 ζονται
710 4398 768 4450 δέ
796 4397 956 4450 τοῦτο
982 4398 1038 4458 ἐς
1074 4395 1317 4466 μάλιστα
1351 4391 1755 4464 θρησκεύοντες
1783 4394 1832 4444 οἱ
1873 4392 2080 4457 Βυζάν-

2164 1871 2438 1941 legatione
2466 1873 2634 1937 obita,
2666 1875 2802 1927 male
2834 1885 2916 1928 est
2939 1886 3201 1946 acceptus
3233 1895 3246 1929 :
3283 1885 3572 1945 propterea
3599 1878 3746 1946 quod

2166 1963 2486 2034 imperatori
2515 1965 2736 2030 dixerit,
2795 1967 3083 2022 Persarum
3141 1983 3322 2038 regem
3397 1968 3561 2021 verba
3630 1969 3748 2022 haec

2167 2058 2526 2114 audientibus
2552 2060 2787 2129 satrapis
2826 2065 2878 2113 in
2915 2061 3155 2116 medium
3207 2062 3494 2130 protulisse
3530 2078 3542 2114 :
3609 2061 3747 2115 Pro-

2167 2160 2289 2220 pter
2331 2153 2570 2208 oratoris
2629 2154 2805 2222 ipsius
2844 2155 3106 2209 virtutem
3161 2153 3363 2207 bellum
3413 2155 3746 2210 intermitto.

2169 2244 2298 2298 Eam
2325 2245 2469 2299 enim
2498 2260 2611 2300 rem
2632 2246 2726 2300 ubi
2752 2246 3076 2316 imperatori
3098 2248 3328 2310 audivit,
3362 2247 3745 2326 i‘ndignetulit,

2168 2343 2222 2388 et
2243 2335 2479 2406 Georgio
2512 2336 2587 2405 (id
2623 2353 2857 2407 namque
2887 2339 3128 2392 oratoris
3160 2327 3386 2391 nomen.
3411 2340 3553 2407 erat)
3603 2340 3748 2406 peri-

2171 2427 2396 2483 culosus
2426 2429 2718 2500 legationis
2751 2431 2870 2500 ejus
2896 2445 3189 2485 successus
3224 2430 3347 2485 fuit.
3379 2431 3454 2484 lta
3509 2447 3746 2500 namque

2170 2534 2256 2575 res
2284 2521 2412 2586 fert,
2457 2532 2516 2576 ut
2545 2524 2724 2577 oratio
2745 2523 2788 2578 si
2811 2539 2920 2578 non
2946 2538 3011 2578 ea
3034 2538 3144 2595 qua
3176 2540 3314 2594 opus
3371 2533 3477 2589 cst,
3533 2524 3747 2578 ratione

2169 2614 2540 2686 dispenselur,
2565 2633 2786 2688 magnas
2807 2621 2888 2672 eis
2909 2619 3269 2682 calamitates,
3289 2620 3383 2689 qui
3404 2619 3490 2674 illa
3511 2619 3753 2676 ubutuuv

2172 2718 2281 2772 tur,
2309 2711 2507 2782 pariat.
2544 2711 2617 2769 De
2648 2713 2729 2767 his
2771 2713 3056 2768 hactenus.

2687 2939 2913 2998 CAPUT
2947 2941 3230 2998 XXXVIII.

2174 3052 2443 3119 Quomodo
2481 3055 2729 3126 Byzantii
2775 3056 2912 3124 plebs
2949 3065 3132 3109 contra
3174 3055 3492 3109 Manricium
3533 3055 3749 3107 seditio-

2247 3142 2363 3178 nem
2391 3135 2439 3178 et
2477 3127 2760 3180 tuiimltum
2791 3129 3031 3179 excitarit
3075 3142 3092 3179 :
3133 3137 3184 3178 et
3215 3137 3269 3179 ut
3303 3127 3587 3195 Chugunus
3617 3142 3747 3194 cup-

2245 3198 2282 3247 ti
2292 3213 2374 3248 vos
2396 3214 2593 3262 omnes,
2619 3213 2746 3265 quos
2765 3195 3057 3250 Mauricius
3092 3197 3345 3252 redimere
3359 3215 3418 3249 su
3426 3197 3750 3266 persederat,

2245 3268 2382 3335 [erro
2407 3270 2686 3321 necaverit.

2249 3380 2582 3436 Vicesimum
2619 3382 2732 3451 jam
2769 3382 2821 3435 iu
2865 3381 3100 3451 imperio
3142 3383 3442 3438 Mauricius
3498 3379 3756 3454 princeps

2175 3474 2371 3542 agebat
2421 3489 2669 3536 annum,
2719 3491 2889 3543 quum
2942 3477 3106 3530 Petro
3160 3475 3318 3528 fratri
3375 3479 3755 3543 prater-turam

2177 3566 2413 3634 Europa:
2445 3566 2821 3620 demandavit.
2867 3565 2932 3618 Et
2967 3568 3276 3636 pestilentia
3306 3566 3492 3620 subito
3547 3579 3756 3629 coorta,

2179 3659 2536 3714 vehementer
2569 3659 2933 3729 imperantem
2972 3659 3164 3715 urbem
3219 3660 3430 3713 alilixit.
3463 3659 3757 3726 Postquam

2179 3762 2314 3803 vero
2354 3756 2574 3819 tempus
2598 3750 2797 3805 natalis
2841 3749 3048 3805 Christi
3098 3749 3325 3804 advenit
3369 3751 3760 3812 (consueverat

2178 3839 2384 3909 quippe
2413 3840 2667 3910 princeps
2696 3857 2805 3895 uua
2835 3856 2959 3918 cum
2997 3842 3202 3910 p0pulo
3234 3840 3433 3894 festum
3461 3854 3584 3890 eum
3613 3837 3756 3890 diem

2180 3929 2233 3982 iu
2274 3931 2476 3999 templo
2517 3931 2701 4002 agere)
2758 3945 2814 3988 et
2843 3942 2977 3999 tum,
3030 3950 3129 4002 pro
3177 3931 3584 3988 consuetudine
3633 3944 3755 3990 sua,

2180 4022 2483 4078 Mauricius
2514 4025 2858 4079 multitudini
2901 4026 3169 4080 honorem
3213 4041 3337 4080 eum
3374 4024 3588 4088 habuit,
3621 4037 3732 4077 non

2183 4115 2320 4170 nulli
2352 4130 2416 4170 ex
2446 4116 2605 4186 plebe
2656 4119 2826 4172 rebus
2864 4118 3024 4173 nov-is
3070 4117 3373 4180 sollicitati,
3430 4118 3758 4172 seditionem

2182 4207 2448 4261 adversus
2514 4223 2640 4261 eum
2719 4218 3013 4263 moverunt
3077 4227 3092 4264 :
3175 4207 3546 4278 eumdemque
3612 4211 3760 4264 saxis

2183 4307 2459 4368 petentes,
2492 4299 3010 4369 coiiviciisinsuper
3055 4302 3464 4371 prosciderunt.
3519 4301 3594 4354 lbi
3644 4312 3756 4354 tum

2185 4390 2279 4444 ille
2306 4406 2448 4460 κει-υ
2482 4393 2731 4460 periculo
2769 4393 2967 4459 vitato,
3012 4395 3065 4448 in
3115 4394 3210 4449 Dei
3263 4393 3568 4448 Gen-itricis
3621 4404 3761 4449 tem-

496 4507 625 4548 τιοι.
679 4490 910 4558 Λέγεται
972 4489 1080 4557 γὰρ
1135 4489 1230 4540 καὶ
1278 4485 1595 4539 πιστεύεται
1645 4487 1714 4538 τὰ
1767 4485 2069 4556 περιστὸλιο

2188 4483 2359 4552 plum,
2404 4485 2550 4553 quod
2587 4484 2922 4540 Blarhernas
2953 4488 3188 4557 populus
3211 4489 3500 4542 nominare
3529 4503 3764 4543 consue-

497 4585 597 4652 τῆς
632 4582 908 4655 »παρθένου
943 4581 1167 4651 Μαρίας
1193 4579 1338 4649 σορῷ
1375 4595 1485 4633 τινι
1509 4578 1881 4650 χρυσοπάστῳ
1907 4594 2076 4631 κατα-

498 4679 713 4732 κεῖσθαι
743 4675 999 4740 ἐνταῦθα,
1028 4675 1122 4728 καὶ
1155 4675 1322 4744 μέρος
1347 4691 1398 4726 τι
1423 4672 1520 4742 τῆς
1541 4671 1712 4740 αὐτῆς
1741 4671 2076 4737 ἁξιαγάστου

501 4773 700 4841 ζώνης,
734 4772 828 4824 καὶ
885 4769 947 4823 τὸ
999 4771 1101 4839 τῆς
1154 4766 1399 4836 κεφαλῆς
1452 4765 1833 4836 ἐπικάλυμμα,
1889 4763 2078 4836 ῶσπερ

503 4885 595 4937 μοι¹
624 4865 968 4936 διηγουμένῳ
1007 4865 1063 4916 ὲν
1100 4863 1212 4924 τοῖς
1243 4861 1433 4913 ἁνόπιν
1461 4860 1641 4927 λόγοις
1675 4858 1981 4928 ἱστόρηται.
2018 4857 2078 4908 '0

498 4962 555 5014 δέ
589 4960 840 5028 βασιλεὺς
878 4959 1141 5030 βραχεῖαν
1203 4959 1315 5018 τοῖς
1367 4954 1720 5017 στασιάζουσι
1773 4954 1873 5022 τὴν
1907 4971 2082 5019 τιμω-

501 5054 624 5123 ρίαν
656 5051 1053 5120 ἐπιμετρήσας,
1104 5047 1182 5109 ώς
1213 5047 1304 5098 καὶ
1336 5046 1460 5107 τοὺς
1497 5045 1940 5112 ἐπισημοτέρους
1981 5059 2082 5095 σω-

501 5145 754 5216 φρονίσαι
781 5143 891 5196 τῶν
947 5138 1348 5212 νεωτεριστῶν,
1381 5139 1496 5201 τοῖς
1546 5136 1603 5190 δὲ
1650 5136 1861 5199 λοιποῖς
1919 5137 2081 5206 μέχρι

499 5240 597 5308 τῆς
636 5237 981 5310 ὑποκρίσεως
1013 5235 1110 5307 τὴν
1137 5235 1361 5288 κόλασιν
1408 5231 1879 5302 σχηματίσασθαι,
1906 5231 2080 5285 διέλυε

500 5333 600 5404 τὴν
622 5331 819 5403 ὀργὴν,
863 5327 1019 5394 αὖθις
1052 5327 1316 5389 κελεύσας
1353 5323 1657 5379 ἐπιϐαίνειν
1715 5323 1810 5377 τοῦ
1864 5323 2077 5386 ἄστεος.

503 5428 571 5479 ’Ὀ
602 5442 667 5494 γε
701 5425 808 5495 μὴν
840 5423 1047 5494 Πέτρος
1084 5423 1185 5484 τὰς
1223 5417 1537 5488 Ῥωμαϊκὰς
1565 5416 1825 5487 δυνάμεις
1879 5417 2082 5469 ἀναλα-

503 5518 636 5584 ϐὼν,
671 5522 754 5579 εἰς
789 5516 1132 5570 ῐΙαλάστολον
1160 5514 1474 5583 ἀφικνεῖται
1515 5525 1529 5539 ⁶
1558 5510 1656 5563 καὶ
1686 5508 1914 5579 θερίσας
1940 5507 2082 5561 ἐκεῖ·

507 5626 590 5674 σε,
649 5607 958 5678 ἀρχομένου
1015 5606 1362 5675 μετοπώρου,
1400 5604 1458 5665 ἐς
1516 5600 1578 5654 τὸ
1639 5601 1739 5669 τῆς
1783 5599 2083 5668 Δαρδανίας

509 5701 806 5771 μετεχώρει
832 5700 1032 5762 κλίτος.
1073 5697 1282 5750 Ἐκεῖσε
1318 5699 1423 5764 γὰρ
1467 5695 1696 5764 ἠκηκόει
1728 5696 1786 5746 τὸ
1833 5692 2082 5761 ’Λϐἀρων

503 5794 864 5866 ἀθροισθῆναι
898 5794 1120 5863 πλῆθος,
1158 5791 1729 5863 στρατοπ;δευόμενον
1789 5786 1864 5858 τῷ
1897 5785 2075 5857 ’Λψίίλ

2184 4574 2280 4638 vit,
2313 4575 2498 4630 salvus
2530 4577 2796 4646 confugit.
2828 4578 3017 4647 Magna
3049 4589 3232 4634 autem
3285 4580 3550 4650 religione
3603 4581 3765 4634 delu.

2183 4671 2344 4725 brum
2387 4671 2443 4726 id
2481 4671 2727 4742 Byzantii
2759 4673 2970 4727 colunt.
3009 4674 3218 4728 Dicitur
3257 4690 3516 4745 namque,
3559 4686 3615 4731 et
3648 4692 3765 4731 cre-

2184 4763 2356 4826 ditur,
2385 4771 2570 4816 vestes
2600 4761 2784 4815 Maria:
2817 4761 3079 4832 Virginis,
3105 4772 3161 4818 et
3200 4775 3412 4836 partem
3463 4767 3760 4836 quamdam

2184 4854 2526 4908 admiranda:
2579 4854 2699 4922 ejus
2767 4871 2940 4919 zonae,
2995 4856 3165 4926 858
3221 4858 3530 4929 capitisque
3594 4862 3760 4913 etiam

2184 4945 2481 4998 amiculum
2512 4945 2568 4997 iu
2601 4962 2740 4998 auro
2801 4946 3075 5014 variegata
3142 4965 3276 5002 urna
3332 4949 3407 5003 ibi
3466 4955 3761 5016 asservari,

2185 5041 2348 5096 sicuti
2385 5059 2413 5095 ιι
2473 5057 2558 5096 me
2608 5058 2776 5110 supra
2832 5042 3037 5096 dictum
3084 5053 3189 5100 est.
3243 5046 3552 5121 Imperator
3595 5063 3758 5116 porro

2187 5134 2325 5189 adeo
2356 5135 2556 5189 leniter
2584 5137 2640 5189 in
2667 5135 2962 5191 seditioSus
2993 5138 3405 5204 animadvertit,
3443 5150 3502 5194 ut
3529 5143 3762 5210 praecla-

2191 5226 2368 5280 riores
2403 5242 2469 5280 ex
2520 5227 2825 5282 rebellibus
2871 5231 3226 5299 resipiscere,
3277 5232 3760 5300 moderatioraque

2186 5319 2416 5374 consilia
2466 5320 2623 5390 sequi
2659 5322 2890 5391 jusserit
2926 5338 2939 5374 :
2993 5325 3232 5394 reliquos
3268 5333 3451 5379 autem
3499 5339 3559 5378 se
3596 5325 3759 5392 puni-

2189 5421 2369 5465 turum
2399 5427 2519 5467 esse
2548 5414 2980 5470 assimulaverit.
3017 5416 3200 5486 Itaque
3237 5416 3314 5470 ira
3345 5417 3545 5478 Saluta,
3580 5430 3763 5468 rever-

2188 5501 2337 5556 tendi
2393 5502 2473 5558 eis
2514 5503 2568 5557 in
2599 5505 2793 5559 urbem
2864 5519 3194 5574 potestatem
3240 5495 3389 5561 fecit.
3443 5508 3614 5560 Porro
3661 5507 3763 5558 l’e-

2188 5606 2305 5653 Irus
2336 5613 2460 5651 cum
2510 5599 2773 5656 Romanis
2826 5603 3003 5670 copiis
3056 5602 3389 5654 I’alastolum
3451 5601 3760 5673 profectus,

2186 5700 2352 5760 atque
2406 5691 2481 5746 ibi
2524 5701 2716 5747 testate
2775 5702 3044 5755 moratus,
3102 5696 3327 5748 ineunte
3385 5703 3653 5748 autumno
3707 5695 3760 5750 iu

2189 5783 2473 5840 Dardania:
2499 5785 2761 5856 angulum
2815 5789 3112 5841 concessit.
3138 5789 3216 5844 lbi
3258 5804 3492 5857 namque
3535 5793 3762 5857 Congre-
