4100 6216
377 317 483 388 L03

1558 330 1966 399 NICEPllOBI
2008 332 2350 395 CALLIS'II

3505 331 3611 393 404

372 429 489 499 gari
522 427 759 485 Abarum
791 433 1219 500 multitudinem,
1262 443 1316 489 ct
1377 445 1557 492 castra
1613 440 1680 492 ad
1740 441 1930 509 Apslth

2040 444 2277 513 Παρῄνει
2305 444 2360 497 δέ
2390 443 2578 514 Πέτρῳ
2603 442 2908 513 Μαυρίκιος
2933 444 3042 497 πᾶν
3068 441 3123 495 εἴ
3147 458 3200 493 τι
3228 440 3447 495 δύναιτο
3469 447 3611 496 κατὰ

372 520 582 577 habere
624 523 896 578 audierat.
933 524 1271 581 llortabatur
1307 538 1489 583 autem
1531 529 1754 585 Petrum
1785 532 1938 586 Mau-

372 612 566 675 ricius,
602 623 659 667 ut
692 615 962 684 quidquid
996 618 1215 673 tandem
1249 630 1435 689 posset
1483 622 1752 678 adversus
1795 624 1939 680 Cha-

370 719 570 773 ganum
601 706 829 770 faceret,
868 724 1047 779 neque
1088 713 1389 768 exercitum
1424 716 1549 770 inde
1585 717 1737 771 exire
1787 728 1941 787 pate-

370 804 546 858 retur,
577 797 671 850 scd
703 808 820 852 arte
856 801 1091 868 quadam
1139 812 1195 857 et
1236 806 1432 861 callida
1461 808 1940 865 administratione

368 888 649 956 proderet.
689 891 1082 962 Indignabatur
1131 899 1299 963 enim,
1340 902 1744 968 prteteritarum
1796 902 1939 971 inju-

367 981 574 1035 riarum
617 998 853 1049 memor,
902 988 1173 1045 militibus
1226 991 1495 1048 seditione
1542 1002 1709 1064 atque
1756 994 1938 1050 rebel-

367 1071 516 1126 lione
546 1076 936 1142 gaudentibus.
977 1080 1043 1134 At
1068 1080 1384 1151 Chaganus,
1425 1086 1565 1140 clam
1588 1100 1936 1157 progressus,

367 1160 743 1219 Macedoniam
784 1171 1060 1237 percurrit
1097 1189 1110 1225 :
1144 1185 1198 1226 et
1230 1172 1498 1228 infinitam
1530 1176 1933 1234 multitudinem

370 1251 658 1309 hominum
689 1272 877 1314 secum
913 1262 1143 1328 ducens,
1177 1281 1346 1334 prope
1384 1268 1452 1320 ad
1477 1267 1938 1337 Constantinopo-

365 1344 463 1399 lim
495 1352 750 1417 accessit,
776 1353 1103 1426 duobusque
1134 1360 1317 1413 aureis
1357 1359 1438 1429 (1)
1458 1359 1634 1413 virum
1660 1373 1935 1427 quemque

369 1436 750 1497 redimendum
782 1444 1006 1501 obtulit.
1031 1450 1168 1503 Cum
1200 1461 1380 1504 autem
1414 1466 1478 1504 ea
1506 1451 1753 1505 conditio
1783 1451 1934 1504 Mau-

368 1528 508 1583 ricio
533 1533 715 1600 gravis
744 1535 1049 1601 videretur,
1082 1550 1137 1594 et
1165 1548 1271 1595 tam
1303 1542 1463 1595 vilem
1500 1541 1930 1609 redemptionem
1970 1550 1973 1553 '

365 1622 597 1677 avaritia
627 1627 803 1681 victus
844 1631 1117 1698 rejiceret,
1145 1633 1333 1686 furore
1361 1634 1605 1701 percitus
1642 1642 1929 1704 tyrannus,

363 1712 609 1778 captivos
636 1716 931 1771 multorum
994 1721 1226 1775 millium
1258 1736 1450 1776 onines
1494 1738 1625 1777 ense
1671 1722 1930 1778 concidit.

362 1801 535 1871 Cujus
566 1806 644 1860 rei
677 1809 847 1876 gratia
883 1811 1050 1864 Deum
1102 1811 1376 1867 infensum
1421 1814 1470 1867 ei
1524 1814 1730 1867 factum
1779 1828 1925 1878 esse,

361 1895 626 1951 creditur.
668 1901 724 1951 lu
752 1903 962 1957 somnis
986 1906 1190 1959 etenim
1238 1906 1289 1959 ei
1340 1922 1610 1975 apparens
1652 1907 1924 1973 Christus,

363 1983 557 2041 Phocae
585 2004 709 2043 eum
739 1993 954 2050 ordinis
984 1997 1237 2051 militaris
1265 1997 1479 2054 ductori
1510 1999 1774 2054 traditum
1806 2013 1927 2054 esse

364 2074 525 2133 dixit.
568 2080 631 2133 Et
675 2080 997 2149 Mauricius,
1028 2102 1056 2141 a
1089 2102 1284 2155 somno
1317 2089 1613 2156 excitatus,
1661 2090 1931 2159 Philippi-

360 2181 487 2221 cum
519 2173 797 2229 sororium
833 2190 994 2231 suum
1030 2179 1198 2234 acciri
1231 2196 1262 2233 c
1319 2182 1554 2236 vinculis
1583 2182 1769 2252 jussit.
1802 2182 1926 2237 Pri-

360 2272 461 2313 ma:
483 2264 631 2316 enim
660 2267 904 2321 nominis
943 2270 1064 2337 ejus
1093 2269 1293 2325 litterae
1322 2273 1732 2328 successionem
1760 2289 1924 2342 quam

360 2352 592 2407 maxime
618 2369 930 2424 suspectam
958 2360 1215 2415 habebat.
1242 2363 1421 2431 Atque
1451 2364 1522 2416 ob
1549 2380 1669 2419 eam
1704 2380 1926 2420 causam

358 2444 605 2497 vinctum
632 2461 756 2500 cum
794 2449 1036 2516 tenebat,
1070 2452 1362 2522 imperium
1394 2456 1463 2509 ad
1495 2455 1647 2509 illum
1697 2458 1925 2511 devolu-

362 2544 475 2587 tum
520 2538 586 2592 iri
655 2540 1002 2598 existimans.
1066 2546 1429 2616 Philippicum
1480 2564 1613 2618 ergo
1668 2564 1817 2617 cum,
1874 2551 1923 2605 si

359 2642 522 2694 quem
555 2628 783 2685 militem
824 2632 1055 2688 l’hocan)
1089 2647 1294 2702 nosset,
1331 2639 1709 2710 interrogavit.
1741 2642 1922 2711 Atque

360 2733 485 2770 cum
524 2720 614 2775 ille
647 2725 1042 2792 respondisset,
1073 2727 1309 2783 Phocum
1348 2746 1472 2784 eum
1512 2746 1655 2796 esse,
1693 2734 1785 2802 qui
1812 2749 1922 2789 non

360 2814 432 2864 ita
466 2814 675 2880 pridem
736 2817 968 2888 imperio
1025 2822 1145 2891 ejus
1201 2821 1553 2891 impudenter
1606 2826 1920 2892 restitisset,

2044 537 2301 603 Χαγάνου
2329 538 2484 607 δρᾷ-ι,
2512 537 2607 590 καὶ
2644 538 2717 607 μὴ
2748 537 2844 606 ἐᾷν
2884 535 3094 589 ἐκεῖθεν
3126 533 3327 599 ἐξιέναι
3359 535 3418 587 τὸ
3453 540 3616 605 στρά-

2043 644 2242 698 τευμα,
2275 630 2441 703 τέχνῃ
2470 630 2523 682 δέ
2543 647 2647 683 τινι
2673 632 2765 682 καὶ
2794 630 3078 699 οἰκονομίᾳ
3126 627 3259 680 αὐτὸ
3286 629 3619 697 καταπροδι-

2041 721 2192 773 δόναι
2219 739 2235 753 ο
2262 722 2585 790 ἐχαλέπαινε
2617 722 2724 790 γὰρ
2751 722 2983 782 ἐκείνοις
3033 719 3395 789 μνησικακῶν
3426 720 3612 771 στάσει

2042 813 2137 865 καὶ
2196 817 2585 882 νεωτερισμοῖς
2645 813 3011 883 ἐπιχαίρουσι.
3070 810 3322 879 Χαγᾶνός
3382 827 3442 861 τε
3507 810 3614 879 μὴν

2043 902 2204 968 ἐξιὼν
2238 904 2511 973 λαθραίως
2555 905 2650 958 καὶ
2674 907 2773 975 τὴν
2819 904 2915 956 τοῦ
2967 902 3279 964 Μακεδόνος
3336 900 3611 970 καταδρα-

2044 996 2183 1066 μὼν,
2220 995 2425 1065 πλῆθός
2450 1012 2510 1048 τε
2536 996 2837 1067 ἀνθρώπων
2866 1013 2933 1047 πε
2942 992 3330 1064 ριϐαλλόμενος
3356 994 3483 1047 ἄπει
3493 1010 3606 1063 ρον,

2041 1087 2268 1157 πλησίον
2314 1088 2411 1157 τῆς
2443 1088 2766 1152 Βυζαντίδος
2799 1089 3011 1155 ἐγίνετο
3041 1103 3056 1118 ο
3085 1087 3182 1139 καὶ
3233 1086 3473 1156 χρυσίνω
3499 1085 3613 1138 δύω

2037 1178 2271 1230 ἕκαστον
2337 1177 2653 1246 ἀπημπόλει
2715 1177 2841 1239 τοὺς
2905 1175 3125 1245 ἄνδρας.
3184 1175 3494 1243 Μαυρικίου
3550 1175 3606 1227 δὲ

2037 1268 2364 1337 ἀχθομένου,
2391 1269 2483 1321 καὶ
2516 1268 2592 1338 μὴ
2625 1267 2768 1320 οὕτω
2795 1267 2891 1334 τὴν
2911 1266 3113 1319 εὔωνον
3133 1266 3345 1319 ἐκείνου
3377 1266 3607 1331 ἐξωνου-

2040 1362 2206 1429 μένου
2230 1355 2396 1429 ὠνὴν,
2432 1358 2531 1412 ἅτε
2552 1360 2830 1429 χρήμασιν
2854 1359 3200 1428 ἡττηθέντος,
3234 1357 3394 1427 θυμῷ
3442 1356 3607 1420 ζέσας

2035 1455 2064 1505 ὁ
2090 1451 2372 1520 τύραννος,
2399 1451 2610 1515 πάντας
2636 1452 2834 1517 ὑπάγει
2860 1451 2937 1519 τῷ
2965 1450 3129 1519 ξίφει,
3153 1452 3209 1513 ἐς
3258 1448 3465 1512 πολλὰς
3522 1464 3607 1518 χι·

2035 1544 2223 1606 λιάδας
2261 1543 2652 1613 μετρούμενον.
2700 1537 2773 1597 Οὐ
2811 1544 2972 1613 χάριν
3024 1541 3118 1593 καὶ
3155 1540 3379 1611 μηνῖσαι
3428 1540 3606 1609 τούτῳ

2034 1638 2097 1690 τὸ
2143 1636 2299 1689 Θείον
2331 1636 2699 1689 πιστεύεται·
2751 1636 2872 1688 κατ’
2934 1635 3069 1705 δναρ
3114 1633 3221 1704 γάρ
3272 1632 3604 1702 ἐπιφανέντα

2035 1730 2227 1796 ἐκείνῳ
2250 1728 2485 1797 Χριστὸν
2523 1729 2714 1797 φάναι,
2746 1729 2912 1797 Φωκᾷ
2941 1727 3019 1798 τῷ
3054 1727 3399 1798 στρατηλάτῃ
3430 1742 3607 1795 παρα-

2034 1821 2255 1893 δοθῆναι
2281 1838 2296 1854 ο
2315 1823 2410 1875 καὶ
2434 1821 2836 1885 διυπνισθέντα,
2875 1820 3205 1873 Φιλιππικὸν
3238 1819 3329 1872 τὸν
3350 1818 3601 1887 γαμὸρδν

2032 1915 2140 1968 τῶν
2159 1914 2374 1983 δεσμῶν
2404 1911 2856 1983 μεταστείλασθαι
2889 1927 2904 1943 ·
2936 1915 3036 1978 τὴν
3075 1911 3180 1980 γὰρ
3206 1909 3300 1963 τοῦ
3332 1901 3603 1977 στοιχείου

2045 2005 2293 2075 διεδοχὴν
2318 2004 2568 2057 ὑπείδετο
2604 2004 2862 2074 μάλιστα.
2892 2002 2981 2054 Διὸ
3014 2002 3109 2056 καὶ
3140 2002 3359 2070 κατεῖχε
3392 1999 3601 2062 τοῦτον,

2031 2099 2277 2166 οίόμενος
2308 2098 2503 2167 ἐκείνῳ
2537 2095 3007 2166 μετακυϐευθῆναι
3032 2095 3133 2164 τὴν
3159 2091 3453 2163 βασιλείαν.
3491 2092 3603 2143 Καὶ

2038 2189 2424 2242 διεπυνθάνετο
2451 2189 2505 2242 εἴ
2526 2190 2647 2242 τινά
2696 2206 2799 2240 που
2833 2187 3171 2257 στρατιώτην
3228 2183 3599 2253 διαγινώσκοι,

2033 2281 2227 2333 Φωκᾶν
2255 2279 2447 2349 ὄνομα.
2497 2280 2736 2333 Ἑκείνου
2762 2279 2807 2331 δ’
2837 2279 3083 2339 εἰπόντος
3111 2276 3317 2330 ἐκεῖνον
3342 2271 3483 2327 εἶναι
3513 2274 3605 2324 τὸν

2033 2373 2140 2440 πρὸ
2178 2372 2408 2441 βραχέος
2438 2372 2661 2447 ἀναίδην
2688 2371 2765 2440 τῷ
2801 2371 2881 2440 σῷ
2935 2370 3130 2439 κράτει
3166 2367 3602 2437 διομιλούμενον,

2027 2467 2055 2517 ό
2083 2465 2449 2534 αὐτοκράτωρ
2488 2464 2741 2533 ἀνηρώτα
2773 2464 2831 2516 τὸ
2857 2458 2991 2534 ἦθος
3042 2460 3237 2530 ἐκείνῳ
3283 2460 3465 2512 ὁποῖον
3514 2456 3600 2525 εἴη

2025 2558 2099 2611 διε
2111 2559 2470 2629 ρευνὼμενος.
2488 2557 2576 2621 Ὦς
2600 2558 2643 2610 δ’
2661 2556 2932 2627 ἐμάνθανε
2967 2554 3142 2608 δειλῆν
3160 2551 3509 2615 καθεστάναι,
3539 2548 3600 2601 Ei

2026 2651 2197 2714 δειλὸς
2224 2651 2412 2715 ὅντως,
2448 2651 2542 2704 καὶ
2573 2651 2765 2718 φονεύς
2803 2652 2975 2712 ἐστιν,
3026 2646 3381 2717 ἁπεκρίνατο.
3429 2643 3603 2710 Ἄπη-

2027 2739 2197 2809 χθητο
2261 2742 2441 2794 τοίνυν
2491 2743 2605 2802 τοῖς
2653 2742 2787 2794 πᾶσι
2818 2740 2904 2793 διὰ
2931 2739 3021 2791 τὸν
3048 2738 3143 2790 τοῦ
3180 2735 3417 2803 πλήθους
3446 2733 3605 2801 φόνον

2026 2829 2353 2899 Μαυρίκιος,
2384 2832 2475 2882 καὶ
2503 2831 2800 2900 σκώμμασι
2829 2828 2943 2891 τοῖς
2986 2828 3242 2881 ἁπάντων
3272 2823 3546 2877 ἐϐάλλετο.

358 2910 678 2979 imperator,
710 2916 1043 2985 quibusnam
1066 2919 1112 2974 is
1139 2920 1383 2974 moribus
1447 2930 1612 2982 esset.
1660 2932 2023 2992 percontatus
2082 2937 2188 2980 est.
2253 2927 2319 2980 Et
2354 2927 2448 2981 ubi
2478 2927 2728 2981 timidum
2754 2940 2876 2981 esse
2911 2922 3168 2993 cognovit
3203 2940 3218 2976 :
3252 2920 3309 2975 Si
3375 2918 3601 2973 timidus

357 3018 572 3068 revera,
605 3006 803 3075 inquit,
836 3010 1086 3079 profecto
1128 3021 1182 3066 ct
1219 3026 1511 3081 percussor
1547 3023 1651 3070 est.
1712 3015 1909 3069 Verum
1950 3017 2097 3072 enim
2171 3033 2303 3073 vero
2364 3019 2661 3074 Mauricius
2691 3018 2762 3072 ob
2793 3025 2957 3073 tantae
2982 3013 3351 3071 multitudinis
3372 3011 3598 3072 caedem,

357 3093 549 3149 odium
578 3099 822 3154 omnium
886 3102 1148 3167 incurrit,
1201 3106 1571 3175 conviciisque
1619 3107 1688 3159 ab
1724 3108 1982 3162 omnibus
2015 3119 2100 3167 est
2139 3112 2464 3180 proscissus.

762 3235 930 3306 859
1002 3232 1226 3290 CAPUT
1270 3230 1513 3288 XXXIX.

357 3331 629 3399 Quomodo
654 3333 911 3385 exercitus
942 3331 996 3383 in
1027 3329 1263 3399 Europa,
1306 3329 1557 3384 seditione
1586 3330 1727 3399 facta
1750 3370 1763 3394 ,
1800 3344 1921 3382 cert-

426 3405 691 3455 turionem
730 3401 959 3457 Phocum
1008 3400 1369 3455 Romanorum
1428 3402 1796 3470 imperatorem
1834 3400 1923 3454 de-

428 3474 729 3527 clararunt.

424 3589 562 3644 Cum
592 3590 864 3644 exercitus
897 3587 1108 3643 diutius
1139 3588 1193 3643 in
1226 3588 1392 3659 Mysia
1435 3594 1602 3653 esset,
1631 3594 1688 3640 et
1720 3586 1924 3641 milites

358 3696 387 3734 a
414 3681 575 3736 Petro
603 3680 802 3749 quietis
818 3682 1015 3751 gratia,
1048 3680 1174 3735 belli
1201 3679 1363 3734 ﬁnem
1386 3688 1550 3750 atque
1576 3679 1922 3742 missionem,

358 3773 706 3842 reditumque
734 3772 802 3826 ad
833 3774 993 3827 sedes
1008 3787 1136 3827 suas
1169 3780 1421 3841 peterent
1454 3788 1470 3827 :
1498 3772 1696 3826 Petrus
1736 3779 1921 3824 autem

360 3878 514 3921 muto
548 3866 864 3935 persimilis,
896 3857 1163 3934 principis
1217 3865 1443 3931 imperio
1491 3862 1673 3931 potius
1729 3877 1926 3930 parcu-

360 3962 515 4023 dum,
567 3957 859 4026 copiasque
909 3956 1047 4009 ultra
1118 3955 1316 4008 Istrum
1377 3953 1738 4010 continendas
1803 3968 1925 4006 esse

361 4058 631 4114 censeret,
682 4049 882 4102 mirum
941 4055 1026 4101 est
1078 4062 1239 4117 quam
1293 4048 1343 4101 id
1398 4047 1716 4110 multitudo,
1754 4047 1928 4114 impc-

362 4143 505 4198 rium
558 4141 890 4206 detrectans,
940 4153 1083 4209 aegre
1139 4138 1349 4192 tulerit.
1401 4137 1467 4192 Et
1505 4137 1700 4192 Petrus
1736 4136 1924 4205 viginti

364 4236 619 4293 milliaria
648 4236 716 4289 ab
741 4232 985 4288 exercitu
1010 4232 1257 4287 secessit.
1287 4230 1365 4284 Ad
1383 4245 1544 4300 quem
1573 4230 1775 4283 milites
1803 4238 1929 4284 octo

364 4331 514 4385 viros
569 4330 829 4389 delectos,
885 4325 1026 4378 inter
1055 4338 1193 4392 quos
1213 4323 1376 4377 etiam
1410 4322 1621 4376 Phocas
1655 4320 1930 4390 pernicio-

364 4422 672 4477 sissirnmus
731 4428 999 4489 tyrannus
1071 4427 1213 4480 erat,
1281 4415 1571 4469 miserunt.
1634 4412 1931 4481 Postquam

365 4512 457 4567 ille
492 4513 545 4565 in
584 4513 858 4565 sententia
893 4526 991 4565 sua
1021 4509 1281 4580 perstitit,
1311 4515 1366 4561 et
1396 4504 1743 4573 imperatoris
1773 4516 1930 4555 mau-

2593 3235 2817 3290 ΚΕΦΑΛ
2831 3275 2845 3287 .
2912 3230 3037 3285 ΛΘ’.

2028 3331 2220 3396 Ὅπως
2246 3330 2316 3384 τὰ
2337 3332 2405 3385 ἐν
2433 3330 2479 3385 Ε
2486 3330 2685 3396 {prima
2711 3328 3123 3396 στρατεύματα
3151 3322 3595 3396 στασιάσαντα,

2094 3393 2209 3454 rar'
2224 3393 2675 3469 ἑκατοντάρχην
2700 3394 2936 3461 Φωκᾶν,
2975 3395 3242 3459 βασιλέα
3289 3393 3601 3461 Ῥωμαίων

2095 3472 2366 3525 ἀνεῖπον.

2099 3582 2206 3639 Τοῦ
2237 3584 2294 3637 δὲ
2328 3585 2466 3638 κατὰ
2495 3584 2595 3655 τὴν
2622 3583 2840 3638 Μυσίαν
2871 3579 3284 3654 στρατεύματος
3320 3577 3411 3631 ἐπὶ
3450 3575 3601 3629 πλει-

2028 3678 2453 3748 στονδιατριὸὴν
2471 3680 2648 3731 ἐκεῖσε
2690 3679 3099 3746 πεποιημένων,
3150 3675 3491 3744 αἰτουμένων
3538 3686 3600 3723 τε

2026 3765 2389 3829 ἀναπαύσεως
2409 3767 2570 3836 χάριν
2603 3766 2693 3819 τὸν
2724 3766 2933 3836 Πέτρον
2952 3762 3202 3817 διαλῦσαι
3258 3763 3359 3831 τὴν
3395 3759 3598 3831 μάχην.

2027 3863 2118 3915 καὶ
2144 3862 2231 3914 ἐπ’
2263 3862 2414 3914 οἴκου
2438 3861 2718 3929 γενέσθαι,
2736 3861 2766 3912 δ
2790 3860 2847 3913 δέ
2906 3856 3077 3929 κωφῷ
3109 3859 3366 3926 ἄντικρυς
3400 3854 3600 3915 ἐδόκει,

2029 3953 2147 4014 ταῖς
2189 3950 2284 4006 τοῦ
2349 3952 2583 4013 ἄνακτος
2627 3952 2965 4019 προσταγαῖς
3034 3946 3235 4018 μᾶλλον
3280 3942 3602 4011 πειθαρχεῖν

2028 4046 2271 4115 οἰόμενος
2297 4044 2428 4107 δεῖν,
2466 4046 2556 4096 καὶ
2586 4043 2667 4097 ἐτι
2692 4042 2868 4112 πέραν
2911 4042 3131 4109 Ἴστρου
3180 4036 3597 4107 παρακατέχειν

2029 4140 2304 4209 ᾑρημένος
2335 4137 2396 4191 τὸ
2435 4136 2769 4207 στράτευμα.
2799 4135 2909 4188 Καὶ
2956 4134 3016 4186 τὸ
3042 4133 3245 4201 πλῆθος
3304 4127 3601 4199 ὑπερφυῶς

2031 4229 2376 4299 ἐδυσχέραινέ
2403 4245 2461 4282 τε
2491 4229 2585 4282 καὶ
2620 4227 2940 4299 ἀφηνίαζεν.
2985 4225 3044 4278 '0
3069 4225 3125 4278 δέ
3169 4224 3394 4289 Πέτρος,
3426 4221 3602 4273 εἴκοσι

2032 4324 2282 4392 σημείοις
2321 4318 2413 4374 τοῦ
2473 4318 2884 4391 στρατεύματος
2926 4316 3249 4387 ἀπεχώρει·
3287 4312 3415 4365 ἔνθα
3462 4310 3525 4379 δὴ
3573 4310 3605 4361 ὁ

2034 4418 2263 4489 στρατὸς
2292 4416 2435 4469 ὀκτὼ
2462 4432 2614 4479 τινας
2638 4412 3039 4481 ἐπιλεξάμενοι,
3068 4404 3141 4465 ὧν
3177 4405 3254 4471 εἷς
3268 4404 3334 4477 ἦν
3363 4407 3458 4458 καὶ
3479 4405 3601 4457 Φω-

2035 4508 2137 4569 κᾶς
2166 4510 2192 4559 ὁ
2214 4505 2598 4576 χαλεπώτατος
2621 4502 2912 4572 τύραννος,
2949 4500 3086 4570 πρὸς
3121 4500 3330 4551 ἐκεῖνον
3376 4494 3602 4560 διεπρε-

366 4606 555 4660 datum
592 4619 735 4668 esse,
774 4613 836 4657 ut
876 4601 1152 4655 exercitus
1196 4602 1336 4653 ultra
1380 4598 1581 4651 Istrum
1634 4610 1923 4665 permane-

2034 4598 2287 4651 σὸεὐοντο
2317 4612 2331 4628 ⁸
2364 4596 2458 4650 τὸν
2486 4596 2543 4649 δὲ
2570 4597 2665 4650 καὶ
2698 4595 2860 4647 πάλιν
2890 4595 3002 4652 τοῖς
3034 4591 3216 4651 αὐτοῖς
3251 4586 3603 4654 ἐπιμένοντα,

369 4707 474 4759 ret,
502 4694 837 4751 asseveravit
866 4710 879 4745 :
912 4693 1206 4746 multitudo
1250 4692 1383 4759 ipsa,
1420 4690 1500 4742 ira
1536 4688 1773 4751 fervens,
1808 4700 1929 4738 ccu-

368 4790 638 4844 turionem
666 4788 902 4841 Phocam
938 4786 1042 4841 sibi
1099 4784 1198 4851 ipsi
1233 4782 1502 4851 praefecit,
1546 4780 1705 4833 Petro
1761 4793 1928 4845 repu-

368 4881 540 4935 diato.
600 4878 794 4933 Postea
850 4877 1017 4931 etiam
1086 4877 1269 4931 Phoca
1312 4874 1367 4927 iu
1430 4875 1623 4943 clypeo
1688 4869 1929 4929 sublato,

364 4973 691 5027 electionem
713 4971 967 5039 cjuscum
988 4967 1222 5037 plurima
1239 4965 1631 5019 acdamationc
1651 4959 1932 5039 renuntia-

365 5067 465 5119 \it.
502 5065 656 5130 Quod
691 5037 780 5117 ubi
810 5063 1006 5117 Petrus
1032 5059 1275 5118 rescivit,
1310 5056 1567 5126 profugit,
1601 5066 1655 5107 et
1708 5037 1773 5105 υἷι
1831 5052 1931 5103 ἰηι-

363 5166 673 5227 peratorem
711 5170 825 5210 rem
852 5167 1071 5208 onmem
1098 5152 1307 5205 retulit.
1336 5148 1654 5211 Mauricius,
1689 5143 1930 5198 tribunis

364 5249 543 5320 plebis
592 5247 872 5311 evocatis,
935 5245 1121 5317 populi
1167 5257 1455 5298 numerum
1515 5238 1862 5307 investigarit
1915 5254 1927 5289 :

364 5341 505 5395 nihil
534 5355 763 5410 prorsus
792 5339 859 5393 de
892 5352 982 5404 eo,
1009 5337 1155 5407 quod
1181 5336 1430 5389 desertor
1476 5332 1686 5386 Phocus
1741 5330 1929 5400 pratic—

364 5447 489 5489 ctus
541 5433 889 5488 renuntiatus
946 5438 1110 5497 esset,
1171 5429 1458 5483 sollicitus.
1520 5423 1661 5477 Idem
1737 5422 1926 5475 urbem

365 5527 539 5599 ipsam
567 5527 924 5596 imperantem
958 5531 1016 5579 et
1044 5522 1388 5578 suburbanos
1428 5519 1545 5588 ejus
1584 5518 1735 5571 vicos
1755 5515 1935 5583 dispo-

439 5707 517 5775 (l)
544 5706 698 5776 Apud
728 5707 1020 5760 liiaconum
1044 5711 1145 5769 est,
1170 5717 1275 5755 uno
1306 5701 1467 5754 etiam
1503 5712 1930 5776 aurco__runn_mo

368 5768 685 5843 Chaéau'um
729 5778 1068 5845 singulorum
1103 5776 1439 5842 captivorum
1476 5780 1637 5835 caput
1675 5768 1930 5819 Mauricio

2038 4688 2133 4740 καὶ
2167 4689 2433 4755 ἐπιταγὴν
2464 4683 2601 4741 εἶναι
2650 4685 2747 4738 τοῦ
2798 4684 3225 4754 αὐτοκράτορος,
3257 4681 3458 4752 χρῆναι
3507 4678 3609 4729 πέ-

2041 4799 2139 4850 ραν
2163 4781 2378 4850 Ἱστρου
2405 4779 2705 4850 διατρίὸειν
2732 4777 2829 4847 τὴν
2876 4777 3132 4846 στρατιὰν
3173 4772 3602 4841 διατεινομένου,

2038 4871 2195 4942 θυμῷ
2214 4872 2281 4925 τὰ
2313 4872 2488 4942 πλήθη
2548 4871 3029 4939 ἁνακαχλάσαντα,
3064 4870 3155 4921 τὸν
3195 4864 3606 4934 ἑκατοντάρχην

2036 4964 2230 5015 Φωκᾶν
2258 4962 2438 5015 αὐτῶν
2471 4964 2894 5032 προεστήσαντο,
2942 4958 3334 5018 καταλιπόντες
3362 4955 3452 5007 τὸν
3505 4954 3606 5005 Πέ-

2037 5070 2187 5123 τρον.
2226 5051 2459 5107 Ἔπειτα
2493 5057 2585 5108 καὶ
2604 5053 2696 5106 ἐπ’
2720 5052 2947 5116 ἀσπίδος
2976 5052 3057 5115 είς
3104 5049 3237 5118 ὕψος
3283 5047 3603 5117 ἐξάραντες,

2038 5146 2324 5216 εὐφήμουν
2344 5145 2589 5209 ἐκτόπως
2613 5144 2712 5215 τὴν
2738 5145 3118 5214 ἀναγόρευσιν.
3157 5144 3224 5194 ’Δ
3244 5141 3381 5210 δῆτα
3414 5137 3604 5210 μαθὼν

2036 5241 2065 5292 ὁ
2099 5239 2322 5306 Πέτρος,
2380 5238 2556 5306 φυγὰς
2615 5236 2787 5308 ᾤχετο
2820 5253 2835 5268 ’
2864 5238 2958 5289 καὶ
2991 5235 3183 5300 ἐλθὼν,
3237 5234 3371 5305 δῆλα
3425 5232 3606 5283 πάντα

2039 5330 2211 5383 ἐποίει
2234 5330 2311 5400 τῷ
2328 5329 2712 5401 αὐτοκράτορι.
2755 5329 2814 5383 '0
2839 5329 2896 5383 δὲ
2917 5327 3042 5391 τοὺς
3070 5328 3382 5399 δημάρχους
3438 5339 3606 5393 μετα-

2041 5422 2412 5493 στειλάμενος,
2442 5423 2503 5475 τὸ
2531 5422 2732 5493 πλῆθος
2759 5423 3107 5493 διηρευνᾶτο,
3142 5421 3239 5473 καὶ
3292 5421 3348 5471 ἐν
3378 5416 3607 5486 οὐδεμιᾷ

2039 5518 2278 5570 ἐποιεῖτο
2334 5515 2575 5585 φροντίδι
2629 5516 2728 5586 τὴν
2778 5515 2873 5569 τοῦ
2916 5515 3223 5568 ἁποστάτου
3277 5511 3604 5581 ἀνάρρησιν.

2014 5694 2417 5771 redimendum
2448 5698 2733 5770 obtulisse,
2794 5687 3059 5771 illumque
3083 5697 3452 5756 conditionem
3482 5704 3604 5748 eam

2040 5780 2147 5820 non
2195 5766 2490 5838 accepisse.
