4106 6224
403 267 505 328 405

1268 261 1859 322 ECCLESIASTICE
1893 261 2275 321 HISTORLE
2305 263 2451 325 LIB.
2503 260 2721 322 XVIII.

3545 257 3649 318 lti‘fi

403 380 626 451 Φρουρᾷ
657 378 715 431 δὲ
753 377 825 429 τὰ
859 374 963 444 πρὸ
992 373 1088 440 τῆς
1153 373 1360 434 πόλεως
1413 375 1583 430 ἄστεα
1639 375 1986 445 διελάμϐανε,
2019 435 2020 442 η

2121 376 2212 431 itis
2245 377 2506 431 custodiis
2535 374 2787 428 munivit.
2827 369 3031 426 Deinde
3061 369 3227 425 etiam
3253 367 3317 421 ad
3349 367 3659 422 multitudi-

407 475 502 526 καὶ
533 473 706 540 αὐτὴν
737 468 878 536 δῆτα
905 466 1006 538 τὴν
1057 465 1472 535 βασιλεύουσαν.
1538 463 1671 519 Εἶτα
1704 469 1795 518 καὶ
1846 484 1986 538 πρε-

413 565 607 618 σϐείαν
635 564 692 624 ἐς
731 562 793 614 τὸ
855 558 1243 628 ἁποστατῆσαν
1275 558 1479 628 πλῆθος
1533 559 1866 626 ἀνέπεμπεν.
1927 558 1986 611 Ὀ

409 658 468 711 δέ
501 673 564 724 γε
588 656 850 724 τύραννος
873 652 1073 720 ἥκιστα
1108 651 1363 719 προσεῖχε
1393 650 1506 711 τοῖς
1528 648 1707 716 λόγοις
1735 665 1748 678 ·
1783 649 1898 703 ἀλλ’
1927 650 1986 702 ἐν

417 747 786 818 μετεωρισμῷ
823 745 1063 797 ἐποιεῖτο
1091 743 1184 816 τον
1204 741 1379 809 λόγον.
1405 741 1512 794 Τοῦ
1542 740 1597 792 δὲ
1628 739 1816 802 παιδὸς
1838 740 1991 794 Μαυ-

2088 486 2212 526 nem
2241 471 2384 523 illam
2411 468 2668 522 rebellem
2706 465 3032 535 legationem
3076 461 3248 516 misit.
3287 461 3358 514 At
3391 469 3659 531 tyrannus

2091 565 2310 618 minime
2346 561 2600 615 mandata
2665 561 2780 628 ejus
2837 557 3070 617 curavit,
3126 555 3342 608 ratione
3402 553 3551 607 omni
3603 561 3660 606 et

2091 656 2335 710 oratione
2379 655 2599 716 reiecta.
2648 652 2713 704 Et
2753 648 3028 703 exercitus
3048 648 3347 710 Romanus,
3383 644 3659 699 seditione

2092 759 2259 810 mola,
2291 749 2358 802 ad
2409 746 2779 800 Theodosium
2835 742 3075 798 Mauricii
3126 741 3318 803 tilium,
3371 739 3439 793 ad
3492 738 3662 792 Calli-

418 841 600 910 ρικίου
664 837 950 891 Θεοδοσίου
1004 837 1060 898 ἐς
1131 833 1569 904 Καλλικράτειαν
1644 831 1991 902 κυνηγεσίοις

423 931 804 999 σχολάζοντος,
843 928 902 979 τδ
954 926 1262 979 στασιάσαν
1311 923 1623 992 Ῥωμαϊκὸν
1654 922 1845 990 ἐκείνῳ
1875 923 1993 973 ὲπι-

421 1021 620 1089 στολὴν
646 1019 998 1088 διεπέμπετο,
1032 1017 1064 1084 ἢ
1117 1015 1278 1068 αὑτὸν
1327 1013 1731 1083 ἀναλαμϐάνειν
1761 1014 1859 1084 τὴν
1889 1013 1996 1066 τῶν

421 1113 560 1166 ὅλων
583 1111 883 1181 ἠγεμονίαν
913 1107 1337 1178 είσηγουμένην,
1366 1107 1398 1177 ἢ
1448 1105 1526 1175 τῷ
1570 1106 1804 1176 κηδεστῇ
1867 1106 2000 1174 Γερ-

427 1204 586 1273 μανῷ
612 1201 818 1270 ταύτης
857 1201 1210 1268 παραχωρεῖν
1238 1212 1252 1226 ⁸
1288 1195 1382 1249 τοῦ
1415 1197 1522 1267 γὰρ
1553 1195 1744 1248 λοιποῦ
1779 1193 1854 1264 μὴ
1880 1195 1999 1247 ἀνέ-

428 1295 620 1364 χεσθαι
647 1293 888 1362 ἔφασκον
918 1291 1024 1343 ὑπὸ
1055 1288 1347 1358 Μαυρικίῳ
1386 1289 1483 1350 τὰς
1515 1286 1802 1356 Ῥωμαίων
1846 1285 2002 1338 δυνά-

433 1403 554 1454 μεις
588 1385 718 1454 ὀρᾷν
753 1381 1109 1436 διιθύνεσθαι.
1149 1380 1301 1433 Ἐπεὶ⁸
1331 1380 1388 1432 δὲ
1415 1379 1692 1448 κατάδηλα
1726 1378 1899 1430 ταῦτα.
1923 1377 2001 1446 τῷ

429 1476 801 1546 αὐτοκράτορι
864 1474 1127 1542 ἐγεγόνει,
1159 1471 1440 1543 Γερμανὸς
1479 1472 1578 1540 μὲν
1643 1471 1717 1532 ὡς
1770 1467 2004 1536 ὑποψίαν

429 1570 555 1630 δοὺς
577 1566 893 1636 νεωτερίσαι
915 1567 973 1618 τὸ
1018 1565 1354 1633 στράτευμα,
1383 1563 1457 1625 ὼς
1508 1563 1716 1614 ἐκεῖνον
1763 1559 1858 1611 ἐπὶ
1886 1559 1996 1609 τῶν

431 1661 570 1714 ὅλων
608 1661 951 1730 αἱρούμενον,
1010 1659 1065 1720 ἐς
1113 1657 1201 1708 τὸν
1260 1657 1356 1722 τῆς
1413 1655 1766 1724 Θεομήτορος-
1812 1652 1996 1722 ἱκέτης

435 1725 930 1823 προστρέϋχειννεὼν
959 1766 972 1781 ⁶
1007 1750 1066 1803 ὃν
1096 1749 1281 1818 Κῦρον
1317 1747 1408 1800 τὸν
1432 1747 1524 1799 ἐπὶ
1554 1746 1838 1799 Θεοδοσίου
1869 1745 2006 1797 ῦπα·
2041 1725 2081 1779 Β

433 1860 530 1896 τον
555 1843 841 1912 γεγονότα,
875 1841 1164 1912 δείμασθαι
1193 1839 1347 1908 λόγος
1386 1855 1400 1869 ο
1451 1839 1545 1891 καὶ
1580 1840 1632 1900 ἐς
1664 1837 1731 1890 τὰ
1775 1835 2010 1905 μάλιστα

436 1934 609 2003 ἄνδρα
635 1931 839 2001 ἀγαθόν
866 1948 1002 2000 φασι
1045 1929 1351 1998 γεγονέναι,
1385 1928 1479 1980 καὶ
1524 1927 1652 1996 περὶ
1683 1926 1854 1994 λόγων
1879 1924 2014 1994 ἔρω-

435 2041 538 2088 τας
566 2022 801 2092 σώφρονε
835 2039 939 2075 τινι
973 2021 1138 2091 μανίᾳ
1168 2018 1641 2091 προσπεφυκέναι.
1679 2018 1765 2080 Ἐς
1789 2017 2014 2085 ὕστερον

439 2114 501 2166 δὲ
543 2111 818 2184 Γερμανὸς
847 2113 942 2165 καὶ
986 2110 1122 2180 πρὸς
1155 2110 1214 2162 τὸ
1249 2111 1506 2179 μέγιστον
1535 2107 1779 2177 τέμενος,
1811 2105 1839 2158 ὃ
1883 2106 2013 2158 Ἰου-

447 2203 717 2265 στινιανὶς
757 2201 878 2253 λίαν
939 2199 1232 2269 φιλοτίμως
1283 2202 1378 2253 καὶ
1434 2199 1744 2261 πολυτελῶς
1792 2197 1864 2268 τῷ
1908 2197 2016 2250 τῶν

445 2294 584 2347 ὅλων
631 2293 748 2356 Θεῷ
783 2291 1124 2362 ἁνιδρύσατο,
1155 2291 1520 2360 μεταφέρεται
1549 2308 1563 2323 ο
1603 2290 1693 2344 διά
1738 2308 1821 2343 τοι
1862 2289 2018 2343 τοῦτο

448 2383 544 2437 καὶ
577 2383 858 2436 Θεοδόσιον
887 2384 978 2435 τὸν
1006 2382 1121 2435 υἱὸν
1150 2383 1178 2434 ὁ
1227 2379 1446 2450 κρατῶν
1482 2382 1695 2452 ῥάϐδοις
1749 2381 1977 2451 ᾐκίσατο
2000 2393 2013 2408 ⁸

449 2475 797 2544 ὑποτοπήσας
828 2475 883 2525 ἐν
909 2474 1210 2543 ἀπορρήτῳ
1238 2473 1338 2539 τὴν
1392 2474 1472 2535 εἰς
1522 2472 1582 2525 τὸ
1615 2473 1772 2526 Θεῖον
1829 2489 2023 2541 προσε-

447 2566 636 2633 δρείαν
670 2565 746 2633 τῷ
779 2564 1010 2633 κηδεστῇ
1047 2562 1312 2632 Γερμανῷ
1348 2563 1642 2616 ὑποθέσθαι
1677 2579 1694 2595 ο
1736 2564 1829 2616 καὶ
1886 2564 2024 2632 πέμ-

445 2657 555 2726 ψας
586 2657 794 2709 ἐκεῖθεν
829 2655 1387 2724 ἀειέλκεινεπειρᾶτο
1415 2654 1505 2707 τὸν
1539 2655 1842 2726 Γερμανόν.
1873 2657 1944 2710 Τὸ
1969 2657 2024 2708 δὲ

448 2747 549 2816 τῆς
578 2745 786 2808 πόλεως
832 2745 1034 2812 πλῆθος
1074 2745 1264 2816 μαθον,
1295 2745 1584 2807 ἐστασίαζε
1645 2746 1755 2798 τῶν
1803 2746 2026 2800 δικαίων

447 2836 546 2890 τοῦ
571 2836 676 2891 νεὼ
713 2838 1112 2906 προϊστάμενον
1147 2851 1158 2863 '
1197 2837 1290 2888 καὶ
1323 2837 1574 2906 κατέχειν
1626 2837 1775 2890 ἔνδον
1808 2836 2024 2889 ἔπειθον

447 2929 548 2982 τὸν
573 2928 789 2995 φυγάδα
822 2943 836 2958 ο
865 2929 956 2980 καὶ
979 2927 1055 2997 τῷ
1089 2927 1245 2996 θυμῷ
1298 2927 1810 2998 στρατηγοῦμενοιυ
1844 2928 2026 2998 σκώμ-

453 3033 590 3086 μασι
629 3014 904 3075 πλείστοις
953 3015 1044 3066 τὸν
1083 3013 1291 3067 ἄνακτα
1350 3013 1594 3078 ἔϐαλλον,
1653 3021 1746 3067 καὶ
1809 3015 2024 3082 φρονεῖν

2093 839 2316 893 cratiam
2351 837 2735 891 venationibus
2787 850 2908 889 sese
2946 833 3335 894 oblectantem,
3367 830 3655 898 epistolam

2095 930 2267 996 dedit,
2308 936 2366 982 ut
2391 929 2471 982 vel
2506 928 2789 996 imperium
2825 924 3149 994 susciperet,
3183 923 3266 976 vel
3297 937 3362 976 eo
3389 921 3662 977 Germano

2095 1037 2286 1077 socero
2354 1020 2594 1075 cederet.
2652 1018 2930 1072 Deczntero
3004 1003 3240 1082 namque
3321 1013 3549 1066 minime
3602 1027 3661 1066 se

2098 1123 2353 1178 passuros
2389 1123 2507 1162 esse
2538 1106 2958 1168 denuntiarunt,
3005 1115 3064 1159 ut
3116 1105 3387 1158 Romanas
3413 1103 3601 1172 copias
3632 1117 3663 1155 a

2098 1199 2359 1254 Mauricio
2411 1199 2706 1268 gubernari
2791 1206 3106 1252 cernerent.
3177 1195 3303 1248 llaec
3375 1203 3666 1262 postquam

2103 1291 2417 1361 imperatori
2456 1299 2582 1344 sunt
2609 1290 2934 1361 significata,
2965 1289 3292 1350 Germanus,
3330 1285 3500 1340 veluti
3549 1298 3672 1338 sus.

2101 1387 2374 1456 picionem
2403 1386 2470 1440 de
2498 1401 2556 1440 se
2588 1385 2902 1455 prmbuerit,
2937 1392 3226 1453 propterea
3257 1381 3559 1436 exercitum
3585 1393 3672 1434 res

2100 1461 2267 1533 nevas
2309 1479 2555 1533 molitum
2606 1493 2747 1541 esse,
2808 1485 2867 1531 ut
2922 1478 3098 1546 ipsum
3151 1473 3218 1528 ad
3290 1473 3368 1528 rei
3418 1471 3675 1527 Romana:

2106 1584 2372 1623 summam
2399 1569 2884 1623 administrandam
2912 1568 3180 1636 legerent,
3217 1566 3447 1634 supplex
3491 1564 3546 1617 in
3575 1562 3674 1617 Dei

2107 1660 2679 1730 Genitricistcmplum
2711 1660 2956 1728 confugit
2981 1676 2994 1712 :
3019 1658 3170 1727 quod
3202 1657 3404 1727 Cyrum
3427 1664 3678 1710 constru-

2114 1753 2254 1806 xisse
2287 1753 2426 1805 fama
2463 1761 2562 1811 est.
2619 1752 2711 1819 qui
2767 1751 2956 1804 consul
3016 1751 3116 1804 sub
3180 1747 3493 1802 Theodosio
3551 1746 3676 1810 fuit,

2113 1844 2289 1898 bonus
2339 1842 2632 1896 admodum
2683 1842 2784 1906 vir,
2820 1852 2876 1896 et
2929 1839 3255 1909 eloquentia:
3304 1837 3680 1907 doctrinaeque

2113 1934 2289 1989 omnis
2317 1949 2580 2003 perquam
2633 1932 2944 1994 studiosus,
3003 1945 3141 2000 quas
3188 1927 3448 1997 singulari
3496 1941 3682 1978 amore

2112 2035 2166 2080 et
2222 2040 2354 2079 sana
2403 2025 2636 2094 quadam
2697 2023 2913 2077 insania
2968 2030 3052 2075 est
3114 2028 3456 2090 prosecutus.
3517 2017 3686 2086 860

2115 2115 2308 2170 Postea
2340 2130 2468 2168 vero
2515 2115 2822 2168 Germanus
2861 2114 3024 2167 etiam
3078 2113 3144 2167 ad
3200 2111 3459 2181 templum
3512 2111 3688 2164 maxi-

2118 2222 2289 2271 mum,
2349 2207 2493 2276 quod
2549 2203 2891 2260 Justinianus
2965 2205 3264 2259 ambitione
3342 2219 3552 2259 summa
3632 2213 3688 2254 et

2120 2299 2548 2368 magnificentia,
2579 2298 2795 2368 magnis
2846 2298 3156 2368 sumptibus
3188 2311 3371 2350 rerum
3403 2297 3690 2350 universa-

2120 2408 2238 2445 rum
2276 2390 2384 2445 Deo
2409 2392 2737 2452 construxit,
2775 2389 3010 2443 transiit.
3039 2389 3167 2442 Eam
3197 2403 3327 2442 sane
3361 2388 3431 2440 οἳ)
3465 2401 3688 2442 causam

2121 2484 2376 2555 princeps
2404 2485 2568 2537 filium
2601 2483 2974 2536 Theodosium
3033 2482 3270 2536 fustibus
3315 2481 3449 2536 ραιθί
3498 2482 3687 2551 jussit,

2122 2587 2437 2646 suspectum
2462 2591 2588 2629 eum
2619 2575 2850 2639 habens,
2881 2573 3028 2643 quod
3059 2589 3260 2627 arcano
3288 2571 3518 2626 consilio
3549 2571 3686 2627 Ger-
3725 2599 3732 2606 ε

2125 2683 2284 2721 mauo
2342 2683 2552 2732 socero,
2607 2677 2665 2721 ut
2707 2666 2771 2720 ad
2841 2681 2999 2735 opem
3067 2664 3304 2717 divinam
3354 2665 3693 2733 confugeret,

2126 2757 2440 2828 subjecerit.
2477 2759 2543 2812 Et
2573 2757 2758 2811 missis
2791 2755 3108 2809 hominibus
3134 2755 3322 2816 certis,
3357 2754 3692 2809 Germanum

2129 2847 2256 2902 inde
2291 2849 2578 2902 extrahere
2607 2847 2859 2902 tentavit.
2912 2846 3070 2901 Plebs
3100 2857 3282 2899 autem
3327 2846 3560 2909 urbana,
3598 2845 3692 2900 ubi

2130 2939 2182 2993 id
2209 2939 2449 3002 rescivit,
2485 2940 2776 2992 tumultum
2809 2938 3000 3004 movit,
3029 2937 3120 3002 jus
3155 2936 3342 3006 templi
3368 2927 3691 2991 defendens:

2054 3075 2095 3133 ο
2129 3029 2528 3098 Germanoque,
2569 3030 2661 3098 qui
2687 3043 2750 3081 eo
2781 3028 3123 3097 confugerat,
3157 3039 3213 3080 ut
3244 3042 3302 3081 se
3332 3027 3407 3080 ibi
3447 3027 3698 3080 contine-

451 3108 614 3160 αὑτὸν
649 3107 714 3159 τὰ
744 3107 1070 3176 Μαρκίωνος
1113 3104 1483 3168 ἐπετώθαζον.
1517 3107 1738 3178 Αἵρεσις
1773 3107 1829 3159 δὲ
1888 3105 2020 3175 αὕτη

2131 3132 2233 3185 ret,
2276 3122 2568 3192 persuasit.
2617 3123 2797 3190 Atque
2849 3120 3037 3175 furore
3102 3129 3359 3190 tanquam
3427 3119 3564 3174 duce
3618 3119 3700 3173 eis

455 3200 595 3269 μετά
625 3215 772 3257 τινος
827 3197 1014 3266 μωρᾶς
1062 3197 1346 3260 εὐλαϐείας
1392 3197 1592 3266 εὐήθης
1623 3214 1680 3250 τε
1724 3200 1819 3251 καὶ
1863 3199 2020 3260 κατά-

2130 3222 2742 3280 przeeuute,seornmata
2770 3213 3005 3280 plurima
3033 3212 3283 3280 plerique
3312 3212 3364 3266 iu
3397 3211 3699 3278 principem

451 3305 708 3351 πτυστος.
748 3290 1099 3360 Σφριγὼντος
1127 3288 1421 3359 τοιγαροῦν
1452 3288 1545 3342 τοῦ
1575 3291 1837 3359 ταράχου,
1867 3293 1915 3343 οἱ
1958 3292 2020 3344 τὰ

2129 3309 2534 3362 contorserunt,
2575 3299 2737 3366 eique
2769 3298 2916 3366 quod
2963 3313 3086 3352 cum
3129 3298 3406 3351 Marcione
3441 3299 3698 3360 sentiret,

449 3381 607 3450 τείχη
641 3379 1095 3450 διαφρουροῦντες
1129 3380 1226 3449 τῆς
1260 3380 1468 3442 πόλεως
1493 3379 1645 3432 ταῦτ’
1668 3380 2020 3449 ὴνωτισμένοι

2131 3407 2257 3446 cum
2313 3391 2563 3445 COIHiCiO
2625 3391 2949 3458 obiecerunt
3007 3407 3021 3443 :
3086 3390 3240 3460 cujus
3297 3388 3520 3441 haeresis
3573 3402 3698 3439 cum

452 3472 532 3542 τῷ
562 3471 736 3542 λοιπῷ
766 3471 1046 3525 στασιώδει
1071 3470 1264 3543 πλήθει
1297 3473 1389 3526 καὶ
1421 3467 1564 3524 οὗτοι
1598 3472 2020 3540 συμμίγνυνται·

2131 3482 2293 3536 stulta
2329 3481 2561 3550 quadam
2621 3480 2902 3549 religione,
2954 3480 3100 3534 fatua
3141 3490 3197 3532 et
3272 3477 3704 3545 contemptibilis

455 3567 549 3617 καὶ
580 3565 914 3640 πανταχόθεν
943 3565 992 3616 ol
1020 3565 1180 3634 δῆμοι
1205 3564 1283 3634 τῷ
1317 3564 1462 3634 σάλῳ
1491 3562 1584 3616 τοῦ
1630 3562 1800 3616 κακοῦ
1833 3579 2032 3632 κυμαι-

455 3653 695 3722 νόμενοι,
726 3659 792 3726 τῇ
838 3655 930 3709 τοῦ
963 3656 1145 3726 Λάρδυ
1175 3657 1591 3710 Κωνσταντίνου
1623 3657 1768 3726 οἰκίᾳ
1793 3655 2032 3724 προσρή-

455 3767 680 3818 γνυνται
715 3765 731 3781 ·
769 3748 830 3802 ὃν
864 3749 1236 3816 διαφερόντως
1261 3749 1316 3800 ὲν
1345 3751 1455 3809 τοῖς
1499 3748 1732 3816 μάλιστα
1766 3743 1877 3816 εἶχε
1928 3762 2034 3797 πα-

455 3841 686 3910 τρίκιον.
726 3839 1027 3908 Ἐπιφανής
1052 3855 1112 3893 τε
1144 3840 1250 3908 γὰρ
1281 3834 1348 3909 ἦν
1398 3839 1425 3889 ὁ
1472 3837 1612 3907 ἀνὴρ
1671 3838 1766 3890 καὶ
1807 3837 1916 3890 τῶν
1975 3836 2032 3898 ἐς

461 3932 769 4001 συγκλήτου
800 3930 1098 3983 τελούντων
1117 3930 1314 4001 βουλὴν
1338 3973 1352 3996 ,
1381 3931 1476 3983 καὶ
1528 3931 1584 3990 ἐς
1621 3929 1680 3980 τὸ
1727 3928 2033 3997 πατρικίων

459 4024 765 4087 πεφθακὼς
799 4023 934 4094 ὕψος
967 4041 982 4057 ⁰
1021 4026 1110 4078 καὶ
1146 4024 1255 4076 τῶν
1295 4022 1446 4092 ἑῴων
1482 4021 1762 4088 κλιμάτων
1793 4020 1888 4073 τοῦ
1941 4021 2033 4090 φό-

461 4133 558 4187 ρου
596 4117 846 4186 ἡγήσατο
879 4131 892 4147 ·
923 4115 984 4168 ὃν
1034 4114 1273 4185 ἔπαρχον
1331 4114 1439 4165 τῶν
1498 4111 1848 4182 πραιτωρίων
1915 4112 2034 4175 ἔθος

472 4207 768 4275 Ῥωμαίοις
801 4206 1011 4260 καλεῖν.
1067 4207 1170 4259 Ἦν
1225 4206 1360 4274 δῆτα
1404 4205 1584 4257 οἰκίαν
1622 4204 1698 4273 τῷ
1755 4206 2036 4274 παμφάγῳ

461 4299 798 4367 παραδόντες
827 4299 983 4367 πυρὶ,
1021 4299 1117 4350 καὶ
1170 4298 1443 4367 ἀλογίστῳ
1481 4297 1678 4366 θράσει
1721 4298 2036 4367 περιμανῶς

461 4386 939 4458 διαπεπραγμένοι
964 4389 1024 4441 τὸ
1057 4387 1238 4458 ἔργον,
1267 4387 1470 4458 ῷχοντο
1501 4385 1678 4451 αὖθις.

2133 3582 2238 3628 est.
2281 3571 2416 3625 Cum
2452 3571 2616 3641 igitur
2651 3571 2844 3640 ingens
2871 3571 3135 3623 tumultus
3180 3569 3416 3622 maxime
3466 3568 3701 3629 s:rviret—,

2134 3665 2228 3732 qui
2268 3663 2424 3717 urbis
2461 3663 2661 3716 mccnia
2697 3661 2993 3716 servabant
3048 3661 3323 3725 custodes,
3357 3660 3508 3712 hisce
3542 3660 3704 3712 rebus

2135 3753 2358 3818 auditis,
2388 3754 2613 3822 reliqum
2667 3768 2726 3809 se
2790 3751 3144 3806 tumultuanti
3206 3749 3540 3806 multitudini
3599 3750 3696 3817 ipsi

2135 3861 2357 3916 quoque
2384 3845 2712 3900 iuuniscent.
2750 3843 2814 3897 Et
2851 3845 3004 3914 plebs
3056 3843 3419 3911 undequaque
3467 3856 3701 3894 concur-

2135 3954 2284 4002 rens,
2313 3947 2368 3992 et
2398 3938 2522 3992 mali
2565 3942 2686 4007 eius
2735 3945 3060 4006 tempestate
3107 3935 3399 3996 fluctuans,
3459 3934 3512 3985 in
3559 3931 3703 3984 cedes

2135 4028 2508 4090 Constantini,
2542 4029 2630 4081 cui
2657 4027 2835 4097 Lardy
2896 4041 3201 4096 cognomen
3251 4032 3388 4085 erat,
3441 4023 3704 4091 impetum

2137 4115 2310 4171 facit:
2345 4133 2506 4186 quem
2541 4119 2717 4171 virum
2750 4115 3051 4170 Mauricius
3083 4116 3228 4169 inter
3269 4115 3512 4183 reliquos
3539 4113 3708 4181 patri-

2137 4209 2253 4264 cios
2284 4210 2511 4264 charum
2543 4210 2776 4264 maxime
2805 4208 3038 4262 habebat
3068 4223 3082 4259 :
3136 4207 3362 4261 illustris
3387 4207 3532 4260 enim
3567 4214 3706 4267 erat,

2138 4311 2195 4356 et
2247 4317 2312 4356 ex
2362 4300 2638 4371 primariis
2669 4299 3018 4354 senatoribus
3080 4313 3222 4354 unus
3266 4297 3332 4350 ad
3390 4295 3709 4365 patriciatus

2146 4391 2432 4460 dignitatis
2496 4391 2894 4444 sublimitatem
2942 4399 3188 4454 evectus,
3254 4388 3474 4441 tributis
3545 4386 3706 4440 etiam

465 4484 824 4538 orientalium
857 4483 1143 4555 regionum
1180 4485 1507 4554 praepositus
1537 4497 1552 4537 :
1600 4498 1726 4539 eum
1765 4483 2029 4541 Romanis
2067 4487 2386 4556 praefectum
2417 4487 2676 4566 praetorio
2705 4488 2978 4555 appellare
3015 4502 3134 4540 mos
3172 4494 3280 4540 est.
3351 4484 3518 4554 llujus
3576 4482 3707 4537 acdi-

465 4578 570 4635 bus
635 4583 954 4636 omnivoro.
988 4582 1096 4653 igni
1156 4581 1394 4648 traditis,
1453 4593 1748 4654 coeptoque
1816 4598 1883 4640 eo
1934 4600 2035 4656 per
2075 4586 2361 4641 audaciam
2428 4586 2644 4641 ratione
2704 4585 2852 4640 omni
2905 4595 3182 4642 carentem
3244 4582 3540 4639 furibunde
3590 4597 3704 4651 per-

467 4685 609 4742 acto,
653 4675 782 4731 inde
814 4679 1017 4734 abiere.

1060 4793 1312 4851 ΚΕΦΑΛ.
1345 4793 1436 4850 Μ’.

469 4885 633 4953 Φυγὴ
662 4886 990 4953 Μαυρικίου
1011 4903 1024 4917 ·
1059 4889 1156 4940 καὶ
1196 4888 1438 4952 εἴσοδος
1468 4887 1571 4941 τοῦ
1616 4889 1919 4956 τυράννου
1950 4891 2038 4954 είς

539 4958 606 5008 τὸ
628 4957 952 5026 ,ϐασίλειον
981 4956 1138 5010 ἄστυ
1160 4974 1174 4987 ο
1235 4957 1331 5010 καὶ
1367 4957 1678 5026 ἀναίρεσις
1705 4959 2036 5026 Μαυρικίου

539 5024 642 5077 καὶ
671 5023 790 5077 τῶν
831 5026 1063 5078 παίδων
1087 5026 1300 5082 αὑτοῦ.

550 5139 611 5190 '0
660 5139 841 5191 τοίνυν
860 5139 1167 5208 Μαυρίκιος
1197 5138 1446 5192 ἀπειπὼν
1474 5140 1585 5200 τοῖς
1643 5137 1807 5203 ὅλοις,
1839 5139 1928 5190 καὶ
1974 5139 2042 5191 τὰ

474 5229 655 5299 πλήθη
685 5229 900 5299 βλέπων
932 5231 1079 5297 μίσει
1106 5230 1200 5282 τοῦ
1239 5230 1400 5300 φόνου
1453 5230 1590 5300 πρὸς
1633 5230 1724 5282 τὶν
1779 5229 2042 5297 τύραννον

477 5319 879 5379 ὀλισθαίνοντα,
909 5320 1072 5373 αὐτόν
1103 5339 1158 5373 τε
1188 5321 1463 5392 Κυριακδν
1491 5321 1583 5374 τὸν
1615 5320 1756 5392 μετὰ
1797 5321 2049 5391 Ἰωάννην

473 5412 573 5482 τὴν
608 5413 934 5482 ἱεραρχικὴν
961 5412 1118 5476 ἀξίαν
1146 5414 1550 5482 ἠμφιεσμένον,
1583 5413 1957 5483 πρεσϐύτερος
1994 5413 2053 5465 δὲ

476 5505 568 5557 καὶ
596 5505 879 5575 οἰκονόμος
904 5503 996 5556 τοῦ
1051 5505 1282 5572 μεγάλου
1315 5503 1419 5557 νεὼ
1476 5504 1813 5574 ἐχρημάτιζε
1861 5506 2057 5573 πρότε-

488 5614 604 5667 ρον,
639 5601 940 5667 σκώμμασι
975 5597 1256 5666 βάλλοντα,
1312 5596 1584 5666 μεσούσης
1619 5598 1808 5658 νυκτὶις
1842 5597 1937 5665 τὴν
1970 5597 2059 5666 βα-

486 5689 679 5745 σίλειον
711 5690 902 5760 στολὴν
921 5691 1276 5761 ἀποθέμενος,
1300 5689 1390 5741 καί
1413 5687 1678 5742 ἰδιωτικὸν
1707 5689 2061 5757 περιθὲ;.ιενος

2066 4792 2122 4860 Ι)
2727 4794 2951 4851 CAPUT
3012 4792 3124 4847 XL.

2182 4890 2432 4944 Mauricii
2470 4889 2630 4959 fugai;
2674 4889 2927 4959 aduentus
2975 4887 3188 4957 tyranni
3229 4888 3280 4938 in
3325 4886 3680 4959 imperantem

2253 4955 2545 5026 urbem,'ei
2573 4957 2825 5012 Mauricii
2865 4955 3254 5025 liberorumque
3286 4955 3398 5024 ejus
3426 4957 3608 5009 credes.

2219 5142 2412 5212 Itaque
2441 5139 2759 5204 Mauricius,
2801 5139 2869 5193 de
2914 5152 3101 5192 rerum
3138 5152 3348 5190 summa
3397 5136 3712 5205 desperans,

2151 5243 2209 5288 et
2238 5232 2644 5287 multitudinem
2677 5231 2842 5285 credis
2871 5230 2998 5284 odio
3023 5229 3088 5282 ad
3135 5240 3424 5300 tyrannum
3461 5227 3718 5281 deficien—

2156 5334 2287 5386 tem,
2313 5325 2601 5392 ipsuntque
2627 5322 2792 5378 etiam
2814 5321 3100 5392 Cyriacum
3131 5321 3266 5390 (qui
3303 5329 3421 5388 post
3452 5318 3714 5373 Joannem

2157 5414 2478 5482 dignitatem
2529 5413 2926 5469 ltierarcbieatn
2983 5419 3334 5480 susceperat,
3390 5424 3512 5461 cum
3568 5405 3718 5474 prius

2159 5506 2452 5577 presbyter
2491 5512 2544 5557 et
2579 5517 2896 5558 oeconomus
2943 5501 3197 5556 Ecclesiae
3251 5501 3452 5568 Magum
3507 5497 3717 5560 fuisset)

2161 5576 2428 5651 conviciis
2460 5592 2901 5660 proscindcntem
2955 5590 3166 5650 videns,
3199 5586 3264 5638 de
3328 5583 3500 5637 media
3560 5589 3721 5632 nocte

2165 5682 2431 5757 imperiali
2487 5688 2745 5751 prmtexta
2781 5677 2977 5748 posita,
3017 5676 3333 5745 pri".tt.'«qltc
3389 5683 3538 5726 veste
3574 5684 3724 5725 sum-
