4100 6216
253 273 353 336 ιιτ

1099 276 1692 337 ECCLESIASTiCE
1734 277 2115 338 lIlSTORl/E
2156 280 2299 339 ΜΒ.
2348 274 2558 338 ΧῊῙῘ.

3387 278 3491 342 418

247 394 539 445 ἐνιέντων
595 391 690 455 οὓς
722 392 919 455 Φωκᾶς
980 393 1447 463 εἰσπραττόμενος
1480 395 1576 457 τὰς
1632 397 1820 458 ποινὰς

1932 404 1986 446 et
2044 392 2291 463 ﬂagitiosi
2351 394 2612 449 facinoris
2674 409 2863 464 pmuas
2927 409 3191 457 sumens,
3255 404 3495 451 tormen-

246 485 358 537 τῶν
408 484 645 538 ἀνοσίων
697 484 876 550 ἔργων
907 484 1002 536 καὶ
1047 485 1319 554 πράξεων,
1354 487 1573 539 κολάσει
1620 488 1819 555 ὑπῆγε,

245 577 342 629 καὶ
373 577 475 643 τῆς
517 575 727 639 πόλεως
756 574 1008 643 ἠλαυνεν.
1046 580 1120 630 Οὺ
1155 576 1260 649 μὴν
1286 578 1341 630 δὲ
1379 578 1516 631 ἀλλὰ
1542 579 1635 631 καὶ
1660 579 1823 631 αὑτὸν

244 667 386 736 δῆτα
415 667 506 717 τὸν
542 666 694 735 ἱερέα
734 666 835 735 τῆς
866 667 1077 729 πόλεως
1120 667 1498 730 ’Λναστάσιον,
1530 669 1585 730 ὃς
1618 669 1824 738 Γρηγο-

250 760 371 826 ρίου
402 757 651 826 διάδοχος
676 751 767 825 ἦν,
808 757 1133 822 καθελόντες
1161 760 1256 812 τοῦ
1287 759 1501 828 θρόνου,
1532 762 1737 828 σχοῖνόν
1764 777 1823 812 τε

244 844 358 895 τῶν
413 842 593 894 ποδῶν
645 843 1003 913 ἑξαψάμενοι,
1038 846 1125 899 διὰ
1162 848 1261 915 τῆς
1317 849 1524 910 πόλεως
1568 848 1823 918 σύροντες

248 934 472 1003 θανάτῳ
526 934 802 1003 ἁσχήμονι
851 936 1138 990 ἐκδιδοῦσι.
1184 939 1295 1007 Τὴν
1341 940 1449 1007 γὰρ
1494 941 1590 1007 τῆς
1641 938 1823 1000 αἰδοῦς

248 1025 417 1091 φύσιν
480 1027 730 1096 μαχαίρᾳ
783 1027 1135 1095 διατεμόντες
1188 1032 1511 1100 συρομένῳ,
1555 1032 1695 1083 κατὰ
1730 1030 1823 1083 τοῦ

248 1118 524 1185 στόματος
578 1120 980 1174 ὲπιὸἁλ>.ουσιν.
1021 1122 1110 1181 Ἐς
1144 1121 1370 1189 ὕστερον
1419 1123 1495 1183 δὲ,
1549 1123 1739 1193 ὥσπερ
1770 1141 1822 1176 τι

243 1210 359 1261 τῶν
384 1210 862 1277 ὁλοκαυτωμάτων
911 1212 1276 1280 παρεδίδοσαν
1308 1214 1386 1282 τῷ
1435 1217 1603 1285 πυρί·
1655 1216 1822 1285 ἄνδρα

250 1301 422 1370 σοφίᾳ
468 1302 562 1353 καὶ
607 1303 774 1371 ἀρετῇ
826 1303 1216 1372 διαπρέποντα,
1252 1306 1469 1374 πρῶτόν
1504 1324 1561 1358 τε
1592 1308 1697 1357 τῶν
1723 1308 1824 1374 τῆς

258 1392 595 1459 Ἐκκλησίας
618 1393 909 1459 δογμάτων
937 1397 1290 1467 στοιχειωτήν
1310 1412 1326 1428 ⁶
1354 1398 1525 1451 πολλά
1554 1416 1611 1451 τε
1638 1399 1819 1467 βιϐλία

243 1483 318 1550 τῇ
361 1481 663 1551 Ἐκκλησία
700 1483 1149 1537 καταλελοιπότα.
1197 1485 1397 1538 Τούτου
1448 1489 1539 1540 καὶ
1575 1490 1605 1557 ή
1641 1489 1823 1557 βίϐλος

241 1574 281 1642 ἦ
324 1572 579 1640 Ὀδηγός
628 1572 801 1642 ὄνομα
840 1574 1016 1644 ἔσχεν,
1069 1576 1122 1627 οἵ
1168 1594 1227 1628 τε
1264 1579 1381 1647 ὅροι
1413 1580 1518 1631 τῶν
1562 1583 1659 1648 τῆς
1703 1582 1823 1635 Ἐκ-

238 1665 474 1735 κλητίας
515 1664 825 1731 δογμάτων,
869 1667 961 1717 καὶ
1000 1666 1135 1719 ἄλλα
1164 1656 1334 1723 πολλά
1358 1686 1374 1702 ⁶
1410 1672 1503 1723 καὶ
1548 1674 1577 1725 ὁ
1614 1674 1693 1732 είς
1725 1673 1816 1726 τὸν

238 1758 406 1809 ἕκτον
441 1755 668 1824 Ψαλμὸν
721 1757 877 1824 λόγος
910 1761 1030 1819 ταῖς
1079 1760 1355 1814 εἰσὸάσεσι
1399 1764 1506 1816 τῶν
1557 1764 1822 1833 νηστειῶν

241 1846 525 1908 ὲκδοθείςο
572 1848 696 1916 ἐμοὶ
730 1843 774 1899 δ’
808 1850 1050 1917 ἐντυχεῖν
1086 1850 1297 1915 ἐγένετο
1342 1853 1434 1905 καὶ
1478 1853 1621 1923 λόγῳ
1655 1854 1823 1907 αὑτοῦ

241 1940 307 1990 ὃν
335 1940 473 2009 πρὸς
516 1940 808 2009 ’Λντιοχείς
829 1940 1070 2009 ἔγραψεν
1093 1942 1410 2012 εἰσιτήριον,
1442 1946 1533 1997 καὶ
1554 1948 1824 2016 εἰρηνικὸν

241 2032 460 2100 ἕτερον,
496 2030 585 2082 διὰ
614 2031 781 2098 τριῶν
824 2031 918 2082 καὶ
955 2030 1125 2083 εἴκοσι
1154 2032 1291 2086 ἐτῶν
1351 2033 1507 2099 αὖθις
1538 2037 1824 2105 ἐπανήκων

245 2124 344 2174 ἐπὶ
374 2124 465 2174 τὸν
497 2123 708 2191 θρόνον,
742 2123 1051 2191 Μαυρικίου
1084 2124 1177 2193 τὴν
1204 2125 1500 2195 ἠγεμονίαν
1532 2126 1821 2189 ίθύνοντοςο

243 2214 308 2265 ὃν
332 2213 397 2281 δη
428 2214 523 2265 καὶ
554 2214 612 2265 ἐν
642 2214 719 2281 τῷ
744 2213 887 2282 λόγῳ
914 2214 1151 2285 ἐξαίρειν
1189 2218 1284 2268 καὶ
1304 2217 1377 2279 ὼς
1408 2216 1504 2285 τῆς
1531 2217 1822 2286 ὑπερορίου

252 2306 536 2374 ἀνεκλήθη
579 2307 782 2375 φυγῆς,
812 2306 999 2377 Τούτῳ
1032 2309 1093 2377 δὴ
1138 2309 1217 2377 τῷ
1258 2309 1614 2378 ’Δναστασίῳ,
1649 2310 1735 2362 διὰ
1764 2312 1823 2362 τὸ

248 2400 308 2451 ιν
336 2400 541 2468 Σιναῖῳ
589 2400 994 2469 φιλοσοφῆσαι,
1038 2402 1135 2453 καὶ
1171 2401 1265 2454 τοῦ
1320 2403 1668 2472 φρονήματος
1722 2402 1823 2469 τῆς

245 2494 451 2562 σαρκὸς
503 2494 682 2545 ἐκεῖσε
737 2494 1181 2563 κατακρατῆσαι,
1234 2495 1329 2547 καὶ
1379 2496 1634 2564 Σιναῖτης
1676 2495 1821 2548 ἔστιν

242 2584 566 2652 ἐπώνυμον.
598 2584 707 2635 Καὶ
738 2584 766 2634 ὁ
801 2583 899 2652 μὲν
928 2583 1100 2652 δήμου
1130 2584 1416 2651 γενόμενος
1444 2584 1822 2653 παρανάλωμα

243 2676 499 2729 ἁπεὸίω’
541 2676 679 2743 μετὰ
722 2677 778 2728 δὲ
830 2675 1017 2728 τοῦτον
1063 2675 1158 2742 ἐτη
1199 2674 1254 2738 ς’
1291 2675 1689 2744 διαπρέψαντα,
1723 2676 1822 2743 τὴν

243 2770 349 2835 τῆς
400 2767 679 2835 Ἀντιόχου
716 2767 1077 2836 ποιμαντικὴν
1123 2767 1474 2829 Ἀναστάσιος
1504 2768 1687 2835 ἔτερος
1716 2768 1823 2819 διε-

242 2861 457 2928 δέχετο.
494 2860 605 2927 Πρὸ
631 2859 688 2911 δὲ
722 2858 915 2911 τούτου
958 2859 1051 2911 καὶ
1100 2860 1376 2926 Κυριακὸς
1407 2859 1433 2909 ὁ
1473 2861 1572 2926 τῆς
1619 2857 1825 2927 βασιλί-

240 2952 334 3014 δος
357 2952 658 3012 ἐπίσκοπος
699 2949 979 3002 ἑνδέκατον
1012 2948 1128 3012 ἔτος
1158 2952 1221 3017 τῇ
1263 2949 1504 3017 {sparsiq
1532 2948 1821 3018 ἐνδιαπρὲ-

1932 483 1999 538 tis
2048 485 2332 549 subdidit,
2396 494 2556 554 atque
2614 486 2752 539 urbe
2818 486 3018 560 exegit.
3080 487 3161 539 Illi
3234 504 3364 542 vero
3436 499 3495 543 et

1927 575 2165 630 civitatis
2193 578 2313 647 ejus
2348 577 2647 631 antistitem
2686 578 3057 642 Anastasium,
3090 578 3339 647 Gregorii
3371 597 3478 635 suc-

1926 682 2224 730 cessorcm,
2269 684 2299 721 e
2336 669 2537 721 throno
2581 684 2679 721 suo
2711 670 3083 733 deturbatum,
3126 670 3364 740 l‘uneque
3399 689 3497 741 pe-

1926 756 2091 809 dibus
2143 758 2388 824 alligato,
2444 774 2541 826 per
2572 758 2758 812 urbem
2814 768 3065 825 tractum,
3118 760 3258 815 lteda
3319 775 3497 818 morte

1925 846 2245 900 achccrunt.
2284 849 2567 902 Pudemlas
2592 864 2822 916 namque
2864 860 3074 904 natur:e
3124 863 3305 920 partes
3352 854 3497 909 inter

1928 937 2250 1009 trahendum
2274 952 2404 991 ense
2432 937 2665 1001 excisas,
2693 939 2744 991 in
2778 955 2838 993 os
2860 940 2980 1008 ejus
3009 941 3269 1010 injeccre.
3293 945 3491 999 Postea

1927 1042 2056 1080 vero
2092 1029 2242 1080 illum
2302 1030 2530 1097 perinde
2563 1040 2726 1098 atque
2780 1031 3154 1086 holocaustum
3191 1036 3491 1103 quoddam,

1928 1118 2037 1187 igni
2075 1120 2350 1173 tradidere
2379 1136 2393 1172 :
2426 1121 2600 1174 virum
2633 1122 2903 1187 sapientia
2933 1132 2988 1176 et
3018 1123 3223 1196 virtute
3253 1127 3496 1194 praecla-

1926 1223 2067 1269 rum,
2096 1208 2527 1277 primariumque
2555 1209 2867 1278 dogmatum
2895 1211 3149 1265 Ecclesia
3176 1213 3455 1267 doctorem
3480 1231 3495 1268 :

1925 1300 2125 1366 quippe
2155 1300 2247 1367 qui
2289 1300 2698 1354 lucubrationes
2734 1302 2931 1355 multas
2960 1302 3137 1355 eidem
3192 1305 3495 1372 reliquerit.

1928 1390 2099 1457 Hujus
2145 1391 2281 1444 liber
2326 1401 2411 1445 est
2459 1394 2546 1446 cui
2580 1407 2776 1446 nomen
2815 1394 3069 1462 Ὀδηγδς,
3102 1394 3206 1448 hoc
3244 1403 3348 1457 est,
3385 1396 3496 1451 Viae

1927 1481 2061 1541 dux,
2099 1490 2151 1535 et
2198 1481 2457 1536 Ecclesiae
2502 1483 2815 1552 dogmatum
2852 1486 3217 1549 definitiones,
3279 1488 3498 1555 aliaque

1927 1583 2185 1640 praetcrea
2217 1575 2409 1628 multa.
2465 1574 2596 1627 Item
2641 1576 2694 1628 in
2745 1585 2959 1629 sextum
3007 1579 3281 1631 Psalmum
3331 1579 3495 1639 liber,

1928 1667 1980 1718 in
2022 1666 2268 1735 ingressu
2294 1668 2624 1737 jejuniorum
2659 1669 2859 1723 editus.
2894 1671 3003 1738 Ego
3025 1685 3155 1724 vero
3187 1671 3496 1724 orationem

1856 1733 1894 1788 Β
1924 1757 2087 1809 etiam
2132 1757 2249 1826 ejus
2302 1758 2589 1826 quamdam
2628 1760 2764 1827 legi,
2800 1760 2865 1813 ad
2899 1760 3269 1815 Antiocheuos
3302 1762 3355 1814 in
3414 1762 3499 1814 in—

1927 1848 2092 1901 troittt
2134 1864 2235 1901 suo
2264 1849 2547 1917 scriptam,
2582 1860 2635 1903 et
2665 1851 3091 1919 paciﬁcatoriam
3127 1852 3309 1915 aliam,
3332 1867 3493 1920 quam

1924 1941 2181 1995 vicesimo
2210 1941 2368 1994 tertio
2396 1957 2539 1994 anno
2577 1943 2630 1994 in
2668 1944 2921 1994 thronum
2964 1959 3122 1996 suum
3158 1943 3494 2011 postliminio

1923 2046 2179 2086 reversus
2210 2034 2540 2103 composuit,
2563 2033 2825 2087 Mauricio
2863 2035 3152 2103 imperium
3172 2034 3493 2088 obtinente:

1922 2140 2083 2192 quem
2124 2126 2290 2179 etiam
2339 2126 2393 2180 in
2436 2141 2516 2180 eo
2565 2128 2793 2195 scripto,
2827 2127 2969 2195 quod
3010 2127 3079 2179 ab
3113 2127 3309 2181 exsilio
3340 2141 3495 2180 revo-

1921 2225 2074 2267 catus
2097 2217 2189 2277 sit,
2225 2214 2481 2270 laudibus
2504 2215 2680 2269 ell‘ert.
2707 2214 2845 2269 lluic
2879 2216 3182 2279 Anastasio,
3210 2226 3494 2284 propterea

1921 2306 2066 2375 quod
2098 2306 2152 2360 in
2184 2305 2362 2360 Sinaeo
2395 2315 2578 2360 monte
2615 2306 3033 2377 philosophatus
3067 2307 3156 2373 sit,
3183 2317 3238 2361 et
3269 2323 3489 2362 sensum

1923 2399 1996 2451 ibi
2057 2400 2237 2452 carnis
2284 2398 2581 2459 domuerit,
2631 2398 2854 2452 Sinaitze
2902 2414 3200 2468 cognomen
3258 2399 3493 2452 inditum

1919 2501 2023 2543 est.
2067 2490 2243 2558 Atque
2285 2490 2372 2543 ille
2421 2490 2642 2558 quidem
2694 2490 2749 2542 in
2787 2490 2974 2559 populi
3008 2491 3244 2545 tumultu
3276 2507 3496 2560 perem-

1923 2588 2066 2646 ptus,
2089 2579 2253 2631 vitam
2285 2579 2445 2632 (iniit.
2473 2580 2600 2633 Post
2637 2594 2762 2632 cum
2788 2591 2969 2633 autem
3003 2596 3125 2634 cum
3155 2596 3247 2634 sex
3279 2582 3437 2634 annis
3464 2595 3495 2634 a

1924 2669 2102 2723 reditu
2141 2670 2193 2722 in
2232 2671 2554 2739 episcopatu
2596 2672 2925 2737 cnituisset,
2966 2674 3238 2741 pastorale
3292 2688 3495 2726 munus

1921 2760 2225 2813 Antiochiae
2257 2760 2579 2814 Anastasius
2607 2762 2747 2815 alter
2772 2764 3032 2831 suscepit.
3070 2764 3239 2832 868
3269 2765 3333 2817 Et
3365 2774 3491 2817 ante

1924 2852 2070 2905 hunc
2119 2850 2381 2921 Cyriacus
2430 2853 2620 2916 etiam,
2660 2853 3281 2924 Constantinopolitanm
3338 2857 3491 2911 urbis

1922 2944 2235 3012 episcopus,
2262 2946 2516 3000 undecim
2548 2946 2709 2999 annis
2734 2946 2786 3000 in
2820 2962 2972 3000 sacra
3003 2947 3283 3001 l‘unetione
3315 2958 3495 3003 trans-

240 3045 382 3112 ᾥας,
412 3042 587 3112 Θωμᾷ
620 3043 709 3094 τὸν
746 3044 933 3112 θρόνον
964 3042 1395 3109 καταὶιμπάνει.
1446 3042 1540 3103 Ὃς
1575 3042 1820 3103 διάκονος

1924 3034 2077 3098 actis,
2115 3036 2298 3089 sedem
2328 3051 2447 3088 eam
2502 3036 2725 3090 Thomaa
2766 3038 2984 3105 reliquit
3028 3055 3041 3091 :
3074 3040 3164 3108 qui
3199 3040 3413 3094 diaconi
3440 3050 3495 3095 et

244 3134 349 3185 καὶ
382 3134 739 3201 σακελλάριος
788 3135 885 3202 τῆς
948 3132 1277 3200 Ἐκκλησίας
1325 3130 1699 3200 καθεστηκὼς,
1731 3134 1824 3200 ἐπ)

244 3227 348 3277 τὸν
387 3224 578 3293 θρόνον
607 3223 785 3293 ἀνῄει.
822 3223 896 3275 Ού
930 3224 1093 3277 πλέον
1115 3226 1225 3293 δὲῆ
1254 3225 1379 3294 τρία
1401 3223 1493 3289 ἔτη
1526 3224 1661 3293 πρὸς
1693 3224 1826 3292 μησὶ

244 3316 377 3369 δυσὶ
412 3317 506 3368 καὶ
556 3310 711 3377 οὗτος
766 3315 1139 3384 ἱερασάμενος,
1182 3315 1260 3385 τῷ
1319 3314 1570 3366 δυσσεόεῖ
1617 3315 1824 3384 Σεργίῳ

248 3409 350 3461 τοῦ
376 3409 566 3479 θρόνου
630 3410 971 3476 παραχωρεῖ,
1017 3408 1106 3458 τὸν
1152 3406 1407 3474 μέγιστον
1463 3402 1610 3458 οἶκον
1640 3406 1825 3474 δειμά-

252 3519 420 3569 μενος
453 3501 532 3569 τῷ
560 3499 924 3568 ἐπισκοπείῳ·
954 3500 1013 3561 ὃς
1046 3498 1107 3549 τε)
1146 3499 1240 3550 τού
1281 3499 1656 3567 δομησαμένου
1691 3498 1824 3567 κλη-

254 3594 581 3662 ρωσάμενος
611 3591 805 3658 ὄνομα,
837 3590 1125 3659 Θωμαΐτης
1156 3592 1211 3652 ἐς
1247 3590 1405 3659 δεῦρο
1437 3589 1496 3642 τὸ
1535 3589 1823 3658 ἐπώνυμον

244 3691 436 3757 ἔσχεν.
486 3687 545 3739 ’0
574 3687 631 3737 δὲ
664 3686 884 3754 Σέργιος
918 3684 1163 3742 διάκονος
1210 3681 1308 3752 μὲν
1355 3682 1456 3751 τῆς
1498 3683 1820 3752 Ἑκκλησίας

244 3779 630 3846 καθειστήκει,
690 3780 753 3829 ὲκ
793 3775 980 3843 Σύρων
1031 3775 1124 3826 καὶ
1187 3774 1512 3827 Ἰακωδιτῶν
1570 3774 1669 3842 τὴν
1724 3772 1820 3826 τοῦ

244 3872 447 3938 γένους
480 3869 655 3923 ἕλκων
682 3868 889 3938 σειρὰν.

826 4024 1075 4077 ΚΕΦΔΛ.
1111 4024 1243 4078 ME'.

238 4144 388 4213 Περὶ
439 4142 560 4195 τῶν
586 4139 731 4209 μετὰ
766 4139 880 4213 rip:
906 4136 1157 4213 drt'uro'
1188 4140 1285 4213 καὶ
1319 4135 1362 4190 ε’
1403 4137 1670 4213 σύνςοδον
1730 4155 1819 4209 γε-

422 4207 777 4281 γενημένων
807 4208 880 4277 τῇ
922 4209 1251 4275 Ἐκκλησία
1286 4207 1663 4277 σχισμάτων.

317 4329 416 4390 Τίς
464 4326 525 4379 δὲ
569 4324 724 4386 οὗτος
791 4322 1074 4385 Ἰάκωϐος,
1132 4321 1191 4385 ἐξ
1228 4320 1288 4374 οὖ
1350 4322 1444 4375 κα)⁸
1511 4321 1817 4375 Ἰακωϐῖται

1929 3124 2201 3178 sacellarii
2227 3126 2278 3177 in
2302 3125 2539 3179 Ecclesia
2574 3142 2776 3181 munus
2801 3128 3017 3193 obiens,
3049 3130 3115 3182 ad
3153 3131 3491 3197 pontiﬁciqu

1930 3213 2185 3266 thronum
2203 3214 2545 3267 conscendit.
2567 3215 2663 3269 llic
2690 3231 2822 3269 vero
2858 3220 3032 3271 tribus
3066 3225 3244 3284 annis,
3273 3231 3326 3273 ct
3348 3224 3491 3273 duo-

1929 3307 2029 3360 bus
2059 3324 2167 3361 non
2204 3309 2440 3377 amplius
2468 3310 2749 3364 mensibus
2801 3326 2955 3366 sacro
2991 3328 3219 3367 munere
3250 3316 3490 3379 functus,

1927 3400 2094 3466 impio
2154 3399 2343 3469 Sergio
2391 3402 2523 3454 sede
2587 3403 2776 3457 cessit.
2813 3403 3053 3458 Thomas
3116 3408 3215 3460 iste
3269 3408 3489 3461 domum

1927 3486 2214 3540 maximam
2238 3490 2293 3540 in
2361 3488 2570 3542 :edibus
2604 3492 3008 3559 episcopalibus
3036 3496 3303 3549 exstruxit
3330 3513 3341 3547 :
3370 3514 3490 3565 qua:

1923 3577 2138 3643 domus,
2168 3594 2364 3631 nomen
2400 3595 2428 3633 a
2462 3580 2745 3635 conditore
2771 3598 2870 3635 suo
2918 3596 3225 3652 acceptum,
3277 3588 3330 3639 in
3381 3588 3486 3639 ho-

1924 3670 2175 3723 diernum
2208 3687 2379 3738 usque
2411 3671 2553 3725 diem
2619 3674 2860 3732 retinet.
2895 3684 2951 3728 et
2987 3676 3291 3732 Thomaitis
3333 3694 3493 3732 voca-

1925 3771 2031 3814 tur.
2078 3763 2148 3814 At
2192 3760 2415 3830 Sergius
2464 3763 2725 3819 diaconus
2765 3766 2985 3835 quidem
3041 3770 3297 3824 Ecclesia:
3332 3770 3434 3824 fuit
3470 3788 3487 3827 :

1846 3913 1857 3921 ,
1922 3855 2015 3909 sed
2043 3869 2074 3909 a
2109 3855 2262 3926 Syris
2292 3869 2344 3912 et
2375 3858 2639 3914 Jacobitis
2665 3861 2879 3931 generis
2906 3862 3172 3932 originem
3200 3866 3379 3919 traxit.

1952 4091 1979 4107 ,
2500 4034 2721 4091 CAPUT
2771 4034 2931 4091 XLV.

1925 4143 1997 4196 De
2047 4145 2411 4201 schismatibns
2475 4165 2631 4225 Δ(μιανΔ
2667 4162 2779 4225 post
2821 4164 3082 4225 quartam
3140 4162 3191 4207 et
3248 4158 3486 4225 quintam

2050 4226 2289 4269 sanctam
2319 4218 2576 4287 synodum
2615 4220 2670 4271 in
2708 4218 2995 4275 Ecclesium
3013 4218 3349 4293 irrepserunt.

1991 4328 2125 4392 Quis
2155 4344 2288 4383 vero
2331 4330 2565 4385 Jacobus
2619 4332 2720 4386 iste
2781 4333 2965 4401 fuerit,
3017 4336 3161 4391 unde
3224 4338 3488 4395 Jacobitze

240 4424 605 4492 παρωνύμως
635 4416 961 4485 ἐκλήθησαν,
990 4413 1198 4467 δίκαιον
1228 4413 1306 4482 τῷ
1344 4413 1488 4483 λόγῳ
1514 4413 1815 4474 διαλαϐεῖν,

1924 4436 2121 4474 nomen
2153 4432 2502 4490 acceperunt,
2529 4432 2582 4476 et
2608 4425 2712 4478 alia
2734 4436 2994 4495 prmterea
3020 4444 3141 4497 quae
3168 4431 3221 4483 in
3257 4431 3489 4489 historia

242 4513 343 4566 καὶ
363 4513 462 4563 ὅσα
481 4509 649 4575 ἕτερα
666 4509 730 4577 τῇ
770 4502 1054 4576 συγγραφῇ
1086 4505 1536 4574 παραλέλειπται,
1576 4506 1816 4569 Ἀνωθεν

244 4607 304 4658 δὲ
344 4603 651 4673 ἀρξάμενος
696 4598 1047 4668 διηγήσομαι.
1088 4596 1357 4665 Εὐτυχοῦς
1384 4597 1477 4651 καὶ
1515 4596 1812 4665 Διοσκόρου

246 4699 355 4749 ὑπὸ
384 4697 484 4764 τῆς
510 4696 566 4746 ὲν
594 4691 896 4761 Χαλκηδόνι
939 4688 1102 4755 ἁγίας
1133 4688 1173 4740 δ’
1204 4688 1641 4759 καθαιρεθέντων
1686 4705 1815 4740 συν-

242 4791 395 4849 όδου,
415 4789 463 4838 οἱ
500 4786 596 4854 τῆς
626 4784 846 4836 ἐκείνων
869 4780 1134 4849 δόγμασιν
1162 4780 1513 4849 ἀντεχόμενοι
1535 4779 1631 4848 τῆς
1654 4779 1817 4832 καθο-

242 4882 406 4949 λικῆς
450 4876 778 4943 Ἐκκλησίας
818 4871 1043 4934 ἑαυτοὺς
1088 4872 1501 4940 ἀποστήσαντες
1535 4872 1812 4941 διακρινοέ

253 4974 450 5043 μένους
483 4968 703 5030 ἑαυτοὺς
729 4964 1144 5031 κατωνόμασαν,
1184 4963 1447 5031 μηδαμῶς
1472 4962 1812 5014 συντίθεσθαι

242 5068 359 5126 τοῖς
381 5062 555 5132 ὀρθῶς
587 5058 993 5126 δογματισθείσι
1014 5058 1079 5125 τῇ
1116 5055 1247 5123 ἁγία⁴
1280 5055 1544 5123 ᾑρημένοι
1568 5054 1772 5123 συνόδῳ
1795 5068 1809 5084 ⁶

242 5159 292 5211 οἳ
324 5156 422 5209 καὶ
462 5156 543 5215 εἰς
582 5149 902 5204 δυοκαίδεκα
933 5148 1201 5216 τμήματα
1245 5144 1604 5216 διῃρέθησαν
1635 5145 1696 5210 ἐξ
1738 5140 1815 5199 ὧν

242 5250 342 5301 καὶ
377 5248 573 5315 μυρίαι
609 5243 849 5312 αἱρέσεις
899 5239 1242 5307 ἐϐλάστησαν
1265 5251 1278 5265 ·
1314 5230 1388 5288 ὧν
1423 5236 1471 5287 οἱ
1506 5236 1606 5305 μὲν
1645 5237 1815 5289 Eii-cu-

239 5336 521 5410 χιανισταὶ
576 5331 1008 5401 ὠνομάσθησαν,
1060 5330 1351 5397 Διόσκορον
1406 5329 1501 5381 καὶ
1550 5328 1812 5397 Εὐτύχιον

247 5432 409 5500 μόνον
434 5428 749 5495 δεχόμενοι·
787 5424 837 5475 οἳ
860 5422 950 5474 τὸν
980 5421 1214 5490 Χριστὸν
1241 5420 1595 5488 ἐδογμάτιζον
1623 5420 1817 5488 ὀμοού-

244 5541 358 5575 σιον
396 5520 495 5591 μὲν
526 5519 603 5587 τῷ
636 5517 829 5586 Πατρι,
864 5514 924 5566 οὗ
955 5514 1062 5583 μὴν
1087 5514 1141 5565 δὲ
1164 5514 1259 5566 καὶ
1282 5515 1417 5583 ἡμῖν
1440 5529 1453 5542 ·
1487 5508 1569 5575 οἷς
1595 5514 1670 5582 μὴ
1693 5531 1816 5566 συν-

241 5615 485 5667 τίθενται
522 5608 794 5674 σώζεςθαι
826 5610 883 5660 ὲν
915 5606 1137 5675 Χριστῷ
1180 5606 1280 5674 τὴν
1324 5608 1422 5674 τῆς
1463 5606 1813 5675 ἀνθρωπίνης

244 5706 504 5775 ἀλήθειαν
535 5702 769 5771 φύσεως.
799 5698 904 5751 Τοῦ
932 5698 987 5751 δὲ
1020 5695 1283 5766 βασιλέως
1322 5697 1550 5760 Λέοντος
1584 5698 1639 5749 τὸ
1664 5698 1815 5768 βιοῦν

1923 4510 2024 4564 hac
2050 4510 2247 4564 omissa
2284 4522 2429 4575 sunt,
2470 4528 2684 4581 :rquum
2714 4531 2833 4570 esse
2863 4527 2995 4585 puto
3018 4528 3076 4573 ut
3110 4521 3199 4574 hic
3231 4522 3484 4577 referam.

1922 4603 2099 4657 Altius
2123 4614 2303 4656 autem
2350 4606 2718 4660 narrationem
2762 4618 2962 4678 petam.
2997 4612 3288 4682 Postquam
3325 4616 3492 4687 Euty-

1921 4694 2066 4747 cheti
2111 4703 2169 4761 et
2224 4693 2484 4748 Diosc-oro
2517 4712 2547 4748 a
2590 4709 2774 4751 sancta
2809 4711 3002 4768 quarta
3054 4703 3487 4761 Chalcedonensi

1924 4785 2133 4854 synodo
2162 4785 2400 4853 dignitas
2429 4788 2686 4857 abrogata
2731 4801 2834 4853 est,
2865 4793 2957 4859 qui
2994 4793 3210 4847 illorum
3236 4795 3487 4866 dogmata

1921 4877 2309 4940 defenderunt,
2333 4879 2472 4933 facta
2499 4881 2566 4934 ab
2589 4881 2830 4936 Ecclesia
2861 4887 3123 4939 catholica
3156 4887 3483 4953 defectione,
3534 4908 3541 4914 '

1923 4970 2392 5039 διακρινομένους,
2416 4972 2517 5024 hoc
2541 4983 2643 5035 cst,
2663 4986 2973 5044 segregatos
2991 4978 3104 5031 sive
3130 4978 3486 5049 ambigentes,

1922 5063 2134 5130 seipsos
2164 5063 2507 5131 appellarunt
2531 5080 2544 5116 :
2566 5079 2743 5133 neque
2780 5067 2890 5119 ullo
2914 5069 3098 5132 modo,
3122 5080 3179 5120 ut
3198 5085 3317 5137 qua:
3343 5080 3491 5123 recte

1918 5154 1977 5207 in
1995 5153 2227 5208 concilio
2254 5164 2443 5207 sancto
2477 5163 2676 5209 statuta
2701 5166 2907 5223 essent,
2932 5161 3371 5228 comprobarent,
3395 5161 3491 5215 ad-

1922 5246 2047 5299 duci
2068 5255 2317 5314 potuere.
2343 5246 2382 5299 li
2411 5248 2464 5300 in
2485 5247 2776 5301 duodecim
2800 5261 2976 5303 sectas
3000 5250 3220 5305 dissecti
3241 5262 3400 5314 sunt;
3424 5269 3493 5306 ex

1924 5337 2129 5406 quibus
2155 5338 2323 5390 multa
2352 5338 2518 5391 millia
2554 5340 2824 5394 hieresutn
2863 5343 3226 5410 pullularunt.
3252 5345 3328 5397 Ex
3355 5360 3492 5412 qua-

1928 5443 2045 5480 rum
2061 5429 2424 5482 sectatoribus
2441 5432 2663 5498 quidam
2684 5432 3108 5500 Eutychianistte
3132 5436 3328 5499 vocati,
3345 5435 3493 5502 quod

1930 5520 2246 5573 liioscorum
2280 5531 2488 5573 tantum
2514 5533 2568 5575 et
2612 5524 2963 5593 Eutychetem
3012 5527 3358 5594 reciperent:
3397 5524 3492 5593 qui

1926 5610 2199 5662 Christum
2256 5608 2565 5665 docuerunt
2612 5613 2757 5666 Patri
2798 5614 3019 5681 quidem
3052 5615 3496 5669 consubstantia-

1928 5702 2031 5754 lctn
2066 5715 2208 5766 cssc,
2247 5698 2406 5755 nobis
2444 5710 2625 5755 autem
2687 5705 2911 5758 minime
2954 5721 2966 5757 :
3001 5715 3289 5776 preptcrea
3342 5701 3495 5775 quod
