4100 6216
511 241 616 305 419

1725 232 1769 289 Ν
1785 226 2136 289 lCEl‘llORl
2184 222 2523 285 CALLlSTl

3642 217 3750 280 420

511 355 673 410 nobis
725 367 834 406 non
887 347 1304 406 assentiuntur,
1339 356 1525 397 veram
1582 354 1704 395 esse
1752 340 1806 393 in
1855 338 2111 398 Christo,

2215 334 2645 397 ,εταλλάξαντος,
2699 328 2940 399 Ζήνωνός
2987 341 3046 380 τε
3104 327 3197 381 καὶ
3239 325 3597 380 Ἀναστασίου
3652 329 3752 396 τὴν

514 448 809 502 humanam
873 453 1123 494 naturam
1179 434 1583 506 proﬁtentibus.
1639 434 1933 499 Postquam
1980 443 2077 481 au-

514 550 623 594 tem
652 540 956 603 imperator
993 540 1103 584 Leo
1155 529 1299 582 diem
1355 540 1515 580 suum
1543 525 1700 585 obiit,
1732 531 1895 592 atque
1927 520 2076 574 Zeno

511 637 570 682 et
622 622 940 679 Anastasius
988 619 1205 687 imperii
1251 615 1781 671 administrationem
1822 625 2080 680 suscepe-

514 700 842 783 runt,quam
864 711 1151 765 maximam
1170 709 1476 762 libertatem
1506 691 1611 759 sibi
1642 705 1738 774 qui
1762 712 1971 771 quartae
1994 717 2081 771 sy-

512 805 658 857 nodo
697 802 1037 862 restiterunt,
1078 810 1435 867 usurpavere.
1492 793 1697 847 Eodem
1753 800 1997 857 tempore
2025 797 2082 843 et

514 893 793 962 Acepliali,
830 904 1063 960 quorum
1108 887 1217 942 dux
1266 886 1506 941 Severus
1549 883 1926 938 Antiorlienus
1957 880 2099 958 fuitp

515 998 678 1035 uuam
710 980 869 1037 Verbi
907 988 961 1033 et
987 979 1167 1032 carnis
1198 986 1449 1031 naturam
1499 974 1637 1027 male
1670 972 2028 1041 praedicantes
2065 985 2078 1021 :

515 1080 571 1123 et
605 1078 871 1137 praeterea
914 1066 1309 1127 Jacobitarum,
1347 1062 1878 1123 Theodosianorum,
1915 1060 2086 1115 Julia-

518 1160 809 1219 nistarum,
829 1165 881 1208 et
901 1154 1264 1223 plurimorum
1284 1153 1516 1207 aliorum
1550 1160 1805 1214 catervae,
1824 1150 2087 1204 Ecclesia:

519 1249 872 1309 in‘sultarunt,
909 1247 1004 1315 qui
1037 1243 1431 1313 MOIIOphysittB
1464 1243 1722 1312 appellati
1763 1250 1915 1303 sunt,
1939 1241 2084 1309 quod

521 1354 685 1391 unam
714 1336 878 1390 Verbi
895 1336 1149 1390 etcarnis
1171 1344 1419 1388 naturam
1442 1343 1565 1402 post
1582 1330 1907 1388 inetl‘abilem
1932 1332 2089 1386 unio-

522 1446 645 1485 nem
684 1431 735 1482 in
770 1429 990 1482 Christo
1026 1442 1147 1482 esse
1182 1427 1421 1480 sentiant
1449 1432 1505 1479 et
1534 1425 1804 1500 doceant,
1826 1425 1992 1495 839
2023 1423 2088 1477 lli

523 1540 654 1578 vero
684 1521 941 1589 Acephali
974 1528 1105 1574 sunt
1134 1518 1421 1577 nominati.
1450 1519 1540 1586 qui
1571 1518 1887 1572 henoticum
1912 1518 2090 1571 Zeno-

526 1617 617 1674 nis
654 1612 1002 1683 imperatoris
1039 1612 1326 1680 scriptum,
1361 1626 1468 1679 quo
1489 1611 1699 1665 scilicet
1726 1610 1791 1665 ad
1831 1612 2090 1665 unionem

525 1705 794 1759 ecclesias
814 1703 1114 1771 perducere
1138 1700 1336 1765 voluit,
1361 1709 1648 1769 propterea
1674 1700 1822 1769 quod
1853 1701 1945 1755 ille
1974 1717 2099 1755 san-

530 1805 676 1849 ctam
702 1803 951 1863 quartam
970 1792 1235 1862 synodum
1255 1791 1588 1845 anathemati
1619 1806 1728 1845 non
1752 1792 2099 1862 subjeeisset,

529 1887 756 1941 minime
780 1892 1128 1953 receperunt.
1149 1882 1411 1952 Acepbali
1439 1892 1622 1936 autem
1645 1882 1717 1935 ob
1735 1897 1855 1937 eam
1880 1898 2101 1937 causam

530 1977 664 2031 dicti
697 1984 846 2040 sunt,
872 1974 1018 2044 quod
1047 1974 1149 2028 sub
1170 1976 1444 2042 episcopis
1467 1989 1576 2027 non
1609 1957 1832 2028 iuerint.
1864 1972 2104 2029 Proinde

530 2073 802 2141 episcopis
830 2079 886 2124 et
908 2069 1286 2123 sacerdotibus
1313 2069 1453 2137 apud
1484 2085 1580 2124 eos
1614 2070 1903 2131 :‘ct‘unctis,
1927 2085 2105 2140 neque

534 2164 839 2233 baptismus
893 2163 1049 2231 juxta
1092 2160 1393 2213 solemnem
1436 2169 1491 2213 et
1531 2170 1812 2229 receptum
1852 2161 2108 2216 Ecclesia:

534 2272 742 2309 morem
762 2256 903 2323 apud
922 2268 1018 2307 eos
1036 2252 1473 2315 administratus,
1489 2268 1669 2320 neque
1687 2252 1890 2307 oblatio
1905 2264 1999 2307 aut
2022 2269 2108 2309 res

534 2350 716 2417 aliqua
752 2348 936 2401 divina
973 2346 1139 2406 facta,
1183 2343 1617 2397 ministeriumve
1650 2344 2106 2408 ecclesiasticum,

536 2440 697 2492 sicuti
754 2451 872 2489 mos
932 2443 1052 2497 est,
1103 2433 1440 2487 celebratum
1495 2443 1600 2486 est.
1654 2432 2107 2487 Communionem

536 2544 669 2582 \ero
705 2528 781 2580 illi
816 2542 844 2579 a
880 2526 1117 2594 plurimo
1157 2533 1403 2592 tempore
1449 2533 1782 2578 asservatam
1820 2524 2107 2591 habentes,

537 2620 694 2675 feriis
722 2618 1071 2688 paschalibus
1103 2619 1157 2670 in
1189 2617 1591 2670 minutissimas
1635 2617 1861 2670 incisam
1904 2629 2109 2686 partes,

537 2710 994 2766 convenientibus
1044 2709 1111 2762 ad
1173 2723 1232 2762 se
1290 2707 1608 2761 hominibus
1656 2708 1944 2761 dederunt.
1992 2706 2113 2773 Quo

541 2810 786 2867 tempore
842 2813 1004 2865 quam
1055 2796 1286 2864 quisque
1340 2796 1639 2859 voluisset,
1695 2796 1947 2865 placitam
2009 2797 2114 2851 sibi

539 2888 789 2941 sumebat
826 2895 1175 2953 potestatem.
1220 2886 1283 2939 Et
1324 2894 1611 2955 propterea
1660 2886 1805 2955 quod
1858 2888 2111 2957 quilibet,

2185 424 2459 494 βασίλειον
2511 422 2686 490 ἀρχὴν
2759 418 3232 487 ὑποζωσαμένων,
3294 418 3613 486 παρρησίαν
3669 418 3754 471 ὅτι

2184 516 2447 585 πλείστην
2477 516 2524 566 οἱ
2550 514 2617 567 δι’
2650 511 2899 572 ἐναντίας
2948 510 3094 562 οῦτοι
3125 512 3191 578 τῇ
3237 508 3277 560 δ’
3332 509 3536 577 συνόδῳ
3584 509 3757 571 ἰόντες

2185 609 2514 678 ἐλάμϐανον.
2561 603 2879 675 Τηνικαῦτα
2914 602 2971 655 δὲ
3022 602 3117 654 καὶ
3161 600 3222 652 τὸ
3252 599 3360 652 τῶν
3415 599 3756 668 Ἀκεφάλωη

2183 693 2259 752 ὧν
2296 696 2610 768 προστάτης
2660 696 2686 746 ό
2740 692 2839 760 τῆς
2899 691 3174 758 Ἀντιόχου
3223 688 3463 759 Σευῆρος
3515 689 3759 755 ἐγένετο,

2190 789 2318 857 μίαν
2350 785 2512 855 φύσιν
2536 782 2630 836 τοῦ
2660 783 2839 850 Λόγου
2866 782 2958 834 καὶ¹
2982 783 3081 851 τῆς
3106 779 3307 849 σαρκὸς
3341 779 3528 841 κακῶς
3547 780 3761 848 δογμα-

2188 880 2375 942 τίζων,
2413 877 2506 928 καὶ
2536 874 2595 928 τὸ
2617 874 2727 927 τῶν
2770 871 3125 935 Ἰακωὸιτῶν,
3160 870 3529 924 Θεοδοσιανῶν
3559 887 3621 923 τε
3664 870 3765 922 καὶ

2202 967 2619 1034 Ἰουλιανιστῶν,
2651 966 2745 1019 καὶ
2774 965 2978 1035 ἐτέρων
3011 963 3281 1015 πλείστων
3308 964 3498 1029 στῖφος
3521 965 3587 1031 τῇ
3636 962 3765 1014 Ἐκ·-

2192 1063 2394 1133 κλησίᾳ
2425 1062 2716 1130 εἰσέφρησε
2742 1077 2755 1091 ·
2805 1059 2857 1113 οἳ
2902 1060 2995 1111 καὶ
3024 1059 3399 1125 Μονοφυσῖται
3425 1056 3762 1126 ἐκλήθησαν,

2194 1156 2288 1209 an
2304 1154 2367 1225 δὴ
2395 1154 2523 1224 μίαν
2544 1153 2710 1223 φύσιν
2738 1152 2832 1204 τοῦ
2858 1152 3031 1218 Λόγου
3048 1150 3145 1203 καὶ
3164 1150 3262 1218 τῆς
3287 1150 3487 1218 σαρκὸς
3510 1149 3648 1217 μετὰ
3662 1147 3765 1217 τὴν

2194 1247 2430 1318 ἄρρητον
2460 1246 2654 1298 ἕνωσιν
2685 1243 3080 1313 πρεσϐεύοντές
3099 1259 3159 1293 τε
3201 1240 3296 1293 καὶ
3318 1240 3764 1308 δογματίζιιντεςο

2195 1337 2242 1387 οἱ
2276 1335 2333 1386 δὲ
2367 1333 2656 1401 Ἀκέφαλοι
2687 1331 3031 1399 ὠνομάζοντο
3050 1346 3064 1360 ·
3090 1329 3138 1381 οἳ
3174 1329 3235 1380 τὸ
3261 1327 3518 1380 ἐνωτικδν
3542 1327 3636 1379 τοῦ
3666 1327 3773 1396 βα-

2199 1428 2392 1490 σιλέως
2411 1428 2655 1495 Ζήνωνος
2688 1424 2751 1476 ού
2777 1422 3086 1491 προσίεντο,
3115 1418 3196 1481 οἷς
3226 1418 3303 1489 μὴ
3330 1419 3411 1487 τῷ
3456 1419 3770 1487 ἁναθέματι

2198 1521 2293 1572 καὶ
2336 1518 2436 1589 τὴν
2470 1517 2635 1585 ἁγίαν
2686 1515 2727 1567 δ’
2778 1512 3128 1567 καθυπέδαλε
3191 1512 3431 1565 σύνοδον.
3483 1511 3581 1563 Διὰ
3615 1511 3671 1563 δὲ
3703 1512 3770 1563 τὸ

2131 1647 2173 1699 Β
2201 1612 2303 1664 ὑπὸ
2337 1611 2657 1695 ἐπισκόποις
2693 1609 2767 1678 μὴ
2801 1605 3056 1674 ἄγεσθαι,
3096 1604 3386 1672 Ἀκέφαλοι
3435 1602 3772 1671 ὠνομάσθη-

2206 1719 2326 1755 σαν.
2370 1683 2564 1754 Ἐῦθεν
2596 1716 2679 1752 τοι
2710 1699 2805 1751 καὶ
2831 1697 2940 1750 τῶν
2968 1696 3098 1765 παρ’
3129 1697 3313 1758 αὐτοῖς
3337 1694 3653 1747 ἐπισκόπων
3676 1694 3775 1745 καὶ

2206 1794 2399 1863 ἱερέων
2429 1791 2841 1853 ἐκλελοιπότων,
2871 1790 2991 1843 οὐδὲ
3039 1789 3322 1857 βάπτισμα
3356 1789 3495 1841 κατά
3524 1788 3617 1841 τὸν
3644 1787 3778 1840 Ἑκ-

2204 1881 2430 1951 κλησίας
2462 1880 2675 1934 ἐποίουν
2709 1879 2931 1948 θεσμόν.
2972 1878 3117 1931 Ἀλλ’
3162 1878 3285 1931 οὐδέ
3312 1876 3653 1949 προσκομιδή
3685 1894 3776 1939 τις

2204 1972 2564 2041 ἣλειτουργία
2595 1971 2726 2041 παρ’
2752 1973 2938 2034 αὐτοῖς
2966 1966 3057 2026 οἷα
3080 1970 3199 2034 ἔθος
3229 1970 3532 2027 τετέλεστο.
3559 1970 3777 2023 Κοινω-

2207 2066 2324 2127 νίαγ
2353 2064 2407 2117 δὲ
2435 2064 2861 2133 πεφυλαγμένην
2903 2065 2968 2115 ἐκ
3013 2062 3359 2133 παλαιτέρων
3386 2062 3605 2131 ἔχοντες
3638 2062 3776 2132 χρό-

2207 2173 2335 2217 νων,
2365 2155 2423 2219 ἐξ
2444 2156 2612 2224 αὐτῆς
2640 2155 2816 2225 καιρῷ
2855 2154 2949 2208 τοῦ
2986 2154 3175 2225 Πάσχα
3210 2156 3581 2226 σμικροτάτας
3610 2157 3777 2227 μερί-

2207 2247 2304 2310 δας
2336 2247 2611 2310 κνίζοντες
2646 2249 2756 2309 τοῖς
2789 2245 3063 2300 συνιοῦσιν
3090 2246 3369 2300 ἐδίδοσανο
3410 2249 3651 2315 ὁπηνίκα
3678 2250 3780 2303 καὶ

2211 2343 2317 2402 πᾶς
2346 2358 2429 2403 τις
2451 2341 2551 2411 τὴν
2586 2340 2779 2410 ἐκείνῳ
2813 2340 3035 2411 θυμὴρη
3081 2338 3331 2392 ἐντεῦθεν
3359 2340 3641 2394 ἐπεσπᾶτο
3675 2344 3780 2413 ἀρ-

2211 2435 2333 2502 χήν.
2386 2434 2505 2487 Κάν
2553 2433 2631 2501 τῷ
2660 2432 2835 2485 θέλειν
2867 2431 3099 2484 ἕκαστον
3138 2431 3200 2484 τὸ
3254 2431 3443 2485 δοκοῦν
3486 2436 3553 2504 τῇ
3594 2435 3782 2489 πίστει

2211 2526 2546 2592 ἐγγίνεσθαι,
2584 2524 2788 2593 πλῆθος
2832 2525 2914 2578 ὅτι
2976 2524 3231 2579 πλεῖστον
3274 2525 3623 2595 ἀποσχιστιῖη
3682 2524 3783 2578 καὶ

2213 2619 2477 2688 αἱρέσεων
2502 2618 2710 2685 ἀνεφύη
2732 2634 2746 2648 ⁸
2778 2616 3062 2687 Τριοεῖται
3089 2620 3182 2671 καί
3212 2618 3509 2687 Ἀγνοῆται
3541 2620 3633 2672 καὶ
3655 2618 3786 2671 Θεο-

2216 2715 2499 2780 πασχῑται,
2533 2712 2841 2765 Ἰακωϐἰταί
2872 2729 2951 2776 τε,
3002 2717 3098 2766 καὶ
3128 2711 3427 2782 Ἀρμένιοι,
3462 2712 3556 2765 καὶ
3607 2714 3784 2784 Σευη-

2217 2808 2385 2873 ρῖται,
2419 2805 2514 2857 καὶ
2548 2803 3045 2873 Ἀφθαρτοδοκῆται
3080 2804 3187 2857 ἀπὸ
3231 2804 3518 2857 ’Ῑουλιανοῦ
3553 2804 3648 2857 τοῦ
3690 2805 3783 2859 Ἀ-

2216 2896 2591 2963 λικαρνασέως
2614 2895 2913 2964 ἀρξάμενοι
2936 2911 2949 2924 ’
2981 2895 3038 2958 ὃς
3062 2896 3280 2947 κτιστδν
3308 2896 3407 2964 μὲν
3433 2892 3571 2949 εἶναι
3601 2896 3662 2949 τὸ
3684 2896 3781 2950 τοῦ

538 2980 685 3047 quod
714 2978 820 3032 sibi
851 2979 1026 3030 visum
1055 2986 1225 3042 esset,
1255 2976 1378 3030 ﬁdei
1405 2977 1671 3031 insertum
1697 2978 1889 3041 voluit,
1922 2994 2111 3046 quam-

2222 2989 2431 3057 Κυρίου
2467 2988 2792 3057 ἐδογμάτιζε
2826 2989 2989 3060 σῶμα
3012 3004 3029 3022 ⁸
3064 2990 3124 3056 ἐξ
3161 2990 3329 3057 αὐτῆς
3363 2991 3419 3042 δὲ
3465 2990 3787 3061 συλλήψεως

540 3070 775 3139 plurima
820 3068 1157 3123 defectorum
1199 3076 1256 3121 et
1302 3068 1684 3123 haereticorum
1724 3072 1881 3125 turba
1918 3081 2108 3125 exorta

540 3172 625 3216 cst
658 3178 672 3216 :
710 3161 1129 3224 Tritbeitarum,
1176 3163 1569 3230 Agnoetarum,
1596 3162 2105 3230 TbeOpaseitarum,

540 3255 945 3317 Jacobitarum,
971 3253 1381 3319 Armeniorum,
1434 3253 1828 3319 Sereritarum,
1864 3262 1919 3307 et
1961 3254 2111 3323 Aph-

545 3346 1077 3409 tbartodocitarum,
1134 3344 1292 3399 initio
1335 3361 1363 3398 a
1413 3343 1630 3399 Juliano
1682 3345 2111 3401 lialicarnassaeo

541 3448 765 3507 sumpto
795 3455 808 3491 :
841 3438 937 3500 qui
978 3445 1223 3491 creatum
1259 3436 1481 3506 quidem
1515 3438 1726 3491 Domini
1760 3453 1957 3508 corpus
1989 3454 2112 3494 esse

544 3530 803 3598 opinatus
841 3538 947 3593 est,
982 3529 1077 3582 sed
1118 3528 1261 3581 idem
1295 3528 1363 3581 ab
1394 3528 1513 3596 ipsa
1543 3530 1901 3598 conceptione
1935 3529 2116 3583 incor-

548 3622 809 3690 ruptibile
868 3636 990 3675 esse
1042 3620 1248 3675 docuit.
1298 3619 1505 3675 [lorum
1558 3621 1865 3689 cohortem,
1900 3621 1993 3691 qui
2034 3621 2117 3676 eis

547 3713 821 3768 adversati
858 3725 1005 3775 sunt,
1044 3712 1454 3766 Phantasiastas
1489 3722 1546 3767 et
1585 3712 1914 3767 Manichaeos
1957 3727 2120 3766 voea-

550 3806 1192 3873 rnntzqucmadmoduin
1227 3815 1282 3858 et
1304 3805 1379 3859 illi
1418 3795 1609 3859 rursus
1644 3805 1744 3859 bos
1773 3806 2120 3860 Pbtliartola-

554 3906 667 3950 tras
696 3906 751 3950 et
780 3896 1126 3950 Scenolatras
1152 3896 1526 3950 nominarunt.
1554 3897 1685 3966 Ejus
1712 3897 1928 3966 generis
1952 3899 2120 3951 haere-

551 3988 730 4052 sibus,
778 3996 836 4041 et
890 3988 1155 4041 Severitis
1210 3987 1465 4051 maxime,
1516 3988 1773 4042 Ecclesia:
1825 3988 2118 4045 admodum

553 4079 961 4149 ingruentibus,
997 4078 1461 4133 Chalcedonensis
1509 4094 1727 4148 quoque
1778 4081 1971 4149 synodi
2020 4097 2122 4135 no-

556 4170 707 4222 mine
758 4184 967 4238 presso,
1008 4182 1267 4237 perquam
1323 4168 1485 4239 longo
1532 4182 1779 4239 tempore
1814 4173 2014 4240 jactala
2058 4185 2123 4226 ea

553 4270 659 4321 est,
698 4269 754 4314 ct
793 4260 1083 4328 exagitata.
1118 4257 1273 4314 Unde
1317 4259 1507 4330 ingens
1540 4260 1632 4314 diu
1669 4260 1867 4315 seditio
1901 4273 1958 4316 et
1992 4278 2125 4317 con-

2214 3082 2489 3150 ἄφθαρτον
2510 3083 2814 3150 γεγονέναι.
2844 3075 2947 3135 Ὧν
2964 3083 3024 3134 τὸ
3042 3080 3330 3149 σύνταγμα
3359 3082 3409 3134 οἱ
3432 3082 3500 3135 δι’
3532 3085 3787 3146 ἐναντίας

2214 3172 2621 3233 Φαντασιαστάς
2644 3172 2740 3224 καὶ
2767 3172 3103 3241 Μανιχαίους
3131 3170 3359 3223 ἐκάλουν
3378 3186 3394 3202 ο
3430 3168 3616 3239 ὥσπερ
3641 3172 3787 3223 ἐκεί·-

2214 3281 2338 3327 νους
2361 3264 2505 3318 οὗτοι
2526 3264 2686 3318 πάλιν
2704 3263 3120 3333 Φθαρτολάτρας
3142 3265 3237 3315 καὶ
3262 3262 3535 3332 Σκηνσλάτ
3543 3280 3642 3332 ρας
3657 3262 3790 3315 ὼνόο

2222 3356 2412 3427 μαξον.
2430 3350 2529 3411 Ὧν
2551 3358 2684 3429 δῆτα
2710 3358 2976 3429 αἱρέσεων
3003 3358 3096 3411 καὶ
3129 3357 3364 3425 μαλιστα
3392 3358 3501 3411 τῶν
3527 3357 3655 3428 ἄχρι
3692 3359 3788 3411 καὶ

2221 3448 2386 3501 αὐτοῦ
2413 3449 2654 3519 Σευήρου
2688 3449 2895 3519 σφόδρα
2936 3453 3002 3517 τῇ
3062 3447 3365 3519 Ἐκκλησία
3391 3449 3787 3516 ἐπικειμένων,

2222 3539 2315 3591 καὶ
2331 3540 2364 3603 ή
2390 3541 2445 3591 ἐν
2460 3539 2762 3609 Χαλκηδόνι
2782 3538 2994 3600 σύνοδος
3010 3538 3154 3607 ἀμνη
3166 3539 3419 3607 μόνευτος
3439 3538 3788 3591 ἐπιπλεῖστον

2221 3629 2416 3699 χρόνου
2438 3630 2676 3700 διέμεινε
2715 3629 3050 3699 κλονουμένη
3078 3630 3172 3682 καὶ
3207 3630 3619 3699 μεταφερομένη
3646 3645 3662 3660 ·
3688 3632 3787 3684 καὶ

2226 3720 2392 3789 πολλή
2428 3737 2511 3782 τις
2544 3721 2791 3773 ἐντεῦθεν
2822 3721 3010 3783 στάσις
3046 3720 3140 3774 καὶ
3168 3720 3435 3789 σύγχυσις
3461 3721 3552 3773 ἐπὶ
3577 3720 3793 3790 μακρὸν

2221 3815 2290 3881 τῇ
2341 3812 2639 3882 Ἐκκλησία
2689 3811 3077 3884 ἁνερῤιπίσθη.
3132 3812 3215 3864 Τὰ
3261 3812 3370 3881 γὰρ
3422 3810 3598 3881 πλήθη
3652 3813 3794 3881 πρὸς

2227 3908 2347 3967 ταῖς
2380 3904 2623 3972 κιγκλίσι
2660 3904 2768 3956 τῶν
2821 3903 3226 3974 θυσιαστηρίων
3257 3904 3553 3972 ἱστάμενοι,
3605 3903 3795 3956 παίειν

2231 3997 2491 4065 ἠπείλουν
2531 3996 2626 4048 καὶ
2657 3995 2869 4063 ἀτίμως
2901 3995 3012 4048 τῶν
3037 3996 3198 4064 ἱερῶν
3224 3994 3525 4065 περιϐόλων
3552 3994 3678 4056 τοὺς
3714 3996 3797 4046 ἱε-

2235 4091 2347 4159 ρεῖς
2398 4087 2641 4151 ἐξωθεῖν,
2694 4087 2810 4154 είγε
2870 4086 3065 4156 μνείαν
3113 4103 3218 4138 που
3251 4087 3346 4154 τῆς
3382 4086 3438 4138 ἐν
3491 4085 3799 4155 Χαλκηδόνι

2236 4180 2456 4233 συνόδου
2496 4180 2671 4231 ποιεῖν
2722 4180 2946 4242 ἕλοιντο,
2995 4178 3096 4231 κάν
3143 4179 3253 4240 τοῖς
3305 4179 3469 4247 ἱεροῖς
3516 4177 3802 4246 διπτύχοις

2235 4269 2436 4339 ταύτης
2472 4268 2835 4339 καταγραφὴν
2862 4268 2958 4321 καὶ
2993 4268 3304 4338 ἐκφὼν,ησιν
3340 4268 3445 4321 τῶν
3479 4267 3801 4336 ἐκθεμένων

555 4356 701 4409 fusio
742 4355 794 4407 in
844 4355 1088 4413 Ecclesia
1139 4356 1369 4410 exstitit.
1424 4356 1543 4426 Ipsa
1589 4357 2023 4426 natnquelplcbs
2062 4374 2111 4413 at

2233 4361 2437 4428 ταύτην
2475 4360 2639 4413 θείων
2679 4359 2961 4429 Πατέρων.
3011 4363 3070 4412 υἱ
3106 4361 3150 4411 δ’
3192 4361 3351 4413 αὐτοὶ
3399 4362 3495 4413 καὶ
3534 4360 3803 4427 πλείστην

558 4448 849 4502 sanctioris
907 4446 1095 4501 altaris
1152 4448 1425 4503 cancellos
1484 4451 1788 4515 assistens,
1845 4450 2015 4519 plagis
2069 4465 2128 4505 sc

554 4541 934 4603 multaturani,
970 4550 1025 4593 et
1065 4556 1190 4594 cum
1239 4540 1539 4610 ignominia
1581 4558 1646 4596 ex
1696 4542 1867 4597 sacris
1915 4543 2131 4611 templis

558 4632 873 4686 sacerdotes
922 4632 1224 4702 cjecturam
1275 4634 1604 4689 comminata
1650 4644 1756 4698 est,
1788 4634 1966 4689 sicubi
2013 4636 2131 4705 ejus

551 4725 750 4795 synodi
801 4725 1136 4779 mentionem
1189 4723 1413 4789 inferre,
1450 4734 1546 4780 aut
1594 4740 1713 4780 eam
1768 4727 2133 4781 sacrosanctis

550 4816 836 4888 diptycbis
867 4812 1215 4878 'iuscribere,
1251 4831 1513 4871 eorumve
1557 4817 1779 4871 nomina
1821 4805 2133 4873 divinorum

564 4910 808 4974 Patrum,
848 4909 938 4978 qui
984 4909 1201 4962 decreta
1246 4908 1365 4977 ejus
1409 4908 1845 4977 promulgarunt,
1887 4908 2135 4978 proferre

562 5002 682 5055 ausi
721 5001 975 5055 fuissent.
1011 5000 1104 5054 lsti
1139 4999 1243 5069 ipsi
1273 4999 1437 5053 etiam
1468 4999 1707 5052 maximo
1734 5000 2138 5055 contenderunt

556 5108 754 5162 Opere.
806 5100 862 5143 ut
916 5107 1132 5145 sacrum
1182 5090 1321 5160 ejus,
1371 5092 1465 5159 qui
1517 5090 1573 5145 in
1624 5094 1823 5147 sanctis
1874 5103 1977 5157 est,
2025 5094 2137 5147 divi

560 5187 770 5239 Leonis
797 5185 999 5239 veteris
1032 5184 1217 5237 Romae
1249 5183 1494 5253 episcopi
1539 5192 1768 5248 tomum,
1799 5200 1962 5254 quem
1996 5200 2138 5240 verae

561 5276 791 5347 pietatis
824 5275 1056 5329 studiosi
1093 5275 1196 5329 rite
1226 5276 1535 5329 columnam
1576 5275 1918 5331 orthodoxie
1952 5287 2143 5331 recta:-

558 5382 677 5436 que
701 5367 987 5421 sententia
1017 5367 1397 5432 nominarunt,
1427 5366 1704 5431 tollerent,
1731 5367 1876 5436 quod
1906 5369 1951 5423 is
1980 5384 2143 5439 syno-

560 5459 702 5512 dum
741 5474 861 5512 eam
911 5459 1139 5512 ﬁrmiter
1172 5459 1411 5513 fulciret.
1443 5458 1675 5512 Tomum
1705 5475 1830 5514 cum
1859 5460 2141 5516 divinissi-

566 5566 696 5604 suus
727 5550 1128 5605 Alexandrinus
1160 5566 1295 5619 papa
1324 5551 1588 5621 Eulogius
1617 5563 1802 5621 pOSIea
1833 5568 1862 5605 a
1893 5568 1952 5609 se
1981 5569 2142 5607 enar-

574 5653 789 5710 «ratum,
814 5645 1042 5714 optime,
1068 5652 1230 5713 atque
1265 5642 1335 5698 ita
1369 5658 1613 5713 prorsus,
1643 5654 1700 5702 ut
1728 5644 1969 5712 oportuit
1995 5662 2143 5700 coni—

2231 4452 2465 4520 πάμπαν
2496 4451 2719 4519 είσῆγον
2765 4450 3020 4521 σπουδὴν,
3057 4453 3152 4505 καὶ
3188 4451 3280 4504 τὸν
3324 4450 3466 4505 θεῖον
3495 4451 3676 4519 Τόμον
3705 4449 3803 4503 τοῦ

2232 4544 2288 4595 ἐν
2312 4544 2489 4610 ἁγίοις
2518 4543 2666 4612 ἱεροῦ
2691 4543 2919 4607 Λέοντος
2952 4544 3044 4596 τοῦ
3066 4543 3166 4611 τῆς
3192 4540 3807 4612 πρεσδυτέραςῬώμης

2234 4636 2557 4706 ἀρχιερέως,
2593 4635 2660 4704 ἣν
2690 4635 2895 4704 στήλην
2924 4633 3237 4704 όρθοδοξίας
3259 4636 3309 4688 οί
3333 4633 3688 4695 εὐσεϐοῦντες
3717 4636 3810 4685 ἐν-

2235 4727 2400 4790 δίκως
2453 4710 2766 4796 ὠνόμασαν,
2803 4726 3133 4795 ἀνατρέπειν
3178 4724 3241 4777 τῦ
3293 4725 3458 4795 μάλα,
3488 4726 3562 4787 ὡς
3593 4725 3810 4794 σφόδρα

2235 4819 2333 4888 τὴν
2363 4819 2578 4873 σύνοδον
2626 4819 2998 4889 ἐπερείδοντα.
3036 4819 3136 4870 ’ον
3166 4818 3302 4885 δῆτα
3331 4819 3427 4869 καὶ
3470 4819 3498 4870 ό
3528 4816 3811 4881 θειότατος

2240 4913 2471 4975 πάππας
2507 4910 2911 4980 Ἀλεξανδρείας
2936 4911 3190 4978 Εύλόγιος
3213 4911 3623 4981 ἐξηγησάμενος
3646 4909 3815 4963 ὕστε-

2242 5022 2356 5073 ρον,
2383 5006 2581 5073 ἄριστα.
2616 5006 2711 5058 καὶ
2734 5004 2810 5065 ὡς
2840 5001 3020 5071 χρεὼν
3049 5002 3373 5068 συγκεῖσθαι
3400 5001 3586 5055 τοῦτον
3620 5002 3814 5070 σαφῶς

2242 5099 2603 5165 ἀπεφήνατο·
2658 5095 2718 5158 ὃς
2768 5097 2863 5147 καὶ
2905 5094 3068 5166 ἕτερα
3117 5094 3347 5147 πλεῖστα
3396 5094 3818 5164 συγγράμματα.

2240 5191 2403 5255 λόγου
2435 5190 2530 5242 καὶ
2568 5190 2792 5258 μνήμης
2837 5189 2961 5253 ἄξια
2992 5191 3056 5257 τῇ
3104 5187 3404 5259 Ἐκκλησία
3435 5185 3671 5255 Χριστοῦ
3711 5203 3819 5238 κα-

2240 5279 2580 5335 ταλέλοιπεν,
2633 5280 2789 5333 Μιτὰ
2827 5278 2883 5331 δὲ
2917 5279 3105 5332 τοῦτον
3142 5280 3320 5349 χρόνῳ
3356 5279 3536 5349 πολλῷ
3578 5277 3816 5349 ὕστερον

2247 5375 2341 5427 καὶ
2375 5376 2404 5425 ὁ
2434 5374 2531 5442 τῆς
2567 5373 2844 5442 Ἀντιόχου
2898 5373 3162 5442 προέδρος
3200 5375 3227 5425 ό
3254 5375 3324 5425 ἐκ
3369 5374 3582 5428 Σιναίου
3606 5371 3816 5441 δηλαδὴ

2259 5466 2632 5530 ’Λναστάσιος,
2674 5467 2926 5518 πλεῖστον
2972 5468 3066 5519 καὶ
3104 5463 3257 5530 οὗτος
3294 5468 3435 5536 ὑπὲρ
3456 5468 3553 5536 τῆς
3583 5468 3750 5534 ἁγίας
3773 5468 3845 5520 δ’.

2249 5555 2466 5607 συνόδου
2495 5554 2915 5623 διαμαχόμενος,
2950 5556 3045 5609 atat
3088 5558 3258 5618 πολὺς
3288 5559 3426 5610 κατά
3459 5556 3528 5609 τὰ
3554 5557 3663 5608 τῶν
3710 5556 3822 5608 Μο-

2250 5645 2553 5715 νοφυσιτῶν
2598 5648 2689 5699 καὶ
2742 5646 3060 5716 Ἀκεφάλων
3122 5648 3282 5716 ῥέων,
3337 5649 3469 5700 πᾶσι
3527 5648 3705 5715 λόγοις
3758 5646 3822 5697 τὸ
