4100 6216
288 290 378 356 HI
1162 285 1767 349 ECCLESIASTICJS
1804 288 2195 348 IIISTURIE
2238 289 2388 350 LIB.
2433 289 2654 351 XVIII.

3459 287 3566 349 422

286 409 518 480 στερρὸν
559 407 768 478 ἔχουσι,
823 406 1217 477 ἁδαμαντίναις
1269 405 1461 467 πέδαις
1515 406 1875 475 παρίστησιν,

1987 406 2226 475 positum
2268 421 2408 474 esse,
2445 407 2669 461 disertis
2711 405 2897 460 verbis
2936 403 3316 475 pronuntiavit
3353 421 3367 458 :
3404 403 3575 474 870

281 501 354 560 ὡς
391 503 597 571 ἄριστά
630 519 695 571 γε
748 503 844 555 καὶ
899 500 1213 572 ὀρθοδοξίας
1267 499 1490 570 ἔμπλεω
1539 500 1744 568 ταύτην
1785 500 1878 552 ἐπὶ

284 597 456 646 πᾶσιν
488 595 694 664 ὁρίσαι,
724 595 912 665 πλήρη
955 611 1013 646 τε
1051 593 1364 653 θεοσεϐείας
1410 588 1645 646 εἶναιτὰ
1671 591 1876 661 ταύτης

287 686 578 758 συνίστησι
630 689 904 756 δόγματα.
938 686 1006 741 Οἵ
1047 687 1108 754 γέ
1163 687 1268 754 μὴν
1317 687 1446 752 περὶ
1488 685 1878 755 Διόσκορόν”τε

283 781 381 832 καὶ
417 780 602 844 Γάϊον,
629 783 725 834 καὶ
758 779 849 832 τὸν
883 783 984 848 τῆς
1024 779 1306 848 Ἀντιόχου
1345 778 1605 848 Σευῆρον,
1652 777 1788 848 πρὸς
1822 777 1878 831 δὲ

284 874 380 925 καὶ
436 872 717 934 Ἰάκωϐον,
775 873 872 925 καὶ
921 873 1010 925 τὶν
1060 870 1453 940 γραμματικὸν
1503 871 1780 940 Ἰωάννην,
1821 871 1879 934 ὃς

288 964 571 1034 ἐπεκλήθη
605 965 923 1031 Φιλὸπονος,
957 967 1048 1018 τὸν
1079 965 1172 1018 καὶ
1207 964 1435 1017 πλεῖστα
1464 964 1877 1034 συγγράμματα

283 1056 530 1127 δυσχερῆ
570 1073 630 1108 τε
671 1057 766 1108 καὶ
833 1055 1232 1122 δυσεξέλεγκτα
1279 1056 1420 1108 κατά
1468 1056 1566 1125 τῆς
1619 1055 1880 1126 τοιαύτης

285 1148 648 1218 ἐξενηνοχότα
682 1149 924 1211 συνόδου,
963 1149 1367 1216 ἐναντιούμενοι
1389 1149 1453 1216 τῇ
1493 1147 1717 1212 συνόδῳ,
1749 1150 1879 1210 μίαν

295 1245 395 1312 μὲν
420 1244 605 1311 φύσιν,
634 1242 728 1296 δύο
751 1244 804 1296 δὲ
833 1243 1161 1304 ὑποστάσεις
1192 1241 1536 1293 ἀσεϐέστατα
1573 1239 1879 1307 γράφοντες

287 1334 687 1404 ἐδογμάτιζον·
729 1336 824 1386 καὶ
870 1335 1074 1402 μᾶλλον
1102 1333 1344 1402 Σευῆρος
1383 1333 1563 1402 βίϐλον
1591 1334 1722 1401 ὃλην
1764 1333 1882 1386 ἐνέ-

289 1445 512 1481 ταττεν.
543 1427 688 1498 Πλὴν
729 1428 823 1480 καὶ
852 1419 998 1479 οὗτοι
1027 1428 1136 1478 τῶν
1168 1426 1384 1478 οίκείων
1417 1418 1620 1494 βίϐλων
1653 1423 1875 1495 ἐνιαχοῦ

283 1520 380 1574 δύο
437 1521 631 1587 φύσεις
685 1517 1111 1588 ἀνομολογοῦσιν
1155 1517 1249 1569 ἐπὶ
1305 1516 1585 1586 Χριστοῦ·
1639 1518 1775 1585 ὅπερ
1829 1518 1879 1570 οἱ

286 1613 480 1664 πολλοὶ
511 1614 587 1682 μὴ
630 1610 993 1683 ἀκριϐοῦντες
1023 1610 1245 1671 εὐσεῦὲς
1272 1610 1430 1678 δῆθεν
1461 1609 1744 1679 ᾠήθησαν,
1781 1610 1877 1662 καὶ

287 1705 491 1775 τρόπον
526 1706 711 1774 ἕτερον
745 1705 826 1766 εἰς
860 1702 961 1774 τὴν
987 1701 1218 1756 ἐκείνων
1250 1701 1505 1754 ἀσέϐειαν
1537 1701 1877 1771 κατηνέχθη-

291 1816 414 1852 σαν.
451 1798 564 1851 Καὶ
580 1797 752 1850 ταῦτα
786 1797 886 1868 μὲν
910 1795 1208 1866 ἐπεκράτει
1233 1793 1360 1864 ἄχρι
1400 1796 1494 1847 καὶ
1523 1793 1623 1860 τῆς
1654 1794 1880 1847 Ἰουστι-

290 1889 483 1944 νιανοῦ
510 1891 869 1961 ἀναρρήσεως
892 1902 909 1920 ⁸
929 1889 1139 1942 ἐκείνου
1160 1886 1216 1938 δέ
1240 1887 1306 1940 τὰ
1332 1887 1587 1956 σκῆπτρα
1619 1887 1882 1952 γενναίως

285 1977 671 2045 ἀνειληφότος,
708 1978 756 2030 οἱ
807 1976 915 2030 τῶν
960 1975 1227 2046 αίρέσεων
1286 1975 1495 2029 τούτων
1549 1977 1876 2046 προστάται,

282 2068 414 2137 ἄχρι
447 2068 513 2137 δὴ
550 2069 644 2120 καὶ
677 2069 951 2138 Σευήρου,
987 2069 1086 2120 ὅσα
1118 2068 1180 2136 δὴ
1216 2067 1309 2120 καὶ
1346 2067 1594 2121 κνώδαλα
1645 2070 1723 2131 εἰς
1777 2086 1880 2138 χη-

288 2164 503 2230 ραμοῦς
533 2164 628 2214 καὶ
649 2162 976 2224 καταδύσεις
1003 2163 1099 2225 τὰς
1123 2163 1333 2215 ἐαυτῶν
1363 2161 1644 2233 διατριϐὰς
1671 2162 1877 2224 ἔθεντο,

279 2254 383 2313 τῆς
418 2249 584 2317 ἁγίας
614 2255 653 2302 ε’
687 2251 908 2302 συνόδου
943 2251 1051 2304 τῶν
1099 2249 1207 2319 ρξε’
1251 2249 1422 2316 ἁγίων
1473 2250 1734 2318 Πατὲρων
1785 2250 1878 2302 ὑπ’

284 2343 503 2395 ἐκείνου
537 2345 1044 2414 συγκροτηθείσης’
1095 2344 1201 2396 κᾶν
1248 2345 1344 2394 καὶ
1371 2336 1527 2404 οὗτος
1566 2343 1622 2404 ἐς
1651 2342 1878 2411 ὕστερον

286 2432 541 2501 Τελχῖνος
577 2434 852 2504 βασκανίᾳ
901 2435 1047 2496 τινος
1093 2438 1157 2502 τῇ
1207 2433 1315 2486 τῶν
1348 2431 1877 2501 Ἀφθαρτοδοκητῶν

283 2519 572 2587 κατάκρας
631 2521 775 2573 ἑάλω
807 2522 1018 2591 αἱρέσει
1068 2522 1162 2574 τοῦ
1216 2521 1404 2584 εὐθέος
1448 2521 1873 2590 παρατραπείς’

281 2612 478 2680 ὥσπερ
511 2628 601 2681 μοι
635 2613 692 2665 ἐν
723 2611 801 2682 τῷ
842 2612 946 2680 πρὸ
973 2611 1167 2665 τούτου
1199 2612 1351 2682 τὸμῳ
1403 2610 1738 2680 διείληπται.
1775 2604 1876 2664 ’Ὧν

282 2705 350 2773 δὴ
391 2703 600 2757 τούτων
654 2705 928 2759 πλείστων
975 2706 1245 2775 αἱρέσεων
1291 2705 1390 2767 τὰς
1444 2703 1583 2774 πρὸς
1637 2701 1876 2774 ἀλλήλας

285 2796 573 2863 ἐπιμιξίας
601 2799 693 2850 καὶ
721 2797 1018 2867 διαιρέσεις
1044 2798 1276 2866 καθεξῆς
1303 2796 1662 2866 διαλήψομαι.

1982 497 2074 565 qui
2114 497 2216 550 alia
2250 513 2466 566 quoque
2497 498 2667 551 multa
2707 498 2914 567 scripta
2943 496 3087 551 lectu
3123 495 3286 567 digna
3314 496 3574 551 Ecclesia:

1979 586 2189 642 Christi
2231 588 2478 656 reliquit.
2520 589 2648 642 Post
2693 589 2843 643 hunc
2881 587 3072 642 itidem
3114 588 3398 655 aliquanto
3436 597 3574 642 tem-

1982 693 2115 746 pore
2161 688 2287 747 post
2336 679 2720 733 Antiochenus
2767 679 2997 733 antistes
3032 679 3358 733 Anastasius
3396 678 3575 733 Sinai-

1981 779 2087 831 tes.
2129 770 2222 839 qui
2277 780 2332 823 et
2379 773 2495 838 ipse
2545 779 2790 824 sanetam
2838 781 3087 840 quartam
3134 771 3401 842 synodum
3450 786 3576 840 pro-

1983 879 2251 932 pugnans,
2298 865 2776 918 lucubrationibus
2831 867 2947 917 suis
2998 863 3332 918 ﬁrmissimis
3381 863 3572 918 Mono-

1985 957 2233 1026 pliysitas
2285 965 2342 1010 et
2403 957 2712 1025 Aeeplialos
2767 957 3067 1020 rel'utavit,
3122 965 3172 1010 et
3233 955 3573 1026 argumentis

1981 1050 2308 1103 certissimis
2366 1051 2658 1118 probavit,
2719 1066 2846 1104 eum
2908 1050 3108 1103 librum
3176 1049 3569 1104 orthodoxiam

1982 1139 2290 1193 rectissime
2342 1141 2789 1210 plcnissimcque‘
2816 1142 2867 1193 in
2907 1141 3165 1194 omnibus
3208 1141 3432 1204 docere,
3465 1141 3569 1194 do-

1981 1245 2270 1303 gmataque
2295 1236 2413 1304 ejus
2439 1251 2564 1287 vera
2595 1235 2796 1303 pietate
2820 1235 3178 1288 refertissima
3206 1250 3348 1288 esse.
3385 1235 3572 1286 Enim-

1982 1339 2113 1378 vero
2148 1326 2464 1389 Dioscorus,
2498 1337 2551 1380 et
2589 1326 2778 1386 Gaius,
2813 1334 2866 1379 et
2899 1325 3273 1379 Antiochenus
3309 1324 3570 1387 Severus,

1981 1416 2222 1470 Jacobus
2255 1417 2410 1482 item,
2442 1427 2497 1472 et
2525 1418 2768 1472 Joannes
2798 1417 3202 1471 Grammaticus
3232 1416 3572 1482 Philoponus

1982 1508 2410 1576 cognominatus
2442 1508 2554 1576 (qui
2587 1508 2755 1561 libros
2789 1507 2976 1576 plures
3016 1506 3283 1567 dilliciles,
3317 1520 3457 1572 quos
3490 1517 3574 1556 re-

1982 1596 2174 1652 fellere
2227 1613 2335 1651 non
2388 1597 2459 1651 ita
2516 1609 2833 1668 promptum
2887 1600 2996 1661 sit,
3047 1606 3238 1652 contra
3295 1597 3566 1666 synodum

1984 1701 2239 1759 quartam
2273 1691 2467 1757 edidit)
2523 1706 2643 1744 eam
2704 1691 2873 1758 ipsam
2935 1689 3202 1760 synodum
3253 1704 3575 1758 oppugnan-

1988 1791 2098 1848 tes,
2146 1798 2310 1834 nnam
2356 1782 2581 1851 quidem
2632 1792 2920 1844 naturam,
2973 1781 3112 1835 duas
3161 1796 3344 1834 amem
3395 1778 3577 1834 subsi-

1988 1874 2236 1939 stentias,
2269 1891 2366 1944 per
2399 1890 2666 1930 sumtnam
2708 1875 3070 1944 impietatem,
3106 1874 3159 1928 in
3191 1874 3411 1929 Christo
3449 1887 3573 1926 esse

1988 1966 2336 2036 scripserunt
2377 1977 2433 2022 et
2462 1969 2775 2022 docuerunt
2810 1986 2822 2022 :
2857 1968 3204 2036 potissimmn
3239 1983 3370 2021 vero
3403 1967 3573 2022 Seve-

1990 2075 2106 2124 rus,
2150 2060 2244 2128 qui
2299 2060 2500 2114 librum
2557 2061 2830 2130 integrum
2885 2062 2951 2113 de
3003 2077 3064 2114 ea
3122 2077 3179 2114 re
3236 2063 3566 2131 composuit.

1987 2152 2188 2208 Verum
2238 2163 2293 2207 et
2339 2155 2440 2224 ipsi
2484 2154 2538 2207 in
2574 2155 2735 2208 libris
2783 2155 2900 2208 suis
2941 2156 3146 2209 alicubi
3183 2169 3406 2211 naturas
3434 2155 3572 2210 duas

1989 2245 2042 2297 in
2079 2245 2301 2300 Christo
2350 2248 2707 2316 profitentur:
2753 2250 2897 2316 quod
2945 2265 3074 2302 sane
3127 2249 3282 2302 multi
3335 2265 3442 2302 non
3498 2249 3572 2303 ita

1986 2348 2244 2393 accurate
2273 2338 2656 2402 observantes,
2688 2351 2896 2394 rectum
2932 2328 3194 2409 piumque
3223 2356 3344 2394 esse
3375 2343 3574 2395 existi-

1987 2439 2302 2495 maverunt,
2332 2440 2388 2484 et
2418 2431 2526 2485 alio
2555 2431 2756 2485 deinde
2790 2433 2952 2485 modo
2981 2432 3034 2485 in
3072 2431 3288 2485 illorum
3321 2434 3574 2502 impieta-

1987 2533 2096 2576 tem
2139 2531 2270 2576 sunt
2311 2522 2558 2577 adducti.
2591 2524 2770 2592 Atque
2803 2524 2920 2578 haec
2947 2521 3168 2592 quidem
3202 2521 3282 2576 sic
3309 2524 3573 2578 obtinue-

1985 2623 2147 2678 runt,
2191 2616 2556 2685 quoadusque
2601 2615 2949 2670 Justinianus
2995 2623 3081 2669 est
3134 2614 3436 2685 imperator
3486 2631 3572 2670 re-

1985 2707 2296 2762 nuntiatus.
2355 2708 2655 2778 Postquam
2709 2723 2840 2763 vero
2896 2709 2940 2762 is
2992 2716 3209 2778 sceptra
3263 2709 3570 2778 imperialia

1985 2799 2219 2869 accepit,
2251 2815 2595 2869 quaecunque
2635 2800 2898 2854 exstitere
2942 2799 3159 2865 bellum,
3195 2801 3248 2854 in
3287 2815 3484 2869 specus
3514 2808 3570 2854 et

286 2893 515 2948 latibula
552 2910 648 2948 sua
691 2896 973 2950 contulere
1013 2896 1396 2950 conventicula
1436 2913 1448 2949 :
1485 2909 1608 2949 cum
1649 2894 1738 2948 ille
1782 2909 1994 2949 sacram
2063 2895 2310 2964 quintam
2378 2899 2645 2964 synodum
2718 2906 2940 2951 centum
3009 2898 3292 2968 sexaginta
3324 2897 3570 2967 quinque

287 2996 610 3040 sanctorum
679 2988 900 3044 Patrum
967 2990 1258 3057 coegisset.
1319 2989 1582 3056 Quamvis
1641 2997 1698 3043 et
1760 2988 1879 3058 ipse
1919 2988 2263 3045 Justinianus
2336 3003 2522 3060 postea
2571 2991 2918 3062 intemperiis
2969 2991 3320 3046 fascinatoris
3386 2994 3571 3062 cujus-

288 3087 435 3153 p’am
475 3085 528 3138 in
565 3085 1182 3156 Aplitliariodocitarum
1225 3085 1472 3142 haeresim
1516 3087 1869 3141 transversim
1937 3099 2148 3156 raptus.
2180 3106 2210 3142 a
2254 3103 2401 3144 recta
2453 3090 2726 3143 aberrarit
2762 3090 2844 3143 via
2876 3106 2891 3144 :
2928 3089 3090 3145 sicuti
3121 3106 3150 3143 a
3183 3105 3268 3144 me
3301 3091 3354 3144 in
3387 3089 3574 3160 proxi-

289 3193 382 3230 mo
427 3176 570 3231 libro
628 3188 711 3232 cst
748 3181 976 3233 dictum.
1037 3180 1309 3235 Caeterum
1356 3179 1723 3250 plurimarum
1764 3181 1993 3235 istarum
2056 3181 2329 3237 luerosum
2391 3182 2834 3237 coniniistionem
2905 3181 3070 3237 simul
3127 3192 3184 3236 et
3242 3182 3570 3238 divisionem

288 3273 554 3345 deinceps
586 3291 878 3345 exponam.

861 3395 1111 3448 ΚΕΦΑΔ.
1158 3393 1307 3463 iuq'.

295 3484 425 3559 Ἰέτι
450 3485 583 3559 περὶ
613 3484 734 3559 τῶν
762 3486 1224 3554 Μονοριεισιτῶν,
1260 3489 1350 3542 ὅτι
1389 3489 1712 3558 σφαλερῶς
1739 3494 1875 3559 περὶ

291 3553 400 3621 τῆς
432 3557 538 3609 τοῦ
585 3557 734 3611 Θεοῦ
767 3553 962 3627 Λόγου
995 3559 1358 3627 σαρκώσεως
1415 3553 1872 3632 δογμάτιζουᾰι.

376 3715 540 3769 Ἀλλὰ
569 3717 784 3771 τίποτέ
839 3719 956 3772 ἐστι
1005 3719 1066 3772 τὸ
1101 3719 1252 3788 παρὰ
1302 3721 1413 3775 τῶν
1474 3723 1876 3792 Μονοφυσιτῶν

289 3808 678 3879 δοξαζόμενον,
703 3805 778 3864 ὧν
801 3811 877 3874 ὡς
925 3812 1032 3865 ἀπὺ
1059 3814 1327 3884 κακίστης
1361 3812 1520 3886 ῥίζης
1551 3819 1610 3870 αί
1650 3817 1878 3886 είρημέ-

288 3921 380 3955 ναι
438 3904 680 3972 αἱρέσεις
731 3903 1072 3975 ἐϐλάστησαν
1123 3903 1312 3977 ὥσπερ
1362 3907 1556 3976 κρίκος
1618 3907 1876 3978 ἀλλήλοις

289 3998 578 4065 ἐχόμεναι,
610 3998 712 4067 ἤδη
747 3997 876 4068 ἐρῶ.
909 3997 1080 4051 Ὅταν
1119 3997 1219 4068 μὲν
1248 3997 1356 4068 γὰρ
1386 4000 1484 4062 τὰς
1517 3998 1875 4063 συνελθούσας

288 4092 369 4159 τῷ
401 4088 520 4160 Θεῷ
551 4090 741 4158 φύσεις
774 4091 1015 4160 ἑκάστην
1037 4090 1160 4144 καθ’
1187 4091 1384 4154 ἑαυτὰς
1407 4091 1763 4163 διαστήσωσι,
1784 4093 1878 4146 δύο

289 4182 497 4246 ταύτας
516 4183 943 4252 ἁνομολογοῦσιν
973 4183 1441 4254 ἀναγκαζόμενοι,
1461 4186 1591 4240 ὅταν
1612 4187 1669 4239 δὲ
1695 4187 1875 4255 ἀμφο-

289 4281 458 4349 τέρας
494 4279 572 4342 είς
603 4279 700 4347 τὴν
751 4278 843 4331 τοῦ
883 4279 1058 4348 Λόγου
1090 4280 1335 4332 ἐνώσωσι
1364 4279 1660 4350 σάρκωσιν,
1695 4281 1754 4333 οὐ
1784 4280 1878 4336 δύο

291 4370 637 4441 ἀσυγχύτους
671 4371 1033 4435 συνελθούσας
1061 4371 1255 4440 φύσεις
1284 4373 1550 4440 τιθέασιν,
1584 4373 1719 4426 ἀλλὰ
1747 4374 1876 4444 μίαν

293 4463 461 4530 φύσιν
507 4463 792 4515 σύνθετον.
848 4463 959 4518 Καὶ
1016 4464 1124 4535 γὰρ
1175 4465 1334 4534 ἡμῶν
1391 4467 1521 4535 μίαν
1576 4466 1876 4522 ὑπόστασιν

297 4554 554 4606 σύνθετον
603 4557 896 4622 λεγόντων,
937 4558 1138 4608 ἐκεῖνοι
1190 4555 1396 4625 μᾶλλον
1442 4557 1573 4626 μίαν
1618 4557 1876 4612 σύνθετον

295 4646 462 4715 φύσιν
495 4648 858 4701 ἁντιτιθέασι.
895 4647 1002 4700 Καὶ
1049 4647 1140 4700 τὸν
1169 4646 1330 4714 λόγον
1363 4649 1463 4717 τῆς
1495 4647 1698 4712 θέσεως
1725 4652 1876 4719 σφῶν

292 4739 495 4792 οὑτωσὶ
538 4732 1098 4810 παραδειγματίζουσι
1152 4740 1428 4806 λέγοντες,
1475 4742 1558 4794 ὅτι
1611 4742 1802 4814 ὥσπερ
1850 4745 1878 4797 ὁ
1910 4778 1953 4832 D

292 4833 582 4902 ἄνθρωπος
631 4832 808 4904 ψυχὴν
839 4833 952 4902 ἔχει
982 4833 1076 4885 καὶ
1109 4834 1289 4902 σῶμα,
1329 4835 1422 4887 καὶ
1453 4835 1588 4905 ἄλλη
1633 4837 1732 4906 μὲν
1761 4837 1877 4890 ἔστι

295 4926 462 4992 φύσις
490 4926 691 4996 ψυχῆς,
728 4927 864 4992 ἄλλη
895 4927 952 4978 δὲ
983 4927 1262 4994 σώματος,
1295 4929 1348 4980 εί
1379 4944 1462 4992 τις
1495 4929 1730 4996 ἑκάστην
1754 4929 1878 4983 καθ’

292 5021 501 5088 ἑαυτὴν
533 5021 764 5089 θεωροίη
789 5033 802 5047 ⁸
835 5019 1054 5072 ἐπειδαν
1107 5018 1163 5070 δὲ
1198 5019 1551 5089 συνέλθωσιν,
1589 5025 1879 5093 ἄνθρωπον

295 5113 542 5177 ποιοῦσι,
577 5113 710 5182 μίαν
745 5110 905 5180 φύσιν
957 5111 1149 5179 ἔχοντα
1201 5111 1456 5163 σύνθετον
1479 5129 1492 5143 ο
1547 5114 1606 5164 οὺ
1643 5115 1751 5183 γὰρ
1776 5117 1879 5182 δεῖ,

295 5208 436 5278 φασὶ
485 5207 577 5259 δύο
611 5206 800 5274 φύσεις
844 5204 1025 5272 λέγειν
1055 5204 1147 5256 τὶν
1192 5202 1506 5272 ἄνθρωπον,
1539 5205 1676 5259 ἀλλὰ
1745 5208 1877 5277 μίαν

293 5300 584 5354 σύνθετο-θ’
620 5296 764 5349 οὕτω
802 5297 867 5365 δὴ
919 5298 1011 5347 καὶ
1060 5298 1152 5346 ἐπὶ
1197 5294 1289 5346 τοῦ
1331 5295 1587 5364 Σωτῆρος
1635 5298 1874 5366 Χριστοῦ

289 5395 519 5456 οἴονται,
555 5393 617 5443 ἐκ
646 5390 737 5442 δύο
773 5388 870 5458 μὲν
919 5388 1314 5456 συνεστηκέναι
1355 5387 1604 5455 φύσεωνο
1651 5392 1788 5458 μετὰ
1818 5392 1876 5444 δὲ

289 5485 394 5552 τὴν
423 5483 622 5534 ἕνωσιν
678 5482 806 5551 μίαν
835 5480 937 5541 τὰς
984 5479 1076 5531 δύο
1114 5481 1304 5547 φύσεις
1349 5478 1554 5542 ταύτας
1593 5485 1878 5548 γεγομέναι

296 5575 577 5628 συνθετον.
605 5575 786 5641 Ὀπερ
822 5574 886 5640 τῇ
935 5569 1234 5639 Ἐκκλησία
1268 5568 1612 5622 παντάπασιν
1645 5573 1882 5640 ἀποτρό-

297 5685 484 5722 παιον.
513 5668 613 5719 Διά
638 5683 720 5716 τοι
760 5665 918 5717 τοῦτο
956 5665 1048 5716 καὶ
1087 5665 1114 5714 ὁ
1151 5665 1322 5731 μέγας
1356 5665 1411 5714 ἐν
1462 5663 1708 5735 θεολογία
1742 5666 1880 5734 Γρη-

303 5776 484 5830 γοριος
535 5759 603 5811 τὰ
655 5755 714 5820 ἐξ
745 5748 840 5823 ὧν,
877 5757 972 5807 καὶ
1005 5756 1060 5806 ἐν
1091 5745 1193 5818 οἷς,
1253 5750 1347 5804 καὶ
1387 5750 1549 5821 ἅπερ,
1586 5753 1740 5821 φησὶ,
1781 5751 1881 5805 σώ-

1903 3399 1950 3454 C

2444 3391 2553 3460 s7
2565 3391 2607 3459 ι
2650 3389 2880 3447 CAPUT
2917 3389 3102 3446 XLVI.

1984 3484 2251 3541 Practerea
2278 3486 2342 3538 de
2371 3486 2558 3539 haeresi
2589 3485 3085 3556 .‘llonopliysitarum
3115 3489 3289 3556 ;quod
3314 3491 3569 3545 insidiose

2056 3557 2343 3610 admodum
2407 3569 2457 3609 et
2511 3555 2803 3623 periculose
2846 3556 2910 3610 de
2958 3555 3055 3610 Dei
3092 3555 3243 3612 Verbi
3310 3563 3566 3616 incarna-

2052 3630 2190 3681 tione
2229 3628 2533 3696 opinantur.

2050 3721 2205 3787 Quod
2251 3735 2384 3774 vero
2432 3720 2653 3774 tandem
2702 3719 3217 3792 Illonopliysitarum
3267 3724 3436 3780 fuerit
3471 3727 3570 3782 do-

1981 3831 2124 3884 gma,
2168 3829 2198 3866 a
2237 3815 2441 3883 quibus
2491 3824 2750 3884 tanquam
2807 3830 2838 3868 a
2891 3815 3078 3871 radice
3131 3819 3392 3890 pessima,
3429 3836 3568 3890 quas

1982 3907 2259 3972 diximus,
2319 3906 2559 3962 haereses
2619 3907 2964 3977 pullularunt
3018 3924 3121 3964 ceu
3167 3883 3420 3968 girculus
3471 3925 3567 3968 aut

1982 4009 2173 4052 catena
2219 4014 2284 4051 ex
2332 4014 2452 4052 sese
2499 3998 2912 4066 dependentes,
2967 4001 3130 4055 modo
3181 4001 3382 4056 dicam.
3427 4003 3563 4058 Cum

1979 4087 2185 4141 etenim
2220 4087 2617 4141 convenientes
2651 4089 2704 4140 in
2731 4086 2952 4142 Christo
2983 4100 3232 4157 naturas,
3262 4094 3568 4162 qnanlibet

1983 4195 2082 4249 per
2113 4179 2356 4249 seipsam
2399 4178 2750 4246 discernunt,
2781 4181 2920 4235 duas
2950 4195 3043 4237 eas
3075 4200 3198 4238 esse
3233 4189 3568 4245 necessitate

1979 4272 2205 4326 adducti
2254 4271 2610 4326 conﬁtentur.
2651 4272 2788 4326 Cum
2819 4289 2952 4328 vero
2987 4285 3279 4347 utramque
3317 4281 3371 4334 in
3404 4282 3564 4338 Verbi

1980 4366 2361 4420 incarnatione
2407 4366 2642 4430 uniunt,
2709 4382 2820 4421 non
2870 4367 3010 4422 duas
3057 4351 3136 4424 illi
3186 4372 3566 4431 ineonlusibili

1981 4457 2146 4512 modo
2185 4459 2580 4514 convenientes
2632 4469 2882 4525 naturas,
2925 4461 3018 4515 sed
3073 4479 3237 4517 unam
3291 4468 3569 4536 composi-

1983 4563 2092 4605 tam
2142 4561 2398 4604 naturam
2445 4561 2718 4608 statuunt.
2755 4554 2928 4608 Nobis
2971 4555 3118 4609 enim
3173 4575 3337 4612 unam
3387 4562 3569 4616 subsi-

1982 4645 2242 4698 stentiam
2285 4644 2645 4714 compositam
2688 4645 3031 4715 dicentibus,
3068 4649 3142 4702 illi
3185 4667 3346 4704 unam
3383 4654 3568 4724 potius

1984 4747 2237 4790 naturam
2286 4737 2647 4806 compositam
2695 4739 2965 4794 inferunt.
3018 4740 3084 4794 Et
3126 4745 3398 4798 rationem
3446 4763 3572 4800 ειη-

1987 4826 2174 4880 tentia:
2221 4843 2334 4880 sua:
2377 4830 2634 4898 exemplo
2669 4834 3083 4896 continuantes,
3129 4836 3338 4900 dicunt,
3387 4839 3570 4893 homi-

1985 4935 2111 4974 nem
2143 4921 2381 4974 animam
2416 4923 2675 4977 obtinere
2709 4933 2764 4976 et
2797 4941 3000 4995 corpus
3037 4948 3046 4978 :
3084 4940 3131 4982 et
3172 4930 3334 4982 aliam
3373 4933 3568 4987 anima:

1986 5023 2237 5066 naturam
2293 5030 2437 5076 esse.
2490 5017 2762 5085 aliamque
2821 5020 2950 5072 item
3011 5025 3283 5091 corporis,
3337 5027 3381 5079 si
3441 5029 3569 5096 quis

1985 5107 2292 5176 quamlibet
2342 5124 2439 5176 per
2487 5101 2729 5177 seipsain
2781 5114 3227 5182 contempletur;
3267 5135 3390 5171 cum
3435 5135 3568 5174 vero

1986 5196 2094 5250 illa:
2139 5198 2399 5260 coierint,
2460 5199 2740 5254 hominem
2792 5202 3042 5267 eﬂicere,
3097 5224 3258 5260 unam
3313 5223 3564 5265 naturam

1986 5289 2344 5369 compositam
2376 5293 2748 5346 obtinentem.
2779 5293 2897 5347 Non
2926 5295 3095 5362 enim,
3123 5297 3401 5368 inquiunt,
3427 5302 3568 5359 duas

1986 5392 2214 5435 naturas
2234 5381 2510 5436 hominem
2532 5385 2716 5440 dicere
2735 5401 2972 5457 Oportet,
2995 5396 3089 5444 sed
3116 5409 3277 5446 unam
3299 5399 3571 5464 composi-

1987 5483 2116 5529 tam.
2138 5476 2316 5544 Atque
2335 5477 2401 5530 ad
2421 5479 2676 5532 eumdem
2703 5485 2922 5535 modum
2945 5485 3010 5538 de
3034 5485 3328 5541 Servatorc
3345 5488 3570 5544 Christo

1988 5569 2285 5636 opinantur
2313 5586 2327 5624 ;
2361 5570 2514 5623 illum
2549 5571 2809 5628 videlicet
2838 5591 2903 5628 ex
2939 5577 3155 5632 duabus
3185 5580 3408 5648 quidem
3435 5598 3570 5635 con-

1985 5660 2192 5714 stit‘sse
2217 5662 2458 5725 naturis,
2484 5674 2605 5733 post
2635 5665 2892 5721 unionem
2924 5669 3260 5724 aulcmduas
3289 5687 3382 5722 eas
3408 5684 3571 5723 natu-

1959 5765 2078 5808 't'as
2106 5753 2159 5807 in
2193 5770 2355 5809 unum
2383 5757 2621 5842 evasisse
2651 5763 3031 5828 compositam,
3055 5761 3198 5824 quod
3225 5778 3354 5817 sane
3391 5761 3568 5816 tit-cie.
