4100 6216
485 249 592 319 423

1693 251 2116 316 ΝιοΕΡΗῡιιι
2150 251 2495 314 CALLlS'i‘l

3642 248 3751 311 424

486 372 571 427 sia
589 379 846 441 tanquam
865 369 1138 441 piaculum
1156 386 1386 440 prorsus
1401 369 2065 439 aversatur.Quapropter

2187 373 2352 434 ζοντα,
2387 371 2516 437 περὶ
2550 368 2656 420 τῶν
2709 361 2804 420 δύο
2836 362 3052 434 φύσεων
3084 365 3242 417 τοῦτο
3287 364 3630 432 δογματίζων
3659 381 3754 414 σο-

483 475 544 518 et
579 480 809 534 magnus
839 463 1129 532 theologus
1153 462 1472 531 Gregorius,
1505 465 1571 517 de
1598 462 1814 516 duabus
1849 463 2065 517 naturis

487 557 813 610 sententiam
848 570 999 608 sttam
1033 570 1340 623 exponens,
1376 556 1784 624 sapientiSsime
1804 555 1974 608 simul
2009 564 2066 607 et

487 648 848 702 subtilissime
865 647 1021 712 dicit,
1041 658 1296 701 naturam
1320 662 1474 701 suam
1495 663 1588 701 eas
1604 662 1924 706 servare,ex
1943 644 2066 712 qni-

491 741 592 794 bus
618 740 844 804 scilicet,
863 749 919 793 et
941 739 995 792 in
1018 739 1241 808 quibus,
1261 748 1450 808 etquae
1469 739 1597 791 sint.
1622 738 1757 790 Nam
1785 753 1848 790 ex
1877 738 2065 807 quibus

492 841 784 900 propterea
807 831 1012 899 posuit,
1034 840 1095 884 ut
1117 846 1183 884 ex
1207 831 1498 884 divinitate
1519 839 1574 884 et
1598 830 1940 883 humanitate.
1968 847 2066 883 ua-

492 933 669 975 turam
703 922 1010 975 declararet
1043 938 1058 974 :
1089 923 1143 974 in
1173 921 1358 989 quibus
1395 937 1546 985 vero,
1597 933 1656 976 ut
1690 930 1914 974 naturas
1947 930 2070 989 post

494 1016 760 1068 unionem
784 1025 1050 1076 servaret,
1073 1031 1252 1082 neque
1275 1030 1369 1069 eas
1392 1024 1621 1083 propter
1643 1021 1888 1067 mutuam
1913 1014 2073 1066 unio-

489 1120 614 1157 nem
662 1103 1065 1170 confunderet;
1097 1122 1212 1175 quw
1263 1107 1368 1159 sint
1412 1115 1617 1167 autem,
1664 1120 1733 1160 ne
1766 1105 1888 1173 quis
1921 1105 2068 1159 aliud

492 1194 778 1249 Chrismm
836 1203 961 1262 post
1013 1205 1334 1248 naturarum
1387 1195 1645 1250 unionem
1689 1196 1897 1252 factum
1949 1211 2072 1250 esse

497 1287 863 1342 existimaret.
904 1288 1185 1357 Dogmatis
1227 1287 1386 1342 istius
1422 1288 1753 1343 exactiorem
1800 1288 2069 1343 rationem

501 1379 630 1433 inde
665 1379 1167 1434 considerabimus.
1201 1380 1413 1450 Corpus
1447 1391 1699 1435 noSIrum
1736 1397 1801 1436 ex
1839 1393 2073 1449 quatuor

492 1470 803 1535 elementis,
842 1471 987 1540 igne,
1031 1487 1180 1532 aere,
1217 1487 1357 1541 aqua
1405 1481 1460 1526 et
1506 1481 1678 1538 terra,
1711 1474 2069 1528 constitutum

495 1578 638 1626 esse,
678 1564 731 1616 in
777 1563 1033 1617 confesso
1086 1573 1191 1629 est,
1235 1563 1292 1616 in
1344 1563 1545 1632 quibus
1591 1564 1756 1617 etiam
1803 1565 2069 1618 constitit.

497 1658 678 1724 Atque
724 1656 778 1708 in
824 1670 1056 1724 corpore
1087 1671 1150 1709 ea
1185 1671 1251 1710 ex
1287 1655 1509 1726 quibus,
1542 1664 1598 1710 et
1633 1655 1687 1710 in
1725 1658 1926 1726 quibus
1965 1668 2070 1718 est.

497 1757 938 1812 conservantur;
977 1763 1096 1816 qua:
1127 1758 1310 1802 autem
1345 1751 1475 1812 sint,
1504 1765 1612 1803 non
1648 1749 1860 1804 itidem.
1896 1749 2075 1818 Siqui-

497 1839 622 1894 dem
673 1847 799 1908 post
844 1840 1242 1894 elementorum
1291 1842 1551 1895 unionem
1588 1856 1790 1910 corpus
1823 1851 2072 1895 nostrum

501 1948 612 1986 non
647 1947 784 2002 pure
817 1932 958 2002 ignis
991 1940 1096 1997 est,
1132 1947 1314 2002 neque
1361 1932 1576 1987 sincere
1622 1948 1737 1998 aer,
1771 1947 1948 2001 neque
1991 1933 2076 1986 in-

500 2034 761 2093 corrupte
813 2039 975 2094 aqua,
1009 2040 1190 2093 neque
1245 2039 1507 2093 germane
1555 2034 1700 2078 terra
1736 2041 1751 2078 :
1785 2024 1880 2079 sed
1924 2023 2075 2078 aliud

499 2115 803 2182 quiddam,
852 2131 1015 2184 quam
1064 2128 1300 2184 quatuor
1345 2117 1471 2170 ista.
1524 2117 1690 2186 872
1734 2117 1792 2172 ld
1838 2116 1972 2172 satis
2010 2131 2073 2171 es

500 2220 666 2260 sensu
700 2203 820 2274 ipso
853 2216 1025 2273 patet.
1056 2205 1410 2274 Unaquaeque
1451 2207 1601 2261 enim
1631 2207 1878 2276 corporis
1904 2207 2076 2262 nostri

503 2313 631 2366 pars
663 2297 808 2352 aliud
840 2298 1102 2366 quiddam
1135 2313 1299 2367 quam
1333 2299 1604 2353 elementa
1647 2309 1749 2354 cst.
1783 2294 1984 2354 Verum
2021 2299 2074 2353 in

503 2389 690 2442 divina
738 2390 964 2452 unione,
1003 2405 1109 2444 non
1159 2391 1311 2447 aliud
1362 2390 1652 2460 quiddam,
1683 2402 1807 2461 post
1843 2391 2076 2445 duarum

500 2489 824 2533 naturarum
885 2495 1257 2546 concursum,
1313 2480 1522 2535 factum
1580 2491 1670 2536 est
1708 2497 1727 2538 ’ζ
1779 2483 1872 2537 sed
1934 2483 2077 2537 idem

505 2572 682 2638 ipsum
713 2581 818 2632 est,
839 2570 1098 2625 Christus
1129 2571 1404 2634 videlicet,
1435 2570 1582 2626 Deus
1607 2585 1662 2628 et
1692 2573 1876 2627 homo.
1909 2570 2082 2628 Porro

506 2663 735 2717 haeresis
788 2664 891 2717 ista
945 2663 1274 2733 exquisitior
1329 2663 1699 2734 subtiliorque
1757 2666 1878 2720 aliis
1939 2666 2078 2731 fuit,

509 2753 656 2820 quod
704 2765 960 2810 auctores
1009 2755 1440 2825 defensoresque
1483 2755 1742 2810 habuerit
1807 2757 1956 2811 viros
1995 2773 2084 2811 sa-

509 2842 768 2912 pientes:
802 2856 854 2900 et
887 2847 1237 2914 potissimum
1271 2862 1398 2902 eum
1431 2862 1594 2915 quem
1626 2847 1887 2911 diximus,
1918 2849 2083 2903 Joan-

509 2950 635 2989 nem
670 2935 1057 3007 l’lriloponum,
1089 2939 1182 3008 qui
1237 2939 1339 2994 sub
1386 2939 1664 3009 praesenti,
1698 2941 1766 2994 de
1802 2941 1958 3011 cujus
1996 2959 2083 2996 re-

2168 461 2390 529 φώτατά
2439 477 2498 512 τε
2535 461 2627 512 καὶ
2675 458 3062 528 ἀκριϐέστατα.
3117 458 3189 508 Τὸ
3240 457 3336 523 μὲν
3378 457 3506 525 γὰρ,
3535 455 3604 515 ἐξ
3634 448 3749 512 ὦν.

2168 549 2434 616 τέθεικεν,
2495 550 2580 604 ἵνα
2625 553 2722 620 τὴν
2759 555 2822 603 ἐκ
2867 551 3119 619 θεότητος
3169 553 3263 601 καὶ
3325 548 3752 617 ἀνθρωπότητος

2169 645 2472 714 δογματὶσῃ
2523 642 2719 712 φύσινι
2755 641 2815 695 τὸ
2848 643 2925 708 δὲ,
2959 643 3028 694 ἐν
3062 636 3172 706 οἷς,
3238 641 3324 693 ἵνα
3379 643 3599 710 τηρήσῃ
3650 642 3754 700 τὰς

2170 739 2364 805 φύσεις
2421 738 2559 806 μετὰ
2588 736 2685 805 τὴν
2732 737 2958 796 ἕνωσιν·
3001 738 3094 789 καὶ
3153 736 3228 804 μὴ
3289 735 3491 802 συγχέῃ
3528 734 3740 792 ταύτας

2169 826 2257 885 διὰ
2287 828 2385 900 τὴν
2441 832 2578 900 πρὸς
2643 830 2878 896 ἀλλήλας
2937 829 3258 892 beroe/.16
3316 827 3394 889 δὲ,
3446 825 3619 892 ἅπερ.
3661 823 3754 876 ἵνα

2174 925 2248 993 μὴ
2293 923 2450 992 οἰηθῇ
2484 941 2562 985 τις
2598 925 2678 975 ὅτι
2710 923 2836 976 ἄλλο
2859 923 3084 990 γέγονεν
3133 923 3160 974 ὁ
3195 921 3431 990 Χριστὸς
3475 919 3616 987 μετὰ
3648 919 3754 986 τὴν

2171 1012 2279 1066 τῶν
2331 1016 2550 1080 φύσεων
2596 1009 2822 1067 ἕνωσιν.
2891 1009 2998 1066 Καὶ
3051 1009 3116 1082 δὴ
3176 1013 3274 1080 τὴν
3340 1011 3431 1062 τοῦ
3476 1012 3753 1076 δόγματος

2172 1103 2456 1175 ἀκρίϐειαν
2489 1100 2739 1158 ἐντεῦθεν
2768 1098 3123 1173 σκεψὺμεθα.
3174 1103 3268 1155 Ἐκ
3296 1103 3578 1171 τεσσάρων
3603 1117 3754 1151 στοι-

2172 1196 2338 1264 χείων
2387 1195 2447 1245 τὸ
2499 1195 2767 1264 ἡμέτερον
2824 1195 2982 1263 σῶμα
3035 1193 3484 1262 ἀνωμολόγηται,
3549 1190 3750 1258 πυρδς,

2173 1287 2358 1355 ἀέρος,
2397 1285 2614 1348 ὕδατος,
2675 1289 2813 1353 γῆς·
2847 1282 2904 1337 ἒν
2945 1273 3025 1348 οἷς
3057 1285 3152 1338 καὶ
3180 1283 3279 1355 τὴν
3325 1284 3584 1335 σύστασιν
3609 1283 3749 1350 ἕχει.

2174 1376 2418 1439 Σώζεται
2447 1376 2574 1442 γοῦν
2609 1379 2664 1429 ὲν
2696 1377 2775 1444 τῷ
2805 1377 3018 1444 σώματι
3050 1376 3145 1428 καὶ
3179 1375 3239 1429 τὸ
3266 1371 3337 1439 ἐξ
3367 1369 3454 1427 ὧν
3479 1375 3571 1426 καὶ
3598 1376 3658 1426 τε,
3681 1373 3755 1426 ἐι·

2175 1462 2258 1530 οἷς
2287 1483 2298 1494 ·
2327 1467 2387 1518 οὐ
2447 1467 2552 1536 μὴν
2600 1467 2659 1519 τὸ
2715 1466 2887 1534 ὅπερ.
2925 1463 3080 1520 Μετὰ
3121 1468 3227 1536 γὰρ
3260 1469 3358 1536 τὴν
3395 1467 3589 1519 ἒνωτιν
3639 1467 3755 1520 τῶν

2178 1560 2458 1628 στοιχείων
2506 1558 2564 1610 τὸ
2598 1560 2866 1628 ἡμέτερον
2925 1559 3085 1626 σῶμα
3143 1557 3266 1611 οὔτε
3325 1559 3581 1627 καθαρῶς
3632 1560 3755 1611 ἐστι

2179 1649 2309 1718 πῦρ,
2356 1648 2468 1701 οὔτ’
2502 1649 2812 1719 εἰλικρινῶς
2838 1652 2946 1720 ἀήρ
2970 1667 2984 1680 ·
3022 1649 3147 1702 οὕτε
3203 1650 3311 1720 μὴν
3343 1649 3488 1719 ὕδωρ
3543 1649 3755 1703 ἀθόλωδ

2181 1759 2270 1793 τεν
2294 1760 2306 1773 ·
2342 1740 2458 1794 ἀλλ’
2490 1740 2602 1793 οὐδ’
2649 1741 2938 1804 ἀνόθευτος
2984 1743 3057 1811 γῆ
3079 1758 3093 1774 ⁸
3134 1739 3248 1795 ἀλλ’
3275 1744 3462 1812 ἕτερόν
3492 1759 3544 1794 τι
3601 1744 3761 1812 πιρὰ

2178 1838 2244 1890 τὰ
2275 1837 2336 1890 δ’.
2369 1837 2482 1890 Καὶ
2505 1837 2666 1906 δῆλον
2693 1837 2799 1892 ἀπὸ
2847 1841 2944 1908 τῆς
2977 1840 3282 1907 αἰσθήσεως
3307 1855 3321 1868 ·
3354 1833 3589 1892 ἕκαστον
3647 1840 3762 1908 γὰρ

2175 1927 2284 1979 τῶν
2323 1929 2506 1997 μερῶν
2537 1928 2628 1982 τοῦ
2658 1930 2930 1998 ἡμετέρου
2963 1929 3214 2000 σώματος
3245 1931 3374 1984 ἄλλο
3406 1949 3462 1984 τι
3500 1933 3653 2002 παρᾶ
3688 1933 3762 1985 τὰ

2181 2023 2425 2088 στοιχεῖα
2455 2021 2623 2076 ἐστιν.
2663 2022 2792 2074 Ἐπὶ
2819 2023 2874 2075 δὲ
2898 2023 2997 2093 τῆς
3039 2024 3191 2087 θείας
3223 2026 3474 2087 ἑνώσεως
3497 2022 3598 2078 οὐκ
3628 2025 3764 2078 ἄλλο

2180 2128 2232 2162 τι
2269 2115 2404 2179 μετὰ
2438 2114 2539 2182 τὴν
2590 2113 2900 2183 συνδρομὴν
2953 2114 3062 2167 τῶν
3090 2115 3182 2168 δύο
3230 2115 3448 2184 φύσεων
3494 2117 3756 2181 γέγονεν’

2184 2201 2300 2254 ἀλλ’
2328 2203 2458 2254 αὐτὸ
2485 2203 2642 2257 τοῦτό
2667 2207 2813 2258 ἐστιν
2845 2209 2872 2259 ὁ
2903 2207 3137 2275 Χριστὸς
3167 2207 3300 2271 Θεὸς
3327 2209 3421 2261 καὶ
3445 2208 3757 2278 ἄνθρωπος.

2182 2297 2377 2364 Γέγονε
2407 2297 2464 2350 δὲ
2493 2298 2718 2368 τοιαύτη
2753 2299 2965 2369 αἵρεσις
2997 2299 3198 2353 ὡσανεὶ
3246 2301 3609 2371 ἀκριϐεστέρα
3641 2304 3743 2353 καὶ

2181 2391 2488 2461 λεπτοτέρα
2531 2393 2638 2447 τῶν
2678 2393 2878 2451 ἄλλων.
2924 2395 3014 2448 διὰ
3043 2396 3101 2449 τὸ
3151 2398 3465 2466 προστάτας
3514 2398 3751 2465 αὐχῆσαι

2185 2484 2382 2552 ἄνδρας
2413 2486 2634 2552 σοροὺς,
2677 2486 2770 2538 καὶ
2808 2487 3046 2555 μάλιστα
3088 2490 3180 2540 τὸν
3232 2490 3632 2559 προειρημένον
3662 2491 3756 2542 Φι-

2182 2573 2406 2628 λύπονον
2459 2576 2738 2644 Ἰωάννην,
2790 2579 2886 2630 ἐπὶ
2941 2579 3039 2646 τῆς
3102 2580 3390 2649 παρούσης
3455 2581 3760 2650 ἡγεμονίας

2184 2669 2532 2734 ἀκμάσαντα,
2584 2672 2678 2721 καὶ
2729 2669 2959 2724 πλεῖστα
3009 2675 3125 2736 ταῖς
3165 2673 3574 2740 Ἀριστοτέλους
3623 2676 3764 2725 πλο-

2187 2763 2310 2822 καῖς
2347 2759 2722 2831 ὲνιδρώσαντα
2744 2778 2759 2792 ·
2797 2763 2854 2822 ὃς
2882 2765 2976 2816 καὶ
3009 2765 3107 2831 τῆς
3141 2765 3250 2817 τῶν
3280 2765 3579 2834 Τριθεῖτῶν
3607 2765 3767 2833 λεγο-

2187 2855 2369 2922 μένων
2395 2854 2660 2921 αἱρέσεως
2687 2857 2932 2927 ἀρχηγὸς
2959 2858 3227 2927 ἐγεγόνει.
3259 2859 3354 2922 Τίς
3399 2859 3456 2914 δέ
3483 2860 3635 2912 ἐστιν
3673 2853 3763 2912 οὓς

2187 2962 2300 3008 τος,
2330 2947 2548 3014 ῥητέον.

514 3028 620 3083 bus
653 3045 797 3085 nunc
832 3032 1065 3100 agimus,
1100 3032 1334 3101 imperio
1363 3034 1554 3102 viguit,
1589 3043 1644 3087 et
1679 3036 1730 3087 in
1773 3033 2092 3089 Aristotelis
2126 3039 2582 3108 perplexitatibus
2623 3045 2858 3099 maxime
2932 3043 3262 3112 desudavit,
3332 3056 3390 3101 et
3419 3047 3642 3102 hazresis
3679 3045 3768 3100 in.

513 3133 682 3189 super
708 3119 1136 3188 Tritbeitarum,
1167 3123 1261 3192 qui
1293 3122 1576 3185 dicuntur,
1608 3123 1717 3179 dux
1751 3124 1873 3178 fuit.
1913 3125 1985 3179 De
2018 3143 2085 3182 eo
2124 3129 2248 3197 quis
2277 3128 2468 3196 fuerit,
2503 3131 2819 3190 dicendum.

1061 3257 1287 3314 CAPUT
1327 3259 1535 3316 XLVII.

624 3378 702 3431 De
735 3377 1046 3460 philosopho
1093 3375 1301 3432 Joanne
1349 3377 1645 3448 Philopono
1697 3378 1977 3437 Trit/teita.

581 3601 797 3659 Genere
831 3603 938 3656 fuit
981 3601 1404 3670 Alexandrinus,
1440 3614 1494 3659 et
1531 3603 1894 3674 philosophus
1933 3622 2086 3660 sum-

517 3712 637 3751 Inus
671 3714 684 3749 :
723 3695 978 3764 quamvis
1023 3705 1204 3748 autem
1255 3695 1395 3765 stylo
1435 3694 1788 3764 dietioneque
1835 3700 1932 3750 su'a
1980 3714 2088 3751 nou

517 3789 813 3842 admodum
861 3788 931 3842 sit
975 3787 1253 3850 laudatus,
1293 3788 1346 3840 in
1396 3787 1864 3856 disputationibus
1909 3800 2089 3843 tamen

515 3889 1078 3948 argumentortmrqne
1125 3886 1179 3930 et
1225 3877 1764 3932 demonstrationum
1815 3879 2092 3946 probatio-

520 3972 704 4036 nibus,
739 3986 870 4024 sane
900 3985 1066 4039 quant
1100 3969 1202 4023 fuit
1232 3969 1625 4036 admirandus,
1668 3970 1721 4023 in
1760 3970 2004 4024 Platonis
2037 3981 2094 4024 et

515 4062 833 4118 Aristotelis
882 4062 1136 4117 doctrina
1200 4061 1576 4130 maximopere
1628 4071 1896 4117 versatus.
1946 4061 2116 4126 Qua--

521 4167 745 4224 propter
790 4169 1006 4219 eorum,
1058 4153 1405 4223 potissimum
1451 4168 1584 4207 vero
1630 4152 1964 4216 Aristotelis,
1999 4153 2094 4208 ob-

517 4263 678 4302 scure
729 4246 1005 4300 dictorum
1060 4244 1535 4299 luculentissimas
1586 4244 1814 4313 reliquit
1865 4227 2095 4296 enarra-

518 4339 736 4403 tiones,
765 4354 888 4407 qua:
919 4337 1084 4392 hodie
1129 4352 1348 4407 quoque
1379 4346 1618 4392 exstant.
1657 4337 1756 4392 llic
1791 4337 1956 4392 etiam
1996 4337 2095 4391 im-

518 4428 608 4498 pio
642 4429 833 4499 Sergio
861 4428 1486 4496 Constantinopolitanae
1521 4440 1633 4484 tum
1661 4430 1919 4486 Ecclesia:
1947 4430 2096 4483 irier-

517 4521 751 4584 archiae,
817 4521 1132 4576 admonitus
1178 4521 1246 4574 ab
1289 4537 1377 4582 eo,
1418 4531 1477 4576 ut
1523 4522 1774 4577 haeresim
1823 4523 2090 4591 ejusmodi

518 4612 906 4675 constitueret,
944 4612 1143 4666 librum
1193 4613 1574 4667 acutissimum
1627 4616 1962 4685 composuit,
1996 4616 2088 4684 qui
2116 4633 2170 4692 Β

516 4704 828 4773 Διαιττττέις,
844 4704 948 4758 hoc
966 4715 1070 4768 est,
1085 4705 1314 4770 Arbiter,
1334 4707 1450 4760 sive
1467 4705 1543 4760 De
1561 4709 1751 4760 unione
1770 4708 2089 4777 inscriptus,

518 4793 706 4846 decem
734 4793 993 4862 capitulis
1032 4808 1251 4847 omnem
1283 4810 1403 4848 eam
1437 4795 1689 4848 haeresim
1717 4799 1980 4850 contexit.
2010 4797 2090 4851 Ad

518 4883 990 4952 comprobandum
1052 4894 1235 4938 autem
1295 4885 1576 4954 piaculare
1635 4901 1796 4939 suum
1856 4885 2093 4956 dogma,

520 4988 741 5028 onmem
817 4990 1046 5043 prorsus
1120 4976 1539 5030 accuratissime
1605 4976 1775 5030 movit
1855 4976 2099 5044 philoso-

523 5066 730 5136 phiam.
787 5067 953 5121 Multa
1013 5076 1279 5137 prwterea
1333 5066 1439 5121 alia
1496 5067 1702 5138 scripta
1758 5069 2096 5140 Philopouus

525 5159 630 5212 iste
671 5158 866 5224 edidit,
907 5159 974 5212 ad
1019 5159 1237 5214 Graecos
1278 5169 1336 5213 et
1379 5157 1618 5215 haereses
1651 5158 1909 5230 reliquas,
1940 5171 1996 5215 et
2025 5162 2094 5215 ad

523 5249 663 5304 alios
715 5249 1018 5319 quosdam;
1075 5251 1129 5304 in
1187 5249 1391 5320 quibus
1449 5250 1565 5304 hate
1618 5250 1816 5316 etiam,
1869 5251 2094 5320 impium

523 5336 721 5407 dogma
779 5339 1110 5402 instituens,
1167 5340 1382 5395 refert:
1437 5359 1455 5392 ι
1499 5338 1694 5395 Omnia
1747 5340 1866 5394 haec
1911 5342 2098 5395 sensui

524 5439 689 5498 atque
731 5430 909 5484 oculis
953 5431 1201 5500 subjecta
1239 5448 1490 5503 corpora,
1522 5433 1676 5503 juxta
1713 5434 1999 5487 materiam
2044 5445 2100 5487 et

483 5545 491 5552 -
527 5519 784 5586 formam,
818 5537 883 5574 ex
918 5539 983 5576 eo
1018 5525 1162 5592 quod
1199 5541 1304 5578 non
1335 5535 1437 5591 est,
1474 5527 1528 5579 in
1563 5526 1615 5579 id
1649 5527 1795 5594 quod
1827 5535 1934 5587 est,
1970 5542 2099 5593 pro-

529 5614 694 5667 ducta
726 5631 754 5666 a
791 5613 902 5668 Deo
935 5625 1106 5673 sunt:
1139 5619 1649 5688 corruptabiliaque
1697 5630 1847 5684 sunt,
1879 5627 1933 5670 et
1979 5635 2092 5672 cor.

527 5715 879 5776 rumpuntur,
913 5711 1212 5766 secundum
1261 5713 1547 5766 materiam
1595 5719 1650 5766 et
1697 5708 1953 5764 formam.
1994 5713 2098 5764 l’ro

2789 3277 2834 3327 K
2846 3277 3044 3332 ΕΦΑΛ.
3088 3279 3220 3334 ΜΖ’.

2193 3386 2335 3454 Περὶ
2372 3386 2479 3441 τοῦ
2521 3390 2866 3458 φιλοσόφου
2917 3391 3198 3446 Ἰωάννου
3260 3386 3366 3448 τοῦ
3420 3398 3766 3454 Φιλοπόνου

2754 3463 2853 3516 καὶ
2886 3466 2926 3517 Τ
2915 3465 3198 3530 ριθεΐτου.

2265 3573 2339 3625 Τὸ
2386 3573 2485 3641 μὲν
2517 3576 2680 3643 γένος
2728 3577 3114 3647 Ἀλεξανδρεὺς
3156 3577 3224 3650 ἦν
3275 3585 3303 3635 ὁ
3351 3585 3522 3655 ἁνήρ·
3555 3588 3674 3639 λίαν
3709 3590 3767 3642 δέ

2195 3669 2314 3720 ἐστι
2347 3669 2639 3736 φιλόσοφος
2693 3671 3121 3739 ἀκριϐέστατοςο
3157 3673 3262 3728 κᾶν
3312 3677 3407 3728 καὶ
3459 3677 3560 3744 τὴν
3620 3680 3768 3734 ἰδέαν

2194 3759 2299 3811 τῶν
2321 3760 2495 3828 λόγων
2524 3762 2584 3814 οὐ
2621 3763 2763 3816 πάνυ
2793 3761 2899 3814 τῶν
2935 3765 3351 3834 ἐπαινουμένων
3389 3767 3529 3839 ἔχων
3568 3773 3769 3841 γνωρί-

2195 3851 2348 3916 ζεται
2375 3865 2389 3880 ⁸
2425 3853 2554 3924 περὶ
2579 3855 2636 3907 δὲ
2667 3856 2765 3918 τὰς
2801 3857 3102 3924 ἀποδείξεις
3135 3860 3246 3913 τῶν
3279 3861 3455 3930 λόγων
3480 3866 3620 3918 πάνυ
3650 3866 3771 3920 ἐστὶ

2199 3943 2654 4013 θαυμασιώτατος
2676 3963 2691 3978 ⁶
2726 3949 2895 4018 ἄκρος
2927 3949 2971 4002 δ’
3004 3952 3232 4020 εἰσάγαν
3257 3954 3398 4008 κατὰ
3423 3957 3520 4026 τὴν
3547 3958 3771 4012 Πλάτωο

2198 4049 2287 4099 νος
2345 4039 2441 4091 κα)⁵
2485 4039 2892 4106 Ἀριστοτέλους
2951 4040 3232 4098 παιδείαν·
3289 4043 3371 4110 οἷς
3420 4049 3516 4102 καὶ⁹
3571 4053 3769 4118 πλείω,

2201 4129 2434 4197 μάλιστα
2461 4131 2518 4184 δὲ
2547 4130 2656 4185 τῶν
2698 4133 3110 4204 Ἀριστοτέλους
3133 4139 3466 4210 ἀπορρήτων
3515 4140 3772 4212 λαμπροο

2195 4221 2362 4282 τάτας
2397 4222 2692 4290 ἐξηγήσεις
2725 4227 3045 4295 κατέλιπεν,
3073 4230 3128 4283 αἲ
3161 4232 3257 4284 καὶ
3297 4234 3351 4296 ἐς
3382 4233 3543 4305 δεῦρο
3563 4235 3628 4304 δὴ
3656 4236 3773 4290 δια-

2199 4310 2501 4376 σώζονται·
2556 4315 2614 4378 δς
2655 4319 2854 4389 καὶτῷ
2904 4322 3159 4376 δυσσεϐεῖ
3217 4326 3427 4397 Σεργίῳ
3473 4331 3774 4398 τηνικαῦτα

2197 4403 2299 4470 τῆς
2361 4409 2775 4464 Κωνσταντίνου
2835 4415 3181 4485 ἱεραρχοῦντι
3237 4420 3619 4492 παρακληθεὶς
3671 4427 3775 4498 τὴν

2197 4502 2455 4574 τοιαύτην
2515 4506 2891 4574 συστήσασθαι
2944 4511 3196 4582 αἵρεσιν,
3253 4513 3412 4581 λόγον
3464 4516 3776 4572 δεινότατον

2199 4595 2600 4665 συνεγράψαντο,
2627 4597 2684 4661 ὃς
2733 4600 3066 4669 Διαιτητὴς,
3105 4603 3136 4672 ἢ
3173 4602 3312 4672 Περὶ
3346 4600 3616 4673 ἐνώσεως
3648 4610 3769 4662 ἑπι-

2197 4687 2536 4758 γέγραπται.
2572 4686 2664 4744 Ἐν
2710 4693 3030 4761 κεφαλαίοις
3078 4698 3135 4750 δὲ
3168 4697 3296 4751 δέκα
3339 4700 3440 4770 τὴν
3480 4702 3578 4770 τῆς
3631 4704 3778 4769 αἱρέ-

2200 4792 2340 4842 σεως
2363 4781 2541 4835 πᾶσαν
2571 4783 2745 4854 τομὴν
2779 4784 3106 4856 ὲξυφήνατο.
3140 4790 3286 4858 Πρός
3314 4807 3376 4856 γε
3419 4792 3525 4860 μὴν
3554 4787 3778 4848 ἀπόδει-

2201 4871 2284 4935 ξιν
2315 4871 2409 4924 τοῦ
2440 4876 2686 4944 μυσαροῦ
2715 4877 2879 4929 αὑτοῦ
2909 4877 3201 4948 δόγματος,
3229 4884 3412 4934 πᾶσαν
3457 4885 3780 4952 φιλοσοφίαν

2203 4963 2498 5036 κεκίνηκεν
2548 4967 3091 5041 ὲξακριϐωσάμενος.
3149 4973 3330 5030 Πολλὰ
3381 4977 3438 5030 δὲ
3492 4980 3585 5030 καὶ
3644 4979 3781 5032 ἄλλα

2203 5059 2618 5127 συγγράμματα
2665 5063 2691 5113 ὁ
2758 5063 2949 5131 ῥηθεὶς
3019 5066 3307 5129 Φιλόπονος
3367 5070 3773 5132 καταλέλοιπε,

2204 5153 2340 5220 πρός
2389 5149 2438 5202 θ’
2461 5151 2756 5219 Ἕλληνας,
2795 5157 2890 5210 καὶ
2945 5158 3137 5223 λοιπὰς
3175 5160 3286 5214 τῶν
3337 5164 3627 5231 αἱρέσεων,
3681 5167 3780 5217 καὶ

2204 5244 2460 5315 ἐτέρους·
2492 5248 2551 5301 ὲν
2603 5239 2683 5308 οἷς
2719 5249 2814 5302 καὶ
2867 5252 3048 5306 ταῦτα
3097 5254 3382 5325 συντίθησι
3430 5254 3783 5326 δογματίζων

2203 5337 2412 5399 ἀθέωςο
2454 5355 2474 5389 ι
2524 5339 2604 5392 Τὰ
2655 5341 2893 5411 αἰσθητὰ
2925 5345 3103 5398 πάντα
3158 5346 3332 5400 ταῦτα
3377 5349 3476 5402 καὶ
3522 5351 3785 5419 ὁρώμενα

2207 5429 2452 5498 σώματα,
2484 5432 2684 5500 λέγων,
2723 5438 2866 5487 κατά
2897 5453 2954 5488 τε
2991 5435 3124 5506 ὓλην
3153 5440 3247 5491 καὶ
3301 5437 3439 5503 εἶδος
3483 5441 3548 5492 ἐκ
3576 5440 3670 5493 τοῦ

2202 5522 2354 5585 ὄντος
2387 5525 2466 5587 εις
2498 5527 2560 5592 τὸ
2610 5522 2752 5578 εἶναι
2805 5530 3064 5599 παρήχθη
3109 5533 3218 5583 ἀπὸ
3244 5533 3380 5586 Θεοῦ
3405 5551 3418 5564 ο
3474 5533 3692 5602 φθαρτά
3720 5550 3784 5587 τι

2205 5613 2376 5666 ταῦτα
2431 5617 2818 5682 γενέσθαικαὶ
2871 5621 3193 5690 φθείρεσθαι
3231 5625 3374 5676 κατά
3399 5641 3457 5676 τε
3510 5624 3642 5693 ὓλην
3687 5608 3805 5676 κατ’

2204 5702 2338 5770 sieo,
2363 5723 2377 5738 °
2410 5710 2502 5761 καὶ
2538 5709 2656 5763 ἀντὶ
2689 5712 2894 5768 τούτων
2931 5713 3093 5784 ἕιερα
3134 5717 3360 5786 πώματα
3402 5718 3634 5785 κρείττω
3661 5733 3788 5768 τον-
