4100 6216
406 294 514 361 435

1260 293 1858 356 ΕΟΕΙιΕΞΙΑΞΤΙΟιΕ
1900 294 2286 356 HISTORIA!
2315 295 2459 354 LIB.
2496 294 2715 357 XVIII.

3532 300 3637 360 426

403 423 512 459 των
536 405 644 457 τῶν
674 404 968 473 ὁρωμένων
1019 401 1269 473 ἄφθαρτα
1327 405 1420 456 καὶ
1459 404 1653 457 αἰώνια
1708 404 1971 476 δημιουρ-

2078 402 2230 458 hisce
2262 419 2393 458 vero
2419 403 2747 473 corporibus
2778 418 3007 473 corpora
3038 405 3145 459 alia
3178 406 3487 463 visibilibus
3518 412 3638 467 istis

320 532 321 547 χ
408 494 624 563 γεῖσθαι
682 495 786 546 ὑπὸ
839 492 999 547 Θεοῦ.
1041 512 1057 544 ι
1093 494 1236 564 Πρὸς
1288 494 1467 563 τούτῳ
1521 494 1833 549 συντέλειαν
1869 497 1971 565 μέν

412 600 547 652 φησι
576 582 671 635 τοῦ
701 582 982 653 ὁρωμένου
1019 584 1208 635 τούτου
1240 583 1472 653 κόσμου,
1502 585 1676 655 ἥγουν
1706 586 1974 656 παρέλευ-

409 692 514 739 σιν,
549 676 645 727 καὶ
687 671 844 738 αὖθις
874 673 1063 727 καινοῦ
1096 675 1300 739 κόσμου
1330 676 1525 745 ἑτέραν
1552 676 1786 745 γένεσιν.
1823 676 1973 749 Ὀρξ-

409 766 564 832 ζεται
599 766 657 820 δὲ
686 765 777 818 καὶ
807 766 1019 836 νεκρῶν
1045 767 1343 819 ἀνάστασιν
1372 761 1534 832 εἶναι,
1563 768 1661 838 τὴν
1685 769 1792 820 τῶν
1822 770 1973 838 λογι-

411 859 525 910 κῶν
553 859 742 927 ψυχῶν
766 858 901 929 πρὸς
920 857 981 910 τὸ
1011 856 1247 927 φθαρτὸν
1274 859 1431 928 σῶμα
1455 860 1649 914 ἕνωσιν
1667 861 1971 915 ἀδιάλυτον.

409 946 504 1013 Οἷς
531 950 579 1001 οἰ
610 967 673 1002 πε
686 950 738 1020 pi.
774 949 990 1002 Κόνωνα
1026 948 1452 1020 ἐναντιούμενοι,
1484 951 1644 1003 αὐτόν
1674 968 1732 1004 τε
1766 954 1861 1006 καὶ
1906 955 1975 1007 τά

408 1042 600 1094 τούτου
627 1042 1036 1111 συγγράμματα
1096 1040 1438 1105 ἀπεώσαντο,
1484 1040 1561 1104 ῶς
1596 1060 1689 1111 μοι
1738 1043 1976 1113 ῥηθήσε-

408 1146 540 1183 ταιο
592 1130 697 1184 κᾶν
742 1130 836 1183 καὶ
886 1131 1152 1200 πρότερον
1211 1131 1377 1183 αὐτὸν
1435 1131 1792 1200 ἀπεδέχοντο’
1836 1150 1855 1184 ι
1895 1132 1976 1186 Τἀ

410 1223 665 1290 σώματα,
696 1222 970 1290 λέγοντες,
1005 1222 1147 1277 κατὰ
1182 1222 1281 1291 μὲν
1308 1223 1408 1291 τὴν
1439 1222 1570 1292 ὕλην
1614 1225 1677 1277 ού
1728 1224 1973 1293 φθείρον-

404 1337 520 1381 ται,
552 1318 688 1371 ἀλλά
713 1319 853 1371 κατὰ
893 1318 1052 1387 μόνον
1081 1318 1143 1370 τὸ
1183 1314 1320 1380 εἶδος
1345 1333 1360 1348 ⁸
1396 1320 1488 1371 καί⁸
1526 1318 1691 1372 πάλιν
1730 1319 1972 1387 ἀναμορ-

412 1409 667 1478 φοῦνται,
697 1410 943 1479 κρεῖττον
975 1403 1114 1471 εἶδος
1146 1408 1513 1480 προσιεμένης
1545 1410 1746 1475 τῆς-ἐν
1792 1408 1975 1472 αὐτοῖς

409 1500 563 1571 ὕλης.
605 1519 624 1552 ι
665 1502 775 1554 Καὶ
835 1500 1051 1568 γένεσιν
1109 1499 1207 1569 μὲν
1255 1501 1461 1569 κόσμου
1514 1503 1609 1554 καὶ
1663 1500 1808 1554 οῦτοί
1844 1518 1974 1569 φασι

408 1594 553 1646 κατά
576 1609 637 1645 τε
686 1591 817 1662 ὕλην
864 1594 956 1645 καὶ
994 1587 1153 1653 εἶδος,
1190 1591 1393 1661 φθορὰν
1444 1592 1501 1646 δὲ
1530 1592 1695 1646 αὐτοῦ
1746 1593 1886 1647 κατά
1915 1594 1975 1646 τὸ

408 1683 547 1745 εἶδος
593 1684 775 1753 μόνον,
807 1682 867 1736 ού
918 1682 1027 1754 μὴν
1078 1684 1173 1737 καὶ
1207 1684 1347 1737 κατὰ
1393 1685 1492 1753 τὴν
1536 1685 1668 1753 ὕλην
1719 1686 1969 1756 πάσχειν.

2078 494 2236 562 longe
2279 496 2676 563 praestantiora,
2716 494 3162 563 incorruptibilia
3202 506 3257 552 et
3287 499 3643 568 sempiterna,
3714 572 3717 575 ν

2079 596 2108 634 a
2166 582 2273 636 Deo
2350 584 2682 638 conduntur.
2733 602 2751 635 ι
2814 583 2893 638 Ad
2947 584 3064 639 haec
3118 589 3643 644 consummationem

2078 674 2194 727 sive
2248 672 2533 727 interitum
2576 674 2812 729 visibilis
2860 675 3024 745 hujus
3070 678 3282 740 mundi,
3314 693 3380 731 ac
3425 696 3643 734 rul'sum

2079 764 2206 817 novi
2264 764 2454 817 mundi
2507 765 2841 819 creationem
2897 767 3160 833 alteram,
3206 771 3422 825 asserit.
3478 772 3642 843 873

2079 852 2281 908 Statuit
2331 854 2497 908 etiam
2557 865 2896 909 mortuorum
2962 859 3422 914 resurrectionem
3488 877 3642 922 esse.

2081 944 2429 998 rationalium
2477 945 2731 1000 videlicet
2776 946 3084 1001 animarum
3122 965 3248 1004 cum
3296 952 3641 1021 corruptibili

2078 1046 2311 1100 corpore
2339 1031 2778 1088 indissolubilem
2809 1034 3088 1089 unionem.
3119 1035 3329 1101 Quibus
3356 1041 3642 1096 sententiis

2078 1124 2323 1178 renitens
2352 1123 2565 1187 Conon,
2592 1125 2768 1192 ipsum
2791 1126 2944 1195 juxta
2968 1140 3024 1181 et
3051 1128 3461 1186 lucubrationes
3501 1133 3639 1202 ejus,

2077 1214 2239 1269 sicuti
2288 1232 2317 1269 a
2368 1230 2456 1270 me
2503 1215 2740 1282 dicetur,
2800 1218 3018 1288 rejecit;
3052 1223 3304 1289 quamvis
3350 1239 3443 1278 eas
3482 1236 3672 1278 antca‘

2079 1308 2368 1375 receperit.
2404 1327 2422 1360 ι
2459 1308 2648 1363 Conon
2697 1310 2816 1378 ipse
2863 1326 3094 1381 corpora
3130 1314 3268 1367 dixit
3309 1330 3417 1370 non
3450 1331 3643 1372 secun-

2076 1396 2205 1451 dum
2237 1399 2542 1465 materiam,
2570 1400 2665 1454 sed
2694 1409 2901 1457 tantum
2925 1404 3081 1472 juxta
3112 1403 3343 1460 formam
3368 1407 3641 1473 occidere,

2075 1504 2249 1558 eaque
2289 1490 2470 1544 denuo
2512 1491 2867 1556 conformari,
2903 1496 3354 1563 praestabiliorem
3403 1501 3642 1568 speciem

2077 1582 2303 1635 materia
2344 1582 2460 1651 ipsa
2498 1584 2816 1653 recipiente.
2854 1584 3043 1643 Mundi
3091 1589 3183 1644 ille
3215 1604 3435 1660 quoque
3478 1608 3635 1646 crea-

2078 1672 2281 1727 tionem
2310 1675 2462 1744 juxta
2515 1677 2797 1731 materiam
2842 1689 2897 1733 et
2942 1679 3192 1743 formam,
3228 1683 3509 1737 interitum
3543 1700 3642 1737 au-

415 1775 727 1845 Ὀρίζονται
751 1775 807 1828 δὲ
836 1776 932 1827 καὶ
959 1774 1257 1828 ἀνάστασιν
1292 1770 1432 1827 εἶναι
1470 1776 1702 1845 νεκρῶν,
1731 1778 1832 1845 τὴν
1877 1776 1971 1830 τοῦ

2077 1776 2184 1821 tem
2229 1768 2476 1835 ejusdem
2518 1766 2666 1835 iuxta
2716 1772 2945 1825 formam
2993 1773 3362 1839 solummodo,
3399 1792 3506 1830 non
3549 1792 3643 1830 au-

409 1866 665 1936 σὼματος
694 1866 885 1919 τούτου
926 1866 1062 1936 πρὸς
1086 1866 1186 1936 τὴν
1221 1866 1444 1936 λογικὴν
1477 1867 1655 1938 ψυχὴν
1688 1867 1879 1921 ἕνωσιν
1910 1870 1973 1922 ἀ·-

403 1954 681 2008 διάλυτον.
724 1954 782 2006 '0
803 1953 859 2006 δὲ
881 1954 1173 2016 Φιλόπονος
1203 1953 1343 2022 πρὸς
1388 1957 1502 2017 τοῖς
1548 1955 1856 2026 εἰρημένοις
1879 1962 1973 2010 καὶ

404 2045 585 2100 ταῦτα
605 2047 901 2114 φιλοσοφεῖ,
940 2044 972 2116 ἢ
999 2044 1059 2096 τό
1088 2060 1175 2117 γε.
1199 2044 1565 2116 ἀληθέστερον
1613 2047 1811 2113 εἰπεῖν,
1839 2048 1974 2119 φλη-

410 2142 609 2207 ναφείο
646 2157 668 2192 ι
709 2137 919 2194 Οὐκοῦν
953 2138 1158 2207 ἑκάστη
1185 2138 1347 2205 φύσις
1374 2139 1435 2192 ού
1472 2140 1721 2210 μοναχῶς
1753 2141 1972 2209 λέγεται

409 2232 555 2286 τοῦθ’
582 2234 721 2303 ὅπερ
750 2232 918 2297 ἐστὶν,
949 2231 1086 2285 ἀλλὰ
1110 2232 1272 2302 διχῶς
1296 2248 1311 2263 ο
1340 2231 1464 2284 καθ’
1498 2232 1594 2285 ἕνα
1624 2234 1727 2302 μὲν
1751 2235 1972 2303 τρόπον,

402 2326 534 2378 ὅταν
589 2325 680 2378 τὸν
715 2324 896 2378 κοινὸν
929 2325 1169 2395 ἑκάστης
1220 2326 1437 2393 φύσεως
1482 2324 1643 2392 λόγον
1699 2327 1860 2380 αὐτὸν
1886 2329 1972 2398 ἐφ’

407 2414 605 2469 ἑαυτοῦ
634 2414 951 2485 θεωρῶμεν,
987 2408 1098 2468 οἷον
1128 2416 1226 2486 τὴν
1257 2416 1549 2485 ἀνθρώπου
1588 2420 1770 2485 φύσιν,
1811 2420 1842 2489 ἢ
1874 2422 1972 2489 τὴν

404 2507 575 2560 ἵππου
604 2507 663 2559 ἐν
688 2506 864 2559 οὐδενὶ
917 2506 1023 2559 τῶν
1081 2508 1299 2578 ἀτόμων
1344 2500 1639 2581 γινομένην
1666 2527 1680 2539 ⁸
1727 2531 1745 2564 ι
1782 2513 1972 2583 ἑτέραν

400 2601 460 2655 δὲ
487 2603 618 2655 ὅταν
650 2599 823 2670 αὐτὴν
867 2598 932 2669 δὴ
980 2599 1185 2667 ταύτην
1213 2598 1310 2669 τὴν
1356 2601 1541 2669 κοινὴν
1570 2601 1734 2672 φύσιν
1776 2606 1834 2657 ἐν
1861 2607 1972 2667 τοῖς

401 2694 631 2761 ἀτόμοις
669 2690 964 2761 γινομένην
1009 2691 1337 2761 κατίδωμεν,
1375 2692 1466 2744 καὶ
1502 2695 1884 2764 μερικωτάτην
1914 2699 1973 2750 ἐν

403 2787 623 2856 ἑκάστῳ
654 2784 837 2837 αὐτῶν
879 2781 1266 2851 λαμϐάνουσαν
1319 2781 1593 2853 ὓπαρξινο
1644 2787 1739 2839 καὶ
1797 2787 1971 2841 οὐδενὶ

403 2881 552 2949 ἀλλῳ
594 2878 733 2948 πλὴν
768 2876 958 2947 ἐκείνῳ
989 2877 1082 2929 καὶ
1122 2876 1269 2946 μόνῳ
1295 2875 1481 2929 λοιπὸν
1527 2878 1967 2946 ὲφαρμόζουσαν.

406 2973 481 3025 Τὸ
514 2971 623 3041 γὰρ
654 2973 710 3024 ἑν
740 2969 861 3039 ἐμοὶ
889 2968 1027 3033 ζῶον
1054 2968 1270 3036 λογικὸν
1297 2966 1492 3038 θνητὸν
1524 2969 1703 3023 οὐδενὶ
1750 2970 1855 3023 τῶν
1879 2970 1973 3025 ἀλ-

405 3066 515 3118 λων
543 3062 848 3130 ἀνθρώπων
875 3062 994 3113 ἐστὶ
1023 3060 1222 3125 κοινὸν,
1250 3059 1370 3113 οὐδὲ
1400 3061 1431 3129 ή
1474 3063 1529 3113 ἐν
1555 3060 1688 3131 τῷδε
1713 3061 1806 3115 τοῦ
1831 3061 1969 3127 ζώου
2000 3088 2041 3144 c

407 3157 570 3225 φύσις
597 3156 657 3207 ὲν
687 3153 833 3223 ἄλλῳ
866 3154 972 3206 τινὶ
1026 3151 1223 3218 γένοιτ’
1270 3153 1354 3206 ἀν.
1386 3152 1507 3206 Ὀτι
1550 3152 1608 3207 δέ
1638 3154 1841 3218 ταύτας
1874 3157 1970 3223 τὰς

408 3246 615 3307 ἐννοίας
649 3244 780 3313 περί
819 3259 879 3295 τε
916 3242 1132 3310 φύσεων
1164 3242 1277 3311 ἔχει
1306 3244 1400 3295 καὶ
1427 3244 1783 3297 ὑποστάσεων
1810 3249 1843 3315 ἠ
1874 3249 1971 3316 τῆς

420 3335 740 3403 Ἐκκλησία;
778 3332 1117 3394 διδασκαλία,
1146 3332 1307 3401 δῆλον
1339 3335 1396 3399 ἐξ
1420 3327 1494 3386 ὧν
1528 3334 1627 3403 μὲν
1671 3336 1833 3403 φύσιν
1868 3338 1975 3389 [lat-

402 3424 531 3494 τρὸς
552 3439 609 3475 τε
632 3420 726 3473 καὶ
750 3417 880 3473 Υίοῦ
910 3422 1003 3472 καὶ
1029 3420 1185 3488 ἀγίου
1211 3418 1528 3489 Πνεύμάτος
1556 3421 1935 3491 ὁμολογοῦμεν
1952 3438 1966 3451 ο

400 3514 635 3583 τρετςδὲ
669 3514 763 3574 τὰς
818 3511 1025 3564 τούτων
1079 3512 1409 3573 ὑποστάσεις
1463 3512 1644 3566 είτουν
1705 3514 1970 3584 πρόσωπα

398 3606 805 3674 δογματίζομεν
829 3620 845 3637 ο
879 3602 1001 3656 καθ’
1036 3603 1101 3665 ἃς
1126 3602 1357 3655 ἕκαστον
1387 3603 1611 3672 ἰδιότητί
1634 3623 1740 3657 τινι
1774 3608 1836 3659 ἐκ
1864 3607 1972 3660 τῶν

401 3696 604 3749 λοιπῶν
631 3693 989 3763 διακρίνεται.
1023 3692 1118 3757 Τίς
1148 3694 1258 3762 γὰρ
1294 3692 1357 3748 ἂν
1391 3695 1477 3764 είη
1528 3695 1691 3762 φύσις
1719 3696 1818 3765 μία
1855 3697 1972 3749 Οεόρ

398 3806 564 3860 τητος
610 3788 697 3859 ἢὸ
745 3787 923 3849 κοινὸς
980 3784 1082 3849 τῆς
1140 3785 1291 3847 Θείας
1347 3785 1564 3854 φύσεως
1610 3787 1767 3854 λόγος
1806 3790 1970 3853 αὐτὸς

400 3881 527 3936 καθ’
560 3881 752 3934 ἑαυτὸν
785 3879 1183 3947 θεωρούμενος,
1212 3880 1308 3931 aut
1342 3880 1408 3947 τῇ
1457 3878 1587 3948 ψιλῇ
1616 3879 1833 3951 ἐπινοίᾳ
1872 3882 1971 3949 τῆς

398 3974 633 4027 ἑκάστου
666 3972 924 4040 ἰδιότητος
952 3970 1353 4039 κεχωρισμένος
1379 3990 1393 4036 ;
1421 3971 1543 4025 Ὅτι
1570 3989 1628 4023 τε
1662 3972 1970 4043 ἰδικώτερον

398 4067 565 4121 πάλιν
592 4065 653 4118 τὸ
687 4064 788 4133 τῆς
814 4063 1027 4131 φύσεως
1065 4066 1413 4131 γινώσκομεν
1442 4063 1636 4132 ὄνομα,
1669 4068 1759 4117 τὸν
1791 4068 1968 4119 κοινὸν

395 4160 558 4228 λόγον
583 4154 929 4227 τῆςφύσεως
975 4156 1063 4223 ἐφ’
1094 4155 1326 4209 ἑκάστου
1378 4157 1483 4208 τῶν
1520 4158 1761 4227 ἀτόμων,
1799 4159 1967 4228 ἦγουν

395 4251 509 4305 τῶν
533 4249 909 4314 ὑποστάσεων,
939 4248 1177 4318 ἑκάστης
1215 4249 1345 4302 ἴδιον
1376 4251 1660 4321 γινόμενον
1701 4252 1968 4323 θεωροῦν-

395 4358 530 4410 τες·
582 4346 679 4396 καὶ
733 4341 908 4396 οὐδενὶ
964 4340 1155 4394 λοιπὸν
1202 4342 1374 4413 ἑτέρῳ
1410 4342 1515 4397 τῶν
1544 4344 1649 4397 ὑπὸ
1699 4346 1760 4399 τὸ
1792 4346 1968 4399 κοινὸν

2079 1866 2184 1912 tem
2220 1859 2524 1916 secundum
2558 1862 2870 1926 materiam,
2904 1862 3045 1917 ferre
3080 1864 3233 1920 dicit.
3268 1866 3643 1923 Resurrcctio-

2077 1962 2199 2002 nem
2249 1963 2380 2005 vero
2431 1960 2776 2005 mortuorum
2828 1969 2950 2009 esse
3002 1957 3252 2025 corporis
3305 1956 3464 2013 istius
3517 1974 3639 2013 cum

2075 2039 2258 2093 anima
2285 2040 2539 2095 rationali
2566 2042 2825 2097 unionem
2855 2043 3291 2100 iudissolubilem
3318 2047 3586 2102 decernit.
3616 2066 3634 2099 ι

2074 2130 2370 2187 Enimvero
2423 2133 2783 2203 Philoponus,
2838 2146 3038 2205 praeter
3090 2152 3153 2192 ea
3201 2154 3323 2207 qua:
3368 2139 3638 2206 diximus,

2077 2226 2190 2280 haec
2223 2240 2443 2295 quoque
2489 2226 2908 2298 philosophatur
2942 2248 2954 2284 :
2990 2247 3085 2286 seu
3125 2234 3327 2300 potius,
3369 2245 3427 2289 ut
3458 2239 3642 2291 verius

2074 2316 2289 2380 dicam,
2340 2330 2621 2389 nugatur:
2671 2339 2689 2372 ι
2730 2322 2919 2390 Itaque
2976 2335 3168 2378 natura
3222 2329 3478 2394 quaslibet
3532 2346 3639 2385 non

2074 2408 2421 2479 simpliciter,
2462 2411 2515 2466 id
2562 2413 2707 2481 quod
2753 2426 2872 2481 est,
2915 2415 3136 2479 dicitur,
3178 2417 3273 2471 sed
3325 2420 3638 2489 duplicitrr.

2030 2506 2035 2509 “
2074 2498 2193 2555 Uno
2228 2500 2374 2555 enim
2420 2502 2601 2567 modo,
2639 2517 2765 2557 cum
2809 2520 3153 2561 communem
3205 2510 3500 2577 cujuslibet
3547 2530 3643 2566 nn—

2077 2601 2211 2646 turae
2248 2593 2515 2645 rationem
2550 2592 2724 2662 ipsam
2755 2609 2854 2664 per
2884 2597 3118 2666 seipsarn
3152 2603 3589 2670 contemplatnur
3624 2623 3636 2659 :

2076 2687 2242 2741 veluti
2286 2689 2527 2745 hominis
2566 2701 2660 2745 aut
2695 2691 2822 2761 equi
2858 2703 3130 2758 naturam,
3166 2700 3221 2752 in
3258 2700 3406 2754 nullo
3442 2700 3641 2755 indivi-

2074 2779 2309 2833 duorum
2358 2791 2686 2838 exstantem.
2723 2803 2741 2836 ι
2780 2784 2903 2839 Alio
2954 2803 3082 2842 vero
3128 2789 3311 2854 modo,
3347 2806 3471 2845 cum
3520 2808 3638 2846 eam

2074 2869 2249 2940 ipsam
2287 2886 2635 2927 communem
2669 2885 2919 2930 naturam
2956 2878 3009 2931 in
3045 2879 3343 2935 individuis
3372 2882 3641 2937 exsisten-

2077 2973 2210 3024 tem.
2247 2972 2303 3018 et
2350 2967 2737 3035 particularem
2784 2972 3021 3024 maxime
3072 2972 3123 3025 in
3170 2976 3417 3043 quolibet
3451 2993 3636 3033 eorum

2076 3057 2490 3113 subsistentiam
2547 3063 2938 3131 recipientem,
2990 3082 3167 3135 neque
3221 3070 3456 3139 cuipiam
3508 3072 3638 3137 alii,

2073 3158 2437 3221 praeterquam
2475 3151 2548 3206 illi
2590 3152 2689 3223 ipsi
2728 3155 2829 3208 soli
2866 3156 2932 3210 de
2968 3166 3168 3212 caetero
3192 3163 3635 3226 convenientem.

2073 3240 2508 3297 consideramus.
2545 3242 2701 3309 Quod
2736 3262 2970 3317 namque
3004 3249 3055 3302 in
3089 3266 3172 3304 me
3202 3261 3285 3305 est
3314 3255 3515 3309 animal
3551 3272 3639 3309 ra-

2076 3334 2275 3389 tionale
2319 3344 2374 3389 et
2420 3337 2670 3401 mortale,
2706 3339 2840 3391 nulli
2878 3342 3217 3410 reliquorum
3254 3345 3463 3400 homini
3494 3365 3641 3403 com-

2075 3439 2236 3478 mune
2275 3436 2376 3480 est.
2416 3427 2605 3495 Neque
2651 3443 2771 3496 qua":
2818 3429 2873 3482 in
2922 3431 3026 3485 hoc
3069 3432 3185 3501 ipso
3234 3436 3513 3492 animante
3557 3444 3679 3493 est‘

2072 3524 2301 3578 natura,
2359 3516 2409 3569 in
2460 3516 2568 3570 alio
2616 3519 2876 3588 quopiam
2925 3520 3112 3575 fuerit.
3157 3523 3309 3588 Quod
3358 3543 3487 3581 vero
3541 3530 3637 3585 has

2072 3607 2217 3675 ipsas
2251 3610 2508 3664 notiones
2540 3610 2609 3666 de
2642 3611 2851 3665 naturis
2881 3621 2937 3666 et
2970 3615 3346 3673 subsistentiis
3379 3620 3638 3675 Ecclesiae

2072 3700 2319 3756 doctrina
2364 3702 2591 3766 habeat,
2644 3720 2711 3758 ex
2761 3720 2827 3759 eo
2876 3716 3134 3773 constat,
3187 3710 3332 3778 quod
3385 3723 3636 3766 naturam

2071 3790 2293 3860 quidem
2342 3792 2518 3846 Patris
2556 3803 2609 3847 et
2654 3794 2775 3849 Filii
2825 3805 2882 3850 et
2930 3796 3167 3865 Spiritus
3202 3802 3377 3855 sancti
3417 3804 3639 3872 proﬁte-

2075 3899 2220 3949 mur,
2246 3893 2358 3938 tres
2377 3894 2558 3938 autem
2587 3886 2785 3940 horum
2812 3887 3196 3945 subsistentias
3227 3892 3341 3946 sive
3373 3910 3637 3962 personas

2071 3973 2455 4043 praadicamus,
2480 3991 2575 4045 per
2595 3992 2731 4046 quas
2752 3979 3009 4047 qumlibet
3036 3983 3371 4050 preprictate
3397 3986 3632 4054 quadam

2070 4079 2101 4117 a
2139 4066 2363 4136 reliquis
2396 4066 2755 4124 discernitur.
2791 4071 3050 4137 Quanam
3094 4076 3299 4130 etenim
3338 4079 3406 4131 sit
3438 4088 3633 4133 natura

2073 4172 2178 4210 una
2227 4158 2567 4223 divinitatis,
2612 4178 2775 4230 quam
2822 4165 3135 4220 communis
3181 4167 3379 4221 divina:
3428 4178 3637 4225 natura:

2070 4248 2233 4313 ratio,
2270 4249 2385 4319 ipsa
2426 4266 2522 4319 per
2555 4253 2787 4321 seipsam
2822 4258 3187 4322 considerata,
3220 4268 3275 4312 et
3318 4261 3462 4314 nuda
3499 4279 3638 4315 con-

2073 4334 2425 4407 templatione
2482 4358 2509 4395 a
2556 4346 2893 4413 proprietate
2936 4346 3203 4417 cujusque
3252 4350 3527 4407 discreta?
3575 4355 3639 4410 Et

396 4435 544 4500 εἶδος
593 4435 934 4504 ἐφαρμόζειν
987 4434 1307 4504 δυνάμενον,
1341 4435 1544 4507 δηλαδὴ
1604 4437 1766 4490 πάλιν
1796 4438 1856 4504 ἐξ
1891 4435 1965 4491 ὧν

2073 4428 2219 4498 quod
2274 4431 2495 4501 proprie
2531 4444 2587 4486 et
2620 4434 2975 4503 peculiariter
3017 4454 3235 4492 rursum
3288 4451 3497 4497 natura:
3541 4461 3641 4497 no-

396 4532 492 4583 ἐπὶ
525 4525 765 4598 Χριστοῦ
792 4525 885 4578 δύο
942 4523 1157 4592 φύσεων
1187 4524 1381 4577 ἕνωσιν
1416 4525 1793 4597 πρεσϐεύομεν
1816 4543 1829 4558 ο
1866 4531 1965 4599 τῆς

396 4622 674 4691 θεότητος,
710 4617 877 4687 φημὶ,
914 4619 1011 4670 καὶ
1037 4618 1133 4686 τῆς
1179 4618 1626 4689 ἀνθρωπότητος.
1662 4620 1736 4673 Ού
1768 4621 1876 4691 γάρ
1904 4620 1967 4690 δὴ

340 4736 345 4741 .
392 4709 495 4779 τὴν
524 4707 707 4777 κοινὴν
742 4707 833 4757 ἐπὶ
875 4704 974 4773 τῆς
1009 4703 1174 4772 ἁγίας
1221 4704 1454 4773 Τριάδος
1506 4706 1808 4778 νοουμένην
1851 4708 1967 4761 θεό·

391 4817 535 4869 τητα
573 4794 960 4867 σεσαρκῶσθαί
996 4811 1180 4865 φαμεν
1204 4810 1218 4827 ο
1272 4794 1417 4848 οῦτω
1452 4797 1560 4866 γὰρ
1598 4798 1813 4853 ἂψκαί
1869 4799 1967 4867 τὴν

396 4888 810 4959 ἐνανθρώπησιν
834 4886 928 4939 τοῦ
960 4886 1116 4955 ἁγίου
1151 4887 1469 4957 Πνεύματος
1495 4890 1965 4957 κατηγοροίημεν.

408 4983 551 5037 Ἀλλ’
577 4982 700 5035 οὐδὲ
725 4983 816 5033 τὸν
845 4979 1025 5035 κοινὸν
1051 4981 1147 5051 τῆς
1181 4980 1533 5050 ἀνθρωπίνης
1566 4980 1781 5048 φύσεως
1808 4981 1967 5051 λόγον

390 5075 640 5151 ἡνῶσθαι
672 5074 749 5143 τῷ
794 5072 912 5143 Θεῷ
944 5074 1106 5143 Λόγῳ
1140 5072 1456 5141 δοξάζομεν.
1514 5070 1673 5126 Οὕτω
1733 5076 1843 5144 γὰρ
1899 5076 1966 5126 ἂν

393 5166 561 5219 πάλιν
584 5161 675 5215 καὶ
704 5162 820 5222 τοῖς
850 5159 955 5229 πρὸ
980 5160 1075 5212 τοῦ
1099 5160 1276 5227 Λόγου
1311 5160 1606 5231 ἐπιδημίας
1649 5162 1966 5230 γενομένοις

388 5256 728 5325 ἀνθρώποις,
762 5250 856 5305 καὶ
888 5254 1002 5310 τοῖς
1055 5252 1174 5322 μετ’
1219 5251 1390 5316 αὐτὴν
1434 5252 1718 5321 ἐσομένοις
1759 5253 1966 5307 ἆπασιν

389 5346 636 5419 ἡνῶσθαι
668 5347 733 5398 ἂν
754 5346 781 5397 ό
804 5343 896 5397 τοῦ
932 5343 1067 5397 Θεοῦ
1092 5345 1261 5411 Λόγο;
1292 5343 1517 5407 δικαίως
1545 5344 1785 5413 ἐλέγετο.
1805 5346 1967 5402 ’Λλλά

386 5442 549 5510 δῆλον
594 5440 678 5492 ὅτι
708 5437 869 5505 φύσιν
904 5437 1157 5505 θεότητος
1188 5436 1424 5489 ἐνταῦθά
1456 5453 1638 5506 φαμεν
1667 5436 1765 5508 τὴν
1810 5438 1870 5490 ἐν
1898 5442 1963 5510 τῇ

390 5532 693 5585 ὑποστάσει
736 5527 831 5582 τοῦ
876 5530 1049 5596 Λόγου
1099 5530 1193 5597 τῆς
1250 5529 1441 5598 κοινῆς
1475 5528 1731 5599 θεότητος
1778 5529 1963 5599 φύσιν.

390 5625 560 5679 Ὀθεν
598 5623 692 5676 καὶ
719 5623 852 5690 μίαν
886 5620 1047 5688 φύσιν
1076 5620 1169 5673 τοῦ
1200 5620 1334 5673 Θεοῦ
1382 5622 1560 5689 Λόγου
1600 5622 1963 5692 σεσαρκωμέ-

390 5738 490 5791 νην
529 5714 926 5787 ὁμολογοῦμεν,
983 5715 1168 5782 σςφῶς
1225 5716 1613 5782 ἀποκρίνοντες
1662 5718 1831 5788 αὐτὴν
1867 5719 1960 5772 τοῦ

748 5812 997 5873 ΡΑτιιοι.
1050 5813 1159 5871 Gn.
1216 5810 1491 5872 CXLVII.

2074 4537 2197 4575 men
2227 4523 2661 4589 consideremus,
2694 4525 2823 4580 dum
2861 4528 3130 4584 rationem
3171 4543 3381 4587 natura:
3415 4535 3469 4588 in
3504 4552 3640 4605 quo-

2069 4614 2204 4669 libet
2239 4615 2648 4671 individuorum
2693 4620 2808 4673 sive
2853 4621 3336 4679 subsistentiarum
3386 4642 3639 4681 comnm-

2072 4721 2219 4772 nem,
2244 4709 2519 4776 propriam
2544 4718 2708 4780 atque
2731 4713 3062 4781 peculiarem
3088 4717 3384 4786 cujuslibet
3415 4720 3635 4785 factam,

2070 4812 2191 4865 qua:
2222 4798 2358 4852 nulli
2388 4796 2648 4870 deinceps
2680 4801 2794 4866 alii,
2822 4804 2966 4870 quod
3000 4805 3102 4859 sub
3133 4820 3483 4861 communem
3517 4824 3640 4877 spev

2071 4892 2211 4944 ciem
2251 4892 2432 4955 cadat,
2474 4898 2717 4962 coaptari
2759 4895 2950 4963 possit,
2983 4898 3442 4965 contemplamur,
3475 4915 3537 4956 ex
3572 4918 3639 4956 eo

2072 4991 2240 5052 patet,
2288 4984 2435 5052 quod
2490 4985 2543 5038 in
2588 4986 2802 5040 duabus
2843 4987 3044 5042 Christi
3096 4990 3331 5055 naturis,
3378 4993 3637 5047 unionem

2069 5076 2396 5141 divinitatis,
2424 5076 2669 5147 inquam,
2695 5090 2751 5133 et
2780 5080 3138 5135 humanitatis
3166 5082 3449 5136 (locemus.
3475 5085 3642 5155 874

2068 5168 2187 5222 Non
2232 5170 2378 5221 enim
2426 5185 2800 5234 communem,
2842 5188 3003 5240 quam
3054 5173 3107 5241 in
3151 5183 3334 5228 sancta
3374 5175 3641 5231 Triuilate

2067 5258 2481 5314 consideramus
2534 5261 2906 5324 divinitatem,
2948 5266 3284 5321 ineat-natam
3328 5284 3453 5323 esse
3503 5272 3641 5323 (lici—

2068 5363 2191 5402 mus
2218 5365 2231 5401 ;
2264 5346 2343 5403 sic
2373 5348 2577 5403 etenim
2613 5360 2668 5403 et
2697 5349 2874 5405 Patris
2903 5362 2959 5405 et
2989 5352 3226 5422 Spiritus
3251 5356 3424 5411 s.mcii
3455 5359 3635 5413 incar-

2068 5440 2343 5494 nationem
2379 5442 2898 5510 praadicavcrimus;
2937 5446 3031 5499 scd
3072 5462 3248 5516 neque
3292 5464 3636 5503 communem

2068 5532 2319 5585 humanae
2352 5542 2558 5587 naturae
2598 5534 2867 5591 rasioneut
2910 5538 3116 5592 unitam
3158 5554 3277 5593 esse
3312 5540 3420 5593 Deo
3459 5542 3637 5593 Vcrho

2067 5625 2379 5694 opinamur.
2438 5626 2515 5679 Eo
2567 5642 2798 5695 namque
2844 5640 3024 5697 pacto,
3071 5638 3123 5684 ct
3174 5632 3265 5698 qui
3307 5639 3431 5682 ante
3478 5630 3635 5683 Verbi

2068 5718 2365 5771 adventum
2409 5719 2761 5786 cxslitcrurit,
2797 5728 2849 5771 et
2885 5721 2975 5788 qui
3022 5730 3203 5789 postea
3255 5720 3421 5771 l‘utnri
3459 5730 3635 5786 ciant,

3266 5810 3335 5871 15-
