4100 6216
445 259 545 320 427
1411 250 1416 256 ’
1681 256 2105 320 NICEPHORI
2145 252 2490 317 CALLISTI
3615 243 3720 308 ΑΕΒ

451 358 770 431 hominibus
831 374 1126 440 omnibus,
1186 375 1403 428 unitum
1462 388 1586 430 esse
1640 374 1738 428 Dei
1792 373 2030 428 Verbum

2163 386 2196 421 ηε
2254 368 2470 438 Πατρός
2528 365 2624 421 καὶ
2661 362 2758 419 τοῦ
2791 357 2947 434 ἁγίου
2990 364 3350 434 Πνεύματος·
3381 365 3526 420 ὥστε
3581 365 3718 418 κάν-

451 480 604 524 rccte
633 468 871 523 dicatur.
902 466 1172 522 Canterqu
1201 465 1336 521 satis
1365 465 1558 535 liquet,
1585 480 1686 521 nos
1714 465 1806 524 hic
1828 459 2031 520 divini-

2163 459 2318 514 :a60a
2361 459 2452 512 τὸν
2496 459 2679 512 κοινὸν
2704 459 2804 530 τῆς
2849 459 3067 535 φύσεως
3093 459 3254 526 λόγον
3288 457 3418 511 ἴδιον
3449 457 3545 511 τοῦ
3577 458 3717 512 Θεοῦ

455 559 587 616 tatis
621 570 870 613 naturam
905 559 1091 613 dicere
1128 573 1250 613 eam
1284 573 1406 627 qua:
1450 569 1539 612 est.
1575 557 1627 611 in
1675 554 2031 611 subsistentia

2163 553 2315 619 λόγου
2366 551 2709 620 νενοηκότος,
2758 550 3147 622 σεσαρκῶσθαί
3177 565 3363 620 φαμεν
3388 549 3486 604 τοῦ
3535 552 3720 621 Λόγου

451 653 646 728 Verbi,
689 667 796 706 non
833 651 1145 705 communis
1173 649 1481 705 divinitatis
1513 658 1792 703 naturam.
1842 647 2033 716 Itaque

2163 644 2236 716 ὴν
2265 642 2429 712 φύσιν
2453 659 2470 672 ⁸
2501 643 2599 698 καὶ.
2628 643 2791 712 φύσιν
2816 642 2979 697 πάλιν
3005 641 3432 714 ἁνθρωπότητος
3461 641 3724 710 λέγοντες

450 743 617 799 etiam
665 757 831 797 unam
875 751 1127 796 naturam
1171 739 1265 796 Dei
1315 740 1480 794 Verbi
1527 741 1863 794 incarnatam
1908 751 2032 792 esse

2163 737 2384 809 ινῶσθαι
2410 735 2489 807 τῷ
2521 736 2702 806 Λόγῳ,
2732 735 2831 805 τὴν
2869 736 3260 806 μερὶκωτάτην
3286 735 3507 805 ἐκείνην
3539 733 3722 804 ὕπαρ-

449 837 798 906 prolitemur,‘
835 833 1042 888 diserte
1086 847 1208 886 eam
1241 848 1270 886 a
1309 832 1470 887 Patre
1501 839 1556 885 et
1590 829 1797 898 Spiritu
1840 835 2036 883 sancto

2163 837 2248 894 ςιν,
2279 830 2346 898 ἣν
2378 829 2548 898 μόνην
2591 829 2660 881 ἐκ
2705 826 2897 882 πασῶν
2927 829 2957 882 ό
2984 827 3159 896 Λόγος
3196 827 3562 896 προσείληφε,
3601 827 3728 895 δογ-

451 939 854 984 secernentes:
895 927 966 982 ita
1022 935 1082 981 ut
1132 925 1223 980 hic
1265 939 1487 994 quoque
1531 937 1883 978 communem
1931 936 2035 976 na-

2163 922 2466 992 ιατίζομεν.

455 1014 593 1077 tum
663 1023 957 1086 rationem,
1022 1021 1302 1092 propriam
1347 1021 1458 1092 jam
1506 1018 1602 1074 Dei
1640 1018 1840 1074 -Verbi
1916 1031 2037 1072 esse
2092 1018 2482 1088 intelligentes,
2539 1015 2705 1074 Verbi
2755 1028 3006 1072 naturam
3061 1015 3399 1070 inearnatam
3451 1013 3724 1070 dicamus.

452 1115 521 1170 Et
559 1126 813 1170 naturam
851 1114 1042 1169 itidem
1085 1113 1452 1168 humanitatis
1485 1113 1694 1166 unitam
1727 1110 1906 1165 Verbo
1983 1110 2258 1180 dicentes,
2329 1111 2722 1183 particularem
2765 1109 3004 1165 maxime
3075 1109 3223 1164 illam
3288 1106 3725 1174 subsistentiam,

458 1223 634 1278 quam
663 1209 832 1263 solam
870 1224 934 1262 ex
973 1208 1230 1262 omnibus
1266 1205 1510 1260 Verbum
1546 1205 1866 1275 assumpsit,
1901 1204 2190 1260 sentimus.

1005 1348 1235 1429 canor
1275 1345 1510 1402 XLVIII.
1550 1303 1552 1306 ’

465 1467 732 1523 Praeterea
767 1467 829 1520 de
865 1463 1050 1519 haeresi
1097 1460 1619 1531 Mouoiihysitarum,
1647 1460 1796 1531 quod,
1815 1476 1878 1513 ea
1910 1460 2038 1515 insi-

534 1540 676 1592 diose
693 1541 980 1590 admodum
1021 1543 1067 1586 et
1086 1529 1374 1602 periculose
1391 1533 1454 1584 de
1489 1529 1584 1584 (rei
1607 1529 1754 1585 Vérbi
1782 1530 2006 1584 incarna

531 1610 673 1662 tione
702 1611 978 1676 opinatur.

537 1723 643 1778 Sed
679 1721 1020 1791 Philoponus
1053 1733 1176 1774 cum
1210 1717 1581 1774 sectatoribus
1624 1718 1760 1784 suis,
1792 1731 2044 1772 commuv
2074 1753 2120 1812 Β

461 1830 590 1869 nem
623 1814 920 1868 humanam
951 1818 1233 1874 naturam,
1265 1809 1551 1880 ipsamque
1578 1809 1742 1864 etiam
1775 1807 2044 1886 divinam,

463 1922 627 1977 quam
678 1903 1074 1962 indivisibilem
1116 1901 1377 1966 dicimus,
1412 1900 1468 1955 in
1513 1900 1782 1972 plurimas
1815 1901 2049 1970 partitur

468 2012 755 2069 personas,
778 1977 1109 2051 discernens
1138 2008 1283 2058 eam,
1308 2000 1366 2047 et
1398 1993 1717 2062 singulatim
1749 1991 2052 2046 individuis

469 2089 739 2153 tribuens,
775 2094 829 2142 et
867 2086 1044 2140 tribus
1082 2083 1637 2154 supersubstantialis
1669 2092 1882 2138 naturae
1916 2081 2050 2138 sub-

463 2181 740 2237 sistentiis
786 2178 1141 2245 dispertiens.
1188 2175 1248 2231 ld
1285 2191 1420 2230 vero
1454 2173 1638 2245 ipsum
1675 2190 1704 2228 a
1739 2185 1890 2230 recte
1922 2189 2048 2230 sen—

470 2273 739 2328 tientibus
798 2283 1030 2338 prorsus
1088 2276 1174 2323 est
1223 2267 1467 2321 alienum
1521 2285 1534 2320 :
1588 2265 2052 2335 quemadmodum

469 2365 576 2418 hoc
609 2377 837 2430 magnus
873 2360 927 2415 in
964 2360 1238 2429 theologia
1274 2359 1357 2412 vir
1387 2357 1691 2428 Gregorius
1746 2357 2054 2412 clarissime

471 2455 528 2509 in
582 2454 727 2507 libro
783 2450 849 2504 ad
909 2449 1201 2519 Evagriqu
1255 2447 1588 2502 monachum
1643 2451 1709 2502 de
1764 2447 2055 2502 divinitate

471 2544 716 2613 scripto,
771 2539 990 2594 astruit.
1046 2538 1192 2605 Quin
1243 2537 1410 2595 etiam
1465 2548 1590 2609 post
1645 2535 1801 2591 illum
1851 2536 2053 2590 eruditi

472 2635 698 2705 quidam
745 2631 1020 2695 homines,
1062 2645 1124 2685 ea
1169 2645 1291 2700 qua:
1333 2642 1623 2700 perperam
1672 2643 1702 2681 a
1747 2626 2057 2696 Philopono

472 2725 687 2796 prolata
735 2732 900 2788 sunt,
954 2722 1299 2777 refelleruut.
1365 2718 1429 2774 Et
1483 2735 1607 2774 cum
1660 2718 1912 2789 plerique
1963 2715 2056 2770 alii

473 2819 698 2890 scriptis
733 2818 851 2871 suis
880 2804 944 2870 ea
979 2823 1394 2886 Oppugnarunt,
1429 2821 1542 2867 tum
1575 2810 1839 2866 Leontius
1870 2824 2059 2864 mona-

467 2913 617 2969 chus
668 2910 917 2965 omnium
973 2908 1210 2962 maxime
1262 2905 1543 2978 egregium
1593 2904 1795 2959 librum
1838 2903 2060 2972 triginta

475 3004 720 3074 capitum
770 3012 960 3055 contra
1012 3000 1160 3053 illum
1218 2997 1581 3066 conscripsit,
1627 3012 1738 3065 quo
1791 2995 1951 3050 simul
2005 3002 2060 3047 et

2705 1346 2957 1400 ΚΕΦΑΛ.
3007 1345 3151 1400 Mll’.

2147 1464 2274 1534 Ἔτι
2303 1462 2438 1534 περὶ
2475 1459 2597 1534 tibi:
2616 1459 3081 1534 Μονοφυσιτῶν,
3108 1460 3199 1514 ὅτι
3230 1461 3556 1534 σφαλερῶς
3587 1464 3729 1534 περὶ

2173 1533 2286 1602 τῆς
2315 1532 2424 1586 τοῦ
2451 1531 2601 1586 Θεοῦ
2632 1532 2831 1600 Λόγου
2857 1532 3220 1602 σαρκώσεως
3251 1531 3693 1602 δογματίζουσι.

2231 1709 2370 1764 Ἀλλ’
2401 1711 2428 1762 ό
2459 1709 2562 1778 μὲν
2592 1707 2888 1770 Φιλόπονος
2922 1707 3017 1760 καὶ
3050 1708 3167 1762 ὅσοι
3211 1707 3424 1762 ἐκείνου
3467 1708 3729 1782 σύμφρο-

2149 1821 2259 1867 νες,
2283 1803 2383 1873 τὴν
2408 1801 2596 1865 κοινὴν
2626 1801 2978 1870 ἀνθρωπείαν
3006 1800 3192 1870 φύσιν,
3219 1804 3312 1854 καὶ
3335 1804 3507 1874 αὐτὴν
3539 1805 3596 1859 δὲ
3627 1805 3732 1878 τὴν

2150 1895 2304 1950 θείαν
2356 1896 2423 1966 ἥν
2472 1911 2653 1965 φαμεν
2696 1895 3031 1966 ἀδιαίρετον,
3061 1898 3144 1958 είς
3200 1897 3432 1952 πλεῖστα
3487 1899 3733 1970 διίστησι

2151 1991 2441 2058 πρόσωπα,
2471 1988 2806 2057 ἀποδιαιρῶν
2856 1988 3026 2060 αὐτὴν
3077 1989 3220 2042 κατὰ
3279 1993 3453 2060 μόνην
3502 1993 3732 2047 ὲνιστῶν

2153 2082 2266 2150 τοῖς
2296 2081 2544 2148 ἀτόμοις,
2570 2081 2666 2134 καὶ
2685 2082 2804 2144 ταῖς
2829 2080 2982 2151 τρισὶ
3010 2081 3254 2150 μερίζων
3276 2082 3377 2152 τῆς
3400 2083 3732 2154 ὑπερουσίου

2155 2173 2369 2241 φύσεως
2399 2173 2754 2228 ὑποστάσεσι.
2790 2171 2964 2226 Τοῦτο
2989 2173 3044 2227 δὲ
3072 2174 3252 2244 πάντη
3291 2174 3580 2246 ἀλλότριον
3618 2179 3736 2240 τοῖς

2153 2266 2510 2338 ὀρθόφροσιν·
2544 2268 2618 2329 ὡς
2649 2265 2713 2336 δὴ
2746 2268 2841 2322 καὶ
2870 2270 2898 2321 ό
2931 2268 3107 2339 μέγας
3141 2269 3200 2322 ιν
3243 2268 3494 2340 θεολογίᾳ
3521 2270 3740 2341 Γρηγόο

2158 2376 2273 2427 ριος
2302 2357 2463 2411 10610
2511 2359 2883 2430 ἀριδηλότατα
2935 2359 3181 2430 παριστᾷ
3219 2361 3278 2414 ὲν
3304 2360 3385 2432 τῷ
3433 2361 3569 2432 πρὸς
3599 2362 3740 2417 Εὐά-

2157 2468 2316 2520 γριον
2348 2452 2580 2522 μοναχὸν
2622 2452 2770 2524 λόγῳ
2799 2454 2930 2523 περὶ
2983 2452 3264 2524 θεότητος.
3305 2455 3379 2509 Οὐ
3410 2455 3519 2525 μὴν
3548 2455 3608 2509 δὲ
3642 2457 3740 2509 καί

2157 2560 2300 2605 τινες
2333 2545 2441 2598 τῶν
2501 2545 2802 2614 μετέπειτα
2834 2545 3032 2613 λογίων
3079 2546 3446 2616 ἀνεξέλεγκτα
3481 2549 3740 2618 παρῆκαν

2159 2637 2228 2690 τὰ
2264 2634 2344 2706 τῷ
2373 2635 2655 2706 Φιλοπόνῳ
2687 2637 2875 2700 κακῶς
2906 2637 3330 2709 ἐξενηνεγμένα.
3358 2639 3520 2696 Ἀλλὰ
3551 2639 3742 2694 πολλοὶ

2164 2728 2264 2798 μὲν
2290 2729 2384 2782 καὶ
2412 2726 2564 2782 ἄλλοι
2587 2728 2803 2793 τούτοις
2827 2729 3145 2784 ἀντέθεντο·
3175 2730 3416 2800 μάλιστα
3439 2733 3496 2786 δὲ
3517 2733 3741 2788 πάντων

2161 2823 2188 2874 ὁ
2223 2821 2459 2891 μοναχὺς
2494 2822 2751 2885 Λεόντιος
2801 2822 3067 2890 γενναίως
3099 2823 3160 2877 ὲν
3193 2823 3238 2877 λ’
3293 2824 3615 2894 κεφαλαίοις
3651 2825 3739 2895 βί-

2165 2913 2291 2966 ϐλον
2325 2914 2457 2982 ὃλην
2503 2913 2718 2978 τούτοις
2761 2914 3124 2985 ἀντέστησεν,
3162 2915 3333 2987 ἄρδην
3368 2917 3466 2985 μὲν
3500 2917 3599 2988 τὴν
3626 2934 3745 2970 τοι-

2163 3005 2339 3075 αύτην
2366 3005 2580 3076 αἵρεσιν
2601 3005 3042 3076 ἀνατρέπουσαν,
3079 3007 3290 3077 σφόδρα
3316 3007 3372 3062 δὲ
3399 3009 3492 3063 καὶ
3527 3011 3590 3062 τὸ
3614 3011 3744 3064 καθ’

464 3095 731 3152 Ἰιωτοεὶηι
777 3109 899 3148 eam
949 3106 1177 3162 prorsus
1229 3091 1460 3154 evertit,
1507 3099 1563 3142 ct
1615 3086 1759 3159 piam
1811 3096 2054 3144 nostram

2163 3098 2310 3168 ἡμᾶς
2344 3097 2567 3162 εὐσεϐὲς
2619 3098 2801 3169 δόγμα
2841 3099 3246 3170 κρατύνουσαν.
3288 3102 3416 3156 Ἐπὶ
3459 3101 3517 3156 δὲ
3563 3101 3744 3174 τούτῳ

476 3185 809 3240 sententiam
855 3182 1011 3236 valde
1057 3181 1369 3235 conlirmat.
1415 3179 1546 3234 Post
1594 3178 1740 3233 huisc
1780 3185 1838 3232 ct
1881 3175 2058 3230 admi-

477 3277 684 3331 ramlus
753 3275 841 3328 ille
890 3274 1158 3327 diaconus
1211 3282 1377 3339 atque
1423 3268 1833 3324 referendarius
1887 3267 2060 3322 Geor-

476 3384 602 3438 g.us
634 3367 870 3430 Pisides,
904 3365 1132 3435 azqualis
1167 3365 1282 3418 sive
1320 3373 1630 3417 eoa-laneus
1666 3361 1837 3426 illius,
1869 3375 2061 3430 quam-

480 3464 562 3517 vis
610 3471 770 3515 a:tate
821 3459 1108 3528 aliquanto
1147 3455 1358 3527 junior,
1400 3453 1598 3509 iambis
1647 3450 2057 3523 pulcherrimis,

479 3569 620 3622 quos
656 3551 901 3607 scribere
941 3556 1328 3609 consueverat,
1359 3559 1490 3600 cum
1524 3543 1670 3598 dicta
1703 3541 1895 3597 hwresi
1929 3556 2059 3596 con-

479 3660 725 3718 gressus,
775 3641 940 3713 875
997 3655 1112 3695 rcIn
1165 3639 1364 3694 seriam
1415 3636 1631 3691 ludicro
1682 3633 2058 3704 temperando,

477 3739 547 3795 ad
588 3739 737 3793 hunc
778 3739 1002 3791 tnodum
1047 3732 1238 3796 refert,
1278 3728 1674 3786 absurditatem
1713 3727 1864 3782 illius
1909 3725 2056 3780 refu-

479 3845 605 3887 ιειιιε
636 3849 650 3885 ἶ

555 3963 720 4018 [nam
758 3968 916 4028 atque
943 3971 1063 4011 mox
1109 3972 1277 4008 unam
1323 3952 1510 4025 lapillo
1532 3959 1841 4028 computat:

554 4039 619 4088 At
651 4024 888 4084 munitet
921 4044 1086 4081 unum
1117 4029 1251 4094 forte
1273 4028 1318 4079 si
1358 4024 1519 4077 mium
1545 4024 1766 4086 dixeris,

554 4106 712 4156 Pueri
736 4102 815 4154 vel
843 4103 943 4167 ipsi
974 4098 1079 4150 Iule
1107 4099 1302 4149 dictum
1329 4097 1558 4149 riserint.

477 4243 637 4313 Quod
675 4250 859 4297 autem
923 4238 1210 4294 versiculis
1266 4237 1354 4291 hic
1401 4233 1697 4305 expressit,
1735 4233 1815 4287 sic
1849 4231 2057 4286 habet:

481 4339 789 4400 Protiteris,
823 4333 1024 4402 inquit,
1080 4319 1412 4401 Philopone,
1446 4327 1906 4398 plii1050phorum
1939 4341 2061 4380 om-

483 4433 636 4486 nium
657 4424 1094 4483 laboriosissime
1109 4432 1165 4478 et
1202 4421 1637 4492 sapientissime,
1670 4421 1808 4474 duas
1834 4426 2061 4472 naturas

484 4524 540 4576 in
577 4521 757 4577 Verbo
808 4519 993 4572 unitas
1045 4530 1200 4571 esse:
1258 4529 1423 4569 unam
1451 4511 1774 4577 divinitatis,
1823 4520 2088 4565 etunam-

486 4612 866 4669 humanitatis.
894 4611 951 4665 Si
980 4623 1112 4680 ergo
1133 4608 1272 4662 duas
1301 4616 1521 4661 naturas
1547 4606 1689 4660 dicis
1716 4609 1772 4658 in
1805 4619 1872 4659 eo
1927 4619 2062 4657 con-

487 4705 726 4765 venisse,
745 4700 1020 4769 quomodo
1045 4697 1182 4752 duas
1220 4696 1274 4749 in
1303 4693 1464 4749 uuam
1498 4711 1692 4749 rursus
1722 4691 2010 4748 contrabis
2038 4691 2062 4745 Υ

485 4795 604 4849 Una
635 4807 875 4862 namque
914 4802 971 4845 et
993 4804 1100 4843 una
1148 4788 1272 4843 duae
1303 4796 1452 4852 sunt,
1481 4802 1589 4840 non
1626 4801 1755 4839 una.
1793 4785 1982 4854 Itaque
2013 4783 2060 4840 si

489 4892 620 4957 quis
645 4890 699 4943 iu
734 4887 928 4942 eadem
973 4884 1221 4954 subjecta
1277 4898 1336 4936 re
1375 4881 1486 4935 duo
1548 4881 1798 4950 quaedam
1867 4878 2066 4946 praedi-

491 4981 672 5035 cando
700 4979 925 5038 indicet.
957 4992 1132 5046 eaque
1169 4976 1284 5046 ipsa
1298 4991 1518 5030 rursum
1549 4976 1604 5028 in
1640 4988 1814 5028 unum
1836 4973 2067 5043 redigat,

491 5072 786 5127 ridendum
830 5087 888 5127 se
929 5069 1129 5124 merito
1191 5069 1450 5138 praebeat.
1488 5067 1639 5122 Talis
1659 5065 2072 5137 Monophysita-

491 5184 610 5221 ruttt
655 5165 762 5220 fuit
815 5166 1068 5230 heresis,
1123 5163 1274 5234 impii
1305 5161 1544 5218 Nestorii
1611 5161 1808 5217 haeresi
1842 5176 2070 5233 prorsus

491 5259 792 5314 contraria.
847 5258 1135 5314 Nestorius
1159 5258 1331 5323 enim,
1381 5267 1611 5327 propter
1639 5256 1778 5311 duas
1821 5263 2070 5321 naturas,

490 5351 630 5405 duas
674 5349 841 5405 etiam
901 5349 1285 5405 subsistentias
1337 5357 1629 5413 numerat,
1663 5347 1754 5404 isti
1789 5361 1917 5401 vero
1942 5361 2067 5417 pro-

443 5438 446 5442 ’
489 5450 611 5512 pter
650 5457 813 5496 unam
879 5440 1294 5496 subsistentiam
1324 5454 1486 5494 unam
1547 5455 1769 5509 qu0que
1806 5438 2063 5494 substan-

492 5533 623 5586 tiam
646 5544 700 5586 et
726 5545 1002 5587 naturam.
1025 5531 1225 5587 Verum
1245 5531 1482 5586 Nestorii
1513 5513 1757 5596 haeresis,
1783 5540 1843 5585 ut
1868 5532 1934 5584 de
1964 5531 2068 5584 hac

488 5641 683 5681 rursus
729 5641 974 5696 agamus,
1033 5639 1146 5679 non
1173 5624 1308 5680 dicit
1362 5622 1533 5679 Deum
1560 5624 1835 5678 hominem
1863 5623 2064 5678 factum

488 5736 633 5784 esse,
668 5735 845 5789 neque
893 5720 961 5777 de
993 5721 1132 5778 caalo
1161 5721 1534 5783 descendisse,
1563 5726 1616 5774 ct
1673 5717 1927 5794 humana:
1967 5734 2066 5772 na-

2163 3191 2258 3243 καὶ
2284 3193 2312 3243 ό
2341 3189 2650 3260 θαυμάσιος
2673 3191 2920 3269 όιάκονος
2946 3194 3044 3246 καὶ
3075 3193 3530 3264 ῥαιφερενδάριος
3558 3193 3746 3265 Γεώρ-

2161 3300 2279 3351 γιος
2311 3285 2340 3336 ό
2383 3281 2671 3352 Πισσίδης,
2706 3283 3010 3356 ἡλικιώτης
3051 3284 3129 3338 ὢν
3175 3287 3396 3356 ἐκείνῳ,
3441 3288 3490 3339 εί
3525 3287 3620 3340 καὶ
3664 3287 3747 3357 τῷ

2162 3379 2342 3450 χρόνῳ
2372 3377 2493 3431 λίαν
2516 3376 2806 3449 νεώτερος,
2857 3380 2916 3432 ὲν
2949 3380 3160 3449 ίάμϐων
3194 3383 3420 3452 μέτροις
3468 3381 3746 3452 ἀρίστοις.

2163 3471 2354 3541 ὥσπερ
2379 3469 2584 3524 εἴθιστο
2613 3471 2873 3542 γράφειν,
2908 3471 3042 3542 πρὸς
3073 3474 3172 3545 τὴν
3201 3475 3505 3546 εἰρημένην
3525 3475 3745 3547 αἵρεσιν

2168 3563 2416 3631 ἀντιϐὰς,
2459 3564 2556 3618 καὶ
2586 3563 2811 3618 παιδιὰν
2834 3565 3038 3636 σπουδῇ
3084 3569 3370 3645 κεραννὺς,
3418 3567 3564 3622 οὕτω
3610 3585 3734 3631 πως

2162 3656 2531 3728 διεξέρχεται,
2570 3657 2780 3729 σφόδρα
2808 3656 3104 3740 διελέγχων
3127 3661 3189 3714 τὸ
3217 3661 3421 3716 ἄτοπον
3440 3677 3456 3694 ·

2310 3963 2632 4031 Ψηφίζεται
2661 3960 2879 4019 θᾶττον
2903 3964 3051 4032 μίαν
3079 3981 3143 4017 τε
3172 3964 3269 4017 καί
3298 3965 3447 4034 μίαν
3475 3983 3490 3998 ·

2305 4034 2376 4088 El
2408 4035 2517 4102 γὰρ
2541 4035 2689 4103 μίαν
2721 4050 2785 4086 τε
2817 4035 2914 4087 καί
2937 4035 3088 4102 μίαν
3109 4035 3310 4103 λέγεις
3335 4037 3502 4103 μίαν,

2303 4103 2508 4171 Γέλως
2536 4105 2602 4159 τὸ
2626 4103 2849 4172 λεχθὲν
2888 4105 3148 4174 γίγνεται
3174 4107 3271 4159 καὶ
3301 4106 3586 4175 παιδίοις.
3679 4140 3690 4147 η

2170 4239 2235 4292 '0
2261 4239 2316 4290 δέ
2342 4255 2476 4308 φησι
2499 4237 2739 4291 τοιοῦτόν
2771 4237 2920 4291 ἐστιν
2943 4252 2960 4268 '
3020 4239 3336 4308 Ὁμολογεῖς
3359 4284 3373 4309 ,
3409 4243 3564 4315 φησὶ,
3597 4247 3753 4314 φιλο-

2165 4331 2440 4384 πονώτατε
2469 4330 2565 4382 καὶ
2595 4329 3020 4399 φιλοσοφώτατε,
3051 4332 3145 4384 δύο
3173 4334 3362 4403 φύσεις
3399 4338 3641 4406 ἡνῶσθαι
3667 4340 3750 4410 τῷ

2167 4422 2323 4490 Λόγῳ
2354 4437 2368 4451 ο
2405 4420 2530 4490 μίαν
2555 4421 2656 4490 τῆς
2680 4420 2932 4492 θεότητος
2986 4423 3078 4474 καὶ
3110 4423 3238 4492 μίαν
3264 4425 3364 4493 τῆς
3390 4426 3754 4501 ἀνθρωπότη-

2175 4532 2290 4577 τος.
2325 4514 2391 4567 Et
2415 4513 2596 4566 τοίνυν
2621 4512 2716 4566 δύο
2745 4515 2936 4582 φύσεις
2981 4515 3161 4583 λέγεις
3198 4518 3621 4588 συνεληλυθέναι
3655 4525 3756 4578 αύ-

2171 4606 2272 4676 τῷ,
2299 4606 2416 4669 πῶς
2444 4607 2524 4668 είς
2576 4605 2705 4676 μίαν
2735 4602 2890 4669 αὖθις
2917 4607 3014 4670 τὰς
3046 4607 3142 4661 δύο
3170 4609 3513 4679 συστέλλειςς
3576 4615 3715 4682 φησί
3738 4632 3754 4647 ο

2177 4701 2277 4768 μία
2307 4699 2414 4770 γάρ
2456 4700 2551 4754 καὶ
2578 4699 2676 4770 μία
2723 4698 2838 4766 δύο,
2868 4699 2986 4755 ἀλλ’
3015 4701 3136 4772 οὐχὶ
3178 4701 3298 4769 μία.
3329 4704 3506 4768 rem;
3539 4707 3670 4774 γοῦν
3704 4711 3762 4764 εῐ

2173 4810 2256 4856 τις
2311 4794 2454 4846 κατά
2516 4793 2612 4846 106
2669 4794 2834 4847 αὑτοῦ
2875 4794 3236 4864 ὑποκειμένου
3294 4797 3388 4850 δύο
3419 4802 3754 4873 κατηγοροίη

2165 4885 2310 4949 τινὰ,
2345 4884 2438 4937 καὶ
2474 4880 2628 4948 αὖθις
2659 4883 2718 4938 ἓν
2744 4885 2908 4939 πάλιν
2963 4890 3032 4940 τά
3055 4885 3283 4940 τοιαῦτα
3313 4892 3546 4945 ποιοῖτο.
3593 4893 3760 4947 Ἀλλὰ

2167 4975 2392 5046 τοιαύτη
2437 4976 2536 5045 μὲν
2569 4977 2599 5046 ἡ
2647 4976 2757 5030 τῶν
2801 4978 3196 5046 Μονοφυσιτῶν
3230 4980 3461 5051 αἵρεσις,
3493 4983 3758 5040 ἐναντιω-

2167 5065 2303 5134 τάτη
2330 5066 2564 5134 πάμπαν
2591 5067 2657 5137 τῇ
2707 5065 2802 5118 τοῦ
2845 5067 3142 5130 δυσσεϐοῦς
3193 5069 3496 5143 Νεστορίου
3536 5074 3757 5144 αἱρέσει

2170 5158 2568 5226 καθεστηκυῖα.
2612 5157 2673 5208 'U
2719 5157 2820 5226 μὲν
2866 5156 2976 5227 γάρ
3007 5156 3308 5229 Νεστόριος
3363 5161 3455 5214 διὰ
3483 5162 3544 5215 τὸ
3574 5163 3756 5217 διττὸν

2168 5249 2274 5302 τῶν
2324 5248 2542 5316 φύσεων
2572 5248 2665 5300 καὶ
2710 5249 2806 5301 δύο
2847 5249 3174 5313 ὑποστάσεις
3206 5253 3543 5324 καταριθμεῖ
3567 5270 3580 5284 ⁸
3618 5257 3669 5309 οἱ
3698 5256 3760 5310 δὲ

2171 5341 2259 5395 διὰ
2293 5343 2392 5409 τὴν
2424 5341 2555 5412 μίαν
2586 5340 2885 5395 ὑπόστασιν
2928 5344 3022 5395 καὶ
3057 5345 3189 5412 μίαν
3223 5346 3412 5400 οὐσίαν
3457 5348 3552 5402 καὶ
3589 5350 3758 5418 φύσιν

2171 5436 2411 5489 τίθενται
2457 5433 2613 5492 εἶναι.
2674 5435 2822 5504 Πλὴν
2867 5438 2900 5506 ἡ
2944 5437 3037 5489 τοῦ
3069 5438 3632 5512 Νεστορίουμαίρεσις,
3665 5445 3759 5500 ῐνα

2175 5529 2304 5598 περὶ
2332 5527 2534 5597 ταύτης
2588 5527 2682 5580 καὶ
2716 5523 2872 5590 αὖθις
2902 5515 3318 5600 διαλητξιώμεθα,
3364 5532 3427 5586 οὗ
3475 5550 3611 5605 φησι
3663 5539 3758 5591 τὸν

2170 5621 2303 5675 Θεὸν
2338 5620 2627 5691 ἄνθρωπον
2672 5619 2948 5688 γενέσθαι,
2983 5622 3097 5675 οὐδ’
3134 5623 3194 5686 ἐξ
3219 5625 3453 5695 ούρανοῦ
3505 5629 3756 5700 καταϐῇ..

2169 5736 2276 5785 ναι,
2328 5720 2418 5771 καὶ
2452 5722 2516 5790 τῇ
2557 5717 2872 5793 ἀνθρωπίνῃ
2923 5719 3191 5789 ἑνωθῆναι
3238 5723 3399 5791 φύςει
3441 5723 3750 5792 ούσιωδῶς’
