4100 6216
450 353 555 417 4⁵29

1332 360 1921 426 ECCLESIASTICIE
1959 366 2341 428 llISTORlJ‘J
2384 368 2519 430 LIB.
2571 372 2781 433 XVlll.
2820 352 2823 359 I

3579 375 3681 436 4‘0

450 471 588 523 ἀλλὰ
634 489 757 527 τινα
793 472 1050 543 σχετικὴν
1094 474 1355 531 διάθεσιν.
1412 479 1548 546 Φησὶ
1602 481 1708 550 γὰρ
1753 482 1995 550 ἐνωθῆνα

2124 492 2257 538 tura:
2288 483 2591 540 substantia
2647 485 2758 553 ipsa
2792 483 3002 537 unitum
3027 499 3169 547 esse,
3208 485 3299 539 sed
3332 484 3520 540 habitu
3552 502 3684 553 quo-

447 564 539 614 τὸν
564 564 698 616 Θεὸν
752 565 925 631 Λόγον
968 567 1047 636 τῷ
1073 569 1134 619 ἐκ
1167 569 1385 637 Μαρίας
1410 571 1703 643 ἀνθρώπῳ,
1752 573 1939 644 ὥσπερ
1969 574 2021 627 ετ

448 672 533 718 τις
587 656 741 723 φίλος
771 657 909 726 φίλῳ
961 657 1157 710 ἕνωσιν
1207 660 1297 712 διὰ
1350 661 1584 728 σχέσεως
1630 666 1856 717 ποιοῖτο.
1911 666 2018 718 Καὶ

448 744 704 799 λανθάνει
764 748 861 817 μὲν
911 749 1139 813 πολλοὺς
1189 751 1383 806 ἕνωσιν
1434 753 1717 822 ὀνομάζων
1748 755 1884 809 Θεοῦ
1926 758 2018 811 καὶ

445 839 739 908 ἀνθρώπου
762 856 775 869 ·
815 840 876 895 τὸ
918 842 962 895 δ’
988 843 1186 912 ἀληθὲς
1219 844 1503 899 διάστασιν
1551 850 1644 901 καὶ
1695 849 1793 917 οὐχ
1823 850 2015 904 ’ἐνωσιν

450 932 758 998 σαφέστατα
782 934 1098 1001 δογματίζει
1126 952 1139 966 ·
1185 936 1244 989 τὸ
1276 937 1384 1005 γὰρ
1424 938 1603 1005 λέγειν
1633 940 1708 1010 μὴ
1740 941 2017 1005 οὐσιωδώς

442 1019 711 1089 ἑνωθῆναι
737 1021 814 1091 τῷ
852 1023 1125 1094 ἀνθρώπῳ
1158 1024 1248 1079 τὸν
1281 1026 1415 1079 Θεὸν
1446 1028 1639 1096 Λόγον,
1692 1032 1829 1083 ἀλλά
1875 1033 2015 1087 κατά

445 1109 668 1180 φιλικήν
695 1129 813 1164 τινα
846 1112 1048 1183 σχέσιν,
1077 1115 1175 1185 οὐχ
1208 1117 1401 1181 ἕνωσις
1429 1119 1682 1189 ἀκριϐὴς,
1729 1122 1865 1177 ἀλλὰ
1894 1123 2012 1176 διὰ·

442 1202 628 1267 ζευξις
649 1203 876 1273 ἀληθής.
911 1205 1076 1259 Ὅθεν
1110 1208 1200 1260 τὸν
1230 1209 1393 1263 αὑτὸν
1426 1213 1519 1265 καὶ
1538 1211 1695 1281 ψιλὸν
1726 1214 2013 1284 ἄνθρωπον

442 1294 536 1345 καὶ
569 1294 769 1365 ὑψηλὸν
796 1295 982 1364 ἔλεγεν
1014 1301 1041 1351 ό
1072 1299 1363 1369 Νεστόριος
1386 1319 1398 1332 ·
1426 1302 1581 1372 ψιλὸν
1610 1305 1730 1373 μὲν,
1760 1307 1832 1368 ὡς
1864 1308 2009 1361 ἐστε-

442 1386 681 1454 ρημένον
735 1388 833 1455 τῆς
861 1389 1149 1456 οὖσιώδους
1183 1392 1277 1446 τοῦ
1326 1394 1461 1447 Θεοῦ
1506 1394 1774 1461 ἑνώτεως,
1808 1398 2010 1467 ὑψηλὸν

439 1476 518 1540 δὲ,
550 1477 626 1541 ὡς
652 1480 715 1532 ἐκ
736 1482 961 1551 πρώτης
986 1485 1252 1551 γενέσεως
1278 1487 1696 1557 τετελειωμένον
1723 1495 1841 1555 ταῖς
1884 1494 2008 1561 ἁρε-

436 1567 579 1626 ταῖς.
636 1567 830 1619 Ἔνθεν
882 1585 965 1622 τοι
1007 1571 1100 1623 καὶ
1144 1572 1243 1642 τὴν
1273 1573 1350 1631 ὡς
1392 1575 1608 1644 ἀληθῶς
1636 1578 1895 1632 Θεοτόκον
1945 1581 2005 1633 οῦ

437 1655 700 1709 Θεοτόκον
716 1658 744 1710 ὁ
765 1659 1042 1730 ἀλιτήριος
1064 1665 1470 1733 κατωνόμαζεν,
1493 1667 1630 1721 ἀλλά
1648 1670 1689 1721 Χ
1697 1671 2007 1739 ριστοτόκον

438 1747 643 1812 ἐκάλει,
667 1751 741 1813 ὡς
765 1750 1051 1820 ἄνθρωπον
1082 1754 1223 1809 θεῖον
1246 1755 1405 1824 δῆθεν
1436 1760 1529 1811 καὶ
1554 1758 1690 1813 Θεοῦ
1715 1761 1867 1829 φίλον
1888 1780 2006 1831 γεν·

2121 572 2243 627 dant
2283 582 2337 629 et
2366 573 2676 627 aﬂ'eetione.
2717 574 2941 629 Unitum
2966 590 3201 643 namque
3232 575 3400 629 Deum
3441 576 3679 633 Verbum

2120 665 2199 720 sic
2222 664 2429 719 homini
2464 682 2530 719 ex
2557 666 2724 719 Maria
2771 675 3036 735 prognato
3072 667 3260 729 refert,
3288 668 3362 721 uti
3392 683 3450 723 se
3474 670 3685 723 arnicus

2119 756 2299 809 amico
2365 771 2463 823 per
2497 755 2845 809 ail‘ectioncm
2877 757 3017 810 unit.
3047 758 3114 811 Et
3148 758 3351 811 multos
3372 758 3681 821 Nestorius,

2120 847 2379 901 unionem
2406 848 2502 900 Dei
2534 847 2845 901 ethominis
2877 849 3188 912 nominans,
3220 848 3407 903 latenti
3441 850 3676 917 quadam

2118 935 2310 989 fraude
2346 934 2520 990 fallit:
2554 937 2732 1004 reipsa
2785 945 2969 991 autem
2998 937 3346 997 divisionem.
3380 954 3488 993 non
3523 939 3679 993 unin-

2120 1040 2245 1078 nem
2309 1026 2652 1094 apertissime
2693 1024 2871 1078 docet.
2940 1024 2994 1079 Si
3051 1040 3286 1092 namque
3345 1024 3515 1089 dicas,
3574 1040 3679 1079 non

2118 1117 2425 1172 substantia
2453 1118 2566 1186 ipsa
2598 1117 2763 1170 Deum
2805 1117 3042 1172 Verbum
3079 1117 3311 1180 homini,
3368 1118 3461 1172 sed
3506 1119 3679 1173 amica

2118 1208 2351 1276 quadam
2388 1209 2677 1265 affectione
2710 1209 2923 1263 unitum
2970 1223 3113 1273 esse,
3166 1225 3273 1263 non
3322 1210 3454 1263 unio
3504 1220 3678 1273 certa,

2116 1299 2209 1354 sed
2276 1300 2575 1371 disjunctio
2626 1318 2755 1355 vera
2801 1300 2989 1355 fuerit.
3044 1301 3387 1371 Quapmpter
3425 1301 3675 1354 eumdem

2113 1400 2168 1444 et
2227 1400 2445 1446 tenuem
2489 1402 2544 1446 et
2582 1392 2871 1447 sublimem
2902 1393 3179 1447 hominem
3213 1393 3355 1449 idem
3396 1394 3681 1449 Nestorius

2113 1485 2288 1539 dixit:
2346 1495 2561 1538 tenuem
2646 1485 2891 1554 quidem,
2952 1488 3120 1541 veluti
3181 1485 3528 1542 substantiali
3583 1484 3673 1537 Dei

2116 1576 2315 1629 unione
2375 1575 2741 1641 deStitutum;
2813 1577 3102 1633 sublimem
3148 1594 3302 1640 vero,
3353 1588 3609 1647 tauquam
3641 1594 3670 1630 a

2112 1667 2288 1737 prima
2342 1667 2628 1723 nativitate
2688 1670 2987 1725 virtutibus
3049 1671 3370 1740 perfectum.
3437 1669 3673 1725 Proinde

2112 1762 2275 1817 etiam
2320 1775 2512 1815 revera
2547 1760 2640 1815 Dei
2668 1760 3020 1826 Genitricem,
3060 1780 3167 1818 non
3211 1764 3306 1818 Dei
3337 1762 3674 1817 Genitricetn

438 1840 702 1908 νήσασανο
724 1842 814 1895 καὶ
845 1844 920 1906 ὡς
944 1847 1151 1916 χρίσμα
1184 1866 1236 1900 τι
1266 1848 1496 1903 λαϐόντα
1527 1853 1676 1920 παρὰ
1698 1854 1852 1913 Θεοῦ,
1880 1873 1995 1923 προ-

2114 1855 2280 1910 homo
2317 1853 2563 1909 nefarius
2594 1854 2921 1921 nominavit,
2960 1857 3052 1911 sed
3090 1856 3294 1911 Christi
3340 1854 3674 1910 Genitriccm

437 1932 661 1999 φητικὸν
694 1933 727 2003 ἢ
761 1933 1039 2003 βασιλικὸν
1089 1939 1184 1991 καὶ
1216 1942 1604 2011 ἀρχιερατικὸν
1637 1945 1853 2016 ἀξίωμα
1877 1964 1891 1981 ο
1931 1950 2007 2020 μὴ

438 2022 620 2091 μέντοι
647 2041 709 2091 γε
756 2025 819 2096 δὴ
848 2029 939 2080 καὶ⁵
963 2028 1236 2098 οὐσιωδῶς
1278 2031 1397 2102 Θεῷ
1426 2034 1768 2106 ὁμιλήσαντα
1791 2038 1877 2093 διὰ
1906 2040 2006 2108 τῆς

435 2115 918 2188 ὲνανθρωπήσεως.
976 2123 1085 2177 Καὶ
1134 2124 1306 2178 ταῦτα
1332 2126 1433 2194 μὲν
1460 2127 1487 2180 ό
1511 2128 1806 2200 Νεστόριος
1828 2147 1841 2161 ⁸
1884 2133 1912 2185 ό
1948 2133 2005 2186 δὲ

434 2205 796 2276 ἀτυχέστατος
814 2210 881 2264 τὰ
915 2213 1198 2280 κρείττονα
1230 2216 1476 2288 Εὐτυχὴς
1508 2220 1639 2272 Θεὸν
1669 2220 1767 2288 μὲν
1794 2221 2004 2291 ὡμολό-

433 2312 521 2361 γει
550 2298 801 2368 τεχθῆναι
833 2302 941 2354 ἀπὸ
974 2304 1068 2372 τῆς
1091 2305 1362 2377 ἀχράντου
1395 2310 1668 2377 παρθένου
1699 2315 1794 2366 καὶ
1816 2314 2004 2368 Θεοτό-

433 2402 552 2450 κου,
580 2386 850 2442 καὶτοῦτο
879 2390 1038 2458 μόνον
1061 2395 1266 2449 ἐτίθετο
1301 2397 1569 2462 εὐσεϐῶς⁸
1610 2401 2003 2473 πεπλασμένην

430 2477 487 2530 δὲ
518 2479 616 2550 τὴν
646 2481 822 2551 σάρκα
852 2484 1092 2551 ἐδόξαζε,
1145 2489 1235 2541 καὶ
1261 2489 1360 2541 ὅσα
1396 2491 1546 2560 ἑξῆς.
1594 2491 1636 2545 Τ
1640 2492 1698 2544 ὸν
1732 2494 1835 2563 γὰρ
1864 2496 1998 2549 Θεὸν

433 2570 597 2622 αὑτὸν
626 2571 800 2639 Λόγον
847 2576 1128 2644 τραπέντα
1176 2580 1481 2649 ἀτρέπτως,
1515 2583 1607 2636 καὶ
1643 2586 1822 2653 σάρκα
1853 2590 2001 2655 γενό-

432 2679 618 2730 μενον,
658 2666 929 2732 φαντάσαι
960 2668 1055 2738 τὴν
1080 2669 1393 2739 οἰκονομίαν
1413 2690 1428 2705 ⁸
1472 2675 1553 2727 διὸ
1604 2680 1697 2732 καὶ
1729 2680 1906 2733 πὰιτα
1934 2685 2000 2735 τὰ

433 2754 721 2816 σωματικά
766 2753 859 2806 τοῦ
902 2756 1034 2809 Θεοῦ
1085 2761 1432 2831 φαντασιώδη
1479 2763 1667 2833 ἔλεγεν
1696 2763 1872 2822 εἶναι·
1905 2773 1999 2824 καὶ

431 2843 561 2895 αὐτὸ
600 2844 656 2898 δὲ
679 2845 737 2897 τὸ
771 2848 990 2917 σταυρῷ
1022 2851 1260 2919 παγῆναι
1283 2853 1445 2921 φύσιν
1474 2857 1689 2927 ἐκείνην
1716 2859 1812 2929 τὴν
1847 2861 1998 2914 θείαν

432 2933 525 2984 καί⁸
557 2933 972 3002 ἀπερίγραπτον
1019 2942 1410 3008 φαντασιωδῶς
1461 2944 1714 3011 γενέσθαι
1747 2947 1995 3019 ὡρίζετο.

431 3023 540 3075 Καὶ
572 3022 639 3075 τὰ
665 3024 765 3095 μὲν
798 3028 906 3080 τῶν
940 3030 1032 3082 δύο
1053 3032 1256 3086 τούτων
1287 3035 1574 3104 αἱρέσεων,
1602 3038 1709 3092 τῶν
1738 3041 1997 3113 ἀλλήλαις

2109 1947 2327 2002 vocavit
2361 1962 2376 2001 :
2408 1946 2641 2016 perinde
2692 1956 2854 2016 atque
2894 1947 3142 2003 divinum
3181 1948 3459 2002 hominem
3485 1934 3542 2000 et
3570 1946 3675 2001 Deo

2108 2038 2346 2093 amicum
2377 2038 2645 2107 genuerit,
2670 2040 2762 2108 qui
2798 2038 3115 2094 unctionem
3143 2037 3452 2107 quampiam
3478 2051 3507 2089 a
3539 2035 3670 2105 Deo,

2114 2128 2489 2197 propheticam
2525 2129 2783 2186 videlicet
2813 2140 2907 2185 aut
2948 2130 3183 2200 regalem
3210 2138 3266 2184 et
3288 2128 3664 2199 pontiﬁcalem

2104 2220 2431 2290 dignitatem
2464 2222 2760 2291 acceperit,
2795 2238 2903 2276 non
2930 2232 3110 2278 autem
3161 2222 3466 2277 substantia
3501 2220 3667 2277 etiam

2106 2311 2221 2381 ipsa
2257 2312 2370 2367 Deo
2404 2313 2591 2367 unitus
2633 2328 2731 2382 per
2765 2312 3198 2368 incarnationem
3252 2314 3439 2368 luerit.
3489 2314 3671 2385 Atque

2103 2403 2219 2459 haec
2238 2403 2458 2472 quidem
2486 2404 2793 2461 Nestorius.
2826 2404 3240 2460 lntelicissimus
3264 2415 3445 2461 autem
3470 2406 3667 2461 melio-

2103 2493 2258 2549 ribus
2288 2496 2454 2549 etiam
2492 2497 2662 2551 rebus
2694 2497 2810 2554 suis
2835 2497 3319 2569 Eutyches,876
3354 2499 3521 2552 Deum
3550 2497 3673 2566 qui-

2101 2583 2224 2637 dem
2260 2593 2445 2641 natum
2475 2601 2595 2643 esse
2625 2603 2691 2643 ex
2717 2589 3064 2647 immaculata
3096 2591 3317 2661 Virgine
3368 2602 3423 2646 et
3446 2591 3540 2644 Dei
3564 2589 3671 2647 Ge-

2102 2675 2295 2731 nitrice
2327 2677 2634 2744 proﬁtetur,
2673 2680 2839 2750 idque
2876 2681 3055 2751 ipsum
3087 2683 3262 2736 solum
3291 2693 3438 2738 recte
3472 2685 3668 2753 pieque

2102 2769 2305 2836 pOsuit,
2345 2769 2523 2826 ﬁctam
2564 2787 2698 2827 vero
2750 2790 2975 2829 carnem
3024 2776 3142 2846 ejus
3191 2776 3361 2832 fuisse
3410 2777 3668 2846 Opinatus

2099 2869 2203 2922 est,
2236 2871 2289 2916 et
2314 2879 2435 2932 quae
2458 2874 2721 2933 praeterea
2747 2866 2855 2921 illis
2882 2866 2985 2922 alia
3016 2884 3303 2937 perperam
3347 2869 3553 2924 docuit.
3584 2870 3669 2938 lp-

2099 2967 2216 3004 sum
2256 2968 2491 3023 namque
2516 2956 2685 3011 Deum
2726 2958 2954 3013 verbum
2984 2959 3119 3013 dixit
3145 2959 3470 3017 immutabili
3503 2964 3666 3019 modo

2100 3054 2367 3102 mutatum
2416 3057 2472 3104 et
2536 3066 2755 3107 carnem
2788 3050 3010 3117 factum,
3042 3052 3094 3106 in
3145 3055 3381 3123 speciem
3442 3055 3663 3111 ﬁnxisse

432 3116 776 3171 παντάπασιν
800 3121 1075 3192 ἐναντίων,
1104 3123 1178 3187 ὡς
1206 3125 1445 3198 εἴρηται,
1478 3130 1585 3183 τῶν
1613 3148 1672 3183 τε
1703 3131 1995 3207 Νεστορια-

2102 3146 2266 3207 atque
2324 3141 2669 3198 assimulasse
2727 3146 2920 3201 salutis
2966 3156 3164 3202 nostrae
3193 3148 3555 3203 oeconomiam
3606 3159 3663 3204 et

430 3206 558 3273 νῶν,
594 3209 758 3279 φημὶ,
814 3212 907 3266 καὶ
955 3197 1363 3283 Μονοφυσιτῶν,
1418 3213 1483 3292 ἦς
1538 3222 1567 3274 ὁ
1613 3197 1995 3295 Ἀλεξανδρεὺς

2104 3231 2591 3301 dispensationem.
2651 3235 2839 3305 Itaque
2868 3240 3174 3307 corporalia
3206 3241 3389 3295 omnia
3442 3242 3497 3296 in
3538 3257 3666 3311 spe-

440 3296 712 3369 Ἰωάννης,
737 3302 764 3352 ό
795 3304 886 3359 καὶ
911 3305 1197 3370 Φιλόπονος
1234 3308 1479 3381 προῠστη
1526 3312 1585 3377 ἐς
1616 3312 1867 3387 ὕστερον,
1901 3319 1994 3373 ἐπὶ

2100 3325 2243 3378 ciem
2312 3325 2595 3394 phantasia
2629 3329 2863 3396 quadam
2920 3331 3174 3385 simulata
3225 3342 3389 3401 atque
3445 3333 3567 3387 ticta
3611 3333 3665 3389 ei

426 3388 587 3443 τόσον
623 3393 883 3463 εἰρήσθω.

2099 3414 2318 3470 affuisse
2360 3420 2616 3473 asseruit.
2676 3419 2743 3474 Et
2775 3412 2877 3473 hoc
2902 3420 3103 3490 ipsum,
3131 3425 3275 3492 quod
3323 3437 3514 3479 natura
3567 3425 3665 3480 illa

430 3483 636 3550 divina,
673 3502 794 3557 qua:
832 3490 1210 3550 circumscribi
1266 3505 1323 3552 et
1368 3501 1760 3569 comprehendi
1794 3508 2003 3576 nequit,
2045 3511 2193 3563 cruci
2253 3510 2409 3565 aﬁixa
2440 3513 2530 3577 sit,
2604 3515 2658 3568 in
2690 3517 2927 3585 speciem
2954 3533 3053 3587 per
3085 3520 3425 3588 phantasiam
3452 3531 3663 3590 gestum

427 3591 546 3632 esse
591 3580 801 3636 statuit.
840 3582 913 3637 De
950 3583 1162 3642 duabus
1189 3589 1338 3645 hisce
1376 3591 1679 3651 haeresihus
1744 3596 1887 3652 inter
1938 3614 1998 3656 se
2037 3617 2284 3670 prorsus,
2345 3605 2508 3660 sicuti
2552 3607 2811 3680 [diximus
2837 3610 3152 3672 contrariis,
3188 3610 3661 3676 Nestorianorum,

428 3670 675 3776 inquam,
718 3687 776 3731 et
822 3677 1346 3753 Monophysitarum,
1387 3690 1590 3758 quibus
1648 3702 1837 3760 postea
1893 3696 2130 3752 Joannes
2192 3670 2960 3772 Philopouus'Alexandrinus
3019 3707 3212 3776 praeiit,
3276 3709 3538 3765 hactenus
3591 3710 3664 3765 sit

424 3763 655 3825 dictum.

990 3914 1212 3969 ΚΕΦΔΛ
1223 3959 1235 3972 .
1294 3919 1427 3975 MU.

422 4022 564 4090 Περὶ
600 4023 705 4078 τοῦ
739 4028 1077 4103 φιλοσόφου
1117 4031 1448 4103 ςιωάννου,
1502 4038 1608 4093 τοῦ
1650 4042 1987 4100 Φιλοπόνου

971 4100 1069 4153 καί
1114 4100 1438 4168 Τριθεττουέ

491 4210 727 4278 Λέγεται
774 4213 960 4282 μέντοι
1006 4213 1102 4266 καὶ
1157 4215 1360 4286 ταύτης
1430 4218 1494 4291 δὴ
1564 4222 1663 4293 τῆς
1720 4226 1985 4296 αίρέσεως

419 4298 512 4353 τὸν
588 4299 829 4370 Σευῆρον
896 4304 1161 4374 πρότερον
1215 4306 1681 4380 καθηγήσασθαι,
1750 4319 1985 4386 προστῆ-

416 4408 506 4444 ναι
548 4390 593 4445 δ⁹
624 4393 679 4455 ἐς
706 4391 930 4464 ὕστερον
977 4395 1068 4450 τὸν
1120 4397 1406 4453 Φιλόπονον
1438 4418 1451 4433 ·
1488 4403 1626 4472 μετά
1662 4405 1718 4457 δὲ
1748 4406 1983 4477 Σευῆρον

2656 3936 2878 3992 CAPUT
2920 3936 3105 3992 XLIX.

2238 4046 2312 4100 De
2340 4046 2639 4118 ρΙιὶιοδορΙιο
2666 4048 2872 4103 Joanne
2915 4050 3201 4121 Pliilopono
3239 4052 3509 4109 Trilheila.

2164 4222 2358 4281 Fertur
2387 4241 2538 4292 sane,
2571 4236 2733 4281 εοεαε
2796 4227 2957 4284 istius
2992 4230 3184 4285 ducem
3211 4232 3447 4301 primum
3482 4233 3650 4291 Seve-

2091 4331 2211 4371 rum
2252 4317 2441 4381 fuisse,
2492 4327 2677 4389 postea
2730 4327 2911 4373 autem
2969 4319 3235 4376 Joannem
3288 4321 3649 4394 Philoponum

2087 4423 2206 4494 eant
2238 4407 2567 4463 defendisse.
2603 4407 2775 4462 Porro
2806 4418 2987 4466 autem
3040 4420 3163 4480 post
3227 4413 3487 4469 Severum
3540 4417 3648 4471 hce-

415 4483 761 4550 διαδέξασθαι
831 4487 1045 4556 πρῶτον
1124 4488 1225 4561 τὴν
1285 4491 1495 4562 αἵρεσιν
1544 4496 1747 4567 ταύτην
1802 4498 1986 4551 Θεοδό-

2099 4483 2255 4554 resim
2311 4498 2451 4553 hanc
2496 4499 2735 4568 primum
2794 4501 3063 4568 recepisse
3115 4503 3507 4571 Theodosium,
3556 4510 3651 4579 qui

417 4591 535 4628 σιον
562 4575 653 4629 τὸν
682 4578 812 4647 παρ’
864 4578 1091 4642 ἐκείνοις
1137 4582 1369 4636 πάππαν
1422 4585 1832 4657 Ἀλεξανδρείας
1886 4605 1981 4658 γε-

332 4710 337 4715 ,
413 4668 642 4738 νόμενον
662 4707 677 4733 ,
725 4666 841 4723 εἶτα
872 4674 968 4724 καὶ
997 4671 1186 4738 ἄλλους
1209 4688 1225 4706 ⁶
1270 4677 1328 4742 ἐξ
1354 4669 1430 4731 ὧν
1461 4678 1555 4731 καὶ
1608 4680 1657 4732 οί
1696 4680 1982 4753 Ἀγνοῆται

411 4761 699 4829 λεγόμενοι
732 4764 826 4815 καὶ
875 4764 925 4816 οἱ
981 4766 1426 4835 Κοντοϐαϐδῖται,
1480 4771 1586 4824 ἀπό
1632 4788 1777 4837 τινος
1812 4774 1978 4827 τόπου

412 4851 829 4923 κληρωσάμενοι
874 4856 934 4908 τὸ
959 4856 1248 4928 ἐπώνυμον
1266 4875 1281 4890 ο
1326 4859 1375 4914 οἳ
1409 4860 1473 4931 δὴ
1499 4862 1591 4916 καὶ
1616 4865 1974 4931 Θεοδοσιανοὶ,

411 4946 489 5008 ὡς
516 4945 607 4999 τὸν
654 4947 1051 5020 προειρημένον
1103 4949 1305 5020 μᾶλλον
1351 4953 1632 5024 δεχόμενοι
1681 4956 1977 5025 Θεοδόσιον,

409 5036 839 5108 ὠνομάσθησαν·
883 5038 1107 5109 ὕστερον
1135 5042 1179 5093 δ’
1205 5041 1296 5094 ὑπ’
1326 5046 1534 5099 ἐκείνου
1557 5050 1977 5119 παραπεμφθέν-

408 5143 500 5187 τες
525 5127 602 5199 τῷ
627 5129 947 5200 ἀναθέματι.
979 5130 1054 5196 ὡς
1079 5134 1138 5185 τὸ
1164 5134 1261 5204 τῆς
1283 5135 1503 5202 ἀγνοίας
1536 5139 1843 5208 ἀγνοήματι
1874 5157 1976 5195 πα-

413 5220 861 5285 ραπεπτωκότες.
910 5224 971 5274 Οἱ
1024 5225 1211 5293 μέντοι
1270 5225 1445 5293 ἄλλοι,
1506 5227 1582 5290 ὡς
1610 5229 1684 5299 μὴ
1726 5230 1815 5283 τὸν
1845 5233 1975 5303 παρ’

408 5309 620 5362 ἐκείνου
650 5310 938 5366 ἐκτεθέντα
968 5316 1098 5385 περὶ
1119 5316 1349 5384 Τριάδος
1376 5316 1534 5383 λόγον
1551 5320 1972 5390 είσδεδεγμένοι,

406 5399 836 5455 Κοντοὸαϐδῑται
870 5404 978 5457 ἀπὸ
1014 5407 1109 5459 τοῦ
1141 5409 1305 5462 τόπου
1334 5411 1644 5483 ἐκλήθησαν
1669 5417 1683 5432 ⁸
1731 5412 1781 5465 οἳ
1811 5413 1875 5481 δὴ
1899 5414 1976 5479 ὡς

403 5490 494 5542 τὸν
520 5491 761 5561 Σευῆρον
793 5496 954 5559 μόνον
990 5496 1293 5568 δεχόμενοι,
1323 5502 1613 5572 Σευηρίται
1647 5503 1969 5575 ἐκλήθησαν.

408 5581 567 5636 Ἐστι
591 5583 647 5636 δὲ
678 5585 771 5638 καὶ
799 5586 927 5640 ἄλλο
951 5588 1261 5660 Σευηριτῶν
1290 5594 1574 5665 σύνταγμα
1596 5598 1703 5649 τῶν
1723 5598 1817 5651 καὶ
1848 5599 1975 5652 Θεο-

399 5672 688 5741 δοσιανῶν,
721 5678 770 5731 οἳ
802 5679 897 5733 καὶ
944 5680 1112 5751 ἄμφω
1139 5685 1363 5750 τούτους
1413 5688 1726 5759 προσίεντο·
1758 5694 1893 5762 πρῖς
1915 5692 1971 5744 δὲ

405 5767 498 5817 καὶ
528 5766 738 5820 Παῦλον
776 5769 866 5821 τὸν
901 5773 1126 5840 ἐπίκλην
1158 5776 1421 5833 Μελανόν.
1451 5782 1557 5833 Καὶ
1584 5783 1755 5847 τρίτοι
1784 5783 1839 5834 δέ
1870 5786 1971 5834 εἰσι

2084 4589 2229 4657 apud
2274 4604 2370 4644 eos
2418 4589 2759 4644 Alexandriae
2805 4605 2944 4661 papa
2996 4593 3175 4649 factus
3212 4606 3312 4650 cst.
3340 4598 3546 4655 Deinde
3595 4611 3652 4657 et

2083 4681 2249 4746 alios,
2298 4696 2329 4734 a
2352 4682 2551 4751 quibus
2574 4694 2629 4737 et
2657 4683 2751 4753 qui
2787 4684 3043 4754 Agnoetze
3084 4686 3367 4755 dicuntur,
3393 4701 3450 4745 et
3500 4694 3653 4749 Cou-

2085 4769 2397 4832 tobabditm,
2438 4786 2467 4824 a
2518 4771 2640 4825 loco
2700 4774 2938 4842 quodam
2979 4779 3203 4832 nomine
3254 4780 3356 4834 hoc
3403 4795 3644 4855 sumpto,

2082 4863 2428 4933 prodierunt:
2468 4867 2562 4935 qui
2599 4876 2655 4921 et
2681 4868 3072 4934 Theodosiani,
3111 4873 3255 4942 quod
3285 4875 3498 4931 scilicet
3519 4894 3646 4932 eum

2080 4973 2241 5027 quem
2273 4958 2531 5025 diximus,
2561 4960 2926 5016 Theodosiqu
2966 4964 3309 5031 potissimum
3344 4972 3645 5027 consectati

2080 5050 2212 5117 sint,
2240 5060 2370 5106 sunt
2395 5052 2684 5121 appellati:
2712 5054 2805 5108 sed
2843 5064 3031 5123 postea
3084 5058 3152 5112 ab
3186 5059 3275 5114 illo
3305 5062 3644 5118 anathemati

2078 5142 2310 5213 subjecti
2375 5154 2525 5198 sunt.
2580 5144 2655 5199 Ita
2707 5146 3109 5216 utignorantiaa
3143 5150 3641 5209 hzeresisinterci-

2078 5234 2234 5299 deus,
2301 5233 2622 5302 ignorantiae
2675 5235 3059 5293 mandata‘sit.
3120 5239 3227 5295 Alii
3250 5251 3458 5310 autem,
3491 5245 3638 5314 quod

2077 5326 2343 5395 scriptum
2405 5325 2527 5395 ejus
2574 5327 2642 5382 de
2668 5327 2938 5384 Trinitate
2965 5333 3325 5400 compositum
3351 5351 3460 5390 non
3488 5350 3638 5391 rece-

2074 5414 2280 5487 "perint,
2328 5416 2739 5475 Contohabdita:
2772 5435 2802 5475 a
2848 5421 2993 5482 loco,
3057 5423 3219 5479 sicuti
3249 5425 3506 5490 diximus,
3543 5442 3642 5482 no-

2077 5510 2266 5565 minati
2327 5521 2474 5565 sunt.
2528 5512 2568 5567 li
2606 5528 2847 5582 quoque,
2916 5516 3061 5585 quod
3115 5516 3378 5573 Severum
3426 5527 3636 5573 tantum

2078 5603 2407 5670 receperint,
2442 5602 2812 5659 Severitarum
2839 5622 3040 5662 nomen
3096 5609 3355 5666 habuere.
3388 5610 3484 5664 Est
3529 5610 3638 5665 alia

2076 5694 2239 5746 etiam
2296 5692 2668 5748 Severitarum
2728 5697 2949 5762 cohors,
3008 5699 3102 5767 qui
3164 5708 3219 5754 et
3269 5700 3639 5781 Theodosiaui

2079 5790 2342 5835 vocantur
2364 5798 2377 5836 :
2412 5791 2700 5851 propterea
2724 5786 2866 5854 quod
2890 5787 3083 5841 ambos
3109 5789 3270 5844 hosce
3294 5789 3641 5855 admiserint,
