4100 6216
462 353 585 416 Ἰ31

1702 355 2127 417 NICEPHORI
2168 356 2518 417 CALLISTI

3639 365 3749 427 432

491 478 827 545 tertiumque
860 473 1087 544 insuper
1140 472 1368 528 Paulum
1415 483 1778 543 cognomento
1810 474 2059 543 Nigrum.

2166 473 2473 545 Σευηρῖται,
2499 472 2551 527 οἶ
2602 474 2697 527 καὶ
2729 473 3073 531 Θεοδοσιανοὶ
3110 476 3207 531 καὶ
3262 477 3596 547 Ἀγγελίται,
3651 483 3751 534 καὶ

492 567 665 622 Tertii
698 574 963 636 praterea
998 564 1259 618 Severita:
1292 574 1441 623 sunt.
1474 562 1568 632 qui
1624 574 1677 618 et
1732 564 1836 633 ipsi
1872 564 2053 618 Theo-

2154 565 2513 634 Δαμιανισταί
2531 580 2546 597 ο
2590 565 2641 618 οἳ
2669 566 2767 618 καὶ
2792 567 3130 631 ιπισκόπους
3161 567 3315 638 σφῶν
3344 569 3625 641 δέχονται,
3650 574 3748 639 ἀφ’

489 660 698 712 dosiani
734 658 1019 717 dicuntur.
1070 667 1125 711 et
1187 657 1471 725 Angelitze,
1504 666 1560 711 et
1613 654 2050 720 Damianisueﬁi

2166 646 2229 706 ὧν
2258 653 2603 723 παρωνύμως
2637 655 3073 723 κικλήσκονται*
3098 654 3193 718 οὓς
3228 656 3277 709 οἱ
3311 658 3749 712 Κοντοὸαὸδῖται

490 751 780 818 episcopos
807 762 937 802 suos
976 762 1198 817 quoque
1234 748 1455 811 habent,
1497 763 1527 801 a
1578 748 1781 817 quibus
1812 763 2052 814 congru-

487 845 633 898 entia
666 840 892 894 nomina
943 839 1256 908 accipiunt;
1283 840 1571 908 episcopos
1606 838 1706 893 soli
1735 839 2048 893 Contobab-

489 936 619 989 diue
644 950 747 988 non
803 934 1097 1001 recipiunt.
1124 933 1292 985 Porro
1327 931 1588 985 Severita‘
1625 930 1738 991 isti,
1763 931 1853 999 qui
1890 930 2052 984 iidem

492 1036 547 1079 et
570 1024 939 1078 Theodosiani
975 1032 1027 1076 et
1056 1022 1337 1092 Angelitze.
1373 1036 1585 1075 necnon
1620 1030 1676 1076 et
1703 1021 2055 1074 Damianistae

493 1128 641 1178 sunt,
672 1116 834 1186 877
867 1116 1034 1169 alium
1081 1128 1203 1167 esse
1258 1113 1451 1165 dicunt
1481 1113 1716 1175 Patrem,
1749 1111 1914 1164 alium
1938 1125 2057 1164 esse

495 1208 717 1269 Filium,
771 1215 824 1259 et
863 1206 1030 1258 alium
1082 1202 1447 1259 Paracletum,
1507 1200 1773 1270 Spiritum
1802 1202 2059 1255 videlicet

496 1309 922 1362 sanctum;non
984 1311 1104 1350 esse
1157 1304 1339 1347 autem
1396 1293 1591 1346 horum
1626 1307 1903 1362 quemque
1959 1308 2058 1362 per

494 1392 736 1459 seipsum
785 1398 1057 1449 naturam,
1105 1386 1199 1439 sed
1262 1384 1467 1437 habere
1498 1399 1847 1438 communem
1884 1384 2053 1438 Deum

495 1485 607 1537 sive
643 1482 900 1536 deitatem
932 1481 987 1533 in
1016 1480 1098 1533 eis
1134 1478 1489 1532 exsistentem
1517 1493 1532 1533 :
1570 1484 1733 1545 atque
1752 1477 1819 1531 de
1847 1492 1911 1530 ea
1938 1476 2054 1530 dei-

498 1588 607 1629 tate
665 1572 985 1627 indivisibili
1046 1569 1207 1624 modo
1264 1568 1684 1638 participantes,
1746 1568 2053 1638 quemlibet

498 1682 624 1721 esse
678 1666 871 1718 Deum.
910 1663 1085 1718 Unam
1113 1671 1295 1715 autem
1318 1660 1731 1715 subsistentiam
1755 1662 2053 1730 epinantur

496 1775 638 1823 esse,
694 1759 931 1821 Patrem,
979 1765 1032 1808 et
1084 1753 1301 1816 Filium,
1331 1760 1388 1807 et
1442 1752 1710 1822 Spiritum
1765 1762 2055 1806 sanctum:

494 1864 839 1905 communem
899 1862 1029 1900 vero
1055 1846 1230 1914 ipsum
1271 1845 1464 1907 Deum,
1489 1844 1849 1897 substantiam
1873 1853 1926 1896 et
1961 1860 2053 1897 na-

494 1950 693 1994 turam.
726 1937 994 1992 Cmterum
1021 1934 1282 2003 Angelitte
1320 1933 1406 1986 isti
1469 1932 1537 1986 ab
1578 1932 1909 1987 adversariis
1973 1933 2049 1986 ita

492 2031 751 2102 appellati
779 2038 925 2094 sunt,
955 2044 983 2080 a
1030 2026 1265 2097 quodam
1300 2024 1642 2079 Alexandria
1674 2023 1815 2087 loco,
1840 2024 2056 2089 Angelii

492 2141 693 2183 nomen
723 2124 998 2179 habente:
1029 2121 1083 2175 in
1113 2135 1223 2189 quo
1248 2118 1484 2181 scilicet,
1520 2117 1615 2187 qui
1650 2116 1855 2186 primas
1910 2114 2056 2184 apud

493 2234 593 2273 eos
618 2218 819 2279 ferunt,
847 2220 1152 2269 conventus
1182 2210 1474 2279 cogebant.
1532 2208 1643 2262 Hos
1671 2208 1833 2261 iidem
1865 2207 2058 2261 adver-

496 2305 1067 2367 sariiSabellianistas
1121 2301 1310 2364 etiam,
1362 2309 1418 2353 et
1445 2297 1755 2352 Tetraditas
1809 2298 2061 2351 nomina-

498 2411 649 2456 runt.
703 2398 841 2453 Sunt
900 2408 1118 2449 rursum
1162 2392 1257 2447 alii
1311 2392 1477 2445 etiam
1527 2390 1709 2459 quarti
1767 2390 2053 2453 Severius,

500 2494 778 2559 iidemque
833 2487 1072 2551 l’etritae,
1105 2499 1302 2539 nomen
1347 2483 1399 2538 id
1435 2482 1505 2535 ab
1536 2483 1796 2551 episcopo
1823 2480 2061 2549 quodam

499 2602 600 2642 suo
654 2586 814 2639 Petro
861 2580 1189 2636 consecuti:
1250 2579 1343 2647 qui
1408 2577 1610 2631 Severo
1644 2584 1699 2629 et
1752 2574 2063 2628 Theodosio

499 2688 740 2747 recepto,
806 2674 1033 2729 Paulum
1091 2681 1145 2726 et
1208 2670 1526 2723 Damianum
1553 2684 1657 2721 non
1696 2667 2058 2728 admiserunt,

496 2770 701 2839 quippe
723 2767 1036 2837 opinionem
1071 2762 1356 2829 utriusque
1380 2760 1750 2828 ittqtrohatttes
1778 2776 1793 2814 :
1834 2770 1886 2811 et
1914 2757 2061 2825 quod

492 2878 627 2915 cum
663 2858 903 2913 Ecclesia
968 2852 1241 2908 catholica
1269 2848 1767 2910 communicantes,
1793 2844 2060 2916 synodum

484 2960 748 3022 quartam
809 2962 916 3001 non
976 2942 1368 3014 approbarunt.
1420 2937 1754 2995 Proﬁtentur
1790 2934 2060 3004 siquidem

479 3044 576 3100 ~illi
630 3044 821 3103 Deum,
869 3036 1168 3093 secundum
1229 3033 1519 3087 veritatem
1556 3038 1612 3085 et
1660 3030 1952 3084 essentiam
2006 3035 2064 3081 et

2158 744 2309 815 μόνοι
2357 745 2417 798 οὐ
2460 746 2740 815 δέχονταιο
2776 747 2825 799 οἳ
2854 745 2921 815 δὴ
2973 748 3269 814 Σευηρῖται
3304 747 3476 812 οῦτοι,
3542 751 3591 802 ei
3651 754 3751 804 καὶ

2155 838 2492 892 Θεοδοσιανοὶ
2520 840 2614 892 καὶ
2643 842 3027 909 Δαμιανισταὶ,
3062 841 3222 895 ἄλλον
3254 846 3355 911 μὲν
3382 837 3527 897 εἶναι
3551 844 3750 911 λέγουι

2160 946 2212 983 σι
2243 930 2335 982 τὸν
2365 930 2601 1001 Πατέρα,
2629 932 2788 986 ἄλλον
2826 932 2884 986 δὲ
2911 936 3003 985 τὸν
3034 934 3181 997 Υἱὸν,
3218 936 3311 987 καὶ
3340 936 3501 989 ἄλλον
3520 937 3616 989 τὸν
3642 940 3753 991 Πα-

2159 1021 2449 1091 ράκλητον,
2485 1022 2546 1074 τὸ
2568 1025 2724 1086 ἆγιον
2746 1023 2946 1092 δηλαδὴ
2984 1024 3229 1094 Πνεῦμα.
3256 1028 3346 1095 Μὴ
3375 1022 3517 1079 εἶναι
3540 1027 3600 1080 δὲ
3624 1028 3752 1081 τοῦ-

2158 1130 2267 1165 των
2297 1113 2528 1167 ἕκαστον
2570 1114 2693 1167 καθ’
2722 1115 2914 1167 ἑαυτὸν
2972 1116 3158 1182 φύσιν,
3214 1115 3329 1169 ἀλλ’
3360 1116 3508 1185 ἔχειν
3564 1118 3754 1171 κοινὸν

2158 1205 2316 1271 Θεὸν,
2347 1207 2513 1275 ἡγουν
2545 1204 2775 1276 θεότητα
2830 1206 3174 1275 ὲνύπαρκτον
3215 1208 3307 1260 καὶ
3352 1208 3559 1278 ταύτης
3593 1209 3755 1278 μετι-

2160 1314 2353 1366 χοντας
2378 1298 2708 1368 άμερίστως,
2733 1294 2877 1352 εἶναι
2906 1298 3041 1351 Θεὸν
3070 1299 3326 1353 ἕκαστον.
3353 1300 3500 1353 Μίαν
3526 1299 3583 1351 δὲ
3616 1300 3755 1352 ὑπό-

2162 1407 2351 1443 στασιν
2400 1389 2686 1456 δοξάζουσι
2730 1392 2819 1444 τὸν
2852 1392 3074 1462 Πατέρα
3123 1394 3219 1446 καὶ
3262 1392 3355 1445 τὸν
3393 1394 3521 1446 Υίὸν
3552 1394 3649 1447 καὶ
3688 1395 3754 1447 τὸ

2163 1484 2386 1551 Πνεῦμα
2431 1484 2492 1536 τὸ
2540 1483 2697 1550 ἅγιον
2717 1524 2733 1547 ,
2782 1484 2873 1536 τὸν
2897 1485 2955 1537 δὲ
2987 1485 3165 1538 κοινὸν
3204 1486 3370 1539 αὑτὸν
3398 1485 3533 1538 Θεὸν
3555 1488 3754 1539 οὐσίαν

2161 1575 2256 1627 καὶ
2284 1573 2465 1643 φύσιν.
2503 1574 2817 1642 ’Δγγελῐται
2846 1576 2904 1628 δὲ
2943 1576 3176 1629 τοιοῦτοι
3206 1577 3314 1629 ἀπὸ
3347 1577 3458 1630 τῶν
3493 1578 3559 1630 δι’
3594 1581 3755 1630 ἐναν-

2160 1666 2283 1727 τίας
2336 1665 2666 1737 ἐκλήθησαν,
2721 1667 2785 1720 ἐκ
2829 1684 2976 1731 τινος
3008 1670 3066 1720 ὲν
3114 1668 3503 1739 ’Δλεξανδρείᾳ
3550 1671 3752 1734 τόπου,

2175 1756 2458 1824 Ἀγγελίω
2489 1758 2849 1827 καλουμένου,
2907 1759 2964 1810 ἐν
2991 1751 3036 1826 ᾧ
3064 1759 3157 1812 καὶ
3206 1761 3308 1826 τὴν
3342 1760 3677 1829 συναγωγὴν
3699 1762 3753 1813 οἱ

2156 1850 2226 1903 τὰ
2279 1850 2472 1919 πρῶτα
2524 1850 2654 1919 παρ’
2699 1851 2883 1915 αὐτοῖς
2921 1852 3184 1921 φέροντες
3245 1847 3433 1921 εἶχον·
3466 1852 3561 1917 οὓς
3605 1855 3659 1907 oi
3692 1855 3755 1919 ἐξ

2158 1941 2403 2004 ἐναντίας
2429 1942 2522 1994 καὶ
2548 1941 3002 2005 Σαδελλιανιστάς
3050 1943 3145 1995 καὶ
3166 1942 3498 2010 Τετραδίτας
3528 1944 3753 2012 ὡνόμα-

2161 2034 2547 2101 σαν.Τέταρτοι
2566 2033 2730 2086 πάλιν
2754 2034 2933 2103 ἕτεροι
2955 2032 3328 2102 Σευηρῐται,ο“ί
3356 2034 3452 2087 καὶ
3478 2035 3748 2105 Πετρῖται

2158 2124 2331 2195 ὄνομα
2357 2124 2513 2193 ἔσχον
2544 2124 2652 2177 ἀπό
2681 2141 2826 2187 τινος
2856 2126 3158 2178 ἐπισκόπου
3189 2125 3368 2179 αὐτῶν
3408 2127 3621 2195 Πέτρου
3645 2129 3750 2196 τὴν

2161 2218 2390 2287 κλῆσιν·
2448 2218 2497 2270 οἳ
2552 2216 2790 2286 Σευῆρον
2834 2218 2927 2269 καὶ
2979 2218 3261 2270 Θεοδόσιον
3319 2217 3743 2288 ἀποδεχόμενοι,

2166 2310 2375 2362 Παῦλον
2401 2310 2494 2361 καὶ
2511 2308 2783 2373 Δαμιανὸν
2809 2309 2869 2359 οὺ
2895 2308 3201 2378 προσίεντο.
3229 2310 3314 2362 ἅθ’
3341 2312 3622 2380 ἑκατέρων
3642 2312 3746 2383 τὴν

2162 2399 2318 2463 δόξαν
2350 2399 2743 2467 ἐπαιτιώμενοι
2767 2413 2781 2429 ⁶
2839 2400 2933 2453 καὶ
2964 2400 3044 2452 ὅτι
3195 2401 3428 2454 καθόλου
3476 2404 3744 2472 κοινωνή-

2166 2507 2359 2554 σαντες
2426 2490 2719 2560 Ὲκκ).ησίᾳ
2774 2488 2873 2560 τὴν
2915 2487 2955 2542 δ’
2989 2490 3049 2542 οὗ
3086 2492 3433 2560 προσήκειντο
3495 2491 3741 2547 σύνοδον.

2176 2578 2532 2651 Ὀμολογοῦσι
2555 2580 2661 2650 γάρ
2686 2579 2819 2632 Θεὸν
2840 2578 2982 2631 κατὰ
3008 2577 3272 2648 ἀλήθειαν
3304 2580 3399 2632 καὶ
3429 2580 3621 2632 οὐσίαν
3647 2579 3743 2631 καὶ

2166 2674 2329 2744 φύσιν
2392 2674 2625 2725 ἕκαστον
2686 2670 2809 2723 καθ’
2865 2670 3089 2741 ἑαυτὴν,
3114 2672 3207 2723 τὸν
3242 2671 3486 2740 Πατέρα,
3517 2675 3612 2723 καὶ
3649 2672 3743 2723 τὸν

2165 2768 2315 2834 Υἱὸν,
2344 2768 2438 2820 καὶ
2491 2764 2548 2817 τὸ
2576 2764 2731 2832 άγιον
2785 2764 3007 2833 Πνεῦμα
3061 2764 3313 2831 λέγοντες
3364 2766 3461 2816 οὐκ
3496 2765 3742 2833 ἀριθμῷ,

2163 2860 2295 2915 ἀλλὰ
2325 2862 2393 2929 τῇ
2417 2857 2826 2928 ἁπαραλλάκτῳ
2864 2856 3042 2926 οὐσίᾳ.
3075 2855 3182 2918 Οὓς
3204 2855 3496 2923 Τριθεῖτας
3527 2856 3578 2908 oi
3612 2856 3744 2927 περὶ

2166 2958 2375 3012 Παῦλον
2400 2954 2493 3008 καὶ¹
2524 2952 2796 3020 Δαμιανὸν
2824 2950 3213 3025 κατωνόμαζω
3237 2967 3253 2983 ο
3285 2948 3361 3012 ὡς
3392 2952 3592 3003 ἐκεῖνοι
3618 2950 3745 3004 τού-

2162 3062 2290 3108 τους
2317 3043 2448 3097 ποτὲ
2486 3042 2584 3112 μὲν
2613 3041 2968 3110 Τετραδίτας,
3009 3039 3141 3092 ποτὲ
3170 3040 3226 3092 δὲ
3273 3042 3368 3093 καὶ
3397 3041 3746 3093 Σαδελλιανι-

480 3146 752 3191 ἰιιιιιιι-ιιιιι
785 3144 1056 3199 quamque
1097 3142 1194 3197 per
1224 3125 1495 3194 seipsam:
1522 3122 1739 3177 Patrem
1767 3129 1829 3175 et
1856 3120 2057 3175 Filium

2166 3138 2319 3202 στάς,
2351 3135 2425 3199 ὦς
2483 3152 2573 3204 μοι
2627 3133 2990 3204 προείρηται’
3044 3132 3101 3183 ὲν
3146 3130 3360 3193 τούτοις
3400 3131 3526 3185 ἄλλο
3577 3132 3744 3185 πάλιν

482 3225 850 3295 -ει-ὃνίτὶιυιιι
888 3230 1136 3277 sanctum
1200 3218 1465 3281 dicentes,
1510 3230 1620 3268 non
1649 3228 1903 3279 numero,
1964 3213 2061 3267 sed

482 3337 601 3391 φοι·
622 3319 805 3373 omnia
850 3314 1026 3370 simili
1092 3312 1353 3368 essentia.
1384 3311 1491 3365 Eos
1520 3308 1720 3364 Paulus
1743 3317 1804 3362 et
1850 3306 2066 3360 Damia-

476 3429 606 3469 -nus
634 3409 929 3466 Tritheitas
964 3406 1319 3461 nominarunt
1346 3421 1359 3459 :
1400 3402 1561 3458 sicuti
1594 3402 1671 3456 illi
1696 3402 1863 3455 hosce
1892 3415 2065 3469 quan-

500 3506 684 3573 doque
708 3502 873 3557 etiam
934 3496 1372 3559 Sabellianistas,
1406 3494 1570 3549 sicuti
1601 3491 1763 3546 modo
1796 3490 1931 3545 dixi.
1964 3490 2056 3543 lu-

486 3612 669 3667 -super
714 3594 821 3648 alia
870 3604 1089 3662 quoque
1123 3589 1313 3659 quinta
1346 3587 1721 3643 Severitarum
1795 3593 1851 3639 et
1888 3582 2067 3638 Theo-

484 3690 848 3745 dosiauorum
886 3692 1033 3740 secta
1081 3689 1184 3747 est,
1213 3680 1310 3749 qui
1344 3678 1626 3734 Canopitae
1647 3676 1778 3732 dicti
1812 3684 1976 3739 sunt,
2011 3682 2067 3729 et

499 3782 593 3851 qui
618 3778 878 3834 Severum
907 3783 963 3830 et
991 3771 1379 3835 Theodosium,
1411 3770 1800 3839 etepisCOpum
1831 3778 2056 3837 printer-

487 3889 565 3926 .ca
620 3868 762 3939 apud
826 3882 923 3921 eos
966 3862 1258 3935 quemdam
1317 3861 1621 3921 Cononem,
1673 3874 1842 3928 aquo
1898 3858 2061 3913 etiam

502 3961 767 4018 nominati
819 3968 968 4021 sunt,
1011 3956 1266 4027 probant.
1317 3952 1654 4008 Profitentur
1692 3965 1822 4004 sane
1866 3957 1922 4004 et
1954 3948 2065 4011 isti,

502 4070 693 4109 revera
721 4052 888 4104 Deum
915 4048 1133 4118 quidem
1155 4059 1277 4099 esse
1311 4054 1366 4099 et
1402 4052 1652 4096 naturam
1678 4054 1734 4096 et
1764 4040 2061 4095 essentiam

503 4158 799 4215 quamque,
830 4141 1045 4195 Patrem
1104 4136 1362 4191 videlicet
1390 4145 1446 4189 et
1481 4134 1676 4187 Filium
1709 4140 1764 4186 et
1798 4130 2064 4201 Spiritum

503 4246 751 4291 sanctum
793 4232 904 4286 :ad
937 4230 1075 4287 haec.
1110 4237 1221 4282 tres
1282 4240 1501 4296 quoque
1542 4238 1807 4293 personas
1852 4222 2065 4285 dicunt,

496 4331 676 4399 ipsam
708 4326 967 4381 nimirum
1002 4332 1246 4377 sanctam
1274 4317 1623 4380 Trinitatem,
1658 4324 1715 4370 et
1769 4314 2072 4370 subsisten-

504 4423 612 4476 tias
647 4431 782 4472 tres.
808 4416 943 4470 Tres
993 4421 1177 4468 autem
1210 4425 1441 4465 numero
1471 4408 1803 4463 substantias
1833 4418 1888 4461 et
1914 4414 2070 4459 natu-

504 4526 596 4565 ras
635 4524 731 4577 per
757 4506 940 4559 omnia
972 4504 1204 4562 similes.
1239 4501 1541 4557 secundum
1594 4498 1856 4553 deitatem
1881 4497 2069 4552 diceu-
2105 4490 2146 4544 D

506 4611 610 4665 tes,
640 4613 914 4665 unatnquc
944 4594 1334 4649 susbstantiam
1372 4592 1487 4647 sive
1519 4598 1789 4651 naturam,
1818 4599 1874 4643 et
1906 4602 2069 4641 unam

505 4692 763 4744 deitatem
816 4689 938 4741 sive
962 4687 1157 4748 Deum,
1192 4693 1448 4739 sanetam
1465 4695 1520 4737 et
1544 4681 2069 4738 consubstantialem

510 4780 833 4851 proﬁtentes
850 4777 1210 4839 Trinitatem,
1263 4790 1371 4829 non
1409 4788 1662 4837 numero,
1697 4774 1791 4827 sed
1826 4788 1922 4842 per
1945 4787 2067 4826 om-

504 4874 593 4926 nia
635 4872 799 4927 simili
842 4870 1065 4929 deitate,
1095 4877 1203 4921 tres
1249 4870 1378 4922 deos
1407 4874 1506 4920 aut
1538 4874 1648 4920 tres
1681 4866 1915 4919 deitates
1942 4878 2067 4917 om-

508 4965 641 5019 nino
686 4964 875 5017 dicere
937 4960 1388 5029 tergiversantur.
1420 4956 1512 5011 lsti
1545 4972 1676 5011 sane
1735 4970 1913 5025 neque
1964 4954 2071 5008 Da-

509 5056 775 5116 mianum,
828 5068 1007 5123 neque
1067 5052 1314 5113 Paulum,
1350 5064 1525 5120 neque
1566 5051 1702 5103 adeo
1730 5057 2071 5118 postremum

506 5145 651 5215 apud
691 5160 787 5199 eos
817 5146 1037 5199 Petrum
1078 5151 1429 5211 receperunt.
1481 5142 1630 5209 Quos
1680 5142 1829 5211 ipsos
1861 5142 2076 5196 Damia~

504 5238 667 5291 nista:
713 5244 769 5289 et
810 5235 1055 5291 Pauliani
1106 5244 1162 5289 et
1204 5235 1422 5289 Petritze
1451 5234 1746 5289 Tritheitas
1789 5233 1953 5302 primi
1981 5248 2076 5302 ap-

501 5326 805 5395 pellarunt.
830 5325 1000 5396 878
1029 5325 1409 5381 Discesserunt
1434 5336 1618 5380 autem
1668 5326 1737 5380 ab
1766 5326 1871 5390 eis,
1910 5342 2074 5395 prop-

497 5430 660 5473 terea
700 5420 845 5488 quod
883 5420 960 5472 illi
989 5429 1096 5472 tres
1138 5419 1290 5482 deos,
1314 5420 1427 5473 sive
1452 5427 1566 5473 tres
1595 5420 1831 5474 deitates
1860 5418 2069 5483 dicere,

498 5510 726 5566 Patrem
755 5522 811 5565 et
840 5512 1035 5566 Filium
1070 5521 1125 5565 et
1149 5513 1410 5581 Spiritum
1431 5522 1705 5576 sanctum,
1746 5524 2068 5577 renuentes,

511 5609 629 5657 tres
659 5618 880 5672 quoque
913 5605 1097 5657 dicere
1161 5619 1391 5658 numero
1431 5602 1767 5659 substantias
1810 5606 2069 5673 aequales,

494 5703 564 5746 τοι
596 5694 733 5748 nihil
780 5710 1005 5765 prorsus
1060 5698 1332 5751 variantes
1385 5697 1713 5751 detrectant.
1777 5697 1841 5750 Hi
1887 5706 2069 5750 autem

503 5790 619 5840 tres
674 5788 895 5857 quidem
938 5788 1069 5844 deos
1106 5803 1201 5842 seu
1254 5798 1364 5845 tres
1389 5790 1619 5845 deitates
1646 5788 1828 5845 dicere
1879 5802 2073 5852 Super-

2167 3232 2414 3300 πέμπτον
2441 3228 2637 3298 τμῆμα
2659 3225 2971 3295 Σευηριτῶν
3004 3227 3094 3277 καὶ
3127 3223 3516 3288 Θεοδοσιανῶν,
3542 3225 3593 3277 οῖ
3628 3226 3742 3277 Κο-

2164 3324 2391 3377 νωνῖται
2429 3317 2772 3388 ἐκλήθησαν·
2828 3313 2879 3367 οῖ
2932 3314 2994 3385 δὴ
3045 3312 3287 3381 Σευῆρον
3329 3314 3426 3364 καὶ
3456 3312 3741 3367 Θεοδόσιον

2165 3415 2432 3484 δέχονται,
2464 3410 2599 3479 πρὸς
2651 3408 2708 3462 δὲ
2758 3408 2853 3461 καί
2884 3423 3007 3460 τινα
3056 3407 3357 3457 ἐπίσκοπον
3393 3406 3524 3475 παρ’
3555 3406 3743 3468 αὐτοῖς

2165 3504 2338 3574 ῦνομα
2368 3503 2615 3555 Κόνωνα·
2647 3499 2696 3553 οἳ
2716 3499 2778 3570 δὴ
2806 3501 2899 3551 καὶ
2925 3498 3078 3550 αὐτοὶ
3102 3496 3425 3566 ὁμολογοῦσι
3456 3497 3557 3565 μὲν
3595 3499 3743 3549 κατὰ

2165 3597 2425 3667 ἀλήθειαν
2450 3593 2582 3646 Θεὸν
2617 3592 2716 3663 μὲν
2763 3584 2900 3642 εἶναι
2932 3592 3024 3642 καὶ
3077 3588 3239 3658 φύσιν
3267 3590 3361 3642 καὶ
3394 3588 3582 3642 οὐσίαν
3612 3590 3746 3642 ἔκα-

2169 3708 2315 3755 στον,
2345 3688 2437 3740 τὸν
2467 3686 2686 3755 Πατέρα
2711 3683 2805 3735 καὶ
2830 3683 2923 3735 τὸν
2954 3682 3081 3734 Υίὸν
3114 3683 3206 3734 καὶ
3233 3682 3294 3735 τὸ
3312 3682 3467 3749 ἅγιον
3493 3682 3743 3750 Πνεῦμα.

2172 3784 2292 3835 Ἔτι
2323 3797 2386 3849 γε
2420 3779 2525 3849 μὴν
2557 3778 2650 3830 καὶ
2694 3775 2819 3846 τρία
2865 3774 3135 3843 πρόσωπα
3189 3774 3363 3841 φασὶ,
3424 3771 3521 3842 τὴν
3578 3772 3745 3838 ἁγίαν

2168 3877 2211 3928 Τ
2217 3876 2397 3945 ριάδα,
2433 3872 2529 3924 καὶ
2588 3870 2916 3929 ὑποστάσεις
2964 3869 3134 3947 τρεῖς.
3188 3866 3345 3936 Τρεῖς
3380 3864 3437 3917 δέ
3484 3881 3635 3924 τινας
3663 3863 3745 3931 τῷ

2168 3968 2386 4039 ἀριθμῷ
2416 3966 2601 4028 οὐσίας
2636 3964 2731 4017 καὶ
2757 3960 2947 4030 φύσεις
2972 3958 3432 4025 ἀπαραλλάκτους
3472 3957 3611 4008 κατὰ
3641 3957 3745 4025 τὴν

2171 4060 2400 4129 θεότητα
2434 4059 2709 4125 λέγοντες,
2742 4053 2869 4123 μίαν
2894 4069 2953 4104 τε
2983 4051 3197 4115 οὐσίαν,
3224 4052 3391 4116 ἤγουν
3425 4046 3607 4115 φύσιν,
3643 4046 3744 4098 καὶ

2174 4154 2302 4223 μίαν
2332 4151 2582 4219 θεότητα,
2608 4147 2777 4216 ἤγουν
2810 4143 2964 4209 Θεὸν,
3007 4143 3106 4213 τὴν
3132 4142 3295 4208 άγίαν
3326 4140 3422 4192 καὶ⁵
3450 4137 3745 4207 όμοούσιον

2169 4241 2558 4312 ὁμολογοῦντες
2579 4236 2802 4308 Τριάδα,
2828 4235 2928 4287 οῦκ
2968 4232 3208 4303 ἀριθμῷ,
3243 4231 3377 4283 ἀλλὰ
3406 4234 3469 4301 τῇ
3493 4230 3745 4299 ἀπαραλ-

2169 4332 2353 4400 λάκτῳ
2388 4328 2625 4398 θεότητι,
2652 4326 2799 4395 τρεῖς
2830 4322 3008 4386 θεοὺς,
3040 4322 3241 4392 ὴτρείς
3270 4319 3529 4390 θεότητας
3560 4320 3745 4383 λέγειν

2173 4419 2567 4493 παραιτοῦνται
2612 4416 2977 4469 παντάπασιν.
3006 4412 3247 4469 Οῦτοιδὲ
3279 4411 3400 4465 οὐδὲ
3443 4413 3743 4481 Δαμιανὸν,

2171 4516 2290 4568 οὐδὲ
2316 4512 2546 4572 Παῦλον,
2575 4508 2696 4560 οὐδὲ
2736 4508 2825 4559 τὸν
2877 4507 3101 4575 ἔσχατον
3147 4506 3280 4574 παρ’
3312 4504 3497 4567 αὐτοῖς
3530 4505 3742 4572 Πέτρον

2173 4605 2541 4675 προσήκαντο·
2560 4600 2652 4659 οὓς
2673 4598 2720 4651 el
2743 4597 2849 4652 ἀπὸ
2866 4595 3135 4666 Δαμιανοῦ
3162 4598 3255 4649 καὶ
3275 4597 3484 4648 Παύλου
3514 4598 3605 4647 καὶ
3646 4594 3750 4648 [ιι-

2172 4714 2302 4767 τρου
2337 4693 2625 4765 Τριθεῖτας
2660 4691 2865 4760 πρῶτοι
2900 4688 3208 4756 ὠνόμασαν.
3234 4688 3514 4739 Διίσταντο
3540 4688 3595 4737 δὲ
3622 4685 3747 4737 τού-

2172 4787 2499 4855 των,ὃτιπερ
2515 4786 2710 4837 ἐκεῖνοι
2729 4779 2998 4849 παραιτοῦ
3008 4796 3159 4848 μενοι
3190 4780 3337 4845 τρεῖς
3360 4776 3543 4843 λέγειν
3561 4776 3745 4841 θεοὺς,

2171 4877 2339 4947 ἧγουν
2357 4876 2615 4942 θεότητας
2636 4872 2807 4940 τρεῖς,
2836 4870 2925 4923 τὸν
2956 4869 3175 4938 Πατέρα
3198 4871 3289 4919 καὶ
3311 4867 3402 4919 τὸν
3431 4867 3554 4919 Υίὸν
3574 4867 3746 4919 καὶτὸ

2174 4968 2327 5037 άγιον
2354 4963 2604 5035 Πνεῦμα,
2633 4961 3028 5032 παραιτοῦνται
3054 4961 3150 5013 καὶ
3177 4959 3239 5012 τὸ
3285 4958 3462 5027 λέγειν
3492 4960 3643 5027 τρεῖς
3666 4957 3746 5028 τῷ

2175 5058 2392 5129 ἀριθμῷ
2436 5056 2643 5120 οὐσίας,
2680 5054 2799 5116 ῐσλς
2850 5056 2945 5106 καὶ
2971 5050 3443 5120 ἀπαραλλάκτους.
3473 5043 3634 5103 Οὗτοι
3682 5050 3744 5102 δὲ

2174 5152 2234 5204 τὸ
2266 5151 2363 5219 μὲν
2385 5149 2565 5215 λέγειν
2607 5147 2756 5216 τρεῖς
2810 5145 2963 5207 θεοὺς
2992 5145 3110 5214 ἢτοι
3159 5148 3314 5216 τρεῖς
3353 5142 3612 5213 θεότητας
3638 5162 3745 5196 πα-

2176 5242 2486 5313 ρτιτοῦνται
2507 5256 2522 5270 ο
2576 5242 2727 5310 τρεῖς
2756 5241 2812 5293 δὲ
2841 5241 2919 5311 τῷ
2945 5240 3165 5310 ἀριθμῷ
3191 5241 3401 5303 οὐσίας,
3444 5241 3612 5309 ἤγουν
3642 5238 3745 5307 φύ-

2178 5347 2291 5394 σεις
2320 5332 2471 5393 τινάς
2504 5330 2643 5393 ίσας,
2673 5329 3049 5399 ὁμολογοῦσιν.
3079 5332 3141 5384 Ol
3170 5330 3225 5383 δὲ
3255 5331 3360 5382 άπὸ
3385 5332 3626 5391 Κόνωνος
3654 5328 3743 5381 δε-

2174 5424 2393 5491 χόμενοι
2425 5422 2691 5490 πρότερον
2719 5423 2786 5473 τά
2846 5422 3259 5491 συγγράμματα
3309 5420 3555 5474 Ἰωάννου
3590 5420 3745 5474 Ἀλες

2174 5513 2445 5580 ξανδρέως
2480 5511 2869 5582 γραμματικοῦ
2898 5512 2991 5564 τοῦ
3041 5513 3359 5578 Φιλοπόνου,
3390 5516 3425 5567 ἃ
3455 5512 3579 5566 καθ’
3620 5511 3747 5565 Ἐλ-

2174 5606 2347 5677 λήνων
2397 5604 2546 5673 αὺτῷ
2580 5604 2672 5657 καὶ
2721 5603 2897 5657 ἄλλων
2925 5606 3088 5658 τινῶν
3133 5605 3437 5657 ὑποθέσεων
3475 5605 3744 5675 ἑπονήθη,

2176 5699 2401 5766 ἔσχατον
2455 5696 2670 5747 πάντων
2730 5694 2893 5750 αὐτόν
2954 5712 3012 5747 τε
3069 5697 3162 5748 καὶ
3227 5695 3295 5747 τὰ
3328 5695 3744 5765 συγγράμματα

2175 5789 2338 5843 αὑτοῦ
2368 5788 2698 5842 ἁπεὸάλοντο
2726 5788 2820 5841 καὶ
2852 5787 3156 5844 άναθέιιατι
3179 5788 3561 5842 ὲκδεδώκασιν.
