4100 6216
425 338 529 400 435

430 560 659 613 magnus
716 552 948 599 testatur
1004 542 1255 608 Basilius,
1308 542 1496 605 sicuti,
1543 541 1724 596 Gloria
1772 541 1923 596 Patri
1958 551 2008 594 et

434 635 577 688 Filio
601 645 650 687 ct
683 635 912 703 Spiritui
959 644 1166 697 sancto,
1210 621 1260 690 ὀ
1318 635 1580 690 Flaviano
1639 635 2007 698 Antiocheno,

428 727 720 795 adjuvante
751 726 1173 796 Chrysostomo,
1204 737 1288 780 est
1318 727 1629 782 inventum.
1670 727 1784 780 Sub
1831 725 2008 781 Theo-

435 819 593 873 dosio
623 834 756 872 sane
802 819 1052 882 Juniore,
1110 821 1304 875 Proclo
1350 820 1716 889 patriarcham
1759 831 2008 889 gerente,

427 895 555 963 cum
584 911 809 979 quidam
836 926 902 965 eo
953 918 1204 982 tempore
1264 913 1678 981 perpessionem
1731 911 2009 966 divinitati

429 1003 602 1071 ipsius
638 1003 912 1073 Uuigeniti
955 1003 1214 1069 alliugvre
1258 1003 1686 1067 contenderent,
1723 1013 1778 1058 et
1824 1002 2009 1072 ingen-

433 1092 567 1147 tium
604 1101 1019 1148 terratmotuum
1061 1096 1236 1164 gratia
1276 1095 1495 1165 publice
1537 1110 1565 1148 a
1590 1094 1805 1165 populo
1857 1093 2009 1148 omni

428 1184 866 1255 supplicationes
920 1185 1159 1247 ﬁerent,
1225 1187 1525 1256 derepente
1587 1188 1642 1240 in
1714 1196 2008 1255 conspectu

429 1276 679 1332 onmium
722 1291 855 1346 puer
891 1277 946 1329 in
975 1293 1158 1331 aerem
1193 1277 1679 1348 (quemadmodum
1716 1278 1770 1332 in
1811 1277 2009 1332 decimi

430 1369 611 1438 quarti
672 1369 803 1424 tomi
854 1371 1274 1448 quadragesimo
1321 1381 1477 1427 sexto
1541 1372 1719 1441 capite
1771 1371 2011 1426 dilucide

431 1461 694 1528 diximus)
729 1471 942 1532 raptus,
978 1464 1211 1518 auribus
1241 1464 1358 1533 ipse
1397 1465 1535 1527 suis,
1570 1464 1643 1518 ita
1671 1463 1838 1518 etiam
1881 1463 2012 1519 sim-

432 1550 672 1620 pliciter,
694 1561 780 1607 ter
803 1563 1054 1608 sanctum
1079 1569 1203 1608 eum
1235 1555 1496 1625 hymnum
1521 1555 1732 1623 absque
1754 1554 2009 1625 adjectio-

435 1659 526 1708 ne,
555 1643 624 1698 ab
650 1644 914 1714 angelicis
938 1646 1226 1701 ordinibus
1253 1647 1524 1701 concinne
1547 1663 1773 1718 prorsus
1796 1647 2011 1702 cantari

433 1737 669 1792 audivit.
703 1739 858 1794 Unde
892 1738 1135 1794 Ecclesia
1190 1740 1372 1794 omnis
1406 1741 1668 1810 hymnum
1732 1741 1890 1795 talem
1942 1741 2009 1795 ad

435 1828 689 1882 eumdem
723 1829 945 1884 modum
971 1831 1323 1886 continenter
1351 1832 1460 1886 Deo
1483 1847 1681 1886 canere
1704 1832 2012 1887 consuevit.

436 1917 577 1974 Sane
623 1921 848 1989 quidem
881 1924 974 1992 qui
1014 1938 1238 1980 carmen
1287 1925 1390 1979 hoc
1433 1925 1646 1994 primus
1675 1927 2012 1996 composuit,

434 2011 503 2066 ab
541 2013 749 2082 angelis
777 2023 1060 2070 mutuatus
1080 2027 1160 2072 est
1186 2033 1200 2071 :
1228 2017 1576 2081 canentibus,
1607 2017 1858 2081 Sanctus,
1886 2035 2017 2072 san-

435 2112 840 2169 ctus,sauctus.
875 2108 1034 2175 Quod
1094 2125 1228 2164 vero
1285 2109 1561 2180 sequitur,
1619 2125 1650 2163 a
1700 2107 2014 2164 suavissimi

436 2210 744 2256 concentus
787 2201 908 2271 lyra
959 2213 1014 2258 et
1057 2203 1269 2271 psalmo
1321 2203 1747 2272 quadragesimo
1795 2202 2018 2258 Davidis

437 2301 768 2361 acceptum,
832 2295 1222 2348 Venustissime
1288 2295 1530 2364 adjecit,
1589 2295 1684 2348 ubi
1745 2295 1952 2350 dicitur
2000 2313 2014 2349 :

439 2386 619 2438 Sitivit
647 2386 831 2439 anima
863 2403 979 2440 mea
1008 2387 1078 2439 ad
1135 2387 1302 2441 Deum
1360 2388 1568 2457 fortem,
1609 2390 1802 2442 vivum.
1850 2387 2020 2459 880

438 2476 506 2530 Et
536 2476 725 2548 hymni
760 2479 932 2549 ipsius
960 2489 1157 2534 auctor
1209 2481 1325 2536 hac
1360 2481 1548 2545 verba,
1586 2480 1723 2535 Deus
1747 2490 1802 2537 et
1845 2482 2014 2544 fortis,

439 2570 676 2640 integra,
710 2586 891 2640 neque
919 2571 1028 2626 ulla
1056 2589 1123 2627 ex
1156 2583 1309 2643 parte
1341 2582 1569 2636 mutata,
1591 2574 1754 2629 sicuti
1777 2589 1842 2629 ea
1874 2575 2016 2639 apud

438 2663 784 2720 Psaltuistam
834 2666 1066 2732 invenit,
1127 2667 1477 2722 conservavit
1517 2685 1532 2722 :
1581 2677 1640 2724 et
1692 2667 2016 2731 dictionem,

437 2761 632 2823 uiuum,
663 2757 934 2814 duntaxat
970 2761 1026 2815 in
1058 2761 1306 2831 ejusdem
1363 2761 1783 2831 signiﬁcationis
1815 2776 2016 2815 nomen

437 2847 760 2904 immortalis
807 2852 1186 2906 commutavit.
1254 2853 1346 2906 Ille
1399 2853 1564 2907 etiam
1639 2853 1753 2907 Deo
1803 2851 2020 2906 addidit

438 2949 678 3006 sanctus,
704 2955 906 2996 nomen
932 2940 987 2996 id
1031 2942 1191 2996 idolis
1214 2957 1521 3012 opponens,
1565 2957 1685 3013 quae
1735 2943 2020 2997 abomina-

443 3033 612 3088 tionis
641 3033 820 3087 omnis
853 3032 1036 3103 plena,
1072 3043 1127 3088 et
1153 3034 1410 3089 humana:
1443 3049 1641 3090 manus
1670 3049 1836 3104 opera
1865 3042 2014 3090 sunt.

1664 336 2084 398 NICEPHORI
2121 338 2464 401 CALLISTI

429 449 910 522 Atltpllilatitiaittm,
946 451 998 504 in
1046 451 1269 521 triginta
1319 449 1578 520 capitulis
1643 449 1878 506 celebris
1944 458 2000 504 et

2124 450 2273 526 λαίφις
2321 455 2350 506 δ
2387 451 2553 516 πολύς
2591 469 2722 523 φησι
2770 453 3083 522 καὶ-μέγας
3132 440 3417 513 Βασίλειος
3451 466 3467 483 ⁸

3601 339 3714 402 436

3505 468 3708 522 ωσπερ

2113 543 2206 596 καὶ
2240 542 2321 608 τὸ,
2367 544 2524 608 Δόξα
2559 542 2746 610 Harp!
2786 544 2886 597 καί
2923 541 3036 608 Υιῷ
3065 542 3168 596 καί
3196 543 3343 612 ἁγιῳ
3376 543 3710 611 Πνεύματι,

2113 631 2251 703 πρὸς
2289 632 2593 686 Φλαϐιανοῦ
2624 632 2719 686 τοῦ
2765 633 3126 701 ’Δντιοχείας,
3159 631 3570 701 ὑπουργοῦντος
3613 633 3712 686 καὶ

2111 724 2208 778 τοῦ
2244 723 2446 795 χρυσοῦ
2475 723 2574 796 τὴν
2620 723 2870 792 γλῶτταν
2921 716 3312 793 ἐξευρημένον.
3356 722 3484 774 Ἐπὶ
3517 721 3709 790 μέντοι

2113 816 2398 870 Θεοδοσίου
2427 814 2519 868 τοῦ
2557 815 2700 878 νέου,
2725 813 2970 883 Πρόκλου
3003 811 3510 882 πατριαρχοῦντος,
3535 813 3712 866 τινῶν

2113 906 2419 977 τηνικαῦτα
2451 905 2624 970 πάθος
2653 909 2720 977 τῇ
2757 905 2978 976 θεότητι
3006 903 3101 957 τοῦ
3125 904 3471 972 Μονογενοῦς
3495 903 3710 974 προσάο

2114 1016 2266 1052 πτειν
2288 997 2734 1068 ἐπιχειρούντων,
2760 996 3003 1066 σεισμῶν
3029 996 3077 1050 τ’
3097 995 3353 1060 ἐξαισίων
3376 996 3540 1068 χάριν
3571 1015 3712 1050 παν-

2097 1081 2288 1162 ’δήμου
2339 1091 2670 1160 τελουμένης
2701 1090 2879 1160 λιτῆς,
2913 1092 2948 1161 ἠ
3003 1090 3100 1144 τοῦ
3136 1090 3330 1155 παιδὸς
3363 1091 3592 1162 ἁρπαγὴ
3623 1095 3710 1156 εἰς

2112 1184 2252 1252 ἀέρα
2278 1181 2498 1236 πάντων
2524 1180 2778 1252 ὁρώντων
2819 1181 3042 1249 ἐγένετο
3084 1180 3182 1250 (ὡς
3211 1184 3268 1234 ὲν
3303 1181 3365 1234 ιδ’
3395 1182 3572 1252 τὸμῳ,
3605 1199 3706 1235 κε-

2115 1274 2330 1346 φαλαίῳ
2361 1271 2484 1343 μς’,
2515 1275 2703 1342 σαφῶς
2733 1272 3105 1344 διελάϐομεν),
3131 1271 3223 1325 τοῦ
3248 1272 3442 1336 παιδὸς
3480 1274 3710 1337 οἰκείοις

2113 1368 2498 1432 ὲνωτισθὲντος
2524 1367 2658 1421 ὠσὶν
2688 1367 2874 1430 ἁπλῶς
2903 1367 3049 1420 οὕτω
3077 1367 3168 1420 τὸν
3198 1367 3491 1436 τρισάγιον
3527 1366 3706 1436 ὕμνον

2114 1459 2432 1531 προσθήκης
2467 1463 2617 1526 ἄνευ,
2649 1460 2744 1512 καὶ
2794 1459 2950 1529 παρά
2996 1459 3106 1511 τῶν
3137 1459 3457 1526 ἀγγελικῶν
3485 1458 3709 1527 ταγμά-

2111 1570 2222 1608 των
2252 1552 2642 1622 παναρμονίως
2674 1551 2994 1622 ὲξᾴδεσθαι’
3033 1551 3092 1615 ἐξ
3113 1549 3172 1604 οῦ
3199 1551 3293 1603 καὶ
3329 1552 3363 1620 ἡ
3397 1551 3710 1620 Ἐκκλησία

2115 1647 2264 1699 πᾶσα
2292 1645 2587 1714 ἐπιμᾶλλον
2635 1645 2730 1698 τὸν
2757 1644 3004 1698 τοιοῦτον
3049 1645 3218 1714 ῦμνον
3250 1644 3401 1716 ᾄδειν
3434 1643 3711 1712 διηνεκῶς

2117 1737 2431 1808 παρείληφε
2465 1737 2540 1808 τῷ
2586 1736 2708 1808 Θεῷ
2734 1753 2748 1766 ’
2788 1740 2856 1790 ὲκ
2884 1736 2986 1806 μὲν
3030 1737 3134 1789 τῶν
3163 1735 3414 1805 ἀγγέλων
3441 1734 3712 1796 λαϐόντος

2117 1830 2211 1884 τοῦ
2239 1832 2330 1884 τὸν
2381 1829 2552 1900 ὕμνον
2609 1828 2842 1897 πρώτως
2898 1827 3314 1892 συντεθεικότος
3374 1827 3436 1881 τὸ
3473 1827 3709 1896 Ἄγιος,

2118 1923 2304 1991 ἅγιος,
2333 1922 2521 1990 ἅγιος,
2545 1920 2609 1974 τὸ
2625 1921 2668 1972 δ’
2700 1921 2829 1990 ἑξῆς
2861 1921 2971 1974 ἀπὸ
3002 1919 3101 1990 τῆς
3135 1919 3513 1991 παναρμονίου
3533 1920 3712 1988 λύρας

2119 2017 2305 2076 Δαϐὶδ,
2332 2014 2563 2085 Ψαλμοῦ
2589 2013 2681 2085 μα’
2715 2015 2938 2083 εὐφυῶς
2966 2014 3458 2084 προσαρμόταντος
3484 2029 3500 2043 ο
3551 2013 3710 2066 Ἐδί-

2119 2112 2328 2176 ιψ-ησεν
2355 2107 2393 2173 ἡ
2440 2105 2610 2175 ψυχή
2632 2123 2776 2175 μου,
2803 2105 3078 2173 λέγοντος.
3103 2105 3256 2173 πρὸς
3277 2111 3386 2158 τίν
3418 2107 3572 2158 Θεὸν
3598 2105 3712 2158 τὸν

2117 2199 2399 2268 ἰσχυρὸν,
2415 2200 2522 2253 τὸν
2541 2197 2748 2258 ζῶντα.
2774 2199 2848 2252 Τὸ
2883 2199 2984 2267 μὲν
3009 2195 3102 2252 οῦν
3137 2199 3285 2265 Θεὸς
3319 2201 3414 2252 καὶ
3439 2199 3498 2251 τὸ
3529 2201 3709 2268 ισχυ-

2111 2294 2223 2360 ρδς
2247 2292 2642 2363 ἀπαράλλακτα
2674 2293 3085 2364 συντηρηθῆναι
3119 2293 3199 2362 τῷ
3232 2292 3572 2362 συνθεμένῳ,
3601 2310 3707 2346 κα-

2120 2387 2188 2440 ea
2217 2387 2311 2439 καὶ
2365 2384 2444 2454 τῷ
2480 2384 2759 2456 ψαλμῳδῷ
2782 2402 2797 2418 ’
2838 2385 3002 2452 μόνον
3030 2400 3095 2452 γε
3135 2383 3578 2453 μεταμειφθῆναι
3606 2384 3708 2453 τὴν

2119 2478 2305 2541 ζῶντα
2337 2478 2481 2542 λέξιν
2513 2478 2594 2542 είς
2637 2477 2959 2546 ίσοδύναμον
2990 2477 3185 2546 δνομα,
3251 2478 3310 2527 τὸ
3350 2474 3657 2540 ἀθάνατος
3687 2491 3704 2506 °

2120 2574 2214 2628 καὶ
2253 2570 2579 2641 συντεθῆναι
2611 2572 2710 2642 μὲν
2742 2570 2819 2640 τῷ
2856 2569 2976 2638 Θεῷ
3006 2569 3066 2622 τὸ
3095 2569 3265 2638 ἅγιος
3294 2568 3430 2639 πρὸς
3458 2568 3705 2621 ἀντιδια-

2122 2667 2314 2736 στολὴν
2343 2665 2450 2718 τῶν
2500 2664 2764 2727 εἰδώλων,
2826 2664 2862 2716 ὅ.
2889 2665 2998 2716 εἰσι
3045 2662 3332 2732 βδελυρίας
3371 2663 3552 2732 πάσης
3574 2661 3707 2715 ἀνά-

2124 2773 2318 2819 μεστα,
2359 2755 2454 2807 καὶ
2491 2752 2849 2823 ἀνθρωπίνης
2907 2752 3043 2822 ἔργα
3099 2751 3320 2821 χειρόςο
3389 2752 3450 2803 τό
3490 2767 3553 2818 γε
3597 2751 3708 2821 μὴν

2120 2847 2367 2917 ίσχυρός
2404 2845 2540 2916 πρδς
2582 2845 2642 2898 τὸ
2663 2845 2888 2898 ἐκείνων
2928 2846 3163 2914 μάλιστα
3189 2843 3418 2918 ἀδρανὲς
3461 2845 3557 2895 καὶ
3592 2844 3710 2896 ἀνί-

2123 2941 2322 3011 σχυρόν
2353 2957 2410 2992 τε
2445 2939 2540 2993 καὶ
2577 2940 2928 2992 παντάπασιν
2978 2938 3323 3008 ἁμετάϐατον
3345 2953 3358 2966 ·
3397 2935 3460 2990 τὸ
3488 2935 3532 2988 δ’
3563 2937 3710 2990 ἀθά·
3763 2960 3769 2964 ·-

2121 3051 2304 3099 ratae
2327 3033 2462 3103 πρὸς
2493 3033 2552 3086 τὸ
2582 3032 2783 3087 ἄπνοον
2810 3031 2981 3100 σφῶν,
3026 3031 3120 3083 καὶ
3152 3030 3422 3100 μηδαμῶς
3449 3029 3710 3098 αἰσθήσει

442 3121 618 3177 Sicuti
644 3131 701 3178 et
757 3125 908 3193 [ortis
953 3125 1157 3193 posuit,
1192 3135 1420 3196 propter
1451 3126 1873 3181 simulacrorum
1920 3126 2018 3180 im-

2126 3127 2218 3180 καὶ
2249 3125 2325 3194 νῷ
2350 3123 2749 3194 διοικούμενον.·
2778 3122 2843 3174 Οί
2877 3124 3058 3174 τοίνυν
3092 3120 3468 3189 Θεοπασχῑται
3500 3119 3550 3171 οί
3597 3118 3711 3170 ἀπὸ

441 3215 793 3272 beczllitatem
819 3225 983 3287 atque
1015 3217 1386 3274 inﬁrmitatem
1423 3233 1715 3282 summam,
1740 3233 1862 3288 quae
1893 3218 2015 3273 loco

442 3321 501 3363 se
531 3321 758 3364 movere
795 3325 1024 3379 prorsus
1064 3325 1172 3365 non
1201 3313 1392 3382 possit.
1423 3313 1603 3382 Atque
1671 3313 1858 3367 itidem
1916 3313 2017 3366 im-

445 3400 741 3455 mortalis:
779 3410 838 3455 ut
889 3411 1196 3458 statuarum
1257 3413 1483 3460 truncos
1539 3404 1870 3474 traduceret,
1917 3403 2016 3475 qui

445 3495 556 3548 vita
582 3505 858 3559 carentes,
894 3511 1078 3565 neque
1103 3497 1316 3565 spirare
1346 3507 1596 3566 possunt,
1625 3513 1805 3568 neque
1849 3514 2017 3554 sensu

445 3594 542 3640 aut
569 3597 753 3642 tuente
786 3587 1124 3658 diriguntur.
1161 3588 1365 3644 Verum
1395 3591 1546 3645 enim
1577 3606 1708 3646 vero
1735 3591 2020 3660 Theopas-

445 3678 630 3746 chitae,
665 3679 761 3750 qui
795 3696 824 3735 a
849 3681 1012 3737 Petro
1053 3690 1110 3738 et
1139 3682 1348 3738 Severo
1401 3684 1668 3754 originem
1717 3684 2018 3750 duxerunt,

445 3771 834 3828 admirandum
878 3773 1028 3829 hunc
1064 3776 1299 3829 maxime
1349 3776 1613 3846 hymnum
1657 3791 1766 3832 non
1819 3777 2022 3832 divinae

445 3865 709 3921 Trinitati
764 3868 1182 3922 accommodare
1244 3869 1512 3935 volentes,
1579 3870 1675 3924 sed
1734 3871 2022 3926 incarnato

453 3955 632 4011 Verbo
662 3957 919 4013 accinere
955 3968 1290 4028 satagentes.
1327 3962 1742 4016 accessionibus
1787 3963 2023 4032 quihus-

448 4048 574 4101 dam
605 4062 961 4117 corrumpere
1001 4049 1122 4104 ausi
1149 4059 1298 4111 sunt,
1337 4051 1521 4104 verbis
1567 4050 1742 4115 hisce,
1788 4060 2021 4117 sanctus,

445 4141 792 4206 immortalis,
824 4141 1124 4197 clausulam
1170 4141 1315 4196 illam
1347 4159 1358 4194 :
1387 4141 1487 4207 Qui
1522 4142 1805 4208 cruciﬁxus
1837 4159 1889 4197 es
1930 4161 2025 4214 pro

415 4235 633 4300 nobis,
661 4234 900 4306 maligne
952 4233 1297 4305 adjicientes.
1337 4235 1492 4302 Quod
1554 4237 1759 4290 malum
1817 4237 2028 4306 primus

452 4326 743 4382 instituere
792 4328 962 4396 ccepit
1012 4327 1210 4381 Petrus
1252 4326 1571 4398 Cnapheus,
1627 4338 1681 4384 et
1734 4339 1860 4398 post
1900 4344 2025 4384 eum

453 4417 656 4473 deinde
695 4417 936 4490 Severus
962 4417 1298 4487 Acephalus,
1330 4434 1428 4474 seu
1463 4419 1647 4489 potius
1680 4420 1850 4492 hydra
1884 4421 2029 4475 mul-

2129 3220 2337 3288 Πέτρου
2367 3219 2461 3273 καὶ
2494 3219 2736 3288 Σευὴρου
2761 3215 2963 3285 δηλαδὴ
2991 3213 3378 3282 καταγόμενοι,
3409 3212 3502 3265 τὸν
3524 3210 3710 3264 τοιοῦ-

2122 3327 2215 3366 τον
2246 3309 2674 3379 πανθαύμαστον
2709 3308 2879 3378 ὕμνον
2907 3309 2980 3378 μὴ
2999 3310 3066 3378 τῇ
3113 3305 3237 3375 θείᾳ
3267 3303 3463 3374 Τριάδι
3497 3303 3711 3373 προσά-

2124 3420 2243 3472 γειν
2273 3402 2573 3466 ἐθέλοντες,
2628 3403 2764 3458 ἀλλὰ
2792 3401 2871 3472 τῷ
2918 3398 3261 3468 σαρκωθίντι
3293 3398 3455 3465 Λόγῳ
3483 3395 3711 3466 ἐπᾴδειν

2128 3497 2462 3567 βουλόμενοι,
2487 3495 2830 3566 προσθήκαις
2862 3495 2973 3546 τισὶ
3001 3481 3314 3561 διαφθεῖραι
3345 3490 3534 3544 τοῦτον
3563 3489 3712 3544 ἐτόλ-

2131 3598 2339 3657 μησαν·
2374 3588 2452 3658 τῷ
2483 3586 2670 3652 ἅγιος,
2705 3587 3004 3651 ἀθάνατος
3044 3584 3105 3638 τὸ
3147 3589 3180 3640 ό
3228 3583 3600 3652 σταυρωθεὶς
3629 3585 3711 3636 δι’

2126 3679 2285 3749 ἡμᾶς
2325 3681 2678 3749 κακοτρόπως
2713 3677 3100 3750 προσθέμενοι.
3146 3671 3222 3732 Οῦ
3282 3676 3457 3730 κακοῦ
3492 3676 3712 3744 πρῶτος

2129 3771 2439 3842 κατήρξατο
2473 3772 2678 3839 Πέτρος
2735 3771 2764 3822 ὁ
2817 3771 3106 3841 Κναφεύς’
3171 3769 3309 3839 μετά
3342 3770 3386 3822 δ’
3444 3770 3651 3821 ἐκεῖνον
3685 3769 3712 3818 6

2142 3863 2434 3935 ’Δκέφαλος
2459 3856 2718 3932 Σευῆρος,
2777 3863 2976 3933 μᾶλλον
3000 3863 3044 3915 δ’
3079 3863 3258 3916 είπεῖν
3291 3861 3427 3932 ῦδρα
3452 3862 3498 3931 η’
3539 3857 3709 3912 πολυο

2131 3954 2366 4024 κέφαλος
2387 3972 2400 3985 ·
2434 3956 2537 4009 κᾶν
2567 3957 2616 4008 οἱ
2648 3955 2755 4009 ἀπὸ
2785 3955 2981 4008 τούτου
3015 3955 3401 4015 διαϐάλλοντες
3427 3953 3711 4006 τὸνΚων-

2134 4048 2636 4112 σταντινουπόλεως
2695 4049 2830 4115 φασὶ
2863 4047 3198 4102 Μακεδόνων
3231 4047 3328 4115 τῆς
3386 4045 3710 4122 προσθήκης

2133 4136 2335 4206 ταύτης
2376 4135 2670 4204 κατάρξαι.
2710 4131 2820 4188 Ἶῐν
2857 4135 2956 4203 μὲν
3005 4129 3123 4199 οὖν,
3175 4134 3251 4197 ὡς
3283 4135 3450 4199 ἔοικε,
3479 4136 3574 4187 καὶ
3607 4151 3712 4186 πα-

2134 4234 2263 4291 λαιά
2285 4250 2368 4296 τις
2393 4232 2534 4303 αὕτη
2561 4235 2595 4304 ἡ
2622 4233 2855 4303 αἰρεσις,
2886 4232 2961 4293 ὡς
2988 4231 3016 4282 ὁ
3048 4227 3349 4291 πολύαθλος
3387 4227 3712 4288 Ἀθανάσιος
3803 4285 3806 4288 ,

2135 4329 2199 4380 ὲκ
2223 4327 2330 4379 τῶν
2354 4325 2660 4396 εἰρημένων
2690 4323 2839 4391 αὐτῷ
2876 4313 3130 4392 ἐμφαίνει
3160 4321 3367 4389 σαφῶςο
3404 4320 3453 4372 εί
3489 4319 3564 4388 μή
3595 4336 3713 4380 πως

2137 4419 2554 4490 προϐλεπτικῶς
2580 4419 2674 4472 καὶ
2701 4416 2908 4484 ταύτην
2933 4414 3258 4485 ἀνατρέπων
3286 4414 3315 4465 δ
3342 4413 3531 4484 Πατὴρ
3551 4407 3714 4474 οῦτδς

455 4511 652 4582 ticeps.
683 4510 944 4577 Quamvis
967 4521 1270 4566 sectatores
1299 4514 1418 4584 ejus
1449 4512 1727 4568 calumnia
1761 4513 2018 4569 Constan-

2135 4516 2305 4577 ἔστιν,
2345 4510 2536 4580 ὥσπερ
2589 4510 2725 4579 δῆτα
2761 4509 2857 4563 καὶ
2901 4508 3068 4570 ἄλλας
3103 4507 3366 4570 πλείστας
3423 4505 3712 4574 προανεῖλε

455 4603 880 4676 tinopolitanum
927 4603 1306 4659 Macedonium
1359 4615 1716 4675 appetentes,
1762 4606 2024 4677 adiectio-

456 4712 580 4751 nem
613 4695 779 4750 talem
810 4695 963 4750 illum
987 4712 1248 4752 exorsum
1287 4711 1410 4751 esse
1433 4697 1643 4753 dicant.
1681 4697 1807 4752 Fuit
1852 4707 2028 4763 certe,

453 4786 617 4842 sicuti
654 4785 893 4853 videtur,
924 4795 1085 4841 vetus
1112 4787 1230 4840 haec
1262 4787 1485 4842 haeresis
1521 4788 2025 4858 :quemadmodum

455 4880 593 4935 satis
617 4880 787 4944 clare,
815 4879 909 4949 qui
944 4878 1115 4932 multa
1141 4879 1367 4948 pertulit
1417 4881 1722 4935 certamina
1782 4882 2024 4937 Athana.

456 4974 594 5035 sius,
627 4971 792 5027 dictis
826 4971 943 5026 suis
989 4971 1256 5026 declarat.
1313 4973 1430 5026 Nisi
1483 4973 1626 5029 forte
1665 4986 1888 5031 sanctus
1943 4977 2035 5032 ille

457 5068 617 5122 Pater
639 5080 760 5120 eam
791 5064 1110 5134 praeviderit
1131 5073 1294 5134 atque
1318 5067 1602 5129 everterit,
1629 5066 1794 5121 sicuti
1819 5067 2032 5124 scilicet

455 5170 513 5214 et
562 5159 701 5214 alias
755 5157 1027 5228 plurimas
1077 5158 1300 5226 scriptis
1349 5157 1466 5212 suis
1511 5158 1756 5225 sustulit,
1814 5162 2029 5216 tametsi

459 5261 581 5321 post
603 5251 815 5306 obitum
845 5251 966 5322 ejus
997 5252 1239 5320 primum
1277 5261 1518 5305 exortas.
1555 5251 1680 5306 Ha‘c
1729 5252 1845 5322 ipsa
1897 5269 2031 5325 ergo

461 5343 686 5399 hmresis
720 5359 750 5396 a
781 5342 1045 5412 Cnapheo
1098 5342 1337 5412 primum
1388 5344 1678 5412 producta,
1745 5343 1946 5398 deinde
2000 5361 2030 5398 a

465 5520 648 5586 ’Ᾱξιος
677 5515 727 5572 εί
750 5522 808 5574 ὲν
834 5521 971 5573 πᾶσι
999 5522 1211 5588 καιροῖς
1242 5518 1532 5586 ὑμνεῖσθαι
1563 5523 1769 5590 φωναῖς
1797 5523 2028 5588 αἰσίαις,

461 5593 558 5645 Υίὲ
585 5591 744 5652 Θεοῦ,
787 5592 934 5661 ζωὴν
988 5591 1161 5661 διδούς
1189 5607 1201 5619 ·
1245 5591 1326 5642 διὸ
1373 5593 1400 5642 ὁ
1451 5591 1651 5661 κόσμος
1697 5608 1756 5661 σε
1790 5591 2029 5657 δοξάζει.

461 5663 577 5716 Lua:
595 5661 784 5716 hilaris
812 5671 1011 5716 sancta:
1034 5660 1234 5728 gloria',
1267 5660 1589 5714 immortalis
1615 5660 1840 5714 cwlestis
1860 5665 2034 5716 sancti

464 5733 598 5786 herili
650 5733 850 5796 Patris,
877 5733 1001 5786 .Icsu
1035 5731 1256 5787 Christe.
1296 5731 1427 5784 Cum
1481 5737 1550 5784 ad
1586 5732 1710 5785 solis
1791 5749 2033 5785 occasum

468 5807 872 5873 pervenerimus,
909 5803 1074 5858 lucem
1109 5812 1373 5863 cernentes
1417 5803 1782 5872 vespertinam,
1841 5803 2032 5858 lauda-

2129 4607 2240 4667 τοῖς
2275 4606 2558 4673 σφετέροις
2610 4604 2810 4670 λόγοις,
2838 4601 3046 4670 καίπερ
3099 4598 3366 4666 ἀναφύειν
3403 4596 3713 4668 μελλούσας

2136 4697 2284 4766 ματά
2309 4697 2406 4766 τὴν
2436 4697 2602 4750 αὐτοῦ
2630 4695 2951 4750 ἀποϐίωσιν.
2991 4692 3056 4746 'H
3086 4691 3215 4760 γοῦν
3243 4693 3472 4761 τοιαύτη
3497 4691 3715 4761 αἵρεσις
3781 4759 3784 4762 .

2132 4790 2242 4843 ἀπὸ
2265 4788 2357 4842 τοῦ
2394 4788 2659 4855 Κναφέως
2705 4788 2987 4857 ἀρξαμένη
3009 4825 3024 4848 ,
3050 4785 3110 4838 τὸ
3148 4784 3400 4852 δεύτερον
3429 4785 3526 4836 καὶ
3559 4785 3714 4853 παρὰ

2134 4880 2244 4934 τῶν
2269 4883 2362 4934 τοῦ
2395 4880 2636 4950 Σευήρου
2663 4879 2946 4933 θιασωτῶν
3019 4877 3251 4931 ἐπιπολὺ
3297 4877 3616 4944 αὑξηθμϊσα,
3648 4877 3712 4928 ού

2140 4974 2280 5042 μετά
2315 4971 2450 5026 πολὺ
2479 4972 2657 5024 τέλεον
2706 4971 2924 5041 ἀπέσϐη
2954 4971 3020 5040 τῇ
3076 4969 3171 5022 τοῦ
3222 4968 3356 5022 Θεοῦ
3417 4967 3716 5038 Ἐκκλησία

2137 5062 2568 5134 καταργηθεῖσα,
2597 5064 2750 5132 παρὰ
2774 5062 2957 5132 μόνοις
2995 5061 3308 5131 Ἀρμενίοις
3341 5060 3436 5114 καὶ
3466 5059 3548 5112 ἐτι
3574 5075 3716 5128 κρα-

2135 5156 2431 5227 τυνομένη.
2474 5157 2549 5226 μὴ
2581 5156 2899 5225 πειθαρχεῖν
2956 5154 3308 5224 αἱρουμένοις
3334 5155 3456 5214 ταῖς
3493 5151 3716 5206 καθολιο

2137 5251 2263 5311 καίς
2286 5247 2639 5319 παραδόσεσι,
2672 5250 2810 5318 μήτε
2845 5249 2951 5317 μὴν
2984 5248 3298 5318 δεχομένοις
3333 5245 3432 5316 τὴν
3462 5247 3544 5308 εἰς
3571 5245 3716 5315 ἀέρα

2135 5343 2233 5398 τοῦ
2269 5344 2459 5408 παιδὸς
2488 5343 2747 5413 ἁρπαγήν
2768 5357 2782 5372 ·
2815 5341 2872 5406 ὃς
2903 5341 3001 5410 τὴν
3033 5341 3316 5410 τρισάγιον
3347 5338 3500 5391 τοῦδε
3531 5337 3716 5409 ᾀσμα-

2144 5543 2258 5580 mus
2279 5529 2499 5580 Patrem
2521 5534 2570 5578 et
2631 5524 2824 5580 Filium
2865 5533 2914 5578 et
2947 5523 3204 5595 Spiritum
3238 5531 3487 5595 sanctum
3519 5519 3710 5595 Deum.

2143 5597 2344 5665 Dignus
2409 5612 2458 5648 es
2499 5607 2730 5664 tempore
2787 5593 3275 5664 quovis'celebrari
3325 5593 3514 5665 faustis
3571 5593 3716 5665 uoci-

2140 5661 2250 5804 ὺιὶξ,
2288 5665 2388 5720 Fili
2421 5667 2513 5720 Dei
2542 5661 2660 5722 vita:
2689 5661 2880 5721 dator:
2906 5674 3229 5736 quapropter
3261 5673 3310 5716 te
3343 5662 3570 5715 mundus
3597 5661 3717 5731 glo-

2139 5754 2181 5791 rt
2229 5747 2332 5790 cat.
