  <div class='ocr_page' id='page_1' title='image "/cluster/home/n/w/nwhite01/storage/ocr_20150623/147/hvd.32044073502619/230.png"; bbox 0 0 4100 6216; ppageno 0'>
   <div class='ocr_carea' id='block_1_1' title="bbox 419 344 526 409">
    <p class='ocr_par' dir='ltr' id='par_1_1' title="bbox 419 344 526 409">
     <span class='ocr_line' id='line_1_1' title="bbox 419 344 526 409; baseline -0.019 0"><span class='ocrx_word' id='word_1_1' title='bbox 419 344 526 409; x_wconf 75' lang='grc' dir='ltr'><strong>43τ</strong></span> 
     </span>
    </p>
   </div>
   <div class='ocr_carea' id='block_1_2' title="bbox 1316 340 2785 408">
    <p class='ocr_par' dir='ltr' id='par_1_2' title="bbox 1316 340 2785 408">
     <span class='ocr_line' id='line_1_2' title="bbox 1316 340 2785 408; baseline -0.001 -2"><span class='ocrx_word' id='word_1_2' title='bbox 1316 340 1915 407; x_wconf 60' lang='grc' dir='ltr'><strong>ΕΟΕΕΕΞΚΑΞἸῚΟᾺΕ</strong></span> <span class='ocrx_word' id='word_1_3' title='bbox 1950 340 2336 405; x_wconf 72' lang='grc' dir='ltr'><strong>ΙῙΙΞΤΟΙὶΙίΕ</strong></span> <span class='ocrx_word' id='word_1_4' title='bbox 2378 346 2523 408; x_wconf 87' lang='lat' dir='ltr'><strong>LIB.</strong></span> <span class='ocrx_word' id='word_1_5' title='bbox 2565 346 2785 408; x_wconf 85' lang='lat' dir='ltr'><strong>XVIII.</strong></span> 
     </span>
    </p>
   </div>
   <div class='ocr_carea' id='block_1_3' title="bbox 3562 345 3666 407">
    <p class='ocr_par' dir='ltr' id='par_1_3' title="bbox 3562 345 3666 407">
     <span class='ocr_line' id='line_1_3' title="bbox 3562 345 3666 407; baseline -0.01 -1"><span class='ocrx_word' id='word_1_6' title='bbox 3562 345 3666 407; x_wconf 68' lang='lat'><strong>438</strong></span> 
     </span>
    </p>
   </div>
   <div class='ocr_carea' id='block_1_4' title="bbox 417 456 2017 534">
    <p class='ocr_par' dir='ltr' id='par_1_4' title="bbox 417 458 1999 534">
     <span class='ocr_line' id='line_1_4' title="bbox 417 458 1999 534; baseline -0.001 -18"><span class='ocrx_word' id='word_1_7' title='bbox 417 482 512 527; x_wconf 84' lang='grc' dir='ltr'><strong>τος</strong></span> <span class='ocrx_word' id='word_1_8' title='bbox 541 460 694 515; x_wconf 88' lang='grc' dir='ltr'>θείαν</span> <span class='ocrx_word' id='word_1_9' title='bbox 716 459 898 530; x_wconf 75' lang='grc' dir='ltr'>φωνὴν</span> <span class='ocrx_word' id='word_1_10' title='bbox 932 460 1027 515; x_wconf 76' lang='grc' dir='ltr'><strong>καὶ</strong></span> <span class='ocrx_word' id='word_1_11' title='bbox 1046 460 1396 516; x_wconf 66' lang='grc' dir='ltr'><strong>διδασκαλίαν</strong></span> <span class='ocrx_word' id='word_1_12' title='bbox 1424 462 1632 516; x_wconf 78' lang='grc' dir='ltr'>ἄνωθεν</span> <span class='ocrx_word' id='word_1_13' title='bbox 1667 462 1761 515; x_wconf 85' lang='grc' dir='ltr'>ίὼν</span> <span class='ocrx_word' id='word_1_14' title='bbox 1788 458 1999 534; x_wconf 83' lang='grc' dir='ltr'>τρανῶς</span> 
     </span>
    </p>
   </div>
   <div class='ocr_carea' id='block_1_5' title="bbox 2121 456 3669 534">
    <p class='ocr_par' dir='ltr' id='par_1_5' title="bbox 2121 456 3669 529">
     <span class='ocr_line' id='line_1_5' title="bbox 2121 456 3669 529; baseline 0.001 -17"><span class='ocrx_word' id='word_1_15' title='bbox 2121 461 2296 515; x_wconf 64' lang='lat' dir='ltr'><strong>Severi</strong></span> <span class='ocrx_word' id='word_1_16' title='bbox 2328 462 2621 517; x_wconf 73' lang='lat' dir='ltr'><strong>sodalitate</strong></span> <span class='ocrx_word' id='word_1_17' title='bbox 2658 460 2949 515; x_wconf 82' lang='lat' dir='ltr'><strong>admodum</strong></span> <span class='ocrx_word' id='word_1_18' title='bbox 2981 467 3141 514; x_wconf 85' lang='lat' dir='ltr'><strong>aucta</strong></span> <span class='ocrx_word' id='word_1_19' title='bbox 3200 466 3255 513; x_wconf 87' lang='lat' dir='ltr'><strong>et</strong></span> <span class='ocrx_word' id='word_1_20' title='bbox 3300 456 3669 529; x_wconf 83' lang='lat' dir='ltr'><strong>frequentata.</strong></span> 
     </span>
    </p>
   </div>
   <div class='ocr_carea' id='block_1_6' title="bbox 416 550 1996 627">
    <p class='ocr_par' dir='ltr' id='par_1_6' title="bbox 416 550 1996 627">
     <span class='ocr_line' id='line_1_6' title="bbox 416 550 1996 627; baseline -0.001 -18"><span class='ocrx_word' id='word_1_21' title='bbox 416 556 783 625; x_wconf 66' lang='grc' dir='ltr'>διεσάφησενο</span> <span class='ocrx_word' id='word_1_22' title='bbox 816 555 996 625; x_wconf 71' lang='grc' dir='ltr'>ἥνπερ</span> <span class='ocrx_word' id='word_1_23' title='bbox 1027 558 1122 609; x_wconf 75' lang='grc' dir='ltr'>καὶ</span> <span class='ocrx_word' id='word_1_24' title='bbox 1163 556 1197 625; x_wconf 77' lang='grc' dir='ltr'><strong>ἡ</strong></span> <span class='ocrx_word' id='word_1_25' title='bbox 1224 557 1282 609; x_wconf 84' lang='grc' dir='ltr'>ὲν</span> <span class='ocrx_word' id='word_1_26' title='bbox 1312 550 1618 627; x_wconf 77' lang='grc' dir='ltr'><strong>Χαλκηδόνι</strong></span> <span class='ocrx_word' id='word_1_27' title='bbox 1654 557 1786 625; x_wconf 85' lang='grc' dir='ltr'>άγία</span> <span class='ocrx_word' id='word_1_28' title='bbox 1836 556 1996 609; x_wconf 83' lang='grc' dir='ltr'>σύνο-</span> 
     </span>
    </p>
   </div>
   <div class='ocr_carea' id='block_1_7' title="bbox 417 645 1996 719">
    <p class='ocr_par' dir='ltr' id='par_1_7' title="bbox 417 645 1996 719">
     <span class='ocr_line' id='line_1_7' title="bbox 417 645 1996 719; baseline 0 -20"><span class='ocrx_word' id='word_1_29' title='bbox 417 647 508 711; x_wconf 87' lang='grc' dir='ltr'><strong>δος</strong></span> <span class='ocrx_word' id='word_1_30' title='bbox 541 646 899 717; x_wconf 79' lang='grc' dir='ltr'>παρεδέξατο,</span> <span class='ocrx_word' id='word_1_31' title='bbox 933 645 1077 699; x_wconf 79' lang='grc' dir='ltr'>οὕτω</span> <span class='ocrx_word' id='word_1_32' title='bbox 1105 647 1529 717; x_wconf 79' lang='grc' dir='ltr'>παραδεδωκυϊα</span> <span class='ocrx_word' id='word_1_33' title='bbox 1572 648 1666 700; x_wconf 80' lang='grc' dir='ltr'>τὸν</span> <span class='ocrx_word' id='word_1_34' title='bbox 1711 649 1996 719; x_wconf 80' lang='grc' dir='ltr'>τρισάγιον</span> 
     </span>
    </p>
   </div>
   <div class='ocr_carea' id='block_1_8' title="bbox 420 737 1996 811">
    <p class='ocr_par' dir='ltr' id='par_1_8' title="bbox 420 737 1996 811">
     <span class='ocr_line' id='line_1_8' title="bbox 420 737 1996 811; baseline 0.002 -20"><span class='ocrx_word' id='word_1_35' title='bbox 420 739 597 809; x_wconf 71' lang='grc' dir='ltr'>ὕμνον</span> <span class='ocrx_word' id='word_1_36' title='bbox 625 737 929 809; x_wconf 80' lang='grc' dir='ltr'>ὲξᾴδεσθαι.</span> <span class='ocrx_word' id='word_1_37' title='bbox 955 738 1135 802; x_wconf 81' lang='grc' dir='ltr'>Γέλως</span> <span class='ocrx_word' id='word_1_38' title='bbox 1154 738 1250 792; x_wconf 79' lang='grc' dir='ltr'>οὖν</span> <span class='ocrx_word' id='word_1_39' title='bbox 1279 739 1447 803; x_wconf 82' lang='grc' dir='ltr'>ὅντως</span> <span class='ocrx_word' id='word_1_40' title='bbox 1474 741 1567 793; x_wconf 78' lang='grc' dir='ltr'><strong>καὶ</strong></span> <span class='ocrx_word' id='word_1_41' title='bbox 1592 741 1869 809; x_wconf 77' lang='grc' dir='ltr'><strong>παίγνιον,</strong></span> <span class='ocrx_word' id='word_1_42' title='bbox 1894 743 1996 811; x_wconf 83' lang='grc' dir='ltr'>τὴν</span> 
     </span>
    </p>
   </div>
   <div class='ocr_carea' id='block_1_9' title="bbox 422 828 1997 902">
    <p class='ocr_par' dir='ltr' id='par_1_9' title="bbox 422 828 1997 902">
     <span class='ocr_line' id='line_1_9' title="bbox 422 828 1997 902; baseline 0.001 -20"><span class='ocrx_word' id='word_1_43' title='bbox 422 828 492 882; x_wconf 82' lang='grc' dir='ltr'><strong>δι’</strong></span> <span class='ocrx_word' id='word_1_44' title='bbox 524 828 771 897; x_wconf 74' lang='grc' dir='ltr'>ἀγγέλων</span> <span class='ocrx_word' id='word_1_45' title='bbox 795 830 889 881; x_wconf 82' lang='grc' dir='ltr'>καὶ</span> <span class='ocrx_word' id='word_1_46' title='bbox 913 830 1093 882; x_wconf 75' lang='grc' dir='ltr'>αὐτῶν</span> <span class='ocrx_word' id='word_1_47' title='bbox 1116 829 1370 900; x_wconf 76' lang='grc' dir='ltr'>Σεραφὶμ</span> <span class='ocrx_word' id='word_1_48' title='bbox 1400 830 1737 900; x_wconf 81' lang='grc' dir='ltr'>ὐμνηθεῖσαν</span> <span class='ocrx_word' id='word_1_49' title='bbox 1769 834 1863 885; x_wconf 81' lang='grc' dir='ltr'>καὶ</span> <span class='ocrx_word' id='word_1_50' title='bbox 1894 849 1997 902; x_wconf 82' lang='grc' dir='ltr'>κη-</span> 
     </span>
    </p>
   </div>
   <div class='ocr_carea' id='block_1_10' title="bbox 429 921 1997 994">
    <p class='ocr_par' dir='ltr' id='par_1_10' title="bbox 429 921 1997 994">
     <span class='ocr_line' id='line_1_10' title="bbox 429 921 1997 994; baseline 0.003 -19"><span class='ocrx_word' id='word_1_51' title='bbox 429 922 721 992; x_wconf 81' lang='grc' dir='ltr'>ρυχθείσαν</span> <span class='ocrx_word' id='word_1_52' title='bbox 770 921 1057 990; x_wconf 84' lang='grc' dir='ltr'>τρισάγιον</span> <span class='ocrx_word' id='word_1_53' title='bbox 1093 922 1254 993; x_wconf 81' lang='grc' dir='ltr'>ᾠδὴν,</span> <span class='ocrx_word' id='word_1_54' title='bbox 1292 926 1387 975; x_wconf 87' lang='grc' dir='ltr'>καὶ</span> <span class='ocrx_word' id='word_1_55' title='bbox 1419 927 1519 994; x_wconf 81' lang='grc' dir='ltr'>τῆς</span> <span class='ocrx_word' id='word_1_56' title='bbox 1557 930 1997 993; x_wconf 73' lang='grc' dir='ltr'>τρισυποστάτου</span> 
     </span>
    </p>
   </div>
   <div class='ocr_carea' id='block_1_11' title="bbox 431 1012 1996 1086">
    <p class='ocr_par' dir='ltr' id='par_1_11' title="bbox 431 1012 1996 1086">
     <span class='ocr_line' id='line_1_11' title="bbox 431 1012 1996 1086; baseline 0.004 -19"><span class='ocrx_word' id='word_1_57' title='bbox 431 1016 560 1085; x_wconf 73' lang='grc' dir='ltr'>μιᾶς</span> <span class='ocrx_word' id='word_1_58' title='bbox 592 1014 848 1083; x_wconf 85' lang='grc' dir='ltr'>θεότητος</span> <span class='ocrx_word' id='word_1_59' title='bbox 881 1012 1048 1067; x_wconf 77' lang='grc' dir='ltr'>οὖσαν</span> <span class='ocrx_word' id='word_1_60' title='bbox 1086 1016 1451 1086; x_wconf 68' lang='grc' dir='ltr'>ἑμφαντικὴν,</span> <span class='ocrx_word' id='word_1_61' title='bbox 1486 1018 1581 1069; x_wconf 76' lang='grc' dir='ltr'>καὶ</span> <span class='ocrx_word' id='word_1_62' title='bbox 1636 1017 1741 1072; x_wconf 77' lang='grc' dir='ltr'><strong>ὑπὸ</strong></span> <span class='ocrx_word' id='word_1_63' title='bbox 1778 1021 1996 1074; x_wconf 81' lang='grc' dir='ltr'><strong>συνόδου</strong></span> 
     </span>
    </p>
   </div>
   <div class='ocr_carea' id='block_1_12' title="bbox 424 1106 1999 1179">
    <p class='ocr_par' dir='ltr' id='par_1_12' title="bbox 424 1106 1999 1179">
     <span class='ocr_line' id='line_1_12' title="bbox 424 1106 1999 1179; baseline 0.001 -18"><span class='ocrx_word' id='word_1_64' title='bbox 424 1107 698 1161; x_wconf 78' lang='grc' dir='ltr'><strong>τοσούτων</strong></span> <span class='ocrx_word' id='word_1_65' title='bbox 722 1106 894 1173; x_wconf 80' lang='grc' dir='ltr'>ἁγίων</span> <span class='ocrx_word' id='word_1_66' title='bbox 911 1106 1050 1160; x_wconf 80' lang='grc' dir='ltr'>[Ιατέ</span> <span class='ocrx_word' id='word_1_67' title='bbox 1060 1123 1167 1174; x_wconf 86' lang='grc' dir='ltr'><strong>ρων</strong></span> <span class='ocrx_word' id='word_1_68' title='bbox 1193 1106 1534 1176; x_wconf 80' lang='grc' dir='ltr'>κυρωθείσάν</span> <span class='ocrx_word' id='word_1_69' title='bbox 1556 1125 1615 1161; x_wconf 76' lang='grc' dir='ltr'><strong>τε</strong></span> <span class='ocrx_word' id='word_1_70' title='bbox 1645 1110 1740 1162; x_wconf 79' lang='grc' dir='ltr'>καὶ</span> <span class='ocrx_word' id='word_1_71' title='bbox 1770 1110 1999 1179; x_wconf 77' lang='grc' dir='ltr'>βεϐαιω-</span> 
     </span>
    </p>
   </div>
   <div class='ocr_carea' id='block_1_13' title="bbox 427 1198 2002 1273">
    <p class='ocr_par' dir='ltr' id='par_1_13' title="bbox 427 1198 2002 1273">
     <span class='ocr_line' id='line_1_13' title="bbox 427 1198 2002 1273; baseline -0.003 -17"><span class='ocrx_word' id='word_1_72' title='bbox 427 1204 638 1261; x_wconf 80' lang='grc' dir='ltr'>θεῖσαν,</span> <span class='ocrx_word' id='word_1_73' title='bbox 668 1202 736 1270; x_wconf 76' lang='grc' dir='ltr'><strong>τῇ</strong></span> <span class='ocrx_word' id='word_1_74' title='bbox 758 1198 853 1252; x_wconf 80' lang='grc' dir='ltr'><strong>τοῦ</strong></span> <span class='ocrx_word' id='word_1_75' title='bbox 880 1198 1148 1267; x_wconf 82' lang='grc' dir='ltr'>Κναφέως</span> <span class='ocrx_word' id='word_1_76' title='bbox 1192 1200 1457 1271; x_wconf 85' lang='grc' dir='ltr'>πρότερον</span> <span class='ocrx_word' id='word_1_77' title='bbox 1490 1201 1583 1254; x_wconf 67' lang='grc' dir='ltr'>καὶ</span> <span class='ocrx_word' id='word_1_78' title='bbox 1615 1201 1852 1270; x_wconf 82' lang='grc' dir='ltr'>Σευήρου</span> <span class='ocrx_word' id='word_1_79' title='bbox 1887 1203 2002 1273; x_wconf 81' lang='grc' dir='ltr'>οἰή-</span> 
     </span>
    </p>
   </div>
   <div class='ocr_carea' id='block_1_14' title="bbox 427 1293 2000 1366">
    <p class='ocr_par' dir='ltr' id='par_1_14' title="bbox 427 1293 2000 1366">
     <span class='ocr_line' id='line_1_14' title="bbox 427 1293 2000 1366; baseline -0.001 -18"><span class='ocrx_word' id='word_1_80' title='bbox 427 1311 513 1348; x_wconf 85' lang='grc' dir='ltr'><strong>σει</strong></span> <span class='ocrx_word' id='word_1_81' title='bbox 540 1296 591 1357; x_wconf 66' lang='grc' dir='ltr'>ἐς</span> <span class='ocrx_word' id='word_1_82' title='bbox 614 1293 841 1363; x_wconf 80' lang='grc' dir='ltr'>ὕστερον</span> <span class='ocrx_word' id='word_1_83' title='bbox 873 1294 1348 1364; x_wconf 79' lang='grc' dir='ltr'><strong>καταπατηθῆναι,</strong></span> <span class='ocrx_word' id='word_1_84' title='bbox 1384 1296 1481 1347; x_wconf 82' lang='grc' dir='ltr'>καὶ</span> <span class='ocrx_word' id='word_1_85' title='bbox 1511 1294 1670 1364; x_wconf 81' lang='grc' dir='ltr'>δῆθεν</span> <span class='ocrx_word' id='word_1_86' title='bbox 1703 1296 2000 1366; x_wconf 74' lang='grc' dir='ltr'>διορθωθῆ-</span> 
     </span>
    </p>
   </div>
   <div class='ocr_carea' id='block_1_15' title="bbox 424 1385 2002 1458">
    <p class='ocr_par' dir='ltr' id='par_1_15' title="bbox 424 1385 2002 1458">
     <span class='ocr_line' id='line_1_15' title="bbox 424 1385 2002 1458; baseline 0.002 -20"><span class='ocrx_word' id='word_1_87' title='bbox 424 1404 535 1450; x_wconf 88' lang='grc' dir='ltr'>ναι,</span> <span class='ocrx_word' id='word_1_88' title='bbox 565 1385 645 1447; x_wconf 80' lang='grc' dir='ltr'>ὡς</span> <span class='ocrx_word' id='word_1_89' title='bbox 691 1387 759 1438; x_wconf 70' lang='grc' dir='ltr'><strong>τὰ</strong></span> <span class='ocrx_word' id='word_1_90' title='bbox 807 1387 1094 1455; x_wconf 72' lang='grc' dir='ltr'>Χερουϐὶμ</span> <span class='ocrx_word' id='word_1_91' title='bbox 1151 1387 1604 1456; x_wconf 78' lang='grc' dir='ltr'>ύπερὸάλ).οντος.</span> <span class='ocrx_word' id='word_1_92' title='bbox 1648 1388 1862 1441; x_wconf 79' lang='grc' dir='ltr'>Ἀλλ⁹οί</span> <span class='ocrx_word' id='word_1_93' title='bbox 1902 1388 2002 1458; x_wconf 83' lang='grc' dir='ltr'>μὲν</span> 
     </span>
    </p>
   </div>
   <div class='ocr_carea' id='block_1_16' title="bbox 384 1473 2002 1546">
    <p class='ocr_par' dir='ltr' id='par_1_16' title="bbox 384 1473 2002 1546">
     <span class='ocr_line' id='line_1_16' title="bbox 384 1473 2002 1546; baseline 0 -19"><span class='ocrx_word' id='word_1_94' title='bbox 384 1502 395 1513; x_wconf 72' lang='grc' dir='ltr'><strong>ι</strong></span> <span class='ocrx_word' id='word_1_95' title='bbox 425 1473 569 1527; x_wconf 75' lang='grc' dir='ltr'>οὕτω</span> <span class='ocrx_word' id='word_1_96' title='bbox 603 1474 931 1541; x_wconf 81' lang='grc' dir='ltr'><strong>φρονοῦντες</strong></span> <span class='ocrx_word' id='word_1_97' title='bbox 954 1473 1325 1544; x_wconf 86' lang='grc' dir='ltr'>Θεοπασχῖται</span> <span class='ocrx_word' id='word_1_98' title='bbox 1358 1475 1693 1545; x_wconf 75' lang='grc' dir='ltr'><strong>ἐκλήθησαν,</strong></span> <span class='ocrx_word' id='word_1_99' title='bbox 1726 1477 2002 1546; x_wconf 62' lang='grc' dir='ltr'>ἀρχηγοτλς</span> 
     </span>
    </p>
   </div>
   <div class='ocr_carea' id='block_1_17' title="bbox 425 1566 2000 1637">
    <p class='ocr_par' dir='ltr' id='par_1_17' title="bbox 425 1566 2000 1637">
     <span class='ocr_line' id='line_1_17' title="bbox 425 1566 2000 1637; baseline -0.001 -17"><span class='ocrx_word' id='word_1_100' title='bbox 425 1568 517 1620; x_wconf 83' lang='grc' dir='ltr'>τὸν</span> <span class='ocrx_word' id='word_1_101' title='bbox 537 1567 761 1633; x_wconf 79' lang='grc' dir='ltr'>Κναφέα</span> <span class='ocrx_word' id='word_1_102' title='bbox 792 1567 1017 1635; x_wconf 79' lang='grc' dir='ltr'><strong>Πέτρον,</strong></span> <span class='ocrx_word' id='word_1_103' title='bbox 1054 1566 1290 1636; x_wconf 82' lang='grc' dir='ltr'>Σευῆρόν</span> <span class='ocrx_word' id='word_1_104' title='bbox 1319 1585 1377 1619; x_wconf 82' lang='grc' dir='ltr'><strong>τε</strong></span> <span class='ocrx_word' id='word_1_105' title='bbox 1411 1568 1771 1621; x_wconf 74' lang='grc' dir='ltr'>καὶῚάκωσον</span> <span class='ocrx_word' id='word_1_106' title='bbox 1801 1566 2000 1637; x_wconf 74' lang='grc' dir='ltr'>ἑφεξῆς</span> 
     </span>
    </p>
   </div>
   <div class='ocr_carea' id='block_1_18' title="bbox 427 1656 2003 1727">
    <p class='ocr_par' dir='ltr' id='par_1_18' title="bbox 427 1656 2003 1727">
     <span class='ocr_line' id='line_1_18' title="bbox 427 1656 2003 1727; baseline 0.002 -19"><span class='ocrx_word' id='word_1_107' title='bbox 427 1658 745 1725; x_wconf 72' lang='grc' dir='ltr'>ἐσχηκότες,</span> <span class='ocrx_word' id='word_1_108' title='bbox 774 1657 851 1716; x_wconf 84' lang='grc' dir='ltr'>ὠς</span> <span class='ocrx_word' id='word_1_109' title='bbox 881 1658 1096 1727; x_wconf 89' lang='grc' dir='ltr'>είρηται</span> <span class='ocrx_word' id='word_1_110' title='bbox 1120 1673 1133 1687; x_wconf 89' lang='grc'><strong>·</strong></span> <span class='ocrx_word' id='word_1_111' title='bbox 1166 1657 1216 1709; x_wconf 84' lang='grc' dir='ltr'>οἶ</span> <span class='ocrx_word' id='word_1_112' title='bbox 1247 1656 1312 1726; x_wconf 84' lang='grc' dir='ltr'>δὴ</span> <span class='ocrx_word' id='word_1_113' title='bbox 1340 1658 1434 1711; x_wconf 78' lang='grc' dir='ltr'>καὶ</span> <span class='ocrx_word' id='word_1_114' title='bbox 1462 1658 1562 1725; x_wconf 78' lang='grc' dir='ltr'>τὴν</span> <span class='ocrx_word' id='word_1_115' title='bbox 1597 1657 1725 1726; x_wconf 84' lang='grc' dir='ltr'>μίαν</span> <span class='ocrx_word' id='word_1_116' title='bbox 1751 1657 1846 1710; x_wconf 73' lang='grc' dir='ltr'><strong>ἐπὶ</strong></span> <span class='ocrx_word' id='word_1_117' title='bbox 1873 1657 2003 1725; x_wconf 86' lang='grc' dir='ltr'>Χρι-</span> 
     </span>
    </p>
   </div>
   <div class='ocr_carea' id='block_1_19' title="bbox 430 1746 2000 1818">
    <p class='ocr_par' dir='ltr' id='par_1_19' title="bbox 430 1746 2000 1818">
     <span class='ocr_line' id='line_1_19' title="bbox 430 1746 2000 1818; baseline 0.003 -21"><span class='ocrx_word' id='word_1_118' title='bbox 430 1746 558 1799; x_wconf 82' lang='grc' dir='ltr'>στοῦ</span> <span class='ocrx_word' id='word_1_119' title='bbox 590 1747 755 1815; x_wconf 85' lang='grc' dir='ltr'>φύσιν</span> <span class='ocrx_word' id='word_1_120' title='bbox 783 1748 1030 1801; x_wconf 77' lang='grc' dir='ltr'>ἐντεῦθεν</span> <span class='ocrx_word' id='word_1_121' title='bbox 1056 1751 1357 1818; x_wconf 86' lang='grc' dir='ltr'>πειρῶνται</span> <span class='ocrx_word' id='word_1_122' title='bbox 1383 1748 1697 1817; x_wconf 80' lang='grc' dir='ltr'><strong>κρατύνειν,</strong></span> <span class='ocrx_word' id='word_1_123' title='bbox 1726 1748 2000 1817; x_wconf 83' lang='grc' dir='ltr'>λέγοντες·</span> 
     </span>
    </p>
   </div>
   <div class='ocr_carea' id='block_1_20' title="bbox 2101 550 3672 624">
    <p class='ocr_par' dir='ltr' id='par_1_20' title="bbox 2101 550 3672 624">
     <span class='ocr_line' id='line_1_20' title="bbox 2101 550 3672 624; baseline 0.001 -18"><span class='ocrx_word' id='word_1_124' title='bbox 2101 567 2211 607; x_wconf 88' lang='lat' dir='ltr'><strong>non</strong></span> <span class='ocrx_word' id='word_1_125' title='bbox 2239 555 2314 607; x_wconf 84' lang='lat' dir='ltr'><strong>ita</strong></span> <span class='ocrx_word' id='word_1_126' title='bbox 2340 555 2511 610; x_wconf 90' lang='lat' dir='ltr'><strong>multo</strong></span> <span class='ocrx_word' id='word_1_127' title='bbox 2539 564 2665 624; x_wconf 89' lang='lat' dir='ltr'><strong>post</strong></span> <span class='ocrx_word' id='word_1_128' title='bbox 2689 557 2758 608; x_wconf 88' lang='lat' dir='ltr'><strong>ab</strong></span> <span class='ocrx_word' id='word_1_129' title='bbox 2794 553 3039 608; x_wconf 85' lang='lat' dir='ltr'><strong>Ecclesia</strong></span> <span class='ocrx_word' id='word_1_130' title='bbox 3066 550 3163 606; x_wconf 85' lang='lat' dir='ltr'><strong>Dei</strong></span> <span class='ocrx_word' id='word_1_131' title='bbox 3192 551 3417 612; x_wconf 82' lang='lat' dir='ltr'><strong>abolita.</strong></span> <span class='ocrx_word' id='word_1_132' title='bbox 3443 568 3672 621; x_wconf 85' lang='lat' dir='ltr'><strong>prorsus</strong></span> 
     </span>
    </p>
   </div>
   <div class='ocr_carea' id='block_1_21' title="bbox 2100 643 3673 714">
    <p class='ocr_par' dir='ltr' id='par_1_21' title="bbox 2100 643 3673 714">
     <span class='ocr_line' id='line_1_21' title="bbox 2100 643 3673 714; baseline 0 -16"><span class='ocrx_word' id='word_1_133' title='bbox 2100 646 2348 703; x_wconf 87' lang='lat' dir='ltr'><strong>evanuit.</strong></span> <span class='ocrx_word' id='word_1_134' title='bbox 2404 644 2537 711; x_wconf 81' lang='lat' dir='ltr'><strong>Quae</strong></span> <span class='ocrx_word' id='word_1_135' title='bbox 2579 646 2726 699; x_wconf 91' lang='lat' dir='ltr'><strong>hunc</strong></span> <span class='ocrx_word' id='word_1_136' title='bbox 2776 660 2949 714; x_wconf 88' lang='lat' dir='ltr'><strong>usque</strong></span> <span class='ocrx_word' id='word_1_137' title='bbox 2996 644 3139 713; x_wconf 88' lang='lat' dir='ltr'><strong>apud</strong></span> <span class='ocrx_word' id='word_1_138' title='bbox 3191 644 3338 698; x_wconf 83' lang='lat' dir='ltr'><strong>solos</strong></span> <span class='ocrx_word' id='word_1_139' title='bbox 3382 643 3673 698; x_wconf 83' lang='lat' dir='ltr'><strong>Armenios</strong></span> 
     </span>
    </p>
   </div>
   <div class='ocr_carea' id='block_1_22' title="bbox 2102 735 3673 805">
    <p class='ocr_par' dir='ltr' id='par_1_22' title="bbox 2102 735 3673 805">
     <span class='ocr_line' id='line_1_22' title="bbox 2102 735 3673 805; baseline 0.001 -17"><span class='ocrx_word' id='word_1_140' title='bbox 2102 739 2397 801; x_wconf 72' lang='lat' dir='ltr'><strong>retinetur,</strong></span> <span class='ocrx_word' id='word_1_141' title='bbox 2446 737 2736 792; x_wconf 80' lang='lat' dir='ltr'><strong>catholicis</strong></span> <span class='ocrx_word' id='word_1_142' title='bbox 2772 735 3165 791; x_wconf 83' lang='lat' dir='ltr'><strong>traditionibus</strong></span> <span class='ocrx_word' id='word_1_143' title='bbox 3228 750 3424 805; x_wconf 88' lang='lat' dir='ltr'><strong>parere</strong></span> <span class='ocrx_word' id='word_1_144' title='bbox 3486 738 3673 790; x_wconf 86' lang='lat' dir='ltr'><strong>nolen-</strong></span> 
     </span>
    </p>
   </div>
   <div class='ocr_carea' id='block_1_23' title="bbox 2104 823 3677 895">
    <p class='ocr_par' dir='ltr' id='par_1_23' title="bbox 2104 823 3677 895">
     <span class='ocr_line' id='line_1_23' title="bbox 2104 823 3677 895; baseline -0.005 -12"><span class='ocrx_word' id='word_1_145' title='bbox 2104 838 2207 892; x_wconf 77' lang='lat' dir='ltr'><strong>tes,</strong></span> <span class='ocrx_word' id='word_1_146' title='bbox 2243 842 2421 895; x_wconf 89' lang='lat' dir='ltr'><strong>neque</strong></span> <span class='ocrx_word' id='word_1_147' title='bbox 2448 827 2601 895; x_wconf 86' lang='lat' dir='ltr'><strong>pueri</strong></span> <span class='ocrx_word' id='word_1_148' title='bbox 2637 827 2786 880; x_wconf 90' lang='lat' dir='ltr'><strong>illius</strong></span> <span class='ocrx_word' id='word_1_149' title='bbox 2812 824 2867 879; x_wconf 89' lang='lat' dir='ltr'><strong>in</strong></span> <span class='ocrx_word' id='word_1_150' title='bbox 2899 840 3082 881; x_wconf 82' lang='lat' dir='ltr'><strong>aerem</strong></span> <span class='ocrx_word' id='word_1_151' title='bbox 3118 836 3330 894; x_wconf 90' lang='lat' dir='ltr'><strong>raptum</strong></span> <span class='ocrx_word' id='word_1_152' title='bbox 3361 823 3677 894; x_wconf 83' lang='lat' dir='ltr'><strong>approban-</strong></span> 
     </span>
    </p>
   </div>
   <div class='ocr_carea' id='block_1_24' title="bbox 2105 914 3670 986">
    <p class='ocr_par' dir='ltr' id='par_1_24' title="bbox 2105 914 3670 986">
     <span class='ocr_line' id='line_1_24' title="bbox 2105 914 3670 986; baseline -0.006 -12"><span class='ocrx_word' id='word_1_153' title='bbox 2105 929 2209 979; x_wconf 86' lang='lat' dir='ltr'><strong>tes,</strong></span> <span class='ocrx_word' id='word_1_154' title='bbox 2244 917 2336 986; x_wconf 89' lang='lat' dir='ltr'><strong>qui</strong></span> <span class='ocrx_word' id='word_1_155' title='bbox 2371 926 2453 971; x_wconf 89' lang='lat' dir='ltr'><strong>ter</strong></span> <span class='ocrx_word' id='word_1_156' title='bbox 2486 916 2661 970; x_wconf 87' lang='lat' dir='ltr'><strong>sancti</strong></span> <span class='ocrx_word' id='word_1_157' title='bbox 2717 915 2875 969; x_wconf 79' lang='lat' dir='ltr'><strong>istius</strong></span> <span class='ocrx_word' id='word_1_158' title='bbox 2921 914 3182 969; x_wconf 80' lang='lat' dir='ltr'><strong>carminis</strong></span> <span class='ocrx_word' id='word_1_159' title='bbox 3215 915 3452 968; x_wconf 84' lang='lat' dir='ltr'><strong>divinam</strong></span> <span class='ocrx_word' id='word_1_160' title='bbox 3483 927 3670 967; x_wconf 87' lang='lat' dir='ltr'><strong>vocem</strong></span> 
     </span>
    </p>
   </div>
   <div class='ocr_carea' id='block_1_25' title="bbox 2106 1002 3671 1075">
    <p class='ocr_par' dir='ltr' id='par_1_25' title="bbox 2106 1002 3671 1075">
     <span class='ocr_line' id='line_1_25' title="bbox 2106 1002 3671 1075; baseline -0.004 -12"><span class='ocrx_word' id='word_1_161' title='bbox 2106 1020 2162 1063; x_wconf 87' lang='lat' dir='ltr'><strong>et</strong></span> <span class='ocrx_word' id='word_1_162' title='bbox 2191 1008 2502 1075; x_wconf 82' lang='lat' dir='ltr'><strong>doctrinam</strong></span> <span class='ocrx_word' id='word_1_163' title='bbox 2531 1022 2562 1062; x_wconf 91' lang='lat' dir='ltr'><strong>e</strong></span> <span class='ocrx_word' id='word_1_164' title='bbox 2600 1006 2821 1062; x_wconf 87' lang='lat' dir='ltr'><strong>sublimi</strong></span> <span class='ocrx_word' id='word_1_165' title='bbox 2855 1005 3131 1060; x_wconf 81' lang='lat' dir='ltr'><strong>demissus</strong></span> <span class='ocrx_word' id='word_1_166' title='bbox 3161 1012 3349 1073; x_wconf 84' lang='lat' dir='ltr'><strong>aperte</strong></span> <span class='ocrx_word' id='word_1_167' title='bbox 3386 1002 3671 1056; x_wconf 84' lang='lat' dir='ltr'><strong>indicavit.</strong></span> 
     </span>
    </p>
   </div>
   <div class='ocr_carea' id='block_1_26' title="bbox 2105 1093 3675 1171">
    <p class='ocr_par' dir='ltr' id='par_1_26' title="bbox 2105 1093 3675 1171">
     <span class='ocr_line' id='line_1_26' title="bbox 2105 1093 3675 1171; baseline -0.005 -16"><span class='ocrx_word' id='word_1_168' title='bbox 2105 1101 2173 1155; x_wconf 89' lang='lat' dir='ltr'><strong>Et</strong></span> <span class='ocrx_word' id='word_1_169' title='bbox 2217 1100 2481 1171; x_wconf 79' lang='lat' dir='ltr'><strong>hymnum</strong></span> <span class='ocrx_word' id='word_1_170' title='bbox 2523 1113 2649 1153; x_wconf 90' lang='lat' dir='ltr'><strong>eum</strong></span> <span class='ocrx_word' id='word_1_171' title='bbox 2696 1096 3160 1154; x_wconf 80' lang='lat' dir='ltr'><strong>Chalcedonensis</strong></span> <span class='ocrx_word' id='word_1_172' title='bbox 3207 1103 3394 1171; x_wconf 78' lang='lat' dir='ltr'><strong>sancta</strong></span> <span class='ocrx_word' id='word_1_173' title='bbox 3434 1093 3675 1164; x_wconf 84' lang='lat' dir='ltr'><strong>synodus</strong></span> 
     </span>
    </p>
   </div>
   <div class='ocr_carea' id='block_1_27' title="bbox 2106 1165 3673 1262">
    <p class='ocr_par' dir='ltr' id='par_1_27' title="bbox 2106 1165 3673 1262">
     <span class='ocr_line' id='line_1_27' title="bbox 2106 1165 3673 1262; baseline -0.003 -17"><span class='ocrx_word' id='word_1_174' title='bbox 2106 1165 2335 1262; x_wconf 74' lang='lat' dir='ltr'><strong>recepit,</strong></span> <span class='ocrx_word' id='word_1_175' title='bbox 2396 1190 2843 1258; x_wconf 86' lang='lat' dir='ltr'><strong>sempliciterque</strong></span> <span class='ocrx_word' id='word_1_176' title='bbox 2910 1190 2984 1243; x_wconf 88' lang='lat' dir='ltr'><strong>ita</strong></span> <span class='ocrx_word' id='word_1_177' title='bbox 3055 1165 3365 1243; x_wconf 71' lang='lat' dir='ltr'><strong>canendum</strong></span> <span class='ocrx_word' id='word_1_178' title='bbox 3425 1186 3673 1241; x_wconf 84' lang='lat' dir='ltr'><strong>tradidit.</strong></span> 
     </span>
    </p>
   </div>
   <div class='ocr_carea' id='block_1_28' title="bbox 2107 1278 3673 1354">
    <p class='ocr_par' dir='ltr' id='par_1_28' title="bbox 2107 1278 3673 1354">
     <span class='ocr_line' id='line_1_28' title="bbox 2107 1278 3673 1354; baseline -0.005 -15"><span class='ocrx_word' id='word_1_179' title='bbox 2107 1287 2292 1354; x_wconf 81' lang='lat' dir='ltr'><strong>Itaque</strong></span> <span class='ocrx_word' id='word_1_180' title='bbox 2319 1285 2463 1337; x_wconf 84' lang='lat' dir='ltr'><strong>risus</strong></span> <span class='ocrx_word' id='word_1_181' title='bbox 2498 1283 2657 1351; x_wconf 86' lang='lat' dir='ltr'><strong>plane</strong></span> <span class='ocrx_word' id='word_1_182' title='bbox 2678 1290 2735 1337; x_wconf 89' lang='lat' dir='ltr'><strong>et</strong></span> <span class='ocrx_word' id='word_1_183' title='bbox 2763 1284 2926 1352; x_wconf 89' lang='lat' dir='ltr'><strong>jocus</strong></span> <span class='ocrx_word' id='word_1_184' title='bbox 2959 1280 3147 1342; x_wconf 80' lang='lat' dir='ltr'><strong>fuerit,</strong></span> <span class='ocrx_word' id='word_1_185' title='bbox 3189 1280 3232 1333; x_wconf 88' lang='lat' dir='ltr'><strong>si</strong></span> <span class='ocrx_word' id='word_1_186' title='bbox 3264 1278 3333 1332; x_wconf 84' lang='lat' dir='ltr'><strong>ab</strong></span> <span class='ocrx_word' id='word_1_187' title='bbox 3364 1278 3580 1345; x_wconf 79' lang='lat' dir='ltr'><strong>angelis</strong></span> <span class='ocrx_word' id='word_1_188' title='bbox 3616 1285 3673 1331; x_wconf 89' lang='lat' dir='ltr'><strong>et</strong></span> 
     </span>
    </p>
   </div>
   <div class='ocr_carea' id='block_1_29' title="bbox 2106 1372 3678 1446">
    <p class='ocr_par' dir='ltr' id='par_1_29' title="bbox 2106 1372 3678 1446">
     <span class='ocr_line' id='line_1_29' title="bbox 2106 1372 3678 1446; baseline -0.006 -15"><span class='ocrx_word' id='word_1_189' title='bbox 2106 1375 2393 1446; x_wconf 64' lang='lat' dir='ltr'><strong>Seraphin:</strong></span> <span class='ocrx_word' id='word_1_190' title='bbox 2448 1375 2584 1444; x_wconf 88' lang='lat' dir='ltr'><strong>ipsis</strong></span> <span class='ocrx_word' id='word_1_191' title='bbox 2632 1374 2913 1444; x_wconf 88' lang='lat' dir='ltr'><strong>proditum</strong></span> <span class='ocrx_word' id='word_1_192' title='bbox 2955 1380 3120 1442; x_wconf 89' lang='lat' dir='ltr'><strong>atque</strong></span> <span class='ocrx_word' id='word_1_193' title='bbox 3160 1372 3512 1426; x_wconf 86' lang='lat' dir='ltr'><strong>decantatum</strong></span> <span class='ocrx_word' id='word_1_194' title='bbox 3558 1384 3678 1423; x_wconf 88' lang='lat' dir='ltr'><strong>car-</strong></span> 
     </span>
    </p>
   </div>
   <div class='ocr_carea' id='block_1_30' title="bbox 2112 1459 3680 1537">
    <p class='ocr_par' dir='ltr' id='par_1_30' title="bbox 2112 1459 3680 1537">
     <span class='ocr_line' id='line_1_30' title="bbox 2112 1459 3680 1537; baseline -0.006 -15"><span class='ocrx_word' id='word_1_195' title='bbox 2112 1484 2259 1533; x_wconf 86' lang='lat' dir='ltr'><strong>men,</strong></span> <span class='ocrx_word' id='word_1_196' title='bbox 2292 1478 2460 1537; x_wconf 89' lang='lat' dir='ltr'><strong>atque</strong></span> <span class='ocrx_word' id='word_1_197' title='bbox 2490 1482 2519 1521; x_wconf 89' lang='lat' dir='ltr'><strong>a</strong></span> <span class='ocrx_word' id='word_1_198' title='bbox 2562 1473 2642 1520; x_wconf 91' lang='lat' dir='ltr'><strong>tot</strong></span> <span class='ocrx_word' id='word_1_199' title='bbox 2688 1465 2901 1519; x_wconf 83' lang='lat' dir='ltr'><strong>sanctis</strong></span> <span class='ocrx_word' id='word_1_200' title='bbox 2950 1477 3122 1519; x_wconf 80' lang='lat' dir='ltr'><strong>sacrae</strong></span> <span class='ocrx_word' id='word_1_201' title='bbox 3175 1463 3370 1533; x_wconf 84' lang='lat' dir='ltr'><strong>synodi</strong></span> <span class='ocrx_word' id='word_1_202' title='bbox 3424 1459 3680 1517; x_wconf 87' lang='lat' dir='ltr'><strong>Patribus</strong></span> 
     </span>
    </p>
   </div>
   <div class='ocr_carea' id='block_1_31' title="bbox 2109 1552 3679 1630">
    <p class='ocr_par' dir='ltr' id='par_1_31' title="bbox 2109 1552 3679 1630">
     <span class='ocr_line' id='line_1_31' title="bbox 2109 1552 3679 1630; baseline -0.006 -15"><span class='ocrx_word' id='word_1_203' title='bbox 2109 1560 2529 1630; x_wconf 84' lang='lat' dir='ltr'><strong>comprobatum</strong></span> <span class='ocrx_word' id='word_1_204' title='bbox 2560 1567 2616 1612; x_wconf 92' lang='lat' dir='ltr'><strong>et</strong></span> <span class='ocrx_word' id='word_1_205' title='bbox 2648 1556 3052 1618; x_wconf 80' lang='lat' dir='ltr'><strong>conﬁrmatum,</strong></span> <span class='ocrx_word' id='word_1_206' title='bbox 3102 1554 3249 1624; x_wconf 88' lang='lat' dir='ltr'><strong>quod</strong></span> <span class='ocrx_word' id='word_1_207' title='bbox 3285 1569 3447 1608; x_wconf 89' lang='lat' dir='ltr'><strong>unam</strong></span> <span class='ocrx_word' id='word_1_208' title='bbox 3496 1553 3547 1605; x_wconf 89' lang='lat' dir='ltr'><strong>in</strong></span> <span class='ocrx_word' id='word_1_209' title='bbox 3583 1552 3679 1606; x_wconf 83' lang='lat' dir='ltr'><strong>tri-</strong></span> 
     </span>
    </p>
   </div>
   <div class='ocr_carea' id='block_1_32' title="bbox 2108 1643 3678 1714">
    <p class='ocr_par' dir='ltr' id='par_1_32' title="bbox 2108 1643 3678 1714">
     <span class='ocr_line' id='line_1_32' title="bbox 2108 1643 3678 1714; baseline -0.01 -5"><span class='ocrx_word' id='word_1_210' title='bbox 2108 1656 2209 1709; x_wconf 87' lang='lat' dir='ltr'><strong>bus</strong></span> <span class='ocrx_word' id='word_1_211' title='bbox 2239 1650 2617 1706; x_wconf 82' lang='lat' dir='ltr'><strong>subsistentiis</strong></span> <span class='ocrx_word' id='word_1_212' title='bbox 2666 1648 3011 1703; x_wconf 84' lang='lat' dir='ltr'><strong>divinitatem</strong></span> <span class='ocrx_word' id='word_1_213' title='bbox 3066 1647 3273 1700; x_wconf 84' lang='lat' dir='ltr'><strong>diserte</strong></span> <span class='ocrx_word' id='word_1_214' title='bbox 3325 1643 3678 1714; x_wconf 70' lang='lat' dir='ltr'><strong>drpmdieat,</strong></span> 
     </span>
    </p>
   </div>
   <div class='ocr_carea' id='block_1_33' title="bbox 2106 1736 3683 1816">
    <p class='ocr_par' dir='ltr' id='par_1_33' title="bbox 2106 1736 3683 1816">
     <span class='ocr_line' id='line_1_33' title="bbox 2106 1736 3683 1816; baseline -0.008 -15"><span class='ocrx_word' id='word_1_215' title='bbox 2106 1746 2272 1816; x_wconf 79' lang='grc'>881</span> <span class='ocrx_word' id='word_1_216' title='bbox 2305 1742 2553 1813; x_wconf 87' lang='lat' dir='ltr'><strong>Cnaphei</strong></span> <span class='ocrx_word' id='word_1_217' title='bbox 2596 1742 2855 1810; x_wconf 91' lang='lat' dir='ltr'><strong>primum,</strong></span> <span class='ocrx_word' id='word_1_218' title='bbox 2889 1752 2943 1794; x_wconf 91' lang='lat' dir='ltr'><strong>et</strong></span> <span class='ocrx_word' id='word_1_219' title='bbox 2967 1739 3154 1794; x_wconf 87' lang='lat' dir='ltr'><strong>Severi</strong></span> <span class='ocrx_word' id='word_1_220' title='bbox 3196 1736 3394 1791; x_wconf 88' lang='lat' dir='ltr'><strong>deinde</strong></span> <span class='ocrx_word' id='word_1_221' title='bbox 3422 1736 3683 1805; x_wconf 88' lang='lat' dir='ltr'><strong>opinione</strong></span> 
     </span>
    </p>
   </div>
   <div class='ocr_carea' id='block_1_34' title="bbox 428 1826 2017 1911">
    <p class='ocr_par' dir='ltr' id='par_1_34' title="bbox 428 1838 2003 1911">
     <span class='ocr_line' id='line_1_34' title="bbox 428 1838 2003 1911; baseline 0.001 -20"><span class='ocrx_word' id='word_1_222' title='bbox 428 1839 492 1891; x_wconf 84' lang='grc' dir='ltr'>Εἰ</span> <span class='ocrx_word' id='word_1_223' title='bbox 542 1838 637 1892; x_wconf 90' lang='grc' dir='ltr'><strong>δύο</strong></span> <span class='ocrx_word' id='word_1_224' title='bbox 685 1839 875 1907; x_wconf 82' lang='grc' dir='ltr'>φύσεις</span> <span class='ocrx_word' id='word_1_225' title='bbox 924 1842 1016 1893; x_wconf 78' lang='grc' dir='ltr'><strong>ἐπὶ</strong></span> <span class='ocrx_word' id='word_1_226' title='bbox 1074 1840 1314 1909; x_wconf 80' lang='grc' dir='ltr'>Χριστοῦ</span> <span class='ocrx_word' id='word_1_227' title='bbox 1373 1841 1618 1911; x_wconf 81' lang='grc' dir='ltr'>δοίημεν,</span> <span class='ocrx_word' id='word_1_228' title='bbox 1680 1842 2003 1909; x_wconf 75' lang='grc' dir='ltr'>συνέψονται</span> 
     </span>
    </p>
   </div>
   <div class='ocr_carea' id='block_1_35' title="bbox 2121 1826 3684 1911">
    <p class='ocr_par' dir='ltr' id='par_1_35' title="bbox 2121 1826 3684 1904">
     <span class='ocr_line' id='line_1_35' title="bbox 2121 1826 3684 1904; baseline -0.007 -15"><span class='ocrx_word' id='word_1_229' title='bbox 2121 1835 2479 1904; x_wconf 71' lang='lat' dir='ltr'><strong>proculretur,</strong></span> <span class='ocrx_word' id='word_1_230' title='bbox 2521 1841 2688 1901; x_wconf 91' lang='lat' dir='ltr'><strong>atque</strong></span> <span class='ocrx_word' id='word_1_231' title='bbox 2755 1846 2949 1887; x_wconf 88' lang='lat' dir='ltr'><strong>eorum</strong></span> <span class='ocrx_word' id='word_1_232' title='bbox 3000 1830 3068 1899; x_wconf 90' lang='lat' dir='ltr'><strong>(si</strong></span> <span class='ocrx_word' id='word_1_233' title='bbox 3116 1830 3228 1883; x_wconf 89' lang='lat' dir='ltr'><strong>Deo</strong></span> <span class='ocrx_word' id='word_1_234' title='bbox 3286 1829 3484 1897; x_wconf 83' lang='lat' dir='ltr'><strong>placet)</strong></span> <span class='ocrx_word' id='word_1_235' title='bbox 3538 1826 3684 1879; x_wconf 90' lang='lat' dir='ltr'><strong>arbi-</strong></span> 
     </span>
    </p>
   </div>
   <div class='ocr_carea' id='block_1_36' title="bbox 428 1918 2017 2004">
    <p class='ocr_par' dir='ltr' id='par_1_36' title="bbox 428 1932 2006 2004">
     <span class='ocr_line' id='line_1_36' title="bbox 428 1932 2006 2004; baseline 0 -20"><span class='ocrx_word' id='word_1_236' title='bbox 428 1933 649 1995; x_wconf 79' lang='grc' dir='ltr'>πάντως</span> <span class='ocrx_word' id='word_1_237' title='bbox 691 1933 919 1996; x_wconf 81' lang='grc' dir='ltr'>ταύταις</span> <span class='ocrx_word' id='word_1_238' title='bbox 975 1934 1037 1997; x_wconf 67' lang='grc' dir='ltr'>ἐξ</span> <span class='ocrx_word' id='word_1_239' title='bbox 1071 1933 1318 2004; x_wconf 81' lang='grc' dir='ltr'><strong>ἀνάγκης</strong></span> <span class='ocrx_word' id='word_1_240' title='bbox 1365 1933 1458 1986; x_wconf 87' lang='grc' dir='ltr'><strong>δύο</strong></span> <span class='ocrx_word' id='word_1_241' title='bbox 1508 1934 1826 2003; x_wconf 69' lang='grc' dir='ltr'>θελήματαθ</span> <span class='ocrx_word' id='word_1_242' title='bbox 1857 1935 1905 1985; x_wconf 85' lang='grc' dir='ltr'><strong>εί</strong></span> <span class='ocrx_word' id='word_1_243' title='bbox 1951 1932 2006 1985; x_wconf 77' lang='grc' dir='ltr'>δὲ</span> 
     </span>
    </p>
   </div>
   <div class='ocr_carea' id='block_1_37' title="bbox 2121 1918 3683 2004">
    <p class='ocr_par' dir='ltr' id='par_1_37' title="bbox 2121 1918 3683 1996">
     <span class='ocr_line' id='line_1_37' title="bbox 2121 1918 3683 1996; baseline -0.007 -17"><span class='ocrx_word' id='word_1_244' title='bbox 2121 1928 2237 1987; x_wconf 72' lang='lat' dir='ltr'><strong>trio.</strong></span> <span class='ocrx_word' id='word_1_245' title='bbox 2266 1924 2498 1996; x_wconf 79' lang='lat' dir='ltr'><strong>perinde</strong></span> <span class='ocrx_word' id='word_1_246' title='bbox 2526 1936 2691 1994; x_wconf 88' lang='lat' dir='ltr'><strong>atque</strong></span> <span class='ocrx_word' id='word_1_247' title='bbox 2720 1922 3020 1979; x_wconf 90' lang='lat' dir='ltr'><strong>Cherubim</strong></span> <span class='ocrx_word' id='word_1_248' title='bbox 3065 1928 3415 1989; x_wconf 86' lang='lat' dir='ltr'><strong>superarent,</strong></span> <span class='ocrx_word' id='word_1_249' title='bbox 3444 1918 3683 1986; x_wconf 80' lang='lat' dir='ltr'><strong>corriga-</strong></span> 
     </span>
    </p>
   </div>
   <div class='ocr_carea' id='block_1_38' title="bbox 428 2010 2017 2097">
    <p class='ocr_par' dir='ltr' id='par_1_38' title="bbox 428 2024 2009 2097">
     <span class='ocr_line' id='line_1_38' title="bbox 428 2024 2009 2097; baseline 0 -20"><span class='ocrx_word' id='word_1_250' title='bbox 428 2024 607 2089; x_wconf 81' lang='grc' dir='ltr'>τοῦτο,</span> <span class='ocrx_word' id='word_1_251' title='bbox 640 2027 736 2078; x_wconf 68' lang='grc' dir='ltr'><strong>καὶ</strong></span> <span class='ocrx_word' id='word_1_252' title='bbox 765 2025 858 2077; x_wconf 87' lang='grc' dir='ltr'><strong>δύο</strong></span> <span class='ocrx_word' id='word_1_253' title='bbox 885 2025 945 2092; x_wconf 79' lang='grc' dir='ltr'>ἐξ</span> <span class='ocrx_word' id='word_1_254' title='bbox 995 2026 1242 2096; x_wconf 79' lang='grc' dir='ltr'><strong>ἀνάγκης</strong></span> <span class='ocrx_word' id='word_1_255' title='bbox 1284 2026 1800 2097; x_wconf 82' lang='grc' dir='ltr'>συνεισαχθήσονται</span> <span class='ocrx_word' id='word_1_256' title='bbox 1835 2028 2009 2095; x_wconf 84' lang='grc' dir='ltr'>πρόσ·</span> 
     </span>
    </p>
   </div>
   <div class='ocr_carea' id='block_1_39' title="bbox 2121 2010 3683 2097">
    <p class='ocr_par' dir='ltr' id='par_1_39' title="bbox 2121 2010 3683 2086">
     <span class='ocr_line' id='line_1_39' title="bbox 2121 2010 3683 2086; baseline -0.008 -13"><span class='ocrx_word' id='word_1_257' title='bbox 2121 2028 2226 2073; x_wconf 77' lang='lat' dir='ltr'><strong>tur.</strong></span> <span class='ocrx_word' id='word_1_258' title='bbox 2262 2018 2368 2072; x_wconf 84' lang='lat' dir='ltr'><strong>Sed</strong></span> <span class='ocrx_word' id='word_1_259' title='bbox 2404 2018 2550 2071; x_wconf 89' lang='lat' dir='ltr'><strong>enim</strong></span> <span class='ocrx_word' id='word_1_260' title='bbox 2584 2018 2678 2086; x_wconf 87' lang='lat' dir='ltr'><strong>qui</strong></span> <span class='ocrx_word' id='word_1_261' title='bbox 2718 2016 2819 2069; x_wconf 89' lang='lat' dir='ltr'><strong>hoc</strong></span> <span class='ocrx_word' id='word_1_262' title='bbox 2857 2016 2928 2069; x_wconf 82' lang='lat' dir='ltr'><strong>ita</strong></span> <span class='ocrx_word' id='word_1_263' title='bbox 2958 2023 3273 2075; x_wconf 84' lang='lat' dir='ltr'><strong>senserunt,</strong></span> <span class='ocrx_word' id='word_1_264' title='bbox 3313 2010 3683 2077; x_wconf 75' lang='lat' dir='ltr'><strong>&#39;l&#39;beopaschi-</strong></span> 
     </span>
    </p>
   </div>
   <div class='ocr_carea' id='block_1_40' title="bbox 431 2101 2017 2187">
    <p class='ocr_par' dir='ltr' id='par_1_40' title="bbox 431 2115 2010 2187">
     <span class='ocr_line' id='line_1_40' title="bbox 431 2115 2010 2187; baseline 0.002 -20"><span class='ocrx_word' id='word_1_265' title='bbox 431 2132 592 2173; x_wconf 77' lang='grc' dir='ltr'>ωπα.</span> <span class='ocrx_word' id='word_1_266' title='bbox 644 2117 736 2168; x_wconf 76' lang='grc' dir='ltr'>καὶ</span> <span class='ocrx_word' id='word_1_267' title='bbox 791 2115 885 2169; x_wconf 78' lang='grc' dir='ltr'><strong>δύο</strong></span> <span class='ocrx_word' id='word_1_268' title='bbox 940 2117 1206 2187; x_wconf 72' lang='grc' dir='ltr'>ἐνέργειαι</span> <span class='ocrx_word' id='word_1_269' title='bbox 1263 2117 1503 2169; x_wconf 74' lang='grc' dir='ltr'>ἐναντίαι</span> <span class='ocrx_word' id='word_1_270' title='bbox 1525 2116 1784 2186; x_wconf 73' lang='grc' dir='ltr'>ἀλλήλαις</span> <span class='ocrx_word' id='word_1_271' title='bbox 1808 2117 2010 2170; x_wconf 84' lang='grc' dir='ltr'>παντά-</span> 
     </span>
    </p>
   </div>
   <div class='ocr_carea' id='block_1_41' title="bbox 2121 2101 3682 2187">
    <p class='ocr_par' dir='ltr' id='par_1_41' title="bbox 2121 2101 3682 2177">
     <span class='ocr_line' id='line_1_41' title="bbox 2121 2101 3682 2177; baseline -0.008 -11"><span class='ocrx_word' id='word_1_272' title='bbox 2121 2123 2179 2166; x_wconf 71' lang='lat' dir='ltr'><strong>tae</strong></span> <span class='ocrx_word' id='word_1_273' title='bbox 2206 2111 2387 2165; x_wconf 86' lang='lat' dir='ltr'><strong>vocati</strong></span> <span class='ocrx_word' id='word_1_274' title='bbox 2422 2118 2573 2173; x_wconf 83' lang='lat' dir='ltr'><strong>sunt,</strong></span> <span class='ocrx_word' id='word_1_275' title='bbox 2602 2118 2856 2163; x_wconf 88' lang='lat' dir='ltr'><strong>auctores</strong></span> <span class='ocrx_word' id='word_1_276' title='bbox 2889 2107 3184 2177; x_wconf 85' lang='lat' dir='ltr'><strong>primarios</strong></span> <span class='ocrx_word' id='word_1_277' title='bbox 3232 2105 3550 2171; x_wconf 87' lang='lat' dir='ltr'><strong>Cnaphenm</strong></span> <span class='ocrx_word' id='word_1_278' title='bbox 3586 2101 3682 2153; x_wconf 79' lang='lat' dir='ltr'><strong>l‘e-</strong></span> 
     </span>
    </p>
   </div>
   <div class='ocr_carea' id='block_1_42' title="bbox 433 2200 3686 2274">
    <p class='ocr_par' dir='ltr' id='par_1_42' title="bbox 433 2200 3686 2274">
     <span class='ocr_line' id='line_1_42' title="bbox 433 2200 3686 2274; baseline -0.007 -5"><span class='ocrx_word' id='word_1_279' title='bbox 433 2224 623 2262; x_wconf 73' lang='grc' dir='ltr'>πασινο</span> <span class='ocrx_word' id='word_1_280' title='bbox 2114 2219 2258 2261; x_wconf 90' lang='lat' dir='ltr'><strong>trum</strong></span> <span class='ocrx_word' id='word_1_281' title='bbox 2295 2216 2350 2261; x_wconf 89' lang='lat' dir='ltr'><strong>et</strong></span> <span class='ocrx_word' id='word_1_282' title='bbox 2380 2207 2671 2267; x_wconf 80' lang='lat' dir='ltr'><strong>Severum,</strong></span> <span class='ocrx_word' id='word_1_283' title='bbox 2701 2202 3164 2274; x_wconf 81' lang='lat' dir='ltr'><strong>quemadmodum</strong></span> <span class='ocrx_word' id='word_1_284' title='bbox 3218 2200 3425 2253; x_wconf 89' lang='lat' dir='ltr'><strong>dictum</strong></span> <span class='ocrx_word' id='word_1_285' title='bbox 3474 2205 3578 2259; x_wconf 90' lang='lat' dir='ltr'><strong>est,</strong></span> <span class='ocrx_word' id='word_1_286' title='bbox 3629 2203 3686 2245; x_wconf 90' lang='lat' dir='ltr'><strong>et</strong></span> 
     </span>
    </p>
   </div>
   <div class='ocr_carea' id='block_1_43' title="bbox 434 2290 3683 2377">
    <p class='ocr_par' dir='ltr' id='par_1_43' title="bbox 434 2290 3683 2377">
     <span class='ocr_line' id='line_1_43' title="bbox 434 2290 3683 2377; baseline -0.004 -22"><span class='ocrx_word' id='word_1_287' title='bbox 434 2302 637 2357; x_wconf 85' lang='lat' dir='ltr'><strong>deinde</strong></span> <span class='ocrx_word' id='word_1_288' title='bbox 665 2303 955 2370; x_wconf 72' lang='lat' dir='ltr'><strong>Iacobum,</strong></span> <span class='ocrx_word' id='word_1_289' title='bbox 986 2303 1280 2363; x_wconf 86' lang='lat' dir='ltr'><strong>habentes.</strong></span> <span class='ocrx_word' id='word_1_290' title='bbox 1314 2307 1489 2377; x_wconf 78' lang='lat' dir='ltr'><strong>Atque</strong></span> <span class='ocrx_word' id='word_1_291' title='bbox 1536 2304 1576 2360; x_wconf 88' lang='lat' dir='ltr'><strong>ii</strong></span> <span class='ocrx_word' id='word_1_292' title='bbox 1603 2318 1734 2361; x_wconf 85' lang='lat' dir='ltr'><strong>sane</strong></span> <span class='ocrx_word' id='word_1_293' title='bbox 1802 2304 2002 2360; x_wconf 81' lang='lat' dir='ltr'><strong>exinde</strong></span> <span class='ocrx_word' id='word_1_294' title='bbox 2044 2320 2206 2358; x_wconf 90' lang='lat' dir='ltr'><strong>unam</strong></span> <span class='ocrx_word' id='word_1_295' title='bbox 2266 2304 2321 2357; x_wconf 90' lang='lat' dir='ltr'><strong>in</strong></span> <span class='ocrx_word' id='word_1_296' title='bbox 2382 2302 2606 2359; x_wconf 87' lang='lat' dir='ltr'><strong>Christo</strong></span> <span class='ocrx_word' id='word_1_297' title='bbox 2636 2311 2885 2355; x_wconf 89' lang='lat' dir='ltr'><strong>naturam</strong></span> <span class='ocrx_word' id='word_1_298' title='bbox 2923 2307 3173 2353; x_wconf 81' lang='lat' dir='ltr'><strong>astruere</strong></span> <span class='ocrx_word' id='word_1_299' title='bbox 3222 2294 3583 2354; x_wconf 81' lang='lat' dir='ltr'><strong>contendunt,</strong></span> <span class='ocrx_word' id='word_1_300' title='bbox 3612 2290 3683 2342; x_wconf 89' lang='lat' dir='ltr'><strong>ita</strong></span> 
     </span>
    </p>
   </div>
   <div class='ocr_carea' id='block_1_44' title="bbox 430 2383 3686 2467">
    <p class='ocr_par' dir='ltr' id='par_1_44' title="bbox 430 2383 3686 2467">
     <span class='ocr_line' id='line_1_44' title="bbox 430 2383 3686 2467; baseline -0.004 -20"><span class='ocrx_word' id='word_1_301' title='bbox 430 2394 681 2451; x_wconf 86' lang='lat' dir='ltr'><strong>dicentes</strong></span> <span class='ocrx_word' id='word_1_302' title='bbox 714 2414 727 2451; x_wconf 86' lang='lat'><strong>:</strong></span> <span class='ocrx_word' id='word_1_303' title='bbox 767 2397 823 2451; x_wconf 88' lang='lat' dir='ltr'><strong>Si</strong></span> <span class='ocrx_word' id='word_1_304' title='bbox 855 2398 994 2454; x_wconf 84' lang='lat' dir='ltr'><strong>duas</strong></span> <span class='ocrx_word' id='word_1_305' title='bbox 1029 2400 1089 2453; x_wconf 86' lang='lat' dir='ltr'><strong>in</strong></span> <span class='ocrx_word' id='word_1_306' title='bbox 1121 2400 1340 2456; x_wconf 86' lang='lat' dir='ltr'><strong>Christo</strong></span> <span class='ocrx_word' id='word_1_307' title='bbox 1379 2400 1575 2454; x_wconf 87' lang='lat' dir='ltr'><strong>demus</strong></span> <span class='ocrx_word' id='word_1_308' title='bbox 1611 2414 1734 2454; x_wconf 88' lang='lat' dir='ltr'><strong>esse</strong></span> <span class='ocrx_word' id='word_1_309' title='bbox 1774 2408 2021 2463; x_wconf 87' lang='lat' dir='ltr'><strong>naturas,</strong></span> <span class='ocrx_word' id='word_1_310' title='bbox 2063 2407 2476 2467; x_wconf 81' lang='lat' dir='ltr'><strong>consequentur</strong></span> <span class='ocrx_word' id='word_1_311' title='bbox 2540 2408 2635 2449; x_wconf 86' lang='lat' dir='ltr'><strong>cas</strong></span> <span class='ocrx_word' id='word_1_312' title='bbox 2675 2396 3006 2448; x_wconf 86' lang='lat' dir='ltr'><strong>necessitate</strong></span> <span class='ocrx_word' id='word_1_313' title='bbox 3045 2389 3281 2459; x_wconf 84' lang='lat' dir='ltr'><strong>quadam</strong></span> <span class='ocrx_word' id='word_1_314' title='bbox 3311 2385 3537 2441; x_wconf 89' lang='lat' dir='ltr'><strong>omnino</strong></span> <span class='ocrx_word' id='word_1_315' title='bbox 3564 2383 3686 2436; x_wconf 64' lang='lat' dir='ltr'><strong>duae</strong></span> 
     </span>
    </p>
   </div>
   <div class='ocr_carea' id='block_1_45' title="bbox 434 2484 3683 2554">
    <p class='ocr_par' dir='ltr' id='par_1_45' title="bbox 434 2484 3683 2554">
     <span class='ocr_line' id='line_1_45' title="bbox 434 2484 3683 2554; baseline -0.004 -13"><span class='ocrx_word' id='word_1_316' title='bbox 434 2488 604 2541; x_wconf 79' lang='lat' dir='ltr'><strong>etiam</strong></span> <span class='ocrx_word' id='word_1_317' title='bbox 631 2488 965 2544; x_wconf 89' lang='lat' dir='ltr'><strong>voluntates.</strong></span> <span class='ocrx_word' id='word_1_318' title='bbox 1043 2491 1099 2546; x_wconf 91' lang='lat' dir='ltr'><strong>Si</strong></span> <span class='ocrx_word' id='word_1_319' title='bbox 1165 2506 1297 2546; x_wconf 77' lang='lat' dir='ltr'><strong>vero</strong></span> <span class='ocrx_word' id='word_1_320' title='bbox 1366 2494 1471 2548; x_wconf 90' lang='lat' dir='ltr'><strong>hoc</strong></span> <span class='ocrx_word' id='word_1_321' title='bbox 1515 2504 1839 2547; x_wconf 81' lang='lat' dir='ltr'><strong>concessum</strong></span> <span class='ocrx_word' id='word_1_322' title='bbox 1896 2489 2086 2554; x_wconf 76' lang='lat' dir='ltr'><strong>fuerit,</strong></span> <span class='ocrx_word' id='word_1_323' title='bbox 2126 2490 2319 2544; x_wconf 88' lang='lat' dir='ltr'><strong>eadem</strong></span> <span class='ocrx_word' id='word_1_324' title='bbox 2393 2488 2721 2543; x_wconf 82' lang='lat' dir='ltr'><strong>necessitate</strong></span> <span class='ocrx_word' id='word_1_325' title='bbox 2790 2488 2911 2540; x_wconf 86' lang='lat' dir='ltr'><strong>duae</strong></span> <span class='ocrx_word' id='word_1_326' title='bbox 2990 2484 3321 2538; x_wconf 83' lang='lat' dir='ltr'><strong>inducentur</strong></span> <span class='ocrx_word' id='word_1_327' title='bbox 3400 2492 3683 2547; x_wconf 78' lang='lat' dir='ltr'><strong>personae,</strong></span> 
     </span>
    </p>
   </div>
   <div class='ocr_carea' id='block_1_46' title="bbox 435 2582 2294 2657">
    <p class='ocr_par' dir='ltr' id='par_1_46' title="bbox 435 2582 2294 2657">
     <span class='ocr_line' id='line_1_46' title="bbox 435 2582 2294 2657; baseline 0.003 -23"><span class='ocrx_word' id='word_1_328' title='bbox 435 2588 492 2635; x_wconf 82' lang='lat' dir='ltr'><strong>et</strong></span> <span class='ocrx_word' id='word_1_329' title='bbox 540 2582 664 2637; x_wconf 72' lang='lat' dir='ltr'><strong>duae</strong></span> <span class='ocrx_word' id='word_1_330' title='bbox 718 2583 950 2641; x_wconf 66' lang='lat' dir='ltr'><strong>virtutes</strong></span> <span class='ocrx_word' id='word_1_331' title='bbox 998 2588 1343 2657; x_wconf 82' lang='lat' dir='ltr'><strong>operatrices</strong></span> <span class='ocrx_word' id='word_1_332' title='bbox 1390 2590 1536 2644; x_wconf 89' lang='lat' dir='ltr'><strong>inter</strong></span> <span class='ocrx_word' id='word_1_333' title='bbox 1590 2602 1648 2644; x_wconf 90' lang='lat' dir='ltr'><strong>se</strong></span> <span class='ocrx_word' id='word_1_334' title='bbox 1714 2587 2004 2643; x_wconf 83' lang='lat' dir='ltr'><strong>contrariae</strong></span> <span class='ocrx_word' id='word_1_335' title='bbox 2046 2602 2294 2643; x_wconf 76' lang='lat' dir='ltr'><strong>prorsus.</strong></span> 
     </span>
    </p>
   </div>
   <div class='ocr_carea' id='block_1_47' title="bbox 1016 2726 1441 2782">
    <p class='ocr_par' dir='ltr' id='par_1_47' title="bbox 1016 2726 1441 2782">
     <span class='ocr_line' id='line_1_47' title="bbox 1016 2726 1441 2782; baseline 0.012 -5"><span class='ocrx_word' id='word_1_336' title='bbox 1016 2726 1268 2780; x_wconf 78' lang='grc' dir='ltr'><strong>ΚΕΦΑΛ.</strong></span> <span class='ocrx_word' id='word_1_337' title='bbox 1314 2726 1441 2782; x_wconf 83' lang='lat' dir='ltr'><strong>NB’.</strong></span> 
     </span>
    </p>
   </div>
   <div class='ocr_carea' id='block_1_48' title="bbox 688 2815 1756 2889">
    <p class='ocr_par' dir='ltr' id='par_1_48' title="bbox 688 2815 1756 2889">
     <span class='ocr_line' id='line_1_48' title="bbox 688 2815 1756 2889; baseline 0.003 -20"><span class='ocrx_word' id='word_1_338' title='bbox 688 2816 828 2884; x_wconf 70' lang='grc' dir='ltr'>Περὶ</span> <span class='ocrx_word' id='word_1_339' title='bbox 862 2815 972 2884; x_wconf 83' lang='grc' dir='ltr'>τῆς</span> <span class='ocrx_word' id='word_1_340' title='bbox 1012 2816 1204 2883; x_wconf 76' lang='grc' dir='ltr'>δόξης</span> <span class='ocrx_word' id='word_1_341' title='bbox 1235 2817 1354 2879; x_wconf 81' lang='grc' dir='ltr'><strong>τῶν</strong></span> <span class='ocrx_word' id='word_1_342' title='bbox 1400 2818 1756 2889; x_wconf 63' lang='grc' dir='ltr'>’Δγνοητῶικ</span> 
     </span>
    </p>
   </div>
   <div class='ocr_carea' id='block_1_49' title="bbox 514 2924 2008 3004">
    <p class='ocr_par' dir='ltr' id='par_1_49' title="bbox 514 2924 2008 3004">
     <span class='ocr_line' id='line_1_49' title="bbox 514 2924 2008 3004; baseline 0.001 -21"><span class='ocrx_word' id='word_1_343' title='bbox 514 2929 584 2983; x_wconf 83' lang='grc'><strong>’0</strong></span> <span class='ocrx_word' id='word_1_344' title='bbox 606 2947 669 2999; x_wconf 83' lang='grc' dir='ltr'><strong>γε</strong></span> <span class='ocrx_word' id='word_1_345' title='bbox 702 2932 809 3002; x_wconf 80' lang='grc' dir='ltr'>μὴν</span> <span class='ocrx_word' id='word_1_346' title='bbox 851 2932 1127 2997; x_wconf 77' lang='grc' dir='ltr'>Ἰάκωϐος,</span> <span class='ocrx_word' id='word_1_347' title='bbox 1158 2932 1220 2998; x_wconf 76' lang='grc' dir='ltr'><strong>ἐξ</strong></span> <span class='ocrx_word' id='word_1_348' title='bbox 1239 2924 1300 2986; x_wconf 74' lang='grc' dir='ltr'><strong>οὗ</strong></span> <span class='ocrx_word' id='word_1_349' title='bbox 1326 2936 1421 2987; x_wconf 82' lang='grc' dir='ltr'>καὶ</span> <span class='ocrx_word' id='word_1_350' title='bbox 1447 2935 1479 3004; x_wconf 76' lang='grc' dir='ltr'>ἡ</span> <span class='ocrx_word' id='word_1_351' title='bbox 1502 2936 1610 2987; x_wconf 85' lang='grc' dir='ltr'><strong>τῶν</strong></span> <span class='ocrx_word' id='word_1_352' title='bbox 1672 2932 2008 2988; x_wconf 78' lang='grc' dir='ltr'>Ἰακωδιτῶν</span> 
     </span>
    </p>
   </div>
   <div class='ocr_carea' id='block_1_50' title="bbox 442 3022 2010 3098">
    <p class='ocr_par' dir='ltr' id='par_1_50' title="bbox 442 3022 2010 3098">
     <span class='ocr_line' id='line_1_50' title="bbox 442 3022 2010 3098; baseline 0.005 -25"><span class='ocrx_word' id='word_1_353' title='bbox 442 3022 650 3092; x_wconf 76' lang='grc' dir='ltr'>αἵρεσις</span> <span class='ocrx_word' id='word_1_354' title='bbox 675 3022 755 3075; x_wconf 75' lang='grc' dir='ltr'>ἔτι</span> <span class='ocrx_word' id='word_1_355' title='bbox 785 3025 884 3076; x_wconf 74' lang='grc' dir='ltr'>καὶ</span> <span class='ocrx_word' id='word_1_356' title='bbox 912 3023 1006 3076; x_wconf 81' lang='grc' dir='ltr'>νῦν</span> <span class='ocrx_word' id='word_1_357' title='bbox 1030 3025 1372 3097; x_wconf 78' lang='grc' dir='ltr'>περιᾴδεται,</span> <span class='ocrx_word' id='word_1_358' title='bbox 1406 3026 1579 3098; x_wconf 76' lang='grc' dir='ltr'>Σύρος</span> <span class='ocrx_word' id='word_1_359' title='bbox 1613 3026 1709 3095; x_wconf 77' lang='grc' dir='ltr'>μὲν</span> <span class='ocrx_word' id='word_1_360' title='bbox 1742 3022 1891 3098; x_wconf 81' lang='grc' dir='ltr'>ἦντὸ</span> <span class='ocrx_word' id='word_1_361' title='bbox 1921 3028 2010 3097; x_wconf 76' lang='grc' dir='ltr'><strong>γέ·-</strong></span> 
     </span>
    </p>
   </div>
   <div class='ocr_carea' id='block_1_51' title="bbox 2713 2724 3083 2782">
    <p class='ocr_par' dir='ltr' id='par_1_51' title="bbox 2713 2724 3083 2782">
     <span class='ocr_line' id='line_1_51' title="bbox 2713 2724 3083 2782; baseline 0 -3"><span class='ocrx_word' id='word_1_362' title='bbox 2713 2725 2937 2782; x_wconf 76' lang='lat' dir='ltr'><strong>CAPUT</strong></span> <span class='ocrx_word' id='word_1_363' title='bbox 2978 2724 3083 2779; x_wconf 85' lang='lat' dir='ltr'><strong>LII.</strong></span> 
     </span>
    </p>
   </div>
   <div class='ocr_carea' id='block_1_52' title="bbox 2521 2819 3278 2890">
    <p class='ocr_par' dir='ltr' id='par_1_52' title="bbox 2521 2819 3278 2890">
     <span class='ocr_line' id='line_1_52' title="bbox 2521 2819 3278 2890; baseline 0.001 -18"><span class='ocrx_word' id='word_1_364' title='bbox 2521 2819 2597 2873; x_wconf 86' lang='lat' dir='ltr'><strong>De</strong></span> <span class='ocrx_word' id='word_1_365' title='bbox 2626 2821 2872 2890; x_wconf 78' lang='lat' dir='ltr'><strong>opinione</strong></span> <span class='ocrx_word' id='word_1_366' title='bbox 2902 2820 3278 2889; x_wconf 78' lang='lat' dir='ltr'><strong>Agnoetarum.</strong></span> 
     </span>
    </p>
   </div>
   <div class='ocr_carea' id='block_1_53' title="bbox 2188 2933 3685 3006">
    <p class='ocr_par' dir='ltr' id='par_1_53' title="bbox 2188 2933 3685 3006">
     <span class='ocr_line' id='line_1_53' title="bbox 2188 2933 3685 3006; baseline -0.003 -14"><span class='ocrx_word' id='word_1_367' title='bbox 2188 2935 2427 2992; x_wconf 63' lang='lat' dir='ltr'><strong>Iacobus</strong></span> <span class='ocrx_word' id='word_1_368' title='bbox 2456 2951 2646 3005; x_wconf 88' lang='lat' dir='ltr'><strong>porro,</strong></span> <span class='ocrx_word' id='word_1_369' title='bbox 2674 2952 2702 2991; x_wconf 89' lang='lat' dir='ltr'><strong>a</strong></span> <span class='ocrx_word' id='word_1_370' title='bbox 2730 2951 2841 3006; x_wconf 90' lang='lat' dir='ltr'><strong>quo</strong></span> <span class='ocrx_word' id='word_1_371' title='bbox 2876 2950 3023 2991; x_wconf 85' lang='lat' dir='ltr'><strong>nunc</strong></span> <span class='ocrx_word' id='word_1_372' title='bbox 3054 2950 3274 3006; x_wconf 85' lang='lat' dir='ltr'><strong>quoque</strong></span> <span class='ocrx_word' id='word_1_373' title='bbox 3307 2933 3685 2991; x_wconf 84' lang='lat' dir='ltr'><strong>Jacobitarnm</strong></span> 
     </span>
    </p>
   </div>
   <div class='ocr_carea' id='block_1_54' title="bbox 2121 3028 3683 3099">
    <p class='ocr_par' dir='ltr' id='par_1_54' title="bbox 2121 3028 3683 3099">
     <span class='ocr_line' id='line_1_54' title="bbox 2121 3028 3683 3099; baseline -0.001 -17"><span class='ocrx_word' id='word_1_374' title='bbox 2121 3028 2346 3085; x_wconf 59' lang='lat' dir='ltr'><strong>haeresis</strong></span> <span class='ocrx_word' id='word_1_375' title='bbox 2374 3028 2724 3085; x_wconf 87' lang='lat' dir='ltr'><strong>denominata</strong></span> <span class='ocrx_word' id='word_1_376' title='bbox 2749 3028 3085 3091; x_wconf 87' lang='lat' dir='ltr'><strong>celebratur,</strong></span> <span class='ocrx_word' id='word_1_377' title='bbox 3118 3029 3309 3099; x_wconf 85' lang='lat' dir='ltr'><strong>Syrius</strong></span> <span class='ocrx_word' id='word_1_378' title='bbox 3330 3043 3530 3097; x_wconf 79' lang='lat' dir='ltr'><strong>genere</strong></span> <span class='ocrx_word' id='word_1_379' title='bbox 3556 3028 3683 3090; x_wconf 79' lang='lat' dir='ltr'><strong>fuit,</strong></span> 
     </span>
    </p>
   </div>
   <div class='ocr_carea' id='block_1_55' title="bbox 443 3113 2017 3192">
    <p class='ocr_par' dir='ltr' id='par_1_55' title="bbox 443 3113 2014 3185">
     <span class='ocr_line' id='line_1_55' title="bbox 443 3113 2014 3185; baseline 0.005 -19"><span class='ocrx_word' id='word_1_380' title='bbox 443 3128 554 3175; x_wconf 84' lang='grc' dir='ltr'>νος,</span> <span class='ocrx_word' id='word_1_381' title='bbox 584 3113 770 3179; x_wconf 73' lang='grc' dir='ltr'>ἄδοξος</span> <span class='ocrx_word' id='word_1_382' title='bbox 799 3113 857 3165; x_wconf 78' lang='grc' dir='ltr'>δὲ</span> <span class='ocrx_word' id='word_1_383' title='bbox 889 3114 1066 3185; x_wconf 85' lang='grc' dir='ltr'>πάντη</span> <span class='ocrx_word' id='word_1_384' title='bbox 1093 3117 1187 3169; x_wconf 73' lang='grc' dir='ltr'>καὶ</span> <span class='ocrx_word' id='word_1_385' title='bbox 1209 3116 1607 3182; x_wconf 76' lang='grc' dir='ltr'>άφανέστατος·</span> <span class='ocrx_word' id='word_1_386' title='bbox 1642 3116 1809 3181; x_wconf 76' lang='grc' dir='ltr'>ὅςκαὶ</span> <span class='ocrx_word' id='word_1_387' title='bbox 1837 3118 2014 3184; x_wconf 78' lang='grc' dir='ltr'>Τζάν-</span> 
     </span>
    </p>
   </div>
   <div class='ocr_carea' id='block_1_56' title="bbox 2121 3113 3686 3192">
    <p class='ocr_par' dir='ltr' id='par_1_56' title="bbox 2121 3120 3686 3192">
     <span class='ocr_line' id='line_1_56' title="bbox 2121 3120 3686 3192; baseline -0.002 -17"><span class='ocrx_word' id='word_1_388' title='bbox 2121 3120 2394 3176; x_wconf 83' lang='lat' dir='ltr'><strong>obscurus</strong></span> <span class='ocrx_word' id='word_1_389' title='bbox 2432 3135 2682 3192; x_wconf 79' lang='lat' dir='ltr'><strong>prorsus,</strong></span> <span class='ocrx_word' id='word_1_390' title='bbox 2723 3129 2776 3176; x_wconf 91' lang='lat' dir='ltr'><strong>et</strong></span> <span class='ocrx_word' id='word_1_391' title='bbox 2809 3123 2958 3176; x_wconf 89' lang='lat' dir='ltr'><strong>nulla</strong></span> <span class='ocrx_word' id='word_1_392' title='bbox 3008 3121 3177 3192; x_wconf 73' lang='lat' dir='ltr'><strong>gloria</strong></span> <span class='ocrx_word' id='word_1_393' title='bbox 3226 3122 3332 3189; x_wconf 76' lang='lat' dir='ltr'><strong>vir,</strong></span> <span class='ocrx_word' id='word_1_394' title='bbox 3370 3121 3474 3190; x_wconf 87' lang='lat' dir='ltr'><strong>.qui</strong></span> <span class='ocrx_word' id='word_1_395' title='bbox 3519 3120 3686 3174; x_wconf 87' lang='lat' dir='ltr'><strong>etiam</strong></span> 
     </span>
    </p>
   </div>
   <div class='ocr_carea' id='block_1_57' title="bbox 444 3204 2017 3284">
    <p class='ocr_par' dir='ltr' id='par_1_57' title="bbox 444 3204 2016 3280">
     <span class='ocr_line' id='line_1_57' title="bbox 444 3204 2016 3280; baseline 0.008 -26"><span class='ocrx_word' id='word_1_396' title='bbox 444 3204 603 3267; x_wconf 79' lang='grc' dir='ltr'>ζαλος</span> <span class='ocrx_word' id='word_1_397' title='bbox 628 3206 829 3256; x_wconf 79' lang='grc' dir='ltr'>οὑτωσὶ</span> <span class='ocrx_word' id='word_1_398' title='bbox 858 3206 1216 3273; x_wconf 76' lang='grc' dir='ltr'>ἑπωνὸμαστο</span> <span class='ocrx_word' id='word_1_399' title='bbox 1241 3207 1333 3260; x_wconf 82' lang='grc' dir='ltr'>διὰ</span> <span class='ocrx_word' id='word_1_400' title='bbox 1353 3207 1451 3279; x_wconf 76' lang='grc' dir='ltr'>τὴν</span> <span class='ocrx_word' id='word_1_401' title='bbox 1475 3208 1679 3278; x_wconf 75' lang='grc' dir='ltr'>ἄκραν,</span> <span class='ocrx_word' id='word_1_402' title='bbox 1726 3209 1802 3275; x_wconf 85' lang='grc' dir='ltr'>ὥς</span> <span class='ocrx_word' id='word_1_403' title='bbox 1838 3228 1900 3280; x_wconf 86' lang='grc' dir='ltr'><strong>γε</strong></span> <span class='ocrx_word' id='word_1_404' title='bbox 1934 3206 2016 3267; x_wconf 75' lang='grc' dir='ltr'><strong>οἵ·</strong></span> 
     </span>
    </p>
   </div>
   <div class='ocr_carea' id='block_1_58' title="bbox 2121 3204 3687 3284">
    <p class='ocr_par' dir='ltr' id='par_1_58' title="bbox 2121 3214 3687 3284">
     <span class='ocr_line' id='line_1_58' title="bbox 2121 3214 3687 3284; baseline -0.003 -15"><span class='ocrx_word' id='word_1_405' title='bbox 2121 3214 2386 3270; x_wconf 86' lang='lat' dir='ltr'><strong>Zanzalus</strong></span> <span class='ocrx_word' id='word_1_406' title='bbox 2420 3224 2646 3284; x_wconf 85' lang='lat' dir='ltr'><strong>propter</strong></span> <span class='ocrx_word' id='word_1_407' title='bbox 2676 3229 2944 3269; x_wconf 89' lang='lat' dir='ltr'><strong>summam</strong></span> <span class='ocrx_word' id='word_1_408' title='bbox 2998 3214 3322 3269; x_wconf 70' lang='lat' dir='ltr'><strong>tenuitatem</strong></span> <span class='ocrx_word' id='word_1_409' title='bbox 3354 3222 3440 3268; x_wconf 81' lang='lat' dir='ltr'><strong>est</strong></span> <span class='ocrx_word' id='word_1_410' title='bbox 3477 3227 3687 3282; x_wconf 81' lang='lat' dir='ltr'><strong>cogno-</strong></span> 
     </span>
    </p>
   </div>
   <div class='ocr_carea' id='block_1_59' title="bbox 448 3290 2017 3378">
    <p class='ocr_par' dir='ltr' id='par_1_59' title="bbox 448 3290 2013 3374">
     <span class='ocr_line' id='line_1_59' title="bbox 448 3290 2013 3374; baseline 0.007 -26"><span class='ocrx_word' id='word_1_411' title='bbox 448 3314 568 3364; x_wconf 85' lang='grc' dir='ltr'>μαι.</span> <span class='ocrx_word' id='word_1_412' title='bbox 602 3297 900 3351; x_wconf 66' lang='grc' dir='ltr'>εὐτέλειαν.</span> <span class='ocrx_word' id='word_1_413' title='bbox 927 3290 1096 3360; x_wconf 77' lang='grc' dir='ltr'>Οὗτος</span> <span class='ocrx_word' id='word_1_414' title='bbox 1150 3300 1212 3352; x_wconf 71' lang='grc' dir='ltr'><strong>τὸ</strong></span> <span class='ocrx_word' id='word_1_415' title='bbox 1248 3301 1524 3371; x_wconf 82' lang='grc' dir='ltr'>Εὐτυχοῦς</span> <span class='ocrx_word' id='word_1_416' title='bbox 1555 3305 1650 3355; x_wconf 79' lang='grc' dir='ltr'><strong>καὶ</strong></span> <span class='ocrx_word' id='word_1_417' title='bbox 1697 3306 2013 3374; x_wconf 85' lang='grc' dir='ltr'>Διοσκόρου,</span> 
     </span>
    </p>
   </div>
   <div class='ocr_carea' id='block_1_60' title="bbox 2121 3290 3678 3378">
    <p class='ocr_par' dir='ltr' id='par_1_60' title="bbox 2121 3305 3678 3378">
     <span class='ocr_line' id='line_1_60' title="bbox 2121 3305 3678 3378; baseline -0.003 -16"><span class='ocrx_word' id='word_1_418' title='bbox 2121 3309 2381 3362; x_wconf 88' lang='lat' dir='ltr'><strong>minatus.</strong></span> <span class='ocrx_word' id='word_1_419' title='bbox 2410 3307 2508 3362; x_wconf 86' lang='lat' dir='ltr'><strong>Hic</strong></span> <span class='ocrx_word' id='word_1_420' title='bbox 2544 3307 2887 3378; x_wconf 84' lang='lat' dir='ltr'><strong>Eutychetis,</strong></span> <span class='ocrx_word' id='word_1_421' title='bbox 2919 3316 2973 3361; x_wconf 85' lang='lat' dir='ltr'><strong>et</strong></span> <span class='ocrx_word' id='word_1_422' title='bbox 3006 3306 3250 3361; x_wconf 85' lang='lat' dir='ltr'><strong>Dioscuri</strong></span> <span class='ocrx_word' id='word_1_423' title='bbox 3298 3305 3678 3374; x_wconf 74' lang='lat' dir='ltr'><strong>Cnnplteiquc,</strong></span> 
     </span>
    </p>
   </div>
   <div class='ocr_carea' id='block_1_61' title="bbox 447 3389 2017 3469">
    <p class='ocr_par' dir='ltr' id='par_1_61' title="bbox 447 3389 2016 3469">
     <span class='ocr_line' id='line_1_61' title="bbox 447 3389 2016 3469; baseline 0.007 -28"><span class='ocrx_word' id='word_1_424' title='bbox 447 3389 725 3443; x_wconf 71' lang='grc' dir='ltr'>ἔτιδὲτοῦ</span> <span class='ocrx_word' id='word_1_425' title='bbox 769 3392 1039 3460; x_wconf 80' lang='grc' dir='ltr'>Κναφέως</span> <span class='ocrx_word' id='word_1_426' title='bbox 1103 3393 1309 3463; x_wconf 81' lang='grc' dir='ltr'>Πέτρου</span> <span class='ocrx_word' id='word_1_427' title='bbox 1376 3395 1469 3447; x_wconf 76' lang='grc' dir='ltr'>καὶ</span> <span class='ocrx_word' id='word_1_428' title='bbox 1536 3396 1780 3465; x_wconf 85' lang='grc' dir='ltr'>Σευήρου</span> <span class='ocrx_word' id='word_1_429' title='bbox 1839 3398 2016 3469; x_wconf 85' lang='grc' dir='ltr'>δόγμα</span> 
     </span>
    </p>
   </div>
   <div class='ocr_carea' id='block_1_62' title="bbox 2121 3389 3691 3469">
    <p class='ocr_par' dir='ltr' id='par_1_62' title="bbox 2122 3397 3691 3468">
     <span class='ocr_line' id='line_1_62' title="bbox 2122 3397 3691 3468; baseline -0.005 -14"><span class='ocrx_word' id='word_1_430' title='bbox 2122 3408 2383 3468; x_wconf 71' lang='lat' dir='ltr'><strong>praeterea</strong></span> <span class='ocrx_word' id='word_1_431' title='bbox 2409 3398 2559 3453; x_wconf 85' lang='lat' dir='ltr'><strong>Petri</strong></span> <span class='ocrx_word' id='word_1_432' title='bbox 2591 3408 2755 3465; x_wconf 86' lang='lat' dir='ltr'><strong>atque</strong></span> <span class='ocrx_word' id='word_1_433' title='bbox 2783 3398 2974 3452; x_wconf 89' lang='lat' dir='ltr'><strong>Severi</strong></span> <span class='ocrx_word' id='word_1_434' title='bbox 3013 3397 3267 3467; x_wconf 80' lang='lat' dir='ltr'><strong>dogmate</strong></span> <span class='ocrx_word' id='word_1_435' title='bbox 3304 3405 3547 3464; x_wconf 81' lang='lat' dir='ltr'><strong>recepto,</strong></span> <span class='ocrx_word' id='word_1_436' title='bbox 3575 3410 3691 3447; x_wconf 86' lang='lat' dir='ltr'><strong>ma-</strong></span> 
     </span>
    </p>
   </div>
   <div class='ocr_carea' id='block_1_63' title="bbox 446 3480 2017 3559">
    <p class='ocr_par' dir='ltr' id='par_1_63' title="bbox 446 3480 2017 3559">
     <span class='ocr_line' id='line_1_63' title="bbox 446 3480 2017 3559; baseline 0.006 -27"><span class='ocrx_word' id='word_1_437' title='bbox 446 3480 853 3549; x_wconf 67' lang='grc' dir='ltr'>διαδιξᾶμενος,</span> <span class='ocrx_word' id='word_1_438' title='bbox 885 3482 964 3543; x_wconf 82' lang='grc' dir='ltr'><strong>είς</strong></span> <span class='ocrx_word' id='word_1_439' title='bbox 1000 3485 1141 3551; x_wconf 77' lang='grc' dir='ltr'>μέγα</span> <span class='ocrx_word' id='word_1_440' title='bbox 1170 3484 1446 3539; x_wconf 72' lang='grc' dir='ltr'>ἐπιδοῦναι</span> <span class='ocrx_word' id='word_1_441' title='bbox 1484 3487 1636 3557; x_wconf 87' lang='grc' dir='ltr'>παρά</span> <span class='ocrx_word' id='word_1_442' title='bbox 1688 3488 1882 3559; x_wconf 81' lang='grc' dir='ltr'>Σύροις</span> <span class='ocrx_word' id='word_1_443' title='bbox 1914 3508 2017 3543; x_wconf 82' lang='grc' dir='ltr'>πα·-</span> 
     </span>
    </p>
   </div>
   <div class='ocr_carea' id='block_1_64' title="bbox 2121 3480 3688 3559">
    <p class='ocr_par' dir='ltr' id='par_1_64' title="bbox 2121 3485 3688 3559">
     <span class='ocr_line' id='line_1_64' title="bbox 2121 3485 3688 3559; baseline -0.004 -16"><span class='ocrx_word' id='word_1_444' title='bbox 2121 3505 2358 3559; x_wconf 76' lang='lat' dir='ltr'><strong>gnopere</strong></span> <span class='ocrx_word' id='word_1_445' title='bbox 2384 3490 2435 3543; x_wconf 89' lang='lat' dir='ltr'><strong>id</strong></span> <span class='ocrx_word' id='word_1_446' title='bbox 2470 3488 2613 3558; x_wconf 89' lang='lat' dir='ltr'><strong>apud</strong></span> <span class='ocrx_word' id='word_1_447' title='bbox 2645 3488 2813 3558; x_wconf 85' lang='lat' dir='ltr'><strong>Syros</strong></span> <span class='ocrx_word' id='word_1_448' title='bbox 2838 3490 3141 3557; x_wconf 82' lang='lat' dir='ltr'><strong>propagare</strong></span> <span class='ocrx_word' id='word_1_449' title='bbox 3176 3486 3408 3541; x_wconf 84' lang='lat' dir='ltr'><strong>studuit.</strong></span> <span class='ocrx_word' id='word_1_450' title='bbox 3445 3485 3688 3540; x_wconf 84' lang='lat' dir='ltr'><strong>Ecclesia</strong></span> 
     </span>
    </p>
   </div>
   <div class='ocr_carea' id='block_1_65' title="bbox 454 3570 2017 3643">
    <p class='ocr_par' dir='ltr' id='par_1_65' title="bbox 454 3570 2017 3643">
     <span class='ocr_line' id='line_1_65' title="bbox 454 3570 2017 3643; baseline 0.006 -20"><span class='ocrx_word' id='word_1_451' title='bbox 454 3573 847 3639; x_wconf 71' lang='grc' dir='ltr'>ρεσκευάσατοθ</span> <span class='ocrx_word' id='word_1_452' title='bbox 878 3574 1007 3643; x_wconf 85' lang='grc' dir='ltr'>μίαν</span> <span class='ocrx_word' id='word_1_453' title='bbox 1039 3570 1135 3627; x_wconf 78' lang='grc' dir='ltr'>οὖν</span> <span class='ocrx_word' id='word_1_454' title='bbox 1173 3576 1481 3631; x_wconf 78' lang='grc' dir='ltr'>ὑπόστασιν</span> <span class='ocrx_word' id='word_1_455' title='bbox 1515 3578 1775 3633; x_wconf 83' lang='grc' dir='ltr'>σύνθετον</span> <span class='ocrx_word' id='word_1_456' title='bbox 1814 3582 1881 3634; x_wconf 81' lang='grc' dir='ltr'>ὲκ</span> <span class='ocrx_word' id='word_1_457' title='bbox 1924 3580 2017 3635; x_wconf 90' lang='grc' dir='ltr'><strong>δύο</strong></span> 
     </span>
    </p>
   </div>
   <div class='ocr_carea' id='block_1_66' title="bbox 2121 3570 3688 3643">
    <p class='ocr_par' dir='ltr' id='par_1_66' title="bbox 2123 3579 3688 3638">
     <span class='ocr_line' id='line_1_66' title="bbox 2123 3579 3688 3638; baseline -0.006 -1"><span class='ocrx_word' id='word_1_458' title='bbox 2123 3598 2254 3638; x_wconf 85' lang='lat' dir='ltr'><strong>sane</strong></span> <span class='ocrx_word' id='word_1_459' title='bbox 2280 3582 2562 3637; x_wconf 89' lang='lat' dir='ltr'><strong>Catholica</strong></span> <span class='ocrx_word' id='word_1_460' title='bbox 2589 3582 2880 3635; x_wconf 91' lang='lat' dir='ltr'><strong>Dominum</strong></span> <span class='ocrx_word' id='word_1_461' title='bbox 2920 3590 3166 3636; x_wconf 91' lang='lat' dir='ltr'><strong>nostrum</strong></span> <span class='ocrx_word' id='word_1_462' title='bbox 3190 3581 3374 3633; x_wconf 82' lang='lat' dir='ltr'><strong>Jesum</strong></span> <span class='ocrx_word' id='word_1_463' title='bbox 3403 3579 3688 3633; x_wconf 84' lang='lat' dir='ltr'><strong>Christum</strong></span> 
     </span>
    </p>
   </div>
   <div class='ocr_carea' id='block_1_67' title="bbox 454 3667 2017 3749">
    <p class='ocr_par' dir='ltr' id='par_1_67' title="bbox 454 3667 2017 3742">
     <span class='ocr_line' id='line_1_67' title="bbox 454 3667 2017 3742; baseline 0.004 -24"><span class='ocrx_word' id='word_1_464' title='bbox 454 3668 671 3734; x_wconf 76' lang='grc' dir='ltr'>φύσεων</span> <span class='ocrx_word' id='word_1_465' title='bbox 699 3667 799 3735; x_wconf 79' lang='grc' dir='ltr'>τῆς</span> <span class='ocrx_word' id='word_1_466' title='bbox 850 3668 1081 3722; x_wconf 80' lang='grc' dir='ltr'>καθόλου</span> <span class='ocrx_word' id='word_1_467' title='bbox 1138 3667 1470 3740; x_wconf 88' lang='grc' dir='ltr'>Ἐκκλησίας</span> <span class='ocrx_word' id='word_1_468' title='bbox 1511 3671 1887 3742; x_wconf 81' lang='grc' dir='ltr'>ὁμολογούσης</span> <span class='ocrx_word' id='word_1_469' title='bbox 1931 3673 2017 3725; x_wconf 79' lang='grc' dir='ltr'>τὸν</span> 
     </span>
    </p>
   </div>
   <div class='ocr_carea' id='block_1_68' title="bbox 2121 3667 3690 3749">
    <p class='ocr_par' dir='ltr' id='par_1_68' title="bbox 2123 3670 3690 3749">
     <span class='ocr_line' id='line_1_68' title="bbox 2123 3670 3690 3749; baseline -0.006 -19"><span class='ocrx_word' id='word_1_470' title='bbox 2123 3673 2539 3749; x_wconf 87' lang='lat' dir='ltr'><strong>subsistentiam</strong></span> <span class='ocrx_word' id='word_1_471' title='bbox 2591 3688 2751 3727; x_wconf 87' lang='lat' dir='ltr'><strong>unam</strong></span> <span class='ocrx_word' id='word_1_472' title='bbox 2790 3689 2820 3727; x_wconf 92' lang='lat' dir='ltr'><strong>e</strong></span> <span class='ocrx_word' id='word_1_473' title='bbox 2865 3672 3077 3726; x_wconf 80' lang='lat' dir='ltr'><strong>duabus</strong></span> <span class='ocrx_word' id='word_1_474' title='bbox 3115 3670 3333 3724; x_wconf 87' lang='lat' dir='ltr'><strong>naturis</strong></span> <span class='ocrx_word' id='word_1_475' title='bbox 3381 3671 3690 3723; x_wconf 72' lang='lat' dir='ltr'><strong>consistun-</strong></span> 
     </span>
    </p>
   </div>
   <div class='ocr_carea' id='block_1_69' title="bbox 453 3756 2017 3833">
    <p class='ocr_par' dir='ltr' id='par_1_69' title="bbox 453 3756 2017 3831">
     <span class='ocr_line' id='line_1_69' title="bbox 453 3756 2017 3831; baseline 0.006 -23"><span class='ocrx_word' id='word_1_476' title='bbox 453 3756 657 3825; x_wconf 72' lang='grc' dir='ltr'>Κύριον</span> <span class='ocrx_word' id='word_1_477' title='bbox 701 3756 860 3825; x_wconf 79' lang='grc' dir='ltr'>ἡμῶν</span> <span class='ocrx_word' id='word_1_478' title='bbox 887 3758 1096 3829; x_wconf 73' lang='grc' dir='ltr'>Ἰησοῦν</span> <span class='ocrx_word' id='word_1_479' title='bbox 1130 3760 1389 3829; x_wconf 80' lang='grc' dir='ltr'>Χριστὸν,</span> <span class='ocrx_word' id='word_1_480' title='bbox 1446 3761 1703 3831; x_wconf 83' lang='grc' dir='ltr'>θεότητος</span> <span class='ocrx_word' id='word_1_481' title='bbox 1733 3763 1880 3831; x_wconf 67' lang='grc' dir='ltr'>λέγω</span> <span class='ocrx_word' id='word_1_482' title='bbox 1925 3767 2017 3819; x_wconf 74' lang='grc' dir='ltr'>καὶ</span> 
     </span>
    </p>
   </div>
   <div class='ocr_carea' id='block_1_70' title="bbox 2121 3756 3690 3833">
    <p class='ocr_par' dir='ltr' id='par_1_70' title="bbox 2126 3760 3690 3833">
     <span class='ocr_line' id='line_1_70' title="bbox 2126 3760 3690 3833; baseline -0.006 -11"><span class='ocrx_word' id='word_1_483' title='bbox 2126 3778 2258 3830; x_wconf 87' lang='lat' dir='ltr'><strong>tem,</strong></span> <span class='ocrx_word' id='word_1_484' title='bbox 2290 3765 2555 3827; x_wconf 80' lang='lat' dir='ltr'><strong>Deitatis,</strong></span> <span class='ocrx_word' id='word_1_485' title='bbox 2592 3764 2812 3833; x_wconf 78' lang='lat' dir='ltr'><strong>inqtmn</strong></span> <span class='ocrx_word' id='word_1_486' title='bbox 2835 3804 2850 3829; x_wconf 90' lang='lat'><strong>,</strong></span> <span class='ocrx_word' id='word_1_487' title='bbox 2890 3772 2944 3816; x_wconf 85' lang='lat' dir='ltr'><strong>et</strong></span> <span class='ocrx_word' id='word_1_488' title='bbox 2973 3762 3348 3820; x_wconf 72' lang='lat' dir='ltr'><strong>humanitatis.</strong></span> <span class='ocrx_word' id='word_1_489' title='bbox 3383 3760 3690 3830; x_wconf 68' lang='lat' dir='ltr'><strong>proﬁtetur,</strong></span> 
     </span>
    </p>
   </div>
   <div class='ocr_carea' id='block_1_71' title="bbox 453 3847 2023 3923">
    <p class='ocr_par' dir='ltr' id='par_1_71' title="bbox 453 3847 2023 3923">
     <span class='ocr_line' id='line_1_71' title="bbox 453 3847 2023 3923; baseline 0.005 -24"><span class='ocrx_word' id='word_1_490' title='bbox 453 3847 896 3917; x_wconf 77' lang='grc' dir='ltr'>ἀνθρωπότητος,</span> <span class='ocrx_word' id='word_1_491' title='bbox 931 3850 1027 3902; x_wconf 80' lang='grc' dir='ltr'>καὶ</span> <span class='ocrx_word' id='word_1_492' title='bbox 1059 3851 1333 3921; x_wconf 76' lang='grc' dir='ltr'>ἑκατέραν</span> <span class='ocrx_word' id='word_1_493' title='bbox 1363 3852 1572 3906; x_wconf 86' lang='grc' dir='ltr'>τούτων</span> <span class='ocrx_word' id='word_1_494' title='bbox 1598 3853 1737 3923; x_wconf 88' lang='grc' dir='ltr'>μετὰ</span> <span class='ocrx_word' id='word_1_495' title='bbox 1764 3853 1862 3923; x_wconf 81' lang='grc' dir='ltr'>τὴν</span> <span class='ocrx_word' id='word_1_496' title='bbox 1890 3854 2023 3907; x_wconf 82' lang='grc' dir='ltr'>’ἐνω-</span> 
     </span>
    </p>
   </div>
   <div class='ocr_carea' id='block_1_72' title="bbox 456 3937 2020 4012">
    <p class='ocr_par' dir='ltr' id='par_1_72' title="bbox 456 3937 2020 4012">
     <span class='ocr_line' id='line_1_72' title="bbox 456 3937 2020 4012; baseline 0.004 -24"><span class='ocrx_word' id='word_1_497' title='bbox 456 3952 542 3989; x_wconf 91' lang='grc' dir='ltr'><strong>σιν</strong></span> <span class='ocrx_word' id='word_1_498' title='bbox 565 3937 679 3990; x_wconf 85' lang='grc' dir='ltr'><strong>σῶά</strong></span> <span class='ocrx_word' id='word_1_499' title='bbox 733 3956 791 3991; x_wconf 88' lang='grc' dir='ltr'><strong>τε</strong></span> <span class='ocrx_word' id='word_1_500' title='bbox 818 3940 888 3991; x_wconf 74' lang='grc' dir='ltr'>τὰ</span> <span class='ocrx_word' id='word_1_501' title='bbox 920 3940 1028 3993; x_wconf 83' lang='grc' dir='ltr'><strong>τῶν</strong></span> <span class='ocrx_word' id='word_1_502' title='bbox 1056 3940 1272 4009; x_wconf 79' lang='grc' dir='ltr'>φύσεων</span> <span class='ocrx_word' id='word_1_503' title='bbox 1301 3941 1676 4011; x_wconf 77' lang='grc' dir='ltr'>φυλάττουσαν</span> <span class='ocrx_word' id='word_1_504' title='bbox 1730 3942 2020 4012; x_wconf 70' lang='grc' dir='ltr'>ἰδιώματαο</span> 
     </span>
    </p>
   </div>
   <div class='ocr_carea' id='block_1_73' title="bbox 454 4026 2023 4108">
    <p class='ocr_par' dir='ltr' id='par_1_73' title="bbox 454 4026 2023 4108">
     <span class='ocr_line' id='line_1_73' title="bbox 454 4026 2023 4108; baseline 0.005 -28"><span class='ocrx_word' id='word_1_505' title='bbox 454 4027 530 4091; x_wconf 82' lang='grc' dir='ltr'><strong>ὡς</strong></span> <span class='ocrx_word' id='word_1_506' title='bbox 561 4026 702 4082; x_wconf 72' lang='grc' dir='ltr'>εἶναι</span> <span class='ocrx_word' id='word_1_507' title='bbox 731 4032 829 4100; x_wconf 81' lang='grc' dir='ltr'>τὴν</span> <span class='ocrx_word' id='word_1_508' title='bbox 860 4030 969 4083; x_wconf 83' lang='grc' dir='ltr'>τῶν</span> <span class='ocrx_word' id='word_1_509' title='bbox 1002 4032 1219 4101; x_wconf 84' lang='grc' dir='ltr'>φύσεων</span> <span class='ocrx_word' id='word_1_510' title='bbox 1250 4033 1444 4088; x_wconf 75' lang='grc' dir='ltr'>ἕνωσιν</span> <span class='ocrx_word' id='word_1_511' title='bbox 1467 4037 1706 4108; x_wconf 78' lang='grc' dir='ltr'>ἄφυρτον</span> <span class='ocrx_word' id='word_1_512' title='bbox 1737 4036 1830 4089; x_wconf 80' lang='grc' dir='ltr'>καὶ</span> <span class='ocrx_word' id='word_1_513' title='bbox 1852 4036 2023 4103; x_wconf 86' lang='grc' dir='ltr'>ἀσύγ-</span> 
     </span>
    </p>
   </div>
   <div class='ocr_carea' id='block_1_74' title="bbox 456 4120 2025 4194">
    <p class='ocr_par' dir='ltr' id='par_1_74' title="bbox 456 4120 2025 4194">
     <span class='ocr_line' id='line_1_74' title="bbox 456 4120 2025 4194; baseline 0.01 -26"><span class='ocrx_word' id='word_1_514' title='bbox 456 4136 637 4189; x_wconf 79' lang='grc' dir='ltr'>χυτον,</span> <span class='ocrx_word' id='word_1_515' title='bbox 672 4120 938 4191; x_wconf 82' lang='grc' dir='ltr'>άτρεπτόν</span> <span class='ocrx_word' id='word_1_516' title='bbox 962 4140 1022 4175; x_wconf 84' lang='grc' dir='ltr'><strong>τε</strong></span> <span class='ocrx_word' id='word_1_517' title='bbox 1046 4128 1137 4175; x_wconf 80' lang='grc' dir='ltr'>καὶ</span> <span class='ocrx_word' id='word_1_518' title='bbox 1156 4125 1537 4194; x_wconf 82' lang='grc' dir='ltr'>ἀναλλοίωτον,</span> <span class='ocrx_word' id='word_1_519' title='bbox 1563 4128 1785 4182; x_wconf 81' lang='grc' dir='ltr'>διπλοῦν</span> <span class='ocrx_word' id='word_1_520' title='bbox 1816 4130 1905 4182; x_wconf 84' lang='grc' dir='ltr'>τὸν</span> <span class='ocrx_word' id='word_1_521' title='bbox 1926 4131 2025 4183; x_wconf 82' lang='grc' dir='ltr'><strong>αὐ·-</strong></span> 
     </span>
    </p>
   </div>
   <div class='ocr_carea' id='block_1_75' title="bbox 455 4211 2025 4291">
    <p class='ocr_par' dir='ltr' id='par_1_75' title="bbox 455 4211 2025 4291">
     <span class='ocr_line' id='line_1_75' title="bbox 455 4211 2025 4291; baseline 0.007 -29"><span class='ocrx_word' id='word_1_522' title='bbox 455 4212 548 4263; x_wconf 84' lang='grc' dir='ltr'><strong>τδν</strong></span> <span class='ocrx_word' id='word_1_523' title='bbox 571 4211 703 4265; x_wconf 84' lang='grc' dir='ltr'>δντα</span> <span class='ocrx_word' id='word_1_524' title='bbox 743 4212 874 4266; x_wconf 80' lang='grc' dir='ltr'>Θεὸν</span> <span class='ocrx_word' id='word_1_525' title='bbox 937 4215 1033 4267; x_wconf 78' lang='grc' dir='ltr'>καὶ</span> <span class='ocrx_word' id='word_1_526' title='bbox 1090 4218 1402 4285; x_wconf 59' lang='grc' dir='ltr'>ἄνθρωπον</span> <span class='ocrx_word' id='word_1_527' title='bbox 1470 4220 1569 4271; x_wconf 75' lang='grc' dir='ltr'>καὶ</span> <span class='ocrx_word' id='word_1_528' title='bbox 1618 4220 1714 4273; x_wconf 88' lang='grc' dir='ltr'><strong>δύο</strong></span> <span class='ocrx_word' id='word_1_529' title='bbox 1772 4220 2025 4291; x_wconf 84' lang='grc' dir='ltr'>θελήσεις</span> 
     </span>
    </p>
   </div>
   <div class='ocr_carea' id='block_1_76' title="bbox 458 4305 2022 4380">
    <p class='ocr_par' dir='ltr' id='par_1_76' title="bbox 458 4305 2022 4380">
     <span class='ocr_line' id='line_1_76' title="bbox 458 4305 2022 4380; baseline 0.006 -25"><span class='ocrx_word' id='word_1_530' title='bbox 458 4305 553 4356; x_wconf 74' lang='grc' dir='ltr'><strong>καὶ</strong></span> <span class='ocrx_word' id='word_1_531' title='bbox 586 4307 865 4375; x_wconf 81' lang='grc' dir='ltr'>ἐνεργείας</span> <span class='ocrx_word' id='word_1_532' title='bbox 893 4306 1083 4370; x_wconf 78' lang='grc' dir='ltr'>θεῖκάς</span> <span class='ocrx_word' id='word_1_533' title='bbox 1111 4310 1248 4378; x_wconf 84' lang='grc' dir='ltr'>ὁμοῦ</span> <span class='ocrx_word' id='word_1_534' title='bbox 1299 4311 1391 4362; x_wconf 75' lang='grc' dir='ltr'>καὶ</span> <span class='ocrx_word' id='word_1_535' title='bbox 1422 4310 1778 4380; x_wconf 74' lang='grc' dir='ltr'>ἀνθρωπικὰς</span> <span class='ocrx_word' id='word_1_536' title='bbox 1808 4312 2022 4380; x_wconf 77' lang='grc' dir='ltr'><strong>ἔχοντα⁸</strong></span> 
     </span>
    </p>
   </div>
   <div class='ocr_carea' id='block_1_77' title="bbox 457 4397 2026 4473">
    <p class='ocr_par' dir='ltr' id='par_1_77' title="bbox 457 4397 2026 4473">
     <span class='ocr_line' id='line_1_77' title="bbox 457 4397 2026 4473; baseline 0.006 -26"><span class='ocrx_word' id='word_1_537' title='bbox 457 4398 485 4448; x_wconf 83' lang='grc' dir='ltr'>ὁ</span> <span class='ocrx_word' id='word_1_538' title='bbox 518 4397 765 4467; x_wconf 79' lang='grc' dir='ltr'>Εὑτυχὴς</span> <span class='ocrx_word' id='word_1_539' title='bbox 796 4399 889 4452; x_wconf 88' lang='grc' dir='ltr'><strong>δύο</strong></span> <span class='ocrx_word' id='word_1_540' title='bbox 949 4401 1052 4469; x_wconf 77' lang='grc' dir='ltr'>μὲν</span> <span class='ocrx_word' id='word_1_541' title='bbox 1111 4404 1207 4455; x_wconf 77' lang='grc' dir='ltr'>καὶ</span> <span class='ocrx_word' id='word_1_542' title='bbox 1260 4402 1424 4464; x_wconf 79' lang='grc' dir='ltr'>αὐτὸς</span> <span class='ocrx_word' id='word_1_543' title='bbox 1475 4404 1579 4470; x_wconf 83' lang='grc' dir='ltr'>πρὸ</span> <span class='ocrx_word' id='word_1_544' title='bbox 1635 4406 1733 4473; x_wconf 79' lang='grc' dir='ltr'>τῆς</span> <span class='ocrx_word' id='word_1_545' title='bbox 1781 4404 2026 4463; x_wconf 72' lang='grc' dir='ltr'>ἐνώσεως</span> 
     </span>
    </p>
   </div>
   <div class='ocr_carea' id='block_1_78' title="bbox 2125 3842 3693 3925">
    <p class='ocr_par' dir='ltr' id='par_1_78' title="bbox 2125 3842 3693 3925">
     <span class='ocr_line' id='line_1_78' title="bbox 2125 3842 3693 3925; baseline -0.004 -14"><span class='ocrx_word' id='word_1_546' title='bbox 2125 3858 2198 3911; x_wconf 86' lang='lat' dir='ltr'><strong>ita</strong></span> <span class='ocrx_word' id='word_1_547' title='bbox 2240 3866 2298 3911; x_wconf 94' lang='lat' dir='ltr'><strong>ut</strong></span> <span class='ocrx_word' id='word_1_548' title='bbox 2331 3842 2563 3925; x_wconf 76' lang='lat' dir='ltr'><strong>utraque</strong></span> <span class='ocrx_word' id='word_1_549' title='bbox 2613 3855 2802 3908; x_wconf 88' lang='lat' dir='ltr'><strong>harmu</strong></span> <span class='ocrx_word' id='word_1_550' title='bbox 2851 3864 2972 3923; x_wconf 85' lang='lat' dir='ltr'><strong>post</strong></span> <span class='ocrx_word' id='word_1_551' title='bbox 3019 3852 3280 3907; x_wconf 87' lang='lat' dir='ltr'><strong>unionem</strong></span> <span class='ocrx_word' id='word_1_552' title='bbox 3326 3851 3693 3920; x_wconf 78' lang='lat' dir='ltr'><strong>proprietates</strong></span> 
     </span>
    </p>
   </div>
   <div class='ocr_carea' id='block_1_79' title="bbox 2122 3944 3693 4007">
    <p class='ocr_par' dir='ltr' id='par_1_79' title="bbox 2122 3944 3693 4007">
     <span class='ocr_line' id='line_1_79' title="bbox 2122 3944 3693 4007; baseline -0.006 -4"><span class='ocrx_word' id='word_1_553' title='bbox 2122 3964 2252 4003; x_wconf 87' lang='lat' dir='ltr'><strong>suas</strong></span> <span class='ocrx_word' id='word_1_554' title='bbox 2290 3948 2468 4003; x_wconf 84' lang='lat' dir='ltr'><strong>salvas</strong></span> <span class='ocrx_word' id='word_1_555' title='bbox 2496 3954 2809 4007; x_wconf 88' lang='lat' dir='ltr'><strong>conservet,</strong></span> <span class='ocrx_word' id='word_1_556' title='bbox 2842 3954 2898 3999; x_wconf 87' lang='lat' dir='ltr'><strong>et</strong></span> <span class='ocrx_word' id='word_1_557' title='bbox 2933 3944 3163 3998; x_wconf 88' lang='lat' dir='ltr'><strong>duarum</strong></span> <span class='ocrx_word' id='word_1_558' title='bbox 3192 3945 3424 3999; x_wconf 84' lang='lat' dir='ltr'><strong>istarum</strong></span> <span class='ocrx_word' id='word_1_559' title='bbox 3468 3954 3693 3996; x_wconf 79' lang='lat' dir='ltr'><strong>natura—</strong></span> 
     </span>
    </p>
   </div>
   <div class='ocr_carea' id='block_1_80' title="bbox 2127 4032 3697 4098">
    <p class='ocr_par' dir='ltr' id='par_1_80' title="bbox 2127 4032 3697 4098">
     <span class='ocr_line' id='line_1_80' title="bbox 2127 4032 3697 4098; baseline -0.006 -4"><span class='ocrx_word' id='word_1_560' title='bbox 2127 4057 2249 4094; x_wconf 91' lang='lat' dir='ltr'><strong>rum</strong></span> <span class='ocrx_word' id='word_1_561' title='bbox 2298 4039 2429 4094; x_wconf 92' lang='lat' dir='ltr'><strong>unio</strong></span> <span class='ocrx_word' id='word_1_562' title='bbox 2484 4037 2795 4093; x_wconf 89' lang='lat' dir='ltr'><strong>mistionem</strong></span> <span class='ocrx_word' id='word_1_563' title='bbox 2853 4046 2912 4091; x_wconf 89' lang='lat' dir='ltr'><strong>et</strong></span> <span class='ocrx_word' id='word_1_564' title='bbox 2958 4035 3379 4098; x_wconf 77' lang='lat' dir='ltr'><strong>confusionem,</strong></span> <span class='ocrx_word' id='word_1_565' title='bbox 3435 4032 3697 4086; x_wconf 87' lang='lat' dir='ltr'><strong>mutatio-</strong></span> 
     </span>
    </p>
   </div>
   <div class='ocr_carea' id='block_1_81' title="bbox 2128 4123 3691 4200">
    <p class='ocr_par' dir='ltr' id='par_1_81' title="bbox 2128 4123 3691 4200">
     <span class='ocr_line' id='line_1_81' title="bbox 2128 4123 3691 4200; baseline -0.007 -14"><span class='ocrx_word' id='word_1_566' title='bbox 2128 4144 2366 4200; x_wconf 89' lang='lat' dir='ltr'><strong>nemque</strong></span> <span class='ocrx_word' id='word_1_567' title='bbox 2390 4138 2448 4183; x_wconf 88' lang='lat' dir='ltr'><strong>et</strong></span> <span class='ocrx_word' id='word_1_568' title='bbox 2479 4128 2863 4183; x_wconf 87' lang='lat' dir='ltr'><strong>alterationem</strong></span> <span class='ocrx_word' id='word_1_569' title='bbox 2912 4126 3120 4181; x_wconf 89' lang='lat' dir='ltr'><strong>nullam</strong></span> <span class='ocrx_word' id='word_1_570' title='bbox 3150 4125 3435 4189; x_wconf 87' lang='lat' dir='ltr'><strong>admittat;</strong></span> <span class='ocrx_word' id='word_1_571' title='bbox 3463 4123 3691 4193; x_wconf 87' lang='lat' dir='ltr'><strong>ipseque</strong></span> 
     </span>
    </p>
   </div>
   <div class='ocr_carea' id='block_1_82' title="bbox 2126 4216 3695 4284">
    <p class='ocr_par' dir='ltr' id='par_1_82' title="bbox 2126 4216 3695 4284">
     <span class='ocr_line' id='line_1_82' title="bbox 2126 4216 3695 4284; baseline -0.006 -6"><span class='ocrx_word' id='word_1_572' title='bbox 2126 4225 2293 4278; x_wconf 67' lang='lat' dir='ltr'><strong>idem.</strong></span> <span class='ocrx_word' id='word_1_573' title='bbox 2312 4223 2456 4277; x_wconf 89' lang='lat' dir='ltr'><strong>Deus</strong></span> <span class='ocrx_word' id='word_1_574' title='bbox 2488 4222 2560 4276; x_wconf 91' lang='lat' dir='ltr'><strong>sit</strong></span> <span class='ocrx_word' id='word_1_575' title='bbox 2593 4229 2648 4275; x_wconf 89' lang='lat' dir='ltr'><strong>et</strong></span> <span class='ocrx_word' id='word_1_576' title='bbox 2676 4220 2864 4283; x_wconf 85' lang='lat' dir='ltr'><strong>homo,</strong></span> <span class='ocrx_word' id='word_1_577' title='bbox 2898 4228 2954 4273; x_wconf 91' lang='lat' dir='ltr'><strong>et</strong></span> <span class='ocrx_word' id='word_1_578' title='bbox 2983 4217 3299 4271; x_wconf 90' lang='lat' dir='ltr'><strong>voluntates</strong></span> <span class='ocrx_word' id='word_1_579' title='bbox 3353 4216 3695 4284; x_wconf 85' lang='lat' dir='ltr'><strong>virtutesque</strong></span> 
     </span>
    </p>
   </div>
   <div class='ocr_carea' id='block_1_83' title="bbox 2127 4307 3695 4386">
    <p class='ocr_par' dir='ltr' id='par_1_83' title="bbox 2127 4307 3695 4386">
     <span class='ocr_line' id='line_1_83' title="bbox 2127 4307 3695 4386; baseline -0.007 -16"><span class='ocrx_word' id='word_1_580' title='bbox 2127 4315 2466 4386; x_wconf 87' lang='lat' dir='ltr'><strong>operatrices</strong></span> <span class='ocrx_word' id='word_1_581' title='bbox 2497 4316 2656 4377; x_wconf 88' lang='lat' dir='ltr'><strong>duas,</strong></span> <span class='ocrx_word' id='word_1_582' title='bbox 2684 4311 2925 4366; x_wconf 88' lang='lat' dir='ltr'><strong>divinam</strong></span> <span class='ocrx_word' id='word_1_583' title='bbox 2955 4309 3212 4365; x_wconf 87' lang='lat' dir='ltr'><strong>videlicet</strong></span> <span class='ocrx_word' id='word_1_584' title='bbox 3234 4308 3397 4363; x_wconf 91' lang='lat' dir='ltr'><strong>simul</strong></span> <span class='ocrx_word' id='word_1_585' title='bbox 3418 4316 3473 4361; x_wconf 87' lang='lat' dir='ltr'><strong>et</strong></span> <span class='ocrx_word' id='word_1_586' title='bbox 3504 4307 3695 4360; x_wconf 90' lang='lat' dir='ltr'><strong>huma-</strong></span> 
     </span>
    </p>
   </div>
   <div class='ocr_carea' id='block_1_84' title="bbox 2128 4400 3805 4476">
    <p class='ocr_par' dir='ltr' id='par_1_84' title="bbox 2128 4400 3805 4476">
     <span class='ocr_line' id='line_1_84' title="bbox 2128 4400 3805 4476; baseline -0.006 -13"><span class='ocrx_word' id='word_1_587' title='bbox 2128 4426 2276 4475; x_wconf 89' lang='lat' dir='ltr'><strong>nam,</strong></span> <span class='ocrx_word' id='word_1_588' title='bbox 2301 4407 2518 4462; x_wconf 83' lang='lat' dir='ltr'><strong>habeat.</strong></span> <span class='ocrx_word' id='word_1_589' title='bbox 2561 4405 2833 4476; x_wconf 88' lang='lat' dir='ltr'><strong>Eutyches</strong></span> <span class='ocrx_word' id='word_1_590' title='bbox 2861 4413 3043 4459; x_wconf 84' lang='lat' dir='ltr'><strong>autem</strong></span> <span class='ocrx_word' id='word_1_591' title='bbox 3077 4402 3215 4459; x_wconf 83' lang='lat' dir='ltr'><strong>duas</strong></span> <span class='ocrx_word' id='word_1_592' title='bbox 3244 4401 3464 4471; x_wconf 89' lang='lat' dir='ltr'><strong>quidem</strong></span> <span class='ocrx_word' id='word_1_593' title='bbox 3500 4410 3553 4454; x_wconf 92' lang='lat' dir='ltr'><strong>et</strong></span> <span class='ocrx_word' id='word_1_594' title='bbox 3581 4400 3695 4468; x_wconf 81' lang='lat' dir='ltr'><strong>ipse</strong></span> <span class='ocrx_word' id='word_1_595' title='bbox 3798 4460 3805 4464; x_wconf 48' lang='grc'><strong>,</strong></span> 
     </span>
    </p>
   </div>
   <div class='ocr_carea' id='block_1_85' title="bbox 459 4487 2017 4570">
    <p class='ocr_par' dir='ltr' id='par_1_85' title="bbox 459 4487 2017 4565">
     <span class='ocr_line' id='line_1_85' title="bbox 459 4487 2017 4565; baseline 0.006 -27"><span class='ocrx_word' id='word_1_596' title='bbox 459 4488 611 4555; x_wconf 77' lang='grc' dir='ltr'>ἔλεγε</span> <span class='ocrx_word' id='word_1_597' title='bbox 639 4487 829 4557; x_wconf 82' lang='grc' dir='ltr'>φύσεις</span> <span class='ocrx_word' id='word_1_598' title='bbox 856 4491 957 4551; x_wconf 79' lang='grc' dir='ltr'>τὰς</span> <span class='ocrx_word' id='word_1_599' title='bbox 997 4490 1225 4562; x_wconf 77' lang='grc' dir='ltr'>ὕστερον</span> <span class='ocrx_word' id='word_1_600' title='bbox 1285 4493 1604 4556; x_wconf 80' lang='grc' dir='ltr'>ἑνωθείσας’</span> <span class='ocrx_word' id='word_1_601' title='bbox 1666 4495 1803 4563; x_wconf 75' lang='grc' dir='ltr'>μετὰ</span> <span class='ocrx_word' id='word_1_602' title='bbox 1840 4493 1898 4546; x_wconf 78' lang='grc' dir='ltr'>δὲ</span> <span class='ocrx_word' id='word_1_603' title='bbox 1927 4497 2017 4565; x_wconf 57' lang='grc' dir='ltr'>τὴν</span> 
     </span>
    </p>
   </div>
   <div class='ocr_carea' id='block_1_86' title="bbox 2121 4487 3700 4570">
    <p class='ocr_par' dir='ltr' id='par_1_86' title="bbox 2132 4492 3700 4559">
     <span class='ocr_line' id='line_1_86' title="bbox 2132 4492 3700 4559; baseline -0.006 -4"><span class='ocrx_word' id='word_1_604' title='bbox 2132 4512 2259 4556; x_wconf 87' lang='lat' dir='ltr'><strong>ante</strong></span> <span class='ocrx_word' id='word_1_605' title='bbox 2292 4501 2549 4554; x_wconf 85' lang='lat' dir='ltr'><strong>unionem</strong></span> <span class='ocrx_word' id='word_1_606' title='bbox 2595 4506 2821 4551; x_wconf 86' lang='lat' dir='ltr'><strong>naturas</strong></span> <span class='ocrx_word' id='word_1_607' title='bbox 2871 4495 3031 4559; x_wconf 73' lang='lat' dir='ltr'><strong>dixit,</strong></span> <span class='ocrx_word' id='word_1_608' title='bbox 3067 4494 3266 4550; x_wconf 86' lang='lat' dir='ltr'><strong>deinde</strong></span> <span class='ocrx_word' id='word_1_609' title='bbox 3316 4496 3521 4547; x_wconf 80' lang='lat' dir='ltr'><strong>unitas.</strong></span> <span class='ocrx_word' id='word_1_610' title='bbox 3569 4492 3700 4546; x_wconf 85' lang='lat' dir='ltr'><strong>Post</strong></span> 
     </span>
    </p>
   </div>
   <div class='ocr_carea' id='block_1_87' title="bbox 459 4576 2029 4654">
    <p class='ocr_par' dir='ltr' id='par_1_87' title="bbox 459 4576 2029 4654">
     <span class='ocr_line' id='line_1_87' title="bbox 459 4576 2029 4654; baseline 0.007 -27"><span class='ocrx_word' id='word_1_611' title='bbox 459 4576 655 4629; x_wconf 72' lang='grc' dir='ltr'>ἕνωσιν</span> <span class='ocrx_word' id='word_1_612' title='bbox 676 4579 753 4639; x_wconf 78' lang='grc' dir='ltr'><strong>εἰς</strong></span> <span class='ocrx_word' id='word_1_613' title='bbox 788 4581 916 4647; x_wconf 87' lang='grc' dir='ltr'>μίαν</span> <span class='ocrx_word' id='word_1_614' title='bbox 936 4583 1219 4650; x_wconf 66' lang='grc' dir='ltr'>οιραθῆναι</span> <span class='ocrx_word' id='word_1_615' title='bbox 1267 4584 1469 4644; x_wconf 84' lang='grc' dir='ltr'>ταύτας</span> <span class='ocrx_word' id='word_1_616' title='bbox 1501 4587 1682 4652; x_wconf 70' lang='grc' dir='ltr'>φύσιν,</span> <span class='ocrx_word' id='word_1_617' title='bbox 1708 4589 1801 4637; x_wconf 78' lang='grc' dir='ltr'>καὶ</span> <span class='ocrx_word' id='word_1_618' title='bbox 1828 4600 2029 4654; x_wconf 82' lang='grc' dir='ltr'>συγχυ-</span> 
     </span>
    </p>
   </div>
   <div class='ocr_carea' id='block_1_88' title="bbox 462 4669 2029 4745">
    <p class='ocr_par' dir='ltr' id='par_1_88' title="bbox 462 4669 2029 4745">
     <span class='ocr_line' id='line_1_88' title="bbox 462 4669 2029 4745; baseline 0.004 -22"><span class='ocrx_word' id='word_1_619' title='bbox 462 4669 625 4739; x_wconf 81' lang='grc' dir='ltr'>θῆναι</span> <span class='ocrx_word' id='word_1_620' title='bbox 652 4673 746 4725; x_wconf 77' lang='grc' dir='ltr'>καὶ</span> <span class='ocrx_word' id='word_1_621' title='bbox 776 4674 993 4743; x_wconf 78' lang='grc' dir='ltr'>φυρμὸν</span> <span class='ocrx_word' id='word_1_622' title='bbox 1016 4676 1212 4728; x_wconf 84' lang='grc' dir='ltr'>παθεῖν</span> <span class='ocrx_word' id='word_1_623' title='bbox 1270 4675 1654 4745; x_wconf 79' lang='grc' dir='ltr'>ὲδογμάτιζεν.</span> <span class='ocrx_word' id='word_1_624' title='bbox 1713 4678 1875 4730; x_wconf 82' lang='grc' dir='ltr'>Ὅστε</span> <span class='ocrx_word' id='word_1_625' title='bbox 1934 4679 2029 4731; x_wconf 80' lang='grc' dir='ltr'>καὶ</span> 
     </span>
    </p>
   </div>
   <div class='ocr_carea' id='block_1_89' title="bbox 460 4758 2031 4840">
    <p class='ocr_par' dir='ltr' id='par_1_89' title="bbox 460 4758 2031 4840">
     <span class='ocr_line' id='line_1_89' title="bbox 460 4758 2031 4840; baseline 0.005 -27"><span class='ocrx_word' id='word_1_626' title='bbox 460 4763 561 4831; x_wconf 81' lang='grc' dir='ltr'>τὴν</span> <span class='ocrx_word' id='word_1_627' title='bbox 589 4762 821 4832; x_wconf 74' lang='grc' dir='ltr'>θεότητα</span> <span class='ocrx_word' id='word_1_628' title='bbox 856 4766 925 4817; x_wconf 84' lang='grc' dir='ltr'>τὰ</span> <span class='ocrx_word' id='word_1_629' title='bbox 951 4766 1053 4835; x_wconf 77' lang='grc' dir='ltr'>τῆς</span> <span class='ocrx_word' id='word_1_630' title='bbox 1107 4758 1526 4840; x_wconf 81' lang='grc' dir='ltr'>άνθρωπότητος</span> <span class='ocrx_word' id='word_1_631' title='bbox 1567 4768 1824 4838; x_wconf 83' lang='grc' dir='ltr'>πάσχειν,</span> <span class='ocrx_word' id='word_1_632' title='bbox 1851 4770 1940 4822; x_wconf 76' lang='grc' dir='ltr'>καὶ</span> <span class='ocrx_word' id='word_1_633' title='bbox 1971 4768 2031 4821; x_wconf 84' lang='grc' dir='ltr'>τὸ</span> 
     </span>
    </p>
   </div>
   <div class='ocr_carea' id='block_1_90' title="bbox 462 4855 2031 4930">
    <p class='ocr_par' dir='ltr' id='par_1_90' title="bbox 462 4855 2031 4930">
     <span class='ocr_line' id='line_1_90' title="bbox 462 4855 2031 4930; baseline 0.003 -23"><span class='ocrx_word' id='word_1_634' title='bbox 462 4855 750 4908; x_wconf 69' lang='grc' dir='ltr'>ἀνάπαλιν.</span> <span class='ocrx_word' id='word_1_635' title='bbox 785 4858 875 4909; x_wconf 65' lang='lat' dir='ltr'><strong>Aio</strong></span> <span class='ocrx_word' id='word_1_636' title='bbox 913 4860 1008 4911; x_wconf 82' lang='grc' dir='ltr'>καὶ</span> <span class='ocrx_word' id='word_1_637' title='bbox 1049 4857 1174 4920; x_wconf 83' lang='grc' dir='ltr'>τοὺς</span> <span class='ocrx_word' id='word_1_638' title='bbox 1232 4859 1407 4913; x_wconf 86' lang='grc' dir='ltr'>ταῦτα</span> <span class='ocrx_word' id='word_1_639' title='bbox 1457 4860 1886 4930; x_wconf 80' lang='grc' dir='ltr'>δογματίζοντας</span> <span class='ocrx_word' id='word_1_640' title='bbox 1936 4861 2031 4912; x_wconf 73' lang='grc' dir='ltr'>καὶ</span> 
     </span>
    </p>
   </div>
   <div class='ocr_carea' id='block_1_91' title="bbox 464 4948 2031 5021">
    <p class='ocr_par' dir='ltr' id='par_1_91' title="bbox 464 4948 2031 5021">
     <span class='ocr_line' id='line_1_91' title="bbox 464 4948 2031 5021; baseline 0.002 -21"><span class='ocrx_word' id='word_1_641' title='bbox 464 4948 847 5015; x_wconf 78' lang='grc' dir='ltr'>Μονοφυσξτας</span> <span class='ocrx_word' id='word_1_642' title='bbox 904 4950 998 5002; x_wconf 75' lang='grc' dir='ltr'>καὶ</span> <span class='ocrx_word' id='word_1_643' title='bbox 1049 4950 1427 5018; x_wconf 83' lang='grc' dir='ltr'>Θεοπασχίτας</span> <span class='ocrx_word' id='word_1_644' title='bbox 1501 4953 1549 5004; x_wconf 77' lang='grc' dir='ltr'>οἱ</span> <span class='ocrx_word' id='word_1_645' title='bbox 1597 4952 1731 5004; x_wconf 80' lang='grc' dir='ltr'>θεῖοι</span> <span class='ocrx_word' id='word_1_646' title='bbox 1788 4951 2031 5021; x_wconf 87' lang='grc' dir='ltr'>Πατέρες</span> 
     </span>
    </p>
   </div>
   <div class='ocr_carea' id='block_1_92' title="bbox 464 5041 2033 5114">
    <p class='ocr_par' dir='ltr' id='par_1_92' title="bbox 464 5041 2033 5114">
     <span class='ocr_line' id='line_1_92' title="bbox 464 5041 2033 5114; baseline 0.001 -22"><span class='ocrx_word' id='word_1_647' title='bbox 464 5041 622 5110; x_wconf 76' lang='grc' dir='ltr'>ἡμῶν</span> <span class='ocrx_word' id='word_1_648' title='bbox 654 5042 1070 5109; x_wconf 76' lang='grc' dir='ltr'>κατωνόμασαν.</span> <span class='ocrx_word' id='word_1_649' title='bbox 1101 5042 1284 5114; x_wconf 76' lang='grc' dir='ltr'>Ταύτῃ</span> <span class='ocrx_word' id='word_1_650' title='bbox 1334 5046 1397 5113; x_wconf 82' lang='grc' dir='ltr'>τῇ</span> <span class='ocrx_word' id='word_1_651' title='bbox 1447 5043 1573 5113; x_wconf 79' lang='grc' dir='ltr'>δόξῃ</span> <span class='ocrx_word' id='word_1_652' title='bbox 1600 5046 1628 5097; x_wconf 88' lang='grc' dir='ltr'><strong>ὅ</strong></span> <span class='ocrx_word' id='word_1_653' title='bbox 1648 5060 1705 5096; x_wconf 90' lang='grc' dir='ltr'><strong>τε</strong></span> <span class='ocrx_word' id='word_1_654' title='bbox 1740 5046 2033 5113; x_wconf 87' lang='grc' dir='ltr'>Διόσκορος</span> 
     </span>
    </p>
   </div>
   <div class='ocr_carea' id='block_1_93' title="bbox 465 5134 2034 5213">
    <p class='ocr_par' dir='ltr' id='par_1_93' title="bbox 465 5134 2034 5213">
     <span class='ocr_line' id='line_1_93' title="bbox 465 5134 2034 5213; baseline 0.001 -28"><span class='ocrx_word' id='word_1_655' title='bbox 465 5134 810 5203; x_wconf 83' lang='grc' dir='ltr'>πατριάρχης</span> <span class='ocrx_word' id='word_1_656' title='bbox 859 5134 1285 5213; x_wconf 78' lang='grc' dir='ltr'>Ἀλεξανδρείας,</span> <span class='ocrx_word' id='word_1_657' title='bbox 1329 5137 1422 5189; x_wconf 75' lang='grc' dir='ltr'>καὶ</span> <span class='ocrx_word' id='word_1_658' title='bbox 1476 5137 1682 5205; x_wconf 79' lang='grc' dir='ltr'>Πέτρος</span> <span class='ocrx_word' id='word_1_659' title='bbox 1714 5138 1741 5189; x_wconf 87' lang='grc' dir='ltr'>ὁ</span> <span class='ocrx_word' id='word_1_660' title='bbox 1779 5136 2034 5203; x_wconf 79' lang='grc' dir='ltr'>Κναφεὺς</span> 
     </span>
    </p>
   </div>
   <div class='ocr_carea' id='block_1_94' title="bbox 467 5225 2032 5299">
    <p class='ocr_par' dir='ltr' id='par_1_94' title="bbox 467 5225 2032 5299">
     <span class='ocr_line' id='line_1_94' title="bbox 467 5225 2032 5299; baseline 0 -21"><span class='ocrx_word' id='word_1_661' title='bbox 467 5228 562 5280; x_wconf 79' lang='grc' dir='ltr'>καὶ</span> <span class='ocrx_word' id='word_1_662' title='bbox 587 5228 615 5279; x_wconf 83' lang='grc' dir='ltr'><strong>ὸ</strong></span> <span class='ocrx_word' id='word_1_663' title='bbox 642 5225 940 5293; x_wconf 71' lang='grc' dir='ltr'>ΪΑκέφαλος</span> <span class='ocrx_word' id='word_1_664' title='bbox 977 5227 1209 5296; x_wconf 72' lang='grc' dir='ltr'>Σενῆρος</span> <span class='ocrx_word' id='word_1_665' title='bbox 1238 5230 1287 5280; x_wconf 83' lang='grc' dir='ltr'>οἱ</span> <span class='ocrx_word' id='word_1_666' title='bbox 1322 5229 1423 5296; x_wconf 78' lang='grc' dir='ltr'>τῆς</span> <span class='ocrx_word' id='word_1_667' title='bbox 1465 5227 1807 5298; x_wconf 81' lang='grc' dir='ltr'>Ἀντιοχείας</span> <span class='ocrx_word' id='word_1_668' title='bbox 1841 5228 2032 5299; x_wconf 83' lang='grc' dir='ltr'>ἀρχιε-</span> 
     </span>
    </p>
   </div>
   <div class='ocr_carea' id='block_1_95' title="bbox 467 5315 2032 5386">
    <p class='ocr_par' dir='ltr' id='par_1_95' title="bbox 467 5315 2032 5386">
     <span class='ocr_line' id='line_1_95' title="bbox 467 5315 2032 5386; baseline 0.001 -19"><span class='ocrx_word' id='word_1_669' title='bbox 467 5317 583 5385; x_wconf 85' lang='grc' dir='ltr'>ρεῖς</span> <span class='ocrx_word' id='word_1_670' title='bbox 606 5316 702 5368; x_wconf 80' lang='grc' dir='ltr'>καὶ</span> <span class='ocrx_word' id='word_1_671' title='bbox 736 5315 913 5384; x_wconf 76' lang='grc' dir='ltr'>ἕτεροι</span> <span class='ocrx_word' id='word_1_672' title='bbox 958 5316 1417 5385; x_wconf 78' lang='grc' dir='ltr'>καθυπήχθησαν.</span> <span class='ocrx_word' id='word_1_673' title='bbox 1452 5317 1558 5369; x_wconf 84' lang='grc' dir='ltr'><strong>Τοῦ</strong></span> <span class='ocrx_word' id='word_1_674' title='bbox 1592 5317 1773 5369; x_wconf 85' lang='grc' dir='ltr'>τοίνυν</span> <span class='ocrx_word' id='word_1_675' title='bbox 1806 5316 2032 5386; x_wconf 77' lang='grc' dir='ltr'>εἰρημέ-</span> 
     </span>
    </p>
   </div>
   <div class='ocr_carea' id='block_1_96' title="bbox 466 5405 2034 5478">
    <p class='ocr_par' dir='ltr' id='par_1_96' title="bbox 466 5405 2034 5478">
     <span class='ocr_line' id='line_1_96' title="bbox 466 5405 2034 5478; baseline 0.002 -21"><span class='ocrx_word' id='word_1_676' title='bbox 466 5424 559 5458; x_wconf 87' lang='grc' dir='ltr'><strong>νου</strong></span> <span class='ocrx_word' id='word_1_677' title='bbox 624 5405 884 5459; x_wconf 81' lang='grc' dir='ltr'>⁹1ακώ6ου</span> <span class='ocrx_word' id='word_1_678' title='bbox 931 5414 1029 5475; x_wconf 70' lang='grc' dir='ltr'>τὴν</span> <span class='ocrx_word' id='word_1_679' title='bbox 1067 5408 1178 5459; x_wconf 86' lang='grc' dir='ltr'>τῶν</span> <span class='ocrx_word' id='word_1_680' title='bbox 1223 5408 1614 5478; x_wconf 80' lang='grc' dir='ltr'>Μονοφυσιτῶν</span> <span class='ocrx_word' id='word_1_681' title='bbox 1664 5409 1821 5473; x_wconf 81' lang='grc' dir='ltr'>δόξαν</span> <span class='ocrx_word' id='word_1_682' title='bbox 1882 5408 2034 5477; x_wconf 86' lang='grc' dir='ltr'>παρά</span> 
     </span>
    </p>
   </div>
   <div class='ocr_carea' id='block_1_97' title="bbox 467 5493 2034 5570">
    <p class='ocr_par' dir='ltr' id='par_1_97' title="bbox 467 5493 2034 5570">
     <span class='ocr_line' id='line_1_97' title="bbox 467 5493 2034 5570; baseline 0 -20"><span class='ocrx_word' id='word_1_683' title='bbox 467 5493 659 5567; x_wconf 84' lang='grc' dir='ltr'>Σύροις</span> <span class='ocrx_word' id='word_1_684' title='bbox 718 5497 1099 5567; x_wconf 82' lang='grc' dir='ltr'>κηρύττοντος,</span> <span class='ocrx_word' id='word_1_685' title='bbox 1153 5500 1359 5569; x_wconf 78' lang='grc' dir='ltr'>σχίσμα</span> <span class='ocrx_word' id='word_1_686' title='bbox 1413 5501 1557 5570; x_wconf 83' lang='grc' dir='ltr'>μέγα</span> <span class='ocrx_word' id='word_1_687' title='bbox 1611 5500 1908 5568; x_wconf 76' lang='grc' dir='ltr'>ἐγγίνεται.</span> <span class='ocrx_word' id='word_1_688' title='bbox 1971 5500 2034 5553; x_wconf 78' lang='grc' dir='ltr'><strong>Οἱ</strong></span> 
     </span>
    </p>
   </div>
   <div class='ocr_carea' id='block_1_98' title="bbox 473 5590 2036 5662">
    <p class='ocr_par' dir='ltr' id='par_1_98' title="bbox 473 5590 2036 5662">
     <span class='ocr_line' id='line_1_98' title="bbox 473 5590 2036 5662; baseline 0.002 -20"><span class='ocrx_word' id='word_1_689' title='bbox 473 5592 573 5661; x_wconf 82' lang='grc' dir='ltr'>μὲν</span> <span class='ocrx_word' id='word_1_690' title='bbox 631 5590 723 5642; x_wconf 81' lang='grc' dir='ltr'>οὖν</span> <span class='ocrx_word' id='word_1_691' title='bbox 758 5594 825 5659; x_wconf 77' lang='grc' dir='ltr'>τῇ</span> <span class='ocrx_word' id='word_1_692' title='bbox 877 5591 1011 5660; x_wconf 76' lang='grc' dir='ltr'>ὀρθῇ</span> <span class='ocrx_word' id='word_1_693' title='bbox 1069 5591 1194 5662; x_wconf 80' lang='grc' dir='ltr'>δόξῃ</span> <span class='ocrx_word' id='word_1_694' title='bbox 1260 5594 1692 5661; x_wconf 87' lang='grc' dir='ltr'>προσμείναντες</span> <span class='ocrx_word' id='word_1_695' title='bbox 1772 5592 2036 5662; x_wconf 80' lang='grc' dir='ltr'>Μελχίται</span> 
     </span>
    </p>
   </div>
   <div class='ocr_carea' id='block_1_99' title="bbox 472 5684 2038 5756">
    <p class='ocr_par' dir='ltr' id='par_1_99' title="bbox 472 5684 2038 5756">
     <span class='ocr_line' id='line_1_99' title="bbox 472 5684 2038 5756; baseline 0.003 -22"><span class='ocrx_word' id='word_1_696' title='bbox 472 5684 808 5754; x_wconf 77' lang='grc' dir='ltr'>ἐκλήθησαν,</span> <span class='ocrx_word' id='word_1_697' title='bbox 852 5684 925 5744; x_wconf 68' lang='grc' dir='ltr'>ὡς</span> <span class='ocrx_word' id='word_1_698' title='bbox 958 5688 1025 5755; x_wconf 81' lang='grc' dir='ltr'>τῇ</span> <span class='ocrx_word' id='word_1_699' title='bbox 1070 5688 1202 5755; x_wconf 62' lang='grc' dir='ltr'>ἁγία</span> <span class='ocrx_word' id='word_1_700' title='bbox 1239 5687 1280 5738; x_wconf 85' lang='grc' dir='ltr'>δ’</span> <span class='ocrx_word' id='word_1_701' title='bbox 1317 5688 1520 5756; x_wconf 80' lang='grc' dir='ltr'>συνόδῳ</span> <span class='ocrx_word' id='word_1_702' title='bbox 1566 5690 1660 5738; x_wconf 74' lang='grc' dir='ltr'>καὶ</span> <span class='ocrx_word' id='word_1_703' title='bbox 1714 5686 1791 5753; x_wconf 84' lang='grc' dir='ltr'>τῷ</span> <span class='ocrx_word' id='word_1_704' title='bbox 1826 5686 2038 5754; x_wconf 80' lang='grc' dir='ltr'>βασιλΞί</span> 
     </span>
    </p>
   </div>
   <div class='ocr_carea' id='block_1_100' title="bbox 473 5776 2034 5849">
    <p class='ocr_par' dir='ltr' id='par_1_100' title="bbox 473 5776 2034 5849">
     <span class='ocr_line' id='line_1_100' title="bbox 473 5776 2034 5849; baseline 0.001 -21"><span class='ocrx_word' id='word_1_705' title='bbox 473 5776 1024 5847; x_wconf 58' lang='grc' dir='ltr'>ἐξακολουθήσαντες</span> <span class='ocrx_word' id='word_1_706' title='bbox 1077 5782 1253 5849; x_wconf 73' lang='grc' dir='ltr'>Μελχὶ</span> <span class='ocrx_word' id='word_1_707' title='bbox 1286 5784 1391 5849; x_wconf 68' lang='grc' dir='ltr'><strong>γὰρ</strong></span> <span class='ocrx_word' id='word_1_708' title='bbox 1423 5782 1571 5849; x_wconf 61' lang='grc' dir='ltr'>πολρᾶ</span> <span class='ocrx_word' id='word_1_709' title='bbox 1602 5780 1789 5849; x_wconf 65' lang='grc' dir='ltr'>Σύροις</span> <span class='ocrx_word' id='word_1_710' title='bbox 1824 5782 1849 5831; x_wconf 82' lang='grc' dir='ltr'>ὁ</span> <span class='ocrx_word' id='word_1_711' title='bbox 1882 5780 2034 5847; x_wconf 73' lang='grc' dir='ltr'>βασι-</span> 
     </span>
    </p>
   </div>
   <div class='ocr_carea' id='block_1_101' title="bbox 2132 4584 3698 4646">
    <p class='ocr_par' dir='ltr' id='par_1_101' title="bbox 2132 4584 3698 4646">
     <span class='ocr_line' id='line_1_101' title="bbox 2132 4584 3698 4646; baseline -0.006 0"><span class='ocrx_word' id='word_1_712' title='bbox 2132 4592 2385 4646; x_wconf 90' lang='lat' dir='ltr'><strong>unionem</strong></span> <span class='ocrx_word' id='word_1_713' title='bbox 2412 4598 2593 4643; x_wconf 85' lang='lat' dir='ltr'><strong>autem</strong></span> <span class='ocrx_word' id='word_1_714' title='bbox 2618 4588 2674 4641; x_wconf 90' lang='lat' dir='ltr'><strong>in</strong></span> <span class='ocrx_word' id='word_1_715' title='bbox 2704 4601 2867 4640; x_wconf 91' lang='lat' dir='ltr'><strong>unam</strong></span> <span class='ocrx_word' id='word_1_716' title='bbox 2893 4601 2987 4642; x_wconf 87' lang='lat' dir='ltr'><strong>eas</strong></span> <span class='ocrx_word' id='word_1_717' title='bbox 3031 4594 3282 4639; x_wconf 90' lang='lat' dir='ltr'><strong>naturam</strong></span> <span class='ocrx_word' id='word_1_718' title='bbox 3314 4584 3537 4646; x_wconf 88' lang='lat' dir='ltr'><strong>abiisse,</strong></span> <span class='ocrx_word' id='word_1_719' title='bbox 3570 4598 3698 4638; x_wconf 84' lang='lat' dir='ltr'><strong>con-</strong></span> 
     </span>
    </p>
   </div>
   <div class='ocr_carea' id='block_1_102' title="bbox 2133 4675 3695 4749">
    <p class='ocr_par' dir='ltr' id='par_1_102' title="bbox 2133 4675 3695 4749">
     <span class='ocr_line' id='line_1_102' title="bbox 2133 4675 3695 4749; baseline -0.004 -15"><span class='ocrx_word' id='word_1_720' title='bbox 2133 4681 2389 4749; x_wconf 72' lang='lat' dir='ltr'><strong>fusasque</strong></span> <span class='ocrx_word' id='word_1_721' title='bbox 2419 4694 2562 4742; x_wconf 89' lang='lat' dir='ltr'><strong>esse,</strong></span> <span class='ocrx_word' id='word_1_722' title='bbox 2591 4687 2646 4732; x_wconf 91' lang='lat' dir='ltr'><strong>et</strong></span> <span class='ocrx_word' id='word_1_723' title='bbox 2678 4675 2995 4731; x_wconf 88' lang='lat' dir='ltr'><strong>mistionem</strong></span> <span class='ocrx_word' id='word_1_724' title='bbox 3023 4675 3258 4730; x_wconf 62' lang='lat' dir='ltr'><strong>subiisse</strong></span> <span class='ocrx_word' id='word_1_725' title='bbox 3303 4676 3562 4745; x_wconf 82' lang='lat' dir='ltr'><strong>Opinatus</strong></span> <span class='ocrx_word' id='word_1_726' title='bbox 3592 4685 3695 4733; x_wconf 86' lang='lat' dir='ltr'><strong>est.</strong></span> 
     </span>
    </p>
   </div>
   <div class='ocr_carea' id='block_1_103' title="bbox 2132 4768 3699 4838">
    <p class='ocr_par' dir='ltr' id='par_1_103' title="bbox 2132 4768 3699 4838">
     <span class='ocr_line' id='line_1_103' title="bbox 2132 4768 3699 4838; baseline -0.005 -10"><span class='ocrx_word' id='word_1_727' title='bbox 2132 4772 2272 4827; x_wconf 85' lang='lat' dir='ltr'><strong>adeo</strong></span> <span class='ocrx_word' id='word_1_728' title='bbox 2298 4779 2357 4827; x_wconf 88' lang='lat' dir='ltr'><strong>ut</strong></span> <span class='ocrx_word' id='word_1_729' title='bbox 2377 4780 2431 4826; x_wconf 88' lang='lat' dir='ltr'><strong>et</strong></span> <span class='ocrx_word' id='word_1_730' title='bbox 2458 4770 2724 4825; x_wconf 87' lang='lat' dir='ltr'><strong>divinitas</strong></span> <span class='ocrx_word' id='word_1_731' title='bbox 2748 4784 2813 4823; x_wconf 90' lang='lat' dir='ltr'><strong>ea</strong></span> <span class='ocrx_word' id='word_1_732' title='bbox 2838 4784 2959 4838; x_wconf 62' lang='lat' dir='ltr'><strong>quae</strong></span> <span class='ocrx_word' id='word_1_733' title='bbox 2979 4768 3339 4822; x_wconf 87' lang='lat' dir='ltr'><strong>humanitatis</strong></span> <span class='ocrx_word' id='word_1_734' title='bbox 3364 4769 3518 4822; x_wconf 81' lang='lat' dir='ltr'><strong>fuere</strong></span> <span class='ocrx_word' id='word_1_735' title='bbox 3543 4782 3699 4836; x_wconf 88' lang='lat' dir='ltr'><strong>passa</strong></span> 
     </span>
    </p>
   </div>
   <div class='ocr_carea' id='block_1_104' title="bbox 2131 4860 3702 4929">
    <p class='ocr_par' dir='ltr' id='par_1_104' title="bbox 2131 4860 3702 4929">
     <span class='ocr_line' id='line_1_104' title="bbox 2131 4860 3702 4929; baseline -0.006 -8"><span class='ocrx_word' id='word_1_736' title='bbox 2131 4866 2225 4927; x_wconf 87' lang='lat' dir='ltr'><strong>sit.</strong></span> <span class='ocrx_word' id='word_1_737' title='bbox 2257 4872 2313 4920; x_wconf 89' lang='lat' dir='ltr'><strong>et</strong></span> <span class='ocrx_word' id='word_1_738' title='bbox 2339 4873 2551 4919; x_wconf 89' lang='lat' dir='ltr'><strong>contra.</strong></span> <span class='ocrx_word' id='word_1_739' title='bbox 2589 4861 2827 4916; x_wconf 82' lang='lat' dir='ltr'><strong>Proinde</strong></span> <span class='ocrx_word' id='word_1_740' title='bbox 2852 4862 2965 4915; x_wconf 85' lang='lat' dir='ltr'><strong>haec</strong></span> <span class='ocrx_word' id='word_1_741' title='bbox 2990 4860 3061 4915; x_wconf 88' lang='lat' dir='ltr'><strong>ita</strong></span> <span class='ocrx_word' id='word_1_742' title='bbox 3087 4864 3373 4929; x_wconf 78' lang='lat' dir='ltr'><strong>epinnntes</strong></span> <span class='ocrx_word' id='word_1_743' title='bbox 3401 4860 3702 4929; x_wconf 76' lang='lat' dir='ltr'><strong>Monophy-</strong></span> 
     </span>
    </p>
   </div>
   <div class='ocr_carea' id='block_1_105' title="bbox 2135 4952 3701 5024">
    <p class='ocr_par' dir='ltr' id='par_1_105' title="bbox 2135 4952 3701 5024">
     <span class='ocr_line' id='line_1_105' title="bbox 2135 4952 3701 5024; baseline -0.003 -12"><span class='ocrx_word' id='word_1_744' title='bbox 2135 4958 2267 5012; x_wconf 88' lang='lat' dir='ltr'><strong>sitas</strong></span> <span class='ocrx_word' id='word_1_745' title='bbox 2292 4966 2343 5010; x_wconf 90' lang='lat' dir='ltr'><strong>et</strong></span> <span class='ocrx_word' id='word_1_746' title='bbox 2384 4954 2818 5024; x_wconf 88' lang='lat' dir='ltr'><strong>Theopaschitas</strong></span> <span class='ocrx_word' id='word_1_747' title='bbox 2847 4954 2955 5007; x_wconf 88' lang='lat' dir='ltr'><strong>divi</strong></span> <span class='ocrx_word' id='word_1_748' title='bbox 2998 4952 3187 5007; x_wconf 86' lang='lat' dir='ltr'><strong>Patres</strong></span> <span class='ocrx_word' id='word_1_749' title='bbox 3215 4952 3388 5006; x_wconf 86' lang='lat' dir='ltr'><strong>nostri</strong></span> <span class='ocrx_word' id='word_1_750' title='bbox 3418 4956 3701 5021; x_wconf 78' lang='lat' dir='ltr'><strong>cognomi-</strong></span> 
     </span>
    </p>
   </div>
   <div class='ocr_carea' id='block_1_106' title="bbox 2134 5044 3703 5115">
    <p class='ocr_par' dir='ltr' id='par_1_106' title="bbox 2134 5044 3703 5115">
     <span class='ocr_line' id='line_1_106' title="bbox 2134 5044 3703 5115; baseline -0.001 -14"><span class='ocrx_word' id='word_1_751' title='bbox 2134 5055 2360 5102; x_wconf 88' lang='lat' dir='ltr'><strong>narunt.</strong></span> <span class='ocrx_word' id='word_1_752' title='bbox 2413 5046 2482 5100; x_wconf 88' lang='lat' dir='ltr'><strong>Et</strong></span> <span class='ocrx_word' id='word_1_753' title='bbox 2539 5048 2656 5115; x_wconf 87' lang='lat' dir='ltr'><strong>ipsa</strong></span> <span class='ocrx_word' id='word_1_754' title='bbox 2707 5046 2968 5115; x_wconf 82' lang='lat' dir='ltr'><strong>Opinione</strong></span> <span class='ocrx_word' id='word_1_755' title='bbox 3016 5044 3315 5099; x_wconf 89' lang='lat' dir='ltr'><strong>Dioscorus</strong></span> <span class='ocrx_word' id='word_1_756' title='bbox 3359 5046 3703 5099; x_wconf 68' lang='lat' dir='ltr'><strong>Alexandria:</strong></span> 
     </span>
    </p>
   </div>
   <div class='ocr_carea' id='block_1_107' title="bbox 2135 5134 3705 5209">
    <p class='ocr_par' dir='ltr' id='par_1_107' title="bbox 2135 5134 3705 5209">
     <span class='ocr_line' id='line_1_107' title="bbox 2135 5134 3705 5209; baseline -0.003 -16"><span class='ocrx_word' id='word_1_757' title='bbox 2135 5137 2471 5209; x_wconf 84' lang='lat' dir='ltr'><strong>patriarcha,</strong></span> <span class='ocrx_word' id='word_1_758' title='bbox 2499 5137 2667 5206; x_wconf 77' lang='grc'>882</span> <span class='ocrx_word' id='word_1_759' title='bbox 2700 5145 2757 5191; x_wconf 84' lang='lat' dir='ltr'><strong>et</strong></span> <span class='ocrx_word' id='word_1_760' title='bbox 2786 5135 2979 5191; x_wconf 83' lang='lat' dir='ltr'><strong>Petrus</strong></span> <span class='ocrx_word' id='word_1_761' title='bbox 3008 5135 3323 5203; x_wconf 85' lang='lat' dir='ltr'><strong>Cnapheus,</strong></span> <span class='ocrx_word' id='word_1_762' title='bbox 3360 5134 3705 5203; x_wconf 80' lang='lat' dir='ltr'><strong>Severusque</strong></span> 
     </span>
    </p>
   </div>
   <div class='ocr_carea' id='block_1_108' title="bbox 2135 5228 3707 5299">
    <p class='ocr_par' dir='ltr' id='par_1_108' title="bbox 2135 5228 3707 5299">
     <span class='ocr_line' id='line_1_108' title="bbox 2135 5228 3707 5299; baseline -0.004 -14"><span class='ocrx_word' id='word_1_763' title='bbox 2135 5230 2471 5299; x_wconf 74' lang='lat' dir='ltr'><strong>Acephalus,</strong></span> <span class='ocrx_word' id='word_1_764' title='bbox 2523 5229 2771 5299; x_wconf 83' lang='lat' dir='ltr'><strong>episcopi</strong></span> <span class='ocrx_word' id='word_1_765' title='bbox 2832 5228 3181 5290; x_wconf 74' lang='lat' dir='ltr'><strong>Antiochcni,</strong></span> <span class='ocrx_word' id='word_1_766' title='bbox 3246 5237 3411 5298; x_wconf 85' lang='lat' dir='ltr'><strong>atque</strong></span> <span class='ocrx_word' id='word_1_767' title='bbox 3478 5228 3707 5289; x_wconf 64' lang='lat' dir='ltr'><strong>instuzcr</strong></span> 
     </span>
    </p>
   </div>
   <div class='ocr_carea' id='block_1_109' title="bbox 2136 5320 3704 5388">
    <p class='ocr_par' dir='ltr' id='par_1_109' title="bbox 2136 5320 3704 5388">
     <span class='ocr_line' id='line_1_109' title="bbox 2136 5320 3704 5388; baseline -0.002 -13"><span class='ocrx_word' id='word_1_768' title='bbox 2136 5321 2227 5375; x_wconf 87' lang='lat' dir='ltr'><strong>alii</strong></span> <span class='ocrx_word' id='word_1_769' title='bbox 2262 5320 2621 5375; x_wconf 88' lang='lat' dir='ltr'><strong>trausversim</strong></span> <span class='ocrx_word' id='word_1_770' title='bbox 2649 5321 2872 5373; x_wconf 86' lang='lat' dir='ltr'><strong>abducti</strong></span> <span class='ocrx_word' id='word_1_771' title='bbox 2907 5330 3060 5375; x_wconf 87' lang='lat' dir='ltr'><strong>sunt.</strong></span> <span class='ocrx_word' id='word_1_772' title='bbox 3102 5321 3397 5375; x_wconf 86' lang='lat' dir='ltr'><strong>Enimvero</strong></span> <span class='ocrx_word' id='word_1_773' title='bbox 3427 5336 3495 5374; x_wconf 90' lang='lat' dir='ltr'><strong>eo</strong></span> <span class='ocrx_word' id='word_1_774' title='bbox 3542 5336 3704 5388; x_wconf 88' lang='lat' dir='ltr'><strong>quem</strong></span> 
     </span>
    </p>
   </div>
   <div class='ocr_carea' id='block_1_110' title="bbox 2138 5411 3704 5481">
    <p class='ocr_par' dir='ltr' id='par_1_110' title="bbox 2138 5411 3704 5481">
     <span class='ocr_line' id='line_1_110' title="bbox 2138 5411 3704 5481; baseline -0.003 -14"><span class='ocrx_word' id='word_1_775' title='bbox 2138 5412 2376 5467; x_wconf 78' lang='lat' dir='ltr'><strong>diximus</strong></span> <span class='ocrx_word' id='word_1_776' title='bbox 2407 5412 2612 5468; x_wconf 84' lang='lat' dir='ltr'><strong>Jacobo</strong></span> <span class='ocrx_word' id='word_1_777' title='bbox 2655 5411 3160 5481; x_wconf 83' lang='lat' dir='ltr'><strong>Monophysitarum</strong></span> <span class='ocrx_word' id='word_1_778' title='bbox 3196 5412 3516 5480; x_wconf 81' lang='lat' dir='ltr'><strong>Opinionem</strong></span> <span class='ocrx_word' id='word_1_779' title='bbox 3554 5412 3704 5479; x_wconf 87' lang='lat' dir='ltr'><strong>apud</strong></span> 
     </span>
    </p>
   </div>
   <div class='ocr_carea' id='block_1_111' title="bbox 2142 5501 3704 5576">
    <p class='ocr_par' dir='ltr' id='par_1_111' title="bbox 2142 5501 3704 5576">
     <span class='ocr_line' id='line_1_111' title="bbox 2142 5501 3704 5576; baseline -0.001 -18"><span class='ocrx_word' id='word_1_780' title='bbox 2142 5504 2311 5576; x_wconf 77' lang='lat' dir='ltr'><strong>Syros</strong></span> <span class='ocrx_word' id='word_1_781' title='bbox 2336 5504 2691 5575; x_wconf 64' lang='lat' dir='ltr'><strong>praedicante,</strong></span> <span class='ocrx_word' id='word_1_782' title='bbox 2721 5518 2973 5572; x_wconf 77' lang='lat' dir='ltr'><strong>magnum</strong></span> <span class='ocrx_word' id='word_1_783' title='bbox 3009 5512 3257 5555; x_wconf 74' lang='lat' dir='ltr'><strong>exortum</strong></span> <span class='ocrx_word' id='word_1_784' title='bbox 3284 5512 3369 5556; x_wconf 90' lang='lat' dir='ltr'><strong>est</strong></span> <span class='ocrx_word' id='word_1_785' title='bbox 3392 5501 3704 5557; x_wconf 84' lang='lat' dir='ltr'><strong>dissidium.</strong></span> 
     </span>
    </p>
   </div>
   <div class='ocr_carea' id='block_1_112' title="bbox 2140 5590 3709 5662">
    <p class='ocr_par' dir='ltr' id='par_1_112' title="bbox 2140 5590 3709 5662">
     <span class='ocr_line' id='line_1_112' title="bbox 2140 5590 3709 5662; baseline -0.001 -14"><span class='ocrx_word' id='word_1_786' title='bbox 2140 5596 2275 5649; x_wconf 81' lang='lat' dir='ltr'><strong>Nam</strong></span> <span class='ocrx_word' id='word_1_787' title='bbox 2332 5595 2424 5662; x_wconf 89' lang='lat' dir='ltr'><strong>qui</strong></span> <span class='ocrx_word' id='word_1_788' title='bbox 2487 5603 2651 5647; x_wconf 71' lang='lat' dir='ltr'><strong>rectae</strong></span> <span class='ocrx_word' id='word_1_789' title='bbox 2713 5592 2961 5661; x_wconf 86' lang='lat' dir='ltr'><strong>opinioni</strong></span> <span class='ocrx_word' id='word_1_790' title='bbox 3023 5592 3389 5655; x_wconf 67' lang='lat' dir='ltr'><strong>adhmserunt,</strong></span> <span class='ocrx_word' id='word_1_791' title='bbox 3441 5590 3709 5646; x_wconf 70' lang='lat' dir='ltr'><strong>Illclcltihc</strong></span> 
     </span>
    </p>
   </div>
   <div class='ocr_carea' id='block_1_113' title="bbox 2142 5682 3706 5757">
    <p class='ocr_par' dir='ltr' id='par_1_113' title="bbox 2142 5682 3706 5757">
     <span class='ocr_line' id='line_1_113' title="bbox 2142 5682 3706 5757; baseline -0.002 -18"><span class='ocrx_word' id='word_1_792' title='bbox 2142 5686 2396 5757; x_wconf 87' lang='lat' dir='ltr'><strong>appellati</strong></span> <span class='ocrx_word' id='word_1_793' title='bbox 2432 5694 2581 5749; x_wconf 89' lang='lat' dir='ltr'><strong>sunt,</strong></span> <span class='ocrx_word' id='word_1_794' title='bbox 2612 5682 2757 5753; x_wconf 89' lang='lat' dir='ltr'><strong>quod</strong></span> <span class='ocrx_word' id='word_1_795' title='bbox 2802 5692 3046 5736; x_wconf 81' lang='lat' dir='ltr'><strong>sanctam</strong></span> <span class='ocrx_word' id='word_1_796' title='bbox 3104 5690 3351 5749; x_wconf 82' lang='lat' dir='ltr'><strong>quartam</strong></span> <span class='ocrx_word' id='word_1_797' title='bbox 3416 5682 3706 5751; x_wconf 80' lang='lat' dir='ltr'><strong>synodum,</strong></span> 
     </span>
    </p>
   </div>
   <div class='ocr_carea' id='block_1_114' title="bbox 2141 5764 3747 5849">
    <p class='ocr_par' dir='ltr' id='par_1_114' title="bbox 2141 5764 3747 5849">
     <span class='ocr_line' id='line_1_114' title="bbox 2141 5764 3747 5849; baseline -0.006 -12"><span class='ocrx_word' id='word_1_798' title='bbox 2141 5790 2195 5837; x_wconf 85' lang='lat' dir='ltr'><strong>ct</strong></span> <span class='ocrx_word' id='word_1_799' title='bbox 2226 5780 2610 5849; x_wconf 80' lang='lat' dir='ltr'><strong>imperatorem</strong></span> <span class='ocrx_word' id='word_1_800' title='bbox 2638 5778 2813 5844; x_wconf 81' lang='lat' dir='ltr'><strong>ipsum</strong></span> <span class='ocrx_word' id='word_1_801' title='bbox 2843 5774 3060 5843; x_wconf 80' lang='lat' dir='ltr'><strong>(Mclchi</strong></span> <span class='ocrx_word' id='word_1_802' title='bbox 3094 5776 3237 5829; x_wconf 88' lang='lat' dir='ltr'><strong>cnim</strong></span> <span class='ocrx_word' id='word_1_803' title='bbox 3271 5775 3421 5844; x_wconf 70' lang='lat' dir='ltr'><strong>Syris</strong></span> <span class='ocrx_word' id='word_1_804' title='bbox 3474 5790 3563 5827; x_wconf 85' lang='lat' dir='ltr'><strong>rc.\</strong></span> <span class='ocrx_word' id='word_1_805' title='bbox 3599 5778 3710 5845; x_wconf 79' lang='lat' dir='ltr'><strong>cst)</strong></span> <span class='ocrx_word' id='word_1_806' title='bbox 3738 5764 3747 5769; x_wconf 68' lang='grc'><strong>’</strong></span> 
     </span>
    </p>
   </div>
  </div>
