4100 6216
423 310 527 371 ἐν)

1600 303 2019 369 NiCEPBORl
2065 304 2411 374 CALLISTI

3574 320 3685 384 410

424 434 906 481 consectarentur.
936 424 1062 490 'Qni
1107 434 1292 480 autem
1347 426 1629 481 diversum
1684 428 1996 481 senserunt.

2123 430 2229 494 .εύς
2272 432 2443 485 ἐστιν’
2508 435 2559 487 οι
2588 436 2646 488 δὲ
2700 437 2964 493 τάναντία
3030 439 3409 510 φρονήσαντες
3467 443 3688 507 πολλοῖς

426 521 592 573 multa
628 518 889 587 variaque
929 518 1178 573 habuere
1222 520 1470 575 nomina.
1507 518 1774 575 Jacohita:
1817 529 2001 574 tamen

427 612 663 665 maxime
695 620 825 665 sunt
852 612 1247 681 cognominati,
1277 622 1565 683 propterea
1588 612 1733 683 quod
1754 612 1805 667 ei
1840 628 2002 682 quem

427 704 539 757 dixi
593 703 1102 775 Monophysitarum
1177 704 1406 759 haeresis
1478 704 1729 760 studioso
1799 704 2006 760 Jacoho

430 796 801 852 adhzererent.
828 796 932 864 Qui
964 798 1129 851 etiam
1166 798 1504 852 anathemati
1548 799 1731 851 traditi
1758 808 1909 861 sunt,
1946 806 2003 850 ut

429 887 823 959 Monophysitze
852 889 1083 954 scilicet,
1116 899 1172 944 et
1210 888 1690 960 TheOphaschitze.
1715 889 1845 944 Post
1874 904 2008 943 vero

393 978 579 1033 ‘alind
624 980 791 1033 etiam
829 980 1100 1035 baeresum
1158 996 1387 1037 examen
1432 982 1498 1036 ad
1552 997 1613 1036 se
1668 992 2005 1052 pertraxere,

434 1087 559 1140 qua:
658 1071 987 1127 Trinitatem
1064 1074 1593 1130 consubstantialem
1692 1077 2006 1139 credentes,

434 1176 601 1214 unam
676 1172 929 1217 naturam
1004 1174 1129 1233 post
1178 1167 1440 1220 unionem
1490 1166 1547 1219 in
1598 1165 1820 1222 Christo
1888 1181 2007 1222 esse

431 1252 762 1318 docuerunt,
791 1271 1003 1310 sacram
1031 1266 1283 1327 quartam
1314 1259 1584 1329 synodum
1623 1260 2007 1329 repudiantes.

433 1358 495 1396 ac
526 1343 790 1414 deinceps
830 1361 1025 1402 omnes
1064 1357 1285 1403 sanctos
1329 1350 1519 1404 Patres
1557 1350 1890 1420 rejicientes.
1943 1350 2010 1405 Et

432 1435 581 1503 quod
635 1439 935 1493 maximum
996 1449 1100 1504 est,
1161 1441 1439 1497 divinitati
1491 1442 1664 1511 ipsius
1732 1442 2009 1512 Unigeniti

436 1529 852 1598 perpessionem
907 1532 1262 1596 tribuerunt,
1308 1534 1418 1589 Ter
1450 1544 1643 1590 sancto
1672 1536 1749 1589 illi
1802 1535 2008 1603 hymno

433 1621 797 1691 appendicem
832 1625 972 1679 hanc
998 1644 1015 1681 :
1056 1647 1070 1678 ι
1094 1625 1196 1693 Qui
1233 1629 1534 1682 crucitixus
1554 1644 1615 1684 es
1640 1644 1740 1699 pro
1767 1628 1928 1683 nobis
1953 1648 2004 1694 ι,

433 1714 810 1773 adnectentes.

1025 1812 1248 1870 CAPUT
1279 1800 1441 1871 Lm;

790 1906 867 1959 De
913 1909 1099 1961 ἡαπ-αεὶ
1136 1907 1652 1978 TheOpaschilarum.

511 1997 661 2051 Talis
717 1998 1095 2054 Jacohitarnm
1150 2000 1378 2057 haeresis
1410 2005 1567 2057 radix
1590 2002 2013 2058 exstitit.Jaco-

438 2089 542 2143 hus
572 2099 754 2144 autem
781 2091 1166 2145 Armeniorum
1209 2108 1431 2163 quoque
1457 2103 1621 2148 secta:
1645 2093 1753 2147 dux
1777 2093 1901 2147 fuit.
1934 2093 2008 2147 Ea

440 2197 571 2236 sane
634 2181 863 2236 haeresis
906 2183 1190 2251 multiplex
1222 2193 1327 2247 est,
1360 2196 1417 2239 et
1441 2194 1499 2239 ut
1536 2186 1809 2254 quispiam
1841 2185 2008 2249 dicat,

442 2277 713 2329 hau-esum
741 2277 988 2330 omnium
1028 2277 1313 2331 continens
1334 2281 1569 2332 sentina.
1606 2278 1741 2332 Nam
1775 2278 1851 2332 illi
1886 2294 2010 2333 cum

444 2368 579 2421 Ario
604 2368 863 2422 aberrant
893 2370 947 2424 in
979 2384 1069 2430 eo,
1102 2371 1245 2434 quod
1282 2370 1450 2423 Deum
1487 2370 1724 2424 Verbum
1762 2381 2010 2426 naturam

442 2458 735 2512 mutationi
764 2459 1082 2523 obnoxiam,
1125 2461 1416 2516 habentem
1448 2476 1667 2516 carnem
1694 2461 1876 2516 anima
1916 2477 2009 2517 ea-

442 2561 677 2617 rentem,
731 2552 1095 2622 assumpsisse
1154 2552 1367 2608 dicunt.
1392 2552 1533 2608 Cum
1571 2552 1877 2625 Apollinari
1907 2570 2013 2609 au-

444 2650 575 2705 tem,
624 2642 770 2709 quod
822 2657 1023 2712 corpus
1084 2644 1302 2699 Domini
1344 2654 1579 2700 mentem
1636 2662 1745 2701 non
1783 2646 2010 2712 habere,

442 2731 735 2802 eidemque
774 2732 1020 2788 divinam
1077 2745 1329 2790 naturam
1373 2735 1646 2801 sullicere,
1698 2739 2011 2808 mentisque

441 2824 552 2877 vim
591 2825 956 2894 operatricem
1007 2828 1268 2896 pcrIiCere
1327 2829 1539 2883 dicunt.
1590 2830 1769 2899 Atque
1799 2830 2015 2884 lucreti-

443 2918 523 2970 ris
554 2918 747 2972 multis
775 2918 1043 2984 laudatis,
1100 2920 1427 2990 depravatas
1459 2923 1701 2993 ipsorum
1726 2924 2014 2992 opiniones

442 3010 543 3063 sibi
574 3009 707 3079 ipsis
730 3021 1009 3082 arrogant.
1060 3011 1301 3082 Magistri
1348 3015 1542 3067 horum
1577 3014 1651 3068 illi
1709 3029 1847 3084 quos
1873 3015 2016 3069 dixi-

444 3116 568 3154 mus
621 3100 777 3157 fuere
825 3119 839 3155 :

445 3194 781 3265 quandoque
838 3194 912 3250 illi
970 3195 1143 3251 Deum
1192 3196 1458 3261 Verbum,
1490 3197 1935 3267 incorruptibile,
1960 3207 2017 3252 et

447 3286 775 3351 increatum,
838 3294 893 3340 et
949 3286 1196 3351 eteleste,
1226 3300 1281 3343 et
1319 3304 1348 3341 a
1388 3290 1744 3359 perpessione
1774 3290 2015 3344 alienum

432 3380 611 3444 atque
644 3375 870 3441 subtile,
891 3376 1159 3445 nobisque
1186 3393 1291 3431 non
1330 3378 1799 3433 consubstantiale
1820 3394 2020 3447 corpus

446 3469 744 3537 recepisse,
777 3480 940 3539 atque
967 3485 1028 3523 ea
1061 3485 1182 3537 quae
1226 3471 1409 3524 carnis
1447 3480 1595 3539 sunt,
1623 3471 1782 3527 nobis
1814 3473 1868 3526 in
1899 3487 2023 3540 spe-

446 3562 584 3614 riem
615 3570 824 3616 tantum
879 3562 1082 3631 spectri
1146 3577 1299 3617 more
1361 3563 1707 3629 exhibuisse,
1784 3579 2021 3619 exsecu-

450 3664 676 3724 tumque
709 3669 829 3709 esse
857 3656 1178 3725 opinantur.
1208 3656 1551 3728 Quandoque
1577 3668 1759 3713 autem
1794 3673 2017 3713 carnem

448 3747 570 3815 ejus
622 3749 675 3801 in
719 3757 971 3803 naturam
1033 3747 1259 3805 Deitatis
1319 3766 1664 3816 conversam,
1722 3751 2019 3820 ‘eidemque

447 3838 973 3895 consubstantialem
1034 3838 1232 3893 iactam
1287 3854 1410 3895 esse
1435 3840 1648 3895 dicunt.
1679 3838 1844 3910 883
1885 3839 2023 3893 Mul-

453 3932 619 3986 toties
669 3946 805 3985 vero
864 3932 1029 3987 etiam
1086 3931 1257 3985 Deum
1311 3930 1555 3986 Verbum
1614 3931 1917 3986 humanum
1955 3947 2022 3985 ex

451 4010 673 4093 Virgine
730 4037 930 4092 corpus
978 4022 1338 4092 assumpsisse
1399 4032 1640 4092 negant,
1691 4021 1786 4077 sed
1841 4022 2020 4092 ipsum

452 4116 780 4170 immutabili
830 4114 994 4169 modo
1048 4124 1338 4180 mutatum,
1397 4124 1451 4168 et
1518 4128 1740 4169 carnem
1794 4113 2019 4176 factum,

452 4210 745 4261 transitum
807 4215 1015 4262 tantum
1064 4222 1164 4277 per
1197 4207 1474 4278 Virginem
1514 4205 1711 4261 fecisse
1748 4223 1762 4260 :
1795 4215 1850 4261 et
1871 4206 2022 4261 cruci

450 4302 827 4364 divinitatem,
856 4317 978 4371 qua:
1021 4301 1403 4356 circumscribi
1428 4311 1485 4357 et
1511 4299 1729 4355 definiri
1760 4310 2020 4370 nequeat,

451 4393 728 4463 Unigeniti
760 4392 969 4447 allixam
994 4433 1008 4456 ,
1071 4394 1432 4464 eamdemque
1479 4394 1737 4462 sepulcro
1765 4392 2019 4447 traditam

451 4496 790 4541 asseverant.
845 4487 1023 4555 Atque
1063 4486 1225 4541 ﬁdem
1286 4487 1451 4540 etiam
1512 4484 2018 4542 nativitatiChristi

452 4581 757 4633 secundum
815 4593 1037 4633 carnem
1081 4581 1427 4649 derogantes,
1468 4590 1523 4633 et
1550 4595 1671 4633 eam
1698 4580 1751 4633 in
1782 4579 2021 4649 speciem

455 4681 693 4735 tantum,
763 4672 1164 4740 phantasmatis
1224 4674 1415 4734 instar,
1448 4671 1646 4726 factam
1681 4686 1805 4726 esse
1832 4671 2025 4727 dicen-

457 4775 559 4818 tes.
607 4763 675 4818 Et
721 4778 830 4816 non
882 4762 1045 4817 sicuti
1074 4778 1196 4827 nos,
1255 4778 1352 4832 per
1392 4762 1696 4827 intervalla,
1731 4761 2029 4831 particula-

458 4856 574 4918 tim,
627 4854 722 4908 sed
785 4854 850 4907 ad
903 4854 1309 4923 quindecimum
1364 4852 1613 4907 Januarii
1648 4852 1854 4908 mensis
1883 4852 2026 4907 diem

449 4950 645 5021 jejunii
676 4958 893 5019 tempus
912 4948 1290 5002 extendentes.
1332 4945 1821 4999 Annuntiationem
1863 4945 2028 4999 simul

453 5054 509 5100 σοι
558 5044 923 5106 nativitatem,
972 5052 1026 5097 et
1083 5040 1417 5110 baptismum
1454 5037 1658 5093 Christi
1721 5036 2025 5092 celebrant.

456 5142 598 5209 Quin
666 5142 836 5196 multa
900 5140 1065 5195 etiam
1130 5136 1305 5191 divini
1353 5134 1634 5204 Evangelii
1674 5133 1845 5197 dicta,
1873 5148 2029 5187 suam

458 5237 561 5306 ipsi
629 5236 949 5307 opinionem
1013 5242 1269 5287 astruere
1296 5239 1587 5295 conantes,
1622 5228 1824 5285 tollunt
1862 5237 2029 5297 atque

459 5331 731 5384 inducunt
804 5344 819 5381 :
885 5342 949 5381 ac
988 5308 1157 5382 veluti
1202 5324 1729 5394 Monophysitarum,
1758 5331 1812 5377 et
1847 5321 2032 5375 Theo-

458 5423 852 5492 paschitarum,
883 5432 935 5475 et
966 5418 1617 5488 Aphtharlodocetarum,
1658 5426 1715 5470 et
1747 5414 2032 5469 Monothe-

456 5515 691 5570 letarum
759 5514 1015 5568 hzeresim
1074 5511 1390 5567 haereditate
1437 5509 1735 5574 creverint,
1787 5508 2030 5577 Cnaphei

456 5608 603 5664 Petri
678 5611 1051 5661 accessionem
1124 5605 1423 5659 Tersancto
1501 5603 1706 5674 hymno
1765 5616 2030 5656 annexam

457 5702 615 5755 valde
656 5699 1121 5769 complectuntur.
1174 5696 1470 5753 Eeclesiam
1536 5696 1865 5751 catholicam
1920 5697 2033 5764 jam

2110 526 2207 578 καὶ
2240 526 2521 595 διαφόροις
2573 529 2840 598 ὀνόμασιν
2892 532 3303 602 ὲπεκλήθησαν·
3337 535 3408 587 τά
3443 535 3688 604 μάλιστα

2107 618 2164 671 δὲ
2204 618 2515 673 Ἰακωϐῖται
2562 622 3116 692 προσηγορεύθησαν,
3151 624 3227 686 ὡς
3274 624 3353 695 τῷ
3403 627 3687 698 εἰρημένῳ

2113 713 2425 784 σπουδαστῇ
2448 714 2546 783 τῆς
2571 716 2680 767 τῶν
2720 717 3113 784 Μονοφυσιτῶν
3142 717 3413 787 αἱρέσεως
3446 735 3690 771 κατακο-
3726 760 3765 787 1.

2108 803 2475 875 λουθήσαντες
2521 807 2786 876 Ἰακώϐῳ·
2842 808 2892 860 οῖ
2928 811 3022 861 καὶ
3084 808 3395 879 άναθέματι
3445 810 3689 879 παραδέ-

2108 894 2311 961 δονται,
2354 898 2450 949 καλ⁸
2500 898 2575 961 ὡς
2626 879 2996 966 Μονοφυσῖται
3051 903 3146 953 καὶ
3173 901 3573 972 Θεοπασχῖταισ
3626 903 3688 964 ές

2112 987 2340 1059 ὕστερον
2366 988 2423 1041 δὲ
2452 991 2547 1041 καί⁵
2578 990 2735 1044 ἄλλον
2762 992 2932 1061 ἑσμὸν
2961 993 3231 1063 αἱρέσεων
3275 993 3689 1063 περιϐεϐλημέ-

2110 1098 2213 1143 νοι,
2241 1080 2291 1131 οἳ
2345 1080 2551 1150 Τριάδα
2595 1083 2949 1147 πιστεύοντες
2981 1085 3294 1153 ὁμοούσιον,
3353 1086 3487 1154 μίαν
3522 1086 3689 1153 φύσιν

2112 1172 2251 1239 μετὰ
2291 1171 2390 1239 τὴν
2420 1172 2615 1225 ἕνωσιν
2673 1176 2769 1226 ἐπὶ
2808 1175 3050 1242 Χριστοῦ
3114 1176 3531 1246 δογματίζουσι,
3588 1175 3691 1247 τὴν

2111 1266 2277 1330 ἁγίαν
2354 1262 2395 1317 δ’
2450 1265 2670 1317 σύνοδον
2735 1266 3063 1328 ἀθετοῦντες
3116 1269 3209 1320 καὶ
3259 1268 3387 1332 τοὺς
3445 1268 3692 1337 καθεξῆς

2110 1350 2356 1415 ἅπαντας
2388 1352 2579 1416 ἁγίους
2610 1354 2857 1423 Πατέρα;
2886 1356 3350 1427 άποϐαλλόμενοι*
3404 1357 3499 1411 καὶ
3535 1358 3598 1411 τδ
3623 1359 3692 1426 δὴ

2115 1443 2397 1513 μέγιστον,
2446 1446 2541 1499 καὶ
2600 1448 2668 1516 τῇ
2708 1445 2928 1516 θεότητι
2982 1448 3080 1499 τοῦ
3122 1448 3467 1517 Μονογενοῦς
3516 1450 3695 1510 πάθος

2110 1536 2506 1605 προσάπτουσι,
2535 1537 2614 1607 τῷ
2643 1538 2909 1609 τρισαγίῳ
2940 1538 3094 1611 ὕμνῳ
3138 1540 3197 1593 τδ
3231 1541 3294 1594 '0
3321 1543 3693 1611 σταυρωθεὶς

2110 1626 2188 1679 δι’
2213 1626 2372 1697 ἡμᾶς
2399 1629 2806 1699 προστιθέντες.

2678 1813 2928 1868 ΚΕΦΑΔ.
2972 1813 3099 1868 NI".

2291 1905 2431 1973 Περὶ
2461 1904 2572 1972 τῆς
2601 1903 2883 1973 αἱρέσεως
2909 1905 3029 1959 τῶν
3058 1907 3507 1975 Θεοπασχιτῶν.

2184 1996 2348 2050 Ἀλλὰ
2370 1998 2590 2069 τοιαύτη
2619 2002 2719 2068 μὲν
2759 2003 2789 2070 ἡ
2828 2001 2957 2071 ῥίζα
2987 1999 3101 2052 τῶν
3143 2000 3499 2053 Ἰακωϐιτῶνο
3533 1999 3595 2061 δς
3626 1999 3695 2068 δὴ

2115 2090 2211 2141 καὶ
2242 2088 2341 2157 τῆς
2374 2088 2484 2141 τῶν
2535 2087 2842 2159 Ἀρμενίων
2880 2089 3153 2159 αἱρέσεως
3188 2088 3576 2158 καθηγήσατο.
3622 2090 3693 2143 'H

2113 2179 2176 2247 δὴ
2207 2179 2418 2248 αἵρεσις
2451 2180 2782 2249 πολυσχιδής
2806 2180 2869 2233 τέ
2900 2182 3039 2245 ἐστι,
3084 2182 3181 2234 καὶ
3208 2180 3285 2243 ὡς
3313 2181 3379 2234 ἄν
3400 2196 3489 2242 τις
3545 2181 3697 2233 εἴποι

2120 2272 2457 2341 μισγάγγεια
2485 2274 2667 2341 πάσης
2693 2273 2987 2342 αἱρέσεως.
3038 2274 3149 2325 Kal
3179 2273 3290 2342 γὰρ
3328 2271 3525 2342 Ἀρείῳ
3552 2289 3697 2342 συμ-

2117 2364 2400 2434 φύρονται,
2448 2361 2530 2427 οἷς
2560 2382 2693 2434 φασι
2737 2366 2979 2435 τρεπτὴν
3036 2364 3181 2433 ἔχειν
3214 2361 3381 2433 φ’ύσιν
3426 2364 3520 2416 τὸν
3557 2365 3696 2417 θεὸν

2117 2458 2309 2526 Λόγον,
2342 2460 2439 2512 καὶ
2465 2459 2643 2527 σάρκα
2681 2458 3032 2528 ἀνειληφέναι
3084 2457 3290 2527 ἄψυχον
3329 2474 3345 2490 '
3374 2457 3697 2511 Ἀπολλινα-

2120 2551 2221 2622 ρίῳ
2244 2551 2520 2623 clima-rep
2543 2552 2635 2604 καὶ
2658 2552 2818 2607 ἄνουν
2838 2552 2999 2621 σῶμα
3023 2552 3083 2604 τὸ
3100 2550 3193 2604 τοῦ
3222 2551 3425 2621 Κυρίου
3440 2550 3699 2616 δοξάζου-

2119 2654 2224 2695 σιν*
2262 2644 2494 2713 ἀρκέσαι
2524 2644 2634 2714 γάρ
2668 2662 2799 2711 φασι
2836 2645 2927 2714 τήν
2965 2643 3115 2697 θείαν
3150 2642 3313 2711 φύσιν
3342 2643 3561 2697 τελέσαι
3600 2642 3698 2697 τοῦ

2118 2735 2213 2788 νοῦ
2256 2736 2355 2807 τὴν
2405 2738 2708 2808 ἐνέργειαν.
2772 2740 2883 2791 Kal
2942 2737 3180 2799 πολλοὺς
3232 2737 3342 2791 τῶν
3397 2737 3698 2807 αἱρετικῶν

2120 2834 2529 2896 ἐπαινέσαντες,
2586 2830 2681 2892 τὰς
2716 2830 3006 2899 κιϐδήλους
3055 2831 3212 2895 δόξας
3248 2830 3429 2883 αὐτῶν
3478 2829 3699 2900 ᾠκειώ-

2123 2941 2304 2979 σαντο.
2336 2923 2658 2976 Διδάσκαλοι
2682 2923 2738 2975 δὲ
2765 2923 2913 2990 σφῶν
2933 2924 2983 2975 οἱ
3004 2922 3392 2993 προειρημένοι
3411 2922 3696 2989 ἐγένοντο,

2122 3016 2219 3069 καὶ
2247 3016 2496 3086 Ἐχάνιος
2523 3017 2549 3067 ὁ
2572 3015 2991 3085 Μαντακούνης.
3022 3016 3132 3067 Kal
3169 3015 3247 3083 πῆ
3286 3014 3386 3084 μὲν
3412 3014 3699 3083 ἄφθαρτον

910 3110 967 3157 et
991 3103 1268 3157 Echanius
1294 3104 1521 3174 insuper
1550 3104 1924 3161 Mantacunes.
1953 3105 2016 3173 Et

2124 3106 2219 3159 καὶ
2246 3106 2501 3159 ἄκτιστον
2539 3108 2633 3158 καὶ
2659 3106 2914 3174 οὐράνιον
2959 3105 3054 3157 καὶ
3092 3104 3303 3166 ἀπαθὲς
3358 3104 3454 3155 καὶ
3499 3102 3700 3169 λεπτὸν

2124 3198 2286 3268 σῶμα
2345 3197 2640 3251 ἀναλαϐεῖν
2702 3198 2793 3250 τὸν
2845 3198 2978 3250 θεὸν
3028 3196 3223 3264 Λόγον,
3284 3197 3379 3249 καὶ
3434 3197 3509 3267 μὴ
3565 3199 3700 3266 ἡμῖν

2120 3286 2407 3359 ὀμοούσιον
2434 3285 2850 3356 δογματίζουσι,
2902 3287 2998 3339 καὶ
3028 3287 3095 3339 τὰ
3136 3286 3237 3354 τῆς
3299 3288 3505 3357 σαρκὸς
3550 3287 3700 3339 κατὰ

2121 3380 2422 3449 φαντασίαν
2450 3381 2583 3450 ἡμῖν
2629 3382 2893 3447 ἐνεργεῖν
2934 3378 3015 3447 πῆ
3072 3379 3129 3431 δὲ
3180 3378 3310 3449 ὠςή
3362 3377 3500 3449 σὰρξ
3529 3379 3698 3433 αὐτοῦ

2122 3472 2202 3532 είς
2231 3470 2396 3538 φύσιν
2441 3469 2750 3540 μετεϐλήθη
2778 3469 3056 3538 θεότητος,
3092 3468 3186 3521 καὶ
3227 3468 3522 3537 ὁμοούσιος
3550 3469 3693 3538 αὐτῇ

2122 3563 2371 3631 γέγονεν’
2404 3564 2463 3615 ὲν
2501 3562 2722 3626 πολλοῖς
2751 3561 2806 3615 δὲ
2842 3562 2979 3631 μηδὲ
3009 3562 3101 3613 τὸν
3125 3560 3260 3613 Θεὸν
3286 3561 3461 3628 Λόγον
3483 3560 3696 3631 ἀνθρώ-

2126 3672 2279 3708 πειον
2307 3654 2369 3707 ὲκ
2403 3653 2503 3722 τῆς
2538 3653 2816 3722 Παρθένου
2848 3654 3007 3722 σῶμα
3042 3652 3355 3717 ἀναλαϐεῖν,
3384 3652 3500 3705 ἀλλ’
3530 3652 3695 3704 αὐτὸν

2122 3750 2410 3821 ἀτρέπτως
2441 3749 2715 3819 τραπέντα
2743 3748 2840 3801 καὶ
2863 3748 3043 3817 σάρκα
3066 3748 3386 3817 γενόμενον,
3418 3745 3520 3815 τὴν
3557 3745 3699 3812 πάρ-

2124 3844 2242 3897 οδον
2293 3843 2464 3912 μόνην
2530 3842 2617 3895 διὰ
2670 3841 2772 3911 τῆς
2833 3838 3114 3909 Παρθένου
3182 3837 3535 3907 ποιήσασθαι,
3600 3836 3697 3889 καὶ

2124 3937 2514 4006 προσπαγῆναι
2552 3934 2766 4005 σταυρῷ
2790 3934 2890 4004 τὴν
2909 3935 3014 3985 ἀπε
3025 3933 3333 4003 ρίγραπτον
3354 3931 3447 3983 καὶ
3472 3930 3698 3999 άπεριό-

2128 4045 2311 4099 ριστον
2343 4028 2575 4099 θεότητα
2602 4026 2697 4080 τοῦ
2735 4025 3098 4094 Μονογενοῦς,
3155 4027 3251 4080 καὶ
3289 4023 3497 4093 ταύτην
3542 4023 3701 4093 τάφῳ

2127 4121 2518 4194 παραδοθῆναι.
2564 4118 2907 4183 Ἀθετοῦντες
2953 4118 3010 4172 δὲ
3054 4118 3146 4172 καὶ
3177 4118 3278 4187 τὴν
3322 4118 3468 4170 κατὰ
3522 4118 3702 4186 σάρκα

2127 4215 2381 4285 γέννησιν
2410 4214 2503 4267 τοῦ
2532 4212 2797 4283 Χριστοῦ,
2822 4219 2917 4265 καὶ
2958 4210 3033 4273 ὡς
3057 4210 3442 4279 φαντασιωδῶς
3474 4211 3706 4280 γεγενῆ-

2131 4306 2255 4361 σθαι
2293 4306 2566 4375 λέγοντες.
2600 4305 2699 4375 οὐχ
2725 4304 2801 4367 ὼς
2835 4306 2992 4373 ἡμεῖς
3021 4305 3121 4358 ἀνὰ
3154 4304 3345 4374 μέρος,
3389 4303 3526 4357 ἀλλὰ
3565 4304 3708 4357 κατὰ

2130 4402 2227 4472 τὴν
2268 4406 2328 4455 ιε’
2362 4398 2457 4452 τοῦ
2504 4397 2842 4467 Ἰανουαρίου
2908 4396 3076 4466 μηνὸς
3132 4396 3559 4466 παρατείνοντες
3605 4396 3706 4465 τὴν

2134 4493 2413 4563 νηστείαν,
2465 4488 2557 4543 τδν
2586 4488 2988 4557 εὐαγγελισμδν
3018 4486 3152 4556 ὁμοῦ
3186 4486 3278 4540 καὶ
3308 4487 3407 4555 τὴν
3445 4488 3707 4558 γέννησιν

2134 4586 2232 4636 καὶ
2267 4585 2327 4637 τὸ
2358 4582 2643 4652 βάπτισμα
2708 4578 3053 4649 ἑορτάζουσι.
3113 4578 3289 4632 Πολλά
3353 4577 3411 4631 δὲ
3465 4578 3707 4631 καὶτῶν

2131 4676 2225 4729 τοῦ
2277 4675 2424 4729 θείου
2487 4671 2821 4743 Εύαγγελίου
2899 4672 3080 4743 ῥητῶν
3139 4670 3524 4740 διαγράφουσι,
3606 4670 3708 4740 τὴν

2135 4770 2408 4839 σφετέραν
2442 4767 2600 4832 δόξαν
2628 4766 2967 4837 πειρώμενοι
3012 4767 3295 4833 συνιστᾷν·
3330 4761 3703 4833 κληρούμενοι

2131 4864 2184 4917 δὲ
2204 4863 2298 4917 καὶ
2327 4863 2428 4931 τὴν
2450 4862 2559 4915 τῶν
2584 4859 2976 4928 Μονοφυσιτῶν
3010 4859 3106 4911 καὶ
3158 4856 3547 4925 Θεοπασχιτῶν
3606 4857 3705 4909 καὶ

2145 4952 2671 5022 ’Δφθαρτοδοκητῶν
2710 4952 2806 5004 καὶ
2856 4948 3253 5015 Μονοθελητῶν
3317 4949 3556 5017 αἵρεσιν,
3605 4948 3707 5015 τὴν

2134 5043 2226 5096 τοῦ
2256 5044 2521 5112 Κναφέως
2551 5043 2759 5111 Πέτρου
2791 5042 3110 5113 προσθήκην
3139 5041 3215 5110 τῷ
3237 5041 3515 5111 τρισαγίῳ
3548 5040 3707 5109 ῦμνῳ

2134 5138 2255 5189 λίαν
2298 5135 2655 5199 ἀσπάζονται⁹
2688 5134 2962 5203 λέγοντες,
2988 5134 3064 5197 ὡς
3120 5135 3329 5188 ἄνωθεν
3385 5134 3417 5203 ἡ
3471 5133 3706 5185 καθόλου

2148 5229 2448 5298 Ἐκκλησία
2496 5228 2636 5281 οῦτω
2685 5229 2777 5280 τὸν
2818 5229 3103 5298 τρισάγιον
3160 5225 3332 5294 ὕμνον
3381 5227 3707 5297 ἐκήρυττεν·

2139 5323 2278 5393 μετὰ
2303 5322 2360 5374 δὲ
2383 5322 2480 5391 τὴν
2513 5322 2607 5373 τοῦ
2642 5320 2830 5384 παιδδις
2861 5319 3121 5390 ἁρπαγὴν
3178 5319 3355 5382 οὕτως
3385 5317 3709 5388 ἐνομοθέτη-

2139 5418 2393 5471 σεν.’Ἦν
2431 5415 2691 5486 ἁρπαγὴν
2724 5416 2818 5467 καὶ
2849 5414 2924 5475 ὡς
2954 5412 3121 5482 ψευδῆ
3170 5410 3335 5479 δῆθεν
3392 5411 3711 5468 παντάπασι

2137 5508 2526 5577 διαγράφουσι’
2571 5508 2707 5576 μηδὲ
2749 5506 2859 5574 γὰρ
2888 5508 2955 5573 τῇ
2995 5503 3417 5574 τρισυποστάτῳ
3468 5503 3711 5568 θεότητι,

2137 5602 2211 5663 ὡς
2243 5604 2291 5655 ol
2314 5604 2446 5653 θεῖοι
2498 5600 2740 5670 Πατέρες
2773 5598 3093 5651 διδάσκουσι
3167 5595 3377 5666 ταύτην
3430 5595 3715 5666 προσάγε-

2142 5695 2264 5746 σθαι
2300 5694 2628 5762 φάσκουσιν,
2657 5692 2795 5743 ἀλλὰ
2833 5692 2911 5761 τῷ
2938 5693 3219 5759 μονογενεῖ
3240 5689 3402 5759 Λόγῳ
3460 5688 3709 5759 Χριστῷ.

464 5798 590 5852 inde
635 5797 703 5852 ab
742 5793 900 5849 initio
944 5792 1207 5864 hymnum
1240 5806 1365 5847 eum
1407 5791 1479 5846 ita
1508 5788 1854 5858 decantasse,
1913 5806 2011 5861 pos

2143 5790 2205 5842 ΟΞ
2235 5788 2280 5840 δ’
2308 5787 2459 5840 αὐτοὶ
2503 5787 2600 5839 καὶ
2634 5784 2842 5856 ἄζυμον
2890 5785 2993 5838 οὐκ
3031 5784 3195 5855 ἄρτον
3249 5783 3308 5835 ὲν
3357 5783 3476 5843 ταῖς
3536 5780 3713 5849 ἱεραῖς
3760 5837 3767 5843 ,
