4100 6216
429 308 526 369 ιιι

1306 309 1907 372 ECCLESIASTICA!
1958 309 2345 372 HISTORIrE
2387 311 2530 374 LIB.
2579 314 2802 374 XVIII.

3571 315 3676 376 412

430 422 742 490 ἁγιστείαις
772 423 1160 495 προσφέρουςι,
1198 426 1292 478 καὶ
1326 422 1469 479 οἶνον
1490 427 1793 496 ἀκέραστον
1821 427 1997 481 ὕδατισ

2105 429 2260 495 pueri
2323 437 2508 484 autem
2545 430 2697 485 illius
2723 443 2961 501 raptum,
3000 441 3061 488 ut
3091 431 3137 486 is
3169 431 3331 489 aliter
3363 444 3677 494 caneretur.

435 516 564 585 μίαν
595 516 683 569 διά
709 516 901 568 τούτου
943 516 1107 584 φύσιν
1141 518 1196 567 ὲν
1230 517 1308 587 τῷ
1337 516 1556 595 Χριστῷ
1600 518 2002 586 καταγγέλλον-

434 627 546 673 τες,
572 611 667 662 καὶ
698 610 795 678 οὐχ
822 610 898 673 ὡς
930 612 1093 679 ἡμεῖς
1127 612 1378 680 κιρνῶσι,
1411 612 1508 682 τὴν
1538 614 1737 668 ἕνωσιν
1770 614 1879 666 τῶν
1908 614 2002 667 δύο

435 702 657 769 φύσεων
712 701 1169 768 ὑπεμφαίνοντες.
1214 702 1356 756 Ἀλλ’
1378 706 1427 757 οί
1458 704 1773 765 θεοϐλασεῖς
1822 706 1916 758 καὶ
1940 706 2001 759 τὸ

437 792 630 860 Πάσχα
662 792 974 855 Ἰουδαϊκῶς
1008 793 1244 856 τελοῦσι,
1283 794 1411 864 βόας
1456 797 1552 848 καὶ
1586 797 1838 864 πρόϐατα
1862 798 2004 851 κατὰ

434 886 533 954 τὴν
593 884 901 951 Ἰουδαῖκὴν
950 884 1211 954 λατρείαν
1249 886 1492 947 θύοντες·
1548 888 1641 940 καὶ
1686 886 1763 957 τῷ
1808 888 2002 955 αἷματι

435 976 529 1028 τοῦ
560 976 734 1044 ἀμνοῦ
784 976 881 1037 τὰς
926 976 1035 1029 τῶν
1064 978 1251 1030 οἰκιῶν
1300 977 1465 1047 φλιάς
1510 979 1744 1049 χρίουσι·
1801 978 1877 1047 μὴ
1906 978 2001 1031 τοῦ

435 1069 759 1123 δεσποτικοῦ
797 1069 1312 1138 μεταλαμῦἀνοντες
1341 1070 1593 1139 σώματός
1622 1088 1678 1123 τε
1715 1071 1808 1123 καὶ
1832 1070 2002 1136 αἵμα-

436 1178 551 1225 τος,
577 1162 713 1214 ἀλλά
743 1162 831 1213 τὸν
866 1162 1039 1229 ἀμνὸν
1072 1160 1383 1224 Ἰουδαϊκῶς
1402 1162 1644 1224 θύοντες,
1675 1162 1772 1215 καὶ
1790 1162 2002 1214 ὀπτῶ-,ι-

437 1268 528 1313 τες
578 1253 733 1320 πυρὶ,
759 1251 947 1304 τούτου
996 1254 1300 1323 μετέχουσι.
1332 1254 1442 1305 Καὶ
1489 1251 1580 1305 τὸν
1634 1253 1871 1320 σταυρὸν
1939 1253 2000 1304 οὐ

439 1339 707 1409 πρότερον
740 1337 973 1405 τιμῶσιν
995 1340 1043 1391 εί
1076 1341 1149 1407 μὴ
1180 1337 1540 1407 βαπτίσουσιν
1566 1337 1759 1409 ὥσπερ
1787 1339 2003 1409 ἀνθρω-

440 1444 562 1493 nov,
613 1432 708 1482 καὶ
742 1431 874 1497 περὶ
928 1428 989 1480 τὸ
1046 1429 1210 1498 μέσον
1245 1428 1413 1482 αὐτοῦ
1473 1424 1602 1502 ἧλον
1670 1431 2001 1500 ὲμπήξουσι,

441 1521 538 1573 καὶ⁵
568 1524 859 1591 χρίσουσιν
923 1520 1087 1574 αὐτὸν
1138 1521 1216 1589 τῷ
1262 1522 1327 1574 ἐκ
1375 1521 1476 1589 τῆς
1543 1522 1736 1587 θυσίας
1786 1520 1999 1593 αἵματι.

438 1613 611 1667 Τοῦτο
640 1612 695 1665 δὲ
733 1612 983 1666 ποιοῦσιν
1015 1615 1095 1676 είς
1122 1614 1294 1682 ὄνομα
1330 1614 1425 1666 τοῦ
1468 1615 1708 1683 Χριστοῦ
1759 1616 2004 1670 δεικνύν-

436 1723 531 1768 τες
554 1706 628 1767 ὡς
652 1708 679 1759 ό
704 1700 783 1768 εἷς
837 1706 935 1774 τῆς
964 1705 1193 1775 Τριάδος
1224 1705 1587 1776 ὲσταύριυταιο
1621 1705 1697 1777 μὴ
1728 1708 2003 1770 συνιέντες

437 1795 513 1858 ὡς
540 1794 936 1865 συσταυροῦσιν
968 1794 1111 1847 οὕτω
1151 1795 1244 1848 καὶ
1274 1795 1372 1864 τὴν
1402 1795 1495 1848 τοῦ
1537 1795 1748 1863 Πατρδς
1771 1796 1869 1848 καὶ
1904 1797 2003 1866 τῆς

438 1888 694 1956 θεότητος
745 1887 926 1956 φύσιν,
992 1888 1123 1956 μίαν
1164 1883 1331 1940 οὖσαν
1366 1889 1459 1940 καὶ
1506 1886 1606 1959 τὴν
1650 1889 1843 1957 αὐτήν.
1893 1888 2000 1941 Kal

436 1982 589 2050 τρεῖς
609 1981 664 2032 δὲ
696 1982 963 2049 σταυροὺς
999 1979 1352 2048 συνάψαντες,
1383 1980 1549 2048 ἁγίαν
1578 1980 1786 2051 Τριάδα
1843 1996 2004 2035 κατο-

435 2073 756 2142 νομάζουσιο
785 2073 872 2125 διά
902 2072 1105 2126 τούτων
1128 2074 1268 2143 τάχα
1313 2074 1692 2141 ἐμφαίνοντες,
1724 2073 2002 2141 τὴνῗάγίαν

436 2165 646 2234 Τριάδα
698 2162 1182 2233 συσταυρωθῆναι.
1246 2164 1357 2215 Kal.
1388 2163 1607 2226 εἰκόνας
1663 2161 1759 2216 τοῦ
1792 2164 2001 2233 Πατρὸς

436 2255 654 2309 καὶτοῦ
686 2256 844 2322 ἀγξου
877 2255 1197 2325 Πνεύματος
1242 2254 1624 2320 είκονίζουσινο
1687 2256 1827 2327 ὅπερ
1879 2256 2002 2309 ἀτο-

437 2361 560 2400 πον·
588 2347 643 2401 αἱ
670 2348 781 2418 γάρ
808 2349 1019 2408 εἰκὸνες
1055 2347 1268 2418 ὁρατῶν
1318 2348 1406 2398 καὶ
1464 2350 1860 2416 περιγράπτων
1895 2364 2002 2401 σω-

446 2440 631 2508 μάτων
657 2440 815 2502 είσὶν,
853 2439 913 2491 οὐ
953 2439 1059 2509 μὴν
1112 2439 1220 2492 τῶν
1272 2439 1661 2509 ἀκατανοήτων
1713 2438 1805 2491 καὶ
1838 2438 2001 2505 ἀορά-

435 2547 566 2583 των.
596 2530 711 2591 Τάς
739 2529 795 2581 δὲ
818 2530 971 2599 ίερας
1002 2529 1219 2591 εἰκόνας
1251 2529 1413 2600 δῆθεν
1468 2530 1671 2599 τιμῶσι
1723 2529 1847 2598 μὲν,
1899 2531 2001 2582 οὐκ

436 2619 775 2681 ἀσπάζονται
800 2617 877 2668 δέ·
923 2616 1000 2686 τῷ
1030 2617 1085 2669 δὲ
1112 2615 1359 2687 δακτύλῳ
1393 2617 1538 2687 μόνῳ
1560 2616 1996 2687 προσψαύοντες,

442 2706 630 2759 τοῦτον
675 2705 1037 2771 ἀσπάζονται.
1089 2706 1200 2777 Τὴν
1234 2707 1291 2760 δὲ
1347 2708 1479 2775 παρ’
1522 2706 1678 2777 ἡμῶν
1715 2707 2001 2760 κοινωνίαν

436 2798 591 2851 οὐδὲν
621 2798 882 2868 ἥγηνται·
914 2801 1010 2854 καὶ
1042 2801 1142 2869 τὴν
1168 2800 1493 2871 προσφοράν
1538 2800 1705 2869 ἐλαίῳ
1754 2799 2002 2868 ἀναματ-

439 2908 595 2945 τουσι
633 2892 728 2944 καὶ
752 2891 1059 2959 ἀλείφουσι.
1092 2894 1362 2959 Λέγονται
1396 2893 1451 2945 δὲ
1476 2892 1569 2944 καὶ
1592 2891 1838 2953 ἐκθέσεις
1857 2890 2002 2960 ἔχειν

438 2984 713 3053 διαφόρων
763 2983 1121 3054 λειτουργιῶν
1164 2985 1316 3053 παρά
1364 2985 1464 3052 τὴν
1529 2982 2002 3053 ὲκκλησιαστικὴν

2103 520 2459 575 constitutum
2491 536 2615 576 esse
2649 523 2919 578 dicentes.
2949 527 3122 589 Quem
3154 523 3378 593 quidem
3412 536 3630 594 raptum
3657 567 3673 589 ,

2105 620 2359 681 tanquam
2423 612 2619 666 falsum
2677 614 2891 669 scilicet
2919 615 3168 681 omnino,
3212 623 3434 685 negant.
3471 616 3663 686 Neque

2106 700 2277 755 trium
2310 701 2789 756 subsistentiarum
2850 702 3069 765 Deitati,
3118 704 3282 759 sicuti
3327 704 3439 759 divi
3474 705 3669 760 Patres

2103 792 2324 853 docent,
2358 791 2451 846 sed
2486 792 2769 862 unigenito
2798 795 2967 848 verbo
2999 793 3218 849 Christo
3246 809 3468 850 carmen
3512 796 3670 865 ejus-

2103 882 2249 937 modi
2303 882 2521 937 concini
2588 883 2801 938 dicunt.
2848 884 3015 939 [idem
3070 884 3173 952 ipsi
3231 900 3290 940 re
3360 885 3545 940 divina
3598 884 3675 940 la-

2103 974 2296 1031 cienda
2355 992 2546 1047 azymo
2602 993 2712 1032 non
2770 992 2909 1048 pane
2966 986 3198 1032 utuntur
3228 978 3330 1047 (l),
3360 987 3416 1033 et
3451 977 3520 1032 ad
3549 991 3670 1033 eam

2102 1066 2291 1119 vinum
2327 1082 2469 1136 aqua
2502 1082 2609 1121 non
2648 1076 3011 1137 temperatum
3069 1067 3375 1123 adhibent:
3419 1083 3580 1121 unam
3607 1083 3670 1121 ea

2104 1171 2160 1210 re
2185 1156 2239 1210 in
2275 1155 2495 1211 Christo
2523 1166 2775 1212 naturam
2832 1157 3182 1227 designantes
3210 1196 3226 1221 ,
3293 1172 3473 1228 neque
3502 1157 3671 1212 sicuti

2105 1256 2243 1309 nos,’
2276 1247 2501 1302 calicem
2569 1249 2820 1313 miscent,
2853 1264 2949 1318 per
2986 1263 3150 1318 quam
3191 1248 3502 1303 mistioncm
3536 1247 3675 1302 dua-

2103 1351 2225 1390 rum
2286 1347 2604 1392 naturarum
2670 1339 2932 1394 unionem
2991 1339 3359 1394 declaramus.
3413 1339 3482 1393 At
3532 1353 3664 1408 erga

2104 1427 2275 1481 Deum
2333 1428 2485 1499 impii
2546 1429 2623 1484 illi
2687 1429 2890 1485 Pascha
2948 1445 3169 1500 quoque
3228 1428 3456 1483 Iudaico
3518 1443 3672 1483 more

2103 1520 2409 1585 celebrant,
2465 1520 2634 1576 boves
2683 1530 2739 1576 et
2766 1524 2937 1588 Ioves,
2965 1522 3120 1593 juxta
3157 1520 3324 1574 ritum
3354 1519 3670 1583 Iudaicum,

2104 1614 2467 1681 immolantes,
2510 1628 2564 1671 et
2601 1618 2867 1686 sanguine
2887 1618 3010 1688 agni
3050 1618 3249 1672 aedium
3283 1627 3465 1687 postes
3506 1616 3669 1671 inun-

2104 1712 2258 1772 gunt.
2324 1703 2441 1759 Non
2491 1706 2567 1760 illi
2598 1721 2800 1775 corpus
2848 1717 2903 1760 et
2934 1708 3256 1777 sanguinem
3293 1706 3507 1762 Domini
3546 1721 3673 1776 pcr-

2104 1796 2391 1864 cipientes,
2424 1798 2516 1852 sed
2550 1812 2747 1867 agnum
2778 1797 3004 1853 Judaice
3064 1799 3461 1857 sacriﬁcantes,
3492 1807 3660 1866 atque

2102 1887 2211 1956 igni
2269 1898 2559 1955 torrentes,
2632 1890 2700 1945 de
2767 1905 2833 1943 eo
2890 1889 3241 1959 participant.
3281 1887 3513 1943 Crucem
3559 1902 3668 1940 non

2103 1983 2255 2053 prius
2296 1981 2505 2037 honore
2546 1980 2736 2036 debito
2765 1991 3211 2050 prosequuntur,
3240 1995 3412 2050 quam
3441 1979 3667 2049 perinde

2100 2085 2265 2145 atque
2322 2075 2598 2130 hominem
2658 2074 3073 2144 baptizaverint,
3137 2081 3303 2142 atque
3368 2071 3422 2126 in
3485 2070 3668 2125 media

2102 2170 2217 2239 ipsa
2276 2182 2440 2223 cruce
2498 2167 2712 2222 clavum
2766 2164 2935 2235 ﬁgunt
2988 2164 3354 2233 (2),eumque
3401 2160 3669 2231 sanguine

2101 2261 2338 2316 victima:
2380 2268 2613 2330 ungunt.
2653 2256 2766 2312 Iloc
2806 2272 2937 2310 vero
2974 2255 3185 2310 faciunt
3245 2255 3302 2308 in
3338 2253 3546 2309 Christi
3573 2268 3672 2306 no-
3752 2244 3757 2247 ’

2103 2366 2249 2415 men,
2309 2366 2473 2405 unam
2532 2357 2739 2405 sanctae
2788 2346 3080 2401 Trinitatis
3118 2361 3410 2415 personam
3446 2343 3672 2399 crucifi-

2102 2459 2224 2498 xam
2253 2458 2374 2498 esse
2408 2440 2803 2496 ostendentes:
2838 2452 2939 2493 nec
2989 2437 3208 2491 interim
3284 2437 3673 2507 intelligentes,

2101 2533 2248 2606 quod
2276 2548 2343 2589 eo
2367 2534 2530 2587 modo
2554 2532 2718 2586 simul
2740 2530 2906 2585 etiam
2960 2528 3139 2583 Patris
3161 2538 3217 2583 et
3250 2527 3477 2583 Deitatis
3509 2537 3673 2581 natu-

2105 2642 2220 2681 ram
2273 2623 2729 2693 concruciﬁgnnt,
2758 2638 2878 2691 qua!
2906 2636 3014 2675 una
3036 2631 3121 2675 est
3169 2629 3224 2674 ct
3256 2620 3472 2674 eadem.
3508 2617 3676 2689 884

2103 2720 2241 2774 Tres
2270 2733 2405 2773 vero
2425 2731 2618 2771 cruces
2646 2723 3059 2775 connectentes,
3080 2722 3323 2766 sanctam
3342 2710 3671 2764 Trinitatem

2103 2811 2489 2880 cognominant
2522 2821 2625 2861 :eo
2657 2813 2817 2874 pacto
2847 2805 2988 2859 forte
3035 2804 3399 2867 insinuantes,
3428 2812 3672 2857 sanctam

2105 2901 2430 2957 Trinitatem
2466 2898 2628 2954 simul
2669 2894 2987 2951 cruciﬁxam
3017 2910 3161 2950 esse.
3207 2894 3477 2964 Imagines
3508 2893 3673 2948 etiam

2108 2993 2284 3049 Patris
2315 3001 2370 3047 et
2392 2990 2633 3061 Spiritus
2685 2987 2862 3042 sancti
2907 2986 3167 3056 elligiant,
3222 2984 3368 3055 quod
3406 2999 3675 3055 perquam

440 3075 735 3145 παράδοσιν
758 3076 851 3128 καὶ
872 3076 1184 3145 συνήθειαν.
1227 3074 1301 3127 Τὸ
1331 3075 1386 3127 δὲ
1426 3076 1798 3142 Μονοφυστται
1857 3070 1998 3128 εἶναι

2105 3092 2186 3140 est
2241 3081 2558 3137 absurdum.
2613 3076 2889 3149 Imagines
2931 3075 3081 3130 enim
3134 3089 3427 3145 corporum
3482 3086 3675 3128 eorum

440 3169 563 3221 λίαν
592 3167 925 3231 δεικνύντες,
988 3168 1069 3219 ἑνὶ
1123 3167 1371 3237 δακτύλῳ
1425 3169 1519 3220 καὶ
1581 3166 1643 3233 ἐξ
1695 3166 2000 3238 ἀριστερῶν

440 3261 531 3313 ἐπὶ
554 3260 620 3314 τά
645 3259 797 3324 δεξιά
832 3261 1227 3328 σφραγίςουσιν
1265 3257 1519 3321 ἑαυτούς’
1559 3259 1656 3311 καὶ
1708 3257 1799 3312 τὸν
1857 3257 2000 3312 θεῖον

443 3353 677 3423 σταυρὸν
708 3355 772 3420 τῇ
800 3351 1010 3421 μεγάλῃ
1044 3351 1372 3420 Παρασκευῇ
1407 3349 1511 3402 ὑπὸ
1564 3350 1668 3420 γῆν
1729 3348 2005 3418 κατακρύ-

443 3456 670 3491 πτουσιν
714 3439 843 3509 ἄχρι
889 3439 990 3507 τῆς
1043 3438 1286 3506 μεγάλης
1335 3437 1785 3508 Κυριακῆςοτότε
1815 3437 1860 3490 δ’
1888 3437 2004 3506 ἅμα

444 3534 581 3599 φωτὶ
615 3533 712 3593 τὰς
743 3532 921 3601 ῥύμας
953 3532 1258 3599 περιιόντες
1288 3533 1385 3584 καὶ
1411 3532 1509 3594 τὰς
1536 3533 1757 3599 γωνίας,
1804 3533 1898 3583 καὶ
1923 3531 2008 3582 ἐν-

445 3624 541 3677 θεν
571 3624 827 3679 κάκεῖθεν
856 3624 1153 3691 ζητοῦντες
1193 3624 1285 3677 καὶ
1314 3623 1755 3693 ἀνευρίσκοντες,
1804 3621 2006 3675 ὡσανεὶ

444 3716 760 3788 φανεροῦσι.
788 3717 979 3786 Χρόνῳ
1008 3716 1065 3769 δὲ
1108 3717 1373 3788 προῖόντι,
1427 3717 1519 3769 καὶ
1569 3715 1736 3776 ἄλλας
1781 3716 2004 3782 ἀδιαφο-

445 3812 568 3879 ρίας
628 3810 1139 3877 συνεπεσπάσαντο,
1196 3810 1332 3872 ἰδίας
1382 3808 1640 3879 νηστείας
1697 3806 1998 3869 ποιοῦντες.

448 3902 556 3955 Καὶ
581 3904 640 3955 ὲν
671 3904 781 3965 τοῖς
808 3903 1050 3956 Σάϐσασι
1076 3908 1169 3956 καὶ
1198 3906 1320 3965 ταῖς
1356 3904 1658 3971 Κυριακαίς
1682 3905 1781 3969 τῆς
1840 3902 2002 3968 ἁγίας

448 3994 691 4063 μεγάλης
732 3992 1190 4064 Τεσσαρακοστῆς
1231 3994 1370 4061 γάλα
1421 3996 1517 4046 καὶ
1568 3991 1729 4061 τυρὸν
1776 3994 1871 4046 καὶ⁹
1923 3992 2005 4045 ὠά

447 4085 704 4151 ἐσθίουσι,
738 4087 832 4139 καὶ
861 4086 929 4139 δι’
972 4086 1200 4155 ἀζύμων
1235 4086 1335 4152 τὴν
1368 4084 1561 4137 θυσίαν
1616 4081 1855 4135 ποιοῦσιο
1912 4082 2005 4135 καὶ

447 4176 543 4245 τὴν
573 4175 667 4228 τοῦ
706 4176 1090 4246 Ἀρτζιὸούρου
1146 4177 1445 4247 λεγομένην
1502 4174 1755 4243 νηστείαν
1811 4175 2007 4245 μικρὸν

447 4270 554 4338 πρὸ
581 4270 679 4339 τῆς
709 4271 969 4339 ἀπόκρεω
998 4271 1413 4339 συνεστήσαντο.

2107 3181 2255 3236 sunt,
2322 3185 2445 3240 quae
2497 3166 2673 3222 videri
2718 3174 2774 3220 et
2818 3161 3198 3218 circumscribi
3256 3167 3509 3230 possunt,
3563 3174 3677 3213 non

2108 3278 2302 3317 eorum
2360 3276 2480 3331 qua:
2531 3256 2825 3313 invisibilia
2862 3262 3013 3317 sunt,
3045 3259 3100 3306 et
3134 3249 3493 3320 intelligentia
3516 3264 3679 3317 com-

2112 3353 2376 3422 prehendi
2434 3357 2738 3419 nequeunt.
2793 3344 3061 3415 Imagines
3083 3356 3270 3397 sacras
3296 3347 3569 3396 honorant
3594 3340 3678 3396 illi

2112 3448 2360 3518 quidem,
2407 3445 2503 3501 sed
2532 3460 2641 3499 non
2659 3444 3002 3498 osculantur.
3042 3438 3120 3494 Ac
3140 3437 3312 3507 digito
3343 3444 3552 3490 tantum
3584 3450 3679 3490 eas

2110 3538 2510 3606 contingentes,
2535 3534 2665 3588 huic
2704 3531 2953 3587 osculum
2997 3528 3190 3599 ﬁgunt.
3218 3525 3677 3582 Communionem

2113 3637 2353 3683 nostram
2400 3625 2539 3681 nihil
2590 3638 2714 3678 esse
2771 3621 2986 3677 dicunt.
3059 3619 3129 3673 Et
3191 3616 3529 3671 oblationem
3553 3616 3679 3668 oleo

2103 3721 2384 3789 subigunt,
2413 3726 2469 3771 et
2492 3724 2727 3783 ungunt.
2762 3711 3031 3768 Dicuntur
3080 3724 3211 3765 vero
3245 3707 3680 3764 constitutiones

2105 3814 2304 3868 habere
2340 3807 2692 3864 multifariam
2738 3806 3054 3862 divinorum
3107 3802 3436 3866 ciliciorum,
3482 3810 3680 3869 praeter

2106 3902 2359 3959 Ecclesiae
2391 3900 2742 3956 traditionem
2798 3906 2856 3953 et
2895 3894 3379 3952 consuetudinem.
3410 3892 3592 3961 Atque
3620 3899 3682 3945 ut

2106 3992 2513 4063 Monopbysitas
2560 4005 2621 4044 se
2675 4004 2796 4044 esse
2846 3987 2979 4042 satis
3011 3983 3328 4047 ostendant,
3360 3979 3535 4053 digito
3569 3997 3681 4035 uno

2106 4101 2136 4139 a
2202 4086 2334 4141 laeva
2365 4084 2610 4139 dextram
2652 4096 2842 4136 versus
2873 4079 3082 4149 seipsos
3116 4090 3282 4131 cruce
3320 4075 3677 4142 consignant.

2110 4178 2173 4232 Et
2224 4192 2447 4233 crucem
2497 4182 2740 4229 sanctam
2813 4186 3010 4240 magno
3064 4170 3393 4223 Parasceves
3439 4164 3530 4218 die
3573 4162 3681 4217 sub

2114 4279 2259 4324 terra
2302 4266 2671 4332 abscondunt,
2711 4277 2886 4332 usque
2947 4260 3014 4315 ad
3048 4272 3303 4328 magnum
3338 4255 3682 4310 Dominicutn

446 4364 612 4421 diem.
644 4364 781 4419 Tum
813 4380 945 4419 vero
973 4380 1097 4419 cum
1145 4364 1352 4418 lumine
1392 4379 1487 4434 per
1515 4363 1721 4433 plateas
1788 4372 1845 4419 ct
1909 4365 2132 4434 angulos
2180 4365 2612 4425 circumeuntes,
2674 4359 2804 4412 hinc
2860 4365 2916 4411 et
2985 4353 3111 4408 inde
3146 4366 3266 4406 eam
3306 4357 3583 4420 quaerunt,
3627 4357 3683 4403 ct

450 4466 724 4518 inventam
771 4460 1081 4531 proferunt.
1139 4462 1407 4531 Tempore
1443 4472 1625 4514 autem
1674 4458 2002 4530 procedente
2054 4461 2190 4515 alias
2255 4459 2418 4515 etiam
2479 4454 2839 4524 ἀδιαφορίας,
2899 4451 3003 4505 hoc
3033 4459 3138 4513 est,
3165 4446 3304 4531 ritus
3336 4453 3394 4500 et
3421 4459 3683 4499 casrerno-

451 4561 587 4620 nias,
627 4574 748 4629 qua:
808 4559 1013 4629 pietate
1060 4559 1208 4613 salva
1265 4560 1351 4613 vel
1403 4561 1687 4615 observari
1750 4560 1837 4615 vel
1895 4557 2075 4613 omitti
2120 4566 2372 4626 possunt,
2430 4552 2699 4624 complexi
2755 4560 2904 4613 sunt,
2969 4546 3269 4619 peculiaria
3292 4542 3495 4617 jejunia
3527 4539 3685 4593 insti-

449 4661 685 4717 tuentes,
750 4661 805 4707 et
857 4652 1114 4707 Sabbatis
1152 4660 1317 4722 atque
1389 4654 1584 4709 diebus
1627 4652 1927 4707 Dominicis
1997 4666 2202 4720 magna:
2255 4658 2453 4705 sanctae
2503 4643 2945 4715 Quadragcsimm
3002 4642 3124 4705 lac,
3189 4641 3405 4693 caseu’m
3471 4642 3528 4688 et
3582 4647 3683 4687 Ova

446 4747 820 4812 comedentes,
878 4759 936 4803 et
987 4764 1086 4818 per
1135 4763 1330 4818 panem
1389 4764 1638 4819 azymum
1672 4748 2002 4804 sacriﬁcium
2043 4754 2412 4816 peragentes:
2482 4751 2647 4812 atque
2688 4740 2743 4795 id
2815 4736 2964 4809 quod
3014 4734 3270 4792 Arziburi
3304 4732 3506 4788 dicitur
3540 4729 3686 4800 jeju-

446 4844 623 4911 nium,
672 4846 836 4916 paulo
899 4854 1027 4900 ante
1083 4860 1212 4928 eum
1255 4845 1423 4908 dicm,
1461 4861 1570 4915 quo
1596 4845 1844 4901 carnium
1875 4860 2004 4900 esus
2038 4841 2405 4907 interdicitur,
2439 4847 2741 4895 servantes.

1032 4964 1283 5019 ΚΕΦΔΛ,
1311 4963 1436 5018 NA'.

483 5060 620 5127 Περὶ
664 5057 934 5111 Ἰακώϐου
960 5056 1067 5111 τοῦ
1094 5056 1292 5123 Σύρου
1323 5054 1421 5107 καί
1452 5053 1569 5107 τῶν
1608 5051 1973 5108 ἰακωϐιτῶν.

514 5176 767 5231 Μάλιστα
795 5176 852 5226 δὲ
879 5173 1053 5227 ταῦτα
1092 5172 1344 5226 τελοῦσιν
1387 5171 1437 5223 οί
1470 5169 1598 5240 παρ’
1631 5169 1817 5231 αὐτοῖς
1850 5167 2010 5236 λεγό-

447 5286 600 5336 μενοι
630 5266 1066 5337 Χατζιντζάριοι·
1126 5264 1334 5334 σχίσμα
1388 5263 1488 5315 οὐκ
1537 5262 1819 5332 ἐλάχιστον
1857 5260 2008 5323 ὄντες

444 5360 539 5413 τοῦ
595 5358 728 5429 παρ’
761 5361 943 5414 αὐτοῖς
995 5359 1289 5428 δόγματος,
1333 5356 1499 5409 οἱονεὶ
1585 5352 2007 5423 σταυρολάτραι’

443 5450 690 5516 Χάτζους
713 5451 824 5520 γὰρ
852 5452 879 5503 ὁ
910 5451 1143 5520 σταυρὸς
1173 5450 1305 5522 παρ’
1328 5450 1532 5513 αὐτοῖς’
1565 5448 1655 5502 τὸν
1694 5449 1805 5518 γὰρ
1840 5464 2005 5501 σταυ-

518 5586 592 5654 (l)
621 5585 738 5640 Iloc
768 5602 834 5640 ex
867 5587 1182 5641 Crmcorum
1207 5595 1263 5639 et
1287 5581 1580 5654 Orientalis
1616 5580 1871 5654 Ecclesia
1899 5580 2008 5634 ritu

445 5666 500 5711 ct
525 5650 791 5710 sententia
823 5658 1051 5710 dit—tum.
1102 5655 1241 5720 Quid
1288 5654 1391 5708 sibi
1446 5652 1578 5708 Velit
1632 5652 1688 5705 in
1724 5650 2012 5705 incruento

447 5725 734 5794 sacrificio,
768 5728 878 5781 vini.
902 5737 957 5782 et
986 5741 1138 5796 aqua:
1184 5724 1383 5779 mistio.

2700 4955 2926 5012 CAPUT
2988 4952 3122 5007 LIV.

2458 5050 2532 5104 De
2559 5049 2756 5105 Iacobo
2789 5047 2923 5119 Syro
2942 5088 2957 5111 ,
2987 5055 3037 5099 et
3064 5042 3339 5097 Jacobitis.

2179 5165 2407 5220 Maxime
2430 5177 2613 5217 autem
2639 5161 2756 5215 hac
2809 5160 3069 5221 retinent,
3103 5156 3199 5227 qui
3225 5154 3370 5223 apud
3408 5166 3507 5208 eos
3544 5150 3687 5207 Cha-

2108 5260 2330 5315 zinzarii
2375 5258 2760 5311 nominantur.
2810 5251 2997 5307 Factio
3056 5260 3239 5304 autem
3301 5262 3410 5303 non
3461 5244 3685 5299 minima

2109 5354 2226 5407 hcce
2278 5352 2550 5423 dogmatis
2600 5367 2795 5407 eorum
2863 5361 2971 5416 est,
3037 5348 3399 5405 Stanrolatrtc
3449 5343 3681 5399 scilicet.

2115 5446 2330 5501 Chazus
2386 5460 2625 5515 namque
2678 5459 2813 5499 crux
2864 5444 2932 5498 ab
2986 5442 3066 5498 eis
3124 5440 3349 5503 dicitur,
3397 5443 3686 5506 propterea

2192 5579 2267 5640 (9.)
2296 5578 2520 5634 Clavum
2550 5578 2806 5649 videlicet
2837 5577 3062 5649 ligentes
3098 5576 3153 5631 in
3177 5586 3343 5630 cruce
3374 5571 3429 5627 in
3461 5566 3686 5625 nomine

2122 5651 2180 5705 S.
2214 5650 2496 5705 'l'rinilatis
2547 5648 2837 5719 baptizata.
