4100 6216
399 224 504 287 443

1641 225 2052 286 NICEPHORI
2094 226 2438 285 CALLISTI

3553 229 3667 294 414

402 339 554 408 quod
606 355 828 398 crucem
879 348 1093 395 tantum
1147 338 1380 393 adorare
1407 347 1465 395 et
1491 339 1674 396 colere
1705 340 1982 394 dicantur.

2107 337 2183 388 ὼν
2216 336 2397 404 μόνον.
2433 336 2508 398 ὥς
2537 354 2695 406 φασι,
2726 336 2820 390 καὶ
2839 339 3210 404 προσκυνοῦσι
3249 339 3348 393 καὶ
3381 341 3660 401 σέϐονται.

406 431 508 498 Qui
551 447 684 486 sane
743 447 840 502 per
893 429 1082 486 omnia
1145 431 1254 486 illis
1302 431 1733 497 consentientes,
1766 446 1827 485 re
1861 431 1981 500 eju-

406 523 652 578 scemodi
699 522 934 577 maxime
998 537 1029 576 a
1082 523 1250 578 sectis
1293 521 1515 586 talibus,
1541 533 1595 577 et
1631 522 1896 578 Jacobitis
1927 522 1981 575 in

330 616 339 630 ⁴
407 615 625 684 primis,
662 615 957 671 dissentire
988 615 1266 669 videntur.
1308 615 1451 682 Quin
1479 624 1537 670 et
1564 615 1652 670 isti
1680 629 1786 668 non
1818 629 1981 668 unam

359 689 368 770 g‘
411 707 644 764 confuse
703 716 977 769 naturam.
1027 708 1174 762 sicut
1227 708 1329 772 illi,
1373 708 1427 761 in
1455 706 1690 762 Christo.
1710 720 1834 760 esse
1865 706 1984 774 opi-

340 814 350 824 v'
411 804 639 861 nantur,
689 795 784 850 sed
837 795 974 850 duas
1004 812 1020 854 :
1055 795 1516 866 quemadmodum
1574 804 1631 850 et
1658 809 1779 849 nos.
1811 793 1985 849 Caete-

409 899 534 940 rum
563 885 728 939 aliam
754 884 1097 954 peregrinam
1129 883 1468 954 impietatem
1508 897 1792 952 perperam
1821 881 1984 935 indu-

410 989 568 1036 cunt.
629 978 760 1046 quia
823 975 964 1030 duas
1030 991 1291 1046 personas
1339 976 1393 1029 in
1455 990 1565 1030 uno
1606 974 1831 1029 Christo
1861 989 1984 1027 esse

407 1061 578 1132 885
633 1063 995 1117 fabulantium
1080 1080 1233 1119 more
1311 1065 1816 1134 nuganturzjuxta
1875 1063 1986 1116 An-

419 1151 842 1220 thropolatram.
895 1153 943 1206 id
1004 1162 1108 1218 est,
1143 1154 1419 1209 hominem
1440 1155 1756 1210 adorantem
1789 1154 1987 1208 Nesto-

413 1242 595 1307 rium;
635 1245 707 1298 ita
741 1256 801 1299 ut
825 1245 1100 1314 passionis
1146 1257 1391 1315 tempore
1441 1248 1667 1301 alteram
1690 1263 1982 1316 personam

2086 427 2148 480 Οἳ
2172 427 2236 498 δὴ
2269 428 2523 482 καθάπαν
2556 431 2738 490 αὐτοῖς
2771 431 3200 498 συμφερόμενοι,
3269 433 3488 496 τούτοις
3551 437 3661 505 μά-

2064 514 2238 569 ’λιστα
2260 518 2541 586 διαφέρειν
2581 519 2822 582 δοκοῦσι,
2883 520 2978 572 καὶ
3037 519 3242 588 μᾶλλον
3291 523 3665 587 Ἰακωὸίταις.

2084 604 2158 658 Ού
2199 607 2308 676 γὰρ
2337 609 2464 677 μίαν
2497 609 2593 660 καὶ
2631 603 2780 662 οὗτοι
2818 611 2984 677 φύσιν
3003 613 3353 680 συγχυτικῶς
3407 615 3485 676 ὡς
3516 617 3668 667 ἐκεῖ·

2085 712 2164 746 νοι
2196 696 2290 748 ἐπὶ
2322 697 2559 766 Χριστοῦ
2587 698 3034 767 δογματίζουσιν,
3080 700 3218 753 ἀλλὰ
3263 702 3376 762 δύο,
3406 704 3668 774 καθάπερ

2086 789 2269 857 ἡμεῖς.
2300 789 2501 857 Ἄλλην
2528 789 2585 840 δὲ
2615 790 2774 857 ξένην
2807 789 3061 843 ἀσέϐειαν
3110 793 3536 860 παρεισάγουσι,
3573 794 3668 847 δύο

2077 879 2354 946 πρόσωπα
2385 879 2811 947 μυθολογοῦντες
2842 883 2934 933 ἐπὶ
2959 881 3056 934 τοῦ
3076 883 3195 943 ἑνὸς
3217 882 3489 952 Χριστοῦ,
3520 886 3668 938 κατὰ

2084 971 2178 1022 τὸν
2210 970 2656 1040 ἀνθρωπολάτριν
2717 973 3032 1043 Νεστόριον’
3089 973 3166 1037 ὡς
3212 977 3308 1028 καὶ
3363 977 3519 1044 παρά
3569 979 3667 1029 τδν

2087 1063 2278 1132 καιρδν
2304 1061 2396 1115 τοῦ
2428 1064 2635 1124 πάθους
2683 1063 2871 1132 ἕτερον
2927 1066 3217 1134 πρόσωπον
3277 1067 3379 1134 μὲν
3406 1065 3548 1120 εἷναι
3607 1068 3668 1120 τὸ

2087 1154 2296 1221 πάσχον
2320 1154 2412 1205 ἐπὶ
2451 1153 2708 1220 σταυροῦ,
2735 1153 2925 1225 ἕτερον
2977 1156 3034 1208 δὲ
3073 1156 3135 1208 τὸ
3183 1155 3386 1220 ἔξωθεν
3429 1175 3672 1226 κεχωρι-

2089 1243 2307 1310 σμένως
2344 1243 2629 1309 ἱστάμενον
2674 1245 2768 1297 καὶ
2816 1243 2879 1295 τὸ
2933 1244 3105 1305 πάθος
3154 1245 3320 1312 ὁρῶν.
3353 1247 3464 1298 Kal.
3526 1247 3668 1299 ἄλλα

415 1331 471 1384 in
499 1347 662 1386 cruce
699 1349 940 1402 passam,
978 1335 1203 1388 alteram
1246 1346 1428 1390 autem
1449 1337 1518 1390 ab
1547 1351 1608 1389 ea
1643 1315 1984 1404 segregatam

2107 1333 2315 1385 τοιαῦτα
2343 1331 2570 1402 ληροῦσι
2604 1315 2784 1402 πάσης
2806 1333 3130 1397 δυσσεϐείας
3179 1335 3490 1402 ἀνάμεστα.
3553 1339 3667 1390 Καὶ

417 1422 648 1475 seorsim
684 1423 926 1487 stetisse,
963 1425 1341 1492 passionisque
1401 1426 1778 1493 spectatricem
1816 1424 1984 1478 fuisse

2107 1427 2137 1476 ii
2178 1425 2280 1494 μὲν
2313 1423 2408 1477 νῦν
2438 1423 2497 1488 ἐξ
2520 1424 2713 1491 ἀλόγου
2741 1426 3090 1496 παραδόσεως
3124 1429 3189 1480 τὰ
3217 1427 3444 1480 τοιαῦτα
3479 1429 3667 1481 ποιοῦ-

419 1509 630 1565 dicant.
678 1512 908 1582 Insuper
968 1514 1073 1567 alia
1153 1529 1372 1582 quoque
1441 1516 1658 1582 generis
1713 1515 1981 1583 ejusdem,

2107 1531 2197 1569 rw
2235 1516 2284 1567 oi
2313 1516 2370 1568 δὲ
2397 1516 2615 1584 ἀρχαῖοι
2660 1515 2842 1568 αὐτῶν
2870 1516 3161 1586 νομοθέται
3190 1519 3287 1569 καὶ
3335 1518 3657 1587 καθηγηταί.

419 1603 704 1673 impietate
763 1605 910 1659 omni
970 1607 1170 1660 referta
1244 1607 1609 1660 deblaterant.
1675 1609 1853 1675 Atque
1905 1606 1982 1660 illi

2107 1607 2181 1660 εδν
2211 1606 2312 1674 τῆς
2342 1608 2583 1675 μεγάλης
2613 1607 2900 1676 Ἀρμενίας
2929 1607 3328 1675 συκοφαντοῦσι
3354 1609 3668 1678 Γρηγὸριον

418 1695 640 1763 quidem
703 1712 851 1750 nunc
907 1713 974 1750 cx
1025 1697 1341 1760 traditione,
1413 1714 1534 1767 quae
1589 1698 1800 1751 ratione
1833 1696 1982 1749 nulla

2107 1697 2157 1749 τὰ
2179 1669 2404 1750 τοιαῦτα
2425 1669 2884 1763 παραδεδωκέναι
2918 1669 3129 1760 αὐτοῖς’
3162 1698 3261 1752 καὶ
3295 1669 3668 1766 μάλιστα-τὴν

419 1784 638 1852 nititur,
669 1785 784 1840 haec
841 1787 1072 1841 faciunt.
1131 1787 1353 1842 Veteres
1382 1799 1563 1840 autem
1593 1803 1784 1840 eorum
1819 1788 1985 1854 legis-

2107 1795 2297 1861 ἱζυμον
2327 1791 2642 1861 προσφορὰν
2685 1792 2782 1843 καὶ
2827 1792 2887 1843 τὸ
2938 1793 3106 1862 χωρἰς
3159 1793 3306 1845 οἴνου
3361 1795 3664 1862 ποτήριον·

419 1874 627 1929 latores
673 1885 730 1929 et
771 1877 1047 1939 doctores,
1083 1894 1291 1947 magnae
1323 1880 1594 1933 Armeniae
1657 1877 1983 1946 Gregorium

2107 1885 2175 1934 ῑιὰ
2215 1881 2276 1935 τὸ
2307 1885 2398 1936 καὶ
2425 1883 2481 1934 ὲν
2522 1880 2598 1950 τῷ
2653 1882 2902 1950 μυστικῷ
2933 1883 3139 1952 δείπνῳ
3165 1883 3374 1952 ἄζυμον
3415 1886 3518 1954 τὴν
3573 1885 3671 1937 θυο

423 1965 577 2020 illum
623 1969 950 2032 antistitem,
1004 1962 1143 2025 ritus
1193 1973 1526 2038 ejuscemodi
1559 1972 1642 2025 eis
1669 1987 1766 2039 per
1795 1985 1987 2024 manus

2107 1976 2214 2028 τίαν
2240 1971 2407 2038 εἶναι,
2447 1975 2540 2027 καὶ
2584 1971 2727 2028 οῐνον
2762 1978 3171 2045 μεμονωμένονο
3195 1971 3268 2029 ὧν
3295 1978 3452 2030 οὐδὲν
3471 1981 3504 2048 ἡ
3535 1979 3674 2032 ἀπο.

424 2057 736 2122 tradidisse,
767 2061 1102 2116 calumniose
1153 2062 1358 2130 jactant
1382 2079 1394 2113 :
1419 2063 1650 2114 maxime
1681 2077 1809 2114 vero
1839 2061 1991 2115 obla-

2107 2068 2312 2136 ττολικὴ
2356 2066 2654 2136 Ἐκκλησία
2693 2067 3000 2137 προσίεται,
3055 2068 3155 2135 τὴν
3210 2068 3446 2137 ἀρχαίαν
3489 2071 3673 2138 παρά-

425 2149 633 2202 tionem
693 2166 964 2220 azymam,
1022 2153 1306 2221 etabsquc
1335 2169 1472 2221 aqua
1502 2153 1780 2221 poculum,
1819 2168 1987 2220 prOp-

2107 2159 2236 2211 ῑοσιν
2259 2159 2543 2228 ὲνθέσμως
2593 2159 2960 2226 φυλάττουσα.
3014 2159 3400 2229 Ἐρωτὼμενοι
3457 2159 3519 2212 δὲ
3573 2162 3673 2213 καὶ

421 2249 576 2296 terea
638 2242 782 2310 quod
839 2243 894 2295 in
964 2244 1190 2313 mystica
1236 2245 1330 2297 illa
1359 2258 1515 2298 caena
1545 2260 1791 2314 azynrum
1824 2245 1988 2297 etiam

2107 2250 2221 2314 περὶ
2251 2249 2350 2317 τῆς
2378 2248 2472 2301 τοῦ
2516 2248 2906 2319 ’Δρτζιὸούρου
2937 2252 3219 2319 νηστείας,
3253 2252 3478 2316 λέγουσι
3533 2251 3670 2303 ποτὲ

426 2332 756 2387 sacriﬁcium
779 2345 834 2387 et
868 2333 1055 2386 vinum
1088 2334 1262 2388 solum
1308 2335 1494 2388 fuerit.
1533 2334 1775 2401 Quarum
1806 2350 1988 2388 rerum

2107 2336 2194 2404 μὲν
2222 2337 2308 2388 διὰ
2335 2338 2434 2404 τὴν
2475 2337 2646 2405 Ἀδάμ
2682 2338 2896 2406 ἐξορίαν
2936 2338 3140 2404 ταύτην
3183 2339 3500 2406 νηστεύειν
3537 2339 3673 2391 ποτὲ

423 2422 627 2476 nullam
678 2425 979 2492 apostolica
1045 2425 1283 2480 Ecclesia
1315 2426 1579 2488 admittit.
1609 2439 1847 2482 veterem
1878 2436 1991 2479 tra-

2107 2427 2194 2494 μὲν
2229 2427 2315 2480 διὰ
2349 2429 2476 2490 τοὺς
2499 2427 2787 2489 Νινευῖτας
2827 2429 2978 2495 φασίο
3034 2429 3164 2480 ποτὲ
3210 2429 3267 2481 δὲ
3319 2430 3528 2498 ταύτην
3592 2425 3676 2482 εἷ-

423 2513 689 2570 ditionem
717 2517 969 2586 legitime
997 2532 1260 2572 servans.
1297 2517 1469 2572 Porro
1500 2518 1567 2571 de
1590 2517 1804 2589 jcjunio
1840 2518 1991 2569 Ληί-

2107 2537 2202 2584 vat,
2257 2520 2325 2590 ἢν
2356 2519 2522 2574 πάλαι
2550 2522 2670 2575 ποτ’
2709 2523 3044 2588 ὲνήστευσαν
3097 2522 3147 2573 οἱ
3175 2520 3483 2590 Ἀρμένιοι,
3541 2521 3676 2590 μέλ-

423 2605 546 2660 buri
610 2607 955 2678 interrogati,
1013 2611 1346 2679 quandoque
1395 2619 1619 2680 propter
1645 2610 1994 2678 Adamipro-

2107 2621 2276 2678 tovre;
2301 2615 2407 2668 ὑπὸ
2436 2615 2531 2667 τοῦ
2565 2615 2722 2684 ἁγίου
2773 2616 3078 2685 Γρηγορίου
3137 2614 3524 2685 βαπτίζεσθαι·
3578 2614 3676 2669 ἄλ-

427 2696 781 2766 scriptionent
837 2715 956 2754 eam
1012 2715 1071 2756 se
1131 2716 1380 2767 scrvare,
1415 2701 1746 2771 quandoque
1774 2708 1996 2770 propter

2107 2708 2216 2758 λοτε
2239 2707 2294 2758 δὲ
2329 2705 2416 2759 διά
2441 2723 2561 2758 τινα
2591 2706 2820 2774 Σέργιον
2852 2708 3022 2760 πάλαι
3052 2705 3185 2759 ποτὲ
3211 2707 3269 2759 ἐν
3303 2707 3491 2768 αὐτοῖς
3525 2722 3675 2775 μαρ-

429 2787 722 2853 Ninivitas,
787 2789 999 2846 dicunt.
1053 2792 1460 2863 Nonnunquam
1519 2808 1651 2848 vero
1701 2807 1824 2847 eam
1873 2806 1995 2846 esse

2107 2799 2409 2864 τυρήσαντα
2463 2797 2564 2867 τὴν
2633 2797 2806 2867 ἀληθῆ
2870 2798 3053 2850 αἰτίαν
3107 2796 3479 2860 ὲκκλίνοντες,
3551 2798 3679 2866 ἥτις

430 2879 694 2945 referunt,
724 2898 832 2952 qua
856 2884 987 2939 olim
1011 2884 1329 2941 seArmenii
1357 2902 1387 2940 a
1417 2885 1557 2940 cibis
1579 2886 1993 2950 abstinuerunt,

429 2985 557 3025 cum
605 2972 868 3042 baptizari
922 2990 952 3028 a
1001 2984 1188 3030 sancto
1227 2976 1492 3045 Gregorio
1517 2975 1844 3030 debuerunt.
1877 2973 1994 3027 Ali-

433 3063 655 3132 quando
711 3066 878 3119 etiam
926 3066 1197 3122 celebrari
1233 3067 1286 3121 id
1314 3073 1591 3130 asserunt,
1627 3073 1853 3136 propter
1878 3065 2004 3119 Scr-

434 3156 581 3224 gium
635 3155 947 3226 quemdam,
1011 3157 1106 3228 qui
1161 3158 1289 3212 olim
1347 3159 1492 3224 apud
1523 3173 1618 3213 eos
1641 3158 1904 3227 martyrio
1932 3158 2005 3214 sit

435 3246 767 3302 defunctus:
799 3264 978 3304 veram
1029 3250 1150 3322 ejus
1201 3250 1467 3322 originem
1515 3259 1570 3306 et
1595 3264 1814 3305 causam
1851 3265 2006 3304 com-

438 3355 743 3395 memorare
783 3342 1170 3409 detrectantes,
1229 3358 1354 3413 quas
1408 3342 1682 3414 ejusmodi
1737 3352 1842 3398 est.
1875 3341 2007 3397 Ser-

437 3433 561 3499 gius
610 3433 831 3503 quidam
887 3435 1032 3505 apud
1095 3451 1192 3491 eos
1224 3436 1412 3492 doctor
1437 3451 1626 3491 canem
1657 3436 1868 3500 habuit,
1894 3447 2002 3503 quo

441 3524 531 3596 ille
559 3543 586 3578 a
625 3526 870 3582 demone
899 3529 1123 3599 agitato,
1151 3529 1448 3600 plurimum
1470 3529 1746 3584 adventus
1785 3529 1870 3582 sui
1910 3529 2005 3580 de-

440 3615 715 3686 signatore
770 3628 936 3689 atque
993 3620 1175 3676 indice
1226 3637 1359 3676 usus
1410 3633 1518 3678 est.
1577 3622 1717 3676 Huic
1750 3619 2006 3675 Arziburi

441 3723 642 3763 nomen
691 3709 912 3778 indidit,
964 3712 1109 3782 quod
1141 3711 1528 3767 Armeniorum
1561 3713 1745 3783 lingua
1781 3712 2008 3764 litanda-

444 3811 619 3857 torem
648 3803 939 3874 significat.
971 3805 1107 3861 Cum
1132 3819 1263 3874 ergo
1306 3805 1362 3859 in
1414 3804 1635 3874 oppidis
1663 3815 1720 3860 et
1749 3805 1887 3858 vicis
1915 3807 2010 3858 lia-

445 3896 683 3950 bitantes
704 3896 958 3966 discipuli
990 3905 1046 3952 et
1075 3906 1373 3952 sectatores
1419 3897 1540 3967 ejus
1575 3912 1766 3951 canem
1805 3912 2008 3965 praece-

443 3989 667 4045 dentem
731 3988 1005 4054 viderent,
1058 3989 1273 4044 obviam
1306 3989 1382 4044 illi
1419 3990 1679 4059 magistro
1703 4004 1805 4045 suo
1835 3990 2008 4051 ibant,

444 4081 811 4151 eumdemque
853 4090 1160 4150 praeeuntes
1215 4081 1611 4151 producebant.
1674 4081 1874 4134 Evenit
1903 4096 2005 4133 au-

449 4184 580 4240 tem,
627 4184 688 4228 ut
747 4188 941 4229 canem
988 4173 1153 4243 lupus
1213 4173 1516 4228 devorarit.
1548 4172 1616 4227 Et
1643 4171 1869 4242 Sergius
1895 4181 2016 4242 post

446 4280 574 4320 cum
630 4265 798 4329 diem,
850 4281 960 4335 quo
1014 4280 1204 4320 canem
1260 4266 1618 4334 praemiserat,
1669 4265 1737 4320 ad
1786 4279 1882 4320 eos
1906 4280 2016 4334 quo

2097 2887 2247 2939 ἐστὶν
2301 2885 2463 2955 αῦτη.
2499 2887 2727 2956 Σέργιός
2761 2904 2846 2949 τις
2909 2887 3231 2956 καθηγητὴς
3319 2885 3453 2956 παρ’
3484 2890 3673 2950 αὐτοῖς

2024 2999 2070 3062 c
2103 2977 2238 3031 κύνα
2267 2976 2391 3028 τινὰ
2417 2977 2740 3046 ἐπεφέρετο*
2778 2970 2823 3044 ᾧ
2851 2977 2956 3030 ὑπὸ
2981 2978 3237 3047 δαίμονος
3292 2978 3678 3048 ἐνεργουμένῳ

2107 3067 2174 3119 τὰ
2203 3064 2374 3118 πολλὰ
2402 3066 2429 3117 ό
2462 3065 2686 3135 Σέργιος
2727 3065 2824 3134 τῆς
2865 3066 3026 3119 αὑτοῦ
3091 3068 3400 3137 παρουσίας
3454 3071 3673 3138 μηνυτῇ

2105 3156 2328 3226 ἐχρῆτο·
2371 3155 2432 3209 ὂν
2483 3155 2946 3226 Ἀρτζιὸούρτζην
2982 3157 3190 3210 ὲκάλει’
3228 3159 3317 3212 τὸν
3366 3159 3679 3228 μανδάτορα

2104 3247 2163 3301 δὲ
2196 3248 2347 3315 παρὰ
2387 3247 2751 3318 Ἀρμενίοιςή
2799 3247 2943 3312 λέξις
2971 3248 3144 3317 δηλοῖ.
3185 3250 3460 3318 Ὀπηνίκα
3496 3248 3680 3300 τοίνυν

2106 3341 2156 3393 oi
2187 3343 2244 3392 ἐν
2272 3339 2571 3409 πολιχνίοις
2599 3341 2692 3392 καὶ
2724 3339 3244 3410 κὼμαιςόίκοῦντες
3276 3341 3444 3394 αὑτοῦ
3499 3341 3681 3409 μαθηο

2107 3436 2200 3486 ταὶ
2232 3433 2319 3485 τὸν
2353 3433 2494 3485 κύνα
2550 3432 2814 3500 προῖόντα
2865 3431 3076 3502 ἑώρων,
3109 3434 3189 3496 εἰς
3237 3434 3541 3503 ἀπάντησιν
3581 3435 3679 3488 τοῦ

2112 3525 2260 3593 σφῶν
2287 3523 2607 3576 διδασκάλου
2656 3524 2904 3595 ἐξῄεσαν,
2957 3526 3421 3594 προῦπαντῶντες
3472 3526 3678 3578 αὐτόν·

2113 3615 2324 3680 συμϐὰν
2351 3614 2408 3667 δὲ
2435 3615 2524 3667 τὸν
2559 3614 2698 3667 κύνα
2729 3615 2878 3683 λύκῳ
2906 3615 3206 3684 βρωθῆναι,
3253 3617 3282 3668 ό
3314 3616 3545 3686 Σέργιος
3579 3615 3680 3684 βα-

2110 3707 2262 3770 δίσας
2299 3708 2415 3776 μετ’
2455 3709 2670 3777 εκείνην
2712 3708 2811 3777 τὴν
2845 3708 3061 3778 ἡμέραν
3107 3707 3233 3759 καθ’
3271 3707 3335 3778 ἢν
3391 3707 3484 3759 τὸν
3540 3708 3681 3758 κύνα

2113 3798 2440 3870 προῦπεμψε
2503 3800 2639 3869 πρὸς
2714 3803 2808 3863 οὓς
2874 3799 3181 3868 ἀπεστάλη,
3245 3799 3447 3869 καὶμὴ
3499 3799 3683 3868 εὑρὼν

2114 3893 2552 3960 ὑπαντήσαντάς,
2589 3891 2800 3962 βαρέως
2828 3893 2888 3944 τὸ
2960 3893 3173 3960 συμϐὰν
3213 3893 3468 3963 ἤνεγκεν.
3528 3892 3684 3944 Ἐπεὶ

2113 3985 2157 4039 δ’
2185 3985 2242 4047 ις
2269 3983 2497 4055 ὕστερον
2529 3984 2692 4053 μάθοι
2726 3975 2800 4046 ὡς
2821 3984 3167 4054 λυκόϐρωτος
3203 3987 3230 4036 ό
3255 3985 3402 4036 κύων
3436 3985 3682 4052 ἐγένετοε

2114 4074 2394 4140 διετάξατο
2429 4074 2734 4144 Ἀρμενίοις
2757 4073 2876 4127 καθ’
2905 4073 3135 4126 ἕκαστον
3196 4074 3443 4125 ἐνιαυτὸν
3467 4077 3524 4125 ὲν
3552 4074 3686 4144 ὡρι-

2119 4163 2346 4234 σμέναις
2373 4165 2609 4233 ἡμέραις
2643 4163 2924 4232 νηστεύειν
2958 4163 3095 4233 ὑπὲρ
3120 4163 3220 4232 τῆς
3251 4163 3344 4216 τοῦ
3379 4166 3539 4226 κυνὸς
3588 4166 3688 4217 αὐ·
3731 4155 3742 4167 ’

2119 4255 2214 4308 τοῦ
2243 4256 2515 4322 τελευτῆςο
2546 4257 2640 4306 καὶ
2675 4256 2968 4324 κατηφιᾷν,
3002 4255 3095 4307 καὶ
3126 4254 3572 4324 σκυθρωπάζειν,
3603 4257 3688 4308 ὅτι

452 4357 542 4411 ille
577 4357 795 4418 ,missus
845 4356 1043 4419 fuerat,
1096 4357 1373 4426 profectus
1422 4367 1526 4422 est,
1583 4366 1639 4412 et
1670 4372 1818 4422 cum,
1844 4357 1935 4425 qui
1962 4355 2007 4410 ei

2119 4347 2177 4400 τὸ
2205 4349 2457 4400 τοσοῦτον
2481 4346 2683 4414 ἀγαθὸν
2713 4348 2777 4399 ὲκ
2837 4349 3004 4416 μέσου
3042 4347 3282 4414 ἐγένετο.
3339 4348 3448 4400 Καὶ
3480 4348 3540 4398 τὸ
3593 4348 3687 4398 τοῦ

451 4449 666 4503 obviam
701 4449 970 4516 prodiret,
1013 4448 1284 4502 inveniret
1312 4453 1609 4516 neminem,
1642 4449 1884 4519 graviter
1900 4465 2018 4504 eam

455 4556 570 4596 rem
589 4540 780 4606 "tulit.
806 4540 875 4596 At
936 4550 1223 4612 postquam
1259 4543 1462 4597 certior
1495 4540 1671 4596 factus
1688 4549 1790 4603 est.
1818 4557 1848 4596 a
1889 4541 2021 4610 lupo

453 4649 644 4690 canem
697 4633 1018 4690 deVoratum
1074 4648 1217 4697 esse,
1284 4632 1561 4687 Armeniis
1627 4633 1932 4698 mandavit,
1961 4640 2023 4687 ut

455 4728 770 4795 quotannis,
838 4726 1039 4781 diebus
1109 4727 1286 4790 statis,
1341 4725 1412 4781 ob
1468 4725 1621 4780 canis
1651 4726 1773 4796 ejus
1806 4726 2021 4780 obitum

450 4819 782 4890 jejunarent,
825 4819 1098 4886 lugerent,
1162 4826 1326 4886 atque
1379 4826 1681 4871 maererent
1714 4833 1728 4870 :
1761 4817 1905 4886 quod
1937 4817 2023 4871 vi-

457 4913 658 4968 delicet
711 4920 920 4967 tantum
987 4910 1191 4964 bonum
1237 4924 1268 4963 e
1328 4909 1511 4963 medio
1553 4909 1828 4964 sublatum
1853 4918 2021 4964 esset.

457 5007 778 5075 Nomenque
835 5003 992 5058 canis
1034 5001 1246 5075 jejunio
1293 5003 1369 5068 ei,
1431 5003 1761 5057 Arziburum
1824 5017 2026 5072 cogno-

460 5101 755 5166 minantes,
807 5091 1209 5166 imposuerunt.
1274 5095 1382 5152 Sed
1435 5096 1705 5150 hactenus
1731 5095 1799 5150 de
1841 5095 2029 5149 Mono-

459 5191 718 5264 physitis,
771 5199 830 5247 et
883 5189 1196 5253 Tritheitis,
1238 5199 1292 5243 et
1353 5188 1636 5259 Agnoetis,
1688 5197 1744 5242 et
1778 5187 2030 5258 Theopa-

463 5283 679 5348 schitis,
705 5290 871 5353 atque
889 5280 1438 5352 Aphthartodocetis,
1458 5279 1526 5334 de
1548 5279 1748 5348 quibus
1777 5283 2030 5350 proximo

464 5377 606 5433 libro
654 5376 831 5432 fusius
880 5375 1224 5444 scripsimus,
1265 5381 1430 5443 atque
1462 5373 1592 5426 item
1626 5374 1694 5427 de
1725 5371 2028 5438 Jacobitis,

465 5468 762 5534 Armeniis,
823 5476 879 5522 et
933 5463 1294 5528 Chazizariis,
1321 5471 1377 5517 et
1406 5463 1552 5527 aliis,
1595 5463 1763 5533 886
1789 5477 2030 5533 quorum

468 5563 624 5617 multi
670 5559 1050 5630 superioribus
1090 5555 1433 5620 temporibus
1457 5555 1627 5610 duces
1653 5557 1804 5610 fuere
1843 5565 1900 5610 et
1931 5556 2031 5610 do-

469 5661 670 5716 ctores,
725 5649 963 5707 Nestorii
1037 5647 1282 5719 quidam,
1331 5646 1684 5717 Eutychetes,
1755 5646 2028 5710 Dioscuri,

2119 4440 2278 4502 κυνὸς
2301 4438 2472 4508 δνομα
2503 4441 2570 4508 τῇ
2606 4437 2834 4508 νηστείᾳ
2879 4439 3068 4509 ἐκείνῃ
3121 4439 3406 4502 ἐπέθεντο,
3467 4440 3687 4506 Ἀρτζι-

2121 4529 2390 4599 δούρτζην
2437 4528 2934 4598 κατονομάσαντες.
2982 4528 3121 4581 Ἀλλ’
3153 4533 3210 4579 ἐν
3254 4527 3465 4590 τούτοις
3495 4530 3593 4597 μὲν
3619 4531 3689 4582 τὰ

2123 4623 2228 4676 τῶν
2259 4621 2645 4692 Μονοφυσιτῶν
2676 4622 2769 4674 καὶ⁴
2795 4621 3092 4691 Τριθεῖτῶν
3127 4622 3223 4673 καὶ
3267 4620 3574 4689 ’Δγνοητῶν
3597 4622 3689 4672 καὶ

2124 4715 2525 4784 Θεοπασχιτῶν,
2551 4714 2646 4766 καὶ
2680 4713 3226 4783 Ἀφθαρτοδοκητῶν,
3261 4713 3392 4782 περὶΙ
3442 4708 3518 4765 ὧν
3553 4713 3688 4764 πλα-

2125 4807 2346 4877 τύτερον
2373 4808 2430 4860 ἐν
2456 4809 2522 4875 τῇ
2547 4804 2653 4874 πρὸ
2710 4805 2914 4872 ταύτης
2947 4803 3273 4873 διελάϐομεν
3323 4802 3560 4873 ἱστορίαο
3609 4803 3692 4857 ἔτι

2124 4902 2181 4954 δὲ
2205 4901 2332 4968 περί
2360 4915 2418 4952 τε
2455 4896 2804 4960 ’1ακω6ιτῶν,
2835 4894 3140 4965 Ἀρμενίων
3161 4895 3253 4948 καὶ
3278 4893 3693 4962 Χατζιτζαρίων

2127 4992 2222 5044 καὶ
2252 4990 2478 5059 ἐτέρων·
2513 4982 2586 5040 ὧν
2611 4986 2799 5039 πολλοὶ
2832 4989 2931 5055 μὲν
2956 4987 3196 5056 ἀρχηγοὶ
3244 4987 3339 5040 καὶ
3374 4982 3694 5054 καθηγηταὶ

2127 5082 2504 5148 διαγεγόνασιν
2529 5078 2758 5133 ἄνωθενο
2785 5079 3073 5148 Νεστόριοί
3097 5094 3240 5139 τινες
3285 5077 3381 5130 καὶ
3435 5076 3697 5144 Εὑτυχείς

2130 5173 2226 5228 καὶ
2254 5174 2555 5242 Διόσκοροι,
2591 5172 2830 5239 Κναφεῖς
2853 5187 2916 5223 τε
2951 5171 3045 5224 καὶ
3071 5170 3325 5238 Σευῆροι,
3367 5170 3461 5222 καὶ
3506 5167 3697 5221 Θεοδό-

2131 5287 2261 5335 σιοι,
2297 5267 2575 5322 ἰουλιανοί
2605 5283 2665 5320 τε
2707 5266 3162 5336 Ἁλικαρνασσεῖς
3214 5267 3311 5318 καὶ
3339 5264 3544 5327 Γαῖνοὶ,
3601 5262 3698 5314 καὶ

2134 5363 2291 5424 ἄλλος
2319 5359 2558 5421 τοιοῦτος
2584 5358 2742 5428 χορὸς
2762 5356 3062 5426 δυστυχῶν’
3086 5350 3164 5410 ὧν
3186 5354 3469 5408 δυσσεῦῶν
3494 5353 3700 5421 δογμά-

2132 5471 2240 5509 των
2269 5454 2359 5507 atat
2393 5449 2729 5519 σπουδαστὴς
2775 5453 2872 5502 καὶ
2921 5449 3220 5518 ὲφευρετὴς
3270 5447 3298 5498 ό
3359 5444 3702 5515 προῤῥηθεὶς

2145 5545 2400 5606 Ἰάκωϐος
2431 5544 2674 5610 γέγονεν.
2702 5539 2794 5604 Ἐξ
2822 5532 2882 5592 οὗ
2911 5544 3004 5594 καὶ
3027 5539 3341 5593 Ἰακωϐῖται
3368 5537 3428 5590 τὸ
3451 5539 3700 5589 πλεῖστον

2138 5640 2326 5707 Σύρων
2349 5635 2499 5696 ἔθνος
2536 5633 2662 5704 ἄχρι
2704 5633 2798 5687 καὶ
2848 5634 2905 5696 ἐς
2957 5633 3118 5702 δεῦρο
3170 5627 3696 5699 κατωνομάσθησαν.
