4100 6216
366 323 460 386 HS

1303 333 1900 419 ECCLESIASTlC/E
1942 341 2328 401 HISTORIA!
2369 341 2515 401 LIB.
2554 341 2779 403 XVIII.

3530 335 3636 399 446

372 438 449 491 (ἡ
481 445 582 508 τῆς
625 453 786 499 νοσου
814 444 1117 516 ἐπιμειλλον
1161 447 1391 518 μετέσχε
1417 450 1512 502 καὶ
1536 449 1759 521 Σέργιος
1789 454 1817 505 ὁ
1845 452 1951 521 πρὸ

2081 454 2322 524 Iuaphei,
2357 454 2569 519 Severi,
2596 453 2917 518 Theodosii,
2960 450 3175 509 Iuliani
3212 448 3639 512 llalicarnassei,

372 535 611 603 βραχέος
641 539 774 601 τοὺς
803 537 902 606 τῆς
925 539 1345 592 Κωνσταντίνου
1389 542 1544 610 ἀρχιε
1557 544 1813 610 ρατικοὺς
1863 545 1954 609 ἐγ·

372 627 678 695 χειρισῦεὶς
701 629 918 694 οίακας·
942 629 1037 699 ἀφ’
1059 624 1234 701 οὗπερ
1262 633 1298 702 ἡ
1317 630 1425 685 τῶν
1444 632 1834 701 Μονοθελητῶν
1869 632 1956 685 αι.

2060 545 2242 609 Caini,
2296 556 2351 601 et
2406 545 2549 601 alius
2609 546 2886 616 ejusmodi
2939 544 3245 599 infelicium
3324 541 3639 596 mortalium
3689 561 3698 571 ο

2059 638 2286 693 chorus.
2336 638 2582 705 Quorum
2635 638 2932 708 impiorum
2999 636 3320 706 degmatum
3401 641 3644 687 sectator

374 734 525 788 ρεσις
556 721 637 779 είς
680 721 878 784 πλάτος
920 724 1429 795 πεπαῤῥησίασται.
1476 726 1600 777 εΚαὶ
1640 725 1811 777 ταῦτα
1860 725 1959 793 μέν

2081 738 2230 798 itque
2294 737 2654 794 restaurator,
2704 745 2868 798 quem
2917 728 3183 793 diximus,
3217 723 3641 780 Jacobus'fuit:

371 808 571 872 οὕτως·
615 812 729 879 ἐγὼ
772 812 818 867 δ’
847 814 941 867 ἐπὶ
980 817 1044 868 τὸ
1109 816 1331 886 συνεχὲς
1391 817 1489 887 τῆς
1550 816 1795 888 ἱστορίας
1854 817 1957 888 ἤδη

374 903 703 972 πορεύομαι,
741 906 893 969 τέλος
922 910 1016 961 καὶ
1058 911 1124 981 τῇ
1162 911 1416 981 παρούσῃ
1444 925 1536 979 μοι
1573 915 1641 978 ιη’
1674 911 1783 963 τῶν
1807 910 1955 964 ἱστο-

377 993 514 1063 ριῶν
542 996 849 1066 ἐπιθήσων.

2024 864 2027 871 .
2065 834 2094 873 a
2150 835 2261 888 quo
2288 820 2525 875 maxima
2581 836 2647 875 ex
2683 831 2838 890 parte
2867 819 3133 890 Syrorum
3162 832 3295 887 gens
3320 815 3387 869 ad
3424 815 3645 869 hodier-

2064 926 2198 965 num
2262 926 2439 981 usque
2495 911 2643 966 diem
2699 910 2960 966 Jacobita:
2984 916 3114 963 sunt
3146 901 3641 961 denominati.Se.l

2063 1001 2210 1055 enim
2264 1003 2387 1071 ejus
2440 1001 2620 1056 morbi
2673 1001 3001 1072 contagione
3061 997 3288 1067 Sergius
3330 996 3519 1058 etiam,
3545 991 3640 1061 qui

377 1102 489 1139 non
549 1093 625 1142 ita
688 1088 902 1159 pridem
968 1092 1482 1163 archiepiscopatus
1550 1093 2154 1162 Constantinopolitani
2222 1095 2593 1165 gubernacula
2669 1104 3013 1164 susceperat,
3094 1093 3333 1145 maxime
3410 1086 3645 1141 infectus

375 1191 481 1245 est,
543 1201 641 1253 per
680 1201 844 1254 quem
881 1187 1367 1243 Monotbclitarum
1402 1191 1631 1245 haeresis
1660 1190 1957 1244 admodum
1998 1202 2084 1246 est
2139 1202 2459 1263 propagata.
2514 1192 2590 1245 De
2646 1191 2736 1246 his
2784 1192 2920 1246 satis
2970 1209 2984 1244 :
3030 1205 3153 1243 nam
3226 1186 3292 1241 ad
3356 1184 3646 1239 historiam

378 1277 814 1334 continuandam
875 1289 1156 1345 revertor,
1218 1282 1381 1337 linem
1459 1298 1679 1353 quoque
1750 1283 1966 1339 decimo
2005 1296 2202 1340 octavo
2227 1286 2315 1341 hic
2347 1286 2703 1340 historiarum
2732 1284 2875 1338 libro
2907 1282 3289 1352 impositurus.

948 1391 1210 1444 ΚΕΦΑΛ.
1248 1390 1377 1445 NE'.

455 1482 597 1551 Περὶ
620 1481 731 1549 τῆς
750 1481 1029 1552 μυσαροῖς
1059 1483 1178 1535 τῶν
1221 1481 1535 1552 Ἀρμενίων
1566 1484 1665 1552 αίρ
1679 1481 1889 1549 έσεως.

454 1597 610 1650 Ἐπεὶ
654 1597 763 1666 γὰρ
793 1597 1044 1669 στερρῶς
1068 1597 1232 1667 δῆθεν
1263 1598 1291 1649 ό
1319 1599 1514 1660 Φωκᾶς
1542 1601 1608 1669 τῇ
1655 1599 1798 1669 ἀρχῇ
1833 1601 1969 1667 ἐπη-

2665 1400 2889 1457 IJAPUT
2934 1399 3043 1453 LV.

2308 1490 2385 1544 De
2408 1491 2765 1546 abominanda
2792 1491 3165 1546 Armeniorum
3200 1489 3412 1544 Ιιιενεεὶ.

2138 1603 2275 1658 Cum
2305 1604 2514 1660 Phocas
2546 1602 2835 1675 imperium
2873 1620 3061 1669 suum,
3095 1603 3310 1658 sicutei
3332 1601 3650 1665 videbatur,

388 1694 605 1762 ρείσθη,
641 1693 740 1763 τὴν
772 1693 872 1763 μὲν
904 1694 1188 1763 Θυγατέρα
1218 1695 1553 1763 Δομνεντίαν
1593 1694 1669 1762 τῷ
1731 1713 1966 1763 στρατη-

2081 1696 2469 1758 :on(irmasset,
2502 1697 2667 1751 tiliam
2701 1698 3085 1751 Domnentiam
3124 1696 3311 1750 Prisco
3346 1693 3472 1747 duci
3521 1707 3643 1745 ma-

385 1783 523 1853 λάτῃ
565 1776 791 1852 Πρίσκῳ
812 1785 893 1847 είς
926 1787 1219 1838 κοινωνίαν
1254 1786 1435 1854 γάμου
1494 1784 1872 1853 συζεύγνυσιν·
1906 1784 1969 1837 ἐκ

385 1891 531 1935 τινος
574 1874 619 1927 δ’
645 1876 1032 1947 ἐπισυμόάσης
1092 1876 1269 1937 αἰτίας
1336 1879 1393 1929 ἐν
1455 1876 1659 1945 ὑποψίᾳ
1716 1876 1860 1944 σχὼν
1913 1878 1969 1927 ἐν

386 1966 622 2035 κινδύνῳ
652 1964 965 2039 εἶναισύτῴ
1003 1970 1061 2021 τὸ
1110 1967 1403 2040 βιώσιμον,
1468 1972 1644 2038 μισῶν
1719 1986 1778 2021 τε
1829 1970 1969 2038 ὁμοῦ

388 2060 483 2112 τὸν
526 2060 797 2129 τύραννον
842 2061 942 2131 τῆς
983 2061 1292 2131 ὠμότητος,
1339 2062 1517 2114 πάντα
1571 2062 1751 2116 κάλων
1799 2064 1970 2114 ἐκίνει

389 2151 703 2221 παραλῦσαι
738 2153 904 2207 αὑτὸν
932 2153 1029 2223 τῆς
1062 2154 1262 2225 ἀρχῆς.
1315 2153 1602 2217 Ἐκτόπως
1653 2153 1709 2206 δὲ
1741 2155 1837 2206 καὶ
1891 2152 1972 2222 τῷ

392 2243 589 2313 πλήθει
628 2245 720 2297 διὸ.
757 2244 951 2313 μίσους
975 2246 1276 2317 ἐτύγχανεν
1301 2248 1329 2300 ὁ
1362 2246 1602 2314 κρατῶν·
1647 2245 1745 2299 ἅτε
1768 2246 1831 2315 δὴ
1872 2248 1970 2316 μέ-

389 2337 455 2411 θῃ
488 2337 635 2400 ἀνεὶς
666 2337 857 2390 ἐαυτὸν
874 2339 967 2392 καὶ
995 2339 1259 2411 ὠμότητι,
1293 2341 1388 2393 καὶ
1428 2338 1741 2409 ἀνθρώπων
1768 2338 1971 2408 αἵμασι

388 2424 597 2495 χαίρων
627 2424 912 2495 διηνεκῶς·
932 2426 1009 2489 ὡς
1040 2427 1104 2479 ἐκ
1151 2426 1321 2495 μέσου
1360 2426 1534 2480 θεῖναι
1584 2428 1685 2479 καὶ
1736 2426 1966 2495 σύμπαν

387 2515 799 2585 διανοούμενος,
849 2508 893 2585 ᾧ
946 2517 1229 2583 εὐγενείας
1284 2518 1317 2590 ἢ
1376 2518 1535 2587 δόξης
1580 2517 1612 2589 ἢ
1659 2519 1974 2588 φρονήσεως

387 2608 691 2677 τεκμήριόν
724 2625 774 2660 τι
827 2608 977 2675 ἐνῆν.
1005 2608 1233 2678 Ναρσῆν
1253 2609 1310 2661 δὲ
1349 2611 1441 2661 τὸν
1474 2610 1695 2678 ἄριστον
1739 2626 1977 2680 στρατη-

388 2702 488 2769 γὸν
520 2703 615 2755 καὶ
644 2702 983 2771 ὑπέκκαυμα
1020 2703 1196 2754 ἐποίει
1228 2703 1425 2771 πυρός.
1476 2701 1580 2754 Καὶ
1633 2702 1812 2754 τοίνυν
1846 2700 1978 2770 Πρί-

392 2797 572 2858 σκοςό
614 2794 879 2865 κηδεστὴς
938 2796 1033 2848 καὶ
1068 2795 1183 2846 ὅσοι
1248 2796 1349 2865 τῆς
1412 2794 1721 2865 συγκλήτου
1778 2793 1976 2864 βουλῆς

393 2888 727 2956 ἐνομίζοντο,
771 2888 827 2951 ἐς
856 2887 1022 2940 ταυτὸ
1052 2887 1330 2949 συνιόντες
1373 2888 1431 2939 ἐν
1467 2886 1770 2957 ἀπορρήτῳ
1810 2882 1977 2953 Ἡραι-

395 2982 563 3051 κλείῳ
589 2981 666 3050 τῷ
700 2982 869 3051 ’πατρῖ¹
913 2981 1243 3050 Ἡρακλείου
1276 2979 1370 3032 τοῦ
1411 2982 1551 3049 μετὰ
1584 2979 1782 3031 Φωκᾶν
1821 2994 1978 3048 περι-

396 3049 708 3144 ϐαλομένου
771 3049 870 3146 την
921 3075 1243 3146 ἁλουργίδα,
1293 3077 1350 3127 ἐν
1405 3077 1471 3143 τῇ
1530 3074 1671 3144 πρὸς
1735 3049 2050 3142 ίὲσπέρεινΟ

407 3169 645 3238 Ἀφρικῇ
676 3168 767 3220 καὶ
800 3166 974 3238 Λιϐύῃ
1009 3170 1108 3220 σὺν
1165 3168 1395 3234 δυνάμει
1442 3166 1609 3236 πολλῇ
1667 3166 1736 3218 τὰ
1794 3167 1979 3219 ἐκεῖσε

392 3260 654 3325 διέποντι,
686 3258 992 3329 γράφουσιν
1026 3258 1157 3311 ὥστ’
1178 3260 1486 3327 ἐπ;χειρείν
1541 3257 1722 3309 πάντα
1768 3256 1975 3326 τρόπον

397 3353 499 3422 τῆς
532 3354 750 3405 ἀνοσίου
783 3352 1102 3421 τυραννίδος
1146 3352 1209 3405 τὸ
1244 3351 1556 3420 Ῥωμαῖκζν
1614 3348 1984 3402 ἀπαλλάττειν

398 3446 588 3511 φῦλον,
629 3446 721 3497 καὶ
758 3444 832 3517 μὴ
858 3443 1037 3507 οὕτως
1077 3443 1374 3511 ὁλλύμενον
1406 3442 1618 3512 διορᾷν.
1650 3436 1761 3493 Ἤν
1819 3441 1876 3493 δὲ
1906 3440 1985 3511 τῷ

399 3536 677 3606 είρημένῳ
714 3534 1009 3605 στρατηγῷ
1060 3533 1372 3604 Ἡρακλείῳ
1395 3533 1813 3603 ὑποστράτηγος
1837 3535 1984 3604 Γρη-

406 3628 589 3696 γορᾶς.
644 3627 849 3692 Ἀμφω
910 3624 1095 3677 τοίνυν
1166 3624 1617 3692 συμπνεύσαντες
1672 3626 1799 3687 τοὺς
1846 3627 1985 3688 υἱεῖς

402 3721 663 3787 ἑκάτερος
687 3720 781 3769 καὶ
815 3718 955 3787 πεζῇ
981 3717 1209 3787 στρατιᾷ
1234 3718 1326 3768 καὶ
1366 3717 1523 3787 νηΐτῃ
1585 3717 1820 3787 στρατῷ,
1888 3719 1987 3771 σὺν

401 3811 478 3879 τῷ
533 3811 640 3863 ὑπὸ
674 3810 826 3879 σφίσι
859 3809 1095 3879 γενναίῳ
1131 3808 1529 3879 στρατεύματι,
1566 3810 1709 3862 κατὰ
1759 3808 1853 3862 τοῦ
1896 3827 1988 3863 τυ-

403 3901 601 3971 ράννου
635 3901 954 3953 ἀνίσταντο.
997 3898 1011 3913 ”
1031 3897 1074 3953 Ο
1102 3900 1204 3967 μὲν
1232 3893 1327 3950 οὖν
1354 3896 1448 3950 τοῦ
1494 3897 1820 3968 Ἡρακλείου
1858 3902 1987 3962 παῖς

416 3991 739 4062 Ἡράκλειος
770 3989 863 4043 τοῦ
894 3990 1035 4043 κατὰ
1068 3989 1351 4043 Θά).ατταν
1383 3990 1570 4056 ἡγεῖτο
1596 3989 1856 4059 στρατοῦ·
1890 3992 1990 4043 Νι-

402 4086 575 4155 κήτας
610 4083 658 4137 δ’
694 4086 718 4137 ὁ
745 4083 840 4137 τοῦ
875 4084 1157 4155 Γρηγορᾶ,
1190 4084 1287 4152 τῆς
1319 4084 1566 4151 πεζικῆς
1596 4083 1797 4155 ἐξῆρχε
1826 4084 1989 4138 δυνά-

404 4195 574 4242 μεως.
622 4176 685 4229 Ὀ
740 4176 838 4244 μὲν
894 4173 986 4228 οὖν
1031 4175 1357 4244 Ἡράκλειος
1407 4176 1689 4243 ἐπιφόρων
1735 4177 1988 4246 πνευμάη

399 4288 511 4323 των
556 4268 737 4339 τυχὼν
764 4308 780 4333 ,
840 4268 1183 4338 διαπλώῖμος
1223 4268 1461 4337 φθάσας,
1503 4268 1580 4339 τῷ
1614 4272 1723 4321 τῶν
1779 4269 1991 4337 Σοςριῶν

2075 1788 2332 1842 trimonio
2385 1788 2587 1860 iunxit.
2653 1788 2703 1843 ls
2763 1788 2930 1843 certis
2987 1787 3055 1842 de
3115 1787 3300 1841 causis
3326 1783 3641 1853 suspicione

2072 1887 2338 1946 concepta
2397 1880 2465 1931 de
2513 1879 2625 1931 vita
2676 1893 2736 1933 se
2768 1878 3093 1947 periclitari,
3148 1887 3382 1947 tyranno
3410 1874 3481 1927 ob
3518 1888 3648 1926 cru-

2072 1968 2349 2023 delitatem
2401 1969 2688 2034 infensus,
2744 1986 2962 2025 omnem
3019 1969 3231 2033 funem,
3287 1976 3345 2021 ut
3373 1967 3525 2019 illum
3550 1965 3651 2018 iut-

2074 2063 2231 2131 perio
2270 2062 2557 2132 dejiceret,
2616 2062 2811 2117 movit.
2862 2063 3056 2117 lilirum
3087 2075 3218 2116 vero
3243 2068 3450 2129 quanto
3482 2058 3647 2112 etiam

2074 2154 2127 2207 in
2161 2155 2311 2208 illum
2371 2154 2500 2210 odio
2536 2156 2833 2210 multitudo
2891 2155 3138 2226 ﬂagrarit
3172 2170 3185 2206 :
3226 2154 3366 2208 adeo
3389 2150 3645 2207 ebrietati

2072 2256 2129 2302 et
2182 2247 2405 2302 swvitiae
2451 2247 2724 2313 deditum,
2763 2257 2823 2302 ut
2850 2247 3025 2303 effuso
3058 2246 3347 2301 hominum
3382 2243 3650 2312 sanguine

2073 2339 2335 2395 continue
2393 2339 2691 2406 gauderet;
2726 2349 2782 2393 et
2830 2340 3021 2394 tollere
3084 2354 3116 2393 ο
3149 2337 3332 2392 medio
3358 2351 3552 2390 omnes
3591 2335 3651 2388 in

2075 2434 2261 2486 animo
2294 2431 2571 2495 haberet,
2627 2431 2683 2485 in
2740 2434 2943 2499 quibus
2992 2430 3296 2486 nobilitatis
3346 2428 3653 2497 autgloriaa

2075 2535 2171 2581 aut
2232 2524 2546 2595 prudentia:
2592 2524 2857 2580 indicium
2926 2523 3149 2594 aliquod
3190 2525 3411 2577 inesset.
3440 2520 3651 2576 Narsen

2076 2618 2357 2688 equidem,
2417 2619 2615 2672 ducem
2650 2618 2944 2687 optimum,
2985 2615 3097 2685 igni
3122 2614 3452 2670 combussit.
3482 2613 3655 2683 Igitur

2077 2710 2308 2765 Priscus
2330 2725 2501 2779 gener
2534 2708 2678 2778 ejus,
2715 2718 2772 2764 et
2826 2708 3141 2778 quicunque
3162 2703 3655 2759 senatoriiordinis

2079 2806 2260 2863 erant,
2316 2800 2553 2854 consilio
2609 2799 2767 2860 inito.
2810 2808 3026 2853 secreto
3061 2795 3315 2851 Ileraelio
3351 2796 3450 2865 (l),
3488 2794 3657 2849 Hera-

2079 2891 2170 2944 clii
2206 2891 2297 2960 qui
2344 2903 2466 2959 post
2490 2890 2724 2945 Phocam
2750 2889 3065 2957 imperavit,
3100 2888 3265 2957 patri,
3302 2889 3353 2941 in
3385 2886 3657 2942 Occiden-

2085 2984 2175 3037 tali
2212 2983 2398 3036 Africa
2437 2992 2493 3037 et
2521 2982 2690 3053 Libya
2722 2997 2847 3036 cum
2896 2980 3236 3035 militaribus
3262 2979 3439 3048 copiis
3466 2977 3659 3032 multis

2082 3074 2482 3145 rempublicam
2534 3074 2945 3128 administranti
3017 3075 3286 3137 scribunt,
3353 3079 3413 3125 ut
3482 3070 3660 3125 modist

2084 3167 2347 3222 omnibus
2405 3167 2668 3236 pupulum
2722 3167 3031 3245 Romanum
3069 3164 3233 3234 impia
3273 3161 3565 3237 tyrannide
3595 3163 3659 3217 li-

2086 3261 2281 3315 berare
2325 3261 2705 3326 contenderet,
2768 3276 2948 3330 neque
3008 3260 3161 3314 illum
3215 3260 3291 3314 ita
3332 3268 3657 3329 pereuntem

2087 3353 2142 3406 in
2201 3364 2499 3423 conspectu
2565 3368 2666 3407 suo
2725 3352 3046 3422 negligeret.
3073 3351 3371 3406 Eratdicto
3403 3350 3527 3405 duci
3558 3349 3664 3405 He-

2087 3444 2260 3499 raclio
2302 3445 2515 3515 legatus
2566 3444 2857 3515 Gregoras.
2895 3444 2958 3499 lli
2986 3444 3219 3502 consilio
3255 3444 3404 3498 inter
3429 3459 3488 3498 se
3512 3458 3661 3498 com-

2087 3536 2391 3598 municato,
2449 3536 2621 3589 tilium
2685 3545 2929 3605 uterque
2962 3550 3123 3590 suum
3176 3550 3303 3589 cum
3346 3534 3665 3589 fortissimis

2087 3628 2261 3697 copiis
2306 3628 2548 3697 pedestri
2605 3628 2899 3697 navalique
2962 3636 3229 3697 apparatu
3269 3628 3538 3681 adversus
3580 3635 3662 3697 ty-

2091 3736 2323 3775 rannum
2355 3722 2527 3775 misit.
2556 3721 2846 3774 Ileraclius
2893 3718 3132 3774 IIeraCIii
3157 3720 3303 3797 (ilius
3330 3720 3495 3773 classi
3526 3734 3669 3788 prse-

2091 3810 2195 3867 fuit
2231 3830 2244 3866 :
2284 3811 2782 3881 NicetasGrcgorae
2827 3809 2972 3865 Illius
3004 3811 3172 3881 887
3205 3810 3490 3879 pedestres
3517 3810 3671 3863 ordi-

2088 3917 2191 3956 nes
2242 3901 2421 3955 duxit.
2461 3900 2761 3954 Enimvero
2820 3898 3133 3961 Ileraclius,
3169 3897 3435 3952 secundis
3485 3895 3670 3949 ventis

2090 4008 2258 4049 cursu
2309 3991 2582 4055 confecto,
2651 3992 2709 4045 in
2756 3999 2971 4060 portum
3009 3990 3345 4059 Sephiarum
3377 3989 3451 4060 (2)
3479 3988 3670 4041 illatus

2091 4094 2196 4151 est,
2246 4084 2436 4140 Niceta
2489 4084 2692 4138 deinde
2737 4084 2988 4138 terrestri
3041 4084 3241 4139 itinere
3292 4084 3498 4137 lentius
3540 4082 3673 4136 sub-

2091 4187 2301 4233 secuto.
2339 4178 2515 4247 Atque
2549 4176 2836 4231 Heraclius
2877 4192 3002 4231 cum
3050 4176 3245 4230 Phocus
3270 4176 3447 4244 cepiis
3482 4174 3671 4244 pr’aeliu

2091 4270 2412 4334 commisso,
2467 4268 2689 4322 fortiter
2743 4269 3030 4322 victoriam
3063 4282 3131 4321 ex
3162 4282 3228 4321 eo
3250 4268 3446 4337 proelio
3483 4280 3675 4334 repor-

398 4363 583 4431 λιμένι
612 4362 906 4429 κατήγετο,
942 4360 1329 4431 σχολαιότερον
1351 4360 1447 4413 τοῦ
1512 4361 1773 4431 Γρηγορᾶ
1826 4364 1980 4415 ὑστε-

2096 4363 2251 4424 tavit,
2290 4361 2530 4416 maximo
2561 4362 2746 4414 animo
2771 4372 3050 4415 certamen
3088 4360 3139 4413 id
3174 4361 3474 4429 ingressus,
3525 4358 3673 4428 quod

406 4455 700 4521 ρήσαντος.
732 4452 841 4504 Καὶ
861 4452 925 4521 δὴ
964 4452 1149 4521 μάχης
1194 4453 1336 4521 μετὰ
1367 4452 1477 4505 τῶν
1508 4452 1586 4521 τῷ
1616 4455 1783 4523 Φωκᾷ
1841 4471 1982 4523 συμ..

409 4545 732 4612 μαχούντων
767 4544 1263 4614 συγκροτηοείσης,
1302 4546 1650 4615 κατακράτος
1692 4547 1793 4616 τὴν
1825 4547 1984 4615 νίκην

418 4635 742 4702 Ἡράκλειος
794 4635 1202 4705 περιϐάλλεται.
1225 4637 1574 4705 Θυμομαχῶν
1607 4638 1714 4708 γὰρ
1742 4633 1832 4708 ἦν,
1873 4638 1987 4689 δια-

411 4731 609 4792 κούσας
636 4729 714 4791 ὡς
742 4730 776 4798 ἡ
810 4730 1028 4798 γαμετὴ
1062 4728 1228 4781 αὐτοῦ
1281 4730 1341 4795 ἐξ
1380 4730 1606 4797 ’Ἄφρων
1659 4732 1985 4799 κατάγουσαι

2090 4455 2412 4519 audivisset,
2481 4470 2708 4507 uxorem
2765 4469 2920 4508 suam
2973 4468 3233 4522 genusex
3260 4448 3442 4505 Africa
3470 4449 3676 4503 ducen-

2092 4561 2201 4604 tem
2256 4547 2729 4615 circumscriptam
2784 4560 2928 4600 esse.
2985 4544 3109 4598 Non
3173 4558 3367 4612 parum
3430 4548 3581 4595 certe
3616 4548 3673 4593 et

2092 4639 2325 4706 Crispus
2377 4637 2525 4690 hunc
2566 4635 2797 4706 adjuvit,
2854 4635 3101 4706 praefecti
3160 4634 3485 4705 dignitatem
3526 4631 3673 4686 obti-

2096 4748 2257 4785 nens.

414 4826 506 4895 τὴν
542 4823 752 4892 σειρὰν,
810 4822 1159 4893 περιώριστο.
1198 4824 1311 4874 Ούκ
1344 4823 1598 4894 ἐλάχιστα
1652 4825 1838 4894 μέντοι
1905 4812 2010 4878 ’καὶ
2085 4828 2333 4896 Κρίσπος
2362 4826 2538 4897 τούτῳ
2574 4826 2762 4896 κρύφα
2801 4824 3099 4895 συνήρατο,
3154 4822 3253 4893 τὴν
3288 4819 3383 4875 τοῦ
3427 4821 3671 4891 ἐπάρχου

412 4915 756 4985 διαχειρίζων
802 4915 996 4984 τιμήν.

988 5024 1237 5087 κεΦΑΑ.
1279 5031 1426 5099 Νςςν.

415 5124 551 5193 Περὶ
586 5125 692 5180 τοῦ
726 5124 861 5194 παρ’
893 5123 1107 5191 αὐτοῖς
1148 5125 1493 5210 σχίσματος
1534 5120 1655 5175 τῶν
1688 5119 1992 5182 Χατζὶτζα-

1111 5211 1282 5263 ριων.

484 5306 706 5361 Τούτων
727 5303 872 5359 οὕτω
903 5308 1230 5375 γινομένων,
1264 5306 1359 5359 καὶ
1389 5304 1582 5357 πολλοῦ
1614 5304 1858 5374 ταράχου
1892 5305 1992 5376 τὴν

416 5401 574 5454 πόλιν
606 5399 973 5470 διειληφότος,
1001 5398 1111 5450 τῶν
1142 5415 1226 5461 τις
1256 5396 1540 5466 ἐπιφανῶν
1567 5399 1663 5451 καὶ
1701 5396 1851 5463 γένει
1874 5397 1994 5449 διά-

418 5508 612 5560 σημος,
640 5491 906 5553 Φωτεινὸς
931 5488 1124 5558 ὄνομα,
1150 5491 1316 5561 Φωκᾷ
1369 5490 1435 5543 τὰ
1462 5490 1700 5557 μάλιστα
1726 5488 1995 5559 χαλεπαί-

419 5604 547 5651 νων,
576 5579 638 5637 οὗ
670 5585 774 5654 τὴν
811 5583 1061 5653 γαμετὴν
1090 5583 1369 5644 ἐῢιὰσατο,
1415 5584 1513 5635 σὺν
1556 5580 1754 5652 πλήθει
1814 5580 1997 5651 πολλῷ

415 5680 486 5731 τὰ
516 5678 764 5747 βασίλεια
814 5674 1151 5746 είσ“ραμὼν,
1195 5674 1291 5727 τοῦ
1330 5675 1524 5745 θρόνου
1578 5676 1669 5728 τὸν
1737 5672 1998 5743 τύραννον

492 5793 566 5864 (l)
603 5792 686 5846 Al.
727 5788 1105 5847 Ileracleonem
1137 5798 1357 5845 vocant.

2680 5029 2909 5086 CAPUT
2953 5029 3090 5085 LVI.

2203 5125 2277 5178 De
2310 5125 2593 5179 srltismote
2636 5122 3116 5178 Chalzitzariorum
3168 5121 3311 5191 apud
3339 5118 3567 5173 eosdem.

2170 5307 2358 5362 Rebus
2425 5303 2577 5360 hisce
2627 5305 2700 5358 ita
2765 5301 2929 5367 actis,
2969 5300 3451 5370 tumultusingens
3481 5299 3677 5353 urbem

2100 5399 2335 5463 invasit,
2397 5407 2454 5453 et
2513 5414 2578 5451 ex
2614 5394 2924 5450 illustribus
2945 5403 2997 5448 et
3028 5393 3310 5464 praeclaris
3367 5393 3500 5446 viris
3533 5391 3675 5446 Pho-

2103 5494 2251 5547 tinus
2305 5491 2500 5545 Phoca:
2532 5505 2698 5559 quam
2736 5488 2971 5542 maxime
3005 5486 3238 5542 infestus
3274 5487 3421 5553 (nam
3448 5499 3679 5538 uxorem

2100 5585 2223 5652 ejus
2287 5582 2380 5635 ille
2432 5581 2840 5648 constttprarat)
2898 5592 3026 5632 cum
3081 5574 3441 5630 multitudine
3475 5588 3685 5641 magna

2103 5675 2445 5745 imperialem
2506 5674 2710 5742 regiam
2767 5671 3071 5738 ingressus,
3136 5679 3426 5739 tyrannum
3474 5664 3691 5721 throno.

2175 5788 2248 5860 (ἓ)
2280 5789 2359 5844 Ad
2384 5799 2600 5859 portum
2625 5786 2841 5857 Sephiuc
2878 5784 3073 5853 (Diae)
