4100 6216
454 300 560 363 447

1688 317 2107 379 NlCEl‘ilORI
2151 321 2502 381 CALLISTI

3602 327 3706 389 4‘38

456 426 559 467 suo
592 412 851 479 detraxit.
888 418 1052 489 eique
1096 422 1290 478 amicis
1343 424 1724 499 ministrisque
1762 429 1884 499 ejus
1916 429 2023 483 huc

2132 435 2411 504 κατασπᾷ.
2446 433 2508 485 Οί
2534 432 2592 485 δὲ
2627 433 2756 503 περὶ
2796 432 2962 487 αὑτὸν
2998 433 3299 502 δείσαντες,
3333 436 3494 499 ἄλλος
3546 439 3709 493 ἀλλα-

457 514 623 574 atque
677 507 805 562 illuc
843 508 1090 579 dilapsis,
1146 529 1483 585 purpuream
1542 530 1748 575 vestem
1798 521 2025 588 ademit,

455 604 513 649 et
566 598 771 665 pullam
825 599 1035 670 injecit,
1077 618 1142 658 ac
1176 621 1301 662 mox
1338 609 1582 665 vinctum
1609 612 1677 668 ad
1708 614 2024 669 Heraclium

450 686 697 743 adduxit.
753 691 847 746 ille
899 709 1068 764 porro
1127 713 1252 753 cum
1301 703 1642 769 perlibenter
1693 721 1819 760 eum
1867 706 2024 774 vidit,

453 788 569 831 tum
647 782 913 839 conviciis
980 786 1233 855 plurimis
1298 793 1593 862 conjectis.
1671 796 1915 851 calcibus
1972 797 2027 852 ei

450 866 755 928 insultavit.
811 874 879 929 Et
935 878 1121 933 statim
1182 890 1414 951 tyranno
1458 900 1654 941 manus
1721 897 1778 943 et
1844 889 2014 960 pedes

449 964 715 1031 resecari,
766 966 967 1023 deinde
1025 972 1365 1041 petulantem
1398 976 1519 1046 ejus
1551 978 1824 1035 luxuriam
1853 983 2021 1038 veluti

449 1052 673 1121 publico
729 1058 1071 1117 monimento
1141 1064 1460 1134 traducens,
1525 1081 1818 1140 propterea
1876 1074 2026 1145 quod

449 1147 778 1219 conjugibus
830 1155 1017 1209 multis
1065 1158 1174 1211 vim
1237 1159 1532 1227 intulisset,
1582 1163 1903 1232 pudibunda
1934 1180 2029 1221 ex-

450 1237 650 1303 scindi,
732 1252 1121 1315 postremoqne
1192 1251 1441 1306 omnium
1523 1264 1690 1323 caput
1751 1259 2029 1327 amputari

444 1326 613 1397 jussit
644 1331 743 1402 (l).
776 1333 989 1403 Corpus
1016 1337 1253 1394 infelicis
1286 1343 1405 1412 ejus
1444 1342 1687 1400 hominis
1735 1346 1790 1400 in
1830 1326 2025 1403 bovem

450 1436 687 1485 .cneum,
741 1426 835 1495 qui
895 1428 1161 1499 Pergamo
1213 1433 1411 1490 allatus
1451 1433 1648 1500 fuerat.
1692 1440 2026 1509 conjectum,

386 1538 391 1541 -
451 1520 617 1582 atque
647 1515 699 1569 in
732 1518 972 1583 cineres,
1006 1537 1106 1591 pro
1136 1537 1201 1578 co
1242 1537 1406 1595 atque
1432 1544 1530 1597 par
1565 1540 1704 1596 erat,
1744 1533 2027 1588 redactum

450 1616 800 1676 estzgenere
852 1611 972 1681 ejus
1026 1615 1242 1685 reliquo
1301 1636 1405 1672 una
1437 1636 1562 1675 cum
1605 1622 1700 1677 illo
1731 1626 2025 1682 exstincto.

452 1694 554 1751 llic
588 1702 1184 1769 tyrannidismalorum
1235 1709 1432 1766 Phocae
1472 1715 1712 1782 pessimo
1769 1716 1892 1772 linis
1920 1719 2028 1773 fuit

449 1788 545 1849 qui
574 1790 734 1845 annis
760 1801 884 1847 octo
905 1793 1278 1854 Romanorum
1324 1800 1554 1871 imperio
1578 1803 1882 1862 insultavit.
1916 1808 2024 1863 Res
2058 1784 2100 1839 Β

448 1880 838 1938 ecclesiasticae
886 1888 988 1942 sub
1034 1890 1199 1960 hujus
1266 1892 1481 1962 imperii
1537 1895 2023 1954 administratione

448 1972 869 2047 haudquaquam
926 1980 1094 2036 rebus
1142 1984 1302 2039 novis
1346 1987 1600 2055 expetita:
1646 1998 1798 2049 sunt.
1859 1990 2024 2047 rebus

449 2065 694 2132 profanis
746 2070 801 2124 in
851 2069 1079 2128 Oriente
1130 2076 1295 2130 simul
1332 2087 1388 2132 et
1416 2076 1720 2137 Occidente
1749 2099 2023 2139 aerumna-

449 2172 571 2212 rum
620 2162 1030 2219 calamitatibus
1091 2168 1242 2222 omni
1298 2184 1364 2224 ex
1410 2180 1564 2239 parte
1599 2174 1831 2229 turbatis
1856 2186 2021 2245 atque

450 2249 718 2306 confusis.
768 2251 846 2307 Eo
906 2264 1151 2326 tempore
1200 2259 1505 2316 Romanam
1567 2264 1869 2320 Ecclesiam
1900 2278 2023 2337 post

445 2339 775 2410 Gregorium
825 2343 1081 2415 Magnum
1137 2348 1217 2416 (2;
1280 2349 1616 2419 gubernavit
1642 2348 2018 2412 innocentius.

448 2430 505 2484 in
536 2431 672 2486 urbe
720 2433 1050 2503 imperante,
1103 2448 1227 2507 post
1250 2440 1542 2509 Thomam,
1579 2446 2021 2503 ecclesiasticum

446 2524 660 2579 clavum
720 2527 962 2585 obtinuit
1023 2531 1265 2603 Sergius.
1319 2535 1379 2590 In
1441 2537 1807 2594 Alexandrina
1866 2543 2018 2607 sede,

447 2627 570 2683 post
602 2616 915 2691 Eulogium,
939 2624 1034 2693 qui
1079 2626 1129 2679 ei
1172 2641 1350 2683 annos
1393 2629 1587 2700 viginti
1620 2632 1864 2701 quinque
1889 2651 2023 2703 pra:-

447 2705 569 2770 luit,
600 2707 922 2768 Theodorus
944 2715 1139 2772 Scribe
1174 2716 1400 2774 biennio
1460 2721 1826 2791 episcopalem
1882 2728 2022 2782 obiit

446 2800 812 2857 iunctionem.
854 2804 955 2861 Cui
989 2808 1231 2867 Joannes
1285 2811 1602 2870 Misericors
1632 2815 1865 2886 Cyprius
1893 2834 2019 2873 cum

442 2889 609 2947 laude
655 2897 937 2952 successit.
961 2900 1129 2971 888
1158 2903 1225 2959 At
1267 2904 1571 2961 Antiochia;
1620 2919 1748 2978 post
1786 2911 2017 2966 Anasta-

442 2986 582 3039 sium
642 2988 963 3046 Anastasius
980 2992 1119 3048 alter
1145 2995 1521 3066 episcopatum
1536 3002 1728 3071 gessit.
1764 3002 2020 3059 Hieroso-

2132 524 2227 592 χοῦ
2268 522 2656 593 διεδίδρασκονο
2719 524 2813 577 καὶ
2843 523 2944 595 τὴν
2993 526 3303 596 πορφυρίδα
3336 530 3527 583 τοῦτον
3569 531 3708 585 ἀπο-

2129 614 2318 677 δῦσας,
2358 616 2452 668 καὶ
2480 617 2677 684 στολὴν
2700 617 3128 687 ἀμφιασάμενος
3189 618 3419 687 μέλανα,
3480 621 3706 691 δέσμιον

2128 707 2208 777 τῷ
2257 708 2562 779 Ἡρακλείῳ
2598 709 2947 778 παρίστησιν.
3011 712 3069 763 Ὀ
3098 711 3155 764 δὲ
3206 712 3525 781 γηθοσῦνως
3558 715 3707 784 μάλα

2129 798 2322 852 τοῦτον
2355 799 2499 864 ἰδὼν,
2546 801 2642 853 καὶ
2674 800 2897 865 σκώψας
2939 802 3187 868 πλεῖστα,
3246 803 3345 871 λάξ
3378 805 3558 875 τούτῳ
3582 807 3702 860 ἐνέ-

2129 890 2273 959 θορε.
2303 892 2412 945 Καὶ
2465 892 2684 957 αὐτίκα,
2737 897 2929 965 χεῖρας
2992 894 3092 962 μὲν
3143 897 3237 949 καὶ
3278 897 3451 958 πόδας
3498 898 3702 968 ἀθρόον

2130 985 2476 1038 ἐκκόπτεταιο
2497 983 2690 1038 ἔπειτα
2720 986 2812 1039 καὶ
2838 988 2898 1037 τὸ
2923 985 3154 1053 ἀσελγὲς
3182 988 3517 1057 στηλιτεῦων
3558 990 3707 1043 ὲκεί-

2129 1093 2227 1147 νῳ,
2253 1077 2462 1131 πολλῶν
2497 1078 2825 1148 αἰσχύναντι
2854 1079 3123 1148 γαμετὰς,
3158 1082 3268 1141 τοῖς
3315 1080 3541 1144 αἰδοίοις
3573 1082 3710 1151 ἐπῆ-

2130 1185 2192 1235 γε
2216 1168 2565 1239 τομήνοτὲλος
2590 1170 2647 1223 δὲ
2670 1170 2933 1240 δύστηνον
2982 1172 3193 1225 ἐκείνου
3228 1172 3387 1242 σῶμα
3444 1176 3583 1227 κατὰ
3612 1175 3707 1227 τὸν

2130 1259 2366 1329 χαλκοῦν
2393 1258 2543 1329 βοῦν,
2586 1259 2646 1324 δς
2674 1262 2739 1313 ἑκ
2766 1260 3068 1330 Περγάμου
3098 1261 3462 1331 ἀνεκομίσθη,
3494 1263 3705 1332 ὲμδάλο

2129 1352 2301 1404 istm-
2337 1353 2433 1406 καὶ
2456 1352 2531 1415 είς
2567 1352 2776 1422 τέφραν
2800 1354 2876 1415 ὥς
2909 1369 2974 1420 γε
2998 1348 3066 1422 ἦν
3104 1352 3256 1417 είκδς
3276 1353 3577 1415 διαλύεται.
3609 1354 3707 1407 καὶ

2129 1440 2223 1493 τοῦ
2250 1440 2441 1494 λοιποῦ
2474 1440 2668 1509 γένους
2699 1440 2849 1511 αῦτῷ
2881 1440 3392 1508 συναφανισθέντος.
3446 1441 3706 1495 Τοιοῦτον

2135 1534 2234 1601 μὲν
2258 1532 2323 1601 δὴ
2348 1532 2427 1603 τῷ
2459 1532 2651 1587 κακῶν
2716 1533 2963 1603 κακίστῳ
3021 1534 3185 1604 Φωκᾷ
3216 1532 3315 1602 τῆς
3387 1535 3705 1602 τυραννίδος

2134 1625 2350 1690 ἐγένετο
2371 1623 2548 1686 τέλος,
2574 1622 2673 1693 έτη
2696 1622 2841 1677 ὀκτὼ
2865 1623 2965 1694 τῆς
3009 1622 3303 1693 Ῥωμαίων
3344 1638 3706 1690 κατορχησα-

2139 1714 2283 1785 μένῳ
2327 1714 2527 1784 ἀρχῆς.
2549 1714 2631 1768 Τὰ
2659 1716 2760 1785 μὲν
2791 1711 2884 1769 οῦν
2921 1716 3063 1768 κατὰ
3090 1714 3191 1791 τὴν
3260 1714 3591 1784 Ἐκκλησίαν
3646 1714 3705 1765 ὲν

2128 1811 2247 1871 ταῖς
2277 1808 2516 1877 ἡμέραις
2581 1807 2776 1861 τούτου
2854 1807 3114 1877 οὐδαμῶς
3167 1807 3559 1877 ἐνεωτερίσθη,
3593 1807 3706 1858 τῶν

2129 1899 2415 1968 κοσμικῶν
2448 1898 2642 1969 ἄρδην,
2675 1899 2786 1952 τῶν
2824 1916 2884 1953 τε
2934 1899 3085 1970 ἑῴων
3111 1899 3205 1951 καὶ
3255 1899 3528 1968 ἑσπερίων
3580 1900 3703 1959 ταῖς

2128 1992 2236 2044 τῶν
2260 1991 2449 2045 δεινῶν
2473 1992 2901 2061 συγκεχυμένων
2937 1988 3255 2061 ἐπιφοραῖς.
3305 1988 3623 2058 Τηνικαῦτα
3646 1987 3705 2040 δὲ

2128 2082 2224 2153 τῆς
2261 2085 2358 2153 μὲν
2390 2083 2684 2153 Ῥωμαίων
2723 2082 3049 2152 Ἐκκλησίας
3076 2084 3263 2153 ἠγεῖτο
3307 2081 3445 2151 μετᾶ
3496 2080 3706 2150 Γρηγό-

2133 2195 2247 2247 ριον
2272 2176 2641 2240 Ἰννοκέντιος⁶
2669 2178 2767 2247 τῆς
2804 2179 2861 2229 δὲ
2894 2177 3003 2230 τῶν
3032 2178 3240 2232 πόλεων
3272 2175 3541 2245 βασιλίδος
3567 2176 3707 2243 μετὰ

2128 2271 2332 2339 Θωμᾶν
2366 2270 2593 2338 Σέργιος
2640 2270 2739 2332 τὰς
2794 2270 3262 2336 ὲκκλησιαστικὰς
3288 2268 3445 2337 ἡνίας
3474 2267 3705 2319 διεῖπεν.

2142 2360 2264 2413 Ἐπὶ
2296 2361 2353 2413 δὲ
2383 2361 2474 2413 τδν
2499 2360 2599 2427 τῆς
2625 2360 2980 2430 Ἀλεξάνδρου
3015 2359 3235 2429 θρόνον,
3268 2360 3408 2426 μετὰ
3449 2358 3707 2423 Εὐλόγιον

2127 2451 2222 2522 ἔτη
2252 2452 2392 2505 ἑπτὰ
2426 2452 2562 2521 πρὸς
2584 2454 2696 2514 τοῖς
2738 2451 2942 2504 εἴκοσιν
2993 2451 3376 2522 ίερασάμενον,
3430 2449 3705 2518 Θεόδωρος

2127 2549 2154 2599 ὀ
2183 2547 2428 2617 Σκρίὸων
2472 2548 2570 2616 ἐτη
2597 2546 2691 2599 δῦο
2727 2545 2975 2615 ἱέρωται,
2996 2545 3054 2598 δν
3094 2547 3122 2597 ὁ
3154 2547 3218 2598 ὲκ
3252 2543 3485 2613 Κύπρου
3514 2541 3703 2594 Ἰωάν-

2128 2657 2226 2710 νης
2258 2638 2557 2709 ὁὲλεήμων
2609 2638 2879 2708 λαμπρῶς
2934 2638 3226 2707 διεδέχετο.
3285 2637 3441 2690 Μετὰ
3461 2635 3704 2687 δὲἈνα-

2129 2734 2349 2787 στάσιον
2406 2732 2503 2800 τὴν
2547 2731 2651 2800 τῆς
2691 2731 2965 2798 Ἀντιόχου
3007 2728 3303 2799 ἐκληροῦτο
3344 2727 3644 2799 ἱερωσύνην
3679 2727 3705 2778 ὁ

2127 2823 2316 2891 ἕτερος
2360 2824 2736 2885 ’Δναστάσιος.
2770 2822 2901 2875 Ἀ·ιὰ
2949 2822 3005 2875 δὲ
3030 2823 3097 2874 τὰ
3128 2819 3477 2891 Ἰεροσόλυμα
3533 2818 3704 2871 διάδο-

2126 2934 2219 2986 χος
2251 2917 2503 2971 Ἰωάννου
2540 2917 2777 2986 Νεαμὼς
2807 2912 2898 2987 ἦν’
2959 2914 3077 2983 μεθ’
3098 2914 3157 2967 ὃν
3195 2913 3410 2967 Ἰσαάκ.
3466 2913 3703 2965 Ἔπειτα

2124 3008 2183 3060 δὲ
2218 3009 2321 3079 πρὸ
2352 3009 2452 3079 τῆς
2476 3007 2854 3078 αἰχμαλωσίας
2875 3006 3153 3076 Ζαχαρίας
3178 3004 3496 3058 καθίστατο.
3514 3002 3702 3071 Περιέ-

442 3078 805 3148 lyraisauteni
857 3082 1086 3141 Joannis
1113 3102 1399 3164 successor
1428 3091 1532 3147 fuit
1556 3092 1815 3151 Neamus.
1847 3095 2021 3167 Hujus

445 3182 626 3199 ....n.....
676 3175 821 3199 1....Α
872 3178 1137 3199 “-2----..-
1175 3197 1223 3199 __,
1414 3196 1421 3199 .
1598 3194 1607 3199 -
1735 3188 1769 3199 ι·
1887 3198 1892 3199 ,

2131 3118 2212 3171 χει
2244 3078 2300 3154 δὲ
2330 3078 2427 3154 καί.
2457 3101 2489 3171 ἡ
2518 3099 2772 3167 παροῦσα
2794 3097 3243 3164 ὀκτωκαιδεκάτη
3281 3113 3373 3164 μοι
3423 3095 3531 3147 τῶν
3564 3094 3708 3199 ἱστο-

442 3182 627 3229 autem
675 3175 842 3231 Isaac.
870 3178 1141 3248 Deinceps
1174 3197 1301 3238 vero
1334 3196 1462 3240 ante
1487 3188 2021 3258 captamdireptam-

440 3282 549 3335 que
590 3284 710 3324 eam
774 3272 966 3326 urbem
1026 3273 1323 3332 Zacharias
1382 3293 1602 3333 sacrum
1662 3279 1736 3333 ibi
1789 3281 2021 3336 antistes

442 3360 855 3418 administravit
898 3380 1121 3421 munus.
1172 3367 1344 3424 Porro
1370 3369 1620 3425 decimus
1655 3373 2016 3443 octavusiste

443 3453 687 3510 historia:
738 3456 881 3512 liber
928 3472 929 3475 ‘
970 3459 1193 3531 triginta
1253 3461 1491 3518 duorum
1560 3480 1835 3520 annorum
1884 3474 2023 3521 tem-

2134 3193 2266 3262 ριῶν
2293 3194 2484 3263 χρόνον
2539 3192 2679 3245 ἑτῶν
2726 3192 2824 3244 δύο
2884 3190 3025 3260 πρὸς
3083 3189 3403 3259 τριάκονταο
3466 3185 3707 3255 ὁπηνίκα

2130 3286 2336 3355 κόσμου
2366 3285 2463 3353 μὲν
2490 3284 2606 3346 ἔτος
2628 3301 2682 3355 ⁴ς
2706 3284 2998 3336 ἑκατοστὸν
3023 3282 3119 3335 καὶ¹
3146 3278 3489 3350 τριακοστὸν,
3516 3276 3621 3330 ἀπὸ
3648 3276 3707 3329 δὲ

2128 3377 2230 3446 τῆς
2284 3377 2435 3439 θείας
2465 3376 2561 3428 τοῦ
2622 3376 2835 3446 Κυρίου
2864 3375 3172 3444 γεννήσεως
3208 3369 3585 3436 ἑξακοσιοστὸν
3612 3370 3705 3422 καὶ

2130 3469 2384 3537 πέμπτον
2428 3468 2564 3537 πρὸς
2595 3467 2671 3538 τῷ
2699 3466 2934 3536 εἰκοστῷ
2968 3465 3312 3536 ἐπεραίνετο.

444 3566 546 3620 pus
575 3552 866 3609 continet:
897 3570 1021 3609 cum
1058 3557 1127 3612 ab
1157 3560 1292 3615 orbe
1323 3562 1546 3618 condito
1574 3566 1754 3620 sexies
1794 3564 1873 3635 ('5)
1918 3565 2245 3622 millesimus
2294 3565 2632 3620 centesimus
2683 3575 2740 3620 et
2791 3562 3137 3630 tricesimus;
3202 3577 3233 3616 a
3265 3559 3448 3614 divina
3518 3564 3701 3610 autem

446 3646 658 3703 Domini
687 3651 972 3707 nativitale
1004 3653 1079 3725 (ιι)
1111 3656 1609 3727 sexingentesimus
1634 3671 1691 3716 et
1716 3663 2013 3717 vicesimus
2053 3661 2281 3732 quintus
2310 3673 2563 3733 ageretur
2588 3677 2768 3717 annus
2792 3662 2893 3733 (5).

515 3827 805 3906 (l)_Unum
838 3830 1020 3906 in‘hoc
1060 3831 1281 3888 homine
1308 3835 1499 3893 laudes
1527 3837 1672 3906 quod
1708 3837 2014 3894 Romanum

442 3900 756 3981 pontiﬁcem
829 3902 1132 3972 principem
1193 3909 1438 3963 onmium
1516 3900 1640 3975 jure
1695 3908 2008 3965 declararit.

444 3966 759 4121 ἱιῗῗῧωίέίίἰ
821 4048 944 4111 post
1008 4042 1355 4121 Gregorium
1386 4046 1548 4105 Rom.
1591 4054 1786 4121 pontii.
1819 4052 1914 4121 qui
1949 4051 2004 4107 in

2125 3860 2247 3901 rum
2278 3843 2521 3899 omnium
2552 3839 2716 3897 dixit.
2747 3841 2981 3924 (Bloud.
3012 3841 3111 3928 lib.
3141 3841 3240 3964 μγ
3448 3913 3459 3926 _

2195 3918 2272 3964 (31
2305 3913 2618 3964 Secundum
2654 3922 2966 3964 neotericos
2986 3914 3210 3964 (.brono
3235 3926 3366 3964 osos
3392 3907 3459 3963 40

2195 3918 2272 3986 (3)
2305 3913 2618 3969 Secundum
2654 3907 2966 3970 neotericos
2986 3907 3366 3980 Chronologos
3392 3907 3553 3965 4688.

2293 3986 2612 4115 SﬁdePhoca
2646 4057 2919 4113 Cbosroes
2962 4056 3126 4111 Persa
3151 4054 3349 4109 multas
3383 4054 3433 4105 in
3469 4050 3691 4126 Oriente

440 4106 607 4199 Rivos
635 4106 971 4199 relatus'est,
992 4106 1203 4199 pontInt
1231 4106 1727 4199 Sabinianuumlqui
1750 4106 2009 4199 Ecclesiae
2120 4106 2401 4199 urh‘es‘et—
2426 4106 2686 4199 re-giddes
2694 4106 3245 4199 'bébu‘ﬁgvi1,'ii£p§.n_
3268 4132 3509 4177 sanctam
3545 4122 3679 4199 diri—

442 4178 703 4251 Romauae
728 4181 945 4249 ριἐιξίυίι
968 4178 1114 4238 ἐηηο
1142 4188 1194 4251 l,
1216 4189 1495 4243 mensibus
1511 4190 1564 4249 5.
1590 4178 1786 4247 diebus
1803 4193 1858 4247 9.
1881 4193 2012 4248 Post

441 4247 589 4302 hunc
598 4247 836 4333 iurgium
870 4247 1230 4333 Bonifaciunr
1244 4260 1485 4333 tertium.
1505 4247 1585 4333 Ad
1608 4263 1764 4333 cujus
1794 4247 2014 4332 petitio;

440 4332 564 4373 ncm
595 4319 808 4378 Pbocas
838 4324 1140 4381 antistitem
1195 4328 1357 4383 Rom.
1388 4319 1695 4402 principem
1730 4319 2011 4404 episcopo-

2162 4198 2262 4260 uit,
2289 4206 2345 4252 et
2370 4194 2589 4254 cruc'eni
2629 4194 2936 4273 Servatoris
2966 4196 3136 4273 nostri
3158 4196 3494 4273 indeseciim
3519 4194 3700 4273 abstu-

2146 4277 2202 4320 ιι.
2235 4268 2348 4322 Sub
2373 4270 2565 4323 eodem
2614 4270 2682 4323 ab
2709 4268 2938 4334 imperio
2959 4266 3308 4319 desciverunt
3330 4263 3698 4333 Langobardi,

2125 4337 2374 4409 liispani,
2400 4338 2562 4403 Galli,
2586 4336 2870 4399 Germani,
2918 4344 3026 4389 etc.

522 4743 936 4810 EXPLICIT
963 4746 1445 4812 NICEPHORI
1486 4750 1871 4816 CALLISTI
1909 4752 2461 4817 XANTIIOPULI
2504 4750 2907 4816 HISTORIA
2943 4749 3633 4816 ECCLESIASTICA.
