  <div class='ocr_page' id='page_1' title='image "/cluster/home/n/w/nwhite01/storage/ocr_20150623/147/hvd.32044073502619/237.png"; bbox 0 0 4100 6216; ppageno 0'>
   <div class='ocr_carea' id='block_1_1' title="bbox 401 259 501 325">
    <p class='ocr_par' dir='ltr' id='par_1_1' title="bbox 401 259 501 325">
     <span class='ocr_line' id='line_1_1' title="bbox 401 259 501 325; baseline -0.03 -1"><span class='ocrx_word' id='word_1_1' title='bbox 401 259 501 325; x_wconf 62' lang='grc'><strong>451</strong></span> 
     </span>
    </p>
   </div>
   <div class='ocr_carea' id='block_1_2' title="bbox 1630 248 2445 312">
    <p class='ocr_par' dir='ltr' id='par_1_2' title="bbox 1630 248 2445 312">
     <span class='ocr_line' id='line_1_2' title="bbox 1630 248 2445 312; baseline -0.005 0"><span class='ocrx_word' id='word_1_2' title='bbox 1630 249 2055 312; x_wconf 79' lang='lat' dir='ltr'><strong>NlCEPHORl</strong></span> <span class='ocrx_word' id='word_1_3' title='bbox 2097 248 2445 310; x_wconf 79' lang='lat' dir='ltr'><strong>CALLISTI</strong></span> 
     </span>
    </p>
   </div>
   <div class='ocr_carea' id='block_1_3' title="bbox 3503 250 3677 314">
    <p class='ocr_par' dir='ltr' id='par_1_3' title="bbox 3503 250 3677 314">
     <span class='ocr_line' id='line_1_3' title="bbox 3503 250 3677 314; baseline -0.017 0"><span class='ocrx_word' id='word_1_4' title='bbox 3503 266 3506 267; x_wconf 70' lang='lat'><strong><em>&#39;</em></strong></span> <span class='ocrx_word' id='word_1_5' title='bbox 3568 250 3677 314; x_wconf 71' lang='lat'><strong>452</strong></span> 
     </span>
    </p>
   </div>
   <div class='ocr_carea' id='block_1_4' title="bbox 398 356 2004 446">
    <p class='ocr_par' dir='ltr' id='par_1_4' title="bbox 398 356 1988 446">
     <span class='ocr_line' id='line_1_4' title="bbox 398 356 1988 446; baseline -0.006 -16"><span class='ocrx_word' id='word_1_6' title='bbox 398 375 595 446; x_wconf 86' lang='lat' dir='ltr'><strong>quenti</strong></span> <span class='ocrx_word' id='word_1_7' title='bbox 639 384 888 443; x_wconf 87' lang='lat' dir='ltr'><strong>tempore</strong></span> <span class='ocrx_word' id='word_1_8' title='bbox 933 371 1380 442; x_wconf 86' lang='lat' dir='ltr'><strong>depositumest</strong></span> <span class='ocrx_word' id='word_1_9' title='bbox 1411 384 1616 440; x_wconf 84' lang='lat' dir='ltr'><strong>corpus</strong></span> <span class='ocrx_word' id='word_1_10' title='bbox 1659 371 1719 424; x_wconf 71' lang='grc' dir='ltr'><strong>ὃ.</strong></span> <span class='ocrx_word' id='word_1_11' title='bbox 1752 356 1988 423; x_wconf 82' lang='lat' dir='ltr'><strong>Adriani</strong></span> 
     </span>
    </p>
   </div>
   <div class='ocr_carea' id='block_1_5' title="bbox 2110 356 3670 446">
    <p class='ocr_par' dir='ltr' id='par_1_5' title="bbox 2110 361 3670 436">
     <span class='ocr_line' id='line_1_5' title="bbox 2110 361 3670 436; baseline -0.003 -18"><span class='ocrx_word' id='word_1_12' title='bbox 2110 366 2318 436; x_wconf 68' lang='lat' dir='ltr'><strong>inepov</strong></span> <span class='ocrx_word' id='word_1_13' title='bbox 2377 363 2589 436; x_wconf 72' lang='grc' dir='ltr'><strong>[ἐτέθη]</strong></span> <span class='ocrx_word' id='word_1_14' title='bbox 2629 364 2690 418; x_wconf 83' lang='grc' dir='ltr'><strong>τὸ</strong></span> <span class='ocrx_word' id='word_1_15' title='bbox 2718 363 2977 430; x_wconf 79' lang='grc' dir='ltr'><strong>λείψανον</strong></span> <span class='ocrx_word' id='word_1_16' title='bbox 3019 361 3116 416; x_wconf 81' lang='grc' dir='ltr'><strong>τοῦ</strong></span> <span class='ocrx_word' id='word_1_17' title='bbox 3169 362 3329 430; x_wconf 84' lang='grc' dir='ltr'>ἁγίου</span> <span class='ocrx_word' id='word_1_18' title='bbox 3384 363 3670 432; x_wconf 74' lang='grc' dir='ltr'>μάρτυρος</span> 
     </span>
    </p>
   </div>
   <div class='ocr_carea' id='block_1_6' title="bbox 404 461 1980 538">
    <p class='ocr_par' dir='ltr' id='par_1_6' title="bbox 404 461 1980 538">
     <span class='ocr_line' id='line_1_6' title="bbox 404 461 1980 538; baseline -0.004 -16"><span class='ocrx_word' id='word_1_19' title='bbox 404 467 685 538; x_wconf 85' lang='lat' dir='ltr'><strong>martyris,</strong></span> <span class='ocrx_word' id='word_1_20' title='bbox 719 468 1044 535; x_wconf 84' lang='lat' dir='ltr'><strong>episcOpum</strong></span> <span class='ocrx_word' id='word_1_21' title='bbox 1093 463 1342 534; x_wconf 84' lang='lat' dir='ltr'><strong>ejusdem</strong></span> <span class='ocrx_word' id='word_1_22' title='bbox 1399 462 1557 516; x_wconf 81' lang='lat' dir='ltr'><strong>urbis</strong></span> <span class='ocrx_word' id='word_1_23' title='bbox 1584 461 1808 516; x_wconf 83' lang='lat' dir='ltr'><strong>ordinat</strong></span> <span class='ocrx_word' id='word_1_24' title='bbox 1853 461 1980 516; x_wconf 84' lang='lat' dir='ltr'><strong>Sta-</strong></span> 
     </span>
    </p>
   </div>
   <div class='ocr_carea' id='block_1_7' title="bbox 2101 453 3677 527">
    <p class='ocr_par' dir='ltr' id='par_1_7' title="bbox 2101 453 3677 527">
     <span class='ocr_line' id='line_1_7' title="bbox 2101 453 3677 527; baseline -0.004 -15"><span class='ocrx_word' id='word_1_25' title='bbox 2101 458 2409 527; x_wconf 83' lang='grc' dir='ltr'>Ἀδριανοῦ.</span> <span class='ocrx_word' id='word_1_26' title='bbox 2444 457 2750 527; x_wconf 80' lang='grc' dir='ltr'><strong>χειροτονεῖ</strong></span> <span class='ocrx_word' id='word_1_27' title='bbox 2789 455 3091 508; x_wconf 78' lang='grc' dir='ltr'>ἐπίσκοπον</span> <span class='ocrx_word' id='word_1_28' title='bbox 3125 453 3226 523; x_wconf 82' lang='grc' dir='ltr'><strong>τῆς</strong></span> <span class='ocrx_word' id='word_1_29' title='bbox 3265 453 3436 520; x_wconf 80' lang='grc' dir='ltr'>αὐτῆς</span> <span class='ocrx_word' id='word_1_30' title='bbox 3465 453 3677 512; x_wconf 77' lang='grc' dir='ltr'>πόλεως</span> 
     </span>
    </p>
   </div>
   <div class='ocr_carea' id='block_1_8' title="bbox 405 541 2004 628">
    <p class='ocr_par' dir='ltr' id='par_1_8' title="bbox 405 552 1988 628">
     <span class='ocr_line' id='line_1_8' title="bbox 405 552 1988 628; baseline -0.004 -18"><span class='ocrx_word' id='word_1_31' title='bbox 405 562 586 628; x_wconf 85' lang='lat' dir='ltr'><strong>chyn,</strong></span> <span class='ocrx_word' id='word_1_32' title='bbox 645 572 817 610; x_wconf 90' lang='lat' dir='ltr'><strong>unum</strong></span> <span class='ocrx_word' id='word_1_33' title='bbox 879 571 948 609; x_wconf 80' lang='lat' dir='ltr'><strong>ex</strong></span> <span class='ocrx_word' id='word_1_34' title='bbox 1016 553 1368 624; x_wconf 82' lang='lat' dir='ltr'><strong>septuaginta</strong></span> <span class='ocrx_word' id='word_1_35' title='bbox 1441 552 1763 621; x_wconf 87' lang='lat' dir='ltr'><strong>discipulis,</strong></span> <span class='ocrx_word' id='word_1_36' title='bbox 1826 552 1988 621; x_wconf 76' lang='lat' dir='ltr'><strong>cuius</strong></span> 
     </span>
    </p>
   </div>
   <div class='ocr_carea' id='block_1_9' title="bbox 2110 541 3682 628">
    <p class='ocr_par' dir='ltr' id='par_1_9' title="bbox 2110 541 3682 617">
     <span class='ocr_line' id='line_1_9' title="bbox 2110 541 3682 617; baseline -0.004 -17"><span class='ocrx_word' id='word_1_37' title='bbox 2110 547 2300 617; x_wconf 66' lang='lat' dir='ltr'><strong>kéxuv</strong></span> <span class='ocrx_word' id='word_1_38' title='bbox 2325 547 2426 600; x_wconf 72' lang='grc' dir='ltr'>ἕνα</span> <span class='ocrx_word' id='word_1_39' title='bbox 2457 549 2567 599; x_wconf 82' lang='grc' dir='ltr'><strong>τῶν</strong></span> <span class='ocrx_word' id='word_1_40' title='bbox 2592 551 2660 608; x_wconf 90' lang='lat' dir='ltr'><strong>o&#39;,</strong></span> <span class='ocrx_word' id='word_1_41' title='bbox 2691 543 2752 598; x_wconf 85' lang='grc' dir='ltr'>οὖ</span> <span class='ocrx_word' id='word_1_42' title='bbox 2788 541 3126 614; x_wconf 82' lang='grc' dir='ltr'><strong>μνημονεύει</strong></span> <span class='ocrx_word' id='word_1_43' title='bbox 3145 543 3173 595; x_wconf 99' lang='lat'><strong>6</strong></span> <span class='ocrx_word' id='word_1_44' title='bbox 3207 542 3503 605; x_wconf 80' lang='grc' dir='ltr'><strong>ἀπόστολος</strong></span> <span class='ocrx_word' id='word_1_45' title='bbox 3533 543 3682 596; x_wconf 74' lang='grc' dir='ltr'><strong>Παῦ-</strong></span> 
     </span>
    </p>
   </div>
   <div class='ocr_carea' id='block_1_10' title="bbox 410 635 2004 715">
    <p class='ocr_par' dir='ltr' id='par_1_10' title="bbox 410 642 1982 715">
     <span class='ocr_line' id='line_1_10' title="bbox 410 642 1982 715; baseline -0.003 -14"><span class='ocrx_word' id='word_1_46' title='bbox 410 649 750 702; x_wconf 78' lang='lat' dir='ltr'><strong>nieutiOuem</strong></span> <span class='ocrx_word' id='word_1_47' title='bbox 803 647 934 701; x_wconf 80' lang='lat' dir='ltr'><strong>facit</strong></span> <span class='ocrx_word' id='word_1_48' title='bbox 985 647 1191 702; x_wconf 82' lang='lat' dir='ltr'><strong>Paulus</strong></span> <span class='ocrx_word' id='word_1_49' title='bbox 1222 644 1508 715; x_wconf 74' lang='lat' dir='ltr'><strong>apostolus</strong></span> <span class='ocrx_word' id='word_1_50' title='bbox 1541 643 1596 696; x_wconf 92' lang='lat' dir='ltr'><strong>in</strong></span> <span class='ocrx_word' id='word_1_51' title='bbox 1629 643 1879 712; x_wconf 88' lang='lat' dir='ltr'><strong>Epistola</strong></span> <span class='ocrx_word' id='word_1_52' title='bbox 1916 642 1982 696; x_wconf 89' lang='lat' dir='ltr'><strong>ad</strong></span> 
     </span>
    </p>
   </div>
   <div class='ocr_carea' id='block_1_11' title="bbox 2110 635 3681 715">
    <p class='ocr_par' dir='ltr' id='par_1_11' title="bbox 2110 635 3681 713">
     <span class='ocr_line' id='line_1_11' title="bbox 2110 635 3681 713; baseline -0.004 -21"><span class='ocrx_word' id='word_1_53' title='bbox 2110 659 2178 706; x_wconf 75' lang='grc' dir='ltr'><strong>,ος</strong></span> <span class='ocrx_word' id='word_1_54' title='bbox 2209 643 2268 692; x_wconf 84' lang='grc' dir='ltr'>ἐν</span> <span class='ocrx_word' id='word_1_55' title='bbox 2289 642 2354 713; x_wconf 74' lang='grc' dir='ltr'>τῇ</span> <span class='ocrx_word' id='word_1_56' title='bbox 2385 641 2523 710; x_wconf 72' lang='grc' dir='ltr'>πρὸς</span> <span class='ocrx_word' id='word_1_57' title='bbox 2559 637 2869 708; x_wconf 82' lang='grc' dir='ltr'><strong>Ῥωμαίους</strong></span> <span class='ocrx_word' id='word_1_58' title='bbox 2893 635 3180 706; x_wconf 77' lang='grc' dir='ltr'>ἐπιστολῇ·</span> <span class='ocrx_word' id='word_1_59' title='bbox 3216 636 3308 688; x_wconf 80' lang='grc' dir='ltr'><strong>καὶ</strong></span> <span class='ocrx_word' id='word_1_60' title='bbox 3330 635 3681 687; x_wconf 82' lang='grc' dir='ltr'>ὲτιεσκόπευ-</span> 
     </span>
    </p>
   </div>
   <div class='ocr_carea' id='block_1_12' title="bbox 411 733 1878 808">
    <p class='ocr_par' dir='ltr' id='par_1_12' title="bbox 411 733 1878 808">
     <span class='ocr_line' id='line_1_12' title="bbox 411 733 1878 808; baseline -0.001 -16"><span class='ocrx_word' id='word_1_61' title='bbox 411 739 712 794; x_wconf 83' lang='lat' dir='ltr'><strong>Romanos.</strong></span> <span class='ocrx_word' id='word_1_62' title='bbox 746 739 796 794; x_wconf 89' lang='lat' dir='ltr'><strong>Is</strong></span> <span class='ocrx_word' id='word_1_63' title='bbox 820 754 956 793; x_wconf 86' lang='lat' dir='ltr'><strong>vero</strong></span> <span class='ocrx_word' id='word_1_64' title='bbox 978 738 1362 808; x_wconf 82' lang='lat' dir='ltr'><strong>episcOpatum</strong></span> <span class='ocrx_word' id='word_1_65' title='bbox 1403 733 1573 807; x_wconf 76' lang='lat' dir='ltr'><strong>gessit</strong></span> <span class='ocrx_word' id='word_1_66' title='bbox 1600 734 1760 790; x_wconf 89' lang='lat' dir='ltr'><strong>aunis</strong></span> <span class='ocrx_word' id='word_1_67' title='bbox 1788 733 1878 791; x_wconf 74' lang='lat' dir='ltr'><strong>i6.</strong></span> 
     </span>
    </p>
   </div>
   <div class='ocr_carea' id='block_1_13' title="bbox 481 830 1150 903">
    <p class='ocr_par' dir='ltr' id='par_1_13' title="bbox 481 830 1150 903">
     <span class='ocr_line' id='line_1_13' title="bbox 481 830 1150 903; baseline -0.003 -17"><span class='ocrx_word' id='word_1_68' title='bbox 481 831 808 903; x_wconf 85' lang='lat' dir='ltr'><strong>[Onesimus</strong></span> <span class='ocrx_word' id='word_1_69' title='bbox 834 830 846 901; x_wconf 78' lang='grc' dir='ltr'><strong>ι</strong></span> <span class='ocrx_word' id='word_1_70' title='bbox 875 831 1035 884; x_wconf 91' lang='lat' dir='ltr'><strong>anuis</strong></span> <span class='ocrx_word' id='word_1_71' title='bbox 1064 830 1150 884; x_wconf 79' lang='lat' dir='ltr'><strong>M.</strong></span> 
     </span>
    </p>
   </div>
   <div class='ocr_carea' id='block_1_14' title="bbox 479 922 1133 994">
    <p class='ocr_par' dir='ltr' id='par_1_14' title="bbox 479 922 1133 994">
     <span class='ocr_line' id='line_1_14' title="bbox 479 922 1133 994; baseline -0.008 -15"><span class='ocrx_word' id='word_1_72' title='bbox 479 925 818 994; x_wconf 83' lang='lat' dir='ltr'><strong>Polycarpus</strong></span> <span class='ocrx_word' id='word_1_73' title='bbox 843 923 1008 976; x_wconf 89' lang='lat' dir='ltr'><strong>annis</strong></span> <span class='ocrx_word' id='word_1_74' title='bbox 1046 922 1133 975; x_wconf 81' lang='lat' dir='ltr'><strong>l8.</strong></span> 
     </span>
    </p>
   </div>
   <div class='ocr_carea' id='block_1_15' title="bbox 487 1015 1133 1073">
    <p class='ocr_par' dir='ltr' id='par_1_15' title="bbox 487 1015 1133 1073">
     <span class='ocr_line' id='line_1_15' title="bbox 487 1015 1133 1073; baseline -0.006 -1"><span class='ocrx_word' id='word_1_75' title='bbox 487 1018 818 1073; x_wconf 74' lang='lat' dir='ltr'><strong>Plutarchus</strong></span> <span class='ocrx_word' id='word_1_76' title='bbox 848 1017 1012 1071; x_wconf 92' lang='lat' dir='ltr'><strong>aunis</strong></span> <span class='ocrx_word' id='word_1_77' title='bbox 1049 1015 1133 1070; x_wconf 77' lang='grc' dir='ltr'><strong>ιδ.</strong></span> 
     </span>
    </p>
   </div>
   <div class='ocr_carea' id='block_1_16' title="bbox 488 1108 1033 1165">
    <p class='ocr_par' dir='ltr' id='par_1_16' title="bbox 488 1108 1033 1165">
     <span class='ocr_line' id='line_1_16' title="bbox 488 1108 1033 1165; baseline -0.006 -1"><span class='ocrx_word' id='word_1_78' title='bbox 488 1111 760 1165; x_wconf 85' lang='lat' dir='ltr'><strong>Scdecion</strong></span> <span class='ocrx_word' id='word_1_79' title='bbox 786 1109 948 1162; x_wconf 89' lang='lat' dir='ltr'><strong>anuis</strong></span> <span class='ocrx_word' id='word_1_80' title='bbox 979 1108 1033 1162; x_wconf 91' lang='lat'><strong>9.</strong></span> 
     </span>
    </p>
   </div>
   <div class='ocr_carea' id='block_1_17' title="bbox 490 1200 1070 1273">
    <p class='ocr_par' dir='ltr' id='par_1_17' title="bbox 490 1200 1070 1273">
     <span class='ocr_line' id='line_1_17' title="bbox 490 1200 1070 1273; baseline -0.007 -16"><span class='ocrx_word' id='word_1_81' title='bbox 490 1204 760 1273; x_wconf 84' lang='lat' dir='ltr'><strong>Diogenes</strong></span> <span class='ocrx_word' id='word_1_82' title='bbox 791 1202 951 1255; x_wconf 81' lang='lat' dir='ltr'><strong>anuis</strong></span> <span class='ocrx_word' id='word_1_83' title='bbox 982 1200 1070 1254; x_wconf 75' lang='grc'><strong>15.</strong></span> 
     </span>
    </p>
   </div>
   <div class='ocr_carea' id='block_1_18' title="bbox 491 1293 1111 1349">
    <p class='ocr_par' dir='ltr' id='par_1_18' title="bbox 491 1293 1111 1349">
     <span class='ocr_line' id='line_1_18' title="bbox 491 1293 1111 1349; baseline -0.006 -1"><span class='ocrx_word' id='word_1_84' title='bbox 491 1294 847 1349; x_wconf 88' lang='lat' dir='ltr'><strong>Eleutherius</strong></span> <span class='ocrx_word' id='word_1_85' title='bbox 874 1294 1034 1347; x_wconf 89' lang='lat' dir='ltr'><strong>anuis</strong></span> <span class='ocrx_word' id='word_1_86' title='bbox 1060 1293 1111 1346; x_wconf 92' lang='lat'><strong>7.</strong></span> 
     </span>
    </p>
   </div>
   <div class='ocr_carea' id='block_1_19' title="bbox 486 1385 1004 1459">
    <p class='ocr_par' dir='ltr' id='par_1_19' title="bbox 486 1385 1004 1459">
     <span class='ocr_line' id='line_1_19' title="bbox 486 1385 1004 1459; baseline -0.006 -17"><span class='ocrx_word' id='word_1_87' title='bbox 486 1386 719 1459; x_wconf 77' lang='lat' dir='ltr'><strong>[Felix]</strong></span> <span class='ocrx_word' id='word_1_88' title='bbox 754 1386 916 1440; x_wconf 85' lang='lat' dir='ltr'><strong>anuis</strong></span> <span class='ocrx_word' id='word_1_89' title='bbox 947 1385 1004 1439; x_wconf 84' lang='lat'><strong>5.</strong></span> 
     </span>
    </p>
   </div>
   <div class='ocr_carea' id='block_1_20' title="bbox 489 1479 1109 1550">
    <p class='ocr_par' dir='ltr' id='par_1_20' title="bbox 489 1479 1109 1550">
     <span class='ocr_line' id='line_1_20' title="bbox 489 1479 1109 1550; baseline -0.01 -15"><span class='ocrx_word' id='word_1_90' title='bbox 489 1483 826 1550; x_wconf 81' lang='lat' dir='ltr'><strong>Polycarpus</strong></span> <span class='ocrx_word' id='word_1_91' title='bbox 865 1481 1027 1533; x_wconf 86' lang='lat' dir='ltr'><strong>annis</strong></span> <span class='ocrx_word' id='word_1_92' title='bbox 1054 1479 1109 1531; x_wconf 75' lang='grc'><strong>5.</strong></span> 
     </span>
    </p>
   </div>
   <div class='ocr_carea' id='block_1_21' title="bbox 491 1563 1994 1642">
    <p class='ocr_par' dir='ltr' id='par_1_21' title="bbox 491 1563 1994 1642">
     <span class='ocr_line' id='line_1_21' title="bbox 491 1563 1994 1642; baseline -0.007 -16"><span class='ocrx_word' id='word_1_93' title='bbox 491 1572 554 1626; x_wconf 83' lang='lat' dir='ltr'><strong>l-li</strong></span> <span class='ocrx_word' id='word_1_94' title='bbox 588 1572 850 1642; x_wconf 86' lang='lat' dir='ltr'><strong>primum</strong></span> <span class='ocrx_word' id='word_1_95' title='bbox 902 1571 956 1624; x_wconf 91' lang='lat' dir='ltr'><strong>in</strong></span> <span class='ocrx_word' id='word_1_96' title='bbox 1015 1568 1265 1623; x_wconf 86' lang='lat' dir='ltr'><strong>oratorio</strong></span> <span class='ocrx_word' id='word_1_97' title='bbox 1316 1564 1644 1637; x_wconf 79' lang='lat' dir='ltr'><strong>Argyropoli</strong></span> <span class='ocrx_word' id='word_1_98' title='bbox 1687 1563 1994 1618; x_wconf 89' lang='lat' dir='ltr'><strong>constituto</strong></span> 
     </span>
    </p>
   </div>
   <div class='ocr_carea' id='block_1_22' title="bbox 420 1660 1850 1730">
    <p class='ocr_par' dir='ltr' id='par_1_22' title="bbox 420 1660 1850 1730">
     <span class='ocr_line' id='line_1_22' title="bbox 420 1660 1850 1730; baseline -0.005 -11"><span class='ocrx_word' id='word_1_99' title='bbox 420 1677 733 1720; x_wconf 86' lang='lat' dir='ltr'><strong>conventus</strong></span> <span class='ocrx_word' id='word_1_100' title='bbox 769 1665 1051 1717; x_wconf 78' lang='lat' dir='ltr'><strong>habebant</strong></span> <span class='ocrx_word' id='word_1_101' title='bbox 1082 1660 1536 1730; x_wconf 85' lang='lat' dir='ltr'><strong>persecutionum</strong></span> <span class='ocrx_word' id='word_1_102' title='bbox 1578 1666 1850 1728; x_wconf 85' lang='lat' dir='ltr'><strong>tempore.</strong></span> 
     </span>
    </p>
   </div>
   <div class='ocr_carea' id='block_1_23' title="bbox 495 1833 1997 1899">
    <p class='ocr_par' dir='ltr' id='par_1_23' title="bbox 495 1833 1997 1899">
     <span class='ocr_line' id='line_1_23' title="bbox 495 1833 1997 1899; baseline -0.01 0"><span class='ocrx_word' id='word_1_103' title='bbox 495 1843 908 1899; x_wconf 81' lang='lat' dir='ltr'><strong>Athenodorus.</strong></span> <span class='ocrx_word' id='word_1_104' title='bbox 949 1879 966 1896; x_wconf 89' lang='lat'><strong>.</strong></span> <span class='ocrx_word' id='word_1_105' title='bbox 1009 1879 1024 1892; x_wconf 94' lang='lat'><strong>.</strong></span> <span class='ocrx_word' id='word_1_106' title='bbox 1100 1836 1346 1892; x_wconf 87' lang='lat' dir='ltr'><strong>oratorio</strong></span> <span class='ocrx_word' id='word_1_107' title='bbox 1421 1835 1477 1889; x_wconf 91' lang='lat' dir='ltr'><strong>in</strong></span> <span class='ocrx_word' id='word_1_108' title='bbox 1534 1833 1669 1889; x_wconf 84' lang='lat' dir='ltr'><strong>urbe</strong></span> <span class='ocrx_word' id='word_1_109' title='bbox 1735 1839 1997 1888; x_wconf 85' lang='lat' dir='ltr'><strong>constru-</strong></span> 
     </span>
    </p>
   </div>
   <div class='ocr_carea' id='block_1_24' title="bbox 2089 732 2443 802">
    <p class='ocr_par' dir='ltr' id='par_1_24' title="bbox 2089 732 2443 802">
     <span class='ocr_line' id='line_1_24' title="bbox 2089 732 2443 802; baseline 0.003 -18"><span class='ocrx_word' id='word_1_110' title='bbox 2089 749 2182 784; x_wconf 92' lang='grc' dir='ltr'><strong>σεν</strong></span> <span class='ocrx_word' id='word_1_111' title='bbox 2214 732 2311 802; x_wconf 80' lang='grc' dir='ltr'><strong>ἐτη</strong></span> <span class='ocrx_word' id='word_1_112' title='bbox 2347 737 2443 798; x_wconf 86' lang='grc' dir='ltr'>ις’.</span> 
     </span>
    </p>
   </div>
   <div class='ocr_carea' id='block_1_25' title="bbox 2131 823 2755 897">
    <p class='ocr_par' dir='ltr' id='par_1_25' title="bbox 2131 823 2755 897">
     <span class='ocr_line' id='line_1_25' title="bbox 2131 823 2755 897; baseline 0.002 -19"><span class='ocrx_word' id='word_1_113' title='bbox 2131 823 2514 897; x_wconf 38' lang='grc' dir='ltr'>,[Ὀνήσιμος]</span> <span class='ocrx_word' id='word_1_114' title='bbox 2541 825 2634 896; x_wconf 73' lang='grc' dir='ltr'>ἐτη</span> <span class='ocrx_word' id='word_1_115' title='bbox 2671 823 2755 880; x_wconf 88' lang='grc' dir='ltr'><strong>ιδ’.</strong></span> 
     </span>
    </p>
   </div>
   <div class='ocr_carea' id='block_1_26' title="bbox 2163 918 2782 990">
    <p class='ocr_par' dir='ltr' id='par_1_26' title="bbox 2163 918 2782 990">
     <span class='ocr_line' id='line_1_26' title="bbox 2163 918 2782 990; baseline 0.003 -19"><span class='ocrx_word' id='word_1_116' title='bbox 2163 918 2524 987; x_wconf 86' lang='grc' dir='ltr'>Πολύκαρπος</span> <span class='ocrx_word' id='word_1_117' title='bbox 2558 918 2653 990; x_wconf 74' lang='grc' dir='ltr'>ἔτη</span> <span class='ocrx_word' id='word_1_118' title='bbox 2695 919 2782 990; x_wconf 86' lang='grc' dir='ltr'>ιη’.</span> 
     </span>
    </p>
   </div>
   <div class='ocr_carea' id='block_1_27' title="bbox 2164 1011 2783 1081">
    <p class='ocr_par' dir='ltr' id='par_1_27' title="bbox 2164 1011 2783 1081">
     <span class='ocr_line' id='line_1_27' title="bbox 2164 1011 2783 1081; baseline 0.006 -19"><span class='ocrx_word' id='word_1_119' title='bbox 2164 1011 2513 1080; x_wconf 76' lang='grc' dir='ltr'>Πλούταρχος</span> <span class='ocrx_word' id='word_1_120' title='bbox 2542 1011 2637 1081; x_wconf 77' lang='grc' dir='ltr'>ἔτη</span> <span class='ocrx_word' id='word_1_121' title='bbox 2683 1019 2783 1078; x_wconf 81' lang='grc' dir='ltr'>ις’.</span> 
     </span>
    </p>
   </div>
   <div class='ocr_carea' id='block_1_28' title="bbox 2163 1103 2652 1175">
    <p class='ocr_par' dir='ltr' id='par_1_28' title="bbox 2163 1103 2652 1175">
     <span class='ocr_line' id='line_1_28' title="bbox 2163 1103 2652 1175; baseline 0.006 -20"><span class='ocrx_word' id='word_1_122' title='bbox 2163 1104 2430 1158; x_wconf 81' lang='grc' dir='ltr'>Σεδεκίων</span> <span class='ocrx_word' id='word_1_123' title='bbox 2459 1105 2557 1175; x_wconf 79' lang='grc' dir='ltr'>ἐτη</span> <span class='ocrx_word' id='word_1_124' title='bbox 2589 1103 2652 1159; x_wconf 81' lang='grc' dir='ltr'><strong>ϐ’.</strong></span> 
     </span>
    </p>
   </div>
   <div class='ocr_carea' id='block_1_29' title="bbox 2164 1193 2676 1266">
    <p class='ocr_par' dir='ltr' id='par_1_29' title="bbox 2164 1193 2676 1266">
     <span class='ocr_line' id='line_1_29' title="bbox 2164 1193 2676 1266; baseline 0.012 -21"><span class='ocrx_word' id='word_1_125' title='bbox 2164 1195 2429 1264; x_wconf 77' lang='grc' dir='ltr'><strong>Διογένης</strong></span> <span class='ocrx_word' id='word_1_126' title='bbox 2459 1197 2555 1266; x_wconf 79' lang='grc' dir='ltr'><strong>ἔτη</strong></span> <span class='ocrx_word' id='word_1_127' title='bbox 2590 1193 2676 1251; x_wconf 86' lang='grc' dir='ltr'>ιε’.</span> 
     </span>
    </p>
   </div>
   <div class='ocr_carea' id='block_1_30' title="bbox 2178 1287 2747 1360">
    <p class='ocr_par' dir='ltr' id='par_1_30' title="bbox 2178 1287 2747 1360">
     <span class='ocr_line' id='line_1_30' title="bbox 2178 1287 2747 1360; baseline 0.005 -22"><span class='ocrx_word' id='word_1_128' title='bbox 2178 1287 2518 1359; x_wconf 77' lang='grc' dir='ltr'><strong>Ἐλευθέριος</strong></span> <span class='ocrx_word' id='word_1_129' title='bbox 2553 1289 2649 1360; x_wconf 80' lang='grc' dir='ltr'>ἔτη</span> <span class='ocrx_word' id='word_1_130' title='bbox 2681 1287 2747 1354; x_wconf 77' lang='grc' dir='ltr'><strong>ζ’.</strong></span> 
     </span>
    </p>
   </div>
   <div class='ocr_carea' id='block_1_31' title="bbox 2171 1375 2601 1450">
    <p class='ocr_par' dir='ltr' id='par_1_31' title="bbox 2171 1375 2601 1450">
     <span class='ocr_line' id='line_1_31' title="bbox 2171 1375 2601 1450; baseline 0.012 -21"><span class='ocrx_word' id='word_1_131' title='bbox 2171 1375 2384 1450; x_wconf 76' lang='grc' dir='ltr'><strong>[Φῆλιξ]</strong></span> <span class='ocrx_word' id='word_1_132' title='bbox 2410 1379 2504 1450; x_wconf 76' lang='grc' dir='ltr'>ἔτη</span> <span class='ocrx_word' id='word_1_133' title='bbox 2539 1386 2601 1434; x_wconf 83' lang='grc' dir='ltr'><strong>ε’.</strong></span> 
     </span>
    </p>
   </div>
   <div class='ocr_carea' id='block_1_32' title="bbox 2171 1471 2755 1544">
    <p class='ocr_par' dir='ltr' id='par_1_32' title="bbox 2171 1471 2755 1544">
     <span class='ocr_line' id='line_1_32' title="bbox 2171 1471 2755 1544; baseline 0.009 -21"><span class='ocrx_word' id='word_1_134' title='bbox 2171 1471 2534 1542; x_wconf 81' lang='grc' dir='ltr'>Πολύκαρπος</span> <span class='ocrx_word' id='word_1_135' title='bbox 2559 1474 2655 1544; x_wconf 77' lang='grc' dir='ltr'><strong>ἐτη</strong></span> <span class='ocrx_word' id='word_1_136' title='bbox 2685 1480 2755 1543; x_wconf 81' lang='grc' dir='ltr'><strong>γ’.</strong></span> 
     </span>
    </p>
   </div>
   <div class='ocr_carea' id='block_1_33' title="bbox 2167 1557 3682 1635">
    <p class='ocr_par' dir='ltr' id='par_1_33' title="bbox 2167 1557 3682 1635">
     <span class='ocr_line' id='line_1_33' title="bbox 2167 1557 3682 1635; baseline 0.001 -20"><span class='ocrx_word' id='word_1_137' title='bbox 2167 1557 2330 1616; x_wconf 74' lang='grc' dir='ltr'>Οὗτοι</span> <span class='ocrx_word' id='word_1_138' title='bbox 2370 1565 2431 1616; x_wconf 80' lang='grc' dir='ltr'>τὸ</span> <span class='ocrx_word' id='word_1_139' title='bbox 2457 1565 2726 1634; x_wconf 81' lang='grc' dir='ltr'>πρότερον</span> <span class='ocrx_word' id='word_1_140' title='bbox 2753 1567 2810 1618; x_wconf 83' lang='grc' dir='ltr'>ὲν</span> <span class='ocrx_word' id='word_1_141' title='bbox 2839 1563 2918 1635; x_wconf 81' lang='grc' dir='ltr'>τῷ</span> <span class='ocrx_word' id='word_1_142' title='bbox 2945 1563 3227 1634; x_wconf 75' lang='grc' dir='ltr'>εὐκτηρίῳ</span> <span class='ocrx_word' id='word_1_143' title='bbox 3256 1563 3334 1634; x_wconf 81' lang='grc' dir='ltr'>τῷ</span> <span class='ocrx_word' id='word_1_144' title='bbox 3376 1566 3433 1618; x_wconf 78' lang='grc' dir='ltr'>ἐν</span> <span class='ocrx_word' id='word_1_145' title='bbox 3476 1564 3682 1634; x_wconf 82' lang='grc' dir='ltr'>Ἀργυ-</span> 
     </span>
    </p>
   </div>
   <div class='ocr_carea' id='block_1_34' title="bbox 2099 1655 3680 1730">
    <p class='ocr_par' dir='ltr' id='par_1_34' title="bbox 2099 1655 3680 1730">
     <span class='ocr_line' id='line_1_34' title="bbox 2099 1655 3680 1730; baseline 0.002 -24"><span class='ocrx_word' id='word_1_146' title='bbox 2099 1655 2321 1726; x_wconf 85' lang='grc' dir='ltr'>ροπὸλει</span> <span class='ocrx_word' id='word_1_147' title='bbox 2351 1656 2455 1719; x_wconf 83' lang='grc' dir='ltr'><strong>τὰς</strong></span> <span class='ocrx_word' id='word_1_148' title='bbox 2495 1656 2745 1722; x_wconf 84' lang='grc' dir='ltr'>συνάξεις</span> <span class='ocrx_word' id='word_1_149' title='bbox 2769 1655 3100 1730; x_wconf 77' lang='grc' dir='ltr'>[ἐποιοῦντο]</span> <span class='ocrx_word' id='word_1_150' title='bbox 3120 1658 3262 1710; x_wconf 75' lang='grc' dir='ltr'>κατὰ</span> <span class='ocrx_word' id='word_1_151' title='bbox 3287 1658 3413 1720; x_wconf 76' lang='grc' dir='ltr'>τοὺς</span> <span class='ocrx_word' id='word_1_152' title='bbox 3445 1659 3680 1725; x_wconf 77' lang='grc' dir='ltr'>γενομέ-</span> 
     </span>
    </p>
   </div>
   <div class='ocr_carea' id='block_1_35' title="bbox 2102 1749 2583 1821">
    <p class='ocr_par' dir='ltr' id='par_1_35' title="bbox 2102 1749 2583 1821">
     <span class='ocr_line' id='line_1_35' title="bbox 2102 1749 2583 1821; baseline 0.01 -20"><span class='ocrx_word' id='word_1_153' title='bbox 2102 1763 2225 1811; x_wconf 84' lang='grc' dir='ltr'>νους</span> <span class='ocrx_word' id='word_1_154' title='bbox 2280 1749 2583 1821; x_wconf 76' lang='grc' dir='ltr'>διῳγμούς.</span> 
     </span>
    </p>
   </div>
   <div class='ocr_carea' id='block_1_36' title="bbox 2191 1838 3684 1914">
    <p class='ocr_par' dir='ltr' id='par_1_36' title="bbox 2191 1838 3684 1914">
     <span class='ocr_line' id='line_1_36' title="bbox 2191 1838 3684 1914; baseline 0.002 -21"><span class='ocrx_word' id='word_1_155' title='bbox 2191 1841 2560 1914; x_wconf 78' lang='grc' dir='ltr'>Ἀθηνόδωρος</span> <span class='ocrx_word' id='word_1_156' title='bbox 2585 1883 2600 1898; x_wconf 93' lang='grc'><strong>.</strong></span> <span class='ocrx_word' id='word_1_157' title='bbox 2629 1886 2642 1898; x_wconf 94' lang='grc'><strong>.</strong></span> <span class='ocrx_word' id='word_1_158' title='bbox 2676 1883 2690 1898; x_wconf 94' lang='grc'><strong>.</strong></span> <span class='ocrx_word' id='word_1_159' title='bbox 2724 1883 2739 1898; x_wconf 94' lang='grc'><strong>.</strong></span> <span class='ocrx_word' id='word_1_160' title='bbox 2774 1880 2792 1898; x_wconf 91' lang='grc'><strong>.</strong></span> <span class='ocrx_word' id='word_1_161' title='bbox 2832 1883 2847 1898; x_wconf 91' lang='grc'><strong>.</strong></span> <span class='ocrx_word' id='word_1_162' title='bbox 2879 1843 3169 1912; x_wconf 79' lang='grc' dir='ltr'>εὐκτήριον</span> <span class='ocrx_word' id='word_1_163' title='bbox 3202 1838 3350 1894; x_wconf 78' lang='grc' dir='ltr'>οἷκον</span> <span class='ocrx_word' id='word_1_164' title='bbox 3388 1843 3583 1906; x_wconf 79' lang='grc' dir='ltr'><strong>κτίσας</strong></span> <span class='ocrx_word' id='word_1_165' title='bbox 3624 1845 3684 1896; x_wconf 82' lang='grc' dir='ltr'>ἐν</span> 
     </span>
    </p>
   </div>
   <div class='ocr_carea' id='block_1_37' title="bbox 423 1923 2004 2007">
    <p class='ocr_par' dir='ltr' id='par_1_37' title="bbox 423 1923 2004 2002">
     <span class='ocr_line' id='line_1_37' title="bbox 423 1923 2004 2002; baseline -0.011 -8"><span class='ocrx_word' id='word_1_166' title='bbox 423 1949 536 1994; x_wconf 92' lang='lat' dir='ltr'><strong>cto.</strong></span> <span class='ocrx_word' id='word_1_167' title='bbox 568 1977 584 1992; x_wconf 97' lang='lat'><strong>.</strong></span> <span class='ocrx_word' id='word_1_168' title='bbox 611 1977 625 1991; x_wconf 95' lang='lat'><strong>.</strong></span> <span class='ocrx_word' id='word_1_169' title='bbox 650 1972 666 1987; x_wconf 96' lang='lat'><strong>.</strong></span> <span class='ocrx_word' id='word_1_170' title='bbox 693 1975 708 1989; x_wconf 93' lang='lat'><strong>.</strong></span> <span class='ocrx_word' id='word_1_171' title='bbox 738 1973 753 1988; x_wconf 93' lang='lat'><strong>.</strong></span> <span class='ocrx_word' id='word_1_172' title='bbox 782 1973 796 1988; x_wconf 92' lang='lat'><strong>.</strong></span> <span class='ocrx_word' id='word_1_173' title='bbox 855 1931 1003 2002; x_wconf 89' lang='lat' dir='ltr'><strong>quod</strong></span> <span class='ocrx_word' id='word_1_174' title='bbox 1065 1937 1254 2000; x_wconf 86' lang='lat' dir='ltr'><strong>postea</strong></span> <span class='ocrx_word' id='word_1_175' title='bbox 1311 1944 1338 1979; x_wconf 88' lang='lat' dir='ltr'><strong>a</strong></span> <span class='ocrx_word' id='word_1_176' title='bbox 1391 1933 1587 1981; x_wconf 88' lang='lat' dir='ltr'><strong>sancto</strong></span> <span class='ocrx_word' id='word_1_177' title='bbox 1633 1923 2004 1979; x_wconf 89' lang='lat' dir='ltr'><strong>Constantino</strong></span> 
     </span>
    </p>
   </div>
   <div class='ocr_carea' id='block_1_38' title="bbox 2110 1923 3684 2007">
    <p class='ocr_par' dir='ltr' id='par_1_38' title="bbox 2110 1935 3684 2007">
     <span class='ocr_line' id='line_1_38' title="bbox 2110 1935 3684 2007; baseline -0.003 -16"><span class='ocrx_word' id='word_1_178' title='bbox 2110 1940 2168 2007; x_wconf 78' lang='grc' dir='ltr'>τῇ</span> <span class='ocrx_word' id='word_1_179' title='bbox 2197 1937 2351 1990; x_wconf 83' lang='grc' dir='ltr'>πόλει</span> <span class='ocrx_word' id='word_1_180' title='bbox 2382 1975 2398 1991; x_wconf 92' lang='grc'><strong>.</strong></span> <span class='ocrx_word' id='word_1_181' title='bbox 2431 1974 2447 1990; x_wconf 92' lang='grc'><strong>.</strong></span> <span class='ocrx_word' id='word_1_182' title='bbox 2477 1974 2492 1988; x_wconf 92' lang='grc'><strong>.</strong></span> <span class='ocrx_word' id='word_1_183' title='bbox 2522 1977 2538 1992; x_wconf 94' lang='grc'><strong>.</strong></span> <span class='ocrx_word' id='word_1_184' title='bbox 2572 1974 2588 1990; x_wconf 91' lang='grc'><strong>.</strong></span> <span class='ocrx_word' id='word_1_185' title='bbox 2626 1976 2641 1992; x_wconf 93' lang='grc'><strong>.</strong></span> <span class='ocrx_word' id='word_1_186' title='bbox 2671 1936 2764 1989; x_wconf 81' lang='grc' dir='ltr'>τὸν</span> <span class='ocrx_word' id='word_1_187' title='bbox 2797 1937 2933 2005; x_wconf 73' lang='grc' dir='ltr'>μετὰ</span> <span class='ocrx_word' id='word_1_188' title='bbox 2963 1935 3138 1988; x_wconf 81' lang='grc' dir='ltr'>ταῦτα</span> <span class='ocrx_word' id='word_1_189' title='bbox 3163 1935 3267 1988; x_wconf 79' lang='grc' dir='ltr'>ὑπὸ</span> <span class='ocrx_word' id='word_1_190' title='bbox 3303 1936 3396 1987; x_wconf 80' lang='grc' dir='ltr'><strong>τοῦ</strong></span> <span class='ocrx_word' id='word_1_191' title='bbox 3416 1937 3476 1988; x_wconf 77' lang='grc' dir='ltr'>ὲν</span> <span class='ocrx_word' id='word_1_192' title='bbox 3503 1935 3684 2004; x_wconf 77' lang='grc' dir='ltr'>ἁγίοις</span> 
     </span>
    </p>
   </div>
   <div class='ocr_carea' id='block_1_39' title="bbox 428 2017 2001 2102">
    <p class='ocr_par' dir='ltr' id='par_1_39' title="bbox 428 2017 2001 2102">
     <span class='ocr_line' id='line_1_39' title="bbox 428 2017 2001 2102; baseline -0.01 -18"><span class='ocrx_word' id='word_1_193' title='bbox 428 2031 770 2102; x_wconf 88' lang='lat' dir='ltr'><strong>imperatore</strong></span> <span class='ocrx_word' id='word_1_194' title='bbox 803 2026 1174 2082; x_wconf 86' lang='lat' dir='ltr'><strong>instauratum</strong></span> <span class='ocrx_word' id='word_1_195' title='bbox 1207 2020 1334 2085; x_wconf 81' lang='lat' dir='ltr'><strong>fuit,</strong></span> <span class='ocrx_word' id='word_1_196' title='bbox 1372 2019 1449 2075; x_wconf 89' lang='lat' dir='ltr'><strong>ibi</strong></span> <span class='ocrx_word' id='word_1_197' title='bbox 1485 2019 1750 2074; x_wconf 74' lang='lat' dir='ltr'><strong>collectas</strong></span> <span class='ocrx_word' id='word_1_198' title='bbox 1779 2017 2001 2087; x_wconf 80' lang='lat' dir='ltr'><strong>agebat.</strong></span> 
     </span>
    </p>
   </div>
   <div class='ocr_carea' id='block_1_40' title="bbox 489 2203 1011 2264">
    <p class='ocr_par' dir='ltr' id='par_1_40' title="bbox 489 2203 1011 2264">
     <span class='ocr_line' id='line_1_40' title="bbox 489 2203 1011 2264; baseline -0.013 0"><span class='ocrx_word' id='word_1_199' title='bbox 489 2208 732 2264; x_wconf 84' lang='lat' dir='ltr'><strong>Euzoius</strong></span> <span class='ocrx_word' id='word_1_200' title='bbox 765 2206 932 2260; x_wconf 88' lang='lat' dir='ltr'><strong>anuis</strong></span> <span class='ocrx_word' id='word_1_201' title='bbox 956 2203 1011 2258; x_wconf 86' lang='lat'><em>6.</em></span> 
     </span>
    </p>
   </div>
   <div class='ocr_carea' id='block_1_41' title="bbox 495 2296 1162 2358">
    <p class='ocr_par' dir='ltr' id='par_1_41' title="bbox 495 2296 1162 2358">
     <span class='ocr_line' id='line_1_41' title="bbox 495 2296 1162 2358; baseline -0.015 0"><span class='ocrx_word' id='word_1_202' title='bbox 495 2300 830 2358; x_wconf 85' lang='lat' dir='ltr'><strong>Laurentius</strong></span> <span class='ocrx_word' id='word_1_203' title='bbox 853 2296 1036 2350; x_wconf 90' lang='lat' dir='ltr'><strong>anuis.</strong></span> <span class='ocrx_word' id='word_1_204' title='bbox 1061 2332 1078 2349; x_wconf 96' lang='lat'><strong>.</strong></span> <span class='ocrx_word' id='word_1_205' title='bbox 1105 2334 1119 2348; x_wconf 94' lang='lat'><strong>.</strong></span> <span class='ocrx_word' id='word_1_206' title='bbox 1147 2334 1162 2348; x_wconf 91' lang='lat'><strong>.</strong></span> 
     </span>
    </p>
   </div>
   <div class='ocr_carea' id='block_1_42' title="bbox 495 2386 1434 2464">
    <p class='ocr_par' dir='ltr' id='par_1_42' title="bbox 495 2386 1434 2464">
     <span class='ocr_line' id='line_1_42' title="bbox 495 2386 1434 2464; baseline -0.005 -16"><span class='ocrx_word' id='word_1_207' title='bbox 495 2393 725 2464; x_wconf 79' lang='lat' dir='ltr'><strong>Alypius</strong></span> <span class='ocrx_word' id='word_1_208' title='bbox 751 2391 916 2446; x_wconf 85' lang='lat' dir='ltr'><strong>annis</strong></span> <span class='ocrx_word' id='word_1_209' title='bbox 947 2390 1034 2454; x_wconf 79' lang='grc'><strong>15,</strong></span> <span class='ocrx_word' id='word_1_210' title='bbox 1067 2386 1352 2444; x_wconf 87' lang='lat' dir='ltr'><strong>mensibus</strong></span> <span class='ocrx_word' id='word_1_211' title='bbox 1378 2387 1434 2450; x_wconf 88' lang='lat'><em>6.</em></span> 
     </span>
    </p>
   </div>
   <div class='ocr_carea' id='block_1_43' title="bbox 496 2478 2008 2542">
    <p class='ocr_par' dir='ltr' id='par_1_43' title="bbox 496 2478 2008 2542">
     <span class='ocr_line' id='line_1_43' title="bbox 496 2478 2008 2542; baseline -0.007 0"><span class='ocrx_word' id='word_1_212' title='bbox 496 2488 760 2542; x_wconf 78' lang='lat' dir='ltr'><strong>Pertinax</strong></span> <span class='ocrx_word' id='word_1_213' title='bbox 825 2483 908 2536; x_wconf 81' lang='lat' dir='ltr'><strong>vir</strong></span> <span class='ocrx_word' id='word_1_214' title='bbox 951 2481 1268 2538; x_wconf 81' lang='lat' dir='ltr'><strong>consularis</strong></span> <span class='ocrx_word' id='word_1_215' title='bbox 1318 2479 1536 2535; x_wconf 85' lang='lat' dir='ltr'><strong>ordinis</strong></span> <span class='ocrx_word' id='word_1_216' title='bbox 1593 2478 1859 2534; x_wconf 83' lang='lat' dir='ltr'><strong>senatorii</strong></span> <span class='ocrx_word' id='word_1_217' title='bbox 1907 2494 2008 2533; x_wconf 59' lang='lat' dir='ltr'><strong>ann</strong></span> 
     </span>
    </p>
   </div>
   <div class='ocr_carea' id='block_1_44' title="bbox 425 2576 629 2633">
    <p class='ocr_par' dir='ltr' id='par_1_44' title="bbox 425 2576 629 2633">
     <span class='ocr_line' id='line_1_44' title="bbox 425 2576 629 2633; baseline -0.005 0"><span class='ocrx_word' id='word_1_218' title='bbox 425 2580 511 2633; x_wconf 79' lang='lat' dir='ltr'><strong>Itis</strong></span> <span class='ocrx_word' id='word_1_219' title='bbox 539 2576 629 2632; x_wconf 77' lang='lat' dir='ltr'><strong>i9.</strong></span> 
     </span>
    </p>
   </div>
   <div class='ocr_carea' id='block_1_45' title="bbox 500 2659 2006 2724">
    <p class='ocr_par' dir='ltr' id='par_1_45' title="bbox 500 2659 2006 2724">
     <span class='ocr_line' id='line_1_45' title="bbox 500 2659 2006 2724; baseline -0.008 0"><span class='ocrx_word' id='word_1_220' title='bbox 500 2669 599 2724; x_wconf 81' lang='lat' dir='ltr'><strong>llic</strong></span> <span class='ocrx_word' id='word_1_221' title='bbox 651 2668 816 2724; x_wconf 87' lang='lat' dir='ltr'><strong>aliam</strong></span> <span class='ocrx_word' id='word_1_222' title='bbox 871 2666 1160 2723; x_wconf 87' lang='lat' dir='ltr'><strong>ecclesiam</strong></span> <span class='ocrx_word' id='word_1_223' title='bbox 1215 2661 1482 2718; x_wconf 78' lang='lat' dir='ltr'><strong>excitavit</strong></span> <span class='ocrx_word' id='word_1_224' title='bbox 1512 2661 1567 2714; x_wconf 91' lang='lat' dir='ltr'><strong>in</strong></span> <span class='ocrx_word' id='word_1_225' title='bbox 1617 2660 1740 2714; x_wconf 83' lang='lat' dir='ltr'><strong>loco</strong></span> <span class='ocrx_word' id='word_1_226' title='bbox 1790 2659 2006 2715; x_wconf 90' lang='lat' dir='ltr'><strong>mariti-</strong></span> 
     </span>
    </p>
   </div>
   <div class='ocr_carea' id='block_1_46' title="bbox 430 2752 2009 2829">
    <p class='ocr_par' dir='ltr' id='par_1_46' title="bbox 430 2752 2009 2829">
     <span class='ocr_line' id='line_1_46' title="bbox 430 2752 2009 2829; baseline -0.006 -15"><span class='ocrx_word' id='word_1_227' title='bbox 430 2776 543 2825; x_wconf 84' lang='lat' dir='ltr'><strong>mo,</strong></span> <span class='ocrx_word' id='word_1_228' title='bbox 575 2760 664 2814; x_wconf 92' lang='lat' dir='ltr'><strong>cui</strong></span> <span class='ocrx_word' id='word_1_229' title='bbox 703 2773 905 2814; x_wconf 88' lang='lat' dir='ltr'><strong>nomen</strong></span> <span class='ocrx_word' id='word_1_230' title='bbox 941 2757 1116 2829; x_wconf 69' lang='lat' dir='ltr'><strong>Sycaa,</strong></span> <span class='ocrx_word' id='word_1_231' title='bbox 1151 2765 1204 2812; x_wconf 90' lang='lat' dir='ltr'><strong>et</strong></span> <span class='ocrx_word' id='word_1_232' title='bbox 1236 2770 1359 2810; x_wconf 89' lang='lat' dir='ltr'><strong>eam</strong></span> <span class='ocrx_word' id='word_1_233' title='bbox 1394 2753 1568 2808; x_wconf 67' lang='lat' dir='ltr'><strong>aedem</strong></span> <span class='ocrx_word' id='word_1_234' title='bbox 1605 2752 1820 2806; x_wconf 90' lang='lat' dir='ltr'><strong>lreuem</strong></span> <span class='ocrx_word' id='word_1_235' title='bbox 1871 2767 2009 2805; x_wconf 85' lang='lat' dir='ltr'><strong>nun-</strong></span> 
     </span>
    </p>
   </div>
   <div class='ocr_carea' id='block_1_47' title="bbox 425 2855 673 2924">
    <p class='ocr_par' dir='ltr' id='par_1_47' title="bbox 425 2855 673 2924">
     <span class='ocr_line' id='line_1_47' title="bbox 425 2855 673 2924; baseline -0.004 -16"><span class='ocrx_word' id='word_1_236' title='bbox 425 2855 673 2924; x_wconf 75' lang='lat' dir='ltr'><strong>eupuvit.</strong></span> 
     </span>
    </p>
   </div>
   <div class='ocr_carea' id='block_1_48' title="bbox 494 2945 1012 3022">
    <p class='ocr_par' dir='ltr' id='par_1_48' title="bbox 494 2945 1012 3022">
     <span class='ocr_line' id='line_1_48' title="bbox 494 2945 1012 3022; baseline -0.012 -18"><span class='ocrx_word' id='word_1_237' title='bbox 494 2945 879 3022; x_wconf 77' lang='lat' dir='ltr'><strong>Olympianus.</strong></span> <span class='ocrx_word' id='word_1_238' title='bbox 907 2984 923 3004; x_wconf 89' lang='lat'><strong>.</strong></span> <span class='ocrx_word' id='word_1_239' title='bbox 951 2983 966 2998; x_wconf 96' lang='lat'><strong>.</strong></span> <span class='ocrx_word' id='word_1_240' title='bbox 997 2983 1012 2998; x_wconf 90' lang='lat'><strong>.</strong></span> 
     </span>
    </p>
   </div>
   <div class='ocr_carea' id='block_1_49' title="bbox 497 3038 940 3114">
    <p class='ocr_par' dir='ltr' id='par_1_49' title="bbox 497 3038 940 3114">
     <span class='ocr_line' id='line_1_49' title="bbox 497 3038 940 3114; baseline -0.009 -18"><span class='ocrx_word' id='word_1_241' title='bbox 497 3038 815 3114; x_wconf 83' lang='lat' dir='ltr'><strong>[Marcus].</strong></span> <span class='ocrx_word' id='word_1_242' title='bbox 844 3079 858 3092; x_wconf 96' lang='lat'><strong>.</strong></span> <span class='ocrx_word' id='word_1_243' title='bbox 881 3079 896 3092; x_wconf 90' lang='lat'><strong>.</strong></span> <span class='ocrx_word' id='word_1_244' title='bbox 923 3076 940 3092; x_wconf 94' lang='lat'><strong>.</strong></span> 
     </span>
    </p>
   </div>
   <div class='ocr_carea' id='block_1_50' title="bbox 495 3133 986 3206">
    <p class='ocr_par' dir='ltr' id='par_1_50' title="bbox 495 3133 986 3206">
     <span class='ocr_line' id='line_1_50' title="bbox 495 3133 986 3206; baseline -0.014 -15"><span class='ocrx_word' id='word_1_245' title='bbox 495 3133 852 3206; x_wconf 81' lang='lat' dir='ltr'><strong>Cyrillianus.</strong></span> <span class='ocrx_word' id='word_1_246' title='bbox 883 3169 898 3184; x_wconf 96' lang='lat'><strong>.</strong></span> <span class='ocrx_word' id='word_1_247' title='bbox 926 3171 940 3185; x_wconf 94' lang='lat'><strong>.</strong></span> <span class='ocrx_word' id='word_1_248' title='bbox 970 3169 986 3184; x_wconf 94' lang='lat'><strong>.</strong></span> 
     </span>
    </p>
   </div>
   <div class='ocr_carea' id='block_1_51' title="bbox 500 3222 977 3298">
    <p class='ocr_par' dir='ltr' id='par_1_51' title="bbox 500 3222 977 3298">
     <span class='ocr_line' id='line_1_51' title="bbox 500 3222 977 3298; baseline -0.01 -17"><span class='ocrx_word' id='word_1_249' title='bbox 500 3222 846 3298; x_wconf 78' lang='lat' dir='ltr'><strong>[Castinus].</strong></span> <span class='ocrx_word' id='word_1_250' title='bbox 873 3263 889 3279; x_wconf 91' lang='lat'><strong>.</strong></span> <span class='ocrx_word' id='word_1_251' title='bbox 917 3261 934 3278; x_wconf 91' lang='lat'><strong>.</strong></span> <span class='ocrx_word' id='word_1_252' title='bbox 961 3260 977 3276; x_wconf 92' lang='lat'><strong>.</strong></span> 
     </span>
    </p>
   </div>
   <div class='ocr_carea' id='block_1_52' title="bbox 504 3307 1993 3389">
    <p class='ocr_par' dir='ltr' id='par_1_52' title="bbox 504 3307 1993 3389">
     <span class='ocr_line' id='line_1_52' title="bbox 504 3307 1993 3389; baseline -0.007 -17"><span class='ocrx_word' id='word_1_253' title='bbox 504 3320 605 3374; x_wconf 84' lang='lat' dir='ltr'><strong>Hic</strong></span> <span class='ocrx_word' id='word_1_254' title='bbox 652 3317 902 3389; x_wconf 84' lang='lat' dir='ltr'><strong>Byzantii</strong></span> <span class='ocrx_word' id='word_1_255' title='bbox 949 3316 1003 3370; x_wconf 91' lang='lat' dir='ltr'><strong>in</strong></span> <span class='ocrx_word' id='word_1_256' title='bbox 1050 3315 1173 3369; x_wconf 90' lang='lat' dir='ltr'><strong>loco</strong></span> <span class='ocrx_word' id='word_1_257' title='bbox 1207 3312 1298 3368; x_wconf 93' lang='lat' dir='ltr'><strong>cui</strong></span> <span class='ocrx_word' id='word_1_258' title='bbox 1325 3325 1528 3366; x_wconf 91' lang='lat' dir='ltr'><strong>nomen</strong></span> <span class='ocrx_word' id='word_1_259' title='bbox 1565 3307 1837 3373; x_wconf 88' lang='lat' dir='ltr'><strong>Pctrium,</strong></span> <span class='ocrx_word' id='word_1_260' title='bbox 1874 3323 1993 3364; x_wconf 85' lang='lat' dir='ltr'><strong>san-</strong></span> 
     </span>
    </p>
   </div>
   <div class='ocr_carea' id='block_1_53' title="bbox 426 3393 1554 3480">
    <p class='ocr_par' dir='ltr' id='par_1_53' title="bbox 426 3393 1554 3480">
     <span class='ocr_line' id='line_1_53' title="bbox 426 3393 1554 3480; baseline -0.008 -12"><span class='ocrx_word' id='word_1_261' title='bbox 426 3422 573 3468; x_wconf 87' lang='lat' dir='ltr'><strong>ctam</strong></span> <span class='ocrx_word' id='word_1_262' title='bbox 606 3409 972 3480; x_wconf 82' lang='lat' dir='ltr'><strong>Euphemiam</strong></span> <span class='ocrx_word' id='word_1_263' title='bbox 1010 3393 1292 3476; x_wconf 65' lang='lat' dir='ltr'><strong>excitavit.</strong></span> <span class='ocrx_word' id='word_1_264' title='bbox 1324 3445 1338 3459; x_wconf 95' lang='lat'><strong>.</strong></span> <span class='ocrx_word' id='word_1_265' title='bbox 1367 3443 1382 3458; x_wconf 99' lang='lat'><strong>.</strong></span> <span class='ocrx_word' id='word_1_266' title='bbox 1409 3443 1424 3458; x_wconf 95' lang='lat'><strong>.</strong></span> <span class='ocrx_word' id='word_1_267' title='bbox 1451 3440 1466 3456; x_wconf 93' lang='lat'><strong>.</strong></span> <span class='ocrx_word' id='word_1_268' title='bbox 1494 3440 1511 3458; x_wconf 93' lang='lat'><strong>.</strong></span> <span class='ocrx_word' id='word_1_269' title='bbox 1537 3441 1554 3459; x_wconf 90' lang='lat'><strong>.</strong></span> 
     </span>
    </p>
   </div>
   <div class='ocr_carea' id='block_1_54' title="bbox 501 3496 1379 3565">
    <p class='ocr_par' dir='ltr' id='par_1_54' title="bbox 501 3496 1379 3565">
     <span class='ocr_line' id='line_1_54' title="bbox 501 3496 1379 3565; baseline -0.01 -6"><span class='ocrx_word' id='word_1_270' title='bbox 501 3506 660 3559; x_wconf 84' lang='lat' dir='ltr'><strong>Titus</strong></span> <span class='ocrx_word' id='word_1_271' title='bbox 685 3504 846 3558; x_wconf 88' lang='lat' dir='ltr'><strong>annis</strong></span> <span class='ocrx_word' id='word_1_272' title='bbox 881 3501 975 3565; x_wconf 79' lang='lat'><strong>55,</strong></span> <span class='ocrx_word' id='word_1_273' title='bbox 1003 3499 1293 3554; x_wconf 85' lang='lat' dir='ltr'><strong>mensibus</strong></span> <span class='ocrx_word' id='word_1_274' title='bbox 1324 3496 1379 3552; x_wconf 86' lang='lat'><em>6.</em></span> 
     </span>
    </p>
   </div>
   <div class='ocr_carea' id='block_1_55' title="bbox 500 3585 2003 3660">
    <p class='ocr_par' dir='ltr' id='par_1_55' title="bbox 500 3585 2003 3660">
     <span class='ocr_line' id='line_1_55' title="bbox 500 3585 2003 3660; baseline -0.009 -7"><span class='ocrx_word' id='word_1_275' title='bbox 500 3595 792 3652; x_wconf 85' lang='lat' dir='ltr'><strong>Dometius</strong></span> <span class='ocrx_word' id='word_1_276' title='bbox 851 3595 1022 3647; x_wconf 76' lang='lat' dir='ltr'><strong>frater</strong></span> <span class='ocrx_word' id='word_1_277' title='bbox 1073 3591 1236 3648; x_wconf 87' lang='lat' dir='ltr'><strong>Probi</strong></span> <span class='ocrx_word' id='word_1_278' title='bbox 1292 3590 1651 3660; x_wconf 81' lang='lat' dir='ltr'><strong>imperatoris</strong></span> <span class='ocrx_word' id='word_1_279' title='bbox 1700 3585 1862 3642; x_wconf 85' lang='lat' dir='ltr'><strong>anuis</strong></span> <span class='ocrx_word' id='word_1_280' title='bbox 1911 3585 2003 3650; x_wconf 67' lang='grc' dir='ltr'>ει,</span> 
     </span>
    </p>
   </div>
   <div class='ocr_carea' id='block_1_56' title="bbox 429 3686 792 3743">
    <p class='ocr_par' dir='ltr' id='par_1_56' title="bbox 429 3686 792 3743">
     <span class='ocr_line' id='line_1_56' title="bbox 429 3686 792 3743; baseline -0.006 0"><span class='ocrx_word' id='word_1_281' title='bbox 429 3688 715 3743; x_wconf 88' lang='lat' dir='ltr'><strong>mensibus</strong></span> <span class='ocrx_word' id='word_1_282' title='bbox 738 3686 792 3741; x_wconf 87' lang='lat'><strong>6.</strong></span> 
     </span>
    </p>
   </div>
   <div class='ocr_carea' id='block_1_57' title="bbox 500 3771 1525 3844">
    <p class='ocr_par' dir='ltr' id='par_1_57' title="bbox 500 3771 1525 3844">
     <span class='ocr_line' id='line_1_57' title="bbox 500 3771 1525 3844; baseline -0.006 -11"><span class='ocrx_word' id='word_1_283' title='bbox 500 3779 715 3835; x_wconf 85' lang='lat' dir='ltr'><strong>Probus</strong></span> <span class='ocrx_word' id='word_1_284' title='bbox 745 3776 890 3831; x_wconf 82' lang='lat' dir='ltr'><strong>ﬁlius</strong></span> <span class='ocrx_word' id='word_1_285' title='bbox 920 3774 1155 3830; x_wconf 89' lang='lat' dir='ltr'><strong>Dometii</strong></span> <span class='ocrx_word' id='word_1_286' title='bbox 1191 3773 1352 3828; x_wconf 87' lang='lat' dir='ltr'><strong>anuis</strong></span> <span class='ocrx_word' id='word_1_287' title='bbox 1383 3771 1525 3844; x_wconf 68' lang='lat' dir='ltr'><strong>[l2].</strong></span> 
     </span>
    </p>
   </div>
   <div class='ocr_carea' id='block_1_58' title="bbox 502 3861 2005 3940">
    <p class='ocr_par' dir='ltr' id='par_1_58' title="bbox 502 3861 2005 3940">
     <span class='ocr_line' id='line_1_58' title="bbox 502 3861 2005 3940; baseline -0.007 -16"><span class='ocrx_word' id='word_1_288' title='bbox 502 3869 893 3940; x_wconf 80' lang='lat' dir='ltr'><strong>Metrophanes</strong></span> <span class='ocrx_word' id='word_1_289' title='bbox 946 3869 1094 3924; x_wconf 80' lang='lat' dir='ltr'><strong>ﬁlius</strong></span> <span class='ocrx_word' id='word_1_290' title='bbox 1146 3865 1408 3929; x_wconf 88' lang='lat' dir='ltr'><strong>Dometii,</strong></span> <span class='ocrx_word' id='word_1_291' title='bbox 1457 3864 1628 3918; x_wconf 79' lang='lat' dir='ltr'><strong>frater</strong></span> <span class='ocrx_word' id='word_1_292' title='bbox 1669 3861 1831 3919; x_wconf 89' lang='lat' dir='ltr'><strong>Probi</strong></span> <span class='ocrx_word' id='word_1_293' title='bbox 1886 3862 2005 3930; x_wconf 83' lang='lat' dir='ltr'><strong>epi-</strong></span> 
     </span>
    </p>
   </div>
   <div class='ocr_carea' id='block_1_59' title="bbox 428 3954 2006 4032">
    <p class='ocr_par' dir='ltr' id='par_1_59' title="bbox 428 3954 2006 4032">
     <span class='ocr_line' id='line_1_59' title="bbox 428 3954 2006 4032; baseline -0.008 -13"><span class='ocrx_word' id='word_1_294' title='bbox 428 3962 622 4032; x_wconf 87' lang='lat' dir='ltr'><strong>scopi,</strong></span> <span class='ocrx_word' id='word_1_295' title='bbox 675 3960 1032 4032; x_wconf 78' lang='lat' dir='ltr'><strong>imperatoris</strong></span> <span class='ocrx_word' id='word_1_296' title='bbox 1079 3974 1212 4014; x_wconf 87' lang='lat' dir='ltr'><strong>vero</strong></span> <span class='ocrx_word' id='word_1_297' title='bbox 1244 3957 1409 4012; x_wconf 84' lang='lat' dir='ltr'><strong>Probi</strong></span> <span class='ocrx_word' id='word_1_298' title='bbox 1465 3955 1654 4012; x_wconf 83' lang='lat' dir='ltr'><strong>fratris</strong></span> <span class='ocrx_word' id='word_1_299' title='bbox 1701 3954 1867 4022; x_wconf 73' lang='lat' dir='ltr'><strong>(ilius,</strong></span> <span class='ocrx_word' id='word_1_300' title='bbox 1909 3969 2006 4007; x_wconf 87' lang='lat' dir='ltr'><strong>an-</strong></span> 
     </span>
    </p>
   </div>
   <div class='ocr_carea' id='block_1_60' title="bbox 429 4054 638 4110">
    <p class='ocr_par' dir='ltr' id='par_1_60' title="bbox 429 4054 638 4110">
     <span class='ocr_line' id='line_1_60' title="bbox 429 4054 638 4110; baseline -0.005 -1"><span class='ocrx_word' id='word_1_301' title='bbox 429 4055 517 4110; x_wconf 91' lang='lat' dir='ltr'><strong>nis</strong></span> <span class='ocrx_word' id='word_1_302' title='bbox 551 4054 638 4110; x_wconf 74' lang='grc'><strong>10.</strong></span> 
     </span>
    </p>
   </div>
   <div class='ocr_carea' id='block_1_61' title="bbox 504 4138 2009 4215">
    <p class='ocr_par' dir='ltr' id='par_1_61' title="bbox 504 4138 2009 4215">
     <span class='ocr_line' id='line_1_61' title="bbox 504 4138 2009 4215; baseline -0.007 -13"><span class='ocrx_word' id='word_1_303' title='bbox 504 4147 622 4202; x_wconf 83' lang='lat' dir='ltr'><strong>Hoc</strong></span> <span class='ocrx_word' id='word_1_304' title='bbox 661 4143 1038 4215; x_wconf 84' lang='lat' dir='ltr'><strong>episcopatum</strong></span> <span class='ocrx_word' id='word_1_305' title='bbox 1079 4150 1309 4214; x_wconf 80' lang='lat' dir='ltr'><strong>gerente</strong></span> <span class='ocrx_word' id='word_1_306' title='bbox 1361 4139 1420 4196; x_wconf 91' lang='lat' dir='ltr'><strong>S.</strong></span> <span class='ocrx_word' id='word_1_307' title='bbox 1465 4139 1870 4195; x_wconf 82' lang='lat' dir='ltr'><strong>Constantinus</strong></span> <span class='ocrx_word' id='word_1_308' title='bbox 1903 4138 2009 4193; x_wconf 88' lang='lat' dir='ltr'><strong>im-</strong></span> 
     </span>
    </p>
   </div>
   <div class='ocr_carea' id='block_1_62' title="bbox 428 4229 2010 4311">
    <p class='ocr_par' dir='ltr' id='par_1_62' title="bbox 428 4229 2010 4311">
     <span class='ocr_line' id='line_1_62' title="bbox 428 4229 2010 4311; baseline -0.006 -16"><span class='ocrx_word' id='word_1_309' title='bbox 428 4249 656 4311; x_wconf 84' lang='lat' dir='ltr'><strong>perator</strong></span> <span class='ocrx_word' id='word_1_310' title='bbox 696 4238 825 4294; x_wconf 90' lang='lat' dir='ltr'><strong>belli</strong></span> <span class='ocrx_word' id='word_1_311' title='bbox 873 4239 925 4292; x_wconf 95' lang='lat' dir='ltr'><strong>in</strong></span> <span class='ocrx_word' id='word_1_312' title='bbox 981 4229 1254 4293; x_wconf 84' lang='lat' dir='ltr'><strong>Licinium</strong></span> <span class='ocrx_word' id='word_1_313' title='bbox 1307 4235 1552 4304; x_wconf 88' lang='lat' dir='ltr'><strong>suscepti</strong></span> <span class='ocrx_word' id='word_1_314' title='bbox 1600 4249 1766 4290; x_wconf 88' lang='lat' dir='ltr'><strong>causa</strong></span> <span class='ocrx_word' id='word_1_315' title='bbox 1800 4232 2010 4305; x_wconf 76' lang='lat' dir='ltr'><strong>Byzan-</strong></span> 
     </span>
    </p>
   </div>
   <div class='ocr_carea' id='block_1_63' title="bbox 431 4325 2008 4399">
    <p class='ocr_par' dir='ltr' id='par_1_63' title="bbox 431 4325 2008 4399">
     <span class='ocr_line' id='line_1_63' title="bbox 431 4325 2008 4399; baseline -0.006 -12"><span class='ocrx_word' id='word_1_316' title='bbox 431 4334 573 4387; x_wconf 89' lang='lat' dir='ltr'><strong>tium</strong></span> <span class='ocrx_word' id='word_1_317' title='bbox 621 4331 777 4388; x_wconf 71' lang='lat' dir='ltr'><strong>venit</strong></span> <span class='ocrx_word' id='word_1_318' title='bbox 822 4347 837 4385; x_wconf 91' lang='lat'><strong>:</strong></span> <span class='ocrx_word' id='word_1_319' title='bbox 895 4329 966 4385; x_wconf 88' lang='lat' dir='ltr'><strong>ab</strong></span> <span class='ocrx_word' id='word_1_320' title='bbox 1022 4344 1202 4399; x_wconf 87' lang='lat' dir='ltr'><strong>eoque</strong></span> <span class='ocrx_word' id='word_1_321' title='bbox 1257 4326 1776 4398; x_wconf 89' lang='lat' dir='ltr'><strong>Constantinopolis</strong></span> <span class='ocrx_word' id='word_1_322' title='bbox 1837 4325 2008 4383; x_wconf 74' lang='lat' dir='ltr'><strong>aedili-</strong></span> 
     </span>
    </p>
   </div>
   <div class='ocr_carea' id='block_1_64' title="bbox 431 4437 613 4481">
    <p class='ocr_par' dir='ltr' id='par_1_64' title="bbox 431 4437 613 4481">
     <span class='ocr_line' id='line_1_64' title="bbox 431 4437 613 4481; baseline -0.016 0"><span class='ocrx_word' id='word_1_323' title='bbox 431 4437 613 4481; x_wconf 87' lang='lat' dir='ltr'><strong>catur.</strong></span> 
     </span>
    </p>
   </div>
   <div class='ocr_carea' id='block_1_65' title="bbox 506 4513 2011 4588">
    <p class='ocr_par' dir='ltr' id='par_1_65' title="bbox 506 4513 2011 4588">
     <span class='ocr_line' id='line_1_65' title="bbox 506 4513 2011 4588; baseline 0.001 -18"><span class='ocrx_word' id='word_1_324' title='bbox 506 4518 605 4572; x_wconf 91' lang='lat' dir='ltr'><strong>llic</strong></span> <span class='ocrx_word' id='word_1_325' title='bbox 639 4513 1101 4588; x_wconf 79' lang='lat' dir='ltr'><strong>[MetrOpbanes]</strong></span> <span class='ocrx_word' id='word_1_326' title='bbox 1140 4515 1330 4585; x_wconf 68' lang='lat' dir='ltr'><strong>primae</strong></span> <span class='ocrx_word' id='word_1_327' title='bbox 1368 4516 1580 4586; x_wconf 83' lang='lat' dir='ltr'><strong>synodo</strong></span> <span class='ocrx_word' id='word_1_328' title='bbox 1614 4513 1890 4581; x_wconf 78' lang='lat' dir='ltr'><strong>interfuit,</strong></span> <span class='ocrx_word' id='word_1_329' title='bbox 1946 4531 2011 4572; x_wconf 88' lang='lat' dir='ltr'><strong>ac</strong></span> 
     </span>
    </p>
   </div>
   <div class='ocr_carea' id='block_1_66' title="bbox 434 4606 1843 4681">
    <p class='ocr_par' dir='ltr' id='par_1_66' title="bbox 434 4606 1843 4681">
     <span class='ocr_line' id='line_1_66' title="bbox 434 4606 1843 4681; baseline -0.001 -17"><span class='ocrx_word' id='word_1_330' title='bbox 434 4609 650 4681; x_wconf 88' lang='lat' dir='ltr'><strong>primus</strong></span> <span class='ocrx_word' id='word_1_331' title='bbox 677 4607 1334 4677; x_wconf 74' lang='lat' dir='ltr'><strong>Constantinopolitanus</strong></span> <span class='ocrx_word' id='word_1_332' title='bbox 1367 4607 1682 4676; x_wconf 83' lang='lat' dir='ltr'><strong>patriarcha</strong></span> <span class='ocrx_word' id='word_1_333' title='bbox 1718 4606 1843 4662; x_wconf 76' lang='lat' dir='ltr'><strong>fuit.</strong></span> 
     </span>
    </p>
   </div>
   <div class='ocr_carea' id='block_1_67' title="bbox 509 4696 2012 4770">
    <p class='ocr_par' dir='ltr' id='par_1_67' title="bbox 509 4696 2012 4770">
     <span class='ocr_line' id='line_1_67' title="bbox 509 4696 2012 4770; baseline -0.001 -14"><span class='ocrx_word' id='word_1_334' title='bbox 509 4701 652 4757; x_wconf 87' lang='lat' dir='ltr'><strong>Sunt</strong></span> <span class='ocrx_word' id='word_1_335' title='bbox 676 4703 864 4770; x_wconf 85' lang='lat' dir='ltr'><strong>itaque</strong></span> <span class='ocrx_word' id='word_1_336' title='bbox 894 4698 1143 4770; x_wconf 85' lang='lat' dir='ltr'><strong>episcopi</strong></span> <span class='ocrx_word' id='word_1_337' title='bbox 1182 4697 1433 4768; x_wconf 71' lang='lat' dir='ltr'><strong>Byzantii</strong></span> <span class='ocrx_word' id='word_1_338' title='bbox 1480 4712 1510 4751; x_wconf 89' lang='lat' dir='ltr'><strong>a</strong></span> <span class='ocrx_word' id='word_1_339' title='bbox 1544 4696 1602 4752; x_wconf 90' lang='lat' dir='ltr'><strong>S.</strong></span> <span class='ocrx_word' id='word_1_340' title='bbox 1631 4696 1850 4752; x_wconf 82' lang='lat' dir='ltr'><strong>Andrea</strong></span> <span class='ocrx_word' id='word_1_341' title='bbox 1879 4714 2012 4768; x_wconf 85' lang='lat' dir='ltr'><strong>apo-</strong></span> 
     </span>
    </p>
   </div>
   <div class='ocr_carea' id='block_1_68' title="bbox 433 4787 1763 4863">
    <p class='ocr_par' dir='ltr' id='par_1_68' title="bbox 433 4787 1763 4863">
     <span class='ocr_line' id='line_1_68' title="bbox 433 4787 1763 4863; baseline -0.007 -12"><span class='ocrx_word' id='word_1_342' title='bbox 433 4795 576 4851; x_wconf 75' lang='lat' dir='ltr'><strong>stolo</strong></span> <span class='ocrx_word' id='word_1_343' title='bbox 612 4806 786 4862; x_wconf 88' lang='lat' dir='ltr'><strong>usque</strong></span> <span class='ocrx_word' id='word_1_344' title='bbox 819 4791 888 4846; x_wconf 88' lang='lat' dir='ltr'><strong>ad</strong></span> <span class='ocrx_word' id='word_1_345' title='bbox 912 4790 1328 4860; x_wconf 81' lang='lat' dir='ltr'><strong>Metmphanetu</strong></span> <span class='ocrx_word' id='word_1_346' title='bbox 1359 4803 1594 4846; x_wconf 85' lang='lat' dir='ltr'><strong>numero</strong></span> <span class='ocrx_word' id='word_1_347' title='bbox 1622 4787 1763 4863; x_wconf 71' lang='lat'><strong>[20].</strong></span> 
     </span>
    </p>
   </div>
   <div class='ocr_carea' id='block_1_69' title="bbox 512 4965 2013 5041">
    <p class='ocr_par' dir='ltr' id='par_1_69' title="bbox 512 4965 2013 5041">
     <span class='ocr_line' id='line_1_69' title="bbox 512 4965 2013 5041; baseline -0.004 -12"><span class='ocrx_word' id='word_1_348' title='bbox 512 4970 726 5029; x_wconf 88' lang='lat' dir='ltr'><strong>Deinde</strong></span> <span class='ocrx_word' id='word_1_349' title='bbox 784 4985 916 5026; x_wconf 81' lang='lat' dir='ltr'><strong>vero</strong></span> <span class='ocrx_word' id='word_1_350' title='bbox 969 4968 1301 5041; x_wconf 81' lang='lat' dir='ltr'><strong>patriarchae</strong></span> <span class='ocrx_word' id='word_1_351' title='bbox 1357 4969 1462 5027; x_wconf 85' lang='lat' dir='ltr'><strong>hoc</strong></span> <span class='ocrx_word' id='word_1_352' title='bbox 1518 4965 1716 5024; x_wconf 83' lang='lat' dir='ltr'><strong>ordine</strong></span> <span class='ocrx_word' id='word_1_353' title='bbox 1774 4965 2013 5038; x_wconf 75' lang='lat' dir='ltr'><strong>praefue-</strong></span> 
     </span>
    </p>
   </div>
   <div class='ocr_carea' id='block_1_70' title="bbox 435 5065 1672 5122">
    <p class='ocr_par' dir='ltr' id='par_1_70' title="bbox 435 5065 1672 5122">
     <span class='ocr_line' id='line_1_70' title="bbox 435 5065 1672 5122; baseline -0.005 -1"><span class='ocrx_word' id='word_1_354' title='bbox 435 5075 620 5122; x_wconf 86' lang='lat' dir='ltr'><strong>runt:</strong></span> <span class='ocrx_word' id='word_1_355' title='bbox 1145 5065 1148 5068; x_wconf 81' lang='grc'><strong>’</strong></span> <span class='ocrx_word' id='word_1_356' title='bbox 1667 5081 1672 5083; x_wconf 52' lang='grc' dir='ltr'><strong>λ</strong></span> 
     </span>
    </p>
   </div>
   <div class='ocr_carea' id='block_1_71' title="bbox 508 5152 1210 5226">
    <p class='ocr_par' dir='ltr' id='par_1_71' title="bbox 508 5152 1210 5226">
     <span class='ocr_line' id='line_1_71' title="bbox 508 5152 1210 5226; baseline -0.003 -14"><span class='ocrx_word' id='word_1_357' title='bbox 508 5154 901 5226; x_wconf 80' lang='lat' dir='ltr'><strong>Metrophanes</strong></span> <span class='ocrx_word' id='word_1_358' title='bbox 931 5153 1092 5209; x_wconf 90' lang='lat' dir='ltr'><strong>annis</strong></span> <span class='ocrx_word' id='word_1_359' title='bbox 1124 5152 1210 5210; x_wconf 77' lang='grc'><strong>10.</strong></span> 
     </span>
    </p>
   </div>
   <div class='ocr_carea' id='block_1_72' title="bbox 507 5245 2016 5321">
    <p class='ocr_par' dir='ltr' id='par_1_72' title="bbox 507 5245 2016 5321">
     <span class='ocr_line' id='line_1_72' title="bbox 507 5245 2016 5321; baseline -0.003 -15"><span class='ocrx_word' id='word_1_360' title='bbox 507 5247 822 5308; x_wconf 78' lang='lat' dir='ltr'><strong>Alexander</strong></span> <span class='ocrx_word' id='word_1_361' title='bbox 850 5248 1014 5303; x_wconf 83' lang='lat' dir='ltr'><strong>anuis</strong></span> <span class='ocrx_word' id='word_1_362' title='bbox 1045 5247 1143 5312; x_wconf 75' lang='grc'><strong>25,</strong></span> <span class='ocrx_word' id='word_1_363' title='bbox 1163 5245 1268 5304; x_wconf 90' lang='lat' dir='ltr'><strong>sub</strong></span> <span class='ocrx_word' id='word_1_364' title='bbox 1308 5262 1420 5319; x_wconf 90' lang='lat' dir='ltr'><strong>quo</strong></span> <span class='ocrx_word' id='word_1_365' title='bbox 1457 5247 1627 5305; x_wconf 79' lang='lat' dir='ltr'><strong>Arius</strong></span> <span class='ocrx_word' id='word_1_366' title='bbox 1654 5248 1872 5321; x_wconf 83' lang='lat' dir='ltr'><strong>crepuit</strong></span> <span class='ocrx_word' id='word_1_367' title='bbox 1903 5259 2016 5302; x_wconf 82' lang='lat' dir='ltr'><strong>nte-</strong></span> 
     </span>
    </p>
   </div>
   <div class='ocr_carea' id='block_1_73' title="bbox 437 5343 586 5403">
    <p class='ocr_par' dir='ltr' id='par_1_73' title="bbox 437 5343 586 5403">
     <span class='ocr_line' id='line_1_73' title="bbox 437 5343 586 5403; baseline -0.02 -6"><span class='ocrx_word' id='word_1_368' title='bbox 437 5343 586 5403; x_wconf 84' lang='lat' dir='ltr'><strong>dius.</strong></span> 
     </span>
    </p>
   </div>
   <div class='ocr_carea' id='block_1_74' title="bbox 513 5433 2016 5508">
    <p class='ocr_par' dir='ltr' id='par_1_74' title="bbox 513 5433 2016 5508">
     <span class='ocr_line' id='line_1_74' title="bbox 513 5433 2016 5508; baseline 0.001 -18"><span class='ocrx_word' id='word_1_369' title='bbox 513 5434 718 5492; x_wconf 87' lang='lat' dir='ltr'><strong>Paulus</strong></span> <span class='ocrx_word' id='word_1_370' title='bbox 770 5433 1072 5493; x_wconf 84' lang='lat' dir='ltr'><strong>Conlessor</strong></span> <span class='ocrx_word' id='word_1_371' title='bbox 1130 5434 1406 5494; x_wconf 80' lang='lat' dir='ltr'><strong>Diaconos</strong></span> <span class='ocrx_word' id='word_1_372' title='bbox 1451 5435 2016 5508; x_wconf 88' lang='lat' dir='ltr'><strong>Constantinopolita-</strong></span> 
     </span>
    </p>
   </div>
   <div class='ocr_carea' id='block_1_75' title="bbox 444 5531 2016 5606">
    <p class='ocr_par' dir='ltr' id='par_1_75' title="bbox 444 5531 2016 5606">
     <span class='ocr_line' id='line_1_75' title="bbox 444 5531 2016 5606; baseline 0.003 -20"><span class='ocrx_word' id='word_1_373' title='bbox 444 5548 555 5587; x_wconf 88' lang='lat' dir='ltr'><strong>nus</strong></span> <span class='ocrx_word' id='word_1_374' title='bbox 615 5532 778 5590; x_wconf 87' lang='lat' dir='ltr'><strong>annis</strong></span> <span class='ocrx_word' id='word_1_375' title='bbox 821 5533 877 5590; x_wconf 80' lang='grc'><strong>5.</strong></span> <span class='ocrx_word' id='word_1_376' title='bbox 926 5531 1044 5590; x_wconf 78' lang='lat' dir='ltr'><strong>Hoc</strong></span> <span class='ocrx_word' id='word_1_377' title='bbox 1086 5533 1316 5605; x_wconf 82' lang='lat' dir='ltr'><strong>expulso</strong></span> <span class='ocrx_word' id='word_1_378' title='bbox 1361 5533 1432 5590; x_wconf 84' lang='lat' dir='ltr'><strong>ab</strong></span> <span class='ocrx_word' id='word_1_379' title='bbox 1485 5534 1819 5606; x_wconf 84' lang='lat' dir='ltr'><strong>imperatore</strong></span> <span class='ocrx_word' id='word_1_380' title='bbox 1867 5535 2016 5592; x_wconf 80' lang='lat' dir='ltr'><strong>Con-</strong></span> 
     </span>
    </p>
   </div>
   <div class='ocr_carea' id='block_1_76' title="bbox 441 5625 650 5680">
    <p class='ocr_par' dir='ltr' id='par_1_76' title="bbox 441 5625 650 5680">
     <span class='ocr_line' id='line_1_76' title="bbox 441 5625 650 5680; baseline 0 -2"><span class='ocrx_word' id='word_1_381' title='bbox 441 5625 650 5680; x_wconf 83' lang='lat' dir='ltr'><strong>stantio</strong></span> 
     </span>
    </p>
   </div>
   <div class='ocr_carea' id='block_1_77' title="bbox 510 5719 2017 5794">
    <p class='ocr_par' dir='ltr' id='par_1_77' title="bbox 510 5719 2017 5794">
     <span class='ocr_line' id='line_1_77' title="bbox 510 5719 2017 5794; baseline 0.003 -20"><span class='ocrx_word' id='word_1_382' title='bbox 510 5719 787 5778; x_wconf 84' lang='lat' dir='ltr'><strong>Eusebius</strong></span> <span class='ocrx_word' id='word_1_383' title='bbox 834 5721 1095 5788; x_wconf 84' lang='lat' dir='ltr'><strong>Arianus,</strong></span> <span class='ocrx_word' id='word_1_384' title='bbox 1145 5721 1240 5792; x_wconf 78' lang='lat' dir='ltr'><strong>qui</strong></span> <span class='ocrx_word' id='word_1_385' title='bbox 1283 5720 1518 5792; x_wconf 86' lang='lat' dir='ltr'><strong>primum</strong></span> <span class='ocrx_word' id='word_1_386' title='bbox 1569 5721 1777 5794; x_wconf 78' lang='lat' dir='ltr'><strong>Beryti,</strong></span> <span class='ocrx_word' id='word_1_387' title='bbox 1818 5721 2017 5779; x_wconf 88' lang='lat' dir='ltr'><strong>deinde</strong></span> 
     </span>
    </p>
   </div>
   <div class='ocr_carea' id='block_1_78' title="bbox 2034 4425 2090 4486">
    <p class='ocr_par' dir='ltr' id='par_1_78' title="bbox 2034 4425 2090 4486">
     <span class='ocr_line' id='line_1_78' title="bbox 2034 4425 2090 4486; baseline 0 0"><span class='ocrx_word' id='word_1_388' title='bbox 2034 4425 2090 4486; x_wconf 80' lang='grc' dir='ltr'><strong><em>Β</em></strong></span> 
     </span>
    </p>
   </div>
   <div class='ocr_carea' id='block_1_79' title="bbox 2106 2029 3684 2100">
    <p class='ocr_par' dir='ltr' id='par_1_79' title="bbox 2106 2029 3684 2100">
     <span class='ocr_line' id='line_1_79' title="bbox 2106 2029 3684 2100; baseline -0.002 -15"><span class='ocrx_word' id='word_1_389' title='bbox 2106 2032 2523 2085; x_wconf 82' lang='grc' dir='ltr'>Κωνσταντίνου</span> <span class='ocrx_word' id='word_1_390' title='bbox 2549 2029 2644 2083; x_wconf 80' lang='grc' dir='ltr'><strong>τοῦ</strong></span> <span class='ocrx_word' id='word_1_391' title='bbox 2664 2029 2934 2100; x_wconf 78' lang='grc' dir='ltr'>βασιλέως</span> <span class='ocrx_word' id='word_1_392' title='bbox 2958 2029 3475 2100; x_wconf 78' lang='grc' dir='ltr'>ἀνῳκοδομηθέντα,</span> <span class='ocrx_word' id='word_1_393' title='bbox 3501 2030 3684 2082; x_wconf 60' lang='grc' dir='ltr'>ἐκεῖσε</span> 
     </span>
    </p>
   </div>
   <div class='ocr_carea' id='block_1_80' title="bbox 2105 2122 2789 2189">
    <p class='ocr_par' dir='ltr' id='par_1_80' title="bbox 2105 2122 2789 2189">
     <span class='ocr_line' id='line_1_80' title="bbox 2105 2122 2789 2189; baseline 0 -12"><span class='ocrx_word' id='word_1_394' title='bbox 2105 2126 2202 2186; x_wconf 74' lang='grc' dir='ltr'>τὰς</span> <span class='ocrx_word' id='word_1_395' title='bbox 2241 2122 2435 2189; x_wconf 81' lang='grc' dir='ltr'>συνάξε</span> <span class='ocrx_word' id='word_1_396' title='bbox 2445 2140 2492 2184; x_wconf 89' lang='grc' dir='ltr'><strong>ις</strong></span> <span class='ocrx_word' id='word_1_397' title='bbox 2530 2124 2789 2177; x_wconf 73' lang='grc' dir='ltr'>ἐποιεῖτο.</span> 
     </span>
    </p>
   </div>
   <div class='ocr_carea' id='block_1_81' title="bbox 2177 2211 2648 2284">
    <p class='ocr_par' dir='ltr' id='par_1_81' title="bbox 2177 2211 2648 2284">
     <span class='ocr_line' id='line_1_81' title="bbox 2177 2211 2648 2284; baseline 0 -16"><span class='ocrx_word' id='word_1_398' title='bbox 2177 2214 2416 2279; x_wconf 80' lang='grc' dir='ltr'><strong>Εὺζὼἶος</strong></span> <span class='ocrx_word' id='word_1_399' title='bbox 2445 2214 2542 2284; x_wconf 80' lang='grc' dir='ltr'>ἐτη</span> <span class='ocrx_word' id='word_1_400' title='bbox 2574 2211 2648 2279; x_wconf 83' lang='grc' dir='ltr'><strong>ς’.</strong></span> 
     </span>
    </p>
   </div>
   <div class='ocr_carea' id='block_1_82' title="bbox 2174 2307 2888 2378">
    <p class='ocr_par' dir='ltr' id='par_1_82' title="bbox 2174 2307 2888 2378">
     <span class='ocr_line' id='line_1_82' title="bbox 2174 2307 2888 2378; baseline 0.004 -17"><span class='ocrx_word' id='word_1_401' title='bbox 2174 2309 2509 2378; x_wconf 82' lang='grc' dir='ltr'>Λαυρέντιος</span> <span class='ocrx_word' id='word_1_402' title='bbox 2527 2307 2623 2378; x_wconf 76' lang='grc' dir='ltr'>ἐτη</span> <span class='ocrx_word' id='word_1_403' title='bbox 2661 2349 2676 2364; x_wconf 92' lang='grc'><strong>.</strong></span> <span class='ocrx_word' id='word_1_404' title='bbox 2717 2347 2732 2365; x_wconf 88' lang='grc'><strong>.</strong></span> <span class='ocrx_word' id='word_1_405' title='bbox 2767 2348 2782 2364; x_wconf 90' lang='grc'><strong>.</strong></span> <span class='ocrx_word' id='word_1_406' title='bbox 2821 2347 2837 2362; x_wconf 90' lang='grc'><strong>.</strong></span> <span class='ocrx_word' id='word_1_407' title='bbox 2872 2346 2888 2364; x_wconf 91' lang='grc'><strong>.</strong></span> 
     </span>
    </p>
   </div>
   <div class='ocr_carea' id='block_1_83' title="bbox 2189 2395 3014 2469">
    <p class='ocr_par' dir='ltr' id='par_1_83' title="bbox 2189 2395 3014 2469">
     <span class='ocr_line' id='line_1_83' title="bbox 2189 2395 3014 2469; baseline 0.004 -20"><span class='ocrx_word' id='word_1_408' title='bbox 2189 2396 2450 2461; x_wconf 79' lang='grc' dir='ltr'><strong>’Λλύπιος</strong></span> <span class='ocrx_word' id='word_1_409' title='bbox 2476 2398 2572 2467; x_wconf 84' lang='grc' dir='ltr'><strong>ἐτη</strong></span> <span class='ocrx_word' id='word_1_410' title='bbox 2600 2395 2691 2466; x_wconf 58' lang='grc' dir='ltr'>ιγ,</span> <span class='ocrx_word' id='word_1_411' title='bbox 2727 2398 2904 2469; x_wconf 85' lang='grc' dir='ltr'>μῆνας</span> <span class='ocrx_word' id='word_1_412' title='bbox 2937 2403 3014 2463; x_wconf 79' lang='grc' dir='ltr'><strong>ς’.</strong></span> 
     </span>
    </p>
   </div>
   <div class='ocr_carea' id='block_1_84' title="bbox 2179 2490 3401 2565">
    <p class='ocr_par' dir='ltr' id='par_1_84' title="bbox 2179 2490 3401 2565">
     <span class='ocr_line' id='line_1_84' title="bbox 2179 2490 3401 2565; baseline 0.005 -23"><span class='ocrx_word' id='word_1_413' title='bbox 2179 2491 2453 2561; x_wconf 80' lang='grc' dir='ltr'>[Ιερτίναξ</span> <span class='ocrx_word' id='word_1_414' title='bbox 2479 2491 2806 2555; x_wconf 82' lang='grc' dir='ltr'>ὑπατευκὼς</span> <span class='ocrx_word' id='word_1_415' title='bbox 2829 2491 3139 2561; x_wconf 82' lang='grc' dir='ltr'><strong>συγκλήτου</strong></span> <span class='ocrx_word' id='word_1_416' title='bbox 3164 2490 3262 2564; x_wconf 73' lang='grc' dir='ltr'><strong>ἔτη</strong></span> <span class='ocrx_word' id='word_1_417' title='bbox 3297 2490 3401 2565; x_wconf 70' lang='grc' dir='ltr'><strong>ιϐ’.ξ</strong></span> 
     </span>
    </p>
   </div>
   <div class='ocr_carea' id='block_1_85' title="bbox 2177 2661 3688 2738">
    <p class='ocr_par' dir='ltr' id='par_1_85' title="bbox 2177 2661 3688 2738">
     <span class='ocr_line' id='line_1_85' title="bbox 2177 2661 3688 2738; baseline 0.001 -19"><span class='ocrx_word' id='word_1_418' title='bbox 2177 2661 2342 2726; x_wconf 71' lang='grc' dir='ltr'>Οὗτος</span> <span class='ocrx_word' id='word_1_419' title='bbox 2375 2665 2577 2733; x_wconf 74' lang='grc' dir='ltr'>ἑτέραν</span> <span class='ocrx_word' id='word_1_420' title='bbox 2605 2664 2909 2736; x_wconf 76' lang='grc' dir='ltr'>ἐκκλησίαν</span> <span class='ocrx_word' id='word_1_421' title='bbox 2935 2666 3236 2737; x_wconf 79' lang='grc' dir='ltr'>ἀνέστησεν</span> <span class='ocrx_word' id='word_1_422' title='bbox 3286 2668 3346 2719; x_wconf 75' lang='grc' dir='ltr'>ὲν</span> <span class='ocrx_word' id='word_1_423' title='bbox 3397 2666 3474 2737; x_wconf 81' lang='grc' dir='ltr'>τῷ</span> <span class='ocrx_word' id='word_1_424' title='bbox 3507 2683 3688 2738; x_wconf 83' lang='grc' dir='ltr'>παρα-</span> 
     </span>
    </p>
   </div>
   <div class='ocr_carea' id='block_1_86' title="bbox 2108 2758 3685 2830">
    <p class='ocr_par' dir='ltr' id='par_1_86' title="bbox 2108 2758 3685 2830">
     <span class='ocr_line' id='line_1_86' title="bbox 2108 2758 3685 2830; baseline 0.001 -19"><span class='ocrx_word' id='word_1_425' title='bbox 2108 2758 2391 2828; x_wconf 84' lang='grc' dir='ltr'>θαλασσίῳ</span> <span class='ocrx_word' id='word_1_426' title='bbox 2436 2758 2589 2828; x_wconf 81' lang='grc' dir='ltr'>τόπῳ</span> <span class='ocrx_word' id='word_1_427' title='bbox 2625 2758 3006 2830; x_wconf 65' lang='grc' dir='ltr'><strong>ἐπιλεγομένῳ</strong></span> <span class='ocrx_word' id='word_1_428' title='bbox 3055 2759 3282 2824; x_wconf 82' lang='grc' dir='ltr'>Συκαίς,</span> <span class='ocrx_word' id='word_1_429' title='bbox 3312 2760 3550 2830; x_wconf 72' lang='grc' dir='ltr'>Εἰρήνην</span> <span class='ocrx_word' id='word_1_430' title='bbox 3587 2759 3685 2813; x_wconf 76' lang='grc' dir='ltr'>τὸν</span> 
     </span>
    </p>
   </div>
   <div class='ocr_carea' id='block_1_87' title="bbox 2106 2845 2696 2922">
    <p class='ocr_par' dir='ltr' id='par_1_87' title="bbox 2106 2845 2696 2922">
     <span class='ocr_line' id='line_1_87' title="bbox 2106 2845 2696 2922; baseline 0.003 -18"><span class='ocrx_word' id='word_1_431' title='bbox 2106 2845 2257 2904; x_wconf 73' lang='grc' dir='ltr'>οἷκον</span> <span class='ocrx_word' id='word_1_432' title='bbox 2289 2850 2696 2922; x_wconf 74' lang='grc' dir='ltr'>ὲπαγορεύσας.</span> 
     </span>
    </p>
   </div>
   <div class='ocr_carea' id='block_1_88' title="bbox 2190 2943 2819 3021">
    <p class='ocr_par' dir='ltr' id='par_1_88' title="bbox 2190 2943 2819 3021">
     <span class='ocr_line' id='line_1_88' title="bbox 2190 2943 2819 3021; baseline 0.006 -24"><span class='ocrx_word' id='word_1_433' title='bbox 2190 2943 2566 3021; x_wconf 67' lang='grc' dir='ltr'>Ὀλυμπιανὸς</span> <span class='ocrx_word' id='word_1_434' title='bbox 2596 2981 2614 2999; x_wconf 92' lang='grc'><strong>.</strong></span> <span class='ocrx_word' id='word_1_435' title='bbox 2751 2983 2765 2998; x_wconf 92' lang='grc'><strong>.</strong></span> <span class='ocrx_word' id='word_1_436' title='bbox 2799 2983 2819 3001; x_wconf 88' lang='grc'><strong>.</strong></span> 
     </span>
    </p>
   </div>
   <div class='ocr_carea' id='block_1_89' title="bbox 2031 3033 2719 3121">
    <p class='ocr_par' dir='ltr' id='par_1_89' title="bbox 2031 3033 2719 3121">
     <span class='ocr_line' id='line_1_89' title="bbox 2031 3033 2719 3121; baseline -0.003 -32"><span class='ocrx_word' id='word_1_437' title='bbox 2031 3037 2076 3121; x_wconf 65' lang='lat' dir='ltr'><strong>c‘</strong></span> <span class='ocrx_word' id='word_1_438' title='bbox 2179 3033 2459 3106; x_wconf 75' lang='grc' dir='ltr'>[Μάρκος]</span> <span class='ocrx_word' id='word_1_439' title='bbox 2490 3074 2505 3088; x_wconf 95' lang='grc'><strong>.</strong></span> <span class='ocrx_word' id='word_1_440' title='bbox 2544 3075 2558 3091; x_wconf 93' lang='grc'><strong>.</strong></span> <span class='ocrx_word' id='word_1_441' title='bbox 2596 3076 2610 3091; x_wconf 93' lang='grc'><strong>.</strong></span> <span class='ocrx_word' id='word_1_442' title='bbox 2648 3075 2664 3092; x_wconf 94' lang='grc'><strong>.</strong></span> <span class='ocrx_word' id='word_1_443' title='bbox 2703 3076 2719 3091; x_wconf 90' lang='grc'><strong>.</strong></span> 
     </span>
    </p>
   </div>
   <div class='ocr_carea' id='block_1_90' title="bbox 2181 3127 2782 3197">
    <p class='ocr_par' dir='ltr' id='par_1_90' title="bbox 2181 3127 2782 3197">
     <span class='ocr_line' id='line_1_90' title="bbox 2181 3127 2782 3197; baseline -0.002 -13"><span class='ocrx_word' id='word_1_444' title='bbox 2181 3127 2541 3197; x_wconf 77' lang='grc' dir='ltr'>Κυριλλιανδς</span> <span class='ocrx_word' id='word_1_445' title='bbox 2575 3166 2590 3186; x_wconf 91' lang='grc'><strong>.</strong></span> <span class='ocrx_word' id='word_1_446' title='bbox 2625 3165 2643 3183; x_wconf 80' lang='grc' dir='ltr'><strong><em>ο</em></strong></span> <span class='ocrx_word' id='word_1_447' title='bbox 2677 3168 2692 3185; x_wconf 93' lang='grc'><strong>.</strong></span> <span class='ocrx_word' id='word_1_448' title='bbox 2719 3168 2734 3185; x_wconf 91' lang='grc'><strong>.</strong></span> <span class='ocrx_word' id='word_1_449' title='bbox 2766 3167 2782 3183; x_wconf 92' lang='grc'><strong>.</strong></span> 
     </span>
    </p>
   </div>
   <div class='ocr_carea' id='block_1_91' title="bbox 2181 3217 2755 3291">
    <p class='ocr_par' dir='ltr' id='par_1_91' title="bbox 2181 3217 2755 3291">
     <span class='ocr_line' id='line_1_91' title="bbox 2181 3217 2755 3291; baseline 0.01 -22"><span class='ocrx_word' id='word_1_450' title='bbox 2181 3217 2500 3291; x_wconf 79' lang='grc' dir='ltr'>[Καστῐνος]</span> <span class='ocrx_word' id='word_1_451' title='bbox 2527 3259 2542 3275; x_wconf 95' lang='grc'><strong>.</strong></span> <span class='ocrx_word' id='word_1_452' title='bbox 2583 3258 2599 3274; x_wconf 94' lang='grc'><strong>.</strong></span> <span class='ocrx_word' id='word_1_453' title='bbox 2635 3258 2651 3275; x_wconf 92' lang='grc'><strong>.</strong></span> <span class='ocrx_word' id='word_1_454' title='bbox 2685 3259 2700 3275; x_wconf 93' lang='grc'><strong>.</strong></span> <span class='ocrx_word' id='word_1_455' title='bbox 2740 3258 2755 3274; x_wconf 89' lang='lat'><strong>.</strong></span> 
     </span>
    </p>
   </div>
   <div class='ocr_carea' id='block_1_92' title="bbox 2184 3309 3690 3392">
    <p class='ocr_par' dir='ltr' id='par_1_92' title="bbox 2184 3309 3690 3392">
     <span class='ocr_line' id='line_1_92' title="bbox 2184 3309 3690 3392; baseline 0.006 -29"><span class='ocrx_word' id='word_1_456' title='bbox 2184 3309 2356 3376; x_wconf 86' lang='grc' dir='ltr'>Οὗτος</span> <span class='ocrx_word' id='word_1_457' title='bbox 2403 3313 2458 3364; x_wconf 82' lang='grc' dir='ltr'>ὲν</span> <span class='ocrx_word' id='word_1_458' title='bbox 2517 3311 2800 3381; x_wconf 75' lang='grc' dir='ltr'>Βυζαντίῳ</span> <span class='ocrx_word' id='word_1_459' title='bbox 2833 3313 2895 3370; x_wconf 85' lang='grc' dir='ltr'>ὲν</span> <span class='ocrx_word' id='word_1_460' title='bbox 2943 3312 3243 3386; x_wconf 82' lang='grc' dir='ltr'>τοποθεσίᾳ</span> <span class='ocrx_word' id='word_1_461' title='bbox 3294 3313 3690 3392; x_wconf 63' lang='grc' dir='ltr'>[ἐπιλεγομένη</span> 
     </span>
    </p>
   </div>
   <div class='ocr_carea' id='block_1_93' title="bbox 2112 3401 3404 3480">
    <p class='ocr_par' dir='ltr' id='par_1_93' title="bbox 2112 3401 3404 3480">
     <span class='ocr_line' id='line_1_93' title="bbox 2112 3401 3404 3480; baseline 0.005 -22"><span class='ocrx_word' id='word_1_462' title='bbox 2112 3401 2354 3476; x_wconf 85' lang='grc' dir='ltr'>[ιετρίῳΙ</span> <span class='ocrx_word' id='word_1_463' title='bbox 2383 3404 2481 3476; x_wconf 82' lang='grc' dir='ltr'><strong>τὴν</strong></span> <span class='ocrx_word' id='word_1_464' title='bbox 2512 3405 2677 3473; x_wconf 88' lang='grc' dir='ltr'>ἁγίαν</span> <span class='ocrx_word' id='word_1_465' title='bbox 2707 3407 2998 3478; x_wconf 75' lang='grc' dir='ltr'>Εὑφημίαν</span> <span class='ocrx_word' id='word_1_466' title='bbox 3038 3407 3254 3480; x_wconf 72' lang='grc' dir='ltr'>ἡγειρε.</span> <span class='ocrx_word' id='word_1_467' title='bbox 3289 3443 3305 3462; x_wconf 90' lang='grc'><strong>.</strong></span> <span class='ocrx_word' id='word_1_468' title='bbox 3339 3448 3354 3464; x_wconf 94' lang='grc'><strong>.</strong></span> <span class='ocrx_word' id='word_1_469' title='bbox 3387 3445 3404 3464; x_wconf 62' lang='grc' dir='ltr'><strong>υ</strong></span> 
     </span>
    </p>
   </div>
   <div class='ocr_carea' id='block_1_94' title="bbox 2181 3497 2914 3569">
    <p class='ocr_par' dir='ltr' id='par_1_94' title="bbox 2181 3497 2914 3569">
     <span class='ocr_line' id='line_1_94' title="bbox 2181 3497 2914 3569; baseline 0.007 -19"><span class='ocrx_word' id='word_1_470' title='bbox 2181 3499 2344 3560; x_wconf 84' lang='grc' dir='ltr'>Τῖτος</span> <span class='ocrx_word' id='word_1_471' title='bbox 2378 3497 2472 3569; x_wconf 77' lang='grc' dir='ltr'><strong>ἔτη</strong></span> <span class='ocrx_word' id='word_1_472' title='bbox 2511 3498 2608 3564; x_wconf 83' lang='grc' dir='ltr'>λε’,</span> <span class='ocrx_word' id='word_1_473' title='bbox 2636 3499 2816 3569; x_wconf 82' lang='grc' dir='ltr'>μῆνας</span> <span class='ocrx_word' id='word_1_474' title='bbox 2840 3497 2914 3565; x_wconf 83' lang='grc' dir='ltr'><strong>ς’.</strong></span> 
     </span>
    </p>
   </div>
   <div class='ocr_carea' id='block_1_95' title="bbox 2178 3589 3684 3664">
    <p class='ocr_par' dir='ltr' id='par_1_95' title="bbox 2178 3589 3684 3664">
     <span class='ocr_line' id='line_1_95' title="bbox 2178 3589 3684 3664; baseline 0.003 -21"><span class='ocrx_word' id='word_1_475' title='bbox 2178 3591 2438 3660; x_wconf 45' lang='grc' dir='ltr'>Δομέτοιος</span> <span class='ocrx_word' id='word_1_476' title='bbox 2462 3589 2690 3660; x_wconf 76' lang='grc' dir='ltr'>ἀδελφὸς</span> <span class='ocrx_word' id='word_1_477' title='bbox 2733 3591 2946 3662; x_wconf 80' lang='grc' dir='ltr'>Πρόδου</span> <span class='ocrx_word' id='word_1_478' title='bbox 2993 3591 3089 3647; x_wconf 82' lang='grc' dir='ltr'>τοῦ</span> <span class='ocrx_word' id='word_1_479' title='bbox 3117 3591 3385 3662; x_wconf 80' lang='grc' dir='ltr'>βασιλέως</span> <span class='ocrx_word' id='word_1_480' title='bbox 3429 3592 3528 3663; x_wconf 81' lang='grc' dir='ltr'>ἔτη</span> <span class='ocrx_word' id='word_1_481' title='bbox 3582 3593 3684 3664; x_wconf 82' lang='grc' dir='ltr'>κδ’,</span> 
     </span>
    </p>
   </div>
   <div class='ocr_carea' id='block_1_96' title="bbox 2115 3681 2408 3754">
    <p class='ocr_par' dir='ltr' id='par_1_96' title="bbox 2115 3681 2408 3754">
     <span class='ocr_line' id='line_1_96' title="bbox 2115 3681 2408 3754; baseline 0.003 -19"><span class='ocrx_word' id='word_1_482' title='bbox 2115 3683 2292 3754; x_wconf 83' lang='grc' dir='ltr'>μῆνας</span> <span class='ocrx_word' id='word_1_483' title='bbox 2331 3681 2408 3747; x_wconf 87' lang='grc' dir='ltr'><strong>ς’.</strong></span> 
     </span>
    </p>
   </div>
   <div class='ocr_carea' id='block_1_97' title="bbox 2183 3776 3342 3854">
    <p class='ocr_par' dir='ltr' id='par_1_97' title="bbox 2183 3776 3342 3854">
     <span class='ocr_line' id='line_1_97' title="bbox 2183 3776 3342 3854; baseline 0.005 -24"><span class='ocrx_word' id='word_1_484' title='bbox 2183 3777 2395 3847; x_wconf 77' lang='grc' dir='ltr'><strong>Ιῐρόϐος</strong></span> <span class='ocrx_word' id='word_1_485' title='bbox 2420 3779 2448 3831; x_wconf 92' lang='lat'><strong>6</strong></span> <span class='ocrx_word' id='word_1_486' title='bbox 2480 3777 2594 3841; x_wconf 83' lang='grc' dir='ltr'>υἱὸς</span> <span class='ocrx_word' id='word_1_487' title='bbox 2630 3776 2724 3830; x_wconf 82' lang='grc' dir='ltr'><strong>τοῦ</strong></span> <span class='ocrx_word' id='word_1_488' title='bbox 2759 3779 3023 3849; x_wconf 86' lang='grc' dir='ltr'>Δομετίου</span> <span class='ocrx_word' id='word_1_489' title='bbox 3064 3779 3158 3851; x_wconf 73' lang='grc' dir='ltr'><strong>ἐτη</strong></span> <span class='ocrx_word' id='word_1_490' title='bbox 3196 3778 3342 3854; x_wconf 81' lang='grc' dir='ltr'><strong>[ιβ⁹].</strong></span> 
     </span>
    </p>
   </div>
   <div class='ocr_carea' id='block_1_98' title="bbox 2180 3869 3688 3948">
    <p class='ocr_par' dir='ltr' id='par_1_98' title="bbox 2180 3869 3688 3948">
     <span class='ocr_line' id='line_1_98' title="bbox 2180 3869 3688 3948; baseline 0.007 -27"><span class='ocrx_word' id='word_1_491' title='bbox 2180 3869 2554 3940; x_wconf 77' lang='grc' dir='ltr'>Μητροφάνης</span> <span class='ocrx_word' id='word_1_492' title='bbox 2597 3872 2626 3924; x_wconf 91' lang='lat'><strong>6</strong></span> <span class='ocrx_word' id='word_1_493' title='bbox 2671 3872 2785 3934; x_wconf 77' lang='grc' dir='ltr'>υίὸς</span> <span class='ocrx_word' id='word_1_494' title='bbox 2811 3871 2908 3927; x_wconf 78' lang='grc' dir='ltr'><strong>τοῦ</strong></span> <span class='ocrx_word' id='word_1_495' title='bbox 2961 3874 3228 3941; x_wconf 81' lang='grc' dir='ltr'>Δομετίου</span> <span class='ocrx_word' id='word_1_496' title='bbox 3264 3875 3545 3948; x_wconf 75' lang='grc' dir='ltr'>[ἀδελφὸς]</span> <span class='ocrx_word' id='word_1_497' title='bbox 3589 3875 3688 3931; x_wconf 80' lang='grc' dir='ltr'>τοῦ</span> 
     </span>
    </p>
   </div>
   <div class='ocr_carea' id='block_1_99' title="bbox 2109 3962 3690 4039">
    <p class='ocr_par' dir='ltr' id='par_1_99' title="bbox 2109 3962 3690 4039">
     <span class='ocr_line' id='line_1_99' title="bbox 2109 3962 3690 4039; baseline 0.006 -27"><span class='ocrx_word' id='word_1_498' title='bbox 2109 3962 2584 4032; x_wconf 74' lang='grc' dir='ltr'>ἐπισκοπήσαντος</span> <span class='ocrx_word' id='word_1_499' title='bbox 2638 3962 2888 4030; x_wconf 76' lang='grc' dir='ltr'><strong>Πρόϐου,</strong></span> <span class='ocrx_word' id='word_1_500' title='bbox 2936 3964 3273 4035; x_wconf 81' lang='grc' dir='ltr'>ἀδελφόπαις</span> <span class='ocrx_word' id='word_1_501' title='bbox 3322 3967 3534 4039; x_wconf 73' lang='grc' dir='ltr'>Πρόεου</span> <span class='ocrx_word' id='word_1_502' title='bbox 3590 3965 3690 4022; x_wconf 68' lang='grc' dir='ltr'><strong>τοῦ</strong></span> 
     </span>
    </p>
   </div>
   <div class='ocr_carea' id='block_1_100' title="bbox 2112 4052 2618 4125">
    <p class='ocr_par' dir='ltr' id='par_1_100' title="bbox 2112 4052 2618 4125">
     <span class='ocr_line' id='line_1_100' title="bbox 2112 4052 2618 4125; baseline 0.004 -19"><span class='ocrx_word' id='word_1_503' title='bbox 2112 4053 2382 4123; x_wconf 79' lang='grc' dir='ltr'>βασιλέως</span> <span class='ocrx_word' id='word_1_504' title='bbox 2395 4093 2411 4118; x_wconf 85' lang='grc'><em>,</em></span> <span class='ocrx_word' id='word_1_505' title='bbox 2437 4054 2533 4125; x_wconf 73' lang='grc' dir='ltr'><strong>ῐτη</strong></span> <span class='ocrx_word' id='word_1_506' title='bbox 2564 4052 2618 4108; x_wconf 89' lang='grc' dir='ltr'><strong>ι’.</strong></span> 
     </span>
    </p>
   </div>
   <div class='ocr_carea' id='block_1_101' title="bbox 2193 4130 3690 4222">
    <p class='ocr_par' dir='ltr' id='par_1_101' title="bbox 2193 4130 3690 4222">
     <span class='ocr_line' id='line_1_101' title="bbox 2193 4130 3690 4222; baseline 0.005 -24"><span class='ocrx_word' id='word_1_507' title='bbox 2193 4145 2318 4199; x_wconf 75' lang='grc' dir='ltr'><strong>Ἐπὶ</strong></span> <span class='ocrx_word' id='word_1_508' title='bbox 2346 4146 2537 4199; x_wconf 85' lang='grc' dir='ltr'>τούτου</span> <span class='ocrx_word' id='word_1_509' title='bbox 2587 4150 2614 4201; x_wconf 89' lang='lat'><strong>6</strong></span> <span class='ocrx_word' id='word_1_510' title='bbox 2641 4149 2699 4201; x_wconf 82' lang='grc' dir='ltr'>ὲν</span> <span class='ocrx_word' id='word_1_511' title='bbox 2729 4147 2911 4217; x_wconf 82' lang='grc' dir='ltr'>ἁγίοις</span> <span class='ocrx_word' id='word_1_512' title='bbox 2958 4151 3373 4215; x_wconf 82' lang='grc' dir='ltr'>Κωνσταντῖνος</span> <span class='ocrx_word' id='word_1_513' title='bbox 3431 4130 3690 4222; x_wconf 53' lang='grc' dir='ltr'>βασιλεὺς</span> 
     </span>
    </p>
   </div>
   <div class='ocr_carea' id='block_1_102' title="bbox 2111 4237 3693 4315">
    <p class='ocr_par' dir='ltr' id='par_1_102' title="bbox 2111 4237 3693 4315">
     <span class='ocr_line' id='line_1_102' title="bbox 2111 4237 3693 4315; baseline 0.006 -25"><span class='ocrx_word' id='word_1_514' title='bbox 2111 4237 2481 4308; x_wconf 83' lang='grc' dir='ltr'>παραγίνεται</span> <span class='ocrx_word' id='word_1_515' title='bbox 2502 4240 2560 4292; x_wconf 75' lang='grc' dir='ltr'>ὲν</span> <span class='ocrx_word' id='word_1_516' title='bbox 2582 4239 2867 4311; x_wconf 76' lang='grc' dir='ltr'>Βυζαντίῳ</span> <span class='ocrx_word' id='word_1_517' title='bbox 2900 4242 2990 4296; x_wconf 84' lang='grc' dir='ltr'><strong>διὰ</strong></span> <span class='ocrx_word' id='word_1_518' title='bbox 3031 4243 3127 4296; x_wconf 85' lang='grc' dir='ltr'>τὸν</span> <span class='ocrx_word' id='word_1_519' title='bbox 3153 4245 3292 4315; x_wconf 77' lang='grc' dir='ltr'>πρὸς</span> <span class='ocrx_word' id='word_1_520' title='bbox 3314 4246 3562 4300; x_wconf 88' lang='grc' dir='ltr'>Λικίνιον</span> <span class='ocrx_word' id='word_1_521' title='bbox 3593 4247 3693 4300; x_wconf 77' lang='grc' dir='ltr'><strong>πό-</strong></span> 
     </span>
    </p>
   </div>
   <div class='ocr_carea' id='block_1_103' title="bbox 2109 4324 3470 4402">
    <p class='ocr_par' dir='ltr' id='par_1_103' title="bbox 2109 4324 3470 4402">
     <span class='ocr_line' id='line_1_103' title="bbox 2109 4324 3470 4402; baseline 0.006 -19"><span class='ocrx_word' id='word_1_522' title='bbox 2109 4330 2298 4402; x_wconf 83' lang='grc' dir='ltr'>λεμον,</span> <span class='ocrx_word' id='word_1_523' title='bbox 2331 4330 2414 4402; x_wconf 78' lang='grc' dir='ltr'><strong>ἐφ’</strong></span> <span class='ocrx_word' id='word_1_524' title='bbox 2442 4324 2503 4386; x_wconf 76' lang='grc' dir='ltr'>οὗ</span> <span class='ocrx_word' id='word_1_525' title='bbox 2534 4333 2567 4402; x_wconf 80' lang='grc' dir='ltr'>ἡ</span> <span class='ocrx_word' id='word_1_526' title='bbox 2603 4335 3175 4399; x_wconf 74' lang='grc' dir='ltr'>Κωνσταντινούπολις</span> <span class='ocrx_word' id='word_1_527' title='bbox 3203 4337 3470 4401; x_wconf 69' lang='grc' dir='ltr'>κτίζεται.</span> 
     </span>
    </p>
   </div>
   <div class='ocr_carea' id='block_1_104' title="bbox 2187 4522 3689 4603">
    <p class='ocr_par' dir='ltr' id='par_1_104' title="bbox 2187 4522 3689 4603">
     <span class='ocr_line' id='line_1_104' title="bbox 2187 4522 3689 4603; baseline 0.002 -20"><span class='ocrx_word' id='word_1_528' title='bbox 2187 4522 2354 4593; x_wconf 78' lang='grc' dir='ltr'>Οὗτος</span> <span class='ocrx_word' id='word_1_529' title='bbox 2380 4524 2448 4601; x_wconf 83' lang='grc' dir='ltr'>ἦν</span> <span class='ocrx_word' id='word_1_530' title='bbox 2498 4532 2578 4594; x_wconf 88' lang='grc' dir='ltr'><strong>είς</strong></span> <span class='ocrx_word' id='word_1_531' title='bbox 2611 4531 2711 4600; x_wconf 81' lang='grc' dir='ltr'><strong>τὴν</strong></span> <span class='ocrx_word' id='word_1_532' title='bbox 2753 4531 2981 4602; x_wconf 85' lang='grc' dir='ltr'>πρώτην</span> <span class='ocrx_word' id='word_1_533' title='bbox 3039 4531 3281 4594; x_wconf 81' lang='grc' dir='ltr'>σύνοδον.</span> <span class='ocrx_word' id='word_1_534' title='bbox 3331 4534 3424 4587; x_wconf 80' lang='grc' dir='ltr'>καὶ</span> <span class='ocrx_word' id='word_1_535' title='bbox 3470 4533 3689 4603; x_wconf 80' lang='grc' dir='ltr'>πρῶτος</span> 
     </span>
    </p>
   </div>
   <div class='ocr_carea' id='block_1_105' title="bbox 2116 4623 3404 4694">
    <p class='ocr_par' dir='ltr' id='par_1_105' title="bbox 2116 4623 3404 4694">
     <span class='ocr_line' id='line_1_105' title="bbox 2116 4623 3404 4694; baseline 0.001 -16"><span class='ocrx_word' id='word_1_536' title='bbox 2116 4623 2469 4694; x_wconf 78' lang='grc' dir='ltr'>πατριάρχης</span> <span class='ocrx_word' id='word_1_537' title='bbox 2498 4624 3137 4687; x_wconf 81' lang='grc' dir='ltr'>Κωνσταντινουπόλεως</span> <span class='ocrx_word' id='word_1_538' title='bbox 3171 4624 3404 4692; x_wconf 78' lang='grc' dir='ltr'>γίνεται.</span> 
     </span>
    </p>
   </div>
   <div class='ocr_carea' id='block_1_106' title="bbox 2189 4713 3691 4786">
    <p class='ocr_par' dir='ltr' id='par_1_106' title="bbox 2189 4713 3691 4786">
     <span class='ocr_line' id='line_1_106' title="bbox 2189 4713 3691 4786; baseline 0.002 -16"><span class='ocrx_word' id='word_1_539' title='bbox 2189 4713 2344 4770; x_wconf 69' lang='grc' dir='ltr'>Εἰσὶν</span> <span class='ocrx_word' id='word_1_540' title='bbox 2399 4713 2493 4770; x_wconf 82' lang='grc' dir='ltr'>οὖν</span> <span class='ocrx_word' id='word_1_541' title='bbox 2551 4718 2845 4770; x_wconf 74' lang='grc' dir='ltr'>ἐπίσκοποι</span> <span class='ocrx_word' id='word_1_542' title='bbox 2897 4717 3201 4781; x_wconf 81' lang='grc' dir='ltr'>Βυζαντίου</span> <span class='ocrx_word' id='word_1_543' title='bbox 3245 4717 3352 4770; x_wconf 82' lang='grc' dir='ltr'><strong>ἀπὸ</strong></span> <span class='ocrx_word' id='word_1_544' title='bbox 3389 4718 3484 4771; x_wconf 80' lang='grc' dir='ltr'><strong>τοῦ</strong></span> <span class='ocrx_word' id='word_1_545' title='bbox 3530 4719 3691 4786; x_wconf 81' lang='grc' dir='ltr'>ἁγίου</span> 
     </span>
    </p>
   </div>
   <div class='ocr_carea' id='block_1_107' title="bbox 2131 4809 3694 4884">
    <p class='ocr_par' dir='ltr' id='par_1_107' title="bbox 2131 4809 3694 4884">
     <span class='ocr_line' id='line_1_107' title="bbox 2131 4809 3694 4884; baseline 0.003 -22"><span class='ocrx_word' id='word_1_546' title='bbox 2131 4809 2380 4880; x_wconf 80' lang='grc' dir='ltr'>Ἀνδρέου</span> <span class='ocrx_word' id='word_1_547' title='bbox 2409 4810 2504 4868; x_wconf 82' lang='grc' dir='ltr'><strong>τοῦ</strong></span> <span class='ocrx_word' id='word_1_548' title='bbox 2538 4810 2844 4864; x_wconf 79' lang='grc' dir='ltr'>ἀποστόλου</span> <span class='ocrx_word' id='word_1_549' title='bbox 2871 4810 3035 4884; x_wconf 82' lang='grc' dir='ltr'>μέχρι</span> <span class='ocrx_word' id='word_1_550' title='bbox 3061 4811 3158 4866; x_wconf 77' lang='grc' dir='ltr'>καὶ</span> <span class='ocrx_word' id='word_1_551' title='bbox 3185 4809 3355 4865; x_wconf 81' lang='grc' dir='ltr'>αὑτοῦ</span> <span class='ocrx_word' id='word_1_552' title='bbox 3388 4811 3694 4883; x_wconf 72' lang='grc' dir='ltr'>Μητροφά-</span> 
     </span>
    </p>
   </div>
   <div class='ocr_carea' id='block_1_108' title="bbox 2117 4891 3179 4974">
    <p class='ocr_par' dir='ltr' id='par_1_108' title="bbox 2117 4891 3179 4974">
     <span class='ocr_line' id='line_1_108' title="bbox 2117 4891 3179 4974; baseline -0.002 -21"><span class='ocrx_word' id='word_1_553' title='bbox 2117 4918 2242 4964; x_wconf 75' lang='lat' dir='ltr'><strong>you;</strong></span> <span class='ocrx_word' id='word_1_554' title='bbox 2279 4899 2398 4974; x_wconf 79' lang='lat' dir='ltr'><strong>[x&#39;].</strong></span> <span class='ocrx_word' id='word_1_555' title='bbox 3167 4891 3179 4899; x_wconf 65' lang='grc'><strong><em>’</em></strong></span> 
     </span>
    </p>
   </div>
   <div class='ocr_carea' id='block_1_109' title="bbox 2188 4989 3302 5067">
    <p class='ocr_par' dir='ltr' id='par_1_109' title="bbox 2188 4989 3302 5067">
     <span class='ocr_line' id='line_1_109' title="bbox 2188 4989 3302 5067; baseline -0.001 -17"><span class='ocrx_word' id='word_1_556' title='bbox 2188 4989 2322 5054; x_wconf 70' lang='grc' dir='ltr'>Εἶτα.</span> <span class='ocrx_word' id='word_1_557' title='bbox 2353 4996 2616 5066; x_wconf 76' lang='grc' dir='ltr'>ἄρχονται</span> <span class='ocrx_word' id='word_1_558' title='bbox 2651 4994 2827 5059; x_wconf 67' lang='grc' dir='ltr'>οὕτως</span> <span class='ocrx_word' id='word_1_559' title='bbox 2849 4995 2901 5052; x_wconf 79' lang='grc' dir='ltr'><strong>οἱ</strong></span> <span class='ocrx_word' id='word_1_560' title='bbox 2927 4995 3268 5067; x_wconf 83' lang='grc' dir='ltr'>πατριάρχαι</span> <span class='ocrx_word' id='word_1_561' title='bbox 3285 5011 3302 5028; x_wconf 77' lang='grc' dir='ltr'><strong><em>ο</em></strong></span> 
     </span>
    </p>
   </div>
   <div class='ocr_carea' id='block_1_110' title="bbox 2187 5175 2775 5248">
    <p class='ocr_par' dir='ltr' id='par_1_110' title="bbox 2187 5175 2775 5248">
     <span class='ocr_line' id='line_1_110' title="bbox 2187 5175 2775 5248; baseline 0 -17"><span class='ocrx_word' id='word_1_562' title='bbox 2187 5177 2566 5246; x_wconf 79' lang='grc' dir='ltr'>Μητροφάνης</span> <span class='ocrx_word' id='word_1_563' title='bbox 2591 5175 2685 5248; x_wconf 80' lang='grc' dir='ltr'>ἐτη</span> <span class='ocrx_word' id='word_1_564' title='bbox 2721 5182 2775 5232; x_wconf 82' lang='grc' dir='ltr'><strong>ι’.</strong></span> 
     </span>
    </p>
   </div>
   <div class='ocr_carea' id='block_1_111' title="bbox 2200 5263 3658 5345">
    <p class='ocr_par' dir='ltr' id='par_1_111' title="bbox 2200 5263 3658 5345">
     <span class='ocr_line' id='line_1_111' title="bbox 2200 5263 3658 5345; baseline 0.003 -23"><span class='ocrx_word' id='word_1_565' title='bbox 2200 5268 2558 5340; x_wconf 77' lang='grc' dir='ltr'>Ἀλέξανδρος</span> <span class='ocrx_word' id='word_1_566' title='bbox 2586 5270 2684 5340; x_wconf 74' lang='grc' dir='ltr'><strong>ἐτη</strong></span> <span class='ocrx_word' id='word_1_567' title='bbox 2710 5267 2818 5339; x_wconf 79' lang='grc' dir='ltr'>κγ’,</span> <span class='ocrx_word' id='word_1_568' title='bbox 2853 5269 2942 5341; x_wconf 67' lang='grc' dir='ltr'><strong>ἐφ’</strong></span> <span class='ocrx_word' id='word_1_569' title='bbox 2969 5263 3032 5325; x_wconf 67' lang='grc' dir='ltr'>οὗ</span> <span class='ocrx_word' id='word_1_570' title='bbox 3058 5272 3088 5326; x_wconf 92' lang='lat'><strong>6</strong></span> <span class='ocrx_word' id='word_1_571' title='bbox 3119 5271 3343 5343; x_wconf 78' lang='grc' dir='ltr'>’Δρειος</span> <span class='ocrx_word' id='word_1_572' title='bbox 3367 5273 3658 5345; x_wconf 76' lang='grc' dir='ltr'>διερῤάγη.</span> 
     </span>
    </p>
   </div>
   <div class='ocr_carea' id='block_1_112' title="bbox 2193 5447 3698 5520">
    <p class='ocr_par' dir='ltr' id='par_1_112' title="bbox 2193 5447 3698 5520">
     <span class='ocr_line' id='line_1_112' title="bbox 2193 5447 3698 5520; baseline 0 -17"><span class='ocrx_word' id='word_1_573' title='bbox 2193 5447 2407 5510; x_wconf 81' lang='grc' dir='ltr'>Παῦλος</span> <span class='ocrx_word' id='word_1_574' title='bbox 2455 5448 2714 5512; x_wconf 84' lang='grc' dir='ltr'>Διάκονος</span> <span class='ocrx_word' id='word_1_575' title='bbox 2759 5450 3397 5511; x_wconf 77' lang='grc' dir='ltr'>Κωνσταντινουπόλεως</span> <span class='ocrx_word' id='word_1_576' title='bbox 3444 5452 3698 5520; x_wconf 75' lang='grc' dir='ltr'>ὀόμολο-</span> 
     </span>
    </p>
   </div>
   <div class='ocr_carea' id='block_1_113' title="bbox 2119 5535 3694 5612">
    <p class='ocr_par' dir='ltr' id='par_1_113' title="bbox 2119 5535 3694 5612">
     <span class='ocr_line' id='line_1_113' title="bbox 2119 5535 3694 5612; baseline 0.003 -21"><span class='ocrx_word' id='word_1_577' title='bbox 2119 5540 2293 5612; x_wconf 80' lang='grc' dir='ltr'>γητὴς</span> <span class='ocrx_word' id='word_1_578' title='bbox 2327 5538 2422 5608; x_wconf 78' lang='grc' dir='ltr'>ἐτη</span> <span class='ocrx_word' id='word_1_579' title='bbox 2460 5535 2533 5607; x_wconf 77' lang='grc' dir='ltr'><strong>γ’.</strong></span> <span class='ocrx_word' id='word_1_580' title='bbox 2563 5537 2769 5592; x_wconf 80' lang='grc' dir='ltr'>Τούτου</span> <span class='ocrx_word' id='word_1_581' title='bbox 2803 5539 3136 5607; x_wconf 78' lang='grc' dir='ltr'>ὲξωσθέντος</span> <span class='ocrx_word' id='word_1_582' title='bbox 3177 5543 3281 5596; x_wconf 80' lang='grc' dir='ltr'>ὑπὸ</span> <span class='ocrx_word' id='word_1_583' title='bbox 3311 5544 3694 5596; x_wconf 79' lang='grc' dir='ltr'>Κωνσταντίου</span> 
     </span>
    </p>
   </div>
   <div class='ocr_carea' id='block_1_114' title="bbox 2119 5629 2506 5701">
    <p class='ocr_par' dir='ltr' id='par_1_114' title="bbox 2119 5629 2506 5701">
     <span class='ocr_line' id='line_1_114' title="bbox 2119 5629 2506 5701; baseline -0.005 -17"><span class='ocrx_word' id='word_1_584' title='bbox 2119 5631 2214 5685; x_wconf 82' lang='grc' dir='ltr'><strong>τοῦ</strong></span> <span class='ocrx_word' id='word_1_585' title='bbox 2241 5629 2506 5701; x_wconf 82' lang='grc' dir='ltr'>βασιλέως</span> 
     </span>
    </p>
   </div>
   <div class='ocr_carea' id='block_1_115' title="bbox 2194 5721 3687 5797">
    <p class='ocr_par' dir='ltr' id='par_1_115' title="bbox 2194 5721 3687 5797">
     <span class='ocr_line' id='line_1_115' title="bbox 2194 5721 3687 5797; baseline 0.005 -23"><span class='ocrx_word' id='word_1_586' title='bbox 2194 5721 2457 5787; x_wconf 80' lang='grc' dir='ltr'><strong>Εὐσέϐιος</strong></span> <span class='ocrx_word' id='word_1_587' title='bbox 2492 5724 2520 5775; x_wconf 87' lang='grc' dir='ltr'>ὁ</span> <span class='ocrx_word' id='word_1_588' title='bbox 2565 5721 2848 5791; x_wconf 76' lang='grc' dir='ltr'>’Δρειανὸς</span> <span class='ocrx_word' id='word_1_589' title='bbox 2885 5726 2911 5778; x_wconf 83' lang='lat'><strong>6</strong></span> <span class='ocrx_word' id='word_1_590' title='bbox 2944 5725 3210 5796; x_wconf 78' lang='grc' dir='ltr'>πρότερον</span> <span class='ocrx_word' id='word_1_591' title='bbox 3254 5726 3549 5797; x_wconf 67' lang='grc' dir='ltr'>γενόμενος</span> <span class='ocrx_word' id='word_1_592' title='bbox 3575 5767 3590 5781; x_wconf 93' lang='grc'><strong>.</strong></span> <span class='ocrx_word' id='word_1_593' title='bbox 3629 5762 3644 5779; x_wconf 90' lang='grc'><strong>.</strong></span> <span class='ocrx_word' id='word_1_594' title='bbox 3671 5759 3687 5781; x_wconf 80' lang='grc' dir='ltr'><strong><em>ο</em></strong></span> 
     </span>
    </p>
   </div>
  </div>
