4100 6216
406 288 529 351 4S3,

1332 281 1782 345 ENARRATIO
1824 282 1923 344 DE
1961 282 2359 344 EPISCOPIS
2412 282 2705 343 CPOLIT.

3550 277 3656 342 451.

406 405 682 478 Βηρυτοῦ,
735 398 857 457 εἶτα
919 399 1245 472 μετατεθεὶς
1306 402 1387 464 είς
1431 400 1831 470 Νικομήδειαν,
1892 398 1989 451 καὶ

2091 412 2227 452 vero
2258 397 2635 454 Nicomediam
2669 395 2989 459 translatus,
3022 396 3243 453 demum
3270 396 3656 457 Constantine“

409 499 687 570 μετελθὼν
718 498 800 561 εἰς
840 492 1440 557 Κωνσταντινούπολιν,
1473 492 1567 546 καὶ
1594 489 1986 557 ὲπεσκόπησεν

403 595 503 662 ἔτη
530 593 622 661 ιβ’.

478 677 613 733 Εἶτα
646 677 784 747 μετὰ
842 673 934 727 τὸν
968 672 1200 726 θάνατον
1253 672 1448 725 τούτου
1500 670 1667 724 πάλιν
1715 672 1743 725 6
1776 671 1986 733 Παῦλος

382 768 847 827 Δτίιποκαθίσταται
871 767 966 818 καὶ
990 778 1007 833 ι
1028 764 1413 833 παραχρῆμα)
1446 763 1768 817 ἐκϐάλλεται
1803 764 1898 816 καὶ
1928 766 1985 817 ἐν

407 862 710 931 Κουκουσῷ
742 857 1076 928 ἐξορίζεται,
1101 857 1280 909 ἐκεῖσέ
1301 873 1359 909 τε
1380 856 1486 909 ὑπὸ
1506 856 1613 909 τῶν
1641 854 1982 926 (Ἃρειανῶν)

406 954 733 1020 ἀναιρεῖται,
770 948 863 1000 καὶ
884 946 1280 1015 χειροτονεῖται
1312 942 1427 995 ἀντ’
1448 943 1615 997 αὐτοῦ
1650 943 1984 1005 Μακεδόνιος

408 1040 780 1108 πρεσϐύτερος
853 1035 1181 1105 Ἐκκλησίας
1265 1035 1894 1096 Κωνσταντινουπόλεως
1956 1036 1983 1087 6

410 1131 871 1201 Πνεῦματομάχος
910 1128 1003 1195 ἐτη
1031 1126 1092 1179 ε’.

480 1210 686 1276 Τούτου
719 1221 773 1272 δὲ
805 1217 1336 1288 ἁναθεματισθέντος
1366 1221 1462 1270 καὶ
1495 1215 1852 1286 ἐκϐληθέντος
1879 1216 1983 1271 ὑπὸ

409 1314 792 1366 Κωνσταντίου
833 1311 1082 1374 Εὑδόξιος
1114 1312 1141 1362 6
1189 1311 1243 1361 ’Λ
1259 1309 1466 1380 ρειανὸς
1514 1312 1540 1362 ὁ
1574 1308 1841 1378 πρότερον
1874 1310 1982 1361 ἀπὸ

409 1404 806 1474 Γερμανικείας
832 1406 912 1466 είς
943 1404 1305 1472 Ἀντιόχειαν,
1337 1398 1493 1464 αὖθις
1519 1402 1599 1464 είς
1631 1402 1978 1455 Κωνσταντι-

408 1497 665 1550 νούπολιν
690 1495 1078 1563 ἐπεσκόπησεν
1110 1494 1204 1561 ἐτη
1237 1494 1303 1557 ζ’.

475 1588 788 1657 Δημόφιλος
837 1586 892 1639 Ἀ
907 1588 1121 1656 ρειανὸς
1155 1585 1384 1655 Βεροίας
1414 1586 1516 1654 τῆς
1565 1586 1621 1637 ἐν
1653 1586 1842 1656 Θρᾴκῃ
1874 1584 1977 1638 τιό-

408 1679 545 1742 λεως
576 1679 874 1738 ἐπίσκοπος
904 1678 997 1729 καὶ
1044 1676 1280 1730 ἐνταῦθα
1323 1677 1714 1747 (’μετατεθεὶς)
1745 1676 1979 1731 ἐπεσκό-

412 1787 583 1840 πησεν
614 1769 711 1839 ἐτη
745 1767 833 1839 ιβ’,
864 1771 1043 1837 μῆνας
1076 1766 1140 1824 ε’.

481 1860 750 1929 Εὐάγριος
810 1857 1089 1928 ὀρθόδοξος
1140 1858 1244 1911 ὑπὸ
1293 1858 1597 1915 Εὑσταθῐου
1646 1860 1981 1930 ’Δντιοχείας

408 1951 805 2022 χειροτονηθεὶς
842 1950 934 2022 ἐτη
968 1949 1045 2019 ς’,
1083 1953 1178 2007 καί
1200 1953 1456 2024 ἐπέμφθη
1484 1954 1563 2016 είς
1589 1953 1811 2025 ἐξορῐαν
1834 1955 1982 2026 παρά

410 2044 735 2105 Οὐάλεντος.

481 2137 788 2207 Γρηγόριος
818 2136 846 2188 6
897 2133 1210 2198 Ναζιανζοῦ
1239 2136 1266 2187 6
1297 2133 1563 2203 Θεοὶόγος
1611 2136 1729 2210 (ὃς)
1750 2139 1981 2191 ἐπεσκό-

414 2245 588 2297 πησεν
619 2227 717 2297 ἐτη
749 2226 837 2298 ιβ’.

484 2320 595 2375 Καὶ
629 2320 1022 2382 ἐπανελθόντος
1054 2319 1135 2382 είς
1168 2319 1267 2389 τὴν
1305 2320 1441 2374 ἰδίαν
1477 2323 1733 2392 πατρίδα,
1770 2324 1985 2378 Νεκτά-

416 2428 531 2482 ριος
559 2409 930 2480 ἀξιωματικδς
953 2410 1216 2481 ὑπάρχων
1267 2411 1616 2480 Χριστιανῶν
1643 2415 1985 2484 κατηχούμε-

412 2522 524 2568 νος,
556 2504 781 2575 μηδέπω
809 2504 867 2556 δέ
900 2502 1069 2571 θιγὼν
1122 2499 1220 2555 τοῦ
1281 2504 1675 2576 βαπτίσματος,
1733 2506 1849 2575 ἄμα
1891 2508 1984 2559 κα)⁵

413 2596 808 2666 χειροτονεῖται
836 2593 932 2647 καὶ
953 2593 1278 2662 βαπτίζεται
1311 2594 1415 2646 ὑπὸ
1447 2595 1545 2667 τῆς
1574 2595 1735 2663 ἁγίας
1765 2598 1983 2649 συνόδου

414 2689 523 2743 τῶν
555 2694 653 2759 ρν’,
711 2687 807 2741 καὶ
854 2688 1255 2761 χειροτονηθεὶς
1306 2688 1685 2758 ἐπεσκόπησεν
1735 2689 1831 2759 ἔτη
1886 2689 1981 2755 ις’,

418 2787 594 2857 μῆνας
626 2785 697 2854 γ’·
1993 2848 2001 2861 ς

499 2878 757 2947 Ἰωάννης
792 2877 1163 2949 πρεσϐύτερος
1188 2876 1520 2946 ’Δντιοχείας
1539 2878 1566 2929 6
1603 2876 1987 2945 Χρυσόστομος

416 2969 516 3039 ἐτη
550 2976 611 3032 ε’,
645 2974 820 3041 μῆνας
851 2975 911 3035 ς’
941 3008 959 3026 .
990 3009 1005 3025 .
1039 3008 1056 3024 .
1088 3009 1104 3025 .
1139 2968 1440 3040 ἐξορισθεὶς
1491 2972 1548 3021 ἐν
1586 2969 1865 3038 Κουμὰνῳ
1886 2969 1985 3036 τῆς

414 3062 672 3131 δευτέρας
707 3060 978 3132 ἐπαρχίας
1008 3060 1118 3113 τῶν
1171 3059 1495 3131 Ἀρμενίων,
1535 3059 1859 3129 ἐτελεύτησε
1893 3061 1986 3111 καὶ

417 3154 576 3225 ἐτέθη
606 3154 745 3222 μετὰ
779 3152 875 3206 τοῦ
904 3152 1161 3221 λειψάνου
1189 3151 1285 3206 τοῦ
1321 3152 1479 3221 ἁγίου
1510 3153 1789 3224 μάρτυρος
1826 3152 1988 3206 Bace-

416 3248 627 3303 λίσκου.

517 3340 793 3412 Αρσάκιος
818 3341 1188 3411 πρεσϐύτερος
1209 3342 1307 3411 τῆς
1337 3342 1663 3413 Ἐκκλησίας
1696 3341 1988 3393 Κώνσταν-

420 3435 797 3498 τινουπόλεως,
844 3433 1076 3502 ἀδελφὸς
1121 3434 1433 3504 Νεκταρίου
1472 3435 1567 3488 τοῦ
1593 3434 1989 3506 προλεχθέντος

421 3527 561 3596 μετὰ
582 3528 683 3597 τὴν
703 3527 1097 3596 Χρυσοστόμου
1120 3527 1376 3598 ἐκϐολὴν,
1396 3528 1778 3596 ἐπεσκόπησεν
1801 3525 1897 3594 ἐτη
1920 3525 1986 3594 β’.

501 3618 747 3681 ’Δττικδς
795 3618 1169 3690 πρεσϐύτερος
1220 3620 1318 3690 τῆς
1366 3618 1991 3681 Κωνσταντινουπόλεως

420 3713 513 3783 ἐτη
546 3718 617 3767 κ’.

491 3805 757 3867 Σισίννιος
788 3801 1160 3873 πρεσϐύτερος
1200 3803 1835 3868 Κωνσταντινουπόλεως
1870 3803 1989 3868 ἔτος

419 3904 491 3957 α’,
520 3898 696 3967 μῆνας
735 3894 787 3949 ι’.

489 3989 538 4043 Ν
544 3989 786 4058 εστόριος
809 3987 1181 4059 πρεσϐύτερος
1202 3988 1297 4059 τῆς
1314 3987 1641 4060 Ἐκκλησίας
1659 3990 1989 4059 Ἀντιοχείας

420 4080 695 4151 αἱρετικὸς
728 4080 822 4149 έτη
874 4078 947 4147 γ’,
1003 4080 1179 4150 μῆνας
1234 4080 1303 4149 β’.
1341 4076 1510 4144 Οὗτος
1558 4081 1861 4153 καθῃρέθη,
1894 4083 1990 4134 καὶ

421 4174 500 4236 είς
531 4172 745 4242 ἐξορίαν
771 4174 828 4225 ἐν
852 4172 1039 4227 Ὀἀσει
1070 4172 1355 4243 ἐπέμφθη,
1385 4172 1471 4241 ἐφ’
1489 4176 1599 4244 ὅσῳ
1639 4174 1743 4245 ἦγ’
1773 4173 1990 4241 ἐγένετο

424 4267 663 4329 σύνοδος.

494 4358 836 4428 Μαξιμιανδς
872 4357 1242 4427 πρεσϐύτερος
1268 4358 1890 4422 Κωνσταντινουπόλεως
1914 4360 1989 4431 τῷ
2059 4414 2068 4423 _

2020 4446 2067 4504 ἰ)
2096 4458 2255 4500 tanus
2282 4445 2441 4500 annis
2473 4444 2526 4508 2,
2550 4442 2743 4499 diebus
2765 4443 2818 4497 5.

427 4452 577 4520 γένει
610 4450 705 4517 ἐτη
761 4450 827 4517 β’,
860 4449 1078 4518 ἡμέρας
1109 4454 1171 4521 ε’.

498 4540 739 4609 Πρόκλος
764 4543 791 4594 ὁ
825 4539 921 4593 τοῦ
963 4538 1357 4608 Χρυσοστόμου
1400 4539 1651 4611 μαθητὴς
1697 4541 1848 4611 παρὰ
1900 4540 1992 4595 τοῦ

434 4634 823 4705 προλεχθέντος
877 4632 1148 4685 Σισιννίου
1227 4633 1633 4704 χειροτονηθεὶς
1698 4634 1993 4696 ἐπίσκοπος

429 4725 695 4790 Κυζίκου,
734 4725 834 4777 καὶ
884 4723 960 4794 μὴ
992 4722 1206 4793 δεχθεὶς
1251 4721 1461 4795 [παρὰ]
1517 4724 1627 4779 τῶν
1666 4725 1867 4789 ἐκεῖσε,
1901 4726 1995 4779 καὶ

425 4820 518 4873 τὸν
553 4817 756 4888 μεταξὺ
787 4815 1061 4886 σχολάσας
1116 4815 1332 4884 χρόνον,
1389 4816 1528 4885 μετὰ
1560 4816 1792 4873 θάνατον
1820 4815 1994 4882 Meﬁt-

430 4908 645 4979 μιανοῦ,
668 4910 751 4963 ὅτι
774 4908 866 4961 τοῦ
895 4907 1154 4977 λειψάνου
1182 4905 1347 4959 αὑτοῦ
1385 4908 1641 4978 κειμένου
1672 4911 1728 4961 ἐν
1749 4911 1815 4979 τῇ
1848 4911 1995 4978 ἱερα-

426 5000 557 5067 τείῳ
580 5015 595 5031 ·
639 5039 655 5054 .
686 5038 702 5053 .
732 5038 747 5053 .
784 5036 800 5053 .
838 5037 853 5054 .
885 5037 901 5053 .
928 5040 944 5055 .
976 4998 1345 5070 ἐνθρονίξεται
1390 5002 1458 5070 τῇ
1508 5001 1645 5071 αὐτῇ
1717 5001 1993 5074 ἁγιωτάτῃ

432 5091 645 5163 μεγάλῃ
703 5091 1003 5162 Ἐκκλησία
1039 5130 1054 5145 .
1087 5129 1104 5146 .
1145 5129 1160 5145 .
1194 5129 1211 5147 .
1252 5128 1270 5146 .
1306 5129 1323 5145 .
1352 5092 1736 5164 ἐπεσκόπησεν
1773 5092 1870 5163 ἐτη
1906 5091 1991 5163 ιβ’,

433 5185 610 5253 μῆνας
645 5180 713 5249 Υ.

495 5272 795 5337 Φλαϐιανδς
817 5273 1090 5343 πρεσϐύτε
1099 5292 1189 5348 ρος
1218 5277 1850 5342 Κωνσταντινουπόλεως
1870 5278 1995 5344 ἔτος

427 5365 496 5432 α’,
542 5367 721 5438 μῆνας
764 5372 818 5421 ι’.

496 5459 700 5513 Τούτου
741 5459 1093 5527 φονευθέντος
1138 5463 1292 5531 παρὰ
1326 5463 1418 5516 τοῦ
1448 5463 1741 5528 δυσσεϐοῦς
1775 5468 1995 5521 Διοσκὸ-

432 5568 547 5621 ρου,
597 5548 906 5614 Ἀνατόλιος
974 5552 1350 5625 πρεσϐύτερος
1428 5558 1524 5611 καὶ
1582 5560 1995 5631 ἁποκρισιάριος

428 5643 526 5710 τῆς
581 5641 877 5709 ἐκκλησίας
939 5643 1357 5713 ’Δλεξανδρείας
1416 5656 1831 5719 χειροτονεῖται,
1901 5653 1994 5706 καὶ

434 5734 591 5803 ἄρχει
620 5732 717 5802 ἐτη
745 5730 820 5802 η’,
854 5733 1032 5803 μῆνας
1062 5733 1130 5806 η’.

2088 488 2254 556 politn
2290 488 2528 553 transiit,
2559 487 2812 555 seditque
2849 486 3009 541 annis
3041 487 3127 542 12.

2160 668 2289 720 Post
2340 666 2460 747 ejus
2507 664 2720 719 obitum
2753 665 2954 720 Paulus
2987 667 3325 730 restituitur,
3361 669 3651 739 statimque

2087 758 2329 829 ejicitur,
2358 768 2415 812 et
2451 756 2729 811 Cucusum
2770 757 3065 827 relegatus,
3097 758 3172 815 ibi
3202 760 3270 814 ab
3298 760 3518 817 Arianis
3551 776 3651 817 oc-

2087 850 2315 913 ciditur,
2349 850 2578 919 ejusque
2628 848 2750 902 loco
2800 849 3088 904 ordinatur
3136 850 3491 908 Mazedonius
3532 868 3651 924 pre-

2088 942 2274 1010 sbyter
2320 939 2583 993 Ecclesiae
2614 939 3244 1009 Constantinoiiolitaute
3278 943 3450 1000 sanati
3478 943 3652 1015 Spiri-

2090 1041 2176 1086 tus
2206 1040 2575 1101 oppugnator,
2611 1029 2707 1100 qui
2742 1030 2888 1086 sedit
2917 1033 3081 1088 annis
3120 1034 3172 1089 5.

2156 1214 2271 1269 Hoc
2301 1224 2485 1267 autem
2520 1213 2871 1268 anathemate
2900 1229 3165 1284 percusso
3187 1223 3244 1270 et
3273 1229 3304 1271 ο
3328 1215 3652 1273 Constantio

2083 1306 2265 1377 ejecto
2298 1304 2580 1359 Eudoxius
2620 1304 2860 1358 Arianus
2890 1305 2981 1373 qui
3016 1307 3251 1374 primum
3292 1306 3653 1364 Germanicis:

2084 1398 2287 1452 deinde
2340 1397 2649 1451 Antiochiae
2680 1397 2977 1467 episcopus
3024 1396 3228 1463 luerat,
3259 1397 3654 1455 Constantino—

2081 1489 2196 1559 poli
2235 1489 2381 1545 sedit
2411 1491 2572 1544 annis
2602 1488 2654 1542 7.

2156 1583 2519 1653 Demophilus
2548 1582 2790 1637 Arianus
2823 1580 3029 1637 Beroea:
3065 1583 3117 1635 in
3166 1582 3400 1638 Thracia
3428 1584 3649 1654 episco-

2081 1691 2185 1745 pus
2216 1686 2274 1731 et
2308 1677 2417 1730 huc
2446 1676 2763 1739 translatus,
2796 1674 2942 1730 sedit
2969 1673 3073 1729 sub
3098 1671 3327 1732 Valente
3360 1676 3526 1733 annis
3560 1675 3651 1739 12,

2014 1773 2054 1827 Β
2084 1766 2367 1821 mensibus
2400 1766 2453 1819 5.

2158 1859 2429 1929 Evagrius
2482 1856 2827 1912 orthodosus
2868 1856 2936 1909 ab
2967 1855 3261 1913 Eustathio
3302 1858 3649 1915 Antioclteno

2084 1953 2373 2006 ordinatus
2402 1950 2564 2006 annis
2590 1950 2645 2013 6,
2678 1959 2737 2004 et
2769 1949 2822 2003 iu
2854 1949 3109 2004 exsilium
3132 1966 3163 2005 a
3191 1950 3414 2007 Valente
3444 1951 3650 2007 missus
3705 1990 3708 1993 λ

2083 2056 2186 2099 εει.

2154 2135 2457 2205 Gregorius
2508 2136 2893 2193 Nazianzenus
2926 2136 3261 2208 Theologus,
3289 2136 3385 2207 qui
3432 2137 3648 2208 episeo-

2084 2239 2271 2297 patum
2302 2229 2479 2285 tenuit
2508 2231 2668 2284 annis
2702 2231 2785 2285 12.

2156 2322 2387 2392 Ipsoque
2422 2323 2478 2377 in
2516 2324 2748 2392 patriam
2776 2339 3005 2379 reverso
3043 2324 3335 2379 Nectarius
3357 2321 3440 2376 vir
3468 2320 3652 2392 digni-

2086 2425 2197 2471 tate
2247 2415 2620 2485 conspicuus,
2670 2420 3100 2472 catechumenus
3163 2414 3648 2481 Christianorum,

2084 2507 2328 2561 nondum
2360 2508 2692 2577 baptizatus,
2726 2510 2895 2564 simul
2936 2509 3228 2564 ordinatur
3253 2518 3308 2563 et
3336 2507 3653 2578 baptizatur

2084 2614 2114 2653 a
2145 2608 2332 2654 sancta
2358 2600 2568 2671 synodo
2607 2612 2828 2655 centum
2855 2615 2911 2656 et
2939 2600 3336 2672 quinquaginta
3359 2599 3647 2670 episcopo-

2086 2709 2232 2749 rum.
2268 2692 2425 2749 Sedit
2456 2696 2615 2749 annis
2645 2696 2731 2760 16,
2770 2696 3055 2750 mensibus
3081 2694 3135 2749 5.

2160 2874 2401 2930 Joannes
2454 2874 2744 2943 presbyter
2794 2873 3171 2927 Antiochenus
3225 2871 3654 2945 Chrysostomus

2087 2970 2247 3024 annis
2310 2968 2364 3032 5,
2426 2967 2709 3021 mensibus
2762 2966 2814 3019 6.
2867 2964 3162 3035 Relegatus
3215 2965 3273 3019 in
3325 2964 3653 3022 Comanum.

2089 3062 2236 3133 quod
2270 3071 2353 3117 est
2387 3062 2441 3115 in
2487 3058 2729 3114 secunda
2766 3059 3046 3128 provincia
3080 3060 3462 3121 Armenorum,
3489 3057 3650 3121 obiit,

2090 3165 2145 3209 et
2204 3154 2488 3223 depositus
2539 3160 2624 3207 est
2675 3166 2798 3205 cum
2860 3151 3115 3220 reliquiis
3166 3151 3342 3205 sancti
3391 3149 3655 3221 martyris

2090 3247 2357 3302 Basilisci.
2633 3305 2639 3311 _

2160 3337 2425 3394 Arsacius
2454 3337 2748 3408 presbyter
2782 3336 3039 3391 Ecclesiae
3086 3336 3653 3407 Constantinopolita-

2090 3446 2195 3496 ηαξ,
2226 3430 2398 3485 frater
2444 3430 2556 3499 jam
2602 3429 2889 3483 memorati
2938 3428 3207 3493 Nectarii,
3248 3438 3372 3497 post
3417 3430 3653 3500 ejectum

2091 3524 2543 3593 Chrysostomum
2577 3521 2955 3589 episcopatum
2987 3521 3166 3575 tenuit
3194 3520 3356 3574 annis
3389 3521 3445 3574 2.

2157 3614 2375 3668 Atticus
2466 3612 2751 3682 presbyter
2836 3609 3482 3682 Constantinopolitanus
3560 3627 3652 3666 an-

2093 3704 2180 3759 nis
2206 3703 2299 3758 20.

2166 3796 2450 3852 Sisinuius
2499 3794 2788 3866 presbyter
2816 3791 3480 3863 Constantinopolitanus,
3509 3806 3654 3846 anno

2093 3903 2226 3954 uno,
2264 3887 2546 3943 mensibus
2579 3887 2666 3941 10.

2162 3979 2456 4035 Nestorius
2491 3979 2781 4049 presbyter
2812 3976 3071 4034 Ecclesia:
3097 3976 3456 4032 Antiocbeme
3481 3974 3653 4031 hatre-

2094 4075 2238 4129 ticus
2268 4073 2429 4127 annis
2455 4074 2510 4135 '5,
2539 4072 2824 4127 mensibus
2857 4074 2913 4127 9..
2946 4071 3047 4127 Hic
3077 4070 3361 4140 depositus
3384 4070 3436 4123 in
3469 4068 3653 4123 Oasim

2090 4167 2295 4221 missus
2342 4174 2426 4219 est
2460 4165 2513 4218 in
2546 4164 2829 4227 exsilium,
2863 4162 2994 4217 dum
3030 4164 3196 4217 tertia
3226 4160 3469 4232 synodus
3507 4160 3652 4215 cele-

2091 4257 2372 4312 Uraretur.

2163 4350 2528 4404 Maximianus
2579 4349 2866 4419 presbyter
2909 4363 3111 4419 genere
3146 4346 3654 4417 Constantinopoli-

2168 4534 2396 4590 Proclus
2431 4534 2811 4605 Chrysostomi
2843 4532 3170 4602 discipulus,
3205 4547 3235 4586 a
3278 4532 3540 4602 praedicto
3574 4530 3653 4586 Si-

2094 4628 2277 4684 sinnio
2340 4627 2627 4683 ordinatus
2669 4627 2966 4696 episc0pus
3019 4625 3358 4696 Cyzicenus,
3411 4638 3514 4679 nec
3563 4622 3651 4677 ad-

2098 4719 2299 4775 missus
2331 4733 2361 4772 a
2392 4718 2635 4784 civibus,
2661 4733 2789 4772 cum
2818 4718 3029 4775 interea
3059 4710 3327 4783 vacasset,
3361 4726 3484 4788 post
3510 4733 3654 4773 mor-

2098 4818 2209 4866 tem
2240 4810 2581 4875 Maximiani,
2620 4825 2748 4864 cum
2784 4810 2965 4863 adhuc
2999 4812 3118 4880 ejus
3138 4811 3377 4865 cadaver
3399 4811 3453 4865 in
3488 4811 3656 4866 sacris

2098 4903 2281 4975 adytis
2324 4903 2561 4972 jaceret,
2599 4902 2658 4958 in
2689 4901 2882 4957 eadem
2920 4901 3037 4969 ipsa
3089 4903 3277 4971 Magna
3316 4902 3560 4958 Ecclesia
3591 4902 3655 4956 ad

2098 4993 2362 5049 thronum
2391 4993 2670 5051 evehitur.
2698 5033 2715 5050 .
2741 5032 2759 5051 .
2780 5032 2796 5048 .
2818 5032 2836 5051 .
2859 5033 2876 5051 .
2897 5031 2915 5049 .
2965 4994 3107 5049 sedit
3143 4993 3304 5048 annis
3333 4993 3422 5059 t2,
3455 4993 3655 5051 mensi-

2095 5086 2200 5143 bus
2228 5088 2283 5142 5.

2169 5295 2464 5353 Flavianus
2511 5296 2802 5371 presbyter
2852 5296 3499 5368 Constantinopolitanus
3563 5308 3669 5352 an-'

2097 5403 2170 5442 no
2203 5389 2254 5451 1,
2286 5390 2571 5445 mensibus
2602 5390 2689 5446 10.

2168 5478 2306 5534 Cum
2353 5479 2401 5536 is
2450 5489 2521 5537 ab
2563 5483 2735 5553 impio
2786 5484 3044 5541 Dioscoro
3100 5485 3423 5541 interfectus
3472 5488 3655 5544 esset,

2096 5571 2385 5627 Anatolius
2414 5574 2706 5645 preSbyter
2734 5585 2791 5631 et
2827 5578 3222 5647 apocrisiarius
3248 5578 3506 5633 Ecclesia:
3532 5576 3655 5629 Ale-

2098 5659 2385 5716 xandrina:
2431 5664 2744 5731 ordinatur,
2788 5678 3094 5738 prmestque
3143 5670 3305 5725 annis
3354 5667 3407 5735 8,
3455 5667 3654 5725 πιθηεί-

2098 5752 2199 5806 bus
2236 5753 2287 5806 8.
