4100 6216
432 273 539 338 455

1668 252 2090 317 NICEPHORI
2129 250 2477 315 CALLISTI

3593 235 3697 299 41.6

507 387 836 446 Gennadius
882 383 1177 457 presbyter
1224 377 1875 449 Constantinopolitanus
1922 389 2051 438 αιι-⁴

2189 371 2473 434 Γεννάδιος
2501 365 2877 440 πρεσϐύτερος
2922 356 3564 421 Κωνσταντινουπόλεως
3598 360 3696 428 ἕῖη

438 484 548 537 nis.
570 519 586 533 .
607 522 622 536 .
665 479 946 534 mensibus
973 478 1028 533 3.

512 574 751 629 Aeacius
802 571 1094 642 presbyter
1122 566 1772 638 Constantinopolitanus
1820 568 1877 615 et
1921 575 2013 615 or-

442 664 752 733 phanorum
797 672 1022 717 curator
1053 662 1234 716 annis.
1258 700 1272 713 .
1298 700 1313 715 .
1349 659 1653 714 mensibus.
1679 695 1694 711 .
1724 696 1738 711 .

516 757 774 811 Phraitas
830 754 1123 824 presbyter
1180 760 1383 806 sancta:
1462 750 1681 805 Thecla:
1751 748 2017 821 Sycarum

444 847 733 903 mensibus
768 846 823 907 5,
859 844 1060 897 diebus
1099 844 1184 896 l7.
1217 841 1367 895 Zeno
1397 841 1549 894 illum
1580 839 1782 895 evexit.

518 939 756 993 Aeacius
792 936 1083 1006 presbyter
1118 934 1411 989 haereticus
1449 932 1552 987 sub
1596 930 1893 986 Anastasio
1932 927 2021 983 Di-

444 1047 577 1085 coro
633 1029 796 1084 annis
826 1030 911 1099 l7,
941 1026 1226 1081 mensibus
1251 1026 1304 1080 9.
1336 1024 1435 1079 Hic
1462 1030 1583 1076 erat
1611 1022 1780 1077 etiam
1821 1020 2023 1090 orpha-

447 1141 644 1178 norum
678 1131 924 1177 curator.

518 1216 863 1285 Euphemius
916 1211 1210 1282 presbyter
1263 1206 1918 1277 Constantinopolitanus
1967 1214 2025 1260 et

450 1323 758 1379 pauperum
810 1314 1036 1360 curator
1086 1302 1394 1372 Neapoleos
1433 1299 1595 1354 annis
1626 1314 1722 1353 sex
1767 1313 1895 1354 cum
1942 1297 2025 1353 di-

450 1401 647 1455 midio.

524 1492 604 1546 Eo
628 1491 697 1545 ab
726 1488 1016 1544 Anastasio
1059 1488 1397 1558 imperatore
1424 1486 1627 1556 ejecto,
1661 1493 1885 1540 creatur
1919 1484 2030 1539 Ma-

453 1580 724 1636 cedonius
748 1582 1036 1648 presbyter
1064 1575 1718 1645 Constantinopolitanus
1744 1616 1759 1639 ,
1788 1584 1844 1629 et
1870 1590 2031 1629 vaso-

458 1687 581 1726 rum
639 1682 853 1735 custos,
900 1670 995 1740 qui
1047 1668 1193 1726 sedit
1243 1668 1407 1722 annis
1442 1667 1529 1732 l6,
1573 1665 1860 1721 mensibus
1885 1666 1941 1728 7,
1972 1674 2031 1721 et

456 1761 719 1830 expulsus
746 1770 833 1815 est
866 1760 935 1814 ab
967 1759 1280 1813 Anastasio.

529 1848 858 1903 Timotheus
910 1848 1200 1918 presbyter
1254 1844 1935 1915 Constantinopolitanus,
1973 1853 2031 1899 et

456 1954 718 1996 vasorum
753 1949 961 2005 custos,
987 1938 1146 1992 annis
1177 1938 1231 2004 6,
1261 1951 1387 1992 curn
1435 1934 1692 2003 dimidio,
1717 1934 1824 1989 sub
1867 1932 2036 1989 Justi-

459 2034 628 2087 niano
665 2030 884 2101 Magno.

529 2125 773 2180 Joannes
804 2122 1101 2192 Cappadox
1138 2122 1427 2191 presbyter
1469 2128 1526 2175 et
1572 2118 1851 2191 syncellus
1887 2116 2035 2172 Con-

460 2218 857 2287 stantinopolis
913 2216 1017 2270 sub
1077 2213 1395 2269 Justiniano
1450 2228 1596 2267 anno
1650 2226 1783 2276 uno,
1824 2209 2032 2264 mensi-

462 2310 568 2364 bus
600 2307 685 2362 10.

538 2396 883 2468 Epiphanius
944 2395 1236 2468 presbyter
1288 2394 1935 2466 Constantinopolitanus
1978 2401 2037 2449 et

463 2492 742 2564 syncellus
772 2490 932 2545 annuis
965 2490 1053 2555 16,
1086 2488 1370 2543 mensibus
1398 2488 1454 2542 3.

537 2582 838 2636 Anthimus
893 2582 1072 2651 primo
1119 2578 1591 2649 Trapezuntinus.
1638 2578 1841 2635 deinde
1889 2579 2038 2636 Con-

466 2673 1003 2743 stantinopolitanus
1062 2686 1282 2742 praeses,
1329 2671 1616 2727 mensibus
1664 2671 1880 2728 decem.
1935 2672 2038 2729 Hic

466 2765 755 2836 depositus
792 2774 877 2819 est
918 2780 948 2818 a
981 2764 1191 2835 synodo
1218 2774 1415 2819 contra
1455 2763 1721 2819 Severum
1758 2773 1813 2819 et
1844 2775 2037 2820 contra

468 2860 647 2930 ipsum
676 2857 999 2913 Anthimum
1030 2866 1241 2910 coacta.

538 2950 728 3005 Menas
775 2948 1060 3018 presbyter
1086 2946 1761 3017 Constantinopolitanus,
1795 2956 1850 3000 et
1901 2961 2039 3016 prae-

2123 505 2140 521 .
2177 506 2192 521 .
2224 504 2239 519 .
2275 503 2291 519 .
2327 465 2507 524 μῆνις
2534 459 2605 524 γ’.

2224 504 2239 519 .
2275 503 2291 519 .
2409 479 2507 524 νις
2570 465 2605 516 ’.

2202 465 2460 617 Ἀκάῗιῗος
2496 478 2873 622 πῖιεσϐύτερος
2934 546 3568 607 Κωνσταντινουπόλεως
3602 545 3702 599 καὶ

2119 646 2526 719 ὀρφανοτρόφος
2557 643 2652 714 ἐτη
2696 682 2711 697 .
2744 678 2760 695 .
2797 680 2812 695 .
2846 679 2862 696 .
2895 639 3075 710 μῆνας
3108 676 3123 691 .
3155 679 3170 692 .
3202 678 3217 691 .
3254 677 3268 691 .

2191 740 2430 809 Φραῖτας
2487 735 2865 804 πρεσϐύτερος
2892 732 2990 801 τῆς
3045 729 3210 797 ἁγίας
3262 727 3473 797 Θέκλης
3506 725 3701 779 Συκῶν

2127 832 2303 902 μῆνας
2328 827 2399 898 γ’,
2427 828 2644 900 ἡμέρας
2678 826 2766 891 ιζ’.
2816 826 2874 879 ’0
2899 826 3086 894 Ζήνων
3113 822 3397 890 ἑποίησεν.

2207 923 2464 983 ’Δκάκιος
2517 917 2890 990 πρεσϐύτερος
2918 913 3193 985 αίρετικὺς
3225 914 3317 966 ἐπὶ
3346 911 3706 964 Ἀναστασίου

2125 1015 2220 1068 τοῦ
2284 1014 2517 1083 Δικόρου
2555 1011 2654 1080 ἐτη
2690 1007 2779 1077 ιζ’,
2814 1008 2991 1079 μῆνας
3018 1005 3085 1060 θ’.
3114 998 3283 1064 Οὗτος
3306 999 3374 1075 ἦν
3412 1004 3506 1055 καὶ
3529 1002 3708 1070 ὀρφαο

2128 1123 2220 1161 νοτ
2229 1105 2411 1175 ρόφος.

2200 1199 2489 1271 Εὐφήμιος
2541 1194 2920 1267 πρεσϐύτερος
2947 1190 3579 1253 Κωνσταντινουπόλεως
3618 1189 3709 1243 καὶ

2128 1292 2517 1364 πτωχοτρόφος
2548 1287 2875 1350 Νεαπόλεως
2902 1285 2999 1354 ἐτη
3032 1285 3086 1349 ς’
3118 1286 3320 1355 ἥμισυ.

2202 1472 2406 1526 Τούτου
2463 1467 2827 1539 ἐκϐληθέντος
2883 1466 2990 1520 ὑπὸ
3050 1464 3431 1529 Ἀναστασίου,
3495 1464 3716 1531 γίνεται

2130 1562 2469 1625 Μαηδόνιος
2499 1561 2877 1631 πρεσϐύτερος
2908 1558 3558 1619 Κωνσταντινουπόὶεως,
3617 1558 3716 1607 καὶ

2134 1654 2498 1724 σκευοφύλαξ,
2563 1652 2660 1722 ἐτη
2711 1649 2816 1719 ις’,
2878 1653 3054 1722 μῆνας
3079 1649 3158 1715 ζό
3211 1649 3270 1713 ὃς
3313 1649 3583 1717 ἐξεϐλήοη
3609 1648 3719 1701 ὑπὸ

2144 1748 2530 1803 Ἀναστασίου.

2200 1839 2463 1911 Τιμόθεος
2480 1837 2854 1909 πρεσϐύτερος
2877 1834 3509 1897 Κωνσταντινουπόλεως
3524 1849 3718 1885 exsuc-

2138 1932 2317 2002 φύλαξ
2336 1931 2433 2001 ἔτη
2472 1929 2525 1996 ς’
2546 1931 2743 2001 ἥμισυ,
2794 1929 2890 1982 ἐπὶ
2943 1925 3328 1982 ἰουστινιανοῦ
3379 1925 3473 1978 τοῦ
3527 1925 3719 1992 Μεγά-

2130 2028 2246 2082 λου.

2224 2117 2478 2186 Ἰωάννης
2509 2119 2538 2171 ὁ
2586 2114 2966 2186 Καππαδόκης
3012 2111 3395 2184 πρεσϐύτερος
3442 2112 3563 2192 καὶ.
3590 2111 3725 2180 σύγ’

2138 2208 2331 2271 κελλος
2375 2206 3013 2268 Κωνσταντινουπόλεως
3056 2206 3151 2259 ἐπὶ
3184 2199 3564 2258 Ἰουστινιανοῦ
3599 2204 3716 2267 ἔτος

2142 2296 2214 2365 α’,
2247 2301 2420 2370 μῆνας
2460 2298 2514 2354 ι’.

2225 2393 2544 2462 Ἐπιφάνιος
2572 2390 2946 2463 πρεσϐύτερος
2969 2392 3602 2455 Κωνσταντινουπὸλεως
3630 2393 3726 2443 καὶ

2143 2486 2440 2555 σύγκελλος
2468 2485 2562 2557 ἔτη
2600 2492 2700 2551 ις’,
2739 2486 2919 2556 μῆνας
2947 2483 3017 2553 γ’.

2218 2581 2483 2649 ’Λνθιμος
2533 2578 3007 2649 ὁΤραπεζοῦντος
3057 2578 3347 2649 πρότερον,
3394 2571 3514 2630 εἶτα
3568 2576 3724 2628 Κων-

2143 2671 2644 2735 σταντινουπὸλεως
2704 2674 2881 2741 μῆνας
2941 2670 2992 2724 ι’.
3057 2669 3227 2732 Οὗτος
3280 2669 3553 2741 καθῃρέθη
3612 2668 3721 2720 ὑπὸ

2146 2767 2246 2836 τῆς
2281 2766 2423 2818 κατὰ
2457 2763 2553 2818 τοῦ
2589 2765 2832 2834 Σευήρου
2869 2765 2966 2817 καὶ
2999 2763 3121 2817 κατ’
3156 2762 3325 2815 αὑτοῦ
3357 2761 3722 2831 συνελῡούσης

2148 2860 2393 2912 συνόδου.

2216 2951 2410 3021 Μηνᾶς
2443 2948 2816 3020 πρεσϐύτερος
2852 2947 3487 3011 Κωνσταντινουπόλεως
3514 2946 3730 3012 ξενοδὸ-

469 3042 652 3096 l'cctus
705 3039 931 3108 hospitii
980 3037 1326 3107 Sampsonis,
1374 3037 1667 3091 ordinatus
1695 3037 1763 3092 ab
1796 3038 2041 3107 Agapeto

2155 3059 2238 3111 [ος
2303 3041 2414 3095 τῶν
2463 3040 2726 3110 Σαμψὼν,
2783 3038 3190 3110 χειροτονηθεὶς
3238 3038 3346 3092 ὑπὸ
3415 3038 3729 3111 ’Δγαπητού

473 3148 610 3204 papa
635 3132 844 3193 Romae,
874 3129 1032 3183 annis
1058 3130 1143 3194 16,
1174 3128 1458 3182 mensibus
1490 3127 1546 3181 6.

547 3227 624 3279 Eo
655 3234 838 3278 autem
867 3220 1128 3275 defuncto
1157 3229 1212 3274 et
1242 3219 1424 3274 adhuc
1456 3219 1510 3272 in
1546 3215 1830 3287 sandapila
1862 3217 1931 3272 ad
1960 3232 2045 3272 sa—

473 3318 716 3372 crarium
734 3316 977 3386 iacente,
999 3312 1288 3366 ordinatus
1308 3320 1394 3366 est
1420 3310 1727 3381 Eutychius
1757 3296 2045 3379 presbyter

473 3420 533 3466 et
565 3409 869 3464 monachus
900 3406 1219 3462 monasterii
1247 3405 1612 3471 Amasiensis,
1642 3405 1735 3475 qui
1778 3403 1919 3459 sedit
1946 3419 2047 3458 an-

476 3505 562 3558 nis
593 3503 678 3567 12,
711 3501 994 3556 mensibus
1027 3501 1083 3555 5.

548 3594 650 3648 Hic
691 3593 904 3663 eiectus
944 3600 1029 3648 est
1076 3607 1105 3647 a
1143 3590 1460 3648 Iustiniano
1505 3590 1861 3660 imperatore,
1903 3603 2049 3642 anno

479 3685 699 3757 imperii
736 3686 913 3755 ipsius
944 3684 1035 3750 38,
1066 3693 1405 3753 creaturque
1440 3693 1566 3752 post
1599 3682 1842 3736 triduum
1881 3680 2051 3736 Joan-

480 3796 580 3835 nes
614 3778 989 3834 Scholasticos
1024 3763 1313 3847 presbyter
1344 3775 1749 3836 Antiochenus,
1781 3773 1877 3843 qui
1909 3773 2051 3829 sedit

480 3872 642 3927 annis
669 3870 755 3932 12,
788 3869 1071 3925 mensibus
1097 3870 1152 3924 6.
1186 3869 1286 3923 llic
1317 3876 1439 3922 erat
1467 3865 1571 3920 sub
1600 3865 1816 3920 Justino
1841 3863 2052 3919 sororis

477 3964 773 4021 Justiniani
812 3964 923 4017 lilio
949 3981 963 4017 :
998 3978 1063 4016 ac
1094 3961 1198 4016 sub
1227 3958 1451 4014 Tiberio
1481 3967 1731 4011 mortuus
1760 3966 1865 4021 est,
1908 3956 2055 4027 ejus-

480 4073 588 4128 que
619 4056 742 4111 loco
777 4070 993 4109 rursum
1025 4062 1318 4124 cooptatur

550 4150 859 4220 Eutychius
904 4148 995 4219 qui
1047 4146 1189 4201 sedit
1216 4146 1378 4200 anuis
1405 4145 1460 4209 4,
1494 4143 1783 4199 mensibus
1807 4143 1863 4207 6,
1894 4156 2057 4196 omne

485 4251 703 4311 tempus
730 4234 1248 4309 archiepiscopatus
1276 4239 1396 4309 ejus
1422 4245 1506 4292 est
1532 4251 1802 4290 annorum
1829 4234 1919 4300 l7,
1946 4247 2057 4287 uno

483 4333 770 4389 deﬁciente
798 4348 1005 4387 mense.

562 4425 802 4480 Joannes
826 4426 1095 4479 diaconus
1118 4424 1326 4494 Magnae
1360 4423 1621 4479 Ecclesiae
1641 4430 1696 4478 et
1718 4422 2056 4487 sacellarius,
2095 4400 2135 4454 θ

485 4518 768 4587 Jejunator
788 4518 990 4581 dictus,
1006 4518 1109 4572 sub
1128 4518 1389 4573 Mauricio
1407 4517 1567 4572 annis
1592 4515 1679 4582 15,
1704 4515 1986 4570 mensibus
2003 4514 2058 4569 5.

492 4609 792 4664 Ordinatus
829 4620 912 4664 est
939 4620 1061 4679 post
1093 4611 1230 4664 dies.
1259 4647 1274 4662 .
1299 4649 1314 4664 .
1342 4646 1357 4663 .
1383 4646 1398 4662 .
1419 4648 1435 4663 .
1477 4608 1786 4677 imperante
1815 4606 2061 4661 Tiberio.

486 4702 638 4758 Obiit
666 4709 846 4755 autem
896 4716 1038 4755 anno
1064 4701 1279 4756 decimo
1306 4710 1505 4771 quarto
1538 4698 1784 4755 Mauricii
1826 4698 2063 4770 impera-

492 4797 649 4849 toris.

558 4886 825 4959 Cyriacus
868 4885 1151 4957 presbyter
1187 4894 1243 4941 et
1271 4900 1591 4941 meonomus
1642 4899 1852 4955 magna:
1880 4884 2065 4939 Eccle—

489 4981 607 5043 siae,
639 4980 801 5033 annis
834 4980 923 5033 ll.
952 4978 1052 5033 llic
1094 4989 1211 5033 erat
1242 4977 1346 5033 sub
1381 4976 1647 5031 Mauricio
1675 4984 1732 5031 et
1756 4975 1858 5031 sub
1882 4973 2063 5030 Phoca

492 5080 747 5143 tyranno.

563 5162 804 5216 Thomas
826 5162 1093 5217 diaconus
1118 5171 1173 5216 et
1202 5160 1526 5218 sacellarius
1553 5158 1755 5231 Magna
1780 5156 2062 5225 Ecclesia,

488 5255 651 5309 annis
676 5255 730 5319 5,
764 5255 1046 5309 mensibus
1072 5255 1128 5309 2.

562 5346 789 5416 Sergius
825 5346 1093 5400 diaconus
1145 5344 1405 5400 Ecclesiae
1438 5344 2067 5415 ConstantinOpolitanas

487 5454 558 5495 cx
588 5440 656 5493 iis
687 5440 804 5509 qui.
838 5479 851 5493 .
881 5479 893 5493 .
925 5477 939 5493 .
968 5478 982 5492 .
1009 5477 1024 5493 .
1075 5448 1130 5494 et
1163 5440 1214 5492 in
1262 5438 1443 5508 phiala
1475 5449 1734 5507 portuum
1784 5438 2068 5508 hospitalis

490 5534 597 5587 sub
628 5532 807 5586 Phoea
833 5540 889 5586 et
926 5532 1182 5586 Heraclio
1212 5531 1371 5585 antiis
1396 5530 1488 5596 28,
1526 5529 1811 5585 mensibus
1837 5530 1887 5595 7,
1911 5544 2067 5585 crea-

496 5632 584 5678 tus
616 5640 811 5694 Inrgno
845 5622 1108 5678 Subbato.

564 5716 808 5789 Pyrrhus
842 5719 1133 5790 presbyter
1168 5717 1374 5787 Magna:
1407 5718 1689 5783 Ecclesiae,
1725 5724 1781 5774 et
1806 5717 2066 5787 princeps

2146 3135 2347 3188 πάππα
2380 3132 2631 3204 Ῥώμης,
2663 3132 2761 3200 ἔτη
2793 3129 2890 3196 ις’,
2935 3131 3108 3200 μῆνας
3137 3135 3213 3195 ς’.

2214 3227 2482 3288 Θανὸντος
2508 3226 2565 3279 δὲ
2596 3223 2794 3278 τούτου
2821 3223 2915 3278 καὶ
2944 3224 3027 3276 ἐτι
3068 3221 3325 3293 κειμένου
3348 3224 3408 3274 ὲν
3430 3226 3496 3294 τῇ
3525 3222 3729 3295 λεκάνῃ

2148 3318 2317 3373 αὑτοῦ
2349 3319 2407 3371 ιν
2439 3316 2515 3387 τῷ
2556 3314 2811 3387 ίερατείῳ
2863 3314 3249 3386 ἐχειροτονήθη
3302 3314 3566 3386 Εὐτύχιος
3594 3333 3723 3386 πρε-

2150 3412 2415 3481 σϐύτερος
2468 3410 2565 3464 καὶ
2616 3409 2851 3479 μοναχδς
2899 3406 2994 3461 τοῦ
3051 3410 3113 3461 ὲν
3152 3409 3422 3481 Ἀμασεέᾳ
3451 3426 3733 3480 μοναστη-

2118 3523 2123 3529 '
2152 3504 2268 3576 ρίου
2294 3504 2387 3573 ἐτη
2418 3502 2506 3573 ιβ’,
2537 3504 2713 3573 μῆνας
2743 3500 2806 3555 ε’.

2224 3592 2395 3660 Οὗτος
2445 3595 2711 3665 ἐξεϐλήθη
2746 3594 2853 3647 ὑπὸ
2897 3593 2992 3647 τοῦ
3048 3593 3315 3664 βασιλέως
3343 3594 3730 3649 ἰουστινιανοῠ

2151 3689 2233 3761 τῷ
2271 3689 2352 3759 λη’
2392 3689 2506 3743 ετει
2552 3688 2648 3757 τῆς
2676 3685 2843 3740 αὐτοῦ
2870 3686 3172 3757 βασιλείας,
3202 3690 3298 3741 καὶ
3320 3688 3529 3754 γίνεται
3550 3689 3732 3743 Ἰωάν-

2153 3800 2248 3855 νης
2284 3781 2646 3853 Σχολαστικὸς
2673 3781 3052 3851 πρεσϐύτερος
3082 3782 3421 3851 Ἀντιοχείας
3442 3781 3561 3851 μεθ’
3596 3783 3732 3854 ἠμέ-

2159 3893 2255 3946 ρας
2283 3881 2333 3944 γ’
2367 3874 2461 3944 ἐτη
2508 3872 2595 3943 ιβ’,
2637 3874 2813 3943 μῆνας
2877 3871 2952 3938 ς’.
2986 3865 3158 3936 Οὗτος
3188 3868 3257 3943 ἦν
3307 3876 3401 3926 ἐπὶ
3436 3874 3731 3928 Ίουστίνου

2153 3964 2377 4037 ἀνεψιοῦ
2405 3964 2809 4018 Ἰουστινιανοῦ.
2843 3962 3017 4028 Οὗτος
3051 3965 3145 4018 ἐπὶ
3201 3963 3462 4037 Τιϐερίου
3503 3965 3735 4038 τελευτᾷ

2155 4055 2271 4120 οὖν,
2306 4056 2400 4111 καὶ
2439 4054 2700 4124 ἀνάγεται
2731 4054 2894 4109 πάλιν
3658 4054 3659 4057 “

2228 4146 2491 4216 Εὑτύχιος
2544 4145 2638 4215 ἐτη
2688 4146 2753 4211 δ’,
2800 4146 2979 4215 μῆνας
3027 4145 3104 4211 ς’,
3153 4148 3290 4218 ὁμοῦ
3323 4150 3392 4201 τὰ
3425 4149 3604 4202 πάντα
3638 4150 3731 4219 ἔτη

2161 4243 2258 4305 τῆς
2288 4239 2704 4311 ἀρχιερωσύνης
2750 4240 2920 4294 αὑτοῦ
2975 4240 3070 4310 ἔτη
3097 4240 3186 4304 ιζ’,
3240 4243 3409 4313 χωρὶς
3445 4242 3563 4305 ἑνὸς
3625 4260 3736 4314 μη-

2162 4334 2276 4396 νός.

2243 4425 2499 4497 Ἰωάννης
2528 4426 2777 4488 διάκονος
2825 4429 2926 4496 τῆς
2954 4425 3218 4496 Μεγάλης
3271 4426 3610 4497 Ἐκκλησίας
3636 4425 3735 4479 καὶ

2163 4518 2521 4589 σακελλάριος
2566 4521 2593 4571 ὁ
2645 4519 2967 4589 Νηστευτὴς
3006 4520 3098 4571 ἐπὶ
3131 4519 3442 4588 Μαυρικίου
3497 4519 3591 4587 ἔτη
3645 4525 3732 4586 ιγ’,

2166 4616 2341 4683 μῆνας
2381 4620 2444 4666 ε’.
2483 4610 2899 4682 Ἐχειροτονήθη
2935 4610 3056 4681 μεθ’
3102 4613 3317 4680 ἡμέρας
3351 4651 3365 4665 .
3401 4650 3416 4665 .
3454 4649 3469 4664 .
3503 4611 3594 4662 ἐπὶ
3639 4611 3738 4679 τῆς

2167 4703 2444 4772 βασιλείας
2507 4702 2795 4771 Τιϐερίου·
2854 4701 3088 4772 τελευτᾷ
3140 4702 3198 4754 δὲ
3254 4702 3333 4772 τῷ
3385 4702 3443 4755 ιδ’
3474 4700 3585 4753 ἔτει
3633 4702 3738 4767 τῆς

2164 4795 2479 4864 Μαυρικίου
2505 4791 2809 4863 βασιλείας.

2238 4885 2521 4955 Κυριακὸς
2558 4884 2929 4959 πρεσϐύτερος
2970 4887 3065 4935 καὶ
3095 4882 3385 4952 οἰκονόμος
3433 4885 3529 4953 τῆς
3552 4884 3739 4951 Μεγά-

2165 4978 2264 5049 λης
2300 4976 2630 5045 Ἐκκλησίας
2687 4977 2783 5045 ἐτη
2818 4974 2905 5030 ια’.
2948 4975 3119 5038 Οὗτος
3167 4970 3236 5047 ἦν
3281 4975 3376 5027 ἐπὶ
3424 4976 3738 5044 Μαυρικίου

2166 5072 2260 5123 καὶ
2290 5070 2382 5121 ἐπὶ
2407 5069 2572 5121 Φωκᾶ
2602 5068 2697 5120 τοῦ
2724 5067 3015 5135 τυράννου.

2236 5159 2438 5229 Θωμᾶς
2487 5159 2735 5223 διάκονος
2788 5160 2883 5211 καὶ
2939 5159 3302 5231 σακε).λάριος
3349 5164 3450 5230 τῆς
3481 5161 3741 5229 Μεγάλης

2178 5253 2507 5323 Ἐκκλησίας
2537 5254 2629 5323 ἔτη
2660 5250 2729 5320 γ’,
2763 5253 2941 5323 μῆνας
2978 5254 3042 5321 β’.

2241 5345 2467 5416 Σέργιος
2500 5345 2746 5408 διάκονος
2784 5345 2885 5414 τῆς
2946 5345 3274 5416 Ἐκκλησίας
3300 5346 3745 5400 Κωνσταντινου-

2169 5439 2379 5501 πελεως
2409 5439 2518 5492 τῶν
2546 5440 2604 5490 ἐν
2637 5476 2651 5491 .
2684 5476 2700 5492 .
2733 5474 2746 5488 .
2788 5478 2802 5492 .
2850 5438 2945 5490 καὶ
2988 5439 3161 5509 φιάλῃ
3186 5439 3296 5490 τῶν
3331 5439 3563 5507 λιμένωι
3599 5454 3745 5489 πτω-

2168 5531 2333 5601 χείων
2362 5530 2457 5583 ἐπὶ
2479 5531 2641 5584 Φωκᾶ
2665 5529 2756 5582 καὶ
2797 5529 3125 5597 Ἡρακλείου
3166 5530 3261 5599 ἐτη
3317 5536 3425 5599 κη’,
3464 5532 3639 5599 μῆνας
3672 5526 3740 5592 ς’,

2170 5620 2413 5691 γεγονὼς
2443 5622 2521 5692 τῷ
2548 5608 2775 5692 μεγάλῳ
2806 5620 3097 5689 Σαϐϐάτῳ.

2244 5714 2459 5785 Πύρρος
2519 5713 2893 5784 πρεσϐύτερος
2949 5715 3049 5784 τῆς
3108 5714 3369 5785 Μεγάλης
3413 5712 3743 5785 Ἐκκλησίας
3819 5692 3828 5701 ³
