4080 6206
453 221 554 286 5-4!

1332 221 1588 283 SERNEO
1626 220 1707 281 IN
1751 221 1808 282 S.
1851 219 2162 279 MARIAM
2205 217 2757 280 MAGDALENAM.

3578 215 3698 278 552‘

449 337 612 405 χάριν
645 331 914 414 οὐμενοῦν
955 333 1014 386 ού
1050 334 1248 403 μικρὰν
1281 337 1392 396 τοῖς
1422 351 1486 401 γε
1535 332 1614 402 τῷ
1648 333 1774 403 περὶ
1806 331 2010 398 ταύτης
2038 332 2066 389 Α

2167 330 2353 384 'oferrc
2383 323 2735 400 praesu‘ment.
2762 329 2865 397 Qui
2894 327 3038 385 enim
3068 329 3238 385 labori
3264 326 3423 382 alicui
3449 326 3693 396 indulget

452 427 596 494 λόγῳ
626 425 968 496 θαρσήσασιν
1007 421 1102 478 οἷδ’
1142 428 1223 478 ὅτι
1273 427 1582 497 παρέξειεν.
1629 427 1778 495 Ὅτῳ
1817 425 1918 493 γὰρ
1954 424 2018 476 ἂν

455 517 685 578 ἕκαστος
710 517 858 586 ἔργῳ
897 516 976 569 ἔτι
1023 517 1099 586 τῷ
1131 518 1231 588 ζῇν
1258 519 1484 588 περιὼν,
1522 519 1714 572 ἑαυτὸν
1752 518 2020 586 ἐπιδιδσίη

455 611 550 663 καὶ
579 609 783 680 ἥδοιτο,
807 610 982 679 τούτῳ
1011 610 1075 681 δὴ
1105 612 1198 664 καὶ¹
1228 612 1337 663 τῶν
1360 610 1570 664 ἐνθένδε
1605 612 2022 681 μεταχωρήσας,

458 704 512 756 εί
544 721 650 756 τινι
700 705 808 757 τῶν
855 705 1117 758 ἁπάντων
1151 705 1324 774 ὁρῷτο
1378 704 1708 774 τιμώμενος.
1763 705 2026 771 γάννυται

460 797 551 848 ἐπὶ
589 795 811 864 μᾶλλον,
864 797 956 848 καὶ
1001 796 1356 867 ἀνεκλαλήτῳ
1386 797 1568 866 χαίρει
1601 797 1766 866 χαρᾷ.
1819 797 1914 847 Διά
1944 811 2028 847 τοι

462 888 630 940 ταῦτα
666 888 943 957 προσῆκον
979 888 1071 940 καὶ
1105 890 1308 941 οἰκεῖον
1335 892 1400 960 τῇ
1433 890 1524 941 τοῦ
1549 890 1726 955 Λόγου
1754 887 2030 956 μαθητρία

463 981 524 1031 τὸ
553 982 614 1030 ἐκ
641 979 813 1046 λόγων
841 978 1140 1049 ἐγκώμιον.
1167 979 1242 1033 οὐ
1276 981 1382 1051 μὴν
1406 980 1542 1034 ἀλλά
1572 982 1666 1031 καὶ
1691 979 1813 1032 καθ’
1843 979 2032 1046 ἕτερόν

465 1090 527 1140 γε
585 1075 786 1143 τρόπον
841 1076 1141 1142 ἀναγκαῖος
1179 1076 1311 1142 ἡμῖν
1365 1078 1392 1128 ὁ
1445 1077 1574 1144 περὶ
1622 1077 1822 1145 ταύτης
1875 1074 2034 1141 λόγος

467 1167 633 1265 ἐστίν·
669 1168 824 1265 ἀνδρὶ
854 1168 961 1265 γάρ
990 1167 1135 1232 ἐξέτι
1179 1169 1300 1221 νέου
1337 1169 1530 1237 λόγους
1577 1170 1900 1231 ἀσκήσαντι.
1940 1166 2036 1218 καὶ

469 1255 683 1316 τούτοις
712 1255 787 1317 ὼς
815 1256 1053 1325 μάλιστα
1081 1257 1465 1325 συντραφέντι,
1494 1258 1722 1327 δεύτερά
1744 1274 1803 1309 τε
1832 1257 2038 1309 τούτων

470 1344 742 1445 τιθεμένῳ
765 1347 834 1400 τὰ
858 1349 1058 1445 πάντα,
1093 1349 1188 1402 καὶ
1216 1352 1391 1420 χρεών
1421 1367 1482 1418 γε
1511 1349 1570 1402 δν
1589 1350 1706 1418 Θεῷ
1731 1349 2040 1402 ἀνατιθέναι

470 1436 581 1487 τῶν
613 1436 789 1503 λόγων
815 1439 913 1501 τὰς
945 1441 1222 1509 ἀπαρχὰς,
1254 1441 1306 1493 τί
1348 1440 1468 1494 ποτ’
1515 1443 1580 1493 ἂν
1615 1441 1818 1510 μᾶλλον
1848 1441 2041 1504 ἐκείνῳ

472 1540 536 1591 γε
567 1524 717 1595 ἥδιον
747 1529 830 1597 εῐη
867 1529 908 1597 ἢ
936 1529 1095 1595 λόγος
1131 1529 1318 1599 ιγπερὶ
1358 1532 1556 1598 Λόγου,
1589 1531 1741 1600 καὶὴ
1775 1532 1900 1599 περὶ
1934 1531 2044 1582 τῶν

473 1617 618 1687 λόγῳ
648 1619 882 1681 πίστεως
914 1619 1326 1691 διαδραμόντων
1361 1623 1458 1692 τὴν
1491 1624 1820 1691 οἰκουμένην
1859 1623 2046 1690 διήγη-

479 1729 601 1773 σις;
640 1711 748 1764 Καὶ
797 1713 985 1782 τρίτον
1028 1713 1351 1781 ἀλογίστων,
1387 1715 1588 1782 μᾶλλον
1627 1715 1685 1767 δὲ
1733 1716 2043 1784 ἀχαρίστων

477 1803 690 1872 ἀνδρῶν
721 1803 897 1872 ἔγωγε
922 1805 1116 1874 κρίνω,
1141 1809 1431 1876 προγόνοις
1469 1808 1566 1876 μὲν
1587 1809 1698 1870 τοῖς
1729 1807 1787 1872 ἐξ
1816 1807 2046 1877 αἵματος

475 1897 639 1964 χάριν
686 1899 920 1950 ἐκτίνειν
950 1898 1157 1951 ἐθέλειν
1183 1902 1392 1970 ὃσηπερ
1426 1900 1542 1952 ἐστὶ
1571 1901 1907 1966 δυναμένοις,
1934 1903 2046 1961 τοῖς

477 1988 534 2041 δὲ
569 1989 660 2042 τού
712 1989 1020 2060 κρείττονος
1077 1994 1210 2062 ἡμῖν
1263 1994 1527 2063 ἀρχηγοῖς
1576 1993 1671 2047 καὶ
1725 1995 1918 2056 αἰτίοις
1950 1993 2048 2061 τὴν

483 2083 867 2154 πνευματικὴν
895 2084 1259 2154 ἁναγέννησιν
1290 2086 1418 2155 μηδ’
1453 2086 1706 2139 ὁπωσοῦν
1751 2088 2052 2156 προθυμεῖ-

486 2171 605 2223 σθαι
641 2172 708 2224 τά
742 2175 926 2225 εἰκότα
963 2175 1306 2248 χαρίζεσθαι.
1367 2177 1480 2229 Ούκ
1526 2177 1720 2246 ἄδηλον
1746 2177 1802 2229 δὲ
1835 2177 2051 2239 πάντως

482 2262 557 2322 ὡς
585 2264 826 2333 ἀρχηγὸς
850 2265 945 2316 καὶ
968 2264 1108 2334 αὕτη
1143 2265 1251 2319 τῶν
1280 2267 1746 2336 ἀναγεννωμένων
1775 2267 1854 2336 τῷ
1883 2266 2050 2319 πνεύ-

490 2371 620 2421 ματι
663 2357 693 2423 ή
743 2357 992 2425 μακαρία
1035 2357 1372 2428 Μαγδαληνὴ
1411 2359 1797 2428 ἀναμφιϐόλως
1838 2359 2054 2427 λελόγι-

490 2461 632 2496 σται.
690 2447 749 2498 Εί
783 2448 889 2516 γὰρ
924 2447 993 2500 τὰ
1024 2447 1133 2500 τῶν
1172 2450 1382 2501 παίδων
1413 2451 1490 2518 τῷ
1531 2451 1700 2519 πατρὶ
1738 2449 2056 2518 λογίζεσθαι

488 2537 596 2588 τῶν
627 2539 1018 2607 ὲννομωτάτων
1049 2557 1108 2593 τε
1151 2542 1248 2594 καῖ
1286 2542 1667 2603 δικαιοτάτων,
1719 2543 1902 2605 καθὼς
1950 2543 2060 2613 ἀρα

489 2629 626 2697 δητα
655 2633 747 2684 xii.
778 2630 891 2682 ἔστι
924 2633 1015 2684 καὶ
1047 2631 1286 2700 λέγεται,
1324 2635 1542 2697 πάντως
1576 2635 1670 2686 καὶ
1703 2635 1771 2688 τὰ
1802 2635 1910 2687 τῶν
1950 2654 2059 2704 μα-

495 2722 676 2790 θητῶν
713 2723 787 2791 τῷ
817 2724 1124 2795 διδασκάλῳ
1153 2725 1268 2795 δοίη
1303 2744 1389 2789 τις
1422 2727 1508 2780 ἄν·
1546 2727 1867 2781 διδάσκαλον
1889 2728 1932 2780 δ’
1965 2730 2060 2782 ἄλο

495 2812 585 2864 λον
614 2814 721 2866 τῶν
756 2816 1068 2868 ἀποστόλων
1098 2819 1238 2882 μετά
1284 2836 1346 2886 γε
1379 2818 1612 2888 Χριστὸν
1664 2820 1718 2872 εἴ
1748 2839 1829 2882 τις
1875 2821 2062 2888 ἕτερον

496 2905 703 2959 τιθέναι
747 2906 922 2960 ἐθέλοι
957 2906 1050 2960 τοῦ
1106 2908 1266 2976 λόγου
1301 2910 1401 2977 τὴν
1453 2910 1726 2979 μακαρίαν
1761 2909 2059 2975 ὑπεξελὼν,

2121 421 2307 475 laetitia
2333 420 2585 484 adicitur,
2613 431 2667 475 et
2707 423 2750 476 si
2783 421 3044 476 honorem
3079 421 3202 475 inde
3229 419 3554 489 assequitur,
3584 435 3694 471 ma-

2126 515 2271 566 ximo
2298 512 2495 580 gaudio
2525 513 2894 581 perfunditur.
2929 514 3100 567 Neirio
3134 512 3300 581 igitur
3329 509 3532 563 inﬁtias
3570 509 3692 570 ibit,

2128 603 2288 658 Verbi
2314 603 2823 673 discipulrelaudem
2853 604 3233 673 particularem
3255 601 3460 655 deberi.
3487 599 3594 653 Sed
3625 600 3696 652 ob

2128 697 2289 751 aliam
2309 710 2524 768 quoque
2544 709 2760 748 causam
2782 694 2846 747 de
2868 694 3154 760 illa;sermo
3179 691 3338 746 nobis
3357 699 3698 759 opportunus

2135 787 2385 840 videtur.
2409 784 2549 850 Quid
2587 785 2792 838 etenim
2819 784 2937 836 viro
2970 783 3270 847 rhetorico,
3308 781 3401 849 qui
3427 777 3696 850 ejusmodi

2134 876 2315 929 studia
2352 875 2612 928 onmibus
2655 874 2779 927 aliis
2822 872 3114 942 pneponit,
3173 879 3229 923 et
3259 869 3356 937 qui
3385 882 3697 922 sermonum

2135 967 2408 1036 primitias
2463 965 2528 1019 ad
2585 965 2754 1019 Deum
2795 964 2982 1024 refert,
3019 959 3173 1030 quid,
3231 960 3474 1026 inquam,
3531 954 3702 1023 magis

2134 1057 2443 1128 jucundum
2485 1056 2594 1109 erit
2665 1069 2828 1124 quam
2861 1067 3045 1107 sermo
3095 1051 3163 1104 de
3208 1049 3387 1102 Verbo
3421 1062 3484 1100 ac
3540 1045 3608 1099 de
3635 1045 3703 1098 iis

2141 1155 2231 1219 qui
2268 1149 2500 1202 verbum
2562 1145 2684 1199 ﬁdei
2715 1159 2812 1213 per
2851 1146 3041 1197 orbem
3073 1140 3388 1194 universqu
3416 1135 3706 1190 circumfe-

2141 1250 2269 1294 runt
2286 1241 2308 1292 ?
2328 1242 2494 1293 Porro
2523 1235 2910 1307 imprudentiae
2944 1249 3007 1288 ac
3027 1231 3289 1286 socordiae
3352 1229 3564 1296 signum
3587 1241 3705 1280 esse

2136 1335 2344 1404 judico,
2411 1330 2712 1400 majoribus
2741 1343 2808 1382 ex
2857 1341 3044 1389 carne,
3081 1320 3336 1392 quamvis
3364 1317 3704 1388 potentibus,

2151 1425 2350 1496 gratias
2379 1441 2420 1476 ri
2441 1423 2607 1489 ferre,
2638 1422 2707 1474 iis
2732 1428 2914 1473 autem
2947 1416 3040 1486 qui
3068 1411 3503 1483 regenerationis
3540 1409 3671 1476 spiri
3691 1439 3706 1447 -

2146 1518 2305 1570 tualis
2359 1517 2519 1569 nobis
2583 1523 2838 1568 auctores
2890 1510 3242 1573 exstiterunt,
3281 1512 3464 1573 grates
3497 1499 3709 1554 debitas

2155 1625 2261 1662 non
2295 1608 2519 1661 habere.
2564 1604 2694 1658 Sine
2725 1602 2893 1657 dubio
2944 1609 3127 1653 autem
3182 1598 3339 1650 beata
3399 1590 3708 1661 Magdaleua

2147 1715 2334 1754 eorum
2377 1698 2472 1766 qui
2513 1695 2876 1770 spiritualiter
2903 1690 3210 1762 regenerati
3243 1695 3389 1750 sunt,
3424 1682 3703 1752 prmeipua

2149 1790 2458 1858 sospitatrix
2491 1785 2744 1839 habetur.
2774 1784 2830 1837 Si
2862 1782 3010 1836 enim
3040 1781 3274 1835 ﬁliorum
3307 1773 3712 1843 legitimitatem

2149 1881 2495 1951 acjustitiam
2519 1878 2661 1946 patri
2695 1875 3001 1929 attribucre
3035 1872 3115 1926 fas
3159 1877 3261 1933 est,
3295 1875 3444 1921 certe
3475 1861 3717 1928 discipu-

2150 1971 2328 2024 lorum
2379 1982 2596 2036 quoque
2653 1964 2850 2018 merita
2912 1961 2982 2015 ad
3047 1966 3441 2029 praeceptorem
3505 1951 3715 2004 referre

2151 2069 2391 2130 Oportet.
2448 2056 3037 2126 Magdalenam'autem
3077 2047 3381 2104 secundum
3431 2043 3713 2098 Christum

2152 2152 2420 2222 apostolis
2450 2151 2682 2218 primam
2712 2145 2964 2198 nuntiam
3006 2142 3178 2195 fuisse
3209 2137 3398 2208 negari
3425 2135 3544 2189 sine
3573 2133 3720 2200 inju-

2155 2246 2233 2299 ria
2271 2259 2378 2297 non
2413 2255 2573 2310 posse
2605 2245 2816 2294 constat
2866 2236 3008 2289 inter
3029 2232 3373 2287 Christianos
3403 2247 3416 2292 ;
3453 2239 3622 2296 quare
3652 2223 3720 2275 ab

2161 2335 2425 2405 apostolis
2445 2349 2567 2388 eam
2613 2343 2870 2399 separare
2891 2342 2999 2380 non
3023 2326 3175 2388 licet,
3206 2321 3536 2392 quibuscum
3561 2318 3719 2370 ﬁdem

2158 2439 2499 2480 communem
2529 2421 2801 2485 habebat;
2858 2417 2904 2471 si
2939 2416 3098 2470 beato
3127 2412 3290 2466 Paulo
3327 2409 3485 2463 ﬁdem
3522 2405 3724 2459 l'abere

2158 2518 2315 2573 decet
2352 2515 2417 2569 ad
2440 2514 2754 2569 Corinthios
2783 2507 3085 2564 scribenti:
3122 2523 3140 2556 ι
3161 2504 3294 2558 Nam
3320 2502 3362 2556 si
3382 2497 3579 2554 mortui
3619 2511 3723 2548 non

2161 2614 2472 2676 resurgunt,
2494 2619 2671 2672 neque
2695 2601 2944 2657 Christus
2962 2595 3276 2652 resurrexit.
3303 2591 3454 2657 Quod
3479 2590 3523 2644 si
3566 2587 3727 2641 Chri-

2163 2713 2278 2759 stus
2303 2715 2409 2756 non
2429 2695 2746 2758 resurrexit,
2771 2709 2910 2746 vana
2937 2699 3022 2745 est
3043 2688 3176 2742 ﬁdes
3191 2694 3368 2740 vestra
3397 2683 3436 2735 ⁸.
3462 2701 3481 2734 ι
3511 2679 3727 2748 Magda-

2165 2797 2300 2850 lcna:
2331 2804 2510 2848 autem
2540 2791 2732 2860 primae
2783 2785 2997 2852 obtigit,
3029 2780 3315 2835 Christum
3342 2773 3730 2829 resuscitatum

2167 2887 2374 2949 videre,
2394 2896 2444 2938 ct
2463 2878 2920 2937 resurrectionem
2947 2875 3064 2944 ejus
3088 2867 3346 2939 apostolis
3372 2873 3727 2920 annuntiare,

812 2953 921 2960 ---ν
967 2953 1046 2960 ---
1108 2953 1263 2976 -.-,--
1312 2953 1396 2977 -.,-
1453 2953 1723 2979 ,πηη-η.
1765 2953 2059 2975 -..η-...νη

499 3001 556 3060 ἐς
600 2999 964 3067 Χριστιανοὺς
998 3000 1171 3052 δοκῶν
1218 3001 1390 3052 τελεῖν
1440 3019 1498 3053 τε
1542 3005 1636 3054 καὶ
1675 3002 2058 3068 ὀνομάζεσθαι,

2171 2977 2419 3049 quamvis
2472 2974 2635 3029 verba
2663 2972 2807 3025 illius
2836 2983 2974 3022 vana
3036 2979 3156 3018 esse
3187 2961 3523 3013 viderentur.
3579 2953 3734 3017 Quod

2575 3065 2604 3068 -γ
2740 3062 2750 3068 ι
2889 3058 2897 3068 ι
3059 3055 3070 3068 1
3107 3053 3150 3068 ιι
3239 3050 3474 3068 λειμαμ
3543 3041 3732 3068 ..ΑΓ......;

499 3090 600 3142 οὐκ
636 3090 811 3156 ἔγωγε
843 3085 998 3160 οἶμαι
1026 3094 1089 3144 ἐκ
1117 3089 1207 3143 τοῦ
1237 3093 1437 3161 ῥᾴστου
1469 3093 1659 3145 τοῦτον
1694 3094 1898 3163 εὑρεῖν,
1929 3093 2069 3146 ὥστε

501 3180 600 3231 καὶ
652 3183 720 3233 τὰ
761 3181 869 3233 τῶν
899 3183 1214 3236 ἀποστόλων
1259 3184 1318 3236 ἓν
1351 3201 1412 3250 γε
1466 3185 1540 3252 τῷ
1590 3187 1820 3254 παρόντι
1871 3185 2073 3254 ταύτης

609 3269 618 3280 1
1056 3229 1208 3236 """'
1260 3229 1310 3236 "
1361 3229 1412 3250 ι’
1475 3229 1536 3252 ““ῑ’
1595 3229 1819 3254 ""l'""
1882 3229 2023 3240 ’““⁷”

502 3267 835 3333 λογίζεσθαι,
887 3268 947 3322 οὔ
985 3288 1075 3338 μοι
1121 3271 1230 3323 ἀπο
1273 3273 1480 3340 τρόπου
1527 3273 1832 3341 εἰρήσεται,
1875 3273 1971 3325 καὶ
1998 3229 2073 3343 si}:

502 3360 648 3429 λόγῳ
697 3361 794 3431 τὴν
827 3361 1010 3414 πίστιν
1052 3363 1109 3426 ἐξ
1142 3359 1322 3414 αὐτῶν
1365 3363 1499 3430 δῆτα
1536 3365 1925 3433 προσηκόντως
1974 3382 2078 3416 πα-

508 3453 827 3523 ράσχοιμεν.
883 3456 944 3508 ΕΞ
1013 3457 1120 3524 γὰρ
1169 3457 1277 3526 χρὴ
1344 3454 1420 3522 τῷ
1475 3455 1748 3524 θεσπεσίῳ
1793 3457 2077 3509 πείθεσθαι

509 3548 706 3618 Παύλῳ
738 3551 850 3611 τοῖς
885 3551 942 3601 ὲν
991 3551 1240 3622 Κορίνθῳ
1292 3553 1559 3622 γράφοντι
1584 3567 1598 3582 ο
1653 3568 1672 3601 ι
1705 3551 1767 3602 Εἰ
1810 3549 1865 3602 δὲ
1896 3549 2077 3616 νεκροὶ

509 3642 608 3692 οὐκ
636 3641 964 3710 ἐγείρονται,
995 3643 1114 3696 οὑῖὲ
1150 3645 1389 3714 Χριστὸς
1419 3645 1734 3712 ἐγήγερται·
1770 3643 1819 3693 εί
1866 3642 1918 3693 δὲ
1947 3642 2081 3709 Χρι-

513 3734 636 3793 στδς
664 3735 762 3785 οὒκ
791 3737 1108 3803 ἐγήγερται.
1143 3734 1342 3804 ματαία
1375 3737 1406 3804 ἡ
1438 3736 1621 3796 πίστις
1643 3734 1855 3803 ἡμῶν.»
1896 3732 2083 3804 Ταύτῃ

512 3824 558 3876 δ’
599 3825 809 3894 ὑπῆρξε
839 3826 1032 3897 πρώτῃ
1068 3826 1384 3880 ἀναστάντα
1417 3828 1657 3880 κατιδεῖν
1702 3826 1794 3879 τὸν
1821 3827 2079 3894 Χριστὸν,

515 3917 606 3967 καὶ
636 3918 732 3978 τὴν
764 3917 1061 3970 ἀνάστασιν
1092 3919 1202 3978 τοῖς
1231 3918 1552 3980 ἀποστόλοις
1599 3915 2082 3985 εὐαγγελίσασθαι,

515 4009 620 4061 κᾶν
647 4009 810 4078 λῆρος
833 4011 898 4061 τὰ
927 4010 1132 4080 ταύτης
1163 4009 1422 4080 ὤφθησαν
1450 4013 1691 4080 ῥήματα·
1717 4009 1886 4078 ταύτῃ
1908 4009 2086 4060 δοτέον

520 4102 739 4163 πάντως
765 4101 862 4154 καὶ
899 4103 966 4154 τὰ
999 4101 1108 4154 τῶν
1158 4103 1474 4155 ἀποστόλων
1496 4139 1510 4164 ,
1547 4101 1704 4170 εἴπερ
1735 4100 1809 4167 τῷ
1857 4101 2089 4167 πρώτως

518 4194 734 4262 εὓρόντι
788 4195 856 4247 τὰ
891 4195 988 4262 τῆς
1034 4195 1305 4263 εὑρέσεως
1354 4194 1506 4263 παρὰ
1561 4195 1670 4253 τοῖς
1722 4188 1781 4245 εὖ
1832 4191 2089 4261 φρονοῦσι

517 4285 851 4352 λελόγισται.
887 4288 960 4339 Τὸ
1006 4287 1050 4338 δ’
1091 4285 1342 4339 ἐντεῦθεν
1398 4285 1475 4354 τῷ
1523 4286 1667 4351 λόγῳ
1719 4284 2089 4336 ἀναϐαλέσθαι

519 4375 589 4424 τὰ
613 4373 706 4425 τού
741 4374 950 4442 ἀγῶνος
979 4373 1205 4441 ἄμεινον
1233 4373 1522 4442 ξυμϐαίνει
1558 4370 1720 4436 εἶναι,
1759 4372 1959 4440 ἥκιστα
2003 4372 2092 4423 λο-

522 4465 796 4534 γιζομένῳ
821 4465 942 4518 ’δέον
986 4467 1361 4536 ἀπαρασκεύῳ
1396 4464 1483 4534 νηῖ
1541 4465 1684 4534 μέγα
1716 4463 1949 4532 πέλαγος
1980 4463 2095 4515 διαο

529 4563 704 4623 πλεῖν,
737 4561 1005 4631 ἐλαχίστῳ
1057 4563 1114 4614 δὲ
1167 4560 1377 4630 ἀκατίῳ
1415 4559 1560 4629 μέγα
1615 4560 1766 4627 κῦμα
1810 4559 2093 4629 διαπερᾷν,

531 4655 692 4708 ταυτδ
720 4655 764 4708 δ’
815 4657 992 4706 εἰπεῖν
1029 4655 1222 4724 βραχεῖ
1262 4671 1320 4705 τε
1366 4653 1461 4706 καὶ
1497 4652 1822 4722 φαυλοτάτιρ
1856 4652 2000 4721 λόγῳ
2029 4653 2098 4704 τὰ

529 4750 628 4816 τῆς
675 4748 949 4818 μακαρίας
984 4748 1188 4816 ταύτης
1239 4747 1498 4811 διεξιέναι
1554 4746 2095 4817 μεγαλουργήματα,

529 4845 737 4912 ἑτέροις
776 4843 832 4894 δὲ
861 4842 956 4895 τοῦ
989 4841 1150 4911 ἔργου
1176 4841 1332 4894 τοῦδε
1359 4840 1451 4893 καὶ
1490 4842 1589 4910 τῆς
1626 4840 1876 4893 ἐντεῦθεν
1902 4838 2107 4906 φιλοτι-

536 4940 660 5004 μίας
694 4937 1118 5006 παραχωρῆσαι,
1148 4931 1229 4996 of;
1262 4933 1489 5002 δύναμίς
1532 4951 1591 4985 τε
1639 4933 1812 4999 λόγων
1860 4930 2107 4999 ἀρκοῦσα

533 5033 792 5105 τυγχάνει
818 5031 976 5098 οὖσα,
1005 5034 1097 5086 καὶ
1129 5031 1332 5083 δυνατά
1372 5032 1519 5082 ἐστιν
1571 5027 1802 5087 ἐκείνοις
1852 5023 2108 5076 τοσοῦτον

537 5128 722 5197 ἀγῶνα
757 5125 1211 5197 διαχειρίσασθαι.
1245 5123 1391 5190 Πλὴν
1420 5119 1537 5173 ἀλλ’
1569 5120 1804 5182 ἐπείπερ
1847 5115 2109 5168 ἀναδῦναι

539 5219 639 5275 οὐκ
669 5218 772 5282 ἔνι,
804 5217 913 5271 οὐδ’
945 5219 1254 5285 ἀποφυγεῖν
1283 5214 1342 5266 τὸ
1378 5212 1707 5280 ἐγχείρημα,
1739 5207 1938 5259 οὑτωσί
1989 5219 2104 5265 πως

541 5309 1033 5378 κατατολμήσαντιο
1067 5307 1184 5369 πῶς
1209 5308 1315 5375 γὰρ
1349 5301 1416 5355 ἂν
1443 5303 1504 5354 οὐ
1537 5301 1628 5352 καὶ
1662 5298 1738 5366 τῷ
1779 5296 1954 5366 μώμῳ
1983 5291 2108 5344 καθ’

542 5405 697 5470 ἡμῶν
721 5400 898 5454 αὑτῶν
923 5398 1297 5451 νεανιεύεσθαι
1333 5395 1579 5465 δοίημεν,
1610 5386 1985 5456 εὐαγγελικῶ,
2015 5384 2107 5436 οὔ·

545 5512 650 5556 τως
677 5492 764 5546 ἐπ’
801 5491 1017 5561 ἀρότρῳ
1041 5490 1195 5557 χεῖρα
1227 5484 1472 5553 βαλοῦσι,
1504 5481 1600 5533 καὶ⁵
1634 5477 1767 5549 πρὸς
1797 5472 2108 5527 τούναντίον

542 5584 1044 5657 ¹ι.ν.εταχωρήσαισιν;
1093 5581 1237 5651 ἔργῳ
1285 5580 1439 5649 χεῖρα
1491 5571 1799 5627 ἐπιϐαλόντι
1851 5569 2089 5619 συνοίσει

625 5681 642 5712 ⁸
673 5679 692 5734 l
723 5677 854 5734 Cor.
887 5691 978 5744 xv,
1012 5674 1099 5730 16.

2175 3041 2348 3141 igitur
2377 3065 2642 3136 apostolis
2701 3058 2950 3116 obvenit.
3007 3055 3075 3108 ad
3107 3050 3478 3119 Magdalenam
3543 3041 3737 3096 referri

2128 3164 2357 3224 .debet,
2408 3159 2676 3228 siquidem
2737 3167 2899 3207 omne
2961 3150 3244 3203 inventum
3308 3142 3375 3195 ad
3445 3153 3570 3192 eum
3639 3135 3734 3202 qui

2175 3259 2382 3329 primus
2447 3250 2658 3306 invenit
2683 3247 2752 3302 ab
2774 3243 3031 3300 omnibus
3079 3238 3172 3308 qui
3199 3235 3399 3290 mentis
3430 3246 3574 3285 sanae
3611 3229 3742 3280 sinit

2176 3351 2434 3405 refertur.
2465 3344 2755 3412 Nunquam
2784 3339 2929 3393 enim
2966 3347 3156 3387 navem
3191 3329 3330 3383 male
3359 3332 3734 3379 construi-tam

2178 3442 2313 3495 mari
2359 3439 2470 3492 alto
2507 3429 2977 3489 committendam,
3005 3433 3100 3477 aut
3130 3423 3328 3474 undam
3375 3420 3742 3469 decumanum

2179 3535 2374 3599 exiguo
2403 3527 2619 3595 navigio
2650 3521 2963 3578 tentandam
2998 3530 3120 3571 esse
3166 3510 3368 3580 aliquis
3418 3505 3741 3560 asseruerit.

2183 3627 2272 3682 Sic
2320 3622 2481 3693 hujus
2531 3621 2699 3671 beata:
2733 3613 2950 3666 femina:
3006 3605 3264 3677 praeclare
3310 3601 3448 3653 facta
3481 3595 3635 3649 brevi
3689 3602 3746 3644 et

2183 3717 2378 3786 exiguo
2411 3711 2576 3765 verbo
2605 3719 2902 3760 memorare
2925 3701 3115 3753 aliisve
3134 3693 3461 3751 attribu'ere,
3493 3688 3744 3755 iniquum

2184 3781 2368 3870 fuerit,
2394 3806 2487 3875 qui
2517 3799 2846 3870 eloquentia:
2863 3795 2916 3848 vi
2945 3793 3151 3863 pollent
3173 3788 3238 3841 ad
3269 3781 3536 3852 ejusmodi
3570 3787 3748 3832 certa-

2187 3918 2310 3957 men
2350 3893 2799 3969 aggrediendum.
2828 3889 2946 3943 Non
2979 3884 3126 3939 enim
3161 3881 3291 3934 licet
3333 3889 3445 3929 rem
3483 3873 3747 3925 intactam

2190 3995 2518 4062 relinquere.
2547 3982 2835 4053 Quomodo
2872 3978 3015 4033 enim
3053 3970 3263 4028 homini
3318 3962 3582 4036 petulanti
3619 3961 3752 4012 resi-

2187 4095 2398 4138 stemus
2425 4077 2619 4150 puerili
2643 4090 2742 4128 nos
2760 4069 3018 4142 jactantia
3043 4061 3380 4136 aggredienti
3403 4056 3587 4123 ?.Ergu
3611 4053 3754 4105 sicut

2189 4175 2540 4245 Evangelium
2594 4169 2773 4239 jubet,
2836 4174 3054 4215 manum
3125 4162 3311 4208 aratro
3371 4153 3752 4224 imponamus,

2194 4219 2540 4245 .......o-...--__
2594 4219 2686 4239 ,η
2761 4219 2772 4229 ,
3705 4219 3708 4224 ι

2194 4267 2535 4326 contrarium
2569 4257 2864 4314 faciendo.
2897 4251 3090 4306 Melius
3149 4246 3298 4302 enim
3328 4242 3517 4296 eritet
3545 4235 3757 4294 utilius,

2122 4329 2166 4383 Β
2196 4377 2310 4416 rem
2338 4357 2650 4411 inchoatam
2683 4349 2748 4402 ad
2780 4346 2943 4399 ﬁnem
2975 4338 3298 4411 perducere,
3333 4345 3496 4402 quam
3560 4343 3618 4380 re
3671 4326 3758 4378 iu-

2197 4455 2338 4508 fecta
2389 4445 2710 4503 abscedere.
2762 4435 2991 4506 Quando
3050 4440 3230 4486 autem
3278 4434 3466 4481 votum
3521 4418 3762 4474 debitum

2197 4557 2450 4602 sermone
2471 4537 2840 4594 absolvemus,
2880 4529 2983 4582 nisi
3019 4524 3272 4580 Patribus
3300 4519 3451 4572 hisce
3481 4514 3766 4577 obtempe-

2199 4651 2404 4697 remus,
2432 4633 2522 4700 qui
2547 4626 2796 4698 quotidie
2822 4636 2920 4674 nos
2951 4618 3343 4674 adhortantur,
3384 4623 3484 4662 nec
3543 4604 3765 4674 patiun-

2201 4743 2292 4785 tur
2345 4736 2404 4781 ut
2445 4694 2794 4793 quiescamus
2863 4723 3157 4778 antequam
3213 4705 3387 4758 beata:
3439 4694 3770 4765 Magdaleuze

2205 4819 2462 4876 laudibus
2513 4809 2806 4867 eﬁ'erenda:
2849 4803 3086 4858 cilicium
3142 4786 3614 4867 praestiterimus?
3660 4785 3772 4847 llac

2207 4929 2330 4970 cum
2365 4912 2438 4964 ita
2472 4923 2529 4962 se
2565 4904 2823 4962 habeant,
2863 4894 3067 4951 auxilio
3097 4893 3217 4962 ejus
3240 4889 3497 4941 invocato
3525 4896 3640 4934 rem
3678 4893 3772 4946 ag-

2208 5007 2520 5080 grediamur
2553 5010 2607 5054 et
2637 5011 2851 5052 omnem
2881 5000 3089 5046 metum
3153 5001 3215 5038 ac
3245 4978 3552 5037 socordiam
3603 4986 3775 5025 excu-

2213 5103 2434 5158 tiamus.
2514 5088 2801 5148 Sermonis
2875 5084 3042 5154 igitur
3135 5073 3554 5130 fundamentum
3610 5074 3776 5130 atque

2214 5193 2433 5249 initium
2494 5185 2562 5240 sit
2600 5183 2784 5236 dicere
2840 5189 2960 5245 quae
3024 5173 3146 5241 ejus
3207 5166 3380 5222 fuerit
3428 5159 3605 5227 origo.
3655 5151 3780 5220 qui-

2217 5286 2323 5338 bus
2414 5273 2739 5349 parentibus
2821 5268 2894 5322 sit
2965 5269 3248 5334 prognata.
3345 5252 3477 5307 Dein
3531 5247 3779 5300 dicemus

2215 5333 2495 5445 quomodo
2596 5363 2817 5420 Christo
2905 5333 3401 5427 appwpiuquarit,
3457 5333 3781 5408 "quomodo

2218 5461 2496 5532 Evangelii
2539 5455 2862 5528 participem
2917 5447 3034 5502 ﬁeri
3101 5445 3151 5500 ei
3182 5436 3495 5507 contigerit,
3548 5438 3604 5483 et
3670 5440 3782 5495 qua

2217 5557 2425 5611 ratione
2455 5552 2520 5606 ad
2553 5550 2672 5620 ejus
2705 5539 3191 5616 promulgationem
3219 5523 3605 5588 contriliucrit.
