4080 6206
537 326 642 389 545

1422 323 1683 382 SERMO
1734 322 1807 379 IN
1852 322 1909 381 S.
1959 321 2260 378 MARIAM
2310 323 2857 381 Itl.'l(}{)‘.l.l£.\’.-\M.

3665 336 3768 394 345

532 436 671 504 αῦτη
707 434 806 503 μὲν
832 429 927 486 οῦν
957 433 1057 503 τῆς
1092 433 1365 503 μακαρίας
1415 433 1779 501 Μαγδαληνῆς
1809 434 1840 500 η
1875 433 2086 499 πατρίς.

2200 432 2441 483 rentibus
2465 448 2567 482 non
2589 434 2766 493 minus
2794 434 2954 486 t-lztris
2978 440 3410 507 nsacst,quihus
3441 453 3534 493 emt
3580 461 3763 498 rnrt'm

545 526 688 579 ’Λλλ⁹
719 524 862 577 οὕτω
900 526 1162 596 πατρίδος
1195 524 1254 578 εὖ
1295 525 1515 594 ἔχουσα,
1569 526 1668 577 οὐκ
1716 525 1935 576 ἔλαττον
1966 523 2091 591 ἔσχε

529 616 600 670 τὰ
649 616 745 668 τοῦ
804 615 993 682 γένους
1050 618 1129 678 είς
1185 617 1586 684 περιφάνειαν
1618 614 1853 684 πατράσι
1886 614 1979 665 καὶ
2026 614 2094 665 τὰ

531 708 829 777 ἐχρήσατο,
865 707 964 776 οὐχ
990 703 1094 760 οἷοι
1125 707 1234 759 τῶν
1271 708 1446 761 ἄλλων
1472 707 1758 765 ὲνδεῖσοαι.
1796 707 1889 758 xui
1914 705 2094 767 ἄλλοις

529 798 639 851 τῶν
666 815 726 850 τε
761 800 860 868 τῆς
890 801 1150 867 πατρίδος
1184 800 1492 866 πρωτείων,
1529 801 1622 852 xui
1654 799 1760 851 τῶν
1788 798 1886 850 ὅσα
1932 797 2093 849 πλοῦ-

527 903 622 951 τος
653 887 835 949 αὐτοῖς
862 887 1271 950 ὑπεξίστασθαι·
1308 887 1514 940 ἀνωθεν
1548 888 1641 940 xui
1671 888 1775 955 γὰρ
1808 887 1987 946 αὐτοῖς
2018 885 2089 947 ὡς

527 982 591 1035 lx
622 984 811 1050 σειρᾶς
855 981 916 1033 τὸ
944 984 1042 1051 τῆς
1090 981 1371 1048 εὐγενείας
1421 980 1586 1033 καλόν
1609 997 1622 1011 ·
1657 981 1762 1032 τῶν
1800 979 1892 1047 ἀφ’
1942 978 2090 1046 ἡλίου

527 1073 803 1127 ἀνατολῶν
837 1074 929 1126 xui
963 1067 1113 1125 οῦτοι
1143 1072 1479 1142 ὁρμώμενοι,
1528 1072 1763 1138 εὐγενεῖς
1803 1072 1865 1121 τὸ
1898 1072 2088 1139 σῶμα,

526 1166 627 1233 τῆν
662 1165 838 1235 ψυχὴν
894 1167 1295 1233 εὐγενέστεροι.
1347 1164 1502 1233 Θύρα
1554 1164 1766 1225 τούτοις
1815 1164 1953 1215 κατά
2001 1164 2090 1214 τὸν

539 1258 660 1311 Ἰὼϐ
718 1260 882 1311 παντὶ
933 1259 1214 1328 πενομένῳ
1252 1258 1527 1327 ἀνέῳκτο,
1580 1258 1679 1309 ούκ
1716 1254 2085 1326 ὲπιζυγομένη

527 1355 669 1407 κατὰ
722 1353 1049 1425 προσώπων,
1090 1354 1182 1405 xui
1224 1353 1413 1422 πόρρω
1473 1350 1699 1413 τούτους
1751 1349 2085 1401 έλαύνουσα·

526 1444 684 1505 πόδες
701 1439 840 1512 ἦσαν
870 1443 1082 1511 χωλῶν⁶
1119 1443 1220 1495 ὅσα
1245 1443 1338 1494 καὶ
1366 1441 1667 1509 ὀφθαλμοῖς
1690 1439 1931 1508 ἐχρῶντο
1966 1438 2088 1490 τού-

523 1554 659 1601 τοις,
679 1536 727 1589 οἳ
754 1536 1128 1606 πεπηρωμένα
1150 1536 1217 1588 ea
1244 1535 1467 1604 ὄμματα
1500 1533 1847 1602 περιέφερον.
1873 1532 2087 1602 Χηρείᾳ

524 1628 579 1679 δὲ
606 1628 677 1680 τά
710 1627 943 1694 μάλιστα
971 1627 1315 1695 βοηθοῦντες,
1345 1626 1408 1676 ὲκ
1442 1624 1637 1676 πολλοῦ
1684 1622 1774 1675 τὸν
1808 1623 1921 1692 βίον
1954 1624 2086 1673 ἁπο-

527 1713 792 1765 λιπόντων
840 1714 1112 1782 πατέρων,
1164 1712 1358 1772 παῖδας
1395 1710 1809 1778 ὲξοικιζόμενοι,
1850 1709 1950 1778 τῆς
1997 1711 2085 1775 ὀρ-

2204 536 2308 572 non
2335 536 2470 588 opus
2498 534 2613 574 erat
2643 525 2888 587 auxilio;
2917 528 3005 591 qui
3042 528 3187 580 inter
3220 532 3469 584 civitates
3503 534 3766 600 primores

2200 620 2376 671 erant,
2413 621 2459 661 «ιι
2481 612 2569 676 qui
2602 614 2803 662 (“Villis
2827 617 3194 678 abundabant,
3220 629 3275 669 et
3305 621 3505 686 quibus
3550 628 3765 690 gt'llt‘l‘ls

2201 700 2438 751 Charitas
2491 702 2727 767 desuper
2766 715 2900 757 erat.
2948 705 3077 758 Nam
3115 710 3182 760 ab
3229 710 3467 764 Orientis
3515 717 3760 781 partibus

2200 794 2394 853 exorti,
2428 791 2469 841 si
2516 794 2689 857 quuad
2752 810 2953 861 corpus
2988 800 3260 863 generosi,
3299 809 3475 868 quoad
3525 806 3645 856 auia
3675 824 3759 858 um

2199 894 2277 945 ge:
2303 882 2572 934 erosiores
2624 894 2795 935 erant.
2836 886 3032 939 liomus
3060 905 3273 947 eorum.
3307 897 3607 948 secundum
3638 898 3755 949 .Iobi

2198 974 2527 1039 exemplum,
2565 978 2897 1042 pauperibus
2935 982 3190 1034 onmibus
3254 997 3440 1052 aperta
3484 1002 3601 1039 erat
3636 991 3755 1040 sine

2198 1076 2550 1128 personarum
2582 1068 2911 1132 acet-ptione.
2940 1068 3109 1121 Pedes
3137 1072 3299 1125 iidem
3354 1085 3509 1127 erant
3540 1078 3758 1129 Claudu-

2198 1166 2354 1214 runi;
2386 1155 2511 1205 caeci
2545 1156 2609 1207 iis
2639 1167 2694 1207 nt
2723 1158 2893 1210 mulis
2924 1161 3235 1214 utebantur.
3280 1165 3507 1219 Maxime
3574 1178 3754 1221 autem

2198 1242 2377 1295 viduis
2433 1249 2851 1311 succurrebant,
2911 1262 3065 1303 natos
3143 1256 3465 1321 adoplantes
3522 1276 3757 1327 quorum

2195 1334 2473 1401 genitores
2504 1354 2565 1388 ex
2606 1337 2868 1390 diuturno
2901 1350 3144 1409 tempore
3170 1359 3200 1397 e
3233 1348 3339 1397 vita
3382 1363 3753 1414 excessi-rant,

2195 1426 2383 1494 sicque
2404 1430 2654 1483 orbitatis
2682 1430 2940 1485 duritiem
2986 1434 3254 1488 leuientes
3284 1454 3412 1491 cura
3447 1457 3606 1507 quant
3638 1444 3753 1497 illn-

2195 1533 2315 1570 rum
2348 1524 2629 1587 gerebant.
2662 1524 2800 1587 Quid
2838 1525 2990 1576 tum?
3026 1542 3151 1577 num
3184 1537 3339 1594 putas
3377 1546 3471 1582 eos
3522 1535 3611 1599 qui
3647 1552 3755 1584 rte.

2197 1611 2327 1663 teris
2384 1610 2523 1664 bene
2573 1614 2861 1675 faciebant,
2925 1616 3070 1668 domi
3108 1618 3335 1671 luxnria:
3401 1639 3463 1673 ac
3495 1624 3747 1677 nmltitiei

2196 1701 2531 1755 indulsisse?
2558 1704 2775 1757 Minime
2812 1722 2991 1759 rerum
3022 1726 3035 1772 ;
3072 1708 3177 1761 imo
3211 1711 3343 1779 legis
3376 1715 3628 1767 salutaris
3663 1733 3757 1769 οι-

525 1805 721 1874 φανίας
746 1804 1048 1874 περιῄρουν
1074 1805 1134 1856 τὸ
1161 1804 1439 1867 πλεῖστον,
1473 1803 1564 1855 ᾶτε
1596 1804 1671 1872 μὴ
1702 1803 1808 1854 τῶν
1830 1802 1885 1866 ἐξ
1917 1802 2086 1869 αὐτῆς

2192 1794 2445 1846 ercitium
2479 1807 2801 1863 perpetuum
2834 1800 2919 1851 eis
2948 1801 3221 1868 negotium
3253 1816 3391 1867 erat,
3417 1807 3571 1873 cujus
3600 1809 3756 1871 vigor

524 1894 711 1946 κακῶν
741 1898 796 1957 ἐς
845 1899 1042 1967 πείραν
1085 1898 1148 1965 τῇ
1198 1895 1421 1947 ἐκείνων
1459 1894 1749 1964 ἐπιμελείᾳ
1784 1893 2085 1961 γινόμενοι.

523 1988 589 2040 Τί
618 1989 745 2055 οὒν;
779 1985 888 2059 ἆρα
915 1990 989 2057 μὴ
1018 1991 1128 2045 τοῖς
1170 1988 1276 2053 ἔξω
1309 1986 1486 2049 καλῶς
1518 1987 1753 2056 ἔχοντες,
1785 1989 1895 2048 τοῖς
1942 1986 2088 2037 ἔνδον

523 2080 583 2131 ὲν
612 2079 865 2150 ῥαστώνῃ
905 2080 1189 2139 διέκειντο,
1229 2083 1461 2150 τρυφαῖς
1502 2080 1653 2131 αὐτοὶ
1687 2080 1780 2132 xui
1819 2081 1915 2150 ὅσῃ
1960 2079 2089 2147 βλαο

523 2171 649 2241 κεία
685 2172 1073 2241 σχολάζοντεςς
1128 2172 1427 2240 Οὑμενοῦν·
1462 2170 1579 2224 ἀλλ’
1609 2170 1771 2241 ἔργον
1808 2166 1876 2241 ἦν
1906 2173 2089 2227 αὐτοῖς

522 2266 801 2319 ἄπαυστον
832 2265 864 2333 ἡ
898 2263 991 2316 τοῦ
1026 2263 1375 2332 παιδαγωγοῦ
1407 2264 1571 2332 νόμου
1605 2263 1804 2333 μελέτη
1826 2278 1841 2293 ⁸
1878 2263 1958 2315 ἔτι
1994 2265 2089 2315 xui

521 2356 630 2425 γάρ
687 2354 874 2416 αὐτοῦ,
916 2356 1020 2408 κᾶν
1075 2357 1169 2406 ἐπὶ
1226 2355 1389 2425 ξυροῦ
1449 2355 1631 2425 ἀκμῆς
1672 2356 1739 2407 τὰ
1783 2356 1883 2423 τῆς
1931 2360 2089 2419 σκιάς

523 2448 852 2517 ἐνειστήκει,
891 2448 982 2500 xui
1011 2449 1043 2515 ἡ
1079 2448 1219 2515 πρὸς
1273 2449 1334 2498 τὸ
1392 2447 1533 2500 θεῖον
1580 2446 1647 2500 δι’
1695 2449 1944 2517 αἱμάτων
1995 2449 2089 2500 xui

521 2542 748 2611 κνίσσης
800 2542 1091 2602 οἰκείωσις.
1147 2541 1381 2593 Γεννῶσι
1425 2543 1610 2595 τοίνυν
1659 2542 1756 2611 τὴν
1810 2543 2088 2611 μακαρίαν

520 2635 722 2702 ταύτην
753 2633 977 2703 Μαρίαν
1032 2632 1161 2700 περὶ
1201 2632 1273 2684 τὰ
1310 2632 1451 2700 μέσα
1499 2649 1604 2684 που
1640 2633 1739 2699 τῆς
1786 2634 2088 2702 μοναρχίας

520 2726 613 2778 τοῦ
648 2726 930 2795 Καίσαρος
969 2723 1277 2789 Ὀκταϐίου,
1309 2717 1353 2791 ᾧ
1380 2726 1474 2777 καὶ
1499 2725 1771 2787 Σεϐαστὸς
1799 2725 2088 2793 ἐπίκλησίς

520 2818 668 2869 ἐστιν
699 2817 885 2886 ἕτερον
931 2816 1126 2884 ὄνομα.
1166 2816 1272 2867 Kui
1304 2815 1559 2883 ἀποχρῆν
1587 2815 1769 2871 αὐτοῖς
1805 2817 1885 2877 είς
1936 2816 2087 2883 φιλο-

519 2905 706 2973 τιμίαν
741 2904 984 2973 ἥγημαι,
1033 2904 1114 2955 ὃτι
1150 2903 1389 2970 πατέρες
1415 2902 1672 2970 τοιαύτης
1720 2904 1958 2971 ἤκουσαν
1994 2904 2087 2955 ου-

519 2996 739 3064 γατρός.
784 2997 953 3064 Εἴπερ
984 2996 1091 3063 γὰρ
1126 2995 1234 3047 ἔδει
1275 2997 1374 3063 τὴν
1402 2995 1680 3060 τοιαύτην,
1730 2994 1823 3045 xui.
1850 2995 2085 3045 τοσαῦτα

519 3089 583 3157 δὴ
610 3089 685 3157 τῷ
707 3088 805 3158 βίῳ
829 3089 1228 3158 χαρισαμένην,
1262 3088 1401 3157 ὑπὲρ
1424 3087 1550 3141 νοῦν
1581 3088 1675 3139 xui
1705 3087 1862 3154 λόγον
1886 3089 2085 3157 τυγχά-

519 3198 699 3243 νοντα,
740 3179 815 3249 τῴ
857 3180 1227 3249 βίῳὴδοθῆναι,
1256 3178 1445 3248 ὥσπερ
1475 3197 1523 3231 τι
1556 3179 1666 3232 τῶν
1705 3181 1873 3231 πάλαι
1926 3181 2083 3246 μέγι-

519 3291 644 3325 στον
672 3275 911 3341 ἀγαθῶν,
940 3274 1012 3342 μὴ
1042 3274 1223 3332 ἄλλοις
1245 3273 1439 3333 αἰτίοις
1465 3274 1575 3333 τοῖς
1602 3274 1682 3334 είς
1710 3272 1826 3339 φῶς
1856 3272 2083 3341 προόδου

518 3366 756 3433 πατράσι
793 3364 1122 3433 χρήσασθαι,
1159 3361 1286 3432 ἢδι’
1319 3357 1391 3415 ὧν
1419 3364 1633 3431 γέγονε,
1672 3363 1959 3424 κάκείνους
2009 3362 2083 3431 μὴ

518 3456 683 3524 ἀλλης
713 3457 744 3525 ἦ
778 3456 983 3524 ταύτης
1010 3457 1253 3523 πατέρας
1284 3456 1539 3524 ὀφθῆναι.
1570 3455 1722 3507 Ἐπεὶ
1749 3456 1792 3506 δ’
1814 3456 2083 3523 ἀπέσχετο

516 3548 807 3613 γάλακτος,
862 3550 954 3598 xui
1012 3549 1200 3618 πόρρω
1249 3547 1451 3599 τιτθῶν
1479 3544 1570 3615 ἦν,
1617 3547 1712 3598 xui
1759 3548 1885 3617 ἄρτι
1925 3547 2082 3598 ποσὶν

516 3640 735 3702 οἰκείοις
769 3640 1070 3691 ἐπιϐαίνειν
1104 3643 1201 3709 τῆς
1247 3639 1349 3707 γῆς
1392 3638 1632 3709 ἤρξατο,
1668 3640 1767 3691 οὐκ
1802 3639 1888 3691 ἐπ’
1915 3638 2080 3705 ἄτρα-

516 3748 642 3780 κτον
675 3733 904 3799 ἐρείδειν
937 3736 1125 3800 πήχεις
1156 3731 1296 3783 κατά
1322 3732 1409 3783 τὸν
1431 3732 1753 3800 Σολομῶντα
1786 3731 2079 3798 μανθάνειν

518 3814 807 3881 ἐκδίδοται,
826 3818 934 3871 οὐδ’
966 3820 1088 3887 ἔρια
1109 3818 1315 3887 νήθειν,
1342 3818 1373 3887 ἢ
1397 3821 1507 3880 τοῖς
1537 3820 1597 3869 ὲκ
1632 3819 1813 3886 σηρῶν
1840 3821 2077 3887 νήμασιν

2191 1885 2505 1952 sanguinem
2529 1898 2583 1941 et
2620 1887 2956 1940 Victimarutn
2989 1890 3207 1942 odorem
3238 1895 3506 1961 exigebat.
3538 1894 3758 1948 Genue-

2192 1985 2320 2029 runt
2374 1977 2540 2045 igitur
2591 1979 2801 2030 beatam
2866 1979 3085 2033 Mariam
3145 1984 3289 2035 circa
3340 1987 3577 2037 medium
3623 1986 3754 2053 imp.

2189 2064 2397 2118 Octavii
2424 2080 2648 2135 regnum
2696 2069 2787 2135 qui
2822 2070 2924 2122 alio
2949 2073 3169 2125 nomine
3196 2079 3465 2141 Augustus
3499 2081 3740 2143 appela-

2190 2157 2369 2209 batur.
2408 2159 2467 2210 Et
2504 2172 2651 2211 certe
2706 2161 2899 2213 honori
2964 2163 3096 2230 ipsis
3125 2174 3243 2215 erat
3276 2167 3419 2231 quod
3474 2168 3743 2232 ejusmodi

2192 2245 2312 2298 tiliae
2346 2257 2595 2315 parentes
2630 2250 2902 2303 audiri-ut.
2930 2250 3064 2305 Cum
3098 2254 3241 2305 enim
3276 2255 3436 2306 talem
3469 2257 3753 2318 feminam,

2191 2349 2310 2401 quae
2338 2335 2499 2387 vitam
2532 2336 2670 2389 adeo
2701 2337 3032 2400 honestavit,
3065 2342 3216 2406 Cujus
3254 2341 3482 2393 virtutes
3514 2352 3757 2397 mentem

2189 2434 2243 2479 et
2270 2440 2574 2478 sermonem
2602 2438 2954 2495 exsuperant,
2999 2429 3052 2481 in
3110 2430 3306 2489 lucem,
3335 2440 3389 2503 ut
3421 2435 3636 2499 generis
3661 2436 3759 2486 bo-

2190 2532 2307 2577 nos,
2344 2516 2431 2569 edi
2482 2531 2578 2583 par
2629 2530 2764 2576 erat.
2799 2534 3012 2586 :equum
3068 2536 3196 2573 sane
3236 2534 3351 2573 eral
3404 2540 3522 2576 eam
3560 2526 3757 2578 talibus

2191 2606 2530 2673 potissimum
2564 2608 2882 2674 parentibus
2910 2613 3077 2668 nasci,
3116 2614 3208 2679 qui
3258 2612 3445 2665 itiden'.
3472 2616 3571 2667 soli
3635 2619 3759 2669 talis

2190 2697 2310 2749 tiliae
2338 2710 2589 2765 parentes
2618 2714 2735 2751 esse
2768 2700 3134 2753 merebantur.
3208 2702 3499 2771 Postquam
3559 2709 3759 2760 deinde

2188 2803 2216 2840 a
2252 2789 2388 2842 lacte
2437 2801 2493 2843 et
2532 2790 2784 2843 mammis
2844 2802 3022 2843 amota
3070 2804 3213 2845 esset
3266 2805 3319 2845 et
3368 2797 3477 2863 jatn
3522 2801 3760 2865 propriis

2189 2891 2335 2935 stare
2360 2894 2415 2935 et
2441 2883 2724 2935 ambulare
2772 2884 3004 2952 pedibus
3034 2884 3311 2953 cmpisset,
3340 2904 3442 2938 non
3474 2889 3539 2940 ad
3592 2905 3758 2958 opera

2187 2974 2470 3037 feminina,
2498 2977 2797 3027 secundum
2828 2977 3192 3040 Salotnonetn,
3216 2980 3410 3031 nonad
3439 2980 3617 3032 lanam
3645 2991 3757 3033 tra-

2187 3070 2437 3119 ctaudnn
2470 3077 2561 3119 aut
2592 3068 2656 3119 ad
2689 3067 2891 3119 textilia
2957 3070 3169 3129 serica;
3202 3086 3305 3122 nun
3337 3075 3403 3123 ad
3433 3073 3757 3125 vestimenta

2196 3174 2331 3210 auro
2369 3159 2751 3227 distinguenda
2780 3161 3196 3222 admovebatur,
3224 3163 3332 3214 imo
3366 3164 3748 3231 magistrorum

2189 3251 2392 3303 scholis
2416 3251 2725 3304 concredita
2761 3260 2862 3305 est.
2893 3252 3044 3305 Sicut
3103 3269 3229 3306 vero
3279 3255 3361 3306 fax
3393 3254 3444 3307 in
3483 3256 3678 3323 ignem.
3701 3266 3757 3308 et

2186 3358 2362 3411 equus
2379 3344 2431 3395 in
2453 3358 2728 3411 campum,
2749 3354 2807 3394 ιιι
2828 3354 2912 3395 est
2938 3345 2987 3395 in
3010 3345 3321 3411 proverbio,
3350 3345 3427 3399 sic
3451 3346 3597 3398 hreti
3621 3357 3759 3398 tem-

2189 3449 2321 3503 pore
2352 3436 2505 3487 beata
2533 3444 2715 3487 nostra
2735 3435 3033 3487 docebatur
3061 3451 3180 3503 qua:
3210 3436 3367 3488 divus
3391 3436 3599 3506 Moyses
3622 3441 3757 3489 seri-

2189 3526 2318 3592 psit.
2352 3526 2497 3592 quod
2534 3525 2586 3577 in
2614 3525 2909 3592 Seripturis
2932 3526 3183 3577 obscuris
3203 3526 3420 3593 legitur,
3449 3527 3591 3594 qqu
3623 3543 3753 3593 pro.

2186 3615 2361 3683 phetze
2390 3626 2442 3668 et
2484 3616 2673 3683 psalmi
2724 3616 2987 3667 referunt.
3021 3616 3247 3668 Psalmis
3279 3626 3458 3669 tamen
3520 3632 3755 3671 ntaxtme

2186 3704 2535 3757 incumbebat
2560 3705 2733 3774 iisque
2766 3704 2862 3758 ditt
2898 3716 3173 3773 noctuque
3207 3707 3452 3770 vacabat,
3506 3718 3566 3760 ut
3602 3718 3657 3761 et
3679 3708 3757 3760 lo-

2183 3798 2260 3850 cis
2293 3797 2623 3865 prOpbeticis
2646 3812 2867 3866 Operam
2901 3798 3066 3851 dabat
3111 3813 3230 3865 quae
3260 3797 3326 3849 de
3353 3798 3571 3851 Christo
3599 3809 3654 3851 et
3682 3799 3752 3853 de

514 3909 843 3975 ἐπικεῖσθαι,
878 3911 971 3963 xui
1016 3911 1095 3971 εἰς
1150 3911 1343 3970 καλλος
1411 3910 1717 3976 ἐξυφαίνειν
1768 3910 1862 3961 xui
1911 3926 2076 3960 κατα·
2182 3889 2600 3945 δίθδδίθίωάειη
2632 3889 2931 3944 θιθτίδδίίυθ
2956 3892 3329 3959 υτθῖθτυηιυτο

514 4003 833 4069 ποικίλλειν,
866 4003 944 4071 τῷ
976 4004 1042 4055 τὰ
1074 4003 1249 4053 πάντα
1283 4002 1592 4071 βιαζομένῳ
1635 4002 1847 4070 χρυσῷ,
1881 4001 1995 4053 ἀλλ’
2023 4003 2079 4063 ὲς
2118 4002 2541 4072 γραμματιστοῦ
2613 4006 2806 4073 φοιτᾷν
2878 4005 3247 4073 ὲγκελεύεται.
3293 4007 3445 4060 Ἐπεὶ
3476 4011 3531 4061 δὲ
3566 4012 3625 4064 τὸ
3656 4013 3752 4066 τιιῦ

512 4102 669 4167 λόγου
721 4100 876 4162 δαλὸς
923 4095 991 4170 ἦν
1037 4100 1117 4159 εἰς
1172 4098 1307 4167 πῦρ,
1352 4100 1445 4150 καὶ
1482 4099 1669 4160 ἵππος,
1716 4099 1744 4150 ὃ
1809 4114 1997 4165 φασιν,
2066 4099 2145 4160 είς
2188 4099 2393 4163 πεδίον,
2442 4100 2619 4169 ὀλίγος
2647 4104 2675 4154 ὁ
2716 4101 2921 4171 μεταξὺ
2954 4104 3161 4171 χρόνος,
3213 4107 3309 4158 xui
3360 4106 3606 4158 ἀσκεῖται
3636 4092 3752 4175 ’μὲν

512 4198 670 4264 αὐτῇ,
710 4197 811 4248 ὅσα
843 4196 919 4262 τῷ
971 4196 1174 4265 θεόπτῃ
1208 4198 1518 4266 γέγραπται
1566 4195 1810 4255 Μωῦσεῖ,
1867 4196 1961 4246 xui.
2014 4198 2081 4265 τῇ
2122 4196 2280 4266 λοιπῇ
2323 4196 2540 4251 σκιώδει
2606 4199 2821 4267 Γραφῇ,
2863 4199 2965 4251 ὅσα
3014 4216 3072 4250 τε
3110 4201 3387 4268 προφῆται
3419 4202 3512 4253 καὶ
3553 4202 3757 4271 ψαλμοὶ

509 4289 911 4357 διεξέρχονταιο
941 4290 1051 4347 τοῖς
1086 4290 1269 4357 μέντοι
1297 4288 1532 4355 ψαλμοῖς
1598 4288 1693 4339 xui
1762 4290 2158 4357 προσετετήκει
2195 4292 2263 4341 τά
2302 4290 2557 4359 μάλιστα,
2594 4291 2687 4342 xui
2719 4291 2927 4350 τούτοις
2958 4291 3149 4353 νυκτὸς
3183 4286 3250 4361 ἦν
3293 4294 3387 4345 xui
3415 4294 3625 4361 ἡμέρας
3656 4298 3757 4363 έμ-

515 4382 814 4451 μελετῶσα,
850 4382 944 4433 xui
971 4381 1079 4431 τῶν
1105 4380 1463 4449 προφητικῶν
1497 4379 1727 4439 ἐκείνοις
1780 4382 2070 4453 ἐγκειμένη
2110 4383 2378 4448 διηνεκὲς,
2445 4384 2545 4436 ὅσα
2572 4384 2699 4453 περ)⁵
2755 4382 3019 4453 Χριστοῦ,
3050 4384 3150 4435 εἶτ’
3174 4383 3265 4435 οῦν
3296 4386 3536 4454 περὶτοῦ
3560 4388 3756 4457 ἡλειμ-

516 4475 678 4545 μένου
712 4476 801 4525 xui.
824 4474 1063 4526 Μεσσίου
1091 4473 1472 4542 ἐμφανέστατα
1498 4473 1930 4540 διαγγέλλουσιν.
2110 4461 2167 4489 ’³

583 4568 656 4623 Δ’.
692 4568 852 4636 Ἀρτι
875 4566 932 4617 δὲ
961 4566 1071 4617 τῶν
1102 4566 1312 4633 γονέων
1342 4565 1519 4637 ταύτῃ
1552 4565 2077 4637 διαμετρησαμένων
2110 4572 2154 4627 Ι)

512 4661 570 4713 το
600 4661 723 4729 ζῇν,
764 4658 903 4723 αῦτη
931 4656 1025 4708 xui
1056 4656 1339 4727 παρούσης
1389 4657 1637 4721 ἐξουσίας
1680 4658 1758 4718 είς
1800 4657 1860 4709 τὸ
1912 4657 2075 4726 ρᾳθυ-

516 4754 656 4822 μεῖν,
686 4752 786 4803 οὐκ
825 4751 1037 4818 ἔμεινεν
1067 4750 1123 4799 ἐν
1158 4747 1506 4815 ἀπαιδευσίᾳσ
1543 4747 1604 4797 οὐ
1649 4746 1755 4817 γὰρ
1789 4746 1922 4814 πρὸς
1953 4762 2079 4814 τρυ-

511 4846 615 4910 φας
639 4842 848 4904 ἀπεῖδε,
880 4840 974 4891 xui
1019 4839 1301 4907 βλακείαις
1348 4839 1517 4906 ἀνῆκε
1548 4839 1608 4890 τὸ
1646 4838 1824 4906 σῶμα,
1872 4838 1965 4888 καὶ
2010 4840 2074 4905 τῇ

510 4936 669 5002 λοιπῇ
703 4930 955 5002 ῥᾳστώνῃ
984 4931 1348 5001 ὲκδεδιῄτητο·
1387 4930 1480 4983 καὶ
1510 4930 1688 4982 ταῦτα
1738 4929 2076 4997 παρηεῶσαν

510 5026 610 5095 ἤδη
646 5028 741 5093 τὴν
776 5024 991 5095 ἡλικίαν
1024 5025 1362 5091 ἐπαγομένη.
1409 5022 1623 5090 πλούτῳ
1652 5040 1708 5074 τε
1756 5022 2071 5091 βριθομένη,

511 5122 602 5169 xui
639 5119 763 5183 ἄρτι
796 5115 982 5167 παθῶν
1027 5116 1136 5167 τῶν
1177 5117 1241 5166 έκ
1292 5116 1507 5181 φύσεως
1554 5114 1929 5165 ὲπιϐαἱνουσα*
1961 5114 2072 5165 ἀλλ’

508 5197 743 5279 ἄσχολον
790 5209 950 5276 ἔργον
982 5207 1157 5278 ταύτῃ
1186 5205 1410 5274 νηστεία
1444 5209 1540 5260 xui.
1583 5206 1880 5273 προσευχὴ,
1922 5204 2073 5271 τὶιξις

508 5304 733 5370 σαρκὸς,
771 5303 864 5353 xui
886 5302 919 5370 ὴ
945 5298 1075 5367 πρὸς
1101 5300 1162 5351 τὸ
1190 5298 1333 5350 θεῖον
1364 5296 1542 5357 νεῦσίς
1565 5314 1623 5347 τε
1657 5302 1749 5347 xui
1777 5296 2075 5360 οἰκείωσις,

504 5396 670 5462 νόμου
706 5393 927 5461 μελέτη,
960 5391 1185 5459 ι’ραφῶν
1223 5388 1565 5456 ἀνάγνωσις,
1609 5388 1702 5440 xui
1734 5390 1821 5441 6:3!
1866 5388 1961 5439 τοῦ
2008 5391 2073 5441 τὰ

504 5486 631 5537 ὄντα
662 5485 773 5543 τοῖς
808 5481 1102 5553 χρῄζουσιν
1135 5482 1339 5535 ἀνιέναι
1366 5478 1515 5540 ὅλαις
1551 5480 1703 5548 χερσὶ
1732 5480 1825 5531 xui
1854 5479 2070 5549 γνώμῃ.

505 5576 597 5628 xui.
625 5574 1035 5645 προθυμότερόν
1065 5591 1126 5640 γε
1160 5572 1192 5641 ἢ
1222 5574 1451 5634 ἐκείνοις
1500 5571 1801 5639 λαμϐάνειν
1832 5570 1979 5639 ἐξῆν,
2012 5570 2071 5622 τὸ

509 5668 726 5733 μέλλον,
754 5666 828 5728 ώς
858 5667 994 5728 ἐνὸν,
1029 5665 1421 5729 κατακτᾶσθαι,
1453 5664 1547 5716 xui
1580 5665 1689 5725 τοῖς
1732 5664 1928 5715 ἑστῶσι
1977 5680 2070 5714 τα-

508 5760 703 5826 μιείοις
751 5758 840 5812 διὰ
894 5760 1019 5826 τῶν,
1057 5753 1137 5820 οἷς
1168 5757 1335 5811 ἐνδεῖν
1370 5760 1458 5810 τὸν
1514 5754 1627 5826 βίον
1663 5755 1968 5820 συνέϐαινε,
1999 5753 2067 5806 τά

2252 4562 2341 4617 IV.
2381 4564 2672 4632 Postquam
2706 4570 2959 4631 parentes
3006 4578 3035 4616 e
3073 4563 3177 4615 vita
3209 4562 3599 4619 decessissent.
3634 4566 3747 4618 liai-t

2184 4672 2305 4710 eum
2325 4657 2486 4709 otiari
2519 4668 2680 4724 atque
2711 4655 3169 4725 genioindulgere
3201 4666 3410 4723 posset.
3438 4656 3745 4710 litterarum

2180 4748 2363 4801 studia
2399 4764 2508 4801 non
2556 4749 2819 4802 deseruit.
2875 4749 2992 4802 Non
3035 4751 3179 4802 enim
3237 4749 3470 4802 luxnriei
3504 4751 3749 4805 animum

2178 4837 2436 4905 applicuit
2489 4853 2589 4891 nec
2650 4839 3026 4906 voluptatibus
3093 4855 3151 4892 se
3207 4839 3460 4903 dedidit,
3515 4842 3750 4910 vilvt'quu

2179 4930 2427 4982 mollitiei
2459 4946 2515 4983 se
2545 4929 2818 4983 dedit-iuit
2841 4970 2853 4992 ,
2888 4930 3049 4998 idque
3102 4947 3224 4982 eum
3256 4941 3385 4984 a-tas
3410 4972 3425 4993 ,
3462 4943 3651 4985 natura
3695 4946 3749 4986 et

2177 5022 2505 5088 cupiditates
2565 5023 2879 5075 imitarent.
2929 5022 3072 5074 Nihil
3120 5023 3266 5074 enim
3324 5024 3605 5090 antiquius
3657 5024 3752 5073 ha-

2179 5110 2342 5166 bebat
2368 5126 2527 5178 quam
2559 5110 2825 5179 jejunium
2851 5149 2864 5167 .
2901 5126 3128 5177 preces.
3165 5111 3416 5178 corporis
3449 5114 3749 5163 Innrtilit‘u-

2173 5203 2418 5265 tionem,
2462 5220 2582 5255 cum
2637 5209 2800 5255 rebus
2860 5202 3181 5255 cmlcstibus
3241 5208 3742 5266 conversationem,

2172 5294 2308 5361 legis
2363 5293 2795 5357 meditationem,
2830 5294 3234 5362 Scripturarum
3291 5296 3597 5347 lectioni-tn.
3648 5293 3735 5344 Li-

2174 5384 2320 5438 benti
2361 5385 2550 5437 eadem
2606 5386 2787 5436 animo
2838 5393 2893 5436 et
2942 5400 3064 5437 eum
3116 5384 3429 5452 profusione
3471 5380 3655 5449 egi-nis
3691 5390 3750 5433 et

2176 5476 2367 5544 majori
2402 5476 2671 5528 hilaritate
2708 5476 2870 5529 dabat
2907 5494 3069 5546 quam
3106 5493 3208 5545 qua
3254 5476 3326 5528 illi
3372 5473 3736 5540 accipiebant.

2175 5567 2267 5621 Sic
2320 5568 2551 5620 aliorum
2583 5567 2708 5619 vita:
2736 5570 3128 5636 prnSpieiebat,
3168 5577 3222 5619 et
3254 5566 3454 5633 quibus
3510 5561 3742 5614 deerant

2176 5676 2296 5728 qua:
2357 5660 2425 5713 ad
2486 5662 2648 5713 vitam
2688 5676 2989 5714 necessaria
3022 5668 3168 5722 sunt,
3200 5657 3402 5711 divitiis
3446 5655 3562 5707 suis
3617 5667 3747 5705 cum

2176 5753 2371 5806 anima-
2405 5754 2767 5823 gt-nemsitate
2811 5752 3185 5806 succurrebat.
3221 5750 3323 5805 Sed
3368 5765 3466 5803 nec
3503 5745 3747 5817 propriis
