4080 6206
412 230 516 290 553

412 340 531 407 ρῖδι
567 342 574 364 ³

410 430 631 493 ἐπάγει·
650 475 652 477 ,
674 445 691 476 ι
715 425 998 495 Ἐπάρασα
1026 423 1082 476 δέ
1113 440 1194 486 τις
1221 425 1360 492 γυνὴ
1395 423 1574 491 φωνὴν
1609 429 1668 474 εκ
1697 417 1789 472 τοῦ
1809 418 1972 489 ὄχλου

407 515 564 570 εἶπεν
591 516 739 586 αὐτῷ
763 533 777 547 ·
806 518 1068 584 Μακαρία
1102 518 1135 585 ἡ
1164 515 1340 569 κοιλία
1366 517 1398 583 ὴ
1433 513 1752 582 βαστάσασά
1777 529 1856 575 σε,
1881 511 1976 562 καὶ

413 610 636 679 μαστοὶ,
691 608 784 671 οὓς
842 608 1135 676 ἐθήλασας.
1179 626 1196 659 ι
1235 605 1452 677 Ταύτην
1509 607 1553 658 δ’
1589 603 1976 674 ἀναμφιϐόλως

411 700 586 770 βίϐλοι
637 701 771 770 ἡμῖν
803 700 944 769 ίεραὶ
972 699 1069 768 τὴν
1103 698 1382 768 μακαρίαν
1427 697 1565 748 εἶναι
1602 694 2004 764 Μαγδαληνὴψ

409 791 790 854 ἐκδεδὼκασιν,
819 790 892 852 ὡς
934 789 1143 842 ἐκεῖθεν
1173 788 1397 859 εὔδηλον
1431 788 1695 854 γίνεσθαι.
1728 785 1834 837 Τοῦ
1867 785 1976 854 γὰρ

411 883 716 950 θαυμασίου
745 882 930 935 Λουκᾶ
963 883 1031 947 τὰ
1060 881 1202 934 κατὰ
1241 881 1340 950 τὴν
1369 880 1599 948 Μάρῗαν
1631 879 1722 930 καὶ
1755 876 1978 942 Μαρίαν

410 970 794 1037 διεξελθόντος,
844 967 966 1025 εἶτα
1016 971 1112 1024 καὶ
1159 971 1228 1023 τὰ
1265 971 1393 1038 περὶ
1425 971 1523 1039 τῆς
1559 969 1847 1036 ἐπάρσεως
1879 967 1978 1032 τῆς

417 1063 605 1131 ιςωιίῆς
635 1063 736 1131 τῆς
762 1062 1043 1130 γυναικὸς,
1080 1062 1376 1132 μετέπειτα
1405 1059 1461 1113 δὲ
1505 1060 1597 1112 καὶ
1629 1060 1760 1127 περὶ
1797 1057 1890 1108 τοῦ
1920 1055 1976 1106 τὸ

418 1154 602 1220 κωφὸν
629 1153 904 1222 δαιμόνιον
937 1151 1150 1221 ἔχοντος
1177 1150 1609 1218 διαγγέλλοντος,
1642 1147 1750 1199 τῶι
1783 1163 1839 1197 τε
1869 1145 1978 1196 Φαο

425 1241 649 1306 ρισαίων
685 1242 741 1292 ἐν
768 1239 1100 1302 Βεελζεϐοὺλ
1145 1237 1432 1290 ἐκϐάλλειν
1460 1234 1528 1288 τὰ
1575 1235 1827 1303 δαιμόνια
1862 1232 1979 1283 δια-

423 1331 726 1384 ϐαλλόντων
772 1331 1026 1399 Χριστὸν,
1071 1331 1230 1392 αὐτὸς
1275 1328 1373 1399 τὴν
1425 1325 1606 1380 αὐτῶν
1660 1325 1982 1395 ἀνατρέπων

422 1420 604 1484 δόξαν,
638 1419 797 1488 φησί.
837 1439 854 1470 ι
896 1422 1048 1472 Πᾶσα
1087 1419 1335 1488 βασιλεία
1365 1417 1451 1486 ἐφ’
1506 1418 1705 1484 ἑαυτὴν
1737 1416 1984 1485 διαμερι-

424 1512 613 1563 σθεῖσα
648 1512 1126 1580 ἐρημωθήσεταιοι
1164 1510 1253 1562 καὶ
1283 1493 1422 1578 μετᾶ
1448 1507 1672 1562 ταῦτα’(
1706 1507 1764 1558 El
1791 1506 1848 1558 δὲ
1873 1505 1982 1572 ἐγὼ

423 1603 480 1652 ἐν
517 1602 840 1665 Βεελζεϐοὺλ
891 1603 1140 1655 ἐκϐάλλω
1168 1603 1233 1653 τὰ
1262 1602 1534 1668 δαιμόνια,
1569 1600 1618 1651 οί
1674 1598 1778 1650 υἱοὶ
1829 1599 1984 1667 ὑμῶν

1299 227 1554 286 SERMO
1600 226 1680 283 ΙΝ
1725 227 1785 284 s.
1830 223 2138 308 MARIAM
2182 217 2732 306 MAGDALEN‘AM.

567 335 924 404 ³Ξελέξατο.ἦ
960 353 1038 396 τις
1069 335 1167 386 οὒκ
1200 335 1628 404 ἀφαιρεθήσεται
1654 334 1746 384 ἀπ’
1781 333 1971 398 αὒτῆᾗ

2099 338 2287 381 beatam
2318 326 2686 395 Magdalenam
2719 321 2884 375 fuisse
2917 320 3122 391 pagin'r
3154 334 3320 374 sacrm
3337 319 3637 374 clarissime

3535 203 3638 269 5'4

2079 419 2392 473 ostendunt.
2420 417 2520 472 Ubi
2546 425 2726 468 autem
2750 413 2911 466 divus
2937 411 3110 465 Lucas
3139 409 3357 462 Martha:
3377 417 3431 461 et
3455 409 3639 462 Marine

2081 510 2369 565 historiam
2404 508 2688 577 peregitet
2718 505 2784 558 de
2807 505 3054 557 mulieris
3082 516 3217 555 voce
3249 501 3458 553 sublata
3485 515 3547 553 ac
3573 500 3638 551 de

2079 619 2144 656 eo
2175 601 2268 670 qui
2298 602 2601 654 dzemonem
2627 607 2836 650 mutum
2864 596 3121 655 habebat,
3145 594 3321 662 deque
3351 589 3642 647 PharESmis

2079 693 2172 762 qui
2218 692 2498 745 Christum
2533 690 2755 742 nomine
2789 684 3096 754 Beelzebub
3141 684 3416 738 (humours
3442 684 3642 751 ejicere

2081 782 2560 837 calumniabantur
2619 782 2835 832 loeutus
2886 789 2986 841 est,
3037 779 3149 846 ipse
3184 776 3377 830 falsam
3426 775 3644 827 illorum

2081 874 2395 944 opinionem
2427 871 2738 940 reprimens
2771 869 2902 923 dicit
2930 887 2944 922 :
2978 887 2994 918 ι
3032 869 3203 922 Omne
3237 881 3464 936 regnum
3501 863 3555 918 in
3588 877 3648 916 se

2082 967 2262 1036 ipsum
2319 965 2553 1019 divisum
2600 963 2971 1026 desolabitur;
3014 981 3032 1012 ι
3099 969 3153 1014 et
3187 959 3500 1029 posthaec:
3543 974 3560 1007 ι
3591 955 3648 1010 Si

2086 1068 2265 1112 autem
2291 1072 2390 1125 ego
2421 1057 2474 1109 in
2510 1055 2816 1110 Beelzebub
2855 1055 3012 1126 ejicio
3039 1051 3326 1118 dannonia,
3360 1049 3454 1103 filii
3481 1048 3645 1102 vestri

2059 1150 2138 1216 _in
2163 1167 2271 1219 quo
2301 1150 2559 1220 ejiciunt?
2588 1169 2604 1200 ι
2644 1149 2707 1202 Ει
2739 1158 2862 1218 post
2894 1162 3101 1216 pauca:
3129 1165 3146 1197 ι
3168 1146 3302 1200 Cum
3329 1142 3646 1198 immundus

2087 1244 2315 1312 spiritus
2344 1242 2539 1296 exierit
2564 1240 2631 1294 de
2676 1241 2916 1303 homine,
2961 1239 3202 1293 ambulat
3228 1252 3328 1307 per
3366 1235 3482 1289 loca
3530 1234 3644 1288 ina-

2085 1352 2280 1405 quosa,
2315 1350 2566 1404 quaerens
2615 1334 2883 1404 requiem,
2917 1341 2972 1386 et
3005 1347 3112 1386 non
3146 1329 3434 1383 inveniens
3481 1327 3646 1381 dicit:

2090 1425 2353 1480 Revertar
2389 1428 2438 1479 in
2474 1425 2694 1479 donum
2720 1440 2893 1479 meam
2920 1423 3066 1478 unde
3103 1421 3267 1477 exivi.
3303 1422 3369 1475 Et
3401 1434 3525 1474 cum
3560 1435 3654 1472 vc-

2085 1515 2250 1577 nerit,
2300 1515 2509 1569 invenit
2543 1531 2663 1569 eam
2704 1515 2887 1584 scopis
2933 1514 3246 1570 mundatam
3299 1524 3350 1569 et
3379 1520 3650 1567 ornatam.

2088 1604 2243 1660 Tunc
2276 1605 2423 1659 vadit
2445 1615 2499 1659 et
2529 1607 2758 1659 assumit
2784 1616 2990 1675 septem
3022 1606 3156 1660 alios
3186 1607 3416 1675 spiritus
3442 1619 3650 1665 secum,

424 1697 480 1743 ἐν
504 1694 607 1744 τίνι
627 1694 946 1747 ἐκϐάλλουσι
970 1711 985 1759 ;
1019 1711 1037 1743 ι
1069 1693 1174 1748 Καὶ
1198 1692 1312 1760 μετ’
1339 1692 1512 1759 ὀλίγα’
1544 1690 1743 1743 «Ὅταν
1773 1689 1832 1742 τὸ
1855 1689 1990 1742 ἀκά-

2099 1699 2388 1766 nequiores
2416 1714 2496 1762 se,
2527 1707 2580 1752 et
2613 1699 2844 1768 ingressi
2879 1698 3125 1753 habitant
3166 1699 3262 1752 ibi.
3299 1697 3362 1752 Et
3391 1699 3526 1768 fiunt
3555 1714 3654 1752 no-

424 1786 626 1851 θαρτον
670 1786 885 1852 πνεῦμα
914 1785 1143 1849 ἐξέλθοι,
1174 1785 1470 1854 διέρχεται·
1494 1783 1560 1835 δι’
1597 1782 1843 1850 ἀνύδρων
1900 1781 1986 1833 τό·

423 1895 544 1928 πων
595 1877 789 1947 ζητοῦν
836 1879 1164 1940 ἀνάπαυσιν,
1221 1877 1317 1928 καὶ
1351 1876 1425 1946 μὴ
1487 1876 1742 1945 εὑρίσκον
1795 1875 1985 1942 λέγει·

438 1970 796 2040 Ὑποστρέψω
827 1971 905 2033 είς
936 1971 1026 2022 τὸν
1062 1966 1210 2022 οἶκόν
1263 1967 1388 2037 μου.
1421 1967 1544 2021 ὅθεν
1581 1967 1822 2038 ’ἐξῆλθον
1845 1983 1858 1996 ·
1895 1969 1987 2020 καὶ

427 2063 578 2114 ἐλθὶν
629 2063 874 2133 εὑρίσκει
943 2063 1328 2133 σεσαρωμένον
1393 2063 1488 2114 καὶ
1546 2061 1980 2130 κεκοσμημένον.

427 2154 558 2204 Τότε
589 2152 882 2222 πορεύεται
908 2156 1004 2207 καὶ
1033 2152 1474 2222 λαμϐάνειέπτὰ
1497 2152 1667 2220 ἕτερα
1697 2150 1988 2218 πνεύματα

429 2244 769 2315 πονηρότερα
800 2244 988 2307 αὑτοῦ,
1044 2246 1137 2297 καὶ
1164 2245 1317 2297 ἐλθὸν
1355 2246 1619 2308 κατοικεῖ,
1661 2241 1990 2310 καὶγίνεται

428 2338 492 2387 τὰ
521 2337 725 2404 ἔσχατα
775 2337 866 2389 τοῦ
912 2337 1202 2408 ἀνθρώπου
1244 2336 1463 2407 χείρονα
1507 2335 1616 2388 τῶν
1665 2336 1919 2405 πρώτων.
1964 2353 1982 2385 ι

441 2431 668 2495 Ἐπάγει
729 2431 829 2501 μέν
874 2447 955 2482 τοι
1006 2431 1082 2501 τῷ
1142 2433 1356 2499 συνεχεί
1409 2429 1503 2480 τοῦ
1549 2428 1709 2494 λόγου
1737 2447 1751 2459 ·
1786 2446 1805 2478 ‹
1835 2427 1991 2495 Ἐγέ-

429 2539 550 2574 νετο
581 2522 636 2572 δέ
662 2523 717 2573 ἐν
745 2523 822 2591 τῷ
850 2523 1031 2591 λέγειν
1056 2523 1216 2575 αὑτὸν
1250 2521 1446 2582 ταῦτα,
1477 2521 1730 2588 ἐπάρασά
1750 2538 1833 2583 τις
1855 2520 1992 2591 γυνὴ

2097 1784 2316 1838 vissima
2366 1786 2606 1839 hominis
2663 1787 2810 1841 illius
2870 1788 3059 1854 pejora
3110 1785 3416 1854 prioribus.
3454 1802 3472 1834 ι
3525 1783 3656 1837 Post

2097 1878 2207 1932 haec
2233 1877 2385 1932 addit
2415 1896 2428 1932 :
2469 1897 2486 1929 ι
2529 1877 2752 1932 Factum
2783 1887 2867 1931 est
2891 1887 3096 1940 autem,
3122 1892 3247 1930 cum
3279 1876 3392 1930 haec
3425 1875 3656 1939 diceret,

2095 1970 2360 2024 extollens
2407 1985 2596 2025 vocem
2661 1968 2906 2040 quaedam
2963 1969 3162 2024 mulier
3208 1969 3277 2024 de
3327 1969 3484 2022 turba
3521 1967 3662 2022 dixit

2095 2058 2172 2112 illi
2208 2075 2221 2111 :
2250 2057 2447 2113 Beatus
2475 2066 2666 2112 venter
2704 2059 2797 2128 qui
2828 2069 2880 2113 te
2924 2058 3179 2128 portavit,
3213 2066 3269 2114 et
3319 2057 3509 2123 ubera,
3540 2072 3662 2124 qua:

2096 2147 2293 2202 suxisti
2322 2149 2366 2200 ’.
2407 2167 2426 2200 ι
2475 2147 2628 2202 lianc
2659 2158 2841 2202 autem
2879 2149 3163 2203 mulierem
3201 2164 3309 2202 non
3340 2149 3501 2202 aliam
3553 2149 3660 2203 nisi

2095 2245 2463 2315 Magdalenam
2523 2245 2691 2301 fuisse
2730 2255 2900 2315 patet,
2953 2262 3093 2315 quae,
3135 2256 3344 2315 septem
3396 2245 3662 2300 damoni—

2098 2337 2201 2391 bus
2238 2338 2482 2400 obsessa,
2535 2339 2747 2392 miserae
2789 2337 3126 2392 conditionis
3157 2339 3428 2402 meminit,
3471 2353 3501 2392 a
3553 2353 3664 2406 qua

2096 2427 2368 2491 Christus,
2404 2443 2529 2482 eum
2561 2429 2615 2482 in
2662 2428 2918 2498 Magdalae
2946 2429 3064 2483 vico
3108 2439 3279 2497 esset,
3313 2444 3432 2483 eam
3461 2427 3664 2482 libera—

2095 2527 2272 2585 verat,
2303 2533 2362 2577 ut
2414 2537 2631 2576 sacrum
2681 2521 2848 2576 refert
2897 2521 3276 2592 Evangelium.

432 2616 617 2687 φωνὴν
652 2620 714 2669 ἐκ
743 2617 835 2669 τοῦ
869 2617 1050 2686 olim,
1087 2613 1242 2670 εἶπεν
1267 2616 1439 2684 αὐτῷ·
1492 2616 1755 2687 Μακαρία
1806 2617 1839 2686 ὴ
1893 2617 2072 2670 κοιλία
2109 2618 2142 2686 ἡ
2185 2617 2500 2687 βαστάσασά
2546 2635 2628 2683 σε,
2660 2618 2755 2671 καὶ
2789 2619 3007 2687 μαστοὶ,
3050 2617 3143 2681 οὓς
3171 2617 3464 2689 ἐθήλασας.
3511 2637 3533 2671 ι
3578 2619 3668 2683 Ὠς

434 2713 767 2779 συνάγεσθαι
838 2714 914 2784 μὴ
947 2713 1195 2783 ἄλλην,ἢ
1241 2713 1339 2782 τὴν
1382 2712 1748 2781 Μαγδαληνὴν
1814 2708 1955 2766 εἶναι
2010 2713 2234 2784 ταύτην,
2266 2712 2577 2768 ἀκούσασαν
2611 2715 2740 2784 περὶ
2789 2714 2897 2766 τῶν
2925 2713 3067 2767 ἐπτὰ
3109 2713 3420 2784 δαιμονίων,
3461 2716 3668 2778 aculei;

436 2809 625 2878 μνεία)
665 2809 922 2863 ἐλθοῦσαν
954 2812 1045 2864 τοῦ
1080 2811 1308 2876 πάθους,
1341 2804 1415 2863 ὧν
1443 2809 1614 2879 αὐτὴν
1651 2809 1928 2879 ἀπήλλαξε
1957 2810 2191 2880 Χριστὸς
2237 2812 2296 2864 ἐν
2326 2812 2638 2881 Μαγδάλοις
2667 2811 2978 2881 γενόμενος,
3011 2811 3086 2875 ὡς
3116 2811 3176 2864 τὸ
3229 2811 3374 2883 ἱερὸν
3404 2813 3666 2877 διέξεισιν

436 2904 788 2972 Εὑαγγέλιον.

505 2999 585 3050 θ’.
615 2996 769 3048 Ἐπεὶ
823 2995 877 3047 δὲ
904 2995 1009 3047 ἔδει
1043 2996 1137 3048 καὶ
1170 2995 1230 3048 τδ
1259 2997 1349 3049 διὰ
1383 2997 1619 3066 σταυροῦ
1667 2998 1809 3064 ὑπὲρ
1851 3000 2006 3069 ἡμῶν
2033 3005 2076 3060 c

433 3091 756 3158 τελε-σθῆναι
791 3089 1110 3158 μυστήριον,
1145 3089 1253 3142 ἔδει
1289 3090 1333 3142 δ’
1359 3090 1460 3143 οὐκ
1492 3091 1688 3154 ἄλλως,
1721 3093 1754 3160 ἢ
1785 3091 1871 3144 διὰ
1901 3090 1995 3143 τοῦ

435 3184 578 3236 κατὰ
612 3183 702 3234 τὸν
735 3182 984 3250 Λάζαρον
1016 3181 1290 3250 θαύματος
1316 3198 1332 3214 ο
1369 3183 1620 3235 ἐντεῦθεν
1649 3187 1755 3252 γὰρ
1785 3184 1994 3252 ὑπῆρξε

437 3276 530 3326 καὶ
573 3274 653 3343 τῷ
706 3273 807 3344 ᾄδῃ
833 3275 1060 3342 γνῶναι,
1097 3275 1222 3327 ὅσον
1269 3273 1422 3328 οὔπω
1464 3274 1562 3345 τὴν
1609 3277 1804 3329 ἑαυτοῦ
1835 3278 1998 3330 δυνα-

436 3365 619 3430 στείαν
641 3366 721 3425 είς
750 3365 900 3417 οὐδὲν
923 3363 1334 3434 ὠφελήσουσαν,
1362 3367 1457 3419 καὶ
1485 3367 1562 3436 τῷ
1591 3368 1698 3419 τῶν
1726 3369 1996 3438 Ἐϐραίων

435 3455 550 3524 λαῴ
574 3457 653 3517 είς
682 3455 873 3522 φθόνον
895 3455 1270 3526 διαναστῆναι,
1303 3457 1481 3510 καὶτὰ
1511 3459 1708 3517 παντὸς
1739 3459 1999 3513 ἐπέκεινα

435 3549 596 3617 λόγου
629 3547 1002 3618 ἐργάσασθαι·
1038 3549 1218 3618 παρῆν
1272 3551 1367 3603 καὶ
1401 3552 1432 3619 ἡ
1466 3551 1746 3620 θαυμασία
1775 3554 1999 3618 Μαγδα-

435 3641 593 3710 ληνὴ,
627 3642 686 3693 τὸ
723 3642 819 3710 μὲν
855 3642 1099 3710 ἑπομένη
1131 3641 1374 3712 Χριστῷ,
1401 3643 1462 3694 τὸ
1491 3644 1544 3695 δὲ
1574 3645 1668 3695 καὶ
1699 3647 1820 3706 ταῖς
1849 3645 2001 3697 ἁδελ-

437 3737 564 3802 φαῖς
593 3731 842 3802 Λαζάρου
870 3734 971 3787 ὅσα
1001 3750 1064 3802 γε
1110 3737 1271 3803 νόμος
1304 3735 1386 3797 είς
1431 3735 1790 3804 παραμυθίαν
1821 3736 1998 3790 διατε-

431 3827 687 3880 λέσουσα.
727 3826 812 3888 Ὠς
847 3826 906 3878 δέ
943 3828 1039 3879 καὶ
1073 3827 1152 3892 τὸ,
1185 3825 1294 3879 Ποῦ
1329 3826 1612 3881 τεθείκατε
1650 3829 1837 3894 αὐτὸν,
1862 3832 2001 3901 ἠκη-

434 3920 571 3980 κύει,
600 3920 695 3969 καὶ
717 3918 790 3976 ὡς
820 3918 1118 3970 ἐπιστάντα
1141 3920 1206 3988 τῇ
1229 3919 1320 3970 τοῦ
1342 3917 1494 3986 φίλον
1521 3920 1664 3990 σαρῷ
1694 3921 2000 3992 δακρύοντα

432 4006 561 4074 εἶδε,
595 4011 688 4062 καὶ
722 4011 904 4079 διᾶραι
943 4012 1042 4062 ,τὸν
1085 4010 1232 4063 λίθον
1263 4009 1576 4078 κελεύοντα,
1613 4012 1996 4083 ἐξεπλήττετο,

435 4103 532 4154 καὶ
566 4101 615 4153 τί
643 4103 706 4152 ἂν
737 4101 884 4170 αὐτῷ
917 4101 1228 4170 βουλομένῳ
1269 4100 1354 4171 εῐη
1408 4101 1468 4154 τὸ
1514 4104 1770 4171 ποιητέον
1807 4103 2002 4173 μαθεῖν

435 4194 711 4247 ἐϐούλετο.
729 4192 815 4256 Ὠς
842 4194 896 4245 δὲ
930 4197 1024 4246 καὶ
1050 4193 1131 4258 τὺ,
1165 4194 1384 4264 Λάζαρε
1408 4194 1566 4264 δεῦρο
1595 4195 1718 4262 ἔξω,
1746 4196 1998 4266 διάτορον

435 4283 753 4353 ῆνωτίσατο,
802 4283 1022 4336 καὶτὸν
1065 4286 1384 4355 τεταρταῖον
1429 4284 1682 4356 θᾶττονῆ
1739 4285 1894 4354 λόγος
1922 4288 2001 4352 ὡς

2183 2997 2274 3052 IX.
2320 2998 2422 3053 Per
2457 3013 2675 3053 crucem
2729 3013 2828 3067 pro
2867 2997 3026 3053 nobis
3055 2997 3373 3069 mysterium
3424 2984 3668 3054 eflicien-

2109 3091 2240 3144 dum
2263 3105 2400 3146 _cum
2452 3100 2620 3153 esset,
2655 3091 2926 3144 miraculo
2967 3091 3111 3145 eirea
3167 3091 3433 3144 Lazarum
3471 3108 3663 3161 perpe-

2111 3187 2256 3233 trato
2290 3196 2429 3248 opus
2477 3189 2618 3234 erat.
2653 3180 2793 3234 Hinc
2829 3181 2976 3235 enim
3013 3181 3175 3234 inferi
3220 3181 3321 3247 ipsi
3359 3181 3666 3249 intelligere

2112 3263 2386 3325 debebant
2422 3271 2568 3341 quod
2609 3272 2728 3327 sine
2777 3281 3046 3341 potestate
3078 3284 3263 3326 essent
3295 3286 3345 3327 et
3380 3275 3526 3343 quod
3567 3276 3670 3328 mi-

2109 3363 2356 3417 raculum
2409 3379 2439 3416 a
2485 3363 2670 3417 divina
2725 3373 2937 3417 tantum
2995 3381 3158 3417 manu
3212 3367 3409 3418 conliei
3464 3379 3670 3435 posset.

2111 3457 2315 3512 Aderat
2365 3466 2547 3509 autem
2591 3457 2744 3509 beata
2791 3456 3106 3525 Magdalena
3154 3469 3341 3526 utpote
3389 3459 3668 3513 Clll‘iallllll

2113 3559 2324 3610 secuta,
2355 3558 2412 3602 et
2443 3558 2503 3601 ut
2532 3548 2718 3600 Lazari
2741 3562 2983 3613 sorores,
3020 3559 3079 3603 ut
3109 3552 3277 3603 moris
3307 3566 3448 3611 erat,
3480 3569 3673 3607 consu-

2111 3640 2342 3693 larctur.
2402 3641 2698 3708 Postquam
2753 3651 2936 3694 autem
3001 3642 3191 3696 illud:
3249 3643 3350 3699 Ubi
3408 3647 3672 3714 posuistis

2112 3733 2277 3785 cum?
2301 3731 2626 3796 audivisset,
2657 3741 2712 3784 et
2739 3729 3023 3786 Christum
3061 3733 3123 3786 ad
3151 3735 3467 3802 sepulcrum
3507 3737 3672 3790 amici

2112 3824 2358 3878 defuncti
2407 3823 2678 3893 Iamymas
2710 3823 3025 3878 fundentem
3058 3827 3309 3890 vidiSset,
3340 3840 3396 3880 et
3433 3829 3668 3897 lapidem

2110 3916 2356 3971 amoveri
2400 3916 2684 3987 iubentem
2729 3918 3052 3981 audivisset,
3093 3920 3402 3989 Obslupltll,
3448 3931 3506 3976 et
3540 3922 3672 3990 quid

2114 4009 2218 4062 sibi
2259 4025 2360 4078 pro
2418 4017 2661 4076 tempore
2703 4010 3016 4064 faciendum
3063 4022 3208 4066 esset
3256 4016 3526 4082 quaesivit.
3568 4013 3669 4069 Ubi

2111 4115 2244 4154 vero
2267 4110 2387 4169 post
2415 4101 2584 4154 illud:
2610 4101 2835 4166 Lazare,
2859 4104 2944 4156 cxi
2968 4105 3132 4165 foras.
3157 4120 3431 4160 montium
3457 4111 3670 4176 (liiatri-

2111 4192 2351 4246 duanum
2386 4208 2617 4248 mortem
2648 4195 2791 4250 sicut
2822 4209 3074 4248 somnum
3105 4199 3476 4252 excutientem
3511 4201 3672 4263 vidit,

2115 4287 2192 4340 rei
2225 4286 2493 4339 miraculo
2531 4286 2766 4340 attonita
2806 4296 2866 4340 ut
2913 4296 3091 4342 statua
3121 4289 3244 4342 sine
3275 4305 3406 4343 voce
3441 4307 3538 4360 per
3574 4292 3678 4346 ali-

435 4375 603 4428 ὕπνον
635 4375 726 4429 τὸν
787 4376 1017 4431 θάνατον
1072 4377 1566 4448 ἀποτιναξάμενον,
1630 4379 1722 4432 [σα
1775 4380 1871 4434 καὶ
1914 4381 1994 4433 ἁν-

2110 4378 2256 4448 quod
2283 4387 2496 4446 tempus
2519 4378 2727 4447 astitit;
2757 4390 3041 4448 postquam
3079 4391 3262 4434 autem
3294 4381 3360 4434 ad
3394 4396 3451 4437 se
3480 4384 3676 4438 rediis-

433 4469 644 4536 δριάντι
671 4467 748 4537 τῷ
790 4468 1076 4538 παραδόξῳ
1108 4468 1204 4520 τοῦ
1241 4468 1541 4538 θαύματος,
1572 4468 1787 4540 ἄφωνος
1813 4471 2002 4542 εἱστή-

436 4574 522 4610 κει
571 4560 657 4626 ἐφ’
694 4557 878 4610 ἱκανοῦ
906 4573 919 4587 ·
956 4557 1109 4627 μόλις
1158 4557 1204 4609 δ’
1241 4560 1322 4621 εἰς
1365 4559 1567 4630 ἑαυτὴν
1616 4559 1868 4627 ἐλθοῦσα,
1909 4563 2005 4615 καὶ

437 4649 560 4702 καθ’
591 4649 790 4719 ἑαυτὴν
820 4649 1298 4719 συμϐάλλουσαιτὺ
1334 4651 1601 4722 πραχθὲν,
1635 4653 1702 4707 τὰ
1741 4653 1833 4707 τοῦ
1865 4653 2003 4707 Θεοῦ

437 4740 706 4811 μεγαλεῖα
742 4741 884 4794 καθα
912 4741 1006 4793 καὶ
1035 4741 1227 4811 πρῶτα
1255 4742 1480 4796 διετέλει
1514 4743 1892 4813 θαυμάζουσα.

507 4833 563 4885 I'.
607 4831 827 4901 Ἀμέλει
866 4833 962 4884 καί
991 4831 1068 4902 τῷ
1117 4833 1296 4903 φθόνῳ
1330 4833 1581 4890 ἐντεῦθεν
1613 4835 1714 4889 οὐκ
1761 4831 1830 4907 ἦν
1878 4837 2007 4889 ἀνε-

437 4927 545 4977 κτά
568 4941 582 4955 ο
617 4923 732 4976 ἀλλ’
757 4927 832 4987 εἰς
881 4925 1173 4994 μετάρσιον
1207 4925 1487 4996 ἐξαφθεὶς,
1522 4927 1875 4997 Γραμματετς
1911 4929 2006 4982 καὶ

437 5015 767 5084 Φαρισαίους
798 5019 876 5079 είς
924 5017 1122 5068 ταυτὸν
1149 5017 1296 5084 ἄγει,
1327 5017 1422 5068 καὶ
1467 5017 1750 5087 συνέδριον
1794 5017 2008 5082 καθίζει

439 5110 580 5161 κατὰ
613 5107 873 5178 Χριστοῦ,
903 5111 998 5160 καὶ
1031 5108 1093 5161 τὸ
1141 5106 1236 5161 τοῦ
1284 5108 1518 5161 θανάτου
1552 5108 1878 5178 συμϐούλιον
1911 5111 2008 5180 ρά-

441 5215 671 5251 πτεταιο
706 5200 880 5251 ἔπεισι
909 5200 985 5270 τῷ
1015 5199 1277 5272 συνεδρίῳ
1305 5199 1484 5269 τούτῳ
1515 5202 1582 5272 τῇ
1618 5200 1859 5271 καθέδρᾳ
1897 5201 2008 5254 τῶν

440 5291 646 5359 λοιμῶν
672 5287 824 5344 εἶπεν
853 5293 919 5345 ἂν
951 5297 1280 5364 προσφόροις
1320 5295 1348 5346 ὁ
1376 5294 1518 5356 θεῖος
1548 5294 1733 5355 Δαϐὶδ.
1769 5295 1865 5348 καὶ
1906 5313 2010 5365 μα-

439 5380 611 5451 θητὴς
666 5382 744 5452 τῷ
794 5383 945 5452 καλῷ
999 5384 1306 5458 διδασκάλῳ
1366 5385 1542 5455 τούτῳ
1607 5385 2006 5456 μαθητευθεὶς,

440 5472 778 5543 φιλαργυρίᾳ
811 5473 855 5525 δ’
889 5476 952 5527 ἐκ
981 5477 1356 5546 προαιρέσεως
1389 5477 1563 5547 συνὼν
1591 5477 1655 5530 τὰ
1690 5475 1880 5545 πολλὰ,
1914 5479 2006 5529 καὶ

506 5661 534 5689 ⁷
575 5656 711 5711 Luc.
777 5674 852 5720 xu.
917 5659 1100 5712 l7-‘27.

685 5753 955 5814 PATItUL.
1007 5760 1048 5815 li
1063 5777 1092 5814 ιι
1163 5757 1204 5814 C
1218 5758 1370 5814 .\'l.\'
1385 5755 1460 5813 il.

2106 4478 2211 4537 set,
2246 4470 2534 4540 perpensis
2568 4484 2752 4524 secum
2776 4485 2897 4540 quae
2924 4469 3064 4525 facta
3091 4461 3299 4536 essent,
3330 4473 3425 4527 Dei
3451 4489 3673 4544 inagna-

2108 4563 2178 4619 lia
2212 4563 2324 4619 alta
2359 4578 2493 4619 voce
2529 4562 2781 4634 protulit.

2183 4829 2250 4885 Χ.
2294 4828 2500 4884 Invidia
2551 4831 2654 4885 hoc
2696 4846 2838 4901 aegre
2875 4831 3019 4898 tulit,
3067 4831 3178 4888 imo
3221 4847 3325 4903 pro
3372 4835 3675 4894 acrimonia

2115 4939 2214 4979 sua
2245 4923 2458 4978 scribas
2487 4939 2551 4980 ac
2580 4923 2883 4978 Pharisaaos
2913 4924 2966 4978 in
3009 4941 3178 4980 unum
3226 4928 3407 4998 coegit
3431 4939 3485 4983 et
3515 4947 3676 5001 syne-

2117 5015 2300 5070 drium
2329 5024 2522 5070 contra
2555 5016 2837 5070 Christum
2873 5027 3163 5080 convocat.
3187 5018 3280 5073 ubi
3312 5020 3380 5074 de
3417 5033 3593 5078 morte
3623 5026 3675 5078 ei

2117 5106 2402 5162 inferenda
2424 5122 2608 5163 sermo
2636 5108 2962 5164 habebatur.
2986 5109 3239 5164 Interfuit
3259 5113 3388 5168 huic
3414 5116 3669 5181 concilio,

2115 5201 2288 5269 pestis
2331 5198 2629 5265 cathedrae,
2669 5205 2728 5252 ut
2768 5200 3020 5268 apposite
3049 5201 3251 5256 dixerit
3280 5202 3444 5258 divus
3482 5205 3674 5266 David.

2115 5292 2418 5361 discipulus
2465 5292 2535 5346 ab
2587 5291 2878 5346 excellenti
2926 5295 3188 5362 magistro
3236 5296 3543 5362 institutus,
3573 5298 3672 5352 sed

2115 5382 2210 5450 qui
2262 5383 2492 5436 avaritia
2539 5381 2880 5452 instigatrice
2921 5384 3107 5438 omnia
3159 5387 3404 5454 pecunia:
3438 5387 3664 5456 postha-

2115 5476 2259 5539 buit,
2301 5487 2361 5530 et
2408 5491 2516 5531 non
2570 5477 2736 5531 alium
2799 5477 3160 5545 diseipulatus
3212 5479 3452 5533 fructum
3507 5491 3673 5546 quam

3172 5755 3239 5815 18
