4080 6206
447 274 550 334 [57

1336 266 1594 342 SERMO
1639 285 1721 347 ΙΝ
1763 288 1822 347 S.
1867 290 2178 354 MARIAM
2219 297 2771 368 MAGDALENAM.

3588 326 3693 387 £58

442 389 668 457 ἠξίωσε.
699 387 797 442 καὶ
832 388 914 458 τῷ
961 386 1180 459 μαθητῇ
1216 392 1384 461 τιμῆς
1427 393 1648 465 ἁπάσης
1688 399 1899 499 αἴτιον.
1924 401 1997 468 γέ⁴

2121 408 2521 473 consolatione,
2577 413 2908 486 discipulum
2957 421 3167 481 honore
3203 429 3474 499 replevit:
3525 453 3543 485 ι
3582 435 3693 490 litu-

442 483 588 546 γυνὲ,
630 479 725 532 τό·
767 498 786 531 ι
822 480 1014 546 Γύναι,
1061 481 1138 533 ῖδε
1186 484 1214 534 ὀ
1251 483 1367 546 υἱός
1417 500 1536 548 σου,
1580 485 1781 560 Ἰδοὺή
1832 491 2018 562 μήτηρ

441 588 560 625 σου.
610 590 629 624 ι
665 574 934 642 ¹Παρεῖναι
981 573 1086 643 μέν
1131 589 1217 627 τοι
1260 574 1490 645 ταύτην,
1529 577 1604 639 ὡς
1629 580 1873 651 εἴρηται,
1923 582 2021 636 καὶ

438 662 666 716 τοιαῦτα
697 663 982 728 διεξιέναι,
1025 665 1122 717 καὶ
1145 664 1314 729 αὐτὸς
1345 668 1373 720 ὁ
1402 667 1731 738 φιλούμενος
1767 671 2018 741 μαθητὴς

439 754 657 823 ἀπόχρη
719 754 778 807 δι
841 755 1010 822 φάναι
1065 757 1161 809 καὶ
1209 755 1458 826 ἁδελφὸς,
1506 761 1752 830 παριστᾷ
1799 762 2014 829 λέγων’

445 863 463 895 ι
502 845 867 916 Είστήκεισαν
887 846 946 899 δὲ
981 849 1137 916 παρὰ
1181 846 1263 917 τῷ
1287 849 1507 919 σταυρῷ
1537 849 1634 904 τοῦ
1673 853 1848 922 Ἰησοῦ
1893 855 1928 924 ἦ
1953 871 2016 907 τε

442 938 630 1008 μήτηρ
663 937 855 1001 αὑτοῦ,
887 940 986 992 καὶ
1007 940 1044 1008 ἡ
1071 940 1279 1012 ἀδελφὴ
1309 941 1408 1012 τῆς
1445 942 1656 1013 μητρὸς
1696 944 1862 999 αὑτοῦ
1896 947 2018 1000 Μα-

442 1031 534 1101 ρία
560 1032 594 1100 ὴ
641 1031 736 1084 τοῦ
767 1031 999 1095 Κλωπᾶ,
1033 1033 1132 1086 καὶ
1153 1035 1346 1105 Μαρία
1376 1036 1410 1106 ἡ
1438 1035 1799 1109 Μαγδαληνή.
1861 1039 2018 1093 Ἐπεὶ

439 1124 494 1177 δὲ
529 1124 617 1177 διὰ
638 1125 738 1194 τὴν
773 1125 1158 1196 παρασκευὴν,
1189 1127 1266 1190 ὡς
1290 1127 1351 1180 τὸ
1379 1127 1523 1198 ἱερὸν
1551 1129 1811 1195 διέξεισιν
1837 1131 2016 1204 Εὐαγ-

439 1217 621 1283 γέλιον
648 1257 664 1282 ,
700 1235 719 1268 ι
756 1217 843 1271 ἵνα
900 1218 975 1289 μὴ
1025 1219 1122 1272 ἐπὶ
1169 1219 1266 1273 τοῦ
1315 1222 1550 1291 σταυροῦ
1596 1223 1756 1295 μείνῃ
1795 1225 1862 1278 τὰ
1911 1224 2017 1276 σώ-

442 1323 611 1375 ματα,
657 1308 902 1377 ἐρωτῶσι
950 1309 1045 1364 τὸν
1097 1309 1336 1365 Πιλᾶτον
1379 1312 1430 1364 οῖ
1480 1313 1811 1382 ἁνομοῦντες
1840 1314 2013 1380 ὅντως

436 1400 715 1469 διακενῆς,
747 1400 836 1455 ῖνα
865 1402 1214 1468 κατεαγῶσιν
1266 1403 1449 1457 αὐτῶν
1475 1405 1543 1458 τὰ
1573 1406 1763 1477 σκέλη,
1796 1407 1891 1459 καὶ
1914 1409 2016 1476 ἀρ-

439 1492 605 1545 θῶσιν
629 1507 645 1524 ·
679 1487 866 1563 ἦλθον,
911 1495 1100 1564 φησὶν,
1141 1498 1191 1550 οἱ
1249 1498 1602 1568 στρατιῶται,
1637 1500 1732 1552 καὶ
1779 1503 1875 1552 τοῦ
1912 1501 2013 1569 μὲν

439 1583 659 1649 πρώτου
712 1584 987 1652 κατέαξαν
1037 1587 1206 1641 αὐτοῦ
1239 1588 1308 1641 τὰ
1335 1589 1523 1659 σκέλη,
1572 1589 1666 1643 καὶ
1717 1592 1813 1643 τοῦ
1846 1592 2009 1646 ἄλλου

433 1676 528 1727 τοῦ
567 1663 1057 1746 συσταυρωθέντος
1087 1680 1236 1750 αύτῷ
1259 1694 1274 1710 ⁸
1312 1681 1406 1732 ἐπὶ
1449 1680 1509 1733 δὲ
1539 1680 1637 1734 τὸν
1669 1680 1884 1752 Ἰησοῦν
1921 1683 2008 1734 ὲλ-

433 1765 641 1829 Οόντες,
667 1764 739 1827 ὡς
772 1760 914 1818 εἶδον
949 1766 1118 1820 αὐτὸν
1145 1768 1245 1839 ἤδη
1274 1766 1601 1839 τεθνηκότα,
1628 1770 1690 1848 ού
1733 1771 2006 1836 κατέαξαν
2039 1772 2079 1826 Β
2110 1782 2375 1843 feminam
2419 1760 2454 1845 ξ

436 1856 603 1911 αὑτοῦ
633 1857 705 1912 τὰ
732 1859 922 1931 σκέλη,
952 1859 1069 1913 ἀλλ’
1095 1857 1176 1924 εἷς
1197 1861 1307 1914 τῶν
1333 1863 1688 1932 στρατιωτῶν
1710 1862 1878 1935 λόγχῃ
1906 1866 2003 1935 τὴν

435 1948 678 2017 πλευρὰν
703 1949 866 2003 αὑτοῦ
901 1949 1078 2014 ένυξε,
1111 1952 1208 2003 καὶ
1244 1951 1450 2014 εὐθέως
1476 1951 1702 2022 έξῆλθεν
1733 1947 1872 2022 αἷμα
1908 1954 2005 2008 καὶ

433 2041 601 2110 ὓδωρ.
635 2060 653 2094 ι
686 2043 751 2094 Τί
787 2041 894 2114 χρὴ
951 2041 1200 2111 νομίζειν
1225 2043 1324 2114 τὴν
1345 2043 1612 2114 διάπυρον
1640 2046 1761 2097 τότε
1796 2044 2006 2116 ταύτην

430 2136 667 2200 παθεῖνς
710 2134 911 2205 μικροῦ
943 2135 1011 2189 ἂν
1055 2137 1152 2189 καὶ
1179 2136 1274 2190 τὸν
1307 2136 1652 2207 στρατιώτην
1683 2137 2002 2202 διέσπασεν,

429 2227 478 2278 εί
513 2226 589 2295 μὴ
622 2226 764 2278 κατὰ
794 2226 1034 2293 γυναῖκα
1068 2224 1472 2297 συστελλομένη
1502 2227 1780 2294 ἀνεδύετο,
1806 2228 1900 2282 καὶ
1929 2229 2001 2282 τὰ

428 2316 707 2385 γυναικῶν
743 2320 964 2387 φρονεῖν
989 2317 1364 2388 ἠναγκάζετο⁶
1397 2319 1503 2374 κᾶν
1525 2320 1770 2390 ἀνδρεῖον
1803 2321 2002 2391 ἔχουσα

428 2411 710 2481 φρόνημα,
746 2410 976 2479 Ἐπεχε,
1011 2410 1182 2477 λέγει,
1211 2411 1311 2480 τὴν
1341 2411 1818 2517 χεῖρα,.τολμηρὶ
1833 2430 2004 2517 ῗτρὲ.

427 2504 618 2571 τιῶτα,
662 2504 735 2574 μή
774 2521 860 2557 σοι
896 2503 1143 2575 ῥομφαία
1187 2504 1408 2558 ἐπέλθοι
1456 2504 1739 2574 θεήλατος.
1772 2505 1900 2569 ῐῐῶς
1933 2501 2002 2576 ἦν

428 2598 573 2663 εἰκὸς
630 2599 910 2666 ἐνορῶσαν
958 2595 1136 2651 ταῦτα
1185 2598 1580 2669 δριμύττεσθαι
1623 2599 1724 2669 τὴν
1779 2599 1998 2672 ψυχήνς

430 2691 680 2763 ῥομφαίᾳ
731 2691 842 2760 γὰρ
886 2690 987 2755 τὰς
1015 2691 1244 2761 καρδίας
1275 2693 1592 2763 έτέτρωντο,
1647 2693 1860 2746 ικείνου
1901 2694 2002 2765 τὴν

426 2785 668 2854 πλευρὰν
719 2783 1167 2854 διορυσσομένου.
1195 2783 1321 2848 Πῶς
1346 2783 1403 2837 δὲ
1441 2785 1538 2839 καὶ
1583 2785 1888 2855 τεθνηκότα
1918 2784 2000 2840 εί-

424 2878 536 2942 δον,
566 2876 685 2938 πῶς
718 2875 779 2927 ού
813 2875 1083 2945 πρότερον
1108 2869 1276 2931 αὗται
1305 2876 1405 2947 τὴν
1433 2875 1613 2948 ψυχὴν
1638 2878 1997 2948 ἀπεσάλοντο,

424 2967 543 3030 πῶς
573 2967 634 3020 οὐ
665 2965 961 3037 διέρῥηξαν
1003 2965 1074 3020 τὰ
1128 2966 1341 3036 ἱμάτια,
1387 2967 1595 3040 πέτρας
1647 2969 1999 3040 ῥηγνυμένας

423 3059 651 3128 ὁρῶσαι,
685 3061 838 3129 ἥλιον
871 3059 1066 3112 σκότον
1110 3059 1501 3129 ὑποδυόμενον,
1535 3060 1766 3133 σελήνην
1813 3063 1996 3132 ἀμαυ·

429 3151 722 3221 ρουμένην,
755 3150 950 3221 ὥσπερ
979 3152 1382 3224 αἰσθανομένην
1406 3154 1503 3208 τοῦ
1537 3156 1825 3221 κτίσαντος
1854 3159 1995 3213 πάσ-

421 3259 610 3311 χοντος
638 3259 652 3308 ;
689 3243 806 3295 ἀλλ’
832 3243 952 3297 οὐδὲ
983 3245 1063 3315 τῷ
1111 3245 1230 3315 ναῷ
1253 3243 1324 3316 ἦν
1355 3247 1496 3300 κατὰ
1529 3248 1715 3319 χώραν
1771 3251 1954 3320 μένειν
1977 3267 1993 3286 ο

419 3335 515 3387 καὶ
543 3335 695 3398 οὗτος
723 3336 833 3405 γὰρ
873 3337 1078 3392 ὡσανεὶ
1108 3338 1170 3390 τὸ
1202 3339 1526 3409 παράνομον
1566 3340 1991 3412 εὐλαϐούμενος,

417 3429 511 3480 τόν
543 3445 603 3480 τε
635 3429 932 3498 νομοδότην
966 3430 1131 3498 ⁴γνοὺς
1183 3430 1275 3483 ἐπὶ
1311 3430 1466 3496 ξύλον
1497 3433 1820 3504 ᾑωρημένον
1849 3454 1994 3506 γυμ-

419 3523 532 3586 νὸν,
571 3521 746 3586 Θυμοῦ
775 3523 987 3577 δικαίου
1021 3525 1307 3595 πλησθεὶς,
1331 3527 1390 3579 τὸ
1414 3527 1820 3597 καταπέτασμα
1841 3531 1992 3603 διαρ-

419 3618 708 3686 ῥήγνυσιν,
735 3619 810 3683 ὡς
843 3622 872 3672 δ
917 3621 1213 3692 ἀρχιερεὺς
1266 3623 1600 3693 τοπρότερον
1639 3624 1701 3677 τὸ
1771 3630 2041 3695 χιτώνιον.
2099 3637 2179 3690 'AI-

417 3710 556 3766 λιον.

492 3805 589 3860 IB'.
626 3806 848 3858 Τούτων
871 3821 936 3872 γε
1000 3805 1108 3875 μὴν
1141 3805 1286 3858 οὕτω
1316 3806 1470 3876 παρὰ
1499 3808 1658 3876 δόξαν
1689 3818 1994 3884 γεγενημέ.

420 3920 550 3965 νων,
585 3901 619 3970 ἡ
655 3898 992 3968 Μαγδαληνὴ
1028 3898 1212 3952 οὐκέτι
1250 3899 1468 3968 μέλλειν
1498 3901 1685 3972 ἔκρινα
1717 3905 1851 3972 δεῖν,
1876 3910 1990 3964 ἀλλ’

413 3995 510 4063 ὅλη
539 3995 638 4063 τῆς
669 3989 847 4060 ταφῆς
875 3992 1136 4058 γεγονυῖα
1156 3990 1234 4061 τῷ
1259 3990 1316 4058 ἑξ
1352 3993 1676 4062 Ἀριμαθεας
1705 3999 1990 4067 πρόσεισιν

427 4085 656 4154 Ἰωσήφ.
690 4081 879 4135 τοῦτον
902 4084 1008 4152 γὰρ
1045 4082 1161 4154 ᾔδει
1210 4085 1306 4138 καὶ
1338 4087 1622 4155 μνήματος
1645 4089 1988 4159 εὐποροῦντα

412 4175 627 4242 καινοῦ,
679 4175 896 4236 οὐδενὸς
947 4172 1100 4226 οὔπω
1137 4174 1409 4244 πρότερον
1445 4176 1608 4246 σῶμα
1647 4179 1944 4249 δεξάμενον
1967 4200 1982 4214 ·

411 4271 507 4322 καὶ
534 4269 563 4321 ὁ
591 4269 769 4338 χῶρος
812 4267 940 4321 ἔνθα
969 4265 1147 4319 ἔκειτο
1190 4267 1478 4337 εὐπρεπὴς
1507 4269 1653 4333 λίαν,
1690 4273 1784 4325 καὶ
1825 4275 1988 4345 ἀέρος

410 4363 468 4414 ὲν
507 4360 658 4432 καλῷ
694 4359 967 4430 κείμενος,
1001 4358 1096 4413 καὶ
1117 4360 1200 4422 εἰς
1227 4358 1382 4429 ῶραν
1413 4361 1593 4431 κήπου
1621 4362 1988 4439 διακεκοσμη-

415 4458 598 4522 μένος.
663 4453 852 4518 Τούτῳ
896 4451 961 4521 δὴ
1021 4450 1348 4521 προσιοῦσα,
1398 4453 1494 4506 καὶ
1546 4453 1632 4506 of:
1671 4456 1855 4528 ἐκείνη
1902 4459 1982 4512 ἔτι

411 4545 577 4597 αὑτὸν
605 4543 966 4614 ἀρῥενώσασα
1000 4542 1333 4610 διανίστησι,
1363 4542 1645 4614 διωρυγάς
1667 4563 1725 4599 τε
1757 4550 1855 4601 καὶ
1883 4567 1978 4604 καο

411 4630 664 4694 ταδύσεις
712 4632 976 4702 πρότερον
1017 4631 1394 4702 ἀνιχνεύοντα,
1443 4633 1819 4690 ἁποδειλιᾶσαι
1869 4655 1978 4693 πα-

414 4723 745 4793 ρασκευάζει
791 4723 884 4776 τὸν
914 4723 1156 4777 κίνδυνον
1178 4739 1192 4753 ο
1235 4740 1253 4774 ι
1289 4723 1580 4793 Τολμήσας
1614 4727 1751 4833 γὰρ,
1785 4729 1975 4833 φησιν,

407 4816 624 4886 εἰσῆλθε
666 4815 806 4886 πρὸς
856 4815 1108 4883 Πιλᾶτον,
1161 4818 1256 4871 καὶ
1297 4817 1540 4888 ᾐτήσατο
1588 4822 1648 4871 τὸ
1685 4823 1846 4890 σῶμα
1880 4822 1974 4876 τοῦ

418 4908 616 4979 Ἰησοῦ.
649 4929 666 4961 ι
698 4912 806 4965 Καὶ
830 4910 901 4963 τὰ
931 4909 1058 4980 ἑξῆς
1093 4911 1150 4964 τὸ
1173 4909 1317 4963 θεῖον
1351 4911 1632 4982 ἱστορείτω
1667 4930 1758 4983 μοι
1792 4914 1974 4983 Εὐαγ-

406 5002 606 5070 γέλιον.
987 5069 996 5075 _

477 5091 570 5147 ll".
619 5094 705 5157 Ὠς
732 5092 789 5145 δὲ
817 5096 912 5148 καὶ
938 5094 1032 5147 τοῦ
1067 5095 1306 5164 σταυροῦ
1342 5097 1402 5149 τδ
1433 5097 1574 5150 Θεῖον
1611 5098 1792 5151 έκεῖνο
1817 5099 1976 5168 σῶμα

405 5188 667 5252 κατάγειν
704 5185 927 5252 ἔμελλον
973 5187 1176 5257 Ἰωσὴφ
1217 5188 1313 5239 καὶ
1362 5187 1702 5257 Νικόδημος,
1755 5190 1864 5242 ἔδει
1917 5190 1976 5244 δὲ

406 5280 500 5330 καὶ
533 5280 602 5331 τὰ
637 5279 799 5332 ἱκανᾶ
833 5280 972 5349 πρὸς
1004 5281 1106 5351 τὴν
1137 5282 1245 5334 τῶν
1281 5281 1429 5350 ἥλων
1486 5281 1761 5336 ἐκσπασιν
1800 5285 1978 5337 ἐκεῖσε

403 5372 687 5440 παρεῖναι,
739 5370 931 5427 λαὸίδα
986 5376 1077 5426 καὶ
1125 5373 1361 5445 σφύραν,
1396 5375 1492 5427 καὶ
1531 5374 1636 5426 ὅσα
1686 5378 1799 5439 τοῖς
1848 5378 1979 5446 περὶ

401 5463 542 5516 αὐτὰ
591 5465 899 5537 ἐπιτήδεια,
945 5465 1084 5537 αῦτη
1118 5467 1217 5536 τὴν
1263 5466 1444 5537 ψυχὴν
1492 5468 1770 5538 μετέωρος
1813 5464 1970 5536 οὖσα,

401 5554 602 5611 ὡσανεὶ
655 5557 1057 5627 δειλαινομένη,
1104 5559 1270 5628 μήτι
1327 5560 1421 5612 καὶ
1480 5562 1801 5632 συντριϐεἱη
1862 5563 1971 5615 τῶν

474 5744 494 5775 ⁸
531 5744 690 5800 Joan.
732 5759 848 5811 nx,
882 5741 974 5810 26,
1024 5742 1119 5798 27.
1195 5743 1213 5774 ⁹
1243 5741 1380 5799 ibid.
1424 5743 1515 5798 25.

1596 5744 1639 5775 ¹⁹
1667 5743 1804 5800 ibid.
1842 5746 2032 5803 51-54.

2122 495 2412 562 lier,er-ce
2448 501 2595 559 filius
2625 517 2774 571 tuus.
2811 529 2830 564 ι
2865 522 2919 568 et
2952 531 2965 568 :
3009 533 3028 567 ι
3063 516 3203 573 Ecce
3247 495 3422 577 mater
3465 533 3554 581 tua
3584 528 3625 582 ⁸.
3671 551 3686 579 ι

2120 586 2472 659 Evangelium
2518 597 2686 666 igitur
2713 611 3003 672 postquam
3052 609 3196 664 illam
3232 630 3338 668 una
3366 633 3489 670 eum
3525 620 3692 676 disci-

2121 683 2270 747 pulo,
2307 685 2401 752 qui
2441 685 2613 743 frater
2640 706 3016 765 nuncupatur,
3049 702 3290 761 adfuisse
3324 710 3483 773 dixit,
3516 714 3694 770 liwrce

2119 771 2273 826 addit
2307 790 2321 827 :
2368 795 2385 826 ί
2418 777 2659 836 Stabant
2693 797 2878 841 autem
2905 790 3061 859 juxta
3106 811 3326 853 crucem
3360 802 3486 856 Jcsn
3519 821 3696 861 maier

2119 864 2240 933 ejus
2273 876 2328 920 et
2361 883 2522 924 soror
2555 878 2747 933 matris
2775 881 2896 943 eius
2923 882 3093 942 Maria
3121 889 3376 960 Cleopha:
3421 907 3475 950 et
3522 899 3691 955 Maria

2119 953 2430 1026 Magdalena
2446 962 2487 1014 ⁹.
2516 962 2692 1021 Judaei
2723 983 2861 1039 ergo
2893 973 3178 1042 (quoniam
3225 953 3524 1041 Parasceve
3550 953 3692 1044 erati

2120 1054 2179 1098 ut
2206 1062 2316 1102 non
2347 1065 2697 1112 remanerent
2733 1060 2789 1114 iu
2829 1078 2996 1120 cruce
3042 1082 3302 1139 corpora,
3347 1091 3691 1146 rogaverunt

2118 1137 2353 1196 Pilatum
2388 1154 2448 1199 ut
2495 1146 2886 1219 frangerentur
2917 1171 3107 1213 eorum
3148 1175 3309 1219 crura
3345 1176 3400 1220 et
3433 1169 3692 1224 tolleren—

2118 1238 2227 1286 tur.
2265 1231 2548 1294 Venerunt
2581 1257 2714 1312 ergo
2749 1246 2977 1313 milites,
3017 1261 3072 1305 et
3111 1255 3274 1322 primi
3308 1259 3533 1326 quidem
3582 1265 3689 1320 frc-

2115 1337 2313 1391 gerunt
2347 1343 2530 1398 crura,
2549 1342 2605 1388 et
2636 1335 2869 1393 alterius
2889 1341 2986 1409 qui
3020 1348 3317 1404 crucifixus
3344 1361 3426 1405 est
3452 1369 3577 1408 cum
3601 1374 3686 1412 eo.

2105 1414 2194 1468 'Ad
2226 1415 2413 1474 Jesum
2464 1433 2650 1480 autem
2687 1443 2813 1484 cum
2842 1433 3145 1501 venissent,
3180 1449 3239 1493 ut
3274 1444 3530 1502 viderunt
3560 1465 3685 1504 eum

2111 1509 2222 1575 jam
2253 1523 2555 1581 mortuum,
2590 1535 2700 1575 non
2736 1522 3021 1594 fregerunt
3047 1530 3167 1597 ejus
3198 1549 3377 1590 crura.
3409 1540 3513 1593 Sed
3546 1558 3686 1596 unus

2116 1601 2353 1658 militum
2407 1607 2598 1664 lancea
2655 1614 2800 1672 latus
2847 1620 2970 1689 ejus
3015 1627 3254 1695 aperuit,
3309 1640 3366 1683 et
3420 1637 3686 1690 continuo

2113 1695 2285 1750 exivit
2315 1703 2540 1770 sanguis
2577 1714 2632 1759 et
2668 1724 2811 1778 aqua
2849 1713 2915 1767 '°.
2955 1733 2973 1766 ι
3009 1716 3148 1782 Quid
3197 1733 3357 1790 putas
3398 1729 3682 1785 ardentem

2463 1794 2613 1851 nimo
2663 1803 2949 1863 sensisse?
2979 1808 3208 1866 Militem
3248 1819 3512 1874 audacem
3564 1825 3684 1878 sine

2107 1878 2278 1935 dubio
2333 1888 2474 1941 male
2529 1895 2906 1966 tractavisset,
2967 1903 3074 1956 nisi
3130 1917 3324 1963 natura
3396 1917 3684 1971 muliebris

2109 1971 2402 2029 muliebria
2453 1979 2701 2048 cegitare
2748 1999 2868 2040 eam
2898 1993 3204 2061 coegisset.
3237 2003 3489 2058 Attamen
3533 2000 3680 2064 virili

2107 2062 2314 2129 animo,
2371 2067 2566 2127 Retine
2622 2091 2868 2143 manum,
2916 2084 3078 2149 dixit,
3133 2092 3290 2148 miles
3337 2112 3570 2165 procax,
3615 2120 3682 2156 ne

2107 2156 2325 2222 gladius
2379 2178 2409 2216 a
2463 2163 2576 2222 Deo
2637 2172 2841 2229 missus
2896 2192 3064 2249 super
3121 2193 3172 2238 te
3214 2190 3416 2246 veniat.
3465 2195 3680 2258 Quanto

2108 2260 2257 2305 metu
2307 2256 2548 2314 animam
2601 2263 2721 2332 ejus
2763 2266 2913 2324 illum
2959 2274 3029 2327 ad
3073 2289 3356 2346 aspectum
3411 2288 3674 2356 agitatam

2114 2340 2290 2399 fuisse
2334 2351 2536 2416 putas?
2563 2353 2728 2414 Certe
2768 2377 2864 2415 cor
2918 2364 3248 2426 feminarum
3289 2375 3494 2435 Christi
3536 2384 3680 2439 latus

2106 2429 2298 2489 lancea
2332 2440 2640 2506 perfossum
2670 2449 2971 2508 videntium
2999 2461 3238 2516 maximo
3263 2464 3450 2523 dolore
3473 2474 3674 2528 allicie—

2105 2522 2282 2584 batur.
2319 2529 2603 2596 Quomodo
2629 2549 2812 2596 autem
2841 2544 3121 2607 Christum
3153 2555 3499 2617 demortuum
3530 2569 3679 2622 vide-
3740 2585 3746 2591 ·

2105 2631 2254 2688 runt,
2292 2625 2458 2682 rebus
2506 2629 2810 2702 desperatis
2840 2643 3082 2700 animum
3113 2648 3461 2720 abjecerunt,
3494 2670 3678 2716 vestes

2101 2711 2408 2785 sciderunt,
2437 2735 2564 2776 saxa
2602 2724 2854 2792 discissa.
2884 2734 3053 2792 solem
3081 2739 3461 2814 obscuratum,
3487 2751 3674 2808 lunam

2102 2802 2225 2860 luce
2283 2810 2553 2878 privatam
2601 2821 3011 2886 quasiCbristo
3045 2833 3277 2900 patienti
3330 2854 3673 2911 conipassam

2101 2899 2282 2956 oculis
2337 2903 2638 2964 videntes?
2677 2911 2788 2968 Sed
2841 2933 2943 2974 nec
2995 2927 3257 2995 templum
3310 2931 3365 2987 in
3415 2899 3537 2990 loco
3574 2956 3675 2995 suo

2093 2994 2406 3058 persistere
2441 2999 2494 3053 in
2543 3001 2673 3060 fatis
2728 3020 2867 3068 erat.
2917 3012 3057 3072 Cum
3102 3021 3251 3076 enim
3308 3029 3466 3094 quasi
3504 3047 3670 3090 sensu

2100 3080 2346 3141 humano
2379 3092 2674 3159 praeditum
2701 3099 2917 3160 facinus
2941 3107 3192 3181 iniquum
3225 3117 3672 3184 perhorrescerct

2099 3185 2154 3229 et
2181 3176 2552 3248 legislaturem
2584 3189 2642 3244 in
2671 3207 2836 3251 cruce
2863 3176 3408 3280 pende-ntemﬁdque
3441 3217 3671 3284 nudum,

2098 3267 2346 3337 vidisset,
2391 3277 2541 3345 justa
2575 3281 2653 3338 ira
2703 3285 2983 3358 incensus,
3016 3297 3198 3353 velum
3230 3302 3524 3362 discissum
3560 3311 3663 3364 ha-

2097 3356 2247 3425 buit,
2299 3367 2446 3420 sicut
2484 3386 2716 3442 magnus
2763 3385 3024 3440 sacerdos
3059 3399 3219 3446 antea
3274 3401 3665 3456 vestimentum

2095 3448 2416 3514 disciderat.
2472 3462 2577 3519 Sed
2627 3467 2695 3522 de
2735 3469 2822 3528 bis
2865 3490 3084 3534 sacrum
3121 3481 3480 3558 Evangeliuin
3534 3501 3668 3554 milii

2093 3542 2434 3606 adeundunn

2180 3640 2257 3696 .λὰ
2297 3649 2426 3718 περὶ
2463 3653 2670 3711 τούτων
2720 3661 2782 3715 τὺ
2819 3664 2964 3737 ἱερὸν
3006 3671 3252 3738 διεξιέτω
3283 3697 3375 3749 μοι
3420 3685 3666 3755 Εὐαγγέ-

2157 3824 2282 3881 νΧΙΙ.
2328 3828 2620 3902 Postquam
2659 3841 2741 3894 διε
2784 3858 2871 3899 res
2900 3857 3091 3904 contra
3131 3867 3284 3924 spem
3310 3862 3661 3933 accidissent,

2093 3917 2412 3989 Magdalena
2443 3927 2562 3982 sine
2585 3947 2735 3987 mora
2770 3940 3068 4006 sepulturae
3103 3951 3384 4016 negotium
3413 3960 3663 4026 amplexa

2093 4009 2391 4083 Joseplium
2433 4034 2500 4074 ex
2538 4021 2840 4085 Arimatliia
2888 4035 3026 4092 adit:
3067 4040 3225 4098 Hunc
3271 4047 3419 4101 enim
3470 4068 3664 4107 monu-

2094 4105 2264 4158 menti
2311 4111 2438 4163 novi
2498 4123 2554 4168 et
2602 4120 2746 4184 quod
2797 4138 2997 4195 corpus
3040 4141 3316 4190 mortuum
3375 4156 3658 4211 nunquam

2087 4206 2418 4265 exceperat,
2473 4218 2851 4271 possessorem
2918 4234 3271 4290 cognoverat.
3322 4229 3503 4286 Locus
3545 4237 3661 4306 ipse

2987 4283 3012 4290 ν
3416 4283 3499 4286 “”’
3546 4283 3659 4306 ἰ⁷“’“⁴

2093 4283 2258 4355 hujus‘
2287 4295 2524 4360 sepulcri
2552 4299 2991 4367 jucundissimus
3036 4317 3138 4368 sub
3182 4332 3310 4374 aere
3357 4328 3659 4391 purissimo

2091 4375 2144 4429 in
2196 4378 2358 4436 horto
2406 4391 2782 4450 animnissimo
2820 4400 2959 4456 situs
2999 4416 3138 4459 erat.
3173 4407 3327 4465 llnnc
3361 4420 3527 4482 igitur
3563 4428 3657 4489 qui

2095 4469 2195 4489 Δ.--
2219 4487 2262 4489 κμ
2295 4472 2326 4489 ι’
2591 4480 2604 4489 “

3380 4469 3407 4482 ι.
3567 4469 3590 4489 -ι
3624 4469 3653 4476 κ-

2092 4469 2361 4528 ducendis
2427 4492 2524 4544 per
2591 4480 2813 4539 hortum
2873 4495 3158 4551 canalibus
3205 4500 3449 4558 intentus
3501 4522 3653 4574 erat,

2013 4563 2057 4620 Ι)
2087 4561 2223 4617 adiit
2255 4573 2311 4620 et
2340 4581 2558 4624 omnem
2594 4576 2820 4642 periculi
2857 4593 3059 4639 metum
3084 4604 3150 4642 ex
3182 4592 3366 4648 animo
3397 4597 3516 4666 ejus
3546 4605 3658 4670 ejc~

2087 4653 2183 4708 cit.
2203 4655 2634 4727 Accessiteniiu.
2649 4673 2962 4727 secundum
2983 4676 3358 4751 Evangelium,
3381 4689 3655 4761 Joseplius

2071 4747 2153 4800 ad
2180 4749 2415 4807 Pilatum
2445 4767 2501 4809 et
2522 4760 2676 4824 petiit
2699 4761 2768 4816 ab
2791 4780 2859 4818 eo
2888 4782 3089 4838 corpus
3112 4747 3264 4840 Jesu,
3298 4790 3428 4846 etc.,
3453 4747 3654 4855 dequo

2086 4838 2292 4896 videsis
2320 4845 2702 4917 Evangelinm.

2148 5110 2297 5166 'Xlll.
2340 5112 2478 5170 Cum
2507 5118 2781 5189 Iosephus
2823 5137 2879 5182 et
2905 5129 3238 5190 Nicodemns
3268 5138 3323 5192 in
3361 5155 3426 5196 eo
3459 5155 3649 5201 essent

2088 5213 2147 5257 ut
2179 5220 2382 5275 corpus
2423 5211 2671 5268 divinum
2718 5233 2748 5270 e
2799 5235 2963 5277 cruce
3011 5227 3287 5294 tollerent,
3336 5243 3393 5287 et
3435 5233 3646 5306 forcipe

2083 5307 2147 5346 ac
2179 5297 2374 5352 malleo
2402 5313 2542 5368 opus
2588 5304 2857 5362 baberent
2906 5313 2971 5366 ad
3021 5321 3390 5377 extrahendus
3435 5325 3638 5392 clavos,

2080 5383 2397 5454 Magdalena
2434 5403 2702 5459 quantum
2757 5411 2994 5468 poterat,
3029 5409 3275 5464 animum
3319 5414 3643 5471 intendebat

2078 5483 2133 5528 et
2165 5490 2433 5533 summam
2485 5483 2633 5538 circa
2684 5488 2734 5541 id
2788 5495 3063 5558 negotium
3105 5514 3290 5554 curam
3343 5504 3637 5561 Nicomede

2077 5571 2373 5639 suggessit,
2409 5583 2662 5633 metuens
2722 5580 2976 5640 videlicet
3015 5603 3079 5641 ne
3133 5593 3350 5661 aliquod
3391 5595 3636 5651 Domini-
