  <div class='ocr_page' id='page_1' title='image "/cluster/home/n/w/nwhite01/storage/ocr_20150623/147/hvd.32044073502619/291.png"; bbox 0 0 4080 6206; ppageno 0'>
   <div class='ocr_carea' id='block_1_1' title="bbox 444 245 546 305">
    <p class='ocr_par' dir='ltr' id='par_1_1' title="bbox 444 245 546 305">
     <span class='ocr_line' id='line_1_1' title="bbox 444 245 546 305; baseline 0 -1"><span class='ocrx_word' id='word_1_1' title='bbox 444 245 546 305; x_wconf 60' lang='lat'><strong>5’9</strong></span> 
     </span>
    </p>
   </div>
   <div class='ocr_carea' id='block_1_2' title="bbox 1663 228 2465 314">
    <p class='ocr_par' dir='ltr' id='par_1_2' title="bbox 1663 228 2465 314">
     <span class='ocr_line' id='line_1_2' title="bbox 1663 228 2465 314; baseline 0.004 -6"><span class='ocrx_word' id='word_1_2' title='bbox 1663 252 2078 314; x_wconf 76' lang='lat' dir='ltr'><strong>Nicernont</strong></span> <span class='ocrx_word' id='word_1_3' title='bbox 2107 228 2465 314; x_wconf 67' lang='lat' dir='ltr'><strong>‘CALLier</strong></span> 
     </span>
    </p>
   </div>
   <div class='ocr_carea' id='block_1_3' title="bbox 3587 257 3692 319">
    <p class='ocr_par' dir='ltr' id='par_1_3' title="bbox 3587 257 3692 319">
     <span class='ocr_line' id='line_1_3' title="bbox 3587 257 3692 319; baseline 0 -1"><span class='ocrx_word' id='word_1_4' title='bbox 3587 257 3692 319; x_wconf 78' lang='lat'><strong>560</strong></span> 
     </span>
    </p>
   </div>
   <div class='ocr_carea' id='block_1_4' title="bbox 446 354 2004 435">
    <p class='ocr_par' dir='ltr' id='par_1_4' title="bbox 446 354 2004 431">
     <span class='ocr_line' id='line_1_4' title="bbox 446 354 2004 431; baseline 0.004 -23"><span class='ocrx_word' id='word_1_5' title='bbox 446 373 636 409; x_wconf 69' lang='lat' dir='ltr'><strong>ruruvn</strong></span> <span class='ocrx_word' id='word_1_6' title='bbox 688 357 894 410; x_wconf 79' lang='lat' dir='ltr'><strong>ossium</strong></span> <span class='ocrx_word' id='word_1_7' title='bbox 949 354 1425 425; x_wconf 76' lang='lat' dir='ltr'><strong>cnnfriugeretur;</strong></span> <span class='ocrx_word' id='word_1_8' title='bbox 1486 367 1598 412; x_wconf 89' lang='lat' dir='ltr'><strong>tum</strong></span> <span class='ocrx_word' id='word_1_9' title='bbox 1657 360 1840 414; x_wconf 81' lang='lat' dir='ltr'><strong>clavos</strong></span> <span class='ocrx_word' id='word_1_10' title='bbox 1895 364 2004 431; x_wconf 85' lang='lat' dir='ltr'><strong>ipsa</strong></span> 
     </span>
    </p>
   </div>
   <div class='ocr_carea' id='block_1_5' title="bbox 2107 354 3691 435">
    <p class='ocr_par' dir='ltr' id='par_1_5' title="bbox 2115 361 3691 435">
     <span class='ocr_line' id='line_1_5' title="bbox 2115 361 3691 435; baseline 0 -21"><span class='ocrx_word' id='word_1_11' title='bbox 2115 362 2464 415; x_wconf 83' lang='grc' dir='ltr'>Δεσποτικῶν</span> <span class='ocrx_word' id='word_1_12' title='bbox 2491 361 2716 426; x_wconf 74' lang='grc' dir='ltr'>ὀστέων,</span> <span class='ocrx_word' id='word_1_13' title='bbox 2747 363 2823 431; x_wconf 77' lang='grc' dir='ltr'>τῷ</span> <span class='ocrx_word' id='word_1_14' title='bbox 2859 363 3158 431; x_wconf 69' lang='grc' dir='ltr'>Νικοδήμῳ</span> <span class='ocrx_word' id='word_1_15' title='bbox 3194 367 3484 435; x_wconf 67' lang='grc' dir='ltr'>πρῦσ²χεῑν</span> <span class='ocrx_word' id='word_1_16' title='bbox 3535 371 3691 434; x_wconf 72' lang='grc' dir='ltr'>ἄγρι-</span> 
     </span>
    </p>
   </div>
   <div class='ocr_carea' id='block_1_6' title="bbox 441 447 2004 518">
    <p class='ocr_par' dir='ltr' id='par_1_6' title="bbox 441 447 2004 518">
     <span class='ocr_line' id='line_1_6' title="bbox 441 447 2004 518; baseline 0.004 -18"><span class='ocrx_word' id='word_1_17' title='bbox 441 450 683 502; x_wconf 77' lang='lat' dir='ltr'><strong>osrulata</strong></span> <span class='ocrx_word' id='word_1_18' title='bbox 732 458 838 508; x_wconf 75' lang='lat' dir='ltr'><strong>est.</strong></span> <span class='ocrx_word' id='word_1_19' title='bbox 889 463 1192 515; x_wconf 84' lang='lat' dir='ltr'><strong>eorumque</strong></span> <span class='ocrx_word' id='word_1_20' title='bbox 1232 447 1534 518; x_wconf 76' lang='lat' dir='ltr'><strong>fragmenta</strong></span> <span class='ocrx_word' id='word_1_21' title='bbox 1585 452 1762 505; x_wconf 87' lang='lat' dir='ltr'><strong>oculis</strong></span> <span class='ocrx_word' id='word_1_22' title='bbox 1811 452 2004 506; x_wconf 88' lang='lat' dir='ltr'><strong>admo-</strong></span> 
     </span>
    </p>
   </div>
   <div class='ocr_carea' id='block_1_7' title="bbox 441 540 2012 610">
    <p class='ocr_par' dir='ltr' id='par_1_7' title="bbox 441 540 2012 610">
     <span class='ocr_line' id='line_1_7' title="bbox 441 540 2012 610; baseline 0.003 -15"><span class='ocrx_word' id='word_1_23' title='bbox 441 543 561 605; x_wconf 88' lang='lat' dir='ltr'><strong>vit,</strong></span> <span class='ocrx_word' id='word_1_24' title='bbox 628 540 794 608; x_wconf 85' lang='lat' dir='ltr'><strong>pedes</strong></span> <span class='ocrx_word' id='word_1_25' title='bbox 841 541 1123 608; x_wconf 89' lang='lat' dir='ltr'><strong>speeiosos</strong></span> <span class='ocrx_word' id='word_1_26' title='bbox 1179 541 1271 609; x_wconf 85' lang='lat' dir='ltr'><strong>qui</strong></span> <span class='ocrx_word' id='word_1_27' title='bbox 1336 557 1522 610; x_wconf 83' lang='lat' dir='ltr'><strong>pacem</strong></span> <span class='ocrx_word' id='word_1_28' title='bbox 1586 545 1848 600; x_wconf 80' lang='lat' dir='ltr'><strong>omnibus</strong></span> <span class='ocrx_word' id='word_1_29' title='bbox 1915 563 2012 599; x_wconf 89' lang='lat' dir='ltr'><strong>an-</strong></span> 
     </span>
    </p>
   </div>
   <div class='ocr_carea' id='block_1_8' title="bbox 441 635 2014 704">
    <p class='ocr_par' dir='ltr' id='par_1_8' title="bbox 441 635 2014 704">
     <span class='ocr_line' id='line_1_8' title="bbox 441 635 2014 704; baseline 0.003 -17"><span class='ocrx_word' id='word_1_30' title='bbox 441 635 804 690; x_wconf 84' lang='lat' dir='ltr'><strong>nnntiarunt.</strong></span> <span class='ocrx_word' id='word_1_31' title='bbox 865 644 921 686; x_wconf 91' lang='lat' dir='ltr'><strong>et</strong></span> <span class='ocrx_word' id='word_1_32' title='bbox 990 648 1225 698; x_wconf 88' lang='lat' dir='ltr'><strong>manus,</strong></span> <span class='ocrx_word' id='word_1_33' title='bbox 1271 649 1502 702; x_wconf 89' lang='lat' dir='ltr'><strong>quarum</strong></span> <span class='ocrx_word' id='word_1_34' title='bbox 1573 650 1714 704; x_wconf 88' lang='lat' dir='ltr'><strong>opus</strong></span> <span class='ocrx_word' id='word_1_35' title='bbox 1772 637 2014 692; x_wconf 85' lang='lat' dir='ltr'><strong>mundus</strong></span> 
     </span>
    </p>
   </div>
   <div class='ocr_carea' id='block_1_9' title="bbox 440 726 2014 793">
    <p class='ocr_par' dir='ltr' id='par_1_9' title="bbox 440 726 2014 793">
     <span class='ocr_line' id='line_1_9' title="bbox 440 726 2014 793; baseline 0.003 -14"><span class='ocrx_word' id='word_1_36' title='bbox 440 736 523 779; x_wconf 89' lang='lat' dir='ltr'><strong>est</strong></span> <span class='ocrx_word' id='word_1_37' title='bbox 576 736 720 780; x_wconf 87' lang='lat' dir='ltr'><strong>totus</strong></span> <span class='ocrx_word' id='word_1_38' title='bbox 765 732 826 777; x_wconf 87' lang='lat' dir='ltr'><strong>et</strong></span> <span class='ocrx_word' id='word_1_39' title='bbox 889 726 1168 793; x_wconf 65' lang='lat' dir='ltr'><strong>praecipua</strong></span> <span class='ocrx_word' id='word_1_40' title='bbox 1225 735 1477 780; x_wconf 78' lang='lat' dir='ltr'><strong>creatura</strong></span> <span class='ocrx_word' id='word_1_41' title='bbox 1533 727 1734 792; x_wconf 88' lang='lat' dir='ltr'><strong>homo,</strong></span> <span class='ocrx_word' id='word_1_42' title='bbox 1792 740 2014 784; x_wconf 87' lang='lat' dir='ltr'><strong>contre-</strong></span> 
     </span>
    </p>
   </div>
   <div class='ocr_carea' id='block_1_10' title="bbox 439 818 2012 890">
    <p class='ocr_par' dir='ltr' id='par_1_10' title="bbox 439 818 2012 890">
     <span class='ocr_line' id='line_1_10' title="bbox 439 818 2012 890; baseline 0.004 -20"><span class='ocrx_word' id='word_1_43' title='bbox 439 819 634 879; x_wconf 80' lang='lat' dir='ltr'><strong>etarit,</strong></span> <span class='ocrx_word' id='word_1_44' title='bbox 691 825 744 870; x_wconf 90' lang='lat' dir='ltr'><strong>et</strong></span> <span class='ocrx_word' id='word_1_45' title='bbox 792 824 966 869; x_wconf 90' lang='lat' dir='ltr'><strong>totum</strong></span> <span class='ocrx_word' id='word_1_46' title='bbox 1033 832 1234 886; x_wconf 83' lang='lat' dir='ltr'><strong>corpus</strong></span> <span class='ocrx_word' id='word_1_47' title='bbox 1294 818 1541 885; x_wconf 79' lang='lat' dir='ltr'><strong>amplexa</strong></span> <span class='ocrx_word' id='word_1_48' title='bbox 1601 829 1727 884; x_wconf 89' lang='lat' dir='ltr'><strong>est,</strong></span> <span class='ocrx_word' id='word_1_49' title='bbox 1782 831 2012 890; x_wconf 76' lang='lat' dir='ltr'><strong>excepta</strong></span> 
     </span>
    </p>
   </div>
   <div class='ocr_carea' id='block_1_11' title="bbox 439 907 2013 977">
    <p class='ocr_par' dir='ltr' id='par_1_11' title="bbox 439 907 2013 977">
     <span class='ocr_line' id='line_1_11' title="bbox 439 907 2013 977; baseline 0.003 -17"><span class='ocrx_word' id='word_1_50' title='bbox 439 909 553 961; x_wconf 87' lang='lat' dir='ltr'><strong>sola</strong></span> <span class='ocrx_word' id='word_1_51' title='bbox 586 907 741 971; x_wconf 85' lang='lat' dir='ltr'><strong>facie,</strong></span> <span class='ocrx_word' id='word_1_52' title='bbox 771 922 935 976; x_wconf 85' lang='lat' dir='ltr'><strong>quam</strong></span> <span class='ocrx_word' id='word_1_53' title='bbox 970 907 1040 961; x_wconf 91' lang='lat' dir='ltr'><strong>ob</strong></span> <span class='ocrx_word' id='word_1_54' title='bbox 1071 907 1459 962; x_wconf 72' lang='lat' dir='ltr'><strong>verecundiam</strong></span> <span class='ocrx_word' id='word_1_55' title='bbox 1505 909 1666 963; x_wconf 92' lang='lat' dir='ltr'><strong>matri</strong></span> <span class='ocrx_word' id='word_1_56' title='bbox 1708 913 2013 977; x_wconf 91' lang='lat' dir='ltr'><strong>concessit,</strong></span> 
     </span>
    </p>
   </div>
   <div class='ocr_carea' id='block_1_12' title="bbox 437 999 2009 1071">
    <p class='ocr_par' dir='ltr' id='par_1_12' title="bbox 437 999 2009 1071">
     <span class='ocr_line' id='line_1_12' title="bbox 437 999 2009 1071; baseline 0.004 -20"><span class='ocrx_word' id='word_1_57' title='bbox 437 1000 504 1052; x_wconf 83' lang='lat' dir='ltr'><strong>ad</strong></span> <span class='ocrx_word' id='word_1_58' title='bbox 541 1016 703 1068; x_wconf 82' lang='lat' dir='ltr'><strong>quant</strong></span> <span class='ocrx_word' id='word_1_59' title='bbox 753 1000 805 1052; x_wconf 95' lang='lat' dir='ltr'><strong>id</strong></span> <span class='ocrx_word' id='word_1_60' title='bbox 832 999 975 1069; x_wconf 88' lang='lat' dir='ltr'><strong>juris</strong></span> <span class='ocrx_word' id='word_1_61' title='bbox 1004 1011 1232 1070; x_wconf 86' lang='lat' dir='ltr'><strong>prepter</strong></span> <span class='ocrx_word' id='word_1_62' title='bbox 1262 1001 1674 1056; x_wconf 85' lang='lat' dir='ltr'><strong>maternitatem</strong></span> <span class='ocrx_word' id='word_1_63' title='bbox 1702 1005 2009 1071; x_wconf 76' lang='lat' dir='ltr'><strong>spectabat.</strong></span> 
     </span>
    </p>
   </div>
   <div class='ocr_carea' id='block_1_13' title="bbox 439 1092 2014 1163">
    <p class='ocr_par' dir='ltr' id='par_1_13' title="bbox 439 1092 2014 1163">
     <span class='ocr_line' id='line_1_13' title="bbox 439 1092 2014 1163; baseline 0.002 -16"><span class='ocrx_word' id='word_1_64' title='bbox 439 1093 576 1147; x_wconf 81' lang='lat' dir='ltr'><strong>Tum</strong></span> <span class='ocrx_word' id='word_1_65' title='bbox 633 1092 980 1162; x_wconf 79' lang='lat' dir='ltr'><strong>gemebunda</strong></span> <span class='ocrx_word' id='word_1_66' title='bbox 1035 1093 1223 1146; x_wconf 92' lang='lat' dir='ltr'><strong>crines</strong></span> <span class='ocrx_word' id='word_1_67' title='bbox 1275 1093 1463 1156; x_wconf 85' lang='lat' dir='ltr'><strong>solvit,</strong></span> <span class='ocrx_word' id='word_1_68' title='bbox 1517 1107 1685 1163; x_wconf 82' lang='lat' dir='ltr'><strong>genas</strong></span> <span class='ocrx_word' id='word_1_69' title='bbox 1735 1096 2014 1163; x_wconf 82' lang='lat' dir='ltr'><strong>unguibus</strong></span> 
     </span>
    </p>
   </div>
   <div class='ocr_carea' id='block_1_14' title="bbox 440 1184 2014 1245">
    <p class='ocr_par' dir='ltr' id='par_1_14' title="bbox 440 1184 2014 1245">
     <span class='ocr_line' id='line_1_14' title="bbox 440 1184 2014 1245; baseline 0.003 -9"><span class='ocrx_word' id='word_1_70' title='bbox 440 1184 690 1245; x_wconf 77' lang='lat' dir='ltr'><strong>ftedavit,</strong></span> <span class='ocrx_word' id='word_1_71' title='bbox 735 1184 980 1238; x_wconf 82' lang='lat' dir='ltr'><strong>extensis</strong></span> <span class='ocrx_word' id='word_1_72' title='bbox 1033 1184 1290 1238; x_wconf 83' lang='lat' dir='ltr'><strong>inanibus</strong></span> <span class='ocrx_word' id='word_1_73' title='bbox 1347 1194 1576 1239; x_wconf 82' lang='lat' dir='ltr'><strong>matrem</strong></span> <span class='ocrx_word' id='word_1_74' title='bbox 1628 1186 1905 1240; x_wconf 89' lang='lat' dir='ltr'><strong>elumbem</strong></span> <span class='ocrx_word' id='word_1_75' title='bbox 1957 1193 2014 1240; x_wconf 87' lang='lat' dir='ltr'><strong>et</strong></span> 
     </span>
    </p>
   </div>
   <div class='ocr_carea' id='block_1_15' title="bbox 437 1276 2014 1347">
    <p class='ocr_par' dir='ltr' id='par_1_15' title="bbox 437 1276 2014 1347">
     <span class='ocr_line' id='line_1_15' title="bbox 437 1276 2014 1347; baseline 0.001 -18"><span class='ocrx_word' id='word_1_76' title='bbox 437 1278 618 1345; x_wconf 81' lang='lat' dir='ltr'><strong>capite</strong></span> <span class='ocrx_word' id='word_1_77' title='bbox 645 1279 906 1345; x_wconf 88' lang='lat' dir='ltr'><strong>resupino</strong></span> <span class='ocrx_word' id='word_1_78' title='bbox 930 1292 1192 1330; x_wconf 49' lang='lat' dir='ltr'><strong>mrunme</strong></span> <span class='ocrx_word' id='word_1_79' title='bbox 1225 1276 1469 1331; x_wconf 80' lang='lat' dir='ltr'><strong>ferenda:</strong></span> <span class='ocrx_word' id='word_1_80' title='bbox 1497 1277 1643 1332; x_wconf 90' lang='lat' dir='ltr'><strong>haud</strong></span> <span class='ocrx_word' id='word_1_81' title='bbox 1677 1293 1860 1347; x_wconf 88' lang='lat' dir='ltr'><strong>parem</strong></span> <span class='ocrx_word' id='word_1_82' title='bbox 1887 1277 2014 1332; x_wconf 84' lang='lat' dir='ltr'><strong>dul-</strong></span> 
     </span>
    </p>
   </div>
   <div class='ocr_carea' id='block_1_16' title="bbox 439 1366 2012 1436">
    <p class='ocr_par' dir='ltr' id='par_1_16' title="bbox 439 1366 2012 1436">
     <span class='ocr_line' id='line_1_16' title="bbox 439 1366 2012 1436; baseline -0.001 -14"><span class='ocrx_word' id='word_1_83' title='bbox 439 1369 597 1422; x_wconf 89' lang='lat' dir='ltr'><strong>cibus</strong></span> <span class='ocrx_word' id='word_1_84' title='bbox 631 1368 819 1421; x_wconf 78' lang='lat' dir='ltr'><strong>verbis</strong></span> <span class='ocrx_word' id='word_1_85' title='bbox 855 1368 1135 1421; x_wconf 82' lang='lat' dir='ltr'><strong>consolata</strong></span> <span class='ocrx_word' id='word_1_86' title='bbox 1187 1377 1292 1422; x_wconf 89' lang='lat' dir='ltr'><strong>est.</strong></span> <span class='ocrx_word' id='word_1_87' title='bbox 1345 1366 1426 1423; x_wconf 90' lang='lat' dir='ltr'><strong>0b</strong></span> <span class='ocrx_word' id='word_1_88' title='bbox 1473 1377 1890 1436; x_wconf 84' lang='lat' dir='ltr'><strong>persecuturum</strong></span> <span class='ocrx_word' id='word_1_89' title='bbox 1933 1377 2012 1421; x_wconf 88' lang='lat' dir='ltr'><strong>ta-</strong></span> 
     </span>
    </p>
   </div>
   <div class='ocr_carea' id='block_1_17' title="bbox 440 1461 2013 1531">
    <p class='ocr_par' dir='ltr' id='par_1_17' title="bbox 440 1461 2013 1531">
     <span class='ocr_line' id='line_1_17' title="bbox 440 1461 2013 1531; baseline 0.001 -18"><span class='ocrx_word' id='word_1_90' title='bbox 440 1476 564 1513; x_wconf 87' lang='lat' dir='ltr'><strong>men</strong></span> <span class='ocrx_word' id='word_1_91' title='bbox 601 1469 809 1514; x_wconf 89' lang='lat' dir='ltr'><strong>metum</strong></span> <span class='ocrx_word' id='word_1_92' title='bbox 853 1461 1102 1513; x_wconf 86' lang='lat' dir='ltr'><strong>carmina</strong></span> <span class='ocrx_word' id='word_1_93' title='bbox 1151 1461 1408 1531; x_wconf 83' lang='lat' dir='ltr'><strong>lugubria</strong></span> <span class='ocrx_word' id='word_1_94' title='bbox 1443 1471 1670 1516; x_wconf 87' lang='lat' dir='ltr'><strong>cantare</strong></span> <span class='ocrx_word' id='word_1_95' title='bbox 1705 1477 1812 1515; x_wconf 92' lang='lat' dir='ltr'><strong>non</strong></span> <span class='ocrx_word' id='word_1_96' title='bbox 1843 1461 2013 1516; x_wconf 80' lang='lat' dir='ltr'><strong>aude-</strong></span> 
     </span>
    </p>
   </div>
   <div class='ocr_carea' id='block_1_18' title="bbox 440 1552 2012 1622">
    <p class='ocr_par' dir='ltr' id='par_1_18' title="bbox 440 1552 2012 1622">
     <span class='ocr_line' id='line_1_18' title="bbox 440 1552 2012 1622; baseline 0.001 -16"><span class='ocrx_word' id='word_1_97' title='bbox 440 1553 590 1606; x_wconf 85' lang='lat' dir='ltr'><strong>bant.</strong></span> <span class='ocrx_word' id='word_1_98' title='bbox 645 1553 925 1621; x_wconf 80' lang='lat' dir='ltr'><strong>Quidquid</strong></span> <span class='ocrx_word' id='word_1_99' title='bbox 987 1552 1040 1606; x_wconf 90' lang='lat' dir='ltr'><strong>id</strong></span> <span class='ocrx_word' id='word_1_100' title='bbox 1094 1563 1200 1613; x_wconf 84' lang='lat' dir='ltr'><strong>est,</strong></span> <span class='ocrx_word' id='word_1_101' title='bbox 1236 1553 1512 1622; x_wconf 85' lang='lat' dir='ltr'><strong>Josephus</strong></span> <span class='ocrx_word' id='word_1_102' title='bbox 1566 1569 1629 1608; x_wconf 92' lang='lat' dir='ltr'><strong>ac</strong></span> <span class='ocrx_word' id='word_1_103' title='bbox 1679 1553 2012 1608; x_wconf 81' lang='lat' dir='ltr'><strong>Nieodemus</strong></span> 
     </span>
    </p>
   </div>
   <div class='ocr_carea' id='block_1_19' title="bbox 439 1645 2010 1716">
    <p class='ocr_par' dir='ltr' id='par_1_19' title="bbox 439 1645 2010 1716">
     <span class='ocr_line' id='line_1_19' title="bbox 439 1645 2010 1716; baseline 0 -16"><span class='ocrx_word' id='word_1_104' title='bbox 439 1662 645 1716; x_wconf 87' lang='lat' dir='ltr'><strong>corpus</strong></span> <span class='ocrx_word' id='word_1_105' title='bbox 679 1646 915 1699; x_wconf 82' lang='lat' dir='ltr'><strong>sindone</strong></span> <span class='ocrx_word' id='word_1_106' title='bbox 950 1645 1229 1699; x_wconf 74' lang='lat' dir='ltr'><strong>involvere</strong></span> <span class='ocrx_word' id='word_1_107' title='bbox 1279 1661 1342 1699; x_wconf 90' lang='lat' dir='ltr'><strong>ac</strong></span> <span class='ocrx_word' id='word_1_108' title='bbox 1391 1645 1612 1715; x_wconf 80' lang='lat' dir='ltr'><strong>myrrha</strong></span> <span class='ocrx_word' id='word_1_109' title='bbox 1662 1645 1911 1710; x_wconf 88' lang='lat' dir='ltr'><strong>condire,</strong></span> <span class='ocrx_word' id='word_1_110' title='bbox 1952 1656 2010 1700; x_wconf 89' lang='lat' dir='ltr'><strong>et</strong></span> 
     </span>
    </p>
   </div>
   <div class='ocr_carea' id='block_1_20' title="bbox 2116 452 3692 522">
    <p class='ocr_par' dir='ltr' id='par_1_20' title="bbox 2116 452 3692 522">
     <span class='ocr_line' id='line_1_20' title="bbox 2116 452 3692 522; baseline 0.006 -19"><span class='ocrx_word' id='word_1_111' title='bbox 2116 452 2224 515; x_wconf 85' lang='grc' dir='ltr'>ϐὦς</span> <span class='ocrx_word' id='word_1_112' title='bbox 2259 452 2577 522; x_wconf 82' lang='grc' dir='ltr'>παρηγγύα,</span> <span class='ocrx_word' id='word_1_113' title='bbox 2600 454 2725 512; x_wconf 72' lang='grc' dir='ltr'>τοὺς</span> <span class='ocrx_word' id='word_1_114' title='bbox 2757 454 2921 521; x_wconf 78' lang='grc' dir='ltr'>ἥλους</span> <span class='ocrx_word' id='word_1_115' title='bbox 2946 469 3002 504; x_wconf 84' lang='grc' dir='ltr'><strong>τε</strong></span> <span class='ocrx_word' id='word_1_116' title='bbox 3032 455 3335 519; x_wconf 56' lang='grc' dir='ltr'>κατεφίλει,</span> <span class='ocrx_word' id='word_1_117' title='bbox 3367 460 3460 511; x_wconf 78' lang='grc' dir='ltr'>καὶ</span> <span class='ocrx_word' id='word_1_118' title='bbox 3491 458 3558 510; x_wconf 78' lang='grc' dir='ltr'>τὰ</span> <span class='ocrx_word' id='word_1_119' title='bbox 3596 460 3692 512; x_wconf 87' lang='grc' dir='ltr'>λα-</span> 
     </span>
    </p>
   </div>
   <div class='ocr_carea' id='block_1_21' title="bbox 2115 543 3696 621">
    <p class='ocr_par' dir='ltr' id='par_1_21' title="bbox 2115 543 3696 621">
     <span class='ocr_line' id='line_1_21' title="bbox 2115 543 3696 621; baseline 0.004 -25"><span class='ocrx_word' id='word_1_120' title='bbox 2115 545 2362 610; x_wconf 87' lang='grc' dir='ltr'>κίσματα</span> <span class='ocrx_word' id='word_1_121' title='bbox 2391 543 2701 614; x_wconf 78' lang='grc' dir='ltr'><strong>προσετίθει</strong></span> <span class='ocrx_word' id='word_1_122' title='bbox 2729 546 2840 606; x_wconf 84' lang='grc' dir='ltr'>τοῖς</span> <span class='ocrx_word' id='word_1_123' title='bbox 2879 545 3115 614; x_wconf 72' lang='grc' dir='ltr'>ὄμμασι,</span> <span class='ocrx_word' id='word_1_124' title='bbox 3156 548 3335 599; x_wconf 78' lang='grc' dir='ltr'>ποδῶν</span> <span class='ocrx_word' id='word_1_125' title='bbox 3376 565 3433 600; x_wconf 89' lang='grc' dir='ltr'><strong>τε</strong></span> <span class='ocrx_word' id='word_1_126' title='bbox 3469 551 3696 621; x_wconf 71' lang='grc' dir='ltr'>ἐκείνων</span> 
     </span>
    </p>
   </div>
   <div class='ocr_carea' id='block_1_22' title="bbox 2112 635 3695 710">
    <p class='ocr_par' dir='ltr' id='par_1_22' title="bbox 2112 635 3695 710">
     <span class='ocr_line' id='line_1_22' title="bbox 2112 635 3695 710; baseline 0.005 -22"><span class='ocrx_word' id='word_1_127' title='bbox 2112 637 2322 706; x_wconf 82' lang='grc' dir='ltr'>ἥπτετο</span> <span class='ocrx_word' id='word_1_128' title='bbox 2377 635 2486 688; x_wconf 83' lang='grc' dir='ltr'>τῶν</span> <span class='ocrx_word' id='word_1_129' title='bbox 2538 635 2709 698; x_wconf 73' lang='grc' dir='ltr'>ὅντως</span> <span class='ocrx_word' id='word_1_130' title='bbox 2770 636 3011 706; x_wconf 80' lang='grc' dir='ltr'>ὡραίων,</span> <span class='ocrx_word' id='word_1_131' title='bbox 3071 639 3165 690; x_wconf 78' lang='grc' dir='ltr'>καὶ</span> <span class='ocrx_word' id='word_1_132' title='bbox 3216 641 3438 710; x_wconf 78' lang='grc' dir='ltr'>εἰρήνην</span> <span class='ocrx_word' id='word_1_133' title='bbox 3487 643 3695 696; x_wconf 86' lang='grc' dir='ltr'>ἆπασιν</span> 
     </span>
    </p>
   </div>
   <div class='ocr_carea' id='block_1_23' title="bbox 2115 723 3695 802">
    <p class='ocr_par' dir='ltr' id='par_1_23' title="bbox 2115 723 3695 802">
     <span class='ocr_line' id='line_1_23' title="bbox 2115 723 3695 802; baseline 0.004 -22"><span class='ocrx_word' id='word_1_134' title='bbox 2115 727 2652 796; x_wconf 79' lang='grc' dir='ltr'>εὐαγγελισαμένων,</span> <span class='ocrx_word' id='word_1_135' title='bbox 2705 727 2801 779; x_wconf 73' lang='grc' dir='ltr'><strong>καὶ</strong></span> <span class='ocrx_word' id='word_1_136' title='bbox 2851 727 3076 798; x_wconf 76' lang='grc' dir='ltr'>χειρῶν,</span> <span class='ocrx_word' id='word_1_137' title='bbox 3141 723 3217 782; x_wconf 83' lang='grc' dir='ltr'>ὧν</span> <span class='ocrx_word' id='word_1_138' title='bbox 3265 730 3429 802; x_wconf 77' lang='grc' dir='ltr'>ἔργον</span> <span class='ocrx_word' id='word_1_139' title='bbox 3489 735 3695 801; x_wconf 77' lang='grc' dir='ltr'>κόσμος</span> 
     </span>
    </p>
   </div>
   <div class='ocr_carea' id='block_1_24' title="bbox 2117 819 3691 894">
    <p class='ocr_par' dir='ltr' id='par_1_24' title="bbox 2117 819 3691 894">
     <span class='ocr_line' id='line_1_24' title="bbox 2117 819 3691 894; baseline -0.006 -20"><span class='ocrx_word' id='word_1_140' title='bbox 2117 820 2287 882; x_wconf 75' lang='grc' dir='ltr'>ἅπας,</span> <span class='ocrx_word' id='word_1_141' title='bbox 2319 820 2414 871; x_wconf 73' lang='grc' dir='ltr'>καὶ</span> <span class='ocrx_word' id='word_1_142' title='bbox 2449 819 2556 888; x_wconf 78' lang='grc' dir='ltr'><strong>πρὸ</strong></span> <span class='ocrx_word' id='word_1_143' title='bbox 2587 819 2808 872; x_wconf 83' lang='grc' dir='ltr'>πάντων</span> <span class='ocrx_word' id='word_1_144' title='bbox 2837 820 3065 890; x_wconf 88' lang='grc' dir='ltr'>πλάσμα</span> <span class='ocrx_word' id='word_1_145' title='bbox 3096 823 3303 891; x_wconf 75' lang='grc' dir='ltr'>κυρίως</span> <span class='ocrx_word' id='word_1_146' title='bbox 3331 827 3358 877; x_wconf 78' lang='grc' dir='ltr'>ό</span> <span class='ocrx_word' id='word_1_147' title='bbox 3380 824 3691 894; x_wconf 66' lang='grc' dir='ltr'>ἄνθρωποῆ</span> 
     </span>
    </p>
   </div>
   <div class='ocr_carea' id='block_1_25' title="bbox 2114 903 3694 985">
    <p class='ocr_par' dir='ltr' id='par_1_25' title="bbox 2114 903 3694 985">
     <span class='ocr_line' id='line_1_25' title="bbox 2114 903 3694 985; baseline 0.004 -21"><span class='ocrx_word' id='word_1_148' title='bbox 2114 913 2424 983; x_wconf 85' lang='grc' dir='ltr'>περιεχεῖτό</span> <span class='ocrx_word' id='word_1_149' title='bbox 2455 930 2512 964; x_wconf 86' lang='grc' dir='ltr'><strong>τε</strong></span> <span class='ocrx_word' id='word_1_150' title='bbox 2540 912 2646 982; x_wconf 80' lang='grc' dir='ltr'>ὅλῳ</span> <span class='ocrx_word' id='word_1_151' title='bbox 2673 913 2752 983; x_wconf 82' lang='grc' dir='ltr'>τῷ</span> <span class='ocrx_word' id='word_1_152' title='bbox 2784 903 3020 982; x_wconf 78' lang='grc' dir='ltr'>σώματι,</span> <span class='ocrx_word' id='word_1_153' title='bbox 3058 916 3152 967; x_wconf 76' lang='grc' dir='ltr'><strong>καὶ</strong></span> <span class='ocrx_word' id='word_1_154' title='bbox 3189 918 3533 985; x_wconf 79' lang='grc' dir='ltr'>προσεφύετο</span> <span class='ocrx_word' id='word_1_155' title='bbox 3582 922 3694 982; x_wconf 73' lang='grc' dir='ltr'>τοῖς</span> 
     </span>
    </p>
   </div>
   <div class='ocr_carea' id='block_1_26' title="bbox 2112 1004 3693 1081">
    <p class='ocr_par' dir='ltr' id='par_1_26' title="bbox 2112 1004 3693 1081">
     <span class='ocr_line' id='line_1_26' title="bbox 2112 1004 3693 1081; baseline 0.004 -24"><span class='ocrx_word' id='word_1_156' title='bbox 2112 1005 2280 1057; x_wconf 79' lang='grc' dir='ltr'>ποσί·</span> <span class='ocrx_word' id='word_1_157' title='bbox 2321 1004 2413 1057; x_wconf 75' lang='grc' dir='ltr'>τοῦ</span> <span class='ocrx_word' id='word_1_158' title='bbox 2465 1006 2760 1073; x_wconf 76' lang='grc' dir='ltr'><strong>προσώπου</strong></span> <span class='ocrx_word' id='word_1_159' title='bbox 2794 1022 2858 1074; x_wconf 84' lang='grc' dir='ltr'><strong>γε</strong></span> <span class='ocrx_word' id='word_1_160' title='bbox 2897 1008 3004 1077; x_wconf 78' lang='grc' dir='ltr'><strong>μὴν</strong></span> <span class='ocrx_word' id='word_1_161' title='bbox 3059 1007 3155 1059; x_wconf 78' lang='grc' dir='ltr'><strong>καὶ</strong></span> <span class='ocrx_word' id='word_1_162' title='bbox 3214 1009 3406 1079; x_wconf 64' lang='grc' dir='ltr'>πόρῤω</span> <span class='ocrx_word' id='word_1_163' title='bbox 3463 1011 3693 1081; x_wconf 82' lang='grc' dir='ltr'><strong>ἀπεῖχεν</strong></span> 
     </span>
    </p>
   </div>
   <div class='ocr_carea' id='block_1_27' title="bbox 2113 1093 3693 1170">
    <p class='ocr_par' dir='ltr' id='par_1_27' title="bbox 2113 1093 3693 1170">
     <span class='ocr_line' id='line_1_27' title="bbox 2113 1093 3693 1170; baseline 0.003 -22"><span class='ocrx_word' id='word_1_164' title='bbox 2113 1093 2380 1163; x_wconf 74' lang='grc' dir='ltr'>ἅψασθαι,</span> <span class='ocrx_word' id='word_1_165' title='bbox 2417 1093 2578 1148; x_wconf 79' lang='grc' dir='ltr'>τοῦτο</span> <span class='ocrx_word' id='word_1_166' title='bbox 2617 1096 2716 1164; x_wconf 89' lang='grc' dir='ltr'>μέν</span> <span class='ocrx_word' id='word_1_167' title='bbox 2738 1096 3137 1169; x_wconf 79' lang='grc' dir='ltr'>εὐλαϐουμένη,</span> <span class='ocrx_word' id='word_1_168' title='bbox 3170 1099 3233 1150; x_wconf 80' lang='grc' dir='ltr'><strong>τὸ</strong></span> <span class='ocrx_word' id='word_1_169' title='bbox 3260 1099 3316 1152; x_wconf 83' lang='grc' dir='ltr'><strong>δὲ</strong></span> <span class='ocrx_word' id='word_1_170' title='bbox 3346 1103 3440 1152; x_wconf 70' lang='grc' dir='ltr'><strong>καὶ</strong></span> <span class='ocrx_word' id='word_1_171' title='bbox 3486 1105 3550 1170; x_wconf 84' lang='grc' dir='ltr'>τῇ</span> <span class='ocrx_word' id='word_1_172' title='bbox 3589 1120 3693 1170; x_wconf 80' lang='grc' dir='ltr'>μη-</span> 
     </span>
    </p>
   </div>
   <div class='ocr_carea' id='block_1_28' title="bbox 2112 1185 3692 1259">
    <p class='ocr_par' dir='ltr' id='par_1_28' title="bbox 2112 1185 3692 1259">
     <span class='ocr_line' id='line_1_28' title="bbox 2112 1185 3692 1259; baseline 0.004 -21"><span class='ocrx_word' id='word_1_173' title='bbox 2112 1185 2205 1256; x_wconf 56' lang='grc' dir='ltr'><strong>τρὶ⁵</strong></span> <span class='ocrx_word' id='word_1_174' title='bbox 2241 1185 2672 1256; x_wconf 84' lang='grc' dir='ltr'>παραχωροῦσα,</span> <span class='ocrx_word' id='word_1_175' title='bbox 2706 1187 2906 1259; x_wconf 84' lang='grc' dir='ltr'>ἐχούσῃ</span> <span class='ocrx_word' id='word_1_176' title='bbox 2935 1190 2998 1240; x_wconf 87' lang='grc' dir='ltr'><strong>ἐκ</strong></span> <span class='ocrx_word' id='word_1_177' title='bbox 3029 1188 3123 1241; x_wconf 82' lang='grc' dir='ltr'>τοῦ</span> <span class='ocrx_word' id='word_1_178' title='bbox 3149 1191 3313 1244; x_wconf 89' lang='grc' dir='ltr'>τόκου</span> <span class='ocrx_word' id='word_1_179' title='bbox 3352 1192 3414 1244; x_wconf 86' lang='grc' dir='ltr'>τὸ</span> <span class='ocrx_word' id='word_1_180' title='bbox 3441 1193 3649 1245; x_wconf 80' lang='grc' dir='ltr'>δίκαιον</span> <span class='ocrx_word' id='word_1_181' title='bbox 3677 1210 3692 1225; x_wconf 77' lang='grc' dir='ltr'><strong>ο</strong></span> 
     </span>
    </p>
   </div>
   <div class='ocr_carea' id='block_1_29' title="bbox 2113 1277 3694 1352">
    <p class='ocr_par' dir='ltr' id='par_1_29' title="bbox 2113 1277 3694 1352">
     <span class='ocr_line' id='line_1_29' title="bbox 2113 1277 3694 1352; baseline 0.004 -23"><span class='ocrx_word' id='word_1_182' title='bbox 2113 1277 2312 1346; x_wconf 79' lang='grc' dir='ltr'>ἐξῆρχε</span> <span class='ocrx_word' id='word_1_183' title='bbox 2345 1278 2507 1344; x_wconf 86' lang='grc' dir='ltr'>γόων,</span> <span class='ocrx_word' id='word_1_184' title='bbox 2531 1277 2810 1348; x_wconf 89' lang='grc' dir='ltr'>λυσαμένη</span> <span class='ocrx_word' id='word_1_185' title='bbox 2838 1282 2938 1341; x_wconf 80' lang='grc' dir='ltr'>τὰς</span> <span class='ocrx_word' id='word_1_186' title='bbox 2961 1281 3180 1350; x_wconf 88' lang='grc' dir='ltr'>τρίχας,</span> <span class='ocrx_word' id='word_1_187' title='bbox 3208 1281 3304 1334; x_wconf 77' lang='grc' dir='ltr'>καὶ</span> <span class='ocrx_word' id='word_1_188' title='bbox 3335 1283 3431 1344; x_wconf 80' lang='grc' dir='ltr'><strong>τὰς</strong></span> <span class='ocrx_word' id='word_1_189' title='bbox 3454 1285 3694 1352; x_wconf 72' lang='grc' dir='ltr'>παρειὰς</span> 
     </span>
    </p>
   </div>
   <div class='ocr_carea' id='block_1_30' title="bbox 2110 1369 3689 1447">
    <p class='ocr_par' dir='ltr' id='par_1_30' title="bbox 2110 1369 3689 1447">
     <span class='ocr_line' id='line_1_30' title="bbox 2110 1369 3689 1447; baseline 0.003 -26"><span class='ocrx_word' id='word_1_190' title='bbox 2110 1371 2225 1432; x_wconf 79' lang='grc' dir='ltr'>τοῖς</span> <span class='ocrx_word' id='word_1_191' title='bbox 2251 1369 2399 1433; x_wconf 78' lang='grc' dir='ltr'>ὄνυξι</span> <span class='ocrx_word' id='word_1_192' title='bbox 2431 1369 2857 1436; x_wconf 83' lang='grc' dir='ltr'>καταξαίνουσα,</span> <span class='ocrx_word' id='word_1_193' title='bbox 2893 1372 2960 1425; x_wconf 91' lang='grc' dir='ltr'><strong>ἐκ</strong></span> <span class='ocrx_word' id='word_1_194' title='bbox 3001 1374 3204 1442; x_wconf 79' lang='grc' dir='ltr'><strong>μέρους</strong></span> <span class='ocrx_word' id='word_1_195' title='bbox 3225 1374 3281 1427; x_wconf 87' lang='grc' dir='ltr'><strong>δέ</strong></span> <span class='ocrx_word' id='word_1_196' title='bbox 3314 1375 3412 1427; x_wconf 75' lang='grc' dir='ltr'>καὶ</span> <span class='ocrx_word' id='word_1_197' title='bbox 3449 1377 3547 1445; x_wconf 81' lang='grc' dir='ltr'><strong>τὴν</strong></span> <span class='ocrx_word' id='word_1_198' title='bbox 3582 1395 3689 1447; x_wconf 81' lang='grc' dir='ltr'>μη-</span> 
     </span>
    </p>
   </div>
   <div class='ocr_carea' id='block_1_31' title="bbox 2110 1461 3690 1533">
    <p class='ocr_par' dir='ltr' id='par_1_31' title="bbox 2110 1461 3690 1533">
     <span class='ocr_line' id='line_1_31' title="bbox 2110 1461 3690 1533; baseline 0.004 -21"><span class='ocrx_word' id='word_1_199' title='bbox 2110 1461 2250 1528; x_wconf 79' lang='grc' dir='ltr'>τέρα</span> <span class='ocrx_word' id='word_1_200' title='bbox 2301 1462 2686 1531; x_wconf 82' lang='grc' dir='ltr'><strong>ἀνακτωμένη,</strong></span> <span class='ocrx_word' id='word_1_201' title='bbox 2731 1463 3002 1532; x_wconf 81' lang='grc' dir='ltr'><strong>ἐπέχουσα</strong></span> <span class='ocrx_word' id='word_1_202' title='bbox 3046 1467 3258 1533; x_wconf 84' lang='grc' dir='ltr'>χεῖρας,</span> <span class='ocrx_word' id='word_1_203' title='bbox 3310 1465 3540 1519; x_wconf 81' lang='grc' dir='ltr'>καθόλου</span> <span class='ocrx_word' id='word_1_204' title='bbox 3594 1467 3690 1518; x_wconf 83' lang='grc' dir='ltr'>τοῦ</span> 
     </span>
    </p>
   </div>
   <div class='ocr_carea' id='block_1_32' title="bbox 2110 1551 3692 1625">
    <p class='ocr_par' dir='ltr' id='par_1_32' title="bbox 2110 1551 3692 1625">
     <span class='ocr_line' id='line_1_32' title="bbox 2110 1551 3692 1625; baseline 0.004 -24"><span class='ocrx_word' id='word_1_205' title='bbox 2110 1551 2404 1619; x_wconf 79' lang='grc' dir='ltr'>προσώπου</span> <span class='ocrx_word' id='word_1_206' title='bbox 2458 1551 2739 1619; x_wconf 76' lang='grc' dir='ltr'>όρμώσας,</span> <span class='ocrx_word' id='word_1_207' title='bbox 2780 1553 2879 1622; x_wconf 82' lang='grc' dir='ltr'><strong>τὴν</strong></span> <span class='ocrx_word' id='word_1_208' title='bbox 2909 1555 3150 1625; x_wconf 84' lang='grc' dir='ltr'>κεφαλήν</span> <span class='ocrx_word' id='word_1_209' title='bbox 3174 1571 3234 1606; x_wconf 91' lang='grc' dir='ltr'><strong>τε</strong></span> <span class='ocrx_word' id='word_1_210' title='bbox 3285 1555 3692 1624; x_wconf 75' lang='grc' dir='ltr'>παρεγκλίνον-</span> 
     </span>
    </p>
   </div>
   <div class='ocr_carea' id='block_1_33' title="bbox 2113 1641 3690 1713">
    <p class='ocr_par' dir='ltr' id='par_1_33' title="bbox 2113 1641 3690 1713">
     <span class='ocr_line' id='line_1_33' title="bbox 2113 1641 3690 1713; baseline 0.004 -23"><span class='ocrx_word' id='word_1_211' title='bbox 2113 1656 2234 1704; x_wconf 88' lang='grc' dir='ltr'>σαν,</span> <span class='ocrx_word' id='word_1_212' title='bbox 2260 1642 2325 1709; x_wconf 77' lang='grc' dir='ltr'>τῇ</span> <span class='ocrx_word' id='word_1_213' title='bbox 2351 1641 2664 1711; x_wconf 81' lang='grc' dir='ltr'>άνυποίστῳ</span> <span class='ocrx_word' id='word_1_214' title='bbox 2685 1641 2828 1712; x_wconf 76' lang='grc' dir='ltr'>λύπῃ</span> <span class='ocrx_word' id='word_1_215' title='bbox 2853 1641 3372 1712; x_wconf 87' lang='grc' dir='ltr'>καταϐαρυνομένην</span> <span class='ocrx_word' id='word_1_216' title='bbox 3394 1645 3690 1713; x_wconf 75' lang='grc' dir='ltr'>ἀνέχουσα,</span> 
     </span>
    </p>
   </div>
   <div class='ocr_carea' id='block_1_34' title="bbox 442 1711 2004 1807">
    <p class='ocr_par' dir='ltr' id='par_1_34' title="bbox 442 1737 2004 1807">
     <span class='ocr_line' id='line_1_34' title="bbox 442 1737 2004 1807; baseline 0.001 -17"><span class='ocrx_word' id='word_1_217' title='bbox 442 1749 501 1792; x_wconf 92' lang='lat' dir='ltr'><strong>ut</strong></span> <span class='ocrx_word' id='word_1_218' title='bbox 552 1738 874 1792; x_wconf 85' lang='lat' dir='ltr'><strong>thesaurum</strong></span> <span class='ocrx_word' id='word_1_219' title='bbox 932 1737 986 1790; x_wconf 92' lang='lat' dir='ltr'><strong>in</strong></span> <span class='ocrx_word' id='word_1_220' title='bbox 1029 1737 1285 1806; x_wconf 81' lang='lat' dir='ltr'><strong>sepulcro</strong></span> <span class='ocrx_word' id='word_1_221' title='bbox 1353 1737 1634 1805; x_wconf 85' lang='lat' dir='ltr'><strong>deponere</strong></span> <span class='ocrx_word' id='word_1_222' title='bbox 1699 1746 2004 1807; x_wconf 69' lang='lat' dir='ltr'><strong>cmpernnt.</strong></span> 
     </span>
    </p>
   </div>
   <div class='ocr_carea' id='block_1_35' title="bbox 2107 1711 3688 1807">
    <p class='ocr_par' dir='ltr' id='par_1_35' title="bbox 2111 1711 3688 1806">
     <span class='ocr_line' id='line_1_35' title="bbox 2111 1711 3688 1806; baseline 0.003 -22"><span class='ocrx_word' id='word_1_223' title='bbox 2111 1734 2204 1784; x_wconf 78' lang='grc' dir='ltr'><strong>καὶ</strong></span> <span class='ocrx_word' id='word_1_224' title='bbox 2231 1733 2412 1799; x_wconf 85' lang='grc' dir='ltr'>λόγοις</span> <span class='ocrx_word' id='word_1_225' title='bbox 2435 1733 2625 1802; x_wconf 80' lang='grc' dir='ltr'>ήπίοις</span> <span class='ocrx_word' id='word_1_226' title='bbox 2655 1733 2717 1786; x_wconf 74' lang='grc' dir='ltr'><strong>τὸ</strong></span> <span class='ocrx_word' id='word_1_227' title='bbox 2731 1711 2985 1788; x_wconf 81' lang='grc' dir='ltr'>πλεῖστον</span> <span class='ocrx_word' id='word_1_228' title='bbox 3015 1711 3337 1806; x_wconf 74' lang='grc' dir='ltr'>ἀφαιροῦσα</span> <span class='ocrx_word' id='word_1_229' title='bbox 3356 1737 3456 1805; x_wconf 82' lang='grc' dir='ltr'><strong>τῆς</strong></span> <span class='ocrx_word' id='word_1_230' title='bbox 3555 1755 3656 1804; x_wconf 82' lang='grc' dir='ltr'><strong>πης</strong></span> <span class='ocrx_word' id='word_1_231' title='bbox 3674 1752 3688 1766; x_wconf 81' lang='grc'>⁶</span> 
     </span>
    </p>
   </div>
   <div class='ocr_carea' id='block_1_36' title="bbox 437 1826 2006 1896">
    <p class='ocr_par' dir='ltr' id='par_1_36' title="bbox 437 1826 2006 1896">
     <span class='ocr_line' id='line_1_36' title="bbox 437 1826 2006 1896; baseline -0.002 -14"><span class='ocrx_word' id='word_1_232' title='bbox 437 1826 753 1896; x_wconf 80' lang='lat' dir='ltr'><strong>Magdalcna</strong></span> <span class='ocrx_word' id='word_1_233' title='bbox 779 1827 922 1880; x_wconf 92' lang='lat' dir='ltr'><strong>enim</strong></span> <span class='ocrx_word' id='word_1_234' title='bbox 949 1827 1188 1895; x_wconf 88' lang='lat' dir='ltr'><strong>Josepho</strong></span> <span class='ocrx_word' id='word_1_235' title='bbox 1217 1827 1404 1880; x_wconf 88' lang='lat' dir='ltr'><strong>instita</strong></span> <span class='ocrx_word' id='word_1_236' title='bbox 1432 1827 1717 1888; x_wconf 78' lang='lat' dir='ltr'><strong>exhibens,</strong></span> <span class='ocrx_word' id='word_1_237' title='bbox 1739 1826 1885 1890; x_wconf 88' lang='lat' dir='ltr'><strong>Tibi,</strong></span> <span class='ocrx_word' id='word_1_238' title='bbox 1909 1827 2006 1892; x_wconf 92' lang='lat' dir='ltr'><strong>ait,</strong></span> 
     </span>
    </p>
   </div>
   <div class='ocr_carea' id='block_1_37' title="bbox 438 1917 2010 1988">
    <p class='ocr_par' dir='ltr' id='par_1_37' title="bbox 438 1917 2010 1988">
     <span class='ocr_line' id='line_1_37' title="bbox 438 1917 2010 1988; baseline -0.001 -16"><span class='ocrx_word' id='word_1_239' title='bbox 438 1920 584 1988; x_wconf 91' lang='lat' dir='ltr'><strong>quod</strong></span> <span class='ocrx_word' id='word_1_240' title='bbox 618 1929 791 1975; x_wconf 86' lang='lat' dir='ltr'><strong>restat</strong></span> <span class='ocrx_word' id='word_1_241' title='bbox 821 1935 969 1974; x_wconf 70' lang='lat' dir='ltr'><strong>curre</strong></span> <span class='ocrx_word' id='word_1_242' title='bbox 996 1919 1124 1983; x_wconf 87' lang='lat' dir='ltr'><strong>erit,</strong></span> <span class='ocrx_word' id='word_1_243' title='bbox 1167 1929 1227 1972; x_wconf 92' lang='lat' dir='ltr'><strong>ut</strong></span> <span class='ocrx_word' id='word_1_244' title='bbox 1257 1919 1550 1973; x_wconf 89' lang='lat' dir='ltr'><strong>Dominum</strong></span> <span class='ocrx_word' id='word_1_245' title='bbox 1583 1917 1818 1974; x_wconf 90' lang='lat' dir='ltr'><strong>sindone</strong></span> <span class='ocrx_word' id='word_1_246' title='bbox 1851 1919 2010 1972; x_wconf 79' lang='lat' dir='ltr'><strong>invo-</strong></span> 
     </span>
    </p>
   </div>
   <div class='ocr_carea' id='block_1_38' title="bbox 437 2009 2007 2082">
    <p class='ocr_par' dir='ltr' id='par_1_38' title="bbox 437 2009 2007 2082">
     <span class='ocr_line' id='line_1_38' title="bbox 437 2009 2007 2082; baseline -0.004 -15"><span class='ocrx_word' id='word_1_247' title='bbox 437 2013 614 2068; x_wconf 91' lang='lat' dir='ltr'><strong>lutum</strong></span> <span class='ocrx_word' id='word_1_248' title='bbox 649 2014 950 2082; x_wconf 87' lang='lat' dir='ltr'><strong>sepulturae</strong></span> <span class='ocrx_word' id='word_1_249' title='bbox 983 2013 1204 2076; x_wconf 86' lang='lat' dir='ltr'><strong>tradas;</strong></span> <span class='ocrx_word' id='word_1_250' title='bbox 1251 2013 1337 2065; x_wconf 89' lang='lat' dir='ltr'><strong>cui</strong></span> <span class='ocrx_word' id='word_1_251' title='bbox 1377 2011 1600 2080; x_wconf 83' lang='lat' dir='ltr'><strong>quidem</strong></span> <span class='ocrx_word' id='word_1_252' title='bbox 1630 2011 1852 2080; x_wconf 82' lang='lat' dir='ltr'><strong>negotio</strong></span> <span class='ocrx_word' id='word_1_253' title='bbox 1890 2009 2007 2078; x_wconf 88' lang='lat' dir='ltr'><strong>ipsa</strong></span> 
     </span>
    </p>
   </div>
   <div class='ocr_carea' id='block_1_39' title="bbox 435 2101 2008 2174">
    <p class='ocr_par' dir='ltr' id='par_1_39' title="bbox 435 2101 2008 2174">
     <span class='ocr_line' id='line_1_39' title="bbox 435 2101 2008 2174; baseline -0.003 -15"><span class='ocrx_word' id='word_1_254' title='bbox 435 2121 636 2160; x_wconf 89' lang='lat' dir='ltr'><strong>manus</strong></span> <span class='ocrx_word' id='word_1_255' title='bbox 670 2105 941 2159; x_wconf 78' lang='lat' dir='ltr'><strong>afferebat</strong></span> <span class='ocrx_word' id='word_1_256' title='bbox 980 2115 1037 2158; x_wconf 91' lang='lat' dir='ltr'><strong>ut</strong></span> <span class='ocrx_word' id='word_1_257' title='bbox 1068 2113 1123 2159; x_wconf 87' lang='lat' dir='ltr'><strong>ct</strong></span> <span class='ocrx_word' id='word_1_258' title='bbox 1162 2115 1336 2158; x_wconf 88' lang='lat' dir='ltr'><strong>mater</strong></span> <span class='ocrx_word' id='word_1_259' title='bbox 1368 2105 1506 2174; x_wconf 86' lang='lat' dir='ltr'><strong>ipsa,</strong></span> <span class='ocrx_word' id='word_1_260' title='bbox 1553 2105 1713 2174; x_wconf 81' lang='lat' dir='ltr'><strong>cujus</strong></span> <span class='ocrx_word' id='word_1_261' title='bbox 1758 2101 2008 2156; x_wconf 83' lang='lat' dir='ltr'><strong>dolorem</strong></span> 
     </span>
    </p>
   </div>
   <div class='ocr_carea' id='block_1_40' title="bbox 437 2193 2010 2266">
    <p class='ocr_par' dir='ltr' id='par_1_40' title="bbox 437 2193 2010 2266">
     <span class='ocr_line' id='line_1_40' title="bbox 437 2193 2010 2266; baseline -0.004 -15"><span class='ocrx_word' id='word_1_262' title='bbox 437 2213 502 2251; x_wconf 86' lang='lat' dir='ltr'><strong>ac</strong></span> <span class='ocrx_word' id='word_1_263' title='bbox 525 2213 712 2252; x_wconf 89' lang='lat' dir='ltr'><strong>curam</strong></span> <span class='ocrx_word' id='word_1_264' title='bbox 739 2197 1122 2266; x_wconf 81' lang='lat' dir='ltr'><strong>participabat.</strong></span> <span class='ocrx_word' id='word_1_265' title='bbox 1145 2195 1252 2250; x_wconf 76' lang='lat' dir='ltr'><strong>Ubi</strong></span> <span class='ocrx_word' id='word_1_266' title='bbox 1283 2211 1414 2249; x_wconf 81' lang='lat' dir='ltr'><strong>vero</strong></span> <span class='ocrx_word' id='word_1_267' title='bbox 1437 2209 1640 2264; x_wconf 92' lang='lat' dir='ltr'><strong>corpus</strong></span> <span class='ocrx_word' id='word_1_268' title='bbox 1667 2193 2010 2247; x_wconf 74' lang='lat' dir='ltr'><strong>Dominicum</strong></span> 
     </span>
    </p>
   </div>
   <div class='ocr_carea' id='block_1_41' title="bbox 435 2286 2008 2357">
    <p class='ocr_par' dir='ltr' id='par_1_41' title="bbox 435 2286 2008 2357">
     <span class='ocr_line' id='line_1_41' title="bbox 435 2286 2008 2357; baseline -0.003 -16"><span class='ocrx_word' id='word_1_269' title='bbox 435 2288 759 2357; x_wconf 87' lang='lat' dir='ltr'><strong>resupinum</strong></span> <span class='ocrx_word' id='word_1_270' title='bbox 788 2288 934 2341; x_wconf 91' lang='lat' dir='ltr'><strong>ineo</strong></span> <span class='ocrx_word' id='word_1_271' title='bbox 965 2298 1107 2342; x_wconf 83' lang='lat' dir='ltr'><strong>esset</strong></span> <span class='ocrx_word' id='word_1_272' title='bbox 1135 2295 1192 2341; x_wconf 92' lang='lat' dir='ltr'><strong>ut</strong></span> <span class='ocrx_word' id='word_1_273' title='bbox 1219 2287 1286 2340; x_wconf 90' lang='lat' dir='ltr'><strong>ad</strong></span> <span class='ocrx_word' id='word_1_274' title='bbox 1321 2287 1658 2355; x_wconf 85' lang='lat' dir='ltr'><strong>sepulturam</strong></span> <span class='ocrx_word' id='word_1_275' title='bbox 1694 2286 2008 2350; x_wconf 72' lang='lat' dir='ltr'><strong>efferretur,</strong></span> 
     </span>
    </p>
   </div>
   <div class='ocr_carea' id='block_1_42' title="bbox 436 2378 2010 2450">
    <p class='ocr_par' dir='ltr' id='par_1_42' title="bbox 436 2378 2010 2450">
     <span class='ocr_line' id='line_1_42' title="bbox 436 2378 2010 2450; baseline -0.001 -17"><span class='ocrx_word' id='word_1_276' title='bbox 436 2382 561 2450; x_wconf 85' lang='lat' dir='ltr'><strong>quis</strong></span> <span class='ocrx_word' id='word_1_277' title='bbox 593 2392 798 2434; x_wconf 64' lang='lat' dir='ltr'><strong>sanctae</strong></span> <span class='ocrx_word' id='word_1_278' title='bbox 830 2379 1050 2434; x_wconf 70' lang='lat' dir='ltr'><strong>femina:</strong></span> <span class='ocrx_word' id='word_1_279' title='bbox 1089 2378 1338 2433; x_wconf 88' lang='lat' dir='ltr'><strong>dolorem</strong></span> <span class='ocrx_word' id='word_1_280' title='bbox 1373 2388 1430 2431; x_wconf 88' lang='lat' dir='ltr'><strong>et</strong></span> <span class='ocrx_word' id='word_1_281' title='bbox 1475 2379 1684 2432; x_wconf 86' lang='lat' dir='ltr'><strong>luctum</strong></span> <span class='ocrx_word' id='word_1_282' title='bbox 1712 2392 2010 2431; x_wconf 78' lang='lat' dir='ltr'><strong>enarrare-</strong></span> 
     </span>
    </p>
   </div>
   <div class='ocr_carea' id='block_1_43' title="bbox 437 2469 2005 2543">
    <p class='ocr_par' dir='ltr' id='par_1_43' title="bbox 437 2469 2005 2543">
     <span class='ocr_line' id='line_1_43' title="bbox 437 2469 2005 2543; baseline -0.003 -16"><span class='ocrx_word' id='word_1_283' title='bbox 437 2473 551 2528; x_wconf 86' lang='lat' dir='ltr'><strong>rit?</strong></span> <span class='ocrx_word' id='word_1_284' title='bbox 581 2473 774 2527; x_wconf 81' lang='lat' dir='ltr'><strong>Melius</strong></span> <span class='ocrx_word' id='word_1_285' title='bbox 796 2488 936 2543; x_wconf 83' lang='lat' dir='ltr'><strong>ergo</strong></span> <span class='ocrx_word' id='word_1_286' title='bbox 985 2482 1119 2541; x_wconf 91' lang='lat' dir='ltr'><strong>puto</strong></span> <span class='ocrx_word' id='word_1_287' title='bbox 1155 2472 1379 2526; x_wconf 80' lang='lat' dir='ltr'><strong>silentio</strong></span> <span class='ocrx_word' id='word_1_288' title='bbox 1415 2469 1473 2543; x_wconf 75' lang='lat' dir='ltr'><strong>id</strong></span> <span class='ocrx_word' id='word_1_289' title='bbox 1510 2469 1793 2539; x_wconf 66' lang='lat' dir='ltr'><strong>prteterire</strong></span> <span class='ocrx_word' id='word_1_290' title='bbox 1839 2485 2005 2538; x_wconf 89' lang='lat' dir='ltr'><strong>quam</strong></span> 
     </span>
    </p>
   </div>
   <div class='ocr_carea' id='block_1_44' title="bbox 435 2559 2002 2634">
    <p class='ocr_par' dir='ltr' id='par_1_44' title="bbox 435 2559 2002 2634">
     <span class='ocr_line' id='line_1_44' title="bbox 435 2559 2002 2634; baseline -0.003 -14"><span class='ocrx_word' id='word_1_291' title='bbox 435 2581 694 2620; x_wconf 86' lang='lat' dir='ltr'><strong>sermone</strong></span> <span class='ocrx_word' id='word_1_292' title='bbox 724 2581 834 2620; x_wconf 93' lang='lat' dir='ltr'><strong>non</strong></span> <span class='ocrx_word' id='word_1_293' title='bbox 871 2565 1005 2618; x_wconf 81' lang='lat' dir='ltr'><strong>satis</strong></span> <span class='ocrx_word' id='word_1_294' title='bbox 1037 2565 1201 2634; x_wconf 54' lang='lat' dir='ltr'><strong>digno</strong></span> <span class='ocrx_word' id='word_1_295' title='bbox 1227 2577 1573 2632; x_wconf 89' lang='lat' dir='ltr'><strong>percurrere.</strong></span> <span class='ocrx_word' id='word_1_296' title='bbox 1603 2559 1695 2614; x_wconf 87' lang='lat' dir='ltr'><strong>Sic</strong></span> <span class='ocrx_word' id='word_1_297' title='bbox 1719 2561 1884 2628; x_wconf 74' lang='lat' dir='ltr'><strong>igitur</strong></span> <span class='ocrx_word' id='word_1_298' title='bbox 1906 2561 2002 2630; x_wconf 92' lang='lat' dir='ltr'><strong>qui</strong></span> 
     </span>
    </p>
   </div>
   <div class='ocr_carea' id='block_1_45' title="bbox 437 2645 1998 2724">
    <p class='ocr_par' dir='ltr' id='par_1_45' title="bbox 437 2645 1998 2724">
     <span class='ocr_line' id='line_1_45' title="bbox 437 2645 1998 2724; baseline -0.002 -15"><span class='ocrx_word' id='word_1_299' title='bbox 437 2657 698 2710; x_wconf 89' lang='lat' dir='ltr'><strong>omnibus</strong></span> <span class='ocrx_word' id='word_1_300' title='bbox 730 2659 894 2709; x_wconf 89' lang='lat' dir='ltr'><strong>vitam</strong></span> <span class='ocrx_word' id='word_1_301' title='bbox 931 2645 1184 2724; x_wconf 68' lang='lat' dir='ltr'><strong>inspirat,</strong></span> <span class='ocrx_word' id='word_1_302' title='bbox 1226 2655 1281 2708; x_wconf 87' lang='lat' dir='ltr'><strong>in</strong></span> <span class='ocrx_word' id='word_1_303' title='bbox 1327 2654 1584 2724; x_wconf 84' lang='lat' dir='ltr'><strong>sepulcro</strong></span> <span class='ocrx_word' id='word_1_304' title='bbox 1628 2652 1795 2706; x_wconf 82' lang='lat' dir='ltr'><strong>vitam</strong></span> <span class='ocrx_word' id='word_1_305' title='bbox 1859 2667 1998 2707; x_wconf 86' lang='lat' dir='ltr'><strong>con-</strong></span> 
     </span>
    </p>
   </div>
   <div class='ocr_carea' id='block_1_46' title="bbox 435 2751 1011 2819">
    <p class='ocr_par' dir='ltr' id='par_1_46' title="bbox 435 2751 1011 2819">
     <span class='ocr_line' id='line_1_46' title="bbox 435 2751 1011 2819; baseline 0.005 -17"><span class='ocrx_word' id='word_1_306' title='bbox 435 2759 661 2804; x_wconf 85' lang='lat' dir='ltr'><strong>tenturo</strong></span> <span class='ocrx_word' id='word_1_307' title='bbox 693 2751 1011 2819; x_wconf 83' lang='lat' dir='ltr'><strong>deponitur.</strong></span> 
     </span>
    </p>
   </div>
   <div class='ocr_carea' id='block_1_47' title="bbox 2114 1821 3691 1897">
    <p class='ocr_par' dir='ltr' id='par_1_47' title="bbox 2114 1821 3691 1897">
     <span class='ocr_line' id='line_1_47' title="bbox 2114 1821 3691 1897; baseline 0.004 -22"><span class='ocrx_word' id='word_1_308' title='bbox 2114 1823 2250 1875; x_wconf 81' lang='grc' dir='ltr'>ἀλλὰ</span> <span class='ocrx_word' id='word_1_309' title='bbox 2276 1823 2352 1892; x_wconf 85' lang='grc' dir='ltr'>τῷ</span> <span class='ocrx_word' id='word_1_310' title='bbox 2379 1824 2529 1894; x_wconf 86' lang='grc' dir='ltr'>φόϐῳ</span> <span class='ocrx_word' id='word_1_311' title='bbox 2556 1824 2666 1877; x_wconf 84' lang='grc' dir='ltr'>τῶν</span> <span class='ocrx_word' id='word_1_312' title='bbox 2707 1825 2952 1879; x_wconf 86' lang='grc' dir='ltr'>διωκτῶν</span> <span class='ocrx_word' id='word_1_313' title='bbox 2985 1827 3084 1878; x_wconf 86' lang='grc' dir='ltr'><strong>ούκ</strong></span> <span class='ocrx_word' id='word_1_314' title='bbox 3114 1821 3184 1897; x_wconf 79' lang='grc' dir='ltr'><strong>ἦν</strong></span> <span class='ocrx_word' id='word_1_315' title='bbox 3215 1828 3406 1889; x_wconf 73' lang='grc' dir='ltr'>αὑταῖς</span> <span class='ocrx_word' id='word_1_316' title='bbox 3455 1829 3528 1889; x_wconf 80' lang='grc' dir='ltr'>ὡς</span> <span class='ocrx_word' id='word_1_317' title='bbox 3566 1828 3691 1896; x_wconf 81' lang='grc' dir='ltr'>βου·</span> 
     </span>
    </p>
   </div>
   <div class='ocr_carea' id='block_1_48' title="bbox 2115 1902 3692 1988">
    <p class='ocr_par' dir='ltr' id='par_1_48' title="bbox 2115 1902 3692 1988">
     <span class='ocr_line' id='line_1_48' title="bbox 2115 1902 3692 1988; baseline 0.003 -21"><span class='ocrx_word' id='word_1_318' title='bbox 2115 1915 2374 1985; x_wconf 88' lang='grc' dir='ltr'>λομέναις</span> <span class='ocrx_word' id='word_1_319' title='bbox 2402 1916 2551 1985; x_wconf 79' lang='grc' dir='ltr'>ἐξῆν,</span> <span class='ocrx_word' id='word_1_320' title='bbox 2575 1918 2688 1980; x_wconf 85' lang='grc' dir='ltr'>τοῖς</span> <span class='ocrx_word' id='word_1_321' title='bbox 2723 1915 2944 1982; x_wconf 82' lang='grc' dir='ltr'>ἐξοδίοις</span> <span class='ocrx_word' id='word_1_322' title='bbox 2989 1919 3083 1972; x_wconf 61' lang='grc' dir='ltr'><strong>καὶ⁵</strong></span> <span class='ocrx_word' id='word_1_323' title='bbox 3119 1902 3428 1988; x_wconf 72' lang='grc' dir='ltr'><strong>ἐπιταφίοις</strong></span> <span class='ocrx_word' id='word_1_324' title='bbox 3481 1921 3692 1988; x_wconf 76' lang='grc' dir='ltr'>χρήσα-</span> 
     </span>
    </p>
   </div>
   <div class='ocr_carea' id='block_1_49' title="bbox 2119 2009 3690 2084">
    <p class='ocr_par' dir='ltr' id='par_1_49' title="bbox 2119 2009 3690 2084">
     <span class='ocr_line' id='line_1_49' title="bbox 2119 2009 3690 2084; baseline 0.004 -22"><span class='ocrx_word' id='word_1_325' title='bbox 2119 2009 2245 2063; x_wconf 90' lang='grc' dir='ltr'>σθαι</span> <span class='ocrx_word' id='word_1_326' title='bbox 2290 2011 2532 2078; x_wconf 89' lang='grc' dir='ltr'>μέλεσιν.</span> <span class='ocrx_word' id='word_1_327' title='bbox 2569 2012 2789 2082; x_wconf 81' lang='grc' dir='ltr'><strong>Ἀμέλει</strong></span> <span class='ocrx_word' id='word_1_328' title='bbox 2839 2016 2936 2066; x_wconf 81' lang='grc' dir='ltr'>καὶ</span> <span class='ocrx_word' id='word_1_329' title='bbox 2967 2015 3032 2082; x_wconf 79' lang='grc' dir='ltr'>τῇ</span> <span class='ocrx_word' id='word_1_330' title='bbox 3094 2016 3285 2084; x_wconf 68' lang='grc' dir='ltr'>μητρὶ,</span> <span class='ocrx_word' id='word_1_331' title='bbox 3322 2014 3538 2068; x_wconf 78' lang='grc' dir='ltr'><strong>Τούτων</strong></span> <span class='ocrx_word' id='word_1_332' title='bbox 3566 2017 3690 2080; x_wconf 74' lang='grc' dir='ltr'>οὐκ,</span> 
     </span>
    </p>
   </div>
   <div class='ocr_carea' id='block_1_50' title="bbox 2119 2099 3687 2174">
    <p class='ocr_par' dir='ltr' id='par_1_50' title="bbox 2119 2099 3687 2174">
     <span class='ocr_line' id='line_1_50' title="bbox 2119 2099 3687 2174; baseline 0.003 -20"><span class='ocrx_word' id='word_1_333' title='bbox 2119 2099 2376 2166; x_wconf 76' lang='grc' dir='ltr'>εἰποῦσα,</span> <span class='ocrx_word' id='word_1_334' title='bbox 2404 2101 2620 2172; x_wconf 78' lang='grc' dir='ltr'>καιρὸς,</span> <span class='ocrx_word' id='word_1_335' title='bbox 2646 2101 2846 2172; x_wconf 82' lang='grc' dir='ltr'>Ἰωσὴφ</span> <span class='ocrx_word' id='word_1_336' title='bbox 2869 2103 2962 2156; x_wconf 74' lang='grc' dir='ltr'>καὶ</span> <span class='ocrx_word' id='word_1_337' title='bbox 2993 2104 3290 2174; x_wconf 85' lang='grc' dir='ltr'><strong>Νικοδήμῳ</strong></span> <span class='ocrx_word' id='word_1_338' title='bbox 3321 2105 3687 2167; x_wconf 87' lang='grc' dir='ltr'>ἐνεκελεύετο,</span> 
     </span>
    </p>
   </div>
   <div class='ocr_carea' id='block_1_51' title="bbox 2116 2185 3692 2265">
    <p class='ocr_par' dir='ltr' id='par_1_51' title="bbox 2116 2185 3692 2265">
     <span class='ocr_line' id='line_1_51' title="bbox 2116 2185 3692 2265; baseline 0.003 -22"><span class='ocrx_word' id='word_1_339' title='bbox 2116 2185 2172 2244; x_wconf 79' lang='grc' dir='ltr'>οἷ</span> <span class='ocrx_word' id='word_1_340' title='bbox 2197 2192 2398 2260; x_wconf 88' lang='grc' dir='ltr'>τάχους</span> <span class='ocrx_word' id='word_1_341' title='bbox 2434 2190 2578 2262; x_wconf 77' lang='grc' dir='ltr'>εἶχον</span> <span class='ocrx_word' id='word_1_342' title='bbox 2610 2192 2887 2264; x_wconf 78' lang='grc' dir='ltr'>ἐνειλῆσαι</span> <span class='ocrx_word' id='word_1_343' title='bbox 2918 2195 3118 2248; x_wconf 82' lang='grc' dir='ltr'>σινδόνι</span> <span class='ocrx_word' id='word_1_344' title='bbox 3153 2196 3215 2249; x_wconf 81' lang='grc' dir='ltr'><strong>τὸ</strong></span> <span class='ocrx_word' id='word_1_345' title='bbox 3247 2196 3428 2265; x_wconf 85' lang='grc' dir='ltr'>σῶμα,</span> <span class='ocrx_word' id='word_1_346' title='bbox 3461 2197 3692 2264; x_wconf 82' lang='grc' dir='ltr'>θεοπρε-</span> 
     </span>
    </p>
   </div>
   <div class='ocr_carea' id='block_1_52' title="bbox 2113 2284 3689 2358">
    <p class='ocr_par' dir='ltr' id='par_1_52' title="bbox 2113 2284 3689 2358">
     <span class='ocr_line' id='line_1_52' title="bbox 2113 2284 3689 2358; baseline 0.004 -23"><span class='ocrx_word' id='word_1_347' title='bbox 2113 2284 2231 2346; x_wconf 83' lang='grc' dir='ltr'>πῶς</span> <span class='ocrx_word' id='word_1_348' title='bbox 2257 2301 2315 2336; x_wconf 89' lang='grc' dir='ltr'><strong>τε</strong></span> <span class='ocrx_word' id='word_1_349' title='bbox 2368 2286 2683 2354; x_wconf 83' lang='grc' dir='ltr'>σμυρνίσαι,</span> <span class='ocrx_word' id='word_1_350' title='bbox 2726 2287 2820 2340; x_wconf 74' lang='grc' dir='ltr'><strong>καὶ</strong></span> <span class='ocrx_word' id='word_1_351' title='bbox 2844 2287 2918 2350; x_wconf 84' lang='grc' dir='ltr'>ὡς</span> <span class='ocrx_word' id='word_1_352' title='bbox 2949 2287 3226 2358; x_wconf 88' lang='grc' dir='ltr'>θησαυρόν</span> <span class='ocrx_word' id='word_1_353' title='bbox 3267 2306 3388 2342; x_wconf 91' lang='grc' dir='ltr'>τινα</span> <span class='ocrx_word' id='word_1_354' title='bbox 3414 2289 3490 2357; x_wconf 80' lang='grc' dir='ltr'>τῷ</span> <span class='ocrx_word' id='word_1_355' title='bbox 3529 2292 3689 2357; x_wconf 71' lang='grc' dir='ltr'>τάφῳ</span> 
     </span>
    </p>
   </div>
   <div class='ocr_carea' id='block_1_53' title="bbox 2113 2377 3688 2451">
    <p class='ocr_par' dir='ltr' id='par_1_53' title="bbox 2113 2377 3688 2451">
     <span class='ocr_line' id='line_1_53' title="bbox 2113 2377 3688 2451; baseline 0.003 -23"><span class='ocrx_word' id='word_1_356' title='bbox 2113 2377 2493 2440; x_wconf 80' lang='grc' dir='ltr'>ὲναποθέσθαι,</span> <span class='ocrx_word' id='word_1_357' title='bbox 2530 2379 2630 2448; x_wconf 88' lang='grc' dir='ltr'><strong>τήν</strong></span> <span class='ocrx_word' id='word_1_358' title='bbox 2654 2395 2714 2431; x_wconf 90' lang='grc' dir='ltr'><strong>τε</strong></span> <span class='ocrx_word' id='word_1_359' title='bbox 2757 2379 2973 2433; x_wconf 86' lang='grc' dir='ltr'><strong>σινδόνα</strong></span> <span class='ocrx_word' id='word_1_360' title='bbox 3020 2381 3115 2433; x_wconf 83' lang='grc' dir='ltr'>καὶ</span> <span class='ocrx_word' id='word_1_361' title='bbox 3168 2381 3266 2450; x_wconf 79' lang='grc' dir='ltr'>τὴν</span> <span class='ocrx_word' id='word_1_362' title='bbox 3305 2383 3554 2450; x_wconf 79' lang='grc' dir='ltr'>σμύρναν</span> <span class='ocrx_word' id='word_1_363' title='bbox 3609 2383 3688 2451; x_wconf 85' lang='grc' dir='ltr'><strong>τῷ</strong></span> 
     </span>
    </p>
   </div>
   <div class='ocr_carea' id='block_1_54' title="bbox 2123 2470 3682 2544">
    <p class='ocr_par' dir='ltr' id='par_1_54' title="bbox 2123 2470 3682 2544">
     <span class='ocr_line' id='line_1_54' title="bbox 2123 2470 3682 2544; baseline 0.001 -21"><span class='ocrx_word' id='word_1_364' title='bbox 2123 2470 2324 2538; x_wconf 78' lang='grc' dir='ltr'>Ἰωσήφ</span> <span class='ocrx_word' id='word_1_365' title='bbox 2355 2471 2736 2540; x_wconf 84' lang='grc' dir='ltr'>ἐγχειρίσασα,</span> <span class='ocrx_word' id='word_1_366' title='bbox 2771 2472 2881 2536; x_wconf 78' lang='grc' dir='ltr'><strong>Σοὶ,</strong></span> <span class='ocrx_word' id='word_1_367' title='bbox 2907 2473 3179 2544; x_wconf 51' lang='lat' dir='ltr'><strong>uncino?)</strong></span> <span class='ocrx_word' id='word_1_368' title='bbox 3203 2475 3394 2527; x_wconf 86' lang='grc' dir='ltr'>λοιποῦ</span> <span class='ocrx_word' id='word_1_369' title='bbox 3433 2477 3682 2544; x_wconf 83' lang='grc' dir='ltr'>μελήσει,</span> 
     </span>
    </p>
   </div>
   <div class='ocr_carea' id='block_1_55' title="bbox 2111 2561 3685 2638">
    <p class='ocr_par' dir='ltr' id='par_1_55' title="bbox 2111 2561 3685 2638">
     <span class='ocr_line' id='line_1_55' title="bbox 2111 2561 3685 2638; baseline 0.003 -24"><span class='ocrx_word' id='word_1_370' title='bbox 2111 2561 2256 2625; x_wconf 85' lang='grc' dir='ltr'>ὅπως</span> <span class='ocrx_word' id='word_1_371' title='bbox 2280 2562 2468 2616; x_wconf 83' lang='grc' dir='ltr'>τοῦτον</span> <span class='ocrx_word' id='word_1_372' title='bbox 2496 2565 2822 2634; x_wconf 85' lang='grc' dir='ltr'>ἐνειλήσαις,</span> <span class='ocrx_word' id='word_1_373' title='bbox 2841 2566 2939 2619; x_wconf 72' lang='grc' dir='ltr'><strong>καὶ</strong></span> <span class='ocrx_word' id='word_1_374' title='bbox 2959 2569 3022 2637; x_wconf 75' lang='grc' dir='ltr'>τῇ</span> <span class='ocrx_word' id='word_1_375' title='bbox 3053 2570 3200 2637; x_wconf 80' lang='grc' dir='ltr'>ταφῇ</span> <span class='ocrx_word' id='word_1_376' title='bbox 3223 2568 3499 2638; x_wconf 83' lang='grc' dir='ltr'>παραδῷς,</span> <span class='ocrx_word' id='word_1_377' title='bbox 3524 2571 3613 2621; x_wconf 59' lang='grc' dir='ltr'>κατ.</span> <span class='ocrx_word' id='word_1_378' title='bbox 3635 2569 3685 2619; x_wconf 82' lang='grc' dir='ltr'>τ’</span> 
     </span>
    </p>
   </div>
   <div class='ocr_carea' id='block_1_56' title="bbox 2108 2653 3684 2728">
    <p class='ocr_par' dir='ltr' id='par_1_56' title="bbox 2108 2653 3684 2728">
     <span class='ocr_line' id='line_1_56' title="bbox 2108 2653 3684 2728; baseline 0.003 -20"><span class='ocrx_word' id='word_1_379' title='bbox 2108 2653 2245 2708; x_wconf 85' lang='grc' dir='ltr'>ἄλλα</span> <span class='ocrx_word' id='word_1_380' title='bbox 2294 2654 2359 2724; x_wconf 79' lang='grc' dir='ltr'><strong>δὴ</strong></span> <span class='ocrx_word' id='word_1_381' title='bbox 2408 2656 2509 2709; x_wconf 82' lang='grc' dir='ltr'>ὅσα</span> <span class='ocrx_word' id='word_1_382' title='bbox 2540 2657 2670 2726; x_wconf 78' lang='grc' dir='ltr'>περὶ</span> <span class='ocrx_word' id='word_1_383' title='bbox 2700 2657 2792 2709; x_wconf 84' lang='grc' dir='ltr'>τὸν</span> <span class='ocrx_word' id='word_1_384' title='bbox 2818 2659 2986 2726; x_wconf 80' lang='grc' dir='ltr'>τάφον</span> <span class='ocrx_word' id='word_1_385' title='bbox 3020 2659 3416 2728; x_wconf 77' lang='grc' dir='ltr'>άμφεπονεῖτο’</span> <span class='ocrx_word' id='word_1_386' title='bbox 3449 2662 3517 2712; x_wconf 77' lang='grc' dir='ltr'><strong>τά</strong></span> <span class='ocrx_word' id='word_1_387' title='bbox 3562 2658 3684 2712; x_wconf 82' lang='grc' dir='ltr'>δεύ-</span> 
     </span>
    </p>
   </div>
   <div class='ocr_carea' id='block_1_57' title="bbox 2103 2748 3682 2820">
    <p class='ocr_par' dir='ltr' id='par_1_57' title="bbox 2103 2748 3682 2820">
     <span class='ocr_line' id='line_1_57' title="bbox 2103 2748 3682 2820; baseline 0.003 -22"><span class='ocrx_word' id='word_1_388' title='bbox 2103 2763 2238 2814; x_wconf 89' lang='grc' dir='ltr'>τερα</span> <span class='ocrx_word' id='word_1_389' title='bbox 2271 2749 2410 2816; x_wconf 69' lang='grc' dir='ltr'>μετὰ</span> <span class='ocrx_word' id='word_1_390' title='bbox 2434 2748 2532 2818; x_wconf 77' lang='grc' dir='ltr'><strong>τήν</strong></span> <span class='ocrx_word' id='word_1_391' title='bbox 2561 2750 2770 2819; x_wconf 84' lang='grc' dir='ltr'>μητέρα</span> <span class='ocrx_word' id='word_1_392' title='bbox 2800 2749 2940 2802; x_wconf 84' lang='grc' dir='ltr'>κατά</span> <span class='ocrx_word' id='word_1_393' title='bbox 2967 2767 3026 2802; x_wconf 90' lang='grc' dir='ltr'><strong>τε</strong></span> <span class='ocrx_word' id='word_1_394' title='bbox 3046 2750 3224 2819; x_wconf 83' lang='grc' dir='ltr'>λύπην</span> <span class='ocrx_word' id='word_1_395' title='bbox 3261 2754 3357 2802; x_wconf 78' lang='grc' dir='ltr'><strong>καὶ</strong></span> <span class='ocrx_word' id='word_1_396' title='bbox 3373 2750 3470 2820; x_wconf 80' lang='grc' dir='ltr'><strong>τὴν</strong></span> <span class='ocrx_word' id='word_1_397' title='bbox 3493 2751 3682 2820; x_wconf 72' lang='grc' dir='ltr'>λοιπὴν</span> 
     </span>
    </p>
   </div>
   <div class='ocr_carea' id='block_1_58' title="bbox 433 2837 3680 2917">
    <p class='ocr_par' dir='ltr' id='par_1_58' title="bbox 433 2837 3680 2917">
     <span class='ocr_line' id='line_1_58' title="bbox 433 2837 3680 2917; baseline -0.001 -18"><span class='ocrx_word' id='word_1_398' title='bbox 433 2846 754 2917; x_wconf 77' lang='grc' dir='ltr'>διακειμένη</span> <span class='ocrx_word' id='word_1_399' title='bbox 788 2844 1047 2913; x_wconf 78' lang='grc' dir='ltr'>σπουδήν.</span> <span class='ocrx_word' id='word_1_400' title='bbox 1091 2839 1246 2895; x_wconf 71' lang='grc' dir='ltr'>Ἐπεὶ</span> <span class='ocrx_word' id='word_1_401' title='bbox 1272 2841 1328 2894; x_wconf 82' lang='grc' dir='ltr'><strong>δέ</strong></span> <span class='ocrx_word' id='word_1_402' title='bbox 1358 2841 1450 2894; x_wconf 76' lang='grc' dir='ltr'>καὶ</span> <span class='ocrx_word' id='word_1_403' title='bbox 1493 2839 1888 2910; x_wconf 74' lang='grc' dir='ltr'>νεκροπρεπῶς</span> <span class='ocrx_word' id='word_1_404' title='bbox 1915 2837 2255 2904; x_wconf 81' lang='grc' dir='ltr'>ἀνεκέκλιτο,</span> <span class='ocrx_word' id='word_1_405' title='bbox 2297 2840 2438 2892; x_wconf 80' lang='grc' dir='ltr'>κατὰ</span> <span class='ocrx_word' id='word_1_406' title='bbox 2472 2840 2641 2892; x_wconf 87' lang='grc' dir='ltr'>νώτου</span> <span class='ocrx_word' id='word_1_407' title='bbox 2663 2857 2721 2892; x_wconf 88' lang='grc' dir='ltr'><strong>τε</strong></span> <span class='ocrx_word' id='word_1_408' title='bbox 2743 2841 2938 2906; x_wconf 78' lang='grc' dir='ltr'>ἔκειτο,</span> <span class='ocrx_word' id='word_1_409' title='bbox 2971 2841 3066 2896; x_wconf 76' lang='grc' dir='ltr'><strong>καὶ</strong></span> <span class='ocrx_word' id='word_1_410' title='bbox 3089 2842 3187 2912; x_wconf 76' lang='grc' dir='ltr'>ήδη</span> <span class='ocrx_word' id='word_1_411' title='bbox 3223 2842 3357 2912; x_wconf 75' lang='grc' dir='ltr'>πρὸς</span> <span class='ocrx_word' id='word_1_412' title='bbox 3388 2843 3486 2913; x_wconf 81' lang='grc' dir='ltr'>τὴν</span> <span class='ocrx_word' id='word_1_413' title='bbox 3505 2845 3680 2913; x_wconf 71' lang='grc' dir='ltr'>ταφὴν</span> 
     </span>
    </p>
   </div>
   <div class='ocr_carea' id='block_1_59' title="bbox 434 2931 3677 3012">
    <p class='ocr_par' dir='ltr' id='par_1_59' title="bbox 434 2931 3677 3012">
     <span class='ocr_line' id='line_1_59' title="bbox 434 2931 3677 3012; baseline -0.002 -18"><span class='ocrx_word' id='word_1_414' title='bbox 434 2940 786 3012; x_wconf 75' lang='grc' dir='ltr'>ἐκ·ρορε’ίσθαι</span> <span class='ocrx_word' id='word_1_415' title='bbox 842 2936 1056 3007; x_wconf 75' lang='grc' dir='ltr'>ἔμελλε,</span> <span class='ocrx_word' id='word_1_416' title='bbox 1085 2937 1166 2998; x_wconf 89' lang='grc' dir='ltr'><strong>τίς</strong></span> <span class='ocrx_word' id='word_1_417' title='bbox 1197 2937 1262 2990; x_wconf 84' lang='grc' dir='ltr'>ἂν</span> <span class='ocrx_word' id='word_1_418' title='bbox 1289 2935 1491 2997; x_wconf 74' lang='grc' dir='ltr'>ἱκανῶς</span> <span class='ocrx_word' id='word_1_419' title='bbox 1558 2935 1899 3002; x_wconf 76' lang='grc' dir='ltr'>διηγήσαιτο,</span> <span class='ocrx_word' id='word_1_420' title='bbox 1937 2931 2133 2984; x_wconf 84' lang='grc' dir='ltr'>ὁπόσον</span> <span class='ocrx_word' id='word_1_421' title='bbox 2172 2936 2238 3001; x_wconf 78' lang='grc' dir='ltr'>τῇ</span> <span class='ocrx_word' id='word_1_422' title='bbox 2274 2932 2522 3004; x_wconf 77' lang='grc' dir='ltr'>μακαρίᾳ</span> <span class='ocrx_word' id='word_1_423' title='bbox 2544 2933 2716 3004; x_wconf 79' lang='grc' dir='ltr'>ταύτῃ</span> <span class='ocrx_word' id='word_1_424' title='bbox 2768 2934 2829 2986; x_wconf 83' lang='grc' dir='ltr'><strong>τὸ</strong></span> <span class='ocrx_word' id='word_1_425' title='bbox 2875 2933 3092 2999; x_wconf 82' lang='grc' dir='ltr'>πένθος,</span> <span class='ocrx_word' id='word_1_426' title='bbox 3129 2937 3226 2988; x_wconf 68' lang='grc' dir='ltr'>καὶ</span> <span class='ocrx_word' id='word_1_427' title='bbox 3271 2935 3331 2988; x_wconf 63' lang='grc' dir='ltr'>τὸ</span> <span class='ocrx_word' id='word_1_428' title='bbox 3375 2938 3471 3006; x_wconf 81' lang='grc' dir='ltr'>τῆς</span> <span class='ocrx_word' id='word_1_429' title='bbox 3501 2937 3677 3006; x_wconf 80' lang='grc' dir='ltr'>λύπης</span> 
     </span>
    </p>
   </div>
   <div class='ocr_carea' id='block_1_60' title="bbox 431 3026 3675 3104">
    <p class='ocr_par' dir='ltr' id='par_1_60' title="bbox 431 3026 3675 3104">
     <span class='ocr_line' id='line_1_60' title="bbox 431 3026 3675 3104; baseline -0.002 -12"><span class='ocrx_word' id='word_1_430' title='bbox 431 3040 640 3102; x_wconf 63' lang='lat' dir='ltr'><strong>sum;</strong></span> <span class='ocrx_word' id='word_1_431' title='bbox 678 3035 786 3089; x_wconf 79' lang='lat' dir='ltr'><strong>Kal</strong></span> <span class='ocrx_word' id='word_1_432' title='bbox 857 3034 1106 3104; x_wconf 80' lang='grc' dir='ltr'>κρεῖττον</span> <span class='ocrx_word' id='word_1_433' title='bbox 1176 3031 1352 3100; x_wconf 72' lang='grc' dir='ltr'>ἔγωγε</span> <span class='ocrx_word' id='word_1_434' title='bbox 1395 3026 1548 3100; x_wconf 78' lang='grc' dir='ltr'>οἶμαι</span> <span class='ocrx_word' id='word_1_435' title='bbox 1593 3032 1718 3102; x_wconf 77' lang='grc' dir='ltr'>σιγῇ</span> <span class='ocrx_word' id='word_1_436' title='bbox 1789 3030 1924 3084; x_wconf 66' lang='grc' dir='ltr'>αὐτὸ</span> <span class='ocrx_word' id='word_1_437' title='bbox 1965 3030 2259 3100; x_wconf 87' lang='grc' dir='ltr'>παριστᾷν,</span> <span class='ocrx_word' id='word_1_438' title='bbox 2293 3029 2326 3100; x_wconf 77' lang='grc' dir='ltr'>ἢ</span> <span class='ocrx_word' id='word_1_439' title='bbox 2362 3029 2664 3098; x_wconf 84' lang='grc' dir='ltr'>διηγεῖσθαι</span> <span class='ocrx_word' id='word_1_440' title='bbox 2706 3029 2944 3084; x_wconf 72' lang='grc' dir='ltr'>ἐθέλεινο</span> <span class='ocrx_word' id='word_1_441' title='bbox 2983 3031 3084 3084; x_wconf 83' lang='grc' dir='ltr'>ποῦ</span> <span class='ocrx_word' id='word_1_442' title='bbox 3125 3032 3232 3101; x_wconf 83' lang='grc' dir='ltr'><strong>γάρ</strong></span> <span class='ocrx_word' id='word_1_443' title='bbox 3264 3031 3330 3085; x_wconf 81' lang='grc' dir='ltr'>ἂν</span> <span class='ocrx_word' id='word_1_444' title='bbox 3396 3033 3492 3086; x_wconf 78' lang='grc' dir='ltr'><strong>καὶ</strong></span> <span class='ocrx_word' id='word_1_445' title='bbox 3520 3034 3675 3102; x_wconf 87' lang='grc' dir='ltr'>λόγος</span> 
     </span>
    </p>
   </div>
   <div class='ocr_carea' id='block_1_61' title="bbox 431 3123 3674 3202">
    <p class='ocr_par' dir='ltr' id='par_1_61' title="bbox 431 3123 3674 3202">
     <span class='ocr_line' id='line_1_61' title="bbox 431 3123 3674 3202; baseline -0.001 -17"><span class='ocrx_word' id='word_1_446' title='bbox 431 3135 672 3202; x_wconf 79' lang='grc' dir='ltr'>τοσού;ῳ</span> <span class='ocrx_word' id='word_1_447' title='bbox 724 3130 910 3184; x_wconf 86' lang='grc' dir='ltr'>πένθει</span> <span class='ocrx_word' id='word_1_448' title='bbox 958 3127 1246 3198; x_wconf 76' lang='grc' dir='ltr'>ἐξισωθείη</span> <span class='ocrx_word' id='word_1_449' title='bbox 1271 3171 1285 3194; x_wconf 95' lang='grc'>,</span> <span class='ocrx_word' id='word_1_450' title='bbox 1325 3123 1449 3198; x_wconf 79' lang='grc' dir='ltr'>Εἶχε</span> <span class='ocrx_word' id='word_1_451' title='bbox 1483 3128 1581 3198; x_wconf 89' lang='grc' dir='ltr'>μέν</span> <span class='ocrx_word' id='word_1_452' title='bbox 1621 3127 1764 3180; x_wconf 78' lang='grc' dir='ltr'>οὓτω</span> <span class='ocrx_word' id='word_1_453' title='bbox 1793 3125 1988 3192; x_wconf 79' lang='grc' dir='ltr'>ταῦτα,</span> <span class='ocrx_word' id='word_1_454' title='bbox 2029 3126 2123 3180; x_wconf 77' lang='grc' dir='ltr'><strong>καὶ</strong></span> <span class='ocrx_word' id='word_1_455' title='bbox 2190 3127 2218 3179; x_wconf 88' lang='grc' dir='ltr'>ὁ</span> <span class='ocrx_word' id='word_1_456' title='bbox 2288 3127 2419 3180; x_wconf 78' lang='grc' dir='ltr'>πᾶσι</span> <span class='ocrx_word' id='word_1_457' title='bbox 2454 3127 2514 3179; x_wconf 82' lang='grc' dir='ltr'>τὸ</span> <span class='ocrx_word' id='word_1_458' title='bbox 2561 3127 2659 3197; x_wconf 79' lang='grc' dir='ltr'><strong>ζῇν</strong></span> <span class='ocrx_word' id='word_1_459' title='bbox 2686 3127 2958 3196; x_wconf 83' lang='grc' dir='ltr'>ἐμπνέων,</span> <span class='ocrx_word' id='word_1_460' title='bbox 2990 3127 3067 3198; x_wconf 83' lang='grc' dir='ltr'>τῷ</span> <span class='ocrx_word' id='word_1_461' title='bbox 3136 3127 3405 3200; x_wconf 80' lang='grc' dir='ltr'>ζωηφόρῳ</span> <span class='ocrx_word' id='word_1_462' title='bbox 3428 3130 3674 3183; x_wconf 85' lang='grc' dir='ltr'>ἐναποτί-</span> 
     </span>
    </p>
   </div>
   <div class='ocr_carea' id='block_1_62' title="bbox 432 3226 890 3294">
    <p class='ocr_par' dir='ltr' id='par_1_62' title="bbox 432 3226 890 3294">
     <span class='ocr_line' id='line_1_62' title="bbox 432 3226 890 3294; baseline -0.002 -17"><span class='ocrx_word' id='word_1_463' title='bbox 432 3229 585 3278; x_wconf 82' lang='grc' dir='ltr'>θεται</span> <span class='ocrx_word' id='word_1_464' title='bbox 627 3226 890 3294; x_wconf 79' lang='grc' dir='ltr'>μνήματι.</span> 
     </span>
    </p>
   </div>
   <div class='ocr_carea' id='block_1_63' title="bbox 504 3312 2066 3383">
    <p class='ocr_par' dir='ltr' id='par_1_63' title="bbox 504 3312 2066 3383">
     <span class='ocr_line' id='line_1_63' title="bbox 504 3312 2066 3383; baseline -0.004 -13"><span class='ocrx_word' id='word_1_465' title='bbox 504 3316 641 3372; x_wconf 66' lang='grc' dir='ltr'>λιν.</span> <span class='ocrx_word' id='word_1_466' title='bbox 680 3318 824 3374; x_wconf 90' lang='lat' dir='ltr'><strong>Deus</strong></span> <span class='ocrx_word' id='word_1_467' title='bbox 856 3314 1101 3369; x_wconf 91' lang='lat' dir='ltr'><strong>omnium</strong></span> <span class='ocrx_word' id='word_1_468' title='bbox 1129 3313 1359 3370; x_wconf 87' lang='lat' dir='ltr'><strong>Creator</strong></span> <span class='ocrx_word' id='word_1_469' title='bbox 1397 3322 1685 3383; x_wconf 85' lang='lat' dir='ltr'><strong>postquam</strong></span> <span class='ocrx_word' id='word_1_470' title='bbox 1739 3312 1994 3366; x_wconf 78' lang='lat' dir='ltr'><strong>incarna-</strong></span> <span class='ocrx_word' id='word_1_471' title='bbox 2021 3317 2066 3376; x_wconf 67' lang='grc' dir='ltr'><strong>(ι</strong></span> 
     </span>
    </p>
   </div>
   <div class='ocr_carea' id='block_1_64' title="bbox 432 3403 2000 3479">
    <p class='ocr_par' dir='ltr' id='par_1_64' title="bbox 432 3403 2000 3479">
     <span class='ocr_line' id='line_1_64' title="bbox 432 3403 2000 3479; baseline -0.004 -15"><span class='ocrx_word' id='word_1_472' title='bbox 432 3411 599 3464; x_wconf 78' lang='lat' dir='ltr'><strong>tionis</strong></span> <span class='ocrx_word' id='word_1_473' title='bbox 627 3425 766 3479; x_wconf 90' lang='lat' dir='ltr'><strong>opus</strong></span> <span class='ocrx_word' id='word_1_474' title='bbox 797 3407 1136 3478; x_wconf 76' lang='lat' dir='ltr'><strong>perfecisset,</strong></span> <span class='ocrx_word' id='word_1_475' title='bbox 1194 3407 1426 3476; x_wconf 88' lang='lat' dir='ltr'><strong>septimo</strong></span> <span class='ocrx_word' id='word_1_476' title='bbox 1472 3405 1562 3459; x_wconf 89' lang='lat' dir='ltr'><strong>die</strong></span> <span class='ocrx_word' id='word_1_477' title='bbox 1629 3404 1683 3458; x_wconf 91' lang='lat' dir='ltr'><strong>in</strong></span> <span class='ocrx_word' id='word_1_478' title='bbox 1745 3403 2000 3472; x_wconf 91' lang='lat' dir='ltr'><strong>sepulcro</strong></span> 
     </span>
    </p>
   </div>
   <div class='ocr_carea' id='block_1_65' title="bbox 432 3497 1998 3569">
    <p class='ocr_par' dir='ltr' id='par_1_65' title="bbox 432 3497 1998 3569">
     <span class='ocr_line' id='line_1_65' title="bbox 432 3497 1998 3569; baseline -0.003 -15"><span class='ocrx_word' id='word_1_479' title='bbox 432 3505 666 3569; x_wconf 85' lang='lat' dir='ltr'><strong>quievit,</strong></span> <span class='ocrx_word' id='word_1_480' title='bbox 698 3503 778 3555; x_wconf 87' lang='lat' dir='ltr'><strong>sic</strong></span> <span class='ocrx_word' id='word_1_481' title='bbox 813 3499 1106 3554; x_wconf 85' lang='lat' dir='ltr'><strong>sabbatum</strong></span> <span class='ocrx_word' id='word_1_482' title='bbox 1143 3514 1238 3567; x_wconf 91' lang='lat' dir='ltr'><strong>per</strong></span> <span class='ocrx_word' id='word_1_483' title='bbox 1277 3497 1642 3552; x_wconf 89' lang='lat' dir='ltr'><strong>cessationem</strong></span> <span class='ocrx_word' id='word_1_484' title='bbox 1694 3511 1723 3550; x_wconf 91' lang='lat' dir='ltr'><strong>a</strong></span> <span class='ocrx_word' id='word_1_485' title='bbox 1759 3497 1998 3550; x_wconf 86' lang='lat' dir='ltr'><strong>creando</strong></span> 
     </span>
    </p>
   </div>
   <div class='ocr_carea' id='block_1_66' title="bbox 431 3589 1999 3663">
    <p class='ocr_par' dir='ltr' id='par_1_66' title="bbox 431 3589 1999 3663">
     <span class='ocr_line' id='line_1_66' title="bbox 431 3589 1999 3663; baseline -0.004 -15"><span class='ocrx_word' id='word_1_486' title='bbox 431 3597 662 3663; x_wconf 74' lang='lat' dir='ltr'><strong>agendo.</strong></span> <span class='ocrx_word' id='word_1_487' title='bbox 697 3592 856 3646; x_wconf 74' lang='lat' dir='ltr'><strong>Nunc</strong></span> <span class='ocrx_word' id='word_1_488' title='bbox 886 3603 1070 3645; x_wconf 84' lang='lat' dir='ltr'><strong>autem</strong></span> <span class='ocrx_word' id='word_1_489' title='bbox 1109 3599 1312 3646; x_wconf 65' lang='lat' dir='ltr'><strong>sanctae</strong></span> <span class='ocrx_word' id='word_1_490' title='bbox 1363 3589 1582 3644; x_wconf 76' lang='lat' dir='ltr'><strong>femina:</strong></span> <span class='ocrx_word' id='word_1_491' title='bbox 1630 3589 1883 3643; x_wconf 86' lang='lat' dir='ltr'><strong>ardorem</strong></span> <span class='ocrx_word' id='word_1_492' title='bbox 1936 3603 1999 3643; x_wconf 92' lang='lat' dir='ltr'><strong>ac</strong></span> 
     </span>
    </p>
   </div>
   <div class='ocr_carea' id='block_1_67' title="bbox 369 3681 1993 3741">
    <p class='ocr_par' dir='ltr' id='par_1_67' title="bbox 369 3681 1993 3741">
     <span class='ocr_line' id='line_1_67' title="bbox 369 3681 1993 3741; baseline -0.005 -1"><span class='ocrx_word' id='word_1_493' title='bbox 369 3686 378 3695; x_wconf 86' lang='grc'><em>’</em></span> <span class='ocrx_word' id='word_1_494' title='bbox 431 3688 607 3741; x_wconf 87' lang='lat' dir='ltr'><strong>zelum</strong></span> <span class='ocrx_word' id='word_1_495' title='bbox 640 3685 775 3739; x_wconf 90' lang='lat' dir='ltr'><strong>mihi</strong></span> <span class='ocrx_word' id='word_1_496' title='bbox 810 3683 1121 3738; x_wconf 85' lang='lat' dir='ltr'><strong>considera.</strong></span> <span class='ocrx_word' id='word_1_497' title='bbox 1173 3682 1309 3736; x_wconf 89' lang='lat' dir='ltr'><strong>Dum</strong></span> <span class='ocrx_word' id='word_1_498' title='bbox 1338 3683 1484 3734; x_wconf 89' lang='lat' dir='ltr'><strong>enim</strong></span> <span class='ocrx_word' id='word_1_499' title='bbox 1538 3681 1698 3734; x_wconf 82' lang='lat' dir='ltr'><strong>amici</strong></span> <span class='ocrx_word' id='word_1_500' title='bbox 1738 3692 1792 3734; x_wconf 92' lang='lat' dir='ltr'><strong>et</strong></span> <span class='ocrx_word' id='word_1_501' title='bbox 1825 3681 1993 3734; x_wconf 80' lang='lat' dir='ltr'><strong>vicini</strong></span> 
     </span>
    </p>
   </div>
   <div class='ocr_carea' id='block_1_68' title="bbox 429 3771 1996 3846">
    <p class='ocr_par' dir='ltr' id='par_1_68' title="bbox 429 3771 1996 3846">
     <span class='ocr_line' id='line_1_68' title="bbox 429 3771 1996 3846; baseline -0.004 -15"><span class='ocrx_word' id='word_1_502' title='bbox 429 3792 647 3840; x_wconf 88' lang='lat' dir='ltr'><strong>omnes,</strong></span> <span class='ocrx_word' id='word_1_503' title='bbox 684 3785 744 3830; x_wconf 92' lang='lat' dir='ltr'><strong>ut</strong></span> <span class='ocrx_word' id='word_1_504' title='bbox 780 3775 1066 3846; x_wconf 66' lang='lat' dir='ltr'><strong>propheta:</strong></span> <span class='ocrx_word' id='word_1_505' title='bbox 1101 3772 1326 3842; x_wconf 87' lang='lat' dir='ltr'><strong>quidem</strong></span> <span class='ocrx_word' id='word_1_506' title='bbox 1371 3773 1611 3833; x_wconf 85' lang='lat' dir='ltr'><strong>videtur,</strong></span> <span class='ocrx_word' id='word_1_507' title='bbox 1643 3771 1996 3841; x_wconf 78' lang='lat' dir='ltr'><strong>elonginquo</strong></span> 
     </span>
    </p>
   </div>
   <div class='ocr_carea' id='block_1_69' title="bbox 427 3862 1995 3935">
    <p class='ocr_par' dir='ltr' id='par_1_69' title="bbox 427 3862 1995 3935">
     <span class='ocr_line' id='line_1_69' title="bbox 427 3862 1995 3935; baseline -0.006 -11"><span class='ocrx_word' id='word_1_508' title='bbox 427 3870 664 3932; x_wconf 79' lang='lat' dir='ltr'><strong>stabant,</strong></span> <span class='ocrx_word' id='word_1_509' title='bbox 708 3867 803 3921; x_wconf 88' lang='lat' dir='ltr'><strong>alii</strong></span> <span class='ocrx_word' id='word_1_510' title='bbox 838 3876 1022 3920; x_wconf 87' lang='lat' dir='ltr'><strong>autem</strong></span> <span class='ocrx_word' id='word_1_511' title='bbox 1057 3865 1238 3935; x_wconf 76' lang='lat' dir='ltr'><strong>fugam</strong></span> <span class='ocrx_word' id='word_1_512' title='bbox 1289 3865 1674 3932; x_wconf 82' lang='lat' dir='ltr'><strong>capessebant,</strong></span> <span class='ocrx_word' id='word_1_513' title='bbox 1707 3863 1823 3924; x_wconf 87' lang='lat' dir='ltr'><strong>illa.</strong></span> <span class='ocrx_word' id='word_1_514' title='bbox 1847 3862 1995 3916; x_wconf 77' lang='lat' dir='ltr'><strong>omni</strong></span> 
     </span>
    </p>
   </div>
   <div class='ocr_carea' id='block_1_70' title="bbox 428 3952 1998 4028">
    <p class='ocr_par' dir='ltr' id='par_1_70' title="bbox 428 3952 1998 4028">
     <span class='ocr_line' id='line_1_70' title="bbox 428 3952 1998 4028; baseline -0.006 -15"><span class='ocrx_word' id='word_1_515' title='bbox 428 3970 576 4014; x_wconf 86' lang='lat' dir='ltr'><strong>metu</strong></span> <span class='ocrx_word' id='word_1_516' title='bbox 603 3958 875 4028; x_wconf 88' lang='lat' dir='ltr'><strong>deposito,</strong></span> <span class='ocrx_word' id='word_1_517' title='bbox 934 3967 990 4010; x_wconf 89' lang='lat' dir='ltr'><strong>et</strong></span> <span class='ocrx_word' id='word_1_518' title='bbox 1021 3955 1208 4010; x_wconf 90' lang='lat' dir='ltr'><strong>omnia</strong></span> <span class='ocrx_word' id='word_1_519' title='bbox 1270 3953 1662 4023; x_wconf 89' lang='lat' dir='ltr'><strong>impedimenta</strong></span> <span class='ocrx_word' id='word_1_520' title='bbox 1721 3953 1874 4006; x_wconf 83' lang='lat' dir='ltr'><strong>flocci</strong></span> <span class='ocrx_word' id='word_1_521' title='bbox 1916 3952 1998 4005; x_wconf 90' lang='lat' dir='ltr'><strong>fa-</strong></span> 
     </span>
    </p>
   </div>
   <div class='ocr_carea' id='block_1_71' title="bbox 427 4041 1993 4115">
    <p class='ocr_par' dir='ltr' id='par_1_71' title="bbox 427 4041 1993 4115">
     <span class='ocr_line' id='line_1_71' title="bbox 427 4041 1993 4115; baseline -0.005 -13"><span class='ocrx_word' id='word_1_522' title='bbox 427 4049 600 4115; x_wconf 86' lang='lat' dir='ltr'><strong>ciens,</strong></span> <span class='ocrx_word' id='word_1_523' title='bbox 635 4048 778 4102; x_wconf 80' lang='lat' dir='ltr'><strong>virili</strong></span> <span class='ocrx_word' id='word_1_524' title='bbox 843 4055 1062 4114; x_wconf 86' lang='lat' dir='ltr'><strong>sumpto</strong></span> <span class='ocrx_word' id='word_1_525' title='bbox 1107 4043 1314 4108; x_wconf 84' lang='lat' dir='ltr'><strong>animo,</strong></span> <span class='ocrx_word' id='word_1_526' title='bbox 1369 4041 1515 4111; x_wconf 83' lang='lat' dir='ltr'><strong>quod</strong></span> <span class='ocrx_word' id='word_1_527' title='bbox 1570 4041 1845 4094; x_wconf 89' lang='lat' dir='ltr'><strong>innumeri</strong></span> <span class='ocrx_word' id='word_1_528' title='bbox 1900 4041 1993 4094; x_wconf 87' lang='lat' dir='ltr'><strong>alii</strong></span> 
     </span>
    </p>
   </div>
   <div class='ocr_carea' id='block_1_72' title="bbox 427 4133 1995 4202">
    <p class='ocr_par' dir='ltr' id='par_1_72' title="bbox 427 4133 1995 4202">
     <span class='ocr_line' id='line_1_72' title="bbox 427 4133 1995 4202; baseline -0.007 -6"><span class='ocrx_word' id='word_1_529' title='bbox 427 4143 610 4196; x_wconf 87' lang='lat' dir='ltr'><strong>facere</strong></span> <span class='ocrx_word' id='word_1_530' title='bbox 640 4157 749 4194; x_wconf 90' lang='lat' dir='ltr'><strong>non</strong></span> <span class='ocrx_word' id='word_1_531' title='bbox 779 4139 1077 4202; x_wconf 88' lang='lat' dir='ltr'><strong>audebant,</strong></span> <span class='ocrx_word' id='word_1_532' title='bbox 1105 4136 1218 4190; x_wconf 82' lang='lat' dir='ltr'><strong>sola</strong></span> <span class='ocrx_word' id='word_1_533' title='bbox 1252 4137 1435 4189; x_wconf 88' lang='lat' dir='ltr'><strong>facere</strong></span> <span class='ocrx_word' id='word_1_534' title='bbox 1456 4145 1542 4188; x_wconf 88' lang='lat' dir='ltr'><strong>est</strong></span> <span class='ocrx_word' id='word_1_535' title='bbox 1572 4149 1725 4188; x_wconf 87' lang='lat' dir='ltr'><strong>ausa.</strong></span> <span class='ocrx_word' id='word_1_536' title='bbox 1754 4133 1876 4188; x_wconf 79' lang='lat' dir='ltr'><strong>Hth</strong></span> <span class='ocrx_word' id='word_1_537' title='bbox 1899 4149 1995 4186; x_wconf 91' lang='lat' dir='ltr'><strong>au-</strong></span> 
     </span>
    </p>
   </div>
   <div class='ocr_carea' id='block_1_73' title="bbox 429 4225 1992 4297">
    <p class='ocr_par' dir='ltr' id='par_1_73' title="bbox 429 4225 1992 4297">
     <span class='ocr_line' id='line_1_73' title="bbox 429 4225 1992 4297; baseline -0.006 -10"><span class='ocrx_word' id='word_1_538' title='bbox 429 4243 538 4286; x_wconf 80' lang='lat' dir='ltr'><strong>tem</strong></span> <span class='ocrx_word' id='word_1_539' title='bbox 583 4231 861 4286; x_wconf 80' lang='lat' dir='ltr'><strong>memoriae</strong></span> <span class='ocrx_word' id='word_1_540' title='bbox 891 4230 1156 4284; x_wconf 86' lang='lat' dir='ltr'><strong>mandare</strong></span> <span class='ocrx_word' id='word_1_541' title='bbox 1195 4227 1402 4283; x_wconf 86' lang='lat' dir='ltr'><strong>sanctis</strong></span> <span class='ocrx_word' id='word_1_542' title='bbox 1432 4225 1785 4297; x_wconf 80' lang='lat' dir='ltr'><strong>evangelistis</strong></span> <span class='ocrx_word' id='word_1_543' title='bbox 1822 4239 1992 4295; x_wconf 82' lang='lat' dir='ltr'><strong>nego-</strong></span> 
     </span>
    </p>
   </div>
   <div class='ocr_carea' id='block_1_74' title="bbox 429 4325 936 4381">
    <p class='ocr_par' dir='ltr' id='par_1_74' title="bbox 429 4325 936 4381">
     <span class='ocr_line' id='line_1_74' title="bbox 429 4325 936 4381; baseline -0.006 0"><span class='ocrx_word' id='word_1_544' title='bbox 429 4329 566 4381; x_wconf 87' lang='lat' dir='ltr'><strong>tium</strong></span> <span class='ocrx_word' id='word_1_545' title='bbox 594 4327 784 4381; x_wconf 84' lang='lat' dir='ltr'><strong>datum</strong></span> <span class='ocrx_word' id='word_1_546' title='bbox 811 4325 936 4380; x_wconf 82' lang='lat' dir='ltr'><strong>luit.</strong></span> 
     </span>
    </p>
   </div>
   <div class='ocr_carea' id='block_1_75' title="bbox 495 4497 1994 4570">
    <p class='ocr_par' dir='ltr' id='par_1_75' title="bbox 495 4497 1994 4570">
     <span class='ocr_line' id='line_1_75' title="bbox 495 4497 1994 4570; baseline -0.004 -12"><span class='ocrx_word' id='word_1_547' title='bbox 495 4505 612 4560; x_wconf 73' lang='lat' dir='ltr'><strong>XV.</strong></span> <span class='ocrx_word' id='word_1_548' title='bbox 641 4505 906 4570; x_wconf 81' lang='lat' dir='ltr'><strong>Quantam</strong></span> <span class='ocrx_word' id='word_1_549' title='bbox 932 4511 1114 4556; x_wconf 89' lang='lat' dir='ltr'><strong>autem</strong></span> <span class='ocrx_word' id='word_1_550' title='bbox 1147 4501 1325 4556; x_wconf 85' lang='lat' dir='ltr'><strong>eidem</strong></span> <span class='ocrx_word' id='word_1_551' title='bbox 1359 4501 1486 4555; x_wconf 90' lang='lat' dir='ltr'><strong>inde</strong></span> <span class='ocrx_word' id='word_1_552' title='bbox 1525 4498 1745 4554; x_wconf 90' lang='lat' dir='ltr'><strong>laudem</strong></span> <span class='ocrx_word' id='word_1_553' title='bbox 1793 4497 1994 4552; x_wconf 89' lang='lat' dir='ltr'><strong>redun-</strong></span> 
     </span>
    </p>
   </div>
   <div class='ocr_carea' id='block_1_76' title="bbox 425 4591 1994 4661">
    <p class='ocr_par' dir='ltr' id='par_1_76' title="bbox 425 4591 1994 4661">
     <span class='ocr_line' id='line_1_76' title="bbox 425 4591 1994 4661; baseline -0.005 -9"><span class='ocrx_word' id='word_1_554' title='bbox 425 4600 586 4652; x_wconf 73' lang='lat' dir='ltr'><strong>dasse</strong></span> <span class='ocrx_word' id='word_1_555' title='bbox 613 4597 834 4652; x_wconf 85' lang='lat' dir='ltr'><strong>credis?</strong></span> <span class='ocrx_word' id='word_1_556' title='bbox 879 4596 997 4650; x_wconf 88' lang='lat' dir='ltr'><strong>Non</strong></span> <span class='ocrx_word' id='word_1_557' title='bbox 1018 4597 1161 4648; x_wconf 91' lang='lat' dir='ltr'><strong>enim</strong></span> <span class='ocrx_word' id='word_1_558' title='bbox 1189 4593 1354 4648; x_wconf 90' lang='lat' dir='ltr'><strong>semel</strong></span> <span class='ocrx_word' id='word_1_559' title='bbox 1383 4602 1478 4646; x_wconf 90' lang='lat' dir='ltr'><strong>aut</strong></span> <span class='ocrx_word' id='word_1_560' title='bbox 1503 4591 1820 4661; x_wconf 78' lang='lat' dir='ltr'><strong>singillatim</strong></span> <span class='ocrx_word' id='word_1_561' title='bbox 1842 4607 1994 4644; x_wconf 83' lang='lat' dir='ltr'><strong>men-</strong></span> 
     </span>
    </p>
   </div>
   <div class='ocr_carea' id='block_1_77' title="bbox 428 4667 2073 4753">
    <p class='ocr_par' dir='ltr' id='par_1_77' title="bbox 428 4667 2073 4753">
     <span class='ocr_line' id='line_1_77' title="bbox 428 4667 2073 4753; baseline -0.004 -11"><span class='ocrx_word' id='word_1_562' title='bbox 428 4692 631 4744; x_wconf 88' lang='lat' dir='ltr'><strong>tionem</strong></span> <span class='ocrx_word' id='word_1_563' title='bbox 664 4689 730 4742; x_wconf 91' lang='lat' dir='ltr'><strong>de</strong></span> <span class='ocrx_word' id='word_1_564' title='bbox 767 4703 830 4742; x_wconf 87' lang='lat' dir='ltr'><strong>ea</strong></span> <span class='ocrx_word' id='word_1_565' title='bbox 865 4689 1138 4750; x_wconf 82' lang='lat' dir='ltr'><strong>fecerunt,</strong></span> <span class='ocrx_word' id='word_1_566' title='bbox 1181 4686 1276 4740; x_wconf 86' lang='lat' dir='ltr'><strong>sed</strong></span> <span class='ocrx_word' id='word_1_567' title='bbox 1305 4694 1766 4753; x_wconf 83' lang='lat' dir='ltr'><strong>quatuoromnes</strong></span> <span class='ocrx_word' id='word_1_568' title='bbox 1782 4683 1849 4737; x_wconf 91' lang='lat' dir='ltr'><strong>de</strong></span> <span class='ocrx_word' id='word_1_569' title='bbox 1878 4683 1992 4751; x_wconf 86' lang='lat' dir='ltr'><strong>ipsa</strong></span> <span class='ocrx_word' id='word_1_570' title='bbox 2021 4667 2073 4727; x_wconf 85' lang='grc' dir='ltr'>Ῑ)</span> 
     </span>
    </p>
   </div>
   <div class='ocr_carea' id='block_1_78' title="bbox 426 4777 1991 4850">
    <p class='ocr_par' dir='ltr' id='par_1_78' title="bbox 426 4777 1991 4850">
     <span class='ocr_line' id='line_1_78' title="bbox 426 4777 1991 4850; baseline -0.006 -9"><span class='ocrx_word' id='word_1_571' title='bbox 426 4786 596 4841; x_wconf 91' lang='lat' dir='ltr'><strong>locuti</strong></span> <span class='ocrx_word' id='word_1_572' title='bbox 635 4796 787 4849; x_wconf 88' lang='lat' dir='ltr'><strong>sunt,</strong></span> <span class='ocrx_word' id='word_1_573' title='bbox 813 4782 980 4850; x_wconf 81' lang='lat' dir='ltr'><strong>idque</strong></span> <span class='ocrx_word' id='word_1_574' title='bbox 1016 4783 1346 4836; x_wconf 80' lang='lat' dir='ltr'><strong>necessario.</strong></span> <span class='ocrx_word' id='word_1_575' title='bbox 1406 4780 1613 4845; x_wconf 85' lang='lat' dir='ltr'><strong>Quater</strong></span> <span class='ocrx_word' id='word_1_576' title='bbox 1659 4792 1894 4847; x_wconf 88' lang='lat' dir='ltr'><strong>namque</strong></span> <span class='ocrx_word' id='word_1_577' title='bbox 1922 4777 1991 4832; x_wconf 90' lang='lat' dir='ltr'><strong>ad</strong></span> 
     </span>
    </p>
   </div>
   <div class='ocr_carea' id='block_1_79' title="bbox 424 4869 1994 4948">
    <p class='ocr_par' dir='ltr' id='par_1_79' title="bbox 424 4869 1994 4948">
     <span class='ocr_line' id='line_1_79' title="bbox 424 4869 1994 4948; baseline -0.008 -16"><span class='ocrx_word' id='word_1_578' title='bbox 424 4879 738 4948; x_wconf 85' lang='lat' dir='ltr'><strong>sepulcrum</strong></span> <span class='ocrx_word' id='word_1_579' title='bbox 773 4874 1070 4928; x_wconf 89' lang='lat' dir='ltr'><strong>accessisse</strong></span> <span class='ocrx_word' id='word_1_580' title='bbox 1097 4887 1241 4935; x_wconf 89' lang='lat' dir='ltr'><strong>eam,</strong></span> <span class='ocrx_word' id='word_1_581' title='bbox 1298 4881 1356 4925; x_wconf 88' lang='lat' dir='ltr'><strong>et</strong></span> <span class='ocrx_word' id='word_1_582' title='bbox 1411 4871 1726 4925; x_wconf 72' lang='lat' dir='ltr'><strong>caelestibus</strong></span> <span class='ocrx_word' id='word_1_583' title='bbox 1765 4869 1994 4924; x_wconf 86' lang='lat' dir='ltr'><strong>visioni-</strong></span> 
     </span>
    </p>
   </div>
   <div class='ocr_carea' id='block_1_80' title="bbox 424 4960 1989 5038">
    <p class='ocr_par' dir='ltr' id='par_1_80' title="bbox 424 4960 1989 5038">
     <span class='ocr_line' id='line_1_80' title="bbox 424 4960 1989 5038; baseline -0.008 -14"><span class='ocrx_word' id='word_1_584' title='bbox 424 4970 529 5024; x_wconf 82' lang='lat' dir='ltr'><strong>bus</strong></span> <span class='ocrx_word' id='word_1_585' title='bbox 559 4970 778 5038; x_wconf 81' lang='lat' dir='ltr'><strong>dignam</strong></span> <span class='ocrx_word' id='word_1_586' title='bbox 809 4964 1050 5017; x_wconf 89' lang='lat' dir='ltr'><strong>habitam</strong></span> <span class='ocrx_word' id='word_1_587' title='bbox 1079 4979 1201 5017; x_wconf 82' lang='lat' dir='ltr'><strong>esse</strong></span> <span class='ocrx_word' id='word_1_588' title='bbox 1248 4963 1502 5030; x_wconf 80' lang='lat' dir='ltr'><strong>legimus.</strong></span> <span class='ocrx_word' id='word_1_589' title='bbox 1531 4961 1712 5015; x_wconf 80' lang='lat' dir='ltr'><strong>Prima</strong></span> <span class='ocrx_word' id='word_1_590' title='bbox 1765 4960 1989 5029; x_wconf 90' lang='lat' dir='ltr'><strong>quidem</strong></span> 
     </span>
    </p>
   </div>
   <div class='ocr_carea' id='block_1_81' title="bbox 420 5049 1988 5119">
    <p class='ocr_par' dir='ltr' id='par_1_81' title="bbox 420 5049 1988 5119">
     <span class='ocr_line' id='line_1_81' title="bbox 420 5049 1988 5119; baseline -0.007 -8"><span class='ocrx_word' id='word_1_591' title='bbox 420 5061 545 5114; x_wconf 88' lang='lat' dir='ltr'><strong>vice</strong></span> <span class='ocrx_word' id='word_1_592' title='bbox 583 5058 697 5113; x_wconf 87' lang='lat' dir='ltr'><strong>sola</strong></span> <span class='ocrx_word' id='word_1_593' title='bbox 725 5055 848 5119; x_wconf 86' lang='lat' dir='ltr'><strong>fuit,</strong></span> <span class='ocrx_word' id='word_1_594' title='bbox 881 5053 1122 5109; x_wconf 86' lang='lat' dir='ltr'><strong>secunda</strong></span> <span class='ocrx_word' id='word_1_595' title='bbox 1176 5062 1359 5105; x_wconf 89' lang='lat' dir='ltr'><strong>autem</strong></span> <span class='ocrx_word' id='word_1_596' title='bbox 1387 5067 1512 5104; x_wconf 89' lang='lat' dir='ltr'><strong>cum</strong></span> <span class='ocrx_word' id='word_1_597' title='bbox 1567 5050 1741 5103; x_wconf 89' lang='lat' dir='ltr'><strong>altera</strong></span> <span class='ocrx_word' id='word_1_598' title='bbox 1799 5049 1988 5112; x_wconf 79' lang='lat' dir='ltr'><strong>Maria,</strong></span> 
     </span>
    </p>
   </div>
   <div class='ocr_carea' id='block_1_82' title="bbox 421 5142 1990 5222">
    <p class='ocr_par' dir='ltr' id='par_1_82' title="bbox 421 5142 1990 5222">
     <span class='ocr_line' id='line_1_82' title="bbox 421 5142 1990 5222; baseline -0.006 -18"><span class='ocrx_word' id='word_1_599' title='bbox 421 5165 588 5222; x_wconf 86' lang='lat' dir='ltr'><strong>quam</strong></span> <span class='ocrx_word' id='word_1_600' title='bbox 634 5149 848 5203; x_wconf 75' lang='lat' dir='ltr'><strong>Marcus</strong></span> <span class='ocrx_word' id='word_1_601' title='bbox 875 5155 930 5200; x_wconf 89' lang='lat' dir='ltr'><strong>et</strong></span> <span class='ocrx_word' id='word_1_602' title='bbox 979 5145 1264 5199; x_wconf 65' lang='lat' dir='ltr'><strong>Matthasus</strong></span> <span class='ocrx_word' id='word_1_603' title='bbox 1293 5143 1422 5206; x_wconf 83' lang='lat' dir='ltr'><strong>Jose</strong></span> <span class='ocrx_word' id='word_1_604' title='bbox 1448 5152 1502 5197; x_wconf 87' lang='lat' dir='ltr'><strong>et</strong></span> <span class='ocrx_word' id='word_1_605' title='bbox 1538 5142 1724 5196; x_wconf 84' lang='lat' dir='ltr'><strong>Jacobi</strong></span> <span class='ocrx_word' id='word_1_606' title='bbox 1762 5152 1990 5195; x_wconf 84' lang='lat' dir='ltr'><strong>matrem</strong></span> 
     </span>
    </p>
   </div>
   <div class='ocr_carea' id='block_1_83' title="bbox 421 5232 1993 5305">
    <p class='ocr_par' dir='ltr' id='par_1_83' title="bbox 421 5232 1993 5305">
     <span class='ocr_line' id='line_1_83' title="bbox 421 5232 1993 5305; baseline -0.007 -10"><span class='ocrx_word' id='word_1_607' title='bbox 421 5243 744 5305; x_wconf 88' lang='lat' dir='ltr'><strong>nominant;</strong></span> <span class='ocrx_word' id='word_1_608' title='bbox 779 5239 959 5302; x_wconf 89' lang='lat' dir='ltr'><strong>tertia,</strong></span> <span class='ocrx_word' id='word_1_609' title='bbox 1011 5253 1136 5291; x_wconf 84' lang='lat' dir='ltr'><strong>cuin</strong></span> <span class='ocrx_word' id='word_1_610' title='bbox 1177 5237 1341 5291; x_wconf 86' lang='lat' dir='ltr'><strong>Petro</strong></span> <span class='ocrx_word' id='word_1_611' title='bbox 1367 5242 1422 5288; x_wconf 85' lang='lat' dir='ltr'><strong>ct</strong></span> <span class='ocrx_word' id='word_1_612' title='bbox 1473 5232 1686 5289; x_wconf 87' lang='lat' dir='ltr'><strong>Joanne</strong></span> <span class='ocrx_word' id='word_1_613' title='bbox 1715 5246 1993 5287; x_wconf 80' lang='lat' dir='ltr'><strong>convene-</strong></span> 
     </span>
    </p>
   </div>
   <div class='ocr_carea' id='block_1_84' title="bbox 421 5326 1993 5398">
    <p class='ocr_par' dir='ltr' id='par_1_84' title="bbox 421 5326 1993 5398">
     <span class='ocr_line' id='line_1_84' title="bbox 421 5326 1993 5398; baseline -0.006 -10"><span class='ocrx_word' id='word_1_614' title='bbox 421 5343 530 5397; x_wconf 87' lang='lat' dir='ltr'><strong>rat,</strong></span> <span class='ocrx_word' id='word_1_615' title='bbox 570 5342 796 5386; x_wconf 86' lang='lat' dir='ltr'><strong>auctore</strong></span> <span class='ocrx_word' id='word_1_616' title='bbox 828 5331 1038 5386; x_wconf 85' lang='lat' dir='ltr'><strong>Joanne</strong></span> <span class='ocrx_word' id='word_1_617' title='bbox 1069 5329 1438 5398; x_wconf 80' lang='lat' dir='ltr'><strong>evangelista;</strong></span> <span class='ocrx_word' id='word_1_618' title='bbox 1471 5338 1688 5398; x_wconf 89' lang='lat' dir='ltr'><strong>quarta,</strong></span> <span class='ocrx_word' id='word_1_619' title='bbox 1714 5341 1839 5382; x_wconf 90' lang='lat' dir='ltr'><strong>cum</strong></span> <span class='ocrx_word' id='word_1_620' title='bbox 1893 5326 1993 5380; x_wconf 87' lang='lat' dir='ltr'><strong>Sa-</strong></span> 
     </span>
    </p>
   </div>
   <div class='ocr_carea' id='block_1_85' title="bbox 420 5419 1992 5485">
    <p class='ocr_par' dir='ltr' id='par_1_85' title="bbox 420 5419 1992 5485">
     <span class='ocr_line' id='line_1_85' title="bbox 420 5419 1992 5485; baseline -0.004 -8"><span class='ocrx_word' id='word_1_621' title='bbox 420 5423 567 5478; x_wconf 88' lang='lat' dir='ltr'><strong>lome</strong></span> <span class='ocrx_word' id='word_1_622' title='bbox 595 5434 651 5478; x_wconf 89' lang='lat' dir='ltr'><strong>et</strong></span> <span class='ocrx_word' id='word_1_623' title='bbox 681 5423 850 5476; x_wconf 90' lang='lat' dir='ltr'><strong>altera</strong></span> <span class='ocrx_word' id='word_1_624' title='bbox 883 5421 1075 5485; x_wconf 81' lang='lat' dir='ltr'><strong>Maria,</strong></span> <span class='ocrx_word' id='word_1_625' title='bbox 1113 5421 1232 5476; x_wconf 88' lang='lat' dir='ltr'><strong>sole</strong></span> <span class='ocrx_word' id='word_1_626' title='bbox 1262 5421 1499 5484; x_wconf 89' lang='lat' dir='ltr'><strong>oriente,</strong></span> <span class='ocrx_word' id='word_1_627' title='bbox 1529 5428 1588 5474; x_wconf 89' lang='lat' dir='ltr'><strong>ut</strong></span> <span class='ocrx_word' id='word_1_628' title='bbox 1644 5419 1859 5472; x_wconf 82' lang='lat' dir='ltr'><strong>Marcus</strong></span> <span class='ocrx_word' id='word_1_629' title='bbox 1909 5432 1992 5471; x_wconf 91' lang='lat' dir='ltr'><strong>re-</strong></span> 
     </span>
    </p>
   </div>
   <div class='ocr_carea' id='block_1_86' title="bbox 422 5496 1990 5583">
    <p class='ocr_par' dir='ltr' id='par_1_86' title="bbox 422 5496 1990 5583">
     <span class='ocr_line' id='line_1_86' title="bbox 422 5496 1990 5583; baseline -0.004 -12"><span class='ocrx_word' id='word_1_630' title='bbox 422 5516 553 5571; x_wconf 83' lang='lat' dir='ltr'><strong>fert.</strong></span> <span class='ocrx_word' id='word_1_631' title='bbox 591 5517 651 5568; x_wconf 78' lang='lat' dir='ltr'><strong>Et</strong></span> <span class='ocrx_word' id='word_1_632' title='bbox 684 5496 831 5569; x_wconf 74' lang='lat' dir='ltr'><strong>certe</strong></span> <span class='ocrx_word' id='word_1_633' title='bbox 856 5515 1038 5568; x_wconf 89' lang='lat' dir='ltr'><strong>omnia</strong></span> <span class='ocrx_word' id='word_1_634' title='bbox 1067 5529 1186 5583; x_wconf 76' lang='lat' dir='ltr'><strong>qua:</strong></span> <span class='ocrx_word' id='word_1_635' title='bbox 1211 5513 1281 5567; x_wconf 89' lang='lat' dir='ltr'><strong>ad</strong></span> <span class='ocrx_word' id='word_1_636' title='bbox 1316 5527 1436 5566; x_wconf 86' lang='lat' dir='ltr'><strong>eam</strong></span> <span class='ocrx_word' id='word_1_637' title='bbox 1477 5520 1750 5581; x_wconf 88' lang='lat' dir='ltr'><strong>spectant,</strong></span> <span class='ocrx_word' id='word_1_638' title='bbox 1784 5524 1990 5564; x_wconf 90' lang='lat' dir='ltr'><strong>memo-</strong></span> 
     </span>
    </p>
   </div>
   <div class='ocr_carea' id='block_1_87' title="bbox 421 5607 1990 5678">
    <p class='ocr_par' dir='ltr' id='par_1_87' title="bbox 421 5607 1990 5678">
     <span class='ocr_line' id='line_1_87' title="bbox 421 5607 1990 5678; baseline -0.004 -17"><span class='ocrx_word' id='word_1_639' title='bbox 421 5617 549 5662; x_wconf 82' lang='lat' dir='ltr'><strong>ratu</strong></span> <span class='ocrx_word' id='word_1_640' title='bbox 583 5607 738 5660; x_wconf 85' lang='lat' dir='ltr'><strong>valde</strong></span> <span class='ocrx_word' id='word_1_641' title='bbox 777 5607 941 5678; x_wconf 78' lang='lat' dir='ltr'><strong>digna</strong></span> <span class='ocrx_word' id='word_1_642' title='bbox 999 5616 1148 5661; x_wconf 88' lang='lat' dir='ltr'><strong>sunt.</strong></span> <span class='ocrx_word' id='word_1_643' title='bbox 1205 5607 1500 5674; x_wconf 84' lang='lat' dir='ltr'><strong>Postquam</strong></span> <span class='ocrx_word' id='word_1_644' title='bbox 1564 5619 1729 5673; x_wconf 86' lang='lat' dir='ltr'><strong>porro</strong></span> <span class='ocrx_word' id='word_1_645' title='bbox 1785 5616 1990 5671; x_wconf 89' lang='lat' dir='ltr'><strong>corpus</strong></span> 
     </span>
    </p>
   </div>
   <div class='ocr_carea' id='block_1_88' title="bbox 417 5693 1988 5772">
    <p class='ocr_par' dir='ltr' id='par_1_88' title="bbox 417 5693 1988 5772">
     <span class='ocr_line' id='line_1_88' title="bbox 417 5693 1988 5772; baseline -0.006 -15"><span class='ocrx_word' id='word_1_646' title='bbox 417 5701 696 5772; x_wconf 80' lang='lat' dir='ltr'><strong>sepultum</strong></span> <span class='ocrx_word' id='word_1_647' title='bbox 717 5700 918 5769; x_wconf 86' lang='lat' dir='ltr'><strong>fuerat,</strong></span> <span class='ocrx_word' id='word_1_648' title='bbox 945 5698 1248 5758; x_wconf 85' lang='lat' dir='ltr'><strong>secundum</strong></span> <span class='ocrx_word' id='word_1_649' title='bbox 1281 5699 1426 5770; x_wconf 87' lang='lat' dir='ltr'><strong>quod</strong></span> <span class='ocrx_word' id='word_1_650' title='bbox 1481 5698 1614 5753; x_wconf 81' lang='lat' dir='ltr'><strong>dicit</strong></span> <span class='ocrx_word' id='word_1_651' title='bbox 1646 5698 1805 5752; x_wconf 71' lang='lat' dir='ltr'><strong>divus</strong></span> <span class='ocrx_word' id='word_1_652' title='bbox 1852 5693 1988 5748; x_wconf 83' lang='lat' dir='ltr'><strong>Mat-</strong></span> 
     </span>
    </p>
   </div>
   <div class='ocr_carea' id='block_1_89' title="bbox 2173 3307 3673 3384">
    <p class='ocr_par' dir='ltr' id='par_1_89' title="bbox 2173 3307 3673 3384">
     <span class='ocr_line' id='line_1_89' title="bbox 2173 3307 3673 3384; baseline 0.005 -22"><span class='ocrx_word' id='word_1_653' title='bbox 2173 3311 2268 3363; x_wconf 68' lang='lat' dir='ltr'><strong>lA&#39;.</strong></span> <span class='ocrx_word' id='word_1_654' title='bbox 2307 3307 2378 3360; x_wconf 86' lang='lat'><strong>&#39;0</strong></span> <span class='ocrx_word' id='word_1_655' title='bbox 2415 3324 2476 3376; x_wconf 89' lang='grc' dir='ltr'><strong>γε</strong></span> <span class='ocrx_word' id='word_1_656' title='bbox 2511 3307 2616 3378; x_wconf 84' lang='grc' dir='ltr'>μὴν</span> <span class='ocrx_word' id='word_1_657' title='bbox 2646 3307 2754 3361; x_wconf 85' lang='grc' dir='ltr'><strong>τῶν</strong></span> <span class='ocrx_word' id='word_1_658' title='bbox 2784 3309 2920 3362; x_wconf 81' lang='grc' dir='ltr'>ὅλων</span> <span class='ocrx_word' id='word_1_659' title='bbox 2950 3309 3082 3373; x_wconf 69' lang='grc' dir='ltr'>Θεὸς</span> <span class='ocrx_word' id='word_1_660' title='bbox 3116 3312 3176 3364; x_wconf 83' lang='grc' dir='ltr'>τὸ</span> <span class='ocrx_word' id='word_1_661' title='bbox 3222 3313 3319 3380; x_wconf 79' lang='grc' dir='ltr'>τῆς</span> <span class='ocrx_word' id='word_1_662' title='bbox 3363 3315 3673 3384; x_wconf 75' lang='grc' dir='ltr'>οἰκονομίας</span> 
     </span>
    </p>
   </div>
   <div class='ocr_carea' id='block_1_90' title="bbox 2108 3400 3669 3476">
    <p class='ocr_par' dir='ltr' id='par_1_90' title="bbox 2108 3400 3669 3476">
     <span class='ocr_line' id='line_1_90' title="bbox 2108 3400 3669 3476; baseline 0.004 -21"><span class='ocrx_word' id='word_1_663' title='bbox 2108 3403 2268 3471; x_wconf 76' lang='grc' dir='ltr'>ἔργον</span> <span class='ocrx_word' id='word_1_664' title='bbox 2296 3400 2698 3470; x_wconf 78' lang='grc' dir='ltr'>πεπληρωκὼς,</span> <span class='ocrx_word' id='word_1_665' title='bbox 2725 3404 2788 3472; x_wconf 87' lang='grc' dir='ltr'>τῇ</span> <span class='ocrx_word' id='word_1_666' title='bbox 2819 3402 3023 3474; x_wconf 80' lang='grc' dir='ltr'>ἐϐδόμῃ</span> <span class='ocrx_word' id='word_1_667' title='bbox 3049 3405 3126 3474; x_wconf 87' lang='grc' dir='ltr'><strong>τῷ</strong></span> <span class='ocrx_word' id='word_1_668' title='bbox 3149 3405 3305 3475; x_wconf 73' lang='grc' dir='ltr'>τάφῳ</span> <span class='ocrx_word' id='word_1_669' title='bbox 3335 3409 3669 3476; x_wconf 81' lang='grc' dir='ltr'>κατέπαυσε,</span> 
     </span>
    </p>
   </div>
   <div class='ocr_carea' id='block_1_91' title="bbox 2107 3489 3673 3567">
    <p class='ocr_par' dir='ltr' id='par_1_91' title="bbox 2107 3489 3673 3567">
     <span class='ocr_line' id='line_1_91' title="bbox 2107 3489 3673 3567; baseline 0.003 -21"><span class='ocrx_word' id='word_1_670' title='bbox 2107 3495 2202 3546; x_wconf 80' lang='grc' dir='ltr'>καὶ</span> <span class='ocrx_word' id='word_1_671' title='bbox 2235 3489 2301 3563; x_wconf 77' lang='grc' dir='ltr'><strong>ἦν</strong></span> <span class='ocrx_word' id='word_1_672' title='bbox 2335 3491 2676 3556; x_wconf 78' lang='grc' dir='ltr'>σαϐϐατίζων</span> <span class='ocrx_word' id='word_1_673' title='bbox 2725 3493 2898 3556; x_wconf 79' lang='grc' dir='ltr'>ὅντως</span> <span class='ocrx_word' id='word_1_674' title='bbox 2931 3495 3031 3564; x_wconf 81' lang='grc' dir='ltr'>τὴν</span> <span class='ocrx_word' id='word_1_675' title='bbox 3094 3496 3308 3548; x_wconf 84' lang='grc' dir='ltr'>τελείαν</span> <span class='ocrx_word' id='word_1_676' title='bbox 3346 3498 3454 3549; x_wconf 79' lang='grc' dir='ltr'>τῶν</span> <span class='ocrx_word' id='word_1_677' title='bbox 3498 3498 3673 3567; x_wconf 77' lang='grc' dir='ltr'>ἔργων</span> 
     </span>
    </p>
   </div>
   <div class='ocr_carea' id='block_1_92' title="bbox 2107 3583 3675 3659">
    <p class='ocr_par' dir='ltr' id='par_1_92' title="bbox 2107 3583 3675 3659">
     <span class='ocr_line' id='line_1_92' title="bbox 2107 3583 3675 3659; baseline 0.004 -23"><span class='ocrx_word' id='word_1_678' title='bbox 2107 3586 2476 3638; x_wconf 82' lang='grc' dir='ltr'>κατάπαυσιν.</span> <span class='ocrx_word' id='word_1_679' title='bbox 2509 3583 2670 3636; x_wconf 78' lang='grc' dir='ltr'>Ἀλλ’</span> <span class='ocrx_word' id='word_1_680' title='bbox 2716 3585 2949 3638; x_wconf 84' lang='grc' dir='ltr'>ἐνταῦθα</span> <span class='ocrx_word' id='word_1_681' title='bbox 2991 3587 3092 3655; x_wconf 75' lang='grc' dir='ltr'>τῆς</span> <span class='ocrx_word' id='word_1_682' title='bbox 3148 3588 3426 3657; x_wconf 87' lang='grc' dir='ltr'>μακαρίας</span> <span class='ocrx_word' id='word_1_683' title='bbox 3473 3591 3675 3659; x_wconf 77' lang='grc' dir='ltr'>ταύτης</span> 
     </span>
    </p>
   </div>
   <div class='ocr_carea' id='block_1_93' title="bbox 2104 3678 3670 3754">
    <p class='ocr_par' dir='ltr' id='par_1_93' title="bbox 2104 3678 3670 3754">
     <span class='ocr_line' id='line_1_93' title="bbox 2104 3678 3670 3754; baseline 0.006 -26"><span class='ocrx_word' id='word_1_684' title='bbox 2104 3678 2363 3744; x_wconf 73' lang='grc' dir='ltr'>γυναικὸς</span> <span class='ocrx_word' id='word_1_685' title='bbox 2429 3678 2491 3731; x_wconf 78' lang='grc' dir='ltr'><strong>τὸ</strong></span> <span class='ocrx_word' id='word_1_686' title='bbox 2549 3679 3100 3748; x_wconf 81' lang='grc' dir='ltr'>κατεσπουδασμένον</span> <span class='ocrx_word' id='word_1_687' title='bbox 3159 3683 3252 3734; x_wconf 79' lang='grc' dir='ltr'><strong>καὶ</strong></span> <span class='ocrx_word' id='word_1_688' title='bbox 3316 3684 3670 3754; x_wconf 76' lang='grc' dir='ltr'>φιλόστοργον</span> 
     </span>
    </p>
   </div>
   <div class='ocr_carea' id='block_1_94' title="bbox 2104 3771 3669 3843">
    <p class='ocr_par' dir='ltr' id='par_1_94' title="bbox 2104 3771 3669 3843">
     <span class='ocr_line' id='line_1_94' title="bbox 2104 3771 3669 3843; baseline 0.005 -20"><span class='ocrx_word' id='word_1_689' title='bbox 2104 3771 2204 3839; x_wconf 83' lang='grc' dir='ltr'>δρα</span> <span class='ocrx_word' id='word_1_690' title='bbox 2236 3788 2348 3840; x_wconf 89' lang='grc' dir='ltr'>μοι.</span> <span class='ocrx_word' id='word_1_691' title='bbox 2384 3771 2505 3824; x_wconf 85' lang='grc' dir='ltr'>Τῶν</span> <span class='ocrx_word' id='word_1_692' title='bbox 2534 3771 2642 3840; x_wconf 71' lang='grc' dir='ltr'><strong>γάρ</strong></span> <span class='ocrx_word' id='word_1_693' title='bbox 2677 3771 2848 3838; x_wconf 83' lang='grc' dir='ltr'>φίλων</span> <span class='ocrx_word' id='word_1_694' title='bbox 2895 3773 2990 3824; x_wconf 80' lang='grc' dir='ltr'>καὶ</span> <span class='ocrx_word' id='word_1_695' title='bbox 3019 3773 3250 3843; x_wconf 79' lang='grc' dir='ltr'>πλησίον</span> <span class='ocrx_word' id='word_1_696' title='bbox 3281 3775 3558 3841; x_wconf 82' lang='grc' dir='ltr'>ἁπάντων,</span> <span class='ocrx_word' id='word_1_697' title='bbox 3595 3779 3669 3839; x_wconf 87' lang='grc' dir='ltr'>ὼς</span> 
     </span>
    </p>
   </div>
   <div class='ocr_carea' id='block_1_95' title="bbox 2103 3859 3671 3935">
    <p class='ocr_par' dir='ltr' id='par_1_95' title="bbox 2103 3859 3671 3935">
     <span class='ocr_line' id='line_1_95' title="bbox 2103 3859 3671 3935; baseline 0.005 -23"><span class='ocrx_word' id='word_1_698' title='bbox 2103 3860 2182 3929; x_wconf 84' lang='grc' dir='ltr'>τῷ</span> <span class='ocrx_word' id='word_1_699' title='bbox 2216 3862 2471 3930; x_wconf 80' lang='grc' dir='ltr'>προφήτῃ</span> <span class='ocrx_word' id='word_1_700' title='bbox 2524 3860 2691 3925; x_wconf 81' lang='grc' dir='ltr'>δοκεῖ,</span> <span class='ocrx_word' id='word_1_701' title='bbox 2729 3859 2839 3912; x_wconf 84' lang='grc' dir='ltr'><strong>τῶν</strong></span> <span class='ocrx_word' id='word_1_702' title='bbox 2877 3861 2975 3928; x_wconf 86' lang='grc' dir='ltr'>μέν</span> <span class='ocrx_word' id='word_1_703' title='bbox 3022 3862 3176 3931; x_wconf 84' lang='grc' dir='ltr'>φόϐῳ</span> <span class='ocrx_word' id='word_1_704' title='bbox 3215 3864 3489 3935; x_wconf 85' lang='grc' dir='ltr'>μακρόθεν</span> <span class='ocrx_word' id='word_1_705' title='bbox 3525 3866 3671 3919; x_wconf 80' lang='grc' dir='ltr'>ἱστα-</span> 
     </span>
    </p>
   </div>
   <div class='ocr_carea' id='block_1_96' title="bbox 2107 3950 3664 4022">
    <p class='ocr_par' dir='ltr' id='par_1_96' title="bbox 2107 3950 3664 4022">
     <span class='ocr_line' id='line_1_96' title="bbox 2107 3950 3664 4022; baseline 0.003 -18"><span class='ocrx_word' id='word_1_706' title='bbox 2107 3953 2306 4020; x_wconf 81' lang='grc' dir='ltr'>μένων,</span> <span class='ocrx_word' id='word_1_707' title='bbox 2339 3951 2450 4003; x_wconf 85' lang='grc' dir='ltr'><strong>τῶν</strong></span> <span class='ocrx_word' id='word_1_708' title='bbox 2484 3950 2540 4004; x_wconf 85' lang='grc' dir='ltr'><strong>δέ</strong></span> <span class='ocrx_word' id='word_1_709' title='bbox 2589 3951 2684 4004; x_wconf 79' lang='grc' dir='ltr'>καὶ</span> <span class='ocrx_word' id='word_1_710' title='bbox 2734 3954 2880 4022; x_wconf 83' lang='grc' dir='ltr'>φυγῇ</span> <span class='ocrx_word' id='word_1_711' title='bbox 2916 3953 3305 4021; x_wconf 84' lang='grc' dir='ltr'>χρησαμένων,</span> <span class='ocrx_word' id='word_1_712' title='bbox 3339 3955 3448 4007; x_wconf 86' lang='grc' dir='ltr'>τῶν</span> <span class='ocrx_word' id='word_1_713' title='bbox 3475 3956 3529 4009; x_wconf 71' lang='grc' dir='ltr'><strong>δὲ</strong></span> <span class='ocrx_word' id='word_1_714' title='bbox 3570 3959 3664 4009; x_wconf 76' lang='grc' dir='ltr'>καὶ</span> 
     </span>
    </p>
   </div>
   <div class='ocr_carea' id='block_1_97' title="bbox 2104 4041 3668 4114">
    <p class='ocr_par' dir='ltr' id='par_1_97' title="bbox 2104 4041 3668 4114">
     <span class='ocr_line' id='line_1_97' title="bbox 2104 4041 3668 4114; baseline 0.005 -20"><span class='ocrx_word' id='word_1_715' title='bbox 2104 4045 2347 4096; x_wconf 79' lang='grc' dir='ltr'>στάντων</span> <span class='ocrx_word' id='word_1_716' title='bbox 2379 4041 2710 4107; x_wconf 73' lang='grc' dir='ltr'>ἐξεναντίας,</span> <span class='ocrx_word' id='word_1_717' title='bbox 2743 4042 2884 4112; x_wconf 78' lang='grc' dir='ltr'>αὕτη</span> <span class='ocrx_word' id='word_1_718' title='bbox 2917 4045 3096 4098; x_wconf 84' lang='grc' dir='ltr'>πάντα</span> <span class='ocrx_word' id='word_1_719' title='bbox 3139 4045 3326 4114; x_wconf 87' lang='grc' dir='ltr'>φόϐον,</span> <span class='ocrx_word' id='word_1_720' title='bbox 3357 4047 3451 4100; x_wconf 65' lang='grc' dir='ltr'><strong>καὶ⁵</strong></span> <span class='ocrx_word' id='word_1_721' title='bbox 3501 4048 3668 4102; x_wconf 73' lang='grc' dir='ltr'>τάλὶα</span> 
     </span>
    </p>
   </div>
   <div class='ocr_carea' id='block_1_98' title="bbox 2102 4132 3665 4209">
    <p class='ocr_par' dir='ltr' id='par_1_98' title="bbox 2102 4132 3665 4209">
     <span class='ocr_line' id='line_1_98' title="bbox 2102 4132 3665 4209; baseline 0.008 -25"><span class='ocrx_word' id='word_1_722' title='bbox 2102 4132 2233 4204; x_wconf 86' lang='grc' dir='ltr'>παρ’</span> <span class='ocrx_word' id='word_1_723' title='bbox 2264 4134 2415 4186; x_wconf 78' lang='grc' dir='ltr'>οὐδὲν</span> <span class='ocrx_word' id='word_1_724' title='bbox 2446 4134 2671 4205; x_wconf 85' lang='grc' dir='ltr'>θεμένη,</span> <span class='ocrx_word' id='word_1_725' title='bbox 2691 4135 3068 4207; x_wconf 57' lang='grc' dir='ltr'><strong>⁴ἀνδρισαμένη</strong></span> <span class='ocrx_word' id='word_1_726' title='bbox 3099 4153 3159 4189; x_wconf 90' lang='grc' dir='ltr'><strong>τε</strong></span> <span class='ocrx_word' id='word_1_727' title='bbox 3195 4139 3376 4190; x_wconf 78' lang='grc' dir='ltr'>καὶτὸ</span> <span class='ocrx_word' id='word_1_728' title='bbox 3411 4139 3665 4209; x_wconf 83' lang='grc' dir='ltr'>φρόνημα</span> 
     </span>
    </p>
   </div>
   <div class='ocr_carea' id='block_1_99' title="bbox 2100 4225 3664 4301">
    <p class='ocr_par' dir='ltr' id='par_1_99' title="bbox 2100 4225 3664 4301">
     <span class='ocr_line' id='line_1_99' title="bbox 2100 4225 3664 4301; baseline 0.004 -23"><span class='ocrx_word' id='word_1_729' title='bbox 2100 4225 2478 4295; x_wconf 80' lang='grc' dir='ltr'>ἀρρενώσασα,</span> <span class='ocrx_word' id='word_1_730' title='bbox 2516 4229 2608 4280; x_wconf 72' lang='grc' dir='ltr'><strong>καὶ</strong></span> <span class='ocrx_word' id='word_1_731' title='bbox 2637 4227 2717 4280; x_wconf 72' lang='grc' dir='ltr'><strong>ὅτ’</strong></span> <span class='ocrx_word' id='word_1_732' title='bbox 2753 4227 2818 4281; x_wconf 84' lang='grc' dir='ltr'>ἂν</span> <span class='ocrx_word' id='word_1_733' title='bbox 2852 4229 2974 4281; x_wconf 83' lang='grc' dir='ltr'>οὐδὲ</span> <span class='ocrx_word' id='word_1_734' title='bbox 3011 4228 3216 4298; x_wconf 82' lang='grc' dir='ltr'>πλῆθος</span> <span class='ocrx_word' id='word_1_735' title='bbox 3240 4229 3495 4300; x_wconf 68' lang='grc' dir='ltr'>ἔδρασαν,</span> <span class='ocrx_word' id='word_1_736' title='bbox 3526 4232 3664 4301; x_wconf 76' lang='grc' dir='ltr'>αὕτη</span> 
     </span>
    </p>
   </div>
   <div class='ocr_carea' id='block_1_100' title="bbox 2105 4317 3666 4392">
    <p class='ocr_par' dir='ltr' id='par_1_100' title="bbox 2105 4317 3666 4392">
     <span class='ocr_line' id='line_1_100' title="bbox 2105 4317 3666 4392; baseline 0.005 -24"><span class='ocrx_word' id='word_1_737' title='bbox 2105 4317 2240 4385; x_wconf 87' lang='grc' dir='ltr'>μόνη</span> <span class='ocrx_word' id='word_1_738' title='bbox 2270 4317 2618 4388; x_wconf 76' lang='grc' dir='ltr'>κατατολμᾷο</span> <span class='ocrx_word' id='word_1_739' title='bbox 2663 4320 2760 4372; x_wconf 90' lang='grc' dir='ltr'><strong>καί</strong></span> <span class='ocrx_word' id='word_1_740' title='bbox 2792 4319 2930 4372; x_wconf 88' lang='grc' dir='ltr'>δοκῶ</span> <span class='ocrx_word' id='word_1_741' title='bbox 2965 4337 3054 4388; x_wconf 88' lang='grc' dir='ltr'><strong>μοι</strong></span> <span class='ocrx_word' id='word_1_742' title='bbox 3087 4323 3512 4392; x_wconf 81' lang='grc' dir='ltr'>παραχωρήσειν</span> <span class='ocrx_word' id='word_1_743' title='bbox 3555 4328 3666 4388; x_wconf 79' lang='grc' dir='ltr'>τοῖς</span> 
     </span>
    </p>
   </div>
   <div class='ocr_carea' id='block_1_101' title="bbox 2105 4408 3662 4481">
    <p class='ocr_par' dir='ltr' id='par_1_101' title="bbox 2105 4408 3662 4481">
     <span class='ocr_line' id='line_1_101' title="bbox 2105 4408 3662 4481; baseline 0.006 -21"><span class='ocrx_word' id='word_1_744' title='bbox 2105 4409 2268 4478; x_wconf 78' lang='grc' dir='ltr'>ἱεροῖς</span> <span class='ocrx_word' id='word_1_745' title='bbox 2295 4409 2711 4476; x_wconf 80' lang='grc' dir='ltr'>εὐαγγελισταίς</span> <span class='ocrx_word' id='word_1_746' title='bbox 2733 4409 2801 4463; x_wconf 83' lang='grc' dir='ltr'>τὰ</span> <span class='ocrx_word' id='word_1_747' title='bbox 2815 4410 3017 4480; x_wconf 87' lang='grc' dir='ltr'>ταύτης</span> <span class='ocrx_word' id='word_1_748' title='bbox 3036 4411 3110 4475; x_wconf 88' lang='grc' dir='ltr'><strong>ώς</strong></span> <span class='ocrx_word' id='word_1_749' title='bbox 3135 4408 3246 4465; x_wconf 76' lang='grc' dir='ltr'>οἶόν</span> <span class='ocrx_word' id='word_1_750' title='bbox 3263 4430 3322 4466; x_wconf 90' lang='grc' dir='ltr'><strong>τε</strong></span> <span class='ocrx_word' id='word_1_751' title='bbox 3351 4415 3662 4481; x_wconf 79' lang='grc' dir='ltr'>διεξελθεῖν.</span> 
     </span>
    </p>
   </div>
   <div class='ocr_carea' id='block_1_102' title="bbox 2176 4501 3667 4574">
    <p class='ocr_par' dir='ltr' id='par_1_102' title="bbox 2176 4501 3667 4574">
     <span class='ocr_line' id='line_1_102' title="bbox 2176 4501 3667 4574; baseline 0.001 -18"><span class='ocrx_word' id='word_1_752' title='bbox 2176 4501 2276 4556; x_wconf 86' lang='lat' dir='ltr'><strong>lE&#39;.</strong></span> <span class='ocrx_word' id='word_1_753' title='bbox 2315 4502 2482 4554; x_wconf 82' lang='grc' dir='ltr'>Πόσον</span> <span class='ocrx_word' id='word_1_754' title='bbox 2513 4501 2558 4554; x_wconf 75' lang='grc' dir='ltr'><strong>δ’</strong></span> <span class='ocrx_word' id='word_1_755' title='bbox 2592 4501 2832 4565; x_wconf 75' lang='grc' dir='ltr'>εἰκάζεις</span> <span class='ocrx_word' id='word_1_756' title='bbox 2879 4503 2942 4556; x_wconf 88' lang='grc' dir='ltr'><strong>ἐκ</strong></span> <span class='ocrx_word' id='word_1_757' title='bbox 2979 4504 3184 4556; x_wconf 82' lang='grc' dir='ltr'>τούτων</span> <span class='ocrx_word' id='word_1_758' title='bbox 3217 4505 3351 4574; x_wconf 77' lang='grc' dir='ltr'>αὐτῇ</span> <span class='ocrx_word' id='word_1_759' title='bbox 3389 4506 3451 4558; x_wconf 78' lang='grc' dir='ltr'><strong>τὸ</strong></span> <span class='ocrx_word' id='word_1_760' title='bbox 3492 4507 3667 4574; x_wconf 83' lang='grc' dir='ltr'>ἐγκώ-</span> 
     </span>
    </p>
   </div>
   <div class='ocr_carea' id='block_1_103' title="bbox 2105 4593 3669 4667">
    <p class='ocr_par' dir='ltr' id='par_1_103' title="bbox 2105 4593 3669 4667">
     <span class='ocr_line' id='line_1_103' title="bbox 2105 4593 3669 4667; baseline 0.002 -22"><span class='ocrx_word' id='word_1_761' title='bbox 2105 4611 2226 4664; x_wconf 88' lang='grc' dir='ltr'>μιον</span> <span class='ocrx_word' id='word_1_762' title='bbox 2249 4611 2264 4659; x_wconf 87' lang='lat'><strong>;</strong></span> <span class='ocrx_word' id='word_1_763' title='bbox 2297 4595 2370 4647; x_wconf 81' lang='grc' dir='ltr'><strong>οὐ</strong></span> <span class='ocrx_word' id='word_1_764' title='bbox 2400 4594 2509 4662; x_wconf 81' lang='grc' dir='ltr'>γὰρ</span> <span class='ocrx_word' id='word_1_765' title='bbox 2531 4593 2676 4658; x_wconf 80' lang='grc' dir='ltr'>ᾶπαξ</span> <span class='ocrx_word' id='word_1_766' title='bbox 2707 4595 2956 4657; x_wconf 76' lang='grc' dir='ltr'>εἰπόντες</span> <span class='ocrx_word' id='word_1_767' title='bbox 2979 4596 3049 4647; x_wconf 79' lang='grc' dir='ltr'><strong>τά</strong></span> <span class='ocrx_word' id='word_1_768' title='bbox 3071 4596 3199 4665; x_wconf 80' lang='grc' dir='ltr'>περὶ</span> <span class='ocrx_word' id='word_1_769' title='bbox 3229 4596 3408 4666; x_wconf 75' lang='grc' dir='ltr'>αὐτῆς</span> <span class='ocrx_word' id='word_1_770' title='bbox 3427 4598 3669 4667; x_wconf 70' lang='grc' dir='ltr'>ἀπηλλά-</span> 
     </span>
    </p>
   </div>
   <div class='ocr_carea' id='block_1_104' title="bbox 2098 4684 3664 4757">
    <p class='ocr_par' dir='ltr' id='par_1_104' title="bbox 2098 4684 3664 4757">
     <span class='ocr_line' id='line_1_104' title="bbox 2098 4684 3664 4757; baseline 0.004 -22"><span class='ocrx_word' id='word_1_771' title='bbox 2098 4701 2300 4753; x_wconf 85' lang='grc' dir='ltr'>γησαν,</span> <span class='ocrx_word' id='word_1_772' title='bbox 2349 4684 2461 4737; x_wconf 78' lang='grc' dir='ltr'><strong>οὐδ’</strong></span> <span class='ocrx_word' id='word_1_773' title='bbox 2491 4685 2521 4738; x_wconf 89' lang='grc' dir='ltr'>ό</span> <span class='ocrx_word' id='word_1_774' title='bbox 2574 4685 2689 4754; x_wconf 77' lang='grc' dir='ltr'>μὲν,</span> <span class='ocrx_word' id='word_1_775' title='bbox 2735 4685 2763 4737; x_wconf 92' lang='grc' dir='ltr'>ό</span> <span class='ocrx_word' id='word_1_776' title='bbox 2791 4684 2837 4738; x_wconf 78' lang='grc' dir='ltr'><strong>δ’</strong></span> <span class='ocrx_word' id='word_1_777' title='bbox 2885 4684 2984 4738; x_wconf 67' lang='lat' dir='ltr'><strong>ob“</strong></span> <span class='ocrx_word' id='word_1_778' title='bbox 3019 4685 3135 4741; x_wconf 80' lang='grc' dir='ltr'>ἀλλ’</span> <span class='ocrx_word' id='word_1_779' title='bbox 3184 4689 3247 4739; x_wconf 92' lang='grc' dir='ltr'><strong>ἐκ</strong></span> <span class='ocrx_word' id='word_1_780' title='bbox 3299 4689 3582 4757; x_wconf 82' lang='grc' dir='ltr'>τεσσάρων</span> <span class='ocrx_word' id='word_1_781' title='bbox 3613 4691 3664 4742; x_wconf 76' lang='lat' dir='ltr'><strong>of</strong></span> 
     </span>
    </p>
   </div>
   <div class='ocr_carea' id='block_1_105' title="bbox 2097 4777 3666 4856">
    <p class='ocr_par' dir='ltr' id='par_1_105' title="bbox 2097 4777 3666 4856">
     <span class='ocr_line' id='line_1_105' title="bbox 2097 4777 3666 4856; baseline 0.002 -27"><span class='ocrx_word' id='word_1_782' title='bbox 2097 4778 2363 4848; x_wconf 90' lang='grc' dir='ltr'>τέσσαρες</span> <span class='ocrx_word' id='word_1_783' title='bbox 2408 4778 2578 4847; x_wconf 81' lang='grc' dir='ltr'>αὐτῆς</span> <span class='ocrx_word' id='word_1_784' title='bbox 2627 4777 3044 4847; x_wconf 75' lang='grc' dir='ltr'>ἐμνημόνευσαν</span> <span class='ocrx_word' id='word_1_785' title='bbox 3067 4792 3082 4808; x_wconf 81' lang='grc'><strong><em>⁸</em></strong></span> <span class='ocrx_word' id='word_1_786' title='bbox 3120 4779 3179 4832; x_wconf 78' lang='grc' dir='ltr'><strong>ἐν</strong></span> <span class='ocrx_word' id='word_1_787' title='bbox 3223 4779 3333 4849; x_wconf 85' lang='grc' dir='ltr'>γὰρ</span> <span class='ocrx_word' id='word_1_788' title='bbox 3361 4783 3471 4856; x_wconf 77' lang='grc' dir='ltr'>τοῖς</span> <span class='ocrx_word' id='word_1_789' title='bbox 3497 4782 3666 4848; x_wconf 80' lang='grc' dir='ltr'>ἀναγ-</span> 
     </span>
    </p>
   </div>
   <div class='ocr_carea' id='block_1_106' title="bbox 2099 4866 3665 4942">
    <p class='ocr_par' dir='ltr' id='par_1_106' title="bbox 2099 4866 3665 4942">
     <span class='ocr_line' id='line_1_106' title="bbox 2099 4866 3665 4942; baseline 0.002 -21"><span class='ocrx_word' id='word_1_790' title='bbox 2099 4868 2410 4930; x_wconf 83' lang='grc' dir='ltr'>καιοτάτοις</span> <span class='ocrx_word' id='word_1_791' title='bbox 2447 4866 2828 4937; x_wconf 78' lang='grc' dir='ltr'>ξυναραμένην</span> <span class='ocrx_word' id='word_1_792' title='bbox 2871 4869 3191 4937; x_wconf 75' lang='grc' dir='ltr'>ἀναγκαίοις</span> <span class='ocrx_word' id='word_1_793' title='bbox 3233 4872 3328 4924; x_wconf 78' lang='grc' dir='ltr'>καὶ</span> <span class='ocrx_word' id='word_1_794' title='bbox 3360 4872 3665 4942; x_wconf 80' lang='grc' dir='ltr'>μνημονεῦ-</span> 
     </span>
    </p>
   </div>
   <div class='ocr_carea' id='block_1_107' title="bbox 2100 4960 3665 5033">
    <p class='ocr_par' dir='ltr' id='par_1_107' title="bbox 2100 4960 3665 5033">
     <span class='ocr_line' id='line_1_107' title="bbox 2100 4960 3665 5033; baseline 0.002 -20"><span class='ocrx_word' id='word_1_795' title='bbox 2100 4977 2190 5013; x_wconf 89' lang='grc' dir='ltr'><strong>σαι</strong></span> <span class='ocrx_word' id='word_1_796' title='bbox 2219 4960 2422 5030; x_wconf 83' lang='grc' dir='ltr'>ταύτης</span> <span class='ocrx_word' id='word_1_797' title='bbox 2477 4961 2709 5028; x_wconf 78' lang='grc' dir='ltr'>ἐπῆλθεν</span> <span class='ocrx_word' id='word_1_798' title='bbox 2740 4961 2943 5024; x_wconf 82' lang='grc' dir='ltr'>αὐτοῖς.</span> <span class='ocrx_word' id='word_1_799' title='bbox 2982 4963 3253 5033; x_wconf 84' lang='grc' dir='ltr'>Τετράκις</span> <span class='ocrx_word' id='word_1_800' title='bbox 3286 4968 3381 5016; x_wconf 83' lang='grc' dir='ltr'><strong>καὶ</strong></span> <span class='ocrx_word' id='word_1_801' title='bbox 3413 4970 3520 5032; x_wconf 77' lang='grc' dir='ltr'><strong>γαρ</strong></span> <span class='ocrx_word' id='word_1_802' title='bbox 3573 4967 3665 5016; x_wconf 68' lang='grc' dir='ltr'><strong>εὖ-</strong></span> 
     </span>
    </p>
   </div>
   <div class='ocr_carea' id='block_1_108' title="bbox 2100 5054 3666 5128">
    <p class='ocr_par' dir='ltr' id='par_1_108' title="bbox 2100 5054 3666 5128">
     <span class='ocr_line' id='line_1_108' title="bbox 2100 5054 3666 5128; baseline 0.003 -22"><span class='ocrx_word' id='word_1_803' title='bbox 2100 5071 2259 5125; x_wconf 86' lang='grc' dir='ltr'>ρηται</span> <span class='ocrx_word' id='word_1_804' title='bbox 2299 5057 2449 5126; x_wconf 75' lang='grc' dir='ltr'><strong>παρὰ</strong></span> <span class='ocrx_word' id='word_1_805' title='bbox 2475 5055 2564 5106; x_wconf 84' lang='grc' dir='ltr'>τὸν</span> <span class='ocrx_word' id='word_1_806' title='bbox 2591 5056 2761 5120; x_wconf 83' lang='grc' dir='ltr'>τάφον</span> <span class='ocrx_word' id='word_1_807' title='bbox 2789 5054 3036 5118; x_wconf 79' lang='grc' dir='ltr'>ἐλθοῦσα,</span> <span class='ocrx_word' id='word_1_808' title='bbox 3078 5058 3175 5111; x_wconf 80' lang='grc' dir='ltr'>καὶ</span> <span class='ocrx_word' id='word_1_809' title='bbox 3215 5057 3376 5111; x_wconf 81' lang='grc' dir='ltr'>θείων</span> <span class='ocrx_word' id='word_1_810' title='bbox 3421 5061 3666 5128; x_wconf 84' lang='grc' dir='ltr'>ἐμφορη-</span> 
     </span>
    </p>
   </div>
   <div class='ocr_carea' id='block_1_109' title="bbox 2099 5147 3660 5219">
    <p class='ocr_par' dir='ltr' id='par_1_109' title="bbox 2099 5147 3660 5219">
     <span class='ocr_line' id='line_1_109' title="bbox 2099 5147 3660 5219; baseline 0.002 -21"><span class='ocrx_word' id='word_1_811' title='bbox 2099 5149 2256 5198; x_wconf 86' lang='grc' dir='ltr'>θεῑσα</span> <span class='ocrx_word' id='word_1_812' title='bbox 2301 5147 2578 5200; x_wconf 80' lang='grc' dir='ltr'>όπτασιῶν</span> <span class='ocrx_word' id='word_1_813' title='bbox 2603 5162 2618 5177; x_wconf 77' lang='grc' dir='ltr'><strong>ο</strong></span> <span class='ocrx_word' id='word_1_814' title='bbox 2651 5147 2710 5198; x_wconf 77' lang='grc' dir='ltr'>τὸ</span> <span class='ocrx_word' id='word_1_815' title='bbox 2768 5148 2868 5216; x_wconf 82' lang='grc' dir='ltr'>μὲν</span> <span class='ocrx_word' id='word_1_816' title='bbox 2902 5149 3143 5218; x_wconf 82' lang='grc' dir='ltr'>πρῶτον,</span> <span class='ocrx_word' id='word_1_817' title='bbox 3198 5149 3334 5219; x_wconf 79' lang='grc' dir='ltr'>μ5νη</span> <span class='ocrx_word' id='word_1_818' title='bbox 3359 5166 3372 5179; x_wconf 90' lang='grc'><strong>·</strong></span> <span class='ocrx_word' id='word_1_819' title='bbox 3407 5150 3660 5215; x_wconf 78' lang='grc' dir='ltr'>δεύτερον</span> 
     </span>
    </p>
   </div>
   <div class='ocr_carea' id='block_1_110' title="bbox 2097 5237 3662 5309">
    <p class='ocr_par' dir='ltr' id='par_1_110' title="bbox 2097 5237 3662 5309">
     <span class='ocr_line' id='line_1_110' title="bbox 2097 5237 3662 5309; baseline 0.003 -20"><span class='ocrx_word' id='word_1_820' title='bbox 2097 5237 2176 5300; x_wconf 78' lang='grc' dir='ltr'><strong>δὲ,</strong></span> <span class='ocrx_word' id='word_1_821' title='bbox 2205 5239 2344 5306; x_wconf 77' lang='grc' dir='ltr'>μετὰ</span> <span class='ocrx_word' id='word_1_822' title='bbox 2372 5239 2471 5306; x_wconf 76' lang='grc' dir='ltr'><strong>τῆς</strong></span> <span class='ocrx_word' id='word_1_823' title='bbox 2498 5237 2664 5306; x_wconf 83' lang='grc' dir='ltr'>ἄλλης</span> <span class='ocrx_word' id='word_1_824' title='bbox 2689 5238 2936 5307; x_wconf 86' lang='grc' dir='ltr'>Μαρίας,</span> <span class='ocrx_word' id='word_1_825' title='bbox 2961 5241 3026 5309; x_wconf 81' lang='grc' dir='ltr'><strong>ἣν</strong></span> <span class='ocrx_word' id='word_1_826' title='bbox 3052 5240 3276 5308; x_wconf 81' lang='grc' dir='ltr'>Μάρκος</span> <span class='ocrx_word' id='word_1_827' title='bbox 3299 5257 3358 5293; x_wconf 89' lang='grc' dir='ltr'><strong>τε</strong></span> <span class='ocrx_word' id='word_1_828' title='bbox 3385 5245 3479 5293; x_wconf 75' lang='grc' dir='ltr'><strong>καὶ</strong></span> <span class='ocrx_word' id='word_1_829' title='bbox 3507 5243 3662 5296; x_wconf 80' lang='grc' dir='ltr'>Ματ-</span> 
     </span>
    </p>
   </div>
   <div class='ocr_carea' id='block_1_111' title="bbox 2100 5328 3667 5402">
    <p class='ocr_par' dir='ltr' id='par_1_111' title="bbox 2100 5328 3667 5402">
     <span class='ocr_line' id='line_1_111' title="bbox 2100 5328 3667 5402; baseline 0.003 -20"><span class='ocrx_word' id='word_1_830' title='bbox 2100 5329 2251 5392; x_wconf 84' lang='grc' dir='ltr'>θαῖος</span> <span class='ocrx_word' id='word_1_831' title='bbox 2297 5329 2454 5399; x_wconf 86' lang='grc' dir='ltr'>Ἰωσῆ</span> <span class='ocrx_word' id='word_1_832' title='bbox 2485 5346 2542 5380; x_wconf 89' lang='grc' dir='ltr'><strong>τε</strong></span> <span class='ocrx_word' id='word_1_833' title='bbox 2592 5332 2686 5382; x_wconf 78' lang='grc' dir='ltr'>καὶ</span> <span class='ocrx_word' id='word_1_834' title='bbox 2719 5328 2974 5381; x_wconf 87' lang='grc' dir='ltr'>Ἰακώϐου</span> <span class='ocrx_word' id='word_1_835' title='bbox 3008 5330 3232 5384; x_wconf 79' lang='grc' dir='ltr'>καλοῦσι</span> <span class='ocrx_word' id='word_1_836' title='bbox 3284 5334 3526 5402; x_wconf 80' lang='grc' dir='ltr'><strong>μητέρα⁹</strong></span> <span class='ocrx_word' id='word_1_837' title='bbox 3576 5337 3667 5386; x_wconf 75' lang='grc' dir='ltr'><strong>καὶ</strong></span> 
     </span>
    </p>
   </div>
   <div class='ocr_carea' id='block_1_112' title="bbox 2095 5422 3665 5495">
    <p class='ocr_par' dir='ltr' id='par_1_112' title="bbox 2095 5422 3665 5495">
     <span class='ocr_line' id='line_1_112' title="bbox 2095 5422 3665 5495; baseline 0.001 -21"><span class='ocrx_word' id='word_1_838' title='bbox 2095 5423 2302 5490; x_wconf 89' lang='grc' dir='ltr'>τρίτον,</span> <span class='ocrx_word' id='word_1_839' title='bbox 2333 5422 2552 5490; x_wconf 79' lang='grc' dir='ltr'>σύναμα</span> <span class='ocrx_word' id='word_1_840' title='bbox 2584 5423 2772 5491; x_wconf 81' lang='grc' dir='ltr'>Πέτρῳ</span> <span class='ocrx_word' id='word_1_841' title='bbox 2805 5427 2900 5474; x_wconf 76' lang='grc' dir='ltr'>καὶ</span> <span class='ocrx_word' id='word_1_842' title='bbox 2936 5422 3160 5495; x_wconf 75' lang='grc' dir='ltr'>Ἰωάννῃ</span> <span class='ocrx_word' id='word_1_843' title='bbox 3191 5427 3332 5477; x_wconf 70' lang='grc' dir='ltr'>κατὰ</span> <span class='ocrx_word' id='word_1_844' title='bbox 3363 5426 3463 5494; x_wconf 80' lang='grc' dir='ltr'><strong>τὴν</strong></span> <span class='ocrx_word' id='word_1_845' title='bbox 3493 5425 3665 5495; x_wconf 75' lang='grc' dir='ltr'>αὐτὴν</span> 
     </span>
    </p>
   </div>
   <div class='ocr_carea' id='block_1_113' title="bbox 2097 5511 3668 5588">
    <p class='ocr_par' dir='ltr' id='par_1_113' title="bbox 2097 5511 3668 5588">
     <span class='ocr_line' id='line_1_113' title="bbox 2097 5511 3668 5588; baseline 0.003 -24"><span class='ocrx_word' id='word_1_846' title='bbox 2097 5511 2268 5580; x_wconf 86' lang='grc' dir='ltr'>ὥραν,</span> <span class='ocrx_word' id='word_1_847' title='bbox 2316 5511 2389 5574; x_wconf 83' lang='grc' dir='ltr'>ὥς</span> <span class='ocrx_word' id='word_1_848' title='bbox 2430 5529 2594 5580; x_wconf 69' lang='grc' dir='ltr'>φησιν</span> <span class='ocrx_word' id='word_1_849' title='bbox 2632 5513 2887 5582; x_wconf 76' lang='grc' dir='ltr'>Ἰωάννης</span> <span class='ocrx_word' id='word_1_850' title='bbox 2912 5530 2928 5547; x_wconf 79' lang='grc' dir='ltr'><strong>ο</strong></span> <span class='ocrx_word' id='word_1_851' title='bbox 2962 5517 3247 5585; x_wconf 86' lang='grc' dir='ltr'>τέταρτον,</span> <span class='ocrx_word' id='word_1_852' title='bbox 3275 5516 3392 5585; x_wconf 77' lang='grc' dir='ltr'>ἅμα</span> <span class='ocrx_word' id='word_1_853' title='bbox 3429 5517 3668 5588; x_wconf 82' lang='grc' dir='ltr'>Σαλώμῃ</span> 
     </span>
    </p>
   </div>
   <div class='ocr_carea' id='block_1_114' title="bbox 2097 5605 3667 5679">
    <p class='ocr_par' dir='ltr' id='par_1_114' title="bbox 2097 5605 3667 5679">
     <span class='ocr_line' id='line_1_114' title="bbox 2097 5605 3667 5679; baseline 0.004 -23"><span class='ocrx_word' id='word_1_854' title='bbox 2097 5607 2191 5657; x_wconf 74' lang='grc' dir='ltr'>καὶ</span> <span class='ocrx_word' id='word_1_855' title='bbox 2239 5607 2304 5673; x_wconf 78' lang='grc' dir='ltr'>τῇ</span> <span class='ocrx_word' id='word_1_856' title='bbox 2349 5605 2512 5674; x_wconf 64' lang='grc' dir='ltr'>ἑτέρᾳ</span> <span class='ocrx_word' id='word_1_857' title='bbox 2558 5606 2769 5675; x_wconf 70' lang='grc' dir='ltr'>Μαρία,</span> <span class='ocrx_word' id='word_1_858' title='bbox 2828 5608 3206 5670; x_wconf 85' lang='grc' dir='ltr'>ἀνατείλαντος</span> <span class='ocrx_word' id='word_1_859' title='bbox 3249 5609 3344 5661; x_wconf 82' lang='grc' dir='ltr'>τοῦ</span> <span class='ocrx_word' id='word_1_860' title='bbox 3395 5610 3667 5679; x_wconf 85' lang='grc' dir='ltr'>ήλίου,ῶς</span> 
     </span>
    </p>
   </div>
   <div class='ocr_carea' id='block_1_115' title="bbox 2097 5696 3659 5773">
    <p class='ocr_par' dir='ltr' id='par_1_115' title="bbox 2097 5696 3659 5773">
     <span class='ocr_line' id='line_1_115' title="bbox 2097 5696 3659 5773; baseline 0.006 -28"><span class='ocrx_word' id='word_1_861' title='bbox 2097 5712 2231 5765; x_wconf 84' lang='grc' dir='ltr'>φησι</span> <span class='ocrx_word' id='word_1_862' title='bbox 2261 5697 2508 5766; x_wconf 81' lang='grc' dir='ltr'>Μάρκος.</span> <span class='ocrx_word' id='word_1_863' title='bbox 2537 5697 2645 5750; x_wconf 75' lang='grc' dir='ltr'>Καὶ</span> <span class='ocrx_word' id='word_1_864' title='bbox 2679 5696 2742 5768; x_wconf 82' lang='grc' dir='ltr'>δή</span> <span class='ocrx_word' id='word_1_865' title='bbox 2782 5699 3110 5773; x_wconf 82' lang='grc' dir='ltr'>προσεκτέον</span> <span class='ocrx_word' id='word_1_866' title='bbox 3157 5700 3402 5772; x_wconf 81' lang='grc' dir='ltr'>ἀκριϐώς</span> <span class='ocrx_word' id='word_1_867' title='bbox 3438 5706 3502 5754; x_wconf 73' lang='grc' dir='ltr'><strong>τά</strong></span> <span class='ocrx_word' id='word_1_868' title='bbox 3534 5708 3659 5770; x_wconf 78' lang='grc' dir='ltr'>περὶ</span> 
     </span>
    </p>
   </div>
  </div>
