4080 6206
398 278 507 344 563

398 484 488 547 sit,
520 496 577 539 ut
605 487 706 543 ista
743 492 924 547 omnia
958 495 1281 564 phantasma
1313 518 1433 557 esse
1487 507 1757 574 crederet,
1800 510 1873 565 ita
1908 520 1967 568 ut

398 576 684 633 hominum
722 598 897 649 more,
935 586 1038 642 sibi
1060 589 1162 658 ipsi
1194 591 1484 660 dilIideret,
1508 601 1811 667 praesertim
1840 618 1965 658 eum

394 671 536 724 fama
576 673 809 728 maxima
881 692 1006 732 cum
1064 682 1355 739 velocitate
1406 690 1747 760 promulgata
1795 703 1964 758 esset.

394 761 693 829 discipulos
734 776 901 823 noctu
932 784 1133 841 corpus
1164 776 1283 845 ejus
1314 776 1526 834 furatos
1549 796 1694 837 esse.
1734 782 1842 839 Sed
1867 801 1967 841 nec

393 852 549 950 sicut!
584 858 841 925 sepulcro
885 861 1174 932 abscessit,
1230 870 1326 925 sed
1375 883 1665 944 postquam
1707 877 1964 950 discipuli

391 944 683 1039 abiissent,
722 968 741 1001 ι
783 951 973 1018 Maria,
1028 966 1088 1012 ut
1118 959 1355 1031 legimus
1383 964 1437 1019 in
1474 965 1797 1039 Scripturis,
1829 944 1965 1027 foris

391 1038 571 1093 stabat
596 1043 841 1111 plorans,
892 1065 912 1099 ι
948 1064 1075 1105 cum
1104 1053 1233 1123 quia
1284 1056 1350 1111 de
1379 1058 1546 1114 rebus
1594 1038 1961 1131 desperasset,

394 1140 507 1185 tum
529 1134 655 1203 quia
676 1153 863 1195 revera
888 1141 1196 1213 ignorabat,
1212 1144 1409 1204 utrum'
1424 1151 1593 1209 furati
1608 1164 1794 1210 essent
1812 1170 1962 1223 eum,

393 1232 451 1274 ut
483 1222 624 1279 fama
660 1238 799 1292 erat,
842 1247 910 1286 an
939 1235 1215 1292 sublatum
1241 1239 1409 1297 fuerit
1444 1243 1554 1298 alio
1602 1246 1787 1302 modo.
1824 1222 1962 1302 Dum

389 1328 521 1379 ergo
547 1312 720 1382 ﬂeret,
759 1336 778 1370 ι
810 1319 1095 1380 inclinavit
1123 1342 1206 1390 se,
1251 1338 1308 1383 et
1330 1343 1614 1403 prospexnt
1643 1334 1698 1389 in
1761 1350 1959 1392 monu-

389 1416 659 1475 mentum,
701 1412 969 1485 ambigue
1014 1420 1237 1484 mentis,
1269 1431 1324 1477 et
1365 1423 1503 1479 vidit
1557 1425 1702 1483 duos
1736 1430 1961 1500 angelos

392 1497 446 1590 in
475 1498 614 1556 albis
638 1502 916 1570 sedentes,
973 1524 1141 1563 unum
1168 1512 1235 1566 ad
1258 1523 1442 1583 caput,
1473 1526 1530 1572 et
1563 1533 1731 1573 unum
1762 1497 1831 1574 ad
1865 1535 1962 1590 pe-

391 1589 508 1654 des,
554 1593 643 1646 ubi
686 1595 930 1663 positum
979 1598 1161 1655 fuerat
1186 1617 1390 1669 corpus
1441 1605 1593 1661 Jesu.
1648 1589 1959 1663 Dicuntiel

386 1684 464 1737 illi
492 1705 505 1739 :
530 1686 740 1752 Mulier,
783 1691 913 1758 quid
941 1692 1228 1762 ploras”?
1258 1715 1277 1748 ι
1309 1713 1470 1768 quem
1500 1701 1739 1769 quaeris?
1777 1701 1959 1757 Verba

1581 300 1757 369 ΝῖοΕ
1770 302 2000 367 ΡΗΟΒΙ
2041 310 2383 376 CALLISTI

470 393 628 447 XV‘ll.
672 392 919 454 Fersitan
978 401 1209 461 dubium
1258 408 1472 465 beatam
1517 412 1774 470 feminam
1817 422 1971 474 inva-

3538 332 3641 396 5‘1

2001 428 2042 484 Α
2108 512 2111 513 ν
2146 424 2245 479 lZ'.
2286 429 2504 498 Ἀμέλει
2535 431 2631 485 καὶ
2678 434 2779 505 τὴν
2812 434 3129 507 θαυμασίαν
3182 440 3384 512 ταύτην
3414 451 3645 513 γυναῖκα

2070 512 2151 576 είς
2180 514 2499 588 ὲνδοιασμὸν
2530 520 2883 591 ἐμϐάλλωσι,
2929 529 3236 594 φαντασίαν
3279 512 3528 604 οἰηθῆναι
3583 538 3645 591 τὸ

2068 607 2322 677 πρᾶγμα.
2348 610 2455 663 Καὶ
2476 608 2546 683 ἦν
2569 613 2713 678 εἰκὸς
2743 616 2838 670 καὶ
2866 620 3070 689 ταύτην
3090 620 3430 693 ἀνθρώπινόν
3458 644 3512 680 τι
3542 644 3645 681 πα-

2068 694 2203 763 θεῖν,
2241 700 2336 753 καὶ
2368 702 2674 759 διαπιστεῖν
2705 706 2896 778 ἑαυτῇ,
2936 712 3032 764 καὶ
3082 711 3254 767 ταῦτα
3304 716 3407 785 τῆς
3453 718 3645 789 φήμης

2065 790 2223 858 ταχεῖ
2253 790 2333 861 τῷ
2363 794 2550 865 ¹πτερῷ
2582 799 2958 868 χρησαμένης,
2992 801 3075 855 ὅτι
3101 804 3296 867 νυκτὸς
3324 808 3372 859 οἱ
3403 808 3646 879 μαθηταὶ

2044 881 2232 955 αὐτοῦ
2253 883 2500 950 ἐλθόντες
2528 887 2764 959 ἔκλεψαν
2797 891 2982 948 αὐτόν.
3026 894 3168 948 Ἀλλ’
3188 895 3363 962 οῦτως
3405 902 3643 970 ἀμφιϐό-

2065 973 2174 1038 λως
2227 974 2450 1047 ἔχουσα,
2485 979 2637 1050 ὅμως
2691 982 2792 1037 οὐκ
2865 985 3134 1055 ἀφίστατο
3187 983 3297 1043 τοῦ
3340 995 3641 1062 μνημείου,

2063 1064 2202 1119 ἀλλά
2240 1069 2337 1120 καὶ
2364 1068 2475 1123 τῶν
2508 1071 2773 1142 μαθητῶν
2805 1075 3049 1130 ἐκποδὼν
3071 1081 3399 1150 γενομένων,
3430 1085 3640 1154 Μαρία,

2066 1158 2252 1225 φησιν,
2285 1159 2532 1232 εἱστήκει
2566 1163 2828 1219 κλαίουσα
2858 1166 2986 1234 ἔξω,
3038 1169 3098 1223 τὸ
3134 1170 3235 1240 μὲν
3261 1171 3335 1236 ὡς
3368 1173 3467 1244 τῆς
3489 1174 3643 1227 ἐλπίς-

2062 1250 2151 1315 δος
2179 1251 2535 1324 διαπεσοῦσα,
2588 1256 2651 1311 τδ
2693 1258 2739 1312 δ’
2768 1259 2850 1313 ὅτι
2906 1262 3002 1314 καῖ
3049 1261 3126 1334 μὴ
3179 1264 3379 1318 εἰδέναι
3416 1266 3640 1335 ἔχουσα,

2063 1342 2166 1397 εῖτ’
2219 1344 2458 1416 έκλάπη,
2508 1346 2587 1412 ὡς
2642 1348 2824 1419 λόγος,
2852 1352 2950 1406 εῖτ’
2982 1353 3127 1425 fiqu
3151 1370 3167 1386 °
3226 1356 3324 1411 καὶ
3371 1358 3639 1412 κλαίουσα

2067 1453 2087 1487 ε
2121 1437 2474 1508 παρακύπτει
2496 1440 2665 1496 πάλιν
2700 1444 2780 1507 είς
2808 1443 2869 1498 τὸ
2887 1448 3157 1517 μνημεῖον
3178 1447 3259 1503 ἔτι
3279 1450 3640 1505 διαπιστοῦσα

2086 1530 2189 1583 καὶ
2220 1529 2430 1601 θεωρεῖ
2462 1531 2558 1586 δύο
2583 1533 2851 1603 ἀγγέλους
2883 1539 2941 1591 ὲν
2971 1536 3187 1602 λευκοῖς
3216 1540 3639 1613 καθεζομένους,

2062 1619 2157 1673 ἕνα
2199 1621 2335 1692 πρὸς
2366 1625 2433 1694 τῇ
2464 1624 2701 1698 κεφαλῇ,
2737 1627 2831 1681 καὶ
2862 1627 2959 1682 ἕνα
2980 1629 3118 1700 πρὸς
3142 1633 3257 1696 τοῖς
3293 1634 3472 1700 ποσὶν,
3501 1634 3639 1689 ὅπου

2062 1711 2241 1765 έκειτο
2269 1713 2331 1767 τὸ
2369 1715 2530 1786 σῶμα
2561 1717 2659 1773 τοῦ
2688 1719 2865 1790 ’ῖησοῦ
2891 1737 2907 1753 ο
2937 1723 3033 1776 καὶ
3061 1723 3314 1790 λέγουσιν
3339 1726 3475 1797 αὐτῇ
3501 1728 3637 1780 ἐκεῖ·

385 1794 518 1829 sane
547 1779 939 1847 exprobrantia
975 1784 1318 1841 dicentium:
1348 1789 1565 1857 Mulier,
1624 1801 1751 1862 post
1788 1793 1951 1847 talem

2057 1817 2158 1869 νοι,
2190 1801 2374 1869 Γύναι,
2408 1779 2466 1858 τί
2489 1806 2705 1872 κλαίεις
2723 1779 2884 1873 {sive
2913 1809 3099 1881 ζητεῖς
3115 1779 3147 1877 ς’
3166 1831 3185 1864 ι
3228 1812 3430 1867 ὡσανεὶ
3449 1779 3637 1870 ’έπιτι-

384 1868 588 1932 visum,
637 1872 769 1940 quid
810 1874 1029 1942 ploras?
1057 1877 1402 1935 muliebriter
1437 1881 1701 1951 desperas
1740 1882 1811 1938 de
1870 1883 1959 1938 his

385 1964 661 2024 omnibus.
711 1974 767 2019 et
813 1983 1067 2037 magnum
1126 1971 1256 2039 quid
1307 1973 1557 2043 judicare
1613 1991 1723 2030 non
1785 1977 1955 2032 vales.

383 2058 554 2121 Quem
592 2060 831 2125 qttreris?
864 2078 1025 2130 quem
1056 2064 1281 2120 vidisti?
1311 2068 1607 2137 ριιῙιιειιιιιη
1625 2068 1794 2137 pedes
1829 2069 1957 2121 teti—

386 2150 553 2216 gisti?
591 2155 715 2220 quis
755 2163 804 2207 te
838 2155 1110 2211 allocutus
1148 2160 1279 2213 est?
1325 2159 1472 2214 hunc
1520 2160 1687 2230 igitur
1720 2160 1958 2230 quaeris?

384 2244 523 2300 llicit
559 2246 623 2299 iis
658 2266 671 2300 τ
718 2267 735 2299 ι
780 2247 1049 2302 Tulerunt
1076 2250 1367 2305 Dominum
1417 2267 1599 2305 meum
1652 2252 1720 2305 de
1757 2268 1955 2306 monu-

383 2349 588 2404 mento,
618 2352 673 2394 et
700 2342 883 2395 nescio
911 2342 1004 2395 ubi
1046 2353 1347 2411 posuerunt
1374 2360 1500 2398 eunt
1526 2345 1591 2398 ¹⁶.
1631 2362 1649 2396 ι
1683 2343 1819 2400 Tum
1861 2361 1957 2397 an-

381 2433 486 2499 geli
528 2435 715 2486 subito
750 2444 1130 2500 surrexerunt,
1167 2445 1224 2490 et
1280 2436 1421 2491 forte
1459 2436 1710 2492 Salvator
1743 2439 1952 2501 aderat,

379 2534 435 2579 et
459 2542 722 2580 conversa
753 2536 834 2582 «est
859 2538 1188 2593 retrorsum,
1219 2537 1276 2583 et
1305 2529 1442 2583 vidit
1470 2530 1660 2585 Jesum
1688 2538 1951 2595 stantem,

379 2630 434 2672 et
464 2635 572 2673 non
613 2620 821 2674 sciebat
856 2621 983 2690 quia
1034 2621 1197 2676 Jesus
1224 2630 1331 2687 est,
1358 2636 1482 2677 cum
1512 2626 1648 2692 quia
1682 2632 1807 2693 post
1862 2638 1951 2678 re~

378 2712 782 2766 surrectionem
821 2713 873 2766 in
904 2728 1137 2783 corpore
1164 2714 1571 2784 incorruptibili
1602 2730 1705 2770 nec
1725 2730 1952 2785 promus

376 2806 613 2860 visibilis
643 2816 764 2861 erat
800 2807 903 2861 nisi
946 2806 1035 2865 iis.
1063 2809 1320 2877 aquibus
1346 2808 1499 2863 cerni
1532 2807 1783 2873 volebat;
1834 2816 1948 2862 tum

379 2898 509 2965 quia
540 2897 683 2950 oculi
720 2890 978 2968 lacrymis
998 2897 1279 2953 obscurati
1312 2912 1419 2954 non
1462 2898 1608 2952 clare
1637 2897 1824 2953 videre
1846 2912 1949 2968 po-

377 2998 596 3051 terant;
627 2997 742 3042 tum
771 2991 898 3058 quia
933 2990 1195 3044 Christus
1224 2990 1277 3044 id
1314 2990 1386 3045 ita
1422 2990 1759 3045 instituerat.
1804 3008 1823 3042 ι
1858 2990 1949 3044 Di-

377 3083 451 3135 cit
476 3082 524 3135 ei
558 3083 715 3137 .lcsus
748 3101 761 3137 :
794 3083 1007 3144 Mulier.
1038 3083 1170 3153 quid
1209 3083 1437 3153 ploras?
1476 3097 1641 3153 quem
1701 3082 1945 3152 qumris?

376 3178 495 3241 Illa,
527 3178 849 3231 existimans
893 3177 1020 3245 quia
1068 3176 1393 3231 hortulanus
1429 3182 1598 3243 esset,
1652 3174 1789 3231 dicit
1838 3175 1890 3231 ei
1927 3192 1941 3231 :

379 3273 633 3338 Domine,
665 3273 710 3325 si
747 3280 804 3325 tu
841 3270 1117 3325 sustulisti
1146 3286 1299 3335 eum,
1326 3270 1496 3325 dicito
1530 3270 1690 3336 mihi,
1723 3269 1815 3325 ubi
1850 3285 1943 3340 po-

377 3367 532 3419 suisti
561 3379 711 3425 eum,
751 3374 807 3418 et
830 3379 932 3433 ego
966 3378 1095 3418 eum
1131 3363 1320 3416 tollam
1353 3363 1418 3416 ⁸⁷.
1452 3381 1469 3412 ι
1497 3361 1664 3427 Quasi
1694 3360 1942 3416 diceret:

377 3453 432 3507 Si
472 3463 526 3505 tu
557 3467 623 3506 ex
654 3452 721 3506 iis
748 3467 808 3507 cs
835 3453 928 3520 qui
954 3466 1081 3506 eum
1113 3451 1477 3515 sustulerunt,
1524 3450 1613 3506 dic
1661 3449 1818 3513 mihi,
1889 3457 1947 3504 et

376 3546 559 3601 tollam
596 3561 742 3600 eum.
822 3545 867 3600 Ο
892 3546 1155 3614 philtrum
1190 3544 1490 3600 muliebre!
1543 3560 1576 3600 ο
1609 3542 1945 3599 desiderium

376 3637 778 3693 ardenslNihil
828 3654 958 3693 sane
989 3652 1117 3692 vera
1168 3637 1439 3693 charitate
1493 3636 1757 3694 sanctius.
1795 3635 1946 3703 Quo.

378 3733 543 3787 modo
571 3741 751 3785 autem
797 3731 852 3784 in
910 3742 1153 3784 mentem
1216 3731 1264 3785 ei
1296 3730 1450 3785 venit
1497 3745 1598 3801 pro
1644 3729 1944 3785 hortulano

375 3843 502 3881 eum
535 3825 735 3879 habere
758 3823 779 3875 ?
800 3822 960 3877 Certe
990 3821 1304 3892 sepulcrum
1330 3823 1383 3875 in
1416 3821 1578 3875 horto
1600 3820 1764 3874 situm
1788 3830 1943 3884 erat;

378 3916 472 3970 sed
515 3916 653 3969 forte
704 3930 810 3967 non
867 3912 1167 3967 absurdum
1231 3919 1336 3975 est,
1400 3910 1638 3981 primum
1659 3918 1716 3964 et
1753 3924 1941 3964 verum

380 4007 616 4076 paradisi
642 4005 909 4060 cultorem
959 4018 1026 4059 eo
1054 4003 1278 4058 nomine
1313 4003 1622 4072 designare.

448 4097 635 4152 XVIII.
671 4096 806 4151 Cum
840 4096 1008 4166 igitur
1044 4094 1211 4149 Maria
1278 4094 1351 4148 ita
1385 4109 1606 4163 corpus,
1656 4093 1786 4149 hinc
1818 4094 1943 4150 inde

375 4211 626 4259 currens,
662 4195 992 4265 requireret,
1016 4202 1071 4249 et
1122 4193 1381 4248 allocutio
1406 4192 1581 4262 ipsius
1600 4207 1696 4247 cor
1741 4209 1803 4247 ac
1832 4209 1945 4249 me-

375 4290 579 4343 dullam
607 4297 878 4358 tangeret,
918 4302 1025 4341 una
1050 4302 1153 4340 vox
1186 4287 1356 4340 beata:
1389 4285 1606 4340 feminze
1635 4285 1826 4340 oculos
1874 4285 1941 4341 ad

2061 1891 2289 1959 μὼντων
2314 1895 2423 1950 eici
2447 1898 2517 1950 τά
2542 1899 2766 1968 ῥήματα
2791 1915 2806 1931 ⁸
2842 1901 3001 1956 Μετὰ
3029 1903 3139 1974 γὰρ
3163 1905 3433 1976 τοσαύτην
3481 1907 3633 1973 θέαν,

2018 1992 2021 1995 ’
2056 1982 2239 2049 γύναι,
2272 1985 2327 2038 τί
2353 1985 2598 2055 κλαίειςς
2652 1988 2736 2043 ἔτι
2768 1991 3045 2063 ἀνάνδρως
3074 1993 3372 2060 διάκεισαι,
3422 1999 3516 2050 καὶ
3542 1999 3635 2050 οὖ-

2055 2074 2143 2126 ὂὲν
2171 2075 2315 2145 μέγα
2343 2077 2597 2149 ἐννοῆσαι
2629 2081 2800 2156 δύνῃε
2847 2083 2968 2138 τίνα
3010 2086 3230 2157 ζητεῖς;
3260 2088 3320 2141 ὃν
3362 2084 3541 2156 εἶδεςς
3572 2085 3633 2143 οὗ

2055 2165 2165 2219 τῶν
2196 2167 2374 2222 ποδῶν
2396 2169 2556 2240 ἦψως
2590 2170 2649 2236 ὃς
2675 2174 2773 2227 καὶ
2789 2176 2976 2245 φωνῆς
2992 2192 3078 2230 σοι
3103 2179 3375 2248 μετέδωκε
3396 2198 3411 2248 ;
3436 2180 3630 2235 τοῦτον

2055 2258 2274 2327 ζητεῖςς
2334 2260 2395 2315 Ἥ
2426 2263 2485 2317 δι
2514 2263 2687 2334 λέγει,
2723 2263 2936 2339 «Ἦραν
2958 2269 3048 2323 τὸν
3083 2270 3284 2341 Κύριόν
3314 2290 3420 2343 μου
3446 2274 3509 2327 ἐκ
3534 2272 3630 2326 τοῦ

2057 2354 2348 2419 μνημείου,
2380 2357 2475 2409 καὶ
2506 2357 2607 2411 οὐκ
2641 2354 2762 2414 οῐδα
2791 2359 2896 2414 ποῦ
2919 2362 3126 2432 ἔθηκαν
3148 2364 3334 2418 αὐτόν.
3366 2382 3386 2416 ι
3422 2364 3555 2419 Ε’τα
3573 2369 3631 2419 ἐν

2051 2443 2129 2511 ea?»
2154 2445 2280 2507 τοὺς
2302 2446 2577 2516 ἀγγέλους
2610 2450 2911 2522 ἀναστῆναι
2965 2454 3194 2526 σπουδῇ,
3233 2455 3365 2519 ῖσως
3392 2457 3487 2511 τοῦ
3519 2459 3631 2511 Σω-

2051 2534 2218 2603 τῆρος
2249 2537 2427 2591 ἐκεῖσε
2450 2542 2919 2613 παραγενομένου,
2948 2548 3251 2619 στραφεῖσα
3280 2548 3465 2619 ἐκείνη
3497 2549 3632 2603 θεω-

2054 2630 2140 2693 ρεῖ
2191 2628 2283 2681 τὸν
2320 2630 2527 2699 Ἰησοῦν
2576 2633 2809 2703 ἑστῶτα,
2848 2636 2947 2690 καὶ
2994 2637 3095 2691 οὐκ
3146 2638 3266 2710 ᾔδει
3295 2640 3378 2695 ὅτι
3419 2640 3631 2710 Ἰησοῦς

2051 2720 2192 2781 ἔστι,
2225 2720 2287 2773 τὸ
2319 2722 2441 2791 μὲν,
2477 2724 2560 2779 δτι
2626 2725 2686 2779 ὲν
2714 2726 2979 2800 ἀφθάρτῳ
3012 2724 3082 2800 ῆν
3113 2730 3329 2802 σώματι
3362 2732 3501 2802 μετὰ
3530 2733 3630 2803 τὴν

2049 2811 2365 2879 ἀνάστασιν,
2394 2816 2490 2869 καὶ
2520 2816 2582 2870 ού
2614 2818 2965 2875 παντάπασιν
2981 2821 3194 2892 ὁρατὸς,
3235 2822 3286 2876 εί
3318 2825 3395 2893 μὴ
3428 2820 3509 2887 οἷς
3536 2825 3629 2879 καὶ

2049 2902 2137 2957 ὅτε
2170 2905 2496 2975 βεδούλοιτο,
2533 2909 2594 2963 τδ
2627 2910 2675 2963 δ’
2701 2910 2785 2965 ὅτι
2816 2912 2911 2966 καὶ
2938 2914 3005 2983 τῇ
3050 2913 3437 2987 τῶν,δακρύων
3470 2917 3631 2986 ἀχλύῖ

2052 3000 2125 3067 μὴ
2154 2999 2429 3071 δυναμένη
2457 3002 2713 3073 καθαρῶς
2745 3006 3008 3078 καθορᾷν.
3036 3006 3069 3079 ἦ
3096 3007 3229 3071 ῖσως
3254 3009 3350 3062 καὶ
3375 3008 3470 3063 τοῦ
3492 3009 3629 3078 x9"

2052 3092 2178 3145 στοῦ
2214 3093 2372 3146 τοῦτο
2403 3096 2879 3168 οῖκονομήσαντος.
2913 3117 2935 3153 ε
2960 3100 3125 3169 Λέγει
3155 3102 3294 3172 αὐτῇ
3318 3104 3347 3156 ὁ
3393 3103 3624 3173 Ἰησοῦς,

2054 3202 2073 3236 ε
2099 3184 2283 3248 Γύναι,
2306 3186 2360 3239 τί
2390 3186 2633 3255 κλαίεις;
2662 3189 2785 3245 τίνα
2819 3192 3040 3262 ζητεῖςς
3084 3192 3323 3267 Ἐκείνη,
3351 3197 3506 3266 φησὶ,
3540 3196 3626 3249 δο-

2048 3274 2239 3343 κοῦσα,
2266 3277 2350 3330 ὅτι
2373 3281 2401 3332 δ
2422 3281 2697 3351 κηπουρός
2723 3282 2862 3351 ἐστι,
2886 3281 3033 3352 λέγει
3055 3284 3225 3355 αύτῷ,
3255 3285 3453 3356 Κύριε,
3479 3288 3527 3339 εί
3558 3288 3622 3341 σὺ

2048 3366 2356 3433 ἐϐάστασας
2385 3369 2569 3438 αὐτὸν,
2605 3373 2727 3425 εἰπέ
2752 3390 2863 3443 μοι,
2897 3372 3052 3443 κάγὼ
3072 3373 3235 3428 αὐτὸν
3270 3377 3445 3444 ἀρῶί
3480 3376 3624 3431 ὡσα-

2047 3461 2147 3526 νεὶ,
2168 3462 2231 3515 El
2257 3464 2499 3534 συνῆρας
2521 3466 2615 3519 καὶ
2640 3466 2707 3519 σὺ
2735 3469 2850 3530 τοῖς
2878 3466 3187 3539 ἑπάρασιν,
3217 3467 3341 3521 εἰπέ
3374 3484 3490 3536 μοι,
3527 3470 3623 3520 κά-

2046 3552 2129 3621 γὼ
2155 3554 2319 3608 αὑτὸν
2344 3555 2482 3625 ἀρῶ.
2519 3557 2581 3609 Ὢ
2618 3558 2935 3625 γυναικείου
2969 3558 3217 3628 φίλτρου,
3264 3557 3311 3612 ὣ
3355 3558 3619 3628 διαπύρου

2048 3647 2215 3700 πόθου
2235 3662 2250 3677 ⁶
2290 3647 2457 3712 ὅντως
2488 3649 2646 3704 οὐδὲν
2683 3650 2780 3721 τῆς
2803 3650 3038 3722 ἀληθοῦς
3068 3652 3292 3720 ἀγάπης
3325 3650 3615 3723 μακαριὼ-

2045 3754 2203 3809 τερον
2231 3758 2246 3773 ·
2277 3741 2443 3795 πόθεν
2472 3742 2516 3796 δ’
2561 3742 2767 3813 ἐπῆλθε
2792 3744 2886 3798 καὶ
2929 3745 3207 3815 κηπουρὸν
3244 3744 3404 3798 αὐτὸν
3434 3745 3617 3814 οἰηθῆο

2048 3848 2133 3885 ναι
2162 3848 2178 3898 ;
2210 3828 2245 3905 ἦ
2272 3833 2452 3902 δῆλον,
2482 3835 2563 3887 ὅτι
2594 3838 2653 3889 έν
2678 3835 2755 3906 τῷ
2810 3839 2971 3909 κήπῳ
3004 3840 3065 3891 τὸ
3096 3838 3286 3907 μνῆμα
3308 3854 3324 3871 ο
3377 3839 3515 3908 τάχα
3559 3839 3616 3891 δὲ

2044 3925 2144 3976 οὐκ
2172 3923 2276 3989 ἔξω
2304 3924 2466 3993 λόγου
2494 3925 2588 3979 τὸν
2636 3926 2813 3997 ἀληθῆ
2850 3928 2946 3982 καὶ
2977 3929 3196 3999 πρῶτον
3224 3929 3319 3982 τοῦ
3358 3931 3620 4001 παραδεῖ-

2044 4030 2139 4066 σου
2174 4016 2419 4084 γεωργὸν
2448 4015 2621 4081 οῦτως
2647 4018 2956 4075 ὑπολαϐεῖν.
3238 4086 3239 4089 η

2115 4106 2411 4162 1Η’.⁹Αλλά
2462 4110 2561 4179 τῆς
2593 4112 2814 4181 Μαρίας
2869 4112 3012 4167 οὕτω
3066 4116 3197 4187 περὶ
3242 4115 3345 4185 τὴν
3389 4115 3616 4186 ἔρευναν

2043 4200 2390 4272 ἐπτοημένης
2447 4201 2542 4254 τοῦ
2598 4205 2873 4272 σώματος,
2924 4204 3077 4259 ἔνθεν
3106 4224 3165 4260 τε
3192 4208 3443 4261 κάκεῖθεν
3492 4210 3619 4263 ἀνα-

2043 4290 2368 4361 τρεχούσης,
2428 4294 2456 4345 ὁ
2507 4293 2885 4362 διῖκνούμενος
2930 4296 3089 4362 λόγος
3140 4296 3269 4367 ἄχρι
3298 4299 3394 4351 καὶ
3439 4298 3617 4351 αὐτῶν

374 4382 743 4451 cognitionem
793 4380 1043 4434 veritatis
1077 4379 1347 4433 convertit
1375 4386 1431 4432 et
1462 4379 1788 4433 nominatim
1820 4396 1939 4434 eam

2051 4382 2267 4451 σαρκῶν
2299 4385 2393 4436 καὶ
2420 4383 2632 4451 μυελῶν
2654 4383 2797 4437 οὕτω
2850 4385 3305 4459 βασανιζομένην,
3336 4395 3486 4460 φωνῇ
3520 4393 3618 4462 μιᾷ

374 4475 613 4543 appellat
647 4470 892 4528 :Marial
924 4472 1036 4526 llac
1068 4480 1249 4525 autem
1290 4485 1421 4524 voce
1461 4470 1614 4525 suavi
1647 4480 1704 4526 et
1726 4480 1944 4527 assueta

2051 4473 2109 4525 τὸ
2158 4472 2378 4543 βλέμμα
2412 4474 2620 4545 ταύτης
2670 4476 2848 4541 ὀξύνει
2902 4480 3040 4548 πρὸς
3095 4481 3195 4551 τὴν
3234 4483 3331 4552 τῆς
3361 4461 3616 4552 ἀληθείας

373 4565 558 4619 audita
608 4564 780 4618 verbo
808 4564 965 4617 ocius
999 4577 1271 4617 reversa:
1322 4560 1600 4625 Rabbuni,
1668 4562 1828 4628 dixit,
1888 4565 1943 4619 id

2051 4566 2365 4631 ἐπίγνωσιν,
2397 4567 2492 4619 καὶ
2522 4567 2782 4637 ὀνομαστὶ
2807 4569 3013 4641 ταύτην
3035 4571 3209 4637 καλεῖ,
3240 4575 3429 4644 Μαρία
3452 4591 3467 4607 ο
3508 4576 3615 4646 ἡδὲ

374 4666 480 4719 est,
514 4655 769 4723 Magister
789 4670 807 4719 ;
827 4662 884 4709 et
911 4654 1073 4709 simul
1104 4652 1272 4724 pedes
1295 4653 1576 4723 speciosus
1605 4663 1827 4723 tangere
1848 4668 1941 4725 ge-

373 4750 545 4805 stivit.

444 5018 586 5073 XIX.
617 5017 909 5084 Postquam
953 5014 1101 5069 cnitn
1163 5014 1447 5068 oculorum
1495 5021 1662 5084 atque
1722 5014 1938 5069 aurium

371 5126 477 5182 cpe
515 5126 641 5165 cum
671 5108 1040 5176 cognovisset,
1073 5114 1127 5160 et
1153 5120 1219 5160 ex
1248 5115 1396 5159 tactu
1439 5108 1646 5161 certior
1674 5106 1789 5160 lleri
1825 5107 1940 5160 vcl-

372 5204 467 5270 lct,
505 5201 650 5272 quod
680 5199 902 5270 quidem
938 5200 992 5253 in
1037 5198 1331 5269 Evangelia
1355 5198 1570 5265 siletur,
1610 5200 1787 5265 audit,
1818 5200 1939 5257 Noli

375 5313 462 5353 me
490 5307 731 5366 tangere.
753 5291 1039 5359 Quomodo
1069 5306 1201 5346 vero
1229 5290 1479 5357 dixisset,
1510 5292 1613 5348 nisi
1638 5305 1944 5350 contrecta-

374 5399 556 5441 turam
599 5402 657 5441 se
683 5386 937 5454 protinus
958 5383 1481 5439 animadvertisset?
1511 5384 1636 5440 Noli
1699 5402 1786 5441 me
1817 5398 1943 5441 tan-

375 5495 527 5547 gere.
567 5478 862 5547 Postquam
912 5476 1059 5530 enim
1089 5490 1214 5529 cum
1274 5476 1444 5530 altera
1499 5476 1667 5533 Maria
1702 5494 1788 5533 me
1825 5480 1942 5534 teti-

374 5573 613 5642 gisti,et
665 5584 815 5625 tanto
857 5584 1083 5622 munere
1138 5568 1301 5638 digna
1362 5568 1571 5637 habita,
1625 5571 1811 5641 magni
1862 5588 1947 5628 tne

450 5761 490 5789 ⁸⁵
522 5759 679 5817 Joan.
720 5780 810 5829 xx,
849 5765 900 5818 ll
949 5763 1031 5819 l3.
1111 5766 1153 5797 “
1197 5764 1329 5820 ibid.
1379 5766 1461 5819 l3.
1544 5766 1586 5796 "
1641 5763 1780 5821 ibid.
1842 5764 1926 5818 15.

2044 4655 2146 4724 τῆς
2175 4655 2433 4723 γλυκείας
2464 4659 2557 4711 καὶ
2584 4659 2849 4730 συνήθους
2878 4662 3175 4734 αἰσθομένη
3203 4668 3617 4735 φωνῆς,θᾶττον

2046 4747 2080 4816 ἢ
2111 4748 2267 4815 λόγος
2299 4750 2722 4819 ὲπιστραφεῖσα,
2761 4750 3065 4821 Ῥασσουνὶ,
3098 4757 3283 4826 φησὶν,
3314 4758 3343 4810 ὃ
3376 4758 3615 4827 λέγεται,

2046 4840 2346 4895 Διδάσκαλε
2368 4858 2382 4874 ·
2417 4843 2513 4896 καὶ
2540 4842 2696 4907 αὖθις
2720 4842 2829 4897 τῶν
2859 4844 3080 4917 ὡραίων
3101 4847 3267 4901 αὑτοῦ
3301 4849 3616 4920 ἐφάψασθαι

2045 4934 2229 5002 ιζήτει
2257 4934 2453 4989 ποδῶν.

2120 5025 2223 5078 ΙΘ’.
2266 5022 2419 5080 Ἐπεὶ
2441 5026 2552 5097 γὰρ
2600 5027 2669 5080 δι’
2696 5028 2872 5097 ὅψεως
2921 5032 3016 5085 καὶ
3045 5032 3220 5103 ἀκοῆς
3258 5034 3420 5088 αὐτὸν
3448 5034 3611 5105 ἔγνω,

2046 5118 2144 5173 καὶ
2168 5119 2234 5174 δι’
2259 5121 2399 5191 ἁφῆς
2422 5121 2833 5192 ἀκριϐώσασθαι
2856 5124 3038 5197 ῆθελε,
3063 5130 3157 5181 καὶ
3175 5130 3347 5199 ὁρμῆς
3370 5132 3448 5194 είς
3472 5131 3613 5184 τοῦτ’

2045 5212 2269 5281 ἔχουσα,
2334 5212 2493 5267 τοῦτο
2543 5214 2651 5284 γάρ
2703 5216 2782 5285 τῷ
2842 5217 3201 5291 εὐαγγελιστῇ
3255 5237 3611 5291 σεσιωπηται,

2043 5300 2253 5366 ἀκούει,
2282 5302 2368 5373 Μή
2407 5321 2508 5373 μου
2538 5304 2734 5360 ἅπτου.
2771 5306 2893 5371 Πῶς
2926 5308 3031 5378 γάρ
3063 5308 3130 5361 ἂν
3158 5309 3318 5363 τοῦτο
3352 5308 3528 5377 εἶπεν,
3562 5315 3611 5365 εί

2046 5393 2121 5464 μὴ
2147 5395 2470 5466 κινουμένην
2513 5398 2651 5465 πρὸς
2696 5397 2854 5451 τοῦτο
2886 5400 3074 5470 ἑώρα;
3118 5401 3209 5471 Μή
3248 5418 3351 5470 μου
3396 5402 3570 5456 ἅπτου
3595 5418 3609 5433 ·

2045 5487 2167 5538 ἐπεὶ
2221 5487 2330 5556 γάρ
2390 5488 2528 5557 μετά
2581 5490 2680 5557 τῆς
2736 5490 2901 5560 ἄλλης
2929 5492 3150 5561 Μαρίας
3190 5494 3316 5563 ἥψω
3347 5510 3471 5563 μου,
3519 5495 3612 5548 καὶ

2045 5578 2375 5648 τηλικαύτης
2411 5579 2703 5643 ἀξιωθεῖσα
2737 5580 2834 5650 τῆς
2867 5581 3099 5653 δωρεᾶς,
3136 5584 3288 5638 οὐδὲν
3327 5584 3470 5655 μέγα
3501 5584 3609 5638 διε-
