4108 6202
497 273 609 337 573

1383 279 1649 341 SERMO
1688 283 1769 342 lN
1810 286 1868 346 S.
1916 286 2224 351 MARIAM
2270 293 2831 363 MAGDALENAM.

3628 294 3737 358 574

494 395 593 446 καὶ
619 392 761 462 αὕτη
814 393 997 464 σωλλῷ
1028 393 1107 466 τῷ
1152 394 1444 469 μέσῳ¹την
1480 400 1574 452 τοῦ
1606 400 1779 455 Νότου
1837 402 2072 472 βασίλισο

2180 412 2335 464 suavi
2363 427 2421 466 se
2447 413 2663 467 obviam
2696 413 2792 483 dat
2817 420 2872 469 et
2899 413 3225 484 sapientiam
3255 427 3320 468 ac
3358 412 3586 483 gratiam
3615 430 3742 483 quae

498 500 599 536 σαν
622 500 636 515 ο
667 483 814 537 κατά
841 485 949 555 γάρ
978 485 1160 552 ἔρωτα
1204 488 1301 557 τῆς
1335 489 1571 559 ἀληθοῦς
1600 493 1695 545 καὶ
1721 493 1944 564 πρώτης
1977 512 2069 548 σο-

497 577 627 646 φίας
673 576 752 647 τῷ
803 577 1071 649 είρηνικῷ
1128 581 1224 634 καὶ
1278 583 1438 653 πράῳ
1492 584 1797 654 Σολομῶντι
1848 587 2073 658 Χριστῷ

495 667 889 738 προσέρχεται,
923 671 1017 723 καὶ
1049 670 1147 743 τὴν
1170 674 1229 726 ὲν
1255 674 1449 746 ἐκείνῳ
1482 677 1833 746 αὐξηθεῖσαν,
1871 680 2071 747 μᾶλλον

493 759 548 811 δὲ
604 759 852 828 φυσικῶς
909 759 1074 815 οὖσαν
1123 766 1315 832 σοφίαν
1384 766 1478 818 καὶ
1502 767 1674 843 ,χάριν
1736 767 2068 836 ἐθαύμασεν.

508 851 779 915 Ἐπαινεῖς
842 853 1158 923 Σαραφθίας
1214 856 1309 910 καὶ
1368 858 1753 928 Σουναμίτιδος
1796 859 1898 929 τὴν
1961 861 2073 914 τῶν

494 941 667 1009 ἀγίων
688 942 895 1012 ἀνδρῶν
924 944 1128 1011 ξενίαν,
1157 947 1253 1000 καὶ
1272 947 1371 1019 τὴν
1406 948 1731 1019 ἀφιλότιμον
1754 950 2067 1022 τράπεζαν,

496 1036 595 1089 καὶ
626 1035 718 1088 τὸν
770 1037 1073 1108 καμψάκην
1106 1038 1199 1092 τοῦ
1229 1040 1412 1095 ελαίου
1439 1046 1539 1095 οὐκ
1569 1042 2030 1115 ὲλαττονούμενον
2055 1062 2071 1112 ;

497 1128 709 1182 ὲπαίνει
735 1129 993 1199 κάκείνης
1015 1132 1112 1199 τὴν
1133 1131 1475 1205 ὑπηρετικὴν
1499 1137 1556 1187 ὲν
1579 1136 1680 1205 βίῳ
1701 1137 1866 1208 ζωὴν,
1890 1141 1986 1193 καὶ
2004 1137 2073 1192 τά

499 1217 941 1287 προκομισθέντα
972 1220 1125 1291 μύρα
1146 1222 1226 1293 τῷ
1249 1224 1356 1277 τῶν
1376 1225 1551 1293 ἁγίων
1586 1226 1775 1298 ’Δγίῳ,
1798 1229 1891 1283 τὸν
1915 1231 2076 1298 φυσί-

501 1308 639 1373 ζωον
666 1309 836 1364 ὕπνον
866 1312 1224 1383 ὐπνώττοντι,
1257 1317 1325 1370 τὰ
1354 1317 1515 1389 μέχρι
1540 1320 1633 1372 καὶ
1664 1321 1758 1374 νῦν
1796 1323 2074 1393 πανταχοῦ

497 1403 565 1470 τῇ
588 1402 744 1472 φήμῃ
766 1402 1003 1472 χεόμενά
1023 1421 1082 1457 τε
1122 1406 1215 1459 καὶ
1246 1406 1531 1476 ῥεύσοντα.
1574 1408 1718 1480 ’ῐαὴλ
1747 1413 1841 1465 καὶ
1868 1411 2072 1484 ἰουδὴθ

498 1492 591 1546 τδν
618 1490 784 1562 ζῆλον
818 1484 1247 1568 ὑπερηκόντισεν
1267 1513 1282 1531 ⁶
1313 1501 1347 1571 ἡ
1381 1499 1483 1569 μὲν
1509 1501 1615 1570 γὰρ
1644 1501 1719 1573 τῷ
1742 1504 1950 1575 Σισάρᾳ
1982 1508 2074 1559 τὸν

499 1584 783 1640 πάσσαλον
814 1586 966 1661 διελᾷ
1016 1589 1112 1643 τοῦ
1145 1592 1449 1663 τραχήλου·
1490 1590 1687 1665 Ἰουδὴθ
1717 1595 1775 1649 δὲ
1816 1596 1908 1651 τὸν
1949 1597 2072 1652 Ἀσ·

501 1674 687 1745 σύριον
720 1677 1048 1751 Ὀλοφέρνην
1092 1683 1407 1755 ἀφαιρεῖται
1452 1688 1551 1755 τῆς
1601 1688 1865 1757 κεφαλῆς.
1897 1688 1976 1760 Τῇ
2017 1690 2074 1744 δὲ

2176 502 2230 557 in
2264 504 2355 558 illo
2387 512 2619 573 augetur
2663 514 2757 559 aut
2791 506 2978 574 potius
3006 520 3129 575 quae
3164 504 3243 559 illi
3280 504 3531 568 inhaeret,
3568 505 3741 558 admi-

2176 605 2353 648 ratur.
2408 595 2624 650 Laudas
2659 598 2837 651 viduae
2869 597 3228 666 Sarephtana:
3281 607 3331 653 et
3372 597 3738 652 Sunamitidis

2175 700 2303 754 erga
2337 685 2485 742 viros
2520 700 2743 745 sanctos
2771 691 3240 759 hospitalitatem:
3275 690 3470 745 laudas
3492 704 3739 744 mensam

2173 774 2473 833 liberaliter
2501 779 2762 848 oblatam,
2796 791 2851 837 et
2890 797 2985 837 vas
3032 783 3153 838 oleo
3186 783 3408 851 plenum
3461 796 3741 849 nunquam

2174 864 2553 925 diminutum:
2603 871 2866 927 lauda'et
2900 873 3230 943 Magdalenae
3285 875 3456 928 vitam
3504 875 3740 943 proximi

2175 959 2404 1013 servitio
2427 971 2800 1017 consecratam
2826 982 2840 1029 ;
2880 965 3042 1019 lauda
3072 976 3353 1033 unguenta
3381 980 3502 1034 quae
3534 965 3739 1019 Sancto

2176 1057 2498 1103 sanctorum
2525 1052 2620 1120 qui
2656 1067 2911 1108 somnum
2938 1054 3218 1109 viviﬁcum
3249 1055 3454 1110 dormit
3484 1054 3741 1124 ungendo

2176 1138 2464 1207 impertiit.
2495 1142 2661 1198 Jaclis
2708 1154 2763 1199 et
2792 1145 3031 1200 Juditliae
3065 1147 3242 1201 zelum
3286 1154 3471 1200 nostra
3518 1160 3746 1214 supera-

2175 1230 2274 1294 vit,
2307 1248 2536 1300 quarum
2590 1235 2691 1290 ista
2741 1236 2939 1292 Sisarae
2985 1245 3174 1309 guttur
3221 1239 3376 1292 clavo
3424 1235 3743 1298 transfodit,

2176 1320 2295 1376 haec
2325 1320 2730 1394 Hol0pbernem
2763 1327 3051 1399 Assyrium
3077 1330 3254 1398 capite
3278 1328 3489 1398 plectit.
3523 1327 3743 1397 Magda-

2174 1413 2315 1468 lena:
2346 1423 2531 1471 autem
2580 1434 2690 1474 non
2726 1419 2889 1476 modo
2945 1421 3154 1477 Pilatus
3203 1429 3260 1475 et
3299 1419 3590 1490 Caiaplias,
3647 1416 3745 1486 qui

2173 1499 2400 1558 Christo
2430 1502 2661 1563 insidias
2688 1518 3027 1574 struxerant,
3061 1512 3493 1572 succubuerunt,
3515 1518 3568 1563 et
3586 1509 3743 1580 jussu

2173 1592 2405 1650 Caesaris
2433 1597 2694 1655 trucidati
2721 1608 2870 1667 sunt,
2899 1603 2993 1656 sed
3021 1604 3184 1657 etiam
3211 1602 3247 1656 ii
3271 1602 3367 1672 qui
3390 1616 3581 1657 eorum
3616 1614 3744 1669 par-

2179 1692 2263 1740 tes
2300 1688 2692 1757 sequebantur,
2724 1692 2934 1745 scribas
2972 1693 3098 1747 dico
3135 1702 3190 1747 et
3219 1692 3548 1748 Pbarisaeos.
3602 1691 3746 1756 Quid

499 1768 559 1821 οὐ
593 1768 820 1833 Πιλᾶτος
854 1773 1035 1841 μόνος.
1058 1777 1155 1827 καὶ
1179 1776 1457 1845 Καϊάφας,
1487 1778 1583 1830 καὶ
1607 1778 1805 1843 ’Δννας
1834 1781 2073 1852 ἡττήθη-

2176 1793 2341 1846 porro
2366 1779 2522 1849 juvat
2548 1783 2875 1850 Susannam,
2906 1785 3125 1852 Esther,
3157 1785 3505 1841 Salomonem
3536 1801 3744 1841 memoo

503 1877 602 1913 σαν
628 1862 771 1914 κατά
802 1863 1045 1933 Χριστοῦ
1081 1866 1503 1937 μελετήσαντες,
1546 1870 1637 1921 καὶ
1678 1868 1767 1923 διὰ
1794 1871 2074 1941 Καίσαρος

502 1953 664 2019 φόνου
699 1954 956 2023 γεγόνασι
993 1958 1392 2029 παρανάλωμα,
1424 1960 1563 2014 ἀλλά
1588 1961 1683 2014 καὶ
1710 1962 1761 2016 οἳ
1789 1966 2075 2036 συμπράτ-

499 2056 615 2093 τειν
642 2044 854 2107 τούτοις
899 2045 1010 2098 δεῖν
1039 2048 1383 2116 νενομίκασι,
1418 2050 1545 2111 τοὺς
1573 2051 1927 2121 Γραμματεῖς
1978 2054 2075 2108 καὶ⁹

501 2134 828 2203 Φαρισαίους
879 2134 981 2190 οἷδ’
1009 2138 1091 2192 ὃτι
1123 2140 1322 2204 πάντες
1357 2141 1607 2196 ἀκούετε.
1652 2143 1763 2198 Καὶ
1790 2145 1841 2198 τί
1865 2145 1947 2198 δεῖ
1975 2148 2074 2211 τὰς

502 2225 627 2293 ἑξῆς
674 2228 1016 2297 καταλέγειν,
1068 2231 1380 2299 Σωσάνναν,
1424 2233 1645 2306 Ἕσθηρ,
1704 2235 2072 2307 Σαλομώνηνς

503 2319 683 2383 πάσας
721 2322 830 2392 γὰρ
884 2324 1056 2394 άρδην
1104 2324 1503 2396 ὑπερηκόντισε
1555 2328 1904 2401 σωφροσύνῃ,
1942 2346 2077 2401 προ-

502 2414 699 2497 στασία
731 2413 826 2468 τοῦ
859 2415 1069 2483 ἔθνους,
1122 2420 1217 2473 καὶ
1280 2420 1347 2490 τῇ
1397 2417 1543 2490 ὑπὲρ
1595 2421 1831 2490 Χριστὸν
1859 2422 1956 2476 καὶ
1987 2422 2075 2476 διὰ

498 2506 736 2575 Χριστὸν
786 2508 1070 2581 καρτερίᾳ.
1130 2509 1416 2582 ’Υπερῆρε
1437 2513 1538 2575 τὰς
1586 2514 1727 2583 μετά
1780 2512 1879 2586 τὴν
1912 2514 2076 2586 χάριν

502 2598 739 2666 ἁπάσας,
775 2600 895 2653 ὅσαι
938 2617 998 2653 τε
1030 2603 1333 2673 μαρτυρίου
1373 2603 1623 2672 στεφάνῳ
1655 2607 2076 2678 κατεκοσμήθη-

498 2709 621 2760 σαν,
650 2695 746 2746 καὶ
790 2689 878 2756 αἷς
897 2696 926 2748 ό
954 2695 1252 2765 ἀσκητικδς
1283 2695 1398 2767 βίος
1425 2697 1789 2767 διείργασται,
1822 2699 1972 2771 αὐτῷ
1994 2701 2074 2770 τῷ

2172 1885 2331 1934 rare,
2361 1887 2497 1939 quas
2545 1883 2771 1929 cunctas
2807 1875 3120 1945 prudentia,
3167 1878 3349 1947 gentis
3393 1876 3642 1931 claritate
3687 1884 3745 1929 et

2176 1966 2584 2032 perseverantia
2614 1968 2987 2038 patientiaque
3005 1968 3165 2036 longe
3190 1970 3507 2039 superavit?
3540 1966 3744 2022 Eadem

2174 2054 2353 2124 quoad
2386 2057 2612 2123 gratiam
2648 2058 2905 2113 omnibus
2934 2060 3190 2129 praestitit
3234 2075 3572 2129 qmecunque
3602 2074 3748 2111 mar-

2176 2146 2300 2215 tyrii
2329 2160 2533 2201 corona
2561 2147 2833 2203 redimitae
2861 2149 3014 2204 fuere
3038 2161 3094 2205 et
3114 2166 3235 2219 qua:
3265 2151 3431 2204 vitam
3454 2149 3747 2203 asceticant

2174 2238 2472 2309 degerunt;
2505 2240 2622 2309 ipsa
2651 2240 2800 2296 enim
2831 2242 3009 2297 oculis
3040 2243 3177 2297 vidit
3232 2242 3535 2305 Christum,
3581 2242 3745 2309 eique

2170 2339 2233 2386 ut
2281 2347 2487 2402 sponso
2511 2348 2643 2389 vero
2680 2342 2738 2389 et
2770 2334 2948 2389 amico
2970 2349 3201 2391 munera
3243 2333 3521 2405 praestitit.
3550 2332 3748 2386 Paucis

2169 2439 2301 2479 vero
2334 2423 2512 2479 dicam
2546 2441 2561 2479 :
2591 2426 2739 2496 quod
2776 2427 2936 2506 inter.
2958 2441 3154 2483 omnes
3214 2437 3436 2482 sanctos
3487 2423 3746 2494 apostoli.

2170 2517 2226 2572 id
2265 2518 2583 2588 Magdalena
2619 2519 2763 2575 inter
2798 2521 3081 2586 mulieres,
3116 2535 3238 2590 qua:
3284 2520 3396 2575 Deo
3434 2518 3603 2573 vitam
3632 2516 3749 2571 sin-

2170 2624 2298 2666 cere
2332 2622 2729 2668 consecrarunt
2762 2631 2777 2668 :
2809 2628 2936 2668 cum
2965 2614 3089 2669 aliis
3118 2614 3266 2669 enim
3310 2612 3568 2672 certavit,
3609 2610 3749 2664 alias

2175 2704 2485 2774 superavit,
2516 2706 2778 2761 omnibus
2812 2714 2997 2761 autem
3024 2710 3149 2761 vitae
3176 2705 3458 2774 exemplar
3480 2704 3601 2758 fuit.

496 2786 753 2858 ὀφθῆναι,
782 2789 1038 2856 κατιδεῖν,
1071 2790 1166 2843 καὶ
1192 2790 1518 2862 διακονῆσαι
1550 2791 1785 2864 Χριστὸν
1815 2794 1907 2848 τὸν
1938 2792 2115 2866 ἀληθῆ
2184 2798 2417 2867 νυμφίον
2467 2797 2673 2852 τούτων
2707 2798 2803 2851 καὶ
2868 2800 3128 2869 ἐραστήν.
3166 2798 3290 2851 Ἔτι
3339 2799 3396 2852 δὲ
3471 2794 3754 2864 συντομώ-

494 2901 656 2955 τερον
703 2886 879 2938 είπιῖν
916 2886 1057 2957 ἔχων
1090 2886 1121 2941 δ
1170 2889 1281 2956 γὰρ
1309 2888 1368 2940 ιν
1400 2886 1605 2941 ἅπασιν
1636 2886 1811 2956 ἁγίοις
1883 2887 2199 2956 ἀπόστολοι,
2236 2888 2395 2943 τοῦτο
2431 2888 2766 2960 Μαγδαληνὴ
2793 2891 2853 2944 ὲν
2890 2890 3137 2958 γυναιξὶν
3164 2889 3472 2958 εὐαρέστως
3508 2888 3762 2941 πολιτευα

499 2977 763 3045 σαμέναις
797 2975 918 3046 Θεῷ
938 2992 951 3007 ·
992 2978 1113 3041 ταῖς
1144 2976 1247 3048 μὶν
1268 2977 1378 3049 γὰρ
1406 2978 1706 3051 ammon.
1728 2980 1829 3043 τάς
1856 2981 1901 3033 δ’
1935 2981 2207 3053 ὑπερῆρε,
2243 2981 2451 3045 πάσαις
2474 2983 2532 3036 δὲ
2564 2983 2686 3051 βίου
2729 2982 2885 3054 ὤφθη
2929 2982 3305 3052 παράδειγμα.

566 3070 697 3126 ΚΖ’.
744 3069 883 3123 Ἀλλ’
934 3069 1077 3123 οὕτω
1140 3070 1243 3140 μὲν
1295 3071 1603 3140 ίσαγγέλως
1654 3071 1922 3143 βιώσασα,
1979 3075 2073 3128 καὶ

2253 3071 2468 3128 XXVII.
2502 3075 2797 3145 Postquam
2832 3074 3017 3144 itaque
3049 3075 3217 3127 vitam
3248 3071 3547 3141 angelicam
3588 3071 3761 3126 vixis-

495 3162 680 3224 αὐτοῖς
702 3160 957 3228 ἀγγέλοις
987 3162 1218 3228 φανεῖσα
1272 3159 1574 3230 αίδίσιμος,
1604 3161 1715 3214 τῶν
1743 3160 1871 3232 τῇδε
1922 3161 2072 3231 μεθί-

497 3270 711 3316 σταται,
741 3252 941 3322 καὶντῷ
968 3245 1406 3327 σπηλαίῳ,ᾖπέρ
1439 3270 1530 3323 μοι
1561 3253 1802 3323 εἴρηται,
1834 3253 2077 3322 κρύπτε-

494 3364 607 3401 ται.
638 3344 924 3399 Χιλιοστοῦ
974 3345 1019 3399 δ’
1077 3345 1136 3412 ἐξ
1170 3346 1383 3399 ἐκείνου
1436 3344 1623 3415 σχεδὸν
1652 3346 2073 3420 παραρρυέντος

497 3438 772 3502 ἐνιαυτοῦ,
820 3428 973 3492 Δέὠν
1000 3439 1028 3491 ό
1054 3440 1111 3490 ἐν
1156 3437 1473 3509 βασιλεῦσιν
1504 3438 1769 3509 ἀοίδιμος,
1814 3434 1858 3509 ᾧ
1889 3440 2072 3511 πατὴρ

499 3531 600 3602 μὲν
625 3532 655 3585 δ
676 3530 739 3583 ὲκ
760 3529 1085 3584 Μακεδόνων
1116 3528 1421 3595 Βασίλειος,
1455 3530 1625 3600 Σοφδς
1652 3530 1709 3583 δέ
1759 3532 1808 3584 οῖ
1838 3532 1990 3601 αὐτῷ
2014 3532 2074 3585 τὸ

496 3624 810 3693 ἐπώνυμον,
846 3623 1118 3693 ἑμφσινείᾳ.
1152 3622 1272 3693 θείᾳ
1302 3624 1401 3692 τῆς
1433 3610 1714 3694 μακαρίας
1767 3623 1940 3695 (ὕπαρ
1972 3624 2073 3677 οὐκ

495 3713 650 3785 δναρ)
679 3714 739 3767 τὸ
760 3713 964 3781 ταύτης
992 3712 1171 3780 τίμιον
1192 3711 1445 3781 λείψανον
1465 3711 1674 3765 ἐκεῖθεν
1703 3715 2076 3782 μετακομισά-

498 3824 681 3876 μενος,
719 3806 814 3859 καὶ
863 3804 960 3859 σὺν
994 3804 1070 3875 τῷ
1114 3804 1334 3876 ἀδελφῷ
1391 3804 1729 3875 Ἀλεξάνδρῳ
1758 3798 1871 3869 τοῖς
1899 3804 2074 3874 ὤμοις

500 3899 775 3969 μετέωρον
805 3896 1053 3963 θέμενος,
1089 3897 1151 3949 ἐν
1201 3895 1279 3965 τῷ
1310 3896 1457 3950 κατά
1498 3896 1597 3966 τὴν
1644 3895 1917 3961 Βύζαντος
1948 3897 2073 3950 ἀνε-

495 3989 745 4061 γερθέντι
774 3990 906 4057 παρ’
936 3988 1102 4042 αὐτοῦ
1152 3986 1257 4056 νεῷ
1281 3986 1361 4055 τῷ
1394 3986 1758 4057 τετραημέρῳ
1808 3988 1902 4040 καὶ
1934 3985 2073 4057 φίλῳ

496 4080 734 4151 Χριστοῦ
769 4080 1008 4151 Δαζάρῳ
1042 4081 1098 4143 ὲς
1120 4078 1388 4150 ἀριστερά
1424 4077 1669 4143 εἰσιόντι,
1701 4077 1833 4131 ἔνθα
1865 4079 1934 4132 τά
1977 4079 2074 4149 ap-

495 4178 640 4246 ρητα
669 4174 844 4227 τελεῖν
865 4173 1008 4244 ἔθος,
1041 4172 1255 4241 σεμνῶς
1288 4172 1385 4225 καὶ
1419 4169 1666 4233 εὐλαϐῶς
1691 4169 2069 4241 κατατίθησιν,

495 4266 723 4338 ἀργύρῳ
752 4266 929 4319 πᾶσαν
965 4265 1063 4333 τὴν
1094 4263 1272 4333 θήκην
1309 4261 1610 4317 διαλαϐών.
1656 4261 1819 4315 Ἀλλά
1850 4261 1968 4324 πῶς
2007 4260 2074 4315 ἂν

495 4357 749 4411 τοσοῦτον
793 4354 951 4426 ἔργον
983 4353 1361 4425 παραδραμὼν
1389 4352 1491 4407 οὐκ
1516 4352 1583 4406 ἂν
1617 4355 1685 4407 τὰ
1714 4353 1951 4423 μέγιστα
1978 4351 2075 4422 ζη-

2174 3174 2261 3221 set
2283 3175 2339 3222 et
2365 3167 2577 3237 angelis
2607 3168 2743 3237 ipsis
2790 3168 3121 3223 venerabilis
3157 3170 3269 3221 visa
3305 3176 3472 3233 esset,
3528 3184 3594 3221 ex
3649 3167 3766 3222 hac

2172 3259 2287 3315 vita
2314 3261 2572 3322 decessit.
2599 3270 2655 3315 et
2686 3262 2739 3315 in
2786 3271 2973 3325 antro,
3021 3263 3165 3315 sicut
3216 3272 3342 3315 ante
3394 3260 3602 3314 dictmn
3643 3274 3763 3325 est,

2174 3349 2519 3407 inhumatur.
2548 3350 2836 3405 Millesimo
2870 3350 2987 3405 fere
3023 3351 3149 3404 inde
3182 3366 3328 3404 anno
3367 3351 3573 3421 elapso,
3614 3349 3748 3415 Leo,

2173 3441 2475 3511 imperator
2500 3442 2735 3495 maxime
2786 3440 3160 3505 venerandus,
3209 3441 3390 3494 Basilii
3438 3441 3747 3495 Macedonis

2175 3533 2343 3596 ﬁlius,
2380 3531 2706 3602 cognomine
2753 3531 3050 3602 Sapientis,
3095 3531 3184 3585 cui
3212 3532 3406 3585 mulier
3430 3540 3614 3586 sancta
3654 3547 3746 3586 re-

2173 3640 2324 3688 vera,
2353 3640 2461 3677 non
2496 3639 2595 3694 per
2624 3639 2878 3679 somnum
2907 3623 3181 3693 apparuit,
3214 3623 3445 3692 hujusce
3487 3623 3747 3693 reliquias

2172 3716 2520 3771 venerandas
2571 3716 2700 3771 inde
2748 3715 2961 3771 ablatas
3007 3726 3063 3770 et
3112 3730 3217 3769 una
3265 3730 3389 3769 cum
3439 3714 3768 3768 Alexandro-

2174 3807 2349 3863 iratre
2392 3808 2642 3864 humeris
2673 3809 2959 3879 impositas
3005 3808 3059 3862 in
3090 3807 3294 3878 templo
3328 3808 3471 3877 quod
3500 3804 3769 3877 Byzantiil

2173 3908 2427 3956 erexerat
2456 3900 2662 3956 Lazaro
2683 3901 3052 3970 quatriduano
3097 3915 3161 3955 ac
3205 3899 3408 3953 Christi
3450 3898 3626 3952 amico
3678 3899 3746 3951 ad

2172 3992 2319 4048 latus
2343 3992 2651 4057 sinistrum,
2673 3991 2770 4047 ubi
2793 4002 2980 4048 sancta
3002 3992 3166 4047 missa
3186 3992 3516 4057 celebratur,
3545 3990 3748 4043 solem-

2173 4084 2322 4140 niter
2350 4099 2414 4139 ac
2440 4099 2569 4139 cum
2599 4084 2933 4139 verecundia
2959 4084 3016 4138 in
3049 4084 3205 4137 theca
3234 4099 3375 4152 puro
3423 4097 3486 4136 ex
3521 4092 3767 4151 argento

2174 4177 2431 4233 confecta
2463 4176 2739 4246 deposuit.
2770 4174 3061 4242 Quomodo
3085 4186 3267 4230 autem
3301 4174 3369 4229 de
3399 4175 3503 4228 hoc
3527 4175 3763 4244 egregii)»

2174 4268 2453 4323 disserens
2481 4266 2713 4323 aedilicio
2741 4250 3068 4320 ceterorum
3096 4265 3456 4320 aediﬁciorum
3496 4265 3665 4319 decus
3691 4274 3773 4319 et.

2174 4356 2443 4411 honorem
2486 4372 2597 4410 non
2630 4354 2917 4409 minuam?
2947 4354 3236 4424 Templqu
3261 4356 3365 4410 hoc
3392 4357 3541 4410 enim
3596 4365 3765 4411 tanta.

498 4453 656 4517 μιοῦν
677 4450 847 4516 δόξως
879 4452 907 4503 δ
952 4450 1061 4520 γάρ
1091 4466 1177 4502 τοι
1200 4448 1338 4513 νεὼς
1366 4448 1523 4513 οὗτος
1569 4449 1627 4511 ἐς
1657 4449 1911 4502 τοσοῦτον
1940 4449 2073 4500 κάλ-

2178 4457 2263 4503 est
2298 4445 2745 4516 pulchritudine,
2803 4454 2867 4500 ut
2913 4444 3108 4499 laudes
3148 4461 3216 4500 eo
3263 4446 3454 4516 dignas
3504 4446 3786 4524 proferre"

496 4545 623 4606 λους
675 4544 1042 4615 ἐξείργασται,
1074 4540 1150 4605 ὥς
1197 4557 1260 4594 τε
1291 4542 1387 4595 καὶ
1417 4542 1701 4612 ἀμήχανον
1756 4540 1944 4611 ἔμοιγε
2007 4540 2072 4594 τὸ

497 4639 706 4692 ὲσὰπαν
735 4633 1153 4707 μεγαλοπρεπὲς
1177 4631 1364 4697 αὐτοῦ,
1390 4632 1486 4685 καὶ
1508 4631 1611 4704 τὴν
1636 4631 1806 4703 ἀλλην
1842 4634 2066 4685 ἃπασαν

498 4733 555 4784 ὲν
592 4730 745 4799 καλῷ
775 4726 929 4793 τάξιν
951 4724 1248 4789 διαλαθεῖν,
1289 4723 1382 4777 καὶ
1416 4725 1651 4796 σπουδῆς
1675 4724 1839 4794 ἔργον
1873 4723 1935 4777 οὐ
1967 4723 2069 4791 τῆς

496 4826 765 4894 τυχούσης
794 4821 939 4890 spot.
987 4822 1046 4873 ὲν
1074 4818 1360 4888 κεφαλαίῳ
1388 4817 1446 4870 δὲ
1478 4817 1643 4888 φάναι
1663 4834 1677 4849 ’
1710 4816 1952 4870 τοιοῦτον
2006 4817 2068 4869 τὸ

499 4916 722 4982 τέμενος
775 4910 858 4981 τῷ
917 4905 1161 4978 Χριστοῦ
1217 4904 1359 4976 φίλῳ
1395 4907 1426 4959 δ
1468 4905 1781 4974 σοφώτατος
1816 4904 2073 4975 βασιλεὺς

498 5003 822 5072 ὲόομήσατο,
881 5001 1066 5054 ὁποῖον
1123 4997 1432 5070 εὐπρεπείᾳ
1484 4996 1585 5068 μὲν
1637 4997 1875 5063 ἐξαίσιον
1905 4993 2069 5063 εἶναι,

501 5097 724 5165 μεγέθει
774 5095 833 5147 δὲ
861 5094 921 5147 οὐ
961 5092 1172 5148 πολλῶν
1218 5092 1493 5163 δεύτερον,
1522 5093 1800 5162 ἀνεγεῖραι
1832 5092 1889 5145 δὲ
1919 5091 2075 5162 βασι-

497 5188 582 5242 λεῖ
618 5189 813 5242 Λέοντι
870 5186 1108 5257 πρέπον,
1160 5185 1482 5240 ἀνακεῖσθαι
1513 5183 1571 5238 δὲ
1632 5181 1872 5255 Χριστοῦ
1930 5182 2073 5252 φίλῳ

496 5283 683 5349 ἄξιον⁸
715 5275 777 5334 οὐ
813 5279 909 5332 καὶ
949 5278 1043 5331 τὸν
1078 5278 1272 5349 νεκρὸν
1305 5275 1593 5346 Κυπρόθεν
1617 5274 1967 5343 διακομίσας,
2016 5276 2074 5338 ἐς

497 5374 647 5439 δεξιά
682 5372 772 5426 τὸν
816 5372 944 5426 ναὸν
997 5371 1223 5425 είσιόντι
1259 5369 1558 5438 φιλοτίμως
1587 5366 1885 5420 κατέθετου
1918 5359 1980 5420 οὗ
2016 5367 2073 5431 ὲς

498 5466 768 5538 ἀριστερά
794 5466 935 5519 κατά
960 5462 1089 5527 τοὺς
1134 5461 1228 5516 τοῦ
1260 5460 1408 5531 ἱεροῦ
1439 5460 1806 5531 ἐμπροσθίους
1838 5458 2075 5529 τοίχους,

500 5555 650 5634 ᾗπερ
698 5576 792 5630 μοι
847 5558 1088 5629 εἴρηται,
1118 5557 1214 5609 καὶ
1259 5555 1361 5623 τὴν
1397 5553 1677 5622 μακαρίαν
1706 5552 2077 5622 Μαγδαληνὴν

499 5654 818 5708 ἐναπέθετο.
876 5654 983 5707 Καὶ
1035 5650 1130 5703 νῦν
1180 5650 1319 5701 εἰσιν
1368 5643 1538 5712 οὗτοι,
1570 5645 1810 5714 φύλακες
1845 5644 1945 5713 μὲν
1976 5645 2077 5713 τῆς

502 5751 709 5815 πόλεως
736 5749 1027 5820 ἄγρυπνοι,
1057 5745 1297 5816 σωτῆρες
1335 5744 1391 5799 δὲ
1424 5744 1516 5797 καὶ
1541 5743 1767 5813 χορηγοὶ
1798 5740 2075 5812 χαρισμά-

2178 4556 2474 4610 uequeam,
2509 4542 2620 4595 imo
2653 4540 2974 4596 summatim
2999 4540 3376 4596 tantummodo
3402 4538 3469 4592 de
3503 4553 3573 4593 co
3599 4537 3777 4607 loqur»

2178 4648 2403 4704 queam.
2442 4631 2689 4689 Ecclesia
2714 4634 2863 4689 enim
2887 4647 3057 4703 quam
3101 4632 3404 4700 imperator
3450 4629 3757 4698 sapientis‘

2183 4726 2360 4781 simus
2418 4724 2623 4781 Christi
2660 4725 2841 4782 amico
2895 4731 3304 4785 construxerat,
3340 4721 3780 4791 pulchritudine.-

2182 4816 2405 4887 quidem
2437 4831 2637 4872 omnes
2680 4825 2937 4886 superat,
2976 4814 3357 4885 magnitudine
3398 4823 3584 4868 autem
3632 4827 3765 4882 per-

2182 4910 2377 4979 paucis
2415 4909 2640 4965 inferior
2687 4909 2960 4974 habetur;
3009 4906 3162 4962 brevi
3208 4906 3331 4961 talis
3383 4914 3491 4969 est,
3536 4904 3773 4973 qualem»

2185 5014 2510 5057 construere
2536 5000 2860 5072 imperatori
2895 4999 3100 5055 Basilio
3128 4996 3491 5068 congruebat,
3544 5005 3603 5050 et
3634 5011 3777 5064 quzev

2183 5092 2392 5149 Christi
2422 5093 2600 5147 amico
2655 5093 2821 5162 digna
2858 5090 3168 5146 videbatur.
3221 5090 3281 5143 lu
3346 5103 3411 5141 ea
3472 5086 3677 5140 mortui
3727 5101 3771 5139 at

2184 5182 2365 5254 Cypro
2392 5184 2500 5238 huc
2532 5182 2758 5236 allatqu
2789 5196 2993 5251 corpus
3020 5180 3086 5235 ad
3133 5179 3381 5234 dextram
3429 5176 3756 5231 solemniter

2183 5273 2571 5345 sepelivit;ad
2624 5274 2907 5329 sinistram
2964 5289 2996 5330 e
3045 5273 3273 5343 regione
3317 5270 3482 5334 muri,
3538 5278 3599 5322 ut
3639 5268 3753 5337 jam

2177 5365 2442 5441 diximus,
2478 5376 2722 5421 sanctam
2753 5365 3129 5436 Magdalenant
3156 5363 3481 5417 inhumavit.
3520 5361 3583 5412 Et
3607 5375 3772 5413 nunc

2187 5460 2410 5529 quidem
2451 5458 2697 5514 civitatis
2721 5457 2982 5514 custodes
3015 5455 3072 5511 hi
3104 5466 3232 5510 sunt
3263 5455 3477 5524 vigiles,
3509 5452 3752 5518 sospita-

2187 5561 2335 5605 tores
2362 5560 2420 5604 et
2453 5549 2853 5604 charismatum
2873 5547 3265 5602 distributores
3298 5543 3748 5606 multifariorum,

2189 5653 2246 5698 ct
2282 5658 2453 5711 prope
2486 5643 2655 5695 Deum
2684 5640 2935 5695 advocati
2968 5636 3371 5701 ellicacissimi;
3425 5636 3561 5691 nihil
3603 5637 3781 5689 cuitu:

2185 5734 2459 5805 discipulo
2483 5750 2546 5790 ac
2573 5734 2753 5790 amico
2781 5730 3079 5803 antiquius.
