4080 6206
477 303 549 366 57

1818 310 2252 372 ΡΗΕΕᾹΤΙΟΝ
2270 313 2376 374 ES.

3617 324 3721 384 578

485 423 705 490 σμένον,
731 417 824 472 καὶ
868 419 1226 488 κατάπεμψον
1255 419 1342 473 ἐπ’
1373 421 1570 483 αὐτοὺς
1598 424 1662 475 τὰ
1695 423 1818 493 ὲλέη
1854 443 1944 477 σου
1981 427 2046 478 τά

2157 425 2584 478 misericordiam
2610 424 2674 478 ad
2699 439 2824 479 eum
2856 427 3030 482 mitte.
3061 428 3226 484 Parce
3257 429 3562 487 haereditati
3596 447 3722 503 ιιιιιι,

485 515 744 566 πλούσια.
771 513 960 564 Φεῖσαι
994 512 1090 581 τῆς
1137 513 1518 582 κληρονομίας
1549 507 1666 580 σου,
1725 518 1908 596 φεῖσαι
1958 517 2051 570 τοῦ

486 606 616 659 λαοῦ
651 622 767 667 σου,
802 608 986 674 φεῖσαι
1028 607 1122 658 τοῦ
1165 606 1487 674 ἀμπελῶνος
1515 645 1531 669 ,
1577 607 1636 659 ὃν
1676 609 1972 675 ὲιεύτευσεν
2020 612 2051 680 ἡ

487 699 637 765 δεξιά
671 715 788 751 σου.
816 697 927 765 Ίὴν
975 696 1218 766 ἔμφυτον
1271 698 1586 767 ἀγαθὸτητα
1637 701 1734 767 τὴν
1771 699 1870 768 σὴν
1917 701 2056 770 ὑπὲρ

486 791 640 859 ἡμῶν
679 789 817 860 ἔχων
851 788 1226 854 ἱκετεύουσαν,
1256 790 1522 860 μνήσθητι
1561 790 1654 844 τοῦ
1685 793 1913 861 αἵματος
1951 795 2056 846 τῶν

486 884 686 935 δούλων
735 897 830 934 σου
880 881 974 933 τοῦ
1005 879 1400 950 ὲκκεχυμένου,
1439 883 1707 952 μνήσθητι
1742 885 1850 936 τῶν
1887 885 2057 952 ἀγίων

490 992 582 1026 σου
642 974 1046 1042 θυσιαστηρίων
1074 1012 1087 1033 ,
1125 972 1160 1025 ἃ
1196 972 1442 1041 βεϐήλοις
1497 977 1655 1026 ποσὶν
1698 977 2054 1046 ὲπατήθησαν

493 1065 584 1117 καί
635 1081 694 1132 γε
726 1063 861 1132 περὶ
918 1063 1295 1134 παρεδόθησαν
1320 1080 1336 1097 ·
1377 1065 1646 1135 μνήσθητι
1680 1070 1778 1133 τῆς
1809 1068 2056 1138 ἐλεεινῆς

495 1156 731 1224 ἡλικίας,
753 1154 852 1223 τῆς
879 1155 961 1217 είς
989 1156 1371 1223 αἰχμαλωσίαν
1393 1156 1615 1210 ἀσεϐέσι
1636 1160 2056 1230 παραδοθείσης,

492 1252 584 1298 καὶ
621 1247 720 1314 τὴν
769 1247 869 1316 μὲν
937 1249 1198 1317 πατρῴαν
1269 1249 1529 1304 ἀσέΰειαν
1575 1254 1789 1324 ἀνοήτῳ
1849 1255 2045 1327 γνώμῃ

491 1337 938 1407 ἐξομωσαμένης,
981 1339 1058 1408 τῷ
1093 1339 1150 1391 δὲ
1184 1342 1417 1410 διαϐόλῳ
1449 1344 1930 1414 ἐπιγραψαμένης,
1964 1349 2058 1400 καὶ

494 1431 688 1497 στῆσον
740 1430 844 1500 ήδη
893 1431 1090 1499 ράὕδον
1129 1433 1472 1501 ἁμαρτωλῶν
1537 1441 1681 1488 κατὰ
1735 1438 1937 1506 κλήρου
1980 1439 2059 1491 δι-

493 1522 659 1583 καίως
698 1521 1038 1592 ἀφιεμένηνο
1085 1525 1160 1593 μὴ
1195 1525 1449 1594 παραδῷς
1479 1526 1624 1596 ἡμᾶς
1672 1527 1749 1589 είς
1778 1530 1929 1592 τέλος
1971 1530 2059 1584 διὰ

491 1614 549 1667 τὸ
581 1613 753 1682 ὄνομά
779 1633 873 1667 σου
921 1615 982 1668 τὸ
1029 1618 1218 1684 ἅγιον,
1256 1621 1348 1670 καὶ
1393 1619 1481 1673 διὰ
1517 1621 1724 1688 ἄφατον
1767 1621 1914 1675 ἔλεον
1964 1623 2058 1676 τὸν

493 1705 999 1775 ὑπερεκχυνόμενον
1040 1710 1103 1760 ἐκ
1141 1708 1238 1777 τῆς
1283 1709 1380 1776 σῆς
1423 1711 1780 1780 ἀγαθότητος,
1829 1715 1922 1766 καὶ
1969 1713 2057 1776 δὸς

492 1795 555 1864 δὴ
601 1795 678 1864 τῷ
735 1796 1066 1867 φιλοχρίστῳ
1101 1797 1311 1868 βασιλεῖ
1349 1801 1504 1868 ἡμῶν
1537 1803 1720 1854 ἄνεσιν
1753 1803 1861 1854 τῶν
1899 1820 2058 1856 κατε-

495 1887 696 1954 χόντων
717 1887 922 1940 τούτων
950 1891 1213 1957 ἀνιαρῶν,
1250 1891 1343 1942 καὶ
1375 1892 1698 1960 ἀπαλλαγὴν
1731 1895 1836 1945 τῶν
1885 1896 2060 1962 ὲμφυ-

494 1977 623 2028 λίων
669 1978 917 2044 θορύὸων
948 1979 1040 2030 καὶ
1091 1980 1355 2034 στάσεων.
1403 1983 1720 2052 ’Λνεσχυσον
1769 1984 1934 2037 αὑτοῦ
1967 1988 2058 2038 τὸν

495 2068 774 2140 βραχίονα,
810 2073 1051 2134 καὶτοὺς
1088 2074 1555 2142 ἐπανισταμένους
1585 2075 1732 2143 αὐτῷ
1762 2076 2054 2141 ὑπόταξον,

495 2162 586 2213 καὶ
616 2159 856 2224 σύναψον
887 2162 1052 2215 αὐτοῦ
1100 2165 1170 2215 τὰ
1218 2166 1611 2234 στρατεύματα
1646 2169 1725 2227 είς
1769 2167 1897 2235 μίαν
1934 2167 2060 2235 ὁμό-

498 2267 665 2316 νοιαν,
722 2251 820 2304 καὶ
862 2254 1106 2323 εἰρήνην,
1143 2256 1238 2307 καὶ
1288 2256 1466 2324 πάσης
1515 2256 1807 2327 ἐπιϐουλῆς
1845 2257 2059 2328 ὁρατῶν

494 2346 588 2394 καὶ
624 2345 872 2413 ἀοράτων
899 2345 1112 2414 ἐχθρῶν
1167 2345 1441 2415 ἀνώτερον
1477 2349 1641 2400 αὐτὸν
1690 2349 2052 2420 διατήρησον.

499 2435 764 2503 Ἄγγελον
791 2434 938 2505 αὑτῷ
979 2437 1039 2502 ἐξ
1070 2434 1224 2505 ἁγίου
1263 2440 1689 2509 κατοικητηρίου
1743 2458 1836 2492 σου
1892 2441 2060 2495 κατά-

495 2527 711 2597 πεμψον
740 2527 996 2596 φύλακα,
1045 2529 1232 2596 σαφῶς
1295 2531 1749 2600 προπολεμοῦντα
1799 2533 1893 2586 τοῦ
1961 2534 2055 2587 σοῦ

498 2619 782 2689 βισιλέως,
815 2622 1180 2674 ἀστασίαστον
1209 2622 1268 2672 ὲν
1309 2622 1502 2692 βαθείᾳ
1538 2623 1741 2694 γαλήνῃ
1770 2625 1868 2695 τὴν
1902 2624 2059 2695 βασι-

494 2712 644 2768 λείαν
673 2714 818 2785 αὐτῷ
848 2714 1091 2784 δώρησαι
1116 2731 1130 2745 ·
1165 2715 1240 2778 ὼς
1289 2716 1356 2770 ἂν
1399 2717 1460 2769 τὸ
1489 2719 1579 2770 σὸν
1614 2719 1766 2786 ἅγιον
1798 2719 1954 2781 ἔθνος
2001 2721 2058 2772 έν

494 2810 562 2876 τῇ
594 2807 805 2878 γαλήνῃ
826 2808 990 2862 αὑτοῦ
1027 2812 1292 2880 ἠρεμαῖον
1331 2813 1426 2864 καὶ
1469 2811 1698 2880 ἡσύχιον
1727 2812 1842 2880 βίον
1873 2812 2059 2884 διάγῃ,

497 2900 593 2952 καὶ
642 2903 824 2952 πᾶσαν
877 2901 1044 2973 ἄλλην
1078 2904 1510 2974 ὲπεγειρομένην
1542 2902 1663 2955 κατ’
1699 2902 1864 2956 αὑτοῦ
1893 2921 2062 2972 ταρα-

497 2995 597 3062 χὴν
637 2996 734 3046 καὶ
789 2995 1084 3065 ἐπιϐουλὴν
1123 3000 1190 3066 τῇ
1244 2999 1442 3067 ἀμάχῳ
1483 2997 1635 3066 δεξιᾷ
1680 2997 2060 3063 διασκέδασον,

2158 531 2319 585 parce
2351 518 2551 586 populo
2587 527 2702 583 tuo,
2735 535 2895 587 parce
2921 520 3094 574 vinea:
3130 539 3158 574 a
3186 523 3408 578 dextera
3451 535 3538 580 tua
3570 529 3725 596 plan-

2159 617 2322 662 tatre:
2371 619 2423 662 et
2471 625 2594 662 cum
2647 612 2890 664 innatam
2945 613 3042 666 tibi
3080 614 3384 670 bonitatem
3435 633 3532 686 pro
3568 620 3725 676 nobis

2159 698 2548 767 deprecantem
2602 703 2824 767 habeas,
2879 706 3172 759 recordare
3220 709 3503 776 Sanguinis
3531 727 3722 765 servo-

2160 805 2280 842 rum
2335 801 2552 844 tuorum
2617 797 2783 847 toties
2851 793 3033 860 eﬂusi;
3073 800 3361 852 recordare
3409 810 3723 854 sanctorum

2161 889 2380 934 tuorum
2427 884 2682 936 altarium
2711 884 2942 952 pedibus
2988 887 3231 954 profanis
3277 892 3721 944 conculcatormn

2159 983 2215 1028 et
2261 975 2369 1044 igni
2418 977 2857 1042 eombustorum;
2913 982 3205 1034 recordare
3241 983 3560 1036 miserandae
3597 1001 3729 1051 pue—

2160 1079 2345 1118 rorum
2384 1066 2563 1119 tetatis
2589 1067 2657 1120 ab
2689 1067 2872 1136 impiis
2922 1069 2975 1121 in
3007 1071 3378 1137 captivitatem
3413 1074 3644 1136 traditae,
3669 1085 3726 1125 et

2159 1155 2356 1210 stolida
2401 1159 2676 1211 sententia
2736 1171 3014 1227 paternam
3059 1161 3376 1227 religionem
3423 1163 3727 1231 ahjurmtis

2159 1255 2213 1300 et
2240 1245 2460 1299 diabolo
2490 1247 2761 1315 ascriptze,
2798 1257 2852 1300 et
2875 1248 2986 1316 jam
3023 1259 3368 1316 pet-calorum
3397 1250 3594 1319 virgam
3631 1251 3726 1304 ad-

2157 1355 2351 1392 versus
2390 1339 2570 1408 justus
2605 1348 2804 1390 motam
2846 1338 3063 1392 cohibe.
3115 1340 3343 1408 Pmpter
3370 1356 3571 1394 nemen
3602 1360 3727 1396 san-

2160 1442 2308 1484 ctum
2349 1441 2524 1492 tuum,
2570 1443 2624 1484 et
2658 1441 2882 1499 propter
2915 1430 3248 1484 inelfabilem
3293 1431 3727 1486 misericordiam

2160 1539 2190 1575 a
2233 1535 2323 1575 tua
2356 1523 2601 1576 bonitate
2642 1525 2938 1592 profusam,
2989 1539 3058 1576 ne
3101 1523 3152 1576 in
3194 1523 3357 1575 ﬁnem
3391 1539 3487 1577 nos
3523 1525 3726 1577 tradas.

2159 1615 2436 1670 Christum
2476 1616 2680 1669 amanti
2729 1616 2840 1683 regi
2871 1626 3082 1674 nostro,
3126 1631 3155 1667 a
3191 1617 3459 1684 grassanti
3508 1616 3731 1669 calami-

2088 1737 2131 1791 Β
2162 1716 2271 1761 tate
2304 1707 2571 1776 requiem,
2596 1717 2651 1760 et
2682 1724 2710 1760 a
2747 1709 2897 1762 civili
2939 1709 3199 1770 tumultu,
3233 1717 3288 1760 et
3315 1706 3608 1772 seditione,
3639 1722 3726 1760 se-

2161 1800 2448 1854 curitatem
2469 1800 2678 1870 pra-be;
2701 1798 2980 1854 brachium
3005 1801 3124 1869 ejus
3151 1799 3466 1862 corrobora,
3494 1798 3728 1852 rebelles

2160 1893 2240 1947 illi
2277 1891 2508 1962 subjiee,
2547 1901 2600 1945 et
2637 1891 2692 1944 in
2737 1907 2899 1944 unam
2936 1889 3288 1943 concordiam
3318 1898 3372 1942 et
3399 1903 3585 1956 pacem
3609 1888 3728 1953 ejus

2159 2000 2349 2039 onmes
2375 1985 2519 2038 acies
2559 1998 2827 2050 compone
2856 2001 2869 2036 :
2920 1992 2974 2036 et
3009 1981 3304 2036 visibilium
3341 1979 3726 2033 ittvisihilium-

2159 2094 2266 2148 quc
2322 2077 2563 2132 hostium
2629 2077 2843 2130 cunctis
2912 2075 3126 2128 insidiis
3175 2073 3512 2140 superiorem
3575 2071 3726 2124 illutn

2161 2169 2348 2222 redde.
2385 2167 2538 2222 Mitte
2571 2166 2638 2220 de
2667 2176 2858 2219 sancto
2887 2163 3199 2218 habitaequ
3223 2172 3314 2216 ttto
3351 2161 3600 2226 angelum
3630 2174 3728 2212 cu-

2160 2256 2371 2310 stodem
2404 2271 2503 2323 pro
2553 2271 2677 2323 rege
2711 2263 2806 2307 tuo
2847 2262 3234 2322 pugnaturum,
3263 2249 3624 2316 compositum
3669 2257 3725 2302 et

2161 2348 2430 2421 profunda
2479 2346 2874 2415 tranquillitate
2928 2355 3174 2413 pacatum
3224 2343 3274 2396 ei
3339 2358 3566 2408 regnum
3619 2343 3727 2397 lar-

2161 2445 2315 2514 gire:
2350 2453 2412 2498 ut
2438 2443 2492 2497 in
2517 2443 2636 2512 ejus
2672 2457 2807 2510 pace
2839 2452 3022 2493 sancta
3059 2449 3149 2493 tua
3197 2453 3331 2508 gens
3376 2435 3724 2504 tranquillam

2161 2538 2514 2604 quietamque
2541 2535 2707 2587 vitam
2735 2534 2915 2602 degat,
2946 2542 3001 2586 et
3040 2535 3284 2594 demum,
3317 2530 3612 2586 tumultum
3643 2531 3727 2581 in-

2162 2628 2428 2694 sidiisque
2458 2626 2718 2679 omnibus
2735 2627 3004 2680 adversus
3031 2625 3414 2690 imperatorem
3443 2623 3730 2689 lllStll‘gcll'

2165 2721 2310 2774 tibus
2365 2720 2678 2785 insuperata
2728 2729 2819 2770 tua
2871 2733 3032 2769 manu
3083 2714 3387 2783 dissipatis,
3429 2714 3641 2780 longam
3675 2711 3725 2764 ei

2164 2813 2328 2865 vitam
2343 2809 2830 2864 confer.Preeibus
2853 2810 3102 2878 glertOSx
3135 2818 3189 2861 et
3218 2822 3382 2876 super
3409 2819 3600 2859 onmes
3633 2805 3728 2856 be-

2155 2890 2395 2958 ἰιιοᾱίοῐιυ
2430 2902 2672 2956 Dominae
2708 2913 2906 2956 nostra:
2939 2901 3203 2970 Deiparae,
3250 2911 3306 2954 et
3353 2900 3724 2952 ministrorum

2166 2996 2405 3048 materia:
2446 2996 2772 3063 expertium,
2822 3002 2878 3049 et
2921 2993 3167 3048 omnium
3208 3001 3545 3056 sanctorum,
3573 2990 3662 3059 qui
3697 3005 3726 3041 a

497 3087 589 3134 καὶ
614 3085 1073 3139 ἀνεπιϐούλευτον
1104 3126 1119 3151 ,
1160 3092 1255 3142 καὶ
1287 3088 1504 3158 μακρὰν
1555 3088 1708 3159 αὐτῷ
1761 3089 1859 3158 τὴν
1914 3088 2056 3158 ζωὴν

2164 3089 2363 3141 saeculo
2401 3088 2496 3141 tibi
2527 3088 2866 3156 placuerunt.
2898 3088 3093 3139 Amen.

496 3179 744 3249 χάρισαι.
781 3182 1110 3252 Πρεσὸείαις
1177 3182 1276 3250 τῆς
1344 3183 1810 3250 πανυπερενδόξου
1877 3180 2399 3251 ὑπερευλογημένης
2455 3181 2742 3249 δεσποίνης
2793 3179 2952 3249 ἡμῶν
3018 3178 3310 3240 Θεοτόκου,
3388 3175 3494 3228 τῶν
3549 3173 3728 3227 ἁΰλων

496 3273 859 3346 laneum-(Iw,
907 3277 1002 3327 καὶ
1036 3277 1254 3328 πάντων
1302 3276 1411 3328 τῶν
1449 3275 1620 3342 ἁγίων
1652 3271 1761 3329 τῶν
1788 3275 1880 3328 ἀπ’
1914 3275 2110 3340 αἰῶνος
2138 3294 2219 3330 σοι
2253 3273 2758 3345 εὐαρεστησάντων.
2784 3275 2981 3342 Ἀμήν.

565 3413 736 3482 Ei:in
768 3413 938 3479 ἑτέρα
980 3415 1084 3467 τοῦ
1110 3413 1294 3468 αὑτοῦ
1320 3453 1335 3480 ,
1365 3415 1460 3468 ἐπί
1495 3413 1777 3483 συμφορᾷ
1809 3413 1985 3468 λαοῦ.

571 3529 810 3596 Ἀναρχε
849 3527 1104 3591 Βασιλεῦ,
1154 3527 1376 3598 ἀόρατε,
1412 3530 1813 3598 ἀνεξιχνίαστε,
1849 3531 2059 3582 ἀκατάο

492 3621 689 3688 ληπτε,
725 3621 823 3672 καὶ
879 3621 1228 3687 ἀνέκιρραστε
1257 3659 1272 3684 ,
1305 3623 1332 3672 ὁ
1367 3623 1550 3673 πᾶσαν
1583 3622 1752 3690 δρακὶ
1786 3624 2057 3692 περιέχων

491 3712 591 3782 τὴν
639 3712 816 3763 κτίσιν
846 3714 940 3764 καὶ
967 3711 1260 3781 διατηρῶν·
1310 3715 1338 3764 ὁ
1383 3712 1720 3779 διακατέχων
1754 3715 1846 3765 καὶ
1872 3714 2061 3766 διακυ-

495 3804 703 3871 6ερνῶν
738 3804 906 3872 αὐτὴν
938 3805 1164 3873 ἀρρήτῳ
1199 3803 1370 3880 λόγῳι
1399 3807 1426 3856 ὀ
1477 3806 1584 3857 τῶν
1637 3805 1936 3857 Νινευῖτών
1963 3805 2060 3866 τὰς

495 3899 723 3965 ἀνομίας
759 3897 1027 3966 πρότερον
1062 3897 1162 3964 μὲν
1196 3896 1546 3964 ἀνεχόμενος,
1598 3896 1826 3965 ὕστερον
1867 3894 1922 3947 δὲ
1963 3897 2061 3964 τὴν

496 3990 787 4058 μετάνοιαν
841 3989 1021 4041 αὐτῶν
1057 3989 1151 4040 καὶ
1203 3990 1540 4059 ἐπιστροφὴν
1592 3990 2058 4058 προσδεξάμενος,

496 4084 590 4136 καὶ
619 4083 986 4152 χαρισάμενος
1018 4081 1206 4143 αὐτοῖς
1249 4081 1318 4134 δι’
1363 4082 1806 4148 ύπερδάλλουσαν
1853 4081 2060 4150 ἁγαθό-

495 4191 632 4242 τητα
684 4177 775 4225 καὶ
824 4173 1211 4243 μακροθυμίαν
1243 4175 1424 4235 πάσας
1467 4175 1565 4235 τάς
1604 4173 1836 4242 ἀνομίας
1871 4175 1964 4225 καὶ
1993 4175 2059 4225 τὰ

497 4267 976 4337 πλημμελήματα,
1026 4269 1091 4336 τῇ
1130 4265 1350 4334 συνήθει
1391 4265 1484 4317 καὶ
1512 4267 1702 4333 άφάτῳ
1743 4281 1836 4318 σου
1871 4274 2060 4332 φιλαν-

495 4360 711 4430 θρωπία
741 4358 1033 4428 δεξάμενος
1059 4373 1074 4390 ο
1113 4358 1262 4421 δέξαι
1296 4357 1391 4409 καὶ
1422 4356 1579 4424 ἡμῶν
1616 4358 1715 4418 τὰς
1741 4355 1926 4424 εὐχὰς,
1961 4373 2061 4408 κα-

493 4455 669 4520 θάπερ
710 4452 785 4514 ὠς
820 4453 1037 4520 εἴρηται
1070 4450 1178 4503 τῶν
1208 4449 1513 4502 Νινευῖτῶν
1575 4449 1676 4518 τὴν
1725 4449 2060 4519 ὲπιστροςην

491 4549 584 4598 καὶ
619 4548 929 4615 μετάνοιανο
965 4545 1215 4626 ὃέζαιλτά
1257 4545 1470 4612 δάκρυα
1523 4543 1616 4595 καὶ
1671 4545 1796 4604 τοὺς
1831 4559 2057 4607 στεναγ-

2330 3415 2447 3469 Alia
2476 3415 2706 3482 ejusdem
2742 3421 2916 3466 oratio
2946 3414 2998 3466 in
3022 3411 3204 3481 pepuli
3246 3411 3556 3479 afﬂictione.

2232 3527 2360 3581 Sine
2385 3525 2653 3595 principio
2685 3525 2818 3584 Rex,
2849 3524 3168 3586 invisibilis,
3199 3521 3610 3590 inveSIigabilis,
3643 3522 3726 3574 in-

2163 3619 2557 3686 eomprehensc
2589 3628 2642 3670 et
2690 3615 3004 3676 ineffabilis,
3034 3616 3123 3683 qui
3165 3615 3372 3684 pugillo
3415 3625 3725 3667 creaturam

2163 3726 2382 3764 omnem
2420 3709 2672 3762 contines
2694 3719 2747 3763 et
2777 3717 3097 3771 conservas,
3139 3715 3463 3775 secretaque
3495 3720 3611 3758 eaut
3645 3721 3729 3755 ra-

2164 3806 2311 3856 tione
2347 3802 2671 3865 moderatis,
2725 3798 2833 3868 qui
2867 3800 3111 3853 tolerantis
3160 3799 3313 3868 prius
3357 3799 3726 3853 Ninivitarum

2163 3893 2558 3963 iniquitatibus,
2588 3895 2807 3946 demum
2850 3906 3040 3944 eorum
3085 3893 3464 3960 pmttitentiam
3498 3900 3552 3944 et
3592 3907 3724 3942 con-

2164 3991 2464 4044 versionem
2500 3984 2812 4055 suscepisti,
2844 3993 2899 4038 et
2939 3985 3262 4037 inenarrata
3280 3984 3408 4037 licet
3443 3983 3598 4035 solita
3627 3982 3727 4034 tibi

2162 4081 2498 4136 humanitate
2537 4080 2719 4132 omnia
2773 4079 2987 4130 illorum
3045 4077 3241 4130 delicta
3286 4085 3342 4128 et
3397 4075 3720 4142 iniquitates

2166 4174 2490 4230 condonasti
2529 4193 2538 4225 :
2569 4171 2782 4239 suscipe
2821 4171 2984 4222 etiam
3015 4179 3141 4221 vota
3171 4177 3377 4231 nostra,
3409 4167 3551 4220 sicut
3577 4166 3730 4218 Nini-

2162 4268 2396 4320 vitarum
2435 4264 2848 4318 conversionem
2877 4272 2930 4314 et
2957 4261 3354 4329 paenitentiam,
3396 4258 3557 4311 modo
3583 4273 3723 4325 pra:-

2161 4360 2293 4423 fato,
2326 4366 2600 4425 acceptam
2634 4354 2903 4415 habuisti;
2932 4353 3145 4420 suscipe
3167 4351 3436 4418 lacrymas
3464 4359 3518 4402 et
3547 4351 3728 4416 suspi-

2162 4453 2274 4507 ria:
2306 4454 2522 4517 suscipe
2552 4458 2608 4502 et
2639 4446 2831 4499 humili
2867 4445 3032 4498 corde
3068 4445 3510 4512 lli-precationem
3543 4445 3724 4510 prola-

2165 4556 2270 4601 tam
2313 4547 2514 4615 (neque
2559 4545 2703 4596 enim
2752 4554 3042 4611 possumus
3094 4537 3333 4607 peccatis
3374 4536 3616 4604 depressi
3653 4535 3722 4588 ad

495 4642 670 4707 μους,
728 4637 881 4701 δέξαι
942 4638 1042 4705 τὴν
1105 4635 1594 4703 τεταπεινωμένην
1643 4634 1800 4702 ἡμῶν
1849 4634 2054 4702 δέησιν·

2165 4648 2214 4693 te
2267 4636 2604 4704 intendere);
2662 4633 2878 4700 suscipe
2931 4632 3198 4685 clamores
3232 4644 3295 4681 ex
3347 4629 3455 4680 imo
3502 4636 3722 4697 pectore

491 4731 610 4782 οϋόὲ
661 4735 770 4799 γάρ
824 4728 1105 4798 δυνάμεθα
1135 4729 1270 4790 ὅλως
1325 4731 1443 4789 ταῖς
1478 4728 1774 4796 ἁμαρτίαις
1833 4726 2058 4794 γενόμε-

493 4840 595 4885 νοι,
630 4823 764 4890 πρὸς
811 4823 871 4872 σὲ
918 4823 1008 4873 τὸν
1051 4822 1214 4888 μόνον
1245 4821 1633 4889 ἀναμάρτητον
1669 4819 1943 4882 άτενίζειν
1973 4817 2058 4868 δέ·

494 4915 579 4977 ξαι
632 4919 732 4975 τας
767 4916 825 4965 ἐκ
855 4914 1050 4984 βάθους
1093 4911 1165 4972 ὡς
1205 4911 1362 4980 δίκην
1405 4909 1611 4964 καπνοῦ
1656 4911 2053 4979 ἀναπεμπομέ-

491 5025 584 5068 νας
615 5024 695 5058 σοι
728 5007 804 5073 τῷ
837 5008 1086 5076 Δεσποτῃ
1129 5004 1403 5072 κραυγὰς.
1445 5003 1604 5068 Δέξαι
1636 5002 1728 5054 τοῦ
1774 5003 2057 5055 ταλαιπω-

492 5100 758 5169 ρουμένου
791 5097 920 5150 λαοῦ
958 5099 1056 5167 τὴν
1077 5097 1478 5168 παράκλησιν·
1512 5096 1794 5164 νικησάτω
1824 5097 1856 5163 ἡ
1889 5097 2057 5145 ἄϐυσ-

491 5211 579 5254 σος
615 5193 713 5260 τῆς
747 5193 844 5259 σῆς
873 5191 1275 5260 εὐσπλαγχνίας
1306 5191 1370 5242 τὸ
1407 5188 1608 5258 πλῆθος
1638 5191 1742 5240 τιῖιν
1769 5189 2052 5256 ἡμετέρων

487 5284 777 5352 ἁμαρτιῶν
802 5299 816 5313 ·
845 5283 937 5334 καὶ
981 5282 1066 5344 δὸς
1099 5283 1175 5351 τῷ
1206 5281 1320 5350 λαῴ
1365 5297 1459 5332 σου
1511 5280 1798 5345 λύτρωσιν,
1835 5279 2050 5330 ὲλευθε·

489 5377 610 5442 ρίαν
664 5375 776 5428 τῶν
826 5375 1173 5444 πειρασμῶν,
1210 5375 1431 5442 καὶτῆς
1471 5372 1565 5424 τοῦ
1616 5376 1849 5424 θανατου
1881 5370 2048 5438 τιμῆς

484 5466 704 5535 ἅπρεσιν.
736 5467 868 5531 Ναὶ,
908 5467 1081 5535 Κύριε
1111 5470 1138 5518 ὁ
1189 5465 1322 5528 Θεὸς
1362 5465 1518 5534 ἡμῶν
1547 5505 1561 5529 ,
1612 5466 1921 5515 ἐπάκουσον
1955 5462 2050 5512 τού

484 5559 618 5611 λαού
673 5576 768 5612 σου
799 5561 858 5611 ὲν
887 5563 953 5630 τῇ
986 5559 1106 5627 ὥρᾳ
1136 5558 1333 5631 ταύτῃ,
1367 5560 1460 5610 καὶ
1498 5557 1634 5626 ἐμοῦ
1665 5555 1758 5606 τοῦ
1791 5555 2051 5622 ἀμαρτω-

481 5652 600 5706 λοῦο
631 5655 725 5705 καὶ
751 5653 953 5722 στῆσον
983 5654 1082 5720 τὴν
1139 5651 1334 5722 ῥάϐδον
1387 5652 1498 5703 τῶν
1547 5647 1891 5718 ἁμαρτωλῶν
1922 5648 2050 5699 έπε-

482 5746 814 5816 γειρομένην
867 5746 962 5800 ἐπὶ
1017 5745 1108 5798 τὸν
1166 5745 1366 5814 κλῆρον
1406 5745 1512 5797 τῶν
1570 5742 1816 5812 δικαίων,
1853 5739 1945 5803 οὓς
1981 5741 2044 5793 σὺ

2163 4730 2338 4784 thuris
2386 4730 2556 4780 instar
2598 4724 2662 4778 ad
2701 4733 2754 4778 te
2789 4724 3003 4786 missos,
3042 4712 3238 4774 'aﬂl‘cti
3283 4718 3468 4788 populi
3513 4728 3722 4772 oraho-

2158 4838 2284 4876 nem
2333 4820 2551 4885 exaudi,
2602 4829 2951 4886 peccatorum
3004 4828 3319 4866 noszrornm
3371 4813 3578 4880 copiam
3612 4812 3724 4865 cle-

2160 4913 2378 4969 mentia).
2418 4921 2524 4964 ttue
2570 4909 2799 4978 abyssus
2831 4917 3136 4968 exsuperet.
3180 4914 3232 4957 et
3279 4903 3479 4972 pepulo
3523 4913 3616 4956 tuo
3654 4903 3724 4957 ab

2158 5008 2244 5061 his
2280 5005 2546 5059 molestiis
2567 5000 2966 5070 exemptZOnem
3000 5010 3053 5051 et
3087 4999 3414 5059 libertatem,
3447 5007 3502 5050 et
3526 5012 3554 5048 a
3579 5010 3723 5048 mor-

2161 5096 2228 5150 tis
2267 5094 2489 5147 vulnere
2520 5091 2900 5146 remissionem
2946 5088 3147 5156 praebe.
3201 5087 3275 5139 Ita
3331 5086 3444 5149 ﬁat,
3492 5084 3718 5137 Domine

2155 5183 2300 5240 Deus
2334 5195 2539 5246 noster,
2577 5184 2836 5251 populum
2881 5190 3034 5233 tuum
3075 5190 3245 5233 etme
3289 5186 3628 5247 peccatorum
3663 5176 3718 5228 in

2135 5274 2291 5332 'bora
2343 5280 2439 5331 hac
2488 5277 2708 5337 exaudi,
2735 5285 2787 5326 et
2829 5285 3173 5341 peccatorum
3215 5271 3417 5339 virgam
3453 5272 3720 5322 adversus

2151 5370 2427 5439 justorum
2461 5383 2488 5420 a
2526 5379 2575 5419 te
2606 5368 2722 5419 solo
2755 5365 3120 5430 cognitorum,
3147 5371 3201 5415 et
3225 5371 3275 5414 te
3305 5376 3521 5430 quoque
3552 5372 3721 5426 agno-

2155 5465 2424 5516 8eetttium
2453 5472 2680 5524 sortem,
2719 5458 2984 5511 vibratam
3030 5456 3224 5508 Cohibe
3255 5473 3267 5508 :
3305 5466 3364 5507 ut
3407 5464 3461 5506 ct
3490 5468 3586 5521 per
3614 5465 3718 5505 nos

2153 5551 2376 5606 inutiles
2415 5567 2605 5604 servos
2655 5562 2776 5603 tuos
2830 5549 3140 5601 celebretur
3183 5545 3586 5599 sanctissimum
3615 5559 3717 5595 no-

2152 5659 2275 5698 men
2315 5654 2486 5705 tuum,
2519 5641 2715 5703 Patris,
2743 5649 2796 5692 et
2822 5639 2943 5692 Filii
2976 5649 3032 5691 et
3065 5638 3236 5690 sancti
3270 5634 3532 5705 Spiritus,
3567 5648 3716 5689 nunc

2151 5749 2206 5794 et
2245 5751 2484 5805 Sctltpur,
2517 5745 2569 5786 et
2608 5736 2659 5785 in
2689 5731 2885 5785 stecula
2919 5729 3263 5785 surculorum.
3301 5727 3494 5780 Amen.
