4080 6206
312 284 416 348 579

1469 266 1889 329 NICEPI‘IORI
1925 260 2266 324 CALUSTI

3451 255 3560 319 590

312 403 475 469 μόνος
504 392 654 460 οἷδκς
710 394 805 449 καὶ
857 389 1173 449 ἐπίστασαι,
1206 382 1342 454 παρ’
1378 382 1559 436 αὐτῶν
1604 379 2035 448 γινωσκόμενος
2113 376 2262 437 ὅπως
2336 373 2435 426 καὶ
2498 371 2567 426 δι’
2605 369 2762 441 ἡμῶν
2814 369 2925 424 τῶν
2952 369 3064 423 σῶν
3092 368 3327 440 ἀχρείων
3357 368 3564 425 δούλων

307 466 545 564 δοξασθῇ
609 494 672 544 τδ
714 490 985 555 πανάγιον
1011 481 1186 552 δνομά
1237 497 1356 534 σουο
1391 478 1487 531 τοῦ
1532 476 1767 547 Πατρὶς,
1828 474 1924 527 καὶ
1959 473 2057 526 τοῦ
2126 470 2280 538 Υίοῦ,
2330 470 2429 523 καὶ
2475 469 2570 522 τοῦ
2624 468 2781 537 ἁγίου
2832 467 3172 535 Πνεῦματοςο
3207 466 3301 523 νῦν
3328 468 3423 522 καὶ
3452 469 3562 536 ἀεὶ,

311 588 412 641 καὶ
453 587 534 650 είς
568 586 695 647 τοὺς
730 582 936 644 αἰῶνας
984 578 1093 630 τῶν
1127 572 1363 629 αἰώνων.
1398 570 1598 641 Ἀμήν.
1682 599 1686 602 ι

674 694 798 749 Alia
832 690 1021 745 similis
1049 688 1286 759 ejusdem
1318 686 1511 739 oratio.

378 814 598 885 Optime
644 807 899 872 Domine,
946 803 1185 859 universi
1221 801 1495 862 conditor,
1526 799 1685 868 cujus
1720 797 1887 851 mise-

309 906 550 964 ricordia
574 904 839 957 immensa
865 907 921 951 et
948 894 1259 951 humanitas
1289 890 1768 960 incomprehensa,
1790 886 1884 959 qui

307 1000 636 1069 iniquitates
668 1006 861 1048 omnes
891 987 1065 1043 tulisti
1098 995 1155 1041 et
1193 984 1347 1039 cruci
1397 981 1641 1043 aftisisti,
1678 990 1739 1035 ut
1768 980 1885 1048 ipse

310 1095 431 1148 sine
480 1088 741 1159 peccatis,
783 1092 1106 1151 cunctasque
1139 1078 1319 1133 sordis
1368 1091 1587 1145 expers,
1630 1072 1884 1129 sanetili-

308 1198 465 1237 cares
496 1196 595 1235 nos
623 1198 636 1234 :
670 1179 767 1232 tibi
801 1175 993 1230 confisi
1029 1172 1355 1242 suppliciter
1383 1168 1748 1238 procidimus,
1793 1181 1885 1232 pa-

308 1278 453 1329 tiens
482 1272 732 1333 Domine,
781 1278 839 1323 et
877 1269 1205 1322 inenarratae
1238 1272 1293 1318 et
1336 1263 1619 1318 immensae
1653 1268 1758 1313 tuae
1788 1260 1888 1311 hu-

311 1365 598 1420 manitatis
635 1362 866 1431 pelagus
897 1356 1277 1425 contemplati,
1326 1354 1392 1408 ad
1428 1364 1479 1408 te
1525 1351 1884 1405 recnnciliatu

311 1458 527 1513 facilem
566 1452 860 1507 Dominum
890 1450 1215 1511 clamamus,
1248 1447 1406 1500 Salva
1440 1460 1561 1499 nos.
1596 1443 1715 1498 Non
1740 1442 1885 1496 Plia-

311 1547 512 1601 risaico
581 1558 735 1597 more
787 1542 1001 1595 cantica
1067 1539 1411 1608 hymnosque
1465 1546 1723 1597 nostros,
1788 1532 1886 1587 sed

312 1637 591 1710 publicani
637 1636 812 1689 instar
857 1630 1237 1702 proferimus:
1286 1643 1464 1697 neque
1514 1626 1665 1680 velut
1698 1624 1887 1678 nefan-

310 1735 415 1785 dus
446 1731 537 1784 ille
567 1729 730 1791 latro,
766 1727 860 1779 sed
908 1733 965 1777 ut
996 1723 1136 1777 bene
1179 1721 1409 1774 affectus
1458 1728 1515 1773 et
1560 1729 1750 1787 gratus
1794 1716 1886 1769 ille

310 1823 472 1885 alius,
506 1819 874 1873 vociferamur
927 1814 1089 1878 illud,
1115 1813 1411 1866 Memento.
1452 1811 1753 1879 Exsuperet
1784 1809 1888 1861 ita-

309 1929 416 1984 que
448 1911 851 1982 investigabilis
898 1906 1274 1963 misericordia
1308 1915 1399 1959 tua
1427 1903 1752 1972 iniquitates
1785 1916 1888 1955 no-

314 2022 474 2069 stras,
491 2015 546 2061 et
561 2005 691 2059 licet
713 2003 1010 2070 incongrue
1024 2006 1412 2054 convertamur
1433 2004 1488 2051 et
1504 1994 1746 2064 pmniten
1756 1995 1884 2047 tiam

314 2114 563 2170 agamus,
595 2095 825 2151 ostende
855 2103 1037 2148 tamen
1070 2092 1235 2146 etiam
1288 2092 1343 2144 in
1389 2088 1550 2143 nobis
1579 2085 1889 2142 clementiae

312 2204 419 2247 tua:
452 2190 899 2247 innuensitatem.
946 2185 1273 2253 Compatcre
1320 2190 1379 2236 et
1430 2179 1785 2235 reconciliare
1827 2184 1888 2231 ut

310 2284 646 2356 ionganimis
698 2281 900 2352 populo
935 2289 1050 2341 tuo,
1101 2276 1297 2331 falcem
1344 2273 1681 2329 mortiferam
1715 2271 1889 2340 repri-

312 2394 424 2443 me,
450 2392 518 2431 ne
541 2376 684 2430 ultra
717 2388 818 2428 nos
851 2373 1134 2440 decerpat.
1170 2370 1405 2424 celerem
1435 2378 1493 2422 et
1530 2366 1886 2433 intempesti-

309 2484 434 2523 vam
470 2469 590 2539 ejus
637 2467 810 2520 aciem
855 2461 1129 2525 retunde,.
1163 2458 1463 2530 contagiosi
1509 2456 1687 2511 morbi
1737 2455 1885 2509 luem

300 2561 455 2631 juste
483 2557 784 2613 immissam
817 2564 1025 2619 averte,
1066 2551 1303 2622 gladium
1345 2549 1636 2604 adversum
1664 2559 1766 2600 nos
1798 2543 1886 2597 vi-

311 2650 555 2715 bratum,
596 2661 663 2702 ne
703 2658 1029 2716 pereamus,
1065 2644 1308 2698 contine.
1343 2639 1464 2693 'l‘ibi
1500 2652 1739 2705 namque
1782 2632 1887 2690 soli

312 2740 672 2813 procidimus.
729 2738 806 2792 Ita
863 2735 1113 2798 Domine,
1167 2731 1363 2787 exaudi
1417 2746 1518 2784 nos
1568 2738 1887 2799 peccatores

311 2844 369 2889 et
401 2834 622 2889 inutiles
650 2846 840 2886 servos
874 2841 1021 2894 tuos,
1069 2831 1123 2882 in
1171 2827 1273 2880 hac
1308 2826 1478 2888 hora;
1511 2834 1569 2876 et
1600 2837 1667 2876 ne
1703 2818 1887 2889 despi-

305 2930 430 2983 cias
489 2925 768 2979 orationes
824 2933 1079 2986 nostras;
1142 2933 1322 2987 neque
1385 2915 1624 2987 peccatis
1680 2911 1886 2968 nostris

310 3028 615 3089 spontanee
646 3025 744 3070 aut
770 3015 966 3076 invite,
1013 3013 1254 3066 scienter
1283 3018 1376 3062 aut
1400 3008 1717 3077 ignaranter
1734 3016 1886 3058 coru-

309 3108 498 3163 missis
540 3106 828 3171 attendas;
875 3113 936 3157 ut
967 3100 1306 3170 glorificetur
1345 3104 1400 3151 et
1449 3096 1504 3149 in
1552 3093 1713 3147 nobis
1756 3107 1887 3147 sana

310 3202 619 3257 ctissimum
655 3213 857 3254 nomen
889 3206 1044 3251 tuum
1076 3212 1091 3250 :
1140 3192 1337 3256 l‘atris,
1361 3199 1418 3245 et
1439 3186 1588 3253 Filii,
1610 3196 1666 3242 et
1702 3183 1884 3240 sancti

314 3294 575 3366 Spiritus.

580 3579 766 3635 Altera
799 3577 1030 3648 ejusdem
1058 3574 1245 3631 similis
1270 3576 1393 3630 aliis
1421 3574 1611 3630 oratio.

383 3694 582 3751 Facilis
654 3692 1053 3757 reconciliaui,
1112 3688 1379 3754 Domine,
1440 3687 1885 3759 longanimis,et

308 3788 470 3840 valde
504 3783 840 3847 misericors,
867 3791 1078 3837 cuncta
1106 3788 1377 3834 creaturae
1402 3779 1684 3833 rationalis
1717 3788 1774 3835 et
1799 3778 1886 3833 in-

304 3873 646 3930 tellectualis
676 3882 891 3936 auctor,
923 3874 1018 3941 qui
1062 3870 1230 3925 rebus
1268 3869 1527 3923 omnibus
1551 3884 1673 3923 esse
1704 3884 1773 3924 es
1802 3870 1887 3923 ni-

300 3968 428 4021 .liilo
457 3963 804 4031 concessisti,
830 3974 883 4019 et
918 3963 1058 4017 bene
1090 3977 1211 4017 esse
1238 3961 1397 4016 nobis
1431 3962 1657 4030 provide
1687 3971 1886 4017 contu-

296 4059 452 4124 ,listi,
475 4073 601 4113 cum
633 4056 889 4111 laudibus
917 4064 974 4111 et
1017 4054 1251 4110 canticis
1295 4054 1593 4123 gratiarum
1637 4054 1886 4109 actiones

294 4167 501 4207 gsccum
524 4149 834 4207 ferentibus
868 4149 965 4204 tibi
983 4164 1083 4205 nos
1105 4147 1455 4217 procidentes
1485 4162 1554 4203 ne
1584 4146 1884 4217 despicias,

318 4258 498 4315 neque
533 4241 971 4299 reconciliationi
1018 4240 1296 4296 orationes
1338 4239 1590 4306 idoneas,
1638 4241 1725 4297 vel
1752 4256 1884 4311 sup-

297 4338 645 4410 ,plicationes
677 4350 893 4392 nostras
943 4335 1202 4407 abjicias;
1258 4334 1355 4389 sed
1386 4333 1568 4390 adnue
1596 4334 1664 4389 de
1695 4344 1885 4389 sancto

318 4431 630 4488 liabitaculo
661 4436 777 4493 tuo,
805 4427 1012 4497 respice
1036 4436 1090 4481 et
1121 4427 1279 4480 visita
1311 4428 1526 4481 vineam
1556 4428 1713 4481 istam
1750 4426 1885 4482 des-

1914 693 1962 751 Δ

2297 671 2467 743 Εὐχὴ
2499 671 2678 740 ἑτέρα
2709 671 2886 742 ὁμοία
2910 671 3020 726 τοῦ
3048 672 3258 727 αὑτοῦ.

2069 788 2424 860 ’Υπερὰγαθε
2449 786 2643 857 Κύριε,
2674 786 2977 856 δημιουργὲ
3017 787 3111 840 τοῦ
3147 788 3371 853 παντὸς,
3402 784 3463 844 οὗ
3502 790 3564 842 τὸ

1991 883 2143 945 ἕλεος
2169 882 2506 952 ἀμέτρητον,
2539 881 2633 933 καὶ
2676 882 2708 950 ὴ
2740 880 3127 949 φιλανθρωπία
3162 882 3509 948 ἀνείκαστος,
3534 866 3576 935 δ’

1985 976 2086 1038 τὰς
2138 975 2373 1044 ἀνομίας
2414 974 2574 1044 ἡμῶν
2627 976 2808 1036 πάσας
2843 974 3121 1044 ἀράμενος
3156 977 3251 1027 καὶ
3284 977 3362 1045 τῷ
3393 995 3562 1030 σταυ-

1991 1067 2069 1138 ρῷ
2107 1066 2491 1138 προσηλώσας,
2529 1068 2616 1119 ἵνα
2663 1066 3009 1138 καθαγιάσῃς
3059 1068 3207 1137 ἡμᾶς
3242 1070 3561 1139 ἀναμάρτηο

1986 1177 2101 1223 τος,
2137 1160 2230 1213 καὶ
2268 1160 2471 1221 παντὸς
2509 1158 2683 1228 ῥύπου
2707 1158 3086 1221 ἀνεπίδεκτοςο
3119 1161 3202 1211 σοὶ
3232 1160 3561 1230 θαρροῦντες
3630 1222 3654 1234 α

1988 1253 2415 1324 προσπίπτομεν
2440 1252 2720 1314 ίκετικώς,
2753 1249 3045 1313 ἀνεξίκακε
3083 1250 3252 1319 Κύριε
3275 1289 3290 1312 ,
3326 1250 3419 1303 καὶ
3460 1253 3556 1315 τῆς

1990 1348 2091 1417 σῆς
2124 1347 2336 1416 ἀφάτου
2394 1348 2492 1399 καὶ
2538 1346 2855 1416 ἀμετρήτου
2911 1345 3326 1413 φιλανθρωπίας
3378 1344 3440 1397 τὸ
3467 1347 3558 1397 ati-

1987 1439 2156 1507 λαγος
2190 1438 2659 1501 ὑποσκοποῦντες,
2710 1436 2993 1505 κράζομεν
3048 1438 3184 1505 πρὸς
3221 1438 3280 1489 σὲ
3327 1438 3421 1490 τὸν
3470 1439 3554 1491 εὑ-

1986 1529 2311 1585 διάλλακτον
2370 1531 2598 1600 Κύριον,
2653 1529 2835 1581 Σὼσον
2884 1528 3052 1597 ἡμᾶς.
3090 1528 3165 1581 Οὐ
3214 1529 3560 1598 φαρισαῖκῶς

1988 1623 2133 1695 ᾠδὰς
2160 1622 2320 1693 ἡμῶν
2365 1623 2464 1676 καὶ
2496 1622 2775 1693 ὑμνῳδίας
2806 1624 3174 1693 ἀναφέρομενο
3213 1622 3351 1674 ἀλλὰ
3388 1623 3558 1675 τελω-

1988 1714 2180 1779 νικῶς,
2217 1714 2340 1767 οὐδὲ
2370 1716 2513 1767 κατὰ
2564 1715 2658 1767 τὸν
2710 1713 3011 1781 ἀγνώμονα
3056 1715 3265 1767 ἐκεῖνον
3310 1713 3557 1784 λῃστήν·

1987 1808 2123 1862 ἀλλὰ
2181 1807 2305 1861 κατ’
2358 1808 2521 1861 αὐτὸν
2573 1808 2668 1860 τὸν
2714 1807 3033 1877 εὐγνώμονα
3089 1809 3183 1860 καὶ
3237 1809 3561 1877 εὐχάριστον

1990 1896 2207 1970 βοῶμεν
2229 1900 2288 1952 τὸ
2321 1899 2626 1970 Μνήσθητι.
2659 1900 2756 1953 Διὰ
2776 1899 2935 1952 τοῦτο
2969 1900 3252 1969 νικησὰτω
3279 1900 3339 1951 τὸ
3372 1900 3562 1964 ἀνεξε-

1995 1993 2255 2064 ρεύνητον
2287 1991 2438 2056 ἔλεος
2470 1995 2567 2054 τὰς
2603 1992 2835 2063 ἀνομίας
2861 1992 3039 2061 ήμῶν,
3076 1992 3125 2044 εί
3153 1995 3247 2045 καὶ
3282 1992 3358 2061 μὴ
3385 2009 3558 2060 προσ-

1990 2085 2237 2155 ηκόντως
2265 2083 2635 2155 μετυοοῦμεν
2662 2084 2757 2136 καὶ
2782 2084 3210 2155 ἐπιστρέφομεν.
3240 2084 3426 2151 Δ;ῖξον
3462 2085 3559 2139 καὶ

1991 2178 2050 2230 ὲν
2084 2179 2219 2248 ἡμῖν
2260 2177 2361 2248 τῆς
2410 2176 2822 2247 φιλανθρωπίας
2851 2193 2946 2229 σου
2974 2176 3036 2229 τδ
3066 2176 3317 2245 μέγεθος.
3344 2176 3562 2243 Σπλαγ-

1990 2272 2241 2343 χνίσθητι
2271 2271 2369 2326 καὶ
2425 2270 2746 2340 διαλλάγηθι
2800 2271 2878 2334 ὠς
2935 2270 3290 2341 μακρόθυμος
3336 2272 3431 2325 ἐπὶ
3481 2272 3559 2340 τῷ

1989 2363 2106 2435 λαῷ
2139 2381 2235 2417 σου
2260 2382 2275 2397 ·
2312 2364 2507 2434 στῆσον
2554 2364 2613 2417 τδ
2660 2364 2930 2434 δρέπανον
2980 2363 3074 2416 τοῦ
3117 2364 3349 2418 θανάτου
3376 2403 3390 2425 ,
3418 2363 3559 2417 ὥστε

1990 2458 2070 2527 μὴ
2114 2456 2238 2511 καθ’
2274 2457 2435 2528 ἡμῶν
2493 2456 2803 2527 προϐῆναιυ
2841 2458 3042 2527 στῆσον
3070 2456 3168 2528 τὴν
3200 2461 3424 2526 ταχείαν
3466 2460 3559 2510 καὶ

1991 2552 2173 2622 ἄωρον
2207 2552 2400 2605 τούτου
2458 2556 2654 2621 τομήν.
2683 2553 2889 2621 Στῆσον
2930 2550 3029 2620 τῆς
3067 2550 3364 2621 λοιμώδους
3402 2552 3558 2605 νόσου

1990 2641 2091 2712 τὴν
2126 2641 2341 2695 δικαίαν
2386 2643 2593 2710 ταύτην
2641 2642 2866 2711 φθοράν·
2911 2641 3110 2711 στῆσον
3154 2640 3255 2712 τὴν
3283 2642 3560 2711 ῥομφαίαν

1988 2734 2090 2804 τὴν
2136 2735 2260 2787 καθ’
2292 2735 2452 2805 ἡμῶν
2477 2734 2916 2804 διεγειρομὲνην,
2948 2733 3036 2785 ἵνα
3076 2733 3171 2806 μὴ
3204 2732 3557 2803 ἀπολώμεθα.

1990 2829 2083 2881 Σοὶ
2109 2828 2219 2897 γὰρ
2247 2831 2395 2898 μόνῳ
2420 2829 2770 2900 ἡμάρτομεν.
2799 2826 2964 2881 Ἀλλὰ
2990 2828 3085 2881 καὶ
3113 2830 3197 2882 σοὶ
3219 2829 3368 2899 μόνῳ
3390 2846 3560 2897 προσ-

1990 2920 2284 2990 πίπτομεν.
2317 2920 2426 2973 Ναὶ
2460 2921 2633 2991 Κύριε
2662 2962 2678 2986 ,
2710 2919 3020 2974 ἐπάκουσον
3045 2921 3207 2991 ήμῶν
3237 2921 3346 2974 τῶν
3378 2922 3562 2991 ἁμαρ-

1986 3012 2175 3064 τωλῶν
2203 3014 2299 3065 καὶ
2347 3013 2580 3082 ἀχρείων
2612 3011 2816 3066 δούλων
2876 3030 2971 3067 σου
3021 3015 3080 3067 ὲν
3110 3017 3174 3085 τῇ
3208 3013 3325 3084 ὥρᾳ
3366 3017 3554 3086 ταύτῃ,

1988 3106 2085 3159 καὶ
2121 3103 2197 3174 μὴ
2219 3103 2416 3176 ἀπώσῃ
2440 3105 2537 3167 τὰς
2562 3104 2777 3174 δεήσεις
2806 3104 2988 3175 ἡμῶν.
3012 3106 3214 3176 Πάριδε
3270 3109 3337 3160 τὰ
3378 3108 3561 3176 πλημ-

1991 3194 2281 3265 μελήματα
2310 3194 2491 3263 ἡμῶν,
2532 3194 2601 3246 τὰ
2629 3194 2855 3250 ἑκούσια
2885 3197 2983 3248 καὶ
3016 3196 3086 3249 τὰ
3119 3197 3373 3261 ἀκούσια,
3403 3198 3472 3251 τὰ
3502 3201 3558 3249 ἐν

1988 3285 2213 3353 γνώσει,
2260 3290 2353 3340 καὶ
2395 3289 2453 3339 ὲν
2494 3288 2691 3358 ἀγνοίᾳ
2742 3289 2829 3341 ῐνα
2871 3287 3105 3360 δοξασθῇ
3137 3292 3229 3342 καὶ
3255 3293 3313 3343 ὲν
3340 3292 3469 3361 ἡμῖν
3499 3293 3557 3345 τὸ

1905 3382 1954 3445 c
1986 3378 2255 3444 πανάγιον
2295 3377 2469 3446 ὄνομα
2518 3394 2613 3430 σου
2640 3394 2656 3409 ⁸
2705 3378 2802 3432 τοῦ
2852 3380 3090 3451 Πατρδς,
3132 3382 3227 3435 καὶ
3275 3384 3370 3435 τοῦ
3408 3383 3556 3447 Υίοῦ,

1986 3472 2082 3524 καὶ
2115 3470 2209 3523 τοῦ
2244 3472 2402 3540 ἁγίου
2437 3473 2777 3544 [Ινεύματος.

2053 3583 2224 3654 eam
2252 3584 2424 3656 ἑτέρα
2454 3588 2631 3657 ὁμοία
2678 3586 2811 3653 ταῖς
2851 3588 3091 3657 ἄλλαις,
3126 3592 3232 3645 τοῦ
3274 3593 3485 3648 αὐτοῦ.

2063 3695 2433 3751 Εὐδιάλλακτε
2500 3700 2697 3768 Κύριε.
2760 3701 3086 3771 μακρόθυμε
3133 3704 3226 3756 καὶ
3277 3705 3557 3771 πολυὲλεε,

1988 3790 2204 3860 χορηγὲ
2238 3790 2423 3858 πάσης
2470 3790 2703 3855 κτίσεως
2730 3791 2953 3863 λογικῆς
2997 3812 3056 3848 τε
3084 3798 3178 3851 καὶ
3209 3799 3420 3867 νοερᾶς,
3444 3800 3472 3850 ό
3497 3802 3558 3851 τὸ

1990 3873 2126 3933 εἶναι
2159 3878 2220 3942 ἐξ
2266 3880 2368 3933 οὐκ
2416 3879 2588 3933 δντων
2644 3885 2755 3945 τοῖς
2798 3884 2933 3935 πᾶσι
2980 3882 3348 3955 δωρούμενος,
3376 3888 3555 3940 καὶτὸ

1986 3972 2048 4028 εὖ
2089 3969 2231 4028 εἶναι
2278 3976 2575 4043 πανσόφους
2634 3976 2766 4046 ἡμῖν
2799 3978 3169 4046 χαρισάμενος
3224 3978 3555 4049 δοξολογίαις

1987 4068 2082 4121 xui
2110 4067 2277 4139 ᾠδαῖς
2306 4068 2654 4139 εὐχαρίστοις
2686 4069 3139 4140 προσπίπτοντας
3186 4074 3254 4142 τῇ
3307 4076 3373 4142 σῇ
3404 4074 3555 4127 ἀνει-

1986 4163 2177 4234 κάστῳ
2216 4161 2565 4230 ἁγαθότησι,
2611 4159 2690 4232 μὴ
2750 4162 2987 4234 παρίδῃς
3030 4164 3200 4232 ἡμᾶς,
3259 4166 3396 4235 μηδὲ
3456 4169 3556 4230 τὰς

1989 4256 2338 4325 ί>.αστηρίους
2374 4255 2533 4324 ἡμῶν
2573 4254 2888 4324 προσευχὰς
2940 4256 3037 4308 καὶ
3089 4256 3300 4320 ἱκεσίας
3329 4259 3551 4330 ἅπώσῃ,

1986 4348 2429 4415 ἀλλἐὕδόκησον
2486 4346 2546 4410 ἐξ
2593 4348 2751 4415 ἁγίου
2802 4348 3227 4418 κατοικητηρίου
3285 4367 3403 4414 σου,
3460 4351 3556 4403 καὶ

1988 4440 2091 4503 ίδε,
2118 4438 2214 4492 καὶ
2241 4437 2536 4507 ἐπίσκεψαι
2568 4438 2667 4506 τὴν
2696 4436 2940 4507 ἄμπελον
2972 4438 3193 4509 ταύτην,
3228 4442 3323 4493 καὶ
3351 4444 3556 4510 κατάρ-

298 4536 436 4579 .tera
483 4532 576 4577 tua
628 4523 963 4592 plantatam;
1009 4529 1086 4574 ‘et
1137 4536 1167 4573 a
1220 4522 1370 4588 gravi
1421 4520 1884 4590 pestilentialique

1987 4550 2135 4586 τισαι
2158 4532 2347 4600 αὐτὴν,
2379 4531 2447 4601 ἢν
2485 4531 2846 4601 ὲφύτευσενή
2894 4530 3045 4598 δεξιά
3085 4549 3204 4596 σου,
3239 4535 3334 4587 καὶ
3367 4534 3552 4599 ἐξελοῦ

298 4618 427 4671 .lioc
481 4614 704 4680 morbo,
770 4614 963 4667 mortis
1012 4612 1264 4671 videlicet
1312 4613 1556 4680 corporis
1585 4620 1641 4666 et
1690 4613 1885 4666 anima:

1988 4622 2136 4692 ἡμᾶς
2181 4622 2288 4673 ἀπὸ
2324 4622 2529 4691 ταύτης
2575 4622 2675 4692 τῆς
2715 4621 2899 4691 δεινῆς
2934 4625 3028 4678 καὶ
3056 4622 3352 4692 λοιμώδους
3386 4631 3545 4678 νόσου

300 4702 475 4773 ,plaga
501 4717 603 4756 nos
635 4702 837 4755 exime.
859 4700 1136 4755 Horrenda
1168 4716 1406 4770 namque
1435 4711 1490 4755 et
1514 4702 1884 4773 inexspectata

1991 4716 2091 4782 τῆς
2120 4714 2294 4783 τομῆς
2354 4717 2449 4767 τοῦ
2496 4713 2752 4780 θανάτου,
2804 4715 2906 4785 τῆς
2932 4714 3172 4785 ψυχικῆς
3205 4717 3408 4787 δηλαδὴ
3454 4720 3554 4771 καὶ

298 4800 413 4855 ,ἱιιει
439 4796 724 4853 calamitas
772 4812 884 4851 non
934 4795 1111 4851 solum
1155 4811 1385 4866 corpora
1443 4797 1720 4853 lctlialiter
1758 4800 1889 4853 ferit

290 4902 375 4945 .ct
404 4887 747 4956 corrumpit:
772 4887 866 4941 sed
893 4894 950 4942 et
972 4900 1095 4951 nos,
1131 4896 1184 4941 te
1223 4887 1379 4950 Iaso,
1418 4902 1561 4952 reos,
1593 4898 1653 4944 et
1677 4890 1745 4944 ad
1770 4904 1885 4959 pm-

296 4982 607 5037 .nitentiam
644 4980 962 5049 imparatos,
998 4978 1165 5033 etiam
1189 4979 1369 5049 quoad
1392 4980 1632 5034 animam
1660 4983 1885 5037 omnino

298 5072 520 5142 (perdit.
552 5071 851 5141 Propterea
893 5080 948 5126 te
977 5084 1236 5140 rogamus
1256 5079 1312 5125 et
1338 5086 1649 5141 precamur,
1680 5082 1740 5127 ut
1762 5087 1888 5128 ora-

302 5167 530 5219 stionem
560 5164 749 5234 populi
798 5164 877 5218 tui
926 5162 1465 5234 supplicationesque
1510 5164 1790 5228 esaudias,
1828 5174 1885 5220 et

302 5266 536 5311 avertas
570 5246 999 5326 indignationem
1037 5265 1185 5310 tuam
1233 5271 1261 5309 a
1297 5257 1474 5310 nobis.
1519 5255 1595 5309 lta
1628 5257 1879 5323 Domine,

302 5364 390 5403 .ne
417 5348 471 5401 in
500 5356 766 5402 aeternum
817 5347 1073 5403 irascaris
1114 5348 1299 5411 nobis,
1352 5349 1437 5403 vel
1472 5350 1680 5419 justam
1731 5358 1880 5405 tuam

305 5439 453 5493 iram
495 5454 622 5509 erga
669 5453 770 5493 nos
823 5450 1141 5507 conceptam
1177 5440 1486 5509 producas;
1521 5443 1704 5497 nullus
1733 5444 1881 5498 enim

300 5546 505 5586 .coram
540 5543 591 5587 te
623 5533 927 5587 consistere
960 5543 1162 5603 potest,
1191 5542 1286 5586 aut
1317 5547 1440 5586 cum
1481 5532 1683 5588 fiducia
1711 5535 1882 5605 loqui,

304 5638 500 5693 ineque
532 5624 673 5678 ullus
699 5639 883 5678 coram
922 5632 973 5678 te
1006 5623 1196 5676 vivens
1236 5622 1651 5692 justifieabitur.
1697 5628 1884 5682 Omnis

300 5719 462 5772 aenim
488 5720 725 5774 hominis
748 5720 963 5793 justitia
988 5719 1135 5775 velut
1152 5733 1372 5789 pannus
1398 5728 1749 5776 menstruam
1776 5732 1880 5789 est,

1991 4808 2336 4876 σωματικῆς,
2377 4806 2442 4859 Ἦ
2480 4808 2592 4876 γὰρ
2648 4806 2858 4877 φοϐερά
2890 4807 3027 4876 αὕτη
3061 4809 3159 4860 καὶ
3208 4809 3547 4878 ἁπροσδόκηυ

1988 4915 2078 4961 τος
2107 4898 2365 4971 συμφορὰ
2395 4898 2457 4951 οὐ
2489 4899 2651 4969 μόνον
2696 4898 2928 4969 σώματα
2951 4902 3033 4962 είς
3061 4899 3215 4963 τέλος
3249 4904 3433 4969 νεκροί
3461 4903 3555 4955 καὶ

1985 4989 2316 5059 διαφθείρει,
2374 4991 2513 5045 ἀλλὰ
2573 4993 2672 5046 καὶ
2722 4991 2905 5063 ψυχας
2957 4992 3177 5055 τελείως
3233 4992 3554 5059 ἀπόλλυσιν,

1986 5084 2368 5153 ἁμετανοήτως
2394 5084 2553 5155 ἡμῶν
2582 5085 2962 5153 διακειμένων,
2997 5086 3091 5139 καὶ
3120 5086 3559 5158 προσκεκρουκό-

1991 5192 2101 5228 των
2140 5174 2389 5230 ὲντεῦθέν
2442 5193 2526 5231 σοι
2574 5177 2653 5247 τῷ
2713 5176 2833 5247 Θεῷ
2880 5176 3059 5246 ἡμῶν.
3102 5177 3204 5231 Διά
3248 5176 3428 5243 τοῦτο,
3460 5178 3554 5231 σοῦ

1990 5267 2221 5338 δεόμεθα
2254 5270 2350 5322 καὶ
2382 5270 2445 5323 σὲ
2468 5269 2918 5340 παρακαλοῦμεν,
2945 5271 3096 5334 ὅπως
3117 5270 3429 5342 ἐπακούσῃς
3457 5270 3557 5340 τῆς

1989 5356 2228 5425 δεήσεως
2256 5356 2351 5411 τοῦ
2399 5358 2529 5413 λαοῦ
2559 5376 2653 5412 σου
2687 5362 2781 5412 καὶ
2836 5360 3068 5425 ἱκεσίας,
3104 5361 3200 5415 καὶ
3239 5361 3555 5432 ἀποτρέψῃς

1989 5448 2081 5501 τὸν
2113 5446 2285 5519 θυμόν
2320 5467 2414 5503 σου
2456 5452 2552 5520 ἀφ’
2591 5452 2769 5520 ἡμῶν.
2801 5448 2910 5504 Nai
2943 5453 3135 5522 Κύριε,
3175 5454 3251 5524 μὴ
3286 5455 3551 5523 ὀργισθῇς

1991 5540 2070 5602 είς
2100 5540 2223 5604 τοὺς
2268 5540 2470 5605 αἰῶνας
2516 5545 2672 5613 ἡμῖν,
2707 5543 2829 5613 μηδ’
2859 5546 3142 5617 ἐπιτείνῃς
3190 5548 3292 5615 τὴν
3337 5546 3554 5599 δικαίαν

1996 5646 2089 5682 σου
2122 5631 2243 5683 καθ’
2298 5633 2456 5703 ἡμῶν
2510 5636 2903 5706 ἀγανάκτησιν.
2958 5638 3149 5701 Οὐδεὶς
3178 5642 3286 5708 γὰρ
3331 5638 3556 5691 δύναται

1994 5720 2307 5793 ἔμπροσθέν
2369 5740 2463 5777 σου
2526 5729 2737 5796 στῆναι,
2799 5728 3411 5801 ῆπαῤῥησιάσασοαι,
3460 5728 3556 5782 καὶ
