4080 6206
440 282 537 345 {Si

1765 281 1860 342 ΡΠ
1873 278 2197 341 ΕΟΛΊῚΟΝ
2210 278 2312 338 ES.

3569 291 3675 353 58?.

436 396 609 453 οὐδεὶς
655 394 764 459 ζῶν
796 392 1085 463 ἄνθρωπος
1128 393 1264 456 ὅλως
1295 395 1352 446 ἐν
1408 395 1489 447 σοὶ
1544 394 1995 464 δικαιωθήσεται.

2101 390 2256 459 juxta
2297 389 2719 459 grandiloquum
2746 394 2983 452 lsaiam:
3038 406 3095 451 et
3148 408 3364 453 montes
3395 403 3673 475 collesque

437 487 595 537 Πᾶσα
626 488 734 554 γὰρ
784 485 1098 553 δικαιοσύνη
1135 484 1451 551 ἀνθρώπου,
1482 486 1557 549 ὼς
1610 487 1811 555 ρἀκος
1862 487 2001 537 ἀπο·

435 576 780 646 καθημένης,
816 576 957 629 κατὰ
1018 578 1110 627 τὸν
1164 577 1685 646 μεγαλοφωνότατον
1744 576 1996 631 Ἡσαΐαν.

436 668 516 721 Τὰ
547 671 654 738 γὰρ
681 668 782 737 ὅρη
814 672 907 721 καὶ
950 670 998 721 oi
1031 669 1215 737 βουνοὶ
1245 669 1323 738 τῷ
1362 670 1441 739 σῷ
1470 670 1625 739 φόϐῳ
1662 669 2002 738 συνεχόμενα

434 760 753 815 κλονοῦνται
805 762 901 812 καὶ
940 761 1259 829 φρίσσουσι.
1294 761 1662 813 Κατάπαυσον
1694 759 1876 813 τοίνυν
1902 761 2003 828 τὴν

438 853 612 920 ὀργήν
650 869 744 904 σου
776 852 869 918 ἀφ’
903 852 1078 919 ἡμῶν,
1105 851 1450 921 ἀποστρεψον
1490 853 1592 922 τὴν
1622 853 2004 922 αἰχμαλωσίαν

437 945 593 1012 ἡμῶν
640 946 703 997 ἐκ
752 944 851 1011 τῆς
882 944 1129 1007 δουλείας
1184 945 1294 997 τῶν
1331 945 1544 998 ἀσεϐῶν
1569 964 1584 977 ·
1619 945 1756 998 ἀλλὰ
1799 946 1863 1015 δὴ
1910 946 2004 998 καὶ

436 1037 533 1105 τὴν
580 1037 721 1089 κατὰ
771 1035 899 1089 νοῦν
947 1037 1244 1105 γινομένην
1273 1036 1659 1106 αἰχμαλωσίαν
1696 1038 1764 1106 τῇ
1808 1053 2004 1103 τρικυι

438 1128 538 1197 μίᾳ
571 1128 663 1179 καὶ
703 1127 838 1197 ζάλῃ
886 1127 996 1181 τῶν
1046 1129 1372 1197 πειρασμῶν
1406 1127 1510 1180 ὑπὸ
1539 1128 1636 1182 ⁴ῑτοῦ
1674 1128 1867 1196 νοητοῦ
1899 1129 2002 1180 Φα-

438 1218 573 1287 ραώ.
604 1219 741 1271 Οὐδὲ
774 1220 882 1286 γὰρ
909 1218 1188 1286 δυνάμεθα
1244 1220 1366 1272 κατ’
1398 1220 1566 1290 ἀμφω
1609 1218 2002 1289 πλημμελοῦν-

436 1329 526 1374 τες
578 1312 729 1384 ᾅδειν
777 1327 860 1363 σοι
904 1310 1049 1382 ᾠδὴν
1093 1312 1519 1381 εὐχαριστήρεον
1565 1312 1661 1366 ἐπὶ
1711 1312 1814 1381 γῆς
1846 1311 2005 1364 ἀλλο-

436 1403 613 1472 τρίας.
648 1401 935 1471 Μνήσθητι
965 1400 1144 1470 ἡμῶν,
1182 1402 1379 1469 Κύριε,
1411 1403 1467 1452 ἐν
1494 1400 1634 1453 ἐλέει
1663 1400 1758 1453 καὶ
1790 1400 2002 1470 οίκτιρ-

440 1497 558 1562 μοῖς
594 1492 956 1562 κατάπεμψον
987 1494 1123 1561 ἡμῖν
1173 1493 1408 1560 ἄγγελον
1449 1493 1638 1544 πιστὸν
1671 1491 1912 1559 φύλακα,
1955 1484 2003 1559 ᾧ

437 1587 530 1638 καὶ
555 1586 873 1656 παρακάθου
898 1584 996 1656 τὴν
1020 1584 1168 1652 ζωὴν
1194 1583 1377 1655 ἡμῶν,
1396 1584 1547 1646 ὅπως
1572 1583 1826 1653 ἐξέληται
1854 1586 2001 1653 ἡμᾶς

435 1675 531 1741 τῆς
563 1674 803 1744 φοϐερᾶς
850 1672 946 1727 τοῦ
997 1673 1231 1727 θανάτου
1259 1672 1449 1743 ὀργῆς,
1490 1674 1585 1725 καὶ
1611 1675 1712 1742 τῆς
1734 1672 2003 1742 ἀπροσδο-

2100 481 2302 535 timore
2368 492 2460 536 tuo
2513 487 2756 554 correpti
2817 490 3212 544 concutiuntur
3263 501 3320 546 et
3374 500 3677 552 contremi-

2104 583 2284 629 scunt.
2348 574 2547 630 Desine
2600 579 2785 647 itaque
2840 581 3002 635 nobis
3042 585 3244 649 irasci,
3296 589 3673 655 captivitatem

2103 679 2346 723 nostram
2406 670 2474 723 ab
2506 670 2801 739 impiorum
2853 678 3118 732 servitute
3166 680 3422 747 immuta;
3475 685 3566 737 sed
3618 694 3675 738 et

2102 760 2262 813 aliam
2296 775 2458 828 quam
2508 773 2698 819 mente
2744 768 3035 829 subiimus.
3078 780 3409 839 tempestate
3459 785 3513 828 et
3547 793 3675 845 pro-

2103 853 2256 907 ceilis
2285 855 2653 909 teutationum
2699 858 2805 911 acti
2859 861 2960 914 sub
3012 864 3321 929 spiritualis
3366 866 3673 923 Pharaonis

2104 943 2414 1012 tyrannide,
2442 944 2719 1013 dissolve;
2758 964 2934 1017 neque
2954 951 3099 1004 enim
3122 951 3177 1005 iu
3202 963 3431 1025 utroque
3451 958 3673 1015 homine

2104 1034 2335 1088 actionis
2385 1037 2680 1104 gratiarum
2729 1041 3007 1095 canticum
3054 1042 3107 1097 in
3159 1054 3305 1100 terra
3352 1050 3527 1106 aliena
3572 1054 3671 1108 tibi

2105 1140 2401 1194 personare
2441 1145 2759 1198 possumus.
2804 1132 3075 1188 Memento
3115 1136 3280 1205 igitur
3327 1144 3518 1206 nostri,
3561 1145 3672 1197 Do-
3774 1194 3779 1197 .

2104 1220 2273 1283 mine,
2301 1220 2361 1274 in
2403 1223 2777 1277 misericordia
2804 1236 2861 1279 et
2891 1228 3365 1295 miserationibus,
3411 1236 3664 1303 angelum

2106 1308 2319 1364 ﬁdelem
2352 1313 2667 1373 custodem,
2714 1315 2803 1367 cui
2859 1318 2963 1369 vita
3015 1330 3197 1373 nostra
3246 1325 3530 1379 commissa
3563 1338 3668 1393 ρει,

2103 1400 2173 1454 ab
2201 1400 2305 1454 hoc
2335 1402 2617 1456 tremendo
2641 1406 2772 1457 lethi
2807 1406 3040 1476 ﬂagello,
3067 1419 3123 1463 et
3174 1412 3542 1482 inexspectata
3566 1416 3669 1471 hac

2103 1493 2412 1549 calamitate
2444 1512 2546 1552 nos
2580 1498 2910 1554 educturum
2958 1503 3023 1555 ad
3060 1519 3161 1557 nos
3194 1508 3371 1571 mitte,
3416 1517 3472 1563 ut
3508 1509 3675 1564 liber-

2105 1594 2216 1639 tate
2247 1594 2303 1639 et
2331 1577 2452 1641 vitae
2483 1590 2782 1644 securitate
2820 1607 3102 1660 concessa,
3138 1606 3187 1649 te
3222 1597 3455 1661 Patrem,
3500 1612 3554 1654 et
3585 1602 3674 1655 Fi-

2105 1675 2263 1739 lium,
2304 1687 2360 1731 et
2404 1690 2653 1734 sanctum
2697 1683 2961 1751 Spiritum
2997 1688 3358 1752 celebremus,
3393 1707 3554 1744 unum
3590 1695 3675 1747 di-

438 1767 607 1833 κητου
661 1766 865 1834 ταύτης
916 1763 1212 1834 ῥομφαίας.
1260 1761 1377 1816 Ἰνα
1425 1762 1514 1817 διά
1545 1764 1641 1831 τῆς
1678 1764 1999 1833 ἀπαλλαγῆς

2108 1766 2389 1821 vinitatem
2428 1781 2483 1824 et
2535 1786 2793 1839 regnum;
2830 1776 2921 1829 cui
2971 1781 3227 1833 convenit
3268 1784 3445 1836 omnis
3476 1784 3669 1852 gloria,

436 1859 638 1928 ταύεης
669 1861 762 1911 καὶ
794 1860 1049 1918 ἀνέσεως.
1077 1855 1391 1926 δοξάσωμέν
1426 1872 1487 1908 σε
1513 1856 1605 1909 τὸν
1638 1858 1877 1925 Πατέρα,
1910 1866 2004 1909 και

2113 1858 2289 1913 honor
2324 1870 2379 1915 et
2410 1862 2659 1917 adoratio
2687 1865 2741 1917 in
2775 1868 2992 1923 saecula.
3027 1870 3223 1923 Amen.

437 1958 526 2007 τὸν
566 1956 708 2019 Υἰὸν,
741 1954 926 2007 καὶτὸ
967 1954 1191 2025 Πνεῦμα
1242 1954 1304 2007 τὸ
1356 1951 1533 2022 ἅγιον,
1582 1952 1683 2023 τὴν
1715 1954 1845 2022 μίαν
1878 1953 2109 2025 θεότητά
2168 1974 2228 2010 τε
2296 1961 2389 2010 καὶ
2436 1956 2807 2034 βασιλείαν,ᾖ
2874 1966 3076 2033 πρέπει
3122 1970 3271 2023 πᾶσα
3306 1973 3453 2039 δόξα,
3512 1976 3671 2045 τιμὴ,

436 2053 533 2104 καὶ
564 2050 937 2121 προσκύνησις
962 2091 978 2115 ,
1008 2051 1089 2113 είς
1130 2050 1258 2115 τοὺς
1297 2049 1522 2111 αἰῶνας.
1568 2049 1762 2121 ’Δμήν.

441 2168 603 2237 Εἰνχή
648 2169 818 2238 ἑτέρα
847 2170 954 2223 τοῦ
996 2168 1207 2293 auras),
1240 2168 1393 2252 ὐίτὲρ
1422 2170 1530 2225 τοῦ
1569 2170 2001 2240 Χριστωνύμου

1186 2255 1317 2293 αου.

1186 2255 1317 2295 αου.

509 2353 612 2408 Σοῦ
662 2353 921 2423 δεόμεθα,
960 2356 1054 2406 καὶ
1082 2353 1142 2406 σὲ
1186 2352 1615 2423 παρακαλοῦμεν
1646 2355 1877 2420 ἐκτενῶς
1907 2354 2003 2408 τὸν

437 2449 571 2500 Θεὸν
601 2449 694 2501 καὶ
725 2447 944 2515 Πατέρα
973 2445 1067 2499 τοῦ
1104 2448 1312 2517 Κυρίου
1336 2447 1369 2517 ὴ
1381 2447 1502 2517 μῶν
1523 2447 1701 2517 Ἰησοῦ
1737 2448 2000 2517 Χριστοῦ,

438 2540 524 2593 ίνα
556 2540 681 2609 ίλέῳ
729 2539 940 2607 ὸμματι
992 2537 1293 2611 ἐπιϐλέψῃς
1327 2540 1421 2593 ἐπὶ
1454 2540 1547 2593 τὸν
1595 2539 1723 2593 λαόν
1758 2557 1877 2603 σου,
1904 2541 2000 2593 καὶ

435 2629 530 2681 ἐπὶ.
558 2629 657 2697 τὴν
687 2628 1053 2696 κληρονομίαν
1107 2644 1201 2680 σου
1253 2627 1673 2697 σπλαγχνισθεὶς
1716 2628 1804 2696 ἐφ’
1840 2628 1997 2698 ἡμῶν

440 2721 534 2773 καὶ
577 2721 674 2789 τὴν
706 2721 985 2790 ἡμετέραν
1016 2720 1121 2788 γῆν
1149 2719 1594 2791 ἐξερημωθείσαν
1628 2720 1717 2773 διὰ
1748 2723 1847 2782 τὰς
1875 2721 2000 2773 ἀνο-

441 2814 566 2883 μίας
599 2812 758 2881 ἡμῶν
779 2852 795 2876 ,
830 2815 923 2864 καὶ
959 2812 1305 2881 αἰχμάλωτον
1345 2814 1633 2880 γεγονυῖαν
1665 2814 1762 2865 καὶ
1806 2812 2000 2881 δούλην

436 2907 551 2967 τοῖς
600 2904 879 2974 πολεμίοις
912 2918 931 2967 ,‘
978 2903 1349 2974 ἐπευδοκήσῃς
1402 2904 1721 2957 ἐπανελθεῖν
1772 2906 1852 2966 είς
1899 2902 2001 2974 τὴν

2245 2171 2369 2225 Alia
2401 2172 2632 2242 ejuaaem
2661 2178 2835 2232 oratio
2861 2195 2956 2249 pro
2983 2180 3284 2239 Christiano
3319 2186 3527 2254 populo.

2175 2353 2253 2408 Te
2281 2368 2538 2425 rogamus
2552 2366 2607 2410 et
2630 2357 2847 2415 intense
2878 2377 3167 2429 precamur
3188 2365 3355 2420 Deum
3376 2378 3430 2422 et
3454 2371 3673 2427 Patrem

2107 2442 2322 2500 Domini
2358 2448 2531 2502 nostri
2559 2446 2687 2505 Jesu
2719 2448 2951 2515 Christi,
2998 2466 3057 2509 ut
3088 2458 3247 2511 oculo
3294 2463 3534 2530 propiiio
3567 2467 3669 2518 mi-

2105 2535 2408 2590 sericordia
2460 2548 2643 2594 motus
2695 2556 2861 2609 super
2910 2546 3172 2613 populum
3214 2555 3367 2603 tuum
3414 2560 3469 2605 et
3504 2570 3682 2622 super

2101 2625 2475 2683 bzereditatem
2536 2632 2684 2685 tuam
2739 2634 3023 2704 respicias,
3076 2647 3129 2692 et
3183 2649 3383 2695 terram
3424 2657 3667 2702 nostram

2092 2716 2206 2785 jam
2257 2729 2478 2788 propter
2507 2721 2821 2791 iniquitates
2869 2738 3082 2784 nostras
3121 2730 3446 2801 deSolatam,
3495 2740 3669 2807 capti-

2101 2823 2223 2862 vam
2254 2825 2581 2881 servamque
2604 2813 2856 2871 hostibus
2880 2818 3073 2873 factam
3102 2821 3157 2875 in
3182 2824 3468 2892 pristinam
3497 2831 3673 2885 asseri

2102 2901 2410 2958 libertatem
2469 2905 2565 2960 tibi
2615 2910 2972 2977 complaceat,
3018 2915 3162 2971 sicut
3210 2920 3440 2989 antiquo
3496 2924 3668 2980 Jacob

436 2996 709 3067 προτέραν
743 2994 1081 3065 ἐλευθερίαν,
1115 2994 1367 3063 καθάπερ
1407 2994 1559 3060 ποτε,
1612 2994 1707 3047 καὶ
1755 2994 1849 3048 τοῦ
1891 3011 1999 3048 πα-

2106 2995 2373 3065 unigeniti
2433 2997 2556 3054 Filii
2622 3000 2849 3071 ﬁguram
2902 3006 3252 3075 praeferenti,
3311 3015 3512 3081 placito
3570 3019 3672 3072 im-

434 3089 590 3142 λαιοῦ
629 3088 828 3143 Ἰακὼό
873 3088 1083 3141 ἐκείνου
1122 3088 1216 3141 τοῦ
1248 3089 1508 3157 φέροντος
1552 3086 1721 3141 τύπον
1755 3088 1852 3142 τοῦ
1898 3106 2000 3158 μοι

437 3177 692 3247 νογενοῦς
738 3196 833 3231 σου
879 3178 1032 3244 Υίοῦ,
1071 3180 1166 3231 καὶ
1223 3178 1361 3232 Θεοῦ
1406 3179 1564 3250 ἡμῶν
1611 3178 1853 3249 εὐδοκία,
1904 3181 2000 3233 καὶ

439 3275 658 3345 θελήσει
681 3277 748 3343 τῇ
774 3277 839 3345 σῇ
872 3272 1319 3343 ὑποστρέψαντος
1341 3277 1471 3337 τοὺς
1496 3276 1795 3343 οἰκογενεῖς
1825 3277 2001 3329 ἅπαν⁶

436 3384 532 3430 τας
589 3365 728 3437 πρὸς
777 3366 848 3417 τὰ
899 3364 1292 3434 ἐπηγγελμένα
1320 3365 1431 3418 τῶν
1461 3366 1860 3436 ὑποσχημένων
1905 3383 1999 3420 σου

437 3457 657 3524 ἀγαθῶν
689 3456 1064 3523 ἐπανήγαγες.
1116 3455 1226 3508 Καὶ
1262 3454 1375 3526 γὰρ
1402 3455 1489 3508 ἐπ’
1525 3457 1751 3510 ἐκείνων
1776 3460 1843 3528 τῇ
1877 3475 2003 3511 συν-

442 3549 563 3616 ήθει
601 3565 696 3601 σου
730 3546 1114 3618 φιλανθρωπίᾳ
1140 3546 1446 3618 χρώμενος,
1478 3548 1699 3618 ἀφῆκας
1737 3552 1835 3612 τὰς
1877 3551 2004 3603 ἀνο-

444 3642 570 3710 μίας
610 3641 825 3706 αύτῶν,
871 3641 1222 3703 κατέπαυσας
1283 3642 1464 3694 πᾶσαν
1510 3640 1609 3712 τὴν
1658 3642 1831 3712 ὀργήν
1866 3660 1999 3706 σου,

438 3734 786 3801 ἁπέστρεψας
819 3733 927 3785 ἀπὸ
971 3731 1143 3801 ὀργῆς
1166 3732 1338 3803 θυμοῦ
1372 3749 1490 3797 σου,
1534 3733 1865 3803 ἑπίστρεψον
1892 3736 2003 3789 τοί-

434 3844 528 3880 νυν
556 3825 653 3877 καὶ
683 3827 828 3893 ἡμᾶς
878 3825 906 3877 ὁ
940 3824 1092 3889 Θεὸς,
1124 3827 1220 3879 καὶ
1250 3826 1360 3878 τῶν
1407 3826 1694 3897 σωτηρίων
1721 3845 1815 3882 σου
1848 3831 2001 3882 ἐντο-

434 3918 541 3969 λῶν
568 3917 878 3986 φροντίζειν
907 3917 1162 3983 ἀξίωσον,
1198 3918 1546 3987 ἀπόστρεψον
1572 3919 1662 3971 τὸν
1696 3920 1873 3988 θυμὸν
1905 3922 1998 3989 ἀφ’

436 4010 615 4079 ημῶν,
652 4008 728 4079 μὴ
753 4008 838 4072 είς
881 4010 1009 4071 τοὺς
1067 4008 1273 4071 αίῶνας
1319 4008 1588 4079 ὀργισθῇς
1629 4011 1784 4080 ἡμῖν,
1816 4011 1850 4080 ἢ
1879 4012 1999 4065 δια·

433 4104 622 4173 τείνῃς
645 4103 742 4171 τὴν
773 4101 945 4169 ὁρτήν
990 4116 1109 4163 σου,
1157 4101 1265 4153 ἀπὸ
1313 4102 1507 4169 γενεᾶς
1561 4103 1641 4164 εἰς
1679 4104 1894 4171 γενεάν.
1941 4105 2001 4158 '0

434 4196 567 4259 Θεὸς
603 4200 667 4249 σὺ
708 4192 1046 4266 ἐπιστρέψας
1085 4192 1307 4257 ζὼωσον
1339 4193 1490 4263 ἡμᾶς
1510 4230 1526 4258 ,
1557 4198 1655 4248 καὶ
1686 4197 1716 4247 ὁ
1740 4196 1867 4260 λαός
1901 4213 1997 4250 σου

434 4288 891 4359 εὐφρανθήσεται.
930 4286 1116 4349 Δεῖξον
1167 4286 1263 4339 καὶ
1303 4287 1362 4338 ἐν
1391 4280 1629 4355 ἡμῖν’τὸ
1679 4287 1830 4352 ἔλεός
1881 4306 1996 4355 σου,

2104 3089 2371 3157 perioque
2429 3100 2525 3146 tuo
2576 3091 2633 3147 in
2691 3109 2845 3149 suam
2891 3100 3119 3165 patriam
3166 3118 3407 3169 reverso,
3464 3112 3680 3167 incolas

2102 3194 2295 3234 omnes
2338 3180 2391 3233 in
2426 3181 2827 3251 promissorum
2865 3187 2967 3240 sibi
3006 3188 3274 3246 bonorum
3317 3200 3669 3261 possessione

2102 3269 2422 3326 restituisti!
2486 3272 2622 3344 Erga
2685 3275 2805 3332 illos
2859 3294 3095 3350 namque
3128 3299 3321 3340 omnes
3372 3289 3528 3343 solita
3568 3293 3673 3347 ιεὺὶ

2102 3360 2442 3419 humanitate
2476 3380 2608 3421 usus
2638 3378 2867 3424 cunctas
2909 3387 3099 3426 eorum
3138 3374 3457 3446 iniquita:es
3509 3387 3672 3438 remi-

2101 3453 2242 3510 sisti.
2274 3456 2409 3507 iram
2439 3457 2690 3524 placasti,
2738 3474 2766 3512 a
2819 3460 3023 3516 furoris
3058 3464 3133 3518 tui
3184 3466 3389 3535 impetu
3418 3484 3513 3525 eos
3536 3474 3679 3526 alie-

2101 3558 2203 3598 nos
2246 3545 2446 3600 ieciSti.
2477 3546 2746 3604 Converte
2797 3566 2900 3606 nos
2933 3554 3116 3622 itaque
3140 3591 3159 3619 ,
3194 3556 3334 3612 Deus
3376 3570 3583 3625 noster,
3613 3572 3670 3616 et

2102 3638 2438 3691 sacularium
2475 3642 2854 3695 mandatorum
2890 3651 3104 3698 tuorum
3134 3656 3378 3716 satagere
3408 3667 3508 3705 nos
3536 3668 3672 3707 cou-

2102 3726 2269 3792 cede;
2303 3737 2487 3782 averte
2520 3745 2549 3782 a
2594 3730 2753 3786 nobis
2784 3732 2920 3786 iram
2970 3746 3139 3802 tuam,
3186 3753 3366 3808 neque
3403 3742 3454 3795 in
3505 3754 3667 3799 aeter-

2101 3834 2233 3872 num
2273 3820 2529 3875 irascaris
2560 3822 2745 3886 nobis,
2790 3831 2883 3878 aut
2914 3826 3048 3879 iram
3081 3836 3225 3882 tuam
3259 3831 3309 3883 in
3358 3836 3668 3900 generatio-

2102 3929 2223 3967 nem
2257 3922 2312 3968 et
2340 3917 2747 3984 generationem
2780 3920 3066 3975 extendas.
3094 3921 3258 3987 Deus,
3288 3934 3343 3978 tu
3369 3940 3676 3983 c0uversus

2100 4006 2404 4062 viviﬁcabis
2436 4024 2555 4072 nos,
2588 4019 2643 4064 et
2672 4010 2826 4081 plebs
2858 4022 2949 4066 tua
2972 4013 3247 4068 la-tabitur
3286 4019 3339 4069 in
3374 4026 3443 4071 te.
3475 4018 3671 4074 Osten-

2101 4097 2170 4153 de
2205 4098 2365 4154 nobis
2393 4099 2824 4156 misericordiam
2860 4113 3048 4160 tuam:
3102 4115 3158 4161 et
3204 4124 3388 4176 paceni
3433 4113 3669 4166 exsulta-

2103 4194 2416 4264 tionemque
2446 4195 2501 4249 ili
2533 4205 2584 4250 te
2614 4184 2925 4254 audiemus.
2957 4200 3036 4255 Ita
3064 4200 3311 4266 Domine,
3342 4206 3538 4258 exaudi
3568 4224 3669 4261 nos

2103 4297 2420 4355 peccatores
2452 4297 2509 4341 et
2557 4290 2778 4344 inutiles
2830 4306 3019 4346 servos
3073 4303 3198 4348 tuos
3253 4294 3308 4347 in
3359 4295 3459 4348 hac
3502 4298 3662 4360 hora,

435 4384 531 4436 καὶ
573 4381 921 4450 ἀκουσόμεθα
976 4381 1203 4451 είρήνην
1258 4382 1349 4433 καὶ
1384 4381 1711 4449 ἀγαλλίασιν
1761 4383 1854 4436 ἐπὶ
1913 4384 1995 4437 σέ.

2106 4390 2167 4435 ut
2208 4382 2377 4451 gloria
2415 4390 2471 4438 et
2523 4399 2622 4453 pax
2674 4384 2728 4436 in
2787 4392 2930 4439 terra
2970 4394 3157 4439 nostra
3213 4386 3495 4443 inhabitet.
3550 4388 3665 4443 Tua

448 4476 579 4540 Ναὶ,
616 4474 807 4543 Κύριε,
854 4473 1158 4528 ἐπάκουσον
1206 4473 1361 4543 ἡμῶν
1388 4474 1497 4528 τῶν
1533 4475 1874 4545 ἁμαρτωλῶν
1904 4478 2000 4528 καὶ

435 4568 672 4637 ἀχρείων
702 4569 902 4621 δούλων
935 4585 1030 4620 σου
1077 4570 1136 4622 ἐν
1177 4570 1242 4637 τῇ
1299 4567 1417 4639 ὥρᾳ
1463 4568 1660 4638 ταύτῃ,
1693 4568 1788 4621 τοῦ
1825 4586 1995 4622 κατα-

437 4660 717 4725 σκηνῶσαι
768 4660 927 4723 δόξαν
959 4659 1054 4712 καὶ
1088 4660 1315 4729 εἰρήνην
1362 4661 1424 4711 ἐν
1481 4664 1548 4730 τῇ
1591 4664 1660 4731 γῇ
1709 4660 1885 4732 ἡμῶν.
1915 4662 1994 4731 Τῇ

434 4756 543 4823 γὰρ
577 4757 640 4823 σῇ
672 4754 929 4821 συνάρσει
977 4751 1070 4803 καὶ
1106 4750 1329 4821 βοηθείᾳ
1372 4751 1700 4822 θαρροῦντες
1738 4754 1900 4822 ἡμεῖς
1947 4753 1996 4805 οί

436 4850 690 4914 ἀνάξιοι,
733 4848 1025 4915 ἐλπίζομεν
1056 4845 1206 4907 ἔλεος
1250 4846 1345 4899 καὶ
1398 4846 1660 4916 ἀλήθειαν
1689 4847 2000 4917 ἔμπροσθεν

435 4940 591 5010 ἡμῶν
649 4938 1110 5009 προπορεύεσθαι.
1155 4937 1344 4999 Ἐκτός
1394 4954 1489 4989 σου
1543 4939 1651 5008 γὰρ
1701 4939 1860 4991 ἄλλον
1895 4941 1996 4992 οὐκ

434 5028 654 5097 οἴδαμεν
683 5068 699 5092 ,
736 5028 798 5080 τὸ
836 5029 1009 5096 ὄνομα
1060 5040 1155 5079 σου
1214 5026 1577 5096 ὀνομάζομεν,
1617 5028 1711 5080 καὶ
1752 5027 1828 5097 μὴ
1861 5030 1997 5080 ἁπο-

436 5123 681 5189 στραφῇς
707 5121 852 5188 ἡμᾶς
879 5119 960 5180 είς
998 5117 1177 5184 τέλος,
1208 5117 1325 5170 ἀλλ’
1358 5117 1703 5187 ὲξεγέρθητι,
1741 5119 1835 5170 καὶ
1864 5120 1997 5172 ἀνά-

437 5215 597 5281 στηθι
629 5217 710 5274 εἰς
760 5212 858 5281 τὴν
903 5212 1157 5281 βοήθειαν
1203 5210 1361 5279 ἡμῶν
1393 5211 1500 5262 τῶν
1532 5210 1875 5280 ἁμαρτωλῶν
1902 5210 1997 5262 καὶ

432 5303 729 5366 ταπεινῶν,
761 5304 858 5354 καὶ
907 5302 983 5364 ὡς
1025 5304 1405 5372 ἀμνησίκακος
1447 5302 1542 5353 καὶ
1586 5301 1870 5370 μετανοῶν
1905 5304 1996 5355 ἐπὶ

431 5397 553 5457 ταῖς
611 5394 827 5456 κακίαις
867 5394 1026 5461 ἡμῶν
1071 5391 1399 5460 ἐπίστρεψον
1455 5392 1555 5460 τὴν
1613 5392 1993 5459 αἰχμαλωσίαν

386 5488 389 5491 ⁷
430 5487 611 5556 ἡμῶν.
651 5486 855 5553 Στῆσον
881 5486 977 5555 τὴν
1006 5484 1300 5549 καταιγίδα
1343 5482 1452 5535 τῶν
1508 5482 1833 5551 συμφορῶν·
1867 5483 1992 5546 ἄνες

2104 4472 2250 4525 enim
2287 4487 2389 4540 cpe
2421 4482 2474 4527 et
2505 4473 2749 4527 subsidio
2784 4474 2910 4528 {reti
2946 4490 3045 4531 nos
3084 4476 3313 4545 indigni,
3351 4478 3665 4533 misericor-

2104 4564 2246 4617 diam
2280 4578 2600 4632 pacemque,
2633 4565 2825 4619 faciem
2858 4580 3101 4620 nosrram
3135 4582 3513 4636 priccessuras,
3546 4587 3667 4638 spe—

2104 4671 2308 4709 ramus.
2355 4656 2554 4709 i‘raeter
2594 4667 2646 4710 te
2686 4659 2851 4710 alium
2883 4657 3219 4727 ignoramus,
3267 4675 3466 4715 nomen
3514 4670 3669 4715 tuum

2103 4752 2444 4812 invocamus,
2478 4764 2545 4803 ne
2572 4760 2790 4803 avertas
2818 4765 2916 4804 nos
2945 4750 3001 4803 in
3027 4749 3208 4815 tinem,
3251 4753 3343 4806 sed
3374 4753 3664 4820 suscitare,
3695 4791 3701 4797 ρ

2098 4848 2152 4893 et
2187 4848 2419 4907 exsurge
2455 4839 2511 4892 in
2543 4840 2713 4894 nostri
2751 4849 3098 4908 peccatorum
3141 4846 3193 4892 et
3244 4842 3530 4893 humilium
3574 4858 3667 4894 oc-

2101 4946 2323 4985 cursum
2354 4949 2366 4984 :
2404 4940 2459 4985 et
2490 4941 2547 4984 ut
2574 4933 2839 4984 malorum
2870 4931 3178 4992 immemm',
3200 4939 3255 4984 et
3280 4933 3667 5000 paenitentiam

2096 5038 2263 5094 agens
2294 5038 2460 5092 super
2495 5023 2718 5078 malitiis
2741 5024 2960 5086 nostris,
2997 5034 3257 5077 converte
3289 5024 3660 5089 captivitatem

2097 5125 2362 5179 nostram,
2389 5126 2444 5169 et
2465 5117 2836 5169 calamitatum
2864 5126 3172 5168 nostrarum
3195 5115 3488 5183 procellam
3515 5131 3662 5168 com-

2098 5207 2294 5276 prime.
2330 5207 2547 5261 Dimitte
2586 5207 2742 5260 nobis
2771 5207 2969 5261 delicta
2998 5215 3183 5260 nostra
3216 5221 3231 5259 :
3280 5216 3336 5260 ut
3378 5208 3433 5258 in
3470 5207 3668 5258 limum.

2097 5301 2452 5354 afﬂictionqu
2480 5302 2814 5355 relaxatioue
2842 5300 3216 5354 collaudemus
3238 5308 3287 5353 te
3314 5301 3528 5353 Patrem
3561 5299 3664 5347 lto-

2097 5393 2228 5446 mini
2256 5393 2384 5446 Jesu
2415 5394 2641 5457 Christi,
2671 5408 2795 5446 cum
2827 5393 3113 5463 unigenito
3146 5392 3281 5446 Filio
3308 5401 3421 5453 tuo,
3451 5400 3507 5444 et
3536 5403 3669 5443 cum

2096 5493 2284 5538 sancto
2315 5484 2519 5554 Spil'illl
2552 5500 2566 5538 :
2601 5500 2748 5539 nunc
2774 5494 2829 5539 et
2858 5501 3096 5554 semper.
3134 5492 3187 5538 et
3216 5484 3268 5537 in
3302 5482 3520 5542 saacula,
3550 5488 3667 5536 etc.

430 5585 563 5650 ἡμῖν
595 5584 665 5636 τὰ
714 5579 1137 5651 παραπτώματα
1167 5580 1344 5651 ἡμῶν,
1378 5579 1528 5640 ὅπως
1557 5582 1623 5649 τῇ
1666 5578 1850 5632 ἀνέσει
1879 5582 1987 5634 τῶν
2029 5582 2347 5652 συμφορῶν,
2418 5580 2737 5651 δοξάσωμέν
2805 5598 2863 5633 σε
2902 5582 3120 5651 Πατέρα
3143 5578 3237 5631 τοῦ
3273 5578 3474 5647 Κυρίου
3498 5576 3665 5649 ἡμῶν

431 5673 609 5745 Ἰησοῦ
642 5675 905 5746 Χριστοῦ,
954 5678 1049 5732 σὺν
1080 5674 1159 5745 τῷ
1198 5674 1483 5744 μονογενεῖ
1512 5672 1603 5725 σοῦ
1639 5672 1771 5743 Υίῷ,
1806 5674 1901 5727 καὶ
1928 5674 2004 5744 τῷ
2038 5675 2175 5745 ἁγίῳ
2242 5692 2337 5727 σου
2407 5674 2706 5743 Πνεΰμοιτι⁸
2740 5674 2835 5726 νῦν
2863 5676 2957 5725 καὶ
2989 5674 3092 5735 ἀεὶ,
3130 5671 3225 5723 καὶ
3264 5671 3339 5730 είς
3370 5670 3495 5732 τοὺς
3531 5669 3670 5721 αἰῶ-

434 5788 527 5832 νας
563 5772 669 5823 τῶν
707 5769 942 5831 αἰώνων.
