4080 6206
540 292 650 356 δί’.)
1036 340 1039 347 λ
1769 300 1892 359 mh
1904 332 1942 360 μ
1952 307 1991 357 ,η

549 405 612 457 ’0
655 404 711 457 δὲ
743 412 970 471 στρατει
1000 439 1009 448 ι
1052 421 1078 466 ς
1111 402 1375 473 πυρπολεῖ
1401 407 1492 457 καὶ
1518 404 1617 476 τὴν
1656 407 1810 458 πόλιν

540 498 651 550 Καὶ
697 495 942 566 βορϐόρῳ
972 493 1238 563 χὼννυσιν
1289 495 1581 566 Ἱερεμίαν.

540 587 797 641 Σεδεκίαν
826 586 881 639 δὲ
912 586 1194 638 συλλαϐὼν
1222 587 1404 657 ὅρκων
1436 590 1615 658 κρίνει

548 680 813 750 Ῥήξαντα
835 682 1015 749 τεῖχος
1045 682 1128 743 εἰς
1153 681 1335 748 φυγὴν
1358 686 1744 753 τετραμμένον

540 773 752 827 Παίδων
782 775 968 840 στερεῖ
990 791 1048 826 τε
1078 774 1174 826 καὶ
1206 774 1457 828 σϐέννυσι
1485 776 1583 836 τὰς
1611 776 1800 846 κόρας,

537 866 649 920 Καὶ
677 866 899 935 δέσμιον
943 865 1065 935 άγει
1095 866 1150 919 δὲ
1178 869 1243 937 τῇ
1279 866 1585 934 Βαϐυλῶνι,

536 959 716 1011 Κάκεῖ
741 958 971 1029 τελευτᾷ
992 958 1085 1012 τὸν
1124 957 1238 1028 βίον
1266 960 1681 1029 καθειργμένος.

546 1049 606 1101 '0
630 1049 1034 1118 Νανουζαρδιάς
1060 1050 1151 1102 τὸν
1182 1050 1308 1103 ναὸν
1335 1051 1471 1120 πυρὶ
1496 1050 1684 1116 καίων,

538 1140 776 1205 Πολλοὺς
803 1141 1071 1205 θανατῶν,
1101 1140 1282 1210 φαῦλα
1315 1141 1488 1212 μυρία
1529 1142 1810 1211 πράττων.

538 1230 730 1302 Σαλὴμ
765 1234 1073 1303 στρατηγὸς
1104 1233 1331 1304 εὐγενὴς
1364 1233 1633 1301 Γοδολίας,

536 1324 703 1377 Σὺνδ’
731 1325 1053 1394 Ἀμανίταις
1084 1324 1309 1395 Ἰσμαὴλ
1336 1326 1582 1390 Γοδολία,

535 1416 647 1467 Καὶ
674 1415 961 1478 Χαλδαίοις
988 1416 1195 1483 ἔπεισι,
1223 1418 1319 1471 καὶ
1343 1418 1543 1471 κτείνει
1572 1417 1737 1487 ξίφει.

536 1509 649 1560 Καὶ
675 1508 791 1577 δῆτ’
817 1509 1006 1570 ’ῐωνᾶς
1032 1510 1129 1563 σὺν
1159 1511 1374 1582 στρατῷ
1410 1511 1635 1575 τούτους
1668 1510 1888 1581 φθάνει,

538 1599 756 1653 κτείνει
808 1618 868 1654 τε
904 1601 1155 1664 πολλοὺς,
1185 1604 1279 1657 καὶ
1302 1604 1563 1674 στραφεὶς
1597 1603 1694 1658 σὺν
1720 1603 1798 1674 τῷ
1831 1604 2010 1674 στίφει

537 1691 660 1744 Τῶν
700 1692 969 1764 Ἐϐραίων
997 1692 1200 1748 άπαντι
1229 1697 1398 1765 χωρεί
1423 1694 1691 1760 συντόνως

540 1785 680 1855 Πρὸς
702 1785 797 1838 τδν
827 1784 1132 1855 κρατοῦντα
1163 1787 1258 1839 καὶ
1280 1787 1559 1855 Αἰγύπτου
1586 1786 1648 1841 τὸ
1667 1786 1891 1857 κράτος.

536 1878 745 1933 Εἰδωλα
781 1878 970 1933 λοιπὸν
997 1878 1396 1951 προσκυνοῦσιν
1422 1878 1629 1935 ἐνθάδε.

538 1968 669 2026 Εἰτα
692 1971 1062 2043 διεφθάρησαν
1096 1973 1154 2039 ἐξ
1181 1972 1489 2043 Ἀσσυρίων

534 2065 783 2135 Σχόντων
812 2066 995 2119 πᾶσαν
1024 2064 1298 2133 Αἴγυπτον
1324 2064 1538 2135 ὑστέρῳ
1559 2063 1757 2137 χρόνῳ.

532 2155 1004 2226 Ναϐουχοδονόσορ
1031 2156 1088 2209 δὲ
1122 2153 1299 2208 λιπὼν
1328 2155 1420 2209 τὸν
1444 2156 1582 2225 βίον,

535 2249 693 2301 Οῦτω
731 2247 1009 2318 Μαρωδὰχ
1039 2247 1138 2316 τὴν
1169 2245 1443 2316 βασιλείαν
1467 2247 1646 2317 νέμει.

540 2344 638 2405 Ὃς
676 2338 934 2409 ’Ῑωακεὶμ
972 2340 1066 2393 καὶ
1096 2339 1287 2409 Σαλὴμ
1314 2338 1543 2409 βασιλέα

534 2431 798 2486 Σύσσιτον
821 2432 971 2502 αὐτῷ
1001 2432 1095 2484 καὶ
1132 2430 1386 2500 σύνεδρον
1404 2430 1645 2485 κτιννύει

533 2522 948 2595 Καθειργμένον
982 2522 1217 2593 μένοντα
1248 2519 1470 2583 πολλοῖς
1502 2522 1561 2576 ὲν
1595 2520 1834 2592 χρόνοις,

942 2634 1587 2691 ΠΑΡΔΛΕΙΠΟΜΕΝΩΝ
1619 2632 1696 2689 A'.

532 2749 722 2804 Θανὼν
751 2749 1031 2818 Μαρωδαχ
1080 2748 1377 2817 Βαλτάσαρ
1408 2746 1587 2801 λείπει
1616 2746 1837 2816 κράτος,

532 2846 764 2898 Δεῖπνον
801 2840 1112 2910 Βαλτάσαρ,
1141 2839 1238 2892 καὶ
1259 2837 1395 2891 Θεοῦ
1421 2835 1593 2908 σκεύη
1630 2835 1801 2905 πότῳ,

430 2966 444 2999 χ
531 2936 641 2988 Καὶ
664 2937 837 3003 τοῖχος
868 2931 1209 3001 ἀστράγαλος
1234 2926 1523 2998 ἀνθρώπου
1548 2928 1801 3000 γράφων,

426 3052 431 3095 ς
531 3025 689 3082 Λύων
710 3023 911 3096 Δανιὴλ
948 3022 1047 3093 τὴν
1076 3021 1295 3092 γραφὴν
1324 3022 1431 3074 τῶν
1449 3019 1752 3083 δακτύλων,

532 3121 643 3173 Καὶ
682 3120 950 3172 κτείνεται
980 3118 1078 3187 μὲν
1095 3117 1385 3187 Βαλτάσαρ
1410 3117 1547 3187 πρὸς
1568 3114 1813 3185 Δαρείου.

531 3208 897 3276 Φθονούμενός
926 3225 983 3260 τε
1012 3206 1209 3279 Δανιὴλ
1232 3210 1347 3271 τοῖς
1384 3208 1710 3276 σατράπαις,

531 3306 763 3356 Λέουσιν
792 3300 1214 3369 άπρόσζναυστος
1239 3299 1446 3372 ἀρθεὶς,
1478 3299 1539 3354 τὺ
1563 3298 1733 3366 ξένον,

534 3394 695 3446 Ἦκει
724 3392 767 3444 δ’
796 3390 1114 3460 Ἀϐϐακοὺμ
1139 3390 1335 3459 ὑψόθεν
1370 3392 1733 3462 μετηρμένος,

532 3484 701 3556 Ἀρχὴ
725 3484 783 3537 τὸ
812 3484 1020 3550 λοιπὸν,
1043 3482 1270 3551 ἄγγελος
1286 3482 1625 3552 ἔϐδομάδιος,

532 3577 800 3648 Στρεπτδς
830 3576 1047 3647 Δανιὴλ,
1079 3576 1172 3629 καὶ
1195 3574 1329 3647 τιμὴ
1354 3575 1632 3644 Μανιάκης
1656 3591 1671 3608 ⁶

531 3670 757 3738 Ὀραμα
777 3669 940 3722 πάλιν
964 3666 1192 3737 Δανιὴλ,
1225 3667 1294 3721 τὰ
1312 3668 1501 3737 θηρία,

531 3764 727 3832 Κρίσις
759 3763 1047 3833 Σωσάννης
1072 3763 1137 3815 ὲκ
1162 3764 1347 3833 χειρὸς
1371 3762 1785 3835 πρεσϐυτέρων.

942 3876 1578 3931 ΠΛΡΛΛΕΙΠΟΜΕΝΩΝ
1610 3876 1677 3933 B'.

530 3993 712 4063 Μόρος
736 3989 984 4056 Δαρείου,
1024 3987 1276 4057 βασιλεὺς
1308 3988 1518 4058 Πέρσης
1540 3988 1746 4060 Κῦρος.
1816 4006 1819 4007 ,

527 4086 695 4148 Λύσις
748 4083 1013 4152 Ἐϐραίων
1036 4081 1189 4134 ἔνθεν
1212 4080 1614 4151 αἰχμαλωσίας,

527 4179 638 4231 Καὶ
658 4175 895 4238 κώλυσις
924 4173 987 4245 δὴ
1019 4174 1127 4226 τῶν
1158 4173 1559 4229 κατοικούντων
1594 4172 1776 4244 πέριξ,

527 4267 691 4321 Πόλιν
716 4268 940 4335 ἁνιστᾷν
970 4265 1042 4328 ὡς
1062 4264 1239 4336 χρεὼν
1262 4268 1358 4320 καὶ
1386 4266 1477 4320 τὸν
1507 4265 1699 4336 δῆμον.

527 4358 907 4427 Μασσαγετῶν
946 4358 1192 4429 Τόμυρις
1232 4357 1445 4429 φθείρει
1486 4358 1579 4411 τὸν
1608 4356 1813 4427 Κῦρον,

527 4451 663 4506 Μεθ’
689 4449 746 4503 δν
777 4449 1083 4520 Καμϐύσης
1125 4452 1153 4503 ὁ
1188 4450 1681 4522 Ναϐουχοδονόσορ,

533 4542 629 4603 Ὃς
656 4538 899 4593 καθελὼν
923 4539 1121 4609 ἄριστα
1153 4542 1279 4603 τοὺς
1304 4541 1640 4609 Αἰγυπτίους

529 4631 673 4699 Πρὸς
708 4629 941 4684 Αἰθίοπα
974 4630 1319 4700 δυστυχεῖτά
1339 4632 1473 4702 πρὸς
1508 4633 1713 4705 μάχην.

529 4721 923 4775 Ἀποστατοῦσι
957 4723 1019 4774 τὸ
1040 4723 1226 4776 λοιπὸν
1258 4723 1504 4777 Ἰουδαῖοι
1540 4740 1553 4755 ⁸

528 4814 632 4866 Τὸν
668 4814 996 4883 Ὀλοφέρνην
1025 4815 1312 4885 τοιγαροῦν
1335 4816 1473 4885 μετά
1496 4816 1749 4887 κράτους,

454 4942 457 4947 -
531 4905 706 4969 ’Δναξ
741 4905 1044 4976 Καμϐύσης
1076 4908 1266 4976 ἐξάγει
1300 4907 1534 4977 θράσους
1580 4909 1762 4962 πλέων

528 5000 686 5052 Κινεῖ
711 4998 832 5052 κατ’
860 4999 1038 5052 αύτῶι
1065 5002 1144 5061 εἰς
1178 5001 1416 5054 Γετουλᾶ
1438 5002 1537 5069 τὴν
1567 5000 1745 5067 πόλιν,

526 5092 592 5145 Οἰ
615 5091 660 5144 δ’
690 5090 836 5144 ἔνδον
865 5092 1205 5145 ἐκλείπουσιν
1240 5092 1409 5163 ὑγροῦ
1436 5096 1500 5164 τῇ
1528 5093 1743 5157 σπάνει,

525 5183 697 5236 Σπάν⁹
729 5178 848 5237 αὖθ’
878 5183 1077 5255 Ἰουδὴθ
1109 5186 1372 5254 τεχνικῶς
1401 5186 1766 5256 καταστρέφει

528 5274 632 5327 Τὸν
673 5273 1006 5345 Ὀλοφέρνην
1033 5275 1252 5341 ἐξιοῦσα
1280 5276 1546 5345 κοσμίως.

527 5365 739 5435 Σκηνῆς
773 5365 882 5434 γάρ
907 5363 1052 5417 ἔνδον
1079 5365 1523 5433 συγκαθεύδουσα
1552 5368 1690 5439 μόνη

527 5456 600 5507 Τὸ
632 5454 786 5524 ξίφος
817 5454 1059 5527 ἔξάρασα
1084 5456 1272 5511 τοῦτον
1298 5458 1558 5513 κτιννύει.

526 5547 698 5615 Τιμαὶ
718 5547 779 5598 τὸ
806 5546 992 5600 λοιπὸν
1021 5547 1347 5618 ἀναθήματα
1380 5550 1551 5621 δόμῳ,

527 5636 609 5690 Τὰ
631 5636 677 5688 δ’
719 5636 981 5707 Ἑϐραῖκᾶ
1013 5642 1332 5709 προσκυνῶν
1362 5641 1653 5713 ’Λχεὼρας.

539 5726 601 5782 ⁸0
630 5726 676 5782 δ’
702 5727 768 5788 αὖ
806 5732 1105 5804 Καμϐύσης
1137 5736 1160 5787 ό
1212 5734 1672 5804 Νατοιχοδονίσορ

2126 3108 2175 3171 C

2002 302 2188 358 non.
2224 297 2571 359 CALLI'DTI

2146 416 2190 468 Α
2223 405 2714 474 Ἐπεκστρατεύων
2745 407 2885 460 κατὰ
2912 407 3117 474 Μάγων
3147 408 3254 460 τῶν
3280 408 3392 472 δύο,

2212 493 2474 556 Θλασθεὶς
2500 494 2638 548 πόδα
2669 495 2932 565 τέθνηκεν
2962 497 3144 551 ἄθλιον
3178 500 3365 566 μόρον.

2211 583 2347 637 Μεθ’
2375 584 2432 638 ὃν
2452 587 2677 656 Δαρεῖος
2712 587 3020 642 Ὑστάσπου
3052 591 3386 660 κεκλημένος

2218 676 2315 727 Ἐκ
2349 678 2603 747 μηχανῆς
2632 678 2805 749 ὴρατο
2837 679 3062 749 Περσῶν
3088 680 3149 733 τὸ
3182 680 3341 745 κλέος

2213 766 2526 836 Εύξάμενος
2561 769 2625 839 δὴ
2656 769 2733 839 τῷ
2755 768 2896 840 Θεῷ,
2920 771 3104 824 δοῦναι
3138 773 3309 842 γέρας

2221 855 2576 933 Ἰερουσαλὴμ
2600 862 2699 932 τὴν
2732 864 2923 918 στάσιν
2954 866 3044 918 καὶ
3073 864 3315 935 χρυσίον.

2222 949 2283 1001 Ὀ
2310 950 2616 1020 Ζοροϐάϐελ
2653 955 2755 1025 τὴν
2780 955 3077 1023 ὑπόσχεσιν
3102 956 3241 1010 λύει.

2211 1038 2477 1111 Τράπεζα
2500 1043 2689 1099 λοιπὸν
2717 1047 3015 1115 σατραπῶν
3050 1047 3277 1116 εὐωχία.

2209 1132 2308 1186 Ἐκ
2334 1133 2429 1186 τοῦ
2464 1136 2632 1189 πότου
2661 1136 2811 1205 λέγει
2843 1138 2900 1191 δὲ
2928 1140 3149 1208 Δαρεῖος
3178 1140 3373 1206 λόγους

2212 1222 2357 1291 Πρὸς
2389 1225 2586 1287 παῖδας
2609 1225 2775 1279 αὑτοῦ
2810 1227 2936 1289 τοὺς
2964 1226 3125 1297 πέριξ
3148 1229 3549 1297 κοιμωμένους.

2221 1313 2308 1378 Ὠς
2327 1316 2375 1369 δ’
2402 1312 2559 1387 εὗρεν
2588 1312 2746 1381 οὗτος
2788 1320 2817 1371 ό
2852 1318 3000 1383 ξένος
3034 1319 3344 1389 Ζοροϐάϐελ

2210 1409 2449 1479 Κρατείν
2474 1410 2731 1465 ἁπάντων
2756 1410 2856 1481 τὴν
2879 1411 3137 1478 ἀλήθειαν
3162 1412 3356 1483 μόνην,

2211 1502 2395 1555 Πείθει
2428 1505 2651 1573 Δαρεῖον
2683 1504 2937 1558 ὲντελείσ²
2968 1505 3131 1576 ὅρκον
3176 1508 3385 1577 νέμειν,

2210 1593 2317 1645 Σὺν
2349 1594 2602 1648 Ἰωσεδὲκ
2630 1594 2677 1648 δ’
2705 1596 2882 1656 Ἰησοῦ
2904 1596 3260 1667 πρεσϐυτέρῳ

2208 1683 2426 1737 Σκευῶν
2445 1703 2566 1739 τινα
2594 1685 2853 1740 κάλλιστα
2887 1687 3066 1741 λαϐὼν
3103 1689 3197 1742 τοῦ
3238 1689 3430 1759 δόμου,

2140 1768 2180 1823 Β
2214 1776 2434 1844 Γραφάς
2464 1793 2522 1830 τε
2546 1786 2641 1832 καὶ
2662 1779 2889 1849 δύναμιν
2909 1780 3326 1850 ἀκριϐέστατον,

2210 1864 2379 1918 Πέντε
2418 1867 2633 1937 σύναμα
2662 1868 2755 1922 τοῦ
2801 1870 2930 1922 λαοῦ
2964 1873 3223 1941 μυριάσιν

2211 1955 2303 2019 Εἰς
2350 1957 2706 2029 Ἰεροσόλυμα
2739 1961 3022 2031 συντόμως
3062 1964 3284 2032 φθάνει.

2210 2047 2471 2102 Βάλλουσι
2494 2049 2669 2122 βάθρα
2693 2050 2771 2121 τῷ
2796 2050 2903 2123 νεῲ
2935 2057 3074 2123 μετά
3104 2058 3269 2111 πόνου
3294 2076 3307 2090 ο

2212 2138 2380 2209 Ἀλλη
2410 2140 2574 2195 πάλιν
2603 2141 2842 2207 κώλυσις
2864 2147 2927 2198 ὲκ
2957 2146 3272 2219 Σαμαρείας

2208 2232 2583 2287 Διαϐαλόντων
2615 2236 2692 2295 είς
2716 2237 3021 2293 ἀπόστασιν
3043 2244 3207 2311 τάχα,

2208 2324 2433 2395 Τείχους
2465 2326 2789 2396 ὀχυρότητα,
2820 2330 2916 2383 καὶ
2949 2330 3137 2385 στάσιν
3164 2333 3352 2402 δόμου.

2209 2416 2415 2487 Γράφει
2441 2419 2667 2489 Δαρεῖος
2688 2422 2800 2482 τοῖς
2834 2425 3160 2493 στρατηγοῖς
3194 2426 3395 2495 Συρίας

2209 2508 2402 2561 Δοῦναι
2430 2511 2675 2579 χρυσίον,
2700 2515 2792 2565 καὶ
2814 2512 3068 2584 βοήθειαν
3096 2519 3304 2587 νέμειν.

2211 2600 2520 2671 Ἐγείρεται
2549 2604 2596 2657 δ’
2618 2600 2712 2658 οὖν
2755 2607 2850 2659 καὶ
2874 2607 3002 2673 ναός
3027 2626 3087 2662 τε
3118 2613 3217 2664 καὶ
3248 2611 3424 2678 πόλις,

2208 2692 2404 2757 Θυσία,
2432 2695 2819 2768 ναὸς,άζύμων
2858 2704 3113 2769 χορηγία.

2207 2785 2299 2838 Ἐν
2331 2786 2537 2856 ίερεῦσι
2563 2788 2609 2842 δ’
2638 2785 2777 2859 ἦσαν
2810 2795 3040 2865 ὴγμένοι
3078 2799 3263 2864 μόνοις

2202 2872 2406 2942 Καλῶς
2432 2880 2725 2947 ποθοῦντες
2773 2884 2873 2953 τὴν
2902 2887 3353 2959 ἀριστοκρατίαν,

2210 2966 2627 3042 Ἀσσαμοναίων
2653 2975 2782 3046 ἄχρι
2812 2978 2905 3030 καὶ
2927 2980 3329 3037 Μακκαϐαίων.

2862 3093 3107 3151 ΕΣΘΠΡ.

2206 3198 2545 3269 Μεγιστᾶνες
2572 3202 2635 3276 δὴ
2662 3207 2907 3278 Δαρείου,
2942 3212 3254 3278 πανδαισία,

2206 3291 2381 3359 Δεῖξις
2403 3296 2682 3362 γυναικὸς,
2712 3300 2952 3371 ἐντροπὴ
2987 3301 3279 3373 βασιλίδος,

2207 3383 2379 3457 Ὀργὴ
2420 3388 2674 3457 Δαρείου,
2710 3389 2881 3456 λύσις,
2915 3393 3116 3465 Ἐσθὴρ
3143 3398 3223 3459 είς
3255 3399 3422 3468 μέσον

2212 3476 2375 3544 Ὀψιν
2421 3478 2621 3547 ἀγαθὴ,
2661 3482 2928 3553 συγγενὴς
2954 3486 3324 3558 Μαρδοχαίου,

2208 3566 2299 3628 Ἐξ
2329 3569 2688 3640 αἰχμαλώτων
2711 3575 2960 3645 Δαρείου,
2995 3579 3319 3655 δορυφόρου,

2207 3660 2396 3724 Ὅστις
2429 3662 2643 3731 βασιλεῖ
2660 3666 2846 3731 δόλους
2880 3670 3088 3740 ἀνδρῶν
3130 3676 3349 3747 μηνύει,

2206 3754 2514 3808 Κάντεῦθεν
2544 3755 2678 3826 ὕψος
2713 3759 2919 3825 ἀναϐάς
2952 3765 3117 3834 τιμῆς
3149 3769 3314 3837 μέγα.

2206 3843 2383 3914 ’Λμὰν
2413 3848 2671 3919 προάγων
2715 3851 3015 3924 Ἐϐραίων
3043 3849 3199 3922 οὗτος
3233 3861 3430 3933 φθόνῳ,

2205 3937 2445 4008 Σταυρὸν
2476 3942 2672 4014 ἀνιστᾷ
2702 3945 2844 3998 κατὰ
2872 3946 2965 4000 τοῦ
2995 3950 3367 4022 Μαρδοχαίου,

2207 4030 2446 4085 Ἦκιστα
2479 4034 2646 4105 τιμὴν
2676 4037 2963 4103 ἀποδόντος
2993 4041 3172 4107 ἀξίαν.

2203 4122 2435 4192 Κίνησις
2463 4125 2662 4197 Ἐσθὴρ
2694 4129 2835 4202 ὑπὲρ
2860 4132 3100 4199 ἅπαντος
3133 4138 3343 4207 γένους,

2204 4216 2345 4285 Πρὸς
2363 4217 2454 4271 τὸν
2483 4220 2787 4291 κρατοῦντα
2823 4227 2917 4277 καὶ
2944 4224 3240 4299 ξιφηφόρον
3271 4232 3426 4301 λόγος

2202 4308 2403 4378 Δέησις
2429 4314 2645 4383 οἰκτρὰ,
2672 4317 2765 4368 καὶ
2797 4324 3125 4390 φονουργίας
3150 4325 3320 4390 λύσις.

2200 4401 2395 4471 ’Δμάν,
2423 4404 2643 4475 Δαρεῖος
2676 4408 2757 4471 είς
2779 4408 2981 4481 Ἐσθὴρ
3007 4415 3349 4485 πανδαισίαν,

2201 4492 2414 4558 Νυκτός
2441 4514 2499 4551 τε
2520 4498 2747 4569 χάρτης,
2771 4502 2865 4554 καὶ
2895 4498 3059 4567 καλδς
3092 4508 3453 4581 Μαρδοχαῖος,

2200 4584 2515 4655 Σύμϐουλος
2544 4589 2719 4661 ’Δμάν
2748 4594 2844 4648 καὶ
2867 4596 3035 4664 τιμῆς
3063 4598 3436 4672 Μαρδοχαίου,

2199 4679 2534 4750 Μαρδοχαῖος
2553 4684 2784 4751 ἔφιππος
2809 4686 2868 4738 ἔν
2895 4690 3215 4758 πορφυρίδι,

2204 4772 2382 4842 ’Δμάν
2407 4778 2665 4846 προάγων
2692 4781 2790 4832 καὶ
2821 4782 3000 4850 σύρων
3034 4781 3413 4857 ἵππονβάδην,

2201 4863 2375 4931 ’Δμάν
2407 4866 2544 4934 πρὸς
2572 4869 2777 4940 Ἐσθὴρ
2804 4871 2913 4927 τῶν
2941 4876 3184 4942 γονάτων
3215 4878 3487 4949 ἡμμένος*

2200 4956 2397 5011 Βλέπει
2427 4960 2669 5028 Δαρεῖος,
2707 4964 2879 5017 ἔννοεῖ
2908 4972 3281 5040 κακεργάτην,

2200 5046 2483 5102 Ἐντεῦθεν
2514 5050 2568 5102 Ἀ
2581 5053 2687 5121 μὰν
2716 5055 2771 5105 ἔν
2800 5056 3097 5126 καταδίκης
3136 5060 3300 5130 ξύλῳ,

2201 5140 2394 5202 Πιστὸς
2431 5146 2613 5212 πατήρ
2645 5161 2702 5196 τε
2734 5148 2960 5216 Δαρείου
2998 5151 3360 5221 Μαρδοχαῖος,

2198 5231 2357 5295 Φόνος
2386 5250 2445 5285 τε
2475 5235 2640 5297 πολὺς
2664 5238 2771 5289 τῶν
2814 5247 2957 5292 κατὰ
2982 5242 3087 5294 τῶν
3127 5244 3419 5316 Ἐϐραίων,

2199 5320 2311 5375 Καὶ
2339 5322 2448 5379 τῶν
2485 5323 2616 5378 δέκα
2647 5328 2955 5396 σταύρωσις
2986 5331 3231 5402 Ἀμάνου
3265 5337 3465 5404 γόνων.

2622 5441 2877 5495 ΕΣΔΡᾹΣ
2925 5445 3012 5498 ΤΟ
3065 5447 3362 5504 ΠΡΩΤΟΝ.

2209 5550 2268 5604 ὐ
2293 5526 2519 5622 Δαρείου
2543 5556 2669 5619 παῖς
2694 5557 2967 5627 ἐγκρατὴς
2997 5559 3223 5629 Περσῶν
3251 5561 3463 5634 Ξέρξης

2199 5646 2388 5714 Τιμῶν
2419 5647 2516 5715 μὲν
2545 5646 2710 5715 φῦλον
2758 5648 3025 5718 Ἐϐραίων
3055 5654 3197 5705 κατά
3222 5654 3446 5725 κράτος,

2205 5736 2435 5806 Ἔσδρας
2467 5737 2616 5805 φίλος
2653 5740 2886 5809 μάλιστα
2927 5741 3035 5794 τῶν
3068 5742 3243 5796 ἄλλων
3280 5745 3463 5813 πλέον,

3690 301 3800 363 620
