4080 6206
496 281 605 347 623
1729 285 2151 348 NICEPIIORI
2205 288 2551 350 CALLISTI

484 411 709 467 κτείνει
734 423 794 460 τε
828 408 1057 468 πολλοὺς
1091 403 1387 473 συμϐαλὼν
1418 403 1703 472 αἰφνιδίως

482 503 609 557 Τῶν
633 498 992 555 ὑπασπιστῶν
1043 496 1316 565 ἀνδρικῶς
1340 496 1635 563 Ἀντιόχου.

483 599 593 650 Kal
625 596 690 665 δὴ
718 594 811 647 τὸν
835 593 960 645 ναὸν
982 589 1303 659 ἐκκαθαίρει
1327 590 1627 657 συντόμως,

484 689 595 743 Καὶ
624 688 803 741 πάντα
836 686 985 739 ποιεῖ
1008 684 1140 753 πρὸς
1164 683 1225 736 τὸ
1258 683 1471 753 βέλτιον
1502 684 1744 752 τρέπων.

491 780 555 835 '0
580 779 628 834 δ’
660 779 932 848 Ἀντίοχος
959 776 1219 846 ἐκμαθὼν
1259 774 1555 845 ἀποψύχει,

487 875 596 929 Kal
619 871 814 945 μικρὸς
840 870 1107 941 Ἀντίοχος
1132 871 1230 923 σὺν
1256 868 1333 939 τῷ
1362 867 1537 937 Λυσίᾳ

483 967 747 1029 Σπονδαϊς
782 964 937 1019 πόλιν
968 964 1196 1017 εῐσεισιν
1227 962 1328 1031 τὴν
1359 957 1495 1012 Θεοῦ
1528 958 1675 1021 τότε,

483 1059 579 1124 Ἐξ
608 1058 898 1126 ἐλέφαντος
918 1054 1247 1124 Ἐλεαζάρου
1278 1054 1462 1122 μόρος.

485 1154 595 1206 Kal
622 1150 903 1221 φθείρεται
930 1148 1197 1209 Φίλιππος
1230 1147 1288 1213 ἐξ
1323 1144 1623 1213 Ἀντιόχου.

491 1244 756 1311 ’Λλκιμος
782 1240 971 1311 θύτης,
1003 1241 1095 1293 καὶ
1122 1238 1295 1308 φυγὰς
1313 1238 1369 1290 δὲ
1408 1236 1591 1299 Ὀνίας

488 1336 743 1398 Ἀνιστάς
772 1337 851 1397 είς
877 1334 981 1403 γῆν
1010 1334 1118 1386 τῶν
1149 1330 1473 1401 Αἰγυπτίων
1496 1330 1701 1399 δόμων.

491 1430 598 1482 Τὸν
642 1429 919 1497 Ἀντίοχον
949 1426 1152 1488 Λυσίας
1181 1424 1387 1478 κτείνει
1410 1425 1597 1488 πάλιν,

501 1525 561 1576 ⁸0
594 1521 904 1590 Δημήτριος
935 1518 1201 1572 Σελεύκου
1228 1518 1287 1569 τὸ
1318 1516 1550 1577 παιδίον,

494 1616 760 1683 ’Ἀλκιμος
789 1616 933 1667 κινεῖ
964 1612 1099 1682 πρὸς
1124 1610 1484 1665 Μακκαὸαϊον
1504 1610 1719 1676 λόγους,

490 1712 600 1763 Kal
631 1708 902 1779 Βακχίδης
947 1708 1075 1778 ἧκει
1102 1705 1159 1758 δὲ
1195 1705 1329 1772 πρὸς
1364 1704 1701 1774 Δημήτριον.

491 1801 723 1871 Πράξων
751 1803 920 1854 κακὸν
946 1801 1177 1870 τάχιστα
1207 1799 1284 1870 τῷ
1314 1797 1686 1868 Μακκαόαίῳ,

490 1893 657 1949 Ἀλλά
696 1894 832 1963 πρὸς
857 1893 1134 1961 Ἀντιόχου
1172 1890 1423 1961 ἐστράφη
1463 1891 1664 1961 μάτην.

491 1986 602 2038 Καὶ
626 1984 888 2053 Νικάνωρ
920 1985 1133 2037 κάτεισι
1165 1984 1263 2036 σὺν
1292 1981 1428 2051 δόλῳ
1463 1982 1654 2035 πάλιν.

489 2076 687 2147 Μάχης
721 2076 775 2130 δὲ
798 2075 999 2145 πολλῆς
1024 2076 1395 2146 συῤῥαγείσης
1423 2075 1482 2127 ἐν
1516 2074 1692 2137 πόλει,

491 2170 687 2223 Πίπτει
716 2169 973 2238 Νικάνωρ
1003 2170 1101 2222 σὺν
1123 2167 1253 2222 λαοῦ
1285 2167 1464 2235 πολλῷ
1492 2166 1693 2235 στίφει,

506 2263 566 2319 ⁸0
590 2264 634 2317 δ’
667 2259 734 2317 αὖ
771 2262 899 2323 λαδς
927 2261 1110 2314 δίδωσι
1140 2262 1217 2331 τῷ
1238 2259 1586 2329 Μακκαϐαίῳ

492 2356 667 2426 Γέρας
692 2357 751 2408 τδ
770 2353 1024 2423 λαμπρὸν
1051 2353 1147 2405 καὶ
1175 2352 1623 2422 ἀρχιερωσύνης.

494 2448 665 2503 Πάλιν
693 2446 965 2517 Βακχίδης
992 2444 1249 2517 ἐμπεσὼν
1282 2443 1627 2515 Μακκασαίῳ

492 2544 711 2597 Κτείνει
738 2540 829 2594 τὸν
854 2539 1022 2610 ἄνδρα
1063 2537 1508 2608 δραστικώτατον
1541 2538 1745 2605 φύσει,

492 2635 605 2689 Καὶ
636 2636 699 2689 τδ
732 2635 937 2704 κράτος
974 2632 1158 2686 δίδωσι
1183 2634 1295 2694 τοῖς
1320 2630 1607 2694 ἐναντίοις,

494 2728 731 2794 Στρατδς
762 2726 935 2780 ’ἰούδα
955 2726 1050 2780 τού
1088 2723 1257 2779 καλοῦ
1286 2723 1682 2785 Μακκαὸαίου,

501 2818 764 2873 Ἰωνάθαν
789 2818 1027 2889 ὅμαιμον
1063 2818 1343 2888 αἱροῦνται
1375 2818 1589 2887 κράτει,

495 2914 701 2966 Τούτου
736 2912 793 2965 δὲ
830 2913 977 2983 μάχη
1015 2911 1280 2984 σύρρηξις
1310 2912 1368 2963 ἐν
1400 2910 1647 2980 Βακχίδι,

494 3006 641 3075 Nnc;
674 3004 774 3074 μὲν
798 3003 995 3066 οὐδείς.
1038 3002 1297 3071 Ἰωνάθης
1328 3004 1407 3064 εἰς
1435 3001 1582 3070 ὅρος.

505 3101 565 3152 '0
580 3098 626 3152 δ’
650 3095 715 3151 αὖ
740 3096 1011 3167 Βακχίδης
1047 3096 1183 3165 πρός
1213 3096 1525 3165 Δημήτριον
1550 3092 1756 3162 τρέχει.

494 3189 665 3243 Πάλιν
692 3189 963 3260 Βακχίδης
997 3189 1133 3260 πρδς
1169 3189 1353 3259 μάχην
1380 3187 1629 3258 Ἰωνάθη,

492 3282 658 3335 Ἀλλά
692 3281 936 3350 νικηθεὶς
958 3282 1139 3351 ἀφορᾷ
1167 3281 1303 3349 πῖ)δῖ
1336 3281 1662 3349 “Mica;

496 3375 606 3428 Kal
636 3374 772 3444 πρὸς
797 3372 887 3426 τὸν
919 3374 1236 3445 Δημήτριον
1269 3370 1424 3435 αὖθις
1445 3374 1724 3444 ἐκτρέχει.

494 3467 663 3538 Μάχη
695 3466 835 3537 πρὸς
865 3467 1178 3536 Δημήτριον
1207 3467 1264 3533 ἐξ
1288 3465 1670 3538 Ἀλεξάνδρου,

502 3552 834 3628 Ἐπιφανοῦς
868 3558 1025 3626 γόνου
1054 3557 1111 3611 δέ
1135 3556 1229 3611 τοῦ
1264 3558 1601 3621 Πτολεμαίου

494 3647 752 3718 Ἰωνάθης
777 3647 1065 3719 σύμμαχος
1099 3649 1157 3701 ἐν
1188 3649 1509 3719 Δημητρίῳ,

498 3737 634 3791 Εἶτα
658 3739 795 3809 πρὸς
812 3738 1172 3810 Ἀλέξανδρον
1203 3739 1352 3809 αίρεῑ
1383 3741 1587 3809 φιλίαν,

482 3880 483 3883 η
505 3831 822 3900 Δημητρίου
854 3830 1087 3894 θάνατος
1106 3832 1215 3884 άπὸ
1238 3832 1550 3901 τελμάτων.

498 3921 862 3993 Φιλοπάτορος
889 3922 1139 3986 θανόντος
1166 3923 1524 3993 Πτολεμαίου,

500 4014 810 4086 Εὐεργέτης
832 4012 1101 4087 κατῆρξεν
1144 4014 1174 4067 ό
1196 4014 1553 4084 Πτολεμαῖος,

2090 408 2135 462 Α
2166 402 2523 472 Ἀλέξανδρος
2553 404 2748 457 τούτου
2772 404 2828 459 δὲ
2858 404 2957 475 τὴν
3002 406 3170 475 κόρην
3202 406 3345 472 ἄγει,

2179 499 2272 561 Εἰς
2301 498 2487 567 φιλίαν
2519 498 2736 553 δίδωσιν
2762 501 2789 553 ό
2816 499 3093 569 Ἰωνάθης.

2180 593 2346 645 ⁶Ηκει
2386 591 2442 644 δὲ
2468 592 2783 662 Δημήτριος
2809 596 2935 656 παῖς
2967 593 3284 663 Δημητρίου
3305 610 3320 624 ο

2179 687 2375 754 Ἀρχει
2403 685 2612 754 Συρίας
2640 685 2926 753 πατρικῶν
2957 686 3008 738 τ’
3036 686 3211 739 ἄλλων
3232 687 3437 753 τόπων,

2174 774 2533 843 Ἀλεξάνδρου
2571 775 2628 829 δὲ
2656 776 2918 846 πενθερὸς
2945 777 3283 846 Πτολεμαῖος

2180 869 2355 940 Τέχνη
2391 867 2667 937 μετελθὼν
2707 869 2800 922 τὸν
2829 868 3182 940 Ἀλεξάνδρον
3215 873 3373 941 δόλῳ,

2180 962 2476 1031 Δημητρίῳ
2500 960 2681 1014 δίδωσι
2710 962 2810 1030 τὴν
2839 962 3120 1031 θυγατέρα

2184 1054 2292 1105 Kal
2328 1051 2609 1120 βασιλείας
2652 1053 3007 1123 Ἀλεξάνδρου
3036 1053 3145 1105 τῶν
3189 1053 3390 1108 τόπων.

2179 1144 2538 1210 Ἀλεξάνδρου
2574 1145 2803 1208 θάνατος
2837 1147 2932 1199 καὶ
2960 1146 3321 1212 Πτολεμαίου.

2184 1237 2380 1301 Στάσις
2415 1238 2551 1308 πρὸς
2578 1240 2896 1309 Δημήτριον
2918 1238 3265 1308 Ἀντιοχέων.

2185 1333 2450 1401 Λαμπρδς
2482 1332 2676 1403 βοηθὸς
2707 1334 2802 1386 καὶ
2851 1331 3002 1401 φίλος
3033 1331 3291 1403 Ἰωνάθης

2183 1425 2372 1477 Φιλίαν
2394 1424 2583 1490 αίτῶν,
2614 1430 2706 1477 καὶ
2740 1424 2877 1494 πρὸς
2915 1424 3087 1493 αὐτὴν
3113 1426 3209 1493 τὴν
3250 1422 3469 1492 Ῥώμην

2186 1517 2479 1588 ὐρφανὸς,
2508 1517 2790 1587 Ἀντίοχος
2820 1518 2947 1581 παῖς
2983 1516 3337 1583 Ἀλεξάνδρου

2188 1610 2293 1664 Σὺν
2316 1611 2573 1680 Τρύφωνι
2595 1610 2843 1665 κάτεισιν
2878 1613 2943 1664 ἐκ
2971 1611 3079 1663 τῶν
3117 1609 3391 1680 Ἀράὸων.

2190 1704 2431 1774 Θόρυϐος
2466 1704 2646 1771 ἔνθεν,
2677 1706 2894 1775 ταραχὴ
2924 1705 3242 1775 Δημητρίῳ.

2110 1775 2152 1830 Β
2196 1798 2255 1851 '0
2298 1798 2612 1867 Δημήτριος
2644 1799 2725 1860 είς
2760 1798 3006 1867 ’Ἄραϐας
3037 1797 3311 1866 ἐκτρέχει,

2180 1891 2423 1960 Ληφθεὶς
2452 1892 2509 1944 δὲ
2539 1890 2674 1944 τίνει
2696 1890 2854 1951 δίκας
2879 1891 3083 1953 ἀθλίως
3113 1890 3305 1953 τάλας.

2182 1982 2415 2053 Τρύφων
2446 1982 2538 2037 τὸν
2562 1982 2835 2053 Ἀντίοχον
2868 1985 3121 2050 ἐκτεμεῖν
3153 1982 3341 2044 θέλων,

2181 2072 2290 2130 την
2320 2076 2395 2141 ὼς
2425 2076 2639 2148 άληθῶς
2669 2077 2886 2132 δειλιῶν
2917 2076 3200 2146 Ἰωνάθην,

2184 2170 2293 2223 Kal
2313 2169 2449 2241 δῆτα
2483 2169 2699 2240 συσχὼν
2728 2170 2819 2225 τὸν
2863 2169 3125 2241 Ἰωνάθην
3154 2170 3291 2239 δόλῳ

2182 2260 2453 2317 Κάτεισιν
2504 2262 2669 2326 εὐθὺς
2703 2264 2784 2325 είς
2808 2261 3075 2326 Ἰουδαίας
3104 2262 3328 2327 τόπους,

2150 2358 2155 2362 ’
2185 2354 2296 2407 Kal
2324 2353 2417 2408 τὸν
2447 2353 2670 2425 Σίμωνα
2704 2354 2796 2408 τὸν
2830 2355 2991 2423 γόνον
3020 2354 3283 2409 Ἰωνάθου

2187 2450 2347 2519 ’ᾙτει
2378 2448 2617 2502 τάλαντα
2640 2447 2802 2515 δῆθεν
2828 2446 2906 2510 ὡς
2932 2447 3129 2516 χρέους
3154 2448 3324 2502 δόσιν.

2188 2540 2373 2609 Σίμων
2402 2539 2587 2593 δίδωσι
2618 2539 2831 2608 μέμψιν
2866 2539 2941 2601 ὠς
2977 2539 3342 2593 ὑπεκκλίνων.

2108 2705 2134 2721 Ν
2187 2631 2407 2685 Κτείνει
2429 2632 2485 2685 δὲ
2512 2632 2693 2685 λαϐὼν
2725 2633 2818 2685 καὶ
2871 2632 3037 2685 πάλιν
3066 2634 3347 2707 Ἰωνάθην,

2184 2724 2499 2793 Δημητρίου
2527 2727 2657 2786 παὶς
2686 2724 2962 2795 Ἀντίοχος
2985 2725 3167 2798 Σεὸίτη
3180 2746 3219 2789 ς.

2186 2817 2391 2887 Κρατεῑ
2422 2816 2620 2885 Συρίας
2645 2817 3254 2891 προσφιλὴςἸουδαίοις

2187 2910 2467 2980 Ὀμαιμος
2504 2909 2779 2979 Ἀντίοχος
2811 2912 2912 2965 τοῦ
2949 2912 3269 2983 Δημητρίου

2186 3005 2332 3074 Πρὸς
2360 3006 2721 3074 Κλεοπάτραν
2748 3007 2986 3075 σύζυγον
3014 3005 3334 3077 Δημητρίου

2108 3112 2151 3169 c
2183 3096 2402 3166 Φεύγει,
2434 3095 2671 3167 Τρύφων
2700 3098 2745 3152 δ’
2780 3098 2975 3151 ἔπειτα
3005 3098 3143 3169 πρὸς
3182 3096 3507 3167 Ὀρθούσαν.

2188 3192 2301 3246 Καὶ
2331 3190 2705 3262 πυρποληθεὶς
2735 3190 2829 3243 τὸν
2851 3190 2964 3261 βίον
2992 3190 3384 3261 καταστρέφει,

2186 3284 2429 3347 Σπονδάς
2463 3283 2850 3353 λύειοΣίμωνος
2874 3282 3013 3348 άναξ
3040 3283 3276 3352 Σιδίτης,

2186 3376 2297 3430 Καὶ
2324 3374 2641 3439 Χενδεόατος
2666 3375 3020 3445 ἐκστρατεύει
3052 3376 3193 3446 πρὸς
3224 3376 3405 3441 πόλιν,

2181 3465 2330 3536 Νικᾷ
2355 3466 2409 3518 δε
2440 3464 2627 3520 τοῦτον
2658 3466 2902 3534 Σίμωνος
2929 3466 3209 3538 Ἰωνάθης.

2183 3559 2329 3628 Πρὸς
2366 3559 2698 3629 Πτολεμαῖον
2735 3560 3006 3613 κτείνεται
3029 3562 3212 3630 Σίμων
3253 3560 3410 3630 δόλῳ,

2191 3653 2288 3714 ’ος
2314 3651 2585 3705 ’Δϐουκου
2613 3653 2851 3723 κέκλητο
2882 3653 3138 3724 λαμπρὸς
3163 3659 3472 3723 τυγχάνων.

2192 3742 2261 3793 '0
2296 3742 2539 3811 Σίμωνος
2566 3745 2697 3807 παῖς
2739 3744 3023 3813 Ὑρκανὸς,
3049 3744 3309 3814 Ἰωνάθης

2190 3834 2336 3903 Πρὸς
2368 3834 2704 3904 Πτολεμαῖον
2736 3835 3089 3905 ἐκστρατεύει
3118 3838 3215 3890 σὺν
3246 3838 3423 3908 τάχει,

2206 3924 2268 3978 '0
2300 3925 2357 3979 δὲ
2389 3926 2606 3979 κτανὼν
2638 3927 2883 3995 Σίμωνος
2918 3928 3179 3997 ἀδελφοὺς
3212 3928 3382 3997 ξίφει,

2199 4017 2338 4089 Πρὸς
2366 4019 2616 4071 Κοτυλᾶν
2662 4018 2925 4089 τύραννον
2949 4020 3109 4084 εὐθὺς
3134 4020 3403 4091 ἐκτρέχει.

3660 292 3766 353 (2L

1139 4371 1808 4461 ΣΥΝΟΠΤΙΚΗ
1904 4370 2197 4458 ΠΡΟΣ
2271 4366 2615 4463 ΘΕΙΑΝ
2661 4366 3103 4461 ΓΡΑΦΗΝ

607 4554 785 4626 Μέχρι
804 4553 1011 4608 τούτων
1048 4551 1410 4622 διαλαμϐάνει
1438 4553 1472 4622 ἡ
1504 4551 1625 4605 θεία
1660 4551 1877 4624 Γραφὴ,
1906 4549 1973 4604 τὰ
1995 4550 2052 4605 δὲ
2077 4549 2207 4619 ἑξῆς
2249 4552 2381 4626 ἄχρι
2412 4553 2509 4609 καὶ
2538 4553 2710 4626 αὐτὴν
2734 4553 2939 4610 ἅλωσιν
2976 4554 3341 4627 Ἰερουσαλὴμ
3369 4556 3684 4629 ὸΊώσηπος

1355 4666 1583 4735 ἱστορεῖ,
1612 4664 1757 4733 άπερ
1788 4663 1862 4728 ὡς
1893 4662 2147 4734 λυσιτελῆ
2192 4664 2405 4728 τούτοις
2449 4667 2924 4741 ἐπισυνάπτομεν.

1035 4784 1115 4837 Τὰ
1139 4783 1275 4853 μετὰ
1301 4781 1370 4835 τὰ
1394 4779 1786 4837 Μακκαϐαῖκὰ
1824 4781 1899 4845 ὡς
1934 4780 2193 4851 Ἰώσηπος
2223 4782 2429 4854 ἱστορεῖ
2449 4785 2614 4857 μέχρι
2650 4787 2917 4859 Χριστοῦ,
2950 4788 3047 4843 καὶ
3089 4787 3259 4857 αὐτῆς

1794 4902 2052 4968 ἁλώσεως
2092 4903 2479 4977 Ἰερουσαλήμ.

520 5219 580 5272 '0
602 5217 647 5271 δ’
677 5216 952 5288 Ἀντίοχος
976 5216 1205 5285 ἀδελφὸς
1237 5216 1559 5288 Δημητρίου

503 5309 658 5365 Μετὰ
704 5310 887 5380 μάχην
916 5326 973 5361 τε
1004 5311 1099 5362 καὶ
1132 5310 1374 5362 κάκωσιν
1400 5309 1599 5379 μυρίαν

504 5402 743 5466 Σπονδάς
756 5403 928 5455 τελῶν
947 5402 1139 5455 εἴσεισι
1163 5402 1262 5472 τὴν
1290 5400 1426 5454 θεοῦ
1455 5402 1627 5457 πόλιν.

503 5493 640 5551 Εἶτα
663 5494 799 5566 πρὸς
828 5494 1025 5558 αὐτοὺς
1048 5495 1404 5564 ἐκστρατεύει
1433 5496 1561 5558 τοὺς
1596 5492 1846 5565 Πάρθους

503 5587 634 5642 Μετ’
654 5588 943 5658 Ἀντιόχου
975 5586 1273 5656 συμϐαλεῖν
1308 5588 1443 5655 πρὶς
1477 5586 1781 5656 Ἀρσάκην.

504 5682 617 5735 Kal
648 5680 918 5734 κτείνεται
956 5680 1053 5749 μὲν
1084 5679 1355 5748 Ἀντίοχος
1389 5681 1445 5731 ἐν
1479 5680 1631 5751 μάχῃ
1663 5695 1677 5710 ·

504 5770 713 5838 Πολλὰς
744 5772 788 5827 δ’
828 5771 1093 5838 Ὑρκανὸς
1133 5774 1474 5826 ὑποποιεῖτάι
1504 5773 1709 5837 πὲλεις.

2119 5223 2174 5284 Ῑ)
2199 5220 2399 5285 Λυθεὶς
2432 5222 2488 5276 δὲ
2518 5225 2831 5296 Δημήτριος
2856 5227 3017 5299 ἄρχει
3044 5227 3153 5282 τῶν
3177 5229 3388 5303 Σύρων.

2197 5313 2355 5381 Σύροι
2379 5313 2435 5367 δε
2469 5317 2605 5384 πρὸς
2633 5318 2990 5381 Φύκωνοςτοῦ
3020 5322 3359 5391 Πτολεμαίου

2198 5407 2423 5461 Ζεόινᾶν
2454 5408 2802 5480 Ἀλέξανδρον
2834 5413 3115 5485 αἱροῦνται
3147 5418 3363 5487 κράτει,

2200 5501 2387 5564 Ὅστις
2412 5502 2502 5555 τὸν
2525 5505 2839 5575 Δημήτριον
2870 5508 3047 5579 ἀρχῆς
3077 5510 3286 5579 ἐξάγειο

2198 5592 2435 5657 Στάντος
2459 5595 2514 5647 δὲ
2550 5597 2766 5667 μακρὰν
2802 5598 3041 5669 συζύγου
3074 5604 3433 5674 Κλεοπάτρας

2199 5684 2436 5738 Πλεῖστα
2464 5686 2653 5741 παθὼν
2692 5688 2956 5756 τέθνηκεν
2996 5694 3167 5766 ἀθλίῳ
3197 5696 3369 5766 μόρῳ.

2211 5774 2268 5829 '0
2301 5776 2514 5847 Γρυπὸς
2544 5777 2817 5850 Ἀντίοχος
2848 5787 2975 5851 παῖς
3012 5787 3326 5851 Δημητρίου
