4080 6206
294 312 400 374 625
1452 306 1809 383 SYNOPSIS
1850 311 1909 369 S.
1936 311 2076 373 SCR
2095 318 2418 382 IPTURE.

306 422 522 485 Συστάς
550 422 685 492 πρὸς
716 420 1072 492 Ἀὶὲξανδρον
1100 423 1288 493 ἐξάγει
1322 425 1514 493 μέσου,

296 515 525 586 Χρόνοις
553 530 610 566 τε
641 513 853 574 πολλοῖς
878 510 1012 585 ἦρξε
1057 516 1257 583 Συρίας
1281 518 1482 584 πάσης.

308 606 368 659 '0
397 605 442 657 δ’
473 603 743 674 Ἀντίοχος
778 605 1088 674 Κυζικηνὸς
1118 606 1217 676 τὴν
1259 606 1433 669 θέσιν,

309 697 591 769 Ἀντιόχου
615 701 745 761 παῖς
773 698 1037 765 συγγόνου
1070 698 1382 769 Δημητρίου

302 792 438 861 Περὶ
457 792 661 862 κράτος
692 792 867 862 ἤρατο
905 790 983 859 τῷ
1006 790 1209 862 Γρυπῷ
1246 791 1450 863 μάχην,

300 884 518 950 Μικρὸν
544 884 603 937 δὲ
634 885 867 948 παυθεὶς
907 884 1176 955 Ὑρκανὸς
1198 886 1263 938 εκ
1290 886 1391 956 τῆς
1423 884 1625 956 μάχης,

301 974 487 1025 Τελῶν
532 973 753 1043 φόρους,
780 974 1019 1045 ἦνεγκεν
1042 975 1207 1045 ἁδρὸν
1239 979 1486 1045 χρυσίον.

314 1066 376 1118 '0
413 1067 723 1135 Κυζικηνὸς
743 1068 852 1121 τῶν
874 1069 1180 1138 Σαμαρέων
1223 1069 1389 1139 χάριν

312 1157 581 1228 Ὑρκανοῦ
610 1159 767 1212 παισὶ
792 1160 1105 1230 συγκροτῶν
1140 1160 1321 1231 μάχην
1354 1159 1534 1230 ξένην,

302 1250 463 1303 Θὺων
486 1251 532 1305 δ’
568 1252 834 1321 Ὑρκανὸς
873 1254 1089 1325 καθορᾷ
1122 1255 1281 1324 νίκης
1311 1253 1511 1324 κράτος

313 1346 379 1400 ’0
410 1346 593 1401 πεσὼν
618 1348 979 1417 ἐϐράϐευσεν,
1012 1352 1047 1421 ἠ
1081 1354 1263 1421 μάχης
1295 1350 1497 1422 κρίσις,

305 1438 579 1509 Σύγχυσις
603 1435 705 1495 ὧδε
736 1443 921 1510 φιλίας
948 1444 1323 1515 Φαρισσαίων.

313 1531 579 1598 Θνήσκων
603 1533 649 1586 δ’
691 1533 958 1603 Ὑρκανὸς
988 1536 1064 1605 τῷ
1092 1536 1470 1607 γόνῳ“κράτος
1501 1539 1654 1607 νέμει

322 1622 723 1696 Ἀριστοϐούλῳ
750 1625 967 1694 βασιλεῖ
993 1628 1211 1697 πρῶτον
1235 1630 1403 1700 μόνῳ,

318 1717 413 1780 Ὃς
444 1717 540 1770 τοῦ
563 1720 750 1785 γένους
780 1719 997 1789 ἔφθειρε
1024 1720 1085 1775 τὸ
1112 1722 1362 1774 πλεῖστον
1388 1722 1575 1792 μέρος,

312 1808 449 1861 Μεθ’
490 1808 548 1861 ὃν
579 1810 806 1880 ἀδελφὸν
835 1812 1143 1881 Ἀντίγονον
1180 1813 1477 1882 ὑστορέως.

312 1900 404 1953 Ἐν
434 1900 512 1970 τῷ
541 1903 855 1971 Στράτωνος
888 1905 965 1967 ὡς
990 1906 1221 1973 προεῖπέ
1248 1923 1333 1968 τις
1360 1905 1565 1975 βίϐλος,

312 1992 487 2055 Δῦτδς
510 1993 565 2045 δὲ
599 1995 789 2062 ραγεὶς
815 1995 913 2065 τὴν
931 1996 1109 2067 ψυχὴν
1140 1997 1265 2065 ὲμεῖ
1293 1996 1472 2050 πάλιν.

316 2084 575 2148 Ἰανναῖος
606 2085 870 2156 σύγγονος
899 2089 960 2142 τὸ
997 2091 1197 2159 κράτος
1246 2090 1427 2159 φέρει.

315 2177 492 2229 Πολλά
513 2177 569 2230 δὲ
598 2178 748 2234 δεινά
769 2182 883 2243 τοῖς
928 2181 1209 2244 Ἰουδαίοις
1231 2181 1435 2252 δράσας
1468 2196 1481 2211 '

314 2268 640 2339 Κλεοπάτρα
670 2270 921 2342 πρόσεισι
953 2275 1019 2344 τῇ
1046 2274 1139 2327 καλ⁵
1159 2273 1365 2344 Σελήνῃ

315 2359 505 2429 Μάχας
534 2362 733 2437 ἐχούσῃ
767 2363 899 2433 πρὸς
929 2364 1085 2433 γόνον
1114 2364 1477 2435 Πτολεμαίου,

320 2453 415 2515 Ὀς
450 2452 693 2524 Ἰανναίῳ
726 2454 1065 2524 συμπλακεὶς
1098 2457 1166 2511 τὰ
1196 2457 1332 2528 πρδς
1358 2454 1538 2525 μάχην

318 2546 474 2597 Κατὰ
507 2546 706 2615 κράτος
733 2548 944 2600 τέθεικε
986 2546 1464 2620 κατῃσχυμμένον,

316 2638 428 2691 Kal
450 2637 548 2707 τὴν
573 2638 724 2691 πόλιν
756 2640 949 2693 είσεισι
978 2641 1315 2711 Πτολεμαΐδι

320 2725 427 2777 Kal
454 2727 553 2796 τὴν
580 2728 986 2797 Ἀλεξάνδρειαν
1004 2726 1163 2795 αὖθις
1202 2732 1475 2802 λαμϐάνει
1511 2748 1524 2763 ·

317 2816 429 2885 Τῆς
465 2818 823 2891 Κλεοπάτρας
856 2822 1189 2894 ἐκλιπούσης
1217 2824 1295 2885 είς
1321 2826 1537 2896 χρόνον,

328 2907 417 2971 Ὠς
436 2910 699 2964 Ἰανναῖον
729 2913 1118 2985 έγκαταστήσῃ
1152 2916 1349 2986 θρόνῳ,

329 2997 390 3051 '0
424 2999 732 3067 Κυζικηνδς
763 3003 853 3055 τὸν
880 3002 1097 3073 Γρυπὸν
1134 3004 1529 3075 καταστρέφει,

321 3090 423 3143 Τὸν
449 3091 493 3144 δ’
523 3088 589 3145 αῦ
624 3093 883 3156 Σέλευκος
908 3097 937 3149 6
967 3096 1185 3164 Γρυποῦ
1211 3096 1374 3149 πάλιν
1406 3097 1563 3163 γόνος

333 3184 739 3253 Ἐξοστρακίξει
764 3185 858 3240 τοῦ
890 3188 1122 3257 κράτους
1147 3188 1507 3260 πορρωτέρω.

333 3276 394 3329 Ὀ
425 3277 733 3348 Κυζικηνὸς
764 3280 850 3332 τὸν
869 3280 1133 3333 Σέλευκον
1161 3281 1452 3351 λαμϐάνει,

325 3370 434 3423 Kal
458 3370 534 3436 τῷ
563 3372 694 3442 πυρὶ
723 3370 935 3425 δίδωσιν
968 3371 1048 3436 είς
1072 3372 1224 3436 τέλος
1247 3373 1445 3442 φλόγα.

326 3460 513 3534 Τούτῳ
543 3465 807 3518 συνίστων
835 3465 1094 3534 ἀκρατῶς
1132 3466 1290 3519 πάλιν
1321 3467 1504 3539 μάχην

326 3556 481 3610 Γὸνοι
514 3555 608 3610 τοῦ
642 3556 863 3627 Γρυποῦ
884 3556 1141 3625 σύγγονοι
1164 3556 1263 3611 τοῦ
1289 3557 1580 3614 Σελεύκου.

331 3650 489 3718 ’Ἀγει
510 3649 599 3702 τὸν
629 3650 1039 3721 Ἀλέξανδρονή
1074 3651 1433 3724 Κλεοπάτρα,

331 3744 437 3796 Καὶ
470 3742 749 3813 φαρμάκῳ
783 3744 1065 3812 πέφθαρτο
1084 3743 1422 3815 δηλητηρίῳ.
1448 3808 1453 3813 1

331 3834 597 3887 Διώκεται
630 3835 761 3904 γοῦν
794 3835 1141 3907 Ἀλέξανδρος
1167 3837 1388 3902 αὐτίκα,

334 3925 445 3976 Kal
476 3925 808 3996 Πτολεμαίου
861 3928 923 3980 τὸ
957 3930 1157 3998 κράτος
1193 3928 1381 3998 βλέπει
1405 3930 1588 3986 πάλιν.

332 4016 680 4083 Ἰανναῖοςδὲ
708 4034 804 4092 την
828 4020 1146 4093 Σαμάρειαν
1175 4024 1327 4087 τέλος

335 4111 534 4177 ΠορΘεί
561 4114 665 4183 πρὸ
687 4114 908 4177 παντὸς,
938 4115 1033 4168 καὶ
1063 4116 1251 4184 σαφῶς
1278 4116 1673 4188 καταστρέφει.

333 4204 489 4257 Μετὰ
514 4204 571 4256 δὲ
600 4205 768 4273 μόρον
795 4204 889 4257 τοῦ
921 4207 1046 4259 νέου
1085 4207 1433 4276 Πτολεμαίου

336 4294 620 4364 Κατῆρξεν
645 4294 992 4366 Ἀλέξανδρος
1015 4299 1073 4350 έν
1097 4297 1291 4369 βραχεῖ
1313 4299 1515 4372 χρόνῳ,

338 4384 450 4437 Kal
474 4384 574 4455 τὴν
600 4386 835 4457 ἀδελφὴν
866 4386 1117 4457 ἐκτεμὼν
1152 4390 1533 4462 Κλεοπάτραν,

342 4476 479 4543 Πρδς
507 4475 600 4530 τοῦ
635 4478 860 4546 στίφους
887 4480 1121 4549 ἤνεγκεν
1161 4482 1346 4536 ἄθλιον
1377 4484 1567 4555 μόρον,

340 4568 475 4621 Μεθ’
507 4567 565 4621 ὃν
590 4572 785 4635 κρατεῖ
818 4571 1053 4638 μάλιστα
1079 4574 1208 4634 παῖς
1235 4575 1557 4646 φιλομήτωρ

352 4659 412 4712 '0
442 4660 769 4727 Φιλάδελφος
794 4664 888 4715 καὶ
916 4663 1037 4725 νέος
1070 4664 1428 4733 Πεολεμαῖος.

352 4751 411 4803 '0
436 4750 479 4802 δ’
502 4750 787 4820 Ἀρμένιος
821 4750 1097 4824 Τιγράνης
1128 4755 1439 4826 Παρθυαῖος
1480 4814 1496 4820 ,

344 4843 574 4912 Πάρθων
599 4845 840 4909 ἀποστάς
866 4847 927 4900 οὑ
960 4847 1129 4918 βραχὺ
1155 4850 1374 4919 κρατῶν
1401 4850 1572 4922 τόπῳ.

346 4936 549 4987 Ἧλασε
575 4935 620 4988 δ’
642 4938 698 4999 ές
723 4938 825 5007 γῆν
854 4932 1107 5008 Φοινίκης
1134 4943 1225 4994 καὶ
1249 4942 1449 5010 Συρίας

356 5024 415 5075 '0
439 5026 632 5094 κλῆσιν
662 5027 912 5091 Διόνυσος
939 5031 1003 5082 ὲκ
1038 5031 1415 5100 Πτολεμαίων.

346 5109 515 5178 Οὗτος
540 5117 725 5188 μάχην
750 5119 943 5189 ἦγειρε
968 5121 1105 5190 πρὸς
1129 5122 1449 5191 Ἰουδαίους,

346 5207 419 5259 Οὔ
444 5208 538 5261 καὶ
564 5208 819 5273 θανόντος
842 5210 1045 5279 Συρίας
1080 5213 1239 5284 ἄρχει
1271 5216 1510 5286 κράτους

346 5298 596 5367 Ἀρέτας,
626 5298 685 5361 ὃς
708 5298 981 5369 χείριστον
1012 5304 1259 5375 άνταίρει
1284 5307 1465 5378 μάχην

350 5389 489 5457 Πρὸς
520 5389 831 5462 Ἰουδαίους,
859 5390 954 5442 καὶ
975 5394 1136 5446 πάλιν
1163 5395 1499 5467 ὑποστρέφει

349 5481 492 5551 Πρδς
523 5482 689 5535 παῖδα
728 5481 966 5550 Γρυποῦ.
1000 5484 1248 5556 Καθιστᾷ
1270 5488 1336 5540 τὰ
1370 5489 1511 5558 πρὸς
1542 5488 1723 5559 μάχην

362 5572 422 5625 Ὀ
450 5575 711 5636 Ἰανναῖος
730 5574 826 5625 καὶ
854 5576 980 5645 νικᾷ
1008 5577 1147 5629 κατά
1175 5580 1399 5646 κράτος,

363 5670 669 5739 Ἰτουραίαν
692 5671 747 5723 δὲ
780 5671 1101 5743 προσϐαλὼν
1127 5672 1305 5727 λείπει
1332 5675 1468 5745 βίον,

352 5762 542 5831 ’Δφεὶς
568 5764 791 5834 γυναικὶ
818 5766 883 5835 τῇ
908 5763 1113 5837 Σελήνῃ
1145 5764 1204 5819 τὸ
1227 5766 1426 5835 κράτος

1900 431 1944 485 Α
1976 430 2081 483 Σὺν
2106 436 2264 487 παισὶ
2293 435 2507 497 διπλοῖς
2535 437 2763 499 ἁπαλοῖς
2796 434 2890 488 καὶ
2915 435 3151 505 νηπίοις.

1984 522 2097 575 Kal
2124 523 2375 593 Μάρκιος
2406 522 2507 594 ρὴξ
2535 526 2737 595 Συρίαν
2772 524 2961 593 φθάνει
2983 525 3127 587 τότε,

1981 610 2208 674 Σταλεὶς
2234 614 2541 683 στρατηγὸς
2569 616 2632 667 ὲκ
2669 614 3007 683 παλαιτέρας
3054 613 3295 685 Ῥώμης.

1994 699 2253 754 Ἰανναίου
2285 704 2413 767 παῖς
2446 704 2716 773 Ὑρκανὸς
2756 704 2891 769 ἄναξ
2918 705 3059 771 νέος,

1991 791 2053 844 'U
2084 790 2137 845 δ*
2163 789 2231 847 αὗ
2279 794 2692 862 Ἀριστόϐουλος
2720 796 2900 866 ίερεὺς
2930 796 3114 863 πάλιν,

1982 883 2323 955 Δραστήριος
2350 885 2395 936 δ’
2422 885 2498 938 ῶν
2546 887 2959 957 Ἀριστόϐουλος
2992 890 3250 958 τρόπους,

1983 974 2215 1042 Σύμπαν
2252 976 2309 1029 τὸ
2340 978 2541 1046 κράτος
2573 977 2868 1031 ἀναδύεται
2895 980 3079 1048 μόνος,

1983 1067 2090 1121 Τὸν
2110 1068 2153 1121 δ’
2186 1069 2456 1140 ’Υρκανδν
2480 1072 2727 1143 ἦργησεν
2759 1073 2835 1137 ὡς
2865 1074 3212 1144 εὐμηχάνως.

1994 1160 2055 1213 '0
2079 1161 2124 1214 δ’
2151 1158 2220 1216 αὖ
2257 1163 2439 1231 φυγάς
2466 1165 2683 1218 κάτεισι
2714 1167 2851 1235 πρὸς
2876 1167 2969 1220 τὸν
2990 1166 3243 1236 Ἀρέταν.

1985 1255 2090 1307 Σὺν
2128 1254 2473 1325 Ἀντιπάτρῳ
2506 1257 2586 1327 τῷ
2606 1258 2775 1311 πάλαι
2798 1258 3140 1327 πεφιλμένῳ,

1985 1349 2094 1401 Καὶ
2127 1348 2264 1417 πρὸς
2297 1351 2481 1419 μάχην
2499 1349 2727 1420 ἥκουσιν
2753 1350 3178 1421 Ἀριστοϐούλῳ.

1984 1434 2147 1499 Αὖθις
2169 1439 2215 1492 6'
2244 1440 2652 1509 Ἀριστόϐουλος
2684 1441 2881 1512 Σκάρῳ
2905 1440 3251 1511 προστρέχει,

1991 1534 2089 1585 ’ον
2125 1532 2261 1601 δῆτα
2300 1528 2591 1604 ’Πομπήϊος
2620 1534 2927 1604 στρατηγὸς
2971 1531 3194 1605 Ῥώμης

1986 1623 2342 1677 Ἐπιϐλέπειν
2379 1624 2538 1690 ἔταξε
2565 1627 2666 1693 τὴν
2697 1626 3085 1694 Παλαιστίνην.

1914 1716 1961 1789 ς,
1990 1718 2163 1781 Οὗτος
2192 1718 2422 1787 Ἀρέταν
2447 1719 2756 1789 ὑποθήκαις
2787 1720 3069 1789 ἐκτρέπει.

1914 1764 1963 1824 Β

1992 1811 2166 1864 Πάλιν
2205 1811 2473 1881 Ὑρκανὸς
2516 1813 2615 1864 σὺν
2644 1812 2987 1882 Ἀντιπάτρῳ
3018 1812 3159 1882 φίλῳ

1991 1900 2136 1969 Πρὸς
2165 1901 2449 1969 Πομπήῖον
2475 1901 2783 1971 στρατηγὸν
2817 1903 3132 1974 ἀνατρέχει.

1990 1988 2208 2042 Στέλλει
2233 1989 2485 2043 Γαϐίνιον
2513 1990 2708 2044 αὐτίκα
2740 1992 3026 2062 Πομπήϊος

2003 2081 2176 2152 ’Υπὲρ
2212 2081 2483 2152 Ὑρκανοῦ
2511 2084 2647 2153 πρὸς
2674 2082 2951 2137 Ἰουδαίων
2989 2084 3167 2139 πόλιν.

1992 2174 2109 2228 υὺκ
2144 2174 2487 2245 εἰσδέχονται
2513 2175 2605 2227 τὸν
2628 2174 2885 2229 Γαϐίνιον
2910 2176 3117 2244 λόγοις.

1994 2266 2157 2320 Ἥκει
2187 2267 2233 2321 δ’
2252 2269 2279 2320 6
2312 2268 2596 2337 Πομπήϊος
2618 2267 2854 2338 ὕστερον
2887 2269 3069 2321 πλέων

1992 2359 2217 2430 Στρατῷ
2240 2359 2400 2429 βαρεῖ
2430 2360 2691 2429 μάλιστα,
2727 2359 2823 2413 καὶ
2855 2360 3045 2428 τρέπει
3077 2360 3199 2413 λίαν

1994 2452 2403 2524 Ἀριστοϐούλῳ
2434 2452 2682 2525 παριδὼν
2708 2452 2914 2524 χρυσοῦ
2948 2452 3129 2524 χύσιν,

1994 2543 2252 2612 Σφάττει,
2282 2543 2503 2619 Θερίζει
2528 2546 2879 2614 συμπλακεὶς
2904 2545 3072 2616 πολλῇ
3115 2546 3290 2619 μάχῃ.

1996 2636 2109 2689 Kal
2138 2636 2231 2689 τὸν
2260 2635 2677 2707 Ἀριστόϐουλον
2705 2636 2950 2706 ἔμπνουν
2967 2636 3259 2705 λαμϐάνει,

2005 2724 2262 2797 Ὑρκανῷ
2285 2726 2345 2780 τὸ
2380 2729 2487 2781 πᾶν
2518 2728 2563 2781 δ’
2592 2729 2883 2799 ἀνατίθησι
2925 2729 3150 2799 κράτος,

2000 2818 2248 2874 Ἄνακτα
2283 2818 2498 2884 δεικνὺς
2527 2821 2622 2874 καὶ
2653 2820 2825 2891 θύτην
2848 2822 2990 2875 κατά
3026 2822 3224 2892 χρέως.

1998 2910 2343 2982 Ἀντιπάτρῳ
2372 2912 2429 2966 δὲ
2449 2913 2550 2981 τὴν
2579 2913 2950 2983 Παλαιστίνην
2977 2914 3130 2986 νέμει

1998 3004 2368 3074 Ἐπιμελητὴν
2392 3005 2675 3070 ἀναδείξας
2707 3008 3071 3076 πραγμάτων.

1924 3101 1971 3165 C
2002 3097 2176 3149 Αὑτὸν
2201 3096 2245 3149 δ’
2276 3096 2697 3167 Ἀριστόϐουλον
2729 3099 2825 3151 σῦν
2860 3099 2983 3153 δυσὶ
3013 3099 3197 3168 γόνοις

2001 3188 2198 3242 Λαϐὼν
2223 3192 2251 3243 6
2276 3190 2560 3258 Πομπήϊος
2592 3191 2787 3245 ἐκπλεῖ
2831 3192 2970 3260 πρὸς
3012 3191 3255 3263 Ῥώμην.

2002 3281 2205 3334 Τοῦτον
2224 3282 2280 3335 δὲ
2306 3282 2493 3350 σαφῶς
2519 3282 2610 3335 τὸν
2631 3284 2833 3352 τρόπον
2867 3282 3115 3337 Ἰουδαῖοι

2006 3370 2147 3441 Πρὶς
2183 3372 2468 3442 Ῥωμαίων
2492 3372 2780 3444 ήρχθησαν
2801 3374 2862 3439 ἐξ
2892 3374 3169 3438 ἀϐουλίας.

2003 3464 2186 3529 Φυγάς
2215 3465 2275 3518 τὸ
2303 3464 2494 3517 λοιπὸν
2518 3465 2870 3535 Ἀλέξανδρος
2901 3466 3091 3521 ἐνθάδε

2008 3556 2151 3625 Πρὸς
2176 3556 2440 3611 Ἰουδαίαν
2455 3556 2876 3629 Ἀριστοϐούλου
2903 3560 3059 3628 γόνος

2008 3645 2202 3709 Ὅστις
2236 3646 2507 3718 Ὑρκανὸν
2539 3648 2634 3703 τοῦ
2666 3630 2904 3719 κράτους
2934 3649 3227 3717 ὑπεξάγει.

2007 3738 2173 3803 Αὖθις
2203 3740 2261 3793 δὲ
2292 3740 2487 3809 φεύγει
2541 3742 2868 3811 προσϐαλὼν
2892 3743 3191 3811 Ἀντωνίῳ,

2010 3831 2120 3883 Kal
2152 3830 2290 3900 πρὸς
2332 3830 2554 3903 Ῥώμην
2577 3834 2770 3901 ἄγεται
2795 3834 3017 3903 δέσμιος
3042 3833 3227 3887 πάλιν.

2010 3918 2143 3977 Εἶτα
2176 3923 2219 3976 δ’
2249 3922 2661 3996 Ἀριστόϐουλος
2692 3926 2789 3979 σὺν
2822 3926 3117 3993 Ἀντιγόνῳ

2008 4013 2307 4082 Φεύγουσιν
2328 4014 2465 4085 ἅμα,
2492 4015 2852 4087 συγκροτοῦσι
2877 4019 2969 4071 καὶ
2997 4019 3198 4087 μάχην,

2012 4106 2160 4177 Πλὴν
2185 4106 2301 4160 ἀλλ’
2326 4107 2746 4179 Ἀριστόϐουλος
2779 4108 2914 4177 πρδς
2946 4108 3236 4162 Ἀντώνιον

2009 4200 2250 4271 Θνήσκει
2279 4200 2573 4271 προφανῶς
2598 4200 2674 4265 ὡς
2694 4202 2909 4264 σταλεὶς
2946 4202 3242 4272 Πομπηΐῳ,

2009 4292 2192 4357 Φυγάς
2209 4293 2253 4345 δ’
2278 4295 2306 4344 6
2357 4293 2665 4360 Ἀντίγονος
2696 4294 2753 4345 ἐν
2786 4293 3020 4362 Πάρθων
3058 4296 3250 4362 κράτει
3284 4311 3297 4326 ·

2012 4372 2220 4432 Ἶίτταν
2243 4379 2287 4431 δ’
2318 4380 2645 4444 ὑποστάντος
2671 4380 2780 4434 τῶν
2817 4382 3102 4451 Ῥωμαίων
3134 4386 3355 4455 κράτος,

1941 4440 1986 4496 ο
2016 4470 2450 4525 Ἀποστατοῦσιν
2482 4440 2747 4543 Ὑρκανοῦ
2780 4476 2874 4528 καὶ
2897 4440 2965 4527 τά
2995 4440 3183 4546 στίφηί

2028 4562 2089 4616 '0
2125 4562 2334 4626 Κάσιος
2359 4562 2404 4615 δ’
2436 4558 2530 4618 οὖν
2553 4564 2869 4639 ἐγκαθιστεῖ
2899 4566 3033 4636 πρὸς
3059 4567 3218 4635 λόγον

2017 4653 2201 4705 Συλῶν
2231 4655 2325 4707 τὸν
2348 4654 2507 4710 νεών.
2551 4656 2820 4728 Ὑρκανοῦ
2848 4659 3011 4728 δῆθεν
3053 4662 3216 4731 χάριν

2018 4745 2283 4799 Κάτεισιν
2313 4746 2621 4814 Ἀντίγονος
2656 4751 2752 4803 σὺν
2780 4751 3015 4823 Πάρθοις
3050 4755 3258 4823 μόνοις.

2020 4838 2224 4892 Τοῦτον
2255 4840 2311 4893 δὲ
2341 4841 2591 4905 Γαϐίνιος
2624 4845 2699 4907 ὠς
2722 4846 3061 4917 πορρωτέρω

2020 4931 2249 5000 Τίθησιν
2274 4932 2435 4994 εὐθὺς
2465 4935 2649 4990 ἐκτοσὶ
2672 4936 2970 5007 Ταϐυρίου.

2022 5022 2242 5093 Καῖσαρ
2271 5024 2571 5095 μονάρχης,
2610 5026 2839 5091 θάνατος
2868 5030 3187 5099 Πομπηΐου,

2022 5115 2226 5184 Βοηθὸς
2258 5116 2621 5186 Ἀντίπατρος
2650 5118 2708 5172 έν
2738 5120 2874 5173 πᾶσι
2896 5121 3121 5190 τρόποις

2022 5206 2222 5278 Ἀρχὴν
2246 5208 2457 5278 βεϐαιοῖ
2483 5210 2581 5263 σὺν
2625 5211 2880 5280 ’Υρκανῷ
2905 5213 2981 5282 τῷ
3018 5213 3177 5285 φίλῳ.

2022 5298 2314 5369 Πρόσεισιν
2334 5299 2641 5369 Ἀντίγονος
2676 5302 2918 5374 Καίσαρι
2947 5304 3133 5359 πάλιν.

2037 5390 2095 5443 '0
2133 5390 2177 5442 δ’
2212 5392 2574 5463 Ἀντίπατρος
2602 5394 2855 5463 ἐμποδὼν
2886 5397 3061 5466 τούτῳ
3082 5397 3247 5466 μόνον

2026 5482 2185 5544 Υίοὺς
2220 5487 2561 5555 στρατηγοὺς
2591 5486 2947 5556 Ἀντίπατρος
2972 5488 3229 5555 δεικνύει,

2023 5575 2215 5643 Μέγαν
2259 5576 2507 5649 Ἡρώδην
2540 5580 2633 5632 καὶ
2658 5578 2941 5649 Φασάηλον
2969 5581 3131 5648 λέγω.

2025 5667 2343 5738 Γογγυσμὸ;
2370 5669 2524 5722 ἐνθεν
2554 5670 2650 5723 τοῦ
2685 5672 2904 5740 στίφους
2924 5671 3219 5735 Ἰουδαίων,

2024 5761 2097 5814 Τὸ
2128 5763 2452 5831 τυραννικὸν
2480 5764 2900 5832 εὐλαϐουμένων
2926 5767 3088 5833 τάχα.

3456 322 3559 383 6’26
