4080 6206
328 274 436 337 629
1484 285 1838 347 SYNOPSIS
1880 288 1939 347 S.
1978 289 2452 363 SCRIPTUﬂxE.

336 398 559 469 Καῖσαρ
595 397 806 464 δικάζει
838 400 935 453 καλ⁵
966 400 1215 466 σκεδάζει
1242 404 1341 472 τὴν
1380 404 1582 473 μάχην.

340 490 453 542 Καὶ
476 492 672 553 παῖδες
694 490 845 559 αὐτῷ
880 496 1196 561 προσφιλεῖς
1223 496 1365 548 κατὰ
1397 498 1623 567 κράτος.

336 581 634 646 Φιλόκαλος
664 582 709 635 δ’
739 582 814 637 ὣν
844 587 939 637 καὶ
974 586 1143 655 φιλῶν
1168 588 1327 653 δόξαν
1352 589 1515 643 πλέον

336 671 811 734 Πολλοῦςὲκάκου
832 675 940 729 τῶν
973 676 1143 744 φίλων
1164 679 1257 731 καὶ
1289 681 1531 750 γνησίων
1563 698 1577 713 ·

339 763 463 827 Τοῖς
494 762 540 817 δ’
562 765 720 828 ὲκτδς
751 766 902 835 ἡδὺς,
932 770 1027 821 καὶ
1064 772 1265 838 χρυσὸν
1292 772 1461 825 πολὺν
1497 775 1655 843 ρἐν.

340 852 648 923 Ἀνοίγνυσι
684 856 741 910 δὲ
770 858 861 911 καὶ
886 858 979 911 τοῦ
1012 860 1178 914 Δαυῒδ
1211 863 1302 916 τὸν
1322 863 1516 933 τάφον,

339 943 450 996 Καὶ
472 947 676 1012 κόσμον
713 944 891 1016 εὑρὼν
925 948 984 1000 ού
1013 948 1184 1021 βραχύ
1217 968 1271 1004 τι
1328 953 1617 1024 λαμϐάνει.

341 1031 623 1088 Ἐντεῦθεν
654 1037 916 1107 ἐμφύλιος
938 1042 1186 1105 κάτοικος
1206 1046 1377 1115 μάχη.

343 1127 515 1179 Πάλιν
539 1128 584 1181 δ’
618 1128 971 1203 Ἀντίπατρος
1007 1138 1149 1190 κατὰ
1175 1138 1286 1190 τῶν
1329 1141 1625 1209 ὁμογνίων.

357 1218 491 1272 ὐ-δ’
532 1221 778 1292 Ἡρώδης
812 1227 1016 1295 ἦγερτο
1046 1231 1187 1284 κατὰ
1210 1231 1440 1303 Φερώρα
1470 1250 1485 1265 ⁸

344 1309 469 1360 Ὅτι
500 1309 769 1381 θυγατρὸς
800 1316 924 1379 τοὺς
949 1318 1162 1387 γάμους
1184 1320 1420 1391 ἀπηξίου

355 1398 419 1452 Ἡ
444 1401 698 1473 Σαλώμη.
726 1406 975 1461 Πάλινηδὲ
1010 1411 1207 1480 ῥάπτει
1235 1415 1363 1478 τοὺς
1384 1414 1590 1478 δόλους.

342 1490 697 1565 Ἀλέξανδρος
728 1497 906 1552 ἄνεισι
932 1502 1072 1554 κατὰ
1102 1502 1354 1575 Φερώρα,

344 1584 451 1635 Καὶ
480 1586 713 1657 Σαλώμη
750 1592 1022 1660 πρόφασις
1057 1594 1166 1649 ίδοὺ
1198 1601 1310 1660 τοῖς
1338 1597 1540 1667 λόγοις,

343 1675 532 1727 Ποιναὶ
557 1676 798 1747 διαρκεῖς
819 1679 973 1746 αὖθις
998 1684 1269 1756 εὐνούχων
1299 1690 1487 1758 φίλων.

340 1766 574 1835 Δέσμιος
598 1769 970 1846 Ἀλέξανδρος,
1002 1775 1221 1845 εὕρεσις
1253 1779 1450 1850 λόγων,

355 1855 625 1928 Ἐτασμδς
653 1864 841 1934 ἄκρος.
876 1870 970 1923 καὶ
1005 1870 1064 1923 τὸ
1085 1870 1379 1941 φάρμακον
1412 1874 1587 1938 τέλος.

346 1949 389 2000 Π
398 1950 490 2016 pb;
518 1954 728 2024 πατέρα
759 1956 804 2009 δ’
850 1958 1092 2030 ἔγραψεν
1120 1963 1320 2017 εἰδέναι
1351 1965 1529 2035 λέγων

344 2038 691 2115 Ἀλέξανδρος
722 2046 937 2104 ἅπαντα
970 2054 1066 2105 καὶ
1093 2055 1456 2125 κακουργίας,

340 2131 443 2185 Καὶ
466 2133 652 2188 λύεται
678 2136 741 2208 δὴ
769 2144 881 2202 τοῖς
913 2139 1091 2210 λόγοις
1122 2144 1437 2217 Ἀρχελάου.

340 2220 696 2296 Ἀντίπατρος
717 2228 773 2282 δὲ
802 2232 1130 2300 προσλαϐὼν
1151 2237 1440 2305 Εὐρυκλέα

339 2313 509 2367 Πάλιν
532 2318 759 2374 ἀνάπτει
789 2323 867 2390 τῷ
895 2326 1067 2396 πατρὶ
1096 2328 1166 2380 τά
1204 2328 1298 2383 τοῦ
1328 2330 1540 2400 μίσους,

340 2405 449 2458 Καὶ
483 2406 690 2475 βάσανα
724 2409 788 2481 δὴ
818 2412 926 2466 τῶν
954 2415 1213 2484 φυλάκων
1246 2419 1516 2493 Ἡρώδου,

337 2495 523 2566 Δεσμά
549 2497 657 2552 τῶν
682 2501 856 2570 γόνων
901 2504 1141 2575 Ἡρώδου
1177 2509 1340 2565 πάλιν
1358 2512 1476 2576 δύο,

339 2584 447 2637 Καὶ
468 2590 759 2660 γράμμασι
788 2596 1030 2669 Καίσαρι
1063 2600 1245 2656 πάντα
1269 2606 1485 2675 μηνύει.

351 2676 411 2730 Ὀ
439 2679 484 2732 δ’
522 2679 588 2735 αὖ
624 2683 683 2736 τὸ
702 2687 811 2740 πᾶν
843 2687 1055 2759 τίθησιν
1081 2693 1231 2765 αὐτῷ
1262 2696 1357 2751 καὶ
1386 2698 1590 2769 κρίσιν.

339 2768 475 2825 Ἰδοὺ
515 2773 576 2826 τὸ
606 2778 962 2853 κριτήριονή
992 2785 1283 2857 καταδίκη,

337 2862 628 2933 Παρρησία
660 2867 914 2939 Τήρωνος
940 2872 1023 2934 είς
1058 2873 1307 2943 βασιλέα,

336 2954 652 3028 Κατήγορος
678 2960 958 3031 τύραννος,
983 2967 1215 3036 κουρεὺς
1245 2970 1273 3022 ὁ
1301 2968 1557 3040 Τρύφων.

334 3043 605 3117 Ἐτασμὸς
628 3051 827 3117 αὐτῶν,
867 3055 963 3109 καὶ
991 3058 1165 3129 σαφὴς
1192 3059 1343 3114 δόλου
1377 3063 1552 3132 λόγος.

337 3135 619 3195 Ἐντεῦθεν
647 3143 843 3197 οὐκοῦν
883 3146 1131 3218 Ἡρώδης
1166 3152 1257 3203 καὶ
1281 3153 1407 3215 τοὺς
1431 3154 1626 3221 γόνους

336 3228 751 3311 Ἀπαγχονίζειι
769 3238 869 3295 καὶ
900 3241 1233 3311 συνδρόμους
1266 3245 1498 3310 λιθάζει.

336 3322 506 3395 Γεννᾷ
530 3327 578 3379 δ’
620 3303 865 3403 Ἡρώδης
891 3303 1168 3406 Ἡρώδην,
1205 3303 1369 3392 πάλιν
1395 3303 1554 3408 γόνον

351 3412 447 3467 Ἐκ
480 3418 579 3485 τῆς
611 3419 879 3493 Θυγατρδς
897 3426 989 3480 τοῦ
1022 3428 1264 3497 Σίμωνος
1290 3429 1556 3503 ὑστέρως.

338 3505 487 3559 Φίλοι
517 3510 774 3582 Φερώρας
802 3515 1163 3586 ’Δντίπατρος
1186 3520 1398 3588 ἐνθάδε,

356 3596 607 3654 Ἐναντία
625 3604 681 3656 δὲ
714 3605 949 3678 Σαλώμη
974 3609 1187 3676 τούτοις
1220 3613 1407 3679 πάλιν,

344 3690 488 3760 Πρδς
515 3693 611 3764 τήν
636 3694 885 3768 δάμαρτα
917 3701 1146 3773 Φερώρα
1174 3705 1483 3772 Φαρισαῖοι.

354 3780 413 3835 '0
448 3785 705 3857 Φερώρας
742 3791 983 3854 ὕποπτος
1027 3796 1107 3858 εἰς
1133 3798 1486 3869 τετραρχίαν,

339 3871 698 3964 Ῐᾼντίπατρος
724 3881 781 3935 δὲ
818 3885 954 3954 πρὸς
986 3887 1084 3958 τὴν
1121 3889 1350 3961 Ῥώμην
1381 3893 1657 3964 ὲκτρύχει.

338 3962 522 4054 Μόρος
550 3968 798 4041 Φερώρα,
838 3975 907 4029 τά
939 3977 1085 4030 κακά
1109 3976 1156 4033 δ’
1186 3962 1555 4054 ’Δντιπάτριρς

338 4053 677 4129 Κατηγορίαι
709 4070 1013 4135 προφανεῖς
1044 4067 1410 4144 Ἀντιπάτρου

340 4146 585 4203 ’Λνεισιν
610 4154 963 4228 Ἀντίπατρος
997 4161 1105 4214 ἀπὸ
1133 4162 1234 4230 τῆς
1276 4163 1520 4237 Ῥώμης.

339 4240 449 4294 Οῦα
460 4260 551 4313 ρος
571 4247 735 4303 αὐτὸν
761 4252 1015 4322 ἀτιμάζει
1042 4256 1154 4318 τοῖς
1182 4257 1383 4327 λόγοις·

341 4333 541 4406 Κρίσις
583 4339 845 4413 Ἡρώδου,
881 4348 977 4401 καὶ
1001 4348 1150 4417 λόγοι
1178 4351 1407 4422 πλήρεις
1438 4351 1666 4417 πάθους.

342 4424 699 4500 Ἀντίπατρος
722 4433 947 4505 ’δέσμιος
978 4454 993 4469 ο
1027 4440 1176 4493 αίτία
1200 4441 1364 4497 πάλιν

335 4516 530 4571 Νοσῶν
571 4521 839 4597 Ἡρώδης,
879 4530 975 4582 καὶ
1005 4532 1193 4597 κακῶς
1223 4534 1358 4604 πρὸς
1386 4537 1463 4607 τῷ
1506 4534 1709 4609 χρόνῳ.

334 4609 497 4681 Φήμη
539 4613 794 4685 θανάτου,
822 4622 915 4675 καὶ
944 4622 1151 4693 χρυσοῦ
1186 4626 1448 4696 στρουθοῦ
1480 4627 1658 4695 λύσις.

338 4701 448 4755 Καὶ
472 4705 646 4775 μυρία
666 4709 916 4777 κάκωσις
938 4714 1148 4786 ἀνδρῶν
1176 4718 1390 4782 ἐνθάδε,

338 4793 552 4862 Πληοὺς
585 4786 754 4853 νόσων
786 4803 1027 4872 τήκουσα
1048 4805 1111 4874 δή
1136 4808 1227 4859 τὸν
1257 4810 1528 4882 Ἡρώδην.

342 4886 624 4959 Ἔνταλμα
658 4896 855 4964 πικρὸν
877 4899 1132 4967 ἐκτεμεῖν
1161 4900 1290 4964 τοὺς
1318 4904 1669 4974 προκρίτους,

340 4977 517 5033 Αὐτόν
541 4980 590 5035 τ’
618 4984 863 5055 ἀναιρεῖν
899 4988 1149 5061 Ἡρώδην
1173 4990 1316 5060 ἔγνω
1344 4993 1463 5047 δέον

350 5069 439 5125 Ἐν
465 5075 532 5144 τῇ
558 5075 794 5147 φυλακῇ,
822 5080 916 5134 καί⁵
946 5081 1102 5151 φόνος
1128 5082 1175 5136 δ’
1203 5084 1584 5153 Ἀντιπάτρου.

338 5165 591 5235 Κράτους
629 5173 919 5241 μερισμδς,
962 5177 1058 5230 καὶ
1086 5177 1355 5233 τελευτῶν
1397 5178 1666 5251 Ἡρώδης,

334 5256 507 5322 Λύσις
542 5262 855 5332 προκρίτων
885 5266 1080 5332 δεξιῶς
1115 5268 1485 5339 εἰργασμένη.

336 5348 638 5420 Ἀρχέλαος
670 5355 893 5408 ἄπεισιν
925 5360 1004 5422 είς
1049 5359 1269 5431 Ῥώμην
1297 5362 1533 5431 τρέχων,

336 5441 444 5497 Σὺν
481 5444 711 5518 Ἀντίπᾳ
745 5448 981 5516 μάλιστα
1010 5452 1106 5505 καὶ
1124 5455 1187 5524 τῇ
1227 5452 1487 5527 Σαλώμῃ,

336 5533 492 5589 Κατὰ
541 5536 832 5608 Ῥωμαίων
856 5540 963 5594 τῶν
993 5543 1265 5598 Ἰουδαίων
1290 5546 1499 5609 στάσις.

338 5629 634 5699 Ἔγκλημα
665 5632 799 5698 πρὸς
831 5634 1106 5707 Καίσαρα,
1144 5639 1235 5691 καὶ
1271 5639 1459 5707 κρίσις
1483 5640 1643 5694 πάλιν
1678 5656 1693 5673 ·

337 5722 629 5794 Ἀρχέλαος
651 5726 824 5795 ἥμισυ
852 5727 1120 5797 λαμϐάνει
1150 5732 1384 5801 κράτους
1425 5750 1438 5765 ο

1936 402 1981 457 Α
2027 402 2085 460 Ὀ
2112 406 2154 458 δ’
2198 410 2476 479 Ἀντίπας,
2503 416 2791 488 Φίλιππος,
2839 418 3087 489 Ἡρώδης
3116 418 3233 481 νέος

2017 500 2228 571 ’Πμισυ
2263 507 2472 571 λοιπὸν,
2505 508 2655 562 ἐνθεν
2694 512 2725 580 ἡ
2754 517 3078 583 τετραρχία.

2010 591 2476 666 Ψευδαλέξανδρος
2497 602 2575 663 είς
2609 603 2842 673 Καίσαρ’
2866 606 3184 674 ἀφιγμένος.

2022 685 2297 757 ’Λρχελάῳ
2324 688 2555 759 σύζυγος
2589 692 2713 761 ἄρτι
2745 695 3028 763 Γλαφύρα,

2009 779 2307 849 ’Λρχελάου
2338 784 2490 846 παῖς,
2521 784 2636 837 ἀλλ’
2678 786 3028 857 Ἀλεξάνδρου
3067 787 3270 858 δάμαρ,

2014 868 2335 938 Κακοῦργος
2372 872 2662 942 ’Δρχέλαος
2687 876 2766 939 είς
2800 877 3076 946 ὑπηκόους
3103 892 3120 909 ⁸

2016 956 2318 1030 Ἔκϐλητος
2340 962 2536 1017 οὐκοῦν
2568 966 2702 1037 πρὸς
2730 968 3012 1039 Καίσαρος
3043 970 3106 1021 ὲκ
3140 969 3351 1041 λέχους.

2011 1048 2307 1122 Ἀρχελάου
2332 1054 2377 1106 δ’
2400 1052 2633 1127 ὄνειρος,
2673 1054 2830 1123 αὖθις
2864 1061 3154 1132 Γλαφύρας
3187 1076 3203 1090 '

2012 1142 2232 1195 Τούτων
2263 1145 2429 1199 πάλιν
2456 1147 2687 1212 Θάνατος
2713 1149 2772 1216 ἐξ
2801 1150 3122 1221 ὀνειράτων,

2012 1234 2166 1287 Μετὰ
2194 1234 2250 1288 δὲ
2279 1238 2472 1291 τοῦτον
2501 1241 2580 1303 εἰς
2614 1240 2888 1309 Κυρήνιον
2922 1241 3146 1311 κράτος,

2016 1325 2114 1387 Ὃς
2149 1327 2475 1400 ὑπογραφὴν
2496 1331 2709 1384 ὲκτελεῖ
2747 1331 2964 1402 πρῶτος
2993 1331 3175 1402 ξένην,

2012 1415 2132 1484 Ἐφ’
2158 1417 2220 1471 οὗ
2252 1422 2509 1486 γεννᾶται
2535 1422 2631 1475 καὶ
2650 1423 2885 1493 Χριστὸς
2909 1424 2971 1476 ὲκ
3002 1424 3299 1494 Παρθένου.

2017 1510 2216 1565 Ἔνθεν
2249 1513 2440 1577 στάσις
2469 1515 2671 1584 ἤρξατο
2703 1517 2805 1570 κάν
2837 1518 2950 1578 τοῖς
2977 1516 3258 1585 Ἑϐραίοις

2013 1602 2110 1657 Ἐκ
2132 1604 2323 1659 Σαδὼκ
2348 1606 2540 1677 ἀνδρὸς
2572 1606 2665 1660 τοῦ
2695 1609 2867 1661 κακοῦ
2898 1606 3253 1663 Γαυλανίτου.

2012 1696 2171 1750 Μετὰ
2200 1697 2257 1750 δὲ
2276 1697 2555 1768 Κυρήνων
2585 1699 2784 1769 ἐστάλη
2825 1699 2987 1753 πάλιν

2026 1786 2082 1840 ’0
2109 1786 2431 1856 Πομπώνιος
2467 1791 2559 1843 καὶ
2589 1791 2812 1860 Μάρκος
2848 1792 3231 1861 Ἀμϐιϐοῦχος,

2013 1876 2146 1934 Εἶτα
2182 1881 2405 1951 Ῥοῦφος
2434 1883 2669 1947 Ἀνινος,
2700 1883 2977 1950 Καίσαρος
3010 1885 3196 1953 μόρος,

2013 1975 2125 2028 Καὶ
2150 1974 2399 2045 Τιϐέριος
2424 1975 2819 2043 ἑγκαϐίσταται
2852 1979 3095 2049 κράτωρ,

2009 2064 2128 2133 Ἐφ’
2155 2058 2216 2118 οὗ
2248 2066 2517 2135 κατῆρξεν
2545 2066 2816 2137 Ἐϐραίων
2841 2069 2968 2137 ἄρτι
2996 2068 3221 2138 κράτοῖο

2010 2157 2149 2211 Μεθ’
2183 2157 2243 2211 ὃν
2268 2160 2499 2222 Πιλᾶτος
2529 2162 2556 2213 ὁ
2581 2160 2804 2223 Πόντιος
2826 2159 2926 2229 τὴν
2954 2160 3129 2226 θέσιν,

2014 2248 2112 2313 ⁸ος
2140 2249 2449 2319 εἰσαγαγὼν
2477 2252 2533 2305 ὲν
2554 2252 2868 2322 Καισαρείᾳ
2897 2251 3086 2319 στῖφος

2012 2340 2123 2404 Τὰς
2152 2340 2369 2405 εἰκόνας
2399 2342 2679 2412 Καίσαρος
2706 2343 2763 2395 ἒν
2783 2339 2890 2413 νεῲ
2918 2344 3125 2413 φέρων.

2010 2431 2208 2493 Στάσις
2236 2430 2299 2484 τὸ
2319 2431 2503 2485 λοιπὸν
2535 2433 2629 2485 τοῦ
2653 2432 2977 2503 παρανόμου
3013 2434 3173 2505 χάριν
3193 2448 3208 2465 ⁸

2008 2523 2209 2587 Σπάνις
2240 2524 2468 2587 ὑδάτων,
2505 2526 2772 2588 ἁνάλωσις
2797 2526 3116 2596 χρημάτων,

2011 2616 2269 2687 Καταϐοὴ
2300 2615 2459 2671 πάλιν
2488 2616 2543 2670 δὲ
2573 2618 2750 2687 σαφὴς
2770 2618 3029 2681 Πιλάτου,

2007 2707 2165 2770 Φόνος
2188 2724 2247 2761 τε
2271 2709 2483 2762 πολλῶν
2518 2712 2578 2763 ἐκ
2605 2711 2854 2781 μηχανῆς
2888 2708 3181 2778 Ἑϐραίων.

2008 2792 2179 2862 Οὗτος
2203 2802 2441 2870 φανέντα
2469 2801 2562 2855 τὸν
2584 2800 2718 2855 Θεόν
2754 2820 2855 2871 μου
2884 2803 2978 2855 καὶ
3004 2803 3199 2871 Λόγον,

2009 2892 2184 2963 Χάριν
2218 2892 2395 2963 νέμων
2442 2893 2673 2963 μάλιστα
2693 2897 2805 2958 τοῖς
2836 2894 3135 2959 Ἰουδαίοις,

2009 2985 2239 3055 Σταυρῷ
2268 2986 2555 3057 προσηλοῖ,
2594 2988 2689 3041 καὶ
2724 2988 3048 3058 κατακρίνει
3080 2988 3238 3059 μόρῳ
3272 3005 3285 3018 ·

1908 3042 1993 3146 'C‘
2010 3042 2171 3133 Ἀλλί
2184 3042 2448 3149 ἐξανέστη
2483 3042 2578 3133 καὶ
2597 3079 2725 3150 τριή
2737 3042 3120 3150 μεροςιπάλιν,

2018 3171 2107 3236 Ὠς
2141 3174 2196 3226 αί
2238 3174 2450 3241 γραφαὶ
2477 3174 2778 3242 φάσκουσιν
2809 3172 3181 3242 Εὑαγγελίων.

2007 3265 2196 3331 Κτίζει
2228 3268 2539 3337 τετράρχης
2589 3266 2834 3336 Ἡρώδης
2864 3267 3103 3340 τιϐερίῳ

2007 3358 2303 3427 Τιϐεριάδα
2329 3359 2429 3429 τὴν
2458 3359 2615 3412 πόλιν
2637 3360 2820 3429 φέρων
2845 3360 3007 3429 χάριν
3032 3377 3047 3391 ο

2010 3449 2251 3502 Παυλίνα
2282 3446 2513 3518 σώφρων
2539 3451 2595 3501 ὲν
2626 3448 2815 3519 Ῥώμη
2837 3452 2930 3502 καὶ
2962 3448 3187 3518 κοσμία,

2006 3535 2116 3604 ’Ἡς
2146 3540 2386 3602 Μοῦνδος
2412 3541 2521 3610 ἦρα
2541 3539 2633 3592 τδν
2668 3540 2870 3608 χρυσὸν
2904 3540 3073 3593 πολὺν
3099 3540 3258 3610 ῥέων.

2013 3633 2167 3702 Ἰσης
2190 3631 2532 3701 ἐπιτήδευμα
2560 3631 2798 3693 δουλίδος
2824 3631 3019 3700 κόρης.

2013 3723 2362 3794 ’Δννουϐιςή
2400 3723 2675 3791 πρόφασις
2704 3723 2762 3774 ἓν
2798 3720 3141 3794 σωφροσύνην

2009 3816 2259 3886 Πρέσϐυς
2297 3813 2472 3884 μιαρὰ
2497 3812 2874 3880 καθυπονργεῖ
2904 3814 3001 3866 σὺν
3030 3811 3188 3883 δόλῳ.

2009 3908 2168 3961 Τελεῖ
2194 3906 2240 3960 δ’
2272 3906 2302 3958 ὁ
2334 3905 2577 3969 Μοῦνδος
2610 3907 2720 3958 τῶν
2748 3904 2967 3973 ἐρώτων
2995 3905 3097 3975 τὴν
3128 3904 3311 3976 χάριν.

2013 3999 2276 4063 Ὄνειδος,
2305 3997 2464 4068 ὕϐρις
2491 4015 2506 4031 ο
2542 3998 2679 4068 πρὸς
2708 3997 2960 4069 Τιϐέριον
2986 3998 3138 4066 λόγοι
3172 4014 3188 4031 ·

2009 4092 2208 4146 Ξόανον
2237 4092 2319 4153 είς
2340 4092 2444 4162 γῆν
2476 4105 2492 4122 ·
2530 4092 2694 4161 ἱερεῖς
2723 4091 3080 4160 ἑσφαγμένοι,

2011 4185 2120 4238 Καὶ
2147 4183 2387 4248 Μοῦνδος
2410 4182 2687 4255 ἑξόριστος
2713 4182 2867 4236 ἐνθεν
2888 4183 2987 4252 τῆς
3028 4181 3271 4252 Ῥώμης.

2022 4275 2347 4345 Ἀθροισμδς
2374 4275 2482 4328 ίδοὺ
2513 4275 2607 4327 καὶ
2653 4275 2878 4346 Γαριζὶν
2909 4276 2989 4338 εἰς
3009 4274 3136 4347 ὅρος

2012 4366 2126 4419 Καὶ
2163 4366 2393 4424 Πιλᾶτος
2417 4364 2620 4418 κτείνει
2645 4365 2700 4419 δὲ
2724 4367 2851 4430 τοὺς
2879 4366 3299 4437 ἠθροισμένους.

2013 4452 2276 4522 θῦἶτελίφ
2310 4453 2446 4524 πρὸς
2479 4454 2664 4523 κρίσιν
2690 4458 2718 4508 ό
2744 4456 2996 4519 Πιλᾶτος,

2013 4545 2118 4596 Καὶ
2140 4545 2273 4615 πρὸς
2313 4544 2532 4613 Ῥώμην
2556 4542 2781 4597 ἔσταλτο
2812 4544 2907 4597 τοῦ
2937 4544 3099 4613 φόνου
3132 4544 3297 4616 χάριν
3320 4549 3335 4565 ⁸

2007 4634 2202 4689 Φθάνει
2229 4633 2286 4687 δὲ
2317 4633 2566 4704 Τιϐέριος
2595 4633 2794 4698 ἐκστὰς
2820 4634 2911 4689 τοῦ
2943 4636 3083 4705 βίου,

2010 4727 2286 4791 Οὐῖτέλιος
2307 4724 2524 4795 ἀνίησιν
2563 4725 2837 4797 Ἑϐραίοις

2010 4819 2208 4890 Στολὴν
2242 4819 2419 4887 ἱερὰν,
2460 4817 2538 4880 ὡς
2562 4818 2741 4889 χρεὼν
2777 4819 2944 4890 αὐτὴν
2972 4819 3148 4887 ἄγειν.

2010 4913 2239 4968 Σπονδαὶ
2265 4912 2406 4983 μετᾶ
2430 4910 2664 4981 Πάρθων
2688 4911 2743 4965 δὲ
2766 4911 2856 4965 τὸν
2890 4912 3134 4982 βασιλέα.

2011 5003 2277 5073 Οὐϊτελίῳ
2310 5002 2410 5056 σὺν
2438 5002 2515 5073 τῷ
2543 5001 2821 5072 τετράρχῃ
2847 5002 3015 5072 μάχη.

2008 5096 2192 5167 Μόρος
2237 5092 2508 5146 Φιλίππου
2550 5092 2816 5161 συγγόνου
2855 5093 2952 5145 τοῦ
2980 5093 3285 5163 τετράρχου
3313 5109 3325 5123 ⁸

3478 303 3585 364 ϐ”0

2008 5188 2250 5243 Στέλλων
2272 5186 2330 5241 δὲ
2350 5190 2442 5239 τὸν
2471 5185 2640 5239 πλοῦν
2684 5184 2927 5255 Ἡρώδης
2965 5186 3097 5256 πρὸς
3128 5189 3227 5257 τὴν
3268 5185 3488 5255 Ῥώμην

2020 5279 2307 5351 Ἦρωδιάδι
2329 5281 2393 5349 τῇ
2429 5278 2671 5348 συνεύνῳ
2693 5276 2961 5330 Φιλίππου

2010 5369 2337 5440 Συγγίνεται
2373 5366 2609 5437 μάλιστα
2638 5365 2813 5419 λιπὼν
2851 5366 3088 5433 ’Δρέταν

2010 5463 2122 5532 Τὴν
2157 5463 2220 5513 ὲκ
2250 5459 2486 5530 βρέφους
2513 5458 2747 5526 σύζυγον
2783 5458 2846 5511 οὐ
2871 5458 3011 5512 κατὰ
3044 5459 3263 5528 νόμους.

2010 5547 2180 5615 Οὗτος
2208 5552 2458 5605 σϐέννυσι
2492 5554 2558 5620 τῇ
2591 5547 2836 5622 μαχαίρᾳ
2870 5551 2966 5603 τὸν
3000 5550 3195 5620 λύχνον

2009 5644 2115 5698 Τὸν
2142 5641 2378 5713 Χριστοῦ
2411 5659 2514 5713 μου
2540 5641 2851 5712 Πρόδρομον
2879 5642 3226 5712 ἀξινηφόρον,

2011 5734 2313 5803 Πρὸρριζον
2344 5732 2674 5802 ἐκτέμνοντα
2713 5732 2813 5801 τὴν
2838 5732 2995 5785 λύσιν
3028 5731 3219 5801 νόμου.
