4080 6206
483 201 580 266 ίῖ31
839 206 843 209 ’
1711 230 1890 293 NICE
1903 237 2094 300 I‘HOH

1711 230 2130 300 NICEI‘HOHI
2171 241 2512 307 CALHST!

482 317 810 392 Σεράτευμα
841 324 1025 380 λοιπδν
1066 329 1260 399 Ἀρέτα
1293 336 1419 390 καθ’
1447 339 1717 414 Ἡρώδην,

488 411 758 487 Ούῖτελίῳ
793 420 1006 492 Καῖσαρ
1025 423 1279 481 ἐντεῦθεν
1304 435 1507 502 γράφει

452 496 462 505 ’
483 503 682 574 Μάχην
716 511 980 579 κροτῆσαι
1011 521 1288 586 καρτερὰν
1321 496 1460 593 τὲρδξ
1489 526 1742 598 Ἀρέταν.

487 598 670 668 Ἐφθη
697 601 754 654 δὲ
787 603 1044 674 Τιϐέριος
1076 610 1318 666 ἐκλιπὼν
1349 614 1489 686 βίον,

481 691 592 744 Καὶ
625 693 682 744 τὸ
717 697 1040 770 στράτευμα
1071 705 1210 757 κατά
1239 707 1424 777 χώραν
1457 712 1710 784 ἐμμένει.

495 780 554 835 ’0
577 783 735 849 Γάϊος
760 788 968 844 ἄνεισιν
990 793 1164 866 ἀρχὴν
1195 797 1273 861 εἰς
1299 780 1560 868 κράτους..

490 873 551 926 Ὀ
582 875 628 926 δ’
652 876 962 949 Ἀγρίππας
992 883 1213 954 ἔγγονος
1252 889 1494 961 Ἡρώδου
1525 896 1694 951 πάλαι

479 965 535 1018 Ἀ
550 971 902 1035 ριστοϐούλου
936 975 1030 1029 τοῦ
1077 981 1237 1048 γόνου
1270 988 1400 1050 παῖς
1433 988 1738 1059 τυγχάνων,

488 1056 627 1112 Ὑπὸ
652 1062 813 1116 Γαΐου
846 1067 983 1134 πρὸς
1011 1073 1174 1142 τιμῆς
1204 1074 1337 1144 ὕψος
1371 1056 1589 1145 φθάνει,
1619 1117 1625 1123 -

483 1149 664 1205 Πολλὰ
697 1155 890 1209 παθὼν
925 1158 1164 1229 μάλιστα
1192 1166 1270 1235 τῷ
1304 1168 1496 1238 πρώην
1527 1172 1706 1243 χρόνῳ

477 1242 624 1312 Πρὸς
649 1245 926 1317 Τιϐερίου,
967 1255 1275 1328 προσφιλὴς
1307 1258 1382 1312 ὢν
1418 1263 1495 1332 τῷ
1543 1242 1708 1336 γόνῳ,

487 1334 626 1390 Ὑπὸ
659 1340 836 1410 χρεῶν
873 1360 932 1396 τε
971 1345 1068 1398 καὶ
1100 1349 1262 1420 χάριν
1287 1351 1382 1406 τοῦ
1413 1353 1576 1408 Γαΐου

474 1427 662 1495 Δεθεὶς
696 1433 916 1507 φυλακῇ
943 1441 1319 1515 παρεπέμφθη
1369 1444 1448 1514 τῷ
1477 1446 1640 1510 τέως.

475 1523 596 1577 Κάν
623 1542 709 1586 τις
725 1527 862 1596 πρὸς
880 1531 1031 1600 δρνιν
1063 1533 1318 1598 ἀτενίσας
1347 1539 1642 1609 εὐστόχως,

476 1612 774 1684 Ἰἰγγειλεν
801 1621 876 1683 ώς
911 1623 1146 1694 τάχιστα
1173 1630 1274 1698 τὴν
1307 1630 1584 1696 ἐξουσίαν,

475 1705 659 1781 Ἀπερ
699 1714 874 1784 χρόνῳ
908 1718 1196 1786 πέπρακτο
1231 1724 1422 1792 σαφῶς
1452 1728 1530 1789 είς
1554 1727 1730 1793 τέλος.

471 1799 604 1852 Λύει
640 1802 748 1872 γὰρ
772 1807 937 1860 αὑτὸν
957 1811 985 1862 ό
1016 1811 1180 1876 Γάϊος
1215 1815 1435 1884 αὐτίκα,

469 1889 705 1946 Βασιλέα
734 1913 792 1949 τε
831 1898 1067 1956 δεικνύει
1095 1908 1444 1979 τετραρχίας,

475 1983 580 2036 Ἢν
609 1981 780 2057 ἦρχεν
809 1991 838 2043 ὁ
861 1991 1128 2059 Φίλιππος
1161 1996 1400 2069 Ἡρώδου
1437 2003 1592 2068 γόνος
1613 2023 1626 2036 ο

478 2075 751 2147 Ἡρωδιὰς
779 2082 836 2136 δὲ
877 2085 1142 2154 σύγγονος
1170 2091 1264 2144 τοῦ
1299 2093 1602 2164 Ἀγρίππα.

465 2171 572 2224 Τὸν
614 2173 863 2248 Ἡρώδην
898 2178 1117 2234 ἔπεισεν
1136 2185 1218 2247 είς
1259 2185 1480 2258 Ῥώμην
1507 2192 1746 2260 τρέχειν,

468 2263 579 2317 Καὶ
609 2265 708 2335 τὴν
738 2267 1020 2350 Ἀγρίππα
1057 2273 1325 2341 λαμϐάνει
1348 2284 1702 2350 τετραρχίαν.

466 2357 760 2428 Ἀπῆλθεν,
787 2363 953 2434 ὲζήτη
965 2343 1074 2431 ξεν,
1109 2361 1270 2439 εὗρεν
1295 2343 1550 2440 οιδσλὶυέ,

465 2451 698 2521 Μακράν
724 2453 769 2506 δ’
795 2453 1011 2522 ὲλαθεῖς
1036 2461 1126 2513 καὶ
1155 2463 1216 2515 τὸ
1243 2465 1444 2535 κράτος
1485 2470 1765 2541 Ἀγρίππα

465 2544 600 2612 Σάφ’
627 2544 701 2608 ώς
725 2545 786 2599 τὸ
813 2551 920 2603 πᾶν
948 2551 1165 2607 δίδωσιν
1187 2557 1213 2609 ό
1250 2559 1463 2633 Καῖσαρ
1495 2565 1664 2634 μόνῳ.

466 2637 564 2700 Είς
604 2641 706 2710 τὴν
748 2641 1167 2715 Ἀλεξάνδρειαν
1208 2650 1475 2720 Ἕλληνος
1503 2658 1686 2728 μάχην

462 2730 603 2785 Μεθ’
635 2731 906 2802 Ἐϐραίων
937 2737 1143 2809 ἧραντο
1174 2745 1337 2800 Γαΐου
1368 2754 1548 2818 χάριν,

463 2833 574 2887 Καὶ
612 2834 916 2906 Πετρώνιος
945 2838 1146 2911 ἕστάλη
1179 2839 1316 2908 πρὸς
1342 2840 1507 2894 Γαΐου

455 2927 676 2998 Στήλην
702 2930 916 3000 ἐγεῖραι
939 2933 1006 3002 τῇ
1043 2931 1193 2984 πόλει
1223 2932 1363 3004 μέση
1401 2933 1578 3004 ξένην,

464 3021 832 3076 Ἐστασίασαν
861 3024 911 3077 οί
936 3023 1060 3077 λαοὶ
1096 3025 1231 3096 πρὸς
1262 3027 1390 3089 τοὺς
1420 3025 1630 3094 λόγους.

463 3113 772 3185 Πετρώνιος
795 3115 997 3185 γράφει
1021 3116 1080 3170 δὲ
1112 3118 1284 3172 ταῦτα
1311 3119 1476 3188 Γαΐῳ.

474 3203 535 3261 ’0
556 3204 600 3259 δ’
630 3205 953 3276 ἀντιγράφει
974 3207 1111 3279 πρὸς
1143 3208 1308 3278 βάρος
1337 3209 1552 3280 Πετρω·.
1565 3210 1644 3280 ίῳ.

473 3299 647 3368 ’Υπὲρ
678 3298 735 3353 δὲ
766 3299 953 3354 τούτου
977 3303 1072 3354 καὶ
1102 3301 1290 3372 δέησιν
1312 3301 1629 3372 Ἀγρίππας

460 3394 746 3466 Προσῆγεν
777 3394 938 3459 εὐθὺς
959 3395 1129 3463 ἀξιῶν
1161 3397 1302 3466 μετά
1343 3397 1526 3462 δέους,

457 3485 570 3539 Καὶ
591 3485 730 3555 φθὰς
751 3485 812 3540 τὸ
833 3487 986 3558 βιοῦν
1025 3489 1348 3558 ἁνταμείϐει
1378 3490 1456 3561 τῷ
1487 3492 1661 3564 μόρῳ.

456 3577 570 3632 Καὶ
589 3578 991 3645 σπουδάσαντος
1014 3581 1289 3651 Ἀγρίππα
1312 3583 1454 3637 κατὰ
1481 3584 1703 3654 κράτος,

466 3666 530 3720 Ὀ
573 3668 840 3733 Κλαύδιος
871 3669 1082 3724 ἄνεισιν
1112 3673 1194 3735 είς
1229 3670 1422 3742 Θρόνου
1454 3674 1685 3742 κράτος,

456 3761 566 3814 Καὶ
596 3760 854 3831 βασιλεὺς
891 3763 1150 3832 μέγιστος
1178 3763 1499 3834 Ἀγρίππας
1531 3766 1718 3820 πάλιν.

457 3855 601 3907 Πᾶσι
637 3854 682 3908 δ’
702 3854 909 3925 ἀνῆκεν
927 3856 1227 3927 ἐγγράφως
1259 3856 1545 3921 Ἰουδαίοις

456 3949 569 4019 Τὴν
599 3948 657 4015 ἐξ
693 3948 850 4012 ἔθους
881 3947 1178 4019 σύμπασαν
1195 3949 1436 4021 ἀρχῆθεν
1467 3951 1640 4016 δόσιν,

455 4041 648 4105 Τιννὺς
693 4040 1005 4110 Ἀγρίππας
1035 4042 1136 4110 τὴν
1161 4039 1334 4111 καλὴν
1371 4043 1548 4114 πάντη
1582 4044 1784 4112 κρίσιν.

453 4133 609 4188 Μετά
646 4132 842 4204 μικρὸν
866 4131 912 4186 δ’
934 4131 1108 4186 ἄνεισι
1139 4129 1316 4186 λιπὼν
1357 4132 1672 4205 Ἀγρίππαν
1697 4152 1711 4168 ο

451 4228 582 4282 Θύει
612 4227 944 4299 χαριστήρια
972 4227 1049 4296 τῷ
1067 4225 1194 4296 Θεῷ
1215 4225 1361 4308 ξένα,

456 4323 563 4376 Καὶ
587 4325 689 4392 τὴν
710 4325 924 4393 χρυσῆν
951 4321 1143 4376 ἅλυσιν
1167 4325 1362 4393 αἰωρεῖ
1387 4323 1568 4396 δόμῳ,

451 4415 576 4467 Τῶν
600 4414 858 4486 δωρητῶν
891 4432 948 4468 τε
977 4415 1166 4479 στάσις
1190 4417 1254 4470 ἐκ
1287 4418 1396 4471 τῶν
1425 4418 1670 4472 εἰκόνων.

451 4507 924 4578 ’ΥπαρχοςΣίλας
942 4507 1170 4578 εὐγενὴς
1210 4509 1378 4564 πάλαι
1408 4510 1583 4578 φίλος.

453 4601 696 4664 Ὄνειδος
729 4600 896 4654 αὐτοὺ
928 4602 1025 4656 καὶ
1059 4603 1190 4672 κενὴ
1223 4606 1528 4675 παρρησία.

449 4694 770 4763 Στόμαργος
791 4693 931 4765 ἀνὴρ
963 4695 1021 4747 ὲν
1053 4694 1292 4766 φυλακῇ,
1326 4698 1418 4750 καὶ
1448 4697 1611 4749 πάλιν

460 4786 550 4838 Ἑν
582 4786 717 4839 πᾶσι
741 4785 919 4855 πραῢς
951 4786 1044 4839 καὶ
1075 4787 1238 4851 καλὸς
1269 4785 1337 4858 ἦν
1379 4789 1692 4860 Ἀγρίππας

446 4878 624 4932 Φλῶν
643 4879 930 4949 τιμᾶσθαι,
966 4879 1188 4950 δωρεῶν
1215 4881 1389 4944 ὄντως
1418 4882 1633 4952 βρύσις.

459 4972 583 5023 Ἐπὶ
612 4971 891 5032 Στάτωνος
913 4970 959 5024 δ’
980 4972 1060 5033 είς
1088 4970 1245 5024 πόλιν
1267 4972 1593 5040 ἀφιγμένος,

446 5063 560 5117 Καὶ
602 5064 972 5134 δημοτερπεῖς
1001 5065 1236 5119 ἐκτελῶν
1257 5065 1618 5138 πανηγύρεις,

444 5154 648 5226 Στολὴν
679 5155 912 5220 ὑπενδὺς
942 5158 1193 5228 ἀργυρᾶν
1219 5158 1466 5222 ἑξαισίαν

455 5247 848 5317 Ἀνεκροτεῖτο,
873 5249 968 5302 καὶ
998 5249 1129 5312 Θεὸς
1167 5247 1236 5322 ἦν
1273 5253 1331 5304 ὲν
1373 5251 1576 5320 λόγοις.

454 5338 740 5391 Ἐντεῦθεν
767 5339 964 5393 οὐκοῦν
993 5341 1057 5394 ὲκ
1084 5341 1258 5396 τόσων
1291 5342 1596 5414 τεραστίων

445 5426 587 5496 Πρὸς
615 5431 704 5480 τὸν
733 5429 908 5500 ’ᾍδην
938 5430 1174 5502 βέϐηκεν
1202 5435 1267 5486 ὲκ
1304 5434 1465 5486 νόσου
1493 5436 1726 5506 τρέχων.

450 5518 514 5574 Ὀ
547 5523 676 5582 παῖς
709 5521 755 5574 δ’
796 5521 1105 5595 Ἀγρίππας
1133 5526 1326 5597 ἀτελὴς
1359 5528 1496 5596 πρὸς
1525 5531 1589 5599 τῇ
1638 5529 1822 5600 Ῥώμῃ
1859 5547 1870 5560 ·

451 5610 510 5664 'U
543 5613 585 5665 δ’
611 5615 677 5668 αὖ
707 5615 874 5679 Φᾶδος
905 5618 1176 5685 Κούσπιος
1207 5623 1286 5684 εἰς
1329 5621 1578 5676 Ἰουδαίαν

2103 361 2146 413 Α
2181 359 2381 434 Στολῆν
2407 366 2600 439 θεῖκῆν
2633 373 2711 436 είς
2742 373 3036 434 Ἀντωνίαν
3069 381 3242 452 φέρει.

2179 454 2310 508 Ᾱύει
2341 459 2507 514 πάλιν
2535 463 2594 516 δὲ
2634 468 2756 531 ταῖς
2785 475 3022 541 γραφαῖς
3056 475 3153 528 τοῦ
3183 476 3476 531 Κλαυδίου.

2186 544 2247 600 ’0
2271 549 2318 603 δ’
2347 548 2416 606 αῦ
2457 553 2704 628 Ἡρώδης
2729 561 2997 630 σύγγονος
3026 566 3122 619 τοῦ
3156 568 3440 636 Ἀγρίππα

2173 641 2256 696 Τά
2277 645 2372 698 τοῦ
2411 646 2518 701 νεὼ
2541 649 2760 706 δέδεκτο
2793 657 2889 710 καὶ⁹
2914 659 3325 732 πρεσϐυτέρων.

2171 735 2293 790 Τῶν
2320 739 2602 812 Διαϐηνῶν
2632 745 2663 815 ἠ
2686 745 2897 814 βασιλὶς
2930 750 3120 806 ἐνθάδε

2170 827 2276 883 Σὺν
2310 830 2486 902 Ἰζάτῃ
2510 837 2762 904 πρόσεισι
2788 839 2866 910 τῷ
2903 841 3046 915 φίλῳ
3071 846 3237 917 γόνῳ,

2168 918 2347 990 Λιμοῦ
2383 927 2732 995 παραμύθιον
2770 933 2854 996 είς
2892 934 3180 995 Ἰουδαίαν.

2171 1010 2315 1079 Πρός
2346 1031 2491 1079 τινος
2512 1018 2833 1090 ἀνήχθησαν
2865 1026 2946 1089 είς
2967 1027 3105 1083 Θεοῦ
3145 1031 3366 1103 νόμους,

2167 1103 2247 1158 Τά
2279 1107 2420 1162 κατὰ
2451 1110 2720 1182 Πάρθους,
2744 1117 2838 1170 καὶ
2873 1120 3038 1175 πάλιν
3075 1124 3226 1189 τέλος
3265 1127 3406 1197 βίου,

2166 1195 2374 1263 Θευδᾶς
2402 1200 2650 1270 ἀφιστῶν
2678 1209 2804 1272 τοὺς
2834 1210 2998 1275 λαοὺς
3027 1195 3369 1288 ἀποστάτης.

2165 1286 2408 1355 Θάνατος
2429 1295 2618 1361 αὐτοῦ,
2645 1298 2740 1352 καὶ
2769 1302 2918 1372 κάρα
2951 1307 3089 1377 πρὸς
3115 1312 3182 1380 τῇ
3211 1286 3390 1366 πόλει.

2165 1381 2322 1437 Μετά
2343 1385 2619 1443 Κούσπιον
2644 1393 2671 1443 ὁ
2703 1391 2955 1464 Τιϐέριος
2986 1400 3170 1458 πάλιν.

2176 1472 2344 1529 Ἰούδα
2376 1480 2583 1545 παῖδες.
2617 1483 2726 1536 τῶν
2749 1487 2898 1540 λαῶν
2918 1490 3084 1546 πάλιν
3119 1494 3328 1562 στάσις.

2161 1567 2417 1638 Διάδοχος
2445 1573 2732 1642 Κούμανος
2760 1574 2830 1650 ἦν
2855 1580 3131 1654 Τιϐερίου.

2088 1707 2130 1761 Β
2161 1657 2351 1715 Θανὼν
2385 1661 2636 1734 Ἡρώδης
2677 1668 2940 1738 σύγγονος
2967 1676 3060 1729 τοῦ
3093 1677 3397 1750 Ἀγρίππα,

2158 1753 2353 1806 Λείπει
2382 1755 2444 1809 τὸ
2470 1758 2673 1827 κράτος
2699 1760 2978 1837 Ἀγρίππᾳ
3007 1773 3279 1843 νεωτέρῳ,

2158 1844 2267 1900 Τοῦ
2304 1849 2570 1904 Κλαυδίου
2600 1853 2882 1925 Καίσαρος
2908 1859 3277 1927 ἐνδεδωκότος.

2171 1935 2262 1989 Ἐν
2295 1938 2374 2007 τῷ
2414 1939 2519 2009 νεῷ
2550 1941 2768 2011 κίνησις
2809 1949 2873 1999 ὲκ
2905 1951 3142 2018 στρατοῦ
3179 1953 3370 2022 φόϐου,

2153 2028 2334 2099 Φθορά
2376 2047 2435 2083 τε
2466 2031 2702 2101 πολλῶν,
2736 2039 2829 2090 καὶ
2857 2039 3019 2092 πάλιν
3058 2041 3192 2114 άλλη
3220 2045 3345 2116 δίκη

2158 2119 2626 2192 Παρανομούντων
2655 2129 2751 2182 καί
2778 2147 2940 2184 τινων
2969 2133 3050 2195 είς
3079 2135 3171 2186 τὸν
3191 2136 3382 2206 νόμον.

2154 2213 2455 2269 Γαλιλαίων
2485 2218 2680 2281 στάσις
2718 2236 2777 2272 τε
2810 2223 2903 2274 καὶ
2931 2222 3208 2279 Ἰουδαίων
3232 2243 3251 2259 ο

2157 2303 2378 2372 -Αφιξις
2409 2307 2592 2362 αὐτῶν
2635 2310 2773 2381 πρὸς
2799 2313 3068 2368 Κλαύδιον
3096 2317 3155 2369 ὲν
3197 2317 3412 2394 Ῥώμῃ.

2067 2383 2115 2398 ’Ἰ
2153 2397 2398 2467 Κόμανος
2428 2401 2586 2466 ἐκτὸς
2609 2405 2702 2456 καὶ
2734 2405 2902 2474 Φῆλιξ
2922 2407 3002 2470 είς
3039 2408 3098 2460 τὸ
3120 2383 3342 2481 κράτος.

2166 2487 2224 2540 'U
2249 2488 2294 2540 δ’
2333 2492 2647 2561 Ἀγρίππας
2675 2494 2835 2548 ἔλαϐε
2866 2496 2965 2560 τὰς
2991 2500 3328 2570 τετραρχίας

2150 2577 2262 2650 Τὴν
2292 2581 2386 2635 τοῦ
2417 2583 2707 2650 Φιλίππου,
2738 2586 2876 2656 πρὸς
2896 2587 2953 2639 δὲ
2987 2588 3080 2641 τοῦ
3111 2591 3404 2651 Λυσανίου.

2150 2671 2312 2740 Φῆλιξ
2341 2675 2678 2748 Δρουσίλλαν
2703 2677 2989 2746 Ἀγρίππα
3009 2681 3178 2752 κόρην
3216 2685 3365 2751 ἄγει.

2147 2764 2338 2835 Νέρων
2368 2766 2505 2836 μετὰ
2529 2767 2796 2823 Κλαύδιον
2821 2772 2978 2842 ἄρχει
3006 2773 3105 2842 τῆς
3145 2775 3386 2847 Ῥώμης,

2149 2857 2352 2927 Γόητες
2386 2858 2726 2930 εἰσέφρησαν
2752 2864 2949 2933 ἄνδρες
2997 2864 3276 2936 Ἑϐραίοις

2162 2948 2597 3019 Ἐξαπατώντες,
2627 2953 3006 3023 ἀνεγείροντες
3044 2959 3291 3024 στάσεις,

2073 3043 2114 3100 C
2149 3041 2381 3113 Λῃστῶν
2425 3044 2612 3111 στῖφος
2640 3045 2888 3116 ἄπειρον,
2920 3047 3055 3102 άλλα
3089 3051 3282 3122 μυρία.

2164 3137 2413 3192 Ἰωνάθου
2452 3139 2685 3204 θάνατος
2714 3141 2971 3196 ἐντεῦθεν
3000 3143 3186 3200 θύτου.

2152 3230 2536 3304 ’Δλληὶστάσις
2570 3234 2728 3288 πάλιν
2761 3235 2817 3288 δὲ
2858 3235 3046 3308 Σύρων
3090 3238 3360 3311 Ἑϐραίων

2157 3325 2245 3379 Ἐν
2273 3326 2600 3399 Καισαρείᾳ,
2627 3328 2726 3382 καὶ
2754 3329 2922 3393 πολὺς
2944 3331 3124 3386 αὐτῶν
3148 3332 3366 3404 φθόρος.

2143 3417 2542 3490 Πρεσϐυτέρων
2571 3420 2756 3474 ἐνθαδὶ
2796 3421 2963 3476 πάλιν
3000 3424 3212 3492 στάσις,

2141 3505 2246 3560 Τὸν
2278 3507 2486 3576 Φήλικα
2511 3509 2744 3580 Πόρκιος
2761 3511 3018 3568 ἀλλάσσει
3043 3518 3272 3587 Φῆστος,

2142 3599 2251 3652 Καὶ
2284 3598 2381 3670 βοὴ
2407 3601 2542 3672 πρὸς
2562 3601 2790 3673 Νέρωνα
2820 3607 2927 3659 τῶν
2979 3607 3246 3664 Ἰουδαίων

2142 3691 2298 3744 Κατὰ
2326 3693 2563 3763 Φήλικος
2593 3696 2702 3750 τῶν
2731 3698 2824 3769 βίᾳ
2847 3703 3280 3772 πεπραγμένων.

2152 3783 2444 3854 Ἐπιστολὴ
2484 3786 2740 3857 Νέρωνος
2783 3790 2930 3861 ὑπὲρ
2963 3793 3072 3845 τῶν
3105 3795 3314 3865 Σύρων,

2141 3875 2303 3938 "lin;
2335 3877 2610 3948 κατῆρξεν
2648 3880 2922 3952 Ἑϐραίοις
2946 3887 3126 3939 πᾶσαν
3162 3889 3363 3962 μάχην.

2151 3968 2438 4024 Ἐντεῦθεν
2461 3970 2780 4044 ἀνέρρωσεν
2805 3977 2886 4039 εἰς
2919 3978 3064 4045 μέγα
3096 3981 3260 4034 πάλιν

2139 4060 2411 4131 Σικαρίων
2439 4061 2685 4133 ὄλεθρος,
2715 4068 2811 4118 καὶ
2843 4067 3032 4132 στάσις
3067 4071 3255 4128 πάλιν.

2147 4152 2208 4206 '0
2237 4153 2283 4207 δ’
2324 4153 2640 4224 Ἀγρίππας
2663 4158 2888 4229 ἤγειρεν
2919 4162 3133 4234 οἴκημα
3158 4166 3322 4235 μέγα,

2138 4244 2314 4316 Ὅπερ
2350 4246 2514 4299 πάλιν
2540 4248 2873 4318 φράττουσιν
2911 4253 3152 4321 Ἑϐραῖοι
3177 4257 3326 4331 δίκῃ.

2147 4336 2321 4408 ’Υπὲρ
2353 4337 2411 4391 δὲ
2434 4337 2624 4392 τούτου
2651 4342 2746 4394 καὶ
2781 4343 2918 4412 πρὸς
2950 4345 3179 4416 Νέρωνα
3202 4349 3370 4417 λόγοι.

2141 4431 2342 4493 ’Ἀννας
2373 4429 2541 4494 θύτης
2563 4432 2619 4485 δὲ
2651 4433 2744 4486 τὸν
2759 4434 2888 4488 λαὸν
2937 4439 3139 4508 στήσας
3167 4440 3304 4511 ἅμα,
3385 4439 3388 4443 ί

2138 4521 2243 4573 Τὸν
2271 4520 2534 4576 Ἰάκωϐον
2565 4525 2797 4596 ἀδελφὸν
2818 4527 2912 4581 τοῦ
2946 4531 3155 4601 Κυρίου

2138 4612 2322 4677 Δίθοις
2349 4613 2529 4683 βαλὼν
2567 4616 2810 4673 ἔκτεινεν
2835 4622 2892 4673 ἐν
2931 4621 3062 4692 θείῳ
3097 4623 3271 4695 δόμῳ.

2137 4703 2293 4757 Μετὰ
2318 4707 2375 4759 δὲ
2395 4707 2605 4777 Φῆστον
2646 4711 2890 4774 Ἀλϐῖνος
2910 4716 2975 4768 ὲκ
3005 4718 3101 4770 καὶ
3144 4718 3365 4792 Ῥώμης

2137 4795 2364 4866 Τέμνων
2395 4800 2462 4853 τὰ
2491 4799 2662 4855 πολλὰ
2693 4803 2800 4857 τῶν
2833 4805 3016 4860 κακῶν
3045 4805 3321 4876 ζιζανίων,

2134 4887 2469 4953 Μεταθέσεις
2496 4907 2552 4943 τε
2587 4896 2830 4964 συνεχεῖς
2853 4899 3268 4972 πρεσϐυτέρων.

2133 4979 2416 5048 Ἀγρίππα
2451 4981 2818 5053 κατάρχοντος
2847 4988 3084 5052 ἄνακτος
3111 4992 3253 5056 τότε,

2132 5072 2370 5135 Πολλοὺς
2408 5073 2656 5138 Ἀλϐῖνος
2682 5076 2907 5131 θανατοῖ
2933 5081 3043 5134 τῶν
3067 5081 3327 5153 δεσμίων.

2130 5166 2284 5220 Μετά
2313 5165 2370 5219 δὲ
2423 5166 2612 5220 τοῦτον
2648 5172 2952 5241 στρατηγὸς
2986 5173 3145 5237 ἄλλος
3177 5177 3417 5246 Φλῶρος,

2130 5255 2338 5320 Κακὸς,
2365 5256 2584 5326 μιαρὸς,
2615 5256 2691 5322 ώς
2712 5257 2886 5329 βαρὺς
2907 5266 3021 5326 τοῖς
3063 5263 3361 5335 Ἑϐραίοις,

2129 5349 2240 5401 Καὶ
2259 5349 2312 5402 τί
2341 5349 2411 5403 τά
2443 5349 2616 5403 πολλὰ
2641 5353 2732 5404 καὶ
2765 5352 2902 5422 πρὸς
2943 5352 3251 5426 Ῥωμαίους
3278 5359 3460 5432 μάχης

2128 5441 2312 5502 Λίτιος
2343 5441 2504 5504 αὐτὸς
2527 5443 2790 5510 ἐμφανῶς
2813 5446 2877 5497 ὲκ
2902 5447 3127 5513 κακίας,

2130 5535 2433 5602 Ἀρχοντος
2465 5533 2754 5586 ἑνδέκατον
2786 5535 3037 5605 Νέρωνος
3062 5542 3277 5610 χρόνον,

2125 5625 2347 5694 Φλώρου
2374 5625 2430 5679 δὲ
2452 5624 2674 5681 διπλοῦν
2712 5627 3006 5695 ὲξανύοντα
3030 5634 3213 5689 πάλιν.

1643 5770 2414 5801 ψ

3665 272 3765 337 632
