4080 6206
337 283 442 347 63')

1177 278 1524 338 CALLlSTl
1570 276 1663 338 ET
1701 277 2000 339 [GNATII
2043 278 2743 356 XANTIIOPULORUM

3484 271 3592 335 640

339 395 486 447 οηιιιί
524 393 685 444 mudn
720 407 781 444 ac.
819 391 1037 454 \illlllt‘,
1084 392 1384 443 secundum
1440 391 1708 457 justitiam
1743 387 1927 442 omnia
1958 437 1959 441 η

2044 388 2188 445 ταντ⁴ι
2215 387 2420 462 τρόπῳ,
2447 391 2541 444 καὶ
2561 390 2710 463 πάσῃ
2748 388 3008 458 δυνάμει,
3051 385 3434 441 πολιτεύεσθαι
3466 391 3611 442 κατὰ

342 485 640 538 Salraturis
675 484 928 536 mandata
977 483 1086 547 illa,
1122 497 1243 550 qua:
1285 497 1384 536 nos
1429 482 1710 541 deitieant,
1744 480 1919 534 adim-

340 580 629 647 pleamus;
669 577 793 628 linis
823 590 950 628 vero
975 576 1118 642 quod
1150 588 1245 642 per
1268 587 1459 626 earum
1482 574 1922 627 observationem

343 669 636 722 redeamus
664 667 730 719 ad
771 667 1048 720 cwlvstem
1083 667 1228 719 illam
1258 683 1322 720 ac
1347 670 1412 719 ab
1453 667 1606 718 initio
1645 665 1799 718 nobis
1824 665 1926 719 do-

346 768 528 812 natam
583 759 753 827 gratis
790 774 884 827 per
931 773 1143 812 sacram
1189 759 1481 826 piscinam,
1517 755 1815 825 perfectam
1861 771 1928 811 ac

346 852 684 919 Spiritualem
742 852 928 919 gratia:
973 853 1511 906 transformationem
1565 861 1617 904 et
1673 850 1922 920 figuram,

346 944 452 1009 vel,
494 944 536 996 si
570 944 662 997 tibi
693 945 890 1012 plac-ct,
929 945 1001 997 ita
1044 944 1149 997 hoc
1194 945 1398 997 donum
1450 944 1746 1012 appellare,
1785 951 1930 997 vete-

344 1049 459 1087 rem
491 1035 662 1088 Adam
690 1049 816 1088 cum
841 1036 958 1089 suis
977 1037 1192 1090 actibus
1217 1048 1266 1088 et
1303 1035 1701 1103 cupiditatibus
1724 1049 1929 1087 exuen-

275 1184 294 1191 ς
349 1135 452 1190 tes,
486 1141 687 1179 navum
713 1141 776 1180 ac
803 1127 1141 1196 spiritualem
1171 1128 1483 1192 indu-amns,
1519 1129 1609 1194 qui
1641 1135 1723 1180 cst
1750 1125 1931 1178 Domi-

347 1230 452 1268 nus
499 1213 659 1268 Jesus
691 1215 970 1278 Christus.
1031 1226 1090 1270 ut
1135 1217 1211 1270 ait
1260 1217 1646 1271 dirinissimus
1681 1216 1928 1271 Paulus:

368 1324 386 1357 ‹
429 1306 608 1360 Filioli
670 1308 796 1370 mei,
851 1325 994 1377 quos
1028 1310 1220 1362 iterum
1256 1311 1532 1379 pat'turio,
1575 1310 1934 1378 anadusthe

349 1397 618 1452 formetur
662 1398 912 1454 Christus
945 1403 996 1454 in
1031 1402 1240 1466 vobis’;
1279 1421 1296 1452 ι
1334 1411 1405 1464 ct,
1438 1419 1456 1452 ι
1508 1401 1830 1470 Quicunque
1876 1403 1932 1455 in

349 1489 572 1545 Christo
603 1491 860 1562 bapt'zati
887 1494 1040 1559 estis,
1070 1494 1345 1548 Clu-idum
1387 1494 1692 1549 induistis'.
1736 1511 1754 1544 ι

2026 486 2126 553 τὴν
2160 483 2542 552 θεσμοθεσίαν,
2593 481 2785 534 πασῶν
2812 480 2922 534 τῶν
2961 479 3223 532 θεοποιῶν
3256 478 3490 532 ἐντολῶν
3515 478 3610 532 τοῦ

2028 577 2326 646 Σωτῆρος’
2357 575 2508 638 τέλος
2537 575 2612 640 δὲ,
2653 574 2713 626 τὸ
2755 571 3072 626 ἐπανελθεῖν
3117 571 3205 625 διὰ
3249 573 3349 640 τῆς
3401 571 3612 625 τούτων

2029 671 2349 740 τηρήσεως,
2391 669 2530 738 πρὸς
2577 668 2676 738 τὴν
2721 666 2928 720 ἀνωθεν
2966 665 3062 718 καὶ
3101 663 3162 728 ἐξ
3212 663 3385 734 αὐτῆς
3434 665 3612 734 ἀρχῆς

2031 762 2235 831 προῖκα
2280 761 2525 813 δοθεῖσαν
2557 761 2708 830 ἡμῖν,
2748 760 2812 811 ἐκ
2851 757 2952 827 τῆς
2989 758 3142 829 ἱερᾶς
3194 755 3610 828 κολυμϐήθρας,

2031 851 2241 904 τελείαν
2273 850 2648 918 πνευματικὴν
2668 849 2768 918 τῆς
2799 848 3020 918 χάριτος
3051 847 3446 916 ἀναμόρφωσιν
3466 885 3481 907 ,
3518 847 3614 899 καὶ

2034 941 2360 1003 ἀνάπλασιν,
2399 941 2454 1011 ἦ,
2496 940 2549 992 εί
2594 940 2646 992 τί
2707 956 2790 990 σοι
2841 939 2995 1006 φίλον
3033 937 3094 989 τὸ
3146 937 3387 988 τοιοῦτον
3437 935 3614 1002 δῶρον

2033 1035 2350 1090 ἀποκαλεῖν.
2384 1035 2476 1087 καὶ
2505 1033 2596 1098 τὸν
2625 1032 2851 1085 παλαιὸν
2891 1030 3062 1099 Ἀδὰμ
3096 1030 3194 1095 σὺν
3207 1030 3326 1092 ταῖς
3356 1026 3612 1097 πράξεσι,

2035 1129 2128 1182 καὶ
2186 1132 2304 1191 ταῖς
2361 1127 2680 1196 ἐπιθυμίαις
2729 1123 3121 1192 ἀποθεμένους,
3179 1121 3272 1174 τὸν
3325 1121 3465 1182 νέον,
3520 1119 3618 1171 καὶ

2034 1221 2405 1290 πνευματικὸν
2433 1219 2752 1273 ἐνδύσασθαι
2777 1260 2791 1282 ,
2823 1218 2881 1280 ὃς
2909 1218 3057 1270 ἐστιν
3086 1218 3115 1269 ό
3155 1215 3359 1277 Κύριος
3406 1212 3619 1282 Ἰησοῦς

2034 1312 2288 1382 Χριστὸς,
2318 1312 2393 1375 ὥς
2416 1329 2580 1381 φησιν
2609 1314 2637 1365 ό
2660 1311 2934 1373 θειότατος
2952 1309 3186 1371 Παῦλοςο
3215 1326 3233 1358 ι
3253 1307 3456 1360 Τεκνία
3490 1325 3614 1377 μου,

2030 1403 2126 1468 οὓς
2155 1405 2316 1459 πάλιν
2373 1405 2583 1463 ὠδίνω.
2641 1404 2800 1474 ἄχρις
2853 1398 2914 1458 οὗ
2954 1402 3214 1473 μορφωθῇ
3277 1401 3621 1471 Χριστὸς.ἐν

2034 1497 2184 1567 ὑμῖν’
2225 1516 2244 1549 ι
2279 1498 2394 1558 καὶ,
2441 1516 2458 1548 ι
2490 1499 2745 1559 Ὄσοιείς
2776 1495 3012 1567 Χριστὸν
3051 1493 3440 1564 ἐϐαπτίσθητε,
3477 1494 3619 1564 Χρι-

2037 1589 2161 1642 στὸν
2191 1589 2342 1643 ἐνεδύ
2351 1589 2536 1643 σασθε.
2568 1609 2585 1640 ι

355 1711 497 1776 Quid
528 1715 790 1783 gratia,el
823 1716 1083 1786 quomodo
1113 1733 1228 1769 eam
1258 1719 1484 1787 adipisci
1527 1730 1720 1785 possit"
1748 1735 1807 1770 us
1872 1719 1931 1771 Et

2044 1725 2174 1792 Περὶ
2205 1722 2310 1780 τοῦ
2350 1726 2441 1788 τίς·
2464 1727 2501 1794 ἡ
2535 1725 2726 1794 χάρις,
2758 1725 2853 1779 καὶ
2893 1724 3018 1789 πῶς
3064 1723 3142 1778 ἂν
3193 1722 3422 1792 γένοιτο
3473 1722 3624 1788 ἡμῖν

425 1800 665 1850 qmruam
716 1802 832 1838 eam
891 1799 1261 1856 corrumpunt,
1323 1801 1372 1842 ει
1435 1806 1674 1858 quantum
1726 1806 1940 1843 rursum

426 1870 540 1906 eam
569 1866 886 1925 expurgant.

429 2031 482 2086 5.
526 2033 631 2088 Sed
673 2033 802 2105 quid
857 2035 1053 2105 gratia,
1099 2047 1153 2092 et
1196 2035 1476 2106 quomodo
1531 2050 1651 2088 eam
1715 2035 1942 2102 adipisci

357 2125 655 2192 pessimus,
709 2137 763 2180 et
810 2145 1061 2197 quamam
1114 2145 1234 2182 eam
1286 2141 1663 2198 corrumpant.
1697 2144 1944 2192 quzena-u

357 2232 554 2274 rursus
605 2235 724 2272 eam
777 2229 1104 2288 expurgem,
1166 2222 1256 2289 qui
1315 2219 1552 2273 animam
1606 2229 1659 2272 ct
1704 2219 1944 2286 linguam

358 2312 506 2364 omni
539 2327 676 2366 auro
713 2313 1137 2379 splendidiorem
1201 2312 1363 2367 habet
1415 2313 1516 2366 tibi
1563 2312 1834 2373 USIeltdt’t,
1869 2314 1946 2364 δῖα

358 2405 608 2459 dicens:
665 2423 684 2456 ι
741 2405 882 2470 Quid
946 2405 1049 2459 sibi
1105 2407 1219 2459 vull
1277 2406 1448 2460 illud?
1487 2405 1676 2474 gloriae
1729 2403 1942 2457 Domiti

359 2505 699 2560 spectatores
719 2495 867 2560 facti,
889 2497 940 2550 iu
962 2498 1080 2567 eius
1100 2498 1388 2566 imaginem
1413 2497 1938 2552 transformamur?o

364 2587 700 2642 Mauifestius
733 2588 950 2656 quidem
986 2587 1038 2642 id
1070 2592 1479 2654 ostendebatur,
1511 2592 1727 2658 quando
1761 2591 1917 2660 signo

362 2695 484 2732 rum
513 2681 701 2748 gratim
735 2681 1110 2749 operabautur
1139 2699 1155 2744 ;
1208 2684 1302 2736 sed
1353 2691 1534 2736 tamen
1591 2697 1767 2751 neque
1800 2697 1943 2736 nunc

359 2775 576 2828 abdit-ile
598 2784 682 2829 est
714 2775 898 2829 videre
919 2775 966 2829 ei
997 2776 1088 2845 qui
1115 2775 1300 2829 ﬁdi-les
1327 2775 1518 2830 oculos
1548 2777 1729 2830 lubet.
1767 2775 1941 2829 Simtl

360 2866 503 2918 enim
539 2882 601 2920 ac
647 2866 1011 2933 baptizamur,
1063 2880 1231 2936 super
1291 2868 1461 2920 solem
1519 2867 1696 2920 anima
1755 2877 1940 2919 nostra

365 2959 532 3026 fulget
562 2974 588 3010 a
623 2968 816 3012 satu-tu
849 2958 921 3026 Sp
947 2960 1056 3011 ritu
1098 2959 1382 3021 mundata,
1418 2973 1600 3028 neque
1635 2961 1941 3013 solummo-
1987 2989 1998 3000 -

2103 1796 2326 1860 ταύτης
2378 1796 2705 1862 ἐπιτυχεῖν.
2756 1795 2865 1848 Καὶ
2922 1796 3058 1848 τίνα
3122 1795 3194 1847 τὰ
3241 1795 3468 1859 ταύτην
3518 1798 3622 1846 θο-

2106 1866 2371 1932 λοῦντα,
2420 1868 2516 1920 καὶ
2573 1865 2707 1921 τίνα
2756 1862 2930 1932 αὖθις
2969 1865 3040 1918 τὰ
3069 1864 3264 1932 αὐτὴν
3293 1863 3618 1919 ἀνακαθαί-

2094 1952 2302 2003 porta.

2107 2048 2168 2103 e'.
2209 2050 2368 2103 Ἀλλά
2395 2049 2478 2114 τίς
2528 2051 2561 2118 ἡ
2597 2051 2793 2121 χάρις,
2829 2050 2924 2102 καὶ
2954 2046 3072 2111 πῶς
3122 2047 3188 2102 ἂν
3237 2048 3448 2116 γένοιτο
3489 2048 3626 2116 ἡμῖν

2037 2141 2248 2211 ταύτης
2277 2142 2553 2210 ἐπιτυχεῖν
2586 2157 2601 2171 ⁸
2633 2140 2728 2194 καὶ
2753 2140 2872 2192 τίνα
2897 2139 2994 2209 μὲν
3021 2141 3090 2191 τά
3104 2137 3311 2206 ταύτην
3341 2137 3624 2201 θολοῦντα,

2039 2230 2162 2282 τίνα
2195 2231 2240 2283 δ’
2271 2225 2337 2282 αὖ
2368 2228 2436 2282 τὰ
2465 2228 2905 2294 ἀνακαθαίροντα
2924 2269 2938 2294 ,
2977 2229 3006 2280 ό
3035 2231 3134 2297 τὴν
3163 2226 3342 2297 ψυχὴν
3377 2227 3470 2279 καὶ
3523 2228 3628 2295 τὴν

2041 2320 2289 2388 γλῶτταν
2323 2321 2520 2382 παντὸς
2553 2321 2777 2390 χρυσίου
2829 2318 3208 2388 λαμπρότερος
3235 2358 3250 2382 ,
3274 2315 3508 2385 δηλώσει
3537 2333 3620 2369 σοι

2038 2410 2182 2466 οὕτω
2215 2411 2389 2478 λέγων
2418 2429 2433 2444 ο
2463 2412 2516 2464 τί
2550 2412 2606 2465 δέ
2629 2413 2744 2465 ἐστι
2771 2411 2871 2481 ’τὴν
2897 2409 3054 2475 δόξαν
3083 2410 3290 2480 Κυρίου
3320 2426 3624 2478 κατοπτρι-

2041 2503 2280 2571 ζόμενοι,
2311 2501 2410 2572 τὴν
2448 2500 2618 2572 αὐτὴν
2657 2501 2840 2554 εἰκόνα
2871 2497 3409 2570 μεταμορφούμεθας
3457 2517 3476 2549 ι
3505 2499 3616 2549 Σα-

2041 2593 2307 2664 φὲστερον
2335 2594 2432 2664 μὲν
2488 2593 2644 2646 τοῦτο
2693 2593 2987 2655 ἐδείκνυτο,
3031 2592 3195 2662 ἡνίκα
3229 2591 3336 2644 τῶν
3377 2590 3626 2660 σημείων

2042 2686 2112 2740 τὰ
2141 2687 2457 2758 χαρίσματα
2479 2687 2722 2756 ἐνήργει,
2750 2685 2891 2756 πλὴν
2937 2684 3055 2738 οὐδέ
3078 2683 3173 2738 νῦν
3205 2683 3464 2736 δύσκολον
3492 2682 3628 2736 αὐτὸ

2043 2780 2284 2833 κατιδεῖν
2312 2779 2388 2849 τῷ
2423 2779 2644 2842 πιστοὺς
2676 2777 2989 2848 ὀφθαλμοὺς
3022 2777 3198 2846 ἔχοντι
3223 2794 3234 2805 ·
3257 2776 3394 2844 ὁμοῦ
3425 2793 3482 2828 τε
3515 2776 3628 2844 γὰρ

2047 2871 2444 2942 βαπτιζόμεθα,
2468 2871 2562 2923 καὶ
2591 2869 2728 2938 ὑπὲρ
2755 2870 2847 2923 τὸν
2885 2868 3081 2939 ἥλιονή
3118 2867 3262 2938 ψυχὴ
3289 2867 3518 2937 λάμπει,
3547 2865 3629 2936 τῷ

2045 2959 2326 3029 Πνεύματι
2352 2958 2748 3028 καθαιρομένη,
2771 2957 2866 3010 καὶ
2899 2958 2961 3010 οὐ
2993 2958 3152 3027 μόνον
3183 2957 3399 3027 ὁρῶμεν
3421 2957 3501 3020 εἰς
3525 2956 3630 3028 τὴν

362 3053 433 3103 do
462 3051 691 3114 gloriam
742 3049 832 3103 Dei
880 3052 1176 3114 intuemur,
1222 3053 1315 3104 sed
1365 3059 1420 3105 et
1473 3050 1599 3104 inde
1639 3050 1940 3118 accipimus

2045 3053 2203 3117 δόξαν
2255 3051 2348 3104 τοῦ
2396 3051 2553 3117 Θεοῦ,
2596 3051 2732 3104 ἀλλά
2780 3050 2874 3104 καὶ
2915 3049 3127 3104 ἐκεῖθεν
3177 3048 3451 3119 δεχόμεθά
3500 3065 3628 3102 τινα

362 3130 654 3210 quemdam
716 3142 1083 3211 splendorem.
1155 3141 1625 3216 Quemadmodum
1691 3144 1836 3196 enim
1895 3143 1940 3198 si

363 3245 647 3304 argentum
686 3250 880 3304 purum
929 3235 1093 3287 radiis
1127 3234 1437 3302 oppositum
1464 3243 1519 3289 et
1549 3236 1729 3305 ipsum
1760 3234 1942 3290 radios

367 3327 607 3380 remittet
647 3343 753 3379 mm
781 3342 810 3379 a
856 3341 954 3380 sua
1005 3336 1199 3380 natura
1229 3327 1432 3394 solum,
1469 3328 1562 3381 sed
1591 3335 1645 3381 et
1671 3343 1734 3382 ex
1776 3327 1942 3382 solari

369 3416 613 3486 fulgore:
669 3416 740 3469 ita
775 3426 826 3470 et
876 3418 1058 3470 anima
1095 3415 1352 3470 mundata
1411 3426 1466 3471 et
1511 3417 1661 3471 omni
1716 3425 1944 3486 argento

367 3506 704 3576 splwndidior
737 3507 948 3574 eli‘ecta,
983 3521 1012 3560 a
1051 3508 1220 3578 gloria
1255 3509 1494 3578 Spiritus
1529 3507 1714 3564 radios
1743 3508 1944 3578 accipit

369 3601 422 3655 in
450 3602 742 3671 ingenitam
775 3602 1002 3671 gloriam
1032 3617 1097 3656 ac
1129 3605 1264 3656 tales
1289 3602 1480 3672 quales
1510 3600 1665 3656 decet
1692 3617 1720 3655 a
1754 3600 1941 3654 Dntni-

369 3695 423 3748 ni
461 3693 686 3763 Spitilu.
724 3713 742 3745 ι
778 3725 847 3736 -—
878 3697 940 3748 Et
963 3696 1123 3764 paulo
1153 3707 1275 3766 post
1310 3712 1323 3747 :
1363 3715 1380 3748 ι
1422 3693 1590 3751 Visne
1649 3704 1709 3750 ut
1761 3696 1855 3751 tibi
1892 3695 1943 3749 id

369 3789 650 3843 ostendam
679 3798 726 3842 et
761 3804 824 3843 ex
859 3789 1120 3857 apostolis
1163 3787 1439 3843 vividius?
1477 3788 1705 3843 Paulum
1737 3791 1942 3859 cogita,

372 3880 532 3950 cujus
584 3883 905 3935 vestimenta
974 3881 1394 3950 operabantur;
1455 3880 1718 3947 Petrum,
1787 3881 1946 3949 cuius

372 3973 580 4024 umbrae
636 3970 891 4024 virtutem
949 3971 1246 4024 habebant.
1295 3969 1411 4024 Non
1444 3971 1612 4038 enim,
1650 3971 1755 4028 nisi
1805 3973 1946 4040 regis

371 4064 665 4132 imaginem
713 4065 992 4130 tulissent,
1040 4063 1418 4132 inacccssique
1472 4062 1707 4118 fuissent
1753 4079 1944 4119 eorum

372 4158 708 4226 Splendores,
753 4167 962 4210 tantum
1026 4171 1217 4209 eorum
1261 4157 1586 4211 vestimenta
1637 4166 1691 4212 et
1738 4145 1948 4211 umbra:

373 4247 694 4302 valuissent.
754 4245 917 4314 Regis
972 4245 1118 4298 enim
1152 4246 1477 4299 vestimenta
1533 4253 1587 4297 et
1637 4244 1946 4300 latronibus

373 4340 663 4394 terribilia.
700 4338 858 4391 Visne
900 4352 1025 4390 eum
1059 4337 1320 4406 fulgorem
1368 4346 1418 4390 et
1471 4352 1565 4405 per
1607 4351 1806 4405 corpus
1839 4337 1944 4390 mi-

2047 3143 2263 3214 αἴγλην.
2301 3144 2514 3213 Ὠσπερ
2543 3143 2653 3213 γὰρ
2683 3145 2731 3195 εί
2767 3142 3008 3211 ἄργυρος
3057 3141 3297 3212 καθαρὸς
3340 3141 3479 3212 πρὸς
3526 3139 3631 3204 τὰς

2047 3237 2272 3298 ἀκτῖνας
2303 3234 2553 3304 κείμενος
2573 3275 2588 3299 ,
2621 3236 2718 3288 καὶ
2775 3234 2935 3297 αὐτὸς
2975 3235 3202 3295 ἀκτῖνας
3243 3233 3586 3303 ἐκπέμπειεν
3609 3272 3628 3297 ,

2048 3329 2148 3383 οὐκ
2173 3329 2284 3382 ἀπὸ
2315 3329 2414 3399 τῆς
2449 3327 2655 3392 οἰκείας
2706 3326 2921 3396 φύσεως
2965 3325 3148 3397 μόνον,
3191 3324 3332 3380 ἀλλά
3368 3327 3464 3379 καὶ
3519 3323 3631 3378 ἀπὸ

2047 3423 2147 3493 τῆς
2179 3421 2520 3492 λαμπηδόνος
2545 3421 2645 3490 τῆς
2675 3419 2930 3490 ἡλιακῆςσ
2971 3417 3115 3472 οὓτω
3145 3417 3241 3472 καὶ
3290 3419 3323 3488 ἡ
3352 3417 3498 3489 ψυχὴ
3527 3434 3632 3471 κα-

2049 3513 2368 3585 θαιρομένη,
2406 3511 2501 3564 καὶ
2534 3511 2777 3582 ἀργύρου
2817 3509 3017 3571 παντὸς
3058 3508 3427 3579 λαμπροτέρα
3471 3524 3628 3576 γενο-

2052 3607 2211 3678 μένη,
2241 3587 2452 3673 δέχεται
2487 3605 2680 3657 ἀκτῖνα
2707 3601 2814 3656 ἀπὸ
2839 3605 2938 3672 τῆς
2971 3600 3128 3671 δόξης
3158 3599 3253 3654 τοῦ
3287 3599 3631 3670 ΙΙνεύματος,

2049 3703 2129 3762 είς
2155 3699 2312 3761 δόξαν
2332 3700 2427 3767 τὴν
2457 3695 2838 3764 ἐγγινομένην,
2872 3694 2967 3747 καὶ
3007 3693 3295 3761 τοιαύτην,
3327 3692 3448 3744 οἵαν
3482 3691 3631 3754 εἰκὸς

2049 3792 2156 3846 ὑπὸ
2178 3790 2385 3861 Κυρίου
2407 3788 2739 3856 Πνεῦματος.
2761 3807 2780 3838 ‹
2804 3788 2911 3840 Kal.
2934 3785 3050 3856 μετ’
3076 3786 3259 3853 ὀλίγα·
3287 3803 3306 3837 ι
3331 3784 3520 3838 Βούλει
3545 3800 3629 3837 σοι

2048 3882 2206 3948 δείξω
2237 3882 2394 3936 τοῦτο
2418 3882 2509 3934 καὶ
2541 3880 2648 3934 ἀπὸ
2667 3879 2774 3933 τῶν
2799 3879 3113 3933 ἀποστόλων
3131 3876 3628 3949 αἰσθητικὼτερονς

2062 3975 2348 4045 Ἐννόησον
2388 3973 2620 4038 Παῦλον,
2675 3967 2736 4027 οὗ
2766 3973 2834 4026 τὰ
2869 3973 3059 4042 ἱμάτια
3096 3972 3318 4042 ἐνήργει
3340 3985 3356 3999 ⁸
3399 3969 3625 4039 Πέτρον,

2050 4063 2112 4123 οὗ
2159 4069 2215 4121 αἱ
2257 4066 2406 4120 σκιαὶ
2447 4065 2650 4135 ἴσχυον.
2701 4064 2775 4118 Οὐ
2810 4064 2921 4133 γὰρ
2981 4063 3084 4128 ἂν,
3141 4064 3192 4116 εί
3243 4061 3318 4133 μὴ
3367 4061 3632 4133 βασιλέως

2051 4160 2250 4230 ἔφερον
2284 4158 2491 4221 εἰκόνα,
2526 4158 2618 4210 καὶ
2661 4157 2949 4226 ἀπρόσιτοι
2982 4151 3124 4226 ἦσαν
3153 4155 3333 4210 αὐτῶν
3373 4157 3429 4208 αἱ
3465 4171 3632 4226 μαρο

2055 4251 2321 4322 μαρυγαὶ,
2373 4248 2626 4302 τοσοῦτον
2661 4249 2728 4301 τὰ
2762 4247 2952 4317 ἱμάτια
3002 4247 3185 4301 αὐτῶν
3238 4246 3334 4301 καὶ
3384 4247 3440 4300 αἱ
3479 4245 3631 4299 σκιαὶ

2051 4345 2337 4415 ἐνήργουν·
2383 4340 2646 4410 βασιλέως
2696 4339 2806 4411 γὰρ
2855 4340 3068 4408 ἱμάτια,
3121 4340 3218 4394 καὶ
3258 4341 3373 4402 τοῖς
3406 4338 3635 4410 λῃσταῖς

373 4441 585 4485 cantem
630 4423 855 4484 videre‘l
895 4405 1193 4496 lntueutes,
1228 4428 1424 4498 inquit,
1474 4429 1525 4481 in
1579 4427 1784 4482 vultum
1821 4427 1948 4482 Ste-

2053 4405 2282 4506 φοξερά.
2303 4405 2490 4496 Θέλεις
2521 4433 2646 4487 [δεῖν
2669 4405 2991 4487 καῖ-διάντοῦ
3025 4432 3275 4503 σώματος
3307 4405 3635 4502 λάμπουσαν

375 4525 560 4594 phani,
597 4524 778 4576 videre
812 4531 869 4575 ttt
925 4523 1130 4575 vultum
1187 4521 1384 4589 angeli.
1417 4540 1436 4572 ι
1497 4520 1601 4574 Sed
1656 4521 1759 4576 hoc
1813 4519 1951 4574 nihil

375 4627 462 4670 est
499 4631 606 4684 pra:
659 4629 721 4669 ea
777 4630 898 4684 quae
963 4613 1110 4668 intus
1174 4615 1333 4668 micat
1368 4613 1566 4683 gloria.
1610 4611 1764 4678 Quod
1805 4612 1949 4666 enim

377 4710 590 4778 Moyses
625 4708 676 4760 in
704 4707 838 4761 facie
862 4707 989 4760 olim
1020 4707 1276 4768 habebat,
1313 4705 1363 4758 id
1390 4705 1461 4758 illi
1495 4706 1546 4758 in
1587 4705 1766 4759 anima
1811 4704 1952 4758 fere—

379 4803 548 4864 bant;
587 4801 696 4853 imo
734 4815 861 4854 vero
893 4799 1062 4852 multo
1111 4798 1287 4868 majus
1337 4799 1563 4867 aliquid.
1617 4798 1772 4862 Quod
1805 4798 1950 4854 enim

379 4895 579 4964 Moysis
603 4902 738 4958 erat,
765 4907 1089 4962 corporeum
1137 4883 1290 4959 erat;
1344 4891 1475 4946 illud
1523 4906 1654 4945 vero
1695 4891 1950 4962 incorpo-

382 5002 561 5041 reum.
603 4987 666 5038 Et
691 4985 1152 5054 quemadmodum
1198 4983 1497 5054 ignicolora
1527 4999 1758 5054 corpora
1790 4999 1818 5038 a
1852 4983 1956 5040 ful-

381 5079 634 5148 gcutibus
662 5077 986 5147 corporibus
1017 5079 1081 5130 ad
1131 5091 1191 5130 ea
1237 5091 1359 5145 quae
1407 5077 1654 5146 proxima
1709 5087 1836 5132 sunt
1859 5077 1952 5132 de-

383 5171 624 5231 fluentia.
659 5171 728 5226 iis
784 5170 1064 5240 proprium
1125 5168 1470 5239 splendorem
1523 5168 1950 5236 communicant,

382 5263 454 5316 ita
489 5275 619 5316 sane
649 5271 704 5316 ct
740 5261 806 5316 de
840 5261 1084 5316 fidelibus
1105 5260 1408 5330 contingit:
1444 5261 1566 5317 ideo
1590 5270 1729 5315 terra
1773 5263 1956 5317 exsol—

384 5341 610 5422 \‘llilllll‘,
647 5354 738 5422 qui
788 5356 839 5410 id
879 5355 1256 5424 experiuntur,
1288 5366 1340 5409 et
1379 5371 1498 5424 qua:
1530 5355 1586 5410 in
1635 5357 1789 5412 cmlis
1830 5365 1958 5412 sunt

384 5451 677 5512 somniant,
717 5449 855 5503 eheu
881 5450 892 5502 !
932 5447 1223 5502 Pulchrum
1244 5449 1388 5502 enim
1411 5457 1493 5503 est
1521 5459 1571 5503 et
1599 5448 1957 5516 ingemiscere

382 5553 589 5606 amare,
648 5539 775 5608 quia
838 5549 985 5594 tanta
1019 5538 1262 5593 fruentes
1317 5539 1615 5605 nobilitate,
1665 5554 1838 5608 neque
1894 5555 1957 5596 ea

355 5757 362 5771 .
457 5721 484 5752 ³
517 5719 690 5776 Galat.
721 5740 796 5790 l\',
830 5725 912 5778 ιο.
1017 5724 1034 5754 ³
1073 5722 1228 5777 Rom.
1287 5738 1357 5789 vx,
1385 5722 1442 5775 5.

2051 4527 2290 4594 ταύτην;
2331 4526 2722 4588 Ἀτενίσαντες,
2754 4527 2938 4594 φησὶν,
2978 4527 3056 4583 είς
3087 4526 3146 4578 τὸ
3179 4524 3469 4595 πρόσωπον
3503 4523 3634 4575 Στε-

2056 4615 2245 4685 φάνου,
2297 4612 2437 4668 εἶδον
2467 4615 2545 4679 ὼς
2583 4616 2875 4687 πρόσωπον
2904 4616 3156 4684 ἀγγέλου.
3193 4635 3212 4669 ι
3282 4617 3423 4669 Ἀλλ’
3478 4615 3634 4670 οὐδὲν

2051 4706 2210 4761 τοῦτο
2273 4706 2409 4778 πρὸς
2468 4709 2568 4774 τὴν
2613 4706 2823 4760 ἔνδοθεν
2881 4707 3386 4778 ἀπαστράπτουσαν
3449 4707 3629 4772 δόξαν.

2055 4797 2234 4866 Ὅπερ
2257 4796 2364 4865 γὰρ
2414 4798 2654 4866 Μωῦσῆς
2701 4798 2793 4850 ἐπὶ
2829 4797 2925 4850 τοῦ
2977 4798 3271 4869 προσώπου
3314 4800 3437 4852 τότε
3493 4794 3631 4870 εἶχε,

2051 4887 2212 4943 τοῦτο
2249 4882 2394 4943 οὗτοι
2431 4891 2524 4943 ἐπὶ
2571 4891 2672 4956 τῆς
2721 4890 2900 4961 ψυχῆς
2931 4893 3285 4963 περιέφερον·
3337 4894 3538 4963 μᾶλλον
3575 4893 3633 4946 δὲ

2052 4982 2148 5035 καὶ
2175 4981 2354 5052 πολλῷ
2387 4981 2567 5036 πλέον.
2611 4983 2683 5036 Τὸ
2714 4983 2811 5053 μὲν
2841 4982 2950 5054 γὰρ
2975 4985 3272 5049 Μωῦσέως,
3301 4985 3632 5054 αἰσθητικὼ-

2052 5089 2212 5144 τερον
2237 5067 2325 5144 ἦν,
2354 5073 2514 5127 τοῦτο
2547 5074 2604 5128 δὲ
2630 5074 2939 5146 ἀσώματον.
2962 5078 3072 5130 Καὶ
3096 5077 3349 5150 καθάπερ
3373 5079 3630 5148 πυραυγῆ

2057 5173 2286 5244 σώματα
2315 5171 2425 5246 [ισ.
2453 5171 2741 5246 χρώματα]
2776 5172 2885 5226 ἀπὸ
2916 5172 3026 5225 τῶν
3065 5171 3333 5243 λαμπρῶν
3364 5172 3635 5242 σωμάτων

2054 5265 2148 5318 ἐπὶ
2170 5263 2241 5317 τὰ
2260 5263 2488 5333 πλησίον
2516 5263 2880 5334 ἀπορρέοντα,
2913 5262 3010 5316 καὶ
3041 5261 3271 5324 ἐκείνοις
3308 5262 3631 5331 μεταδίδωσι

2052 5357 2151 5426 τῆς
2194 5353 2399 5416 οἰκείας
2428 5353 2635 5422 αὐγῆς,
2681 5351 2826 5406 οὕτω
2881 5352 2945 5424 δὴ
3010 5352 3219 5406 καὶέπὶ
3263 5351 3373 5404 τῶν
3424 5353 3632 5406 πιστῶν

2053 5439 2343 5516 συμϐαίνει
2375 5459 2390 5475 ο
2426 5443 2515 5496 διὰ
2541 5443 2604 5514 δὴ
2655 5443 2815 5496 τοῦτο
2843 5446 2944 5514 τῆς
2969 5443 3073 5512 γῆς
3118 5441 3553 5497 ἀπαλλάττονται
3581 5444 3628 5496 οί

2051 5539 2208 5595 τοῦτο
2235 5536 2554 5607 πάσχοντες,
2605 5535 2695 5588 καὶ
2727 5535 2792 5589 τὰ
2828 5537 2884 5589 ἐν
2913 5537 3024 5600 τοῖς
3057 5533 3312 5604 οὐρανοῖς
3350 5533 3628 5604 ὀνειροπο-
