  <div class='ocr_page' id='page_1' title='image "/cluster/home/n/w/nwhite01/storage/ocr_20150623/147/hvd.32044073502619/332.png"; bbox 0 0 4080 6206; ppageno 0'>
   <div class='ocr_carea' id='block_1_1' title="bbox 412 269 513 330">
    <p class='ocr_par' dir='ltr' id='par_1_1' title="bbox 412 269 513 330">
     <span class='ocr_line' id='line_1_1' title="bbox 412 269 513 330; baseline 0 -1"><span class='ocrx_word' id='word_1_1' title='bbox 412 269 513 330; x_wconf 69' lang='lat' dir='ltr'><strong>ﬁll</strong></span> 
     </span>
    </p>
   </div>
   <div class='ocr_carea' id='block_1_2' title="bbox 1644 278 2455 340">
    <p class='ocr_par' dir='ltr' id='par_1_2' title="bbox 1644 278 2455 340">
     <span class='ocr_line' id='line_1_2' title="bbox 1644 278 2455 340; baseline 0.002 -2"><span class='ocrx_word' id='word_1_2' title='bbox 1644 278 2036 340; x_wconf 63' lang='lat' dir='ltr'><strong>OPUSCUIA</strong></span> <span class='ocrx_word' id='word_1_3' title='bbox 2075 278 2455 340; x_wconf 74' lang='lat' dir='ltr'><strong>ASCETIC.—\.</strong></span> 
     </span>
    </p>
   </div>
   <div class='ocr_carea' id='block_1_3' title="bbox 3568 304 3676 368">
    <p class='ocr_par' dir='ltr' id='par_1_3' title="bbox 3568 304 3676 368">
     <span class='ocr_line' id='line_1_3' title="bbox 3568 304 3676 368; baseline 0.074 -7"><span class='ocrx_word' id='word_1_4' title='bbox 3568 304 3676 368; x_wconf 71' lang='grc' dir='ltr'><strong>6ίῖ</strong></span> 
     </span>
    </p>
   </div>
   <div class='ocr_carea' id='block_1_4' title="bbox 393 383 1979 486">
    <p class='ocr_par' dir='ltr' id='par_1_4' title="bbox 393 383 1977 460">
     <span class='ocr_line' id='line_1_4' title="bbox 393 383 1977 460; baseline -0.008 -12"><span class='ocrx_word' id='word_1_5' title='bbox 393 393 578 448; x_wconf 86' lang='grc' dir='ltr'>λοῦσιν</span> <span class='ocrx_word' id='word_1_6' title='bbox 609 389 756 459; x_wconf 71' lang='grc' dir='ltr'>οἴμοι</span> <span class='ocrx_word' id='word_1_7' title='bbox 809 386 918 460; x_wconf 75' lang='grc' dir='ltr'>[ἴα.</span> <span class='ocrx_word' id='word_1_8' title='bbox 961 385 1075 441; x_wconf 80' lang='grc' dir='ltr'>ἀλλ’</span> <span class='ocrx_word' id='word_1_9' title='bbox 1131 383 1301 456; x_wconf 77' lang='grc' dir='ltr'>οἴμοι]</span> <span class='ocrx_word' id='word_1_10' title='bbox 1334 402 1346 415; x_wconf 89' lang='grc'><strong>·</strong></span> <span class='ocrx_word' id='word_1_11' title='bbox 1405 385 1572 438; x_wconf 65' lang='lat' dir='ltr'><strong>mm</strong></span> <span class='ocrx_word' id='word_1_12' title='bbox 1608 385 1713 454; x_wconf 74' lang='grc' dir='ltr'>γὰρ</span> <span class='ocrx_word' id='word_1_13' title='bbox 1743 383 1977 435; x_wconf 82' lang='grc' dir='ltr'>ἐνταῦθα</span> 
     </span>
    </p>
   </div>
   <div class='ocr_carea' id='block_1_5' title="bbox 2084 383 3674 486">
    <p class='ocr_par' dir='ltr' id='par_1_5' title="bbox 2087 395 3674 486">
     <span class='ocr_line' id='line_1_5' title="bbox 2087 395 3674 486; baseline 0.019 -44"><span class='ocrx_word' id='word_1_14' title='bbox 2087 407 2206 462; x_wconf 67' lang='lat' dir='ltr'><strong>qum</strong></span> <span class='ocrx_word' id='word_1_15' title='bbox 2275 395 2532 448; x_wconf 70' lang='lat' dir='ltr'><strong>dicuntur</strong></span> <span class='ocrx_word' id='word_1_16' title='bbox 2593 398 2836 466; x_wconf 65' lang='lat' dir='ltr'><strong>Scitnus,</strong></span> <span class='ocrx_word' id='word_1_17' title='bbox 2881 414 2946 455; x_wconf 87' lang='lat' dir='ltr'><strong>eo</strong></span> <span class='ocrx_word' id='word_1_18' title='bbox 2981 404 3126 468; x_wconf 85' lang='lat' dir='ltr'><strong>quod</strong></span> <span class='ocrx_word' id='word_1_19' title='bbox 3188 408 3429 467; x_wconf 79' lang='lat' dir='ltr'><strong>actiones</strong></span> <span class='ocrx_word' id='word_1_20' title='bbox 3487 420 3674 486; x_wconf 80' lang='lat' dir='ltr'><strong>rapide</strong></span> 
     </span>
    </p>
   </div>
   <div class='ocr_carea' id='block_1_6' title="bbox 396 475 1982 549">
    <p class='ocr_par' dir='ltr' id='par_1_6' title="bbox 396 475 1982 549">
     <span class='ocr_line' id='line_1_6' title="bbox 396 475 1982 549; baseline -0.008 -11"><span class='ocrx_word' id='word_1_21' title='bbox 396 485 488 538; x_wconf 78' lang='grc' dir='ltr'>καὶ</span> <span class='ocrx_word' id='word_1_22' title='bbox 548 482 803 546; x_wconf 76' lang='grc' dir='ltr'>στενάξαι</span> <span class='ocrx_word' id='word_1_23' title='bbox 856 482 1077 549; x_wconf 60' lang='grc' dir='ltr'>πικρῦν,</span> <span class='ocrx_word' id='word_1_24' title='bbox 1131 479 1211 531; x_wconf 81' lang='grc' dir='ltr'>ὅτι</span> <span class='ocrx_word' id='word_1_25' title='bbox 1266 476 1537 545; x_wconf 74' lang='grc' dir='ltr'><strong>τοσαύτης</strong></span> <span class='ocrx_word' id='word_1_26' title='bbox 1606 475 1982 541; x_wconf 71' lang='grc' dir='ltr'>ἀπολαύοντες</span> 
     </span>
    </p>
   </div>
   <div class='ocr_carea' id='block_1_7' title="bbox 395 566 1979 642">
    <p class='ocr_par' dir='ltr' id='par_1_7' title="bbox 395 566 1979 642">
     <span class='ocr_line' id='line_1_7' title="bbox 395 566 1979 642; baseline -0.006 -14"><span class='ocrx_word' id='word_1_27' title='bbox 395 576 697 642; x_wconf 74' lang='grc' dir='ltr'>εὐγενείας,</span> <span class='ocrx_word' id='word_1_28' title='bbox 730 571 850 624; x_wconf 80' lang='grc' dir='ltr'>οὐδὲ</span> <span class='ocrx_word' id='word_1_29' title='bbox 902 571 971 622; x_wconf 80' lang='grc' dir='ltr'>τὰ</span> <span class='ocrx_word' id='word_1_30' title='bbox 1014 569 1283 639; x_wconf 76' lang='grc' dir='ltr'>λεγόμενα</span> <span class='ocrx_word' id='word_1_31' title='bbox 1340 567 1518 637; x_wconf 79' lang='grc' dir='ltr'>ἴσμεν,</span> <span class='ocrx_word' id='word_1_32' title='bbox 1558 567 1646 620; x_wconf 72' lang='grc' dir='ltr'>διὰ</span> <span class='ocrx_word' id='word_1_33' title='bbox 1687 567 1747 619; x_wconf 74' lang='grc' dir='ltr'>τὸ</span> <span class='ocrx_word' id='word_1_34' title='bbox 1770 566 1979 636; x_wconf 76' lang='grc' dir='ltr'>ταχέως</span> 
     </span>
    </p>
   </div>
   <div class='ocr_carea' id='block_1_8' title="bbox 394 657 1979 732">
    <p class='ocr_par' dir='ltr' id='par_1_8' title="bbox 394 657 1979 732">
     <span class='ocr_line' id='line_1_8' title="bbox 394 657 1979 732; baseline -0.006 -13"><span class='ocrx_word' id='word_1_35' title='bbox 394 663 692 719; x_wconf 83' lang='grc' dir='ltr'>ἀπολλύναι</span> <span class='ocrx_word' id='word_1_36' title='bbox 747 663 815 715; x_wconf 74' lang='grc' dir='ltr'><strong>τὰ</strong></span> <span class='ocrx_word' id='word_1_37' title='bbox 859 660 1202 732; x_wconf 80' lang='grc' dir='ltr'>πράγματα,</span> <span class='ocrx_word' id='word_1_38' title='bbox 1265 659 1357 710; x_wconf 72' lang='grc' dir='ltr'><strong>καὶ</strong></span> <span class='ocrx_word' id='word_1_39' title='bbox 1414 659 1548 726; x_wconf 77' lang='grc' dir='ltr'>πρὸς</span> <span class='ocrx_word' id='word_1_40' title='bbox 1609 659 1676 709; x_wconf 66' lang='grc' dir='ltr'><strong>τὰ</strong></span> <span class='ocrx_word' id='word_1_41' title='bbox 1743 657 1979 726; x_wconf 73' lang='grc' dir='ltr'>αἰσθητὰ</span> 
     </span>
    </p>
   </div>
   <div class='ocr_carea' id='block_1_9' title="bbox 393 744 1979 827">
    <p class='ocr_par' dir='ltr' id='par_1_9' title="bbox 393 744 1979 827">
     <span class='ocr_line' id='line_1_9' title="bbox 393 744 1979 827; baseline -0.006 -15"><span class='ocrx_word' id='word_1_42' title='bbox 393 757 714 827; x_wconf 79' lang='grc' dir='ltr'>ἐπτοῆσθαι.</span> <span class='ocrx_word' id='word_1_43' title='bbox 759 775 779 805; x_wconf 74' lang='grc' dir='ltr'><strong>ι</strong></span> <span class='ocrx_word' id='word_1_44' title='bbox 815 753 965 822; x_wconf 75' lang='grc' dir='ltr'>Αὕτη</span> <span class='ocrx_word' id='word_1_45' title='bbox 1031 753 1196 822; x_wconf 82' lang='grc' dir='ltr'>γάρὴ</span> <span class='ocrx_word' id='word_1_46' title='bbox 1247 751 1437 820; x_wconf 67' lang='grc' dir='ltr'>δόξα“ἡ</span> <span class='ocrx_word' id='word_1_47' title='bbox 1495 744 1806 820; x_wconf 69' lang='grc' dir='ltr'>ἀπόρρητος</span> <span class='ocrx_word' id='word_1_48' title='bbox 1833 791 1847 814; x_wconf 93' lang='grc'><strong>,</strong></span> <span class='ocrx_word' id='word_1_49' title='bbox 1885 750 1979 802; x_wconf 74' lang='grc' dir='ltr'><strong>καὶ</strong></span> 
     </span>
    </p>
   </div>
   <div class='ocr_carea' id='block_1_10' title="bbox 394 843 1979 921">
    <p class='ocr_par' dir='ltr' id='par_1_10' title="bbox 394 843 1979 921">
     <span class='ocr_line' id='line_1_10' title="bbox 394 843 1979 921; baseline -0.005 -17"><span class='ocrx_word' id='word_1_50' title='bbox 394 849 695 921; x_wconf 77' lang='grc' dir='ltr'><strong>φρικώδης,</strong></span> <span class='ocrx_word' id='word_1_51' title='bbox 727 847 889 918; x_wconf 79' lang='grc' dir='ltr'>μέχρι</span> <span class='ocrx_word' id='word_1_52' title='bbox 921 845 1022 916; x_wconf 83' lang='grc' dir='ltr'>μὲν</span> <span class='ocrx_word' id='word_1_53' title='bbox 1065 846 1198 915; x_wconf 78' lang='grc' dir='ltr'>μιᾶς</span> <span class='ocrx_word' id='word_1_54' title='bbox 1241 844 1336 896; x_wconf 70' lang='grc' dir='ltr'>καὶ</span> <span class='ocrx_word' id='word_1_55' title='bbox 1381 843 1640 913; x_wconf 80' lang='grc' dir='ltr'><strong>δευτέρας</strong></span> <span class='ocrx_word' id='word_1_56' title='bbox 1671 843 1884 912; x_wconf 79' lang='grc' dir='ltr'>ἡμέρας</span> <span class='ocrx_word' id='word_1_57' title='bbox 1918 845 1979 896; x_wconf 79' lang='grc' dir='ltr'><strong>ἐν</strong></span> 
     </span>
    </p>
   </div>
   <div class='ocr_carea' id='block_1_11' title="bbox 393 935 1980 1014">
    <p class='ocr_par' dir='ltr' id='par_1_11' title="bbox 393 935 1980 1014">
     <span class='ocr_line' id='line_1_11' title="bbox 393 935 1980 1014; baseline -0.004 -18"><span class='ocrx_word' id='word_1_58' title='bbox 393 946 524 1014; x_wconf 75' lang='grc' dir='ltr'><strong>ἡμῖν</strong></span> <span class='ocrx_word' id='word_1_59' title='bbox 583 943 756 1012; x_wconf 80' lang='grc' dir='ltr'>μένει,</span> <span class='ocrx_word' id='word_1_60' title='bbox 811 938 997 992; x_wconf 81' lang='grc' dir='ltr'>λοιπὸν</span> <span class='ocrx_word' id='word_1_61' title='bbox 1052 937 1110 990; x_wconf 83' lang='grc' dir='ltr'>δὲ</span> <span class='ocrx_word' id='word_1_62' title='bbox 1169 935 1336 1007; x_wconf 79' lang='grc' dir='ltr'>αὐτὴν</span> <span class='ocrx_word' id='word_1_63' title='bbox 1370 935 1856 1005; x_wconf 81' lang='grc' dir='ltr'>κατασϐέννυμεν,</span> <span class='ocrx_word' id='word_1_64' title='bbox 1888 935 1980 989; x_wconf 82' lang='grc' dir='ltr'>τὸν</span> 
     </span>
    </p>
   </div>
   <div class='ocr_carea' id='block_1_12' title="bbox 393 1027 1980 1106">
    <p class='ocr_par' dir='ltr' id='par_1_12' title="bbox 393 1027 1980 1106">
     <span class='ocr_line' id='line_1_12' title="bbox 393 1027 1980 1106; baseline -0.006 -19"><span class='ocrx_word' id='word_1_65' title='bbox 393 1033 636 1106; x_wconf 80' lang='grc' dir='ltr'>χειμῶνα</span> <span class='ocrx_word' id='word_1_66' title='bbox 670 1033 968 1099; x_wconf 80' lang='grc' dir='ltr'><strong>ἐπάγοντες</strong></span> <span class='ocrx_word' id='word_1_67' title='bbox 1003 1029 1112 1081; x_wconf 88' lang='grc' dir='ltr'>τῶν</span> <span class='ocrx_word' id='word_1_68' title='bbox 1146 1027 1414 1097; x_wconf 81' lang='grc' dir='ltr'><strong>βιωτικῶν</strong></span> <span class='ocrx_word' id='word_1_69' title='bbox 1443 1027 1785 1096; x_wconf 72' lang='grc' dir='ltr'><strong>πραγμάτων</strong></span> <span class='ocrx_word' id='word_1_70' title='bbox 1822 1043 1836 1058; x_wconf 77' lang='lat'><strong><em>°</em></strong></span> <span class='ocrx_word' id='word_1_71' title='bbox 1880 1029 1980 1081; x_wconf 77' lang='grc' dir='ltr'>καὶ</span> 
     </span>
    </p>
   </div>
   <div class='ocr_carea' id='block_1_13' title="bbox 393 1120 1982 1198">
    <p class='ocr_par' dir='ltr' id='par_1_13' title="bbox 393 1120 1982 1198">
     <span class='ocr_line' id='line_1_13' title="bbox 393 1120 1982 1198; baseline -0.004 -19"><span class='ocrx_word' id='word_1_72' title='bbox 393 1131 462 1198; x_wconf 84' lang='grc' dir='ltr'>τῇ</span> <span class='ocrx_word' id='word_1_73' title='bbox 509 1127 808 1192; x_wconf 73' lang='grc' dir='ltr'>πυκνότητι</span> <span class='ocrx_word' id='word_1_74' title='bbox 843 1123 952 1188; x_wconf 87' lang='grc' dir='ltr'><strong>τῶν</strong></span> <span class='ocrx_word' id='word_1_75' title='bbox 983 1121 1182 1190; x_wconf 79' lang='grc' dir='ltr'>νεφῶν,</span> <span class='ocrx_word' id='word_1_76' title='bbox 1213 1120 1648 1189; x_wconf 55' lang='grc' dir='ltr'>ἀποκρουόμεκοι</span> <span class='ocrx_word' id='word_1_77' title='bbox 1685 1120 1783 1182; x_wconf 75' lang='grc' dir='ltr'><strong>τὰς</strong></span> <span class='ocrx_word' id='word_1_78' title='bbox 1829 1120 1982 1172; x_wconf 69' lang='lat' dir='ltr'><strong>dmi-</strong></span> 
     </span>
    </p>
   </div>
   <div class='ocr_carea' id='block_1_14' title="bbox 392 1209 1980 1282">
    <p class='ocr_par' dir='ltr' id='par_1_14' title="bbox 392 1209 1980 1282">
     <span class='ocr_line' id='line_1_14' title="bbox 392 1209 1980 1282; baseline -0.005 -12"><span class='ocrx_word' id='word_1_79' title='bbox 392 1232 510 1280; x_wconf 85' lang='grc' dir='ltr'>νας·</span> <span class='ocrx_word' id='word_1_80' title='bbox 548 1236 568 1268; x_wconf 77' lang='grc' dir='ltr'><strong>ι</strong></span> <span class='ocrx_word' id='word_1_81' title='bbox 596 1216 688 1268; x_wconf 79' lang='grc' dir='ltr'>καὶ</span> <span class='ocrx_word' id='word_1_82' title='bbox 704 1212 861 1277; x_wconf 75' lang='grc' dir='ltr'>αὖθις</span> <span class='ocrx_word' id='word_1_83' title='bbox 877 1212 1134 1282; x_wconf 52' lang='grc' dir='ltr'>ἀλλαχοῦ</span> <span class='ocrx_word' id='word_1_84' title='bbox 1162 1232 1179 1264; x_wconf 87' lang='grc' dir='ltr'><strong>ι</strong></span> <span class='ocrx_word' id='word_1_85' title='bbox 1202 1212 1283 1264; x_wconf 73' lang='grc' dir='ltr'><strong>Τὰ</strong></span> <span class='ocrx_word' id='word_1_86' title='bbox 1306 1209 1534 1280; x_wconf 80' lang='grc' dir='ltr'>σώματα</span> <span class='ocrx_word' id='word_1_87' title='bbox 1555 1210 1662 1262; x_wconf 88' lang='grc' dir='ltr'>τῶν</span> <span class='ocrx_word' id='word_1_88' title='bbox 1680 1212 1980 1281; x_wconf 88' lang='grc' dir='ltr'>εύηρεστη-</span> 
     </span>
    </p>
   </div>
   <div class='ocr_carea' id='block_1_15' title="bbox 392 1287 1982 1374">
    <p class='ocr_par' dir='ltr' id='par_1_15' title="bbox 392 1300 1982 1374">
     <span class='ocr_line' id='line_1_15' title="bbox 392 1300 1982 1374; baseline -0.005 -13"><span class='ocrx_word' id='word_1_89' title='bbox 392 1309 568 1362; x_wconf 83' lang='grc' dir='ltr'>κὸτων</span> <span class='ocrx_word' id='word_1_90' title='bbox 605 1304 725 1374; x_wconf 78' lang='grc' dir='ltr'><strong>Θεῷ</strong></span> <span class='ocrx_word' id='word_1_91' title='bbox 751 1345 766 1370; x_wconf 84' lang='grc'><strong>,</strong></span> <span class='ocrx_word' id='word_1_92' title='bbox 807 1301 1079 1369; x_wconf 80' lang='grc' dir='ltr'><strong>τοσαύτην</strong></span> <span class='ocrx_word' id='word_1_93' title='bbox 1127 1300 1412 1354; x_wconf 75' lang='grc' dir='ltr'><strong>ἐνδύσεται</strong></span> <span class='ocrx_word' id='word_1_94' title='bbox 1453 1300 1644 1366; x_wconf 75' lang='grc' dir='ltr'>δόξαν,</span> <span class='ocrx_word' id='word_1_95' title='bbox 1690 1301 1822 1370; x_wconf 82' lang='grc' dir='ltr'>ὅσην</span> <span class='ocrx_word' id='word_1_96' title='bbox 1861 1300 1982 1353; x_wconf 82' lang='grc' dir='ltr'>οὐδὲ</span> 
     </span>
    </p>
   </div>
   <div class='ocr_carea' id='block_1_16' title="bbox 396 1391 1983 1462">
    <p class='ocr_par' dir='ltr' id='par_1_16' title="bbox 396 1391 1983 1462">
     <span class='ocr_line' id='line_1_16' title="bbox 396 1391 1983 1462; baseline -0.006 -9"><span class='ocrx_word' id='word_1_97' title='bbox 396 1399 524 1453; x_wconf 81' lang='grc' dir='ltr'>ίδεῖν</span> <span class='ocrx_word' id='word_1_98' title='bbox 556 1396 635 1450; x_wconf 74' lang='grc' dir='ltr'>ἔνι</span> <span class='ocrx_word' id='word_1_99' title='bbox 664 1394 873 1456; x_wconf 81' lang='grc' dir='ltr'>τούτοις</span> <span class='ocrx_word' id='word_1_100' title='bbox 911 1397 1026 1456; x_wconf 82' lang='grc' dir='ltr'>τοῖς</span> <span class='ocrx_word' id='word_1_101' title='bbox 1065 1392 1385 1462; x_wconf 65' lang='grc' dir='ltr'>ὀφθαλμοῖς.</span> <span class='ocrx_word' id='word_1_102' title='bbox 1441 1393 1552 1444; x_wconf 76' lang='grc' dir='ltr'>Καὶ</span> <span class='ocrx_word' id='word_1_103' title='bbox 1604 1391 1809 1444; x_wconf 85' lang='grc' dir='ltr'>τούτων</span> <span class='ocrx_word' id='word_1_104' title='bbox 1849 1393 1983 1461; x_wconf 83' lang='grc' dir='ltr'>ἡμῖν</span> 
     </span>
    </p>
   </div>
   <div class='ocr_carea' id='block_1_17' title="bbox 393 1481 1978 1561">
    <p class='ocr_par' dir='ltr' id='par_1_17' title="bbox 393 1481 1978 1561">
     <span class='ocr_line' id='line_1_17' title="bbox 393 1481 1978 1561; baseline -0.005 -20"><span class='ocrx_word' id='word_1_105' title='bbox 393 1488 596 1561; x_wconf 79' lang='grc' dir='ltr'>σημεῖά</span> <span class='ocrx_word' id='word_1_106' title='bbox 633 1504 776 1550; x_wconf 87' lang='grc' dir='ltr'>τινα,</span> <span class='ocrx_word' id='word_1_107' title='bbox 818 1487 911 1538; x_wconf 67' lang='grc' dir='ltr'><strong>καὶ</strong></span> <span class='ocrx_word' id='word_1_108' title='bbox 939 1485 1058 1554; x_wconf 79' lang='grc' dir='ltr'>ἴχνη</span> <span class='ocrx_word' id='word_1_109' title='bbox 1098 1483 1338 1554; x_wconf 70' lang='grc' dir='ltr'>ἀμυδρά,</span> <span class='ocrx_word' id='word_1_110' title='bbox 1371 1482 1466 1535; x_wconf 75' lang='grc' dir='ltr'><strong>καὶ</strong></span> <span class='ocrx_word' id='word_1_111' title='bbox 1519 1484 1576 1534; x_wconf 84' lang='grc' dir='ltr'><strong>ἐν</strong></span> <span class='ocrx_word' id='word_1_112' title='bbox 1627 1485 1692 1552; x_wconf 83' lang='grc' dir='ltr'>τῇ</span> <span class='ocrx_word' id='word_1_113' title='bbox 1744 1481 1978 1552; x_wconf 74' lang='grc' dir='ltr'>Παλαιᾷ,</span> 
     </span>
    </p>
   </div>
   <div class='ocr_carea' id='block_1_18' title="bbox 391 1571 1978 1648">
    <p class='ocr_par' dir='ltr' id='par_1_18' title="bbox 391 1571 1978 1648">
     <span class='ocr_line' id='line_1_18' title="bbox 391 1571 1978 1648; baseline -0.008 -13"><span class='ocrx_word' id='word_1_114' title='bbox 391 1581 486 1634; x_wconf 79' lang='grc' dir='ltr'>καὶ</span> <span class='ocrx_word' id='word_1_115' title='bbox 541 1581 598 1632; x_wconf 82' lang='grc' dir='ltr'><strong>ἐν</strong></span> <span class='ocrx_word' id='word_1_116' title='bbox 637 1582 704 1648; x_wconf 78' lang='grc' dir='ltr'><strong>τῇ</strong></span> <span class='ocrx_word' id='word_1_117' title='bbox 743 1578 946 1646; x_wconf 76' lang='grc' dir='ltr'>Καινῇ,</span> <span class='ocrx_word' id='word_1_118' title='bbox 1002 1573 1220 1644; x_wconf 83' lang='grc' dir='ltr'>δοθῆναι</span> <span class='ocrx_word' id='word_1_119' title='bbox 1255 1571 1674 1642; x_wconf 77' lang='grc' dir='ltr'>παρεσκεύασεν</span> <span class='ocrx_word' id='word_1_120' title='bbox 1732 1573 1761 1625; x_wconf 86' lang='grc' dir='ltr'>ὁ</span> <span class='ocrx_word' id='word_1_121' title='bbox 1811 1571 1978 1636; x_wconf 76' lang='grc' dir='ltr'>Θεόςο</span> 
     </span>
    </p>
   </div>
   <div class='ocr_carea' id='block_1_19' title="bbox 391 1663 1982 1739">
    <p class='ocr_par' dir='ltr' id='par_1_19' title="bbox 391 1663 1982 1739">
     <span class='ocr_line' id='line_1_19' title="bbox 391 1663 1982 1739; baseline -0.005 -15"><span class='ocrx_word' id='word_1_122' title='bbox 391 1673 508 1725; x_wconf 82' lang='grc' dir='ltr'>ἐκεῖ</span> <span class='ocrx_word' id='word_1_123' title='bbox 550 1669 650 1739; x_wconf 80' lang='grc' dir='ltr'>μὲν</span> <span class='ocrx_word' id='word_1_124' title='bbox 681 1669 792 1738; x_wconf 77' lang='grc' dir='ltr'><strong>γὰρ</strong></span> <span class='ocrx_word' id='word_1_125' title='bbox 832 1667 893 1719; x_wconf 84' lang='grc' dir='ltr'>τὸ</span> <span class='ocrx_word' id='word_1_126' title='bbox 926 1667 1216 1736; x_wconf 85' lang='grc' dir='ltr'>πρόσωπον</span> <span class='ocrx_word' id='word_1_127' title='bbox 1255 1663 1350 1717; x_wconf 87' lang='grc' dir='ltr'><strong>τοῦ</strong></span> <span class='ocrx_word' id='word_1_128' title='bbox 1390 1663 1694 1728; x_wconf 85' lang='grc' dir='ltr'>Μωῦσέως,</span> <span class='ocrx_word' id='word_1_129' title='bbox 1746 1663 1982 1737; x_wconf 82' lang='grc' dir='ltr'><strong>τοσαύτῃ</strong></span> 
     </span>
    </p>
   </div>
   <div class='ocr_carea' id='block_1_20' title="bbox 392 1752 1979 1855">
    <p class='ocr_par' dir='ltr' id='par_1_20' title="bbox 392 1753 1979 1832">
     <span class='ocr_line' id='line_1_20' title="bbox 392 1753 1979 1832; baseline -0.004 -15"><span class='ocrx_word' id='word_1_130' title='bbox 392 1762 775 1832; x_wconf 85' lang='grc' dir='ltr'>κατελάμπετο</span> <span class='ocrx_word' id='word_1_131' title='bbox 834 1760 956 1812; x_wconf 85' lang='grc' dir='ltr'>τότε</span> <span class='ocrx_word' id='word_1_132' title='bbox 1011 1758 1160 1830; x_wconf 79' lang='grc' dir='ltr'>δόξῃ,</span> <span class='ocrx_word' id='word_1_133' title='bbox 1211 1758 1288 1820; x_wconf 81' lang='grc' dir='ltr'>ὡς</span> <span class='ocrx_word' id='word_1_134' title='bbox 1335 1758 1634 1826; x_wconf 76' lang='grc' dir='ltr'>ἀπρόσιτον</span> <span class='ocrx_word' id='word_1_135' title='bbox 1676 1753 1817 1812; x_wconf 79' lang='grc' dir='ltr'>εἶναι</span> <span class='ocrx_word' id='word_1_136' title='bbox 1867 1759 1979 1821; x_wconf 85' lang='grc' dir='ltr'>τοῖς</span> 
     </span>
    </p>
   </div>
   <div class='ocr_carea' id='block_1_21' title="bbox 2084 1752 3022 1855">
    <p class='ocr_par' dir='ltr' id='par_1_21' title="bbox 2093 1752 3022 1855">
     <span class='ocr_line' id='line_1_21' title="bbox 2093 1752 3022 1855; baseline 0.015 -27"><span class='ocrx_word' id='word_1_137' title='bbox 2093 1777 2346 1845; x_wconf 76' lang='lat' dir='ltr'><strong>perfectae</strong></span> <span class='ocrx_word' id='word_1_138' title='bbox 2381 1781 2433 1834; x_wconf 91' lang='lat' dir='ltr'><strong>in</strong></span> <span class='ocrx_word' id='word_1_139' title='bbox 2505 1752 2664 1838; x_wconf 64' lang='lat' dir='ltr'><strong>nobis</strong></span> <span class='ocrx_word' id='word_1_140' title='bbox 2716 1786 3022 1855; x_wconf 83' lang='lat' dir='ltr'><strong>spiritualis</strong></span> 
     </span>
    </p>
   </div>
   <div class='ocr_carea' id='block_1_22' title="bbox 396 1848 1980 1925">
    <p class='ocr_par' dir='ltr' id='par_1_22' title="bbox 396 1848 1980 1925">
     <span class='ocr_line' id='line_1_22' title="bbox 396 1848 1980 1925; baseline -0.006 -16"><span class='ocrx_word' id='word_1_141' title='bbox 396 1857 506 1910; x_wconf 89' lang='grc' dir='ltr'><strong>τῶν</strong></span> <span class='ocrx_word' id='word_1_142' title='bbox 531 1853 883 1925; x_wconf 77' lang='grc' dir='ltr'><strong>Ἰσραηλιτῶν</strong></span> <span class='ocrx_word' id='word_1_143' title='bbox 901 1850 1221 1920; x_wconf 77' lang='grc' dir='ltr'>ὀφθαλμοῖς.</span> <span class='ocrx_word' id='word_1_144' title='bbox 1237 1869 1256 1902; x_wconf 74' lang='grc' dir='ltr'><strong>ι</strong></span> <span class='ocrx_word' id='word_1_145' title='bbox 1291 1851 1380 1904; x_wconf 84' lang='grc' dir='ltr'><strong>Ἐν</strong></span> <span class='ocrx_word' id='word_1_146' title='bbox 1401 1849 1456 1902; x_wconf 78' lang='grc' dir='ltr'>δὲ</span> <span class='ocrx_word' id='word_1_147' title='bbox 1479 1852 1545 1920; x_wconf 76' lang='grc' dir='ltr'>τῇ</span> <span class='ocrx_word' id='word_1_148' title='bbox 1572 1850 1770 1919; x_wconf 82' lang='grc' dir='ltr'>Καινῇ,</span> <span class='ocrx_word' id='word_1_149' title='bbox 1789 1848 1980 1902; x_wconf 81' lang='grc' dir='ltr'>τούτου</span> 
     </span>
    </p>
   </div>
   <div class='ocr_carea' id='block_1_23' title="bbox 394 1938 1980 2019">
    <p class='ocr_par' dir='ltr' id='par_1_23' title="bbox 394 1938 1980 2019">
     <span class='ocr_line' id='line_1_23' title="bbox 394 1938 1980 2019; baseline -0.007 -17"><span class='ocrx_word' id='word_1_150' title='bbox 394 1947 578 2019; x_wconf 80' lang='grc' dir='ltr'>πολλῷ</span> <span class='ocrx_word' id='word_1_151' title='bbox 617 1946 779 1999; x_wconf 85' lang='grc' dir='ltr'>πλέον</span> <span class='ocrx_word' id='word_1_152' title='bbox 835 1941 1109 2012; x_wconf 79' lang='grc' dir='ltr'>ἐξέλαμψε</span> <span class='ocrx_word' id='word_1_153' title='bbox 1151 1941 1212 1994; x_wconf 82' lang='grc' dir='ltr'>τὸ</span> <span class='ocrx_word' id='word_1_154' title='bbox 1245 1940 1340 1994; x_wconf 87' lang='grc' dir='ltr'><strong>τοῦ</strong></span> <span class='ocrx_word' id='word_1_155' title='bbox 1373 1938 1634 2012; x_wconf 75' lang='grc' dir='ltr'>Χριστοῦ.</span> <span class='ocrx_word' id='word_1_156' title='bbox 1706 1939 1980 2010; x_wconf 82' lang='grc' dir='ltr'>Ἀκήκοας</span> 
     </span>
    </p>
   </div>
   <div class='ocr_carea' id='block_1_24' title="bbox 391 2029 1978 2111">
    <p class='ocr_par' dir='ltr' id='par_1_24' title="bbox 391 2029 1978 2111">
     <span class='ocr_line' id='line_1_24' title="bbox 391 2029 1978 2111; baseline -0.009 -16"><span class='ocrx_word' id='word_1_157' title='bbox 391 2041 500 2095; x_wconf 89' lang='grc' dir='ltr'><strong>τῶν</strong></span> <span class='ocrx_word' id='word_1_158' title='bbox 530 2037 790 2111; x_wconf 79' lang='grc' dir='ltr'><strong>ῥημάτων</strong></span> <span class='ocrx_word' id='word_1_159' title='bbox 821 2035 914 2088; x_wconf 87' lang='grc' dir='ltr'><strong>τοῦ</strong></span> <span class='ocrx_word' id='word_1_160' title='bbox 951 2035 1308 2104; x_wconf 75' lang='grc' dir='ltr'>Πνεύματοςς</span> <span class='ocrx_word' id='word_1_161' title='bbox 1343 2035 1587 2102; x_wconf 66' lang='grc' dir='ltr'>συνῆκαέ</span> <span class='ocrx_word' id='word_1_162' title='bbox 1626 2029 1719 2084; x_wconf 87' lang='grc' dir='ltr'><strong>τοῦ</strong></span> <span class='ocrx_word' id='word_1_163' title='bbox 1766 2047 1978 2102; x_wconf 87' lang='grc' dir='ltr'>μυστη-</span> 
     </span>
    </p>
   </div>
   <div class='ocr_carea' id='block_1_25' title="bbox 398 2121 1981 2203">
    <p class='ocr_par' dir='ltr' id='par_1_25' title="bbox 398 2121 1981 2203">
     <span class='ocr_line' id='line_1_25' title="bbox 398 2121 1981 2203; baseline -0.007 -18"><span class='ocrx_word' id='word_1_164' title='bbox 398 2132 514 2203; x_wconf 83' lang='grc' dir='ltr'>ρίου</span> <span class='ocrx_word' id='word_1_165' title='bbox 565 2129 664 2200; x_wconf 83' lang='grc' dir='ltr'><strong>τὴν</strong></span> <span class='ocrx_word' id='word_1_166' title='bbox 699 2127 972 2197; x_wconf 88' lang='grc' dir='ltr'>δύναμιν;</span> <span class='ocrx_word' id='word_1_167' title='bbox 1009 2125 1255 2194; x_wconf 76' lang='grc' dir='ltr'><strong>ἐπέγνως</strong></span> <span class='ocrx_word' id='word_1_168' title='bbox 1303 2127 1489 2177; x_wconf 86' lang='grc' dir='ltr'>ὁποῖαι</span> <span class='ocrx_word' id='word_1_169' title='bbox 1548 2123 1645 2193; x_wconf 80' lang='grc' dir='ltr'><strong>μὲν</strong></span> <span class='ocrx_word' id='word_1_170' title='bbox 1686 2123 1741 2176; x_wconf 84' lang='grc' dir='ltr'>αἱ</span> <span class='ocrx_word' id='word_1_171' title='bbox 1792 2121 1981 2184; x_wconf 81' lang='grc' dir='ltr'><strong>ὠδῖνες</strong></span> 
     </span>
    </p>
   </div>
   <div class='ocr_carea' id='block_1_26' title="bbox 394 2210 1979 2292">
    <p class='ocr_par' dir='ltr' id='par_1_26' title="bbox 394 2210 1979 2292">
     <span class='ocr_line' id='line_1_26' title="bbox 394 2210 1979 2292; baseline -0.008 -18"><span class='ocrx_word' id='word_1_172' title='bbox 394 2223 493 2292; x_wconf 74' lang='grc' dir='ltr'>τῆς</span> <span class='ocrx_word' id='word_1_173' title='bbox 548 2220 763 2282; x_wconf 81' lang='grc' dir='ltr'>τελείας</span> <span class='ocrx_word' id='word_1_174' title='bbox 818 2220 876 2270; x_wconf 82' lang='grc' dir='ltr'><strong>ἐν</strong></span> <span class='ocrx_word' id='word_1_175' title='bbox 943 2218 1078 2288; x_wconf 72' lang='grc' dir='ltr'>ἡμῖν</span> <span class='ocrx_word' id='word_1_176' title='bbox 1130 2217 1194 2269; x_wconf 89' lang='grc' dir='ltr'><strong>ἐκ</strong></span> <span class='ocrx_word' id='word_1_177' title='bbox 1257 2215 1357 2286; x_wconf 83' lang='grc' dir='ltr'><strong>τῆς</strong></span> <span class='ocrx_word' id='word_1_178' title='bbox 1405 2214 1556 2284; x_wconf 80' lang='grc' dir='ltr'>ἱερᾶς</span> <span class='ocrx_word' id='word_1_179' title='bbox 1588 2210 1979 2282; x_wconf 82' lang='grc' dir='ltr'>κολυμϐήθρας</span> 
     </span>
    </p>
   </div>
   <div class='ocr_carea' id='block_1_27' title="bbox 395 2301 1975 2380">
    <p class='ocr_par' dir='ltr' id='par_1_27' title="bbox 395 2301 1975 2380">
     <span class='ocr_line' id='line_1_27' title="bbox 395 2301 1975 2380; baseline -0.008 -15"><span class='ocrx_word' id='word_1_180' title='bbox 395 2308 776 2380; x_wconf 80' lang='grc' dir='ltr'><strong>πνευματικῆς</strong></span> <span class='ocrx_word' id='word_1_181' title='bbox 803 2306 1163 2368; x_wconf 80' lang='grc' dir='ltr'>άναπλάσεως</span> <span class='ocrx_word' id='word_1_182' title='bbox 1191 2322 1205 2371; x_wconf 89' lang='grc'>;</span> <span class='ocrx_word' id='word_1_183' title='bbox 1233 2305 1417 2374; x_wconf 79' lang='grc' dir='ltr'>ἡλίκαι</span> <span class='ocrx_word' id='word_1_184' title='bbox 1450 2304 1506 2357; x_wconf 86' lang='grc' dir='ltr'>δὲ</span> <span class='ocrx_word' id='word_1_185' title='bbox 1521 2305 1577 2357; x_wconf 83' lang='grc' dir='ltr'><strong>αί</strong></span> <span class='ocrx_word' id='word_1_186' title='bbox 1607 2301 1932 2372; x_wconf 85' lang='grc' dir='ltr'>ἐπικαρπίαι</span> <span class='ocrx_word' id='word_1_187' title='bbox 1958 2339 1975 2366; x_wconf 92' lang='grc'><strong>,</strong></span> 
     </span>
    </p>
   </div>
   <div class='ocr_carea' id='block_1_28' title="bbox 395 2392 1977 2472">
    <p class='ocr_par' dir='ltr' id='par_1_28' title="bbox 395 2392 1977 2472">
     <span class='ocr_line' id='line_1_28' title="bbox 395 2392 1977 2472; baseline -0.009 -14"><span class='ocrx_word' id='word_1_188' title='bbox 395 2406 491 2458; x_wconf 73' lang='grc' dir='ltr'>καὶ</span> <span class='ocrx_word' id='word_1_189' title='bbox 514 2403 575 2456; x_wconf 82' lang='grc' dir='ltr'>τὸ</span> <span class='ocrx_word' id='word_1_190' title='bbox 608 2401 903 2472; x_wconf 84' lang='grc' dir='ltr'>πλήρωμα,</span> <span class='ocrx_word' id='word_1_191' title='bbox 933 2399 1030 2452; x_wconf 71' lang='grc' dir='ltr'>καὶ</span> <span class='ocrx_word' id='word_1_192' title='bbox 1053 2397 1123 2451; x_wconf 83' lang='grc' dir='ltr'>τὰ</span> <span class='ocrx_word' id='word_1_193' title='bbox 1155 2397 1369 2450; x_wconf 77' lang='grc' dir='ltr'>ἔπαθλα</span> <span class='ocrx_word' id='word_1_194' title='bbox 1399 2411 1414 2462; x_wconf 90' lang='lat'><strong>;</strong></span> <span class='ocrx_word' id='word_1_195' title='bbox 1446 2394 1541 2449; x_wconf 75' lang='grc' dir='ltr'>καὶ</span> <span class='ocrx_word' id='word_1_196' title='bbox 1585 2395 1733 2458; x_wconf 84' lang='grc' dir='ltr'>ὅπως</span> <span class='ocrx_word' id='word_1_197' title='bbox 1761 2392 1868 2446; x_wconf 89' lang='grc' dir='ltr'><strong>τῶν</strong></span> <span class='ocrx_word' id='word_1_198' title='bbox 1893 2393 1977 2462; x_wconf 77' lang='grc' dir='ltr'><strong>ἐφ’</strong></span> 
     </span>
    </p>
   </div>
   <div class='ocr_carea' id='block_1_29' title="bbox 390 2487 1980 2568">
    <p class='ocr_par' dir='ltr' id='par_1_29' title="bbox 390 2487 1980 2568">
     <span class='ocr_line' id='line_1_29' title="bbox 390 2487 1980 2568; baseline -0.006 -19"><span class='ocrx_word' id='word_1_199' title='bbox 390 2499 522 2568; x_wconf 78' lang='grc' dir='ltr'>ἡμῖν</span> <span class='ocrx_word' id='word_1_200' title='bbox 561 2497 698 2561; x_wconf 83' lang='grc' dir='ltr'>ἐστι,</span> <span class='ocrx_word' id='word_1_201' title='bbox 727 2494 786 2547; x_wconf 78' lang='grc' dir='ltr'><strong>τὸ</strong></span> <span class='ocrx_word' id='word_1_202' title='bbox 814 2492 1019 2561; x_wconf 88' lang='grc' dir='ltr'>ταύτην</span> <span class='ocrx_word' id='word_1_203' title='bbox 1042 2491 1142 2562; x_wconf 84' lang='grc' dir='ltr'>τὴν</span> <span class='ocrx_word' id='word_1_204' title='bbox 1177 2491 1429 2562; x_wconf 67' lang='grc' dir='ltr'>ὑπερφυᾶ</span> <span class='ocrx_word' id='word_1_205' title='bbox 1453 2492 1634 2560; x_wconf 84' lang='grc' dir='ltr'>χάριν,</span> <span class='ocrx_word' id='word_1_206' title='bbox 1670 2488 1767 2540; x_wconf 77' lang='grc' dir='ltr'><strong>καὶ</strong></span> <span class='ocrx_word' id='word_1_207' title='bbox 1811 2487 1980 2552; x_wconf 81' lang='grc' dir='ltr'>αὐξά-</span> 
     </span>
    </p>
   </div>
   <div class='ocr_carea' id='block_1_30' title="bbox 389 2578 1975 2654">
    <p class='ocr_par' dir='ltr' id='par_1_30' title="bbox 389 2578 1975 2654">
     <span class='ocr_line' id='line_1_30' title="bbox 389 2578 1975 2654; baseline -0.008 -10"><span class='ocrx_word' id='word_1_208' title='bbox 389 2606 499 2644; x_wconf 88' lang='grc' dir='ltr'>νειν</span> <span class='ocrx_word' id='word_1_209' title='bbox 555 2587 650 2641; x_wconf 70' lang='grc' dir='ltr'><strong>καὶ</strong></span> <span class='ocrx_word' id='word_1_210' title='bbox 699 2584 978 2650; x_wconf 86' lang='grc' dir='ltr'>ἐλαττοῦν,</span> <span class='ocrx_word' id='word_1_211' title='bbox 1012 2585 1181 2654; x_wconf 75' lang='grc' dir='ltr'>ἤγουν</span> <span class='ocrx_word' id='word_1_212' title='bbox 1207 2581 1494 2653; x_wconf 80' lang='grc' dir='ltr'>φανεροῦν,</span> <span class='ocrx_word' id='word_1_213' title='bbox 1520 2582 1615 2634; x_wconf 79' lang='grc' dir='ltr'><strong>καὶ</strong></span> <span class='ocrx_word' id='word_1_214' title='bbox 1663 2578 1975 2652; x_wconf 76' lang='grc' dir='ltr'>ἀμαυροῦν,</span> 
     </span>
    </p>
   </div>
   <div class='ocr_carea' id='block_1_31' title="bbox 389 2668 1978 2746">
    <p class='ocr_par' dir='ltr' id='par_1_31' title="bbox 389 2668 1978 2746">
     <span class='ocr_line' id='line_1_31' title="bbox 389 2668 1978 2746; baseline -0.006 -16"><span class='ocrx_word' id='word_1_215' title='bbox 389 2678 512 2731; x_wconf 83' lang='grc' dir='ltr'>ὅσον</span> <span class='ocrx_word' id='word_1_216' title='bbox 533 2676 594 2729; x_wconf 81' lang='grc' dir='ltr'><strong>τὸ</strong></span> <span class='ocrx_word' id='word_1_217' title='bbox 625 2674 746 2729; x_wconf 85' lang='grc' dir='ltr'>καθ’</span> <span class='ocrx_word' id='word_1_218' title='bbox 775 2676 962 2746; x_wconf 57' lang='lat' dir='ltr'><strong>huic;</strong></span> <span class='ocrx_word' id='word_1_219' title='bbox 1017 2674 1099 2727; x_wconf 84' lang='grc' dir='ltr'><strong>Τὰ</strong></span> <span class='ocrx_word' id='word_1_220' title='bbox 1150 2673 1207 2727; x_wconf 81' lang='grc' dir='ltr'><strong>δέ</strong></span> <span class='ocrx_word' id='word_1_221' title='bbox 1243 2676 1414 2736; x_wconf 85' lang='grc' dir='ltr'>ἐστιν,</span> <span class='ocrx_word' id='word_1_222' title='bbox 1470 2673 1503 2741; x_wconf 76' lang='grc' dir='ltr'>ἡ</span> <span class='ocrx_word' id='word_1_223' title='bbox 1560 2671 1670 2723; x_wconf 88' lang='grc' dir='ltr'>τῶν</span> <span class='ocrx_word' id='word_1_224' title='bbox 1700 2668 1978 2741; x_wconf 83' lang='grc' dir='ltr'><strong>βιωτικῶν</strong></span> 
     </span>
    </p>
   </div>
   <div class='ocr_carea' id='block_1_32' title="bbox 391 2762 1978 2840">
    <p class='ocr_par' dir='ltr' id='par_1_32' title="bbox 391 2762 1978 2840">
     <span class='ocr_line' id='line_1_32' title="bbox 391 2762 1978 2840; baseline -0.007 -16"><span class='ocrx_word' id='word_1_225' title='bbox 391 2769 736 2840; x_wconf 80' lang='grc' dir='ltr'>πραγμάτων</span> <span class='ocrx_word' id='word_1_226' title='bbox 769 2766 966 2820; x_wconf 81' lang='grc' dir='ltr'>θύελλα</span> <span class='ocrx_word' id='word_1_227' title='bbox 992 2808 1007 2831; x_wconf 90' lang='grc'><strong>,</strong></span> <span class='ocrx_word' id='word_1_228' title='bbox 1042 2767 1196 2836; x_wconf 75' lang='grc' dir='ltr'><strong>καὶὴ</strong></span> <span class='ocrx_word' id='word_1_229' title='bbox 1231 2765 1289 2832; x_wconf 79' lang='grc' dir='ltr'><strong>ἐξ</strong></span> <span class='ocrx_word' id='word_1_230' title='bbox 1347 2765 1530 2818; x_wconf 80' lang='grc' dir='ltr'>αὐτῶν</span> <span class='ocrx_word' id='word_1_231' title='bbox 1576 2762 1978 2833; x_wconf 82' lang='grc' dir='ltr'>ἁποτικτομένη</span> 
     </span>
    </p>
   </div>
   <div class='ocr_carea' id='block_1_33' title="bbox 390 2858 1978 2932">
    <p class='ocr_par' dir='ltr' id='par_1_33' title="bbox 390 2858 1978 2932">
     <span class='ocr_line' id='line_1_33' title="bbox 390 2858 1978 2932; baseline -0.003 -17"><span class='ocrx_word' id='word_1_232' title='bbox 390 2862 500 2915; x_wconf 86' lang='grc' dir='ltr'><strong>τῶν</strong></span> <span class='ocrx_word' id='word_1_233' title='bbox 519 2862 707 2915; x_wconf 86' lang='grc' dir='ltr'>παθῶν</span> <span class='ocrx_word' id='word_1_234' title='bbox 748 2862 1086 2932; x_wconf 72' lang='grc' dir='ltr'>σκοτομήνη,</span> <span class='ocrx_word' id='word_1_235' title='bbox 1124 2858 1160 2914; x_wconf 69' lang='grc' dir='ltr'>ἃ</span> <span class='ocrx_word' id='word_1_236' title='bbox 1198 2859 1356 2930; x_wconf 82' lang='grc' dir='ltr'>δίκην</span> <span class='ocrx_word' id='word_1_237' title='bbox 1387 2858 1656 2929; x_wconf 82' lang='grc' dir='ltr'>χειμῶνος</span> <span class='ocrx_word' id='word_1_238' title='bbox 1682 2858 1752 2929; x_wconf 79' lang='grc' dir='ltr'>,ἢ</span> <span class='ocrx_word' id='word_1_239' title='bbox 1786 2858 1978 2926; x_wconf 83' lang='grc' dir='ltr'>ἀγρίου</span> 
     </span>
    </p>
   </div>
   <div class='ocr_carea' id='block_1_34' title="bbox 391 2951 1981 3027">
    <p class='ocr_par' dir='ltr' id='par_1_34' title="bbox 391 2951 1981 3027">
     <span class='ocr_line' id='line_1_34' title="bbox 391 2951 1981 3027; baseline -0.003 -19"><span class='ocrx_word' id='word_1_240' title='bbox 391 2957 691 3027; x_wconf 74' lang='grc' dir='ltr'>χειμάρρου</span> <span class='ocrx_word' id='word_1_241' title='bbox 723 2957 850 3026; x_wconf 81' lang='grc' dir='ltr'>ἡμῖν</span> <span class='ocrx_word' id='word_1_242' title='bbox 894 2953 1257 3026; x_wconf 74' lang='grc' dir='ltr'>ἐπιρῤυὲντα,</span> <span class='ocrx_word' id='word_1_243' title='bbox 1309 2952 1404 3004; x_wconf 76' lang='grc' dir='ltr'>καὶ</span> <span class='ocrx_word' id='word_1_244' title='bbox 1435 2951 1534 3022; x_wconf 82' lang='grc' dir='ltr'>τὴν</span> <span class='ocrx_word' id='word_1_245' title='bbox 1575 2951 1756 3022; x_wconf 76' lang='grc' dir='ltr'>ψυχὴν</span> <span class='ocrx_word' id='word_1_246' title='bbox 1808 2966 1981 3004; x_wconf 81' lang='grc' dir='ltr'>κατα-</span> 
     </span>
    </p>
   </div>
   <div class='ocr_carea' id='block_1_35' title="bbox 391 3042 2071 3114">
    <p class='ocr_par' dir='ltr' id='par_1_35' title="bbox 391 3042 2071 3114">
     <span class='ocr_line' id='line_1_35' title="bbox 391 3042 2071 3114; baseline -0.004 -13"><span class='ocrx_word' id='word_1_247' title='bbox 391 3048 679 3112; x_wconf 81' lang='grc' dir='ltr'>κλύζοντα,</span> <span class='ocrx_word' id='word_1_248' title='bbox 738 3047 858 3100; x_wconf 82' lang='grc' dir='ltr'><strong>ούδέ</strong></span> <span class='ocrx_word' id='word_1_249' title='bbox 900 3044 1239 3099; x_wconf 75' lang='grc' dir='ltr'>ἀναπνεῦσαι</span> <span class='ocrx_word' id='word_1_250' title='bbox 1266 3085 1280 3109; x_wconf 95' lang='grc'><strong>,</strong></span> <span class='ocrx_word' id='word_1_251' title='bbox 1326 3044 1358 3114; x_wconf 84' lang='grc' dir='ltr'>ἢ</span> <span class='ocrx_word' id='word_1_252' title='bbox 1421 3042 1728 3097; x_wconf 86' lang='grc' dir='ltr'>ἐνατενίσαι</span> <span class='ocrx_word' id='word_1_253' title='bbox 1774 3043 1979 3112; x_wconf 85' lang='grc' dir='ltr'>ταύτην</span> <span class='ocrx_word' id='word_1_254' title='bbox 2017 3067 2071 3114; x_wconf 28' lang='grc' dir='ltr'><strong>ᾧ.</strong></span> 
     </span>
    </p>
   </div>
   <div class='ocr_carea' id='block_1_36' title="bbox 391 3133 2065 3210">
    <p class='ocr_par' dir='ltr' id='par_1_36' title="bbox 391 3133 2065 3210">
     <span class='ocr_line' id='line_1_36' title="bbox 391 3133 2065 3210; baseline -0.004 -18"><span class='ocrx_word' id='word_1_255' title='bbox 391 3141 523 3192; x_wconf 80' lang='grc' dir='ltr'>ἐῶσι</span> <span class='ocrx_word' id='word_1_256' title='bbox 553 3139 688 3210; x_wconf 75' lang='grc' dir='ltr'>πρὸς</span> <span class='ocrx_word' id='word_1_257' title='bbox 710 3139 768 3191; x_wconf 84' lang='grc' dir='ltr'><strong>τὸ</strong></span> <span class='ocrx_word' id='word_1_258' title='bbox 783 3139 950 3201; x_wconf 81' lang='grc' dir='ltr'>ὅντως</span> <span class='ocrx_word' id='word_1_259' title='bbox 971 3137 1030 3190; x_wconf 77' lang='grc' dir='ltr'><strong>ὃν</strong></span> <span class='ocrx_word' id='word_1_260' title='bbox 1057 3136 1242 3200; x_wconf 83' lang='grc' dir='ltr'>καλὸν,</span> <span class='ocrx_word' id='word_1_261' title='bbox 1270 3136 1362 3190; x_wconf 79' lang='grc' dir='ltr'>καὶ</span> <span class='ocrx_word' id='word_1_262' title='bbox 1399 3134 1688 3205; x_wconf 85' lang='grc' dir='ltr'>μακάριον,</span> <span class='ocrx_word' id='word_1_263' title='bbox 1713 3133 1782 3187; x_wconf 84' lang='grc' dir='ltr'>δι’</span> <span class='ocrx_word' id='word_1_264' title='bbox 1821 3134 1850 3187; x_wconf 83' lang='grc' dir='ltr'><strong>ὃ</strong></span> <span class='ocrx_word' id='word_1_265' title='bbox 1884 3133 2065 3195; x_wconf 48' lang='lat' dir='ltr'><strong>xui“-</strong></span> 
     </span>
    </p>
   </div>
   <div class='ocr_carea' id='block_1_37' title="bbox 390 3225 1980 3302">
    <p class='ocr_par' dir='ltr' id='par_1_37' title="bbox 390 3225 1980 3302">
     <span class='ocr_line' id='line_1_37' title="bbox 390 3225 1980 3302; baseline -0.005 -17"><span class='ocrx_word' id='word_1_266' title='bbox 390 3231 706 3302; x_wconf 81' lang='grc' dir='ltr'>γεγένηται,</span> <span class='ocrx_word' id='word_1_267' title='bbox 733 3230 848 3284; x_wconf 77' lang='grc' dir='ltr'>ἀλλ’</span> <span class='ocrx_word' id='word_1_268' title='bbox 869 3231 1006 3292; x_wconf 85' lang='grc' dir='ltr'>ὅλως</span> <span class='ocrx_word' id='word_1_269' title='bbox 1040 3229 1190 3299; x_wconf 86' lang='grc' dir='ltr'>ὃλην,</span> <span class='ocrx_word' id='word_1_270' title='bbox 1227 3227 1306 3299; x_wconf 82' lang='grc' dir='ltr'><strong>τῷ</strong></span> <span class='ocrx_word' id='word_1_271' title='bbox 1359 3227 1509 3298; x_wconf 87' lang='grc' dir='ltr'>σάλῳ</span> <span class='ocrx_word' id='word_1_272' title='bbox 1558 3225 1752 3297; x_wconf 76' lang='grc' dir='ltr'>καὶτῷ</span> <span class='ocrx_word' id='word_1_273' title='bbox 1786 3225 1980 3297; x_wconf 83' lang='grc' dir='ltr'>καπνῷ</span> 
     </span>
    </p>
   </div>
   <div class='ocr_carea' id='block_1_38' title="bbox 399 3315 1977 3391">
    <p class='ocr_par' dir='ltr' id='par_1_38' title="bbox 399 3315 1977 3391">
     <span class='ocr_line' id='line_1_38' title="bbox 399 3315 1977 3391; baseline -0.005 -16"><span class='ocrx_word' id='word_1_274' title='bbox 399 3321 510 3375; x_wconf 86' lang='grc' dir='ltr'><strong>τῶν</strong></span> <span class='ocrx_word' id='word_1_275' title='bbox 531 3322 734 3391; x_wconf 71' lang='grc' dir='ltr'>ἡδονῶν</span> <span class='ocrx_word' id='word_1_276' title='bbox 759 3320 1076 3389; x_wconf 84' lang='grc' dir='ltr'>δονηθεῖσαν</span> <span class='ocrx_word' id='word_1_277' title='bbox 1121 3320 1214 3373; x_wconf 78' lang='grc' dir='ltr'>καὶ</span> <span class='ocrx_word' id='word_1_278' title='bbox 1243 3317 1619 3390; x_wconf 86' lang='grc' dir='ltr'>δριμυθεῖσαν,</span> <span class='ocrx_word' id='word_1_279' title='bbox 1647 3315 1977 3380; x_wconf 73' lang='grc' dir='ltr'>σκοτί-ζουσι,</span> 
     </span>
    </p>
   </div>
   <div class='ocr_carea' id='block_1_39' title="bbox 391 3407 1980 3486">
    <p class='ocr_par' dir='ltr' id='par_1_39' title="bbox 391 3407 1980 3486">
     <span class='ocr_line' id='line_1_39' title="bbox 391 3407 1980 3486; baseline -0.005 -18"><span class='ocrx_word' id='word_1_280' title='bbox 391 3418 487 3469; x_wconf 75' lang='grc' dir='ltr'><strong>καὶ</strong></span> <span class='ocrx_word' id='word_1_281' title='bbox 519 3413 846 3486; x_wconf 83' lang='grc' dir='ltr'>ὑποϐρύχιον</span> <span class='ocrx_word' id='word_1_282' title='bbox 879 3413 1311 3482; x_wconf 80' lang='grc' dir='ltr'>ἀπεργάζονται.</span> <span class='ocrx_word' id='word_1_283' title='bbox 1350 3411 1564 3479; x_wconf 80' lang='grc' dir='ltr'>Ὠσπερ</span> <span class='ocrx_word' id='word_1_284' title='bbox 1595 3409 1726 3477; x_wconf 84' lang='grc' dir='ltr'>γοῦν</span> <span class='ocrx_word' id='word_1_285' title='bbox 1757 3407 1829 3462; x_wconf 82' lang='grc' dir='ltr'>τὰ</span> <span class='ocrx_word' id='word_1_286' title='bbox 1856 3407 1980 3461; x_wconf 87' lang='grc' dir='ltr'>τού-</span> 
     </span>
    </p>
   </div>
   <div class='ocr_carea' id='block_1_40' title="bbox 390 3499 1980 3576">
    <p class='ocr_par' dir='ltr' id='par_1_40' title="bbox 390 3499 1980 3576">
     <span class='ocr_line' id='line_1_40' title="bbox 390 3499 1980 3576; baseline -0.009 -10"><span class='ocrx_word' id='word_1_287' title='bbox 390 3529 498 3566; x_wconf 89' lang='grc' dir='ltr'><strong>των</strong></span> <span class='ocrx_word' id='word_1_288' title='bbox 523 3505 675 3571; x_wconf 80' lang='grc' dir='ltr'>αὖθις</span> <span class='ocrx_word' id='word_1_289' title='bbox 699 3506 941 3572; x_wconf 84' lang='grc' dir='ltr'>ἐναντία,</span> <span class='ocrx_word' id='word_1_290' title='bbox 973 3507 1092 3576; x_wconf 72' lang='grc' dir='ltr'>ἦτοι</span> <span class='ocrx_word' id='word_1_291' title='bbox 1113 3504 1183 3559; x_wconf 73' lang='grc' dir='ltr'>τὰ</span> <span class='ocrx_word' id='word_1_292' title='bbox 1205 3503 1294 3556; x_wconf 80' lang='grc' dir='ltr'><strong>διὰ</strong></span> <span class='ocrx_word' id='word_1_293' title='bbox 1319 3502 1427 3555; x_wconf 89' lang='grc' dir='ltr'><strong>τῶν</strong></span> <span class='ocrx_word' id='word_1_294' title='bbox 1454 3499 1718 3554; x_wconf 82' lang='grc' dir='ltr'>θεοποιῶν</span> <span class='ocrx_word' id='word_1_295' title='bbox 1749 3499 1980 3553; x_wconf 79' lang='grc' dir='ltr'>ἐντολῶν</span> 
     </span>
    </p>
   </div>
   <div class='ocr_carea' id='block_1_41' title="bbox 392 3591 1982 3671">
    <p class='ocr_par' dir='ltr' id='par_1_41' title="bbox 392 3591 1982 3671">
     <span class='ocr_line' id='line_1_41' title="bbox 392 3591 1982 3671; baseline -0.008 -14"><span class='ocrx_word' id='word_1_296' title='bbox 392 3600 858 3671; x_wconf 74' lang='grc' dir='ltr'>άπογεννῶμενα,</span> <span class='ocrx_word' id='word_1_297' title='bbox 924 3600 1037 3660; x_wconf 82' lang='grc' dir='ltr'>τοῖς</span> <span class='ocrx_word' id='word_1_298' title='bbox 1093 3597 1168 3666; x_wconf 83' lang='grc' dir='ltr'>μὴ</span> <span class='ocrx_word' id='word_1_299' title='bbox 1212 3594 1355 3648; x_wconf 83' lang='grc' dir='ltr'>κατὰ</span> <span class='ocrx_word' id='word_1_300' title='bbox 1407 3593 1610 3663; x_wconf 83' lang='grc' dir='ltr'>σάρκα,</span> <span class='ocrx_word' id='word_1_301' title='bbox 1657 3591 1794 3645; x_wconf 82' lang='grc' dir='ltr'><strong>άλλὰ</strong></span> <span class='ocrx_word' id='word_1_302' title='bbox 1838 3591 1982 3646; x_wconf 71' lang='grc' dir='ltr'>κατὰ</span> 
     </span>
    </p>
   </div>
   <div class='ocr_carea' id='block_1_42' title="bbox 393 3687 1979 3765">
    <p class='ocr_par' dir='ltr' id='par_1_42' title="bbox 393 3687 1979 3765">
     <span class='ocr_line' id='line_1_42' title="bbox 393 3687 1979 3765; baseline -0.007 -16"><span class='ocrx_word' id='word_1_303' title='bbox 393 3696 610 3765; x_wconf 90' lang='grc' dir='ltr'>πνεῦμα</span> <span class='ocrx_word' id='word_1_304' title='bbox 639 3692 999 3764; x_wconf 80' lang='grc' dir='ltr'>περιπατοῦσι</span> <span class='ocrx_word' id='word_1_305' title='bbox 1031 3691 1332 3765; x_wconf 83' lang='grc' dir='ltr'>(ιΙνεύματι</span> <span class='ocrx_word' id='word_1_306' title='bbox 1364 3691 1494 3760; x_wconf 82' lang='grc' dir='ltr'>γάρ,</span> <span class='ocrx_word' id='word_1_307' title='bbox 1530 3687 1666 3759; x_wconf 68' lang='grc' dir='ltr'>φησὶ</span> <span class='ocrx_word' id='word_1_308' title='bbox 1690 3727 1705 3752; x_wconf 94' lang='grc'><strong>,</strong></span> <span class='ocrx_word' id='word_1_309' title='bbox 1739 3703 1979 3756; x_wconf 89' lang='grc' dir='ltr'>περιπα-</span> 
     </span>
    </p>
   </div>
   <div class='ocr_carea' id='block_1_43' title="bbox 397 3779 1980 3854">
    <p class='ocr_par' dir='ltr' id='par_1_43' title="bbox 397 3779 1980 3854">
     <span class='ocr_line' id='line_1_43' title="bbox 397 3779 1980 3854; baseline -0.006 -15"><span class='ocrx_word' id='word_1_310' title='bbox 397 3789 561 3851; x_wconf 87' lang='grc' dir='ltr'>τεῖτε,</span> <span class='ocrx_word' id='word_1_311' title='bbox 585 3787 676 3840; x_wconf 70' lang='grc' dir='ltr'>καὶ</span> <span class='ocrx_word' id='word_1_312' title='bbox 699 3784 992 3853; x_wconf 69' lang='grc' dir='ltr'>ἐπιθυμίαν</span> <span class='ocrx_word' id='word_1_313' title='bbox 1009 3783 1208 3854; x_wconf 73' lang='grc' dir='ltr'>σαρκὸς</span> <span class='ocrx_word' id='word_1_314' title='bbox 1230 3783 1291 3835; x_wconf 84' lang='grc' dir='ltr'><strong>οὐ</strong></span> <span class='ocrx_word' id='word_1_315' title='bbox 1313 3781 1387 3852; x_wconf 85' lang='grc' dir='ltr'>μὴ</span> <span class='ocrx_word' id='word_1_316' title='bbox 1409 3779 1722 3851; x_wconf 80' lang='grc' dir='ltr'>τελέσητε),</span> <span class='ocrx_word' id='word_1_317' title='bbox 1739 3779 1980 3848; x_wconf 88' lang='grc' dir='ltr'>ὀνήσιμα</span> 
     </span>
    </p>
   </div>
   <div class='ocr_carea' id='block_1_44' title="bbox 399 3869 1980 3946">
    <p class='ocr_par' dir='ltr' id='par_1_44' title="bbox 399 3869 1980 3946">
     <span class='ocr_line' id='line_1_44' title="bbox 399 3869 1980 3946; baseline -0.004 -16"><span class='ocrx_word' id='word_1_318' title='bbox 399 3878 634 3946; x_wconf 82' lang='grc' dir='ltr'>πέφυκε,</span> <span class='ocrx_word' id='word_1_319' title='bbox 699 3877 794 3930; x_wconf 71' lang='grc' dir='ltr'><strong>καὶ</strong></span> <span class='ocrx_word' id='word_1_320' title='bbox 831 3877 1094 3946; x_wconf 82' lang='grc' dir='ltr'>σωτήρια,</span> <span class='ocrx_word' id='word_1_321' title='bbox 1133 3876 1228 3930; x_wconf 78' lang='grc' dir='ltr'><strong>καὶ</strong></span> <span class='ocrx_word' id='word_1_322' title='bbox 1289 3875 1425 3946; x_wconf 85' lang='grc' dir='ltr'>πρὸς</span> <span class='ocrx_word' id='word_1_323' title='bbox 1468 3874 1652 3938; x_wconf 80' lang='grc' dir='ltr'>αὑτὸν,</span> <span class='ocrx_word' id='word_1_324' title='bbox 1683 3871 1837 3942; x_wconf 87' lang='grc' dir='ltr'>δίκην</span> <span class='ocrx_word' id='word_1_325' title='bbox 1864 3869 1980 3924; x_wconf 83' lang='grc' dir='ltr'>κλί-</span> 
     </span>
    </p>
   </div>
   <div class='ocr_carea' id='block_1_45' title="bbox 399 3963 1978 4041">
    <p class='ocr_par' dir='ltr' id='par_1_45' title="bbox 399 3963 1978 4041">
     <span class='ocr_line' id='line_1_45' title="bbox 399 3963 1978 4041; baseline -0.005 -17"><span class='ocrx_word' id='word_1_326' title='bbox 399 3987 598 4041; x_wconf 84' lang='grc' dir='ltr'>μακος,</span> <span class='ocrx_word' id='word_1_327' title='bbox 633 3970 870 4038; x_wconf 77' lang='grc' dir='ltr'>φέροντα</span> <span class='ocrx_word' id='word_1_328' title='bbox 899 3967 989 4020; x_wconf 78' lang='grc' dir='ltr'>τὸν</span> <span class='ocrx_word' id='word_1_329' title='bbox 1022 3966 1322 4035; x_wconf 71' lang='grc' dir='ltr'>κολοφῶνα,</span> <span class='ocrx_word' id='word_1_330' title='bbox 1354 3965 1449 4019; x_wconf 79' lang='grc' dir='ltr'><strong>καὶ</strong></span> <span class='ocrx_word' id='word_1_331' title='bbox 1470 3965 1531 4017; x_wconf 67' lang='grc' dir='ltr'><strong>τὸ</strong></span> <span class='ocrx_word' id='word_1_332' title='bbox 1557 3963 1855 4034; x_wconf 76' lang='grc' dir='ltr'>ἀκρότατον</span> <span class='ocrx_word' id='word_1_333' title='bbox 1871 3963 1978 4017; x_wconf 87' lang='grc' dir='ltr'><strong>τῶν</strong></span> 
     </span>
    </p>
   </div>
   <div class='ocr_carea' id='block_1_46' title="bbox 393 4055 1693 4132">
    <p class='ocr_par' dir='ltr' id='par_1_46' title="bbox 393 4055 1693 4132">
     <span class='ocr_line' id='line_1_46' title="bbox 393 4055 1693 4132; baseline -0.005 -18"><span class='ocrx_word' id='word_1_334' title='bbox 393 4059 601 4114; x_wconf 84' lang='grc' dir='ltr'>άναϐαθ</span> <span class='ocrx_word' id='word_1_335' title='bbox 611 4060 746 4130; x_wconf 90' lang='grc' dir='ltr'>μῶν,</span> <span class='ocrx_word' id='word_1_336' title='bbox 771 4065 870 4132; x_wconf 81' lang='grc' dir='ltr'><strong>τὴν</strong></span> <span class='ocrx_word' id='word_1_337' title='bbox 892 4059 1134 4129; x_wconf 81' lang='grc' dir='ltr'>ἀγάπην,</span> <span class='ocrx_word' id='word_1_338' title='bbox 1165 4059 1284 4129; x_wconf 79' lang='grc' dir='ltr'>ἥτις</span> <span class='ocrx_word' id='word_1_339' title='bbox 1307 4059 1453 4110; x_wconf 67' lang='grc' dir='ltr'>ἐστὶν</span> <span class='ocrx_word' id='word_1_340' title='bbox 1484 4058 1512 4108; x_wconf 87' lang='grc' dir='ltr'>ὁ</span> <span class='ocrx_word' id='word_1_341' title='bbox 1539 4055 1693 4118; x_wconf 82' lang='grc' dir='ltr'>Θεός.</span> 
     </span>
    </p>
   </div>
   <div class='ocr_carea' id='block_1_47' title="bbox 392 4166 1978 4244">
    <p class='ocr_par' dir='ltr' id='par_1_47' title="bbox 392 4166 1978 4244">
     <span class='ocr_line' id='line_1_47' title="bbox 392 4166 1978 4244; baseline -0.006 -16"><span class='ocrx_word' id='word_1_342' title='bbox 392 4175 520 4228; x_wconf 79' lang='grc' dir='ltr'>Ὀτι</span> <span class='ocrx_word' id='word_1_343' title='bbox 560 4174 631 4228; x_wconf 77' lang='grc' dir='ltr'>ἐν</span> <span class='ocrx_word' id='word_1_344' title='bbox 662 4174 779 4244; x_wconf 81' lang='grc' dir='ltr'><strong>μὲν</strong></span> <span class='ocrx_word' id='word_1_345' title='bbox 818 4171 898 4238; x_wconf 78' lang='grc' dir='ltr'>τῷ</span> <span class='ocrx_word' id='word_1_346' title='bbox 946 4173 1100 4244; x_wconf 49' lang='grc' dir='ltr'>ἀνίοι</span> <span class='ocrx_word' id='word_1_347' title='bbox 1134 4171 1508 4244; x_wconf 65' lang='grc' dir='ltr'>βαπτίσματι</span> <span class='ocrx_word' id='word_1_348' title='bbox 1531 4210 1544 4231; x_wconf 93' lang='grc'><strong>,</strong></span> <span class='ocrx_word' id='word_1_349' title='bbox 1601 4167 1828 4244; x_wconf 40' lang='lat' dir='ltr'><strong>dmpsit?</strong></span> <span class='ocrx_word' id='word_1_350' title='bbox 1863 4166 1978 4244; x_wconf 55' lang='grc' dir='ltr'><strong>τὴν</strong></span> 
     </span>
    </p>
   </div>
   <div class='ocr_carea' id='block_1_48' title="bbox 454 4237 1975 4318">
    <p class='ocr_par' dir='ltr' id='par_1_48' title="bbox 454 4237 1975 4318">
     <span class='ocr_line' id='line_1_48' title="bbox 454 4237 1975 4318; baseline -0.007 -19"><span class='ocrx_word' id='word_1_351' title='bbox 454 4245 623 4318; x_wconf 71' lang='grc' dir='ltr'>θείαν</span> <span class='ocrx_word' id='word_1_352' title='bbox 646 4237 823 4313; x_wconf 54' lang='grc' dir='ltr'><strong>λάμν</strong></span> <span class='ocrx_word' id='word_1_353' title='bbox 851 4237 926 4296; x_wconf 79' lang='grc' dir='ltr'>δι’</span> <span class='ocrx_word' id='word_1_354' title='bbox 947 4237 1137 4318; x_wconf 57' lang='grc' dir='ltr'><strong>αᾷτῆς</strong></span> <span class='ocrx_word' id='word_1_355' title='bbox 1163 4241 1475 4318; x_wconf 59' lang='grc' dir='ltr'>δεχόμςᾷα,</span> <span class='ocrx_word' id='word_1_356' title='bbox 1507 4239 1733 4318; x_wconf 57' lang='grc' dir='ltr'>ταύτης</span> <span class='ocrx_word' id='word_1_357' title='bbox 1755 4237 1834 4318; x_wconf 44' lang='grc' dir='ltr'><strong>δὲ.</strong></span> <span class='ocrx_word' id='word_1_358' title='bbox 1851 4237 1975 4304; x_wconf 80' lang='grc' dir='ltr'>τοῖς</span> 
     </span>
    </p>
   </div>
   <div class='ocr_carea' id='block_1_49' title="bbox 462 4306 1974 4383">
    <p class='ocr_par' dir='ltr' id='par_1_49' title="bbox 462 4306 1974 4383">
     <span class='ocr_line' id='line_1_49' title="bbox 462 4306 1974 4383; baseline -0.005 -15"><span class='ocrx_word' id='word_1_359' title='bbox 462 4306 681 4368; x_wconf 74' lang='grc' dir='ltr'>πάθεάὶ</span> <span class='ocrx_word' id='word_1_360' title='bbox 719 4306 1267 4383; x_wconf 58' lang='grc' dir='ltr'>’συγκαλύψακτεςῗ</span> <span class='ocrx_word' id='word_1_361' title='bbox 1303 4306 1478 4383; x_wconf 67' lang='grc' dir='ltr'>αὖθις</span> <span class='ocrx_word' id='word_1_362' title='bbox 1535 4307 1610 4383; x_wconf 79' lang='grc' dir='ltr'>τῇ</span> <span class='ocrx_word' id='word_1_363' title='bbox 1648 4309 1769 4361; x_wconf 84' lang='grc' dir='ltr'>τῶν</span> <span class='ocrx_word' id='word_1_364' title='bbox 1809 4308 1974 4362; x_wconf 65' lang='lat' dir='ltr'><strong>erro-</strong></span> 
     </span>
    </p>
   </div>
   <div class='ocr_carea' id='block_1_50' title="bbox 453 4380 1785 4452">
    <p class='ocr_par' dir='ltr' id='par_1_50' title="bbox 453 4380 1785 4452">
     <span class='ocr_line' id='line_1_50' title="bbox 453 4380 1785 4452; baseline -0.004 -14"><span class='ocrx_word' id='word_1_365' title='bbox 453 4385 579 4438; x_wconf 74' lang='grc' dir='ltr'><strong>λῶν·</strong></span> <span class='ocrx_word' id='word_1_366' title='bbox 597 4380 996 4452; x_wconf 76' lang='grc' dir='ltr'>ἐκπληρώσει,</span> <span class='ocrx_word' id='word_1_367' title='bbox 1027 4380 1262 4449; x_wconf 77' lang='grc' dir='ltr'>ταύτην</span> <span class='ocrx_word' id='word_1_368' title='bbox 1286 4380 1785 4448; x_wconf 76' lang='grc' dir='ltr'>ἀνακαθαίρομεν.</span> 
     </span>
    </p>
   </div>
   <div class='ocr_carea' id='block_1_51' title="bbox 462 4489 1971 4564">
    <p class='ocr_par' dir='ltr' id='par_1_51' title="bbox 462 4489 1971 4564">
     <span class='ocr_line' id='line_1_51' title="bbox 462 4489 1971 4564; baseline -0.007 -13"><span class='ocrx_word' id='word_1_369' title='bbox 462 4500 536 4558; x_wconf 86' lang='grc' dir='ltr'>ς’.</span> <span class='ocrx_word' id='word_1_370' title='bbox 582 4493 745 4547; x_wconf 75' lang='grc' dir='ltr'>Ἀλλὰ</span> <span class='ocrx_word' id='word_1_371' title='bbox 782 4493 905 4546; x_wconf 86' lang='grc' dir='ltr'>τότε</span> <span class='ocrx_word' id='word_1_372' title='bbox 927 4493 1025 4564; x_wconf 80' lang='grc' dir='ltr'><strong>μὲν</strong></span> <span class='ocrx_word' id='word_1_373' title='bbox 1045 4495 1103 4546; x_wconf 89' lang='grc' dir='ltr'><strong>ἐν</strong></span> <span class='ocrx_word' id='word_1_374' title='bbox 1132 4497 1198 4562; x_wconf 77' lang='grc' dir='ltr'>τῇ</span> <span class='ocrx_word' id='word_1_375' title='bbox 1233 4491 1353 4563; x_wconf 64' lang='grc' dir='ltr'>θεία</span> <span class='ocrx_word' id='word_1_376' title='bbox 1385 4491 1590 4562; x_wconf 75' lang='grc' dir='ltr'>μήτρᾳ,</span> <span class='ocrx_word' id='word_1_377' title='bbox 1627 4489 1872 4560; x_wconf 85' lang='grc' dir='ltr'>δηλονότι</span> <span class='ocrx_word' id='word_1_378' title='bbox 1905 4492 1971 4560; x_wconf 76' lang='grc' dir='ltr'>τῇ</span> 
     </span>
    </p>
   </div>
   <div class='ocr_carea' id='block_1_52' title="bbox 2089 482 3672 565">
    <p class='ocr_par' dir='ltr' id='par_1_52' title="bbox 2089 482 3672 565">
     <span class='ocr_line' id='line_1_52' title="bbox 2089 482 3672 565; baseline 0.016 -26"><span class='ocrx_word' id='word_1_379' title='bbox 2089 482 2393 540; x_wconf 82' lang='lat' dir='ltr'><strong>amittimus</strong></span> <span class='ocrx_word' id='word_1_380' title='bbox 2443 497 2498 542; x_wconf 91' lang='lat' dir='ltr'><strong>et</strong></span> <span class='ocrx_word' id='word_1_381' title='bbox 2555 493 2618 543; x_wconf 91' lang='lat' dir='ltr'><strong>ad</strong></span> <span class='ocrx_word' id='word_1_382' title='bbox 2649 493 2930 548; x_wconf 89' lang='lat' dir='ltr'><strong>sensibilia</strong></span> <span class='ocrx_word' id='word_1_383' title='bbox 2991 501 3297 557; x_wconf 78' lang='lat' dir='ltr'><strong>evolatnus.</strong></span> <span class='ocrx_word' id='word_1_384' title='bbox 3350 502 3476 562; x_wconf 68' lang='lat' dir='ltr'><strong>llazc</strong></span> <span class='ocrx_word' id='word_1_385' title='bbox 3527 482 3672 565; x_wconf 74' lang='lat' dir='ltr'><strong>enim</strong></span> 
     </span>
    </p>
   </div>
   <div class='ocr_carea' id='block_1_53' title="bbox 2089 579 3672 658">
    <p class='ocr_par' dir='ltr' id='par_1_53' title="bbox 2089 579 3672 658">
     <span class='ocr_line' id='line_1_53' title="bbox 2089 579 3672 658; baseline 0.018 -29"><span class='ocrx_word' id='word_1_386' title='bbox 2089 579 2415 634; x_wconf 64' lang='lat' dir='ltr'><strong>Venerabilis</strong></span> <span class='ocrx_word' id='word_1_387' title='bbox 2467 597 2530 636; x_wconf 85' lang='lat' dir='ltr'><strong>ac</strong></span> <span class='ocrx_word' id='word_1_388' title='bbox 2571 583 2871 642; x_wconf 67' lang='grc' dir='ltr'>ἰιιιιποιιίιίς</span> <span class='ocrx_word' id='word_1_389' title='bbox 2892 589 3066 657; x_wconf 82' lang='lat' dir='ltr'><strong>gloria</strong></span> <span class='ocrx_word' id='word_1_390' title='bbox 3107 609 3273 650; x_wconf 87' lang='lat' dir='ltr'><strong>unum</strong></span> <span class='ocrx_word' id='word_1_391' title='bbox 3307 609 3402 652; x_wconf 87' lang='lat' dir='ltr'><strong>aut</strong></span> <span class='ocrx_word' id='word_1_392' title='bbox 3441 601 3672 658; x_wconf 77' lang='lat' dir='ltr'><strong>alterum</strong></span> 
     </span>
    </p>
   </div>
   <div class='ocr_carea' id='block_1_54' title="bbox 2089 667 3670 760">
    <p class='ocr_par' dir='ltr' id='par_1_54' title="bbox 2089 667 3670 760">
     <span class='ocr_line' id='line_1_54' title="bbox 2089 667 3670 760; baseline 0.018 -39"><span class='ocrx_word' id='word_1_393' title='bbox 2089 667 2230 721; x_wconf 82' lang='lat' dir='ltr'><strong>diem</strong></span> <span class='ocrx_word' id='word_1_394' title='bbox 2250 670 2301 720; x_wconf 91' lang='lat' dir='ltr'><strong>in</strong></span> <span class='ocrx_word' id='word_1_395' title='bbox 2328 673 2486 726; x_wconf 87' lang='lat' dir='ltr'><strong>nobis</strong></span> <span class='ocrx_word' id='word_1_396' title='bbox 2512 686 2710 741; x_wconf 85' lang='lat' dir='ltr'><strong>manet,</strong></span> <span class='ocrx_word' id='word_1_397' title='bbox 2734 678 2928 732; x_wconf 83' lang='lat' dir='ltr'><strong>deinde</strong></span> <span class='ocrx_word' id='word_1_398' title='bbox 2953 699 3080 738; x_wconf 80' lang='lat' dir='ltr'><strong>vero</strong></span> <span class='ocrx_word' id='word_1_399' title='bbox 3101 701 3221 740; x_wconf 79' lang='lat' dir='ltr'><strong>eam</strong></span> <span class='ocrx_word' id='word_1_400' title='bbox 3245 690 3670 760; x_wconf 81' lang='lat' dir='ltr'><strong>exstinguimus,</strong></span> 
     </span>
    </p>
   </div>
   <div class='ocr_carea' id='block_1_55' title="bbox 2078 760 3672 854">
    <p class='ocr_par' dir='ltr' id='par_1_55' title="bbox 2078 760 3672 854">
     <span class='ocr_line' id='line_1_55' title="bbox 2078 760 3672 854; baseline 0.021 -46"><span class='ocrx_word' id='word_1_401' title='bbox 2078 760 2434 828; x_wconf 83' lang='lat' dir='ltr'><strong>.negotiorum</strong></span> <span class='ocrx_word' id='word_1_402' title='bbox 2487 765 2648 832; x_wconf 67' lang='lat' dir='ltr'><strong>huius</strong></span> <span class='ocrx_word' id='word_1_403' title='bbox 2688 770 2814 824; x_wconf 69' lang='lat' dir='ltr'><strong>vitae</strong></span> <span class='ocrx_word' id='word_1_404' title='bbox 2866 780 3242 842; x_wconf 81' lang='lat' dir='ltr'><strong>tempestatem</strong></span> <span class='ocrx_word' id='word_1_405' title='bbox 3289 781 3672 854; x_wconf 73' lang='lat' dir='ltr'><strong>adducentes;</strong></span> 
     </span>
    </p>
   </div>
   <div class='ocr_carea' id='block_1_56' title="bbox 2091 851 3674 934">
    <p class='ocr_par' dir='ltr' id='par_1_56' title="bbox 2091 851 3674 934">
     <span class='ocr_line' id='line_1_56' title="bbox 2091 851 3674 934; baseline 0.02 -32"><span class='ocrx_word' id='word_1_406' title='bbox 2091 861 2144 902; x_wconf 83' lang='lat' dir='ltr'><strong>et</strong></span> <span class='ocrx_word' id='word_1_407' title='bbox 2171 851 2394 906; x_wconf 88' lang='lat' dir='ltr'><strong>nubium</strong></span> <span class='ocrx_word' id='word_1_408' title='bbox 2419 853 2688 911; x_wconf 76' lang='lat' dir='ltr'><strong>densitate</strong></span> <span class='ocrx_word' id='word_1_409' title='bbox 2715 862 2899 917; x_wconf 81' lang='lat' dir='ltr'><strong>radios</strong></span> <span class='ocrx_word' id='word_1_410' title='bbox 2931 867 3305 934; x_wconf 60' lang='lat' dir='ltr'><strong>repellentes.»</strong></span> <span class='ocrx_word' id='word_1_411' title='bbox 3343 875 3418 927; x_wconf 90' lang='lat' dir='ltr'><strong>Ac</strong></span> <span class='ocrx_word' id='word_1_412' title='bbox 3453 851 3674 932; x_wconf 84' lang='lat' dir='ltr'><strong>rursum</strong></span> 
     </span>
    </p>
   </div>
   <div class='ocr_carea' id='block_1_57' title="bbox 2090 942 3678 1037">
    <p class='ocr_par' dir='ltr' id='par_1_57' title="bbox 2090 942 3678 1037">
     <span class='ocr_line' id='line_1_57' title="bbox 2090 942 3678 1037; baseline 0.018 -42"><span class='ocrx_word' id='word_1_413' title='bbox 2090 942 2220 996; x_wconf 84' lang='lat' dir='ltr'><strong>alibi</strong></span> <span class='ocrx_word' id='word_1_414' title='bbox 2262 960 2277 998; x_wconf 88' lang='lat'>:</span> <span class='ocrx_word' id='word_1_415' title='bbox 2316 965 2332 996; x_wconf 87' lang='lat' dir='ltr'><strong>t</strong></span> <span class='ocrx_word' id='word_1_416' title='bbox 2374 947 2573 1001; x_wconf 83' lang='lat' dir='ltr'><strong>Eorum</strong></span> <span class='ocrx_word' id='word_1_417' title='bbox 2626 954 2717 1037; x_wconf 84' lang='lat' dir='ltr'><strong>qui</strong></span> <span class='ocrx_word' id='word_1_418' title='bbox 2757 955 2864 1009; x_wconf 79' lang='lat' dir='ltr'><strong>Deo</strong></span> <span class='ocrx_word' id='word_1_419' title='bbox 2896 957 3217 1025; x_wconf 82' lang='lat' dir='ltr'><strong>piat-uerunt</strong></span> <span class='ocrx_word' id='word_1_420' title='bbox 3266 980 3519 1035; x_wconf 81' lang='lat' dir='ltr'><strong>corpora,</strong></span> <span class='ocrx_word' id='word_1_421' title='bbox 3555 979 3678 1023; x_wconf 78' lang='lat' dir='ltr'><strong>lzttl-</strong></span> 
     </span>
    </p>
   </div>
   <div class='ocr_carea' id='block_1_58' title="bbox 2096 1038 3672 1118">
    <p class='ocr_par' dir='ltr' id='par_1_58' title="bbox 2096 1038 3672 1118">
     <span class='ocr_line' id='line_1_58' title="bbox 2096 1038 3672 1118; baseline 0.018 -30"><span class='ocrx_word' id='word_1_422' title='bbox 2096 1044 2204 1088; x_wconf 87' lang='lat' dir='ltr'><strong>tam</strong></span> <span class='ocrx_word' id='word_1_423' title='bbox 2231 1038 2451 1094; x_wconf 87' lang='lat' dir='ltr'><strong>induent</strong></span> <span class='ocrx_word' id='word_1_424' title='bbox 2487 1044 2735 1111; x_wconf 80' lang='lat' dir='ltr'><strong>gloriam,</strong></span> <span class='ocrx_word' id='word_1_425' title='bbox 2770 1060 3030 1114; x_wconf 81' lang='lat' dir='ltr'><strong>quantum</strong></span> <span class='ocrx_word' id='word_1_426' title='bbox 3068 1069 3164 1108; x_wconf 91' lang='lat' dir='ltr'><strong>nec</strong></span> <span class='ocrx_word' id='word_1_427' title='bbox 3227 1058 3292 1111; x_wconf 89' lang='lat' dir='ltr'><strong>iis</strong></span> <span class='ocrx_word' id='word_1_428' title='bbox 3325 1061 3499 1114; x_wconf 76' lang='lat' dir='ltr'><strong>oculis</strong></span> <span class='ocrx_word' id='word_1_429' title='bbox 3524 1066 3672 1118; x_wconf 82' lang='lat' dir='ltr'><strong>cerni</strong></span> 
     </span>
    </p>
   </div>
   <div class='ocr_carea' id='block_1_59' title="bbox 2091 1120 3676 1217">
    <p class='ocr_par' dir='ltr' id='par_1_59' title="bbox 2091 1125 3676 1217">
     <span class='ocr_line' id='line_1_59' title="bbox 2091 1125 3676 1217; baseline 0.018 -39"><span class='ocrx_word' id='word_1_430' title='bbox 2091 1125 2274 1181; x_wconf 85' lang='lat' dir='ltr'><strong>liceat.</strong></span> <span class='ocrx_word' id='word_1_431' title='bbox 2311 1131 2388 1182; x_wconf 81' lang='lat' dir='ltr'><strong>Ac</strong></span> <span class='ocrx_word' id='word_1_432' title='bbox 2425 1147 2614 1186; x_wconf 68' lang='lat' dir='ltr'><strong>eorum</strong></span> <span class='ocrx_word' id='word_1_433' title='bbox 2666 1136 2845 1206; x_wconf 82' lang='lat' dir='ltr'><strong>aliqua</strong></span> <span class='ocrx_word' id='word_1_434' title='bbox 2901 1141 3054 1207; x_wconf 75' lang='lat' dir='ltr'><strong>signa</strong></span> <span class='ocrx_word' id='word_1_435' title='bbox 3105 1155 3156 1195; x_wconf 86' lang='lat' dir='ltr'><strong>et</strong></span> <span class='ocrx_word' id='word_1_436' title='bbox 3185 1148 3406 1217; x_wconf 62' lang='lat' dir='ltr'><strong>vestigio</strong></span> <span class='ocrx_word' id='word_1_437' title='bbox 3443 1152 3676 1205; x_wconf 76' lang='lat' dir='ltr'><strong>obscure</strong></span> 
     </span>
    </p>
   </div>
   <div class='ocr_carea' id='block_1_60' title="bbox 2093 1219 3675 1294">
    <p class='ocr_par' dir='ltr' id='par_1_60' title="bbox 2093 1219 3675 1294">
     <span class='ocr_line' id='line_1_60' title="bbox 2093 1219 3675 1294; baseline 0.014 -22"><span class='ocrx_word' id='word_1_438' title='bbox 2093 1219 2208 1272; x_wconf 82' lang='lat' dir='ltr'><strong>sive</strong></span> <span class='ocrx_word' id='word_1_439' title='bbox 2239 1220 2292 1274; x_wconf 91' lang='lat' dir='ltr'><strong>in</strong></span> <span class='ocrx_word' id='word_1_440' title='bbox 2330 1223 2495 1276; x_wconf 79' lang='lat' dir='ltr'><strong>veteri</strong></span> <span class='ocrx_word' id='word_1_441' title='bbox 2529 1224 2642 1278; x_wconf 76' lang='lat' dir='ltr'><strong>sive</strong></span> <span class='ocrx_word' id='word_1_442' title='bbox 2695 1227 2747 1278; x_wconf 91' lang='lat' dir='ltr'><strong>in</strong></span> <span class='ocrx_word' id='word_1_443' title='bbox 2774 1243 2912 1280; x_wconf 82' lang='lat' dir='ltr'><strong>noro</strong></span> <span class='ocrx_word' id='word_1_444' title='bbox 2939 1230 3288 1288; x_wconf 75' lang='lat' dir='ltr'><strong>&#39;I‘estainento</strong></span> <span class='ocrx_word' id='word_1_445' title='bbox 3321 1239 3438 1291; x_wconf 84' lang='lat' dir='ltr'><strong>dari</strong></span> <span class='ocrx_word' id='word_1_446' title='bbox 3499 1242 3675 1294; x_wconf 75' lang='lat' dir='ltr'><strong>voluit</strong></span> 
     </span>
    </p>
   </div>
   <div class='ocr_carea' id='block_1_61' title="bbox 2094 1309 3675 1396">
    <p class='ocr_par' dir='ltr' id='par_1_61' title="bbox 2094 1309 3675 1396">
     <span class='ocr_line' id='line_1_61' title="bbox 2094 1309 3675 1396; baseline 0.013 -32"><span class='ocrx_word' id='word_1_447' title='bbox 2094 1309 2258 1367; x_wconf 83' lang='lat' dir='ltr'><strong>Deus.</strong></span> <span class='ocrx_word' id='word_1_448' title='bbox 2303 1312 2380 1368; x_wconf 83' lang='lat' dir='ltr'><strong>ibi</strong></span> <span class='ocrx_word' id='word_1_449' title='bbox 2410 1316 2628 1384; x_wconf 88' lang='lat' dir='ltr'><strong>quidem</strong></span> <span class='ocrx_word' id='word_1_450' title='bbox 2654 1318 2835 1373; x_wconf 80' lang='lat' dir='ltr'><strong>vultus</strong></span> <span class='ocrx_word' id='word_1_451' title='bbox 2879 1322 3079 1392; x_wconf 77' lang='lat' dir='ltr'><strong>Moysis</strong></span> <span class='ocrx_word' id='word_1_452' title='bbox 3131 1335 3275 1379; x_wconf 77' lang='lat' dir='ltr'><strong>tanta</strong></span> <span class='ocrx_word' id='word_1_453' title='bbox 3324 1330 3494 1396; x_wconf 73' lang='lat' dir='ltr'><strong>gloria</strong></span> <span class='ocrx_word' id='word_1_454' title='bbox 3543 1341 3675 1386; x_wconf 89' lang='lat' dir='ltr'><strong>tunc</strong></span> 
     </span>
    </p>
   </div>
   <div class='ocr_carea' id='block_1_62' title="bbox 2077 1403 3671 1480">
    <p class='ocr_par' dir='ltr' id='par_1_62' title="bbox 2077 1403 3671 1480">
     <span class='ocr_line' id='line_1_62' title="bbox 2077 1403 3671 1480; baseline 0.014 -22"><span class='ocrx_word' id='word_1_455' title='bbox 2077 1403 2396 1474; x_wconf 86' lang='lat' dir='ltr'><strong>splenduit,</strong></span> <span class='ocrx_word' id='word_1_456' title='bbox 2462 1421 2518 1464; x_wconf 85' lang='grc' dir='ltr'><strong>ιιι</strong></span> <span class='ocrx_word' id='word_1_457' title='bbox 2553 1413 2869 1469; x_wconf 74' lang='lat' dir='ltr'><strong>inarerssus</strong></span> <span class='ocrx_word' id='word_1_458' title='bbox 2901 1427 3042 1470; x_wconf 63' lang='lat' dir='ltr'><strong>eswt</strong></span> <span class='ocrx_word' id='word_1_459' title='bbox 3070 1419 3435 1475; x_wconf 64' lang='lat' dir='ltr'><strong>Israelitarnm</strong></span> <span class='ocrx_word' id='word_1_460' title='bbox 3473 1427 3671 1480; x_wconf 88' lang='lat' dir='ltr'><strong>oculis.</strong></span> 
     </span>
    </p>
   </div>
   <div class='ocr_carea' id='block_1_63' title="bbox 2094 1495 3674 1584">
    <p class='ocr_par' dir='ltr' id='par_1_63' title="bbox 2094 1495 3674 1584">
     <span class='ocr_line' id='line_1_63' title="bbox 2094 1495 3674 1584; baseline 0.015 -35"><span class='ocrx_word' id='word_1_461' title='bbox 2094 1495 2154 1551; x_wconf 91' lang='lat' dir='ltr'><strong>ln</strong></span> <span class='ocrx_word' id='word_1_462' title='bbox 2208 1515 2352 1556; x_wconf 83' lang='lat' dir='ltr'><strong>novo</strong></span> <span class='ocrx_word' id='word_1_463' title='bbox 2437 1514 2616 1559; x_wconf 76' lang='lat' dir='ltr'><strong>autem</strong></span> <span class='ocrx_word' id='word_1_464' title='bbox 2681 1509 2851 1562; x_wconf 75' lang='lat' dir='ltr'><strong>multo</strong></span> <span class='ocrx_word' id='word_1_465' title='bbox 2902 1511 3076 1580; x_wconf 77' lang='lat' dir='ltr'><strong>magis</strong></span> <span class='ocrx_word' id='word_1_466' title='bbox 3125 1514 3287 1566; x_wconf 84' lang='lat' dir='ltr'><strong>etiam</strong></span> <span class='ocrx_word' id='word_1_467' title='bbox 3339 1516 3674 1584; x_wconf 66' lang='lat' dir='ltr'><strong>resplen‘dnit</strong></span> 
     </span>
    </p>
   </div>
   <div class='ocr_carea' id='block_1_64' title="bbox 2094 1589 3668 1672">
    <p class='ocr_par' dir='ltr' id='par_1_64' title="bbox 2094 1589 3668 1672">
     <span class='ocr_line' id='line_1_64' title="bbox 2094 1589 3668 1672; baseline 0.012 -27"><span class='ocrx_word' id='word_1_468' title='bbox 2094 1589 2295 1647; x_wconf 88' lang='lat' dir='ltr'><strong>Christi</strong></span> <span class='ocrx_word' id='word_1_469' title='bbox 2322 1595 2527 1652; x_wconf 70' lang='lat' dir='ltr'><strong>vultus.</strong></span> <span class='ocrx_word' id='word_1_470' title='bbox 2563 1599 2775 1652; x_wconf 79' lang='lat' dir='ltr'><strong>Audisti</strong></span> <span class='ocrx_word' id='word_1_471' title='bbox 2835 1603 3000 1656; x_wconf 77' lang='lat' dir='ltr'><strong>verba</strong></span> <span class='ocrx_word' id='word_1_472' title='bbox 3053 1604 3290 1672; x_wconf 74' lang='lat' dir='ltr'><strong>Spiritus</strong></span> <span class='ocrx_word' id='word_1_473' title='bbox 3325 1609 3498 1662; x_wconf 85' lang='lat' dir='ltr'><strong>sancti</strong></span> <span class='ocrx_word' id='word_1_474' title='bbox 3528 1609 3550 1661; x_wconf 89' lang='lat'><strong>?</strong></span> <span class='ocrx_word' id='word_1_475' title='bbox 3580 1608 3668 1664; x_wconf 88' lang='lat' dir='ltr'><strong>lu-</strong></span> 
     </span>
    </p>
   </div>
   <div class='ocr_carea' id='block_1_65' title="bbox 2095 1685 3669 1771">
    <p class='ocr_par' dir='ltr' id='par_1_65' title="bbox 2095 1685 3669 1771">
     <span class='ocr_line' id='line_1_65' title="bbox 2095 1685 3669 1771; baseline 0.012 -33"><span class='ocrx_word' id='word_1_476' title='bbox 2095 1685 2347 1742; x_wconf 78' lang='lat' dir='ltr'><strong>tellexisti</strong></span> <span class='ocrx_word' id='word_1_477' title='bbox 2372 1689 2478 1743; x_wconf 75' lang='lat' dir='ltr'><strong>vim</strong></span> <span class='ocrx_word' id='word_1_478' title='bbox 2508 1693 2748 1761; x_wconf 75' lang='lat' dir='ltr'><strong>mysterii</strong></span> <span class='ocrx_word' id='word_1_479' title='bbox 2774 1693 2796 1746; x_wconf 85' lang='lat'><strong>?</strong></span> <span class='ocrx_word' id='word_1_480' title='bbox 2839 1693 3085 1750; x_wconf 89' lang='lat' dir='ltr'><strong>Didicisti</strong></span> <span class='ocrx_word' id='word_1_481' title='bbox 3114 1699 3304 1764; x_wconf 83' lang='lat' dir='ltr'><strong>quales</strong></span> <span class='ocrx_word' id='word_1_482' title='bbox 3331 1701 3440 1752; x_wconf 81' lang='lat' dir='ltr'><strong>sint</strong></span> <span class='ocrx_word' id='word_1_483' title='bbox 3481 1713 3669 1771; x_wconf 89' lang='lat' dir='ltr'><strong>partus</strong></span> 
     </span>
    </p>
   </div>
   <div class='ocr_carea' id='block_1_66' title="bbox 3054 1787 3666 1863">
    <p class='ocr_par' dir='ltr' id='par_1_66' title="bbox 3054 1787 3666 1863">
     <span class='ocr_line' id='line_1_66' title="bbox 3054 1787 3666 1863; baseline 0.016 -21"><span class='ocrx_word' id='word_1_484' title='bbox 3054 1787 3406 1846; x_wconf 80' lang='lat' dir='ltr'><strong>formationis</strong></span> <span class='ocrx_word' id='word_1_485' title='bbox 3450 1809 3570 1863; x_wconf 64' lang='lat' dir='ltr'><strong>quae</strong></span> <span class='ocrx_word' id='word_1_486' title='bbox 3601 1813 3666 1852; x_wconf 82' lang='lat' dir='ltr'><strong>ex</strong></span> 
     </span>
    </p>
   </div>
   <div class='ocr_carea' id='block_1_67' title="bbox 2086 1874 3668 1954">
    <p class='ocr_par' dir='ltr' id='par_1_67' title="bbox 2086 1874 3668 1954">
     <span class='ocr_line' id='line_1_67' title="bbox 2086 1874 3668 1954; baseline 0.011 -28"><span class='ocrx_word' id='word_1_487' title='bbox 2086 1885 2244 1927; x_wconf 83' lang='lat' dir='ltr'><strong>sacra</strong></span> <span class='ocrx_word' id='word_1_488' title='bbox 2278 1874 2484 1943; x_wconf 81' lang='lat' dir='ltr'><strong>piscina</strong></span> <span class='ocrx_word' id='word_1_489' title='bbox 2525 1879 2809 1945; x_wconf 84' lang='lat' dir='ltr'><strong>procedit?</strong></span> <span class='ocrx_word' id='word_1_490' title='bbox 2876 1880 3111 1946; x_wconf 87' lang='lat' dir='ltr'><strong>Quinam</strong></span> <span class='ocrx_word' id='word_1_491' title='bbox 3165 1885 3328 1954; x_wconf 79' lang='lat' dir='ltr'><strong>igitur</strong></span> <span class='ocrx_word' id='word_1_492' title='bbox 3357 1898 3519 1941; x_wconf 89' lang='lat' dir='ltr'><strong>erunt</strong></span> <span class='ocrx_word' id='word_1_493' title='bbox 3553 1889 3668 1944; x_wconf 81' lang='lat' dir='ltr'><strong>fru-</strong></span> 
     </span>
    </p>
   </div>
   <div class='ocr_carea' id='block_1_68' title="bbox 2087 1971 3668 2046">
    <p class='ocr_par' dir='ltr' id='par_1_68' title="bbox 2087 1971 3668 2046">
     <span class='ocr_line' id='line_1_68' title="bbox 2087 1971 3668 2046; baseline 0.013 -29"><span class='ocrx_word' id='word_1_494' title='bbox 2087 1971 2275 2018; x_wconf 90' lang='lat' dir='ltr'><strong>ctuum</strong></span> <span class='ocrx_word' id='word_1_495' title='bbox 2300 1981 2616 2035; x_wconf 76' lang='lat' dir='ltr'><strong>proventus,</strong></span> <span class='ocrx_word' id='word_1_496' title='bbox 2641 1986 2758 2038; x_wconf 69' lang='lat' dir='ltr'><strong>quae</strong></span> <span class='ocrx_word' id='word_1_497' title='bbox 2778 1971 3072 2042; x_wconf 86' lang='lat' dir='ltr'><strong>plenitudo,</strong></span> <span class='ocrx_word' id='word_1_498' title='bbox 3101 1988 3313 2046; x_wconf 71' lang='lat' dir='ltr'><strong>quantae</strong></span> <span class='ocrx_word' id='word_1_499' title='bbox 3342 1985 3617 2037; x_wconf 87' lang='lat' dir='ltr'><strong>mercedes</strong></span> <span class='ocrx_word' id='word_1_500' title='bbox 3642 1982 3668 2037; x_wconf 69' lang='grc' dir='ltr'><strong><em>τ</em></strong></span> 
     </span>
    </p>
   </div>
   <div class='ocr_carea' id='block_1_69' title="bbox 2085 2059 3663 2139">
    <p class='ocr_par' dir='ltr' id='par_1_69' title="bbox 2085 2059 3663 2139">
     <span class='ocr_line' id='line_1_69' title="bbox 2085 2059 3663 2139; baseline 0.012 -30"><span class='ocrx_word' id='word_1_501' title='bbox 2085 2065 2141 2110; x_wconf 89' lang='lat' dir='ltr'><strong>et</strong></span> <span class='ocrx_word' id='word_1_502' title='bbox 2172 2059 2448 2126; x_wconf 89' lang='lat' dir='ltr'><strong>quomodo</strong></span> <span class='ocrx_word' id='word_1_503' title='bbox 2509 2075 2673 2128; x_wconf 69' lang='lat' dir='ltr'><strong>penes</strong></span> <span class='ocrx_word' id='word_1_504' title='bbox 2725 2079 2824 2117; x_wconf 84' lang='lat' dir='ltr'><strong>nos</strong></span> <span class='ocrx_word' id='word_1_505' title='bbox 2864 2066 2936 2118; x_wconf 80' lang='lat' dir='ltr'><strong>sit</strong></span> <span class='ocrx_word' id='word_1_506' title='bbox 2989 2065 3128 2121; x_wconf 89' lang='lat' dir='ltr'><strong>hanc</strong></span> <span class='ocrx_word' id='word_1_507' title='bbox 3192 2074 3663 2139; x_wconf 82' lang='lat' dir='ltr'><strong>supernaturalem</strong></span> 
     </span>
    </p>
   </div>
   <div class='ocr_carea' id='block_1_70' title="bbox 2087 2148 3665 2224">
    <p class='ocr_par' dir='ltr' id='par_1_70' title="bbox 2087 2148 3665 2224">
     <span class='ocr_line' id='line_1_70' title="bbox 2087 2148 3665 2224; baseline 0.012 -23"><span class='ocrx_word' id='word_1_508' title='bbox 2087 2148 2316 2218; x_wconf 75' lang='lat' dir='ltr'><strong>gratiam</strong></span> <span class='ocrx_word' id='word_1_509' title='bbox 2351 2159 2630 2220; x_wconf 74' lang='lat' dir='ltr'><strong>etaugere</strong></span> <span class='ocrx_word' id='word_1_510' title='bbox 2671 2161 2724 2207; x_wconf 94' lang='lat' dir='ltr'><strong>et</strong></span> <span class='ocrx_word' id='word_1_511' title='bbox 2759 2155 3022 2224; x_wconf 87' lang='lat' dir='ltr'><strong>minuere,</strong></span> <span class='ocrx_word' id='word_1_512' title='bbox 3066 2159 3116 2212; x_wconf 89' lang='lat' dir='ltr'><strong>id</strong></span> <span class='ocrx_word' id='word_1_513' title='bbox 3149 2171 3236 2214; x_wconf 92' lang='lat' dir='ltr'><strong>est</strong></span> <span class='ocrx_word' id='word_1_514' title='bbox 3281 2162 3559 2218; x_wconf 70' lang='lat' dir='ltr'><strong>ithtstrare</strong></span> <span class='ocrx_word' id='word_1_515' title='bbox 3610 2177 3665 2220; x_wconf 88' lang='lat' dir='ltr'><strong>et</strong></span> 
     </span>
    </p>
   </div>
   <div class='ocr_carea' id='block_1_71' title="bbox 2085 2241 3665 2314">
    <p class='ocr_par' dir='ltr' id='par_1_71' title="bbox 2085 2241 3665 2314">
     <span class='ocr_line' id='line_1_71' title="bbox 2085 2241 3665 2314; baseline 0.01 -16"><span class='ocrx_word' id='word_1_516' title='bbox 2085 2241 2407 2308; x_wconf 82' lang='lat' dir='ltr'><strong>obscurare,</strong></span> <span class='ocrx_word' id='word_1_517' title='bbox 2429 2245 2484 2299; x_wconf 91' lang='lat' dir='ltr'><strong>in</strong></span> <span class='ocrx_word' id='word_1_518' title='bbox 2516 2248 2768 2314; x_wconf 68' lang='lat' dir='ltr'><strong>praesenti</strong></span> <span class='ocrx_word' id='word_1_519' title='bbox 2807 2250 2964 2304; x_wconf 82' lang='lat' dir='ltr'><strong>vita?</strong></span> <span class='ocrx_word' id='word_1_520' title='bbox 2991 2251 3120 2306; x_wconf 76' lang='lat' dir='ltr'><strong>inde</strong></span> <span class='ocrx_word' id='word_1_521' title='bbox 3169 2267 3297 2309; x_wconf 88' lang='lat' dir='ltr'><strong>sunt</strong></span> <span class='ocrx_word' id='word_1_522' title='bbox 3330 2272 3510 2312; x_wconf 87' lang='lat' dir='ltr'><strong>rerum</strong></span> <span class='ocrx_word' id='word_1_523' title='bbox 3545 2259 3665 2314; x_wconf 63' lang='lat' dir='ltr'><strong>vita</strong></span> 
     </span>
    </p>
   </div>
   <div class='ocr_carea' id='block_1_72' title="bbox 2088 2339 3660 2416">
    <p class='ocr_par' dir='ltr' id='par_1_72' title="bbox 2088 2339 3660 2416">
     <span class='ocr_line' id='line_1_72' title="bbox 2088 2339 3660 2416; baseline 0.009 -26"><span class='ocrx_word' id='word_1_524' title='bbox 2088 2342 2382 2404; x_wconf 83' lang='lat' dir='ltr'><strong>tempestas</strong></span> <span class='ocrx_word' id='word_1_525' title='bbox 2411 2347 2464 2390; x_wconf 87' lang='lat' dir='ltr'><strong>et</strong></span> <span class='ocrx_word' id='word_1_526' title='bbox 2493 2353 2554 2390; x_wconf 80' lang='lat' dir='ltr'><strong>ex</strong></span> <span class='ocrx_word' id='word_1_527' title='bbox 2597 2339 2661 2392; x_wconf 81' lang='lat' dir='ltr'><strong>iis</strong></span> <span class='ocrx_word' id='word_1_528' title='bbox 2691 2339 2872 2408; x_wconf 67' lang='lat' dir='ltr'><strong>genita</strong></span> <span class='ocrx_word' id='word_1_529' title='bbox 2928 2344 3286 2411; x_wconf 77' lang='lat' dir='ltr'><strong>cupiditatum</strong></span> <span class='ocrx_word' id='word_1_530' title='bbox 3318 2361 3422 2400; x_wconf 80' lang='lat' dir='ltr'><strong>nox</strong></span> <span class='ocrx_word' id='word_1_531' title='bbox 3455 2348 3660 2416; x_wconf 86' lang='lat' dir='ltr'><strong>illunis,</strong></span> 
     </span>
    </p>
   </div>
   <div class='ocr_carea' id='block_1_73' title="bbox 2085 2431 3667 2500">
    <p class='ocr_par' dir='ltr' id='par_1_73' title="bbox 2085 2431 3667 2500">
     <span class='ocr_line' id='line_1_73' title="bbox 2085 2431 3667 2500; baseline 0.011 -21"><span class='ocrx_word' id='word_1_532' title='bbox 2085 2441 2204 2498; x_wconf 67' lang='lat' dir='ltr'><strong>qua:</strong></span> <span class='ocrx_word' id='word_1_533' title='bbox 2231 2443 2380 2484; x_wconf 88' lang='lat' dir='ltr'><strong>more</strong></span> <span class='ocrx_word' id='word_1_534' title='bbox 2431 2431 2678 2500; x_wconf 75' lang='lat' dir='ltr'><strong>procella:</strong></span> <span class='ocrx_word' id='word_1_535' title='bbox 2709 2441 2802 2486; x_wconf 88' lang='lat' dir='ltr'><strong>aut</strong></span> <span class='ocrx_word' id='word_1_536' title='bbox 2839 2435 2964 2488; x_wconf 69' lang='lat' dir='ltr'><strong>suavi</strong></span> <span class='ocrx_word' id='word_1_537' title='bbox 2993 2439 3248 2492; x_wconf 82' lang='lat' dir='ltr'><strong>torrentis</strong></span> <span class='ocrx_word' id='word_1_538' title='bbox 3286 2441 3337 2493; x_wconf 92' lang='lat' dir='ltr'><strong>in</strong></span> <span class='ocrx_word' id='word_1_539' title='bbox 3376 2457 3475 2495; x_wconf 92' lang='lat' dir='ltr'><strong>nos</strong></span> <span class='ocrx_word' id='word_1_540' title='bbox 3525 2443 3667 2496; x_wconf 81' lang='lat' dir='ltr'><strong>irru-</strong></span> 
     </span>
    </p>
   </div>
   <div class='ocr_carea' id='block_1_74' title="bbox 2085 2521 3665 2603">
    <p class='ocr_par' dir='ltr' id='par_1_74' title="bbox 2085 2521 3665 2603">
     <span class='ocr_line' id='line_1_74' title="bbox 2085 2521 3665 2603; baseline 0.011 -29"><span class='ocrx_word' id='word_1_541' title='bbox 2085 2529 2203 2584; x_wconf 90' lang='lat' dir='ltr'><strong>unt,</strong></span> <span class='ocrx_word' id='word_1_542' title='bbox 2231 2521 2578 2592; x_wconf 79' lang='lat' dir='ltr'><strong>animamque</strong></span> <span class='ocrx_word' id='word_1_543' title='bbox 2613 2526 3030 2595; x_wconf 69' lang='lat' dir='ltr'><strong>suinnergenles</strong></span> <span class='ocrx_word' id='word_1_544' title='bbox 3062 2544 3236 2599; x_wconf 87' lang='lat' dir='ltr'><strong>neque</strong></span> <span class='ocrx_word' id='word_1_545' title='bbox 3286 2546 3405 2586; x_wconf 85' lang='lat' dir='ltr'><strong>eam</strong></span> <span class='ocrx_word' id='word_1_546' title='bbox 3457 2535 3665 2603; x_wconf 82' lang='lat' dir='ltr'><strong>spirare</strong></span> 
     </span>
    </p>
   </div>
   <div class='ocr_carea' id='block_1_75' title="bbox 2085 2613 3661 2687">
    <p class='ocr_par' dir='ltr' id='par_1_75' title="bbox 2085 2613 3661 2687">
     <span class='ocr_line' id='line_1_75' title="bbox 2085 2613 3661 2687; baseline 0.01 -23"><span class='ocrx_word' id='word_1_547' title='bbox 2085 2625 2263 2680; x_wconf 81' lang='lat' dir='ltr'><strong>neque</strong></span> <span class='ocrx_word' id='word_1_548' title='bbox 2292 2613 2540 2682; x_wconf 82' lang='lat' dir='ltr'><strong>aspicere</strong></span> <span class='ocrx_word' id='word_1_549' title='bbox 2585 2615 2775 2669; x_wconf 87' lang='lat' dir='ltr'><strong>sinunt</strong></span> <span class='ocrx_word' id='word_1_550' title='bbox 2827 2616 2956 2670; x_wconf 84' lang='lat' dir='ltr'><strong>illud</strong></span> <span class='ocrx_word' id='word_1_551' title='bbox 3015 2618 3301 2687; x_wconf 79' lang='lat' dir='ltr'><strong>pulchrum</strong></span> <span class='ocrx_word' id='word_1_552' title='bbox 3333 2630 3388 2676; x_wconf 88' lang='lat' dir='ltr'><strong>et</strong></span> <span class='ocrx_word' id='word_1_553' title='bbox 3445 2623 3661 2679; x_wconf 84' lang='lat' dir='ltr'><strong>beatum</strong></span> 
     </span>
    </p>
   </div>
   <div class='ocr_carea' id='block_1_76' title="bbox 2084 2704 3666 2775">
    <p class='ocr_par' dir='ltr' id='par_1_76' title="bbox 2084 2704 3666 2775">
     <span class='ocr_line' id='line_1_76' title="bbox 2084 2704 3666 2775; baseline 0.008 -15"><span class='ocrx_word' id='word_1_554' title='bbox 2084 2705 2340 2775; x_wconf 89' lang='lat' dir='ltr'><strong>perquod</strong></span> <span class='ocrx_word' id='word_1_555' title='bbox 2367 2704 2508 2761; x_wconf 76' lang='lat' dir='ltr'><strong>facta</strong></span> <span class='ocrx_word' id='word_1_556' title='bbox 2548 2715 2654 2770; x_wconf 77' lang='lat' dir='ltr'><strong>est,</strong></span> <span class='ocrx_word' id='word_1_557' title='bbox 2719 2708 2815 2763; x_wconf 91' lang='lat' dir='ltr'><strong>sed</strong></span> <span class='ocrx_word' id='word_1_558' title='bbox 2868 2711 3092 2766; x_wconf 90' lang='lat' dir='ltr'><strong>omnino</strong></span> <span class='ocrx_word' id='word_1_559' title='bbox 3127 2729 3246 2766; x_wconf 87' lang='lat' dir='ltr'><strong>eam</strong></span> <span class='ocrx_word' id='word_1_560' title='bbox 3305 2725 3473 2769; x_wconf 90' lang='lat' dir='ltr'><strong>totam</strong></span> <span class='ocrx_word' id='word_1_561' title='bbox 3509 2719 3666 2771; x_wconf 83' lang='lat' dir='ltr'><strong>volu-</strong></span> 
     </span>
    </p>
   </div>
   <div class='ocr_carea' id='block_1_77' title="bbox 2087 2801 3663 2870">
    <p class='ocr_par' dir='ltr' id='par_1_77' title="bbox 2087 2801 3663 2870">
     <span class='ocr_line' id='line_1_77' title="bbox 2087 2801 3663 2870; baseline 0.01 -23"><span class='ocrx_word' id='word_1_562' title='bbox 2087 2804 2294 2865; x_wconf 86' lang='lat' dir='ltr'><strong>ptatum</strong></span> <span class='ocrx_word' id='word_1_563' title='bbox 2334 2805 2468 2850; x_wconf 65' lang='lat' dir='ltr'><strong>mstu</strong></span> <span class='ocrx_word' id='word_1_564' title='bbox 2493 2812 2556 2851; x_wconf 92' lang='lat' dir='ltr'><strong>ac</strong></span> <span class='ocrx_word' id='word_1_565' title='bbox 2588 2809 2738 2851; x_wconf 88' lang='lat' dir='ltr'><strong>motu</strong></span> <span class='ocrx_word' id='word_1_566' title='bbox 2770 2801 3024 2870; x_wconf 75' lang='lat' dir='ltr'><strong>agitatam</strong></span> <span class='ocrx_word' id='word_1_567' title='bbox 3055 2810 3108 2856; x_wconf 90' lang='lat' dir='ltr'><strong>et</strong></span> <span class='ocrx_word' id='word_1_568' title='bbox 3157 2814 3370 2859; x_wconf 89' lang='lat' dir='ltr'><strong>tumore</strong></span> <span class='ocrx_word' id='word_1_569' title='bbox 3417 2806 3663 2863; x_wconf 68' lang='lat' dir='ltr'><strong>aﬂ‘ectam</strong></span> 
     </span>
    </p>
   </div>
   <div class='ocr_carea' id='block_1_78' title="bbox 2083 2889 3665 2962">
    <p class='ocr_par' dir='ltr' id='par_1_78' title="bbox 2083 2889 3665 2962">
     <span class='ocr_line' id='line_1_78' title="bbox 2083 2889 3665 2962; baseline 0.009 -22"><span class='ocrx_word' id='word_1_570' title='bbox 2083 2889 2379 2943; x_wconf 85' lang='lat' dir='ltr'><strong>obscurant</strong></span> <span class='ocrx_word' id='word_1_571' title='bbox 2415 2890 2872 2962; x_wconf 86' lang='lat' dir='ltr'><strong>submersamque</strong></span> <span class='ocrx_word' id='word_1_572' title='bbox 2904 2894 3222 2951; x_wconf 80' lang='lat' dir='ltr'><strong>coniiciunt.</strong></span> <span class='ocrx_word' id='word_1_573' title='bbox 3260 2898 3455 2953; x_wconf 85' lang='lat' dir='ltr'><strong>Eodem</strong></span> <span class='ocrx_word' id='word_1_574' title='bbox 3503 2903 3665 2956; x_wconf 70' lang='lat' dir='ltr'><strong>modo</strong></span> 
     </span>
    </p>
   </div>
   <div class='ocr_carea' id='block_1_79' title="bbox 2085 2981 3665 3061">
    <p class='ocr_par' dir='ltr' id='par_1_79' title="bbox 2085 2981 3665 3061">
     <span class='ocr_line' id='line_1_79' title="bbox 2085 2981 3665 3061; baseline 0.011 -29"><span class='ocrx_word' id='word_1_575' title='bbox 2085 2981 2252 3052; x_wconf 79' lang='lat' dir='ltr'><strong>igitur</strong></span> <span class='ocrx_word' id='word_1_576' title='bbox 2286 2998 2347 3036; x_wconf 86' lang='lat' dir='ltr'><strong>ea</strong></span> <span class='ocrx_word' id='word_1_577' title='bbox 2390 2997 2512 3051; x_wconf 71' lang='lat' dir='ltr'><strong>qua:</strong></span> <span class='ocrx_word' id='word_1_578' title='bbox 2547 2984 2614 3038; x_wconf 87' lang='lat' dir='ltr'><strong>iis</strong></span> <span class='ocrx_word' id='word_1_579' title='bbox 2675 2994 2805 3038; x_wconf 88' lang='lat' dir='ltr'><strong>sunt</strong></span> <span class='ocrx_word' id='word_1_580' title='bbox 2856 2987 3156 3052; x_wconf 85' lang='lat' dir='ltr'><strong>contraria,</strong></span> <span class='ocrx_word' id='word_1_581' title='bbox 3198 3005 3318 3059; x_wconf 72' lang='lat' dir='ltr'><strong>qua:</strong></span> <span class='ocrx_word' id='word_1_582' title='bbox 3369 3007 3562 3061; x_wconf 88' lang='lat' dir='ltr'><strong>nempe</strong></span> <span class='ocrx_word' id='word_1_583' title='bbox 3597 3011 3665 3050; x_wconf 79' lang='lat' dir='ltr'><strong>ex</strong></span> 
     </span>
    </p>
   </div>
   <div class='ocr_carea' id='block_1_80' title="bbox 2083 3073 3662 3149">
    <p class='ocr_par' dir='ltr' id='par_1_80' title="bbox 2083 3073 3662 3149">
     <span class='ocr_line' id='line_1_80' title="bbox 2083 3073 3662 3149; baseline 0.008 -23"><span class='ocrx_word' id='word_1_584' title='bbox 2083 3073 2284 3128; x_wconf 77' lang='lat' dir='ltr'><strong>divinis</strong></span> <span class='ocrx_word' id='word_1_585' title='bbox 2318 3075 2589 3130; x_wconf 83' lang='lat' dir='ltr'><strong>mandatis</strong></span> <span class='ocrx_word' id='word_1_586' title='bbox 2641 3077 2916 3143; x_wconf 90' lang='lat' dir='ltr'><strong>oriuntur,</strong></span> <span class='ocrx_word' id='word_1_587' title='bbox 2957 3077 3021 3132; x_wconf 85' lang='lat' dir='ltr'><strong>iis</strong></span> <span class='ocrx_word' id='word_1_588' title='bbox 3077 3081 3170 3149; x_wconf 91' lang='lat' dir='ltr'><strong>qui</strong></span> <span class='ocrx_word' id='word_1_589' title='bbox 3205 3096 3312 3134; x_wconf 88' lang='lat' dir='ltr'><strong>non</strong></span> <span class='ocrx_word' id='word_1_590' title='bbox 3363 3085 3662 3138; x_wconf 87' lang='lat' dir='ltr'><strong>secundum</strong></span> 
     </span>
    </p>
   </div>
   <div class='ocr_carea' id='block_1_81' title="bbox 2091 3167 3661 3247">
    <p class='ocr_par' dir='ltr' id='par_1_81' title="bbox 2091 3167 3661 3247">
     <span class='ocr_line' id='line_1_81' title="bbox 2091 3167 3661 3247; baseline 0.008 -28"><span class='ocrx_word' id='word_1_591' title='bbox 2091 3181 2334 3229; x_wconf 76' lang='lat' dir='ltr'><strong>carnem,</strong></span> <span class='ocrx_word' id='word_1_592' title='bbox 2362 3167 2456 3220; x_wconf 79' lang='lat' dir='ltr'><strong>sed</strong></span> <span class='ocrx_word' id='word_1_593' title='bbox 2491 3168 2790 3223; x_wconf 73' lang='lat' dir='ltr'><strong>secundum</strong></span> <span class='ocrx_word' id='word_1_594' title='bbox 2832 3171 3086 3240; x_wconf 89' lang='lat' dir='ltr'><strong>spiritum</strong></span> <span class='ocrx_word' id='word_1_595' title='bbox 3118 3175 3399 3228; x_wconf 82' lang='lat' dir='ltr'><strong>ambulant</strong></span> <span class='ocrx_word' id='word_1_596' title='bbox 3429 3176 3661 3247; x_wconf 78' lang='lat' dir='ltr'><strong>(spiritu</strong></span> 
     </span>
    </p>
   </div>
   <div class='ocr_carea' id='block_1_82' title="bbox 2086 3257 3664 3329">
    <p class='ocr_par' dir='ltr' id='par_1_82' title="bbox 2086 3257 3664 3329">
     <span class='ocr_line' id='line_1_82' title="bbox 2086 3257 3664 3329; baseline 0.01 -18"><span class='ocrx_word' id='word_1_597' title='bbox 2086 3257 2258 3322; x_wconf 90' lang='lat' dir='ltr'><strong>enim,</strong></span> <span class='ocrx_word' id='word_1_598' title='bbox 2321 3259 2520 3328; x_wconf 88' lang='lat' dir='ltr'><strong>inquit,</strong></span> <span class='ocrx_word' id='word_1_599' title='bbox 2561 3263 2854 3329; x_wconf 82' lang='lat' dir='ltr'><strong>ambulate,</strong></span> <span class='ocrx_word' id='word_1_600' title='bbox 2917 3277 2972 3319; x_wconf 89' lang='lat' dir='ltr'><strong>et</strong></span> <span class='ocrx_word' id='word_1_601' title='bbox 3037 3265 3303 3322; x_wconf 83' lang='lat' dir='ltr'><strong>desideria</strong></span> <span class='ocrx_word' id='word_1_602' title='bbox 3353 3271 3538 3326; x_wconf 85' lang='lat' dir='ltr'><strong>carnis</strong></span> <span class='ocrx_word' id='word_1_603' title='bbox 3594 3287 3664 3326; x_wconf 84' lang='lat' dir='ltr'><strong>nu</strong></span> 
     </span>
    </p>
   </div>
   <div class='ocr_carea' id='block_1_83' title="bbox 2089 3349 3680 3430">
    <p class='ocr_par' dir='ltr' id='par_1_83' title="bbox 2089 3349 3680 3430">
     <span class='ocr_line' id='line_1_83' title="bbox 2089 3349 3680 3430; baseline 0.011 -28"><span class='ocrx_word' id='word_1_604' title='bbox 2089 3349 2495 3420; x_wconf 62' lang='lat' dir='ltr'><strong>perfeceritis‘),</strong></span> <span class='ocrx_word' id='word_1_605' title='bbox 2530 3353 2678 3408; x_wconf 85' lang='lat' dir='ltr'><strong>utilia</strong></span> <span class='ocrx_word' id='word_1_606' title='bbox 2709 3364 2837 3422; x_wconf 83' lang='lat' dir='ltr'><strong>sunt</strong></span> <span class='ocrx_word' id='word_1_607' title='bbox 2864 3371 2929 3412; x_wconf 89' lang='lat' dir='ltr'><strong>ac</strong></span> <span class='ocrx_word' id='word_1_608' title='bbox 2967 3357 3250 3425; x_wconf 81' lang='lat' dir='ltr'><strong>salutaria,</strong></span> <span class='ocrx_word' id='word_1_609' title='bbox 3299 3370 3350 3414; x_wconf 90' lang='lat' dir='ltr'><strong>et</strong></span> <span class='ocrx_word' id='word_1_610' title='bbox 3384 3361 3452 3415; x_wconf 91' lang='lat' dir='ltr'><strong>ad</strong></span> <span class='ocrx_word' id='word_1_611' title='bbox 3501 3363 3680 3430; x_wconf 85' lang='lat' dir='ltr'><strong>illud,.</strong></span> 
     </span>
    </p>
   </div>
   <div class='ocr_carea' id='block_1_84' title="bbox 2090 3447 3660 3524">
    <p class='ocr_par' dir='ltr' id='par_1_84' title="bbox 2090 3447 3660 3524">
     <span class='ocr_line' id='line_1_84' title="bbox 2090 3447 3660 3524; baseline 0.011 -30"><span class='ocrx_word' id='word_1_612' title='bbox 2090 3452 2348 3510; x_wconf 81' lang='lat' dir='ltr'><strong>tanquam</strong></span> <span class='ocrx_word' id='word_1_613' title='bbox 2385 3447 2552 3507; x_wconf 81' lang='lat' dir='ltr'><strong>scala,</strong></span> <span class='ocrx_word' id='word_1_614' title='bbox 2584 3452 2888 3512; x_wconf 87' lang='lat' dir='ltr'><strong>perducunt</strong></span> <span class='ocrx_word' id='word_1_615' title='bbox 2919 3448 3223 3520; x_wconf 75' lang='lat' dir='ltr'><strong>fastigium,</strong></span> <span class='ocrx_word' id='word_1_616' title='bbox 3257 3465 3309 3507; x_wconf 91' lang='lat' dir='ltr'><strong>et</strong></span> <span class='ocrx_word' id='word_1_617' title='bbox 3342 3470 3660 3524; x_wconf 79' lang='lat' dir='ltr'><strong>sup:emunt</strong></span> 
     </span>
    </p>
   </div>
   <div class='ocr_carea' id='block_1_85' title="bbox 2087 3536 3369 3612">
    <p class='ocr_par' dir='ltr' id='par_1_85' title="bbox 2087 3536 3369 3612">
     <span class='ocr_line' id='line_1_85' title="bbox 2087 3536 3369 3612; baseline 0.012 -27"><span class='ocrx_word' id='word_1_618' title='bbox 2087 3536 2334 3604; x_wconf 75' lang='lat' dir='ltr'><strong>gradum,</strong></span> <span class='ocrx_word' id='word_1_619' title='bbox 2359 3538 2682 3594; x_wconf 86' lang='lat' dir='ltr'><strong>charitatem</strong></span> <span class='ocrx_word' id='word_1_620' title='bbox 2704 3555 2917 3611; x_wconf 90' lang='lat' dir='ltr'><strong>nempe,</strong></span> <span class='ocrx_word' id='word_1_621' title='bbox 2948 3557 3069 3612; x_wconf 72' lang='lat' dir='ltr'><strong>qua:</strong></span> <span class='ocrx_word' id='word_1_622' title='bbox 3093 3541 3236 3598; x_wconf 86' lang='lat' dir='ltr'><strong>Deus</strong></span> <span class='ocrx_word' id='word_1_623' title='bbox 3266 3553 3369 3600; x_wconf 88' lang='lat' dir='ltr'><strong>est.</strong></span> 
     </span>
    </p>
   </div>
   <div class='ocr_carea' id='block_1_86' title="bbox 2084 4156 3658 4232">
    <p class='ocr_par' dir='ltr' id='par_1_86' title="bbox 2084 4156 3658 4232">
     <span class='ocr_line' id='line_1_86' title="bbox 2084 4156 3658 4232; baseline 0.004 -21"><span class='ocrx_word' id='word_1_624' title='bbox 2084 4158 2238 4226; x_wconf 86' lang='lat' dir='ltr'><strong>Quod</strong></span> <span class='ocrx_word' id='word_1_625' title='bbox 2263 4160 2314 4212; x_wconf 82' lang='lat' dir='ltr'><strong>in</strong></span> <span class='ocrx_word' id='word_1_626' title='bbox 2382 4168 2564 4232; x_wconf 79' lang='lat' dir='ltr'><strong>sancto</strong></span> <span class='ocrx_word' id='word_1_627' title='bbox 2604 4156 2916 4232; x_wconf 76' lang='lat' dir='ltr'><strong>baptismate</strong></span> <span class='ocrx_word' id='word_1_628' title='bbox 2981 4160 3172 4216; x_wconf 73' lang='lat' dir='ltr'><strong>diuina:</strong></span> <span class='ocrx_word' id='word_1_629' title='bbox 3228 4165 3415 4232; x_wconf 70' lang='lat' dir='ltr'><strong>gratim</strong></span> <span class='ocrx_word' id='word_1_630' title='bbox 3461 4164 3658 4218; x_wconf 84' lang='lat' dir='ltr'><strong>donum</strong></span> 
     </span>
    </p>
   </div>
   <div class='ocr_carea' id='block_1_87' title="bbox 2151 4231 3655 4300">
    <p class='ocr_par' dir='ltr' id='par_1_87' title="bbox 2151 4231 3655 4300">
     <span class='ocr_line' id='line_1_87' title="bbox 2151 4231 3655 4300; baseline 0.003 -17"><span class='ocrx_word' id='word_1_631' title='bbox 2151 4246 2245 4297; x_wconf 84' lang='lat' dir='ltr'><strong>per</strong></span> <span class='ocrx_word' id='word_1_632' title='bbox 2277 4245 2394 4282; x_wconf 76' lang='lat' dir='ltr'><strong>eam</strong></span> <span class='ocrx_word' id='word_1_633' title='bbox 2423 4231 2595 4300; x_wconf 76' lang='lat' dir='ltr'><strong>ipsam</strong></span> <span class='ocrx_word' id='word_1_634' title='bbox 2632 4231 2958 4300; x_wconf 74' lang='lat' dir='ltr'><strong>accipimus;</strong></span> <span class='ocrx_word' id='word_1_635' title='bbox 2989 4231 3266 4300; x_wconf 75' lang='lat' dir='ltr'><strong>postquam</strong></span> <span class='ocrx_word' id='word_1_636' title='bbox 3318 4243 3498 4287; x_wconf 83' lang='lat' dir='ltr'><strong>autem</strong></span> <span class='ocrx_word' id='word_1_637' title='bbox 3541 4251 3655 4289; x_wconf 77' lang='lat' dir='ltr'><strong>eam</strong></span> 
     </span>
    </p>
   </div>
   <div class='ocr_carea' id='block_1_88' title="bbox 2152 4299 3656 4375">
    <p class='ocr_par' dir='ltr' id='par_1_88' title="bbox 2152 4299 3656 4375">
     <span class='ocr_line' id='line_1_88' title="bbox 2152 4299 3656 4375; baseline 0.004 -23"><span class='ocrx_word' id='word_1_638' title='bbox 2152 4299 2534 4375; x_wconf 61' lang='lat' dir='ltr'><strong>cupiditatibus</strong></span> <span class='ocrx_word' id='word_1_639' title='bbox 2587 4299 3006 4368; x_wconf 79' lang='lat' dir='ltr'><strong>obscuravimus,</strong></span> <span class='ocrx_word' id='word_1_640' title='bbox 3065 4299 3249 4356; x_wconf 73' lang='lat' dir='ltr'><strong>rursus</strong></span> <span class='ocrx_word' id='word_1_641' title='bbox 3280 4304 3656 4358; x_wconf 78' lang='lat' dir='ltr'><strong>mandatorum</strong></span> 
     </span>
    </p>
   </div>
   <div class='ocr_carea' id='block_1_89' title="bbox 2151 4370 2911 4438">
    <p class='ocr_par' dir='ltr' id='par_1_89' title="bbox 2151 4370 2911 4438">
     <span class='ocr_line' id='line_1_89' title="bbox 2151 4370 2911 4438; baseline 0 -14"><span class='ocrx_word' id='word_1_642' title='bbox 2151 4370 2509 4424; x_wconf 74' lang='lat' dir='ltr'><strong>observatione</strong></span> <span class='ocrx_word' id='word_1_643' title='bbox 2536 4384 2911 4438; x_wconf 64' lang='lat' dir='ltr'><strong>expurgantur.</strong></span> 
     </span>
    </p>
   </div>
   <div class='ocr_carea' id='block_1_90' title="bbox 2150 4482 3650 4552">
    <p class='ocr_par' dir='ltr' id='par_1_90' title="bbox 2150 4482 3650 4552">
     <span class='ocr_line' id='line_1_90' title="bbox 2150 4482 3650 4552; baseline 0.003 -14"><span class='ocrx_word' id='word_1_644' title='bbox 2150 4485 2205 4541; x_wconf 89' lang='lat'><strong>6.</strong></span> <span class='ocrx_word' id='word_1_645' title='bbox 2237 4485 2340 4539; x_wconf 86' lang='lat' dir='ltr'><strong>Sed</strong></span> <span class='ocrx_word' id='word_1_646' title='bbox 2370 4482 2760 4552; x_wconf 75' lang='lat' dir='ltr'><strong>ttmc&#39;quidem</strong></span> <span class='ocrx_word' id='word_1_647' title='bbox 2817 4483 2870 4537; x_wconf 91' lang='lat' dir='ltr'><strong>in</strong></span> <span class='ocrx_word' id='word_1_648' title='bbox 2896 4483 3087 4540; x_wconf 81' lang='lat' dir='ltr'><strong>divino</strong></span> <span class='ocrx_word' id='word_1_649' title='bbox 3150 4496 3330 4552; x_wconf 90' lang='lat' dir='ltr'><strong>utero,</strong></span> <span class='ocrx_word' id='word_1_650' title='bbox 3390 4485 3446 4542; x_wconf 88' lang='lat' dir='ltr'><strong>in</strong></span> <span class='ocrx_word' id='word_1_651' title='bbox 3495 4501 3650 4544; x_wconf 79' lang='lat' dir='ltr'><strong>sacra</strong></span> 
     </span>
    </p>
   </div>
   <div class='ocr_carea' id='block_1_91' title="bbox 391 4574 1979 4658">
    <p class='ocr_par' dir='ltr' id='par_1_91' title="bbox 391 4581 1973 4658">
     <span class='ocr_line' id='line_1_91' title="bbox 391 4581 1973 4658; baseline -0.004 -18"><span class='ocrx_word' id='word_1_652' title='bbox 391 4587 514 4658; x_wconf 75' lang='grc' dir='ltr'>ἱερᾷ</span> <span class='ocrx_word' id='word_1_653' title='bbox 539 4585 913 4657; x_wconf 79' lang='grc' dir='ltr'>κολυμϐήθρᾳ,</span> <span class='ocrx_word' id='word_1_654' title='bbox 945 4586 1153 4656; x_wconf 70' lang='grc' dir='ltr'>δωρεὰν</span> <span class='ocrx_word' id='word_1_655' title='bbox 1182 4585 1368 4638; x_wconf 82' lang='grc' dir='ltr'>τοόλον</span> <span class='ocrx_word' id='word_1_656' title='bbox 1413 4583 1630 4637; x_wconf 87' lang='grc' dir='ltr'>τελείαν</span> <span class='ocrx_word' id='word_1_657' title='bbox 1655 4622 1670 4648; x_wconf 97' lang='grc'><strong>,</strong></span> <span class='ocrx_word' id='word_1_658' title='bbox 1699 4581 1798 4654; x_wconf 79' lang='grc' dir='ltr'>τὴν</span> <span class='ocrx_word' id='word_1_659' title='bbox 1822 4581 1973 4635; x_wconf 82' lang='grc' dir='ltr'>θείαν</span> 
     </span>
    </p>
   </div>
   <div class='ocr_carea' id='block_1_92' title="bbox 2084 4574 3650 4658">
    <p class='ocr_par' dir='ltr' id='par_1_92' title="bbox 2084 4576 3650 4647">
     <span class='ocr_line' id='line_1_92' title="bbox 2084 4576 3650 4647; baseline 0.002 -16"><span class='ocrx_word' id='word_1_660' title='bbox 2084 4593 2274 4646; x_wconf 83' lang='lat' dir='ltr'><strong>nempe</strong></span> <span class='ocrx_word' id='word_1_661' title='bbox 2298 4576 2530 4647; x_wconf 81' lang='lat' dir='ltr'><strong>piscina,</strong></span> <span class='ocrx_word' id='word_1_662' title='bbox 2566 4578 2769 4630; x_wconf 82' lang='lat' dir='ltr'><strong>donum</strong></span> <span class='ocrx_word' id='word_1_663' title='bbox 2805 4577 3030 4629; x_wconf 87' lang='lat' dir='ltr'><strong>omnino</strong></span> <span class='ocrx_word' id='word_1_664' title='bbox 3062 4577 3385 4646; x_wconf 75' lang='lat' dir='ltr'><strong>perfectum,</strong></span> <span class='ocrx_word' id='word_1_665' title='bbox 3411 4580 3650 4634; x_wconf 82' lang='lat' dir='ltr'><strong>divinam</strong></span> 
     </span>
    </p>
   </div>
   <div class='ocr_carea' id='block_1_93' title="bbox 311 4675 2000 4748">
    <p class='ocr_par' dir='ltr' id='par_1_93' title="bbox 311 4675 2000 4748">
     <span class='ocr_line' id='line_1_93' title="bbox 311 4675 2000 4748; baseline -0.004 -16"><span class='ocrx_word' id='word_1_666' title='bbox 311 4722 325 4741; x_wconf 75' lang='grc'><strong>,</strong></span> <span class='ocrx_word' id='word_1_667' title='bbox 387 4679 546 4748; x_wconf 77' lang='grc' dir='ltr'>χάριν</span> <span class='ocrx_word' id='word_1_668' title='bbox 572 4677 859 4747; x_wconf 82' lang='grc' dir='ltr'>δεχόμεθα.</span> <span class='ocrx_word' id='word_1_669' title='bbox 901 4677 961 4730; x_wconf 73' lang='lat' dir='ltr'><strong>Ei</strong></span> <span class='ocrx_word' id='word_1_670' title='bbox 996 4675 1052 4730; x_wconf 81' lang='grc' dir='ltr'>δέ</span> <span class='ocrx_word' id='word_1_671' title='bbox 1081 4694 1195 4739; x_wconf 83' lang='grc' dir='ltr'><strong>πως</strong></span> <span class='ocrx_word' id='word_1_672' title='bbox 1225 4675 1538 4747; x_wconf 78' lang='grc' dir='ltr'>ἐσύστερον,</span> <span class='ocrx_word' id='word_1_673' title='bbox 1567 4677 1633 4745; x_wconf 79' lang='grc' dir='ltr'>τῇ</span> <span class='ocrx_word' id='word_1_674' title='bbox 1673 4675 1783 4727; x_wconf 89' lang='grc' dir='ltr'><strong>τῶν</strong></span> <span class='ocrx_word' id='word_1_675' title='bbox 1804 4690 2000 4744; x_wconf 86' lang='grc' dir='ltr'>προσ--</span> 
     </span>
    </p>
   </div>
   <div class='ocr_carea' id='block_1_94' title="bbox 387 4765 1976 4841">
    <p class='ocr_par' dir='ltr' id='par_1_94' title="bbox 387 4765 1976 4841">
     <span class='ocr_line' id='line_1_94' title="bbox 387 4765 1976 4841; baseline -0.001 -20"><span class='ocrx_word' id='word_1_676' title='bbox 387 4770 598 4841; x_wconf 80' lang='grc' dir='ltr'>καίρων</span> <span class='ocrx_word' id='word_1_677' title='bbox 625 4771 995 4840; x_wconf 79' lang='grc' dir='ltr'>παραχρήσει,</span> <span class='ocrx_word' id='word_1_678' title='bbox 1037 4769 1129 4822; x_wconf 69' lang='grc' dir='ltr'><strong>καὶ</strong></span> <span class='ocrx_word' id='word_1_679' title='bbox 1160 4769 1226 4838; x_wconf 82' lang='grc' dir='ltr'>τῇ</span> <span class='ocrx_word' id='word_1_680' title='bbox 1254 4768 1362 4820; x_wconf 89' lang='grc' dir='ltr'><strong>τῶν</strong></span> <span class='ocrx_word' id='word_1_681' title='bbox 1406 4765 1679 4836; x_wconf 87' lang='grc' dir='ltr'>βιωτικῶν</span> <span class='ocrx_word' id='word_1_682' title='bbox 1711 4765 1976 4836; x_wconf 75' lang='grc' dir='ltr'>πραγμάο</span> 
     </span>
    </p>
   </div>
   <div class='ocr_carea' id='block_1_95' title="bbox 315 4843 1972 4931">
    <p class='ocr_par' dir='ltr' id='par_1_95' title="bbox 315 4843 1972 4931">
     <span class='ocr_line' id='line_1_95' title="bbox 315 4843 1972 4931; baseline -0.003 -17"><span class='ocrx_word' id='word_1_683' title='bbox 315 4852 318 4855; x_wconf 25' lang='grc' dir='ltr'><strong>λ</strong></span> <span class='ocrx_word' id='word_1_684' title='bbox 384 4878 494 4914; x_wconf 85' lang='grc' dir='ltr'>των</span> <span class='ocrx_word' id='word_1_685' title='bbox 529 4861 792 4930; x_wconf 74' lang='grc' dir='ltr'>φροντίδι,</span> <span class='ocrx_word' id='word_1_686' title='bbox 824 4862 919 4916; x_wconf 73' lang='grc' dir='ltr'><strong>καὶ</strong></span> <span class='ocrx_word' id='word_1_687' title='bbox 947 4863 1012 4931; x_wconf 82' lang='grc' dir='ltr'>τῇ</span> <span class='ocrx_word' id='word_1_688' title='bbox 1063 4859 1170 4913; x_wconf 89' lang='grc' dir='ltr'>τῶν</span> <span class='ocrx_word' id='word_1_689' title='bbox 1200 4858 1388 4912; x_wconf 90' lang='grc' dir='ltr'>παθῶν</span> <span class='ocrx_word' id='word_1_690' title='bbox 1421 4856 1600 4927; x_wconf 85' lang='grc' dir='ltr'>ἀχλύῖ,</span> <span class='ocrx_word' id='word_1_691' title='bbox 1634 4843 1862 4926; x_wconf 77' lang='grc' dir='ltr'>ταύτην,</span> <span class='ocrx_word' id='word_1_692' title='bbox 1894 4855 1972 4920; x_wconf 84' lang='grc' dir='ltr'>ὡς</span> 
     </span>
    </p>
   </div>
   <div class='ocr_carea' id='block_1_96' title="bbox 389 4943 1966 5020">
    <p class='ocr_par' dir='ltr' id='par_1_96' title="bbox 389 4943 1966 5020">
     <span class='ocr_line' id='line_1_96' title="bbox 389 4943 1966 5020; baseline -0.002 -19"><span class='ocrx_word' id='word_1_693' title='bbox 389 4947 462 5019; x_wconf 85' lang='grc' dir='ltr'>μὴ</span> <span class='ocrx_word' id='word_1_694' title='bbox 523 4946 720 5019; x_wconf 74' lang='grc' dir='ltr'>ὤφελε,</span> <span class='ocrx_word' id='word_1_695' title='bbox 778 4949 1198 5020; x_wconf 74' lang='grc' dir='ltr'>συγκαλύψομεν</span> <span class='ocrx_word' id='word_1_696' title='bbox 1264 4946 1382 5014; x_wconf 71' lang='lat' dir='ltr'><strong>ita.</strong></span> <span class='ocrx_word' id='word_1_697' title='bbox 1438 4943 1966 5017; x_wconf 82' lang='grc' dir='ltr'>συγκαλύψαιμεν],</span> 
     </span>
    </p>
   </div>
   <div class='ocr_carea' id='block_1_97' title="bbox 383 5037 1968 5110">
    <p class='ocr_par' dir='ltr' id='par_1_97' title="bbox 383 5037 1968 5110">
     <span class='ocr_line' id='line_1_97' title="bbox 383 5037 1968 5110; baseline 0 -18"><span class='ocrx_word' id='word_1_698' title='bbox 383 5039 594 5104; x_wconf 80' lang='grc' dir='ltr'>ἔξεστιν</span> <span class='ocrx_word' id='word_1_699' title='bbox 618 5043 750 5110; x_wconf 76' lang='grc' dir='ltr'>ἡμῖν</span> <span class='ocrx_word' id='word_1_700' title='bbox 785 5043 879 5094; x_wconf 63' lang='grc' dir='ltr'><strong>καὶ</strong></span> <span class='ocrx_word' id='word_1_701' title='bbox 909 5041 1051 5094; x_wconf 72' lang='grc' dir='ltr'>οὕτω</span> <span class='ocrx_word' id='word_1_702' title='bbox 1085 5040 1172 5094; x_wconf 74' lang='grc' dir='ltr'>διὰ</span> <span class='ocrx_word' id='word_1_703' title='bbox 1215 5037 1528 5106; x_wconf 81' lang='grc' dir='ltr'>μετανοίας,</span> <span class='ocrx_word' id='word_1_704' title='bbox 1575 5037 1804 5107; x_wconf 72' lang='grc' dir='ltr'>καὶτῆς</span> <span class='ocrx_word' id='word_1_705' title='bbox 1859 5037 1968 5092; x_wconf 89' lang='grc' dir='ltr'><strong>τῶν</strong></span> 
     </span>
    </p>
   </div>
   <div class='ocr_carea' id='block_1_98' title="bbox 383 5129 1967 5203">
    <p class='ocr_par' dir='ltr' id='par_1_98' title="bbox 383 5129 1967 5203">
     <span class='ocr_line' id='line_1_98' title="bbox 383 5129 1967 5203; baseline 0.001 -20"><span class='ocrx_word' id='word_1_706' title='bbox 383 5131 661 5203; x_wconf 81' lang='grc' dir='ltr'>οεουργῶν</span> <span class='ocrx_word' id='word_1_707' title='bbox 691 5133 919 5186; x_wconf 86' lang='grc' dir='ltr'>ἐντολῶν</span> <span class='ocrx_word' id='word_1_708' title='bbox 953 5131 1377 5202; x_wconf 80' lang='grc' dir='ltr'>ἐκπληρώσεως,</span> <span class='ocrx_word' id='word_1_709' title='bbox 1411 5131 1570 5193; x_wconf 77' lang='grc' dir='ltr'>αὖθις</span> <span class='ocrx_word' id='word_1_710' title='bbox 1603 5129 1967 5186; x_wconf 72' lang='grc' dir='ltr'>ἐπαναλαϐεῖν</span> 
     </span>
    </p>
   </div>
   <div class='ocr_carea' id='block_1_99' title="bbox 381 5219 1965 5295">
    <p class='ocr_par' dir='ltr' id='par_1_99' title="bbox 381 5219 1965 5295">
     <span class='ocr_line' id='line_1_99' title="bbox 381 5219 1965 5295; baseline -0.001 -21"><span class='ocrx_word' id='word_1_711' title='bbox 381 5221 481 5292; x_wconf 80' lang='grc' dir='ltr'>τὴν</span> <span class='ocrx_word' id='word_1_712' title='bbox 506 5219 760 5294; x_wconf 69' lang='grc' dir='ltr'>τοιαύτην</span> <span class='ocrx_word' id='word_1_713' title='bbox 779 5225 1034 5295; x_wconf 77' lang='grc' dir='ltr'>ὑπερφυᾶ</span> <span class='ocrx_word' id='word_1_714' title='bbox 1051 5223 1405 5294; x_wconf 77' lang='grc' dir='ltr'>φαιδρότητα,</span> <span class='ocrx_word' id='word_1_715' title='bbox 1426 5223 1520 5276; x_wconf 76' lang='grc' dir='ltr'>καὶ</span> <span class='ocrx_word' id='word_1_716' title='bbox 1537 5219 1965 5292; x_wconf 84' lang='grc' dir='ltr'>ἀνακτήσασθαι,</span> 
     </span>
    </p>
   </div>
   <div class='ocr_carea' id='block_1_100' title="bbox 381 5313 1955 5393">
    <p class='ocr_par' dir='ltr' id='par_1_100' title="bbox 381 5313 1955 5393">
     <span class='ocr_line' id='line_1_100' title="bbox 381 5313 1955 5393; baseline 0 -25"><span class='ocrx_word' id='word_1_717' title='bbox 381 5315 478 5369; x_wconf 77' lang='grc' dir='ltr'><strong>καὶ</strong></span> <span class='ocrx_word' id='word_1_718' title='bbox 502 5314 600 5387; x_wconf 84' lang='grc' dir='ltr'><strong>τὴν</strong></span> <span class='ocrx_word' id='word_1_719' title='bbox 626 5316 832 5386; x_wconf 78' lang='grc' dir='ltr'>ταύτης</span> <span class='ocrx_word' id='word_1_720' title='bbox 881 5317 1186 5388; x_wconf 77' lang='grc' dir='ltr'>φανέρωσιν</span> <span class='ocrx_word' id='word_1_721' title='bbox 1231 5316 1473 5368; x_wconf 66' lang='grc' dir='ltr'>κατιδεῖν</span> <span class='ocrx_word' id='word_1_722' title='bbox 1522 5313 1955 5393; x_wconf 72' lang='grc' dir='ltr'>τηλαυγέστατα.</span> 
     </span>
    </p>
   </div>
   <div class='ocr_carea' id='block_1_101' title="bbox 372 5408 1952 5482">
    <p class='ocr_par' dir='ltr' id='par_1_101' title="bbox 372 5408 1952 5482">
     <span class='ocr_line' id='line_1_101' title="bbox 372 5408 1952 5482; baseline -0.002 -18"><span class='ocrx_word' id='word_1_723' title='bbox 372 5414 487 5482; x_wconf 82' lang='grc' dir='ltr'><strong>Ίῆς</strong></span> <span class='ocrx_word' id='word_1_724' title='bbox 518 5411 749 5463; x_wconf 76' lang='grc' dir='ltr'>ἑκάστου</span> <span class='ocrx_word' id='word_1_725' title='bbox 792 5411 930 5463; x_wconf 81' lang='grc' dir='ltr'>κατὰ</span> <span class='ocrx_word' id='word_1_726' title='bbox 957 5409 1018 5462; x_wconf 81' lang='grc' dir='ltr'><strong>τὸ</strong></span> <span class='ocrx_word' id='word_1_727' title='bbox 1060 5409 1258 5481; x_wconf 87' lang='grc' dir='ltr'>μέτρον</span> <span class='ocrx_word' id='word_1_728' title='bbox 1291 5409 1476 5480; x_wconf 81' lang='grc' dir='ltr'>μέντοι</span> <span class='ocrx_word' id='word_1_729' title='bbox 1509 5411 1566 5462; x_wconf 81' lang='grc' dir='ltr'><strong>ἐν</strong></span> <span class='ocrx_word' id='word_1_730' title='bbox 1606 5408 1789 5461; x_wconf 84' lang='grc' dir='ltr'>πίστει</span> <span class='ocrx_word' id='word_1_731' title='bbox 1824 5409 1952 5461; x_wconf 84' lang='grc' dir='ltr'>ἐπι-</span> 
     </span>
    </p>
   </div>
   <div class='ocr_carea' id='block_1_102' title="bbox 377 5500 1950 5576">
    <p class='ocr_par' dir='ltr' id='par_1_102' title="bbox 377 5500 1950 5576">
     <span class='ocr_line' id='line_1_102' title="bbox 377 5500 1950 5576; baseline -0.002 -20"><span class='ocrx_word' id='word_1_732' title='bbox 377 5504 619 5576; x_wconf 83' lang='grc' dir='ltr'>μελείας,</span> <span class='ocrx_word' id='word_1_733' title='bbox 646 5504 788 5573; x_wconf 77' lang='grc' dir='ltr'>καὶὴ</span> <span class='ocrx_word' id='word_1_734' title='bbox 821 5502 1026 5572; x_wconf 86' lang='grc' dir='ltr'>ταύτης</span> <span class='ocrx_word' id='word_1_735' title='bbox 1049 5503 1322 5574; x_wconf 82' lang='grc' dir='ltr'>ἐμφάνεια</span> <span class='ocrx_word' id='word_1_736' title='bbox 1364 5500 1829 5564; x_wconf 83' lang='grc' dir='ltr'>ἀποκαλύπτεται,</span> <span class='ocrx_word' id='word_1_737' title='bbox 1856 5517 1950 5553; x_wconf 90' lang='grc' dir='ltr'><strong>και</strong></span> 
     </span>
    </p>
   </div>
   <div class='ocr_carea' id='block_1_103' title="bbox 375 5591 1953 5667">
    <p class='ocr_par' dir='ltr' id='par_1_103' title="bbox 375 5591 1953 5667">
     <span class='ocr_line' id='line_1_103' title="bbox 375 5591 1953 5667; baseline -0.002 -18"><span class='ocrx_word' id='word_1_738' title='bbox 375 5599 482 5667; x_wconf 79' lang='grc' dir='ltr'>πρό</span> <span class='ocrx_word' id='word_1_739' title='bbox 507 5613 569 5664; x_wconf 87' lang='grc' dir='ltr'><strong>γε</strong></span> <span class='ocrx_word' id='word_1_740' title='bbox 597 5595 821 5659; x_wconf 89' lang='grc' dir='ltr'>τούτων,</span> <span class='ocrx_word' id='word_1_741' title='bbox 848 5598 914 5666; x_wconf 80' lang='grc' dir='ltr'><strong>τῇ</strong></span> <span class='ocrx_word' id='word_1_742' title='bbox 964 5594 1057 5650; x_wconf 90' lang='grc' dir='ltr'><strong>τοῦ</strong></span> <span class='ocrx_word' id='word_1_743' title='bbox 1104 5596 1310 5667; x_wconf 81' lang='grc' dir='ltr'>Κυρίου</span> <span class='ocrx_word' id='word_1_744' title='bbox 1350 5593 1522 5665; x_wconf 88' lang='grc' dir='ltr'>Ἰησοῦ</span> <span class='ocrx_word' id='word_1_745' title='bbox 1544 5591 1779 5665; x_wconf 85' lang='grc' dir='ltr'>Χριστοῦ</span> <span class='ocrx_word' id='word_1_746' title='bbox 1811 5594 1953 5646; x_wconf 82' lang='grc' dir='ltr'>ἀντι-</span> 
     </span>
    </p>
   </div>
   <div class='ocr_carea' id='block_1_104' title="bbox 374 5681 1948 5757">
    <p class='ocr_par' dir='ltr' id='par_1_104' title="bbox 374 5681 1948 5757">
     <span class='ocr_line' id='line_1_104' title="bbox 374 5681 1948 5757; baseline -0.002 -17"><span class='ocrx_word' id='word_1_747' title='bbox 374 5681 560 5756; x_wconf 75' lang='grc' dir='ltr'>λήψει,</span> <span class='ocrx_word' id='word_1_748' title='bbox 598 5685 690 5739; x_wconf 72' lang='grc' dir='ltr'><strong>καὶ</strong></span> <span class='ocrx_word' id='word_1_749' title='bbox 720 5685 958 5757; x_wconf 76' lang='grc' dir='ltr'>εὐδοκία,</span> <span class='ocrx_word' id='word_1_750' title='bbox 997 5686 1072 5750; x_wconf 85' lang='grc' dir='ltr'>ὡς</span> <span class='ocrx_word' id='word_1_751' title='bbox 1097 5685 1245 5755; x_wconf 79' lang='grc' dir='ltr'>λέγει</span> <span class='ocrx_word' id='word_1_752' title='bbox 1279 5687 1306 5740; x_wconf 85' lang='grc' dir='ltr'>ὁ</span> <span class='ocrx_word' id='word_1_753' title='bbox 1340 5685 1492 5754; x_wconf 82' lang='grc' dir='ltr'>ἆγιος</span> <span class='ocrx_word' id='word_1_754' title='bbox 1517 5685 1742 5755; x_wconf 76' lang='grc' dir='ltr'>Μάρκος</span> <span class='ocrx_word' id='word_1_755' title='bbox 1767 5697 1782 5710; x_wconf 87' lang='grc'>⁶</span> <span class='ocrx_word' id='word_1_756' title='bbox 1823 5703 1842 5738; x_wconf 79' lang='grc' dir='ltr'><strong>ι</strong></span> <span class='ocrx_word' id='word_1_757' title='bbox 1889 5682 1948 5737; x_wconf 84' lang='grc' dir='ltr'>Ὀ</span> 
     </span>
    </p>
   </div>
   <div class='ocr_carea' id='block_1_105' title="bbox 444 5795 876 5864">
    <p class='ocr_par' dir='ltr' id='par_1_105' title="bbox 444 5795 876 5864">
     <span class='ocr_line' id='line_1_105' title="bbox 444 5795 876 5864; baseline -0.016 -8"><span class='ocrx_word' id='word_1_758' title='bbox 444 5796 466 5827; x_wconf 81' lang='grc'>⁸</span> <span class='ocrx_word' id='word_1_759' title='bbox 497 5796 675 5855; x_wconf 84' lang='lat' dir='ltr'><strong>Galat.</strong></span> <span class='ocrx_word' id='word_1_760' title='bbox 703 5812 754 5864; x_wconf 85' lang='grc' dir='ltr'>ν,</span> <span class='ocrx_word' id='word_1_761' title='bbox 795 5795 876 5850; x_wconf 64' lang='grc' dir='ltr'>ιιι.</span> 
     </span>
    </p>
   </div>
   <div class='ocr_carea' id='block_1_106' title="bbox 2075 4668 3650 4742">
    <p class='ocr_par' dir='ltr' id='par_1_106' title="bbox 2075 4668 3650 4742">
     <span class='ocr_line' id='line_1_106' title="bbox 2075 4668 3650 4742; baseline 0.003 -20"><span class='ocrx_word' id='word_1_762' title='bbox 2075 4672 2307 4742; x_wconf 71' lang='lat' dir='ltr'><strong>gratiam</strong></span> <span class='ocrx_word' id='word_1_763' title='bbox 2335 4670 2656 4738; x_wconf 63' lang='lat' dir='ltr'><strong>att-cipimus.</strong></span> <span class='ocrx_word' id='word_1_764' title='bbox 2688 4668 2743 4723; x_wconf 90' lang='lat' dir='ltr'><strong>Si</strong></span> <span class='ocrx_word' id='word_1_765' title='bbox 2771 4680 2953 4723; x_wconf 86' lang='lat' dir='ltr'><strong>autem</strong></span> <span class='ocrx_word' id='word_1_766' title='bbox 2985 4678 3168 4738; x_wconf 86' lang='lat' dir='ltr'><strong>postea</strong></span> <span class='ocrx_word' id='word_1_767' title='bbox 3195 4672 3650 4740; x_wconf 85' lang='lat' dir='ltr'><strong>temporariorutn</strong></span> 
     </span>
    </p>
   </div>
   <div class='ocr_carea' id='block_1_107' title="bbox 2072 4762 3653 4835">
    <p class='ocr_par' dir='ltr' id='par_1_107' title="bbox 2072 4762 3653 4835">
     <span class='ocr_line' id='line_1_107' title="bbox 2072 4762 3653 4835; baseline 0 -15"><span class='ocrx_word' id='word_1_768' title='bbox 2072 4767 2248 4820; x_wconf 85' lang='lat' dir='ltr'><strong>abusu</strong></span> <span class='ocrx_word' id='word_1_769' title='bbox 2292 4773 2346 4818; x_wconf 90' lang='lat' dir='ltr'><strong>et</strong></span> <span class='ocrx_word' id='word_1_770' title='bbox 2390 4780 2570 4818; x_wconf 86' lang='lat' dir='ltr'><strong>rerum</strong></span> <span class='ocrx_word' id='word_1_771' title='bbox 2601 4762 2778 4830; x_wconf 88' lang='lat' dir='ltr'><strong>hujus</strong></span> <span class='ocrx_word' id='word_1_772' title='bbox 2811 4762 2934 4815; x_wconf 70' lang='lat' dir='ltr'><strong>vitae</strong></span> <span class='ocrx_word' id='word_1_773' title='bbox 2988 4762 3382 4829; x_wconf 85' lang='lat' dir='ltr'><strong>sollicitudine,</strong></span> <span class='ocrx_word' id='word_1_774' title='bbox 3418 4775 3472 4818; x_wconf 88' lang='lat' dir='ltr'><strong>et</strong></span> <span class='ocrx_word' id='word_1_775' title='bbox 3498 4767 3653 4835; x_wconf 85' lang='lat' dir='ltr'><strong>cupi-</strong></span> 
     </span>
    </p>
   </div>
   <div class='ocr_carea' id='block_1_108' title="bbox 2071 4856 3652 4926">
    <p class='ocr_par' dir='ltr' id='par_1_108' title="bbox 2071 4856 3652 4926">
     <span class='ocr_line' id='line_1_108' title="bbox 2071 4856 3652 4926; baseline -0.001 -13"><span class='ocrx_word' id='word_1_776' title='bbox 2071 4859 2298 4914; x_wconf 86' lang='lat' dir='ltr'><strong>ditatum</strong></span> <span class='ocrx_word' id='word_1_777' title='bbox 2328 4856 2582 4926; x_wconf 81' lang='lat' dir='ltr'><strong>caligine,</strong></span> <span class='ocrx_word' id='word_1_778' title='bbox 2632 4872 2751 4910; x_wconf 87' lang='lat' dir='ltr'><strong>eam</strong></span> <span class='ocrx_word' id='word_1_779' title='bbox 2819 4863 2876 4910; x_wconf 89' lang='lat' dir='ltr'><strong>ut</strong></span> <span class='ocrx_word' id='word_1_780' title='bbox 2927 4870 3035 4909; x_wconf 89' lang='lat' dir='ltr'><strong>non</strong></span> <span class='ocrx_word' id='word_1_781' title='bbox 3071 4857 3353 4924; x_wconf 88' lang='lat' dir='ltr'><strong>oportebat</strong></span> <span class='ocrx_word' id='word_1_782' title='bbox 3384 4858 3652 4913; x_wconf 83' lang='lat' dir='ltr'><strong>obscura--</strong></span> 
     </span>
    </p>
   </div>
   <div class='ocr_carea' id='block_1_109' title="bbox 2073 4949 3654 5021">
    <p class='ocr_par' dir='ltr' id='par_1_109' title="bbox 2073 4949 3654 5021">
     <span class='ocr_line' id='line_1_109' title="bbox 2073 4949 3654 5021; baseline -0.002 -15"><span class='ocrx_word' id='word_1_783' title='bbox 2073 4953 2349 5016; x_wconf 75' lang='lat' dir='ltr'><strong>vet-imus,</strong></span> <span class='ocrx_word' id='word_1_784' title='bbox 2387 4951 2546 5004; x_wconf 90' lang='lat' dir='ltr'><strong>nobis</strong></span> <span class='ocrx_word' id='word_1_785' title='bbox 2579 4950 2707 5003; x_wconf 86' lang='lat' dir='ltr'><strong>licet</strong></span> <span class='ocrx_word' id='word_1_786' title='bbox 2726 4959 2777 5004; x_wconf 90' lang='lat' dir='ltr'><strong>et</strong></span> <span class='ocrx_word' id='word_1_787' title='bbox 2800 4963 2896 5018; x_wconf 88' lang='lat' dir='ltr'><strong>per</strong></span> <span class='ocrx_word' id='word_1_788' title='bbox 2921 4949 3229 5002; x_wconf 82' lang='lat' dir='ltr'><strong>divinarum</strong></span> <span class='ocrx_word' id='word_1_789' title='bbox 3252 4949 3430 5021; x_wconf 77' lang='lat' dir='ltr'><strong>legunt</strong></span> <span class='ocrx_word' id='word_1_790' title='bbox 3464 4951 3654 5006; x_wconf 88' lang='lat' dir='ltr'><strong>obser-</strong></span> 
     </span>
    </p>
   </div>
   <div class='ocr_carea' id='block_1_110' title="bbox 2077 5042 3647 5112">
    <p class='ocr_par' dir='ltr' id='par_1_110' title="bbox 2077 5042 3647 5112">
     <span class='ocr_line' id='line_1_110' title="bbox 2077 5042 3647 5112; baseline 0 -16"><span class='ocrx_word' id='word_1_791' title='bbox 2077 5047 2347 5098; x_wconf 82' lang='lat' dir='ltr'><strong>vationem</strong></span> <span class='ocrx_word' id='word_1_792' title='bbox 2377 5052 2431 5097; x_wconf 91' lang='lat' dir='ltr'><strong>et</strong></span> <span class='ocrx_word' id='word_1_793' title='bbox 2456 5060 2547 5110; x_wconf 81' lang='lat' dir='ltr'><strong>per</strong></span> <span class='ocrx_word' id='word_1_794' title='bbox 2581 5042 2980 5112; x_wconf 74' lang='lat' dir='ltr'><strong>pmnitentiam,</strong></span> <span class='ocrx_word' id='word_1_795' title='bbox 3015 5056 3138 5096; x_wconf 89' lang='lat' dir='ltr'><strong>eum</strong></span> <span class='ocrx_word' id='word_1_796' title='bbox 3171 5042 3417 5112; x_wconf 89' lang='lat' dir='ltr'><strong>recipere</strong></span> <span class='ocrx_word' id='word_1_797' title='bbox 3437 5052 3647 5098; x_wconf 80' lang='lat' dir='ltr'><strong>tantum</strong></span> 
     </span>
    </p>
   </div>
   <div class='ocr_carea' id='block_1_111' title="bbox 2074 5131 3650 5206">
    <p class='ocr_par' dir='ltr' id='par_1_111' title="bbox 2074 5131 3650 5206">
     <span class='ocr_line' id='line_1_111' title="bbox 2074 5131 3650 5206; baseline -0.003 -14"><span class='ocrx_word' id='word_1_798' title='bbox 2074 5153 2139 5194; x_wconf 88' lang='lat' dir='ltr'><strong>ac</strong></span> <span class='ocrx_word' id='word_1_799' title='bbox 2164 5137 2639 5206; x_wconf 73' lang='lat' dir='ltr'><strong>supernaturalem</strong></span> <span class='ocrx_word' id='word_1_800' title='bbox 2677 5131 3026 5201; x_wconf 82' lang='lat' dir='ltr'><strong>splendorem</strong></span> <span class='ocrx_word' id='word_1_801' title='bbox 3061 5141 3225 5202; x_wconf 80' lang='lat' dir='ltr'><strong>atque</strong></span> <span class='ocrx_word' id='word_1_802' title='bbox 3288 5133 3488 5187; x_wconf 90' lang='lat' dir='ltr'><strong>iterum</strong></span> <span class='ocrx_word' id='word_1_803' title='bbox 3523 5148 3650 5203; x_wconf 88' lang='lat' dir='ltr'><strong>pos-</strong></span> 
     </span>
    </p>
   </div>
   <div class='ocr_carea' id='block_1_112' title="bbox 2073 5224 3650 5296">
    <p class='ocr_par' dir='ltr' id='par_1_112' title="bbox 2073 5224 3650 5296">
     <span class='ocr_line' id='line_1_112' title="bbox 2073 5224 3650 5296; baseline -0.004 -11"><span class='ocrx_word' id='word_1_804' title='bbox 2073 5230 2253 5285; x_wconf 88' lang='lat' dir='ltr'><strong>sidere</strong></span> <span class='ocrx_word' id='word_1_805' title='bbox 2288 5228 2545 5296; x_wconf 88' lang='lat' dir='ltr'><strong>illiusque</strong></span> <span class='ocrx_word' id='word_1_806' title='bbox 2599 5226 3097 5279; x_wconf 75' lang='lat' dir='ltr'><strong>inanitestationem</strong></span> <span class='ocrx_word' id='word_1_807' title='bbox 3163 5224 3507 5280; x_wconf 81' lang='lat' dir='ltr'><strong>viridissime</strong></span> <span class='ocrx_word' id='word_1_808' title='bbox 3568 5227 3650 5280; x_wconf 84' lang='lat' dir='ltr'><strong>iu-</strong></span> 
     </span>
    </p>
   </div>
   <div class='ocr_carea' id='block_1_113' title="bbox 2077 5318 3649 5389">
    <p class='ocr_par' dir='ltr' id='par_1_113' title="bbox 2077 5318 3649 5389">
     <span class='ocr_line' id='line_1_113' title="bbox 2077 5318 3649 5389; baseline -0.003 -12"><span class='ocrx_word' id='word_1_809' title='bbox 2077 5323 2246 5378; x_wconf 88' lang='lat' dir='ltr'><strong>tueri.</strong></span> <span class='ocrx_word' id='word_1_810' title='bbox 2285 5319 2395 5374; x_wconf 90' lang='lat' dir='ltr'><strong>Pro</strong></span> <span class='ocrx_word' id='word_1_811' title='bbox 2427 5320 2867 5389; x_wconf 79' lang='lat' dir='ltr'><strong>uniuscujusque</strong></span> <span class='ocrx_word' id='word_1_812' title='bbox 2927 5318 3048 5373; x_wconf 79' lang='lat' dir='ltr'><strong>ﬁdei</strong></span> <span class='ocrx_word' id='word_1_813' title='bbox 3083 5333 3339 5372; x_wconf 87' lang='lat' dir='ltr'><strong>mensura</strong></span> <span class='ocrx_word' id='word_1_814' title='bbox 3371 5333 3434 5373; x_wconf 91' lang='lat' dir='ltr'><strong>ae</strong></span> <span class='ocrx_word' id='word_1_815' title='bbox 3466 5318 3649 5385; x_wconf 75' lang='lat' dir='ltr'><strong>vigore</strong></span> 
     </span>
    </p>
   </div>
   <div class='ocr_carea' id='block_1_114' title="bbox 2073 5407 3646 5485">
    <p class='ocr_par' dir='ltr' id='par_1_114' title="bbox 2073 5407 3646 5485">
     <span class='ocr_line' id='line_1_114' title="bbox 2073 5407 3646 5485; baseline -0.003 -16"><span class='ocrx_word' id='word_1_816' title='bbox 2073 5416 2191 5485; x_wconf 86' lang='lat' dir='ltr'><strong>ejus</strong></span> <span class='ocrx_word' id='word_1_817' title='bbox 2224 5413 2498 5470; x_wconf 86' lang='lat' dir='ltr'><strong>revelatur</strong></span> <span class='ocrx_word' id='word_1_818' title='bbox 2531 5412 2810 5481; x_wconf 87' lang='lat' dir='ltr'><strong>splendor,</strong></span> <span class='ocrx_word' id='word_1_819' title='bbox 2871 5425 2935 5465; x_wconf 87' lang='lat' dir='ltr'><strong>ac</strong></span> <span class='ocrx_word' id='word_1_820' title='bbox 2966 5410 3020 5463; x_wconf 92' lang='lat' dir='ltr'><strong>in</strong></span> <span class='ocrx_word' id='word_1_821' title='bbox 3053 5410 3249 5480; x_wconf 91' lang='lat' dir='ltr'><strong>primis</strong></span> <span class='ocrx_word' id='word_1_822' title='bbox 3276 5408 3488 5464; x_wconf 90' lang='lat' dir='ltr'><strong>Domini</strong></span> <span class='ocrx_word' id='word_1_823' title='bbox 3517 5407 3646 5464; x_wconf 82' lang='lat' dir='ltr'><strong>Jesu</strong></span> 
     </span>
    </p>
   </div>
   <div class='ocr_carea' id='block_1_115' title="bbox 2076 5501 3645 5568">
    <p class='ocr_par' dir='ltr' id='par_1_115' title="bbox 2076 5501 3645 5568">
     <span class='ocr_line' id='line_1_115' title="bbox 2076 5501 3645 5568; baseline -0.004 -5"><span class='ocrx_word' id='word_1_824' title='bbox 2076 5508 2287 5564; x_wconf 83' lang='lat' dir='ltr'><strong>Christi</strong></span> <span class='ocrx_word' id='word_1_825' title='bbox 2310 5507 2514 5561; x_wconf 77' lang='lat' dir='ltr'><strong>auxilio</strong></span> <span class='ocrx_word' id='word_1_826' title='bbox 2539 5521 2604 5560; x_wconf 90' lang='lat' dir='ltr'><strong>ac</strong></span> <span class='ocrx_word' id='word_1_827' title='bbox 2621 5505 3031 5568; x_wconf 65' lang='lat' dir='ltr'><strong>benevolentia,</strong></span> <span class='ocrx_word' id='word_1_828' title='bbox 3063 5513 3118 5557; x_wconf 92' lang='lat' dir='ltr'><strong>nt</strong></span> <span class='ocrx_word' id='word_1_829' title='bbox 3143 5503 3218 5556; x_wconf 88' lang='lat' dir='ltr'><strong>ait</strong></span> <span class='ocrx_word' id='word_1_830' title='bbox 3235 5502 3394 5556; x_wconf 83' lang='lat' dir='ltr'><strong>divus</strong></span> <span class='ocrx_word' id='word_1_831' title='bbox 3409 5501 3645 5557; x_wconf 78' lang='lat' dir='ltr'><strong>Marcus.</strong></span> 
     </span>
    </p>
   </div>
   <div class='ocr_carea' id='block_1_116' title="bbox 2077 5592 3648 5669">
    <p class='ocr_par' dir='ltr' id='par_1_116' title="bbox 2077 5592 3648 5669">
     <span class='ocr_line' id='line_1_116' title="bbox 2077 5592 3648 5669; baseline -0.006 -12"><span class='ocrx_word' id='word_1_832' title='bbox 2077 5601 2357 5668; x_wconf 85' lang='lat' dir='ltr'><strong>Christus,</strong></span> <span class='ocrx_word' id='word_1_833' title='bbox 2378 5599 2473 5669; x_wconf 87' lang='lat' dir='ltr'><strong>qui</strong></span> <span class='ocrx_word' id='word_1_834' title='bbox 2496 5607 2580 5653; x_wconf 89' lang='lat' dir='ltr'><strong>est</strong></span> <span class='ocrx_word' id='word_1_835' title='bbox 2606 5597 2878 5667; x_wconf 83' lang='lat' dir='ltr'><strong>perfectus</strong></span> <span class='ocrx_word' id='word_1_836' title='bbox 2903 5595 3060 5660; x_wconf 88' lang='lat' dir='ltr'><strong>Deus,</strong></span> <span class='ocrx_word' id='word_1_837' title='bbox 3085 5596 3385 5665; x_wconf 76' lang='lat' dir='ltr'><strong>perfectam</strong></span> <span class='ocrx_word' id='word_1_838' title='bbox 3404 5592 3648 5660; x_wconf 82' lang='lat' dir='ltr'><strong>baptiza-</strong></span> 
     </span>
    </p>
   </div>
   <div class='ocr_carea' id='block_1_117' title="bbox 2081 5685 3643 5766">
    <p class='ocr_par' dir='ltr' id='par_1_117' title="bbox 2081 5685 3643 5766">
     <span class='ocr_line' id='line_1_117' title="bbox 2081 5685 3643 5766; baseline -0.006 -16"><span class='ocrx_word' id='word_1_839' title='bbox 2081 5694 2152 5751; x_wconf 85' lang='lat' dir='ltr'><strong>tis</strong></span> <span class='ocrx_word' id='word_1_840' title='bbox 2179 5693 2417 5766; x_wconf 86' lang='lat' dir='ltr'><strong>Spiritus</strong></span> <span class='ocrx_word' id='word_1_841' title='bbox 2449 5691 2622 5749; x_wconf 87' lang='lat' dir='ltr'><strong>sancti</strong></span> <span class='ocrx_word' id='word_1_842' title='bbox 2673 5692 2902 5764; x_wconf 80' lang='lat' dir='ltr'><strong>gratiam</strong></span> <span class='ocrx_word' id='word_1_843' title='bbox 2935 5689 3162 5759; x_wconf 79' lang='lat' dir='ltr'><strong>largitus</strong></span> <span class='ocrx_word' id='word_1_844' title='bbox 3189 5695 3293 5753; x_wconf 89' lang='lat' dir='ltr'><strong>est,</strong></span> <span class='ocrx_word' id='word_1_845' title='bbox 3339 5685 3548 5741; x_wconf 88' lang='lat' dir='ltr'><strong>nullum</strong></span> <span class='ocrx_word' id='word_1_846' title='bbox 3610 5701 3643 5741; x_wconf 84' lang='lat' dir='ltr'><strong>a</strong></span> 
     </span>
    </p>
   </div>
  </div>
