4080 6206
403 280 512 342 ὺ43

1255 277 1601 339 CALLlSTl
1646 276 1741 337 ET
1779 280 2075 341 IGNATll
2122 277 2817 340 KAN'I‘HOPULORUM

3546 276 3649 340 6H

411 394 568 449 nobis
597 393 993 447 incrementum
1046 394 1424 461 accipientem,
1463 394 1620 448 nobis
1646 408 1774 448 vero
1828 407 1981 448 reve-

2085 398 2316 466 Χριστὸς
2366 396 2569 457 τέλειος
2612 396 2745 458 Θεὸς
2794 396 2892 459 ὢν,
2921 394 3135 447 τελείαν
3163 395 3273 458 τοῖς
3309 393 3658 464 βαπτισθεῑσι

408 485 575 541 latam
605 492 660 539 et
687 484 1036 547 illustratam,
1068 498 1168 553 pro
1205 494 1404 538 nostro
1436 484 1491 538 in
1522 484 1721 539 divinis
1750 485 1971 539 manda-

407 578 479 632 tis
509 575 710 638 labore,
744 586 794 629 et
832 577 1229 631 incrementum
1267 576 1389 629 lidei
1419 576 1578 630 nobis
1598 587 1968 644 praestantem,

406 673 581 722 donec
604 682 955 722 accurramus
985 682 1175 722 omnes
1205 668 1257 722 in
1279 669 1539 723 unitatem
1567 669 1712 732 ﬁdei,
1746 669 1798 722 in
1826 685 1972 723 men-

412 775 593 815 suram
628 761 803 815 mtatis
829 761 1183 830 plenitudinis
1233 762 1459 816 Christi.
1525 762 1579 816 Si
1610 762 1738 832 quid
1808 763 1976 831 igitur

406 851 776 905 addiderimus
806 851 858 904 in
885 852 1002 920 ipso
1031 854 1357 921 regenerati,
1391 863 1445 907 et
1473 854 1523 906 id
1558 855 1626 908 ah
1682 854 1803 923 ipso
1857 862 1963 918 est,

407 949 460 993 et
481 957 545 994 ex
582 939 700 1009 ipso
742 942 794 994 in
826 942 980 994 uohis
1007 953 1125 995 erat
1167 942 1574 997 absconditum.

2080 489 2177 557 τὴν
2200 488 2360 558 χάριν
2384 487 2479 540 τοῦ
2522 487 2677 554 ἁγίου
2707 485 3021 555 Πνεῦματος
3050 486 3382 555 ἐδωρήσατο,
3415 484 3663 555 προσθή-

2081 597 2183 648 κην
2214 580 2311 648 μὲν
2334 580 2463 651 παρ’
2491 579 2646 649 ἡμῶν
2668 578 2729 630 οὐ
2756 577 3161 647 λαμϐάνουσαν,
3209 575 3663 644 ἀποκαλυπτομέ-

2086 689 2178 741 νην
2207 670 2262 723 δέ
2286 670 2416 740 ἡμῖν
2445 671 2540 723 καὶ
2565 669 3027 739 ἐμφανιζομένην,
3060 667 3204 721 κατά
3228 666 3520 734 ἀναλογίαν
3560 666 3664 735 τῆς

2085 762 2191 815 τῶν
2215 761 2443 814 ἐντολῶν
2466 760 2748 831 ἐργασίας,
2780 763 2873 813 καὶ
2920 759 3244 829 προσθήκην
3273 761 3407 829 ἡμῖν
3431 758 3531 827 τῆς
3566 758 3662 810 πί-

2084 866 2254 916 στεως
2294 851 2672 922 παρέχουσαν,
2718 851 2823 915 ἓως
2873 851 2939 904 ἂν
2993 851 3427 919 καταντήσωμεν
3452 849 3666 911 πάντες

2082 946 2161 1009 εἰς
2189 946 2286 1015 τὴν
2312 944 2537 1013 ἑνότητα
2566 946 2665 1013 τῆς
2692 945 2951 1007 πίστεως,
2982 944 3062 1006 είς
3096 943 3295 1013 μέτρον
3327 942 3546 1012 ἡλικίας
3569 941 3665 994 τοῦ

399 1039 770 1110 πληρώματος
794 1040 891 1094 τοῦ
920 1040 1180 1110 Χριστοῦ.
1225 1060 1244 1093 ι
1290 1039 1358 1092 Et
1396 1057 1450 1093 τι
1500 1036 1597 1093 οῦν
1626 1039 2013 1110 προσφέρομεν
2042 1040 2101 1093 ἐν
2131 1039 2280 1110 αὑτῴ
2330 1039 2807 1110 ἀναγεννηθέντες,
2834 1037 2930 1090 καὶ
2957 1035 3119 1090 τοῦτο
3148 1036 3252 1108 ἤδη
3284 1033 3418 1106 παρ’
3456 1034 3645 1100 αὐτοῦ,

394 1133 492 1187 καὶ
514 1133 572 1199 ἐξ
587 1132 753 1186 αὐτοῦ
773 1129 840 1204 ἦν
860 1134 918 1186 ἐν
934 1134 1063 1203 ἡμίν
1080 1134 1482 1204 κεκρυμμένον.

409 1229 562 1296 Quod
589 1238 795 1297 oportet
810 1242 927 1277 eum
965 1226 1375 1297 quiseoundmn
1401 1225 1572 1278 Deum
1632 1230 1761 1296 agit,
1795 1228 1976 1280 omnia

480 1299 592 1366 ejus
621 1294 889 1349 ’mandata
948 1296 1182 1366 exsequi,
1231 1294 1525 1366 maximam
1576 1294 1754 1348 autem
1804 1298 1978 1359 operis

478 1364 684 1437 partem
707 1367 893 1437 primis
918 1380 982 1417 ea:
1011 1365 1249 1417 omnibus
1300 1372 1349 1417 et
1372 1364 1527 1434 quasi
1550 1366 1977 1434 generationibus

478 1435 684 1498 oportet
715 1435 1026 1487 attribuere.

482 1549 535 1602 7.
561 1545 828 1613 Quoniam
863 1545 1030 1613 igitur
1053 1538 1267 1598 initium
1301 1554 1354 1600 et
1382 1546 1533 1600 radix
1569 1547 1771 1614 omnis,
1804 1556 1863 1601 ut
1896 1547 1979 1602 di-

428 1638 633 1699 ximus,
668 1636 832 1705 hujus
865 1636 1188 1704 ncgotii,est
1218 1637 1516 1690 secundum
1548 1637 1809 1693 salutaria
1827 1654 1983 1693 man-

2083 1222 2213 1279 Ὅτι
2245 1223 2340 1276 δεῖ
2358 1224 2464 1277 τὸν
2490 1223 2663 1295 ,κατὰ
2708 1226 2856 1295 Θεὸν·
2916 1227 3406 1295 πολιτευόμενον,
3457 1230 3657 1294 πάσας

2146 1295 2253 1365 τᾲς
2293 1294 2546 1359 ἐντολὰς
2582 1293 2847 1365 μετιέναι
2875 1312 2888 1327 ·
2928 1297 2998 1349 τὸ
3033 1295 3103 1349 δὲ
3158 1293 3453 1350 πλεῖστον
3479 1293 3666 1365 μέρος·

2146 1363 2258 1428 τῆς
2278 1365 2369 1432 ἑρτ
2381 1366 2582 1428 ασίας,
2614 1364 2939 1432 ἀπονέμειν
2967 1378 3115 1431 πως,
3151 1368 3279 1432 ταῖς
3310 1366 3430 1421 τῶν
3456 1363 3667 1423 ἀλλων-

2154 1431 2430 1499 πρώταις,
2464 1435 2562 1487 καί
2584 1431 2714 1488 οἷον
2730 1431 3162 1504 γενικωτέραις.

2159 1542 2221 1608 ζ’.
2266 1546 2419 1599 Ἐπεὶ
2445 1542 2559 1611 οὖν,
2591 1547 2623 1617 ἡ
2653 1546 2751 1615 μὲν
2787 1548 2930 1618 ἀρχὴ
2982 1550 3079 1603 καὶ
3114 1551 3147 1619 ἡ
3191 1550 3319 1619 ῥίζα
3345 1551 3553 1620 πάσης,
3585 1549 3664 1613 ὡς

2085 1634 2324 1704 ἔφημεν,
2365 1634 2528 1703 τῆσδε
2571 1638 2670 1706 τῆς
2701 1638 3109 1705 πραγματείας,
3141 1638 3202 1690 τὸ
3235 1639 3377 1692 κατά
3407 1640 3507 1701 τὰς
3550 1654 3665 1695 σω-

416 1731 537 1782 data
578 1744 755 1797 agere,
789 1729 1054 1783 terminus
1079 1743 1206 1783 vero
1243 1738 1299 1783 et
1344 1728 1579 1796 fructus,
1615 1746 1833 1787 sursum
1896 1747 1982 1788 re-

2087 1726 2308 1795 τηρίους
2334 1724 2554 1789 ἐντολὰς
2585 1725 2989 1789 πολιτεύεσθαι,
3036 1728 3099 1781 τὸ
3132 1728 3190 1782 δέ
3236 1729 3436 1800 τέρμα,
3484 1733 3579 1786 καὶ
3632 1737 3667 1790 ὀ

419 1820 550 1873 verti
588 1821 653 1874 ad
687 1835 829 1881 eam,
858 1836 979 1888 qua:
1008 1820 1243 1889 primum
1273 1836 1369 1889 per
1402 1821 1671 1890 baptisma
1708 1824 1865 1879 nobis
1889 1824 1984 1880 do-

417 1922 542 1966 nata
573 1922 675 1973 est,
712 1911 1006 1981 perfectam
1033 1910 1272 1981 Spiritus
1299 1914 1554 1982 gratiam,
1584 1916 1638 1969 in
1670 1917 1827 1973 nobis
1856 1920 1984 1987 qui-

417 2006 535 2056 dem
571 2004 921 2057 exsisteutem
963 2003 1105 2072 (sine
1138 2004 1460 2073 paenitentia
1490 2007 1636 2060 enim
1674 2018 1805 2062 sunt
1832 2012 1979 2080 dona

419 2096 556 2164 Dei),
590 2097 683 2149 sed
714 2096 1107 2164 cupiditatibus
1144 2097 1496 2167 insepultam,
1547 2102 1847 2158 revelatam
1881 2121 1981 2158 au-

417 2195 523 2237 tent
552 2184 858 2237 divinarum
889 2186 1063 2253 legum
1101 2185 1516 2254 adimpletione,
1549 2186 1707 2243 decet
1733 2205 1853 2257 nos,
1885 2206 1983 2261 pro

415 2272 638 2326 viribus.
665 2267 908 2326 omnium
930 2274 1303 2341 hujuscemodi
1325 2275 1502 2345 lcgum
1525 2280 1842 2347 operatione
1862 2297 1982 2336 eam

417 2364 471 2417 in
514 2365 673 2419 nobis
698 2364 1198 2419 manifestationem
1238 2364 1479 2435 Spiritus
1506 2371 1653 2423 omni
1696 2374 1856 2428 modo
1883 2391 1982 2429 ex-

417 2470 651 2524 purgare
672 2456 856 2510 conari
889 2467 940 2510 et
965 2472 1123 2526 quam
1151 2458 1476 2514 nitidissime
1508 2460 1796 2531 inspicere.
1827 2484 1845 2518 ι
1874 2466 1983 2523 Lu-

415 2562 577 2599 cerna
602 2547 769 2609 enim,
798 2548 974 2617 inquit
998 2547 1064 2603 ad
1098 2548 1262 2604 Deum
1308 2551 1497 2606 beatus
1529 2552 1718 2621 David,
1751 2559 1983 2626 pedibus

416 2638 551 2690 meis
583 2637 661 2691 lex
700 2647 815 2702 tua,
840 2648 892 2693 et
925 2640 1014 2693 lux
1073 2642 1315 2711 vestigiis
1351 2643 1511 2711 meis,
1552 2654 1605 2699 et
1651 2661 1979 2720 przeceptum

419 2729 636 2784 Domini
668 2731 907 2787 lucidum
943 2733 1261 2790 illuminant
1298 2737 1524 2809 oculos;
1550 2747 1622 2804 et,
1662 2741 1726 2794 ad
1794 2745 1981 2799 omnia

415 2823 667 2876 tumulata
690 2825 1136 2894 tuadirigebar'.
1167 2845 1186 2878 ο
1233 2827 1303 2882 Et
1329 2829 1420 2895 qui
1454 2831 1503 2884 in
1538 2831 1739 2886 Christi
1764 2847 1981 2904 pectore

415 2912 664 2966 tecuhuit
687 2929 700 2965 :
727 2931 745 2963 ι
780 2913 883 2978 Qui
908 2915 1159 2968 mandata
1178 2916 1297 2985 ejus
1328 2928 1529 2984 servat,
1552 2920 1605 2974 in
1629 2921 1744 2990 ipso
1779 2934 1979 2991 manet,

411 3013 467 3057 et
517 3003 630 3071 ipse
658 3006 708 3059 iu
746 3020 845 3070 eo;
887 3015 940 3058 et
977 3008 1228 3061 mandata
1258 3009 1377 3077 ejus
1407 3012 1589 3080 gravia
1630 3029 1739 3066 non
1780 3023 1927 3070 sunt.
1955 3033 1974 3067 ι

2010 3050 2057 3111 ο

2082 1815 2317 1885 καρπὸς,
2334 1815 2429 1867 τοῦ
2457 1815 2867 1886 ἐπαναὸραμεῖν
2906 1815 3043 1887 πρὸς
3080 1816 3179 1886 τὴν
3226 1818 3312 1872 διὰ
3334 1820 3429 1873 τοῦ
3468 1820 3665 1891 βαπτί-

2083 1925 2289 1976 σματος
2327 1907 2607 1979 τοπρῶτον
2641 1908 2982 1978 δωρηθεῖσαν
3037 1910 3173 1980 ἡμῖν
3228 1912 3443 1967 τελείαν
3496 1916 3664 1984 χάριν

2079 1998 2176 2052 τοῦ
2221 1998 2562 2068 Πνεύματος,
2604 2001 2663 2052 ἐν
2693 2002 2827 2069 ἡμῖν
2867 2002 2968 2073 μὲν
2998 1997 3167 2056 οὖσαν
3238 2004 3664 2077 (ἀμεταμέλητα

2083 2092 2189 2162 γὰρ
2218 2091 2313 2144 τοῦ
2348 2090 2507 2155 Θεοῦ,
2534 2092 2691 2162 φησι,
2730 2092 2800 2146 τὰ
2845 2093 3208 2164 χαρίσματα),
3271 2095 3409 2150 ἀλλὰ
3462 2115 3662 2166 συγκε-

2081 2183 2367 2253 χωσμένην
2388 2184 2501 2247 τοῖς
2527 2184 2774 2249 πάθεσιν,
2804 2184 3333 2258 ἀποκαλυπτομένην
3356 2187 3415 2241 δὲ
3443 2191 3507 2259 τῇ
3547 2189 3662 2242 τῶν

2081 2273 2357 2344 θεουργῶν
2402 2275 2633 2329 ἐντολῶν
2690 2276 2945 2346 ἐργασίᾳ·
2999 2277 3303 2348 προσῆκον,
3336 2278 3425 2332 διά
3464 2296 3526 2347 γε
3558 2281 3660 2351 τῆς

2082 2364 2224 2419 κατά
2245 2364 2304 2417 τὸ
2334 2366 2558 2419 δυνατὸν
2585 2366 2989 2437 ἐκπληρώσεως
3030 2369 3221 2421 πασῶν
3248 2368 3360 2423 τῶν
3397 2370 3660 2424 τοιούτων

2081 2456 2339 2523 ἐντολῶν,
2369 2458 2467 2528 τὴν
2523 2460 2583 2511 ἐν
2630 2460 2760 2530 ἡμῖν
2813 2460 3125 2531 φανέρωσιν
3181 2459 3279 2514 τοῦ
3326 2461 3663 2533 πνεύματος,

2082 2547 2444 2617 παντὶτρόπῳ
2474 2548 2724 2602 σπεύδειν
2752 2549 3122 2621 ἀνακαθᾶραι,
3156 2552 3252 2606 καὶ
3277 2552 3667 2622 ἐμφανέστατα

2082 2638 2436 2692 ἐποπτεῦσαι.
2478 2658 2496 2690 ι
2536 2639 2741 2710 Λύχνος
2770 2641 2903 2710 γὰρ,
2955 2643 3090 2713 φησὶ
3138 2642 3277 2710 πρὸς
3318 2644 3411 2696 τὸν
3460 2645 3593 2698 Θεὸν
3631 2647 3665 2698 6

2085 2729 2355 2800 μακάριος
2393 2729 2578 2795 Δαὸὶδ,
2605 2734 2717 2795 τοῖς
2750 2734 2877 2786 ποσί
2912 2750 3016 2803 μου
3042 2734 3070 2785 6
3102 2733 3263 2803 νόμος
3290 2750 3406 2799 σου,
3427 2736 3522 2788 καὶ
3547 2736 3665 2804 φῶς

2081 2823 2199 2884 ταῖς
2227 2821 2434 2891 τρίϐοις
2462 2839 2588 2891 μου,
2646 2824 2743 2876 καὶ
2808 2825 2842 2894 ἡ
2892 2824 3083 2895 ἐντολὴ
3123 2825 3330 2897 Κυρίου
3384 2827 3665 2897 τηλαυγὴς

2082 2913 2393 2982 φωτίζουσα
2426 2914 2761 2985 ὀφθαλμοὺς,
2792 2916 2887 2969 καὶ
2934 2918 3074 2988 πρὸς
3105 2918 3283 2983 πάσας
3311 2920 3409 2983 τὰς
3443 2920 3665 2983 ἐντολάς

2084 3023 2178 3060 σου
2196 3006 2613 3077 κατωρθούμην.
2629 3027 2647 3059 ι
2665 3009 2774 3061 Καὶ
2795 3011 2822 3062 6
2847 3010 3213 3080 Ἑπιστήθιος⁹
3237 3030 3256 3063 ι
3280 3011 3338 3063 '0
3356 3029 3420 3077 τη
3430 3012 3538 3082 ρῶν
3564 3013 3666 3076 τὰς

413 3095 481 3149 Et
543 3096 808 3150 Dominus
842 3098 1003 3165 ipse:
1043 3117 1063 3149 ι
1093 3099 1194 3165 Qui
1250 3100 1412 3154 habet
1470 3103 1726 3160 mandata
1766 3121 1884 3159 mea
1933 3116 1986 3161 et

2086 3097 2309 3161 ἐντολὰς
2332 3098 2521 3163 αὑτοῦ,
2554 3100 2613 3151 ἐν
2638 3098 2786 3169 αὐτῷ
2819 3100 2991 3168 μένει,
3046 3100 3142 3154 καὶ
3195 3103 3360 3165 αὐτὸς
3394 3103 3453 3156 ῑεν
3485 3104 3659 3172 αὐτῷ’

409 3188 664 3241 observat
691 3203 775 3251 ea,
821 3188 911 3243 ille
938 3198 1020 3243 est
1065 3191 1156 3259 qui
1195 3206 1281 3247 me
1306 3193 1521 3261 diligit;
1570 3198 1663 3266 qui
1719 3212 1848 3253 vero
1895 3213 1984 3253 me

410 3278 605 3347 diligit,
636 3279 890 3349 diligetur
917 3296 945 3333 a
984 3280 1142 3336 Patre
1189 3299 1329 3349 meo,
1355 3293 1409 3340 et
1434 3302 1536 3356 ego
1575 3288 1796 3360 diligam
1839 3305 1986 3354 cum,

408 3381 458 3423 et
491 3369 853 3423 manifestaho
887 3371 935 3424 ei
969 3371 1233 3440 meipsum
1271 3373 1315 3427 ⁸.
1346 3392 1364 3425 ι
1399 3374 1486 3438 Ει,
1528 3393 1547 3427 ι
1576 3375 1633 3430 Si
1666 3378 1787 3445 quis
1809 3376 1991 3448 diligit

410 3475 518 3523 me,
553 3459 812 3513 mandata
863 3474 983 3513 mea
1018 3462 1277 3528 servabit,
1314 3472 1368 3518 et
1405 3461 1566 3519 Pater
1597 3482 1754 3522 meus
1799 3468 1991 3539 diliget

407 3568 532 3605 eum
554 3568 569 3617 ;
594 3562 645 3605 ct
682 3553 747 3606 ad
780 3567 903 3605 eum
930 3554 1229 3618 veniemus,
1254 3565 1308 3609 et
1328 3556 1665 3612 mansionem
1697 3561 1835 3629 apud
1862 3577 1988 3616 eum

409 3641 728 3697 faciemus".
746 3662 762 3693 ι
786 3642 873 3709 Ει,
906 3643 1039 3709 ιριιί
1066 3661 1150 3700 me
1172 3662 1277 3700 non
1303 3647 1498 3718 diligit,
1524 3664 1807 3707 sermones
1835 3668 1985 3708 meos

411 3746 519 3784 non
584 3742 765 3785 servat
795 3733 837 3785 ⁸.
872 3752 890 3783 ι
963 3734 1161 3787 Earum
1195 3745 1378 3790 autem
1448 3738 1625 3808 legum
1686 3740 1876 3810 primis
1936 3752 1992 3797 et

409 3823 838 3889 generaliorihus
891 3826 1183 3879 maximam
1226 3827 1411 3896 operis
1450 3839 1666 3898 partem
1726 3832 1991 3890 adhibere

408 3912 812 3979 quodammodo
866 3915 1151 3970 dehemus.
1203 3915 1279 3971 Ita
1342 3920 1514 3985 enim,
1577 3937 1700 3976 cum
1759 3924 1890 3991 Deo,
1954 3941 1985 3981 a

410 4002 564 4070 lapsu
590 4002 883 4070 imntunes,
917 4006 1255 4075 propositum
1281 4009 1573 4075 intentum,
1598 4013 1770 4081 ipsam
1800 4030 1994 4086 nempe

412 4093 688 4161 pulchram
724 4095 1129 4152 inchoationem
1194 4098 1540 4171 impetusque
1594 4104 1769 4159 nosui
1824 4104 1990 4163 linem

410 4186 760 4256 attingemus,
797 4188 889 4257 qui
920 4197 1005 4244 est
1037 4187 1264 4259 spiritus
1302 4191 1705 4251 manifestatio.

400 4609 556 4675 Quod
587 4609 797 4662 initium
831 4608 999 4662 omnis
1032 4607 1136 4661 Deo
1173 4617 1342 4678 grata
1391 4611 1710 4678 operationis
1765 4618 1841 4663 est
1894 4612 1976 4665 in-

471 4679 672 4734 vocatio
696 4694 813 4732 cum
837 4678 936 4737 ﬁde
964 4678 1192 4732 nominis
1223 4678 1434 4732 Domini
1458 4682 1623 4733 nostri
1645 4679 1774 4736 Jesu
1795 4680 1963 4735 Chri-

468 4752 561 4818 sti,
588 4762 636 4804 et
664 4764 783 4802 cum
806 4764 870 4803 ea
904 4751 1076 4802 oriens
1105 4749 1224 4800 inde
1238 4763 1346 4818 pax
1360 4758 1410 4802 et
1434 4751 1693 4804 charitas.

476 4926 531 4981 8.
567 4922 790 4979 Initium
815 4937 983 4993 porro
1020 4922 1204 4978 omnis
1260 4921 1370 4978 Deo
1416 4932 1584 4994 gratae
1639 4923 1982 4994 operationis

403 5019 486 5076 esi
519 5017 794 5072 invocatio
825 5030 950 5072 cum
990 5013 1096 5070 ﬁde
1161 5015 1423 5070 salutaris
1474 5016 1712 5073 nominis
1768 5017 1983 5071 Domini

407 5106 577 5158 nostri
611 5101 739 5158 Jesu
756 5102 985 5167 Christi,
1021 5118 1144 5157 cum
1177 5104 1291 5172 ipse
1344 5104 1691 5169 revelaverit,
1747 5105 1977 5159 dicens:

413 5216 432 5247 ι
466 5195 595 5249 Siue
646 5210 731 5248 me
785 5194 920 5248 nihil
961 5194 1192 5263 potestis
1231 5193 1412 5249 facere
1444 5196 1494 5252 '.
1530 5214 1551 5248 ι
1583 5195 1651 5250 Et
1704 5211 1829 5250 cum
1894 5211 1983 5265 ea,

410 5304 536 5359 pax.
566 5288 797 5357 Oportet
834 5287 1002 5352 enim,
1030 5287 1229 5356 inquit,
1261 5302 1424 5344 orare
1487 5288 1608 5344 sine
1660 5289 1740 5343 ira
1773 5296 1828 5343 et
1862 5288 1982 5345 sine

409 5381 771 5453 argumentis.
806 5378 882 5433 Et
908 5379 1169 5445 eharitas,
1196 5381 1322 5450 quia
1351 5380 1494 5435 Deus
1532 5381 1772 5437 cbaritas
1795 5391 1902 5446 est,
1931 5392 1991 5435 et

412 5476 506 5544 qui
535 5484 717 5528 manet
760 5475 813 5527 in
839 5472 1105 5528 charitate
1138 5472 1192 5526 in
1251 5471 1361 5528 Deo
1405 5484 1613 5539 manet,
1653 5482 1708 5528 et
1740 5473 1888 5529 Deus
1935 5474 1989 5526 in

416 5584 497 5622 co.
529 5567 644 5638 ipsa
678 5575 860 5621 autem
900 5579 1004 5635 pax
1056 5576 1110 5620 et
1163 5564 1404 5621 charitas
1461 5582 1568 5622 non
1622 5566 1780 5620 modo
1843 5579 1997 5620 acce-

412 5674 449 5730 p
476 5660 671 5713 abilem
697 5656 903 5713 faciunt
922 5656 1255 5722 orationem,
1277 5657 1371 5712 sed
1398 5672 1463 5713 ex
1488 5657 1605 5728 ipsa
1629 5671 1848 5713 rursum
1872 5670 1995 5710 ora-

482 5772 506 5804 '
529 5772 673 5829 Psal.
694 5790 883 5845 cum,
927 5776 1045 5831 i28.

1145 5776 1164 5807 ‘
1211 5773 1366 5829 Juau.
1411 5791 1517 5843 ειν,
1547 5774 1635 5829 ει.
1713 5776 1730 5807 ⁷
1762 5774 1895 5832 ibid.
1930 5774 2019 5828 ‘25.

2083 3188 2176 3245 καὶ
2203 3191 2258 3243 αί
2288 3190 2499 3243 ἐντολαὶ
2515 3190 2682 3244 αὐτοῦ
2711 3190 2925 3262 βαρεῖαι
2949 3193 3049 3245 οὐκ
3079 3193 3208 3248 εἰσί.
3244 3211 3262 3244 ι
3293 3194 3402 3247 Καὶ
3428 3196 3665 3266 ὁΣωτὴρ

2083 3284 2161 3351 δέ,
2187 3301 2208 3336 ι
2230 3284 2290 3338 '0
2312 3283 2451 3354 ἔχων
2467 3284 2566 3348 τὰς
2585 3284 2805 3349 ἐντολάς
2824 3302 2949 3355 μου,
2964 3285 3058 3338 καὶ
3074 3285 3257 3356 τηρῶν
3280 3287 3476 3352 αὐτὰς,
3516 3289 3665 3341 ἐκεί-

2084 3379 2173 3442 νός
2202 3379 2350 3431 ἐστιν
2375 3378 2404 3430 6
2443 3376 2677 3442 ἀγαπῶν
2708 3394 2773 3447 με
2802 3391 2816 3407 °
2850 3379 2879 3429 6
2901 3376 2957 3428 δέ
2990 3377 3222 3445 ἀγαπῶν
3252 3395 3320 3447 με
3370 3379 3665 3450 ἀγαπηθή-

2084 3485 2237 3522 σεται
2268 3466 2374 3520 ὑπο
2401 3466 2494 3520 τοῦ
2522 3466 2732 3537 Πατρός
2762 3482 2889 3536 μου,
2930 3468 3026 3520 καὶ
3052 3466 3163 3535 ἐγὼ
3177 3468 3449 3537 ἀγαπήσω
3477 3468 3661 3533 αὑτὸν,

2084 3559 2179 3611 καὶ
2206 3557 2491 3628 ἐμφανίσω
2524 3556 2671 3626 αὐτῴ
2697 3557 2956 3626 ἐμαυτόν.
2986 3557 3095 3609 Καὶ
3120 3556 3212 3609 ἐάν
3242 3575 3323 3621 τις
3351 3560 3543 3627 ἀγαπᾷ
3568 3575 3660 3628 με,

2082 3646 2172 3699 τὸν
2201 3647 2358 3715 λόγον
2405 3663 2505 3717 μου
2544 3646 2794 3717 τηρήσει,
2818 3646 2913 3698 καὶ
2945 3648 2973 3699 6
3018 3647 3206 3718 Πατήρ
3244 3664 3345 3717 μου
3380 3649 3662 3718 ἀγαπήσει

2082 3739 2267 3803 αὑτὸν,
2298 3740 2393 3792 καὶ
2422 3738 2559 3807 πρὸς
2586 3738 2751 3791 αὑτὸν
2781 3737 3152 3807 ἐλευσόμεθα,
3183 3740 3277 3792 καὶ
3313 3739 3482 3810 μονὴν
3526 3742 3658 3810 παρ’

2083 3831 2233 3903 αὑτῷ
2254 3834 2576 3902 ποιήσομενο
2605 3850 2623 3883 ι
2652 3831 2767 3893 καὶ,
2792 3848 2811 3882 ι
2863 3830 2921 3883 '0
2956 3830 3031 3901 μὴ
3062 3831 3293 3898 ἀγαπῶν
3317 3850 3407 3901 με,
3426 3835 3548 3895 τοὺς
3570 3832 3659 3885 16-

2082 3941 2211 3992 γους
2233 3942 2333 3995 μου
2362 3920 2423 3976 οὐ
2453 3926 2631 3993 τηρεί’
2646 3941 2664 3974 ι
2689 3922 2927 3993 μάλιστα
2946 3923 3002 3976 δὲ
3024 3922 3251 3989 τούτων,
3272 3928 3393 3987 ταῖς
3415 3923 3661 3994 πρώταις

2084 4017 2180 4070 καὶ
2224 4017 2636 4086 γενικωτέραις,
2676 4017 2771 4070 καὶ
2805 4014 2969 4069 οἱονεὶ
3005 4015 3246 4087 μητράσι
3280 4016 3389 4069 τῶν
3434 4015 3662 4081 λοιπῶν,

2083 4110 2183 4179 τὴν
2211 4107 2468 4178 πλείστην
2503 4111 2697 4177 μοῖραν
2754 4107 2852 4178 τῆς
2885 4109 3148 4179 ἐργασίας
3174 4108 3483 4161 ἀποδιδόναι
3506 4124 3623 4171 πως
3642 4124 3657 4138 ·

2085 4198 2227 4251 οὕτω
2258 4198 2387 4269 γὰρ,
2422 4198 2518 4253 σὺν
2541 4198 2679 4269 Θεῷ,
2721 4198 3033 4261 ἀπταίστως
3056 4198 3265 4252 καὶτοῦ
3297 4201 3661 4269 προκειμένου

2089 4290 2314 4357 σκοποῦ,
2342 4289 2727 4361 αὐτῆςδδηλαδὴ
2755 4289 2851 4360 τῆς
2880 4290 3050 4359 καλῆς
3081 4289 3351 4360 ἐνάρξεως
3376 4332 3390 4357 ,
3433 4292 3528 4345 καὶ
3566 4291 3661 4344 τοῦ

2085 4386 2271 4447 τέλους
2320 4384 2418 4454 τῆς
2470 4383 2708 4451 ἐφέσεως
2752 4383 3102 4455 ἐπιτύχοιμεν
3164 4383 3254 4448 ἂν,
3288 4384 3406 4454 ἤτοι
3434 4384 3530 4455 τῆς
3571 4384 3664 4438 τοῦ

2009 4483 2059 4545 D
2091 4475 2403 4547 [Ινεύματος
2431 4475 2813 4545 φανερὼσεως.

2091 4607 2218 4661 Ὀτι
2267 4607 2422 4676 ἁρχὴ
2468 4606 2673 4675 πάσης
2746 4607 3063 4677 θεοφιλοῦς
3114 4608 3420 4677 ἐργασίας,
3456 4610 3491 4676 ἡ
3516 4610 3669 4678 μετὰ

2168 4679 2425 4748 πίστεως
2448 4678 2773 4745 ἐπίκλησις
2816 4679 2921 4732 τοῦ
2960 4679 3253 4747 ὀνόματος
3291 4679 3398 4732 τοῦ
3450 4683 3668 4748 Κυρίου

2171 4747 2341 4814 ἡμῶν
2414 4748 2618 4814 Ἰησοῦ
2689 4748 2989 4815 Χριστοῦ.
3049 4748 3149 4801 καί
3189 4749 3316 4817 μετ’
3350 4747 3581 4816 αὐτῆς,
3628 4752 3668 4818 ἡ

2153 4819 2221 4882 ἐξ
2248 4818 2439 4887 αὐτῆς
2470 4818 2893 4873 ἀνατέλλουσα
2937 4819 3166 4888 εἰρήνη,
3216 4819 3315 4872 καί
3339 4820 3559 4888 ἀγάπη.

2159 4938 2229 5001 η’.
2278 4930 2446 5001 Ἀρχὴ
2493 4932 2675 5001 μέντοι
2719 4931 2902 5003 πάσης
2957 4933 3239 5003 θεοφιλοῦς
3306 4934 3586 5004 ἐργασίας,
3632 4936 3665 5005 ἡ

2094 5025 2234 5094 μετὰ
2261 5024 2496 5088 πίστεως
2521 5024 2806 5096 ἐπίκλησις
2841 5026 2936 5080 τοῦ
2964 5028 3237 5099 σωτηρίου
3276 5030 3537 5099 ὀνόματος
3572 5028 3665 5081 τοῦ

2094 5115 2299 5184 Κυρίου
2328 5117 2485 5187 ἡμῶν
2529 5117 2705 5179 Ἰησοῦ
2738 5120 2995 5190 Χριστοῦ,
3022 5122 3105 5173 ὃτι
3134 5120 3295 5184 αὐτὸς
3325 5120 3663 5191 ἀπεφήνατο·

2099 5227 2115 5259 ι
2154 5208 2337 5277 Χωρὶς
2361 5207 2495 5278 ἐμοῦ
2540 5208 2602 5261 οὐ
2666 5208 2895 5263 δύνασθε
2926 5213 3098 5263 ποιεῖν
3141 5210 3313 5263 οὐδέν’
3354 5228 3371 5260 ι
3416 5211 3510 5261 καὶ
3532 5208 3670 5278 μετὰ

2092 5296 2316 5365 ταύτης,
2372 5298 2405 5366 η
2443 5298 2657 5365 εἰρήνη.
2709 5298 2801 5350 Δεί
2850 5296 3000 5367 γὰρ,
3053 5298 3207 5365 φησὶ,
3252 5297 3675 5368 προσεύχεσθαι,

2090 5391 2255 5458 χωρὶς
2284 5390 2474 5461 ὀργῆς,
2502 5390 2596 5443 καὶ
2621 5389 3007 5461 διαλογισμῶν.
3042 5392 3152 5443 Καὶ
3181 5393 3214 5462 ἡ
3246 5390 3462 5462 ἀγάπη·
3519 5392 3600 5445 ὅτι
3638 5392 3666 5444 6

2091 5480 2221 5543 Θεὸς
2247 5481 2434 5549 ἀγάπη
2469 5480 2607 5543 ἐστὶ,
2644 5482 2737 5534 καὶ
2767 5483 2795 5535 6
2851 5483 3027 5551 μένων
3066 5484 3124 5536 ἐν
3156 5487 3220 5554 τῇ
3254 5484 3466 5554 ἀγάπῃ,
3504 5482 3667 5553 ἐν,τῷ

2091 5571 2211 5641 Θεῷ
2235 5570 2406 5641 μένει,
2440 5571 2533 5623 καὶ
2563 5573 2593 5624 6
2626 5571 2757 5635 Θεὸς
2805 5573 2863 5624 ἐν
2913 5572 3083 5643 αὐτῷ.
3118 5572 3263 5644 Λῦτη
3298 5574 3349 5627 δὲ
3400 5577 3430 5642 ἠ
3468 5574 3661 5644 είρῆντι

2096 5663 2186 5717 καὶ
2240 5664 2273 5731 ὴ
2307 5662 2515 5732 ἀγάπη,
2575 5661 2636 5714 οὐ
2675 5663 2836 5731 μόνον
2888 5664 3282 5734 εὐπρόσδεκτον
3324 5664 3539 5719 ποιοῦσι
3574 5666 3669 5733 την

2106 5775 2282 5827 “ibid.
2312 5774 2398 5828 ἓξ.
2435 5778 2452 5803 ’³
2477 5776 2632 5829 lum.
2672 5794 2756 5835 λγ.
2780 5777 2833 5830 5.
