4080 6206
460 249 567 317 645

1664 278 2057 343 OPUSCULA
2105 284 2484 349 ASCETICA.

3592 318 3697 384 616

432 373 620 443 εὐχὴν,
659 375 794 429 ἀλλά
814 378 906 432 καὶ
923 379 983 445 ἐξ
1003 381 1172 451 αὐτῆς
1197 383 1358 438 πάλιν
1370 385 1464 455 τῆς
1490 386 1649 456 εὐχῆς
1698 390 1992 455 γεννῶνται

432 467 521 493 υ-ὶ
558 468 902 493 Δ..--ι“.κ--.--
969 472 1117 493 etus-”
1159 474 1180 493 ιι
1213 475 1264 493 δ’
1425 479 1436 489 ο
1483 478 1535 493 ne
1654 481 1665 493 ι
1757 480 1767 493 ο

2094 394 2277 451 itione
2347 414 2651 458 nascuntur
2705 416 2758 461 et
2833 411 3108 477 oriuntur,
3160 427 3413 486 lampmm
3494 429 3695 493 gemini

432 467 526 518 καὶ
556 468 930 535 ἀνατέλλουσι,
964 472 1119 542 δίκην
1154 474 1390 545 διδύμων
1420 478 1615 531 ἐνθέων
1642 480 1896 546 ἀκτίνων,
1925 482 2019 535 καὶ⁵

430 555 702 623 αὔξονται,
734 561 829 614 καὶ
858 562 1211 619 τελειοῦνται.

431 692 667 773 Ὀτιιδί
698 692 963 771 ἑκάστου
986 696 1237 773 τούτων,
1270 700 1365 752 καί
1396 700 1552 773 dum)
1583 702 1703 773 τῶν
1751 703 1946 770 τριῶν,
1976 708 2014 773 ἠ

497 761 741 899 agimur
793 762 914 817 τῶν
966 766 1205 834 ἀγαθῶν
1245 761 1466 836 σωρεία
1530 761 2017 841 ἐπιδαψιίιεύετιιὶ

507 850 530 885 τ
573 850 673 886 ur.

403 846 419 902 γ
507 846 673 899 mur.

395 912 421 1013 ἓ
502 940 565 995 θ’.
629 944 763 996 ’Δπὸ
793 944 858 1016 δὴ
910 946 1140 1014 τούτων,
1194 950 1396 1019 μᾶλλον
1423 952 1484 1005 δὲ
1521 953 1589 1006 δι’
1623 954 1856 1009 ἑκάστου
1894 958 2019 1010 τού-

397 1020 412 1078 ἴ
428 1048 555 1093 των.
592 1034 687 1086 καὶ
711 1034 848 1104 ὁμοῦ
882 1037 993 1091 τῶν
1018 1038 1205 1109 τριῶν,
1240 1041 1403 1111 ἡτῶν
1449 1044 1672 1111 ἀγαθῶν
1714 1048 1846 1117 ήμῖν
1878 1048 2014 1102 πάν-

428 1137 537 1176 των
572 1126 777 1194 σωρεία
837 1126 1319 1198 ἐπιδαψιλεύεται,
1366 1133 1463 1187 καὶ
1523 1135 1868 1208 πλημμυρεῖ.
1915 1140 2014 1193 Διά

435 1215 533 1282 μὲν
561 1216 670 1287 γὰρ
703 1217 803 1286 τῆς
834 1220 891 1271 ἐν
912 1220 1093 1274 πίστει
1124 1223 1471 1294 ἐπικλήσεως
1497 1226 1591 1279 τοῦ
1622 1228 1885 1297 ὀνόματος
1917 1230 2012 1284 τοῦ

427 1306 635 1376 Κυρίου
676 1310 835 1378 ήμῶν
884 1312 1059 1380 Ἰησοῦ
1103 1314 1364 1385 Χριστοῦ,
1406 1318 1469 1372 τὸ
1522 1318 1705 1385 ἕλεος,
1757 1324 1852 1375 καὶ
1913 1324 2013 1395 τὴν

422 1396 501 1465 τῷ
529 1398 642 1451 ϐντι
664 1399 829 1470 ζωήν,
863 1403 921 1455 ἐν
948 1403 1097 1475 αύτῷ
1129 1408 1518 1479 κεκρυμμένην
1562 1406 1749 1477 οὖσαν,
1780 1411 2014 1482 βεϐαίως

422 1487 717 1559 ἐλπίζομεν
740 1491 1011 1561 λήψεσθαι
1044 1510 1058 1524 ’
1094 1495 1169 1559 ὡς
1186 1497 1352 1568 ἄλλης
1381 1499 1531 1564 Θείας
1549 1503 1731 1573 πηγῆς
1759 1503 2005 1571 ἀεννάου,

424 1579 855 1649 ύπερϐλύξοντος
894 1585 1052 1649 αύτά,
1112 1588 1209 1640 τοῦ
1272 1590 1421 1644 ἔνδον
1475 1594 1704 1664 καρδίας
1750 1595 2009 1667 καθαρῶς

422 1672 797 1743 ἐπιϐοωμένου
831 1676 1095 1747 ὀνόματος
1124 1680 1218 1734 τοῦ
1264 1684 1472 1754 Κυρίου
1521 1686 1691 1756 Ἰησοῦ
1722 1688 1960 1759 Χριστοῦ
1990 1708 2003 1721 ν

418 1763 505 1818 διά
525 1766 579 1818 δὲ
612 1768 711 1835 τῆς
749 1770 928 1824 πάντα
959 1772 1082 1825 νοῦν
1110 1774 1478 1848 ὑπερεχούσης
1505 1817 1520 1841 ,
1560 1779 1655 1832 καὶ
1683 1781 1833 1849 ὅριον
1854 1781 2007 1835 οὐδὲν

418 1856 667 1925 ἐχούσης,
698 1860 941 1930 είρήνης,
976 1862 1075 1932 τῆς
1097 1863 1233 1934 πρὸς
1277 1865 1410 1918 Θεὸν
1435 1868 1527 1920 καὶ
1566 1868 1833 1938 ἀλλήλους
1866 1887 2007 1924 κατ-

416 1947 656 2016 αλλαγῆς
729 1949 1031 2021 ἀξιούμεθα
1069 1969 1082 1984 ο
1138 1956 1227 2007 διά
1266 1955 1324 2008 δὲ
1378 1957 1478 2027 τῆς
1520 1959 1778 2030 ἀγάπης,
1828 1956 1899 2033 ἦς
1943 1962 2008 2016 τὸ

419 2038 575 2101 κλέος
626 2040 977 2112 ἀσύγκριτον,
1020 2044 1095 2107 ὡς
1134 2045 1304 2116 οὔσης
1355 2052 1509 2113 τέλος
1562 2052 1656 2103 καὶ
1706 2052 2007 2121 κεφάλαιον

414 2129 507 2182 τοῦ
535 2147 592 2182 τε
621 2131 788 2202 νόμου
825 2135 916 2187 καὶ
964 2136 1073 2189 τῶν
1109 2140 1406 2209 προφητῶν
1434 2156 1451 2173 ο
1506 2143 1601 2197 καὶ
1650 2144 1714 2212 δὴ
1765 2145 1861 2198 καὶ
1910 2145 2008 2202 τὸν

412 2221 543 2275 θεὸν
565 2224 788 2294 ἀγάπην
826 2225 1197 2296 ὀνομάζεσθαι
1217 2245 1232 2260 ο
1262 2230 1459 2294 ὁλικῶς
1482 2233 1560 2304 τῷ
1584 2233 1703 2303 Θεῷ
1740 2236 2004 2289 συναπτό-

420 2311 582 2379 μεθα,
628 2317 1087 2387 καταργουμένης
1133 2319 1233 2389 τῆς
1277 2321 1554 2391 ἁμαρτίας
1608 2324 1769 2392 ήμῶν
1810 2328 1875 2395 τῇ
1908 2324 2001 2377 τοῦ

419 2404 555 2457 Θεοῦ
590 2406 928 2479 δικαιοσύνῃ,
968 2394 1062 2462 κά).
1097 2412 1163 2479 τῇ
1197 2409 1265 2463 δι’
1309 2412 1531 2481 ἀγάπης
1564 2414 1621 2465 ἐν
1655 2416 1787 2484 ἡμῖν
1822 2394 2001 2486 παρα-

414 2496 583 2562 ὄόξως
636 2500 1006 2570 ἐνεργουμένη
1053 2501 1292 2573 υἱοθεσία
1332 2503 1430 2572 τῆς
1486 2504 1726 2573 χάριτος.
1791 2505 1857 2558 ’Π
1890 2510 1998 2577 γὰρ

413 2589 624 2656 ἀγάπη,
680 2591 832 2659 φησὶ,
893 2590 1126 2661 καλύψει
1188 2592 1394 2663 πλῆθος
1439 2594 1750 2664 ἁμαρτιῶν,
1808 2598 1904 2650 καὶ
1961 2601 1994 2668 ή

411 2675 599 2746 ἀγάπη
636 2676 812 2730 πάντα
844 2679 1067 2746 στέγει,
1104 2681 1283 2733 πάντα
1313 2680 1581 2743 πιστεύει,
1619 2682 1796 2735 πάντα
1844 2685 1997 2736 ἐλπί-

412 2765 515 2830 ζει,
556 2768 729 2822 πάντα
764 2769 1045 2839 ὑπομένει,
1078 2772 1111 2840 ή
1143 2770 1330 2841 ἀγάπη
1349 2769 1607 2825 οὐδέποτε
1646 2773 1921 2829 ἐκπίπτει.

413 2900 533 2954 Ὅτι
564 2902 661 2981 κα)
711 2904 744 2955 ὁ
782 2903 1004 2983 fumat;
1051 2902 1221 2984 ἡμῶν
1248 2902 1549 2984 ,ΑἸησοῦς
1573 2906 1859 2984 ⁵Χριστρς
1913 2907 1993 2973 τῷ

480 2971 662 3045 καιρῷ
704 2973 811 3045 τοῦ
851 2971 1150 3045 σωτηρίου
1179 2974 1435 3045 πάθους,
1489 2971 1676 3027 ταῦτα
1714 2971 1846 3041 τοῖς*
1874 2971 1990 3045 pd-

487 3036 689 3115 θηταῖς
711 3036 840 3095 οἷόν
861 3036 1030 3115 τινας
1060 3036 1399 3115 ἑξιτηρίοιίςξ
1413 3036 1685 3115 ἐντολὰς,
1722 3036 1994 3115 ualet-JF;-

2125 488 2376 547 cmlestes
2414 495 2573 561 radii,
2599 506 3005 560 etcrescuntac
3035 509 3412 575 perﬁciuntur.

2193 690 2345 778 Quod
2372 712 2471 781 per.
2494 713 2914 775 unamquamque
2977 709 3166 781 harum
3193 727 3255 763 ac
3284 712 3442 764 simul
3472 730 3563 781 per
3592 725 3694 770 tres

2192 766 2425 818 cnsilium
2454 766 2706 824 bonorum
2727 766 2939 830 acervus
2960 780 3102 833 nobis
3123 766 3573 841 subntt'nistralur.

2189 938 2244 993 9.
2273 937 2350 994 Ex
2376 942 2481 1006 his,
2510 944 2616 999 imu
2658 962 2755 1017 per
2777 951 3018 1021 singulas
3044 971 3256 1022 earum,
3301 970 3355 1016 et
3395 964 3555 1016 simul
3593 980 3691 1034 per

2118 1038 2249 1094 tres,
2276 1034 2539 1091 honorum
2567 1041 2809 1094 oumium
2841 1046 2999 1100 nobis
3030 1063 3267 1105 acervus
3305 1053 3690 1109 subministra-

2118 1132 2206 1177 tur
2242 1135 2297 1179 et
2340 1126 2598 1183 abundat.
2635 1132 2737 1185 Per
2795 1133 3188 1194 invoeationcm
3250 1144 3390 1197 enim
3452 1146 3689 1201 nominis

2116 1212 2330 1269 Domini
2385 1221 2558 1273 nostri
2588 1220 2715 1277 Jesu
2762 1222 2963 1279 Christi
3016 1228 3447 1286 miscricordiam
3492 1248 3555 1287 ac
3586 1249 3683 1288 ve-

2116 1320 2232 1358 ram
2266 1307 2433 1363 vitam
2473 1308 2528 1364 in
2561 1310 2681 1379 ipso
2705 1313 3082 1372 absconditam
3113 1317 3343 1375 ilrmiter
3373 1337 3473 1378 nos
3533 1340 3687 1382 sece-

2114 1408 2304 1468 pturos
2337 1416 2457 1457 esse
2478 1418 2795 1473 speramus;
2832 1410 3092 1478 tanquam
3126 1411 3232 1465 alio
3254 1418 3476 1481 perenni
3507 1416 3677 1482 fonte,

2112 1504 2175 1543 ea
2236 1491 2574 1548 abundanter
2638 1496 2967 1565 eﬂundente,
3026 1500 3079 1554 in
3147 1506 3461 1572 pet-toribus
3520 1508 3678 1564 nobis

2114 1597 2249 1650 pure
2284 1584 2535 1641 invocato
2566 1589 2789 1643 nomine
2837 1590 3055 1647 Domini
3098 1592 3230 1650 .lcsu
3280 1596 3510 1654 Christi.
3574 1603 3677 1655 Per

2110 1689 2229 1728 eam
2267 1680 2602 1748 autem‘que
2648 1688 2815 1735 totam
2864 1694 3101 1740 mentem
3151 1689 3412 1756 possidet,
3466 1705 3676 1759 pacem.

2108 1766 2257 1836 digni
2289 1768 2555 1825 habemur
2587 1774 2677 1842 qui
2698 1788 2821 1828 cum
2857 1774 2968 1831 Deo
2998 1788 3049 1831 et
3084 1794 3206 1833 cum
3226 1782 3346 1836 aliis
3371 1783 3681 1839 hominibus

2108 1860 2527 1931 conjungamur.
2572 1864 2677 1921 Per
2702 1867 3021 1922 cbaritatem
3048 1885 3196 1935 vero,
3222 1876 3376 1945 cujus
3404 1876 3679 1945 incompa-

2109 1952 2299 2009 rabilis
2337 1964 2421 2010 est
2442 1957 2635 2025 gloria,
2664 1974 2788 2013 cum
2835 1961 2906 2015 sit
2950 1962 3073 2018 ﬁnis
3123 1974 3177 2018 ct
3209 1982 3419 2020 summa
3448 1968 3581 2036 legis
3621 1979 3677 2025 et

2106 2049 2529 2115 prophetarum;
2552 2058 2743 2106 etcum
2775 2051 2916 2109 Deus
2942 2054 3056 2124 ipse
3075 2056 3313 2113 charitas
3336 2061 3671 2125 nominetur.

2104 2139 2331 2195 omnino
2390 2156 2515 2196 cum
2575 2144 2687 2198 Deo
2741 2146 2982 2210 unimur,
3042 2152 3246 2206 nostris
3298 2156 3535 2222 peccatis
3578 2157 3671 2211 Dei

2100 2229 2309 2297 iustitia
2334 2232 2553 2288 abolitis
2581 2234 2632 2288 in
2662 2238 2928 2307 nobisque
2959 2240 3277 2296 mirabiliter
3301 2259 3396 2310 per
3430 2244 3673 2300 charita—

2102 2330 2211 2376 tem
2247 2335 2506 2393 operante
2536 2341 2597 2380 ea
2629 2329 2797 2399 gratia
2817 2346 2939 2399 qua:
2975 2348 3073 2387 nos
3105 2334 3240 2388 ﬁlius
3270 2335 3451 2390 efficit.
3476 2337 3672 2391 Chari-

2106 2423 2189 2467 tas
2223 2414 2389 2478 enim,
2422 2417 2616 2486 inquit,
2650 2422 3251 2488 operitmultitudinem
3278 2436 3663 2495 peccatorum;

2100 2516 2154 2562 et
2173 2508 2416 2564 charitas
2448 2512 2637 2567 omnis
2669 2515 2818 2585 tegit,
2841 2516 3022 2570 omnia
3043 2518 3237 2582 credit,
3263 2520 3442 2573 omnia
3466 2532 3665 2591 sperat,

2099 2602 2283 2657 omnia
2312 2605 2568 2671 sustinet,
2588 2606 2827 2663 charitas
2852 2624 3128 2677 nunquam
3162 2610 3365 2667 deficit.

2099 2920 2252 2988 Quod
2301 2932 2348 2975 et
2386 2921 2635 2978 Dominus
2661 2934 2836 2978 noster
2858 2921 3013 2977 Jesus
3043 2922 3285 2980 Christus
3324 2934 3548 2991 tempore
3572 2942 3660 2979 sa-

2171 2992 2360 3046 lutaris
2402 2994 2664 3063 passionis
2700 2994 2973 3056 discipulis
3008 3003 3251 3060 tanquam
3298 2996 3482 3047 ultima
3512 3013 3662 3048 man-

2168 3064 2298 3117 data
2329 3073 2379 3117 et
2419 3065 2649 3118 divinum
2683 3072 3051 3118 testamentum
3076 3065 3186 3118 suis
3229 3066 3459 3136 reliquit,
3493 3075 3552 3120 ut
3607 3074 3659 3120 et

464 3129 580 3178 ρον
594 3112 1128 3203 ἕνθρονλκατέλιπε
1154 3113 1281 3180 τοῖς
1318 3113 1512 3179 ἰδίοις,
1548 3114 1837 3182 ὡσαύτως
1892 3112 1989 3172 καί
2023 3137 2070 3196 ο

481 3182 634 3251 μετὰ
659 3181 775 3250 τὴν
798 3182 1164 3237 ἀνάστασιν.

481 3303 532 3350 ι’.
568 3296 730 3351 Ὅθεν
759 3298 855 3352 καί⁵
877 3297 1038 3361 αὐτὸς
1092 3299 1119 3351 6
1160 3298 1475 3367 πανάγαθος
1530 3301 1624 3355 καὶ
1656 3302 1991 3371 γλυκύτατος

408 3389 609 3459 Κύριος
644 3388 800 3459 ήμῶν
864 3389 1071 3459 Ἰησοῦς
1120 3390 1392 3458 Χριστὸς,
1448 3392 1545 3443 καὶ
1599 3393 1689 3445 ὅτε
1754 3394 1892 3465 πρὸς
1928 3394 1991 3447 τὸ

407 3479 545 3549 ὑπὲρ
568 3480 727 3549 ήμῶν
754 3479 1000 3532 ἑκούσιον
1046 3481 1214 3535 αὑτοῦ
1257 3484 1427 3547 πάθος
1475 3484 1724 3553 ἀφίκετο,
1766 3484 1861 3537 καὶ
1900 3486 1988 3539 ὅτε

409 3570 548 3639 μετά
603 3570 701 3639 τὴν
762 3572 1061 3626 ἀνάστασιν
1116 3577 1231 3637 τοῖς
1302 3577 1623 3641 ἀποστόλοις
1666 3576 1864 3648 ὤφθη·
1900 3578 1991 3631 ναὶ

408 3661 514 3731 μὴν
546 3662 641 3716 καὶ
669 3662 832 3733 ήνίκα
890 3665 1028 3734 πρὸς
1080 3666 1171 3718 τὸν
1227 3668 1421 3721 ἑαυτοῦ
1454 3667 1616 3736 φύσει
1691 3672 1784 3722 καὶ
1832 3668 1989 3739 ήμῶν

406 3753 586 3823 χάριτι
615 3755 831 3825 Πατέρα
877 3755 1100 3826 ἔμελλεν
1148 3759 1579 3829 ἐπανέρχεσθαι,
1640 3761 1735 3815 ἆτε
1800 3760 1988 3831 Πατὴρ

404 3847 627 3916 γνήσιος
677 3849 773 3901 καὶ
826 3848 1215 3919 φιλόστοργος,
1265 3852 1426 3905 οἱονεί
1476 3870 1625 3916 τινας
1683 3854 1989 3924 ἐξιτηρίους

404 3940 644 4006 ἐντολάς,
704 3942 799 3996 καὶ
849 3943 1204 4013 παραμυθίας
1268 3948 1583 4014 προσηνεῖς,
1646 3945 1738 3998 καὶ
1783 3945 1984 4012 γλυκύ-

403 4048 540 4084 τατα
605 4033 697 4085 καὶ
734 4032 966 4101 βέϐαια,
1006 4034 1081 4097 ὼς
1140 4036 1337 4099 εἰπεῖν,
1388 4036 1613 4106 ὅμηρα⁸
1678 4037 1877 4106 μᾶλλον
1928 4036 1985 4089 δὲ

404 4127 769 4198 κληρονομίαν
811 4128 1142 4201 θεοπάροχον
1176 4128 1541 4199 ἀναφαίρετον
1570 4145 1584 4161 ο
1615 4128 1790 4184 ταῦτα
1852 4131 1986 4185 πᾶσι

401 4224 514 4283 τοῖς
553 4220 705 4284 ίδίοις
740 4221 1001 4274 κατέλιπε
1036 4238 1048 4251 ·
1082 4220 1355 4273 καὶτοῦτο
1388 4220 1523 4289 μὲν,
1553 4214 1633 4283 οἷς
1666 4237 1799 4289 φησι
1850 4222 1986 4292 πρὸς

402 4312 524 4373 τοὺς
590 4311 857 4381 μαθητὰς,
882 4312 977 4365 τοῦ
1034 4313 1301 4383 σωτηρίου
1364 4313 1573 4374 πάθους
1621 4313 1982 4378 ἐπιστάντος,

402 4402 593 4467 οὓτως·
631 4420 651 4455 t
712 4404 778 4457 ’Ὀ
832 4422 885 4457 τι
936 4405 1002 4459 ἂν
1061 4407 1322 4476 αἰτήσητε
1368 4405 1529 4475 ἐντῷ
1583 4405 1809 4472 ὀνόματί
1851 4423 1976 4474 μου,

2169 3292 2257 3349 to.
2286 3290 2442 3349 Unde
2472 3304 2525 3349 et
2556 3294 2671 3365 ipse
2711 3294 2951 3363 optimus
2982 3310 3045 3351 ac
3078 3295 3431 3354 dulcissimus
3465 3299 3657 3355 Salva-

2096 3393 2184 3440 tor
2210 3398 2391 3441 noster
2418 3383 2583 3443 Jesus
2613 3386 2884 3453 Christus,
2916 3396 2969 3443 et
3023 3390 3241 3457 quando
3294 3395 3360 3447 ad
3412 3392 3659 3447 volunta-

2093 3477 2230 3531 riam
2248 3492 2349 3547 pro
2381 3477 2536 3531 nobis
2558 3477 2863 3545 passionem
2886 3493 3040 3531 suam
3070 3480 3332 3547 pervenit,
3364 3492 3417 3535 et
3435 3484 3655 3552 quando

2096 3576 2223 3637 post
2273 3569 2729 3622 resurrectionem
2780 3570 3041 3637 apostolis
3115 3570 3432 3637 visusest;
3488 3584 3653 3643 atque

2093 3659 2258 3713 etiam
2284 3660 2503 3728 quando
2544 3658 2609 3712 ad
2647 3675 2771 3713 eum
2796 3660 2890 3729 ‘qui
2916 3660 3020 3730 ipsi
3047 3672 3263 3725 natura,
3298 3663 3454 3719 nobis
3482 3668 3656 3736 gratia

2092 3761 2241 3823 pater
2278 3760 2381 3817 εει,
2414 3766 2740 3806 reversurus
2770 3764 2909 3817 erat,
2964 3765 3224 3821 tanquam
3275 3770 3435 3811 VETUS
3470 3772 3535 3812 ac
3578 3768 3657 3812 te-

2090 3845 2363 3899 nerrimus
2391 3854 2562 3915 pater,
2590 3846 2796 3914 aliquot
2818 3847 2973 3915 quasi
3010 3846 3195 3902 ultima
3228 3850 3502 3913 mandata,
3530 3850 3654 3905 dul-

2091 3953 2292 4008 cesque
2330 3938 2757 4002 consolationes,
2802 3946 2857 3993 et
2885 3938 3201 3995 dulcissima
3234 3949 3281 3995 et
3341 3942 3539 4005 solida.
3595 3950 3653 3996 ut

2095 4030 2170 4084 ita
2203 4030 2404 4097 dicam,
2451 4029 2710 4100 pignora;
2744 4028 2853 4099 imo
2907 4045 3036 4085 vero
3082 4040 3466 4087 testamentum
3511 4033 3654 4089 divi-

2086 4137 2217 4177 num
2248 4121 2569 4187 indelebile;
2595 4121 2778 4177 omnia
2810 4124 2929 4177 lucc
2962 4122 3218 4177 omnibus
3258 4126 3376 4179 suis
3406 4125 3649 4194 reliquit.

2086 4211 2383 4282 thuidem
2414 4212 2526 4268 haec
2547 4213 2828 4282 discipulis
2868 4214 3004 4281 suis,
3018 4214 3307 4270 salutarem
3336 4216 3648 4285 passionem

2085 4304 2413 4376 ingrediens,
2446 4304 2579 4361 dixit
2606 4322 2628 4363 ε
2672 4322 2693 4358 s
2738 4304 3107 4375 Quodcunque
3142 4308 3403 4375 petieritis
3432 4306 3649 4365 Patrem

2087 4395 2142 4450 in
2180 4396 2399 4451 nomine
2428 4411 2686 4464 meo,ego
2725 4396 2917 4451 faciam
2938 4398 3001 4452 ιο.
3031 4415 3049 4447 ι
3085 4397 3150 4452 Ει
3182 4415 3197 4454 :
3229 4416 3247 4451 ι
3276 4399 3469 4468 Amen,
3491 4416 3650 4457 amen

404 4490 514 4559 ἐγὼ
534 4494 765 4561 ποιήσω·
802 4513 819 4546 ι
854 4492 972 4559 καὶ,
1003 4512 1021 4545 ‹
1058 4494 1250 4565 ’Δμὴν,
1270 4494 1415 4563 ἀμὴν
1438 4493 1581 4563 λέγω
1610 4494 1759 4563 ὑμῖν,
1782 4494 1862 4547 ὅτι
1884 4495 1982 4547 ὅσα

2094 4491 2207 4549 dico
2241 4488 2393 4545 vobis
2427 4489 2515 4544 :si
2549 4489 2681 4559 quid
2736 4490 2999 4559 petieritis
3051 4506 3081 4545 ι
3114 4489 3274 4545 Patre
3321 4491 3376 4546 in
3430 4493 3650 4549 nomine

404 4585 469 4637 ἂν
495 4586 757 4656 αἰτήσητε
790 4588 880 4641 τὸν
924 4586 1141 4657 Πατέρα
1198 4588 1254 4639 ἐν
1300 4588 1376 4656 τῷ
1406 4585 1630 4657 ὀνόματί
1660 4602 1783 4656 μου,
1819 4584 1979 4640 δώσει

405 4679 568 4747 ἡμῖν·
604 4678 709 4741 ἕως
748 4678 873 4748 ἀρτι
902 4679 1054 4732 οὐδὲν
1087 4681 1323 4749 ᾐτήσατε
1374 4681 1431 4733 ἐν
1456 4680 1533 4749 τῷ
1571 4679 1794 4747 ὀνόματί
1855 4697 1980 4749 μου.

403 4771 613 4822 Λίτεῖτε
649 4770 743 4821 καὶ
787 4769 1047 4839 λήψεσθε,
1088 4771 1173 4822 ἵνα
1206 4771 1405 4839 ήχαρά
1441 4766 1652 4842 ὑμῶνῇ
1685 4771 1981 4841 πεπληρω-

346 4848 349 4857 ’
407 4861 541 4931 μένη
570 4879 581 4893 ·
620 4864 714 4915 καὶ
743 4863 799 4915 ἐν
828 4863 1011 4933 ἐκείνῃ
1051 4863 1116 4932 τῇ
1147 4862 1333 4931 ήμέρᾳ
1382 4862 1439 4913 ἐν
1487 4860 1563 4931 τῷ
1611 4862 1836 4932 ὀνόματί
1878 4879 1978 4933 μου

405 4953 716 5023 αἰτήσεσθε.
732 4972 749 5005 s
773 4955 880 5006 Καὶ
903 4950 1058 5017 αὖθις
1084 4953 1223 5023 μετά
1248 4951 1343 5022 τὴν
1366 4951 1683 5006 ἀνάστασιν
1703 4958 1904 5024 σημεῖα
1920 4954 1977 5009 δὲ

398 5045 513 5106 τοῖς
570 5043 890 5097 πιστεύσασι
952 5043 1125 5099 ταῦτα
1182 5042 1649 5114 παρακολουθήσει
1683 5056 1698 5072 ⁸
1771 5045 1827 5097 ἐν
1898 5044 1977 5117 τῷ

397 5134 627 5204 ὀνόματί
661 5153 761 5205 μου
782 5136 1034 5205 δαιμόνια
1051 5134 1364 5198 ἐκϐαλοῦσι,
1382 5134 1654 5203 γλώσσαις
1682 5135 1976 5206 λαλήσουσι

402 5228 642 5291 καιναῖς,
681 5244 699 5277 ι
727 5227 914 5281 καὶτὰ
944 5227 1089 5295 ἑξῆς.
1119 5226 1343 5292 Τούτοις
1372 5226 1640 5281 ἀκόλουθα
1664 5227 1971 5299 διαγορεύει

393 5317 532 5370 καὶὸ
562 5318 905 5387 Ἐπιστήθιος
925 5336 939 5350 ⁶
975 5338 991 5375 ι
1022 5319 1197 5372 Πολλά
1218 5320 1317 5390 μὲν
1350 5339 1444 5375 ουν
1488 5324 1583 5377 καὶ
1608 5324 1742 5377 ἄλλα
1766 5329 1970 5396 σημεῖα

393 5408 646 5477 ἐποίησεν
668 5411 696 5461 6
741 5410 947 5480 Ἰησοῦς
978 5409 1206 5465 ἐνώπιον
1244 5412 1352 5465 τῶν
1401 5413 1658 5484 μαθητῶν
1701 5418 1865 5470 αὐτοῦ
1890 5458 1904 5482 ,
1936 5419 1973 5473 ἃ

397 5498 497 5552 οὐκ
518 5499 633 5551 ἔστι
658 5504 1019 5571 γεγραμμένα
1053 5503 1110 5555 ἐν
1142 5504 1217 5575 τῷ
1253 5504 1443 5574 βιϐλίῳ
1474 5507 1647 5576 τούτῳ
1672 5524 1687 5539 ·
1716 5508 1891 5562 ταῦτα
1913 5510 1971 5564 δὲ

395 5592 737 5662 γέγραπται,
790 5594 877 5645 ἴνα
928 5612 1294 5667 πιστευσῃτε,
1363 5598 1444 5651 ὃτι
1500 5598 1706 5668 Ἰησοῦς
1757 5602 1903 5655 ἐστιν
1943 5605 1973 5656 6

473 5768 513 5799 ²⁰
543 5766 700 5823 λιιιιι.
734 5783 842 5835 xlv,
884 5768 969 5825 15.

1070 5770 1106 5800 ⁸³
1131 5768 1283 5826 Juan.
1325 5787 1430 5841 xw,
1463 5773 1551 5830 ‘23.
1648 5776 1689 5809 "
1720 5775 1847 5832 ibid.
1878 5775 1969 5833 26.

2082 4600 2225 4650 meo,
2257 4583 2409 4640 dabit
2461 4583 2633 4639 vobis.
2666 4582 2849 4654 Usque
2886 4584 3049 4639 modo
3083 4585 3458 4655 nontpetiistis
3490 4585 3649 4656 quid-

2082 4691 2246 4747 quam
2280 4674 2332 4728 in
2366 4674 2586 4728 nomine
2615 4689 2770 4740 meo;
2810 4675 2997 4742 petite,
3026 4684 3078 4729 et
3098 4676 3398 4745 accipietis,
3430 4687 3490 4731 ut
3518 4692 3648 4747 gau-

2081 4766 2228 4821 dium
2265 4777 2505 4821 vestrum
2539 4765 2611 4819 sit
2661 4767 2877 4833 plenum
2906 4766 2968 4820 “.
3008 4784 3028 4817 ι
3070 4766 3155 4833 Ει,
3188 4785 3206 4821 t
3242 4767 3300 4822 In
3336 4768 3426 4822 illa
3459 4769 3545 4823 die
3593 4771 3649 4826 in

2080 4857 2302 4912 nomine
2338 4871 2455 4911 meo
2481 4858 2673 4926 petetis
2706 4857 2767 4911 ".
2804 4875 2823 4909 ι
2855 4858 2918 4911 Ει
2956 4873 3178 4914 rursum
3232 4869 3357 4929 post
3404 4876 3647 4916 resurre-

2082 4949 2320 5004 ctionem
2385 4964 2538 5002 suam
2596 4947 2810 5003 dicebat
2848 4966 2862 5003 :
2906 4966 2924 4999 ι
2963 4948 3127 5018 Signa
3163 4961 3346 5004 autem
3413 4966 3509 5005 eos
3554 4952 3646 5017 qui

2081 5044 2430 5098 crediderunt
2456 5042 2571 5095 haec
2599 5051 2902 5111 sequentur
2933 5058 2947 5094 :
2978 5041 3033 5096 in
3068 5043 3291 5097 nomine
3349 5057 3476 5097 me»
3532 5044 3647 5097 da:-

2080 5136 2261 5189 tnonia
2292 5135 2547 5205 ejicieut;
2595 5130 2795 5203 linguis
2832 5133 3129 5203 loquenttir
3165 5136 3324 5189 novis
3380 5135 3447 5201 “,
3504 5154 3525 5187 ι
3589 5144 3645 5190 et

2076 5237 2295 5284 tta-tera.
2334 5226 2400 5283 lis
2423 5235 2476 5282 et
2508 5226 2659 5282 addit
2687 5226 2777 5283 ille
2803 5226 2897 5295 qui
2926 5240 3088 5295 supra
3118 5236 3307 5294 pectus
3329 5227 3451 5298 eius
3481 5243 3643 5282 ret-u-

2078 5319 2238 5374 buit:
2274 5336 2294 5372 t
2327 5317 2491 5372 Multa
2534 5316 2757 5387 quidem
2791 5326 2846 5373 et
2874 5316 2981 5373 alia
3033 5318 3187 5387 signa
3224 5318 3355 5373 fecit
3380 5316 3540 5377 Jestts
3586 5317 3642 5372 in

2072 5417 2366 5476 conspectu
2416 5406 2799 5475 discipulorum
2862 5422 3113 5473 suorum,
3176 5425 3303 5478 quae
3350 5425 3460 5463 non
3513 5420 3644 5466 sunt

2071 5502 2273 5569 scripta
2306 5500 2359 5553 in
2388 5500 2529 5553 libro
2582 5498 2720 5554 hoc:
2753 5498 2867 5553 haec
2906 5510 3085 5553 autem
3111 5501 3309 5568 scripta
3371 5509 3519 5565 sunt,
3580 5510 3640 5556 ut

2072 5594 2311 5650 credatis
2339 5593 2463 5663 quia
2514 5591 2677 5669 Iesus
2702 5602 2789 5649 est
2833 5591 3088 5649 Christus
3119 5588 3292 5648 Filius
3325 5591 3439 5657 Dei,
3479 5600 3534 5648 et
3576 5598 3640 5647 ut

2065 5775 2107 5807 ¹³
2135 5773 2289 5830 Μετο,
2328 5790 2435 5840 tm,
2473 5774 2551 5829 Π.
