4080 6206
401 262 505 324 617

1244 265 1587 326 CALLlSTt
1635 268 1730 327 ΕΤ
1770 268 2069 327 IGNATII
2115 271 2810 336 XANTHOPULORUM

3540 288 3649 355 6'8

402 373 686 427 credentes
718 374 882 428 vitam
935 375 1182 431 habeatis
1210 376 1264 430 iu
1322 378 1538 432 nomine
1577 379 1698 449 ejus
1753 379 1817 433 “.
1848 399 1865 432 ι
1918 380 1982 434 Et

2081 386 2315 457 Χριστὸς
2351 389 2377 440 6
2406 389 2530 449 Υἱὸς
2561 390 2653 442 τοῦ
2685 391 2840 455 Θεοῦ,
2873 392 2967 445 καὶ
2990 394 3075 445 ἵνα
3108 394 3484 459 πιστεύοντες,
3514 397 3657 465 ζωὴν

403 467 686 536 apostolus
718 466 921 520 Paulus
961 486 974 521 :
1021 487 1038 517 ι
1067 467 1123 520 1η
1179 469 1398 523 nomine
1436 469 1565 525 Jesu
1620 485 1780 525 omne
1833 487 1974 540 genu

402 558 650 613 ﬂectetur
687 559 753 624 η,
793 577 811 609 ι
844 566 904 612 et
930 569 1146 613 caetera.
1180 563 1357 630 Atque
1390 562 1442 616 in
1473 563 1701 619 Actibus
1758 576 1979 632 aposto-

403 652 578 705 lorum
618 650 881 705 scribitur
913 666 927 702 :
959 669 978 701 ι
1013 651 1169 707 Tunc
1224 652 1419 708 Petrus
1470 656 1710 724 repletus
1767 657 1976 725 Spiritu

404 750 617 807 sancto,
685 741 822 794 dixit
860 758 875 795 :
928 739 1124 794 Notum
1158 743 1228 796 sit
1251 744 1506 799 omnibus
1536 745 1689 800 vobis
1744 754 1798 799 et
1827 746 1975 801 omni

403 828 590 894 Israel,
622 831 748 900 quia
794 831 847 884 in
902 834 1125 885 nomine
1155 832 1282 887 Jesu
1314 832 1603 897 Nazareni,
1652 849 1815 904 quem
1881 849 1977 889 vos

400 924 781 990 crucilixistis,
823 940 986 993 quem
1020 923 1161 979 Deus
1186 926 1471 980 suscitavit
1500 943 1565 981 ex
1612 928 1869 990 mortuis,
1922 928 1975 982 in

405 1017 508 1069 boc
550 1016 639 1070 ille
684 1026 825 1070 astat
868 1032 1052 1071 coram
1114 1017 1268 1071 vobis
1322 1034 1491 1073 sanus
1536 1020 1601 1072 “’.
1630 1039 1647 1070 ι
1718 1019 1780 1072 Ει
1815 1019 1979 1089 paulo

406 1118 526 1177 post
563 1125 575 1160 :
623 1126 639 1157 t
670 1106 734 1161 Et
764 1124 872 1161 non
905 1118 986 1162 est
1009 1109 1062 1162 in
1094 1109 1201 1163 alio
1242 1110 1426 1179 aliquo
1456 1111 1607 1166 salus
1636 1128 1651 1177 ;
1687 1128 1795 1166 non
1825 1115 1975 1167 enim

408 1214 608 1252 nomen
653 1207 739 1252 est
800 1200 947 1253 aliud
998 1199 1184 1253 datum
1244 1200 1577 1265 hominibus,
1610 1202 1661 1255 in
1689 1218 1798 1271 quo
1818 1218 1982 1272 opor-

408 1300 485 1344 tet
568 1306 667 1345 nos
718 1291 897 1346 salvos
952 1291 1067 1345 ﬁeri
1124 1292 1231 1347 ³⁷.»
1292 1290 1358 1347 Et
1426 1308 1643 1348 rursum
1692 1294 1973 1351 Salvator:

415 1399 433 1430 ι
471 1380 602 1433 Data
658 1388 741 1434 est
803 1381 930 1433 tnibi
967 1382 1148 1438 omnis
1207 1392 1449 1452 potestas
1508 1384 1563 1438 in
1622 1386 1763 1441 caelo
1818 1397 1874 1441 et
1924 1389 1977 1442 in

409 1480 554 1527 terra
586 1469 687 1525 ⁸⁸.»
736 1472 798 1526 Ει
827 1487 889 1526 ea
922 1489 1140 1528 rursum
1164 1490 1285 1544 quae
1314 1476 1449 1530 dixit
1480 1475 1834 1532 Deus-Homo
1874 1478 1980 1536 Do-

412 1564 593 1619 minus
625 1563 885 1634 apostolis
915 1566 1033 1619 suis
1064 1575 1190 1619 ante
1226 1567 1643 1622 cruciﬁxionem
1679 1584 1693 1620 :
1726 1588 1745 1620 ι
1780 1568 1975 1623 Pacem

409 1656 661 1725 relinquo
702 1656 890 1718 vobis;
932 1671 1116 1724 pacem
1171 1673 1345 1711 meam
1379 1658 1450 1713 do
1490 1658 1645 1713 vobis
1714 1660 1812 1713 ¹⁹.ι
1874 1659 1976 1713 Et:

413 1769 432 1802 ι
473 1749 595 1803 ΙΙειεο
649 1750 866 1818 loquor,
914 1759 972 1803 ut
1005 1752 1058 1802 in
1095 1765 1180 1804 me
1211 1766 1397 1820 pacem
1458 1750 1703 1807 habeatis
1736 1752 1799 1806 ”.
1835 1770 1857 1805 ι
1892 1752 1980 1819 Et,

412 1839 576 1894 tlloc
620 1849 704 1895 est
766 1848 1094 1908 praeceptum
1154 1856 1359 1906 mettm,
1427 1850 1487 1895 ut
1557 1842 1796 1911 diligatis
1839 1843 1982 1898 invi—

407 1946 526 1984 cem
570 1931 654 1985 “.
700 1947 719 1981 ι
780 1928 865 1996 Et,
911 1948 929 1981 ‹
959 1929 1013 1983 In
1050 1931 1150 1984 lioc
1186 1943 1519 2000 cognoscent
1584 1949 1797 1996 omnes,
1854 1935 1981 2005 quia

406 2022 652 2092 discipuli
728 2022 832 2076 mei
891 2023 1042 2087 estis,
1098 2023 1144 2078 si
1201 2025 1530 2080 cbaritatcm
1577 2027 1881 2083 habueritis
1927 2029 1981 2084 iu

409 2115 638 2169 invicem
664 2130 681 2181 ;
715 2115 860 2169 sicut
888 2114 1080 2169 dilexit
1099 2131 1182 2171 me
1212 2117 1397 2182 Pater,
1430 2128 1484 2173 et
1514 2135 1613 2188 ego
1644 2121 1807 2175 dilexi
1842 2138 1939 2178 vos
1962 2166 1979 2190 ,

407 2218 620 2261 manete
660 2207 715 2260 in
750 2206 1047 2261 dilectione
1073 2222 1230 2270 mea;
1267 2208 1310 2262 si
1344 2209 1599 2265 mandata
1636 2227 1757 2268 mea
1791 2222 1979 2270 custo-

405 2299 637 2360 dieritis,
666 2298 959 2352 manebitis
986 2298 1040 2350 in
1069 2297 1360 2355 dilectione
1412 2316 1530 2355 mea
1558 2304 1627 2358 η.
1662 2321 1680 2355 ι
1724 2323 1743 2356 ι
1774 2305 1981 2371 Quem-

406 2389 699 2443 admodum
732 2404 831 2457 ego
864 2389 1115 2443 mandata
1135 2389 1313 2447 Patris
1345 2392 1450 2447 mei
1475 2394 1751 2451 custodiri
1786 2406 1843 2454 et
1867 2414 1982 2454 ma~

407 2466 510 2535 nco
549 2481 601 2534 in
627 2481 921 2536 dilectione
956 2481 1075 2549 ejus
1105 2481 1172 2536 ⁸⁸.
1215 2501 1234 2534 ι
1272 2482 1339 2538 Ει
1380 2499 1598 2541 rursum
1632 2497 1758 2557 post
1796 2505 1983 2545 resur-

406 2572 705 2626 rectionem
753 2572 992 2630 diversis
1028 2575 1372 2644 temporibus
1411 2578 1614 2648 saepius
1669 2595 1859 2650 pacem
1900 2582 1982 2636 eis

407 2664 547 2718 dans
580 2673 823 2733 apparet,
854 2665 968 2721 suis
997 2680 1056 2720 se
1086 2667 1444 2724 manifestans
1479 2685 1541 2725 ac
1572 2671 1758 2726 dicens
1794 2690 1807 2727 :
1843 2672 1982 2728 «Pax

407 2755 582 2809 vobis.
614 2774 632 2807 ι
674 2756 740 2809 Ει
775 2757 930 2812 Petro
960 2757 1204 2825 quidem,
1241 2761 1332 2815 cui
1353 2761 1754 2832 discipulorum
1780 2767 1985 2836 guber-

406 2846 681 2900 nationem
712 2848 963 2915 credidit,
997 2852 1372 2919 repensionem
1399 2856 1691 2922 quamdam
1736 2858 1985 2916 ardentis

322 2962 328 2967 -
407 2937 461 2990 in
520 2938 696 3008 ipsum
727 2937 912 2994 Jesum
945 2941 1222 2996 Christum
1264 2945 1492 3010 amoris,
1560 2946 1744 3017 gregis
1792 2963 1980 3003 curam

2080 478 2241 547 ἔχητε
2264 480 2322 529 ἐν
2348 478 2422 547 τῷ
2444 479 2669 548 ὀνόματι
2688 480 2874 534 αὑτοῦ.
2904 502 2920 533 ι
2953 483 3399 548 Καὶὸθεσπέσιος
3423 486 3656 550 Παῦλος·

2084 589 2101 620 ι
2127 562 2215 622 Ἐν
2230 570 2306 640 τῷ
2321 570 2541 639 ὀνόματι
2559 571 2729 641 ἰησοῦ
2749 575 2857 625 πᾶν
2875 575 2999 640 γ’ῖνυ
3017 576 3250 644 κάμψειν
3282 578 3407 630 ’καὶ
3424 578 3490 631 τὰ
3510 580 3657 649 ἐξῆς’

2081 661 2191 714 Kal
2220 661 2350 729 γοῦν
2382 670 2474 713 καί
2506 664 2564 713 ἐν
2612 666 2733 722 ταῖς
2759 665 2865 716 τῶν
2905 666 3217 720 ἀποστόλων
3249 667 3423 730 οὕτως
3466 671 3633 737 ἁναγὲ

2079 768 2323 821 γραπται
2356 751 2615 820 Πράξεσιο
2648 770 2666 802 ι
2697 753 2826 805 Τότε
2848 754 3050 825 Πέτρος
3065 757 3327 826 πλησθεὶς
3347 758 3661 828 Πνεύματος

2085 846 2241 912 ἁγίου
2262 842 2400 898 εἷπε·
2440 846 2683 897 Γνωστὸν
2736 847 2874 898 ἔστω
2913 849 3075 899 πᾶσιν
3096 848 3244 917 ύμῖν,
3265 850 3361 901 καὶ
3395 852 3561 902 παντὶ
3582 852 3662 920 τῷ

2091 935 2328 1006 Ἰσραὴλ,
2357 936 2438 989 ὃτι
2472 938 2529 988 ἐν
2560 936 2637 1006 τῷ
2672 936 2900 1005 ὀνόματι
2942 937 3119 1006 Ἰησοῦ
3164 938 3258 990 τοῦ
3293 940 3617 1006 Ναζωραίου
3644 982 3659 1005 ,

2077 1026 2136 1080 ὃν
2166 1028 2323 1095 ὑμεῖς
2349 1026 2755 1096 ἐσταυρώσατε,
2775 1027 2837 1079 ὃν
2856 1030 2883 1080 ὁ
2903 1028 3033 1092 Θεὸς
3075 1030 3297 1100 ἤγειρεν
3326 1032 3388 1082 ἐκ
3419 1033 3626 1101 νεκρῶν

2083 1121 2141 1171 ἐν
2172 1118 2345 1187 τούτῳ
2372 1110 2526 1182 οὗτος
2561 1119 2910 1187 παρέστηκεν
2953 1119 3184 1172 ἐνώπιον
3226 1120 3382 1189 ὑμῶν
3408 1122 3591 1189 ὑγιής.
3643 1166 3651 1173 .

2080 1209 2190 1261 Καὶ
2210 1209 2328 1277 μετ’
2359 1209 2538 1276 ὀλίγα·
2571 1228 2589 1259 ι
2626 1209 2735 1261 Kal
2756 1210 2855 1262 ούκ
2879 1209 3024 1263 ἐστιν
3054 1213 3111 1263 ἐν
3130 1211 3272 1282 ἄλλῳ
3302 1212 3477 1265 οὐδενὶ
3505 1215 3635 1281 ήσω

2079 1300 2247 1371 τηρία
2270 1317 2283 1331 ·
2313 1301 2435 1352 οὐδὲ
2464 1299 2574 1369 γὰρ
2603 1300 2771 1369 ὄνομά
2808 1302 2955 1354 ἐστιν
2980 1301 3169 1372 ἕτερον
3198 1304 3257 1356 τὸ
3280 1303 3559 1373 δεδομένον
3600 1306 3658 1357 ἐν

2079 1393 2479 1464 ἀνθρώποις,ἐν
2502 1386 2546 1460 ᾧ
2563 1393 2643 1445 δεῖ
2670 1392 2779 1445 σωθ
2795 1393 2921 1459 ἧναι
2941 1395 3143 1462 ἡμᾶς.»
3179 1394 3287 1445 Kal
3316 1393 3469 1455 αὖθις
3493 1396 3521 1446 6
3539 1395 3658 1446 Σω-

2078 1489 2203 1559 τήρ·
2230 1506 2247 1538 t
2285 1486 2473 1556 Ἐδόθη
2504 1488 2653 1539 πᾶσα
2684 1485 2901 1550 ἐξουσία
2922 1487 2980 1538 ἐν
3002 1485 3219 1555 οὐρανῷ
3245 1485 3338 1537 καί
3360 1485 3451 1539 ἐπὶ
3473 1485 3597 1553 γῆς·
3631 1503 3651 1536 ι

2078 1578 2237 1630 τοῦτο
2270 1577 2325 1629 δὲ
2356 1576 2538 1640 πάλιν,
2570 1576 2637 1629 δι’
2666 1569 2743 1629 ὧν
2780 1577 2809 1629 6
2840 1576 3188 1643 θεάνθρωπος
3218 1575 3421 1644 Κύριος
3468 1577 3656 1645 εἴρηκε

2083 1667 2222 1739 πρὸς
2266 1668 2391 1731 τοὺς
2410 1667 2742 1731 ἀποστόλους
2786 1667 2889 1735 πρὸ
2933 1665 3029 1720 τοῦ
3062 1667 3317 1737 σταυροῦ·
3360 1686 3379 1719 ι
3421 1668 3657 1737 Εἰρήνην

2038 1721 2282 1830 ιάφίημι
2334 1721 2493 1830 ὑμῖνο
2542 1721 2764 1829 εἰρήνην
2799 1721 2897 1829 τῖὴν
2947 1759 3086 1829 ἐμὴν
3114 1721 3306 1829 δίδωμι
3344 1721 3502 1828 ύμῖν..

2080 1852 2254 1907 ταῦτα
2283 1852 2446 1919 λαλῶ,
2472 1851 2558 1904 ἵνα
2577 1855 2632 1905 ὲν
2652 1850 3006 1920 ἐμοίεἰρήνην
3035 1848 3213 1920 ἔχητε·
3240 1868 3259 1901 ι
3292 1850 3410 1914 καὶ,
3454 1868 3472 1901 ι
3506 1850 3654 1919 Αὕτη

2085 1944 2235 1999 ἐστὶν
2263 1946 2297 2014 ἡ
2346 1944 2451 2015 ἐμὴ
2482 1942 2694 2013 ἐντολὴ,
2736 1942 2828 1996 ἵνα
2853 1943 3103 2009 ἀγαπᾶτε
3138 1941 3402 2010 ἀλλήλους
3430 1958 3443 1971 ·
3483 1959 3501 1991 ι
3537 1940 3653 2004 καὶ,

2086 2057 2106 2090 t
2151 2038 2240 2091 Ἐν
2269 2037 2444 2107 τούτῳ
2492 2036 2800 2105 γνώσονται
2836 2036 3037 2096 πάντες
3063 2072 3081 2099 ,
3130 2034 3213 2088 ὅτι
3248 2034 3376 2104 ἐμοὶ
3415 2033 3657 2103 μαθηταί

2081 2129 2227 2194 ἐστε,
2257 2127 2353 2181 ἐὰν
2373 2128 2593 2198 ἀγάπην
2622 2126 2782 2197 ἔχητε
2807 2129 2864 2180 ἐν
2887 2126 3138 2196 ἀλλήλοις
3163 2140 3178 2156 ·
3196 2123 3376 2188 καθὼς
3400 2125 3657 2194 ἡγάπησέ

2083 2238 2153 2290 με
2198 2223 2227 2274 6
2271 2220 2480 2291 Πατὴρ,
2524 2219 2679 2289 κάγὼ
2740 2220 3003 2289 ἠγάπησα
3034 2220 3198 2289 ὑμᾶς·
3234 2218 3453 2288 μείνατε
3500 2219 3558 2270 ἐν
3584 2220 3653 2287 τῇ

2079 2312 2266 2382 ἀγάπῃ
2310 2315 2376 2382 τῇ
2424 2312 2573 2383 ἐμῇ·
2636 2312 2730 2367 ἐὰν
2786 2310 2887 2373 τὰς
2923 2309 3142 2375 ἐντολάς
3202 2326 3305 2378 μου
3355 2309 3653 2379 τηρήσητε,

2084 2407 2294 2476 μενεῖτε
2340 2406 2397 2457 ἐν
2450 2407 2517 2475 τῇ
2552 2403 2741 2474 ἀγάπῃ
2771 2420 2896 2474 μου,
2936 2400 3120 2465 καθὼς
3157 2401 3268 2469 ἐγὼ
3296 2400 3395 2463 τὰς
3436 2400 3657 2462 ἐντολὰς

2081 2495 2175 2549 τοῦ
2204 2496 2422 2567 Πατρός
2452 2511 2553 2564 μου
2598 2495 2900 2566 τετήρηκα,
2935 2494 3030 2546 καὶ
3081 2493 3226 2563 μένω
3264 2491 3429 2546 αὑτοῦ
3484 2492 3541 2543 ἐν
3586 2493 3654 2561 τῇ

2081 2587 2291 2660 ἀγάπῃ.
2336 2606 2353 2639 ι
2390 2588 2499 2642 Kal
2528 2582 2683 2650 αὖθις
2733 2587 2868 2655 μετὰ
2898 2586 2998 2656 τὴν
3029 2585 3268 2654 ἔγερσιν,
3300 2582 3440 2638 κατά
3470 2584 3658 2653 διαφό-

2085 2696 2207 2749 ρους
2233 2678 2383 2749 ὥρας
2410 2678 2669 2741 πολλάκις
2722 2676 2970 2740 δεδωκὼς
3000 2677 3250 2745 φαίνεται
3279 2675 3377 2746 τὴν
3407 2676 3651 2745 εἰρήνην,

2085 2769 2521 2839 ἐμφανιζόμενος
2544 2771 2657 2831 τοῖς
2683 2768 2831 2831 ἰδίοις
2855 2772 2946 2822 καὶ
2963 2769 3164 2837 λέγων,
3187 2787 3205 2819 ι
3237 2769 3440 2839 Εἰρήνη
3468 2754 3615 2837 ύμῖν.
3631 2785 3649 2816 ι

2082 2863 2194 2915 Kal
2227 2863 2362 2932 πρὸς
2416 2868 2508 2916 τὸν
2547 2862 2750 2933 Πέτρον
2791 2864 2870 2929 δέ,
2898 2857 2942 2931 ᾧ
2985 2865 3079 2917 καί
3102 2865 3200 2935 τὴν
3229 2864 3523 2935 ἡγεμονίαν
3546 2862 3656 2915 τῶν

2086 2953 2344 3024 μαθητῶν
2386 2955 2830 3017 ἐνεπιστεύσατο,
2872 2954 3179 3009 ἁντέκτισίν
3223 2972 3344 3008 τινα
3374 2955 3474 3023 τῆς
3521 2954 3657 3023 πρὸς

406 3029 705 3084 ostendens
730 3044 871 3097 esse,
923 3032 998 3085 ita
1041 3034 1203 3088 tertio
1256 3035 1436 3089 dixit:
1477 3055 1497 3088 ι
1537 3037 1595 3091 Si
1633 3053 1719 3094 me
1770 3040 1978 3110 diligis,

2082 3047 2245 3101 αὑτὸν
2269 3048 2360 3099 τὸν
2393 3047 2596 3117 Κύριον
2636 3046 2843 3118 Ἰησοῦν
2872 3048 3104 3119 Χριστὸν
3127 3035 3391 3120 διαπύρου
3412 3047 3655 3116 ἀγάπης.

404 3117 589 3181 Petro,
621 3121 743 3187 plus
770 3137 931 3190 quam
959 3123 1073 3189 alii,
1118 3140 1277 3193 pasce
1301 3140 1431 3182 oves
1468 3143 1615 3184 meas
1637 3127 1703 3183 ’⁵.
1755 3149 1776 3183 ι
1829 3131 1981 3187 Dicet

405 3208 546 3264 forte
577 3211 775 3281 aliquis
810 3213 864 3267 id
896 3229 997 3269 nec
1029 3216 1329 3285 immerito,
1358 3233 1551 3289 nempe
1582 3222 1724 3291 quod
1744 3238 1841 3292 per
1866 3225 1981 3280 haec

408 3302 508 3356 tria
538 3318 732 3374 magna
750 3321 872 3375 quae
908 3307 1270 3376 ostendimus,
1306 3312 1407 3365 tria
1432 3311 1535 3365 alia
1572 3314 1780 3384 optima
1820 3315 1980 3372 nobis

406 3396 726 3464 gignuntur,
753 3396 921 3452 animi
948 3411 1139 3471 nempe
1165 3401 1492 3473 puriﬁcatio,
1526 3403 1853 3463 illuminatio
1916 3424 1980 3465 ac

407 3486 688 3555 perfectio.

479 3780 632 3847 Quod
659 3785 710 3839 in
737 3785 817 3840 his
846 3787 1014 3843 tribus
1039 3801 1299 3849 contexta:
1326 3804 1449 3850 sunt
1474 3812 1652 3855 omnes
1681 3802 1921 3860 virtutes.

477 3941 567 3995 Η.
603 3939 659 3996 Si
693 3943 819 4011 quis
854 3956 1031 4000 autem
1065 3959 1319 4005 accurate
1344 3953 1476 4009 velit
1496 3957 1835 4026 examinare,
1869 3978 1982 4016 ina-

405 4028 602 4086 nil’este
620 4030 877 4099 inveniet,
901 4034 955 4088 in
983 4034 1385 4109 hactripliciter
1411 4053 1552 4099 texta
1577 4061 1754 4117 neque
1783 4049 1978 4118 fracta,

407 4127 467 4173 ut
491 4119 569 4173 ita
600 4118 803 4187 dicam,
834 4122 983 4179 facili
1042 4127 1147 4181 tela
1199 4143 1518 4199 suspensam
1554 4134 1608 4190 et
1663 4146 1979 4195 contextam

406 4223 628 4266 omnem
664 4212 925 4269 virtutum
945 4217 1227 4287 copiosam
1259 4231 1308 4276 et
1342 4237 1371 4276 a
1412 4225 1523 4288 Deo,
1549 4226 1796 4284 effectam
1855 4247 1983 4298 pur-

405 4310 615 4364 puram.
639 4299 854 4356 Etenim
876 4306 1028 4372 quasi
1057 4309 1291 4375 pretiosa
1321 4314 1566 4381 quaedam
1593 4328 1803 4386 catena,
1821 4332 1876 4377 et
1896 4322 1982 4378 fu-

406 4387 492 4441 nis
520 4404 657 4446 auro
682 4394 988 4464 variegatus
1004 4399 1115 4453 vita
1147 4403 1445 4459 secundum
1466 4405 1629 4462 Deum
1656 4409 1975 4476 instituitur,

406 4482 637 4537 virtutes
674 4500 832 4541 unam
877 4489 946 4544 ad
989 4490 1216 4548 alteram
1248 4508 1577 4554 connectens
1607 4508 1661 4554 et
1710 4501 1761 4555 itt
1809 4518 1978 4558 unum

407 4580 635 4625 cunctas
672 4562 937 4631 reducens
978 4582 1285 4647 copulatas.
1332 4584 1621 4641 Enimvero
1668 4590 1770 4645 hoe
1813 4608 1978 4647 unum

407 4676 544 4729 opus
591 4664 859 4735 pleraque
890 4670 1201 4740 perﬁciunt,
1253 4676 1503 4732 demeare
1539 4682 1810 4737 hominem
1863 4687 1981 4739 sin-

408 4767 534 4807 cere
566 4755 730 4811 vitam
774 4761 1066 4817 virtutibus
1102 4778 1523 4824 consentaneam
1567 4786 1812 4843 agentem
1846 4797 1861 4833 :
1902 4790 1981 4845 ιιι,

411 4844 609 4900 talibus
633 4848 793 4904 nodis
820 4850 1155 4922 vinculisque
1183 4857 1402 4927 ligatus,
1437 4876 1531 4928 per
1562 4864 1741 4931 ﬁdem,
1770 4868 1813 4921 si
1834 4870 1980 4936 velit,

407 4946 464 4992 et
491 4952 665 5006 spem,
700 4949 754 4995 et
790 4944 1177 5014 humilitatem,
1230 4964 1506 5007 mereatur
1542 4957 1741 5012 dilecto
1783 4960 1984 5015 saluta-

412 5029 565 5097 riqne
593 5034 812 5090 nomine
843 5034 1056 5093 Domini
1090 5038 1216 5096 Jesu
1253 5040 1454 5099 Christi
1489 5050 1859 5117 cognominari
1881 5093 1897 5120 ,
1929 5064 1985 5109 et

408 5136 595 5191 pacem
645 5125 1081 5201 cbaritatemquc
1132 5147 1542 5204 consequatur:
1578 5139 1690 5195 hac
1728 5154 1811 5197 est
1859 5159 1983 5199 vere

409 5218 574 5272 arbor
599 5227 685 5271 ter
719 5220 985 5287 perfecta,
1018 5224 1283 5293 plantatio
1319 5228 1447 5295 Dei,
1476 5232 1752 5303 vitamque
1790 5236 1985 5291 fructi-

408 5307 611 5377 ﬁcans;
655 5310 707 5365 in
758 5327 861 5382 qua
890 5314 1129 5371 insertus
1172 5318 1337 5377 bomo
1365 5322 1419 5378 in
1448 5325 1550 5382 bac
1582 5331 1710 5394 vita,
1759 5331 1985 5399 ejusque

407 5407 796 5466 coiivenienter
818 5414 1084 5483 particeps
1102 5412 1298 5486 factus,
1330 5435 1439 5478 non
1461 5434 1687 5482 mortem
1714 5438 1769 5482 ut
1786 5435 1972 5500 proto-

470 5590 513 5668 ‘_‘
548 5590 704 5652 loan.
756 5613 869 5668 xx,
907 5596 996 5668 '50,
1045 5598 1136 5653 5i.

401 5661 445 5694 "
470 5660 625 5737 Joau.
673 5683 783 5737 xtv,
837 5660 938 5723 '27.

404 5746 516 5799 ut,
575 5736 657 5792 t7.

1259 5602 1301 5635 ⁸³
1360 5602 1596 5678 Philipp.
1629 5625 1689 5675 tt,
1748 5613 1835 5667 10.

1039 5670 1085 5703 ³⁸
1136 5668 1291 5727 Joan.
1324 5689 1436 5744 ινδ,
1462 5668 1549 5732 ὅῧζ

1947 5614 1992 5646 ¹⁶
2023 5614 2145 5670 Act.
2200 5632 2271 5681 tv,
2329 5618 2416 5672 10.

1651 5682 1692 5712 ²¹
1721 5680 1877 5738 Juau.
1922 5701 2040 5753 χιιι,
2065 5688 2154 5741 5L

2081 3135 2298 3207 τὴντοῢ
2348 3138 2603 3208 ποιμνίου
2652 3139 2909 3207 φροντίδα
2969 3138 3416 3208 ἐπιδεικνύμενος
3480 3134 3655 3204 εἶναι,

2079 3228 2224 3283 οὕτω
2258 3230 2317 3282 τι
2345 3230 2531 3303 τρίτον
2563 3231 2749 3300 φησίν·
2788 3251 2807 3283 ι
2837 3232 2904 3285 Et
2946 3249 3012 3301 με
3043 3231 3237 3301 φιλεῖς,
3269 3231 3465 3302 Πέτρε,
3497 3231 3658 3285 πλέον

2080 3322 2189 3375 τῶν
2248 3323 2443 3389 ἄλλων,
2480 3324 2738 3395 ποίμαινε
2782 3324 2852 3377 τὰ
2889 3324 3143 3394 πρόϐατά
3205 3342 3328 3395 μου.
3375 3344 3393 3376 ι
3426 3324 3586 3378 Εἴποι
3611 3325 3659 3378 δ’

2079 3413 2145 3467 ἄν
2175 3432 2257 3477 τις
2288 3416 2417 3479 ἴσως
2448 3417 2549 3470 οὐκ
2572 3416 2679 3469 ἀπὸ
2704 3416 2905 3469 σκοποῦ
2930 3418 3021 3483 καὶ
3046 3416 3221 3481 τοῦτο,
3241 3418 3320 3469 ὅτι
3346 3417 3432 3469 διά
3451 3434 3511 3483 γε
3547 3417 3658 3470 τῶν

2079 3504 2428 3575 δηλωθέντων
2475 3507 2730 3572 ἐξαισίων
2774 3510 3002 3562 τουτωνὶ
3048 3508 3251 3579 τριῶν,
3301 3508 3658 3562 ἀποτίκτεται

2080 3598 2212 3667 ἡμῖν
2235 3598 2400 3668 ἕτερά
2439 3616 2562 3653 τινα
2586 3598 2712 3670 τρία
2741 3599 2993 3670 ἐξαίρετα
3023 3616 3036 3629 ·
3067 3598 3135 3653 τὰ
3165 3599 3222 3653 δέ
3260 3601 3431 3663 ἐστιν,
3482 3601 3516 3670 ἡ
3557 3598 3661 3668 τῆς

2079 3689 2253 3759 ψυχῆς
2290 3689 2585 3761 κάθαρσις,
2618 3692 2646 3739 ό
2676 3690 2975 3761 φωτισμδς,
3016 3688 3111 3743 καὶ
3146 3691 3180 3761 ἡ
3213 3689 3513 3751 τελείωσις.

2083 3801 2205 3855 Ὀτι
2235 3800 2302 3855 ἐν
2328 3803 2562 3869 τούτοις
2577 3802 2702 3869 τοῖς
2730 3803 2883 3926 τὲισί
2910 3800 3360 3925 οἱυνεεύερανται
3382 3798 3574 3853 πᾶσαι
3596 3800 3659 3853 αι

2791 3888 2927 3926 cera
2958 3912 2971 3925 .
3238 3890 3241 3893 ν

2783 3888 2971 3940 ρεται.
3238 3890 3241 3893 ⁷

2161 3964 2248 4021 ια’.
2291 3967 2353 4020 Εἰ
2386 3964 2443 4018 δέ
2485 3983 2570 4028 τις
2600 3964 2845 4035 ἀκριϐῶς
2881 3965 3188 4036 ἐθελήσειεν
3216 3962 3468 4029 ἐξετάσαι
3501 3963 3656 4031 ἐναρο

2082 4060 2214 4128 γῶς,
2261 4060 2318 4111 ἐν
2369 4056 2569 4129 τουτῳῒ
2629 4057 2709 4128 τῷ
2768 4057 3079 4127 τριπλόκῳ,
3118 4055 3212 4111 καὶ
3244 4050 3356 4109 οἷον
3396 4053 3657 4126 ἁῤῥήκτῳ

2084 4148 2353 4219 σπαρτίῳ.
2394 4148 2617 4219 εὑρήσει
2644 4149 2817 4218 αἰωρη
2828 4148 3019 4218 μένην,
3055 4147 3148 4201 καὶ
3174 4145 3655 4214 συνεξυφασμένην

2083 4243 2261 4295 πᾶσαν
2291 4240 2388 4310 τὴν
2411 4240 2519 4292 τῶν
2551 4240 2759 4311 ἀρετῶν
2788 4240 3019 4309 ἄφθονον
3060 4239 3170 4311 [τον.
3204 4234 3519 4309 ἄφθαρτον]
3561 4235 3655 4288 καὶ

2006 4359 2058 4420 D
2081 4333 2395 4388 θεότευκτον
2424 4331 2735 4402 ἁλουργίδαο
2762 4332 2855 4385 καὶ
2884 4332 2992 4402 γὰρ
3025 4331 3112 4383 οῐα
3145 4348 3228 4392 τις
3258 4329 3415 4400 τιμία
3443 4328 3654 4391 ἅλυσις,

2082 4428 2178 4483 καὶ
2202 4427 2355 4500 σειρὰ
2379 4426 2812 4497 ποικιλόχρυσος,
2862 4425 3103 4496 πέφυκεν
3136 4428 3168 4498 ἠ
3212 4428 3353 4482 κατὰ
3386 4427 3519 4480 Θεὸν
3553 4443 3655 4479 πο-

2079 4520 2270 4583 λιτεία,
2307 4520 2436 4590 μίαν
2478 4519 2578 4587 τῆς
2613 4520 2740 4589 μιᾶς
2788 4517 3169 4591 ἐξηρτημένην
3206 4519 3409 4589 ἀρετὴν
3439 4519 3655 4586 εύαγῶς

2079 4611 2296 4681 ἔχουσα,
2330 4610 2423 4662 καὶ
2448 4610 2527 4673 εἰς
2564 4609 2625 4662 τδ
2654 4609 2711 4661 ἓν
2742 4610 3198 4680 συνηρμοσμένας
3254 4609 3494 4671 ἁπάσας.
3541 4610 3652 4685 Kal

2078 4700 2210 4769 γοῦν
2238 4701 2331 4755 καὶ
2378 4700 2435 4753 ἓν
2462 4700 2622 4771 ἔργον
2661 4701 2717 4753 αἰ
2768 4700 2961 4754 πολλαὶ
3006 4700 3461 4772 καταρτίζουσιν,
3516 4701 3650 4769 ὅπερ

2078 4795 2196 4845 ἐστὶ
2253 4792 2313 4845 τδ
2358 4792 2625 4861 θεωθῆναι
2679 4793 2770 4847 τὸν
2812 4792 3117 4863 εἰλικρινῶς
3164 4793 3357 4855 αύταῖς
3407 4792 3652 4857 συζῶντα

2077 4884 2362 4953 ἄνθρωπον
2384 4901 2398 4917 ·
2435 4885 2764 4955 συνδέσμους
2817 4880 2927 4938 οἷον
2987 4884 3048 4953 δή
3083 4902 3236 4947 τινας
3277 4885 3372 4937 καὶ
3404 4887 3647 4955 κρίκους,

2079 4975 2405 5029 πλουτοῦσαί
2440 4994 2588 5039 πως,
2621 4977 2790 5041 αὑτήν
2821 4993 2880 5029 τε
2907 4976 3001 5029 τοῦ
3038 4977 3243 5045 Κυρίου
3289 4978 3459 5046 Ἰησοῦ
3518 4979 3650 5046 Χρι-

2080 5068 2205 5122 στοῦ
2239 5068 2491 5136 φίλτατον
2507 5068 2617 5139 [ἷσ.
2647 5068 2929 5141 φιλτάτην]
2956 5067 3046 5122 τοῦ
3080 5069 3343 5138 ὀνόματος
3376 5071 3433 5121 ἐν
3451 5070 3650 5133 πίστει,

2077 5162 2123 5212 εἰ
2157 5159 2333 5228 βούλει
2371 5159 2449 5225 δὲ,
2503 5160 2596 5212 καὶ
2622 5159 2815 5222 ἐλπίδι,
2853 5161 2944 5214 καὶ
2971 5160 3318 5222 ταπεινώσει,
3364 5163 3649 5231 σωτήριον,

2077 5248 2382 5318 ἐπίκλησιν,
2411 5249 2503 5304 καὶ
2540 5250 2639 5321 τὴν
2677 5252 2897 5323 εἰρήνην
2931 5251 3048 5319 ἅμα
3066 5253 3161 5305 καὶ
3186 5252 3285 5322 τὴν
3314 5251 3555 5323 ἀγάπην,
3588 5252 3646 5303 τὸ

2081 5342 2434 5411 θεοφύτευτον
2492 5342 2661 5408 ὅντως
2700 5344 2792 5398 καὶ
2845 5344 3189 5413 τριστέλεχον
3234 5344 3448 5415 δένδρον
3474 5386 3489 5410 ,
3549 5344 3636 5397 καὶ

2077 5427 2455 5502 ζοωπάροχον·
2512 5429 2572 5490 οὗ
2602 5436 2629 5488 6
2662 5438 2801 5490 κατὰ
2842 5437 3035 5509 καιρὸν
3080 5441 3410 5510 ἁπτόμενος,
3447 5444 3543 5496 καὶ
3568 5443 3644 5507 ὡς

2531 5619 2574 5650 η
2612 5619 2743 5676 ibid.
2810 5594 2895 5678 η.

2999 5626 3042 5658 ¹⁸
3082 5628 3273 5680 Mattn.
3314 5647 3503 5696 xxvm,
3550 5637 3628 5692 18.

2254 5690 2297 5719 ²¹
2326 5688 2485 5745 Joan.
2526 5705 2613 5757 xv,
2651 5693 2702 5758 8,
2748 5694 2802 5750 9.

2895 5694 2939 5725 ”
2968 5696 3038 5750 ibi
3066 5706 3122 5763 |.,
3170 5700 3319 5754 8—10.
3399 5708 3446 5735 “
3470 5694 3628 5762 Jvoau.
