4080 6206
535 243 646 307 ὖδί

1419 250 1767 310 ΕΑΙᾸᾸΞΤῙ
1794 249 1888 309 ΕΤ
1925 248 2221 309 IGNATII
2260 240 2949 311 XANTHOPULOBUM

3624 237 3725 309 li!

539 355 838 420 introierit,
892 356 1219 432 salvabitur,
1246 365 1299 412 ct
1338 357 1674 427 ingredietur
1703 369 1757 411 et
1781 355 2104 427 egredietur,

2191 379 2327 449 πρὸς
2353 379 2445 431 τὸν
2496 378 2712 447 Πατέρα
2765 376 2901 429 Θεὸν
2930 374 3089 447 οὐρα,
3129 375 3222 430 καὶ
3257 364 3324 433 δι’
3364 382 3495 451 ἐμοῦ
3528 384 3613 438 ἐάν
3652 395 3727 453 τις

531 458 586 502 et
615 464 817 519 pascua
867 450 1105 505 inveniet
1129 451 1246 505 sine
1271 451 1436 506 dubio
1486 450 1765 505 salutaria.
1795 451 2006 504 Adhihe
2030 450 2097 503 iis

515 556 653 611 ηιιω
689 541 925 596 dicimus
960 552 1217 607 mentem,
1259 550 1314 597 et
1342 543 1439 597 tibi
1468 543 1686 598 sincere
1739 542 1971 595 consilia
2004 541 2071 595 da

534 652 675 691 tuus.
716 636 853 690 Ante
878 638 1059 690 omnia
1092 636 1229 704 elige
1252 652 1374 691 eum
1410 637 1662 690 universa
1693 634 2099 690 renuntiatioue

527 728 679 795 juxta
716 728 960 781 divinum
998 727 1257 788 Verbum.
1313 737 1369 781 et
1419 728 1716 796 legitimam
1777 724 2097 795 perfectam-

526 835 633 889 que.
666 819 1098 888 subjectionem;
1127 822 1383 875 ardenter
1409 819 1626 887 inquire
1679 818 1959 873 ductorem
1984 831 2097 869 ma-

527 912 866 980 gistrumque
888 925 1012 964 eum
1036 913 1127 981 qui
1153 927 1258 965 non
1283 920 1447 965 erret.
1496 908 1612 963 Non
1644 910 1842 964 errabit
1866 918 2042 962 autem
2080 947 2095 970 ,

527 1002 570 1053 si
607 1017 667 1054 ea
704 1016 825 1068 quae
854 1001 987 1055 dicit
1032 1017 1128 1070 per
1185 1017 1354 1056 sacra:
1380 1002 1679 1072 Scriptura-
1726 1000 2097 1055 testimonium

516 1096 835 1159 'courlimet,
880 1084 935 1150 si
974 1094 1237 1165 Spiritum
1271 1104 1520 1150 sanctum
1554 1097 1609 1150 in
1643 1100 1703 1151 ’sc
1742 1094 1959 1169 haheat,
2021 1091 2098 1146 vi-

530 1198 639 1239 tam
674 1187 890 1241 actibus
918 1185 1255 1242 co‘nlormem
1280 1203 1444 1257 agens
1473 1204 1488 1253 ;
1522 1188 1567 1241 si
1601 1187 1927 1256 cogitatione
1954 1187 2099 1241 altus

525 1281 615 1341 sit,
660 1295 822 1333 sensu
859 1288 1039 1333 autem
1077 1278 1399 1345 liumilis,.et
1434 1280 1582 1333 omni
1632 1279 1790 1333 modo
1816 1278 2011 1342 bonus,
2042 1281 2097 1331 et

525 1371 741 1438 qualem
766 1370 957 1424 dicunt
979 1384 1102 1424 esse
1138 1370 1437 1425 secundum
1464 1368 1741 1424 Chrismm
1771 1367 2096 1437 magistrum

529 1461 697 1514 divini
804 1476 1132 1515 sermones.
1187 1459 1480 1529 Postquam
1549 1470 1728 1513 autem
1810 1472 1934 1513 eum
2015 1455 2100 1510 in-

526 1552 743 1607 t'eneris
774 1593 789 1617 ,
824 1552 925 1618 illi,
952 1560 1009 1605 ut
1037 1551 1256 1622 proprio
1287 1552 1430 1605 Patri
1481 1550 1887 1606 amantissimus
1924 1546 2094 1614 ﬁlius,

516 1646 740 1697 adhaere
773 1650 1004 1712 Corpore
1052 1657 1117 1698 ac
1148 1642 1345 1711 spiritu
1378 1651 1561 1697 :totus
1593 1654 1812 1694 remane
1844 1638 1986 1692 illius
2012 1637 2096 1693 in-

2186 471 2423 542 εἰσέλθῃ,
2450 470 2772 537 σωθήσεται,
2808 470 2904 523 καὶ
2932 470 3316 537 εἰσελεύσεται,
3348 474 3441 527 καὶ
3471 476 3727 541 ἐξελεύσε-

2131 585 2135 589 υ
2183 578 2292 625 ται,
2330 563 2425 615 καὶ
2469 562 2639 631 νομὴν
2684 562 2932 631 εὑρήσει,
2965 561 3207 631 δηλονότι
3235 566 3515 635 σωτήριον.
3555 588 3572 621 ι
3603 571 3729 639 Πρόα

2183 666 2311 721 σχες
2341 646 2422 715 οἷς
2450 652 2700 720 λέγομεν,
2734 654 2827 706 καὶ
2845 652 3081 722 γνησίως
3118 670 3201 706 σοι
3233 656 3728 728 σνμὸουλευόμεθα·

2182 744 2289 815 πρὸ
2320 744 2555 807 πάντων,
2588 744 2803 808 ἔκλεξαι
2835 745 3063 797 σεαυτὸν
3087 786 3100 807 ,
3157 746 3293 814 μετὰ
3350 748 3447 818 τῆς
3497 751 3730 816 καθόλου,

2183 836 2324 889 κατα
2357 837 2454 904 τὴν
2475 836 2624 905 ἱερὰν
2662 837 3046 904 ὲκεραντορίαν,
3092 837 3393 907 ἀποταγῆς,
3426 841 3515 893 καὶ
3544 842 3732 896 ὑποτα-

2181 930 2285 998 γὴν
2334 927 2642 990 ἀνόθευτον,
2693 929 2786 979 καὶ
2834 928 3069 980 τελείαν·
3108 929 3275 997 ἦγονν
3303 930 3600 995 σπουδάσας
3643 932 3733 1000 ζήο

2179 1038 2345 1089 τῃσον
2383 1020 2563 1089 εὑρεῖν
2606 1019 2820 1085 ὁδηγὸν,
2857 1020 2953 1071 καὶ
3003 1020 3325 1074 διδάσκαλον
3378 1022 3585 1091 ἀπλανῆ
3616 1039 3628 1053 .
3656 1024 3730 1096 ειη

2179 1114 2224 1166 δ’
2257 1112 2322 1166 ἂν
2362 1114 2424 1165 τὸ
2457 1113 2713 1175 ἀπλανὲς,
2761 1114 2817 1164 ὲν
2846 1112 2924 1181 τῷ
2973 1113 3280 1183 μαρτυρίαν
3336 1114 3417 1181 ἐφ’
3448 1110 3525 1178 οἷς
3576 1115 3731 1184 λέγει,

2180 1205 2330 1276 παρᾶ
2376 1205 2483 1257 τῶν
2512 1204 2672 1273 ἱερῶν
2712 1205 2981 1273 παριστᾷν
3009 1204 3261 1273 Γραφῶν,
3317 1210 3410 1257 καὶ
3450 1224 3733 1276 πνευματο-

2180 1295 2366 1364 φόρον,
2406 1296 2516 1355 τοῖς
2544 1293 2720 1360 λόγοις
2753 1293 2943 1362 ἔχοντα
2971 1292 3070 1363 τὴν
3092 1294 3366 1347 πολιτείαν
3401 1286 3730 1366 σννᾴδουσαν,

2181 1384 2385 1455 ὑψηλὸν
2419 1386 2519 1455 μὲν
2548 1385 2647 1455 τὴν
2675 1370 2935 1450 διάνοίαν,
2964 1385 3221 1437 ταπεινὸν
3241 1385 3299 1438 δὲ
3323 1386 3400 1453 τῷ
3429 1387 3739 1457 φρονήματι,

2180 1482 2273 1532 καὶ
2306 1481 2419 1542 τοῖς
2451 1478 2630 1541 ἄλλοις
2677 1478 2899 1547 τρόποις
2938 1478 3193 1547 χρηστὸν,
3224 1479 3322 1532 καὶ
3348 1473 3468 1531 οἷον
3488 1480 3572 1531 τὸν
3609 1480 3741 1532 κατᾶ

2178 1571 2413 1639 Χριστὺν
2446 1568 2787 1632 διδάσκαλον,
2844 1568 2937 1621 τα’
2974 1567 3353 1638 Θεοπαράδοτά
3401 1586 3528 1637 φησι
3572 1568 3736 1636 λόγιατ

2177 1663 2287 1716 Καὶ
2320 1661 2385 1731 δὴ
2407 1660 2679 1732 εὑρηκὼς,
2723 1660 2960 1730 κάκείνῳ
2996 1659 3070 1723 ὡς
3130 1660 3313 1731 Πατρὶ
3354 1661 3558 1731 γνησίῳ
3621 1661 3743 1725 Υἱὸς

524 1735 723 1789 cedens
754 1733 1061 1803 peremis.
1087 1734 1140 1785 in
1162 1732 1311 1785 illum
1342 1741 1597 1801 tauquam
1627 1730 1679 1783 in
1705 1730 1882 1800 ipsum
1904 1726 2096 1784 Chris-

2171 1713 2540 1825 ἴφιλόστοργιος
2596 1713 3025 1822 προσκολληόεὶς
3079 1713 3296 1821 σώματί
3334 1713 3394 1804 τὶ
3443 1713 3541 1804 καὶ⁸
3587 1713 3739 1804 misti;

527 1838 639 1875 tum
674 1825 912 1888 intuens,
946 1838 1123 1893 neque
1154 1832 1214 1877 ut
1240 1823 1293 1877 in
1338 1823 1637 1884 hominem,
1678 1834 2007 1891 omnemque
2061 1834 2093 1874 a

525 1925 577 1969 te
602 1919 756 1985 longe
785 1913 1039 1982 rejicieus
1079 1913 1432 1968 difﬁdentiam
1477 1920 1531 1967 et
1568 1913 1961 1967 dubitationem
1990 1925 2007 1978 ;
2041 1920 2098 1965 et

520 2007 686 2061 etiam
712 2006 1074 2074 cogitationes
1096 2004 1345 2074 proprias
1368 2012 1421 2058 et
1458 2018 1583 2058 cum
1650 2004 1929 2058 voluntate
1972 2015 2098 2071 pro-

517 2101 677 2168 prias
705 2099 1015 2164 volitiones,
1046 2098 1369 2169 simpliciter
1421 2107 1474 2152 et
1518 2098 1793 2153 incuriose
1846 2097 2097 2167 magistri

530 2190 755 2258 \estigia
780 2204 1011 2259 sequere
1044 2200 1304 2259 tanquam
1338 2188 1555 2259 aliquod
1623 2190 1898 2261 speculum
1962 2203 2096 2259 pos-

527 2282 710 2333 sidens
744 2282 796 2332 in
828 2289 1033 2333 certam
1090 2288 1144 2333 et
1191 2278 1387 2333 claram
1450 2282 1857 2349 persuasionem
1922 2289 2093 2348 tuam,

524 2372 652 2424 huic
708 2368 919 2423 doctori
978 2370 1192 2439 plenam
1258 2379 1306 2421 et
1376 2385 1623 2424 securam
1696 2372 2095 2440 obedientiam,

524 2476 669 2519 ruam
692 2467 962 2534 propriam
1006 2464 1427 2518 conscientiam.
1480 2466 1544 2518 Et
1579 2466 1627 2519 si
1658 2467 1875 2535 quando
1909 2466 1960 2521 in
2004 2476 2094 2521 tua

528 2569 706 2612 mente
732 2558 997 2627 sparserit
1030 2556 1244 2625 aliquid
1296 2558 1556 2610 contrarii
1600 2558 1847 2612 diahohts
1868 2558 1957 2627 qui
1992 2560 2095 2610 vir-

519 2661 686 2703 tutem
720 2650 854 2703 odio
898 2650 1080 2715 habet,
1130 2657 1387 2720 tanquam
1427 2666 1456 2705 a
1500 2650 1860 2707 furuicatimnc
1889 2654 2095 2724 et'igue

519 2742 778 2807 resilias,
824 2750 880 2796 et
933 2744 1166 2797 tentauti
1215 2744 1488 2812 deccpmri
1544 2744 1815 2812 sapienter
1874 2753 2093 2799 eontra-

519 2834 689 2898 dicas,
733 2834 1069 2902 respondens
1087 2850 1193 2887 non
1218 2836 1505 2888 ducentem
1541 2836 1607 2888 ab
1656 2850 1721 2889 co
1754 2834 1844 2904 qui
1875 2835 2093 2889 ducitur

520 2926 679 2995 dirigi
713 2928 829 2992 ,sed
854 2926 1075 2980 ductum
1098 2926 1166 2979 ab
1197 2940 1261 2979 eo
1284 2926 1380 2995 qui
1413 2926 1561 2980 ducit
1592 2943 1610 2993 ;
1644 2942 1819 2996 neque
1850 2944 1948 2997 ego
1976 2942 2093 2982 ma-

2178 1864 2309 1915 ματι
2344 1862 2357 1876 ⁸
2411 1844 2531 1909 ὅλος
2571 1842 2699 1912 μένε
2726 1843 3077 1897 τοαπεκεῐνου
3111 1843 3344 1912 στοιχῶν
3379 1845 3489 1906 τοῖς
3543 1843 3737 1896 ἐκείνοι)

2176 1940 2565 2010 ἐπιτάγμασιν,
2592 1938 2667 2000 ὡς
2701 1939 2780 1999 εἰς
2810 1936 2974 1989 αὑτὸν
3001 1936 3092 1989 τὸν
3120 1935 3360 2005 Χριστὸν
3385 1976 3400 1999 ,
3437 1936 3517 1998 εἰς
3546 1936 3739 1989 ἐκεῖνον

2174 2033 2415 2102 ἀφορῶν,
2440 2032 2533 2085 καὶ
2562 2031 2662 2085 οὐκ
2688 2030 2990 2099 ἄνθρωπον,
3019 2029 3198 2082 πᾶσαν
3226 2045 3288 2081 τι
3317 2028 3426 2082 ἀπὸ
3453 2027 3543 2082 σοῦ
3566 2028 3741 2101 πόρῤω

2178 2124 2354 2196 βαλὼν
2384 2123 2662 2187 ἀπιστίαν,
2694 2124 2787 2176 καὶ
2817 2120 3142 2189 δισταγμόν·
3200 2123 3290 2175 ναὶ
3324 2120 3437 2192 μὴν
3458 2162 3472 2185 ,
3504 2121 3594 2175 καὶ
3622 2120 3743 2191 φρό-

2174 2237 2362 2290 νημα,
2396 2219 2490 2272 καὶ
2536 2216 2673 2287 μετὰ
2722 2215 2998 2286 θελήσεως
3030 2216 3264 2285 θέλημα,
3312 2215 3492 2279 οὕτως
3548 2215 3743 2279 ἁπλῶς,

2175 2310 2269 2365 καὶ
2305 2310 2651 2381 ἀπεριέργως
2708 2307 2799 2361 ἔσο
2840 2307 2961 2361 κατ’
2991 2308 3135 2378 ῐχνος
3174 2307 3449 2376 ἑπόμενος
3480 2306 3556 2376 τῷ
3613 2306 3743 2361 διδα-

2179 2401 2381 2470 σκάλῳ,
2407 2394 2494 2454 οἷά
2535 2418 2587 2452 τι
2617 2399 2925 2470 κάτοπτρον
2955 2398 3312 2468 κεκτημένος,
3374 2400 3452 2461 είς
3485 2398 3743 2468 πληροφο-

2181 2492 2302 2565 ρεαν
2328 2493 2534 2562 ἐναργῆ
2570 2492 2666 2561 τὴν
2691 2491 2826 2561 πρὺς
2880 2490 2973 2542 τὸν
3019 2490 3392 2559 μυσταγωγὸν
3425 2490 3739 2560 ἀδιάκριτον,

2177 2586 2271 2641 καὶ
2298 2584 2475 2654 ἄκραν
2496 2583 2767 2653 ὑπακοὴν,
2805 2582 2903 2651 τὴν
2949 2582 3156 2635 οἰκείαν
3219 2581 3551 2653 συνείδησιν.
3603 2581 3660 2634 El
3688 2580 3741 2634 δι

2174 2697 2306 2735 ποτε
2355 2678 2448 2732 καί
2473 2695 2526 2731 τι
2562 2677 2670 2730 τῶν
2704 2676 2961 2729 ἐναντίων
2992 2674 3300 2747 ὑποσπείρῃ
3326 2678 3398 2745 τῇ
3456 2678 3519 2747 σῇ
3550 2675 3741 2746 διανοίᾳ

2171 2775 2200 2827 ὁ
2230 2775 2337 2837 τοῖς
2378 2770 2563 2833 καλοῖς
2602 2767 2903 2839 ἐχθραίνων
2938 2766 3204 2832 διάϐολος,
3231 2767 3306 2829 ὡς
3353 2768 3461 2823 ἀπὸ
3503 2768 3741 2837 πορνείας

2171 2864 2266 2918 καὶ
2297 2861 2468 2931 πυρὸς
2524 2858 2878 2927 ἀποπὴδησον
2913 2856 3047 2920 πρὸς
3080 2858 3305 2920 ἑαυτὸν,
3349 2858 3447 2912 καὶ
3486 2856 3575 2911 τὸν
3618 2856 3740 2909 ὁποι

2172 2950 2436 3006 ϐάλλοντα
2497 2946 2789 3003 ἀπατεῶνα
2862 2946 3043 3016 σοφῶς
3092 2946 3589 3017 ἁντιφθεγγόμενος
3619 2990 3633 3011 ,
3671 2945 3741 3011 ὥς

518 3017 673 3086 gislri
702 3016 828 3081 mei,
864 3016 959 3070 sed
994 3016 1254 3085 magister
1286 3032 1469 3070 meum
1503 3016 1771 3087 judicium
1812 3018 2086 3085 suscepit;

2172 3045 2284 3115 Οὐχ
2312 3046 2340 3097 δ
2364 3041 2727 3113 δδηγούμενος
2750 3040 2839 3094 τὸν
2864 3039 3180 3110 ὁδηγοῦντα,
3218 3039 3337 3094 ἀλλ’
3372 3042 3401 3093 ὁ
3426 3016 3631 3109 δδηγῶν
3658 3039 3742 3091 τὸν

521 3125 699 3179 neque
723 3124 827 3177 ego
853 3109 1021 3178 judex
1073 3109 1239 3171 illius,
1264 3109 1361 3163 sed
1395 3109 1483 3161 ille
1508 3108 1673 3178 judex
1710 3126 1861 3165 meus
1886 3110 2091 3165 consti-

527 3212 679 3255 tutus
718 3211 835 3265 est,
910 3210 972 3253 ut
1005 3199 1097 3254 ille
1131 3199 1274 3269 quia
1306 3199 1539 3254 Climaoe
1583 3216 1781 3255 nomen
1809 3202 1980 3269 ducit,
2035 3209 2092 3257 et

516 3297 623 3347 alia
652 3290 1028 3363 hujuscemodi
1055 3293 1401 3361 respondeas.

586 3491 729 3547 Nihil
766 3492 907 3547 enim
956 3489 1331 3562 proculdubio
1394 3490 1828 3562 talidirectione,
1868 3497 2091 3567 suhjee~

517 3587 665 3641 tione
704 3585 953 3649 scilicet,
994 3583 1197 3639 certius
1228 3586 1570 3653 pmpriorum
1600 3587 1922 3644 delictorum
1972 3592 2083 3647 chi<

513 3679 788 3748 rcgrapha
838 3674 1101 3745 diﬂringit
1155 3674 1514 3747 inscribitque
1575 3678 1629 3731 in
1690 3679 1874 3735 divina
1940 3682 2083 3738 elec-

513 3778 695 3826 torum
726 3769 927 3823 tabula.
958 3767 1013 3821 Si
1037 3767 1374 3836 eaim,juxta
1406 3769 1620 3821 beatum
1640 3768 1885 3837 Paulum,
1915 3773 2084 3830 Filius

518 3864 632 3923 Dei.
662 3873 715 3917 et
745 3860 887 3916 Deus
913 3869 1100 3915 noster
1126 3860 1383 3914 Dominus
1423 3858 1583 3915 Jesus
1630 3871 1847 3932 propter
1878 3880 1999 3930 nos,
2025 3874 2084 3921 ιιι

512 3951 854 4022 nosmetipsi,
912 3958 1268 4005 conversatus
1293 3958 1346 4002 et
1406 3958 1685 4018 paternam
1746 3951 2081 4009 distribuens

510 4046 943 4103 benevolentiam
985 4042 1229 4098 eamdem
1259 4042 1407 4097 \isus
1430 4052 1512 4097 est
1536 4044 1674 4096 riam
1732 4060 2077 4114 percurrens,

512 4156 604 4210 per
630 4154 816 4209 quam.
842 4146 895 4191 et
918 4135 1242 4203 beneplaciti
1275 4133 1575 4189 secundum
1633 4136 1903 4194 hominem
1947 4154 2077 4194 cau-

508 4247 591 4295 sa,
622 4239 849 4300 paterna
883 4228 995 4298 ipse
1028 4227 1457 4296 proclaniatione
1485 4226 1681 4298 dignus
1711 4229 1930 4285 habitus
1951 4231 2076 4285 est?

517 4343 533 4375 ι
564 4321 881 4375 lluntiliat’it
917 4319 1060 4372 enim
1086 4319 1435 4387 semetipsum
1472 4355 1487 4383 ,
1522 4318 1716 4388 inquit,
1749 4318 1925 4375 lectus
1947 4322 2075 4376 ohe-

2169 3134 2538 3206 6δηγούμενον
2609 3133 2799 3203 ὁδηγεῖ
2825 3150 2848 3163 υ
2882 3133 2976 3187 καὶ
3012 3132 3111 3185 οῦκ
3137 3131 3245 3200 ἐγὼ
3286 3131 3389 3185 τοῦ
3454 3132 3701 3203 ἄρχοντος
3723 3143 3741 3163 ⁶

2170 3229 2285 3283 ἀλλ’
2314 3228 2473 3292 αὐτὸς
2503 3227 2562 3282 τδ
2602 3228 2732 3298 ἐμὸν
2761 3228 2936 3297 κρῖμα
2972 3226 3289 3293 ἀνεδέξατο·
3326 3229 3427 3281 καὶ
3474 3228 3573 3280 οὐκ
3618 3224 3742 3293 ἐγὼ,

2169 3321 2378 3375 ἐκείνου
2407 3335 2433 3352 ν
2461 3320 2560 3374 ἀλλ
2603 3319 2764 3382 αὐτὸς
2791 3318 2979 3391 κριτὴς
3009 3358 3023 3382 ,
3056 3317 3188 3389 ἐμοῦ
3232 3318 3542 3388 καθέστηκε
3567 3358 3583 3385 ,
3613 3315 3751 3371 κατα

2168 3414 2260 3467 τὸν
2282 3414 2380 3483 τῆς
2407 3412 2708 3482 Κλίμακος,
2750 3411 2844 3464 καὶ
2867 3410 2935 3464 τὰ
2960 3409 3170 3472 τούτοις
3199 3410 3507 3480 παρόμοια.

2241 3504 2406 3557 Οὐδὲν
2435 3502 2544 3571 γὰρ
2575 3502 2674 3568 τῆς
2701 3499 2956 3568 τοιαύτης
2996 3499 3242 3567 ἀγωγῆς,
3268 3499 3476 3569 δηλαδὴ
3498 3500 3594 3569 τῆς
3618 3498 3745 3552 ὑπο·

2168 3596 2376 3664 ταγῆς,
2440 3590 2826 3662 γνησιέστερον
2850 3589 2925 3659 τῷ
2976 3588 3218 3657 ἑλομένω
3287 3591 3741 3661 ἀναντιρρήτως,

2167 3682 2461 3755 διαρρῆξαι
2496 3681 2595 3752 μὲν
2626 3681 2695 3735 τὰ
2751 3680 3093 3751 χειρόγραφα
3122 3680 3229 3733 τῶν
3278 3682 3503 3735 οἰκείων
3536 3678 3745 3749 ἀμπλαι

2166 3777 2452 3847 κημάτων,
2491 3772 2837 3845 ἐγγραφῆναι
2865 3771 2921 3825 δὲ
2958 3774 3024 3843 τῇ
3057 3771 3178 3843 θεία
3210 3771 3383 3843 δέλτῳ
3434 3772 3545 3827 τῶν
3578 3771 3742 3834 σωζο-

2173 3868 2368 3939 μένων.
2406 3866 2468 3917 El
2506 3863 2636 3934 γὰρ,
2662 3862 2801 3916 κατὰ
2825 3860 2916 3915 τὸν
2949 3861 3221 3932 μακάριον
3256 3862 3495 3924 Παῦλον,
3545 3861 3574 3912 ὁ
3621 3859 3743 3920 Υἱὸς

2166 3955 2260 4010 τοῦ
2285 3953 2445 4019 Θεοῦ,
2474 3954 2568 4006 καὶ
2588 3951 2719 4014 Θεὸς
2759 3951 2915 4021 ήμῶν
2949 3950 3154 4020 Κύριος
3202 3950 3438 4021 Ἰησοῦς,
3464 3949 3584 4003 καθ’
3604 3950 3743 4018 ἡμᾶς

2165 4045 2233 4099 δι’
2277 4046 2424 4114 ἡμᾶς
2475 4042 2844 4115 χρηματίσας,
2887 4043 2981 4095 καὶ
3030 4040 3128 4112 τὴν
3189 4044 3469 4112 πατρικὴν
3500 4040 3742 4094 εὐδοκίαν

2169 4137 2314 4207 μάλα
2344 4136 2524 4201 σοφῶς
2553 4135 2877 4204 οἰκονομῶν,
2907 4132 3004 4203 τὴν
3026 4132 3279 4203 τοιαύτην
3326 4128 3518 4187 ὦπται
3558 4129 3741 4202 τεμὼν

2162 4232 2301 4296 ὁδὸν,
2342 4223 2495 4301 δι’ἦς
2523 4229 2615 4282 καὶ
2646 4228 2784 4298 ὑπὲρ
2816 4226 2915 4296 τῆς
2949 4227 3072 4281 κατ’
3122 4226 3415 4296 ἄνθρωπον
3443 4228 3739 4298 εὐαρεστήυ

2164 4343 2321 4391 σεως,
2374 4325 2474 4392 τῆς
2539 4322 2797 4393 πατρῴας
2824 4320 3051 4391 ἠξίωται
3084 4321 3449 4393 ἀναρρήσεως
3474 4339 3487 4353 ·
3519 4340 3537 4373 ι
3591 4323 3743 4374 Ὲτα⁴

508 4415 665 4471 dicos
703 4427 875 4483 usque
930 4411 995 4464 ad
1050 4419 1304 4473 mortem,
1343 4420 1572 4465 mortem
1630 4422 1811 4467 autent
1868 4416 2071 4471 crucis.

2171 4417 2397 4470 πείνωαε
2451 4414 2581 4485 γὰρ,
2628 4416 2817 4484 φησὶν,
2889 4414 3103 4479 ἑαυτὸν,
3157 4413 3455 4482 γενόμενος
3505 4414 3748 4484 ὑπήκοος

512 4505 739 4573 Propter
763 4507 906 4573 quod
931 4512 982 4555 et
1017 4500 1160 4555 Deus
1218 4502 1474 4554 exultavit
1530 4503 1705 4567 illum,
1747 4512 1802 4558 ct
1850 4505 2076 4562 donavit

2171 4511 2328 4579 μέχρι
2360 4508 2613 4575 θανάτου,
2651 4508 2881 4560 θανάτου
2915 4507 2971 4560 δὲ
3030 4506 3285 4577 σταυροῦ.
3318 4507 3413 4560 Διδ
3443 4508 3539 4561 καὶ
3564 4510 3591 4560 ὁ
3615 4507 3744 4567 Θεὸς

508 4595 582 4649 illi
610 4610 828 4659 nomen,
852 4605 901 4648 et
922 4596 1184 4663 reliqua.)
1207 4593 1337 4659 Quis
1364 4597 1525 4663 igitur
1542 4597 1794 4664 superbe,
1815 4613 1878 4653 uc
1896 4599 2072 4654 dicam

2171 4602 2325 4654 αὐτὸν
2350 4600 2700 4670 ὑπερύψωσε,
2731 4600 2823 4652 καὶ
2854 4598 3143 4670 ἐχαρίσατο
3176 4598 3324 4669 αὑτῷ
3358 4599 3556 4668 ὄνομα,
3598 4617 3616 4650 ι
3649 4594 3742 4651 καὶ

507 4688 694 4750 stulte,
729 4686 969 4756 sperabit
994 4700 1052 4739 se
1078 4685 1290 4739 Domini
1318 4697 1367 4740 ct
1394 4685 1484 4739 Dei
1537 4696 1592 4739 ct
1617 4688 1914 4744 Salvatoris
1942 4690 2069 4746 Jesu

505 4780 707 4833 (luristi
748 4776 973 4845 gloriam
1007 4777 1324 4844 adepturum
1354 4790 1405 4831 ct
1438 4788 1717 4847 paternam
1741 4785 2071 4847 mercedem,

509 4886 618 4923 non
650 4869 840 4923 eadem
878 4867 1129 4921 incedere
1160 4869 1242 4921 via
1274 4870 1564 4936 praslcrcns
1594 4886 1695 4939 qua
1720 4872 1830 4926 dux
1864 4883 1916 4926 et
1962 4890 2074 4928 ιιιιιο

503 4968 671 5031 κῑδιοιθ
700 4971 884 5015 noster
908 4959 1068 5015 Jesns
1099 4959 1389 5015 Christus?
1422 4972 1635 5030 oportet
1662 4962 1807 5017 enim
1838 4974 1889 5017 et
1915 4966 2077 5019 disci-

504 5056 715 5123 pulum,
756 5053 801 5106 si
837 5051 965 5104 velit
1016 5053 1280 5121 magistro
1327 5053 1521 5106 similis
1555 5052 1691 5118 ﬁeri,
1736 5055 2075 5111 incessanter

506 5159 769 5213 tanquam
798 5144 849 5197 iit
878 5144 1156 5211 exemplar
1211 5152 1265 5197 ct
1318 5145 1698 5214 archetypum,
1755 5155 1866 5201 tota
1917 5163 2073 5202 mett-

501 5240 571 5291 tis
628 5238 676 5291 \‘i
738 5236 939 5291 intueri
970 5236 1022 5289 in
1091 5234 1441 5305 praeceptmis
1492 5240 1653 5288 vitam
1682 5244 1738 5291 et
1797 5248 2071 5303 actus,et

499 5329 741 5398 quotidie
770 5328 1107 5383 eumimitari
1133 5337 1361 5380 tentate.
1389 5325 1593 5379 Deinde
1616 5348 1630 5383 :
1657 5327 1729 5383 De
1750 5330 1869 5399 ipso
1892 5333 2072 5389 Domi—

506 5441 573 5477 no
601 5429 790 5475 nostro
820 5416 949 5473 Jesu
980 5420 1196 5475 Christo
1217 5419 1480 5486 scriptum
1510 5430 1591 5473 est
1613 5423 1744 5476 illud
1775 5439 1790 5477 :
1827 5425 1924 5479 «Et
1952 5438 2068 5481 erat

496 5514 749 5585 subditus
774 5513 916 5586 patri
941 5524 992 5567 et
1014 5511 1171 5566 matri
1193 5528 1302 5566 sua:
1322 5511 1386 5565 ".
1418 5532 1435 5564 ι
1464 5512 1526 5567 Et
1550 5513 1661 5583 ipse
1679 5515 1928 5572 Salvator
1952 5523 2024 5573 ait
2047 5537 2063 5575 :

582 5695 631 5730 ³³
670 5693 903 5768 Philipp.
930 5709 987 5763 ll,
1020 5697 1072 5766 8,
1099 5697 1151 5754 9.
1259 5694 1452 5755 “Luc.
1485 5713 1544 5768 tt,
1578 5697 1665 5757 5L

2163 4694 2234 4745 τὰ
2268 4693 2427 4761 ἑξῆς·
2468 4693 2551 4756 τίς
2588 4692 2695 4762 ἄρα
2736 4692 2918 4744 λοιπὸν
2974 4692 3002 4743 ὁ
3053 4690 3302 4752 αὐθαδῶς
3338 4690 3735 4759 προσδοκήσας.

2167 4786 2251 4837 ἵνα
2291 4787 2364 4856 μὴ
2397 4785 2643 4852 λέγωμεν
2660 4784 2906 4853 ἀμαθῶς,
2940 4784 3015 4847 ὡς
3046 4782 3309 4854 ἐπιτυχὴς
3346 4782 3623 4849 ἕσταιτῆς
3645 4778 3735 4832 τοῦ

2166 4876 2370 4944 Ιῳρίον
2407 4876 2500 4928 καὶ
2517 4876 2651 4927 Θεοῦ
2686 4876 2777 4927 καὶ
2804 4876 3055 4945 Σωτῆρος
3093 4875 3270 4945 Ἰησοῦ
3299 4874 3541 4945 Χριστοῦ
3558 4873 3735 4941 δόξης.

2164 4966 2254 5015 καὶ
2294 4964 2402 5015 τῶν
2450 4965 2730 5030 πατρικῶν
2780 4965 3054 5025 ἐπάθλων,
3092 4964 3167 5035 μὴ
3212 4964 3310 5035 τὴν
3349 4965 3523 5034 αὐτὴν
3555 4963 3739 5034 τρὲϐον

2165 5054 2399 5124 βαδίζειν
2444 5056 2746 5125 ᾑρημένος,
2789 5054 2867 5125 τῷ
2920 5054 3207 5126 καθηγητῇ
3273 5056 3366 5108 καὶ
3430 5050 3737 5117 διδασκάλῳ

2164 5145 2321 5213 ἡμῶν
2366 5144 2540 5213 Ἰησοῦ
2566 5146 2814 5215 Χριστῷς
2850 5148 2942 5197 Δεῖ
2969 5145 3084 5215 γὰρ,
3112 5146 3204 5197 καὶ
3230 5146 3321 5197 τὸν
3363 5142 3633 5213 μαθητὴν,
3662 5142 3737 5193 εἶ·-

2165 5250 2270 5305 περ
2302 5236 2451 5304 μέλοι
2482 5233 2659 5307 τούτῳ
2690 5236 2965 5304 γενέσθαι,
2999 5237 3074 5300 ὡς
3107 5236 3198 5289 τὸν
3232 5235 3581 5297 διδάσκαλον,
3605 5231 3735 5286 ὡσεὶ

2159 5324 2272 5399 [Ion
2315 5327 2389 5391 ὡς
2443 5328 2545 5400 εἰς]
2596 5330 2909 5398 ἐκμαγεῖον,
2944 5330 3035 5381 καὶ
3081 5329 3387 5399 ἀρχέτυπον
3421 5325 3733 5386 κάλλιστον,

2160 5418 2333 5484 οὕτως
2362 5418 2467 5491 ὅλῳ
2499 5421 2649 5490 μένει
2677 5421 2875 5491 ψυχῆς,
2907 5422 3116 5492 ἁφορᾷν
3165 5418 3419 5482 ἀκλινῶς,
3464 5417 3605 5487 πρὸς
3642 5413 3733 5468 τδν

2154 5512 2247 5564 τοῦ
2273 5513 2618 5582 παιῐοτρὲεου
2648 5513 2782 5582 βὶῡν,
2810 5515 2901 5569 καὶ
2930 5516 2995 5569 τὰ
3015 5515 3422 5589 ἐπιτηδεύματα
3442 5534 3457 5549 °
3486 5519 3583 5573 καὶ
3605 5514 3729 5577 τοῦ·
