4080 6206
453 288 566 353 εδδ

1301 290 1643 353 CALLIS’I‘I
1678 291 1778 355 ET
1808 292 2112 370 manu
2155 244 2852 362 XANTHDPULORUM

3621 303 3734 371 £56

371 388 379 396 ’
462 412 691 460 servans
719 409 978 472 tanquam
1019 397 1262 470 regulam
1290 410 1344 457 et
1389 412 1652 458 stateram
1681 401 2042 470 inlallibilem,

2146 405 2227 448 σοι
2258 409 2271 424 ·
2295 395 2331 449 ἀ
2372 397 2466 448 καὶ
2500 399 2747 468 κατέχων
2772 399 2848 463 ὡς
2877 401 3078 456 κανόνα
3120 405 3213 460 καὶ
3248 398 3498 481 στάθμην
3527 411 3728 471 ἀπταιο

461 495 758 566 purissime
785 493 967 548 vivere
1001 490 1232 560 poteris.
1263 489 1331 547 Et
1362 491 1480 547 haec
1507 492 1747 548 dicimus
1772 508 1788 549 :
1817 492 2048 565 Oportet

461 602 587 641 eum
620 601 712 656 qut
742 599 868 640 vere
905 585 1184 653 subjectus
1226 594 1344 650 est,
1386 586 1484 640 has
1524 586 1770 656 quinque
1818 588 2047 640 virtutes

463 679 768 732 necessarie
787 679 1042 747 prosequi
1065 694 1078 730 :
1113 679 1180 733 Et
1216 680 1400 748 primo
1423 679 1604 743 Iidem,
1631 695 1821 748 puram
1847 692 2047 748 nempe

454 769 617 822 {idem
637 769 688 821 in
705 784 829 820 eutn
849 785 876 819 a
897 783 1006 837 quo
1029 767 1282 836 dirigitur
1297 777 1350 821 et
1373 767 1642 822 sinceram
1667 770 1888 835 habere,
1911 771 2045 823 adeo

462 873 521 914 ut
539 861 729 915 credat
750 863 928 929 ipsutn
952 861 1240 915 'Christum
1263 876 1322 914 se
1342 861 1606 928 inspicere
1623 862 1782 930 eique
1800 859 2042 921 obedire,

461 965 520 1009 ut
554 956 631 1007 ait
663 951 928 1006 Dominus
954 950 1148 1006 Jesus:
1181 970 1199 1003 ι
1225 951 1328 1016 Qui
1361 967 1455 1005 VUS
1485 952 1656 1018 audit,
1693 967 1777 1005 me
1795 953 1964 1013 audit,
1991 960 2046 1003 et

458 1049 551 1116 qui
575 1061 669 1099 ros
686 1045 1004 1110 contemnit,
1029 1059 1113 1097 tne
1144 1042 1466 1108 contemnit,
1493 1053 1548 1097 et
1566 1046 1655 1112 qui
1688 1057 1772 1097 tne
1800 1052 2045 1097 Content-

460 1147 560 1201 ml,
597 1135 900 1190 contemnit
924 1145 1129 1188 etcum
1161 1135 1253 1202 qui
1278 1134 1428 1186 misit
1459 1150 1562 1186 me.
1586 1132 1649 1186 Et
1674 1133 2044 1202 quodcunque

459 1245 566 1282 non
597 1245 661 1282 ex
689 1230 792 1286 tide
831 1239 934 1292 est,
964 1228 1119 1297 juxta
1148 1240 1271 1279 eum
1298 1229 1390 1295 qui
1419 1241 1448 1279 a
1474 1224 1714 1280 Clitnace
1741 1240 2038 1293 cognomen

465 1327 649 1376 habet.
685 1330 973 1390 peceatum
1035 1327 1194 1385 est,»
1265 1320 1530 1382 secundo,
1590 1317 1897 1384 veritatem,
1951 1329 2042 1370 ve-

462 1429 639 1468 racem
673 1428 796 1465 eum
823 1427 945 1465 esse
976 1419 1190 1479 oportet
1214 1420 1265 1462 et
1293 1424 1456 1479 opere
1487 1418 1540 1461 et.
1571 1410 1752 1474 verbo,
1786 1418 1841 1462 et
1875 1422 2039 1462 aecu-

462 1517 578 1559 rata
611 1503 1001 1574 cogitationum
1046 1501 1413 1555 cOttiessioue.
1445 1517 1462 1551 ι
1489 1499 1708 1553 Initium
1747 1499 1894 1552 enim
1922 1513 2038 1552 ser-

463 1613 686 1650 n.onum
722 1607 939 1648 tuorum
973 1603 1060 1648 est
1088 1596 1311 1658 veritas,
1350 1602 1407 1646 ut
1435 1592 1698 1658 scriptum
1726 1599 1810 1644 est
1835 1591 1932 1646 ".r
1969 1587 2034 1642 Et

462 1688 746 1743 veritatem
780 1683 1373 1754 requiritDotninus“.
1400 1681 1465 1736 Et
1494 1682 1747 1736 Christus
1769 1685 1847 1734 ait
1875 1697 1894 1731 ι
1923 1679 2034 1746 Ego

462 1799 582 1838 sum
609 1783 810 1836 veritas
837 1780 906 1833 ³⁸.
933 1777 1030 1832 alit
1068 1791 1201 1832 sane
1250 1777 1362 1846 ipse
1389 1785 1610 1829 vocatus
1651 1783 1733 1828 est
1763 1773 2036 1844 ipsissima
2071 1755 2111 1810 Β

461 1878 687 1930 veritas.
715 1871 895 1928 Tertia
916 1881 998 1926 est
1036 1869 1311 1941 prepriam
1347 1868 1676 1922 voluntatem
1723 1883 1832 1921 non
1865 1867 2041 1935 sequi.

460 1970 858 2025 Detrimentum
902 1966 1046 2021 enim
1093 1972 1202 2030 est,
1241 1964 1443 2032 inquit,
1482 1962 1727 2030 subjecto
1771 1961 2042 2030 propriam

460 2061 646 2115 facere
673 2059 1034 2123 voluntatem,
1057 2057 1152 2110 sed
1181 2070 1398 2124 semper
1423 2070 1543 2107 eam
1572 2055 2047 2108 libenter-submit-

463 2160 577 2204 tere
616 2149 809 2214 debes,
863 2161 1042 2216 neque
1075 2155 1127 2200 te
1173 2146 1293 2213 rogi
1324 2161 1354 2199 a
1387 2145 1610 2214 praprio
1639 2143 1800 2197 Patre
1843 2147 2043 2199 sinere.

469 2241 678 2308 Quarta
709 2251 792 2294 est
820 2254 926 2293 non
951 2237 1331 2293 contradicere
1359 2251 1536 2305 neque
1565 2237 1793 2289 omnino
1817 2247 2048 2291 conten-

468 2336 602 2388 dere
634 2332 900 2402 quoniam
929 2332 1292 2385 contradictio
1324 2338 1379 2383 et
1412 2330 1692 2384 contentio
1734 2329 1944 2397 piorum
1968 2331 2050 2384 vio

465 2440 652 2481 rorum
688 2439 798 2478 non
825 2421 980 2477 sunt.
1039 2421 1106 2477 Et
1159 2422 1355 2476 scribit
1399 2423 1731 2475 sacerrimus
1791 2421 2044 2478 Paulus:

468 2537 486 2569 r
519 2518 573 2570 Si
602 2519 726 2586 quis
756 2527 936 2570 autem
965 2512 1300 2568 contendere
1326 2512 1460 2578 vult,
1495 2527 1596 2566 nos
1628 2513 1789 2566 taletn
1813 2529 2047 2568 consue-

467 2611 708 2664 tudinem
733 2625 841 2663 non
875 2609 1167 2670 habemus,
1196 2619 1373 2676 neque
1413 2605 1673 2660 Ecclesia:
1715 2605 1809 2663 Dei
1834 2606 1901 2661 “.
1935 2625 1954 2658 ι
1989 2605 2046 2660 Si

465 2717 599 2757 vero
628 2703 704 2756 ita
733 2700 1055 2769 simpliciter
1080 2706 1134 2753 et
1166 2698 1420 2752 omnibus
1447 2697 1780 2752 Christianis
1814 2698 2046 2752 interdi-

463 2795 635 2858 citur,
665 2794 838 2846 multo
870 2791 1046 2860 magis
1075 2790 1383 2851 monachis,
1419 2795 1513 2857 qui
1550 2789 1853 2843 secundum
1881 2788 2041 2843 Chrio

464 2898 611 2941 stum
682 2884 986 2954 promisere
1043 2897 1102 2936 se
1157 2891 1414 2935 accurate
1474 2882 1846 2950 subjiciendos
1901 2895 2046 2936 esse.
2098 2894 2106 2903 °

461 2973 1422 3034 Contradictioautetnetaetnulatio
1481 2985 1663 3027 ortum
1722 2973 1922 3028 habent
1977 2989 2045 3029 ex

463 3083 646 3129 mente
667 3072 924 3143 superbia
965 3079 1018 3123 et
1051 3069 1347 3123 ditiideutia
1371 3067 1597 3135 referta,
1627 3077 1684 3122 ut
1715 3069 1920 3124 dictum
1939 3079 2043 3126 cst.
2073 3097 2116 3157 ε

470 3167 775 3222 Monachus
802 3151 896 3234 qui
929 3163 1202 3232 superbus
1244 3170 1351 3226 est,
1377 3163 1642 3216 violenter
1679 3163 2041 3230 contradicit;

467 3257 930 3328 quemadmodunt
971 3263 1025 3308 et
1043 3263 1233 3308 contra
1244 3255 1384 3308 rium
1404 3253 1617 3308 scilicet
1637 3270 1745 3308 non
1769 3256 2046 3310 contradi-

461 3366 586 3405 cere
597 3358 651 3404 et
668 3363 773 3402 non
794 3347 1149 3410 contendere,
1165 3357 1342 3400 ortum
1365 3347 1525 3417 habet
1539 3362 1602 3400 ex
1625 3347 1832 3402 tideliet
1851 3347 2044 3403 humili

393 3421 402 3426 ’
461 3443 846 3512 dispositione.
872 3440 939 3494 Et
969 3441 1216 3509 quintam
1259 3455 1384 3493 eum
1434 3439 1694 3494 virtutem
1752 3441 2046 3497 observare

464 3544 700 3606 Oportet,
731 3548 925 3604 nempe
953 3541 1270 3588 accuratam
1305 3543 1359 3588 et
1395 3533 1671 3588 sinceram
1725 3536 2042 3604 praeceptori

459 3628 859 3683 confessionem
887 3643 902 3692 ;
933 3636 994 3680 ut
1021 3633 1077 3679 et
1109 3625 1162 3678 in
1195 3635 1384 3679 nostra
1413 3625 1752 3692 detonsione,
1785 3635 2043 3696 tanquam

460 3719 508 3773 si
532 3728 656 3773 ante
687 3718 1096 3773 formidandum
1129 3716 1366 3771 tribunal
1406 3717 1611 3772 Christi
1673 3719 2043 3784 stetissemus,

459 3825 648 3864 coram
686 3809 801 3864 Deo
830 3819 886 3864 et
929 3809 1138 3864 sanctis
1171 3808 1383 3879 angelis
1440 3810 1815 3878 promisimus,
1854 3825 1954 3866 nos
1994 3819 2049 3867 et

460 3901 1212 3957 initiumetlinernhabituros
1235 3917 1359 3955 cum
1382 3901 1639 3956 omnibus
1690 3903 1893 3958 nostris
1944 3903 2050 3957 Do-

464 3995 614 4048 mino
651 3993 938 4064 promissis
959 4001 1011 4046 et
1059 3992 1420 4058 testamentis,
1471 3982 1894 4049 etcorrfessuros
1925 4009 2050 4051 esse

459 4087 642 4142 cordis
660 4085 829 4140 nostri
857 4093 1090 4139 secreta.
1132 4083 1342 4138 Dictum
1367 4094 1451 4139 est
1470 4084 1612 4140 enim
1642 4100 1672 4140 a
1704 4085 2050 4143 sanctissimo

461 4178 700 4234 Dat-ide:
730 4196 748 4232 ο
777 4176 918 4246 Dixi,
961 4177 1265 4232 conlitebor
1295 4177 1582 4232 adversum
1609 4194 1693 4234 me
1711 4179 2048 4250 iniquitatem

459 4269 784 4337 Domino,et
799 4279 854 4325 tu
881 4268 1136 4344 remisisti
1155 4269 1231 4321 “r
1257 4279 1308 4325 et
1329 4278 1545 4325 czetera.
1567 4270 1634 4326 Et
1654 4271 1722 4325 ab
1737 4271 1924 4326 eodem
1941 4272 2052 4330 Cli-

459 4379 642 4418 mace:
666 4362 840 4433 Plaga:
859 4362 904 4416 si
930 4361 1288 4432 triumphant,
1307 4378 1414 4418 non
1447 4364 1513 4418 ad
1544 4363 1696 4434 pejus
1715 4365 2036 4434 proﬁciunt;

459 4455 553 4509 sed
583 4453 944 4508 curabuntur.

530 4696 668 4750 Eum
689 4697 1083 4768 quintuplicem
1133 4697 1399 4754 virtutum
1422 4714 1558 4769 quas
1576 4700 1916 4758 ostendimus
1939 4717 2039 4757 nu.

460 4805 671 4843 merutn
693 4789 1006 4859 quicunque
1026 4791 1302 4861 sapienter
1323 4801 1375 4845 et
1391 4793 1649 4848 ardenter
1696 4796 2037 4860 custodierit,

459 4879 1056 4936 indubitantersciatse
1092 4881 1439 4951 adepturum,
1493 4893 1748 4953 tanquam
1792 4885 2043 4942 datisar-

461 4971 892 5042 rhis,jUstorutn
917 4972 1330 5029 beatitudinem.
1353 4976 1496 5029 Etea
1517 4977 1732 5046 quidem
1771 4988 1901 5032 sunt
1939 4979 2038 5034 ltu-

452 5065 545 5130 jus
564 5063 870 5134 magnifica:
901 5065 1261 5133 subjectiouis
1282 5068 1524 5136 propria,
1549 5077 1603 5122 et
1631 5069 1788 5138 quasi
1811 5071 1966 5126 radix
1987 5081 2041 5127 et

459 5155 898 5208 (stridatuentum.
921 5155 1060 5210 Audi
1081 5169 1209 5210 vero
1232 5165 1286 5209 et
1303 5159 1496 5225 quales
1515 5157 1626 5209 sint
1649 5159 1804 5223 rami,
1831 5167 1888 5210 et
1921 5159 2040 5213 fru-

453 5259 580 5301 ctus
604 5255 656 5300 et
685 5261 972 5303 cacumen.

525 5336 602 5393 Ea
625 5339 984 5408 subjectione,
1003 5338 1186 5408 inquit
1204 5353 1424 5393 rursum
1446 5338 1586 5394 idem
1607 5355 1634 5394 a
1654 5338 1914 5408 Climace,
1936 5341 2035 5397 hu-

455 5433 697 5495 militas;
737 5445 802 5484 ea
865 5429 1177 5486 humilitate
1223 5432 1527 5497 discretio;
1577 5446 1644 5486 ex
1708 5434 2040 5490 discretione

451 5523 962 5592 |.etspicacttas;ex
979 5536 1041 5577 ea
1066 5533 1246 5576 autem
1273 5523 1522 5592 prazvisio
1541 5539 1558 5589 ;
1579 5525 1720 5594 quod
1747 5525 1917 5581 solius
1944 5526 2038 5583 Dei

449 5628 586 5681 opus
609 5622 716 5680 est,
745 5625 800 5670 et
824 5613 892 5668 iis
923 5615 1018 5684 qui
1049 5613 1280 5670 feliciter
1308 5615 1609 5670 secundum
1645 5616 1812 5671 Deum
1842 5627 2032 5688 agunt,

512 5721 560 5810 ξι
591 5721 941 5799 Psal.cxvnt,
976 5727 1098 5784 £60.
1180 5727 1245 5815 l"
1290 5725 1440 5783 Psal.
1483 5743 1616 5797 xxx,
1655 5727 1745 5784 26.
1775 5729 1818 5761 ³³
1853 5727 2016 5789 Joan.
2061 5781 2062 5785 η

2151 5781 2167 5806 ,
2213 5739 2266 5793 6.
2366 5738 2455 5794 “1
2489 5741 2614 5823 Cor.
2659 5759 2737 5814 xi,
2779 5747 2865 5805 ιϐ.
2943 5753 2986 5786 ³⁸
3029 5753 3170 5812 Psal.
3225 5776 3374 5834 xxxr,
3438 5764 3474 5823 5

2069 4435 2116 4493 D

2145 503 2292 553 στον,
2347 488 2560 558 εὐαγῶς
2615 492 2715 563 ἔσῃ
2766 492 3216 565 πολιτευόμενος⁹
3266 500 3363 554 καὶ
3405 501 3468 573 δὴ
3493 503 3730 576 λέγομεν

2145 580 2269 633 τάδε
2288 593 2304 608 ⁸
2333 582 2440 651 χρὴ
2475 581 2566 636 τὸν
2587 583 2800 654 ἀληθῶς
2826 585 3088 657 ὑπήκοον,
3131 590 3207 654 ὡς
3259 593 3392 662 ἡμῖν
3417 596 3586 662 δοκεῖ,
3618 616 3729 668 φυ-

2143 673 2360 728 λάττειν
2390 674 2490 738 τάς
2521 676 2682 729 πέντε
2712 679 2918 741 ταύτας
2941 682 3141 752 ἀρετὰς
3168 686 3306 738 κατὰ
3345 689 3524 741 πᾶσαν
3554 691 3720 761 ἀνάγδ

2145 781 2281 834 κηνο
2319 767 2414 830 καὶ
2467 767 2690 838 πρώτην
2727 769 2826 839 τὴν
2885 773 3106 826 πίστινο
3140 777 3308 844 ἤγουν
3355 780 3503 849 ἔχειν
3557 787 3730 839 αὑτὸν

2146 859 2393 928 καθαρὰν
2416 861 2507 914 καὶ
2533 861 2720 915 ἄδολον
2747 864 2950 927 πίστιν,
2985 867 3123 937 πρὸς
3151 869 3243 922 τὸν
3275 872 3470 926 ἐαυτοῦ
3504 876 3732 932 ἐπιστά-

2146 968 2272 1020 την·
2300 952 2392 1004 ἐπὶ
2421 952 2694 1016 τοσοῦτον,
2726 955 2799 1017 ὡς
2817 955 2992 1009 δοκεῖν
3021 957 3129 1029 [ἴσ.
3162 963 3288 1017 add.
3317 964 3420 1036 εἰς]
3452 968 3617 1020 αὑτὸν
3633 970 3726 1023 τὸν

2146 1043 2379 1112 Χριστὸν
2398 1044 2640 1112 βλέπειν,
2682 1047 2777 1098 καὶ
2805 1048 3226 1115 ὑποτάσσεσθαι,
3256 1054 3330 1118 ῶς
3362 1073 3528 1127 φησιν
3551 1062 3579 1112 6
3614 1061 3730 1114 Κύο

2148 1152 2261 1206 ριος
2296 1136 2534 1205 Ἰησοῦς·
2575 1157 2594 1190 ι
2632 1138 2689 1191 Ὀ
2712 1139 2926 1194 ἀκούων
2955 1143 3130 1212 ὑμῶν,
3161 1147 3294 1215 ἐμοῦ
3337 1150 3556 1204 ἀκούειο
3583 1156 3675 1206 καὶ
3698 1157 3729 1208 6

2145 1230 2352 1282 ἀθετῶν
2379 1230 2542 1299 ὑμᾶς,
2581 1231 2682 1302 ἐμὲ
2716 1233 2899 1286 ἀθετεῖ
2923 1252 2936 1265 ο
2969 1237 2997 1287 6
3021 1237 3075 1289 δὲ
3117 1241 3214 1308 ἐμὲ
3261 1241 3492 1306 ἀθετῶν,
3541 1244 3730 1301 ἀθετεῖ

2144 1323 2233 1374 τὸν
2268 1324 2670 1378 ἀποστείλαντά
2705 1342 2795 1395 με.
2841 1345 2858 1378 r
2899 1328 3006 1380 Καὶ
3032 1330 3139 1382 πᾶν
3164 1330 3192 1383 ὃ
3227 1331 3320 1385 τοῦ
3358 1334 3458 1404 τῆς
3508 1338 3728 1409 Κλίμα-

2146 1429 2242 1475 κος
2296 1415 2394 1468 οὑκ
2445 1417 2508 1469 ἐκ
2557 1417 2796 1480 πίστεως
2847 1419 3090 1489 ἁμαρτία
3134 1423 3269 1476 ἐστί.
3295 1426 3566 1496 Δευτέραν
3626 1431 3730 1503 τὴν

2144 1506 2405 1576 ἀλήθειαν
2430 1525 2444 1540 ο
2473 1509 2591 1578 ἦτοι
2623 1508 2908 1578 ἀληθεύειν
2941 1513 3103 1564 αὑτὸν
3134 1513 3193 1566 ἐν
3223 1515 3390 1587 ἔργῳ,
3432 1522 3529 1573 καὶ
3554 1521 3730 1594 λόγῳ,

2144 1599 2234 1651 καὶ
2259 1601 2326 1670 τῇ
2366 1598 2473 1651 τῶν
2501 1598 2782 1671 λογισμῶν
2807 1603 3030 1672 ἀκριϐεῖ
3059 1605 3468 1680 ἐξομολογήσει.
3509 1631 3529 1664 ‹
3551 1615 3730 1688 Ἀρχὴ

2143 1691 2276 1762 γὰρ,
2328 1691 2659 1763 γέγραπται,
2709 1695 2822 1748 τῶν
2867 1695 3043 1764 λόγων
3098 1712 3220 1764 σου,
3245 1701 3510 1773 ἀλήθειαο
3553 1725 3572 1759 ι
3629 1711 3732 1762 καὶ

2142 1780 2399 1852 ἀληθείας
2439 1779 2658 1853 ἐκζητεῖ
2683 1785 2908 1858 Κύριος.
2934 1789 3044 1842 Καὶ
3089 1787 3118 1843 6
3162 1791 3396 1864 Χριστὸς
3435 1796 3491 1849 δέ
3518 1811 3683 1868 φησιν
3708 1815 3734 1834 '

2151 1892 2168 1924 r
2210 1872 2350 1941 Ἐγὼ
2383 1874 2498 1944 εἰμι
2528 1876 2561 1944 η
2589 1875 2848 1945 ἀλήθειαν
2900 1896 2920 1930 ι
2958 1881 3052 1933 καὶ
3109 1881 3173 1951 δὴ
3227 1884 3323 1936 καὶ
3363 1886 3731 1958 αὑτοαλήθεια

2144 1961 2428 2031 κέκληται.
2490 1963 2693 2035 Τρίτην
2723 1966 2784 2018 τὸ
2823 1967 2898 2038 μὴ
2949 1973 3122 2024 ποιεῖν
3149 1972 3210 2024 τὸ
3257 1975 3457 2028 οἰκεῖον
3486 1976 3733 2048 θέλημα.

2141 2053 2324 2122 Ζημία
2345 2053 2474 2125 γὰρ,
2504 2057 2690 2127 φησὶν,
2717 2057 2965 2130 ὑπηκόῳ,
2984 2060 3042 2113 τὸ
3061 2066 3233 2115 ποιεῖν
3257 2065 3317 2117 τὸ
3339 2066 3467 2120 ίδιον
3487 2067 3728 2140 θέλημαο

2141 2146 2257 2199 ἀλλ’
2285 2146 2372 2199 ἀεὶ
2418 2147 2640 2201 κόπτειν
2671 2149 2801 2202 αὑτὸ
2851 2150 3091 2205 ἐθελοντί
3112 2171 3128 2186 ο
3161 2156 3405 2226 δηλονότι
3450 2159 3525 2230 μὴ
3549 2163 3728 2230 ἀναγέ

2142 2236 2439 2306 καζόμενον
2473 2238 2578 2292 ὑπό
2606 2241 2700 2295 τοῦ
2753 2241 2886 2296 ίδίου
2927 2245 3162 2315 Πατρός.
3195 2247 3484 2322 Τετάρτην
3531 2254 3593 2306 τὸ
3646 2257 3728 2328 μὴ

2140 2330 2462 2398 ἀντιλέγειν,
2491 2334 2584 2386 καὶ
2612 2334 2938 2402 φιλονεικεῖν
2981 2338 3278 2393 τοκαθόλου
3301 2358 3314 2372 ·
3352 2345 3473 2396 ἐπεὶ
3507 2347 3540 2415 ἡ
3569 2348 3728 2401 ἀντι-

2140 2420 2297 2488 λογία
2327 2423 2421 2474 καὶ
2456 2424 2489 2494 ἠ
2517 2423 2841 2492 φιλονεικία,
2871 2427 2970 2481 οὑκ
3019 2428 3134 2482 ἐστι
3167 2431 3275 2484 τῶν
3302 2435 3564 2490 εὑσεύῶν.
3612 2440 3726 2494 Καὶ

2141 2512 2344 2582 γράφει
2367 2517 2393 2567 ό
2419 2512 2711 2584 ἱερώτατος
2737 2517 2966 2582 Παῦλος·
3009 2538 3027 2571 ι
3063 2521 3124 2574 ΕΞ
3165 2520 3222 2576 δέ
3256 2541 3342 2587 τις
3386 2526 3535 2580 δοκεῖ
3569 2531 3728 2599 φιλόο

2149 2623 2332 2669 νεικος
2365 2601 2527 2672 εἶναι,
2553 2610 2715 2679 ἡμεῖς
2741 2612 2994 2682 τοιαύτην
3022 2613 3308 2686 συνήθειαν
3359 2620 3459 2672 οῦκ
3502 2621 3731 2692 ἔχομεν,

2143 2695 2267 2750 οὑτε
2292 2698 2349 2751 αἱ
2392 2699 2709 2772 Ἐκκλησίαι
2737 2702 2833 2756 τοῦ
2869 2703 3027 2760 Θεοῦ.
3068 2725 3086 2758 ›
3123 2707 3186 2760 Εἰ
3223 2708 3267 2761 δ’
3305 2709 3479 2775 οὕτως
3510 2714 3727 2782 ἁπλῶς,

2147 2791 2242 2843 καὶ
2279 2793 2430 2862 κοινῇ
2473 2793 2606 2845 πᾶσι
2633 2794 2980 2864 Χριστιανοῖς
3021 2798 3349 2868 ἀπείργεται
3380 2802 3449 2856 τὰ
3473 2805 3724 2874 τοιαῦτα,

2145 2881 2328 2952 πολλῷ
2360 2884 2563 2954 μᾶλλον
2600 2889 2896 2955 μονασταῖς
2918 2904 2932 2918 ⁸
2978 2892 3073 2944 καὶ
3107 2892 3282 2946 ταῦτα
3313 2895 3453 2948 κατὰ
3481 2897 3572 2950 τὸν
3605 2899 3726 2952 Κύ-

2147 2987 2267 3043 ριον
2315 2973 2806 3046 ἐπαγγελλομένοις
2854 2979 3261 3036 ὑποτάσσεσθαι
3335 2986 3597 3055 ἀκριϐῶς.
3648 2989 3726 3043 T6

2150 3063 2332 3134 μέντοι
2365 3065 2686 3135 ἀντιλέγειν,
2717 3071 2809 3122 καὶ
2841 3071 3186 3140 φιλονεικεῖν,
3221 3074 3332 3145 ἔχει
3364 3078 3463 3148 τὴν
3487 3076 3730 3149 ὕπαρξιν

2145 3156 2209 3208 ἐκ
2238 3155 2498 3226 γνώμης,
2544 3159 2776 3230 ἀπιστίᾳ
2823 3163 2918 3215 καὶ
2969 3163 3389 3239 ὑψηλοφροσύνη
3435 3169 3724 3240 συζώσης,

2145 3246 2221 3338 ᾡς
2247 3249 2483 3318 εἴρηται·
2501 3249 2859 3322 ’Υψηλόφρων
2887 3256 3124 3326 μοναχδς
3149 3259 3421 3329 ἀντιλέγει
3453 3265 3737 3338 σφοδρῶς,

2145 3337 2338 3410 ὥσπερ
2370 3340 2463 3393 καὶ
2487 3343 2829 3410 τούναντίον,
2852 3347 3020 3416 ἤγουν
3066 3349 3126 3401 τὸ
3150 3351 3223 3422 μὴ
3255 3337 3601 3423 ἀντιλέγειν,
3629 3360 3730 3413 καὶ

2149 3431 2224 3502 μὴ
2258 3431 2603 3501 φιλονεικεῖν,
2635 3435 2964 3507 προέρχεται
2997 3438 3062 3492 ἐκ
3095 3443 3300 3512 πιστῆς
3347 3447 3442 3499 καὶ
3467 3450 3727 3503 ταπεινό-

2147 3540 2343 3593 φρονος
2368 3522 2683 3588 διαθέσεως.
2732 3527 2840 3580 Καὶ
2878 3529 3141 3600 πέμπτην
3184 3531 3240 3584 δὲ
3278 3534 3384 3605 χρὴ
3433 3537 3728 3606 φυλάττειν

2147 3613 2336 3668 τοῦτον
2357 3616 2578 3686 ἀρετὴν,
2607 3617 2668 3669 τὸ
2700 3617 2844 3688 ἐχειν
2870 3620 3074 3692 ἀκριϐῆ
3109 3623 3205 3675 καὶ
3236 3626 3505 3698 εἰλικρινῆ
3536 3629 3728 3701 ἐξομο-

2147 3704 2368 3778 λόγησιν
2397 3707 2534 3776 πρὸς
2563 3707 2652 3761 τὸν
2675 3711 3012 3780 προεστῶτα,
3043 3714 3229 3779 καθὼς
3260 3718 3352 3770 καὶ
3393 3721 3451 3772 ἐν
3493 3723 3559 3790 τῇ
3589 3723 3726 3775 ἀποο

2147 3799 2364 3869 κάρσει,
2395 3801 2470 3864 ῶς
2494 3801 2587 3855 ἐπὶ
2615 3802 2709 3856 τοῦ
2731 3803 2962 3875 φοϐεροῦ
2995 3809 3344 3877 παρεστῶτες
3373 3811 3617 3882 βήματος
3629 3813 3728 3870 τοῦ

2149 3892 2408 3962 Χριστοῦ,
2440 3893 2676 3949 ἐνώπιον
2703 3895 2840 3949 Θεοῦ
2871 3899 2966 3951 καὶ
2999 3899 3172 3968 ἁγίων
3204 3903 3455 3971 ἀγγέλων
3484 3907 3724 3961 δεδώκα-

2153 3999 2250 4054 μεν
2281 3982 2593 4054 ὑπόσχεσιν,
2621 3987 2682 4040 τὸ
2706 3987 2852 4058 ἔχειν
2881 3991 3028 4060 ἡμᾶς
3059 3993 3256 4063 ἀρχὴν,
3285 3996 3386 4048 καὶ
3412 3995 3565 4060 τέλος
3586 3999 3724 4068 μετὰ

2149 4072 2258 4126 τῶν
2284 4073 2459 4128 ἄλλων
2482 4076 2824 4146 ἐπαγγελιῶν
2858 4083 2952 4134 καὶ
2970 4081 3253 4153 συνθηκῶν
3278 4087 3310 4154 ἡ
3323 4085 3438 4154 μῶν
3460 4086 3568 4140 τῶν
3586 4091 3724 4160 πρὸς

2150 4165 2373 4237 Κύριον,
2415 4169 2508 4223 καὶ
2546 4170 2870 4240 ἐξαγγελίαν
2898 4173 3006 4226 τῶν
3033 4175 3135 4246 τῆς
3166 4177 3399 4247 καρδίας
3433 4181 3723 4253 κρυπτῶν.

2149 4257 2376 4328 Εἴρηται
2403 4262 2498 4313 καὶ
2549 4261 2627 4332 τῷ
2687 4262 2815 4334 θείῳ
2863 4266 3059 4319 Δαϐίδο
3089 4285 3114 4320 ο
3170 4265 3337 4331 Εἶπα,
3380 4270 3729 4343 ἐξαγορεύσω

2149 4351 2270 4403 κατ’
2298 4350 2433 4420 ἐμοῦ
2461 4351 2560 4424 τὴν
2589 4354 2818 4424 ἀνομίαν
2875 4374 2978 4426 μου
3008 4358 3086 4429 τῷ
3124 4361 3314 4432 Κυρίῳ
3334 4376 3349 4392 ο
3390 4365 3484 4416 καὶ
3518 4366 3582 4418 σὺ
3616 4368 3728 4436 6:9-

2148 4444 2310 4515 ῆκας,
2340 4465 2357 4497 r
2385 4447 2502 4499 κτλ.
2535 4447 2644 4501 Καὶ
2667 4447 2744 4517 τῷ
2773 4448 2870 4518 τῆς
2895 4450 3199 4522 Κλίμακος
3219 4453 3501 4519 Μώλωπες
3525 4456 3724 4529 θριαμο

2150 4537 2458 4610 δευόμενοι,
2491 4539 2551 4592 οὑ
2584 4539 2951 4610 προκόψουσιν
2981 4544 3074 4597 ἐπὶ
3095 4544 3156 4598 τὸ
3182 4547 3387 4615 χεῖρον,
3423 4546 3537 4600 ἀλλ’
3571 4548 3726 4622 ίαθή‹

2149 4643 2352 4681 σονται.
3070 4667 3076 4671 -

2217 4721 2435 4790 Ταύτην
2457 4721 2556 4792 τὴν
2591 4723 2921 4796 πενταδικὴν
2957 4725 3066 4779 τῶν
3122 4726 3468 4798 δηλωθεισῶν
3513 4731 3727 4803 ἀρετῶν

2149 4816 2567 4888 ἀπαρίθμησιν,
2625 4821 2654 4872 6
2707 4821 2885 4889 σοφῶς
2917 4821 3008 4874 καὶ
3065 4823 3448 4895 ἐπιστημόνως
3495 4828 3728 4898 τηρῶν⁹

2149 4911 2533 4982 ἀναμφιϐόλως
2567 4915 2907 4981 γινωσκέτω,
2974 4915 3049 4978 ὡς
3095 4918 3426 4971 ἀπεντεῦθεν
3465 4923 3727 4992 ἐπιτυχῆς

2149 5003 2299 5056 ἐσται
2328 5003 2429 5072 τῆς
2454 5003 2564 5057 τῶν
2586 5005 2812 5058 δικαίων
2837 5006 2913 5068 ὡς
2950 5008 3007 5059 ὲν
3048 5008 3330 5079 ἀρραϐῶνι
3386 5010 3759 5086 μακαριότηξ

2148 5111 2260 5158 τος.
2299 5093 2406 5146 Καὶ
2433 5093 2604 5147 ταῦτα
2663 5097 2782 5163 μὲν,
2829 5097 2899 5149 τὰ
2935 5101 3036 5166 τῆς
3074 5097 3571 5168 ἀξιομνημονεύτου
3627 5105 3724 5156 ὑπο

2149 5186 2319 5255 ἀκοῆς
2339 5186 2464 5247 ίδια,
2491 5185 2588 5238 καὶ
2621 5180 2734 5239 οἷον
2763 5189 2796 5258 ἡ
2823 5187 2965 5258 ῥίζα,
3000 5187 3091 5241 καὶ
3117 5191 3144 5240 6
3179 5175 3425 5257 θεμέλιος
3447 5209 3460 5224 ο
3496 5193 3725 5250 ἄκουσον

2149 5277 2320 5331 δὲκαὶ
2346 5273 2448 5330 οἷοι
2479 5280 2528 5330 oi
2559 5277 2765 5343 κλάδοι,
2792 5279 2890 5332 καὶ
2914 5281 2942 5332 6
2965 5279 3198 5347 καρπὸς,
3227 5281 3323 5332 καὶ
3353 5283 3380 5335 6
3412 5282 3630 5352 ὄροφος.

2234 5367 2320 5436 Ἐξ
2356 5369 2621 5440 ὑπακοῆς,
2646 5371 2811 5441 φησὶν
2838 5369 2998 5434 αὖθις
3032 5373 3059 5424 6
3083 5371 3182 5441 τῆς
3206 5372 3509 5442 Κλίμακος,
3540 5375 3730 5431 ταπεία

2152 5477 2315 5524 νωσις
2334 5477 2347 5490 ·
2384 5463 2449 5514 ἐκ
2476 5462 2884 5527 ταπεινώσεως,
2907 5461 3180 5533 διάκρισις
3199 5478 3212 5491 ·
3271 5465 3336 5517 ἐκ
3373 5465 3729 5538 διακρίσεως,

2141 5549 2384 5621 διόρασις
2410 5567 2425 5582 ο
2475 5553 2538 5604 ἐκ
2585 5551 2642 5606 δὲ
2671 5553 2898 5624 ταύτης,
2939 5557 3235 5627 προόρασις
3261 5575 3276 5590 ο
3310 5559 3340 5614 ὃ
3369 5563 3533 5630 μόνον
3582 5565 3724 5636 Θεοῦ

2140 5639 2329 5711 ἐργονυ
2389 5640 2626 5704 καὶτοῖς
2685 5643 2972 5712 μακαρίως
3009 5645 3484 5720 θεουργουμένοις,
3547 5656 3724 5732 δῶρον

3438 5787 3500 5824 ο,
