4080 6206
385 322 494 391 657

1622 326 2016 392 OPUSCULA
2068 286 2454 400 ASCETICA.

3549 339 3654 404 658

376 437 721 510 δωρούμενον
751 434 881 507 παρ’
919 434 1106 502 αὑτοῦ,
1138 436 1433 509 ἐξαίρετον,
1463 439 1556 493 καὶ
1581 440 1959 514 ὑπερφυέστα-

2092 451 2263 506 Ionam
2285 458 2354 508 ab
2383 467 2451 507 ao
2477 453 2802 521 praestitum,
2821 451 3096 509 excellens
3129 461 3182 507 et
3216 452 3655 522 supernaturale.

379 547 493 584 του.
524 529 668 600 Πρὸς
696 528 761 598 δὴ
789 530 900 590 τοῖς
926 528 1257 599 εἰρημένοις,
1308 529 1449 585 ἔστω
1500 549 1584 587 σοι
1643 535 1740 590 καὶ
1800 536 1958 592 τοῦτο

379 621 539 691 δῆλον
563 637 576 650 ·
610 621 692 673 ὅτι
731 636 794 688 γε
829 620 974 672 κατὰ
1001 620 1099 690 τὴν
1119 621 1218 689 σὴν
1250 621 1635 695 ἠκριϐωμένην
1661 626 1956 698 ὑποταγὴν,

385 713 670 782 βλυςτάνει
710 711 807 764 καὶ
837 711 894 764 ἐν
928 713 1011 762 σοὶ
1049 712 1083 782 ἡ
1123 713 1484 778 ταπείνωσις·
1521 716 1614 769 καὶ
1639 715 1792 781 αὖθις
1823 719 1964 772 κατά

385 808 483 872 τὴν
517 804 846 856 ταπείνωσιν
878 803 911 872 ὴ
941 803 1216 872 διάκρισις
1282 805 1545 867 ὡσαύτως
1577 809 1671 861 καὶ
1697 809 1965 880 καθ’ἐξῆς

339 961 345 966 _
387 896 442 946 ai
488 892 696 950 λοιπαί.
731 894 842 946 Καὶ
879 893 1150 962 ἀγωνίζου
1177 934 1192 957 ,
1223 897 1323 966 ὅση
1369 913 1452 950 σοι
1482 897 1732 970 δύναμις,
1766 902 1967 955 ἀπταί-

348 977 530 1046 “atto;
588 985 687 1052 τὴν
741 984 840 1052 τῆς
895 983 1148 1052 ὑπακοῆς
1189 986 1332 1039 θέειν
1370 988 1620 1058 πορείαν,
1664 989 1820 1044 Οὕτω
1861 995 1968 1064 γὰρ

389 1076 486 1128 καὶ
519 1073 626 1126 τῶν
652 1074 841 1143 πρόσω
872 1075 1262 1143 ἀνεπισφαλῶς
1289 1077 1550 1151 ἐπιϐήσῃ.
1594 1080 1654 1133 Ei
1683 1081 1741 1134 δέ
1776 1099 1892 1146 πως
1912 1085 1968 1136 ἐν

390 1169 457 1235 τῇ
483 1167 582 1235 τῆς
617 1167 896 1235 ὑποταγῆς
923 1167 1254 1231 ὑποσκάζεις
1288 1169 1482 1241 νύσσῃ,
1528 1171 1640 1226 ἴσθι
1671 1173 1746 1237 ὡς
1777 1175 1875 1228 οὑκ
1906 1175 1972 1229 ἂν

397 1258 580 1322 καλῶς
607 1260 865 1327 περανείς
895 1257 987 1310 τὸν
1027 1259 1308 1313 ἐπίλοιπον
1339 1261 1555 1316 δίαυλον
1602 1265 1700 1331 τῆς
1749 1283 1967 1336 προκειο

399 1353 567 1422 μένης
604 1351 881 1421 βαλϐῖδοςο
907 1353 1005 1422 τὴν
1032 1353 1174 1406 κατὰ
1200 1355 1434 1425 Χριστόν
1468 1374 1648 1425 φαμεν
1672 1358 1968 1413 πολιτείαν·

396 1442 521 1496 οὔτε
559 1443 666 1513 μὴν
697 1444 1088 1519 στεφανωθήσῃ
1121 1449 1186 1516 τῇ
1221 1449 1333 1510 τοῖς
1381 1453 1628 1519 νικηταῖς
1655 1451 1974 1524 δωρουμένη

397 1535 583 1606 ταινίᾳ
607 1551 622 1564 ·
658 1535 932 1604 μέντοιγε,
968 1536 1063 1588 καὶ
1081 1531 1175 1590 οἷά
1197 1555 1280 1602 τις
1329 1538 1524 1609 ὑδηγὸς
1553 1541 1585 1609 ή
1611 1542 1847 1611 ὑπακοὴ,
1879 1544 1975 1596 καὶ

400 1624 436 1680 ἃ
457 1625 662 1696 ταύτης
687 1625 924 1697 πρόσθεν
947 1627 1174 1697 εἴπομεν
1201 1629 1328 1695 ἴδια,
1355 1629 1496 1685 ἔστω
1519 1649 1620 1696 σοι,
1641 1633 1892 1704 καθάπερ
1914 1633 1978 1687 τὸ

405 1715 554 1784 παρά
601 1718 715 1778 τοῖς
763 1720 1062 1784 ναυτικοῖς,
1091 1719 1534 1791 διοπτευόμενον,
1572 1725 1710 1794 πρὸς
1739 1723 1838 1795 τὴν
1880 1725 1977 1778 τοῦ

405 1807 679 1872 ἀπλανοῦς
714 1810 945 1880 τήρησιν
968 1826 982 1839 ο
1024 1812 1091 1863 ἵν’
1119 1813 1358 1877 ἀκλινῶς
1385 1813 1520 1884 πρὸς
1554 1815 1723 1886 αὑτὴν
1738 1817 1979 1888 ἀφορῶν,

407 1900 782 1971 ὑπερπλεῦσαι
811 1901 1044 1973 δυνηθῇς
1074 1903 1135 1956 τὸ
1162 1904 1270 1958 τῶν
1295 1907 1507 1974 ἀρετῶν
1536 1908 1678 1977 μέγα
1708 1909 1942 1978 πέλαγος
1961 1925 1976 1942 ⁸

409 1992 655 2044 καὶοῦτω
674 1990 805 2062 πρὸς
825 1993 992 2062 ὅρμον
1017 1995 1267 2064 ὁρμήσῃς
1291 1993 1402 2067 [Ion
1431 1997 1686 2072 ὁρμίσῃς]
1728 1999 1817 2052 τὸν
1847 1999 1986 2054 ἀκύ-

413 2101 614 2154 μαντον
635 2085 729 2154 τῆς
756 2085 1026 2148 ἀπαθείας
1049 2104 1060 2116 ·
1093 2085 1158 2139 ἂν
1187 2087 1244 2140 δὲ
1266 2088 1357 2141 καὶ
1389 2086 1524 2160 ζάλη
1559 2107 1664 2155 τις,
1700 2093 1794 2146 καὶ
1827 2093 1986 2156 σάλος

412 2177 616 2250 ἐπέλθῃ
636 2195 736 2242 σοι,
753 2180 846 2230 καὶ
867 2178 1025 2230 τοῦτο
1049 2178 1232 2232 ἔσεται
1259 2180 1410 2250 παρά
1433 2183 1499 2252 τῇ
1525 2184 1588 2252 σῇ
1609 2183 1854 2255 ὑποταγῇ
1870 2183 1982 2256 [Ion

414 2269 714 2342 παρακοῇι.
748 2270 850 2323 Τὸν
875 2270 984 2341 γὰρ
1005 2271 1180 2341 ἀληθῆ
1208 2272 1448 2342 ὑπήκοον
1464 2275 1583 2328 οὐδὲ
1622 2277 1782 2340 αὐτὸς
1815 2279 1843 2330 ὁ
1870 2279 1988 2333 διά-

413 2364 589 2426 ϐολος,
621 2363 763 2441 κατὰ
793 2365 917 2427 τοὺς
956 2365 1224 2435 Πατέρας,
1265 2365 1330 2418 ἄν
1351 2384 1402 2419 τι
1434 2367 1634 2438 βλάψαι
1669 2369 1985 2440 δεδύνηται·

417 2457 503 2508 ἵνα
534 2455 589 2508 δέ
655 2473 736 2508 σοι
773 2456 868 2508 καὶ
916 2455 975 2508 τὸ
1019 2456 1116 2526 τῆς
1148 2458 1496 2526 παναγάστου
1539 2461 1786 2533 ὑπακοῆς
1809 2463 1990 2533 τίμιον

417 2545 571 2614 ὕψος,
597 2545 780 2616 ἡλίκον
808 2545 945 2609 ἐστὶ,
977 2546 1046 2599 δι’
1093 2546 1274 2616 ὀλίγου
1321 2549 1698 2620 ἐπιδείξωμεν,
1735 2554 1864 2623 μιᾶς
1909 2551 1992 2606 ἔτι

416 2640 666 2709 Χρήσεως
697 2637 850 2706 ἁγίου
880 2637 1095 2709 Harpe;
1116 2638 1696 2713 διαμνημονεύσωμεν.

496 2747 653 2814 Λέγει
684 2749 974 2820 τοιγαροῦν
993 2747 1150 2817 αὖθις
1177 2756 1206 2808 ὁ
1240 2757 1592 2825 φαεινότατος
1622 2759 1881 2836 λαμπτὴρ
1896 2767 1994 2836 τῆς

422 2837 566 2895 κατὰ
588 2840 822 2909 Χριστὸν
845 2842 1268 2909 πολιτείαςμιαὶ.
1307 2848 1425 2911 νέος
1472 2850 1736 2924 Βεσελεὴλ
1776 2857 1874 2926 τῆς
1901 2858 1995 2911 οὑ-

422 2930 610 3022 ρανίου
626 2932 902 3001 Κλίμακος
925 2951 939 2969 '
963 2935 1166 2990 Ὀπλον
1197 2939 1297 3008 μὲν
1322 2943 1369 2993 oi
1395 2941 1654 3011 Πατέρες,
1684 2946 1783 3018 τὴν
1806 2947 1994 3022 ψαλμ-

419 3021 621 3090 ῳδίαν·
647 3023 745 3093 τὴν
769 3023 826 3075 δὲ
856 3027 1184 3096 προσευχὴν,
1252 3032 1431 3101 τεῖχος
1464 3049 1478 3063 ⁸
1535 3035 1772 3108 λουτῆρα
1808 3040 1886 3106 δὲ,
1924 3021 1996 3096 τὸ

2064 542 2267 599 Praeter
2295 559 2358 599 ea
2391 559 2514 613 quae
2531 545 2677 600 dicta
2700 552 2850 610 sunt,
2873 554 2927 600 et
2954 545 3056 600 bne
3079 543 3170 599 tibi
3192 543 3262 598 sit
3285 551 3474 598 notum
3499 558 3514 596 :
3541 541 3648 596 Pro

2065 645 2169 692 tute
2200 638 2560 706 sulijeetionis
2588 639 2780 708 gradu,
2808 638 3138 707 germinabit
3163 637 3216 692 in
3241 645 3294 692 te
3321 634 3600 691 humilitas
3634 652 3649 700 ;

2066 738 2121 784 et
2153 745 2372 784 rursum
2399 744 2496 798 pro
2517 729 2847 784 humilitatis
2870 730 3065 798 gradu.
3097 729 3356 785 discretio
3406 745 3420 794 ;
3481 738 3647 797 atque

2067 818 2139 872 ita
2173 819 2483 874 successive
2520 819 2744 892 reliqua:
2765 821 3012 874 virtutes.
3037 818 3100 872 Et
3124 819 3350 883 enitere,
3404 817 3532 875 totis
3569 817 3656 872 vi.

2067 908 2220 964 ribus
2239 909 2579 965 incessanter
2608 909 2750 964 hanc
2783 909 3108 964 obedientitn
3135 910 3275 964 viam
3297 925 3642 980 percurrere.

2067 999 2146 1056 Ita
2179 1001 2323 1056 enim
2357 1017 2418 1056 ca
2449 1016 2570 1070 qua:
2590 1009 2720 1056 sunt
2747 1011 2871 1056 ante
2892 1011 2945 1056 te
2973 1013 3088 1056 tute.
3113 1001 3439 1070 assequeris.
3465 1001 3521 1055 Si
3557 1016 3653 1055 au-

2069 1101 2178 1149 tem
2206 1094 2261 1149 in
2288 1094 2608 1149 obedientiaa
2647 1094 2929 1149 curriculo
2951 1093 3307 1154 elaudicabis.
3350 1092 3575 1146 noveris
3607 1101 3658 1145 te

2068 1187 2217 1257 quod
2250 1197 2506 1258 superest
2565 1188 2630 1242 ad
2677 1187 2971 1242 terminum
3022 1201 3215 1240 cursus
3237 1200 3344 1240 non
3397 1185 3534 1238 bene
3567 1197 3662 1251 pe-

2072 1289 2372 1341 raeturum.
2426 1280 2592 1334 vitam
2628 1294 2822 1347 nempe
2853 1279 3226 1334 Christianam
3262 1277 3540 1344 dicimus;
3568 1293 3661 1331 ne-

2070 1388 2179 1445 que
2211 1373 2556 1427 vincentibus
2582 1373 2853 1442 promissa
2885 1371 3059 1427 infula
3121 1364 3501 1428 coronaberis.
3559 1368 3665 1440 lgi-

2073 1472 2164 1520 tur
2197 1465 2294 1518 tibi
2326 1465 2513 1535 accipe
2554 1464 2923 1521 obedientiam
2976 1477 3032 1519 et
3090 1479 3212 1534 quae
3265 1462 3385 1532 ejus
3440 1462 3662 1532 propria

2073 1575 2196 1616 esse
2225 1560 2488 1622 diximus,
2519 1577 2640 1630 quae
2677 1561 2769 1616 tibi
2799 1560 2943 1615 viam
2972 1563 3247 1623 ostendat,
3286 1555 3660 1624 quemadmo-

2074 1651 2205 1706 dum
2228 1653 2546 1722 navigantes
2577 1653 2744 1708 astris
2776 1653 3111 1722 diriguntur,
3140 1668 3205 1706 ne
3223 1651 3360 1706 forte
3379 1665 3474 1721 per
3493 1651 3663 1704 maria

2075 1757 2302 1808 errent;
2339 1752 2474 1799 utet
2513 1744 2632 1815 ipse
2667 1759 2787 1799 eam
2825 1759 3041 1814 Semper
3067 1743 3343 1813 aspiciens
3406 1751 3662 1812 magnum

2080 1835 2297 1890 virtutis
2350 1835 2627 1891 Oceanum
2659 1848 2997 1892 transmeare
3045 1851 3236 1907 queas,
3266 1845 3430 1904 atque
3477 1833 3552 1888 ita
3609 1832 3663 1886 id

2085 1927 2436 1997 tranquillum
2463 1927 2738 1984 felicitatis
2767 1937 2983 1997 portum
3042 1925 3384 1997 perdncaris.
3419 1924 3476 1978 Si
3534 1939 3664 1976 vero

2083 2010 2668 2090 qtmdam'tempestas
2693 2029 2748 2074 et
2779 2021 3000 2090 jactatio
3039 2018 3438 2088 supervenerit,
3495 2026 3547 2071 ιιι
3613 2016 3662 2068 id

2083 2122 2186 2178 pro
2214 2119 2319 2162 tua:
2352 2109 2708 2178 subjectionis
2737 2110 2905 2180 gradu
2935 2110 3043 2163 fiet.
3079 2109 3214 2162 Eum
3243 2107 3387 2163 enim
3415 2107 3509 2178 qni
3533 2123 3662 2162 vero

2086 2199 2270 2254 obedit
2303 2216 2478 2271 neque
2502 2201 2619 2271 ipse
2639 2200 2915 2269 diabolus,
2938 2201 3321 2268 juxtal’atrcs,
3353 2207 3539 2270 posset
3570 2199 3662 2252 lm-

2085 2291 2236 2348 dere.
2258 2291 2328 2348 Ut
2358 2303 2538 2348 autem
2574 2295 2669 2350 tibi
2709 2295 2897 2365 paucis
2925 2295 3282 2350 ostendamus
3311 2308 3472 2363 quam
3495 2291 3665 2346 subli-

2087 2385 2192 2440 mis
2208 2395 2264 2440 et-
2289 2385 2624 2442 honorabilis
2659 2389 2730 2441 sit
2757 2403 2882 2442 vera
2911 2386 3240 2449 obedientia,
3291 2399 3461 2440 unum
3490 2382 3671 2442 adhuc

2114 2478 2260 2532 aucti
2285 2476 2458 2531 Patris
2491 2477 2778 2532 oraculum
2810 2492 3205 2532 memoremus.

2160 2746 2397 2802 Rursum
2443 2746 2609 2818 igitur
2649 2745 2781 2801 dicit
2825 2744 3326 2816 splendidissiimtm
3371 2742 3514 2799 iﬂud'
3553 2743 3676 2799 vit-:0

2086 2839 2409 2896 Christiana:
2434 2839 2637 2898 lumen.
2663 2853 2838 2893 novus
2859 2837 2946 2892 ille
2965 2836 3208 2894 caelestis
3228 2836 3387 2891 scalae
3405 2834 3640 2890 Beseleel
3657 2854 3676 2891 :

2097 2951 2117 2987 ι
2145 2934 2489 2986 Armaturam
2513 2929 2700 2987 Patres
2717 2929 3114 2985 deliniuntcsse
3135 2927 3532 3000 psalmodiam;
3561 2942 3681 2980 mu-

2091 3041 2235 3090 rum,
2260 3026 2597 3089 orationem;
2640 3024 2892 3078 balneum
2933 3033 3140 3084 autem.
3197 3015 3672 3092 irreprehensibi-

412 3113 655 3183 ἄμωμον
687 3115 923 3186 δάκρυον
948 3113 1088 3171 εἶναι
1113 3119 1386 3188 ὁρίζονται
1407 3140 1420 3154 ⁸
1471 3124 1570 3194 τὴν
1611 3126 1667 3180 δὲ
1720 3132 1989 3200 μακαρίαν

2092 3116 2172 3172 les
2203 3117 2509 3188 lacrymas;
2545 3117 2757 3170 beatam
2792 3131 2923 3171 vero
2957 3113 3324 3170 obedientiam
3359 3111 3672 3168 confessio-

424 3207 694 3278 ὑπακοὴν,
729 3211 1022 3279 ὁμολογίαν
1055 3212 1276 3284 ἔκριναν
1298 3231 1311 3244 ·
1356 3212 1424 3288 ἦς
1453 3219 1643 3289 χωρὶς,
1689 3223 1862 3286 οὐδεὶς
1885 3225 1996 3280 τῶν

424 3302 689 3371 ἐμπαθῶν
753 3303 946 3372 ὄψεται
983 3304 1076 3357 τὸν
1135 3306 1361 3375 Κύριον.
1409 3307 1588 3364 Ἱκανὰ
1648 3311 1746 3381 μὲν
1772 3310 1864 3368 οὖν
1902 3316 1997 3370 καὶ

423 3393 621 3463 ταῦτα,
646 3393 722 3457 ὡς
743 3396 875 3464 ἡμῖν
903 3395 1070 3457 δοκεῖ,
1103 3396 1236 3468 πρὸς
1259 3399 1661 3474 ἐναργεστάτην
1689 3403 1920 3476 δήλωσίν
1936 3424 1997 3460 τε

425 3485 519 3538 καὶ
557 3485 776 3538 ἔπαινον
805 3486 898 3539 τοῦ
929 3488 1205 3558 ἀμιμήτου
1270 3492 1591 3562 μιμήματος
1632 3495 1730 3566 τῆς
1786 3498 1999 3568 τρισολ-

421 3577 542 3631 6ίου
583 3578 847 3646 ὑπακοῆς.
889 3577 1125 3646 Ἕξομεν
1155 3581 1200 3634 δ’
1230 3581 1310 3638 ἔτι
1346 3584 1512 3656 πείρᾳ
1541 3586 1710 3642 ταῦτα
1741 3605 1998 3660 καταμαο

425 3668 538 3722 Θείν
558 3686 617 3722 τε
648 3669 741 3722 καὶ
776 3669 1088 3738 διαγνῶναι,
1115 3671 1168 3724 εἴ
1201 3673 1254 3741 γ’
1306 3675 1399 3728 ἐπὶ
1431 3676 1492 3729 τὸ
1521 3679 1745 3744 ἄναντες
1767 3682 1998 3736 ἀνανεύ-

427 3779 634 3832 σωμεν,
661 3764 753 3816 καὶ
782 3764 1328 3837 συνδιασκεψώμεθα,
1355 3770 1406 3822 τί
1443 3771 1542 3840 μὲν
1565 3772 1624 3826 τὸ
1651 3777 1750 3844 τῆς
1780 3793 1998 3850 συντρι-

427 3853 528 3924 ϐἦς
559 3854 653 3906 καὶ
677 3854 1000 3926 θνητότητος
1047 3859 1180 3928 ἡμῖν
1242 3861 1552 3932 παραίτιον,
1610 3866 1683 3935 μὴ
1737 3870 2000 3937 τοιούτοις

425 3948 768 4017 τοκαταρχάς
795 3948 1352 4022 δεδημιουργημένοις
1377 3971 1390 3984 ·
1452 3956 1504 4009 τί
1540 3957 1585 4010 δ’
1630 3954 1786 4025 αὖθις
1811 3965 1873 4019 τὸ
1901 3965 2002 4036 τῆς

427 4037 821 4119 ἀνακαινίσεως
856 4041 949 4094 καὶ
989 4042 1087 4110 τῆς
1123 4043 1446 4111 ἀθανασίας.
1499 4049 1843 4121 Εύρίσκομεν
1888 4053 2002 4108 τοί-

427 4146 544 4194 νυν,
580 4129 676 4182 τοῦ
710 4130 811 4200 μὲν
840 4133 1111 4203 προτέρου
1146 4134 1403 4205 πρόξενον
1448 4134 1635 4207 οὖσαν,
1685 4141 1852 4212 ἤγουν
1903 4144 2002 4214 τῆς

426 4219 654 4292 φθορᾶς,
681 4221 778 4291 τὴν
801 4223 896 4276 τοῦ
929 4223 1147 4294 πρώτου
1209 4227 1362 4296 Αδὰμ
1415 4227 1760 4285 ίδιοπιστίαν“
1788 4249 1847 4286 τε
1905 4233 2004 4289 καὶ

429 4312 827 4383 ίδιορῤυθμίαν,
853 4315 947 4367 καὶ
970 4316 1030 4368 τὸ
1077 4317 1451 4372 ἀνυπότακτον
1473 4336 1485 4350 ’
1521 4319 1582 4386 ἐξ
1609 4314 1682 4376 ὧν
1717 4323 1748 4394 ἡ
1786 4323 1885 4394 τῆς
1913 4327 2002 4379 ἐν-

424 4401 584 4471 τολῆς
634 4405 732 4474 τῆς
793 4404 944 4469 θείας
1005 4406 1397 4480 ἀθέτησις-’καὶ
1453 4414 1782 4484 παράϐασις.
1810 4417 1917 4472 Τοῦ
1944 4419 2001 4473 δὲ

426 4495 705 4567 δευτέρου,
761 4497 885 4566 ἦτοι
935 4501 1036 4569 τῆς
1088 4501 1402 4572 ἀφθαρσίας
1458 4505 1746 4576 πρύτανιν,
1777 4508 1876 4578 τὴν
1907 4509 2002 4563 τοῦ

400 4582 681 4655 ,δευτέρου
728 4587 920 4658 Ἀδὰμ,
946 4591 1042 4642 καὶ
1067 4589 1226 4656 Θεοῦ,
1262 4593 1358 4646 καὶ
1396 4595 1647 4666 Σωτῆρος
1699 4597 1858 4668 ἡμῶν
1899 4599 2005 4670 ’ἰη-

429 4674 526 4727 σοῦ
566 4675 804 4746 Χριστοῦ
864 4678 1002 4752 πρὸς
1033 4680 1126 4734 τὸν
1174 4683 1394 4755 Πατέρα
1441 4686 1761 4756 ὁμοϐουλίαν
1817 4706 1876 4742 τε
1912 4690 2004 4745 καὶ

429 4769 728 4840 ὑποταγὴν,
763 4771 855 4842 ἀφ’
909 4765 986 4826 ὧν
1031 4775 1063 4844 ή
1114 4777 1213 4843 τῆς
1261 4776 1482 4846 ἐντολῆς
1535 4779 1702 4832 αὑτοῦ
1747 4781 2002 4852 τήρησις.

434 4881 454 4913 ι
501 4862 642 4930 Ἐγὼ
670 4864 800 4934 γὰρ,
853 4865 1068 4936 φησὶνὸ
1097 4867 1308 4937 Σωτὴρ,
1337 4869 1396 4933 ἐξ
1446 4871 1692 4939 ἐμαυτοῦ
1737 4872 1838 4926 οὐκ
1889 4873 2007 4927 ἐλὰ⁶

425 4954 599 5024 ξιησαο
654 4956 828 5010 ἀλλ’ὁ
881 4957 1105 5028 πέμψας
1158 4959 1369 5030 Πατὴρ,
1430 4962 1591 5026 αὑτός
1650 4981 1740 5029 μοι
1783 4964 2004 5036 ἐντολὴν

427 5045 619 5110 ἔδωκε,
645 5047 694 5099 τί
718 5049 876 5113 εἴπω,
909 5049 1004 5102 καὶ
1033 5049 1084 5101 τί
1119 5048 1345 5120 λαλήσω
1367 5066 1380 5080 ⁸
1435 5050 1530 5104 καὶ
1557 5048 1695 5116 οἶδα,
1730 5054 1812 5107 ὅτι
1843 5056 1888 5125 ἠ.
1913 5057 2003 5110 ἐν-

430 5136 558 5206 τολὴ
606 5137 796 5199 αὐτοῦ,
831 5138 944 5208 ζωὴ
975 5139 1190 5202 αἰώνιός
1222 5141 1368 5193 ἐστιν
1391 5161 1404 5173 ·
1465 5140 1500 5198 ἆ
1531 5137 1624 5196 οὖν
1677 5143 1822 5198 λαλῶ
1870 5147 2002 5215 ἐγὼ,

428 5225 611 5289 καθὼς
641 5226 830 5296 εἴρηκέ
873 5243 962 5296 μοι
991 5230 1018 5281 ὀ
1049 5229 1256 5301 Πατὴρ,
1294 5229 1437 5284 οὑτω
1488 5232 1654 5288 λαλῶ.
1703 5254 1720 5287 ι
1769 5235 1858 5299 Ὠς
1911 5233 2006 5294 οὖν

428 5319 486 5370 ἐν
515 5318 592 5388 τῷ
625 5319 929 5389 προπάτορι
955 5321 1049 5374 καὶ
1081 5326 1193 5386 τοῖς
1227 5324 1346 5377 κατ’
1374 5325 1558 5392 αὑτὸν,
1614 5328 1739 5398 ῥίζα
1787 5331 2004 5384 πάντων

428 5410 691 5480 ἀνιαρῶν,
729 5410 821 5462 καὶ⁵
851 5411 1053 5482 μήτηρ,
1087 5415 1120 5486 ἡ
1152 5417 1329 5488 οἴησις
1350 5433 1364 5448 ⁸
1425 5416 1596 5482 οὕτως
1627 5421 1683 5472 ἐν
1708 5419 1788 5491 τῷ
1832 5421 2004 5493 καινῷ

429 5499 770 5571 Θεανθρὼπῳ
808 5499 983 5571 Ἰησοῦ
1013 5505 1254 5578 Χριστῷ,
1281 5508 1511 5572 καὶτοῖς
1540 5511 1662 5562 κατ’
1700 5511 1864 5564 αὑτὸν
1902 5511 2003 5586 ζῇν

435 5594 767 5664 ἐφιεμένοις,
795 5593 960 5663 ἀρχὴ,
997 5597 1092 5650 καὶ
1122 5599 1296 5671 πηγὴ,
1342 5600 1438 5654 καὶ
1492 5599 1740 5672 θεμέλιος
1786 5601 2006 5657 πάντων

429 5689 667 5760 ἀγαθῶν,
708 5690 742 5760 ὴ
781 5688 1130 5749 ταπείνωσις.
1181 5690 1295 5759 Τὴν
1345 5693 1602 5763 τοιαύτην
1650 5691 1858 5758 στάσιν,
1904 5687 1998 5744 καὶ

532 5784 576 5814 ⁸⁸
601 5783 760 5842 Joan.
796 5805 900 5857 xu.
929 5790 1015 5848 49.

2097 3225 2218 3266 nem
2248 3225 2369 3266 esse
2393 3211 2647 3265 dixerunt
2677 3227 2691 3274 ;
2733 3209 2852 3265 sine
2886 3225 2990 3278 qna
3020 3223 3182 3264 nemo
3223 3222 3355 3264 sons
3391 3206 3678 3262 Dominum

2097 3299 2321 3353 videbit.
2355 3299 2646 3354 Sufﬁciunt
2669 3314 2732 3354 ea
2762 3298 3008 3368 quidem,
3048 3307 3107 3352 ut
3131 3298 3289 3353 nobis
3345 3297 3584 3362 videtur,
3613 3296 3680 3350 ad

2095 3391 2560 3448 evidentissimam
2593 3392 3026 3448 declarationem
3059 3407 3124 3448 ac
3169 3391 3386 3448 Iaudem
3417 3392 3674 3463 perfect-.3

2100 3484 2263 3554 hujus
2287 3485 2607 3542 imitationis
2638 3502 2759 3556 qua:
2779 3501 2876 3555 per
2903 3485 3274 3540 beatissimam
3307 3486 3617 3541 obedientia
3647 3505 3675 3535 ιι

2099 3579 2443 3648 adimpletnr.
2491 3578 2615 3633 llec
2673 3587 2856 3632 autem
2911 3565 3090 3632 adhuc
3163 3577 3462 3646 poterimus
3521 3593 3682 3643 expe-

2101 3670 2298 3725 rientia
2333 3667 2544 3726 discere
2573 3684 2636 3724 ac
2670 3670 3004 3738 discernere,
3043 3669 3088 3724 si
3121 3669 3185 3722 ad
3211 3669 3393 3739 priora
3418 3669 3683 3736 snspicia-

2100 3779 2245 3828 mus,
2300 3764 2766 3834 inquiramusque
2827 3779 3077 3833 quzenam
3136 3761 3530 3818 destructionis
3613 3777 3678 3812 ae

2105 3856 2459 3911 mortalitatis
2495 3856 2657 3912 nobis
2690 3855 2854 3911 fuerit
2879 3872 3069 3920 causa,
3095 3871 3220 3912 cum
3255 3870 3362 3909 non
3404 3854 3474 3909 ab
3529 3853 3683 3907 initio

2103 3949 2239 4003 tales
2271 3949 2438 4004 creati
2475 3948 2741 4006 l’nerimns
2775 3966 2792 4016 ;
2825 3963 3073 4019 quaenam
3128 3964 3257 4004 vero
3315 3945 3684 4003 reoovationis

2104 4051 2307 4096 nostrai
2335 4056 2398 4096 ac
2423 4042 2877 4097 immortalitatis.
2903 4040 3224 4108 lieperimus
3251 4048 3460 4098 autem.
3483 4048 3686 4093 morta-

2104 4130 2273 4185 litatis
2304 4145 2526 4186 causam
2559 4130 2750 4194 fuisse,
2782 4132 2942 4199 primi
2977 4130 3149 4184 Adam
3228 4132 3508 4199 propriam
3593 4129 3682 4185 sui

2109 4220 2361 4276 ﬁduciam
2393 4230 2448 4276 et
2480 4221 2756 4275 libidinem
2781 4229 2834 4274 et
2866 4220 3292 4276 inobedientiam
3324 4239 3338 4286 ;
3374 4222 3518 4276 unde
3564 4234 3685 4276 orta

2106 4322 2189 4368 cst
2217 4312 2458 4366 mandati
2486 4313 2655 4368 divini
2688 4312 2999 4382 reprobatio
3027 4321 3082 4367 et
3125 4314 3525 4382 transgressio;
3582 4313 3686 4366 im-

2111 4406 2457 4460 mortalitatis
2478 4421 2610 4460 vero
2645 4405 2992 4475 principium.
3027 4404 3253 4460 secundi
3293 4405 3484 4459 Adam.
3508 4415 3562 4460 et
3595 4404 3686 4459 Dei

2041 4474 2164 4552 Det
2203 4495 2507 4553 Salvaturis
2531 4497 2706 4552 nostri
2730 4474 2858 4552 Jesu
2911 4496 3116 4551 Christi
3173 4496 3442 4550 voluntati
3511 4495 3690 4551 Patris

2113 4590 2508 4660 sni‘ijcctionem
2534 4606 2549 4655 ;
2569 4590 2708 4644 unde
2728 4589 2891 4657 hujus
2911 4588 3150 4642 mandati
3172 4588 3502 4644 observatio.
3528 4607 3547 4640 ι
3579 4590 3689 4658 Ego

2111 4684 2278 4747 enim,
2312 4681 2486 4749 inquit
2512 4679 2786 4743 Salvator,
2813 4696 2917 4734 non
2947 4696 3012 4734 ex
3041 4696 3126 4734 me
3151 4681 3268 4750 ipso
3298 4680 3510 4734 locutus
3535 4696 3690 4747 sum;

2113 4777 2204 4828 sed
2236 4774 2328 4842 qni
2353 4773 2502 4827 misit
2532 4787 2618 4827 me
2646 4771 2830 4836 Pater,
2853 4773 2972 4841 ipse
3001 4773 3134 4826 mibi
3168 4773 3486 4828 mandatum
3518 4773 3688 4836 dedit,

2108 4867 2236 4937 quid
2267 4867 2440 4920 dicam
2461 4874 2517 4919 et
2546 4864 2674 4934 quid
2712 4864 2902 4934 loquar
2933 4864 2998 4917 ⁸⁸.
3025 4863 3088 4918 Et
3107 4863 3222 4920 seio
3247 4864 3370 4932 quia
3404 4865 3694 4934 promissio

2110 4961 2230 5027 ejus
2259 4968 2342 5012 est
2364 4958 2470 5010 vita
2507 4965 2732 5011 mterna.
2788 4955 2870 5022 Qu
2893 4975 2921 5010 ρ
2951 4957 3098 5011 enim
3132 4972 3232 5026 ego
3282 4957 3497 5026 loquor,
3527 4967 3588 5012 nt
3611 4958 3688 5011 di-

2116 5051 2190 5105 xit
2224 5050 2352 5103 mihi
2384 5047 2567 5112 Pater,
2603 5063 2704 5116 ego
2737 5050 2948 5116 loquor.
2984 5047 3461 5112 Quemadmodum
3529 5048 3694 5116 igitur

2113 5142 2167 5197 in
2201 5143 2374 5211 primo
2400 5139 2564 5195 Pater
2588 5149 2641 5194 et
2667 5141 2717 5193 in
2746 5141 2810 5194 iis
2834 5141 2923 5210 qui
2950 5141 3125 5210 ipsum
3147 5141 3431 5195 imitantur
3459 5141 3608 5195 radix
3642 5151 3694 5193 et

2117 5248 2289 5291 mater
2347 5233 2591 5288 omnium
2652 5234 2923 5286 malorum
2953 5243 3036 5288 est
3058 5232 3361 5303 cogitatio;
3426 5233 3500 5286 ita
3561 5233 3690 5285 etin

2119 5344 2256 5382 novo
2284 5325 2392 5380 Deo
2424 5325 2653 5380 Honiine
2682 5336 2736 5380 et
2763 5325 2816 5379 in
2849 5326 2916 5381 iis
2958 5326 3051 5395 qni
3086 5327 3252 5380 vitam
3279 5326 3400 5395 ejus
3429 5325 3694 5380 aemulan-

2119 5431 2225 5482 tur,
2256 5419 2581 5490 principium
2611 5429 2663 5471 et
2715 5417 2837 5471 lotis
2875 5427 2930 5472 et
2989 5417 3400 5473 fundamentum
3448 5415 3691 5470 omnimn

2119 5515 2410 5581 bonorum,
2442 5512 2742 5567 humilitas.
2779 5509 2947 5577 Quem
2993 5519 3195 5565 statum
3253 5509 3610 5576 ordinemque
3639 5513 3694 5561 et

2123 5623 2245 5662 enm
2287 5605 2380 5676 qui
2406 5619 2570 5675 supra
2608 5619 2707 5656 nos
2723 5611 2828 5665 est,
2857 5601 3164 5656 divinorum
3189 5599 3514 5668 Angelorum
3539 5613 3693 5652 mun-

2131 5703 2258 5758 dum
2294 5699 2670 5757 observantem
2705 5694 2989 5759 videmus;
3035 5693 3178 5748 banc
3237 5691 3348 5748 imo
3379 5698 3692 5747 terrestrem
