4080 6206
352 345 452 413 661

1571 359 1664 420 ΟΡ
1677 361 1871 422 USCU
1883 363 1966 419 LA
1997 362 2136 422 ASC
2151 365 2264 424 E'l‘l
2280 367 2404 430 CA.

3505 363 3612 428 6R2

348 482 469 537 μιν,
499 467 532 538 ἢ
591 467 733 522 κατὰ
783 468 881 539 τῆς
913 468 1132 540 σαρκὸς,
1167 469 1242 534 ὡς
1262 471 1428 536 είκδς,
1451 472 1918 544 στρατεύωθαιηῆ

2027 475 2112 541 gni
2146 477 2488 541 liabebimur,
2553 479 2758 549 absque
2795 495 2929 534 vera.
2952 479 3124 532 illa-et
3149 477 3374 549 mystica
3407 486 3462 533 et
3497 480 3617 533 illu-
3650 519 3664 531 κ

353 565 493 618 κατὰ
541 565 732 649 παθῷν
780 566 876 619 καὶ
929 567 1202 637 δαιμόνων
1262 570 1622 641 ὁπλίζεσθαι;
1657 576 1791 640 Ταῖς
1819 590 1928 649 γαρ

350 657 598 728 ἀρεταῖς,
737 656 1069 727 γέγραπται,
1121 662 1177 714 ai
1216 661 1408 716 κακίαι
1458 642 1923 737 παραπεπήγασι,

347 748 442 802 καὶ
470 749 580 802 είσί
615 766 730 812 πως
777 749 1092 822 ἀγχίθυροι.
1144 753 1317 807 Πόθεν
1347 753 1404 807 δὲ
1429 755 1529 820 τὰς
1552 756 1644 809 τοῦ
1674 756 1930 828 σώματος

287 865 296 878 ι
349 841 632 911 αἰσθήσεις
658 842 956 909 παιδεύειν,
990 843 1087 897 καὶ
1131 845 1231 915 τῆς
1249 845 1429 918 ψυχῆς
1450 846 1548 912 τὰς
1569 849 1828 920 δυνάμεις
1853 850 1931 915 ὡς

347 934 404 985 ἂν
431 933 664 1004 κιννύρα
700 934 1014 1006 ῥυθμίζεινς
1045 937 1247 1006 μᾶλλον
1279 939 1361 1004 δὲ,
1386 939 1504 1004 πῶς
1535 940 1753 1005 ἐξέσται
1796 944 1929 1014 ἡμῖν

346 1026 621 1098 διακρῖναι
641 1027 844 1098 όμφὰς,
872 1030 964 1082 καὶ
988 1029 1380 1101 ἀποκαλύψεις,
1411 1033 1506 1086 καὶ
1533 1035 1928 1107 παρακλήσεις,

347 1118 446 1171 καὶ
483 1118 716 1189 θεωρίας
750 1119 936 1184 θείας,
978 1121 1068 1174 ναὶ
1117 1122 1224 1192 μὴν
1258 1123 1354 1176 καὶ
1391 1125 1599 1188 δόλους,
1649 1128 1742 1181 καὶ
1797 1127 1932 1182 πλά-

349 1230 468 1277 νας,
491 1213 585 1266 καὶ
637 1212 903 1282 φάσματα
945 1213 1304 1284 δαιμονιώδη;
1365 1218 1473 1270 Καὶ
1517 1219 1604 1271 ἵνα
1649 1221 1932 1291 συντόμως

342 1304 615 1373 εἴπωμεν,
657 1305 773 1368 πῶς
808 1305 889 1367 είς
920 1302 1146 1369 ὲνάισεις
1163 1307 1321 1372 Θεοῦ,
1359 1309 1452 1361 καὶ
1486 1309 1816 1380 θεουργικὰς
1840 1328 1930 1364 τε-

347 1395 546 1460 λετὰς,
586 1398 681 1449 καὶ
731 1397 1006 1466 μυστήρια
1039 1436 1054 1460 ,
1109 1399 1424 1468 προφθάσαι
1477 1401 1926 1470 ἀξεωθησόμεθα,

346 1487 476 1541 ἄνευ
544 1488 802 1558 μυήσεως
862 1489 1224 1558 μυσταγωγοῦ
1285 1490 1538 1560 ἀληθοῦς,
1563 1493 1654 1545 καὶ
1689 1509 1930 1560 πεφωτι-

351 1577 588 1646 σμένου;
616 1579 730 1630 υύκ
763 1579 910 1631 ἔστιν
931 1579 1130 1643 ὖντως,
1173 1583 1276 1635 οἰκ
1332 1582 1497 1636 ἐστιν.
1548 1582 1818 1653 Ὀπηνίκα
1870 1585 1929 1638 δὲ

350 1672 442 1725 καὶ
470 1671 532 1724 τὸ
556 1671 653 1740 τῆς
695 1671 925 1741 ἐκλογῆς
976 1671 1185 1736 σκεῦος,
1213 1675 1304 1727 τὸν
1345 1675 1760 1746 μακαριώτατον
1797 1693 1930 1729 κατ-

351 1762 586 1860 ίδωμεν..
613 1762 844 1829 Παῦλον,
879 1763 971 1816 τὸν
1000 1763 1108 1816 τῶν
1160 1765 1420 1836 ἀρῤἡτων
1454 1767 1681 1837 μύστην,
1715 1769 1776 1820 τὸ
1833 1766 1928 1821 τοῦ
1965 1805 2004 1860 Β

350 1837 589 1923 Χριστοῦ
655 1854 851 1923 στόμα,
914 1854 975 1907 τὺ
1016 1855 1131 1925 φῶς
1183 1855 1300 1909 τοῦ.
1336 1858 1566 1927 κόσμου,
1606 1859 1699 1912 τὸν
1750 1859 1930 1914 κοινὸν

347 1947 540 2017 ἥλιον,
621 1947 712 2000 τὸν
767 1946 867 2016 τῆς
930 1947 1257 2019 οἰκουμένης
1307 1951 1601 2019 συμπάσης
1673 1951 1931 2006 διδάσκα-

347 2039 460 2102 λον,
512 2041 624 2102 τοῖς
670 2038 1095 2103 συναποατόλοις
1154 2041 1504 2108 κοινούμενον
1561 2045 1656 2096 καὶ
1716 2045 1930 2097 συνδια-

350 2129 725 2198 σσκεπτόμενον
760 2130 818 2180 τὸ
840 2129 1207 2198 Εὐαγγέλιον·
1249 2132 1343 2183 καὶ
1388 2131 1420 2200 ἠ
1473 2133 1643 2202 αίτία,
1707 2135 1925 2202 μήπως,

348 2219 536 2288 φησὶν,
575 2221 656 2282 εἰς
684 2219 842 2272 κενὸν
882 2219 1082 2290 τρέχω,
1112 2219 1145 2290 ἢ
1179 2219 1431 2291 ἔδραμον.
1490 2222 1597 2276 Ναὶ
1656 2223 1782 2292 μὴν,
1831 2222 1928 2276 καὶ

347 2313 519 2382 αὐτὴν
556 2312 656 2382 τὴν
706 2313 1060 2380 αὖτοσοφίαν,
1119 2312 1210 2367 τὸν
1271 2313 1472 2384 Κύριον
1521 2314 1694 2386 ἡμῶν,
1723 2313 1928 2385 Ἰησοῦν

349 2405 607 2474 Χριστὸν,
645 2405 775 2474 περὶ
814 2405 910 2473 μὲν
949 2405 1144 2458 ἑαυτοῦ
1181 2405 1573 2475 φθεγγόμενον,
1619 2407 1699 2460 ὅτι
1742 2425 1760 2459 ι
1809 2409 1926 2462 Κα-

347 2497 632 2566 ταὸέϐηκα
653 2498 717 2550 ὲκ
748 2496 840 2550 τοῦ
877 2497 1128 2568 ούρανοῦ,
1171 2498 1268 2568 οὐχ
1314 2499 1401 2552 ἵνα
1445 2499 1584 2552 ποιῶ
1617 2499 1678 2552 τὸ
1712 2499 1927 2569 θέλημα

348 2587 410 2640 τὸ
431 2585 596 2655 ἐμόν’
631 2585 769 2638 ἀλλὰ
806 2585 866 2638 τὸ
899 2585 1111 2654 θέλημα
1163 2587 1256 2639 τοῦ
1325 2587 1644 2656 πέμψαντός
1701 2604 1770 2656 με
1807 2589 1924 2645 Παν-

346 2678 503 2749 τρόςο
551 2695 570 2729 ι
601 2677 729 2745 περὶ
759 2676 815 2729 δὲ
849 2675 942 2728 τοῦ
998 2677 1263 2744 παναγίου
1295 2677 1390 2730 καὶ
1439 2678 1705 2741 ζωοποιοῦ
1755 2677 1926 2732 Πνεύο

352 2785 545 2839 ματος,
572 2769 654 2821 ὅτι
687 2785 705 2818 ι
752 2769 864 2820 υύκ
888 2768 981 2836 ἀφ’
1042 2767 1240 2821 ἑαυτοῦ
1281 2767 1670 2837 λαλήσει,·ἀλλ’
1705 2770 1805 2823 ὅσα
1858 2770 1925 2823 ἂν

344 2861 578 2936 ἀκούσῃ,
611 2861 856 2932 λαλήσει.
907 2880 924 2912 ι
959 2862 1062 2917 Διά
1092 2879 1154 2929 γε
1185 2861 1244 2919 τὸ
1275 2861 1374 2930 τῆς
1404 2862 1611 2927 τάξεως
1629 2863 1922 2935 χρήσιμον,

341 2956 466 3026 ἥτις
487 2955 699 3023 συνέχει
745 2954 835 3008 καί
855 2952 923 3007 τὰ
951 2953 1178 3023 ούρᾷνια
1238 2953 1331 3012 καὶ
1366 2953 1433 3007 τὰ
1456 2955 1696 3023 ἐπίγεια,
1730 2955 1921 3026 φρίκῃ,

344 3049 444 3101 καὶ
497 3047 718 3115 θάμϐει,
756 3047 852 3099 καὶ
909 3045 1122 3117 ἀγωνίᾳ
1172 3046 1530 3116 συνεχόμεθα,
1564 3047 1692 3117 περί
1716 3065 1776 3100 τε
1822 3047 1925 3116 τῆς

2032 567 2235 621 minata
2271 570 2657 625 institutione?
2688 569 2800 624 Non
2838 572 2964 624 licet
3012 571 3258 634 omnino,
3287 585 3393 623 non
3449 569 3614 635 licet;

2029 662 2248 730 quando
2293 671 2345 716 et
2374 662 2500 716 illud
2533 662 2818 718 electionis
2850 674 2966 725 vas,
2999 661 3372 717 beatissimum
3421 677 3616 730 nempe

2029 750 2255 806 Paulum
2305 753 2570 819 videmus,
2604 755 2756 809 illum
2805 769 3136 810 arcanorum
3191 744 3498 816 doctorem,
3551 771 3614 806 ns

2029 841 2254 908 Christi,
2287 844 2468 899 lumen
2531 848 2741 912 mundi,
2805 863 3151 903 communem
3218 849 3410 914 solem,
3465 849 3615 901 orbis

2035 935 2277 990 universi
2307 938 2651 1006 magistrum,
2682 955 2806 994 cum
2839 940 2963 996 aliis
3003 941 3270 1011 apostolis
3303 941 3612 994 conversari

2028 1033 2084 1080 et
2112 1023 2460 1096 Evangelium
2496 1029 2853 1098 contemplari
2890 1048 2904 1094 ;
2937 1040 2989 1085 et
3047 1045 3116 1085 ne
3169 1031 3328 1093 forte,
3413 1031 3614 1096 inquit,

2031 1110 2083 1167 in
2109 1109 2306 1169 vanum
2341 1132 2556 1170 curram
2587 1127 2681 1172 aut
2737 1121 3113 1184 cucurrerim;
3174 1136 3299 1174 cum
3339 1136 3526 1176 revera
3563 1117 3616 1172 e-‘t

2034 1203 2332 1260 in-creatam
2371 1208 2542 1276 ipsam
2595 1207 2949 1277 sapientiam,
3009 1209 3299 1264 Dominum
3369 1223 3613 1264 nostrum

2030 1290 2217 1348 Iesum
2268 1293 2547 1351 Christum
2579 1297 2648 1352 de
2691 1313 2750 1352 se
2786 1299 3056 1355 dicentem
3095 1301 3351 1355 audimus
3389 1319 3401 1354 :
3449 1319 3466 1352 ι
3513 1300 3638 1354 Dc--

2030 1384 2219 1439 scendi
2244 1385 2312 1440 de
2344 1386 2504 1453 cos-lo,
2547 1401 2653 1443 non
2690 1398 2748 1443 ut
2780 1388 3014 1445 facerem
3043 1391 3374 1445 voluntatem
3410 1407 3609 1457 meam,

2029 1475 2124 1530 sed
2152 1475 2485 1532 voluntatem
2512 1481 2654 1549 ejus,
2677 1482 2768 1551 qui
2804 1485 2953 1537 mis‘t
2976 1496 3082 1546 me,
3114 1481 3290 1537 Patris
3309 1482 3376 1539 ³⁹.
3416 1502 3433 1534 ι
3462 1482 3525 1536 Et
3551 1485 3615 1534 tle

2031 1575 2223 1622 sancto
2283 1583 2347 1623 ac
2394 1569 2706 1627 viviﬁcante
2754 1571 3000 1641 Spiritu:
3040 1591 3058 1625 ι
3094 1572 3208 1627 Νοη
3237 1589 3266 1628 a
3323 1565 3617 1642 Serm-tipso

2031 1657 2334 1728 loquetur;
2371 1661 2470 1716 sed
2524 1677 2864 1734 quacunque
2918 1665 3189 1730 audierit,
3258 1665 3528 1732 loquetur.
3591 1683 3608 1715 ι

2032 1746 2262 1818 Pr0pter
2298 1751 2510 1806 ordinis
2564 1753 2726 1822 hujus
2775 1754 3062 1809 utilitatem
3128 1757 3221 1824 qui
3255 1757 3496 1811 cmlestia
3551 1771 3617 1810 ac

2034 1841 2308 1897 terrestria
2338 1843 2604 1911 continet,
2634 1845 2864 1902 horrore
2921 1857 2977 1902 et
3032 1855 3258 1916 stupore
3303 1859 3356 1904 et
3414 1864 3616 1919 angore

2031 1934 2570 2004 comprehendimur,
2622 1952 2745 1992 cum
2778 1947 2980 1994 nostra;
3035 1939 3392 1995 imbecillitati
3448 1951 3613 2012 atque

2030 2027 2334 2081 inﬁrmitati
2370 2028 2723 2095 attendimus,
2795 2028 2974 2100 iisque
3025 2030 3125 2101 quia
3178 2031 3460 2088 dementer
3519 2033 3616 2087 eli-

2029 2117 2396 2189 guntoblique
2421 2129 2474 2174 et
2504 2120 2806 2189 periculose
2833 2129 2887 2174 et
2917 2137 2989 2176 ex
3019 2123 3261 2176 arbitrio.
3299 2135 3353 2176 ct
3393 2139 3501 2192 pro.
3547 2125 3616 2177 li-

2027 2211 2141 2265 bitu
2169 2211 2370 2266 virere.
2394 2209 2471 2271 Re
2495 2212 2713 2280 quidem
2738 2212 2874 2281 ipsa,
2908 2213 3167 2269 terribilis
3194 2230 3255 2269 ea
3281 2230 3458 2284 pugna
3502 2226 3612 2280 est,

2027 2310 2081 2355 et
2109 2301 2380 2356 innumeri
2428 2303 2782 2371 spoliatores.
2844 2313 2902 2359 ct
2949 2313 3217 2361 sexcenta:
3285 2315 3612 2364 tentatorum

2027 2392 2254 2447 insidiae.
2291 2392 2354 2448 Et
2383 2394 2663 2460 naufragia
2701 2399 2976 2450 numerari
3032 2409 3314 2466 neqeunt;
3351 2399 3497 2454 unde
3558 2410 3613 2454 et

2025 2495 2096 2537 ex.
2128 2483 2377 2551 plurimis
2422 2484 2510 2538 vix
2538 2486 2750 2556 aliquot
2811 2487 3094 2555 ell‘ugiunt.
3144 2489 3248 2543 Sed
3284 2489 3318 2542 ii
3365 2490 3610 2560 quidem,

2027 2575 2240 2644 utipsis
2261 2576 2458 2644 placet,
2500 2576 2781 2632 ambulent
2839 2596 2852 2633 :
2908 2597 2926 2631 ι
2985 2578 3424 2650 Uniuscujusque
3468 2582 3611 2636 enim

2022 2679 2160 2736 Opus
2185 2669 2341 2738 quale
2379 2670 2472 2734 sit,
2501 2669 2642 2738 ignis
2672 2671 2919 2740 probabit
2949 2671 3032 2738 ";
3071 2691 3088 2724 ι
3125 2683 3178 2728 et
3208 2674 3425 2728 adhuc:
3473 2692 3491 2726 ι
3529 2673 3610 2728 Tu

2026 2757 2223 2814 reddes
2257 2759 2550 2830 unicuique
2571 2761 2868 2817 secundum
2894 2777 3055 2833 opera
3081 2763 3220 2832 eius.
3245 2783 3263 2816 ι
3290 2765 3333 2796 ⁸⁸
3370 2764 3602 2822 Praeser-

2025 2850 2116 2905 tim
2135 2865 2264 2906 vero
2279 2866 2385 2906 non
2406 2853 2745 2923 simpliciter,
2764 2854 3041 2922 quomodo
3061 2857 3245 2917 velint.
3261 2856 3354 2911 εμά
3378 2872 3612 2926 quomo-

2020 2943 2091 2999 do
2106 2953 2319 3013 oportet
2341 2952 2394 2999 et
2420 2944 2557 3000 velle
2579 2955 2632 3001 et
2656 2944 2854 3012 vivere,
2883 2946 2975 3002 det
2991 2948 3243 3005 omnibus
3259 2947 3506 3010 Christus
3528 2947 3614 3008 in-

2022 3036 2286 3102 telligere.
2301 3036 2380 3090 Tu
2399 3046 2578 3097 autem
2596 3046 2649 3092 et
2670 3037 2978 3108 quicunque
3003 3039 3114 3094 vult
3132 3040 3428 3094 secundum
3451 3039 3606 3096 Chri-

340 3138 617 3210 ἡμετέρας
638 3139 937 3202 οὖθενείας,
968 3137 1061 3190 καὶ
1097 3137 1404 3209 ῥᾳθυμίας,
1447 3139 1542 3192 καὶ¹
1598 3139 1706 3192 τῶν
1726 3141 1790 3192 ὲκ
1819 3157 1922 3193 πα-

2027 3136 2166 3182 stum
2187 3131 2386 3191 vivere.
2408 3138 2666 3200 tanquam
2707 3147 2772 3185 ει
2814 3131 3047 3200 quadam
3089 3130 3278 3186 horum
3323 3131 3606 3192 v.rbprmn

343 3228 692 3300 ραφροσύνης
726 3229 818 3282 καὶ
858 3229 1092 3300 οἰήσεως
1159 3229 1501 3299 αἱρουμένων
1557 3231 1787 3294 σκαιῶς,
1827 3233 1923 3285 καὶ

341 3319 718 3383 ἐπικινδύνως,
778 3319 1143 3393 ίδιορῤύθμως
1204 3323 1299 3374 καὶ
1343 3321 1728 3386 ἅνυποτάκτως
1773 3323 1924 3376 πολι-

348 3411 628 3466 τεύεσθαι.
682 3411 773 3482 Τῷ
814 3412 928 3465 δντι
961 3412 1071 3484 γὰρ
1095 3412 1323 3484 φοϐερὸς
1364 3414 1393 3466 ό
1451 3413 1690 3478 τοιοῦτος
1749 3413 1919 3482 ἁγὼν,

339 3505 435 3562 καὶ
467 3504 650 3575 μυρίοι
689 3505 738 3557 oi
776 3504 1104 3569 λωποδύται,
1143 3506 1236 3559 καὶ
1295 3505 1362 3559 τὰ
1394 3505 1500 3558 τῶν
1527 3507 1804 3577 πειρατῶν
1837 3508 1922 3560 ἔν-

339 3592 476 3662 εδρα
498 3592 848 3663 ἀναρίθμητοι
871 3608 884 3623 ·
918 3593 1056 3663 πρὸς
1105 3594 1180 3658 δὲ,
1208 3595 1302 3649 καὶ
1325 3595 1394 3648 τὰ
1429 3595 1684 3663 ναυάγια,
1727 3597 1922 3666 μέτρον

335 3682 438 3734 ούκ
498 3681 871 3750 ἐπιδέχονται·
927 3681 1052 3736 ὅθεν
1105 3684 1198 3737 καὶ
1230 3683 1296 3736 ὲκ
1350 3683 1459 3737 τῶν
1513 3685 1743 3750 πολλῶν,
1780 3686 1921 3740 πάνυ

335 3772 504 3842 ὀλίγοι
529 3773 664 3826 είσὶν
690 3773 739 3825 οἱ
773 3773 1068 3843 σωζόμενοι
1094 3789 1108 3804 ⁸
1138 3774 1251 3828 ἀλλ’
1292 3766 1439 3828 οὗτοι
1467 3775 1565 3846 μὲν
1595 3775 1668 3840 ὡς
1702 3776 1921 3846 βούλον-

333 3882 448 3930 ται,
473 3864 825 3920 όδευέτωσαν.
854 3883 874 3918 ι
897 3865 1160 3919 Ἑκάστου
1209 3866 1341 3936 γὰρ,
1369 3867 1446 3931 ὡς
1505 3868 1830 3938 γέγραπται,
1862 3870 1923 3923 τὺ

335 3955 500 4025 ἔργον
555 3956 738 4008 ὁποῖόν
780 3956 921 4023 ἐστι,
988 3955 1050 4010 τὸ
1097 3957 1210 4028 πῦρ
1233 3958 1546 4029 δοκιμάσει·
1589 3960 1684 4016 καὶ
1712 3961 1795 4016 ὅτι
1853 3962 1920 4021 σὺ

337 4044 643 4110 ἀποδώσεις
669 4047 887 4118 ἑκάστῳ
907 4049 1050 4103 κατὰ
1086 4049 1158 4103 τὰ
1205 4049 1342 4120 ἔργα
1366 4051 1551 4106 αὑτοῦ.
1597 4071 1615 4103 ι
1666 4053 1921 4108 Μάλιστα

331 4138 410 4202 δὲ,
449 4137 524 4208 μὴ
552 4138 727 4202 οὕτως
754 4139 962 4204 ἁπλῶς,
991 4134 1134 4214 ᾗπερ
1177 4140 1494 4212 βούλονται·
1555 4143 1671 4196 ἀλλ’
1714 4144 1790 4206 ὡς
1837 4144 1921 4198 δεῖ

333 4228 430 4280 καὶ
493 4226 778 4298 βούλεσθαι
843 4229 940 4283 καὶ
993 4229 1216 4299 βιῶναιο
1276 4231 1395 4302 δοίη
1451 4233 1678 4286 πᾶσινό
1712 4232 1915 4305 Κύριος

341 4317 577 4371 σύνεσιν.
612 4319 685 4372 Σὺ
708 4318 764 4372 δὲ
797 4319 893 4372 καὶ
919 4321 1026 4384 πᾶς
1048 4321 1076 4374 ὁ
1112 4320 1433 4392 βουλόμενος
1481 4323 1621 4376 κατὰ
1662 4323 1794 4376 Θεὸν
1817 4322 1918 4394 ζῆ-

334 4426 448 4474 σαι,
481 4407 671 4480 ὥσπερ
700 4410 810 4463 ἀπό
843 4427 987 4474 τινος
1028 4411 1338 4483 κρασπέδου
1372 4413 1479 4466 τῶν
1511 4413 1768 4467 τοιούτων
1801 4417 1912 4486 ρη-

334 4501 544 4573 μάτων,
589 4502 649 4555 τὸ
692 4502 814 4560 ὅλον
845 4503 1076 4572 χρύσεον
1105 4507 1202 4558 καὶ
1256 4506 1626 4576 πνευματικδν
1688 4504 1914 4576 ὕφασμα

326 4594 429 4664 τῆς
463 4595 739 4666 μακαρίας
774 4595 1024 4665 ὑπακοῆς
1060 4596 1271 4667 μαθὼν,
1322 4599 1635 4668 ὲπείχθητι,
1672 4597 1748 4660 ὼς
1776 4615 1890 4669 προ

325 4685 647 4757 δεδήλωται,
679 4688 858 4759 εὑρεῖν
887 4687 1210 4742 διδάσκαλον
1272 4690 1487 4760 ἀπλανῆ
1527 4689 1622 4744 καὶ
1656 4689 1863 4742 τέλειον
1889 4706 1904 4722 ο

325 4783 550 4840 τελείων
590 4783 650 4842 δέ,
695 4784 830 4846 ἐστι,
901 4783 1043 4836 κατὰ
1085 4783 1175 4835 τὸν
1206 4784 1578 4854 Χριστοφόρον
1622 4783 1853 4847 Παῦλον,
1879 4782 1913 4852 ή

329 4876 527 4947 στερεὰ
559 4875 734 4946 τροφή
760 4890 776 4907 ·
816 4873 926 4927 τῶν
954 4874 1042 4927 διὰ
1058 4875 1158 4946 τὴν
1202 4873 1316 4938 ’ἐειν
1348 4874 1579 4944 ἐχόντων
1611 4875 1682 4926 τὰ
1725 4874 1914 4945 αἰσθηρ-

322 4969 490 5038 τήρια
511 4965 938 5036 γεγυμνασμένα
970 4966 1109 5038 πρὸς
1160 4965 1442 5034 διάκρισιν
1489 4965 1658 5018 καλοῦ
1716 4982 1773 5018 τε
1816 4964 1910 5024 καὶ

321 5058 521 5116 κακοῦ.
555 5059 663 5112 Kal
688 5059 862 5128 τούτῳ
898 5057 978 5128 τῷ
1019 5057 1226 5129 τρόπῳ,
1273 5058 1440 5128 ἡγουν
1485 5057 1758 5126 ἐμπόνως,
1814 5056 1910 5111 καὶ

321 5151 466 5224 μετὰ
503 5152 741 5214 πίστεως
765 5150 967 5220 ζητῶν,
1009 5151 1070 5203 ού
1097 5150 1172 5219 μὴ
1199 5150 1452 5222 ἁμάρτῃς
1475 5147 1566 5203 τοῦ
1606 5146 1909 5218 προκειμέ-

316 5260 414 5296 νου
445 5239 674 5294 σκοποῦ.
704 5257 722 5290 ι
766 5240 878 5302 Πᾶς
908 5238 1039 5308 γὰρ,
1083 5243 1248 5309 φησιν
1288 5241 1321 5310 ἡ
1353 5237 1471 5292 θεία
1503 5237 1714 5308 Γραφὴ.
1747 5239 1775 5290 ὁ
1825 5237 1910 5289 ai-

314 5333 456 5396 τῶν,
501 5331 808 5403 λαμϐάνει⁹
869 5332 966 5384 καὶ
1025 5333 1054 5383 ό
1099 5330 1301 5401 ζητῶν,
1365 5331 1638 5402 εὑρίσκει·
1685 5330 1780 5382 καὶ
1827 5327 1907 5399 τῷ

315 5423 577 5496 κρούοντι
612 5422 984 5493 ἀνοιγήσεται.
1046 5441 1065 5475 ι
1103 5423 1367 5486 Κάκεῖ-κός
1411 5440 1493 5475 σοι
1549 5422 1726 5475 πάντα
1782 5421 1904 5476 καθ’

316 5515 515 5588 εἱρμὸν
552 5513 646 5568 καὶ
683 5513 838 5579 τάξιν
872 5514 1298 5584 μυσταγωγήσει
1332 5513 1402 5566 τὰ
1456 5513 1642 5567 δέοντα
1665 5513 1757 5567 καὶ
1783 5513 1904 5567 θεο-

314 5609 477 5684 φιλῆ.
519 5610 630 5664 Καὶ
660 5606 740 5660 ἔτι
770 5605 826 5658 δὲ
857 5606 1056 5677 μᾶλλον
1085 5609 1512 5676 χειραγωγήσει,
1567 5605 1704 5676 πρός
1739 5623 1800 5673 γε
1843 5605 1904 5659 τὸ

477 5787 523 5821 ’τ’
552 5787 716 5846 Joan.
747 5805 823 5857 vr,
859 5788 948 5844 38.
1027 5788 1070 5822 τ’
1106 5790 1122 5844 1
1162 5791 1285 5846 Cor.
1321 5806 1407 5855 tu,
1454 5793 1538 5848 l3.

1639 5792 1849 5851 “Paul.
1901 5809 2006 5863 ιιι,
2059 5796 2146 5853 15.

2020 3217 2252 3281 limbria.
2299 3234 2524 3274 aureum
2579 3235 2642 3276 ac
2693 3221 3028 3293 spiritualem
3074 3221 3241 3277 beatae
3288 3222 3610 3284 obcdieutiaa

2022 3312 2290 3366 tramitem
2331 3312 2654 3380 suscipiens,
2692 3314 2914 3380 festina,
2955 3323 3015 3371 ut
3053 3315 3462 3386 prmindicatum
3492 3324 3598 3382 ενι,

2022 3403 2341 3473 magistrum
2397 3404 2643 3460 invenire
2681 3405 2900 3461 doctum
2945 3420 3008 3460 ac
3052 3403 3390 3474 perfectum;
3425 3406 3598 3475 perie-

2020 3502 2228 3549 cturum
2275 3503 2360 3550 est
2389 3504 2590 3559 autem,
2623 3495 2796 3566 juxta.
2821 3496 3064 3552 divinum
3095 3499 3398 3567 apostolum
3459 3497 3597 3552 Pau-

2020 3585 2154 3651 lum,
2187 3586 2393 3642 solidus
2419 3586 2607 3653 cibus;
2633 3603 2818 3644 eorum
2839 3589 3064 3654 scilicet,
3091 3589 3179 3658 qui
3199 3605 3264 3643 ex
3293 3604 3394 3645 suo
3419 3589 3602 3648 habitu

2020 3692 2216 3738 sensus
2244 3678 2310 3732 ad
2336 3679 2753 3734 discernendum
2809 3681 3013 3736 bonum
3058 3696 3121 3737 ac
3178 3681 3381 3736 malum
3436 3690 3594 3752 aptos

2025 3769 2246 3826 habent.
2283 3768 2461 3838 Atque
2500 3769 2604 3826 hoc
2635 3771 2823 3838 modo,
2881 3787 3073 3843 nempe
3123 3787 3246 3828 cum
3308 3773 3490 3830 labore
3543 3785 3599 3830 et

2023 3860 2126 3916 (ide
2177 3861 2480 3931 inquirens,
2548 3878 2654 3919 non
2710 3879 2744 3918 a
2804 3865 3084 3936 proposito
3137 3869 3244 3923 line
3300 3867 3604 3924 aberrabis.

2028 3967 2048 4001 ι
2081 3951 2270 4004 Uumis
2319 3949 2488 4018 enim,
2546 3951 2723 4024 inquit
2759 3953 2939 4011 divina
2998 3953 3302 4028 Scriptura,
3326 3959 3420 4029 qui
3449 3959 3604 4028 petit,

2021 4041 2238 4112 accipit,
2288 4053 2343 4100 et
2370 4045 2461 4114 qui
2497 4047 2712 4114 quan-it,
2759 4047 3002 4117 invenit;
3047 4060 3098 4106 et
3123 4051 3362 4122 pulsanti
3393 4052 3605 4123 aperie-

2021 4140 2110 4188 tur
2137 4133 2204 4190 ⁸¹.
2263 4152 2283 4188 ι
2325 4135 2388 4192 Et
2422 4137 2509 4191 ille
2537 4137 2656 4203 tibi,
2680 4141 2988 4196 successive
3016 4157 3080 4198 ac
3103 4158 3196 4214 per
3216 4143 3484 4211 ordinem,
3536 4144 3606 4201 iis

2021 4241 2142 4294 quae
2181 4226 2439 4282 facienda'
2481 4239 2610 4285 sunt
2637 4238 2690 4285 et
2717 4229 2825 4287 Deo
2864 4231 3076 4300 placent
3105 4243 3156 4290 te
3194 4234 3453 4300 initiabit,
3491 4235 3605 4292 imo

2023 4315 2140 4387 ipse
2174 4330 2224 4373 te
2250 4333 2412 4374 manu
2448 4320 2632 4383 ducet,
2678 4322 2743 4376 ad
2770 4337 2833 4377 ea
2863 4339 2984 4392 qua:
3015 4323 3124 4386 Deo
3151 4336 3302 4397 grata
3335 4334 3390 4382 et
3441 4329 3605 4397 spiri-

2025 4407 2192 4462 tualia
2223 4418 2368 4474 sunt,
2398 4419 2453 4464 et
2498 4411 2772 4492 plerisque
2799 4413 3157 4474 intolerabilia
3193 4435 3210 4483 ;
3241 4431 3365 4472 cum
3411 4418 3609 4474 viderit

2027 4511 2080 4554 te
2105 4516 2171 4554 ex
2202 4501 2386 4557 animo
2417 4503 2798 4562 mediocritate
2830 4516 2884 4561 et
2934 4507 3237 4569 humilitate
3269 4519 3321 4565 et
3347 4511 3608 4581 simplici-

2027 4599 2136 4646 tate
2159 4591 2349 4658 laetari,
2383 4594 2495 4648 sive
2525 4595 2582 4650 in
2612 4596 2770 4661 cibis,
2822 4597 2934 4653 sive
2961 4599 3014 4653 in
3068 4601 3429 4666 vestimentis,
3489 4602 3607 4658 sive

2025 4681 2079 4736 in
2107 4683 2286 4751 palliis
2322 4693 2806 4758 ;couteut,umque
2860 4704 2981 4745 esse
3010 4691 3077 4744 iis
3106 4707 3227 4758 qua:
3267 4708 3364 4762 pro
3396 4701 3605 4764 tempo-

2030 4789 2086 4828 re
2113 4775 2262 4828 utilia
2293 4787 2421 4832 sunt
2445 4785 2501 4833 et
2528 4789 2837 4849 Opportuna
2874 4791 2928 4836 et
2956 4784 3262 4838 necessaria
3295 4801 3310 4852 ;
3347 4800 3456 4840 non
3507 4802 3605 4841 au-

2026 4872 2134 4919 tem
2172 4866 2488 4936 superﬂuis,
2545 4871 2775 4938 ignavis,
2832 4889 3012 4943 neque
3046 4874 3115 4930 iis
3157 4889 3278 4944 qua:
3342 4879 3500 4947 nugis
3549 4888 3605 4932 et

2029 4957 2305 5025 splendori
2349 4960 2536 5019 insane
2569 4961 2910 5034 indulgentes
2961 4965 3139 5036 magni
3170 4965 3378 5022 faciunt
3406 4979 3462 5024 et
3510 4970 3608 5023 ad-

2032 5063 2218 5104 versus
2272 5053 2483 5122 seipsos
2544 5058 2887 5127 salutemque
2938 5073 3092 5114 suam
3133 5062 3370 5129 gladium
3429 5061 3600 5116 strin-

2030 5150 2182 5208 sunt.
2227 5140 2362 5196 Nam
2415 5143 2532 5212 ipse
2584 5162 2812 5217 magnus
2840 5147 3134 5217 Apostolus
3168 5152 3286 5208 ait:
3329 5131 3603 5208 Habentes

2030 5230 2284 5286 alimenta
2311 5241 2364 5287 et
2385 5234 2583 5303 quibus
2601 5246 2868 5305 tegantur.
2894 5239 2976 5294 his
2996 5242 3237 5297 contenti
3264 5243 3470 5299 erimus
3493 5244 3556 5296 “.
3577 5261 3595 5293 ι

2038 5322 2142 5380 Sed
2166 5326 2279 5394 ipse
2303 5329 2490 5398 cupias
2509 5343 2573 5384 ac
2595 5347 2641 5384 νι
2661 5330 2728 5387 lis
2753 5346 2782 5386 a
2811 5331 2968 5388 nobis
2989 5334 3191 5404 scripto
3217 5335 3426 5392 discere
3449 5352 3601 5405 quae-

2035 5432 2163 5472 nam
2189 5425 2242 5473 et
2281 5419 2550 5490 principio
2583 5430 2637 5477 et
2670 5423 2823 5478 initio
2859 5433 2914 5479 et
2963 5426 3055 5480 ilui
3081 5426 3244 5497 bujus
3276 5427 3398 5484 vitae
3445 5429 3603 5484 Chri-

2036 5509 2228 5560 stianze
2275 5512 2630 5580 competant?
2683 5513 3043 5580 Quantumvis
3084 5515 3352 5572 laudanda
3397 5517 3469 5572 sit
3510 5525 3600 5570 tua

2032 5599 2282 5666 quaestio.
2311 5617 2442 5657 sane
2473 5603 2797 5660 laboriosum
2823 5614 2906 5682 est
2939 5622 3002 5660 ex
3057 5607 3352 5676 improviso
3383 5606 3476 5661 tibi
3513 5620 3602 5660 re-

2249 5792 2290 5823 ι»
2355 5795 2545 5850 anim.
2593 5797 2772 5864 γωδ.
2877 5792 3348 5864 ⁵³ΙΤἱω.νι,8.
