4080 6206
404 350 511 411 66"

1676 356 2074 421 OPUF-CULA
2113 352 2492 427 ASCE’I’ICA.

3555 372 3663 434 670

392 465 555 531 Θεοῦ,
583 464 677 518 καὶ
703 462 803 534 τὴν
828 460 1182 531 δικαιοσύνην
1207 458 1393 525 αὑτοῦ,
1424 460 1519 513 καὶ
1572 459 1747 512 ταῦτα
1797 460 1975 513 πάντα

2106 480 2232 548 ,~jus,
2289 492 2343 537 et
2402 485 2519 539 haec
2570 485 2756 540 omnia
2818 484 3145 555 atljicieu‘tttr
3173 470 3352 543 vobis.
3384 485 3571 557 Neque
3604 487 3660 539 in

399 551 842 623 προστεθήσεται
873 550 1004 620 ὑμῖν
1026 565 1041 579 ⁸
1098 550 1173 621 μὴ
1202 545 1296 602 οὖν
1327 549 1704 620 μεριμνήσητε
1736 552 1817 613 είς
1873 551 1974 619 τὴν

396 643 627 715 αὔριονο
670 633 844 715 ἡγὰρ
890 642 1081 713 αὔριον
1119 644 1448 713 μεριμνήσει
1501 642 1570 694 τὰ
1607 642 1840 711 ἑαυτῆς*
1874 643 1977 715 ἀρ-

398 737 556 790 κετὸν
605 739 672 807 τῇ
736 736 921 807 ἡμέρᾳ
953 738 986 806 ἡ
1047 736 1219 789 κακία
1253 735 1444 806 αὐτῆς.
1488 754 1506 787 ι
1562 736 1727 804 Λέγει
1753 735 1809 789 δὲ
1834 736 1926 790 καὶ
1951 739 1980 790 6

400 830 557 898 ᾶγιος
621 828 839 881 Ἰσαάκ·
898 828 1083 897 Χωρὶς
1115 828 1472 897 ἀμεριμνίας,
1512 827 1627 895 φῶς
1651 829 1708 880 ἔν
1732 830 1796 898 τῇ
1830 828 1976 902 ψυχῇ

400 937 497 972 σου
529 919 604 990 μὴ
634 919 877 990 ζητὴσῃς
897 934 911 949 ·
950 920 1087 988 μήτε
1111 918 1351 989 γαλήνην
1373 919 1468 971 καὶ
1489 920 1744 989 ἡσυχίαν,
1805 923 1864 974 ὲν
1912 925 1979 993 τῇ

404 1013 704 1083 χαυνότητι
735 1012 845 1063 τῶν
875 1009 1181 1080 αίσθὴσεών
1211 1027 1325 1062 σου.
1354 1010 1465 1062 Καὶ
1485 1012 1512 1063 6
1545 1011 1642 1078 τῆς
1676 1011 1980 1082 Κλίμακοςο

404 1106 521 1159 Μία
552 1104 676 1175 θρὶξ
739 1104 1009 1175 ταράσσει
1056 1102 1337 1171 ὀφθαλμόν
1372 1120 1385 1133 ·
1426 1102 1521 1155 καὶ
1583 1104 1757 1175 μικρὰ
1819 1122 1985 1175 φρον-

406 1197 493 1259 τὶς
554 1193 809 1263 ἀφανίζει
850 1194 1104 1263 ἡσυχίαν.
1173 1194 1403 1264 Ἡσυχία
1454 1195 1563 1263 γάρ
1612 1197 1759 1249 ἐστιν
1788 1196 1987 1249 ἀπόθε-

409 1307 492 1352 σις
510 1290 821 1359 νοημάτων,
856 1290 948 1340 καὶ
973 1290 1201 1358 ἄρνησις
1226 1288 1462 1354 εὐλόγων
1484 1288 1801 1357 φροντίδων.
1821 1288 1878 1341 Ὁ
1905 1289 1990 1341 δν-

406 1401 514 1447 τως
566 1382 800 1451 ἡσυχίαν
859 1381 1199 1451 κατειληφὼς
1261 1382 1381 1433 οὐδὲ
1418 1383 1514 1451 τῆς

1568 1379 1762 1432 ἑαυτοῦ
1787 1397 1850 1433 σα
1863 1380 1990 1451 ρκὸς

410 1474 707 1545 ιρροντίσει.
753 1474 1017 1542 Ἀψευδὴς
1074 1473 1183 1543 γάρ
1246 1474 1394 1524 ἐστιν
1423 1474 1450 1524 6
1497 1472 1991 1541 ἐπαγγειλάμενος.

768 1592 887 1644 Ὀτι
913 1590 1009 1644 δεῖ
1022 1588 1339 1657 σιωπηλόν
1357 1585 1512 1642 εἶναί
1543 1605 1637 1643 σε.

485 1701 559 1770 ς’.
598 1703 721 1754 ¹Έτι
764 1702 889 1771 περὶ
914 1699 1009 1753 τοῦ
1041 1700 1224 1763 ἕκτου,
1272 1698 1475 1769 δηλαδὴ
1532 1696 1627 1750 τοῦ
1677 1698 1907 1768 σιωπᾷν,
1965 1699 1994 1751 6

413 1796 603 1867 είρμὸς
635 1797 810 1847 εἰπεῖν
857 1794 1006 1863 ἡμᾶς
1036 1792 1282 1856 ἐκϐιαζει
1308 1789 1405 1843 τοῦ
1449 1790 1632 1858 λόγου.
1689 1788 1850 1858 Λέγει
1900 1785 1997 1842 οὖν

419 1888 511 1939 καὶ
574 1886 704 1953 περὶ
755 1884 947 1937 τούτου
998 1885 1026 1936 6
1081 1884 1226 1944 ὅσιος
1267 1880 1494 1938 Ἰσαάκ·
1542 1879 1602 1933 '0
1660 1882 1886 1934 κωλύων
1933 1882 1995 1934 τὸ
2026 1851 2069 1906 Β

419 1978 596 2046 στόμα
635 1975 804 2028 αὑτοῦ
838 1977 902 2027 ὲκ
932 1974 1029 2043 τῆς
1056 1972 1412 2037 καταλαλιᾶς,
1451 1972 1823 2042 φυλάττειτὴν
1858 1990 1997 2044 καρ-

418 2067 536 2119 δίαν
563 2065 728 2118 αὑτοῦ
763 2067 828 2117 ἐκ
853 2064 961 2117 τῶν
989 2064 1178 2116 παθῶν
1202 2080 1217 2095 ·
1253 2064 1345 2117 καὶ
1377 2067 1404 2116 6
1433 2063 1715 2133 καθαίρων
1742 2064 1840 2132 τὴν
1864 2080 1998 2132 καρ-

418 2160 532 2212 δίαν
563 2158 728 2211 αὐτοῦ
753 2160 817 2210 ὲκ
849 2157 958 2210 τῶν
995 2156 1213 2223 παθῶν,
1239 2159 1297 2209 ἐν
1326 2157 1473 2227 πάσῃ
1509 2155 1629 2227 ὥρᾳ
1683 2157 1878 2225 θεωρεῖ
1910 2156 2000 2207 τὸν

424 2248 661 2319 Κύριονο
691 2249 783 2301 καὶ
816 2249 905 2301 ὅτε
946 2247 1123 2300 πάντα
1156 2248 1225 2299 τὰ
1262 2248 1396 2317 ἔργα
1433 2248 1535 2316 τῆς
1592 2247 1869 2309 πολιτείας
1920 2247 2001 2309 εἰς

423 2342 478 2393 ἓν
512 2342 674 2411 μέρος
709 2341 921 2411 θήσεις,
952 2340 1047 2392 καὶ
1064 2340 1163 2409 τὴν
1187 2340 1398 2409 σιωπὴν
1422 2341 1479 2391 ὲν
1523 2339 1687 2408 ἄλλῳ,
1748 2339 2001 2406 εὑρήσεις

424 2432 590 2501 αὐτὴν
651 2432 1098 2502 ὑπερϐάλλουσαν
1156 2432 1214 2482 ἐν
1274 2430 1521 2501 σταθμῷ.
1595 2429 1706 2483 Καί
1744 2447 1760 2461 ο
1831 2429 2003 2500 ’Υπὲρ

426 2529 601 2581 πάντα
645 2529 745 2597 τὴν
776 2527 987 2598 σιωπὴν
1035 2527 1344 2597 ἀγάπησον,
1413 2528 1494 2578 ὅτι
1535 2523 1887 2595 προσεγγίζει
1944 2543 2001 2577 σε

427 2620 541 2690 [ἴον.
566 2619 672 2692 σοι]
702 2621 836 2690 πρὸς
869 2620 1101 2690 καρπόν.
1138 2618 1201 2671 Ἥ
1226 2618 1447 2687 γλῶσσα
1470 2619 1578 2687 γὰρ
1609 2617 1830 2670 ἀσθενεῖ
1864 2617 2001 2687 πρὶς

424 2711 525 2780 τὴν
550 2710 805 2781 ἐξήγησιν
839 2711 1026 2765 αὐτοῦ.
1072 2711 1297 2781 Πρῶτον
1354 2711 1452 2779 μὲν
1508 2709 1825 2780 βιασώμεοα
1875 2712 2003 2762 ἐαυ-

427 2804 556 2864 τους
623 2804 873 2873 σιωπᾷν,
931 2804 1027 2855 καὶ
1084 2804 1204 2854 τότε
1252 2806 1313 2854 ὲκ
1354 2803 1451 2872 τῆς
1496 2804 1707 2871 σιωπῆς
1753 2806 2005 2866 γεννᾶται

431 2897 565 2964 ἡμῖν
584 2912 659 2955 τι,
695 2893 923 2965 ὀδηγοῦν
948 2895 1093 2965 ἡμᾶς
1137 2896 1216 2956 εἰς
1256 2893 1427 2964 αὐτὴν
1465 2894 1565 2964 τὴν
1604 2896 1837 2964 σιωπήν.
1880 2894 2003 2965 Δῴη

430 3003 513 3038 σοι
532 2987 558 3037 6
591 2985 720 3048 Θεὸς
748 2985 1080 3056 αἱσθηθῆναί
1111 3002 1257 3048 τινος
1287 2985 1633 3054 γεννωμένου
1664 2986 1729 3038 ἐκ
1758 2988 1853 3055 τῆς
1876 3004 2005 3040 σιω-

434 3080 559 3148 πῆς.
603 3079 727 3131 Ἐὰν
754 3079 809 3131 δὲ
840 3080 898 3131 ὲν
941 3077 1112 3150 ταύτῃ
1141 3080 1205 3148 τῇ
1239 3078 1487 3149 πολιτείᾳ
1521 3077 1684 3150 ἄρξῃ,
1729 3078 1828 3131 οὐκ
1885 3078 2007 3130 ἐπί-

2089 574 2392 630 crastiuum
2425 576 2647 631 solliciti
2683 577 2804 631 si:is
2836 594 2850 643 ;
2882 578 3157 633 crastinus
3192 579 3343 632 enim
3370 577 3487 633 dies
3509 578 3663 632 solli—

2090 667 2233 722 citus
2284 669 2388 722 erit
2441 668 2543 722 sibi
2600 668 2703 737 ipsi
2735 686 2751 724 :
2783 669 2978 724 suﬁicit
3005 670 3114 724 diei
3156 670 3366 725 malitia
3398 685 3497 725 sua
3523 671 3589 723 ".
3636 687 3655 720 ι

2095 761 2234 813 Dicit
2281 771 2461 815 autem
2514 769 2568 815 et
2630 771 2855 815 sanctus
2904 763 3085 818 Isaac:
3144 782 3163 814 ι
3194 763 3308 817 Nisi
3346 763 3427 817 sis
3454 763 3662 831 absque

2091 851 2478 917 Sollicitudine,
2551 866 2621 905 ue
2684 868 2900 921 quaeras
2954 853 3008 907 in
3070 855 3253 909 anima
3308 862 3400 908 tua
3454 854 3660 917 lucem,

2092 961 2267 1013 neque
2323 947 2796 1015 tranquillitatem.
2851 962 3031 1015 neque
3086 962 3276 1014 pacem
3342 946 3396 999 in
3467 962 3635 1015 super

2093 1037 2180 1092 hia
2241 1052 2499 1091 sensuum
2554 1049 2794 1093 tuorum.
2831 1057 2850 1090 ι
2916 1039 2983 1093 Et
3038 1038 3297 1094 Climax:
3357 1057 3375 1090 ι
3419 1038 3663 1107 Capillus

2094 1144 2235 1182 unus
2293 1130 2513 1182 oculum
2574 1129 2757 1197 hedit,
2807 1139 2862 1183 et
2907 1145 3072 1197 parva
3105 1130 3429 1183 sollicitudo
3472 1144 3662 1198 pacem

2092 1221 2330 1289 expellit.
2364 1220 2473 1275 Pax
2520 1223 2666 1276 enim
2700 1234 2783 1278 est
2822 1207 3225 1292 COgitatiouum
3275 1222 3574 1289 depositio,
3606 1232 3663 1276 et

2096 1326 2369 1370 rectarqu
2404 1318 2563 1371 etiam
2597 1334 2853 1372 curarum
2889 1320 3130 1389 negatio.
3169 1319 3272 1384 Qui
3310 1333 3438 1372 vere
3474 1334 3663 1387 ρων-ιιι

2093 1410 2367 1477 concepit,
2418 1423 2517 1463 nec
2556 1410 2623 1463 de
2680 1427 2775 1465 sua
2822 1426 2990 1465 carne
3032 1412 3304 1466 sollicitus
3335 1421 3436 1466 est.
3477 1429 3497 1461 ι
3544 1409 3665 1465 Non

2094 1501 2324 1557 meudar
2353 1512 2434 1557 est
2465 1503 2558 1573 qui
2591 1504 2641 1558 id
2678 1504 3054 1573 proclamavit.

2304 1607 2457 1673 Quod
2488 1618 2688 1676 oportet
2722 1621 2770 1664 te
2792 1625 2906 1664 esse
2934 1608 3137 1663 silentii
3168 1608 3459 1662 nutantem.

2170 1700 2245 1757 De
2280 1713 2437 1758 sexto
2490 1703 2671 1763 adhuc
2729 1718 2927 1772 nempe
2962 1704 3058 1758 tibi
3095 1704 3367 1757 silendum
3398 1716 3521 1755 esse
3555 1713 3660 1753 ser.

2100 1795 2275 1848 monis
2309 1804 2511 1850 trames
2542 1810 2642 1849 nos
2669 1795 2733 1848 ad
2759 1795 3053 1848 dicendum
3089 1794 3325 1848 inducit.
3368 1791 3432 1845 Et
3466 1792 3532 1846 de
3566 1791 3672 1844 hoc

2100 1888 2174 1941 ita
2230 1885 2474 1955 loquitur
2534 1888 2655 1954 pius
2717 1885 2869 1939 Isaac
2910 1903 2924 1938 :
2990 1902 3008 1935 ι
3050 1883 3151 1951 Qui
3184 1898 3245 1936 os
3279 1897 3437 1935 suum
3478 1881 3546 1934 ab
3576 1881 3675 1932 oh-

2102 1978 2426 2032 trectatione
2459 1978 2675 2041 avortit,
2706 1993 2800 2031 cm-
2828 1992 2987 2032 suum
3024 1990 3249 2045 quoque
3275 1972 3674 2041 cupiditatibus

2100 2084 2336 2122 vacuum
2402 2076 2627 2133 servat;
2683 2074 2738 2120 et
2794 2066 2887 2133 qui
2941 2081 3036 2119 cor
3087 2079 3245 2119 suum
3281 2061 3675 2131 cupiditatibus

2102 2169 2313 2227 purgat,
2350 2161 2498 2212 omni
2529 2160 2659 2212 hora
2692 2158 2980 2211 Dominum
3015 2157 3259 2210 intuetur
3287 2175 3301 2221 ;
3331 2166 3388 2210 et
3416 2156 3462 2210 si
3487 2154 3675 2209 omnia

2100 2254 2225 2306 vita:
2254 2266 2417 2320 opera
2456 2252 2508 2303 in
2542 2266 2650 2303 una
2682 2261 2839 2319 parte
2872 2248 3097 2311 statuis,
3133 2247 3411 2302 silentium
3447 2260 3575 2300 vero
3619 2245 3675 2296 in

2102 2348 2293 2410 altera,
2336 2345 2574 2413 reperies
2633 2344 2917 2398 silentium
2961 2343 3013 2396 in
3073 2343 3225 2394 Iunce
3262 2341 3384 2410 plus
3417 2338 3678 2408 ponderis

2103 2439 2323 2493 habere.
2355 2457 2374 2489 ι
2400 2437 2491 2501 Et,
2527 2455 2545 2488 ι
2579 2434 2755 2506 Super
2791 2436 2973 2490 omnia
3005 2434 3282 2489 silentium
3314 2432 3501 2500 dilige,
3545 2430 3675 2497 quia

2102 2542 2153 2587 te
2211 2530 2412 2585 fructui
2469 2530 2779 2599 proximum
2841 2529 3025 2584 faciet.
3076 2527 3288 2597 Lingua
3346 2526 3491 2580 enim
3551 2522 3678 2576 huic

2100 2624 2414 2679 enarraudo
2449 2623 2627 2693 impar
2670 2632 2776 2678 est.
2809 2621 2994 2676 Primo
3018 2636 3277 2688 cogamus
3310 2618 3677 2685 nosmetipsos

2102 2729 2321 2773 tacere:
2365 2725 2419 2771 et
2482 2732 2547 2772 ex
2583 2727 2776 2770 nostro
2831 2714 3051 2770 silentio
3105 2724 3364 2767 nascetur
3392 2710 3549 2763 nobis
3579 2709 3679 2763 ali-

2102 2811 2231 2880 quid
2289 2825 2388 2865 nos
2444 2810 2511 2863 ad
2571 2809 2750 2878 ipsum
2810 2807 3092 2862 silentium
3145 2804 3415 2875 dirigens.
3442 2803 3544 2856 Det
3579 2799 3679 2855 tibi

2105 2906 2247 2959 Deus
2284 2903 2723 2957 animadvertere
2762 2901 2972 2967 aliquid
3009 2900 3062 2954 in
3096 2908 3149 2953 te
3180 2913 3245 2951 ex
3284 2896 3506 2950 silentio
3547 2910 3679 2947 uas-

2103 3011 2234 3050 ceus
2267 2996 2282 3049 l
2320 2995 2475 3060 Quod
2509 2995 2554 3049 si
2584 2995 2687 3048 hac
2718 2993 2912 3058 agendi
2942 2991 3154 3046 ratione
3202 2990 3450 3058 incipias,
3491 2985 3684 3040 nescio

2103 3104 2203 3159 ego
2234 3098 2497 3158 quantum
2532 3088 2711 3141 lumen
2742 3086 2838 3141 tibi
2876 3086 3003 3140 inde
3035 3084 3388 3138 nasciturum
3422 3082 3515 3136 sit.
3562 3097 3580 3131 ι
3618 3078 3686 3132 Ει

432 3170 769 3239 σταμαιὲγὼ
802 3173 953 3223 ποῖον
988 3170 1103 3238 σῶς
1158 3170 1408 3223 ἀνατελεῖ
1455 3186 1536 3222 σοι
1577 3170 1845 3223 ἐντεῦθεν.
1899 3172 2008 3223 Καὶ

2106 3199 2316 3236 rursum
2347 3199 2361 3235 :
2391 3201 2407 3233 ι
2446 3179 2733 3236 Silentium
2758 3187 2841 3235 est
2870 3178 3049 3233 sreculi
3102 3176 3267 3231 futuri
3320 3172 3637 3244 mysterium
3664 3187 3681 3223 :

435 3261 594 3326 αὖθις
634 3280 649 3295 ο
691 3264 756 3316 'll
799 3262 981 3332 σιωπὴ
1052 3262 1348 3332 μυστήριόν
1401 3261 1518 3314 ἐστι
1567 3260 1664 3314 τοῦ
1717 3262 2010 3330 μέλλοντος

434 3353 627 3416 αἰῶνος
648 3370 662 3383 ’
694 3354 743 3405 οί
765 3354 821 3406 δὲ
856 3352 1004 3421 λόγοι
1040 3352 1272 3424 ὄργανόν
1301 3354 1406 3405 είσι
1445 3351 1537 3404 τοῦ
1567 3351 1773 3419 κόσμου
1795 3351 2009 3403 τούτου.

436 3448 546 3501 Καὶ
579 3447 658 3517 τῷ
689 3447 829 3515 ἁγίῳ
862 3446 919 3499 δὲ
962 3446 1245 3516 Ἀρσενίῳ,
1289 3444 1464 3506 οὕτως
1509 3444 1540 3512 ἡ
1577 3443 1695 3495 θεία
1747 3442 1900 3512 φωνὴ
1948 3442 2013 3493 τὸ

435 3538 687 3610 ἱεὺτερον
734 3537 1030 3591 ἐθέσπισεν
1074 3536 1345 3607 ’Δρσένιε,
1406 3535 1597 3605 φεῦγε,
1638 3532 1840 3599 σιώπα,
1875 3533 2009 3607 ἡσύ-

436 3633 589 3709 χαζε,
628 3633 724 3686 καὶ
748 3632 994 3702 σωθήσῃ.

779 3744 911 3797 *Οτι
942 3742 1033 3796 δεῖ
1064 3742 1308 3813 ἥσυχον
1344 3737 1501 3795 εἶναί
1528 3756 1625 3797 σε.

510 3863 551 3915 Ζ
572 3903 585 3915 .
630 3857 910 3921 Ὡσαύτως
931 3857 987 3915 δὲ
1022 3856 1117 3910 καὶ
1150 3856 1279 3926 περὶ
1306 3854 1400 3908 τοῦ
1436 3854 1686 3925 ἑϐδόμου,
1716 3852 1883 3924 ῆγουν
1918 3850 2014 3905 τοῦ

441 3952 657 4024 ἡσύχως
690 3949 880 4021 βιῶναί
914 3965 997 4019 σε,
1030 3949 1338 4014 ἀξιόπιστοι
1393 3946 1529 4015 πρὸς
1576 3947 1953 4016 παράστασιν,
1988 3945 2016 3996 ὃ

438 4028 497 4099 τε
536 4045 705 4117 μέγας
734 4043 1038 4107 Βασίλειος,
1070 4025 1165 4094 καὶ
1190 4041 1217 4092 6
1253 4039 1405 4116 ἅγιος
1431 4039 1595 4099 πάλιν
1630 4036 1838 4100 Ἰσαὰκ,
1866 4038 1894 4088 ὁ
1918 4038 2016 4106 μὲν

440 4137 703 4209 εἰρηκώςο
745 4137 806 4189 Ἦ
828 4136 1048 4207 ἡσυχία,
1081 4134 1226 4205 ἁρχὴ
1252 4131 1576 4203 καθάρσεως
1598 4134 1664 4203 τῇ
1683 4131 1828 4209 ψυχῇ
1849 4148 1861 4159 ·
1888 4134 1915 4184 6
1935 4132 2018 4198 δὲ,

442 4232 605 4302 Ὅρος
633 4230 884 4301 ἡσυχίας,
915 4219 1097 4296 σιωπὴ
1122 4227 1229 4280 ἀπὸ
1254 4224 1499 4277 πάντων·
1536 4223 1565 4283 6
1602 4222 1722 4293 μὲν,
1751 4223 1853 4291 τὴν
1882 4222 2019 4275 ταύ-

438 4341 537 4395 της
566 4323 762 4394 ἀρχὴν,
804 4324 832 4374 6
879 4321 956 4385 δὲ,
985 4320 1047 4373 τὸ
1085 4319 1239 4381 τέλος
1279 4318 1367 4371 διὰ
1398 4316 1561 4381 τῶνδε
1587 4316 1696 4369 τῶν
1723 4314 1916 4383 φωνῶν
1941 4315 2015 4379 ὡς

442 4421 500 4471 ἐν
530 4417 786 4487 συντόμῳ
824 4413 1282 4483 ἑπισημάναντες.
1321 4411 1433 4464 Καὶ
1479 4410 1539 4463 ἐν
1591 4411 1657 4478 τῇ
1704 4407 1915 4478 Παλαιᾷ
1958 4408 2015 4459 δὲ

442 4511 631 4579 Γραφῇ
664 4507 836 4571 οὕτως
855 4506 1070 4577 εἴρηται
1090 4521 1104 4535 ο
1134 4522 1153 4556 ι
1174 4504 1498 4581 Ἦμαρτεςς
1529 4501 1803 4573 ἡσύχασον
1822 4517 1835 4529 '
1858 4518 1879 4555 ι
1902 4501 2015 4564 καὶ,
2042 4531 2086 4585 D

450 4622 467 4652 ι
493 4601 796 4673 Σχολάσατε
831 4598 929 4653 καὶ
959 4598 1158 4665 γνῶτε,
1184 4596 1266 4649 ὅτι
1292 4595 1403 4660 ἐγώ
1428 4598 1542 4665 είμι
1568 4596 1595 4647 6
1614 4593 1766 4657 Θεός.
1801 4611 1820 4644 ι
1856 4594 2018 4661 Λέγει

444 4696 501 4749 δὲ
539 4694 636 4748 καὶ
665 4696 694 4747 6
727 4694 824 4765 τῆς
864 4690 1180 4761 Κλίμακος·
1216 4688 1422 4757 Ἔργον
1469 4686 1702 4757 ἡσυχίας
1745 4683 2020 4755 προηγούο

449 4803 629 4853 μενον,
671 4783 972 4854 ἀμεριμνία
1018 4781 1238 4833 πάντων
1294 4778 1638 4853 πραγμάτων
1689 4777 1947 4845 εὐλόγων,
1981 4777 2016 4847 ἡ

446 4875 692 4941 ἀλόγωνο
723 4874 751 4925 6
776 4872 885 4942 γὰρ
921 4872 1036 4936 τοῖς
1080 4868 1369 4940 προτέροις
1415 4865 1670 4933 ἀνοίγων,
1698 4866 1812 4928 τοῖς
1838 4864 2021 4917 δευτέ-

451 4981 562 5035 ροις
593 4964 813 5026 πάντως
866 4961 1271 5033 περιπεσεῖται.
1331 4955 1617 5035 Προσευχὴ
1655 4954 1869 5019 ἄοκνος,
1926 4953 2021 5007 καὶ

445 5032 649 5130 τρίτον,
682 5055 915 5128 ἐργασία
946 5032 1185 5124 καρδίας
1216 5032 1435 5112 ἄσυλος.
1472 5047 1778 5112 Ἀδύνατον,
1811 5045 1901 5099 τόν
1943 5047 2018 5117 μὴ

446 5152 598 5221 γράμ
608 5138 756 5221 ματα
779 5147 1157 5220 μεμαθηκότα,
1182 5141 1425 5212 φυσικῶς
1447 5141 1506 5193 ἐν
1529 5139 1732 5203 δέλτοις
1766 5138 2018 5210 μελετᾷνο

446 5241 854 5309 ἀδυνατώτερον
871 5240 950 5303 δὲ,
981 5240 1107 5299 τοὺς
1137 5238 1209 5307 μὴ
1243 5236 1303 5288 τὸ
1331 5234 1597 5305 πρότερον
1620 5234 2019 5303 κτησαμένους.

458 5334 527 5386 τὰ
565 5330 679 5385 δύω
706 5330 850 5398 λόγῳ
882 5326 1183 5399 μετελθεῖν.
1228 5324 1339 5378 Καὶ
1375 5321 1535 5387 αὖθις
1561 5324 1589 5376 6
1619 5321 1776 5390 ἆγιος
1816 5321 2035 5375 Ἰσαάκ·

458 5422 631 5486 Πόθος
655 5420 895 5491 ἡσυχίας
942 5418 1083 5480 ἐστὶ,
1117 5415 1412 5486 προσδοκία
1449 5414 1545 5467 τοῦ
1594 5413 1828 5467 θανάτου
1861 5412 2039 5482 διηνε-

461 5509 565 5579 κὴς
583 5524 598 5537 ’
632 5510 660 5560 6
684 5506 842 5566 ἐκτὸς
864 5504 1065 5574 ταύτης
1096 5504 1196 5573 τῆς
1223 5502 1452 5572 μελέτης
1480 5502 1861 5573 εἰσερχόμενος
1890 5503 1948 5554 ὲν
1974 5504 2037 5572 τῇ

468 5598 694 5669 ἠσυχίᾳ,
727 5597 788 5648 οὐ
813 5596 1037 5649 δύναται
1073 5594 1363 5664 βαστάσαι,
1400 5593 1543 5662 ἆπερ
1576 5593 1863 5662 ὀφείλομεν
1907 5610 2028 5663 καρ-

463 5696 641 5764 τερεῖν
672 5692 767 5744 καὶ
797 5689 1170 5762 βαστάζεινδέκ
1203 5689 1398 5752 παντὸς
1428 5690 1658 5755 τρόπου.

2104 3290 2385 3331 sermones
2433 3289 2561 3328 vero
2616 3281 2745 3328 sunt
2789 3271 2977 3326 mundi
3032 3269 3199 3341 hujus
3257 3283 3462 3336 organa
3491 3303 3505 3318 .
3552 3285 3570 3316 ι
3615 3264 3682 3317 Et

2105 3376 2296 3422 sancto
2328 3366 2560 3420 Arseuio
2586 3364 2657 3418 ita
2688 3362 2874 3417 divina
2901 3378 3001 3417 vox
3023 3361 3296 3430 posterius
3329 3359 3408 3412 sic
3439 3372 3673 3426 expres-

2106 3461 2213 3514 sit:
2255 3479 2271 3511 ι
2310 3458 2529 3523 Arseni,
2585 3457 2736 3526 fuge,
2785 3456 2911 3520 sile,
2950 3468 3138 3524 pacem
3193 3461 3354 3517 tene,
3399 3458 3455 3505 et
3502 3450 3689 3504 salvus

2107 3570 2242 3611 θῐιε.
2282 3574 2303 3608 ι

2390 3735 2543 3803 Quod
2569 3742 2773 3803 oportet
2806 3740 2856 3785 te
2876 3745 2987 3784 esse
3022 3725 3389 3799 tranquiilstm.

2177 3828 2391 3884 Pariter
2438 3837 2493 3882 et
2542 3826 2860 3894 septimum,
2911 3837 3106 3890 nempe
3168 3819 3313 3890 quod
3377 3824 3596 3885 oportet
3636 3825 3691 3870 te

2107 3923 2277 3977 vitam
2338 3919 2686 3988 tranquillam
2747 3931 2933 3985 agere,
2988 3913 3194 3983 optime
3223 3912 3607 3965 demonstrant
3634 3915 3691 3961 et

2110 4030 2339 4086 magnus
2372 4010 2604 4066 Basilius
2644 4017 2699 4064 et
2723 4018 2944 4063 sanctus
2975 4021 3193 4060 rursum
3224 4004 3406 4070 Isaac;
3443 4003 3532 4057 ille
3566 4000 3689 4070 quis

2109 4112 2233 4165 dem
2288 4107 2516 4163 dicens:
2555 4122 2574 4157 ι
2641 4100 3061 4170 Tranquillitas,
3108 4094 3456 4168 purgationis
3491 4093 3693 4147 anima!

2110 4202 2472 4273 principium;
2502 4218 2522 4251 ι
2563 4197 2652 4251 hic
2685 4209 2843 4249 vero:
2887 4211 2906 4245 ι
2937 4191 3226 4246 Terminus
3258 4185 3692 4256 tranquillitatis,

2109 4295 2392 4351 silentium
2449 4307 2515 4345 ex
2574 4288 2727 4344 omni
2786 4292 2984 4355 parte;
3041 4302 3061 4337 ι
3128 4283 3220 4338 ille
3252 4280 3496 4352 quidem,
3528 4275 3696 4340 hujus

2112 4386 2489 4459 principium,
2543 4381 2632 4435 hic
2683 4393 2816 4433 vero
2871 4376 3169 4432 terminum
3218 4373 3305 4428 his
3360 4369 3584 4424 vocibus
3636 4376 3695 4418 ut

2111 4475 2504 4546 cmnpcndiose
2534 4470 2927 4541 signiﬁcantes.
2953 4465 3018 4520 Et
3043 4463 3319 4534 ianetere
3345 4460 3698 4515 Testamento

2110 4571 2183 4625 ita
2209 4568 2413 4622 dictum
2443 4573 2567 4620 est:
2601 4581 2619 4614 ι
2676 4557 2919 4616 Peccasti
2946 4557 2970 4611 ‘l
3001 4555 3458 4625 tranquillitatem
3487 4566 3619 4622 age;
3664 4570 3696 4601 in

2110 4673 2186 4728 ct,
2229 4679 2247 4712 ι
2284 4658 2486 4713 Vacate
2538 4666 2592 4710 et
2619 4657 2776 4719 scite,
2806 4652 2935 4723 quia
2974 4650 3087 4720 Ego
3128 4665 3248 4704 sum
3291 4650 3456 4703 Deus.
3497 4667 3514 4699 ι
3560 4648 3700 4703 Dicit

2113 4763 2292 4810 autem
2339 4759 2394 4806 ct
2445 4749 2655 4803 Clima:
2714 4762 2728 4800 :
2798 4762 2817 4797 ι
2856 4759 2995 4814 Opus
3042 4740 3455 4810 tranquillitatis
3505 4740 3698 4808 pracci-

2113 4861 2281 4919 puum
2314 4852 2396 4897 est
2435 4839 2573 4893 nihil
2604 4851 2799 4893 curare
2826 4850 2942 4891 sive
2976 4832 3173 4886 rationi
3204 4838 3702 4885 consentaneorum

2123 4941 2238 4994 sive
2268 4933 2465 4991 rationi
2498 4927 2932 4985 adversantium.
2963 4924 3068 4990 Qui
3117 4924 3263 4977 enim
3289 4922 3517 4991 januam
3552 4921 3702 4990 prio-

2122 5033 2273 5089 ribus
2303 5027 2500 5099 aperit,
2530 5040 2656 5079 mox
2687 5024 2739 5077 in
2773 5020 3081 5092 posteriora
3116 5016 3323 5072 incidet
3350 5034 3364 5074 :
3398 5016 3587 5071 Oratio
3615 5015 3698 5068 iu-

2125 5123 2333 5194 trcpida
2383 5131 2435 5175 et
2478 5116 2677 5173 deinde
2715 5113 2961 5184 operatio
3008 5110 3197 5165 cordis
3240 5106 3701 5163 tutissima.,Non

2123 5227 2297 5291 potest
2333 5217 2449 5271 lieri
2475 5222 2535 5269 ut
2564 5212 2659 5283 qui
2691 5211 2901 5265 litteras
2936 5221 3044 5260 nou
3080 5203 3337 5259 didicerit
3362 5241 3378 5265 ,
3413 5202 3468 5256 in
3504 5200 3704 5254 tabulis

2122 5290 2480 5368 exerceatur:
2512 5302 2909 5375 impossibilius
2942 5298 3121 5353 adhuc
3161 5306 3248 5351 est
3281 5303 3340 5349 ut
3371 5295 3407 5348 ii
3462 5290 3556 5362 qui
3590 5290 3702 5360 pri-

2126 5420 2272 5458 mum
2312 5417 2415 5455 non
2448 5397 2792 5470 possederint
2814 5434 2829 5457 ,
2864 5393 2973 5446 duo
3011 5390 3115 5445 alia
3140 5395 3526 5456 assequamur.
3582 5400 3602 5432 ι
3637 5380 3705 5433 Et

2123 5511 2341 5551 rursum
2369 5502 2591 5548 sanctus
2616 5490 2700 5543 lsa
2720 5502 2769 5542 lC
2795 5504 2808 5540 :
2843 5503 2864 5537 ι
2904 5480 3343 5551 Trauquillitatis
3367 5473 3701 5530 desiderium

2123 5601 2208 5644 est
2250 5591 2507 5644 continua
2573 5583 2764 5637 mortis
2794 5575 3157 5647 exspectatio.
3191 5573 3292 5639 Qui
3335 5570 3554 5638 absque
3600 5565 3704 5620 hoc

2127 5684 2399 5743 exercito
2446 5680 2499 5735 in
2534 5673 2942 5747 tranquillitate
3001 5665 3328 5735 ingreditur,
3366 5675 3477 5717 non
3528 5669 3712 5732 potest

474 5795 612 5850 ῑυιτυ
657 5807 778 5862 quae
824 5792 1095 5848 sustinere
1137 5806 1201 5844 ac
1224 5791 1449 5848 suilerre
1473 5793 1621 5848 omni
1654 5787 1813 5845 modo
1848 5787 2125 5845 debemus.

540 5915 587 5946 '°
613 5912 796 5981 Matth.
831 5927 903 5983 vt,
934 5910 1026 5980 23,
1064 5924 1219 5989 seqq.

1830 6053 1921 6061 .4..-
