4080 6206
369 320 475 386 673

1594 316 1981 387 OPUSCULA
2021 321 2371 383 AStIETICA
2388 368 2405 386 .

3494 332 3603 399 6'."

353 432 447 483 Ita‘.
481 431 584 483 οὐκ
627 426 811 482 εἶπεν
843 424 925 483 δτι
966 424 1029 482 Ἦ
1078 429 1297 484 παιδεία
1342 447 1434 484 σου
1470 432 1799 501 κατέστρεψέ
1837 450 1922 501 με.

2034 451 2116 489 me
2142 476 2157 499 ,
2198 454 2216 487 ι
2264 437 2399 491 sed:
2445 456 2461 487 ι
2504 438 2753 494 Correxit
2801 453 2886 495 me
2928 455 2981 494 tn
3016 438 3172 495 finem
3202 440 3269 498 “.
3344 459 3362 495 ι
3421 441 3607 512 Neque

353 522 496 584 ἀλλ’,
545 521 867 592 Ἀνώρθωσέ
901 539 968 593 με
1009 523 1087 585 εἰς
1118 522 1290 586 τέλος.
1325 524 1478 595 Μήτε
1506 524 1609 594 μὴν
1644 523 1797 594 ζήτει
1831 525 1927 586 τὰς

352 614 461 665 τῶν
492 613 814 683 πειρασμῶν
841 614 1040 678 αἰτίας,
1077 613 1199 668 ὅθεν
1230 616 1573 685 ἐπέρχονται,
1594 616 1729 669 ἀλλὰ
1769 616 1932 685 μόνον

353 705 517 776 εὔχου
548 706 623 775 τῷ
645 706 785 775 Θεῷ,
812 708 1156 777 εὐχαρίστως
1189 708 1376 778 φέρειν
1409 708 1626 771 αὐτοὺς,
1662 708 1736 771 ὡς
1780 709 1931 776 λέγει

352 800 381 850 ὁ
442 798 593 865 ἆγιος
632 800 883 869 Μάρκος,
939 801 1020 852 ὅτι
1078 798 1397 870 Πειρασμοῧ
1449 800 1793 863 ἐπελθόντος,
1848 800 1921 870 μὴ

355 892 507 961 ζήτει
537 892 624 945 δια
654 893 728 955 τί,
787 894 819 962 ἦ
879 892 969 944 διὰ
1019 893 1163 955 τίνος
1197 892 1475 962 ἐλήλυθεν,
1534 891 1648 945 ἀλλ’
1678 893 1826 952 ὅπως
1866 891 1932 944 ἂν

357 986 517 1037 αὐτὸν
554 985 889 1057 εὐχαρίστως
920 985 1013 1036 καὶ
1054 985 1445 1055 ἀμνησικάκως
1481 985 1796 1055 ὑπομείνῃς.
1821 982 1933 1036 Καὶ

357 1077 520 1129 πάλιν
541 1093 554 1106 ⁸
588 1078 649 1130 Ei
676 1077 776 1129 οὐκ
816 1076 930 1128 ἔστι
966 1077 1163 1148 ῥαδίως
1192 1078 1390 1146 εὑρεῖν,
1418 1078 1508 1128 τὸν
1559 1076 1712 1136 ἐκτὸς
1742 1091 1925 1144 πειραο

358 1171 511 1239 σμῶν
567 1171 1037 1239 εὐαρεστήσαντα,
1066 1170 1415 1239 εὐχαριστεῖν
1458 1169 1537 1220 δεῖ
1588 1168 1663 1237 τῷ
1693 1167 1811 1237 Θεῷ
1837 1168 1930 1219 ἐπὶ

360 1266 505 1333 πάσῃ
535 1264 803 1333 συμὸάσει
824 1278 837 1292 ·
862 1265 977 1328 καὶ,
1012 1264 1165 1315 Πᾶσα
1198 1261 1373 1331 θλίψις
1396 1262 1606 1330 ἐλέγχει
1637 1260 1731 1330 τὴν
1762 1258 1931 1331 ῥοπὴν

355 1357 450 1408 τοῦ
482 1358 808 1425 θελήματος,
850 1356 959 1408 εἴτε
1013 1356 1091 1418 είς
1153 1354 1299 1419 δεξιὰ
1332 1354 1511 1422 ῥέπει,
1552 1352 1661 1403 εἴτε
1702 1354 1777 1412 εἰς
1812 1352 1937 1419 ἀρι-

360 1448 527 1516 στερά
548 1464 559 1478 ·
590 1448 678 1500 διὰ
703 1446 860 1498 τοῦτο
896 1448 927 1517 ή
961 1446 1217 1515 συμϐᾶσα
1255 1444 1453 1513 θλίψις,
1490 1442 1794 1510 πειρασμὸς
1825 1441 1937 1492 ὀνο-

360 1541 615 1607 μάζεται,
644 1538 720 1608 τῷ
748 1539 958 1609 μετόχῳ
987 1542 1181 1607 πεῖραν
1206 1538 1311 1588 τῶν
1343 1537 1741 1606 κεκρυμμένων
1775 1531 1933 1603 θελη-

361 1632 547 1698 μάτων
578 1634 912 1701 παρέχουσα.
952 1632 1059 1683 Καὶ
1079 1632 1105 1682 6
1138 1631 1290 1697 ἆγιος
1342 1628 1529 1681 Ἰσαάκ
1576 1629 1651 1691 δὲ,
1682 1630 1777 1680 σὺν
1807 1627 1936 1680 πολ-

359 1718 469 1779 λοῖς
500 1718 681 1782 ἄλλοις
717 1722 809 1771 καὶ
839 1717 1013 1772 ταῦτά
1043 1736 1175 1787 φησι
1200 1737 1212 1748 ·
1244 1720 1425 1772 Πάντα
1454 1719 1737 1788 ἄνθρωπον
1794 1718 1937 1787 ὠφε-

358 1807 441 1859 λεῖ
468 1809 496 1861 ὁ
524 1812 827 1881 πειρασμός
862 1825 879 1842 ·
915 1812 1009 1864 ἐὰν
1054 1812 1164 1881 γὰρ
1194 1811 1285 1862 τὸν
1321 1810 1530 1864 Παῦλον
1578 1810 1796 1879 ώφελιτ,
1828 1812 1935 1863 πᾶν

361 1902 536 1969 στόμα
589 1904 952 1972 φραγήσεται.
1006 1904 1115 1955 Καὶ
1182 1902 1434 1965 ὑπόδικος
1484 1902 1727 1968 γενέσθω
1777 1903 1937 1965 πᾶςὸ

359 1998 559 2067 κόσμος
586 1997 663 2067 τῷ
687 1997 827 2067 Θεῷ.
856 2000 916 2050 Οἱ
936 1997 1231 2065 ἀγωνισταὶ
1254 1993 1623 2065 πειράζονται,
1653 1997 1737 2048 ἵνα
1766 2011 1931 2066 προσ-

360 2094 565 2160 θήσωσι
608 2092 685 2161 τῷ
737 2091 951 2161 πλούτῳ
1000 2090 1199 2155 αὐτῶν,
1229 2094 1297 2145 σοί
1347 2090 1557 2162 χαῦνοι,
1588 2090 1674 2143 ἵνα
1733 2092 1796 2143 ὲκ
1826 2089 1934 2142 τῶν

362 2184 708 2253 βλαπτόντων
736 2183 1077 2250 φυλάξωνται
1119 2184 1364 2246 ἑαυτοὺς,
1416 2185 1509 2237 καὶ
1545 2184 1594 2236 oi
1636 2183 1939 2237 ὑπνώττον-

358 2292 470 2339 τες,
502 2276 589 2329 ἴνα
620 2277 698 2338 είς
732 2274 1056 2343 ἐξυπνισμὸν
1080 2272 1497 2343 εὐτρεπισθῶσι,
1533 2274 1624 2325 καὶ
1644 2275 1691 2326 οί
1719 2272 1936 2343 μακράν

359 2368 534 2427 ὄντες,
568 2366 655 2417 ἵνα
703 2365 1110 2435 προσεγγίσωσι
1142 2364 1220 2433 τῷ
1251 2364 1393 2433 Θεῷ,
1423 2366 1472 2417 οί
1505 2366 1562 2417 δὲ
1589 2368 1803 2428 οἰκεῖοι,
1850 2364 1937 2418 ἵνα

360 2460 417 2511 ὲν
449 2457 734 2528 παρρησίᾳ
777 2456 1166 2509 είσοικισθὼσι.
1192 2457 1305 2518 Πᾶς
1331 2456 1443 2517 υίὸς
1474 2455 1840 2525 ἀγύμναστος,
1873 2457 1934 2508 οὐ

356 2548 572 2619 δέχεται
600 2548 690 2600 τὸν
717 2546 946 2599 πλοῦτον
973 2545 1067 2598 τοῦ
1094 2548 1242 2599 οἴκου
1273 2544 1367 2598 τοῦ
1403 2546 1612 2614 πατρὸς
1646 2544 1831 2606 αὐτοῦ,
1857 2545 1936 2607 είς

358 2642 419 2695 τὸ
456 2640 767 2711 βοηθεῖσθαι
798 2640 889 2693 ὑπ’
924 2639 1114 2703 αὐτοῦ,
1147 2639 1241 2693 καὶ
1263 2639 1350 2693 διὰ
1371 2639 1527 2692 τοῦτο
1550 2637 1755 2703 λοιπὸν,
1783 2635 1935 2705 πρῶ-

356 2753 450 2787 τον
480 2734 728 2803 πειράζει
758 2733 787 2783 ὁ
821 2733 970 2796 Θεὸς,
1008 2733 1102 2785 καὶ
1136 2731 1435 2801 βασανίζει,
1462 2726 1580 2784 εἶτα
1617 2730 1850 2783 δεικνύει
1873 2729 1936 2783 τὸ

360 2806 629 2895 χάρισμα.
690 2824 829 2888 Δόξα
858 2823 934 2891 τῷ
963 2824 1209 2892 Δεσπότῃ
1242 2822 1319 2891 τῷ
1341 2825 1398 2877 ὲν
1432 2822 1745 2892 φαρμάκοις
1778 2837 1938 2889 στρυ·

360 2919 531 2981 φνοῖς,
580 2914 677 2984 τὴν
725 2913 936 2983 τρυφὴν
983 2914 1083 2983 τῆς
1136 2914 1346 2981 ὑγιείας
1390 2916 1523 2983 ἡμῖν
1578 2913 1933 2984 προσάγοντι.

358 3009 473 3060 03κ
524 3007 669 3060 ἔστιν
713 3008 859 3069 ὅστις
905 3009 963 3060 ὲν
1008 3006 1086 3076 τῷ
1149 3007 1328 3076 καιρῷ
1383 3007 1482 3074 τῆς
1521 3006 1827 3075 γυμνασίας
1860 3006 1935 3075 μὴ

2036 527 2278 595 inquiras
2304 531 2650 583 tentatiouem
2684 546 2902 597 causas,
2932 532 3075 587 unde
3098 535 3343 601 veniant,
3374 535 3464 589 sed
3487 545 3609 590 tan-

2036 619 2316 671 tummodo
2346 617 2514 672 Deum
2554 634 2648 673 ora
2678 633 2731 674 ut
2766 630 2918 691 grate
2949 638 3040 677 eas
3066 623 3296 678 sufferre
3319 624 3515 693 possis,
3550 635 3609 679 ttt

2033 720 2259 764 sanctus
2295 710 2508 765 Marcus
2542 712 2713 766 dicit:
2773 732 2790 763 ι
2824 713 3253 781 Superveniente
3288 719 3604 782 tentatione,

2035 814 2101 853 ne
2135 815 2349 869 qumras
2403 817 2501 855 cur
2551 812 2646 856 aut
2698 806 3057 871 quamobrem
3088 808 3316 871 venerit,
3350 810 3441 861 sed
3473 826 3610 877 qun-

2035 891 2195 944 tnodo
2223 906 2339 944 eam
2378 903 2526 957 grate
2560 909 2734 962 neque
2774 896 2965 950 acerbo
3022 898 3297 951 snstinere
3332 900 3539 952 valcas.
3579 917 3598 951 ι

2032 979 2098 1035 Ει
2148 998 2387 1036 rursum.
2428 1004 2443 1035 ι
2488 985 2542 1037 Si
2605 1002 2709 1038 non
2761 986 2919 1041 facile
2976 991 3249 1056 reperitur
3276 991 3365 1057 qui
3403 993 3607 1060 absque

2035 1075 2329 1128 lentalitme
2365 1075 2472 1129 Deo
2505 1075 2792 1144 placuerit,
2830 1079 2937 1153 Deo
2972 1088 3183 1145 Oportet
3210 1082 3275 1133 de
3307 1084 3452 1134 Omni
3493 1095 3606 1135 ten-

2033 1166 2252 1220 tationis
2276 1168 2490 1221 incursu
2516 1171 2715 1235 gratias
2742 1156 2926 1237 agere.
2965 1189 2983 1221 ι
3012 1171 3099 1233 Ει,
3128 1190 3145 1222 ι
3170 1171 3365 1227 Omnis
3388 1173 3607 1229 alliictio

2032 1258 2326 1312 voluntatis
2358 1260 2767 1314 inclinationem
2807 1264 3213 1319 ostendit.sive
3232 1267 3296 1317 ad
3328 1269 3605 1319 dexteram

2034 1348 2327 1405 inclinetur
2380 1352 2494 1405 sive
2552 1354 2618 1406 ad
2681 1353 2982 1409 sinistram.
3038 1355 3164 1409 Ideo
3217 1372 3609 1425 superveniens

2036 1438 2259 1495 amictio
2293 1446 2523 1497 tentatio
2580 1449 2894 1503 nominatur
2935 1488 2950 1512 ,
2986 1458 3192 1501 tentato
3243 1451 3489 1514 prwhens
3520 1465 3607 1503 sc-

2034 1542 2199 1588 crette
2236 1540 2536 1594 voluntatis
2571 1557 2685 1594 sua:
2735 1544 3193 1610 experimentum.
3229 1562 3246 1594 ι
3284 1545 3349 1598 Ει
3380 1560 3607 1599 saueius

2034 1624 2212 1689 ls:tac,
2259 1626 2399 1681 inter
2457 1630 2622 1683 multa
2659 1633 2763 1685 alia
2795 1633 2896 1686 hoc
2928 1633 3059 1687 dicit
3092 1652 3105 1688 :
3142 1652 3162 1685 ι
3198 1635 3358 1689 Omni
3397 1638 3604 1691 homini

2034 1718 2183 1773 utilis
2231 1730 2314 1773 est
2363 1723 2631 1786 tentatio;
2667 1726 2708 1776 si
2746 1724 2890 1777 enim
2931 1724 3097 1779 [’aulo
3130 1728 3277 1780 utilis
3309 1739 3411 1793 est,
3445 1744 3605 1783 omne

2033 1824 2095 1863 os
2147 1809 2435 1863 clauditur.
2477 1810 2538 1863 Et
2572 1814 2825 1868 subditus
2859 1815 2946 1867 fiat
2986 1818 3166 1871 omnis
3196 1821 3434 1872 tnumlus
3466 1818 3595 1874 Deo.

2031 1901 2131 1964 Qui
2158 1912 2399 1969 pugnant
2427 1909 2722 1968 tentantur,
2760 1916 2815 1959 nt
2847 1906 3047 1961 divitiis
3076 1909 3191 1963 suis
3226 1909 3427 1963 addant
3457 1927 3473 1977 ;
3507 1926 3601 1965 suo

2032 1992 2183 2062 perbi
2219 2001 2523 2059 tentantur,
2570 2005 2625 2047 ιιι
2670 1995 2881 2064 seipsos
2907 2011 2934 2049 ιι
2983 2000 3307 2053 nocentibus
3336 2009 3557 2055 aervent
3589 2019 3603 2056 :

2031 2095 2083 2140 ct
2124 2087 2453 2141 somnolenli
2524 2096 2830 2153 tentantur,
2868 2100 2927 2144 ut
2989 2090 3054 2144 ad
3113 2092 3602 2160 expergiscendmn

2038 2180 2430 2243 instruantur;
2482 2192 2534 2233 et
2575 2180 2667 2245 qui
2721 2180 2881 2250 longe
2930 2193 3109 2245 sunt,
3158 2194 3215 2236 ιιι
3268 2183 3377 2237 Deo
3413 2200 3605 2252 appro-

2034 2271 2335 2339 pinquent;
2380 2279 2433 2323 et
2486 2270 2800 2335 familiares,
2860 2284 2913 2326 ut
2970 2275 3020 2326 in
3053 2276 3246 2328 liducia
3275 2290 3602 2329 converseu-

2032 2367 2143 2412 tur.
2181 2360 2507 2427 Quicunque
2546 2360 2690 2414 lilios
2736 2374 2843 2414 non
2910 2372 3218 2423 excreetur.
3254 2365 3300 2419 is
3326 2381 3429 2418 non
3462 2366 3608 2419 acci-

2034 2450 2113 2518 pit
2145 2452 2337 2503 domus
2375 2449 2555 2504 Patris
2587 2452 2669 2503 stti
2704 2452 2943 2511 divitias.
2978 2462 3035 2506 ut
3067 2454 3135 2508 ab
3167 2456 3283 2525 ipso
3314 2458 3607 2526 adjuxetnt‘

2032 2553 2084 2597 et
2111 2542 2229 2595 ideo
2261 2545 2435 2610 primo
2467 2544 2607 2597 Deus
2634 2554 2803 2599 tentat
2830 2553 2882 2597 et
2909 2545 3118 2615 alliigit,
3150 2547 3347 2600 deinde
3373 2548 3604 2617 gratiam

2033 2636 2297 2689 ostendit.
2341 2634 2525 2688 Gloria
2582 2635 2812 2689 Domino
2844 2639 2936 2707 qui
2975 2640 3187 2693 acerbis
3220 2643 3475 2696 remediis
3505 2658 3609 2697 no-

2034 2728 2118 2782 bis
2171 2728 2426 2783 sanitatis
2476 2729 2700 2782 delicias
2732 2731 2971 2784 adducit.
3001 2731 3174 2785 Nemo
3209 2745 3293 2787 est
3322 2733 3414 2803 qui
3449 2749 3611 2789 exer-

2034 2819 2145 2873 citii
2181 2829 2423 2888 tempore
2474 2835 2579 2873 non
2636 2832 2913 2889 gravetur,
2952 2834 3005 2875 et
3059 2838 3221 2877 nemo
3268 2836 3351 2879 est
3379 2829 3465 2879 cui
3498 2842 3608 2881 non

2034 2925 2281 2963 amarum
2337 2909 2589 2963 videatur
2643 2920 2857 2977 tempus
2912 2929 3021 2981 quo
3056 2916 3415 2969 tentatiouum
3448 2931 3612 2971 sana-

2037 3004 2239 3068 tionem
2298 3004 2469 3071 cnpit.
2516 3002 2647 3056 Sine
2704 3004 2813 3059 illis
2864 3005 3209 3074 impossibile
3262 3018 3345 3060 est
3375 3009 3606 3063 validam

358 3099 606 3167 ἄχθεται,
632 3100 726 3153 καὶ
756 3101 856 3152 οὐκ
886 3099 1001 3152 ἐστι
1036 3116 1141 3163 τις,
1177 3093 1220 3167 ᾧ
1246 3100 1307 3151 οὑ
1339 3098 1535 3169 πικρὸς
1568 3101 1595 3151 ὀ
1627 3099 1836 3166 καιρὸς,
1878 3100 1931 3149 ἐν

2037 3096 2323 3148 sanitatem
2359 3095 2676 3164 possidere:
2710 3108 2760 3149 et
2787 3098 3060 3152 sustinere
3094 3115 3199 3153 non
3224 3109 3471 3153 nostrum
3500 3110 3607 3158 est.

358 3184 402 3257 ᾧ
433 3190 525 3242 τὸν
570 3189 645 3241 ίὸν
696 3191 974 3254 ποτίξεται
1010 3192 1117 3243 τῶν
1150 3191 1489 3260 πειρασμῶν,
1519 3190 1929 3259 καταφαίνεται.

359 3282 543 3349 Χωρὶς
604 3281 715 3350 γάρ
775 3283 1000 3347 τούτων,
1047 3283 1105 3335 οὐ
1149 3282 1375 3335 δυνατὸν
1418 3284 1613 3351 κρᾶσιν
1654 3286 1931 3355 προσκτή-

361 3372 556 3425 σασθαι
610 3372 1016 3443 ίσχυράνοκαὶ,
1068 3375 1129 3427 τὸ
1180 3375 1468 3442 ὑπομεῖναι
1520 3376 1595 3439 δὲ,
1639 3376 1737 3446 οὐχ
1772 3378 1931 3445 ἡμῶν

358 3464 497 3516 ἐστι.
527 3462 699 3515 Πόθεν
732 3464 838 3533 γάρ
860 3463 1044 3532 ἔχειτδ
1073 3465 1335 3534 κεράμιον
1355 3466 1415 3517 τὸ
1443 3464 1552 3517 ἀπὸ
1584 3465 1776 3534 πηλοῦ,
1806 3466 1925 3517 ὑπο·

361 3554 542 3622 μεῖναι
573 3554 672 3618 τὴν
707 3554 861 3623 ῥύσιν
887 3554 978 3605 τοῦ
1012 3552 1221 3619 ὓδατος,
1255 3556 1303 3607 εί
1340 3553 1495 3623 μὴτὸ
1517 3553 1626 3623 πῦρ
1648 3554 1708 3607 τὸ
1732 3553 1934 3616 θεῖκὸν,

358 3646 490 3698 αὐτὸ
524 3646 915 3716 στερεώσειεν;
961 3646 1089 3699 Ἐάν
1140 3646 1504 3716 ὐποταγῶμεν
1542 3646 1851 3715 αἰτούμενοι
1876 3649 1934 3699 ἐν

356 3736 686 3790 ταπεινώσει
716 3739 833 3805 μετ’
873 3737 1115 3805 ἐφέσεως
1154 3738 1527 3801 ἀδιαλείπτου,
1560 3740 1653 3791 καὶ
1683 3740 1841 3808 ἡμεῖς
1875 3739 1933 3789 ὲν

356 3832 635 3899 καρτερίᾳ
664 3830 842 3885 πάντα
879 3829 1252 3900 λαμϐάνομεν,
1294 3832 1352 3883 ἐν
1385 3829 1605 3900 Χριστῷ
1648 3830 1822 3900 Ἰησοῦ
1860 3830 1935 3900 τῷ

325 3909 551 3991 ’Κυρίῳ
600 3921 777 3991 ἡμῶν.
815 3921 1041 3993 Εἴρηται
1084 3922 1139 3975 δὲ
1170 3924 1261 3975 καὶ
1292 3924 1349 3975 ὲν
1392 3926 1458 3994 τῇ
1489 3924 1660 3994 Σοφίᾳ
1687 3922 1780 3975 τοῦ
1808 3924 1931 3975 Σειο

358 4015 465 4084 ραχ
487 4029 499 4041 ·
531 4032 550 4065 ι
581 4014 865 4079 Τέκνον,εί
887 4014 1163 4085 προσέρχῃ
1195 4014 1464 4068 δουλεύειν
1498 4016 1687 4087 Κυρίῳ
1716 4014 1793 4085 τῷ
1814 4015 1932 4086 Θεῷ

356 4120 473 4163 σου,
510 4103 797 4173 ὲτοίμασον
826 4104 922 4175 τὴν
962 4102 1141 4175 ψυχήν
1195 4121 1288 4157 σου
1344 4106 1424 4167 είς
1470 4108 1805 4175 ⁸πειρασμόν·
1839 4108 1932 4158 καὶ

352 4193 577 4246 εὔθυνον
599 4194 698 4265 τὴν
729 4194 955 4263 καρδίαν
997 4212 1113 4260 σου,
1154 4197 1245 4249 καὶ
1280 4196 1617 4269 καρτερησον
1637 4213 1649 4226 ·
1680 4215 1698 4248 ι
1727 4198 1820 4249 καὶ
1855 4196 1931 4269 μὴ

354 4286 595 4356 σπεύσῃς
623 4288 681 4337 ὲν
709 4286 885 4357 καιρῷ
912 4288 1225 4357 ἐπαγωγῆς.

355 4400 487 4454 Ὀτι
521 4400 616 4453 δεῖ
639 4400 789 4469 πρὸς
823 4404 970 4456 Θεὸν
1016 4404 1297 4466 ἐλπίζειν,
1332 4405 1429 4458 καὶ
1482 4402 1617 4473 παρ’
1651 4402 1837 4457 αὐτοῦ
1863 4403 1930 4457 τὸ

777 4473 1089 4541 συμφέρον
1116 4476 1487 4543 ἐκδέχεσθαι.

433 4580 452 4615 ι
483 4562 595 4632 Τὴν
627 4564 727 4631 τῆς
783 4564 996 4626 ἐλπίδος
1027 4566 1295 4636 ἄγκυραν,
1336 4568 1471 4637 πρὸς
1496 4569 1587 4622 τὸν
1616 4569 1809 4633 σώζειν
1834 4571 1931 4625 δυ-

355 4652 593 4718 νάμενον
651 4654 803 4717 Θεὸν,
842 4654 1093 4723 άναρτῶν
1142 4656 1238 4707 καὶ
1274 4658 1405 4726 παρ’
1452 4656 1617 4709 αὑτοῦ
1670 4658 1767 4727 τὴν
1822 4657 1931 4711 τῶν

352 4746 686 4813 πειρασμῶν
733 4744 959 4797 ἔκϐασιν
1022 4747 1413 4817 συμφερόντως
1472 4748 1927 4819 ἀπεκδεχόμενος.

354 4836 551 4898 Πιστὸς
578 4837 708 4907 γὰρ,
746 4838 933 4904 φησιν,
968 4838 995 4889 ὁ
1028 4837 1181 4901 Θεὸς,
1226 4838 1283 4900 ὃς
1311 4839 1410 4891 οὐκ
1454 4841 1604 4892 ἐάσει
1626 4841 1773 4908 ἡμᾶς
1808 4858 1929 4894 πει-

355 4926 622 4997 ρασθῆναι
654 4930 793 4999 ὑπὲρ
824 4929 852 4981 ὅ
881 4930 1178 5000 δυνάμεθα,
1220 4931 1357 4983 ἀλλὰ
1388 4932 1484 4983 σὺν
1516 4930 1593 5000 τῷ
1633 4932 1925 5003 πειρασμῷ

347 5025 568 5089 ποιήσει
598 5022 693 5073 καὶ⁸
722 5022 820 5091 τὴν
850 5022 1097 5079 ἔκϐασιν.
1136 5025 1243 5076 Καὶ
1276 5025 1357 5075 ὅτι
1406 5025 1438 5093 ὴ
1482 5023 1662 5090 θλίψις
1718 5025 1929 5091 ὑπομο-

348 5118 449 5185 νὴν
479 5116 880 5185 κατεργάζεται
902 5133 915 5147 ·
950 5118 982 5188 ἡ
1010 5117 1065 5170 δὲ
1101 5116 1365 5187 ὑπομονὴ,
1399 5117 1631 5187 δοκιμήν
1651 5132 1663 5144 ·
1696 5120 1727 5187 ἡ
1752 5119 1807 5170 δὲ
1838 5119 1926 5171 δο-

352 5206 515 5275 κιμὴ,
573 5206 798 5259 ὲλπίδα’
832 5208 862 5276 ἡ
894 5207 951 5259 δὲ
1000 5209 1154 5269 ἐλπὶς
1214 5208 1273 5259 οὐ
1327 5208 1699 5275 καταισχύνει.
1736 5210 1866 5272 Καὶ,
1900 5209 1927 5261 ὁ

350 5299 653 5366 ὑπομείνας
685 5302 763 5360 εἰς
818 5300 993 5363 τέλος,
1044 5293 1199 5361 οὗτος
1256 5299 1582 5369 σωθήσεται.
1615 5300 1731 5363 καὶ,
1772 5300 1831 5350 ὲν
1858 5302 1922 5367 τῇ

346 5387 595 5457 ὑπομονῇ
631 5386 787 5456 ὑμῶν
844 5386 1118 5457 κτήσασθε
1175 5386 1274 5449 τάς
1320 5386 1498 5458 ψυχὰς
1552 5387 1727 5457 ὑμῶν.
1767 5389 1929 5443 Καὶδ

348 5478 665 5546 eadem.“
718 5479 796 5543 δὲ,
859 5477 1001 5532 οὓτω
1039 5480 1207 5550 φησί’
1259 5482 1448 5533 Πᾶσαν
1498 5482 1671 5550 χαρὰν
1720 5483 1930 5552 ἡγήσα-

347 5566 464 5633 σθε,
490 5567 707 5636 ἀδελφοί
734 5585 856 5638 μου,
889 5568 1015 5621 ὃταν
1038 5571 1365 5639 πειρασμοῖς
1388 5571 1720 5641 περιπέσητε
1754 5575 1932 5626 ποικί-

344 5660 478 5720 λοις,
502 5661 886 5726 γινώσκοντες,
918 5661 999 5712 ὅτι
1026 5660 1086 5714 τὸ
1110 5661 1354 5729 δοκίμιον
1382 5662 1538 5733 ὑμῶν
1556 5664 1653 5735 τῆς
1676 5666 1927 5729 πίστεως,

471 5772 515 5804 ⁸⁸
566 5747 706 5826 Ρδιιί.
755 5786 890 5842 xvtt,
941 5772 1032 5828 56.
1149 5774 1196 5804 "
1239 5772 1417 5828 Eccle.
1458 5789 1515 5842 ιι,
1582 5776 1631 5830 1.

366 5843 415 5877 ’⁸
437 5839 569 5899 Luc.
599 5841 851 5911 131,39.-

1737 5779 1780 5811 '“
1825 5778 1865 5833 ll
1916 5778 2110 5835 Thess.
2152 5791 2233 5845 ιιι,
2270 5777 2325 5831 3.

2042 3185 2191 3239 Unde
2237 3187 2379 3239 enim
2444 3202 2541 3241 vas
2598 3187 2802 3240 luteum
2867 3201 3051 3257 posset
3079 3206 3237 3260 aqua:
3271 3191 3605 3247 inlusionem

2038 3280 2336 3342 sustinere,
2398 3279 2501 3331 nisi
2557 3278 2778 3333 divinus
2814 3282 2953 3348 ignis
3007 3281 3137 3335 illud
3172 3283 3508 3339 solidasset?
3550 3284 3609 3341 Si

2043 3372 2246 3426 subditi
2279 3372 2510 3439 erimus,
2541 3383 2761 3429 orantes
2782 3376 2833 3427 itt
2856 3377 3157 3431 humilitate
3179 3396 3301 3433 cutn
3332 3382 3611 3437 continuis

2038 3464 2326 3518 desideriis
2350 3506 2365 3529 ,
2403 3482 2616 3533 nosque
2651 3467 2701 3518 in
2744 3468 2892 3519 omni
2927 3469 3195 3535 patientia
3230 3473 3415 3523 omnia
3452 3488 3611 3527 acce-

2036 3555 2278 3625 perimus
2316 3558 2367 3608 in
2392 3556 2610 3609 Christo
2637 3555 2764 3611 Jesu
2808 3557 3041 3612 Domino
3080 3552 3299 3615 nostro.
3337 3580 3357 3615 ι
3390 3562 3603 3619 Dictum

2036 3657 2119 3702 est
2148 3647 2294 3701 enim
2350 3646 2404 3700 in
2462 3646 2729 3715 sapientia
2784 3647 2985 3704 Sirac:
3031 3668 3048 3701 ι
3092 3648 3228 3709 Fili.
3281 3652 3326 3705 si
3378 3655 3611 3709 accedas

2036 3741 2103 3795 ad
2164 3740 2478 3793 servitutem
2540 3738 2752 3795 Domini
2803 3739 2893 3795 Dei
2944 3743 3068 3805 tui,
3104 3760 3341 3814 prrepara
3370 3746 3607 3801 animum

2037 3842 2184 3885 tuam
2238 3832 2304 3884 ad
2370 3833 2751 3897 tentationem,
2819 3841 2870 3889 et
2924 3834 3157 3906 dispone
3212 3847 3518 3905 cortuutn,
3553 3848 3610 3895 et

2036 3923 2304 3994 patienter
2338 3924 2571 3991 sustine,
2601 3932 2656 3980 et
2682 3941 2748 3981 ne
2781 3924 3010 3984 festines
3041 3929 3091 3983 in
3127 3939 3368 4000 tempore
3398 3934 3609 4002 ingres-

2035 4028 2133 4069 sus
2163 4013 2228 4068 ".
2268 4031 2286 4065 ι

2034 4393 2190 4461 Quod
2214 4405 2416 4466 oportet
2444 4395 2494 4449 in
2528 4393 2697 4475 Deum
2730 4409 2963 4475 sperare,
2994 4403 3043 4447 et
3071 4397 3135 4448 ob
3188 4412 3273 4461 eo,
3306 4394 3449 4468 quod
3483 4400 3613 4456 utile

2604 4474 2680 4517 est
2692 4504 2706 4527 ,
2741 4480 3001 4531 excipere.

2106 4560 2232 4631 Spei
2284 4557 2579 4613 anchoram
2628 4554 2695 4608 ad
2735 4553 2901 4608 Deum
2940 4556 3029 4625 qui
3073 4545 3248 4627 potest
3290 4566 3338 4613 te
3378 4560 3611 4627 salvarc,

2032 4658 2321 4721 suspende,
2366 4657 2420 4701 et
2451 4650 2517 4699 ah
2553 4662 2618 4701 eo
2679 4648 3047 4699 tentationum
3111 4648 3317 4701 exitum
3371 4658 3614 4719 tempore

2032 4753 2338 4815 opportuno
2372 4750 2651 4808 exspecta.
2698 4756 2715 4789 ι
2752 4737 2954 4791 Fidelis
2995 4738 3160 4802 enitn,
3197 4739 3391 4809 inquit,
3446 4741 3609 4807 Deus,

2033 4839 2125 4909 qui
2161 4853 2269 4890 non
2308 4834 2450 4888 sinet
2488 4847 2587 4885 nos
2619 4830 2814 4883 tentari
2842 4845 3003 4898 supra
3054 4846 3216 4899 quam
3275 4847 3612 4901 possumus;

2034 4934 2125 4987 sed
2197 4930 2358 4983 faciet
2426 4941 2549 4979 cum
2616 4925 2917 4977 tentatinne
2974 4933 3297 4992 proventum
3352 4926 3421 4980 7'.
3464 4945 3481 4978 ι
3520 4925 3614 4992 Et,

2041 5021 2341 5077 «Tentatio
2408 5018 2726 5087 patientiam
2791 5026 3097 5083 operatur;
3161 5019 3423 5083 patientia
3483 5035 3614 5074 Vero

2036 5114 2450 5185 probationem;
2498 5106 2750 5175 probatio
2802 5121 2929 5158 vero
2989 5120 3189 5174 Opem;
3249 5124 3373 5177 spes
3433 5119 3611 5161 autem

2020 5223 2132 5263 non
2192 5200 2577 5259 conlundit".
2624 5217 2642 5249 ι
2707 5196 2794 5257 Ει,
2833 5216 2851 5247 ο
2912 5197 3014 5262 Qui
3074 5199 3503 5265 perseverat-eth
3558 5200 3611 5253 in

2025 5300 2216 5361 linetn,
2268 5297 2451 5347 salvus
2485 5291 2590 5344 erit
2636 5290 2704 5353 ’3;
2746 5309 2763 5340 ι
2797 5298 2874 5350 et,
2936 5309 2952 5339 ι
3014 5288 3069 5342 ιιι
3104 5294 3363 5358 patientia
3430 5303 3612 5348 vestra

2028 5388 2383 5461 possidebitis
2417 5385 2630 5436 animas
2669 5395 2879 5436 veStras
2914 5381 2981 5434 ".
3025 5401 3045 5434 ι
3095 5382 3156 5435 Et
3193 5383 3361 5437 frater
3400 5384 3611 5439 Domini

2025 5487 2095 5537 ita
2116 5481 2355 5549 loquitur
2380 5492 2393 5528 :
2419 5473 2619 5528 «Omne
2635 5475 2892 5542 gaudium
2912 5474 3243 5537 existimate,
3269 5475 3464 5529 fratres
3485 5476 3612 5533 ιιιιιί,

2024 5591 2146 5631 cum
2169 5573 2314 5626 enim
2342 5571 2394 5624 in
2427 5566 2595 5622 variis
2622 5567 3013 5622 tentationibus
3034 5568 3355 5627 incidet-itis,
3376 5569 3617 5623 scientes

2027 5667 2173 5738 quod
2204 5661 2452 5732 probatio
2510 5659 2635 5714 ﬁdei
2685 5668 2881 5713 vestra:
2936 5659 3253 5729 patientiam
3309 5658 3610 5729 o'peratur;

2450 5773 2495 5806 "
2530 5768 2692 5827 Rom.
2743 5786 2797 5841 v,
2854 5772 2907 5829 5.
3012 5773 3059 5805 "
3083 5770 3274 5829 Matth.
3326 5789 3475 5846 xxrv,
3523 5775 3609 5834 l3.
