4080 6206
479 282 581 343 ὓὲτ

1293 278 1630 337 (ἊΙᾸᾸδΤΙ
1683 279 1774 337 ΕΤ
1819 279 2115 337 ἸΟΝΛΤΗ
2182 277 2864 340 XANTIIOI’ULORUM

3617 294 3708 362 6'8

483 411 606 449 nem
668 392 901 463 perlicit,
956 391 1045 458 qni
1108 405 1322 455 seanper
1385 393 1616 456 primam
1665 391 2061 459 cogitationum

2171 395 2280 447 Καὶ
2305 394 2452 462 λέγει
2484 397 2512 447 ὁ
2529 396 2681 464 ἅγιος
2701 396 2894 459 Νεῖλος
2911 414 2922 427 ·
2949 391 3117 459 Οὗτος
3147 400 3451 468 προσευχὴν
3473 403 3704 466 ἐπιτελεῖ,

483 503 640 541 suam
675 500 892 538 Omnem
933 483 1039 534 Deo
1063 482 1244 534 OﬂCil.
1280 500 1296 531 ι
1332 482 1525 536 Postea
1563 491 1745 535 autem
1803 483 2060 550 hymnum

485 579 660 630 media
692 576 867 630 noctis
912 574 1102 643 psalle.
1133 573 1188 626 Si
1226 589 1354 627 vero
1377 614 1393 635 ,
1433 590 1498 628 co
1534 574 1675 641 quod
1727 577 1966 628 nomlum
1997 575 2064 628 ad

482 671 780 741 perfectam
838 668 1287 736 tranquillitatem
1343 666 1573 720 idoneus
1622 667 1719 730 sis,
1781 666 1904 720 ideo
1967 680 2067 719 ne-

484 770 768 832 queasgut
797 759 1038 814 diximus
1062 798 1077 822 ,
1118 757 1392 829 primitias
1439 757 1651 813 solvere
1673 799 1686 822 ,
1717 769 1810 812 aut
1848 769 2067 827 propter

491 856 646 911 aliam
678 868 925 916 causam,
977 861 1037 905 ιιι
1070 852 1272 919 εανρίιιε
1303 849 1523 904 evenire
1569 849 1708 903 solet
1737 849 1805 904 iis
1837 851 1929 918 qui
1954 850 2066 903 tale

484 965 622 1015 opus
667 946 1085 1016 aggrediuntur,
1118 952 1173 997 et
1204 957 1332 997 raro
1360 943 1527 995 etiam
1571 940 1982 1010 proﬁcientibus
2014 948 2069 994 et

487 1039 728 1092 ιιοιιιιιιιιι
757 1035 1154 1106 perfectionem
1187 1033 1466 1088 assecutis.
1485 1052 1499 1085 :
1521 1029 1746 1103 perfecti
1775 1033 2066 1086 enim-om-

487 1133 574 1184 nia
606 1140 834 1199 possunt
860 1129 912 1181 in
937 1144 1003 1180 eo
1038 1129 1129 1195 qtri
1169 1128 1318 1197 ipsos
1373 1125 1647 1179 confortat
1712 1125 1966 1190 Christo;
2010 1135 2063 1178 tu

485 1227 653 1286 igitur
679 1238 710 1278 e
745 1236 941 1278 somno
967 1235 1330 1290 consurgens,
1358 1227 1411 1272 et
1440 1226 1702 1288 quantum
1734 1227 1909 1286 potes,
1939 1217 2066 1285 vigil

482 1319 559 1372 cli“
588 1327 735 1378 ctus,
780 1316 950 1385 psalle
995 1315 1171 1382 primo
1206 1315 1466 1382 hymnum
1503 1311 1698 1364 media!
1731 1312 1906 1363 noctis
1937 1326 2063 1365 cum

481 1412 632 1463 auum
696 1409 995 1464 attentione
1043 1421 1106 1459 ac
1157 1405 1456 1475 vigilantia.
1501 1405 1706 1459 Deinde
1745 1405 1941 1460 sedens
1969 1420 2066 1466 ora

485 1518 620 1570 pttle
649 1510 696 1555 et
731 1508 1047 1554 constanter
1071 1499 1124 1550 in
1169 1497 1354 1558 corde,
1389 1506 1446 1550 ut
1482 1496 1779 1550 indicatum
1823 1502 1929 1560 est,
1966 1495 2068 1549 ho-

486 1611 598 1648 ram
636 1608 840 1654 unam;
873 1591 983 1644 imo
1029 1605 1194 1655 vero,
1252 1589 1528 1662 quomodo
1586 1587 1742 1641 dator
1796 1586 2064 1641 bonorqu

485 1685 763 1754 prmstabit
825 1684 941 1738 tibi.
987 1683 1128 1735 Dicit
1173 1682 1317 1734 enim
1353 1681 1680 1735 Climacicus
1734 1696 1749 1734 :
1807 1697 1826 1731 ι
1880 1677 2065 1740 Nocte.

2163 486 2190 535 ό
2219 471 2305 537 ἀεὶ
2334 486 2432 554 τὴν
2462 485 2794 555 πρωτὸνοιαν
2814 487 3008 539 ἑαυτοῦ
3052 490 3232 540 πᾶσαν
3258 494 3614 562 καρποφορῶν
3639 497 3706 564 τῷ

2161 572 2300 643 Θεῷ.
2352 575 2506 627 Μετὰ
2548 573 2610 643 δὴ
2656 576 2849 638 ταῦτα,
2878 577 3044 646 eme
3083 578 3143 631 τὸ
3175 583 3582 648 μεσονυκτικόν·
3607 587 3709 639 εἶδ’

2163 665 2346 736 ἀκμὴν
2377 665 2594 735 ἀπαγὴς
2632 664 2709 718 ὣν
2761 669 2898 737 πρὸς
2967 669 3308 740 τελειοτέραν
3363 675 3607 743 ἡσυχίαν,
3633 679 3710 732 διὰ

2162 757 2320 810 τοῦτο
2349 758 2408 810 οὐ
2436 757 2682 824 δύνασαι,
2705 759 2780 821 ώ;
2809 760 3060 830 εἴπομεν,
3089 764 3456 834 ἀπάρξασθαι,
3487 767 3519 837 ἦ
3542 769 3628 820 καὶ
3653 770 3710 822 δι’

2165 849 2359 918 ἑτέραν
2393 849 2522 911 ἴσως
2550 849 2753 914 αἰτίαν,
2800 851 2877 913 ώς
2922 853 3182 918 πολλάκις
3238 856 3397 910 εἴωθε
3448 861 3704 929 προσγίνε-

2169 939 2314 1004 σθαι,
2346 940 2458 1000 τοῖς
2482 939 2562 992 ἔτι
2594 939 2732 1010 πρὸς
2773 941 2871 1010 τὴν
2894 945 3151 1013 τοιαύτην
3187 947 3452 1014 ἐργασίαν
3498 951 3714 1019 ἀρχομέ-

2163 1043 2294 1091 νοις,
2325 1031 2413 1082 ναὶ
2445 1031 2576 1101 μὴν,
2604 1034 2698 1085 καί
2730 1050 2832 1086 που
2875 1037 3114 1099 σπανίως
3145 1040 3371 1100 καὶτοῖς
3390 1042 3710 1106 προκόπτου-

2163 1133 2237 1182 σι,
2271 1118 2366 1171 καὶ
2413 1121 2582 1190 μήπω
2621 1122 2934 1190 πεφθακόσι
2962 1126 3022 1177 τὸ
3050 1125 3257 1180 τέλειον
3277 1143 3293 1158 ⁵
3318 1129 3368 1180 oi
3411 1131 3517 1199 γὰρ
3539 1130 3712 1184 τέλειοι

2162 1211 2336 1264 πάντα
2369 1211 2640 1282 ἰσχύουσιν
2667 1216 2723 1266 ἐν
2747 1215 2826 1284 τῷ
2852 1215 3232 1287 ὲνδυναμοῦντι
3267 1218 3464 1282 αὐτοὺς
3489 1221 3709 1290 Χριστῷ⁹

2163 1301 2230 1352 σὺ
2271 1297 2316 1352 δ’
2339 1300 2430 1353 οὖν
2454 1301 2691 1366 ἀναστὰς
2720 1305 2783 1356 ὲκ
2811 1305 2904 1356 τοῦ
2933 1305 3122 1366 ὕπνου,
3154 1308 3250 1360 καὶ
3283 1307 3361 1371 ώς
3401 1309 3544 1378 ἔχεις
3570 1310 3714 1363 δυνά-

2163 1407 2307 1456 μεως
2340 1390 2620 1460 ἀνανήψας
2648 1392 2818 1460 ψάλλε
2845 1394 3060 1463 πρῶτον
3079 1394 3138 1447 τὸ
3158 1397 3565 1465 μεσονυκτικδν,
3589 1399 3713 1468 μετά
3781 1431 3786 1436 υ

2161 1480 2340 1549 πάσης
2363 1484 2638 1550 προσοχῆς
2694 1483 2788 1534 καὶ
2835 1484 3122 1547 συνέσεως.
3158 1482 3276 1538 Εἶθ’
3307 1486 3449 1539 οὕτω
3479 1489 3707 1551 καθίσας,

2160 1567 2309 1633 εὖξαι
2344 1570 2598 1639 καθαρῶς
2625 1572 2718 1624 καὶ
2755 1573 3156 1643 ἀρῥεμόἀστως
3197 1577 3256 1628 ὲν
3285 1576 3505 1647 καρδία,
3543 1576 3708 1638 ώέδε-

2160 1662 2415 1732 δήλωται,
2472 1662 2622 1732 ῶραν
2667 1663 2823 1732 μίαν
2859 1665 3060 1735 μᾶλλον
3105 1666 3183 1730 δὲ,
3234 1667 3313 1730 ώς
3339 1669 3369 1719 ὁ
3416 1668 3574 1737 δοτὴρ
3615 1668 3711 1720 τῶν

488 1782 717 1835 multum
771 1777 1034 1846 temporis
1068 1776 1306 1830 orationi
1351 1774 1652 1843 impende;
1699 1788 1892 1843 parum
1942 1787 2070 1826 vero

2164 1753 2383 1820 ἀγαθῶν
2432 1754 2657 1832 παρέξει
2718 1771 2820 1811 σοι.
2871 1756 3009 1827 Φησὶ
3062 1757 3169 1826 γὰρ
3212 1759 3241 1809 ὁ
3286 1759 3386 1824 τῆς
3416 1757 3710 1826 Κλίμακοςο

485 1874 829 1943 psalmodize;
866 1880 920 1924 et
951 1868 1172 1939 quando
1201 1867 1315 1921 dies
1361 1866 1609 1928 redierit,
1646 1880 1744 1934 pro
1794 1865 1902 1918 tuis
1937 1863 2071 1917 viri-

485 1974 584 2022 bus
626 1981 828 2035 appara
876 1964 1132 2030 teipsum.
1185 1978 1203 2011 ι
1265 1958 1323 2014 Si
1375 1964 1604 2023 autent,
1653 1957 1740 2013 vel
1773 1965 2072 2026 postquam

486 2066 557 2113 'ua
585 2055 938 2128 pugnaveris,
968 2054 1150 2107 adhuc
1180 2051 1256 2106 sis
1281 2050 1562 2121 negligens
1588 2059 1641 2104 et
1668 2050 1818 2119 piger
1843 2060 1897 2102 et
1923 2064 2074 2103 men-

483 2165 587 2203 tem
615 2148 860 2219 quolibet
900 2159 1030 2199 casu
1079 2141 1500 2211 superveniente
1543 2139 1820 2194 turbatam
1849 2138 2071 2210 habeas,

479 2256 746 2308 surgens,
789 2233 1192 2307 cxpergiscaris
1217 2272 1233 2298 ,
1269 2241 1327 2284 ut
1372 2231 1556 2295 nosti,
1593 2231 1827 2285 orationi
1859 2230 2072 2284 incum-

483 2347 639 2390 ιιι-με.

553 2519 757 2579 Deinde
790 2517 1009 2577 sedens,
1047 2517 1244 2570 lesttna
1277 2526 1458 2577 orare,
1512 2519 1572 2565 nt
1620 2523 1748 2564 ante
1795 2509 2063 2580 scriptum

483 2630 584 2678 ea,
625 2621 888 2682 perpetuo
920 2623 1118 2662 curans
1155 2614 1215 2659 ut
1271 2619 1366 2674 per
1419 2612 1721 2657 orationem
1752 2615 1942 2671 puram
1973 2617 2070 2672 pu—

482 2707 699 2758 tissittto
735 2702 843 2755 Duo
881 2699 1132 2756 socieris.
1193 2697 1401 2752 Deinde
1458 2709 1714 2762 surgens.
1772 2690 1940 2760 psalle
1981 2705 2068 2744 sa-

484 2803 695 2867 pienter
724 2812 818 2851 scx
882 2795 1150 2865 psahuos,
1199 2791 1469 2862 psalmum
1520 2784 2063 2858 quinquagesimum,

479 2902 529 2945 et
567 2904 835 2945 canoncm
861 2902 1025 2957 quem
1060 2884 1232 2938 voles.
1265 2880 1472 2935 Deinde
1530 2879 1600 2932 ita
1651 2877 1854 2931 sedens
1886 2889 1952 2929 ac
1981 2874 2066 2927 vi-

485 2984 687 3052 pilans,
720 2997 818 3035 ora
851 2981 998 3034 horae
1029 2976 1322 3031 dimidium
1355 2972 1618 3028 distincta
1650 2984 1804 3024 voce.
1830 2968 1906 3021 Ac
1939 2980 2065 3019 rur-

481 3092 602 3129 sum
645 3083 796 3129 stans
842 3071 1036 3125 laudes
1086 3068 1279 3140 psalle,
1334 3064 1681 3130 doxologiam
1714 3067 2058 3120 consuetam,
2089 3104 2134 3136 η

481 3184 579 3234 per
615 3167 843 3236 primam
880 3165 1090 3216 horam.
1127 3160 1205 3213 Ac
1229 3158 1450 3222 deinde,
1475 3170 1651 3210 cessa.
1684 3154 1738 3208 in
1775 3153 1934 3206 talem
1960 3165 2063 3204 au-
2090 3141 2136 3167 υ

481 3275 588 3313 tem
623 3259 966 3310 altitudinem
1005 3253 1292 3322 erigantur
1341 3265 1462 3318 quae
1512 3248 1704 3302 dicunt
1758 3243 1904 3298 labia
1946 3252 2061 3306 ltta,

483 3363 543 3407 nt
584 3363 687 3405 tua:
713 3365 876 3404 aures
911 3355 1120 3400 tantum
1161 3359 1224 3398 ea
1268 3344 1464 3395 audire
1501 3339 1754 3400 valeant;
1801 3332 2059 3404 quoniam

479 3459 534 3500 ct
566 3445 832 3498 labiorum
884 3444 1096 3494 fructus
1131 3437 1240 3490 Deo
1276 3433 1473 3489 offerre
1505 3431 1799 3502 juhemnr;
1843 3442 1906 3481 ex
1946 3433 2062 3478 tota

482 3539 671 3593 anima
724 3543 778 3589 ct
833 3530 1166 3600 cogitatione
1221 3528 1427 3597 gratias
1478 3538 1644 3594 agens
1695 3519 1960 3576 benevolo
2009 3524 2064 3572 ct

486 3629 791 3699 providenti
839 3623 902 3679 ac
943 3620 1355 3693 sapientissimo
1391 3617 1498 3671 Deo
1549 3625 1758 3678 nostro,
1805 3611 1921 3680 qui,
1978 3623 2064 3664 se-

484 3723 723 3778 cundum
751 3706 907 3774 suam
945 3730 1196 3786 magnam
1229 3709 1690 3776 misericordiam,
1713 3701 1964 3776 pertnisit
2005 3711 2092 3763 ut,

486 3813 846 3887 praecedentis
879 3807 1053 3864 noctis
1117 3805 1351 3872 spatium
1408 3799 1643 3854 feliciter
1704 3794 2064 3849 transiretnus

482 3919 535 3960 οι
571 3903 858 3977 ριέιιεεηιὶε
886 3898 993 3954 diei
1027 3894 1272 3950 luridum
1309 3905 1536 3945 cursum
1572 3887 1977 3954 aspiceremus;
2010 3891 2065 3936 et

487 4003 654 4053 Iit-um
698 4008 936 4051 exorans
977 3989 1232 4044 ardenter
1283 3993 1344 4038 ut
1399 3982 1557 4036 nobis
1603 3979 1867 4033 concedat
1915 3978 2060 4028 diem

483 4097 601 4147 sine
629 4087 865 4143 tumultu
901 4079 1229 4150 transigere,
1272 4073 1785 4140 dientouiorumque
1828 4079 1881 4122 et
1907 4067 2062 4135 cupi-

484 4189 716 4238 ditatum
751 4177 1105 4234 tenebrosum
1145 4178 1200 4226 et
1239 4182 1445 4226 saevum
1474 4151 1773 4228 turbinem,
1794 4167 1848 4216 et
1875 4167 1935 4214 ut
1965 4173 2066 4212 ne-

487 4280 586 4330 stri
621 4277 965 4328 mis-creatur.

2164 1864 2184 1900 ι
2208 1847 2440 1917 Νύκτωρ
2469 1848 2587 1916 μὲν,
2628 1847 2696 1900 τὰ
2730 1847 2899 1902 πολλὰ
2937 1852 3003 1920 τῇ
3055 1853 3336 1920 προσευχῇ
3383 1851 3552 1904 δίδουο
3579 1850 3711 1904 τὰδὲ

2164 1938 2369 2008 βραχέα
2399 1941 2464 2007 τῇ
2509 1938 2832 2008 ψαλμῳδίᾳ’
2870 1939 3082 2010 ἡμέρας
3128 1939 3185 1992 δὲ
3236 1942 3426 2004 πάλιν,
3469 1941 3597 2010 πρὸς
3623 1941 3710 2012 τὴν

2162 2030 2261 2098 σὴν
2292 2029 2714 2099 παρασκευάζου
2741 2028 2988 2100 δύναμιν.
3014 2049 3034 2082 ι
3065 2031 3128 2083 Εί
3161 2031 3214 2084 δὲ
3255 2031 3350 2084 καὶ
3387 2031 3552 2094 οὕτως
3583 2033 3710 2096 ἀγωο

2162 2121 2471 2190 νισάμενος,
2499 2120 2578 2172 ἐτι
2604 2119 2910 2190 ὀλιγωρεῖς,
2945 2121 3040 2174 καὶ
3066 2121 3321 2192 ἀκηδιᾷς,
3363 2121 3460 2174 καὶ
3485 2121 3572 2174 τὸν
3600 2121 3710 2174 νοῦν

2160 2208 2480 2279 θολούμενον
2503 2209 2771 2279 κέκτησαι
2820 2210 2925 2262 ὑπό
2954 2226 3097 2272 τινος
3131 2210 3560 2280 συμϐεϐηκότος,
3590 2211 3710 2263 ἀναε-

2163 2301 2317 2366 στάς,
2348 2299 2681 2371 διεγέρθητι,
2713 2299 2790 2364 ὡς
2821 2296 2989 2363 οἶδας,
3019 2301 3281 2370 ἐχόμενος
3310 2302 3410 2367 τῆς
3440 2301 3616 2370 εὐχῆς.

2237 2499 2372 2557 Εἶτα
2403 2503 2650 2564 καθίσας,
2678 2502 2976 2555 σπούδασον
3007 2503 3289 2568 εὐξασθαι,
3315 2505 3390 2566 ὡς
3420 2503 3713 2572 προγέγρα-

2165 2610 2316 2657 πται,
2343 2592 2768 2662 ὲπιμελοᾶμενος
2791 2593 2899 2656 ἀεὶ,
2919 2592 3007 2646 ἵνα
3028 2592 3115 2644 διά
3133 2594 3446 2663 προσευχῆς
3465 2591 3594 2646 καθα
3602 2595 3709 2663 ρᾶς,

2164 2683 2242 2752 τῷ
2267 2682 2487 2754 καθαρῷ
2515 2682 2707 2754 ὁμιλῇς
2735 2683 2874 2753 Θεῷ.
2907 2678 3038 2736 Εἶτα
3067 2684 3385 2750 διαναστὰς,
3407 2685 3568 2754 om:
3594 2701 3712 2737 cnv-

2164 2775 2301 2835 ετῶς
2337 2774 2427 2826 τὸν
2477 2773 2807 2842 ἑξάψαλμον,
2853 2773 2944 2826 τὸν
2973 2780 3034 2837 ν’,
3096 2775 3188 2827 καὶ
3221 2776 3426 2828 κανόνα
3462 2771 3567 2829 οἷον
3598 2774 3709 2844 βού-

2167 2864 2266 2917 λει.
2295 2860 2407 2916 Εἶθ’
2434 2863 2576 2916 οὕτω
2600 2863 2848 2928 καθίσας,
2878 2866 2972 2916 καὶ
2991 2864 3396 2936 διαγρηγορῶν,
3426 2866 3568 2930 εὖξαι
3597 2865 3711 2918 είλι-

2164 2955 2363 3024 κρινῶς
2395 2954 2541 3025 ὥρας
2595 2953 2657 3006 τὸ
2689 2955 2883 3022 ἥμισυ.
2918 2957 3027 3008 Καὶ
3088 2952 3245 3018 αὖθις
3300 2960 3532 3020 ἀναστὰς
3561 2955 3708 3025 ψάλλε

2163 3047 2286 3108 τοὺς
2315 3047 2515 3109 αίνους,
2567 3046 2666 3114 τὴν
2717 3045 2922 3117 συνήθη
2976 3045 3309 3116 δοξολογίαν⁹
3360 3048 3455 3118 τὴν
3509 3050 3711 3118 πρώτην

2163 3137 2331 3208 ὤραν.
2382 3138 2489 3191 Καὶ
2531 3138 2666 3206 μετά
2699 3137 2892 3204 ταῦτα,
2928 3138 3218 3191 ἀπόλυσον.
3258 3140 3354 3200 Εἰς
3398 3137 3637 3192 τοσοῦτον
3660 3136 3708 3190 δὲ

2162 3228 2295 3296 ὕψος
2317 3226 2567 3296 φερέσθω
2597 3227 2664 3280 τὰ
2686 3226 2773 3279 διά
2802 3228 2911 3279 τῶν
2937 3227 3044 3280 σῶν
3071 3227 3298 3297 χειλέων
3340 3228 3616 3295 λεγόμενα,
3643 3226 3708 3288 ώς

2163 3327 2318 3386 μόνοι
2353 3320 2616 3388 ύπαρχειν
2664 3318 2907 3370 ἀκουστὰ
2939 3320 3051 3379 τοῖς
3091 3320 3204 3379 σοῖς
3253 3317 3423 3370 ώσίνο
3466 3317 3582 3370 ἐπεὶ
3626 3319 3709 3368 καὶ

2163 3424 2196 3462 κ
2241 3411 2406 3476 ρπούς
2457 3407 2678 3477 χειλέων
2725 3407 3056 3478 προσφέρειν
3084 3407 3161 3477 τῷ
3183 3408 3305 3479 Θεῴ
3329 3405 3675 3477 ἑντετάλμεθα
3693 3420 3708 3434 ⁸

2163 3499 2224 3567 ἐξ
2249 3501 2371 3569 ὅλης
2411 3499 2590 3570 ψυχῆς
2631 3499 2725 3552 καὶ
2771 3499 3009 3561 διανοίας
3060 3499 3396 3568 εὐχαριστῶν
3432 3497 3509 3568 τῷ
3543 3495 3711 3566 φιλαν-

2160 3588 2362 3660 θρώπῳ
2384 3589 2476 3640 καὶ
2509 3589 2763 3657 κηδεμόνι
2789 3587 3046 3658 πανσόφῳ
3069 3588 3188 3659 Θεῷ
3208 3589 3387 3658 ἡμῶν,
3413 3589 3488 3658 τῷ
3510 3586 3640 3640 κατά
3656 3585 3710 3636 τὸ

2158 3679 2321 3732 αὐτοῦ
2388 3678 2614 3749 ἄπειρον
2662 3679 2807 3741 ἔλεος
2840 3717 2855 3743 ,
2926 3678 3217 3744 ἀξιώσαντι
3283 3681 3434 3750 ἡμᾶς
3504 3677 3709 3733 διελθεῖν

2158 3771 2412 3841 εὐμαρῶς
2443 3771 2502 3822 τὸ
2545 3771 2639 3840 τῆς
2679 3769 3054 3840 παρελθούσης
3093 3770 3288 3833 νυκτὸς
3323 3772 3572 3839 πέλαγος,
3623 3769 3708 3821 καὶ

2159 3867 2218 3916 τὸ
2245 3865 2338 3933 τῆς
2373 3865 2678 3931 ἐνεστώσης
2716 3863 2928 3931 ἡμέρας
2963 3863 3201 3915 κατιδεῖν
3225 3863 3450 3934 φαιδρὸν
3481 3861 3706 3916 στάδιον·

2161 3958 2253 4007 καὶ
2288 3953 2506 4024 θερμῶς
2538 3950 2798 4016 ὡσαύτως
2835 3953 3173 4024 ὲκλιπαρῶν,
3207 3954 3296 4008 ἴνα
3323 3971 3430 4024 περ
3452 3951 3709 4024 βραϐεύσῃ

2159 4049 2288 4116 ἡμῖν
2307 4045 2588 4116 διαδρᾶναι
2616 4047 2963 4113 ἀκυμάντως,
2987 4047 3079 4098 καὶ
3101 4044 3193 4097 τὸν
3219 4045 3330 4098 τῶν
3353 4044 3611 4115 δαιμόνων
3626 4043 3710 4094 καὶ

2160 4136 2344 4190 παθῶν
2353 4137 2611 4206 ἀσέληνον
2627 4137 2714 4189 καὶ
2734 4137 2894 4206 ἄγριο
2907 4159 2922 4184 ι
2938 4135 3196 4202 λαίλαπα,
3217 4136 3310 4189 καί
3323 4137 3538 4207 ἐλεῆσαι
3555 4134 3708 4205 ἡμᾶς.

486 4432 759 4500 Quomodo
787 4443 915 4496 opor
939 4436 986 4480 et
1014 4441 1068 4478 se
1093 4438 1264 4520 ξενίη-ε
1296 4428 1585 4520 αιιιιιηρονι
1615 4416 1874 4469 matutino
1899 4427 2060 4483 usque

2162 4444 2359 4511 Ὅπως
2387 4442 2908 4520 δεῖπολιτεύεαθαι
2937 4448 3055 4503 ἀπὸ
3081 4451 3190 4520 τῆς
3219 4452 3445 4519 πρώτας
3476 4452 3583 4520 ἕως
3610 4448 3706 4505 τοῦ

1066 4501 1134 4546 ad
1169 4493 1478 4561 prandium.

552 4639 642 4693 27.
683 4634 914 4686 Rursum
944 4645 973 4683 a
1004 4635 1248 4696 tempore
1277 4624 1549 4678 matutino
1581 4637 1756 4690 usque
1792 4620 1857 4672 ad
1892 4634 2057 4687 pran-
2100 4658 2104 4661 μ

483 4736 658 4792 thum,
717 4735 976 4798 quantum
1035 4729 1329 4792 .potcs,,,te
1386 4726 1558 4772 totum
1631 4715 1739 4768 Deo
1796 4711 2056 4772 onere-ns.

482 4837 718 4891 cumque
759 4817 924 4872 corde
954 4812 1190 4868 contrito
1214 4825 1382 4866 orans
1423 4818 1484 4861 ut
1527 4807 1624 4860 tibi
1660 4805 1953 4858 auailietur
1980 4803 2060 4854 in-

489 4925 672 4972 ttrtno,
707 4906 907 4976 lragili,
971 4900 1256 4964 imbecilli,
1309 4899 1388 4952 sic
1456 4907 1672 4962 tempus
1717 4893 1960 4957 transige
1999 4893 2056 4944 in

409 5046 412 5050 .
487 5005 685 5056 munda
743 5010 796 5052 et
861 4992 1138 5050 constanti
1198 4990 1384 5044 cordis
1437 4989 1740 5045 oratione;
1807 4981 2054 5049 legendo,

491 5107 674 5150 rrctns
744 5092 964 5162 quidem
1041 5087 1224 5156 legens
1288 5083 1548 5154 psahnos,
1602 5078 1924 5148 Apostolutu
2005 5084 2057 5130 et

463 5185 869 5256 'Evangelium;
911 5180 1176 5236 similiter
1202 5177 1413 5233 iaciens
1442 5185 1496 5230 et
1524 5177 1578 5228 iu
1613 5171 1955 5228 orationibus
1989 5171 2054 5225 ad

487 5278 777 5331 Dominum
814 5281 1059 5327 nostrum
1111 5268 1294 5324 Jesum
1322 5265 1601 5322 Christum
1631 5271 1686 5319 et
1719 5261 1786 5316 ad
1822 5260 2058 5331 purissi-

486 5385 629 5423 uiam
669 5366 991 5438 Deiparam;
1053 5361 1252 5417 sedens
1307 5368 1489 5413 autem
1552 5357 1607 5411 in
1647 5355 1864 5410 cancris
1887 5367 2057 5408 sacrae

485 5459 784 5527 Scriptura:
812 5453 1164 5509 lectionibus.
1207 5450 1403 5505 Postea
1436 5457 1641 5511 autem,
1683 5445 1852 5516 psalle
1875 5452 2057 5498 mente

482 5560 775 5605 consuetas
804 5548 967 5602 horas
994 5561 1114 5616 qua:
1165 5559 1194 5598 a
1243 5543 1452 5598 sanctis
1507 5539 1761 5594 Ecclesia:
1798 5535 2055 5590 Patribus

483 5638 889 5705 sapientissime
958 5635 1317 5690 conformatae
1381 5641 1546 5695 sunt,
1608 5639 1722 5684 tota
1775 5628 2057 5681 voluntate

484 5729 816 5783 otiositatem
845 5728 1094 5797 abigrns,
1133 5736 1396 5797 tanquam
1454 5724 1632 5782 omnis
1681 5721 1902 5777 malitiae
1939 5735 2054 5776 ma.

2228 4627 2330 4694 κζ’.
2362 4623 2526 4692 Αὖθις
2555 4627 2614 4682 δὲ
2649 4628 2757 4681 ἀπὸ
2788 4628 2890 4698 τῆς
2921 4633 3134 4702 πρωῖας
3184 4635 3289 4700 ἕως
3333 4637 3429 4690 τοῦ
3479 4635 3704 4708 ἀρίστου,

2159 4719 2302 4770 κατά
2353 4718 2412 4770 τὸ
2443 4718 2667 4777 δυνατόν
2717 4735 2821 4782 σοι,
2861 4721 2981 4786 ὅλος
3027 4723 3146 4776 ὅλον
3184 4725 3292 4795 ὅλῳ
3325 4726 3444 4796 Θεῷ
3483 4726 3702 4786 ἀναθεὶς,

2161 4809 2257 4861 καὶ
2288 4809 2460 4878 τούτῳ
2485 4811 2542 4864 ἐν
2574 4811 3009 4881 συντετριμμένῃ
3035 4813 3229 4885 καρδία
3252 4814 3564 4885 εὐξάμενος,
3592 4829 3705 4866 συν-

2164 4899 2398 4970 άρασθαί
2427 4918 2529 4966 σοι,
2563 4903 2798 4967 ἀσθενεῖ,
2827 4904 2921 4956 καὶ
2957 4904 3206 4976 ρᾳθύμῳ,
3256 4908 3351 4960 καὶ
3380 4906 3702 4979 ἁπροαιρέτῳ

2153 4993 2498 5062 τυγχάνοντι,
2556 4993 2729 5048 δίελθε
2769 4998 2826 5048 ὲν
2872 5001 3147 5067 προσευχῇ
3203 4998 3418 5069 καθαρᾷ
3452 4996 3699 5069 καρδιακῇ

2155 5087 2249 5137 καὶ
2278 5085 2650 5157 ἀρῤεμϐἅστῳ
2674 5103 2688 5117 ·
2736 5088 2794 5139 ὲν
2824 5087 3148 5156 ἀναγνώσει,
3175 5089 3355 5160 ὄρθιος
3393 5090 3492 5162 μὲν
3524 5091 3701 5156 ἀναγι-

2152 5178 2375 5230 νώσκων
2414 5179 2474 5230 τὸ
2518 5181 2898 5249 τετυπωμένον
2936 5199 3015 5233 σοι
3049 5183 3113 5234 ἐκ
3134 5182 3226 5234 τοῦ
3259 5182 3587 5253 Ψαλτηρίου,
3615 5177 3698 5231 τοῦ

2162 5269 2506 5333 ’Δποστόλου,
2532 5274 2625 5326 καὶ
2646 5272 2736 5326 τοῦ
2759 5274 2913 5347 ἁγίου
2936 5272 3290 5342 Εὐαγγελίου·
3324 5274 3522 5344 ὁμοίως
3545 5270 3697 5324 ποιῶν

2151 5365 2253 5416 κᾶν
2291 5367 2412 5425 ταῖς
2432 5364 2642 5431 εὐχαῖς,
2667 5367 2786 5426 ταῖς
2811 5365 2946 5435 πρὸς
2969 5365 3060 5418 τὸν
3089 5365 3292 5436 Κύριον
3321 5365 3476 5437 ἡμῶν
3509 5361 3696 5435 Ἰησοῦν

2146 5456 2400 5526 Χριστὸν,
2450 5455 2544 5507 καὶ
2601 5458 2720 5518 ταῖς
2779 5457 2858 5517 είς
2908 5454 3008 5525 τὴν
3061 5455 3364 5526 ὑπὲραγνον
3412 5453 3690 5507 Θεοτόκονο

2147 5546 2456 5615 καθήμενος
2477 5545 2532 5598 δὲ
2562 5547 2619 5600 ὲν
2649 5549 2766 5608 ταῖς
2798 5545 3012 5609 λοιπαῖς
3044 5547 3384 5614 ἀναγνώσεσι
3411 5547 3515 5599 τῶν
3537 5543 3692 5610 ἀγίων

2145 5637 2395 5706 Γραφῶν.
2432 5637 2584 5690 Μετὰ
2615 5637 2678 5708 δὴ
2709 5637 2901 5700 ταῦτα,
2952 5637 3120 5706 ψάλλε
3148 5638 3410 5709 νουνεχῶς
3441 5637 3534 5700 τὰς
3564 5649 3680 5686 συν-

2149 5725 2299 5793 ήθεις
2325 5723 2496 5794 ῶρας,
2536 5725 2592 5778 αἳ
2627 5726 2730 5778 ὐπὸ
2759 5726 2867 5780 τῶν
2914 5725 3016 5794 τῆς
3063 5725 3386 5797 Ἐκκλησίας
3428 5723 3687 5794 τροφίμων
