4080 6206
491 353 591 419 691
1336 358 1678 423 CALLISTI
1716 365 1811 424 ET
1858 365 2155 426 lGNATlI
2198 367 2887 432 XANTHUI‘ULORUM
3608 375 3698 439 692

493 466 842 539 praéeeptum.
877 473 947 526 De
971 474 1093 529 cibo
1124 484 1307 533 autem
1341 478 1432 545 qui
1477 494 1699 547 corpus,
1722 482 1875 550 juxta
1904 482 2063 537 Crea-

2170 481 2265 532 καὶ
2297 481 2395 550 τὴν
2446 478 2612 549 εὐχὴν
2644 479 2702 531 ἐν
2754 478 2820 548 τῇ
2861 479 3060 547 τροφῇ,
3090 475 3155 527 ἵν’
3202 472 3347 527 οὕτω
3384 476 3546 528 ποιῶν
3571 475 3709 548 ἔλθῃς

491 566 633 621 toris
678 552 1002 620 inell‘abilem
1044 570 1390 639 sapientiam,
1426 572 1618 637 nutrit,
1641 588 1823 627 sermo
1856 575 2063 642 paulum

2170 571 2250 635 είς
2285 570 2419 636 ἕξιν,
2446 569 2739 640 σθένειτῆς
2763 569 3010 640 χάριτος,
3042 566 3139 620 τοῦ
3171 565 3566 636 προσεύχεσθαι
3584 568 3707 621 asta.

502 656 827 724 dilTeratur;
872 659 939 713 de
970 674 1035 715 eo
1086 675 1213 714 vero
1269 662 1360 731 qui
1417 664 1654 716 animam
1692 676 1961 722 sustentat
2011 682 2063 722 ac

2168 661 2425 723 λείπτως,
2466 661 2609 715 κατὰ
2638 660 2738 731 τὴν
2785 659 3031 730 ἐντολὴν.
3077 657 3219 711 Ἀλλ’
3253 659 3282 711 δ
3326 657 3423 727 μὲν
3479 660 3597 728 περὶ
3632 662 3715 729 τῆς

500 749 735 803 viriiicat
798 766 980 805 sermo
1030 753 1423 820 protendatur;
1482 755 1574 820 qui
1620 755 1777 809 cibus
1834 766 1941 824 est,
1990 772 2074 813 se-

494 842 731 896 cundum
784 851 1024 903 sanctos.
1058 859 1215 899 saera
1282 856 1335 898 et
1399 845 1583 901 divina
1614 847 1811 901 oratio.
1854 847 1919 903 Et
1963 863 2076 903 me-

490 935 597 989 rito
651 950 785 992 sane
824 954 841 1001 ι
874 952 1109 1007 namque
1189 940 1371 992 anima
1438 948 1523 995 est
1584 954 1810 1010 corpore
1867 942 2073 1011 pretio-

492 1043 626 1083 ειοτ.

628 1417 815 1471 Adhuc
847 1418 910 1473 de
941 1420 1203 1479 oratione,
1232 1426 1283 1471 et
1325 1419 1466 1485 quod
1494 1426 1693 1489 oportet
1724 1434 1924 1488 semper

1198 1504 1376 1542 arare.

557 1580 651 1635 29.
705 1580 1175 1646 Quemadmodum
1238 1580 1338 1633 hoc
1392 1595 1601 1648 corpus
1670 1589 1951 1646 nostrum,
2014 1583 2060 1639 si

492 1675 643 1727 abest
670 1673 874 1737 anima,
915 1684 997 1727 est
1027 1680 1302 1725 mortuum
1354 1682 1405 1727 et
1438 1672 1639 1726 fmtlum
1699 1674 1920 1728 odorem
1963 1690 2059 1727 ex-

2167 754 2228 806 τδ
2275 753 2434 823 σῶμα
2461 752 2863 824 διακρατούσης
2918 750 3146 821 τροφῆς,
3197 751 3425 821 ἀρρήτῳ
3464 752 3615 820 σοφίᾳ
3636 749 3713 802 τοῦ

2170 844 2476 907 κτίσαντος,
2509 844 2688 911 λόγος,
2715 843 2911 914 μικρὸν
2941 842 3329 913 ἁναμεινάτω·
3358 842 3386 893 ὁ
3408 841 3463 894 δὲ
3493 843 3715 912 περὶτῆς

2170 932 2268 1001 τὴν
2301 930 2485 1002 ψυχὴν
2532 931 3025 1001 συνιστὼσης,ςκαὶ
3078 930 3328 1001 ζωούσης
3383 931 3559 998 λόγος,
3606 948 3726 1000 προσ

2169 1020 2453 1073 τασσέσθω
2479 1035 2493 1049 ·
2526 1021 2647 1090 ἥτις
2683 1020 2801 1073 ἐστὶ
2839 1021 2982 1073 κατὰ
3020 1021 3148 1082 τοὺς
3180 1020 3400 1087 ἁγίους,
3432 1021 3463 1087 ἠ
3495 1018 3606 1088 ίερὰ
3642 1018 3721 1070 καὶ

2172 1108 2422 1174 Θεοποιδς
2451 1112 2754 1180 προσευχὴ.
2792 1111 2900 1163 Καὶ
2943 1111 3089 1181 μάλα
3134 1112 3363 1174 εἰκότως
3389 1126 3404 1140 ο
3443 1112 3561 1161 ἐπεὶ
3589 1111 3671 1161 καὶ
3693 1110 3718 1159 ie

2168 1200 2317 1273 ψυχὴ
2350 1202 2741 1272 προτιμωτέρα
2768 1200 2865 1256 τοῦ
2899 1203 3172 1266 σώματος.

2167 1437 2287 1489 Ἔτι
2318 1438 2451 1505 περὶ
2492 1439 2843 1508 προσευχῆς
2868 1441 3013 1563 ’ἀκαί
3056 1439 3145 1493 ὅτι
3179 1440 3278 1495 δεῖ
3297 1450 3719 1513 προσευχεσθαι

2938 1528 3012 1563 ει.

2938 1528 3012 1563 ει.

2234 1598 2338 1650 κθθ.
2380 1616 2398 1648 ι
2436 1599 2649 1668 Ὥσπερ
2671 1600 2829 1653 τοῦτο
2863 1601 2923 1653 τὸ
2949 1601 3107 1671 σῶμα
3135 1601 3195 1654 τδ
3234 1602 3523 1673 ἡμέτερον,
3556 1602 3713 1674 ψυχῆς

2166 1689 2238 1758 μὴ
2274 1690 2577 1761 παρούσης,
2621 1692 2814 1762 νεκρόν
2862 1695 2977 1747 ἐστι
3030 1695 3125 1747 καὶ
3153 1694 3394 1759 δυσῶδες
3417 1711 3432 1726 ο
3472 1696 3606 1748 οὕτω
3636 1695 3715 1745 καὶ

492 1765 669 1825 halat;
704 1767 775 1816 ita
814 1772 866 1817 et
897 1764 1103 1826 anima,
1138 1764 1242 1817 nisi
1279 1780 1336 1817 se
1390 1765 1456 1819 ad
1490 1766 1793 1819 orationem
1828 1766 2055 1831 excitet,

2163 1779 2309 1849 ψυχὴ
2335 1781 2409 1850 μὴ
2443 1782 2673 1837 κινοῦσα
2698 1785 2897 1854 ἑαυτὴν
2931 1785 3011 1847 είς
3043 1789 3383 1856 προσευχὴν,
3409 1788 3569 1859 νεκρά
3594 1790 3711 1858 ἐστι,

488 1865 698 1909 mortua
724 1863 828 1909 est.
857 1856 923 1909 Et
982 1857 1125 1924 quod
1187 1855 1337 1909 omni
1404 1866 1577 1910 morte
1631 1858 1783 1911 decet
1842 1857 2063 1911 credere

2162 1873 2257 1926 καὶ
2292 1870 2476 1937 ἀθλία,
2519 1874 2613 1926 καὶ
2640 1875 2906 1945 δυσώδης.
2950 1877 3061 1931 Καὶ
3091 1855 3182 1930 γὸτι
3224 1855 3289 1947 γε
3319 1855 3527 1941 παντὸς
3567 1855 3704 1933 θανάλ

489 1949 643 2018 μυίης
682 1964 803 2002 esse
854 1964 960 2001 non
993 1950 1226 2001 orationi
1267 1964 1484 2009 vacare,
1530 1964 1629 2006 nos
1662 1951 1867 2019 optime
1898 1950 2063 2004 docet

491 2056 721 2108 magnus
765 2041 856 2094 ille
908 2041 1175 2109 propheta
1225 2040 1436 2101 Daniel,
1496 2042 1586 2110 qui
1652 2041 1857 2094 mavult
1914 2042 2053 2096 mori

489 2147 652 2199 quam
685 2132 833 2184 hune
865 2140 1124 2198 punctum
1157 2132 1408 2185 oratione
1444 2132 1670 2201 privari.
1705 2131 1870 2186 Docvt
1898 2134 2062 2188 etiam

490 2240 590 2277 nos
625 2224 760 2277 bene
788 2223 945 2277 divus
986 2224 1417 2293 Chrysostonms
1448 2240 1463 2277 :
1512 2241 1530 2275 ι
1568 2223 1887 2294 Quicunque
1920 2235 2064 2290 orat,

487 2332 613 2369 rum
669 2316 775 2368 Deo
806 2328 1182 2369 conversatur.
1233 2315 1510 2379 Quantum
1556 2328 1734 2369 autem
1764 2318 1832 2370 sit
1864 2317 2063 2371 bonum

490 2407 765 2460 hominem
827 2421 951 2459 cum
1016 2404 1122 2457 Deo
1176 2405 1438 2476 colloqui,
1496 2422 1655 2461 nemo
1709 2417 1792 2461 cst
1820 2410 2065 2463 omnium

487 2497 580 2562 qui
616 2497 863 2565 ignoret;
901 2497 1080 2550 verbis
1132 2506 1311 2553 autem
1354 2498 1498 2553 hunc
1546 2499 1810 2553 honorem
1842 2502 2059 2555 deutono

487 2601 664 2645 strare
702 2605 859 2644 nemo
914 2599 1119 2658 posset.
1172 2591 1220 2644 Is
1272 2591 1415 2644 enim
1465 2592 1639 2645 lit-nor
1662 2602 1717 2645 et
1747 2594 2063 2661 angelorum

489 2682 837 2754 magniﬁcum
862 2694 1065 2738 statum
1100 2687 1461 2739 transcendit.
1488 2704 1506 2737 ι
1533 2684 1597 2739 Et
1630 2685 1811 2761 adhuc
1839 2704 1851 2739 :
1891 2705 1908 2736 ι
1938 2690 2067 2738 Ora-

490 2775 567 2826 tio
618 2785 701 2829 est
750 2789 1040 2828 comunmc
1100 2776 1414 2842 angelorqu
1462 2776 1624 2829 simul
1676 2784 1730 2829 et
1782 2776 2063 2829 humiuum

490 2883 651 2936 opus.
700 2866 887 2936 Neque
953 2877 1038 2921 est
1108 2868 1343 2921 medium
1411 2868 1551 2923 inter
1612 2878 1904 2938 utramque
1965 2882 2064 2921 ua-

495 2969 695 3022 turam,
767 2959 945 3026 quoad
1005 2961 1330 3015 orationem.
1362 2960 1434 3012 Ea
1490 2971 1542 3016 te
1606 2977 1633 3015 a
1688 2962 1860 3016 brutis
1912 2978 2067 3031 sepa-

2158 1982 2253 2016 του
2290 1966 2544 2035 ἡγεῖσθαι
2588 1969 2910 2039 πικρότερον
2960 1973 3256 2043 προσήκει,
3303 1973 3365 2025 τὸ
3409 1973 3713 2045 στερηθῆναι

2167 2059 2499 2129 προσευχῆς,
2557 2059 2798 2114 διδάσκει
2840 2061 3020 2127 καλῶς
3066 2066 3213 2134 ἡμᾶς
3241 2066 3270 2118 ὁ
3309 2067 3482 2135 μέγας
3539 2066 3711 2134 Δανιὴλ

2159 2149 2187 2201 ὁ
2221 2151 2530 2220 προφήτης,
2566 2152 2765 2220 μᾶλλον
2795 2154 3052 2224 ἑλόμενος
3081 2156 3398 2222 ἀποθανεῖν,
3431 2158 3462 2229 ἢ
3503 2159 3712 2227 στιγμὴν

2158 2239 2309 2312 ὥρας
2367 2243 2696 2314 στερηθῆναι
2756 2246 3089 2316 προσευχῆς.
3136 2248 3263 2300 Ἔτι
3297 2248 3535 2302 διδάσκει
3580 2250 3709 2319 ἡμᾶς

2158 2336 2338 2398 καλῶς
2379 2336 2407 2389 ὁ
2434 2336 2579 2399 θεῖος
2624 2338 3011 2409 Χρυσόστομος
3038 2357 3051 2370 ·
3113 2342 3231 2403 Πᾶς
3278 2346 3707 2415 προσευχόμενος,

2154 2425 2233 2498 τῷ
2268 2425 2387 2497 Θεῷ
2414 2427 2744 2495 διαλέγεται.
2789 2430 2956 2483 Ὅσον
2992 2430 3049 2484 δέ
3080 2434 3255 2499 ἐστιν,
3301 2434 3579 2500 ἄνθρωπον
3597 2434 3709 2486 ὄντα

2154 2518 2233 2588 τῷ
2264 2518 2384 2589 Θεῷ
2418 2520 2648 2588 ὁμιλεῖν,
2683 2522 2872 2588 ἀγνοεῖ
2901 2523 3009 2575 τῶν
3066 2524 3328 2578 ἁπάντων
3377 2527 3475 2595 μὲν
3515 2525 3671 2588 οὐδείς
3694 2540 3709 2553 ·

2156 2609 2507 2679 παραστῆσαι
2540 2610 2596 2663 δὲ
2650 2612 2795 2683 λόγῳ
2826 2612 2925 2682 τὴν
2956 2612 3142 2683 τιμὴν,
3187 2616 3291 2668 ούκ
3344 2617 3409 2670 ἄν
3446 2634 3527 2679 τις
3570 2616 3710 2684 5'qu-

2156 2699 2295 2771 θείη.
2354 2700 2503 2771 Αὕτη
2564 2705 2671 2773 γὰρ
2742 2705 2775 2773 ή
2831 2707 2966 2775 τιμὴ
3016 2708 3110 2759 καὶ
3161 2705 3262 2776 τὴν
3321 2708 3429 2760 τῶν
3490 2706 3711 2774 ἀγγέλων

2162 2793 2451 2864 ὑπεραίρει
2488 2795 2988 2865 μεγαλοπρέπειαν.
3044 2798 3185 2849 Ἐτι’
3232 2797 3515 2868 Προσευχὴ
3554 2798 3710 2849 κεινὸν

2158 2882 2321 2952 ἔργον
2352 2884 2600 2950 ἀγγέλων
2639 2884 2772 2950 ὁμοῦ
2812 2887 2906 2938 καὶ
2958 2886 3289 2958 ἀνθρώπων.
3346 2890 3453 2942 Καὶ
3500 2889 3594 2941 οὐκ
3642 2887 3710 2939 ἔτι

2157 2977 2325 3046 μέσον
2360 2976 2509 3029 οὐδὲν
2544 2978 2814 3048 ἑκατέρας
2848 2977 3086 3046 φύσεως,
3113 2980 3240 3047 τόγε
3272 2983 3357 3044 εἰς
3382 2981 3673 3051 προσευχήν
3694 2995 3705 3008 ·

494 3063 601 3113 rat.
648 3061 703 3106 et
768 3068 892 3106 cum
952 3053 1159 3122 angelis
1216 3052 1518 3123 conjungit.
1580 3053 1702 3109 Cito
1753 3054 1953 3122 aliquis
2010 3054 2062 3109 in

2154 3066 2292 3137 αὕτη
2336 3084 2395 3120 σε
2460 3067 2683 3137 χωρίζει
2721 3068 2829 3120 τῶν
2863 3068 3105 3136 ἀλόγων·
3157 3069 3302 3139 αῦτη
3358 3088 3416 3123 σε
3472 3071 3709 3123 συνάπτει

491 3157 684 3195 eorum
735 3143 929 3211 agendi
1007 3145 1267 3198 rationem
1345 3153 1399 3198 et
1456 3146 1620 3198 vitam
1678 3155 1733 3199 et
1779 3160 2063 3200 conversa-

2154 3161 2262 3223 τοῖς
2298 3161 2568 3227 ἀγγέλοις.
2608 3161 2829 3231 Ταχέως
2854 3161 2909 3213 δέ
2961 3179 3043 3225 τις
3072 3163 3152 3226 είς
3176 3163 3275 3233 τὴν
3312 3165 3529 3217 ἐκείνων
3564 3180 3709 3232 μετα-

491 3235 692 3289 tiouem
749 3236 1016 3301 transibit,
1082 3237 1126 3291 si
1182 3246 1349 3291 totam
1408 3239 1575 3294 vitam
1608 3238 1661 3292 in
1698 3239 1946 3293 oratione
2008 3247 2063 3292 et

2154 3252 2412 3322 στήσεται
2448 3252 2742 3315 πολιτείαν,
2779 3255 2873 3305 καὶ
2923 3252 3060 3322 βίον,
3099 3255 3194 3308 καὶ
3227 3254 3467 3321 δίαιταν,
3524 3256 3611 3307 καὶ
3637 3272 3707 3306 τιο

498 3328 590 3381 Dei
639 3329 785 3382 cultu
842 3330 1096 3383 ardenter
1134 3330 1477 3398 impenderit.
1518 3348 1536 3381 ι
1568 3329 1635 3383 Et
1667 3330 1844 3384 adhuc
1886 3347 1900 3384 :
1947 3348 1966 3383 ι
2005 3328 2062 3384 Si

489 3422 742 3477 diabolus
776 3424 1012 3477 animam
1064 3424 1261 3478 viderit
1286 3426 1551 3480 munitam
1580 3425 1903 3491 virtutibus,
1946 3441 2053 3481 non

490 3515 652 3569 audet
702 3515 750 3569 ei
787 3517 1067 3581 acredere,
1127 3528 1375 3572 metuens
1432 3517 1603 3573 robur
1644 3534 1709 3575 ac
1761 3518 1867 3573 vim
1901 3535 2059 3589 quem

491 3606 731 3674 pra-bent
771 3608 1072 3673 orationes,
1123 3624 1244 3678 qua:
1292 3609 1463 3679 magis
1520 3610 1759 3664 animam
1813 3611 2065 3666 nutriunt

495 3714 653 3769 quam
716 3714 915 3767 corpus
981 3700 1311 3755 frumentum
1369 3705 1560 3756 nutrit.
1623 3720 1643 3753 ι
1708 3703 1776 3757 Et
1818 3703 2059 3759 adhuc:

496 3812 514 3840 ι
553 3789 712 3845 Nervi
786 3793 980 3845 anima:
1040 3801 1169 3844 sunt
1235 3793 1532 3847 orationes.
1593 3792 2061 3859 Quemadmodum

490 3883 637 3937 enim
675 3897 872 3953 corpus
906 3884 1089 3937 nervis
1140 3884 1523 3954 compingitur,
1560 3894 1612 3938 et
1645 3885 1981 3954 coagulatur,
2011 3894 2066 3942 et

491 3979 743 4031 consistit
773 3987 827 4031 et
852 3978 1005 4044 vivit,
1033 3985 1085 4031 et
1114 3977 1348 4032 solidum
1379 3978 1610 4033 efﬁcitur
1638 3994 1654 4042 ;
1689 3976 1735 4032 si
1771 3978 1896 4047 quis
1937 3993 2065 4035 vero

494 4083 591 4123 eos
619 4068 874 4133 secuerit,
903 4082 1118 4122 onmem
1143 4067 1387 4137 corporis
1418 4068 1757 4123 harmoniam
1780 4069 2061 4126 dissolvit:

490 4163 571 4217 sic
624 4160 821 4215 animm
865 4176 959 4231 per
1011 4170 1230 4215 sanctas
1294 4175 1486 4229 preces
1536 4160 1876 4215 harmoniam
1928 4176 2065 4217 con-

496 4267 805 4324 sequtmtur
832 4262 883 4308 et
916 4255 1246 4317 consistunt,
1279 4260 1335 4307 et
1373 4254 1591 4322 pietatis
1626 4269 1849 4310 cursum
1885 4253 2066 4311 felici-

491 4357 571 4399 ter
628 4358 881 4401 currunt.
947 4344 1003 4401 Si
1061 4355 1237 4400 autem
1302 4354 1353 4399 te
1414 4347 1663 4401 oratione
1716 4346 2059 4416 privaveris,

491 4442 632 4493 idem
662 4441 828 4496 facies
858 4456 922 4495 ac
947 4440 991 4494 si
1026 4440 1229 4509 piscem
1280 4454 1342 4493 ex
1372 4454 1512 4510 aqua
1552 4440 1757 4509 exigas.
1790 4439 2064 4507 Quemad-

494 4535 716 4587 modum
741 4536 885 4587 enim
920 4532 993 4587 illi
1028 4548 1169 4602 aqua
1201 4534 1308 4586 vita
1342 4540 1425 4585 est
1448 4573 1462 4597 ,
1492 4534 1563 4587 ita
1593 4533 1688 4587 tibi
1726 4533 2059 4603 oratio:per

487 4641 608 4679 eam
642 4624 764 4679 licet
797 4640 998 4687 aerem,
1031 4627 1185 4693 quasi
1236 4640 1329 4693 per
1371 4638 1589 4692 aquam,
1620 4623 1972 4691 transvolare,
2006 4633 2060 4680 ct

495 4720 550 4771 in
591 4716 759 4770 corios
812 4716 1129 4780 ascendere,
1180 4727 1232 4770 et
1282 4718 1347 4769 ad
1402 4717 1570 4772 Deum
1623 4719 1900 4773 accedere.
1936 4736 1956 4771 ι
1991 4717 2063 4773 Ει

498 4811 680 4863 adhuc
712 4827 725 4864 :
766 4828 782 4858 ι
816 4806 1003 4862 Oratio
1030 4824 1093 4861 ac
1134 4809 1424 4876 postulatio
1458 4810 1706 4863 homines
1739 4810 1931 4877 templa
1966 4810 2058 4863 [Μ

495 4903 692 4967 cilicii;
731 4911 782 4955 «ιι
834 4901 1290 4970 qut-madmodum
1330 4917 1523 4953 aurum
1585 4918 1647 4953 ac
1704 4902 1911 4969 lapides
1943 4917 2062 4970 prc-

499 4996 626 5050 tiosi
686 5004 738 5049 et
798 5008 1071 5047 marmora
1137 5007 1319 5061 regum
1383 4992 1577 5045 domos
1621 4992 1849 5049 faciunt.
1901 4995 1971 5047 ita
2011 5003 2067 5049 et

497 5089 675 5144 oratio
712 5088 958 5141 homines
983 5086 1179 5155 templa
1222 5086 1444 5141 Christi.
1478 5084 1763 5150 Quodnam
1797 5084 1907 5139 tieri
1935 5100 2067 5155 pos-

496 5183 571 5237 sit
618 5180 795 5249 majus
846 5178 1113 5232 orationis
1153 5178 1389 5247 elogium
1432 5192 1593 5247 quam
1626 5178 1769 5247 quod
1804 5194 1899 5232 nos
1932 5188 2067 5232 tem-

497 5275 588 5344 pla
634 5273 726 5328 Dei
760 5272 959 5326 edicit?
983 5271 1045 5325 Et
1074 5287 1233 5341 quem
1264 5271 1385 5325 cmli
1422 5286 1530 5325 non
1575 5271 2067 5339 comprehendunt,

497 5368 585 5423 hic
620 5368 675 5422 in
701 5368 937 5421 animam
966 5381 1085 5433 qua:
1117 5365 1170 5419 in
1202 5366 1447 5419 oratione
1480 5365 1628 5429 vivit,
1673 5364 1993 5433 ingreditur.
2035 5382 2055 5417 ι

497 5456 565 5509 Et
604 5456 783 5509 adhuc
826 5471 839 5507 :
876 5470 894 5503 ι
934 5450 999 5504 Et
1033 5453 1155 5506 inde
1201 5454 1400 5522 aliquis
1430 5463 1629 5507 sancta:
1658 5454 1920 5507 orationis
1961 5454 2064 5507 vir-

500 5558 674 5601 tutem
704 5547 846 5602 scire
876 5553 1072 5614 potest,
1107 5544 1252 5613 quod
1308 5544 1527 5609 Paulus,
1580 5546 1669 5615 qui
1725 5561 1819 5615 per
1842 5561 2062 5600 omnem

497 5648 719 5703 terram,
775 5648 1034 5703 tanquam
1090 5638 1260 5691 alatus
1311 5636 1590 5701 discurrit,
1640 5646 1694 5691 rt
1756 5638 1808 5691 in
1844 5653 2066 5693 carcere

504 5732 732 5795 habitat,
762 5740 815 5783 et
848 5729 1053 5797 ﬂagella
1085 5730 1317 5784 Sustinet
1345 5726 1399 5783 et
1429 5744 1717 5795 maerores,
1761 5738 1816 5783 et
1845 5730 1977 5783 vivit
2009 5730 2061 5782 in

501 5822 764 5888 sanguine
800 5830 851 5875 ct
888 5822 1163 5890 periculis,
1216 5822 1491 5878 (lu'txtoncs
1527 5823 1766 5892 expellit,
1817 5832 2063 5878 moztuos

2155 3342 2283 3413 μὴν,
2309 3343 2403 3395 καὶ
2434 3342 2735 3411 εὐγένειαν,
2770 3345 2865 3397 καὶ
2899 3346 3118 3414 σοφίαν,
3163 3348 3254 3399 καὶ
3278 3347 3523 3401 σύνεσινο
3551 3346 3708 3399 πάντα

2151 3434 2243 3486 τὸν
2273 3433 2387 3504 βίον
2418 3436 2473 3487 έν
2532 3436 2884 3505 προσευχαῖς,
2939 3438 3032 3490 καὶ
3072 3441 3136 3508 τῇ
3189 3439 3282 3491 τοῦ
3322 3439 3454 3492 Θεοῦ
3504 3439 3708 3506 λατρεία

2152 3524 2470 3589 σπουδάζων
2534 3528 2909 3596 ὲσχοὶακέναι.
2953 3529 3107 3581 Ἔτι·
3142 3530 3317 3585 Ὀταν
3358 3532 3440 3601 ἴδῃ
3475 3530 3640 3599 ψυχὴν
3683 3528 3707 3578 ὀ

2151 3612 2398 3677 διάϐολος
2435 3620 2964 3687 περιπεφραγμένην
3026 3621 3275 3689 ἀρεταῖς,
3323 3622 3383 3673 ού
3418 3622 3584 3689 τολμᾷ
3624 3634 3706 3685 γε-

2153 3706 2341 3759 νέσθαι
2379 3707 2607 3778 πλησίον
2643 3709 2834 3777 αὐτῆς,
2886 3710 3141 3773 δεδοικὼς
3166 3711 3265 3781 τὴν
3324 3712 3475 3782 ίσχὺν
3506 3712 3590 3762 καὶ
3621 3709 3703 3775 τὴν.

2151 3796 2406 3866 δύναμιν,
2436 3799 2503 3869 ἦν
2536 3800 2593 3852 αἱ
2628 3801 2933 3871 προσευχαὶ
2982 3803 3310 3872 παρέχουσι,
3366 3804 3559 3873 μᾶλλον
3597 3802 3704 3870 τρέε

2150 3905 2345 3958 φουσαι
2370 3890 2467 3959 τὴν
2494 3890 2737 3962 ψυχὴν,ἢ
2757 3892 2815 3944 τὸ
2861 3891 3021 3962 σῶμα
3056 3894 3123 3945 τὰ
3153 3897 3322 3950 σιτία.
3355 3898 3473 3948 Ἔτι
3494 3912 3507 3924 ·
3540 3893 3705 3960 Νεύρα

2149 3980 2249 4049 τῆς
2274 3980 2449 4050 ψυχῆς
2470 3982 2608 4033 εἰσιν
2655 3983 2711 4035 αἱ
2742 3984 3067 4054 προσευχαί.
3116 3985 3330 4057 Ὥσπερ
3361 3988 3467 4058 γὰρ
3491 3988 3543 4039 τὸ
3567 3984 3703 4052 σῶμα

2149 4070 2236 4123 διὰ
2257 4072 2363 4124 τῶν
2399 4072 2605 4143 νεύρων
2638 4075 2943 4145 συνέχεται,
2986 4078 3082 4131 καὶ
3118 4080 3423 4149 συντρέχει,
3457 4079 3545 4131 καλ⁸
3569 4078 3702 4130 ἵστα-

2149 4180 2261 4229 ται,
2296 4164 2391 4219 καὶ
2425 4166 2515 4236 ζῇ,
2548 4166 2642 4219 καὶ
2672 4168 2954 4236 πέπηγεν
2983 4168 3052 4223 ἂν
3092 4170 3147 4223 δὲ
3180 4171 3353 4225 ταῦτα
3383 4189 3465 4234 τις
3490 4169 3713 4238 ἐκτέμῃ,-

2151 4257 2334 4309 πᾶσαν
2378 4258 2647 4328 ἁρμονίαν
2693 4259 2898 4312 διαλύει
2948 4259 3043 4313 τοῦ
3102 4264 3395 4332 σώματος⁸
3443 4261 3608 4323 οὕτως
3653 4258 3709 4311 αἱ

2148 4348 2318 4419 ψυχαὶ
2346 4349 2434 4402 διὰ
2466 4350 2574 4402 τῶν
2630 4352 2802 4419 ἁγίων
2852 4354 3169 4424 προσευχῶν
3219 4354 3568 4425 ἁρμόζονται,
3618 4350 3701 4404 καὶ

2153 4445 2539 4515 συνεστήκασι,
2576 4445 2671 4498 καὶ
2706 4445 2795 4497 τὸν
2824 4426 3025 4518 δρόμον
3058 4448 3156 4518 τῆς
3182 4449 3462 4512 εύσεσείας
3498 4448 3701 4518 τρέχουο

2151 4554 2237 4591 σιν
2266 4537 2527 4608 εὐχερῶς.
2562 4540 2660 4590 Ἂν
2690 4538 2746 4591 δὲ
2792 4540 2889 4607 τῆς
2921 4541 3232 4611 προσευχῆς
3282 4543 3551 4612 στερήσῃς
3580 4555 3700 4590 σαυ-

2146 4628 2259 4695 τὸν,
2298 4629 2495 4681 ταύτὸν
2530 4632 2727 4694 ποιεῖς,
2774 4628 2964 4700 ὥσπερ
3001 4631 3069 4683 ἂν
3101 4635 3148 4683 εί
3178 4632 3268 4684 τὸν
3319 4632 3469 4702 ἰχθὺν
3516 4633 3575 4683 ἐκ
3615 4625 3699 4679 τοῦ

2150 4717 2341 4783 ὓδατος
2374 4719 2665 4788 ἐξήγαγες.
2703 4719 2918 4789 Ὠσπερ
2947 4720 3061 4789 γὰρ
3100 4721 3294 4789 ἐκείνῳ
3323 4722 3434 4791 ζωὴ
3461 4721 3518 4773 τὸ
3547 4718 3696 4785 ὕδωρ.

2148 4808 2291 4862 οὕτω
2323 4810 2407 4862 σοὶ
2463 4810 2781 4879 προσευχή·
2831 4811 2920 4863 διὰ
2981 4808 3188 4882 ταύτης
3250 4812 3367 4866 ἐστι
3413 4813 3502 4865 τὸν
3551 4810 3692 4879 ἀέρα.

2150 4898 2338 4969 ὥσπερ
2369 4898 2435 4952 δι’
2485 4899 2678 4962 ὓδατος
2711 4902 3035 4969 ἀναπτῆναι,
3077 4906 3171 4955 καὶ
3200 4903 3279 4965 εἰς
3308 4898 3696 4967 τοὺςνούρανοῦς

2149 4990 2441 5059 ἀναϐῆναι,
2468 4992 2562 5043 καὶ
2606 4992 2743 5043 Θεοῦ
2776 4993 3028 5059 γενέσθαι
3068 4993 3314 5063 πλησὶον.
3345 4995 3494 5047 'Ett'
3535 4993 3694 5061 Προσ-

2147 5082 2302 5152 ευχὴ,
2326 5082 2420 5135 καὶ
2459 5083 2665 5151 δέησις,
2708 5086 2868 5145 ναοὺς
2895 5085 3029 5137 Θεοῦ
3059 5087 3185 5149 τοὺς
3213 5086 3528 5157 ἀνθρώπους
3549 5079 3693 5153 ἐργά-

2147 5173 2301 5238 ζεται
2329 5190 2343 5205 ·
2374 5174 2467 5226 καὶ
2501 5174 2692 5245 ὥσπερ
2717 5177 2937 5245 χρυσὸς,
2984 5178 3078 5231 καὶ
3106 5177 3244 5231 λίθοι
3283 5176 3582 5246 πολύτιμοι,
3612 5172 3693 5226 καὶ

2153 5265 2421 5338 μάρμαρα
2450 5267 2664 5319 ποιοῦσι
2704 5269 2829 5331 τοὺς
2861 5268 3045 5331 οἴκους
3084 5269 3193 5322 τῶν
3244 5268 3524 5339 βασιλέων,
3564 5262 3691 5317 οὕτω

2149 5359 2244 5412 καὶ
2276 5359 2551 5427 προσευχὴ
2590 5360 2716 5423 τοὺς
2754 5359 3099 5429 ἀνθρώπους,
3132 5361 3294 5423 ναοὺς
3331 5359 3422 5412 τοῦ
3454 5353 3688 5427 Χριστοῦ.

2146 5450 2213 5504 Τί
2242 5450 2336 5504 οῦν
2386 5451 2451 5504 ἂν
2498 5453 2709 5519 γένοιτο
2756 5452 2940 5521 μεῖζον
2991 5452 3301 5522 προσευχῆς
3354 5442 3687 5519 ὲγκώμιον.ἢ

2147 5544 2230 5598 ὅτι
2278 5544 2437 5606 ναοὺς
2478 5543 2854 5613 ἀπεργάζεται
2885 5541 3058 5605 Θεοῦ;
3090 5542 3183 5595 καὶ⁵
3227 5542 3287 5594 ὃν
3332 5540 3389 5593 οὐ
3445 5533 3691 5609 χωροῦσιν

2144 5636 2387 5706 οὐρανοὶ,
2418 5630 2572 5698 οὗτος
2603 5636 2683 5698 είς
2711 5635 2889 5707 ψυχὴν
2920 5636 3226 5707 εἰσέρχεται
3258 5637 3432 5701 ζῶσαν
3450 5636 3505 5687 ὲν
3534 5642 3681 5701 προφ

2147 5727 2354 5795 ευχαῖς.
2380 5727 2534 5779 Ἔτι·
2558 5728 2827 5779 Κάκεῖθεν
2870 5727 2967 5780 ἴδοι
3000 5745 3083 5790 τις
3124 5728 3190 5781 ἂν
3218 5728 3315 5795 τὴν
3347 5725 3565 5791 δύναμιν
3594 5714 3683 5769 τῶκ

2154 5818 2323 5886 ἁγίων
2356 5818 2549 5887 εὐχῶν,
2583 5820 2663 5872 ὅτι
2692 5820 2898 5884 Παῦλος
2932 5822 2957 5872 ὁ
2991 5820 3077 5874 διὰ
3114 5821 3292 5888 πάσης
3327 5818 3419 5885 τῆς
3456 5808 3686 5879 οἷκουμέ·
