4080 6206
423 401 532 466 693

1622 401 2011 462 OPUSCULA
2051 403 2422 474 ASCETICA.

3571 420 3673 483 ΓΜ

417 567 537 620 νης,
581 546 774 615 ὥσπερ
824 541 1131 611 ὑπόπτερος
1183 538 1415 609 τρέχων,
1474 536 1566 588 καὶ
1615 533 1984 604 δεσμωτήριον

2093 532 2396 593 resuscitat,
2437 533 2778 589 infirmitates
2827 545 3007 602 sanat,
3035 537 3085 592 in
3126 537 3275 594 nullo
3315 555 3505 596 eormn
3537 557 3671 599 ron-

417 640 603 701 οἰκῶν,
639 635 738 689 καὶ
775 635 1049 704 μάστιγας
1095 631 1407 700 ὑπομένων,
1440 628 1534 680 καὶ
1563 626 1746 696 φορῶν
1775 623 1984 688 ἅλυσιν,

416 733 512 786 καὶ
555 728 666 794 ζῶν
715 729 771 780 ἐν
821 725 1048 793 αἵματι,
1103 723 1198 775 καὶ
1241 719 1540 782 κινδύνοις,
1572 717 1668 770 καὶ
1727 716 1991 786 δαίμονας

418 821 678 885 ἐλαύνων,
708 819 803 870 καὶ
823 816 1050 885 νεκροὺς
1083 814 1331 884 ἐγείρων,
1365 811 1457 864 καὶ
1483 809 1670 862 παύων
1700 808 1990 880 ἀρρωστή-

423 928 592 980 ματα,
617 911 715 978 οὐχ
747 908 830 960 ἑνὶ
853 907 1059 960 τούτων
1096 906 1400 975 ἐθάρρησεν
1423 903 1500 966 είς
1520 901 1620 972 τὴν
1646 901 1754 952 τῶν
1777 896 1992 968 ἀνθρὼ-

419 1019 539 1056 πων
569 999 847 1069 σωτηρίαν
867 1012 882 1025 ·
911 997 1049 1048 ἀλλά
1092 998 1212 1057 ταῖς
1259 994 1588 1064 προσευχαῖς
1639 989 1870 1060 ἐτείχιζε
1895 987 1995 1057 τὴν

397 1089 631 1163 ψυχήν·
670 1089 765 1144 καὶ
805 1088 942 1158 μετά
978 1088 1046 1141 τὰ
1098 1089 1324 1156 σημεῖα,
1361 1087 1454 1138 καὶ
1502 1085 1600 1153 τὴν
1633 1083 1744 1135 τῶν
1785 1079 1996 1149 νεκρῶν

422 1187 740 1246 ἀνάστασιν,
791 1182 882 1234 ἐπὶ⁸
919 1180 1019 1243 τάς
1069 1178 1379 1250 προσευχὰς
1409 1176 1650 1246 ἔτρεχεν,
1685 1173 1874 1242 ὥσπερ
1913 1188 1998 1233 τις

427 1273 664 1344 ἀθλητὴς
695 1273 787 1325 ἐπὶ⁹
813 1271 1150 1340 παλαίστραν
1182 1269 1468 1336 στεφάνου.
1498 1267 1606 1319 Καὶ
1633 1265 1742 1334 γὰρ
1778 1263 1872 1316 καὶ
1901 1262 1998 1330 τῆς

424 1366 772 1426 ἀναστάσεως
799 1363 909 1416 τῶν
938 1362 1170 1432 νεκρῶν,
1205 1362 1296 1413 καὶ
1335 1359 1443 1413 τῶν
1472 1358 1648 1412 ἄλλων
1683 1356 1940 1410 ἀπάντων
1965 1355 1998 1424 ὴ

426 1454 704 1528 προσευχὴ
727 1455 980 1526 χορηγός.
1021 1454 1124 1505 ’Ἡν
1159 1452 1264 1522 γάρ
1290 1451 1381 1502 ἐπὶ
1419 1450 1648 1520 δένδρων
1682 1449 1833 1517 ίσχῦν
1887 1446 1998 1515 ἔχει

429 1547 493 1602 τὰ
517 1547 707 1610 ὕδατα,
734 1545 940 1615 ταύτην
970 1545 1061 1596 ἐπὶ
1089 1542 1184 1596 τοῦ
1225 1542 1338 1612 βίου
1371 1541 1478 1594 τῶν
1517 1539 1708 1607 ἁγίων,
1742 1539 1798 1590 αἱ
1827 1548 2000 1607 προσ·

431 1637 603 1707 εδχαί.
637 1635 793 1690 Ἔτι·
829 1636 1132 1706 Προσευχὴ,
1189 1633 1459 1703 σωτηρίας
1507 1631 1748 1700 ἀφορμὴ,
1799 1625 2003 1683 ἀθαναὲ

431 1725 551 1790 σίας
580 1727 859 1798 πρόξενος,
891 1727 989 1795 τῆς
1032 1724 1358 1794 Ἐκκλησίας
1395 1726 1575 1792 τεῖχος
1607 1720 1867 1792 ἁρῤαγές,
1903 1736 2004 1786 φυ-

432 1820 728 1889 λακτήριον
754 1817 970 1880 ἄσυλον,
1008 1816 1238 1885 φοϐερὸν
1276 1815 1377 1884 μέν
1409 1815 1520 1874 τοῖς
1541 1813 1782 1879 δαίμοσι,
1826 1811 2002 1878 σωτή-

432 1925 548 1978 ριον
597 1908 655 1960 δὲ
706 1909 819 1970 τοῖς
864 1907 1144 1958 εύσεϐἑσιν
1197 1908 1348 1974 ἡμῖν.
1393 1905 1542 1957 Ἔτι·
1591 1903 1802 1971 Ὥσπερ
1859 1899 2000 1962 τινὸς

438 1997 702 2066 βασιλίδος
733 1997 1010 2066 εἰσιούσης
1043 1995 1122 2057 εἷς
1146 2013 1270 2049 τινα
1293 1996 1470 2060 πόλιν,
1503 1994 1681 2047 πάντα
1711 1993 1802 2046 τὸν
1836 1991 2002 2044 πλοῦ-

445 2106 527 2141 ιον
559 2087 977 2141 συνακολουθεῖν
1028 2086 1264 2157 ἀνάγκη,
1293 2086 1436 2140 οὕτω
1471 2086 1536 2157 δὴ
1574 2085 1668 2138 καὶ
1698 2083 2003 2154 προσευχῆς

439 2179 709 2248 εἰσιούσης
758 2180 837 2242 είς
891 2177 1090 2248 ψυχὴν,
1150 2180 1298 2230 πᾶσα
1353 2179 1523 2248 ἀρετὴ
1576 2177 2000 2245 συνεισέρχεται.

438 2273 600 2324 Ἔτι·
655 2273 834 2340 Ὅπερ
875 2271 995 2322 ἐστὶ
1039 2269 1286 2338 θεμέλιος
1337 2269 1490 2336 οῐκῳ,
1539 2265 1696 2320 τοῦτο
1755 2267 1812 2318 ὲν
1856 2263 2003 2334 ψυχῇ

437 2363 713 2431 προσευχὴ
734 2377 748 2391 ·
794 2363 889 2428 καὶ
925 2361 1006 2414 δεῖ
1039 2361 1242 2430 ταύτην
1289 2358 1513 2430 πρώτην
1544 2359 1732 2430 ὥσπερ
1765 2356 2006 2428 κρηπίδα

437 2453 532 2504 καὶ
575 2452 732 2522 ῥίζαν
765 2454 822 2505 ἐν
846 2455 915 2523 τῇ
949 2452 1094 2523 ψυχῇ
1131 2451 1404 2520 πήξαντας
1439 2449 1810 2519 ἐποικοδομεῖν
1839 2463 2006 2499 σπου-

435 2543 623 2606 δαίως,
658 2545 755 2596 καὶ
785 2543 1168 2613 σωφροσύνην,
1205 2541 1300 2595 καὶ
1335 2541 1601 2612 πρόνοιαν
1639 2537 1888 2609 πτωχῶν,
1915 2537 2008 2590 καὶ

438 2635 646 2698 πάντας
684 2635 812 2698 τοὺς
855 2635 1051 2704 νόμους
1097 2633 1192 2687 τοῦ
1236 2632 1498 2703 Χριστοῦ.
1539 2634 1694 2687 Ἔτι·
1739 2633 1860 2695 Φῶς
1891 2633 2008 2685 ἐστι

437 2726 670 2789 διανοίας
723 2727 819 2780 καὶ
880 2726 1080 2797 ψυχῆς,
1130 2727 1164 2797 ὴ
1207 2729 1344 2796 μετά
1395 2727 1635 2796 σπουδῆς
1688 2725 1856 2796 εὐχή·
1892 2724 2008 2793 φῶς

438 2817 704 2872 ἄσϐεστον
736 2818 834 2871 καὶ⁹
878 2819 1146 2888 διηνεκές.
1181 2819 1280 2872 Διά
1319 2818 1478 2872 τοῦτο
1530 2818 1758 2890 μυρίους
1803 2834 2008 2889 συρφε-

441 2912 570 2972 τοὺς
597 2909 875 2980 λογισμῶν
905 2908 1166 2979 ἐμϐάλλει
1195 2913 1313 2974 ταῖς
1341 2911 1642 2981 ἡμετέραις
1691 2910 1952 2973 διανοίαις
1977 2910 2008 2962 ό

443 3003 713 3072 πονηρός·
752 3004 847 3056 καὶ
874 3003 1018 3072 ἆπερ
1059 3003 1181 3056 ούδέ
1229 3021 1359 3056 ποτε
1391 3003 1778 3074 ἐλογισάμεθα,
1837 3003 2008 3057 ταῦτα

441 3094 691 3160 συνάγων
713 3094 772 3147 ἐν
808 3093 884 3164 τῷ
906 3094 1084 3165 καιρῷ
1113 3094 1214 3164 τῆς
1249 3095 1434 3165 εύχῆς,
1468 3098 1698 3165 καταχεῖ
1729 3096 1830 3166 τῆς
1874 3097 2011 3166 ἡμε-

2089 621 2200 675 tidit
2243 625 2306 676 ad
2367 624 2643 680 hominum
2709 630 2961 695 salutem,
3006 633 3100 686 sed
3158 635 3496 689 orationibus
3556 640 3672 688 ani.

2091 730 2234 767 mam
2311 719 2575 784 munivit;
2610 729 2664 776 et
2726 733 2850 790 post
2915 727 3175 780 miracula
3224 736 3278 782 et
3332 738 3669 783 mortuorum

2088 809 2570 876 resurrectionem,
2627 814 2692 867 ad
2744 815 3024 870 orationes
3079 820 3351 882 currebat,
3412 830 3668 888 tanquam

2089 897 2293 953 athleta
2333 901 2401 955 ad
2452 903 2632 958 lerunt
2692 922 2930 963 coronae.
2987 909 3198 964 Etenim
3235 922 3289 966 et
3329 925 3668 967 mortuorum

2090 993 2514 1048 resurrectionis
2570 1007 2624 1050 et
2676 998 2909 1052 aliorum
2981 1003 3227 1055 outnium
3285 1004 3531 1059 effectrix
3589 1017 3671 1060 est

2091 1083 2285 1138 oratio.
2329 1084 2501 1150 Quam
2562 1090 2711 1143 enim
2771 1092 2825 1144 in
2879 1094 3110 1149 arbores
3163 1096 3418 1150 virtutem
3469 1101 3671 1152 habent

2091 1189 2267 1244 aquai,
2323 1179 2570 1234 eamdem
2621 1187 2897 1242 orationes
2955 1191 3006 1242 in
3067 1191 3231 1244 vitam
3265 1199 3599 1247 sanctorum.
3647 1213 3664 1244 ι

2094 1269 2160 1322 Ει
2197 1269 2379 1325 adhuc
2407 1290 2421 1326 :
2464 1291 2483 1324 ι
2531 1273 2742 1340 Oratio,
2775 1278 2969 1335 salutis
3003 1282 3353 1352 principium,
3386 1286 3669 1338 immoria-

2091 1360 2259 1417 litatis
2309 1364 2591 1430 donatrix,
2645 1368 2901 1426 Ecclesia:
2956 1389 3150 1430 murus
3199 1377 3666 1444 inexpugnzbilis.

2093 1452 2406 1511 inviolabile
2457 1460 2797 1529 pra'sidium,
2852 1465 3191 1523 daemonibus
3243 1468 3670 1529 fortnidamlum.

2091 1553 2296 1599 nostra:
2323 1563 2451 1601 vero
2483 1552 2668 1617 pietati
2701 1554 2964 1610 salutare.
3007 1575 3025 1608 ι
3057 1558 3123 1612 Ει
3152 1559 3334 1614 adhuc
3368 1580 3380 1615 :
3416 1580 3434 1613 ι
3469 1567 3671 1627 Quem-

2091 1633 2409 1705 admodum,
2445 1644 2660 1708 quando
2723 1649 2971 1714 qutedam
3041 1653 3226 1721 regina
3283 1654 3336 1707 in
3372 1656 3560 1709 urbem
3590 1657 3673 1710 in«

2093 1724 2358 1791 greditur,
2405 1743 2630 1787 necesse
2653 1743 2737 1788 est
2770 1746 2828 1790 ιιι
2861 1752 3052 1792 Omnes
3085 1742 3287 1796 divitia'
3317 1758 3436 1798 eam
3478 1761 3676 1800 conso-

2095 1825 2356 1883 quantur,
2394 1820 2464 1874 ita
2490 1833 2564 1888 et,
2595 1827 2817 1894 quando
2863 1832 3041 1884 oratio
3092 1833 3259 1888 intrat
3296 1836 3348 1888 in
3404 1838 3668 1898 animant,

2094 1918 2309 1973 Oportet
2334 1920 2391 1965 ιιι
2417 1928 2608 1970 omnes
2642 1918 2873 1974 virtutes
2905 1936 3029 1974 eum
3077 1940 3137 1976 ea
3183 1927 3344 1981 simul
3379 1930 3626 1982 iutrent.-
3649 1955 3663 1978 ν

2085 1998 2152 2053 Et
2214 2002 2390 2060 adhuc
2444 2025 2457 2063 :
2505 2027 2522 2060 ι
2561 2009 2712 2076 Quod
2761 2014 2940 2068 domui
3001 2026 3083 2070 est
3147 2018 3575 2087 fundamentum,
3617 2025 3666 2073 id

2087 2102 2170 2149 est
2202 2095 2255 2149 in
2289 2099 2468 2152 anima
2511 2103 2716 2169 oratio;
2771 2114 2826 2159 et
2862 2122 2982 2160 eam
3019 2119 3234 2176 oportet
3268 2121 3527 2180 tanquam
3563 2118 3667 2184 pri-

2090 2203 2232 2244 mam
2264 2191 2436 2246 basim
2487 2203 2542 2247 et
2570 2196 2803 2251 radicem
2833 2198 2888 2252 in
2939 2202 3120 2255 anima
3181 2214 3444 2271 ponentes
3477 2221 3667 2272 super.

2087 2283 2363 2339 aedificare
2390 2287 2646 2340 ardenter
2680 2297 2734 2342 et
2789 2293 3114 2361 sapientiam
3161 2304 3216 2348 et
3271 2297 3664 2364 providentiam

2088 2373 2463 2428 mendicorum
2483 2387 2536 2430 et
2559 2376 2703 2446 leges
2730 2378 2960 2436 Christi.
2993 2400 3011 2432 ι
3043 2383 3108 2436 Ει
3137 2384 3316 2438 adhuc
3348 2401 3364 2438 :
3403 2404 3421 2436 ι
3461 2385 3665 2443 Lmnen

2088 2475 2170 2519 est
2201 2466 2549 2536 cogitationis
2582 2478 2635 2524 ct
2668 2472 2862 2527 anima:
2892 2477 3070 2527 oratio
3102 2492 3226 2531 cum
3255 2477 3452 2533 ardore
3488 2479 3664 2544 facta;

2091 2557 2272 2611 lumen
2303 2558 2748 2628 inexstinguihile
2798 2575 2852 2618 et
2895 2566 3230 2623 indeficicus.
3257 2567 3385 2622 ideo
3416 2569 3668 2624 inmune-

2089 2664 2178 2704 ras
2214 2653 2406 2706 sordes
2457 2653 2750 2710 animabus
2801 2658 3008 2713 nostris
3057 2659 3231 2728 injicit
3281 2661 3582 2732 malignus;
3615 2671 3668 2716 et

2092 2757 2213 2812 qua!
2261 2760 2540 2812 nunquam
2598 2749 3054 2817 cogitaveramus,
3105 2767 3167 2805 ea
3227 2754 3490 2822 colligens
3540 2770 3670 2810 ora-

2097 2835 2258 2888 tionis
2294 2846 2557 2907 tempore.
2625 2839 2678 2894 in
2750 2843 2991 2896 animam
3059 2856 3299 2899 nostram
3349 2843 3606 2900 infundit.
3647 2866 3663 2897 ι

2093 2923 2158 2976 Ει
2189 2927 2364 2981 adhuc
2404 2945 2420 2983 :
2459 2947 2477 2979 ι
2514 2927 2694 2983 Fortis
2753 2944 3048 2997 armatura,
3106 2933 3318 3000 oratio;
3356 2951 3546 3004 magna
3579 2951 3668 2989 se-

2091 3017 2319 3072 curitas.
2357 3038 2376 3070 ι
2427 3020 2489 3073 Et
2543 3021 2895 3092 Theologus:
2935 3044 2952 3076 ι
2989 3024 3216 3093 Oportet
3269 3042 3370 3083 nos
3422 3027 3512 3082 Dei
3558 3046 3667 3082 mc-

2093 3111 2317 3164 minisse
2338 3122 2392 3166 et
2429 3113 2595 3167 Deum
2649 3118 2915 3185 aspirare.
2955 3137 2973 3169 ι
3016 3119 3082 3172 Et
3116 3136 3378 3177 rursum:
3421 3140 3440 3173 ι
3491 3121 3661 3190 Magis

441 3185 605 3254 τέρας
657 3185 855 3255 ψυχῆς.
920 3185 1075 3238 Ἔτι·
1139 3187 1299 3255 Μέγα
1343 3187 1504 3240 ὅπλον
1554 3188 1729 3258 εὐχή·
1797 3189 2005 3260 μεγάλη

2100 3204 2356 3258 continue
2409 3205 2577 3260 Deum
2628 3207 2802 3277 cogita
2861 3219 2956 3264 aut
3005 3212 3233 3278 respira.
3275 3231 3293 3263 ›
3327 3213 3390 3270 Et
3445 3223 3666 3269 sant-tos

440 3277 729 3344 ἀσφάλεια.
761 3296 781 3328 ι
813 3275 921 3330 Kal.
947 3279 974 3329 ὁ
993 3277 1283 3345 Θεολόγος⁹
1320 3296 1338 3329 ι
1369 3280 2006 3352 Μνημονευτέονθεοῦ,ἢ

441 3371 865 3423 ἀναπνευστέον.
929 3369 1023 3422 καὶ
1059 3368 1244 3432 αὖθις·
1311 3373 1692 3443 συνεχέστερον
1751 3375 1861 3427 νόει
1918 3375 2009 3428 τὸν

441 3467 590 3527 θεὸν,
613 3466 646 3534 ἢ
672 3465 918 3519 ἀνάπνει.
953 3483 972 3517 ι
1007 3465 1121 3518 Καὶ
1141 3466 1169 3516 ό
1200 3467 1350 3532 ἆγιος
1368 3464 1552 3518 Ἰσαάκ
1573 3481 1588 3495 ·
1621 3483 1639 3516 ι
1668 3466 1830 3517 ’Δνευ
1853 3467 2003 3518 seu.

441 3557 657 3610 λείπτου
681 3558 1012 3627 προσευχῆς,
1046 3557 1407 3625 προσεγγίσαι
1433 3556 1511 3627 τῷ
1536 3555 1653 3626 Θεῷ
1677 3557 1737 3609 ού
1759 3557 2006 3612 δύνασαι.

444 3646 590 3699 Καί·
658 3647 814 3701 Μετὰ
863 3646 956 3698 τὸν
1009 3647 1176 3699 κόπον
1229 3647 1330 3716 τῆς
1383 3649 1714 3718 προσευχῆς,
1788 3649 2009 3719 ποιῆσαι

443 3738 518 3808 τῷ
559 3737 640 3792 νοῒ
688 3738 961 3810 μέριμναν
998 3739 1214 3809 ἐτέραν,
1251 3740 1593 3810 σκορπισμὸν
1637 3742 1732 3810 τῆς
1769 3741 2007 3806 διανοίας

440 3829 834 3899 ἀπεργάζεται.
887 3832 1031 3885 Καί·
1091 3833 1247 3885 Πᾶσα
1291 3833 1588 3904 προσευχὴ,
1621 3828 1734 3906 ἐνῇ
1784 3835 1858 3904 μὴ
1909 3851 2008 3905 μο-

441 3921 622 3993 χθήσῃ
645 3924 706 3976 τὸ
728 3922 909 3995 σῶμα,
931 3927 1023 3981 καί
1042 3926 1193 3996 θλιὸῇ
1222 3928 1278 3979 ἐν
1298 3927 1483 3997 αύτῇή
1513 3929 1728 3996 καρδία,
1749 3927 2009 3999 ἐκτρωμα

442 4011 750 4080 λογίζεται·
791 4015 961 4085 χωρὶς
1003 4018 1111 4085 γὰρ
1145 4016 1322 4086 ψυχῆς
1369 4020 1516 4070 ἐστιν
1550 4019 1732 4088 ἐκείνη
1771 4022 1803 4090 ή
1836 4036 2007 4092 προσ·

445 4104 599 4173 ευχή.
645 4123 662 4154 ι
688 4106 794 4157 Καὶ
819 4108 847 4158 ὁ
877 4108 976 4174 τῆς
998 4107 1310 4176 Κλίμακος·
1349 4127 1366 4159 ι
1398 4109 1674 4179 Προσευχή
1712 4111 1846 4174 ἐστι,
1867 4110 2010 4164 κατά

448 4199 544 4262 μὲν
573 4196 671 4266 τὴν
698 4197 867 4267 αὐτῆς
903 4198 1185 4268 ποιότητα,
1218 4198 1496 4260 συνουσία,
1527 4203 1622 4253 καὶ
1666 4200 1860 4264 ἓνωσις
1913 4203 2008 4256 ἀν-

444 4286 662 4356 θρώπου
694 4290 788 4340 καὶ
821 4289 956 4340 Θεοῦ
984 4307 998 4320 ·
1039 4290 1179 4343 κατά
1205 4290 1260 4342 δὲ
1303 4292 1602 4362 ἐνέργειαν,
1656 4293 1861 4362 κόσμου
1917 4293 2012 4346 σύ-

444 4394 653 4444 στασις,
689 4379 823 4431 Θεοῦ
856 4380 1194 4448 καταλλαγὴ,
1228 4380 1480 4451 δακρύων
1507 4386 1688 4453 μήτηρ
1717 4385 1810 4436 καὶ
1844 4385 2007 4438 πάλιν

445 4471 711 4542 θυγάτηρ,
765 4473 1181 4543 ἁμαρτημάτων
1243 4473 1488 4543 ίλασμὸς,
1545 4476 1872 4546 πειρασμῶν
1920 4477 2008 4545 γὲ-

443 4581 612 4634 φυρα,
641 4565 876 4635 θλίψεως
914 4565 1252 4635 μεσότοιχον,
1275 4567 1532 4637 πολέμων
1564 4567 1812 4638 θραῦσις,
1845 4571 2010 4637 ἀγγέ-

443 4656 549 4710 λων
579 4657 760 4728 ἔργον,
795 4659 1106 4729 ἀσωμάτων
1137 4660 1352 4714 πάντων
1402 4661 1598 4730 τροφὴ,
1641 4664 1672 4732 ἡ
1741 4662 2010 4732 μέλλουσα

441 4749 772 4820 εὐφροσύνη,
809 4751 1117 4822 ἀπέραντος
1155 4751 1410 4822 ἐργασία,
1456 4754 1668 4823 ἀρετῶν
1703 4756 1875 4826 πηγὴ,
1912 4773 2011 4827 χα-

443 4842 725 4912 ρισμάτων
745 4843 1028 4913 πρόξενος,
1057 4844 1309 4914 προκοπὴ
1334 4844 1586 4914 ἀόρατος,
1616 4846 1788 4916 τροφὴ
1807 4847 2006 4920 ψυχῆς.

443 4932 534 4984 νοῦ
563 4933 865 5004 φωτισμδς,
905 4933 1275 5003 ἀπογνώσεως
1316 4935 1506 4999 πέλυξ,
1540 4938 1753 5001 ἐλπίδος
1788 4940 2008 4995 ἀπόδει-

444 5023 545 5092 ξις,
579 5025 759 5096 λύπης
786 5025 1077 5097 λύτρωσις,
1112 5025 1345 5090 πλοῦτος
1377 5028 1648 5096 μοναχῶν,
1686 5031 2011 5101 ήσυχαστῶν

444 5118 740 5188 θησαυρὸς,
772 5117 946 5188 θυμοῦ
983 5119 1230 5189 μείωσις,
1257 5118 1521 5190 ἔσοπτρον
1567 5126 1877 5192 προκοπῆς,
1912 5126 2010 5193 μὲ-

443 5228 584 5281 τρων
612 5210 904 5279 ἐμφάνεια.
936 5211 1323 5274 καταστάσεως
1351 5211 1603 5280 δήλωσις.
1642 5213 1749 5265 τῶν
1796 5215 2015 5284 μελλόν-

442 5323 548 5357 των
602 5302 966 5372 ἀποκάλυψις,
999 5304 1190 5368 κλέους
1240 5305 1506 5375 σηματία,
1560 5307 1839 5378 [Ιροσευχή
1893 5309 2012 5361 ἐστι

445 5397 519 5468 τῷ
559 5399 731 5460 ὄντως
787 5396 1087 5466 εὐχομένη»,
1145 5397 1515 5466 δικαστήριον,
1573 5400 1668 5452 καὶ
1701 5401 2007 5471 κριτήριον,

445 5492 538 5542 καὶ
563 5490 714 5560 βῆμα
765 5489 993 5557 Κυρίου,
1025 5489 1130 5559 πρὸ
1161 5489 1255 5543 τοῦ
1287 5490 1573 5559 μέλλοντος
1605 5491 1865 5560 βήματος.
1904 5494 2012 5545 Καὶ

444 5583 606 5636 πάλιν
630 5599 642 5611 ·
677 5581 842 5634 Ούδέν
872 5580 1058 5648 ἔτερόν
1099 5582 1214 5634 ἐστι
1249 5581 1548 5650 προσευχὴ,
1596 5583 1646 5634 εἰ
1681 5583 1766 5652 μὴ
1803 5583 2010 5650 κόσμου

441 5670 637 5741 ὁρατοῦ
666 5672 760 5724 καὶ
796 5669 1028 5736 ἀοράτου
1066 5670 1435 5737 ἀλλοτρίωσις.
1473 5689 1492 5720 ι
1522 5672 1629 5723 Καὶ
1649 5673 1678 5721 ό
1707 5671 1860 5735 ἅγιος
1883 5673 2014 5724 Nai-

444 5762 533 5824 λος
555 5777 567 5786 '
608 5781 626 5814 ι
669 5762 727 5813 Εἰ
760 5759 1160 5830 προσεύξασθαι
1179 5761 1382 5823 ποθεῖς,
1407 5761 1674 5824 ἀπόταξαι
1695 5765 1805 5825 τοῖς
1826 5764 2010 5827 πᾶσιν,

449 5855 536 5909 ἵνα
580 5854 640 5908 τὸ
694 5855 800 5910 πᾶν
848 5853 1283 5925 κληρονομήσῃς.
1321 5855 1440 5908 Ἔτι
1474 5871 1485 5884 ·
1542 5856 1820 5927 ΙΙροσευχή
1865 5857 2010 5910 ἐστιν

2099 3292 2250 3348 Isaac
2285 3313 2298 3348 :
2347 3313 2366 3346 ι
2405 3294 2536 3349 Sine
2569 3298 2912 3354 indefieiente
2943 3302 3211 3364 oratiouna,
3257 3304 3366 3356 Deo
3408 3305 3668 3357 accedere

2097 3400 2202 3438 non
2235 3396 2406 3455 potes.
2447 3406 2465 3438 ›
2505 3387 2564 3440 Et
2601 3407 2614 3443 :
2651 3407 2668 3440 ι
2700 3391 2884 3445 Omnis
2944 3393 3146 3458 oratio,
3209 3394 3261 3448 in
3325 3410 3433 3464 qua
3468 3411 3668 3465 corpus

2100 3486 2248 3530 tuutn
2282 3495 2387 3533 non
2422 3479 2646 3548 aﬂliges,
2705 3490 2759 3535 et
2815 3497 2911 3535 cor
2965 3491 3116 3536 tuum
3167 3499 3274 3538 non
3309 3501 3666 3556 rompunges,

2095 3571 2321 3623 abortus
2353 3570 2622 3635 efficitur;
2653 3581 2806 3627 extra
2861 3573 3097 3629 animam
3149 3577 3293 3631 enim
3326 3591 3407 3632 est
3440 3597 3504 3633 ea
3539 3597 3666 3635 ora-

2097 3659 2190 3710 tiu.
2231 3677 2250 3709 ι
2291 3657 2704 3715 EtClimacicus
2742 3680 2755 3716 :
2797 3681 2815 3714 ι
2847 3661 3034 3717 Oratio
3088 3675 3192 3727 cst,
3235 3669 3412 3734 quoad
3475 3688 3666 3724 esseu-

2097 3747 2248 3806 tiam.
2279 3750 2622 3803 conversaio
2671 3760 2724 3805 et
2780 3753 2910 3806 unio
2946 3753 3181 3811 hominis
3221 3772 3286 3812 ac
3340 3759 3461 3822 Dei;
3490 3761 3664 3827 quoad

2095 3823 2419 3903 efficax-iam,
2458 3843 2642 3895 mundi
2691 3845 3067 3908 consistentia,
3100 3847 3187 3902 Dei
3219 3851 3549 3916 conciliatio,
3589 3855 3667 3907 la-

2095 3949 2403 4002 crymarum
2434 3948 2608 3989 mater
2670 3954 2732 3992 ac
2787 3956 3003 3993 rursu'n
3049 3941 3177 4004 filia,
3215 3943 3539 3997 delictorum
3574 3963 3665 3997 cx-

2096 4027 2282 4094 P'atio.
2316 4039 2504 4083 contra
2537 4033 2862 4088 tentationrs
2912 4037 3128 4092 vallum,
3165 4052 3353 4090 con'ra
3413 4039 3659 4092 afﬂictio-

2097 4133 2217 4171 ncm
2255 4119 2611 4176 inter-medius
2643 4126 2844 4191 paries.
2904 4129 3168 4180 bellor-unt
3229 4131 3464 4194 sanatio,
3502 4146 3666 4196 ange-

2095 4210 2270 4264 lorum
2312 4227 2468 4282 opus,
2507 4214 2934 4284 incorporalium
2971 4218 3224 4272 .omnium
3273 4220 3450 4281 cibus.
3486 4221 3664 4275 fututa

2095 4303 2304 4369 laetitia,
2360 4305 2568 4360 infinita
2617 4310 2886 4376 operatio,
2927 4309 3187 4364 virtutum
3217 4311 3360 4373 fons,
3395 4315 3660 4367 donoru-n

2095 4403 2274 4464 origo,
2328 4398 2616 4453 invisibilis
2667 4401 2963 4467 profectus.
2996 4403 3189 4456 anitua:
3241 4404 3419 4463 ribus.
3469 4407 3666 4458 Ini-ritis

2100 4487 2307 4552 lumen,
2364 4489 2758 4556 desperationis
2813 4491 3043 4551 srcuris.
3075 4493 3188 4560 spei
3244 4493 3660 4556 demonstratio,

2097 4580 2339 4634 Suedium
2379 4579 2682 4646 mundatio,
2723 4582 3116 4635 monachorum
3155 4583 3377 4648 divitize,
3409 4585 3666 4656 pacifico-

2095 4686 2215 4724 t'nm
2251 4671 2568 4732 thesaurus,
2620 4673 2714 4727 ira:
2774 4673 3112 4741 imminutio,
3168 4677 3446 4746 sprrulum
3483 4677 3666 4746 profe-

2096 4769 2241 4823 ctus,
2303 4777 2686 4816 mensurarum
2733 4763 3020 4832 apparitio,
3072 4767 3478 4834 tranquillitatis
3527 4769 3665 4822 iudi-

2095 4856 2261 4922 catio,
2324 4857 2636 4909 futurorum
2710 4855 2996 4922 revelatio,
3072 4859 3662 4934 gloriiysignificatio.

2095 4949 2283 5003 Oratio
2315 4961 2396 5004 e~t
2427 4949 2473 5003 ei
2529 4950 2621 5019 qui
2673 4964 2800 5003 vero
2847 4961 2992 5010 orat,
3031 4952 3270 5005 tribunal
3313 4962 3364 5005 et
3390 4953 3658 5021 judicium

2094 5052 2382 5112 antequam
2454 5043 2695 5094 futurum
2753 5042 2987 5096 tribunal
3047 5053 3337 5097 Statuatur.
3371 5061 3390 5094 ›
3432 5043 3494 5096 Ει
3542 5059 3666 5097 rur-

2094 5151 2214 5190 sum
2248 5154 2262 5190 :
2297 5154 2316 5189 ι
2353 5135 2496 5189 Nihil
2535 5136 2678 5190 aliud
2737 5145 2820 5190 est
2875 5136 3074 5196 (natio,
3125 5152 3288 5204 quam
3321 5137 3504 5189 mundi
3535 5137 3666 5188 visi-

2095 5229 2221 5283 bilis
2276 5244 2340 5283 ac
2401 5230 2690 5285 invisibilis
2746 5229 3103 5283 abalienatio.
3144 5249 3161 5280 ι
3200 5229 3263 5281 Ισίι
3310 5239 3533 5283 sanctus
3567 5229 3659 5281 Ni-

2095 5321 2179 5374 Itis
2213 5337 2226 5373 :
2268 5339 2284 5370 ι
2326 5319 2381 5373 Si
2417 5336 2576 5373 orare
2615 5320 2920 5381 desideras,
2983 5321 3242 5370 omnilius
3294 5330 3491 5370 renuut
3517 5334 3571 5379 a,
3606 5327 3664 5368 ut

2094 5414 2276 5469 omnia
2336 5411 2642 5464 haereditate
2695 5409 2946 5478 recipias.
2993 5427 3011 5460 ι
3055 5407 3118 5460 lit
3156 5410 3334 5462 adhuc
3372 5423 3384 5458 :
3419 5426 3434 5455 ι
3473 5405 3663 5458 Oratio

2093 5516 2176 5562 est
2227 5505 2478 5560 ascensio
2521 5504 2586 5556 ad
2644 5502 2834 5555 Deum.
2871 5520 2888 5552 ι
2928 5500 2989 5554 Et
3033 5501 3210 5554 adhuc
3249 5517 3263 5552 :
3301 5519 3316 5549 ι
3353 5498 3538 5552 Oratio
3576 5505 3661 5551 cst

2093 5597 2441 5654 conversatio
2473 5595 2668 5650 mentis
2693 5611 2815 5648 cum
2845 5593 2974 5647 Deo.
3001 5612 3019 5644 ι
3057 5594 3120 5645 Et
3148 5593 3325 5644 adhuc
3357 5609 3369 5644 :
3410 5611 3427 5642 ι
3462 5591 3665 5656 Quem-

2093 5691 2386 5744 admodum
2415 5689 2570 5757 pzttIiS
2625 5697 2706 5741 est
2759 5685 2976 5753 corpori
3033 5686 3207 5748 cibus,
3243 5693 3295 5737 et
3323 5683 3515 5736 ani-nm
3548 5683 3666 5736 vir-

2095 5795 2201 5845 tus,
2238 5783 2310 5835 ita
2346 5792 2400 5836 et
2447 5781 2610 5833 tuenti
2661 5776 2961 5848 spiritualis
3006 5777 3178 5829 oratio
3216 5777 3370 5828 cibus
3400 5785 3503 5828 est.
3539 5795 3554 5826 ›
3603 5775 3673 5829 lit.

2102 5875 2212 5928 hae:-
2272 5873 2486 5937 quidcm
2547 5871 2616 5924 ita
2684 5877 2828 5923 sunt.
2867 5866 3020 5921 Nunc
3067 5875 3243 5920 autem
3292 5878 3658 5936 opportunum
