4080 6206
373 367 478 433 επ

1582 378 1971 444 OPUSCULA
2012 385 2051 442 Α
2063 386 2394 452 SCETICA.

3510 404 3617 472 698

383 490 495 543 τῶν
550 487 877 558 πνευμάτων
919 489 983 541 ἐκ
1035 489 1142 543 τῶν
1177 491 1345 559 ἁγίων
1376 491 1678 566 δυνάμεων,
1712 499 1809 553 καὶ
1842 500 1929 552 τῶ

2037 513 2211 558 tarum
2260 522 2383 575 quae
2434 507 2493 563 in
2556 511 2904 582 cogitationis
2955 496 3145 587 pelago
3179 529 3488 588 versantur,
3520 530 3613 593 qui

377 580 651 649 ἀληθινῶν
724 579 972 649 ὀράσεων
1025 582 1089 633 ἐκ
1146 582 1255 635 τῶν
1286 586 1532 653 ματαίων
1605 592 1949 656 φαντασιῶν·

377 672 631 725 ἐντεῦθεν
664 673 691 725 ὁ
724 671 889 740 φόϐος
922 671 1031 724 τῶν
1079 673 1215 726 ὁδῶν
1250 677 1343 729 καὶ
1381 679 1490 733 τῶν
1518 680 1720 748 τρίϐων
1744 683 1851 734 τῶν
1889 686 1948 736 ἐν

374 763 453 833 τῷ
483 763 714 828 πελάγει
755 766 854 833 τῆς
908 764 1171 831 διανοίας,
1212 769 1240 820 ὀ
1286 769 1502 822 κόπτων
1536 771 1634 841 τὴν
1677 764 1948 845 ρᾳθυμίαν

374 856 470 907 καὶ
506 854 605 925 τὴν
641 854 924 924 ἀμέλειαν,
953 856 1047 910 καὶ
1079 859 1113 928 ἡ
1152 859 1282 926 φλὸξ
1312 861 1403 913 τοῦ
1436 862 1600 932 ζήλου
1633 868 1665 934 ἡ
1699 884 1947 919 καταπα-

371 945 542 999 τοῦσα
569 947 749 999 πάντα
772 947 1017 1001 κίνδυνον
1040 950 1133 1002 καὶ
1165 949 1517 1006 διαϐαίνουσα
1552 957 1728 1009 πάντα
1760 958 1941 1024 φόϐον,

371 1035 464 1086 καὶ
495 1038 527 1105 η
557 1035 734 1106 θέρμη
764 1038 797 1106 ἡ
838 1039 1260 1108 καταφρονοῦσα
1309 1044 1491 1113 πάσης
1522 1044 1819 1114 ἐπιθυμίας
1850 1049 1944 1100 καὶ

367 1126 433 1179 ὲκ
489 1127 589 1195 τῆς
658 1127 900 1192 διανοίας
953 1130 1311 1200 ἑξαλείφουσα
1351 1134 1574 1206 ταύτην,
1630 1138 1724 1190 καὶ
1774 1138 1945 1208 λήθην

368 1218 680 1284 ἐμποιοῦσα
714 1221 896 1288 πάσης
930 1224 1152 1293 μνήμης
1184 1226 1292 1278 τῶν
1328 1230 1754 1298 παρερχομένων
1804 1232 1943 1298 μετά

366 1308 474 1360 τῶν
522 1309 741 1374 ἄλλων·
783 1314 877 1365 καὶ
934 1315 1021 1367 ἵνα
1054 1319 1335 1386 συντόμως
1378 1320 1539 1382 εἴπω,
1579 1322 1608 1390 ἡ
1660 1321 1941 1391 ἐλευθερία

365 1400 463 1452 τοῦ
509 1402 802 1472 ἀνθρώπου
830 1405 922 1457 τοῦ
955 1406 1235 1475 ἀληθινοῦ,
1270 1411 1363 1462 καὶ
1391 1411 1423 1480 ἠ
1451 1410 1596 1481 χαρὰ
1615 1412 1710 1482 τῆς
1739 1412 1940 1484 ψυχῆς,
1980 1432 1986 1438 ·

366 1492 462 1544 καὶ
494 1496 527 1561 ἠ
558 1495 883 1562 ἀνάστασις,
918 1499 1014 1550 καὶ
1043 1500 1076 1568 ὴ
1109 1502 1245 1569 μετά
1270 1502 1366 1555 τοῦ
1396 1503 1633 1571 Χριστοῦ
1670 1505 1727 1556 ἐν
1746 1508 1811 1575 τῇ
1842 1506 1938 1575 βα-

367 1585 543 1656 σιλείᾳ
581 1589 689 1640 τῶν
741 1590 988 1659 οὐρανῶν
1026 1593 1330 1657 ἀνάπαυσις
1376 1595 1648 1651 ἐντεῦθεν.
1684 1597 1750 1649 Et
1773 1615 1854 1660 τις
1883 1598 1938 1649 δὲ

363 1676 712 1746 ἀμελήσειεν
738 1684 851 1743 τοῖς
897 1682 1018 1736 δυσὶ
1063 1685 1294 1750 τούτοις,
1325 1686 1517 1755 γνώτω
1554 1688 1635 1740 ὃτι
1673 1688 1734 1740 οὐ
1780 1692 1941 1756 μόνον

363 1768 427 1819 ἐκ
456 1769 675 1823 πάντων
700 1770 809 1824 τῶν
835 1776 1255 1845 προειρημένων
1280 1777 1485 1830 τούτων
1513 1778 1703 1849 ζημιοῖ
1723 1780 1937 1846 ἑαυτὸν,

363 1857 500 1910 ἀλλὰ
542 1860 637 1911 καὶ
674 1860 766 1913 τὸν
800 1861 1049 1930 θεμέλιον
1093 1866 1284 1918 πασῶν
1311 1868 1419 1920 τῶν
1450 1868 1663 1939 ἀρετῶν
1688 1869 1937 1934 διασείει,
1967 1851 2006 1904 Β

362 1949 421 1999 ἐν
454 1952 517 2020 τῇ
555 1956 962 2023 καταφρονήσει
996 1955 1104 2008 τῶν
1158 1957 1253 2010 δύο
1303 1958 1509 2013 τούτων
1554 1961 1786 2027 ἀρετῶν.
1826 1962 1936 2013 Καί

360 2056 551 2123 ὥσπερ
592 2058 734 2137 εὶσὶν
781 2054 941 2115 αὗται
976 2062 1033 2114 ὲν
1086 2066 1149 2132 τῇ
1190 2064 1359 2135 ψυχῇ,
1411 2065 1552 2137 ἀρχὴ
1591 2068 1685 2121 καὶ
1721 2066 1933 2141 κεφαλὴ

359 2149 454 2216 τῆς
483 2148 635 2212 θείας
678 2135 964 2219 ἐργασίας,
994 2153 1087 2206 καὶ
1128 2155 1287 2225 θύρα,
1328 2158 1418 2210 καὶ
1453 2135 1634 2228 Ὕόδοςή
1669 2135 1813 2228 πρὸς
1841 2135 1934 2214 τὸν

358 2238 617 2307 Χριστὸν,
663 2240 759 2292 ὲάν
811 2259 895 2303 τις
948 2247 1197 2315 κρατήσῃ
1271 2247 1462 2313 αὐτὰς,
1500 2248 1595 2303 καὶ
1647 2250 1706 2303 ὲν
1744 2252 1935 2318 αὑταῖς

360 2333 656 2406 ὑπομείνῃ,
699 2335 842 2389 οὔτω
877 2340 968 2389 καὶ
999 2340 1093 2392 ὲάν
1144 2358 1227 2404 τις
1265 2341 1594 2414 ἀναχωρήσῃ
1627 2344 1685 2410 ἐξ
1729 2344 1929 2407 αὐτῶν,

358 2424 455 2475 καὶ
486 2426 817 2498 ἀποπηδήσῃ
871 2430 965 2481 ἀπ’
996 2431 1199 2491 αὐτῶν,
1232 2433 1369 2503 πρὸς
1416 2434 1591 2488 ταῦτα
1641 2437 1710 2487 τὰ
1744 2436 1835 2487 δύο
1862 2437 1932 2489 τὰ

357 2519 577 2573 ἐναντία
630 2523 835 2574 τούτων
889 2526 1169 2595 καταντᾷ·
1247 2526 1394 2595 λέγω
1459 2528 1560 2597 δὴ,
1611 2527 1671 2581 τὺ
1728 2546 1934 2598 μετεω-

359 2609 611 2677 ρισθῆναι
638 2610 715 2679 τῷ
742 2611 980 2681 σώματι,
1027 2616 1122 2668 καὶ
1145 2621 1578 2688 γαστριμαργείν
1606 2617 1921 2685 ἀθέσμως,›

358 2701 451 2749 καὶ
483 2702 551 2751 τὰ
586 2700 733 2769 ἑξῆς.
768 2704 877 2756 Καὶ
910 2706 967 2757 ἐν
1018 2706 1200 2769 ἄλλοις
1226 2724 1239 2737 ·
1280 2727 1298 2759 ι
1335 2710 1441 2762 Καὶ
1471 2710 1518 2762 οἱ
1557 2709 1654 2778 μὲν
1702 2710 1761 2762 ἐν
1810 2712 1927 2768 ταῖς

355 2790 552 2859 ἀρχαῖς
584 2792 764 2846 αὐτῶν
813 2795 1046 2867 ρᾴθυμοι
1100 2800 1193 2851 καὶ
1237 2800 1425 2869 χαῦνοι
1474 2801 1832 2873 ὑπάρχοντες,
1866 2799 1928 2855 οὐ

355 2879 521 2947 μόνον
562 2882 626 2932 ὲκ
675 2880 785 2934 τῶν
836 2884 1066 2952 ἀγώνων
1103 2888 1311 2941 τούτων
1343 2890 1439 2942 καὶ
1485 2891 1594 2943 τῶν
1643 2892 1923 2959 τοιούτων,

352 2968 495 3022 ἀλλά
522 2972 617 3023 καὶ
651 2971 758 3025 ἀπὸ
784 2974 915 3044 ἤχου
943 2974 1157 3042 φύλλων
1195 2977 1413 3049 δένδρου
1454 2981 1692 3033 δειλιιίσι
1716 2972 1926 3035 καὶτα-

355 3061 680 3131 ράττονται·
714 3068 807 3119 καὶ
864 3068 972 3120 ἀπὸ
1014 3072 1219 3139 μικρᾶς
1269 3071 1517 3143 ἀνάγκης
1562 3074 1664 3143 τῆς
1693 3075 1799 3128 ἀπὸ
1826 3076 1923 3145 τῆς

2043 596 2210 651 timor
2260 599 2529 668 ignaviam
2574 614 2626 657 et
2666 607 3045 676 negligentiam
3098 610 3373 682 infringit,
3409 623 3463 668 et
3512 616 3614 670 zeli

2042 686 2256 742 ﬂamma
2288 706 2407 759 qum
2433 708 2594 749 omne
2624 699 2927 765 periculum
2953 704 3289 760 transcendit
3319 713 3372 759 et
3398 722 3613 760 omnem
3660 726 3665 731 '

2041 788 2245 834 metum
2297 787 2728 855 transgreditur;
2769 800 2818 844 et
2865 793 3027 846 ardor
3062 796 3153 863 qui
3204 811 3418 851 omnem
3461 800 3609 866 cupi-

2039 871 2263 926 ditatem
2314 874 2548 944 despicit
2596 895 2823 949 eamque
2855 899 2917 936 ex
2951 888 3282 953 cogitatione.
3322 890 3610 959 abstergit.

2038 972 2089 1017 et
2132 963 2459 1022 oblivionem
2491 969 2680 1025 inserit
2714 990 2902 1029 eorum
2935 994 3054 1044 qua:
3080 996 3199 1033 cum
3238 982 3358 1034 aliis
3396 994 3614 1051 praeter-

2037 1066 2202 1119 eunt;
2252 1067 2306 1113 et
2356 1071 2413 1114 ut
2478 1078 2589 1117 uno
2660 1066 2827 1121 verbo
2876 1070 3093 1131 dicam,
3142 1072 3339 1127 sinceri
3377 1075 3614 1128 hominis

2036 1146 2284 1213 libertas,
2320 1152 2517 1207 animm
2552 1155 2735 1210 lretitia
2772 1167 2826 1211 et
2863 1164 3217 1225 resurrectio,
3254 1174 3307 1217 et
3358 1165 3411 1219 in
3443 1182 3615 1230 regno

2037 1240 2300 1292 Helorum
2338 1257 2459 1294 cum
2493 1243 2715 1300 Christo
2748 1250 2963 1317 requies
3008 1252 3132 1304 inde.
3181 1257 3522 1321 proveniunt.
3557 1257 3612 1308 Si

2039 1331 2161 1395 quis
2186 1341 2365 1386 autem
2413 1333 2466 1387 in
2505 1336 2658 1392 hisee
2689 1338 2901 1394 duobus
2935 1345 3215 1412 negligens
3260 1345 3445 1410 fuerit,
3478 1349 3613 1401 sciat

2039 1419 2154 1477 fore
2178 1432 2361 1477 utnon
2384 1425 2544 1480 modo
2569 1431 2826 1485 omnibus
2851 1434 3123 1500 prardictis
3145 1437 3386 1504 seipsum
3416 1438 3612 1504 privet,

2037 1513 2131 1565 sed
2165 1522 2218 1567 et
2249 1516 2495 1571 omnium
2525 1519 2785 1575 virtutum
2835 1522 3190 1579 fundamenta
3216 1528 3518 1586 concutiat,
3560 1529 3615 1579 in

2037 1604 2268 1658 duarum
2301 1606 2517 1686 illarum
2566 1611 2829 1666 virtutum
2868 1623 3206 1679 contemptu.
3256 1615 3317 1671 Et
3350 1620 3613 1686 queri.an-

2038 1696 2260 1751 modum
2284 1715 2360 1754 ea:
2380 1682 2578 1755 suntin
2603 1704 2781 1757 anima
2803 1706 3125 1775 principium
3149 1718 3200 1762 et
3226 1721 3387 1777 rapttl
3415 1711 3612 1764 divinae

2038 1792 2377 1858 operationis
2404 1808 2467 1848 ac
2502 1794 2666 1864 ianua
2716 1807 2766 1850 et
2801 1798 2886 1852 via
2946 1800 3009 1851 ad
3048 1798 3351 1867 Christum,
3396 1805 3439 1857 si
3489 1804 3612 1869 quis

2039 1896 2131 1936 cas
2161 1890 2512 1952 occupaverit
2563 1897 2616 1939 et
2641 1886 2695 1940 in
2726 1888 2794 1943 iis
2824 1891 3175 1948 remanserit.
3210 1892 3281 1943 ita
3310 1903 3362 1946 et
3407 1892 3451 1946 si
3489 1895 3613 1960 quis

2037 1988 2101 2026 ex
2134 1974 2202 2028 iis
2236 1989 2294 2030 se
2330 1978 2596 2046 receperit
2621 1989 2675 2032 et
2703 1982 2979 2048 resilierit,
3029 1984 3243 2038 duobus
3266 1999 3452 2037 eartnu
3481 2002 3612 2038 con-

2036 2063 2219 2118 trariis
2249 2079 2533 2131 occurret;
2588 2085 2783 2138 nempe
2814 2088 3042 2142 corpore
3084 2075 3337 2128 fulcietur
3389 2085 3441 2130 et
3471 2079 3613 2146 gulse

2033 2158 2634 2231 ardenterindulgebit.
2684 2182 2702 2215 ι
2744 2166 2807 2218 Et
2846 2177 3063 2223 uetera.
3100 2167 3161 2222 Et
3205 2171 3256 2222 in
3295 2170 3452 2222 aliis:
3493 2189 3511 2220 r
3549 2170 3611 2221 Et

2031 2249 2122 2301 alii
2179 2250 2400 2317 quidem
2458 2256 2522 2305 ab
2571 2254 2730 2308 initio
2778 2256 2956 2324 ignavi
3004 2267 3058 2311 et
3099 2258 3451 2328 negligentes,
3501 2274 3609 2312 non

2029 2339 2206 2393 solum
2238 2356 2301 2395 ex
2328 2343 2413 2397 bis
2437 2359 2499 2397 ac
2522 2345 2721 2398 talibus
2742 2348 2963 2415 pugnis,
2996 2349 3089 2402 sed
3116 2364 3181 2402 ex
3216 2349 3427 2403 arboris
3448 2348 3609 2403 folio.

2030 2447 2150 2486 tum
2206 2434 2436 2502 strepitu
2494 2445 2737 2491 tremunt
2772 2454 2833 2491 ac
2894 2439 3219 2504 turbantur;
3268 2453 3318 2494 et
3354 2455 3517 2509 parva
3547 2455 3610 2493 ra

2027 2539 2147 2591 quae
2200 2541 2264 2580 ex
2314 2526 2474 2580 famis
2529 2528 2879 2584 incommodo
2927 2532 3124 2594 oritur,
3178 2520 3504 2587 necessitate
3556 2540 3612 2584 et

2027 2633 2188 2686 parva
2216 2618 2535 2673 infirmitate
2556 2632 2887 2690 superantur
2918 2633 2971 2676 et
3002 2623 3336 2691 dejieiuulur
3370 2633 3423 2677 et
3460 2634 3608 2677 retro

2026 2717 2333 2764 vertuntur.
2363 2710 2575 2766 Siuccri
2612 2721 2793 2767 autem
2823 2724 2875 2767 et
2908 2715 3144 2783 probati,
3170 2732 3235 2769 ne
3262 2717 3466 2770 olerum
3490 2717 3614 2783 qui-

2023 2799 2143 2853 dent
2197 2800 2343 2856 farno
2398 2804 2705 2869 satiantur;
2742 2821 2939 2875 neque.
2988 2806 3260 2861 siccarum
3305 2808 3605 2861 herbarum

2030 2892 2311 2949 radicibus
2349 2895 2582 2962 nutriti,
2631 2908 2757 2950 ante
2798 2905 3055 2950 statutum
3108 2898 3211 2952 cibi
3259 2898 3472 2957 horam.
3503 2899 3602 2951 ali-

2020 3000 2181 3053 quam
2210 3001 2396 3040 earum
2426 2987 2632 3041 audent
2664 2996 2905 3058 gustare.
2947 2988 3051 3043 Sed
3090 2990 3236 3042 lntmi
3270 2991 3602 3043 recumbunt

2023 3076 2077 3130 in
2133 3077 2453 3133 infirmitate
2500 3088 2555 3133 ct
2591 3080 2871 3133 debilitate
2927 3085 3215 3147 corporis;
3246 3088 3298 3133 et
3343 3080 3598 3134 bellatum

353 3153 546 3223 χρείας
572 3156 668 3209 τοῦ
702 3156 886 3227 λιμοῦ,
915 3160 1008 3213 καὶ
1038 3160 1145 3213 ἀπὸ
1179 3165 1384 3233 μικρᾶς
1409 3163 1693 3227 ἀσθενείας
1726 3168 1927 3221 νικῶν*

2027 3170 2194 3225 risum
2241 3170 2445 3225 habent
2480 3187 2670 3226 eorum
2706 3172 2874 3236 oculi,
2907 3187 2974 3227 eo
3004 3177 3144 3239 quod
3177 3187 3362 3225 eorum
3398 3188 3603 3239 corpus

346 3262 463 3307 ται,
498 3250 593 3301 καὶ
616 3250 1012 3321 ἀπαρνοῦνται,
1043 3255 1134 3306 καὶ
1155 3257 1235 3318 εἰς
1258 3255 1326 3308 τὰ
1365 3256 1540 3310 ὀπίσω
1572 3260 1916 3328 στρέφονται.

349 3337 413 3388 Ol
444 3337 500 3390 δὲ
540 3338 785 3409 ἀληθινοὶ
828 3344 922 3394 καὶ
953 3343 1189 3414 δόκιμοι,
1217 3346 1339 3399 οὐδὲ
1362 3348 1434 3421 ’ἐκ
1469 3348 1560 3401 τοῦ
1587 3350 1780 3421 χόρτου
1813 3351 1921 3405 τῶν

346 3423 600 3494 λαχάνων
660 3430 1017 3499 χορτάζονται
1044 3450 1056 3463 ·
1085 3434 1205 3487 οὐδὲ
1236 3418 1791 3509 διατιώμενοινρίζαις
1828 3442 1917 3511 βο-

346 3514 526 3568 τάνων
552 3516 754 3588 ξηρῶν,
790 3523 896 3589 πρὸ
919 3522 1016 3591 τῆς
1040 3526 1434 3595 νενομισμένης
1466 3527 1617 3596 ὥρας
1648 3530 1748 3597 τῆς
1790 3547 1919 3601 τρο-

348 3604 479 3673 φῆς,
517 3610 907 3679 καταδέχονταί
937 3629 1082 3676 τινος
1133 3614 1432 3680 γεύσασθαι
1456 3633 1472 3647 ⁶
1521 3617 1656 3670 ἀλλά
1683 3619 1777 3670 καὶ
1816 3637 1917 3689 χα-

350 3701 661 3768 μευνοῦσιν,
689 3704 747 3756 ἐν
771 3705 962 3777 ἀτονία
986 3706 1136 3771 ὅντες
1167 3709 1263 3761 καὶ
1285 3710 1494 3780 ἀγωνίᾳ
1517 3711 1611 3763 τοῦ
1638 3711 1912 3782 σώματος’

347 3790 443 3842 καὶ
471 3792 896 3859 ἀμϐλυωποῦσιν
926 3798 975 3849 οἱ
1006 3800 1273 3869 ὀφθαλμοὶ
1317 3802 1518 3863 αὐτῶν,
1547 3806 1611 3856 ὲκ
1647 3804 1745 3873 τῆς
1778 3806 1917 3873 ἄγαν

347 3882 631 3945 κενώσεως
688 3886 783 3937 τοῦ
840 3888 1130 3956 σώματος’
1165 3890 1265 3944 κᾶν
1313 3893 1369 3944 δὲ
1419 3896 1482 3946 ἐκ
1530 3896 1629 3963 τῆς
1672 3896 1916 3965 ἀνάγκης

346 3971 642 4037 ὲγγίσωσιν
674 3974 908 4037 ἐξελθεῖν
939 3978 1001 4029 ὲκ
1027 3977 1119 4030 τοῦ
1150 3978 1420 4047 σώματος,
1444 3981 1562 4033 οὐδὲ
1586 3979 1726 4034 οὕτω
1758 3984 1913 4051 χεῖρα

344 4062 575 4117 διδοῦσιν
605 4066 901 4135 ἡττηθῆναι
937 4069 1031 4121 καὶ
1081 4074 1286 4134 πεσεῖν,
1343 4074 1407 4125 ἐκ
1447 4076 1545 4140 τῆς
1597 4075 1914 4145 ἐρρωμένης

344 4152 525 4204 αὐτῶν
562 4157 961 4225 προαιρέσεως.
996 4159 1226 4237 Πουοκῦσι
1270 4161 1376 4230 γὰρ
1419 4163 1511 4215 καὶ
1544 4163 1787 4230 ἐφίενται
1814 4164 1908 4218 τοῦ

343 4245 636 4315 βιάσασθαι
682 4250 911 4313 ἑαυτοὺς
963 4251 1050 4304 διὰ
1080 4254 1179 4321 τὴν
1220 4256 1439 4325 ἀγάπην
1469 4256 1562 4307 τοῦ
1596 4256 1763 4309 Θεοῦ·
1815 4256 1910 4310 xui.

342 4340 545 4409 κοπιᾷν
577 4343 714 4409 ὑπὲρ
745 4344 842 4411 τῆς
869 4345 1069 4415 ἀρετῆς
1098 4348 1398 4416 αἱροῦνται,
1436 4349 1466 4418 ἥ
1511 4349 1609 4417 τὴν
1642 4350 1908 4419 πρόσκαι-

341 4446 435 4496 ρον
465 4431 607 4499 ζωὴν
630 4434 796 4503 ἔχειν,
826 4437 921 4486 καὶ
967 4440 1146 4489 πᾶσαν
1194 4440 1499 4492 ἀνάπαυσιν
1531 4443 1627 4509 τὴν
1655 4444 1711 4492 ἐν
1746 4442 1902 4511 αὐτῇ.

2019 3261 2182 3316 nimis
2208 3277 2441 3317 vacuum
2478 3272 2582 3318 est.
2642 3264 2707 3316 Et
2736 3264 2781 3319 si
2815 3279 2877 3317 ex
2921 3263 3243 3318 necessitate
3276 3264 3328 3316 in
3376 3279 3441 3316 eo
3470 3274 3597 3316 sunt

2020 3360 2124 3404 ute
2157 3366 2385 3421 corpore
2403 3361 2623 3416 exeant,
2657 3369 2724 3407 ne
2757 3352 3126 3420 tunc‘quidem
3153 3352 3283 3404 dant
3312 3366 3506 3403 manus
3539 3359 3599 3402 ut

2017 3453 2353 3508 superentur
2383 3458 2446 3496 ac
2478 3444 2859 3508 succumbant,
2893 3442 3030 3497 adeo
3063 3443 3240 3496 valida
3295 3451 3377 3494 est
3408 3458 3594 3494 eorum

2019 3534 2294 3594 voluntas.
2329 3535 2570 3603 Cupiunt
2602 3534 2747 3588 enim
2783 3551 2846 3589 ac
2878 3536 3070 3590 volunt
3102 3535 3202 3591 sibi
3241 3535 3347 3586 vim
3393 3532 3597 3585 inferre

2017 3636 2237 3694 propter
2261 3625 2354 3679 Dei
2381 3640 2659 3687 amorem;
2688 3637 2742 3679 et
2773 3627 3012 3695 torqueri
3040 3642 3136 3695 pro
3165 3627 3360 3680 virtute
3384 3626 3597 3678 malunt

2014 3730 2175 3782 quam
2200 3712 2394 3767 ﬂuxam
2425 3716 2589 3769 vitam
2614 3715 2815 3771 habere
2844 3727 2897 3770 et
2918 3732 3133 3770 Omnem
3163 3733 3316 3771 suam
3350 3714 3598 3782 requiem

2015 3805 2066 3857 in
2117 3819 2177 3857 ea
2233 3820 2453 3873 ponere.
2496 3805 2559 3858 Et
2590 3807 2811 3874 quando
2844 3807 3244 3875 snperwniunt
3284 3805 3389 3857 illis
3421 3812 3590 3857 tenta-

2014 3884 2211 3953 ams,
2256 3894 2430 3960 magis
2464 3892 2729 3947 iretantur
2756 3876 2898 3965 quod
2935 3911 3029 3965 per
3062 3910 3155 3950 eas
3219 3894 3594 3963 perficiantur.

2012 3996 2066 4040 et
2099 3984 2321 4053 perfecti
2355 3987 2502 4038 liant.
2530 3986 2635 4039 Sed
2673 4002 2849 4056 neque
2878 4004 2941 4041 ex
2970 3988 3120 4041 duris
3146 4002 3282 4051 quas
3311 3987 3364 4039 in
3396 3983 3593 4051 seipsis

2011 4080 2399 4144 experiuntur,
2438 4079 2726 4143 molestiis,
2781 4082 2830 4132 itt
2884 4080 2974 4133 Dei
3001 4081 3291 4134 dilectione
3315 4078 3589 4131 dttbitant.

2013 4169 2115 4222 Sed
2153 4169 2325 4222 donec
2372 4186 2437 4222 ex
2493 4171 2602 4223 vita
2656 4173 2861 4241 egressi
2918 4173 3048 4230 sint,
3109 4172 3339 4235 cupiunt
3379 4168 3597 4221 labm'es

2009 4272 2269 4326 generose
2313 4258 2591 4326 suseipch
2618 4275 2789 4327 neque
2823 4261 3043 4322 cedunt,
3080 4259 3207 4327 quia
3244 4260 3377 4311 [lunt
3427 4258 3479 4309 in
3524 4258 3592 4309 iis

2009 4346 2257 4415 perfecti.
2293 4365 2311 4399 ›
2347 4347 2417 4400 lis
2457 4349 2623 4417 igitur
2655 4366 2719 4403 ac
2763 4350 2964 4403 talibus
2998 4350 3326 4402 iub-urentes
3358 4357 3412 4401 et
3460 4364 3590 4411 nos,

2009 4447 2060 4491 et
2086 4440 2132 4490 ei
2175 4438 2493 4493 obetlientes
2521 4440 2611 4508 qui
2650 4440 2825 4498 dixit:
2880 4461 2897 4493 ι
2935 4442 3099 4509 Regia
3143 4442 3226 4495 via
3270 4441 3481 4505 incede,
3519 4457 3591 4492 ne

342 4517 452 4569 Καὶ
503 4519 630 4571 ὅταν
661 4522 957 4576 ἐπέλθωσιν
1006 4526 1185 4589 αὐτοῖς
1235 4529 1282 4579 οί
1333 4531 1646 4600 rapacitas,
1706 4532 1905 4599 μᾶλλον

2027 4529 2243 4583 Ieclines
2275 4546 2302 4583 a
2327 4532 2534 4586 dextris
2565 4541 2619 4585 ct
2652 4550 2680 4586 a
2714 4533 2989 4599 sinistris;
3032 4553 3047 4585 ι
3080 4543 3132 4586 et
3177 4534 3455 4601 exemplar
3485 4549 3587 4585 ex-

340 4608 721 4677 εὺφραίνονται
752 4614 833 4666 ὅτι
861 4616 916 4665 ἐν
947 4617 1129 4678 αὐτοῖς
1170 4618 1519 4680 τελειοῦνται,
1563 4622 1679 4691 ἦτοι
1709 4622 1904 4674 τέλειοι

337 4697 604 4753 γίνονται.
668 4701 807 4753 Ἀλλ’
842 4704 959 4755 οὐδὲ
1014 4706 1078 4755 ὲκ
1119 4706 1228 4759 τῶν
1266 4708 1550 4778 μοχθηρῶν
1581 4712 1762 4762 κόπων
1794 4712 1902 4764 τῶν

2008 4622 2262 4690 ponimus
2291 4623 2409 4687 tibi,
2442 4632 2494 4676 et
2532 4628 2773 4693 regulam
2828 4642 2947 4694 qua:
2980 4625 3219 4679 medium
3257 4636 3433 4691 tenet;
3468 4642 3591 4692 qua:

2006 4716 2227 4783 quidem
2265 4719 2364 4769 bos
2401 4716 2602 4769 limites
2634 4718 2817 4769 habet.

337 4794 642 4863 γινομένων
674 4795 733 4846 ὲν
765 4793 948 4856 uinci;
995 4791 1346 4855 διστάζουσιν
1374 4793 1435 4843 ὲν
1482 4794 1548 4863 τῇ
1587 4793 1774 4863 ἀγάπῃ
1810 4792 1904 4845 τοῦ
1941 4791 2078 4847 Θεοῦ
2116 4800 2131 4815 ³
2163 4796 2279 4848 ἀλλ’
2320 4798 2422 4859 ἕως
2462 4797 2533 4849 ἂν
2585 4797 2906 4865 ἐκλείψωσιν
2950 4803 3014 4851 ἐκ
3040 4800 3140 4869 τῆς
3185 4801 3357 4872 ζωῆς,
3390 4807 3598 4876 προθυ-

343 4884 572 4954 μοῦνται
616 4866 872 4946 δέξασθαι
903 4883 1168 4952 γενναίως
1200 4883 1300 4945 τὰς
1345 4884 1632 4953 ἐπηρείας,
1683 4887 1776 4937 καὶ
1807 4886 1907 4936 οὐκ
1942 4884 2341 4955 ἀναχωροῦσιν,
2393 4890 2475 4940 ὅτι
2511 4888 2567 4939 ἐν
2615 4889 2800 4951 αὐτοῖς
2855 4891 3050 4945 τέλειοι
3101 4895 3360 4961 γίνονται.
3404 4918 3422 4951 ι
3459 4900 3595 4952 Τού-

342 4996 457 5041 τοις
492 4981 584 5032 καὶ
608 4984 718 5043 τοῖς
741 4984 1005 5043 τοιούτοις
1029 4977 1319 5049 το.γαροῦν
1347 4979 1440 5031 καὶ
1472 4980 1636 5049 ἡμεῖς
1668 4981 2034 5049 στοιχοῦντες,
2064 4983 2152 5036 ναὶ
2180 4989 2286 5054 μὴν
2312 4986 2402 5035 καὶ
2432 4985 2509 5053 τῷ
2541 4985 2838 5053 κελευοντι,
2875 4987 3010 5059 Ὀδῷ
3041 4989 3299 5062 βασιλικῇ
3330 4996 3601 5065 πορεύου,

349 5074 426 5142 μὴ
463 5072 717 5146 ἐκκλίνῃς
763 5073 915 5139 δεξιά
953 5075 988 5145 ἢ
1020 5076 1308 5146 ἀριστερὰ,
1354 5075 1804 5146 πειθαρχοῦντες,
1853 5078 1946 5130 καὶ
1974 5080 2148 5132 τύπον
2203 5080 2536 5150 ἐκτιθέμεθά
2570 5100 2675 5150 σοι,
2704 5087 2799 5138 καὶ⁹
2843 5088 3047 5141 κανόνα
3081 5091 3400 5161 μεσότητος,
3444 5093 3596 5156 ὅστις

340 5170 483 5239 δῆτα
523 5171 618 5223 καὶ⁵
646 5172 837 5224 τοῦτον
867 5172 978 5243 ἔχει
1006 5175 1097 5225 τὸν
1127 5173 1274 5240 ὅρον.

340 5291 537 5354 Ὅπως
566 5286 692 5361 ηδεῖ
742 5293 891 5361 κατὰ
940 5290 1253 5358 δευτέραν,
1314 5290 1414 5344 καὶ
1473 5290 1787 5361 τετάρτην,
1827 5293 1926 5348 καὶ

555 5359 761 5423 ἕκτην,
788 5360 1104 5427 τρέφεσθαι
1132 5362 1239 5413 τὸν
1263 5359 1714 5431 ἀγωνιζόμενον.

418 5452 522 5506 λα.
574 5454 734 5506 Κατά
778 5470 841 5519 γε
870 5454 965 5515 τὰς
1013 5456 1160 5521 τρεῖς
1202 5455 1415 5526 ἡμέρας
1463 5457 1563 5525 τῆς
1609 5457 1922 5525 ἐξιδομάδος,

341 5548 512 5617 ἤγουν
571 5548 859 5617 δευτέραν,
894 5548 1193 5617 τετάρτην,
1224 5549 1322 5601 καὶ
1347 5548 1534 5617 ἕκτην,
1570 5550 1711 5601 ποίει
1748 5550 1927 5619 διηνε-

342 5640 455 5701 κῶς
506 5640 761 5705 ἐννά;ας,
814 5642 936 5711 ἦτοι
984 5640 1128 5693 ἔσθιε
1188 5640 1338 5708 ἅπαξ
1364 5642 1461 5713 τῆς
1492 5643 1724 5712 ἡμέρας,
1759 5660 1925 5711 μετα-

344 5731 646 5799 λαμϐάνων
677 5733 878 5803 ἄρτους
899 5732 1139 5799 οῦγγιῶν
1161 5732 1220 5799 ἕξ
1251 5750 1264 5762 ·
1301 5735 1410 5786 ἀπὸ
1435 5735 1543 5786 τῶν
1574 5736 1926 5807 ξηροτρόφων

347 5826 633 5896 ἐγκρατῶς
676 5829 769 5882 τοῦ
813 5828 1109 5897 ἀρκοῦντος
1138 5843 1149 5857 ‘
1190 5828 1283 5882 καὶ
1332 5827 1541 5899 ὕδατος,
1574 5830 1597 5882 ἓ
1633 5848 1674 5893 ;ς
1697 5831 1861 5901 τριῶι
1892 5833 1923 5901 ἢ

2028 5294 2296 5359 Quomodo
2348 5307 2550 5365 oportet
2595 5315 2712 5351 eum
2769 5300 2860 5368 qui
2916 5313 3114 5368 pugnat
3176 5315 3229 5355 et
3279 5302 3508 5357 secunda
3552 5310 3605 5354 et

2440 5380 2629 5437 quarta
2659 5382 2704 5421 et
2740 5380 2886 5422 stam
2920 5374 3003 5423 die
3040 5374 3188 5424 t'esci.

2095 5460 2185 5514 ³51.
2216 5459 2416 5513 Tribus
2452 5462 2806 5518 hebdoma-ais
2839 5464 2891 5517 di
2931 5464 3052 5527 bus,
3087 5466 3296 5518 scilicet
3339 5466 3606 5528 secunda,

2028 5562 2218 5621 quarta
2242 5562 2295 5607 et
2325 5564 2500 5621 sexta,
2544 5571 2713 5609 nonas
2752 5556 2832 5609 fac
2857 5566 3146 5627 perpetuo,
3190 5556 3243 5611 id
3283 5567 3401 5622 est,
3433 5572 3491 5610 se
3518 5557 3606 5611 uel

2030 5645 2279 5710 comede,
2319 5661 2457 5713 pane
2514 5662 2763 5710 resceus,
2798 5663 2889 5701 sex
2933 5651 3140 5716 υιιρὶιε;
3169 5663 3234 5701 ex
3268 5650 3431 5704 siccis
3460 5648 3605 5703 cibis

2029 5756 2184 5794 sume
2213 5753 2478 5809 quantum
2507 5741 2739 5797 Sufﬁciat
2765 5758 2780 5808 ;
2806 5750 2859 5797 et
2886 5758 3064 5810 aqum,
3101 5743 3143 5796 si
3175 5743 3335 5808 velis,
3366 5752 3476 5800 tres
3511 5757 3605 5799 aut

2027 5846 2263 5903 quatuor
2294 5835 2492 5890 celiz'cs
2526 5835 2695 5903 bibe;
2731 5852 2992 5891 canonetn
3023 5851 3259 5905 s-xqucns
3289 5853 3459 5894 sancti
3482 5856 3507 5894 r
3552 5854 3607 5893 ω
