4080 6206
224 338 339 404 ’701
1451 328 1835 395 OPUSCULA

1881 334 2257 399 ASCETICA.
3377 338 3491 401 ’ἶοἛ

255 464 315 531 τῇ
341 459 585 531 πέμπτῃ,
620 456 710 512 διά
737 474 796 511 τε
823 459 914 511 τὸν
943 459 1068 527 ὅρον
1091 454 1199 511 τῶν
1229 457 1393 528 ἱερῶν
1432 460 1688 521 κανόνων,
1721 460 1813 510 καὶ
1840 454 1866 508 Α

1910 450 2125 517 quinta,
2164 459 2386 520 propter
2421 449 2792 506 dclinitionem
2847 458 3157 504 sanctorum
3187 464 3490 511 canonum,

257 554 336 606 διὰ
363 553 444 615 τὸ,
471 554 582 605 δεῖν
610 550 757 619 ἔχειν
790 566 849 602 σε
880 550 938 602 ἐν
964 550 1168 613 πάσαις
1209 551 1327 612 ταῖς
1352 548 1447 602 τοῦ
1473 549 1596 603 ὅλου
1628 553 1815 603 ἐνιαυ-

1906 551 1963 596 et
1986 545 2112 611 quia
2145 553 2362 613 oportet
2397 553 2457 598 ut
2486 552 2539 599 te
2572 538 2832 598 omnibus
2870 542 3110 598 universi
3139 542 3267 597 anni
3295 541 3481 597 Domi-

255 644 340 698 τοῦ
395 643 725 714 Κυριακαῖς,
791 640 932 709 πλὴν
983 640 1084 708 τῆς
1137 639 1281 695 κατὰ
1341 639 1441 710 τὴν
1495 642 1817 713 Τυροφάγον

1958 636 2047 691 ισίε
2113 637 2416 706 possideas,
2460 648 2673 692 servata
2730 645 2912 691 tamen
2980 652 3073 706 per
3111 634 3491 708 tyrophagiam-
3560 701 3569 712 .

258 712 586 806 ἀγρυπνίας·
622 736 670 787 εί
704 733 777 804 μή
828 749 932 785 που
966 732 1225 803 πρόσεστί
1268 742 1358 796 ’τις
1405 733 1682 802 ἀγρυπνία
1704 732 1818 787 τῶν

1968 728 2092 798 gilia
2129 747 2144 791 ;
2184 727 2287 784 nisi
2321 728 2614 798 adjiciatur
2638 729 2883 800 quaedam
2928 744 3244 797 magnarum
3271 725 3494 781 Domini

256 828 589 883 Δεσποτικῶν
621 826 875 897 μεγάλων
927 825 1151 893 ἑορτῶν,
1182 826 1215 878 ἦ
1242 842 1383 889 τινος
1408 825 1517 877 τῶν
1546 824 1818 895 μεγίστων

1968 819 2268 875 stivitatum
2326 831 2421 875 aut
2452 821 2688 891 alicujus
2744 836 2806 875 es
2872 821 3129 875 maximis
3160 819 3490 873 sanctis:ut

190 994 193 997 _
258 921 416 991 ἁγίων
439 936 453 951 ο
487 919 575 972 ἴνα
616 918 851 988 ποιήσας
872 917 1112 986 ἐκείνην,
1154 918 1321 988 ἐάσῃς
1344 915 1444 988 τὴν
1470 918 1569 985 τῆς
1611 918 1801 986 Κυρια·

1969 927 2030 965 ιη]
2060 912 2681 981 celebraus,Dominie:e
2728 914 2969 983 vigiliam
3007 914 3303 983 relinquas.
3340 914 3495 967 Atta-
3575 973 3580 980 ,

257 1017 384 1083 κῆςο
417 1013 569 1081 ὅμως
615 1010 720 1063 κᾶν
748 1008 1003 1078 οῦτως,ἧ
1049 1007 1243 1072 οὕτως,
1286 1009 1368 1071 δὶς
1394 1006 1540 1060 ἔσοιε
1584 1008 1724 1060 κατά
1752 1005 1819 1060 τά

1969 1020 2035 1060 en
2096 1008 2360 1076 quidquid
2418 1010 2507 1071 sit,
2538 1008 2622 1064 bis
2660 1024 2756 1078 per
2812 1007 3053 1063 Sabbata
3077 1022 3315 1061 vescere.
3346 1004 3493 1059 Utile

256 1104 518 1158 Σάεὸατα.
556 1102 843 1171 Χρήσιμον
868 1100 944 1159 δέ.
990 1100 1077 1153 ἀεὶ
1115 1098 1465 1163 ἐκδιάζεσθαί
1508 1115 1565 1151 σε
1616 1100 1694 1161 εἰς
1723 1097 1820 1167 τὴν

1971 1106 2003 1150 st
2066 1107 2248 1153 autem
2292 1099 2387 1153 libi
2443 1101 2553 1153 vim
2589 1099 2797 1153 inferre
2860 1099 2926 1152 ad
2963 1109 3240 1151 nocturna!
3296 1095 3503 1163 vigilia:-
3576 1153 3582 1159 ,

255 1194 349 1261 τῆς
375 1168 704 1263 νυκτερινῆς
732 1168 1042 1259 ἀγρυπνίας
1078 1187 1345 1259 ἐργασίαν
1364 1204 1378 1218 ο
1414 1187 1537 1240 ὅθεν
1567 1187 1658 1240 καὶ
1685 1188 1820 1254 μετά

1972 1205 2070 1244 ius.
2095 1191 2251 1246 Unde
2282 1201 2335 1248 et
2363 1192 2407 1246 si
2431 1207 2559 1246 casu
2580 1192 2633 1245 in
2662 1190 2839 1245 media
2867 1188 3209 1245 hebdomade
3240 1202 3495 1256 ευριπ-γυ..
3576 1168 3583 1186 ’

248 1284 348 1352 τῆς
382 1281 529 1336 κατά
558 1280 858 1349 συγκυρίαν
889 1280 1227 1349 ἐπελθούσης
1265 1280 1431 1351 μέσον
1463 1282 1559 1349 τῆς
1591 1279 1822 1349 ἐϐδομάο

1913 1284 2061 1339 nerit
2114 1285 2698 1355 vigilia,utilissimum
2732 1283 2935 1338 tibiest
2984 1284 3220 1352 vigiliam
3279 1297 3496 1350 quoque

252 1377 335 1437 δος
363 1373 694 1445 ἀγρυπνίας,
725 1371 1169 1426 λυσιτελέστατόν
1192 1389 1275 1424 σοι
1299 1375 1470 1425 ποιεῖν
1490 1372 1583 1425 καὶ
1601 1373 1702 1439 τὴν
1722 1371 1824 1441 τῆς

1916 1376 2213 1430 Dominicae
2243 1392 2426 1443 agere,
2455 1388 2509 1431 et
2541 1392 2798 1446 magnum
2842 1377 2939 1431 tibi
2976 1376 3190 1429 lucrum
3225 1389 3385 1441 quam
3419 1374 3498 1426 ci-

254 1466 552 1535 Κυριακῆς,
593 1463 687 1516 καὶ
723 1464 866 1533 μέγα
904 1479 987 1515 σοι
1015 1462 1076 1514 τὸ
1107 1461 1295 1531 κέρδος
1324 1461 1514 1529 ἕψεται
1555 1460 1818 1529 τάχιστ-α’

1916 1467 2124 1522 tissime
2146 1468 2543 1537 subsequetur;
2576 1468 2685 1521 imo
2711 1483 2864 1531 vero,
2890 1468 2961 1521 ita
3006 1466 3289 1536 frangetur
3320 1478 3497 1518 matu-

256 1558 449 1627 μᾶλλον
478 1556 557 1621 δὲ,
593 1555 735 1609 οὕτω
770 1554 1073 1624 ῥαγήσεται
1123 1552 1372 1623 πρὼῖμον
1402 1552 1464 1605 τδ
1521 1551 1637 1621 φῶς
1695 1567 1814 1612 σου,

1917 1560 2093 1614 tinum
2126 1559 2307 1612 lumen
2341 1569 2513 1623 tuum,
2549 1568 2606 1613 ut
2642 1559 2850 1613 dictum
2883 1569 3002 1612 est:
3036 1575 3054 1609 ι
3091 1558 3153 1611 Et
3173 1556 3494 1611 vestimenta

251 1650 387 1703 κατά
434 1649 496 1701 τὸ
525 1646 845 1717 εἰρημένον·
870 1662 889 1696 t
925 1644 1033 1698 Καὶ
1062 1644 1129 1698 τά
1164 1643 1355 1714 ἱμάτιά
1392 1660 1486 1697 σου
1541 1642 1634 1714 [ἐν
1678 1642 1820 1696 ἄλλ.

1917 1658 2010 1705 tua
2039 1650 2189 1705 brevi
2217 1650 2462 1704 orientur
2485 1650 2568 1719 (in
2604 1650 2759 1705 aliis:
2794 1650 3111 1704 sanationcs
3143 1649 3324 1715 tute).i
3363 1646 3504 1700 Dicit

253 1741 457 1810 ξάματά
496 1737 614 1808 σου]
662 1737 801 1808 ταχῦ
837 1736 1105 1790 ἀνατελεῖ.
1153 1753 1171 1788 ι
1210 1734 1346 1806 Φησὶ
1376 1734 1549 1788 δὲκαὶ
1596 1735 1624 1788 ό
1669 1731 1824 1802 ἅγιος

1919 1752 2099 1796 autem
2125 1751 2180 1797 et
2215 1751 2438 1797 sanctus
2466 1739 2643 1796 Isaac:
2677 1760 2696 1793 (
2730 1740 3042 1794 Cuilibetin
3077 1748 3294 1808 peccata
3329 1746 3381 1791 et
3407 1752 3502 1790 cu-

262 1833 483 1887 Ὶσαάκ’
524 1849 543 1883 t
597 1830 848 1899 Ἐκάστῳ
873 1828 1046 1895 ἀγῶνι
1097 1826 1200 1895 τῆς
1255 1824 1536 1896 ἁμαρτίας
1581 1822 1675 1876 καὶ
1724 1821 1873 1891 τῆςΙ]

1915 1833 2167 1902 piditates
2203 1833 2485 1888 certamini
2542 1833 2869 1904 principium
2916 1839 2999 1887 est
3025 1831 3221 1899 vigilia:
3240 1829 3501 1897 etjejunii

250 1923 572 1992 ἐπιθυμίας,
596 1922 625 1975 ὁ
652 1922 820 1984 κόπος
847 1919 951 1988 τῆς
978 1918 1289 1991 ἀγρυπνίας
1317 1917 1412 1971 καὶ
1435 1917 1536 1984 τῆς
1568 1913 1822 1985 νηστείας

1920 1925 2096 1993 labor,
2138 1933 2192 1980 et
2229 1925 2532 1996 prmsertim
2585 1925 2633 1980 ei
2665 1926 2754 1993 qui
2784 1928 2838 1979 in
2872 1932 3095 1994 peccata
3134 1924 3375 1981 interius
3408 1936 3507 1987 [\tt—

257 2016 405 2071 ἐστὶν
431 2016 465 2087 ή
488 2014 657 2086 ἀρχὴ,
680 2013 773 2066 καὶ
806 2011 1041 2083 μάλιστα
1067 2009 1147 2080 τῷ
1172 2006 1662 2077 ἀνταγωνιζομὲνῳ
1686 2002 1824 2075 πρὸς

1926 2028 2079 2089 gnat.
2114 2019 2179 2074 Et
2214 2019 2430 2089 signum
2475 2019 2583 2073 odii
2610 2027 2955 2088 peccatorum
2975 2026 3027 2071 et
3052 2016 3524 2084 concupiscentiae

246 2111 348 2180 τὴν
372 2110 429 2161 ἐν
460 2110 591 2178 ἡμῖν
610 2106 758 2159 ἔνδον
799 2104 1076 2175 ἁμαρτίαν
1096 2119 1110 2134 ⁸
1144 2102 1239 2156 καὶ
1261 2102 1322 2156 τὸ
1350 2101 1574 2169 σημεῖον
1601 2096 1696 2152 τοῦ
1730 2095 1824 2165 μίο

1922 2112 2116 2182 ipsius.
2149 2126 2214 2165 ex
2238 2110 2341 2165 hoc
2371 2110 2720 2165 manifestum
2744 2116 2829 2163 est
2886 2109 2952 2163 iis
2988 2110 3079 2176 qui
3118 2108 3183 2161 ad
3224 2108 3328 2161 hoc
3358 2105 3505 2158 iuvi-

250 2216 378 2261 σους
424 2198 522 2267 τῆς
567 2195 861 2266 ἁμαρτίας,
892 2196 989 2247 καὶ
1049 2193 1149 2261 τῆς
1180 2190 1476 2261 ἐπιθυμίας
1525 2188 1713 2258 αὐτῆς.
1759 2186 1825 2237 ἐκ

1924 2203 2084 2257 sibile
2114 2202 2315 2256 bellum
2349 2201 2731 2270 accinguntur.
2783 2200 2849 2254 Et
2881 2216 3071 2254 omnes
3104 2199 3215 2253 fere
3235 2198 3506 2267 cupidita-

248 2291 441 2344 τούτου
468 2290 662 2359 ὁρᾶται
693 2288 808 2350 τοῖς
830 2282 1360 2355 ἀνταγωνιζομένοις
1391 2280 1528 2351 πρὸς
1556 2280 1647 2332 τὸν
1668 2277 1827 2346 ἀόρα-

1927 2303 2044 2349 tum
2082 2294 2320 2362 impetus
2360 2291 2613 2346 imtninui
2645 2292 2698 2346 in
2744 2291 2952 2361 jejunio
2989 2290 3276 2358 incipiunt.
3312 2287 3374 2340 Et
3392 2294 3528 2355 post:

247 2400 342 2435 τον
367 2382 600 2451 πόλεμον
627 2379 839 2432 τοῦτον.
877 2376 988 2429 Καὶ
1014 2378 1188 2429 πᾶσαι
1220 2374 1405 2444 σχεδὸν
1433 2372 1487 2425 αἱ
1508 2371 1615 2424 τῶν
1636 2367 1826 2421 παθῶν

1921 2385 2214 2455 jejunium,
2245 2383 2424 2439 noctis
2461 2382 2643 2452 vigilia
2690 2386 2756 2437 ad
2807 2380 3129 2438 exercitium
3162 2388 3507 2445 cooperatnr.

248 2471 553 2543 προσϐολαὶ
606 2466 1005 2539 ἀπομειοῦσθαι
1048 2468 1107 2520 ἐν
1154 2467 1219 2537 τῇ
1264 2463 1487 2535 νηστείᾳ
1543 2462 1822 2533 ἄρχονται.

1927 2474 2029 2542 Qui
2057 2476 2111 2529 in
2143 2474 2295 2530 omni
2329 2475 2439 2528 vita
2468 2489 2569 2529 sua
2594 2473 2753 2544 hujus
2777 2473 3082 2541 conjunctae
3109 2470 3405 2540 disciplina:
3424 2469 3514 2538 ju-

248 2566 362 2618 Καὶ
388 2563 524 2633 μετά
552 2560 778 2630 ταύτην,
818 2561 852 2628 ἡ
887 2556 1165 2628 ἀγρυπνία
1200 2556 1297 2625 τῆς
1339 2554 1533 2634 νυκτὸς
1574 2550 1829 2622 συνεργεῖ

1926 2583 2054 2639 gum
2095 2552 2311 2636 diligit.
2334 2566 2424 2622 hic
2457 2567 2758 2637 prudentia:
2785 2565 2999 2620 amicus
3025 2563 3254 2631 ellieitur
3276 2581 3292 2619 :
3318 2580 3527 2632 quom-

249 2660 392 2730 πρὸς
422 2658 521 2725 τὴν
553 2658 810 2725 ἄσκησιν.
859 2655 918 2708 '0
962 2655 1023 2707 ὲν
1076 2653 1225 2724 πάσῃ
1274 2654 1340 2722 τῇ
1376 2650 1487 2719 ζωῇ
1518 2646 1683 2701 αὑτοῦ
1729 2645 1828 2715 τὴν

1927 2659 2223 2713 admodum
2271 2659 2478 2715 ventris
2531 2658 2741 2714 deliciae
2791 2657 3035 2713 omnium
3070 2658 3337 2711 malorum
3368 2657 3518 2724 prin-

247 2748 472 2817 ὁίιιλίαν
504 2747 606 2817 τῆς
651 2744 917 2812 συζυγίας
966 2741 1173 2812 ταύτης
1217 2739 1467 2808 ἀγαπῶν,
1496 2731 1645 2800 οὗτος
1677 2735 1830 2805 φίλος

1930 2751 2133 2820 cipium
2168 2760 2319 2815 sunt,
2346 2760 2400 2806 et
2428 2751 2609 2807 somni
2640 2750 2975 2806 abundantia
3025 2765 3147 2821 qua:
3203 2748 3518 2803 ΐοιηίνιιιῑηο

250 2840 356 2908 τῆς
384 2838 743 2907 σωφροσύνης
797 2836 1045 2902 γίνεται·
1077 2831 1261 2895 καθὼς
1301 2832 1337 2902 ἡ
1378 2831 1684 2890 ἀνάπαυσις
1730 2829 1831 2898 τῆς

1928 2845 2015 2900 nis
2068 2844 2538 2914 concupiscentiae
2598 2844 2779 2899 favet:
2846 2843 2921 2897 ita
2955 2842 3042 2896 via
3093 2841 3183 2894 Dei
3208 2849 3396 2894 sancta
3455 2851 3509 2892 ct

251 2934 520 3004 γαστρὸς,
552 2932 698 3003 ἀρχὴ
730 2930 950 2985 πάντων
981 2928 1088 2982 τῶν
1117 2929 1327 2993 κακῶν,
1358 2928 1452 2980 καὶ
1496 2927 1529 2994 ἡ
1562 2923 1831 2996 χαυνότης

1927 2934 2107 2989 omnis
2129 2933 2346 2989 virtutis
2374 2934 2789 2988 fundamentum
2834 2930 3103 3001 jejunium
3140 2937 3225 2985 est
3277 2939 3330 2984 et
3381 2929 3534 2992 vim--

248 3027 351 3078 τοῦ
388 3025 580 3089 ὕπνου,
604 3026 637 3094 ἡ
661 3023 970 3088 ἐξάπτουσα
990 3021 1087 3091 τὴν
1106 3019 1401 3090 ἐπιθυμίαν
1421 3019 1522 3087 τῆς
1551 3016 1827 3089 πορνείας·

1930 3027 2023 3088 lia.
2047 3036 2100 3081 et
2122 3026 2305 3081 fervor
2329 3028 2383 3081 in
2413 3025 2511 3080 Dei
2537 3026 2709 3080 cultu.
2751 3042 2768 3075 ι
2797 3024 2862 3078 Et
2885 3040 3104 3079 rursum
3136 3042 3151 3079 :
3181 3042 3198 3075 ι
3233 3022 3289 3076 ln
3335 3022 3516 3076 anima

249 3115 429 3178 οὕτως
454 3117 485 3185 ἠ
514 3115 633 3177 ὁδὸς
662 3114 754 3167 τοῦ
793 3111 927 3166 Θεοῦ
958 3114 990 3182 ἠ
1019 3112 1173 3180 ἁγία,
1225 3111 1320 3164 καὶ
1363 3112 1541 3180 πάσης
1573 3108 1773 3179 ἀρετῆς
1801 3107 1830 3160 ό
1854 3159 1860 3194 1

1939 3135 2062 3190 qure
2098 3118 2189 3172 Dei
2234 3116 2498 3172 memoria
2536 3116 2808 3186 splendet,
2853 3126 2907 3170 et
2943 3114 3177 3170 insomni
3212 3113 3521 3185 vigilia,die

253 3210 531 3280 θεμέλιος,
582 3210 616 3278 ἡ
650 3206 877 3278 νηστεία
906 3206 1160 3275 ὑπάρχει,
1194 3204 1287 3258 καὶ
1320 3206 1353 3276 ἠ
1401 3203 1700 3275 ἀγρυπνία,
1734 3202 1832 3255 καὶ

1939 3227 2003 3267 ac
2040 3220 2235 3266 nocte:
2299 3211 2373 3264 ibi
2427 3209 2690 3264 Dominus
2716 3208 2972 3268 :cniificat,
3006 3206 3069 3259 ad
3099 3208 3228 3275 ejus
3257 3205 3520 3259 securita-

251 3305 290 3372 ἠ
330 3302 665 3371 ἐγρήγορσις
689 3299 749 3350 ἐν
776 3300 840 3368 τῇ
873 3297 1191 3368 λειτουργίᾳ
1211 3297 1305 3348 τοῦ
1330 3296 1486 3350 Θεοῦ.
1528 3314 1546 3347 ι
1592 3296 1703 3349 Καὶ
1731 3288 1831 3348 αῦ-

1931 3315 2065 3371 tem,
2097 3306 2292 3359 nubem
2318 3318 2436 3357 eam
2488 3302 2576 3356 die
2599 3301 3043 3359 obumbrantcm.
3080 3309 3131 3351 et
3159 3298 3298 3367 ignis
3336 3297 3537 3349 lmncu~

253 3395 380 3455 θιςο
428 3411 445 3442 ε
489 3389 650 3460 Ψυχὴ
682 3386 1128 3459 ή.στιλ6ωθεῖσα
1162 3390 1226 3459 τῇ
1285 3386 1382 3439 τοῦ
1431 3386 1567 3439 Θεοῦ
1619 3386 1828 3456 μνήμῃ,

1935 3409 2148 3453 noctem
2195 3394 2545 3449 illuminans:
2579 3402 2631 3445 et
2661 3393 2713 3443 in
2748 3391 2864 3459 ejus
2894 3390 3132 3443 tenebris
3160 3390 3248 3441 lux
3271 3386 3523 3453 splende-

248 3485 355 3538 καὶ
406 3485 473 3553 τῇ
506 3481 793 3551 ἀκοιμήτῳ
842 3479 1165 3550 ἀγρυπνίᾳ,
1202 3478 1397 3540 νυκτὸς
1446 3478 1540 3531 καὶ
1597 3476 1830 3546 ἡμέρας,

1931 3491 2032 3547 bit.
2075 3508 2093 3540 ι
2133 3489 2194 3540 Iit
2218 3486 2396 3539 adhuc
2421 3499 2466 3537 τι
2503 3484 2652 3553 Elige
2678 3483 2773 3537 tibi
2799 3483 3116 3534 deliciarum
3147 3479 3519 3547 operationem

249 3576 377 3628 ἐκεῖ
409 3574 687 3642 οἰκοδομεῖ
721 3573 749 3623 ὁ
778 3570 985 3640 Κύριος
1027 3570 1120 3621 ἐπὶ
1148 3570 1249 3639 τὴν
1299 3569 1602 3636 ἀσφάλειαν
1639 3566 1832 3634 αὐτῆς,

1935 3578 2169 3645 vigiliam
2206 3576 2263 3629 in
2315 3575 2565 3628 noctibus
2628 3569 3054 3624 continuaauin
3106 3582 3211 3635 qua
3252 3573 3536 3618 exuerunt-

250 3666 492 3734 νεφέλην
531 3661 914 3726 σκεπάζουσαν
966 3660 1137 3731 αὐτὴν
1176 3662 1235 3713 ὲν
1290 3660 1493 3730 ἡμέρα,
1554 3657 1648 3710 καὶ
1695 3657 1836 3724 φωτὶ

1940 3682 2131 3722 omnes
2156 3666 2341 3721 Patres
2365 3672 2602 3718 veterem
2626 3662 2921 3720 hominem,
2950 3668 3001 3711 et
3024 3658 3166 3727 digni
3191 3656 3362 3709 (‘iTt‘Cli
3397 3664 3527 3707 sunt

255 3759 437 3827 πυρὸς
471 3757 761 3824 διαυγάσαι
792 3754 903 3828 [Ζσ.
923 3753 983 3821 ἢ,
1012 3754 1293 3823 ςωτισμὺν
1315 3752 1486 3821 πυρὸς
1520 3749 1838 3818 διαυγάζον-

1936 3759 2136 3812 meritis
2198 3756 2565 3811 renovatione.
2602 3752 2703 3807 Per
2763 3753 2884 3805 illas
2928 3752 3093 3803 horas
3148 3746 3522 3802 remi-dabitur

249 3870 359 3915 τα,
395 3850 452 3917 ἣ,
474 3846 780 3920 διαυγάσει]
804 3847 902 3919 τὴν
930 3847 1119 3899 νύκτα·
1144 3848 1236 3898 καὶ
1270 3843 1474 3897 ἔσωθεν
1506 3844 1597 3895 τοῦ
1636 3842 1835 3911 γνόφου

1940 3853 2122 3907 anima
2157 3850 2280 3905 vita:
2304 3851 2450 3904 illius
2487 3845 2848 3910 immortalis;
2904 3853 2950 3897 cl
2987 3844 3037 3896 in
3075 3842 3236 3909 hujus
3269 3841 3522 3893 recorda-

247 3945 431 4013 αὐτῆς
489 3943 604 4011 φῶς
641 3940 870 4011 λάμψει.
929 3957 948 3991 ›
1004 3940 1162 3991 Ἔτι*
1224 3954 1243 3991 t
1308 3935 1567 3999 Ἐκλεξαι
1625 3931 1836 4003 σεαυτῷ

1940 3946 2088 3999 tione
2110 3951 2277 3998 exuet
2307 3941 2665 4010 cupiditatum
2692 3937 2967 3996 tenebras,
2999 3942 3051 3986 t-t
3084 3932 3345 3997 suscipiet
3399 3928 3524 3993 Spi-

245 4035 527 4108 ἐργασίαν
561 4035 802 4106 τρυφῆς,
834 4031 1146 4102 ἀγρυπνίαν
1174 4028 1398 4098 διηνεκῆ
1440 4028 1538 4094 τὴν
1566 4029 1622 4079 ἐν
1650 4025 1799 4090 νυξίν
1818 4040 1833 4055 ⁸

1941 4038 2105 4093 ritum
2167 4046 2490 4091 sanetum.)
2552 4032 2621 4086 Et
2687 4045 2947 4083 rursum:
3013 4026 3281 4079 clitinm'a
3330 4024 3543 4091 vigilisc‘

248 4131 317 4181 ἐν
429 4124 771 4178 ἀπεδύσαντο
823 4123 871 4174 oi
918 4121 1162 4190 Πατέρες
1198 4118 1400 4181 πάντες
1456 4117 1549 4169 τὸν
1607 4113 1839 4168 παλαιὸν

1940 4128 2335 4200 Operationem,
2374 4137 2431 4179 ut
2477 4125 2530 4179 in
2574 4124 2756 4177 anima
2799 4133 2889 4197 tua
2913 4120 3337 4175 consolationem
3374 4116 3530 4168 inte—

245 4216 571 4285 ἄνθρωπον.
592 4211 1025 4282 καιὴξιώοησαν
1041 4209 1136 4261 τοῦ
1158 4206 1553 4277 ἀνακαινισμοῦ
1577 4205 1670 4257 τοῦ
1697 4205 1815 4267 νοός
1831 4249 1846 4265 ,

1944 4222 2089 4275 nias.
2138 4238 2157 4270 ι
2197 4220 2258 4271 Et
2292 4219 2505 4271 adhuc:
2570 4234 2587 4267 ι
2619 4213 2696 4268 Ne
2729 4214 2943 4273 credas.
2975 4228 3008 4266 ο
3069 4212 3253 4275 homo,
3290 4208 3342 4262 in
3375 4206 3543 4261 Omni

261 4311 367 4362 Ἐν
392 4310 513 4370 ταῖς
542 4306 716 4377 ὥραις
751 4304 977 4366 ταύταις
1000 4300 1314 4355 αἰσθάνεται
1337 4300 1370 4369 ὴ
1398 4299 1544 4369 ψυχὴ
1565 4297 1664 4367 τῆς
1685 4296 1832 4366 ζωῆς

1948 4310 2345 4365 monachorum
2396 4307 2713 4378 operatione
2743 4314 2924 4360 actum
2985 4304 3217 4371 aliquem
3251 4301 3546 4354 meliorenta

246 4400 484 4469 ἐκείνης
513 4400 612 4468 τῆς
659 4396 965 4451 ἀθανάτου’
1017 4395 1112 4447 καὶ
1153 4394 1210 4445 ἐν
1235 4396 1301 4463 τῇ
1342 4392 1594 4461 αἰσθήσει
1645 4390 1838 4460 αὐτῆς,

1942 4419 2067 4460 esse
2092 4418 2249 4472 quam
2279 4408 2547 4455 nocturna
2571 4399 2751 4469 vigilia
2778 4407 2882 4453 est.
2914 4414 2938 4451 ι
2967 4394 3030 4449 Ει
3058 4394 3269 4450 adhuc:
3299 4413 3316 4445 ι
3347 4392 3530 4447 Mona.

248 4492 566 4547 ἀποδύεται
596 4490 657 4543 τι
688 4489 885 4551 σκότος
920 4487 1030 4539 τῶν
1066 4483 1276 4548 παθῶν,
1313 4484 1409 4537 καὶ
1436 4482 1759 4556 ὑποδέχεται
1780 4478 1843 4531 τὸ

1946 4500 2112 4553 chum
2145 4495 2238 4566 qui
2272 4494 2325 4549 in
2358 4494 2543 4565 vigilia
2574 4508 2700 4548 cum
2736 4491 2938 4546 mentis
2970 4488 3306 4545 discretione
3343 4501 3530 4557 perse-

254 4576 493 4647 Πνεῦμα
535 4576 597 4629 τὸ
641 4576 817 4644 ἅγιον.
866 4593 884 4625 ι
940 4574 1054 4627 Καὶ
1126 4573 1322 4627 πάλιν·
1368 4589 1387 4623 ι
1450 4572 1691 4639 Τίμησον
1743 4567 1843 4636 τὴν

1944 4598 2117 4653 verat,
2152 4602 2218 4642 ne
2255 4586 2519 4641 intuearis
2572 4600 2696 4639 eum
2741 4592 3003 4651 tanquam
3034 4595 3200 4635 carne
3225 4578 3481 4632 indutqu
3511 4591 3549 4631 :—

252 4665 535 4738 ἐργασίαν
566 4666 664 4727 τῆς
698 4665 1031 4734 ἀγρυπνίας,
1079 4663 1167 4715 ἵνα
1201 4661 1369 4733 εὕρῃς
1410 4660 1760 4730 παράκλησιν
1786 4659 1843 4711 ἐν

1940 4677 2170 4747 angelici
2228 4676 2380 4731 enim
2431 4675 2642 4730 ordinis
2672 4674 2778 4729 hoc
2831 4682 2915 4728 est
2940 4687 3103 4742 opus.
3136 4689 3153 4721 ι
3198 4670 3262 4725 Et
3310 4669 3540 4723 adhuc:

246 4759 326 4825 τῇ
381 4754 525 4825 ψυχῇ
573 4771 687 4807 σου.
733 4773 752 4805 ι
804 4755 962 4806 Ἕτιο
1005 4770 1024 4803 ι
1066 4752 1156 4821 Μὴ
1204 4754 1462 4823 νομίσῃς,
1491 4744 1535 4801 ὦ
1564 4749 1840 4819 ἄνθρωπε,

1946 4789 1965 4823 ι
1997 4770 2214 4833 Anima,
2248 4769 2303 4821 in
2342 4768 2443 4821 hac
2472 4767 2665 4837 agendi
2694 4765 2904 4820 ratione
2937 4763 3205 4834 angelica,
3268 4762 3319 4816 iu
3347 4760 3548 4829 vigilia-

250 4850 349 4902 ὅτι
382 4849 438 4899 ἐν
478 4847 625 4917 πάσῃ
662 4849 727 4918 τῇ
762 4846 995 4916 ἐργασίᾳ
1037 4845 1147 4897 τῶν
1181 4844 1454 4915 μοναχῶν,
1488 4844 1603 4894 ἔστι
1640 4858 1722 4903 τις
1763 4840 1843 4893 δι-

1939 4864 2148 4918 scilicet
2171 4862 2388 4924 amicta,
2412 4860 2601 4915 oculos
2622 4858 2954 4913 cberubinos
2984 4855 3227 4922 habebit,
3258 4862 3315 4906 nt
3335 4868 3534 4922 perpe-

250 4938 484 5008 αγωγὴ.
528 4940 728 5007 μείζων
777 4938 877 5006 τῆς
935 4936 1244 5007 ἀγρυπνίας
1276 4935 1376 5004 τῆς
1430 4932 1770 5001 νυκτερινῆς.
1817 4948 1837 4982 ι

1941 4971 2033 5017 tuo
2061 4952 2463 5022 contempletur
2483 4957 2535 5004 et
2562 4949 2851 5018 perspiciat
2883 4947 3188 5018 spectacula
3224 4944 3552 4999 coelestia.»

252 5032 418 5087 Καίο
459 5054 476 5080 ι
510 5031 763 5099 Movetbe
816 5030 1143 5100 διαμένοντα
1183 5029 1242 5080 ἐν
1267 5030 1334 5098 τῇ
1373 5024 1671 5095 ἀγρυπνίᾳ,
1708 5023 1845 5092 μετά

1939 5042 2049 5098 llas
2080 5051 2262 5096 autem
2293 5041 2507 5109 vigilias
2537 5041 2590 5094 in
2625 5040 2871 5094 oratione
2904 5038 3183 5109 transigis,
3216 5036 3269 5090 in
3299 5037 3539 5105 psalmo-

250 5122 596 5192 διακρίσεως
617 5123 711 5174 τοῦ
739 5122 881 5185 νοὸς,
912 5121 1103 5174 τοῦτον
1129 5120 1203 5189 μὴ
1231 5118 1344 5188 ἴδῃς
1371 5118 1445 5180 ὡς
1472 5114 1810 5185 σαρκοφόρον
1828 5130 1843 5146 ο

1938 5135 2026 5189 dia
2050 5142 2101 5190 et
2122 5134 2355 5190 lectione
2378 5175 2393 5201 ,
2419 5147 2553 5202 pure
2582 5139 2640 5186 et
2669 5142 2983 5185 constanter
3027 5140 3079 5185 et
3115 5145 3238 5183 cum
3265 5144 3536 5196 compnn.

254 5216 483 5279 τάξεως
508 5216 618 5285 γὰρ
646 5214 947 5282 ἀγγελικῆς
977 5215 1052 5276 ὼς
1078 5212 1296 5279 ἀληθῶς
1330 5210 1485 5263 τοῦτο
1512 5210 1571 5261 τὸ
1607 5208 1787 5277 ἔργον.
1819 5224 1838 5257 ι

1945 5228 2138 5292 ctione,
2177 5227 2346 5288 solus,
2407 5234 2503 5279 aut
2545 5240 2669 5279 cum
2735 5223 2924 5294 pio.et
2968 5223 3209 5277 moribus
3259 5222 3556 5276 consimili

260 5308 439 5361 Ἔτι·
480 5326 498 5359 t
555 5306 716 5377 Ψυχὴ
747 5309 803 5358 ἐν
836 5308 902 5376 τῇ
952 5305 1195 5373 διαγωγῇ
1236 5302 1410 5373 ταύτῃ
1462 5303 1527 5371 τῇ
1578 5298 1844 5367 ἀγγελικῇ

1947 5331 2229 5379 conventu.
2259 5321 2363 5375 Fac
2386 5329 2566 5374 autem
2595 5329 2945 5390 postomuem
2985 5326 3125 5371 tuam
3158 5316 3393 5386 vigiliam
3414 5328 3558 5382 par—-

254 5418 379 5479 τὴς
424 5416 737 5478 ἀγρυπνίας
778 5408 1062 5469 κοπιῶσα,
1129 5410 1444 5476 οφθαλμοὺς
1498 5411 1853 5481 χερουὸικοὺς

1943 5431 2059 5469 ram
2116 5415 2486 5479 refectionem,
2543 5421 2770 5483 propter
2845 5411 3087 5464 laborem
3140 5409 3320 5477 vigilia
3360 5407 3537 5460 addit-

252 5502 411 5567 ἕξει,
444 5499 537 5551 τοῦ
568 5495 863 5557 διαπαντὸς
899 5496 1187 5561 ἀτενίζειν,
1223 5498 1318 5549 καὶ⁸
1356 5500 1716 5555 κατοπτεύειν
1756 5504 1854 5573 τὴν

1950 5517 2110 5569 ctum,
2138 5508 2469 5560 comedendo
2488 5515 2540 5559 et
2569 5503 2823 5570 bibendo,
2855 5518 3022 5559 cwum
3043 5512 3281 5569 tempore
3307 5518 3321 5555 :
3347 5513 3561 5566 nempe-

257 5593 602 5659 ἐπουράνιον
630 5588 889 5661 θεωρίαν.
949 5607 967 5639 ι
1000 5589 1215 5652 Ταύτας
1265 5589 1341 5652 δὲ,
1377 5591 1496 5661 ἦτοι
1533 5592 1632 5653 τὰς
1680 5593 1852 5663 ἀγρυ-

1944 5601 2163 5656 coincde
2226 5609 2335 5653 tres
2391 5598 2583 5651 uncias
2630 5596 2833 5665 panis;
2886 5594 3025 5648 adde
3088 5590 3338 5645 nonnihil
3405 5588 3555 5644 sicci~

255 5685 465 5746 ττνίας,
500 5682 741 5746 διανύεις
772 5684 831 5735 ἐν
884 5684 1162 5751 προσευχῇ
1193 5726 1207 5743 ,
1257 5682 1548 5754 ψαλμῳόίᾳ
1603 5685 1695 5737 καί
1724 5687 1853 5737 dva-

1947 5694 2073 5763 cibi,
2137 5693 2279 5759 quod
2335 5691 2429 5744 tibi
2499 5689 2768 5745 sulliciet:
2828 5686 2952 5741 bibe
2991 5686 3176 5739 vinum
3223 5697 3345 5737 cum
3373 5696 3558 5748 aqum.

253 5777 501 5850 γνώσει,
538 5775 801 5848 καθαρῶς
825 5775 916 5828 καὶ
943 5775 1363 5846 ἁρῤεμϐἀστως,
1391 5780 1483 5830 καὶ
1508 5778 1645 5847 μετὰ
1685 5795 1840 5831 καταο

1947 5801 2057 5852 αρε
2084 5784 2302 5840 calices.
2340 5782 2474 5837 Vide
2515 5790 2694 5836 autem
2728 5794 2791 5834 ue
2841 5778 2892 5832 in
2920 5777 3070 5833 diem
3096 5790 3254 5831 uoute
3301 5775 3534 5843 vigiliam
