4080 6206
263 296 369 360 703

1481 287 1876 352 OPUSCULA
1912 284 2267 346 ASCETICA
2282 329 2295 342 .

3407 274 3516 339 τοδ

262 407 366 475 χρὴ
410 402 655 472 μετιέναι
715 416 772 451 σε
830 399 966 467 μετὰ
1001 393 1263 466 ἀκριϐοῦς
1316 393 1662 464 διακρίσεως,
1706 393 1862 463 πρδςλ

1941 409 2175 453 ICCurata
2199 393 2589 466 diptdicatione
2633 388 2864 460 ingredi,
2892 389 2955 444 ad
2997 389 3230 460 duplicis
3264 393 3516 445 animan-

262 499 359 569 τὴν
381 494 476 549 τοῦ
502 492 689 547 διπλοῦ
707 491 849 556 ζὼου
873 488 1211 560 συμφωνίαν,
1240 486 1332 538 καὶ
1361 484 1641 555 εἰρηναίαν
1672 486 1845 537 κατάο

272 568 477 643 στασιν.
511 607 529 637 ‹
549 585 703 640 Μετά
722 583 830 652 γάρ
854 580 1062 649 σοῳίας,
1082 578 1266 647 φησὶν,
1292 575 1653 643 οἰκοδομεῖται
1675 568 1841 636 οἶκος·

272 679 358 730 καὶ
390 676 529 745 μετά
564 673 835 732 συνέσεως
886 668 1210 740 ἀνορθοῦται
1233 683 1247 697 ·
1284 666 1377 719 καὶ
1415 665 1721 735 αἰσθήσεως
1743 665 1845 732 ἐμ-

273 767 533 820 πίπλαται
570 764 639 817 τὰ
667 762 893 831 ταμεῖα,
922 759 1125 821 παντὸς
1149 755 1382 809 πλούτου
1406 754 1590 825 τιμίου
1620 753 1713 805 καὶ
1744 768 1846 803 κα-

271 860 382 914 λοῦ.
415 877 432 909 ι
464 857 670 928 Γράφει
695 855 749 906 δὲ
776 853 871 905 καὶ
899 853 926 904 6
954 850 1096 910 θεῖος
1138 848 1443 909 Θαλάσσιος
1468 863 1482 877 ·
1544 861 1563 896 ι
1613 843 1677 896 Ἦ
1712 840 1849 912 μετά

271 953 429 1018 λόγου
446 948 785 1016 εύδιάκριτος
806 943 977 995 ἔνδεια
1006 940 1100 994 καὶ
1124 938 1397 1008 στενότης,
1420 935 1673 1007 βασιλική
1700 935 1849 985 ἐστιν

271 1043 414 1105 ὁδός·
465 1040 606 1093 ὥστε
660 1037 689 1088 6
739 1033 1053 1100 ἀδιάκριτος
1099 1028 1485 1095 ύπωπιασμδς,
1533 1024 1850 1095 ἢήάλογος

270 1131 703 1202 συγκατάὸασις,
728 1122 1023 1193 ἀσύμφορά
1051 1122 1209 1180 εἰσιν,
1228 1119 1303 1179 ὼς
1336 1116 1675 1188 ἑκατέρωθεν
1700 1111 1851 1184 παρά

271 1227 427 1293 λόγον
452 1220 732 1290 γινόμενα.
767 1235 786 1268 ι
820 1216 929 1269 Ka‘t
958 1216 986 1266 6
1010 1213 1154 1272 ὅσιος
1199 1209 1386 1262 Ἰσαάκ
1407 1224 1420 1237 ·
1457 1224 1475 1258 ι
1519 1206 1752 1258 Ἔπεται
1782 1204 1849 1272 τῇ

271 1315 453 1368 ἀνέσει
508 1310 618 1363 τῶν
668 1306 866 1378 μελῶν,
902 1304 935 1371 ἡ
984 1300 1092 1354 τῶν
1142 1295 1421 1367 λογισμῶν
1475 1294 1732 1356 ἔκστασις
1758 1293 1853 1345 καὶ

278 1406 471 1475 ,ρύρσις
496 1420 509 1434 ·
551 1403 645 1455 καὶ
698 1401 764 1467 τῇ
816 1394 1041 1463 ἀμέτρῳ
1076 1389 1330 1460 ἐργασίᾳ,
1367 1386 1604 1455 ἀκηδία·
1665 1383 1761 1436 καὶ
1785 1384 1853 1453 τῇ

276 1497 495 1565 ἀκηδίᾳ,
526 1493 780 1551 ἔκστασις
801 1505 813 1516 ·
846 1485 1096 1554 διαφέρει
1116 1482 1173 1534 δὲ
1204 1480 1460 1539 ἔκστασις
1511 1476 1850 1536 ἐκστάσεως·

276 1592 342 1658 τῇ
365 1587 474 1655 ,μὲν
504 1584 611 1653 γάρ
637 1580 830 1651 πρώτῃ
881 1577 1141 1630 ἐκστάσει
1178 1572 1372 1624 ἕπεται
1414 1571 1441 1621 6
1472 1567 1708 1636 πόλεμος
1751 1565 1849 1633 τῆς

276 1656 569 1749 πορνείας·
616 1676 678 1742 τῇ
709 1672 763 1724 δὲ
792 1670 1040 1739 δευτέρᾳ,
1070 1667 1102 1736 ἡ
1136 1663 1228 1717 τοῦ
1286 1661 1416 1713 ἰδίου
1444 1656 1852 1727 ήσυχαστηρίου

1937 488 2004 543 tis
2044 486 2392 541 concordiam
2428 492 2478 536 et
2504 482 2794 550 paciticum
2826 488 3048 535 statum.
3088 502 3106 532 ι
3141 482 3276 535 Cum
3297 482 3517 549 sapien-

1930 579 2004 634 tia
2029 578 2196 641 enim,
2226 575 2423 643 inquit,
2449 572 2747 626 aediﬁcatur
2781 570 2998 626 domus:
3062 579 3114 624 et
3149 586 3273 624 cum
3310 572 3517 626 intelli-

1932 668 2111 738 gentia
2155 666 2495 720 instauratur
2528 680 2545 721 :
2576 672 2631 718 et
2678 678 2844 717 sensu
2910 662 3235 733 adimpletur
3257 665 3514 718 aerarium

1929 759 2183 815 omnibus
2210 756 2417 812 divitiis
2452 754 2707 825 pretiosis
2743 765 2797 809 et
2830 754 3089 823 pulchris.
3124 774 3141 807 ι
3185 754 3385 810 Scribit
3414 772 3517 809 au-

1934 860 2040 906 tem
2070 860 2125 905 et
2154 858 2375 904 sanctus
2406 846 2723 902 Thalassius
2760 863 2773 899 :
2815 863 2833 896 ι
2872 846 3005 900 Cum
3040 847 3249 901 ratione
3276 847 3512 903 discreta

1932 942 2229 1011 indigentia
2255 949 2309 994 et
2336 938 2711 1009 angustia,via
2748 936 2889 1007 regia
2923 947 3042 1001 cst;
3076 938 3148 990 ita
3182 947 3240 990 ut
3267 955 3371 992 non
3402 939 3517 991 dis-

1938 1043 2085 1089 creta
2123 1031 2397 1100 sugillatio
2418 1038 2472 1084 et
2500 1029 2897 1085 irrationabilis
2949 1028 3237 1096 prudentia
3297 1029 3514 1083 inutiles

1932 1126 2061 1187 sint,
2105 1134 2363 1193 tanquam
2425 1122 2680 1186 utrinque
2709 1129 2895 1174 contra
2956 1119 3222 1173 ratiOnem
3261 1119 3435 1174 factae.
3485 1137 3505 1171 ι
3562 1123 3574 1137 ’

1934 1219 1995 1272 Et
2017 1218 2140 1288 pius
2174 1216 2323 1270 Isaac
2352 1229 2366 1267 :
2393 1232 2411 1265 ι
2447 1213 2705 1284 Sequitur
2736 1213 3102 1266 membrorum
3135 1213 3508 1266 remissionem

1934 1311 2164 1364 rationis
2194 1307 2538 1363 deordinatio
2566 1314 2621 1360 et
2676 1305 2940 1370 turbatio,
2989 1312 3042 1358 et
3094 1302 3511 1357 immoderatam
3550 1343 3557 1374 ς

1930 1400 2300 1467 operationem
2354 1397 2566 1459 aeedia,
2631 1404 2686 1450 ct
2735 1395 2977 1449 arediam
3042 1394 3294 1447 cxstasis.
3327 1380 3565 1447 Dill‘ert'2

1931 1482 2109 1545 autem
2144 1489 2378 1544 exstasis
2409 1490 2476 1541 ab
2515 1487 2743 1541 exstasi.
2799 1485 3035 1539 Primam
3072 1486 3213 1539 enim
3250 1485 3514 1539 cxstasim

1931 1585 2177 1654 sequitur
2250 1579 2626 1635 fornicationis
2695 1578 2936 1643 bellum,
3000 1580 3294 1631 secundam
3387 1592 3517 1631 vero

1935 1674 2140 1744 proprii
2168 1671 2431 1727 domicilii
2476 1669 2756 1724 derelictio
2787 1680 2841 1723 et
2870 1684 2899 1721 a
2936 1669 3056 1722 loco
3098 1670 3148 1722 in
3196 1669 3375 1722 locum
3415 1668 3516 1722 mi-

277 1766 620 1832 κατάλειψις,
653 1764 745 1815 καὶ
769 1759 875 1813 ἀπὸ
894 1760 1061 1811 τόπου
1089 1758 1169 1818 εἰς
1191 1756 1355 1807 τόπον
1381 1749 1760 1821 μετακίνησις·
1788 1749 1852 1816 τῇ

1941 1766 2108 1834 gratio
2133 1781 2148 1831 ;
2182 1764 2469 1819 moderata:
2497 1770 2677 1817 autem
2707 1771 2759 1818 et
2788 1763 3053 1831 patienter
3073 1762 3286 1815 durauti
3318 1775 3511 1830 opera-

275 1861 338 1911 δὲ
365 1856 625 1927 ἐμμέτρῳ
658 1852 751 1906 καὶ
778 1850 1050 1910 ἐπιπόνως
1077 1847 1407 1917 διαμενούσῃ
1437 1841 1695 1913 ἐργασίᾳ,
1723 1838 1857 1927 τιμὴ

280 1926 556 2006 οὐκέστι·
594 1946 799 1998 τούτων
837 1943 895 1996 δὲ
945 1943 979 2011 ἡ
1015 1939 1240 2011 μείωσις
1290 1936 1408 2006 μὲν,
1458 1930 1721 2001 πληθύνει
1759 1926 1859 1997 τὴν

280 2043 477 2112 ἡδονήν
498 2057 515 2073 ·
543 2040 576 2109 ἡ
610 2039 665 2092 δὲ
686 2034 942 2105 ἀμετρία,
967 2033 1067 2102 τὴν
1096 2030 1374 2083 ἔκστασιν.
1411 2043 1432 2077 ι
1466 2023 1574 2077 Kal.
1611 2022 1638 2073 6
1687 2019 1859 2090 μέγας

281 2134 575 2204 Μάξιμος·
635 2148 654 2181 ί
695 2129 787 2197 Μὴ
836 2125 963 2195 ὅλην
1019 2124 1118 2191 τὴν
1157 2117 1353 2190 σχολὴν
1402 2115 1533 2187 περὶ
1554 2113 1652 2181 τὴν
1677 2112 1859 2181 σάρκα

284 2230 413 2298 ἔχεο
445 2223 559 2278 ἀλλ’
590 2223 774 2292 δρισον
803 2218 940 2287 αὐτῇ
979 2214 1077 2284 τὴν
1125 2212 1267 2266 κατά
1321 2208 1549 2277 δύναμιν
1595 2204 1858 2298 ἄσκησιν·

285 2289 385 2371 καὶ
422 2314 542 2368 ὅλον
572 2289 665 2365 τδν
717 2308 863 2373 νοῦν,
906 2306 1036 2376 περὶ
1085 2303 1156 2356 τά
1185 2302 1332 2354 ἔνδον
1381 2298 1599 2369 τρέψον.
1662 2294 1726 2346 Ἦ
1752 2289 1861 2361 γὰρ

288 2403 578 2475 σωματικὴ
607 2398 885 2470 γυμνασία
905 2396 1040 2465 πρὸς
1071 2393 1253 2461 ὀλίγον
1276 2388 1425 2444 ἐστὶν
1459 2386 1736 2456 ὠφέλιμος
1756 2398 1770 2411 ·
1828 2382 1861 2451 ἡ

285 2498 343 2550 δὲ
365 2474 618 2552 εὐσέϐεια
666 2490 802 2560 πρὸς
845 2489 1044 2549 πάντα,
1081 2484 1175 2537 καὶ
1204 2483 1274 2535 τά
1326 2480 1456 2549 ἑξῆς
1481 2495 1495 2509 ·
1525 2479 1573 2531 ει
1600 2475 1657 2530 δέ
1686 2491 1802 2538 πως
1827 2474 1861 2543 ἡ

286 2589 388 2656 τῆς
425 2584 626 2655 σαρκὸς
667 2581 935 2648 πλάστιγξ
989 2576 1263 2637 ἀνθέλκει,
1317 2573 1415 2627 καὶ
1469 2569 1742 2640 τυραννεῖ,
1769 2566 1864 2619 καὶ

294 2677 516 2750 βαρύνει
544 2674 643 2744 τὴν
670 2675 770 2743 τῆς
803 2670 982 2741 ψυχῆς
1013 2667 1345 2747 πλάστιγγα,
1395 2662 1531 2733 πρὸς
1561 2661 1732 2733 ῥοπὰς
1770 2657 1866 2711 καὶ

294 2742 537 2840 κινήσεις
587 2742 877 2827 ἀτάκτους,
934 2762 1030 2813 καὶ
1066 2742 1443 2829 ψυχοφθόρους
1498 2751 1862 2811 καθέλκουσα,

290 2864 429 2917 καθὸ
455 2861 788 2929 γέγραπται,
818 2855 883 2908 'Il
906 2851 1043 2923 σὰρξ
1061 2850 1318 2920 ἐπιθυμεῖ
1346 2846 1485 2901 κατά
1507 2843 1601 2898 τοῦ
1627 2842 1868 2911 πνεύμα-

291 2973 405 3020 τος,
441 2953 537 3007 καὶ
564 2952 625 3004 τὸ
649 2949 865 3017 πνεῦμα
896 2945 1038 2999 κατά
1065 2944 1163 3012 τῆς
1187 2940 1409 3014 σαρκός.
1457 2956 1476 2990 ι
1533 2936 1673 2990 Ἀλλ’
1705 2933 1867 2996 αὐτὸς

1936 1859 2069 1912 tioni
2102 1871 2207 1911 non
2231 1864 2311 1911 est
2345 1855 2545 1919 honor,
2572 1868 2763 1909 eorum
2785 1865 2966 1908 autem
3000 1852 3348 1907 medlocrilas
3379 1853 3514 1906 laeti-

1936 1948 2062 2003 tiam
2099 1947 2365 2018 adauget;
2392 1945 2809 2001 immoderantia
2849 1960 2976 2000 vero
3000 1944 3369 1999 exstasim.Et
3396 1959 3513 1997 ma-

1933 2053 2074 2111 gnus
2101 2038 2363 2093 Maximus
2390 2054 2407 2093 :
2438 2056 2457 2090 ι
2496 2035 2574 2092 Ne
2603 2051 2763 2091 omne
2819 2045 3030 2105 tempus
3057 2036 3110 2088 in
3137 2050 3352 2089 carnem
3407 2034 3515 2087 im-

1936 2130 2161 2201 pendas,
2180 2130 2271 2185 sed
2288 2130 2336 2185 ei
2360 2128 2555 2183 adhibe
2577 2143 2675 2197 pro
2700 2127 2906 2182 viribus
2930 2126 3243 2181 exercitium
3262 2136 3314 2180 et
3343 2133 3513 2180 totam

1936 2232 2172 2276 mentem
2237 2222 2294 2276 in
2349 2221 2614 2276 interiora
2657 2227 2970 2275 convertas.
3024 2217 3315 2286 Corporale
3369 2217 3515 2277 enim

1933 2313 2257 2369 exercitium
2290 2328 2397 2369 non
2430 2313 2585 2368 valde
2605 2322 2690 2369 est
2721 2312 2874 2367 utile:
2905 2312 3081 2382 pietas
3109 2310 3178 2365 ad
3213 2310 3420 2376 omnia,
3462 2319 3516 2363 et

1935 2414 2155 2461 caetera.
2187 2406 2244 2460 Si
2268 2414 2450 2461 autem
2499 2404 2907 2476 quodammodo
2940 2404 3125 2457 carnis
3176 2416 3309 2456 cura
3336 2410 3509 2454 attra-

1936 2499 2018 2554 hit
2046 2508 2100 2555 et
2132 2500 2415 2571 tyranuice
2469 2513 2659 2553 curam
2713 2498 2909 2553 animae
2958 2494 3117 2566 regit,
3157 2508 3389 2564 eamque
3418 2507 3517 2562 ag-

1936 2598 2123 2660 gravat
2145 2591 2212 2645 ad
2263 2591 2602 2646 inordinatos
2649 2599 2832 2645 motus
2860 2596 2913 2644 et
2949 2588 3141 2643 animae
3182 2586 3382 2641 noxios
3432 2586 3515 2640 in-

1936 2684 2135 2749 citans,
2169 2690 2228 2738 ut
2251 2684 2511 2753 scriptum
2543 2691 2671 2739 est:
2708 2683 2848 2738 Caro
2895 2680 3228 2750 concupiscit
3254 2680 3516 2734 adversus

1935 2776 2210 2846 spiritum,
2270 2786 2349 2834 et.
2390 2775 2615 2845 spiritus
2652 2775 2916 2830 adversus
2977 2788 3239 2839 carnem;
3270 2771 3366 2827 sed
3397 2771 3517 2842 ipse

1936 2879 2054 2919 eam
2091 2865 2449 2936 temperantia
2500 2864 2741 2930 frenans,
2767 2863 2958 2919 occide
3008 2861 3364 2933 quoadusque
3428 2860 3513 2915 vel

1937 2958 2103 3012 invita
2135 2958 2325 3013 docilis
2349 2958 2492 3013 facta
2525 2958 2687 3011 fuerit
2720 2996 2735 3022 ,
2767 2967 2821 3011 et
2872 2956 3083 3011 meliori
3133 2954 3371 3015 obediat.
3428 2969 3517 3009 re-
3568 3008 3575 3015 λ

293 3048 499 3115 ταύτην
524 3042 685 3114 κημῷ
705 3036 1036 3110 ἐγκρατείας
1056 3032 1386 3121 χαλινῴσας,
1417 3030 1714 3099 νέκρωσον,
1762 3024 1862 3087 ἓως

1941 3054 2191 3108 cordatus
2221 3067 2407 3107 eorum
2445 3065 2565 3121 quae
2602 3066 2827 3120 magnus
2849 3050 3049 3104 Paulus
3075 3049 3283 3103 dictitat
3314 3063 3332 3104 :
3366 3048 3516 3113 «Quo

295 3098 485 3194 hiemi.
514 3098 758 3198 ἄκουσα..
796 3098 1013 3203 εὐήνιος
1059 3098 1297 3198 ’γένηται
1318 3141 1332 3155 ·
1367 3124 1462 3179 καὶ
1510 3098 1756 3189 ύέτοταγῇ
1792 3118 1862 3215 τίς]

1941 3098 2191 3108 --.μνη
2223 3098 2407 3107 ---_---
2447 3098 2563 3121 γη
2602 3098 2826 3120 ---Ἔπη
2849 3098 2872 3104 -
2894 3098 3047 3104 πη-
3080 3098 3282 3103 ---φη
3314 3098 3331 3104 _
3405 3098 3507 3113 ,η-

1943 3148 2117 3215 magis
2177 3132 2429 3200 exterior'
2446 3144 2611 3198 homo
2638 3155 2823 3199 noster
2855 3144 3247 3211 corrumpitur,
3278 3155 3344 3195 eo
3401 3155 3518 3194 ma-

297 3232 591 3301 κρείττονι,
631 3222 980 3296 μεμνημένος
1007 3220 1103 3274 τοῦ
1138 3218 1375 3288 μεγάλου
1399 3215 1703 3286 φάσκοντος
1728 3209 1871 3265 [lati-

295 3323 391 3376 λου
415 3337 431 3353 ·
462 3340 480 3373 ι
518 3321 683 3372 Ὅσον
705 3320 732 3370 6
766 3317 871 3381 ἔξω
900 3313 1058 3385 ἡμῶν
1083 3310 1371 3383 ἄνθρωπος
1409 3305 1713 3378 φθείρεται,
1746 3320 1871 3357 τοσο

297 3412 505 3465 οῦτονό
534 3407 643 3461 ἔσω
687 3402 1077 3459 ἀνακαινοῦται
1134 3399 1315 3471 ἡμέρᾳ
1342 3399 1408 3468 τῇ
1448 3396 1650 3467 ἡμέρᾳ.
1694 3414 1712 3446 ι
1763 3394 1873 3446 Kal.

297 3503 394 3559 τοῦ
424 3502 577 3570 ἁγίου
616 3497 803 3552 Ἰσαάκ
827 3511 840 3525 ·
880 3513 899 3545 ι
939 3493 1091 3546 Δίδου
1117 3490 1341 3544 σεαυτὸν
1363 3485 1652 3540 ἀποθανεῖν
1678 3484 1735 3535 ὲν
1761 3483 1873 3543 τοῖς

299 3594 669 3662 ἀγωνίσμασι,
716 3588 811 3641 καὶ
853 3586 927 3656 μὴ
961 3583 1061 3654 ζῇν
1105 3584 1161 3635 ὲν
1187 3579 1444 3651 ἀμελείᾳ·
1489 3576 1551 3630 ού
1578 3574 1736 3645 μόνον
1762 3572 1872 3643 γὰρ

300 3689 353 3741 οἱ
377 3685 464 3739 διὰ
490 3684 584 3753 τὴν
614 3682 693 3744 είς
724 3676 958 3749 Χριστὸν
988 3674 1170 3727 πίστιν
1190 3672 1476 3740 δεξάμενοι
1508 3666 1599 3720 τὸν
1620 3666 1873 3729 θάνατον,

306 3776 582 3850 μάρτυρές
606 3775 763 3834 εἰσιν,
792 3768 928 3823 ἀλλά
954 3766 1051 3820 καὶ
1069 3766 1116 3818 οἱ
1141 3765 1229 3818 διά
1253 3762 1351 3831 τὴν
1378 3759 1487 3813 τῶν
1526 3756 1756 3812 ὲιντολῶν
1779 3756 1847 3810 αὑ

302 3846 400 3922 τοῦ
434 3872 660 3937 τήρησιν
691 3860 1155 3931 ἀποθνήσκοντες.
1203 3854 1312 3908 Kal
1340 3853 1591 3923 κρεῖσσον
1616 3850 1751 3919 ἡμῖν
1781 3846 1876 3901 θά-

303 3977 464 4023 νατος
489 3960 543 4010 ἐν
569 3956 645 4027 τῷ
670 3952 864 4024 ἀγῶνι,
893 3951 926 4021 ἢ
962 3949 1125 4019 ζῆσαι
1156 3946 1213 3998 ὲν
1242 3940 1670 4014 παραπτώματι.
1710 3959 1729 3993 r
1766 3938 1878 3993 Καὶ

303 4050 416 4121 πρό
444 4034 781 4117 γεπάντων,
844 4043 980 4113 μετά
1028 4038 1220 4110 βουλῆς
1266 4037 1361 4089 καὶ
1390 4036 1714 4105 ἐρωτήσεως
1759 4031 1874 4097 ἔσο,

298 4142 484 4195 πάντα
515 4138 684 4192 ποιῶν
706 4136 798 4189 τοῦ
832 4132 926 4188 σοῦ
950 4130 1091 4186 κατὰ
1122 4128 1325 4197 Κύριον
1358 4123 1729 4194 πνευματικοῦ
1760 4124 1876 4175 Πα-

298 4231 454 4297 τρός.
485 4227 641 4282 Οὕτω
666 4225 793 4296 γὰρ,
823 4219 1060 4293 Χριστοῦ
1091 4220 1295 4288 χάριτι,
1331 4215 1427 4268 καὶ
1446 4216 1513 4267 τά
1553 4213 1761 4282 ἐπαχθῆ
1786 4212 1879 4265 καὶ

300 4323 532 4391 ἀνάντη,
565 4320 764 4387 κοῦφα,
804 4316 901 4368 καὶ
926 4314 1000 4375 ὡς
1039 4311 1180 4364 κατὰ
1209 4308 1447 4380 πρανοῦς
1504 4306 1686 4358 πεδίου
1736 4305 1879 4371 δόξει

304 4426 393 4463 σοι
427 4406 710 4477 φέρεσθαι.
749 4402 887 4456 Ἀλλ’
914 4400 1195 4454 ἐπανιτέον
1221 4397 1344 4451 ὅθεν
1367 4395 1683 4467 ἐξήλθομεν.

379 4635 447 4689 τὸ
476 4625 671 4702 Ῑγεῦμα
723 4625 859 4699 ἄχρι
908 4625 1140 4702 δύσεως
1191 4628 1370 4702 ἡλίου
1414 4625 1745 4702 διάστημα·
1780 4625 1879 4702 καὶ

379 4692 934 4761 ὄτιδεῖπιστὲῦειν.
968 4697 1119 4752 κατὰ
1160 4698 1266 4749 τὸν
1302 4698 1511 4756 κόπον,
1552 4692 1649 4747 καὶ
1684 4694 1750 4746 τὸ
1776 4692 1881 4761 μέ-

378 4790 518 4841 τρον
546 4772 655 4839 τῆς
684 4772 968 4841 ἐργασίας
985 4839 993 4841 ᾗ
1010 4767 1197 4841 medie,
1224 4765 1340 4841 τὴν
1376 4764 1493 4841 τῶῖ
1517 4766 1690 4820 θείων
1713 4781 1880 4833 χαρι-

382 4834 951 4913 ᾰμάτωιῗόιαὶὊμὴν
972 4837 1343 4891 ε’πιδίδοσθαι
1372 4834 1531 4904 ἡμῖν.

357 4990 462 5055 λζ’.
489 4987 646 5044 Μετά
676 4987 732 5041 δέ
766 5003 829 5055 γε
856 4984 917 5039 τὸ
939 4981 1235 5055 ἀριστῆσαι
1269 4979 1346 5042 ὡς
1366 4978 1447 5032 δεῖ
1483 4977 1576 5032 τὸν
1603 4973 1867 5044 ἀγωνιζόο

294 5100 479 5153 μενον,
515 5081 658 5134 κατὰ
684 5079 777 5133 τὸν
825 5075 1119 5131 θεσπέσιον
1154 5072 1388 5138 Παῦλον,
1424 5068 1751 5133 κελεύοντα,
1790 5067 1867 5119 δτι

291 5177 323 5227 6
343 5171 744 5241 ἀγωνιζόμενος
781 5168 962 5221 πάντα
990 5163 1407 5234 ἐγκρατεύεται,
1445 5156 1719 5227 ἀνάγνωθι
1740 5155 1870 5210 καθ-

300 5267 520 5335 ήμενος,
553 5264 611 5315 ὲν
635 5244 751 5323 τοῖς
784 5260 1066 5329 νηπτικοῖς
1088 5254 1315 5308 τοπλέον
1352 5247 1873 5322 συγγράμμασιτῶν

298 5355 581 5424 Πατέρων.
612 5350 833 5414 ἱκανῶς.
876 5349 986 5402 Kal.
1010 5348 1197 5401 ἔκτοτε
1228 5343 1523 5414 κοιμήθητι
1543 5342 1690 5410 ὥραν
1726 5337 1874 5407 μίαν,

299 5449 459 5517 εἴπερ
488 5447 623 5499 εἰσὶν
653 5447 708 5499 αἱ
742 5443 945 5515 ἡμέραι
979 5442 1233 5512 μεγάλαι.
1272 5433 1384 5491 Εἴθ’
1412 5435 1582 5496 οὕτως
1619 5432 1875 5496 ἀναστὰς,

306 5538 500 5609 μικρὸν
528 5536 938 5607 ὲργοχείρησον,
982 5533 1201 5605 κρατῶν
1232 5531 1326 5585 καὶ
1373 5528 1469 5595 τὴν
1502 5526 1684 5596 εὐχήν.
1726 5522 1877 5578 Μετᾶ

417 5702 462 5733 ⁹⁶
484 5700 525 5753 ll
556 5698 682 5755 Cor.
706 5712 780 5766 tv,
826 5694 915 5753 16.

1883 4439 1932 4498 D

305 4568 499 4630 Ὅπως
519 4563 736 4617 δεῖ’τὸν
768 4554 1569 4630 ἀγωνιζόμενονᾼδιέρχερνραι
1618 4553 1685 4607 τὸ
1731 4555 1882 4630 μετὰ
1953 4538 2017 4606 Ωι

1943 3239 2025 3310 gis
2056 3238 2281 3294 interior
2311 3246 2609 3294 renovatur
2630 3236 2804 3306 dedie
2842 3237 2893 3289 in
2924 3237 3064 3289 diem
3090 3235 3158 3287 ".
3201 3252 3219 3287 ι
3282 3231 3347 3287 Et
3390 3246 3516 3288 san-

1941 3344 2063 3390 ctus
2094 3333 2275 3387 Isaac:
2310 3332 2380 3386 IF
2385 3347 2449 3387 ac
2476 3342 2526 3387 te
2547 3334 2725 3401 ipsum
2748 3330 2799 3385 in
2823 3329 3211 3385 certaminibus
3238 3328 3397 3396 ntori,
3420 3345 3517 3385 ne-

1946 3442 2051 3495 que
2092 3428 2145 3480 iu
2168 3426 2379 3481 incuria
2411 3426 2744 3489 vivere;uon
2763 3423 2906 3477 enim
2933 3432 3143 3475 tantum
3187 3423 3349 3491 iiqni
3389 3438 3518 3492 pro-

1941 3530 2060 3590 pter
2082 3518 2285 3574 Christi
2316 3518 2474 3572 lldem
2502 3525 2726 3569 mortem
2760 3528 3038 3584 accepere,
3062 3524 3328 3584 martyres
3365 3524 3516 3580 sunt,

1947 3619 2043 3671 sed
2082 3623 2135 3669 et
2170 3613 2264 3683 qui
2321 3618 2541 3679 propter
2594 3609 2967 3662 mandatorum
3016 3606 3137 3675 ejus
3180 3609 3517 3662 observatio-

1944 3724 2065 3764 ncrn
2111 3708 2436 3761 moriuntur.
2463 3701 2529 3757 Et
2545 3700 2724 3770 potius
2747 3699 2904 3755 nobis
2925 3709 3004 3753 est
3027 3697 3353 3752 decertando
3372 3700 3511 3754 mori

1947 3816 2111 3871 qu:im
2142 3796 2389 3853 cadendo
2422 3796 2623 3849 vivere.
2662 3811 2679 3845 ι
2702 3792 2770 3847 Et
2804 3803 2928 3848 ante
2959 3793 3141 3847 omnia
3171 3808 3293 3847 cum
3339 3795 3517 3848 consi-

1944 3893 2016 3947 lio
2058 3902 2111 3946 et
2135 3888 2555 3958 intermgatioue
2583 3870 2934 3949 esto,bonmia
2966 3884 3170 3939 faciens
3239 3900 3359 3953 quae
3421 3886 3517 3941 tibi

1950 3986 2335 4055 prmscripserit
2365 3983 2525 4035 Pater
2557 3989 2682 4034 tuus
2701 3976 3018 4048 spiritualis.
3041 3978 3115 4030 Ita
3132 3979 3298 4043 enim,
3315 3977 3517 4033 Christi

1947 4077 2140 4149 gratia,
2165 4086 2218 4132 et
2246 4076 2434 4129 odiosa
2482 4083 2538 4128 et
2590 4073 2821 4141 ingrata,
2854 4068 2988 4125 levia
3009 4070 3159 4135 ﬁent,
3181 4080 3233 4125 et
3263 4080 3516 4139 tanquam

1947 4176 2103 4242 plano
2157 4171 2347 4225 itinere
2376 4167 2471 4221 tibi
2517 4166 2785 4221 videbitur
2831 4162 2985 4219 ferri.
3018 4160 3122 4217 Sed
3184 4164 3514 4220 redeundum

1949 4265 2091 4319 unde
2120 4262 2411 4318 exivitnus.

2019 4536 2225 4592 tomodo
2270 4540 2471 4603 oportet
2531 4535 2813 4603 certantem
2861 4533 3062 4589 (eumue
3115 4523 3345 4603 transire
3371 4523 3510 4592 quod

2024 4620 2097 4662 est
2128 4610 2263 4659 inter
2284 4594 2562 4671 prandium
2595 4612 2638 4671 el
2667 4596 2792 4649 solis
2814 4610 3054 4649 occasum
3078 4612 3094 4658 ;
3117 4606 3161 4646 et
3194 4594 3329 4661 quod
3358 4609 3516 4660 opor-

2028 4689 2094 4731 tet
2148 4669 2356 4728 credere
2416 4673 2469 4723 in
2529 4669 2704 4720 labore
2739 4674 2787 4717 et
2826 4681 3073 4718 mensura
3100 4678 3294 4717 nostra:
3326 4680 3517 4731 opera-

2029 4748 2185 4801 tionis
2236 4745 2529 4796 divinorum
2578 4745 2836 4789 donorum
2884 4735 3328 4802 perseverantiam
3364 4734 3513 4787 nobis

2033 4830 2331 4871 concessam
2364 4827 2497 4865 esse.

2033 4952 2123 5006 57.
2168 4950 2291 5004 Ροδι
2320 4943 2603 5015 prandium
2635 4950 2813 4993 autem
2847 4936 3121 5007 quomodo
3149 4945 3359 5005 oportet
3397 4950 3518 4989 cer-

1963 5041 2403 5104 tantenr,vivere,
2445 5032 2747 5090 secundum
2790 5029 3031 5081 divinum
3069 5027 3297 5080 Paulum
3317 5026 3522 5081 docen-

1965 5148 2093 5199 tem,
2143 5148 2261 5186 eum
2301 5129 2392 5196 qui
2443 5134 2635 5190 certat,
2673 5122 2852 5176 omnia
2888 5123 3128 5183 vincere,
3162 5119 3275 5186 lege
3307 5118 3524 5183 sedens,

1965 5227 2286 5296 plerumque
2318 5221 2372 5271 iu
2410 5216 2662 5271 ascetieis
2694 5213 2914 5266 Patrum
2964 5209 3118 5263 libris
3169 5209 3522 5263 sullirienter.

1964 5319 2041 5372 Ac
2091 5315 2279 5367 deinde
2327 5323 2490 5361 unam
2524 5307 2712 5373 horam
2744 5303 2938 5365 dormi,
2972 5301 3019 5355 si
3059 5302 3197 5369 longi
3234 5299 3344 5354 siut
3387 5298 3526 5353 dies.

1971 5408 2170 5462 Deinde
2200 5417 2418 5457 rursum
2461 5412 2712 5467 surgens,
2740 5394 2957 5464 paulurn
2993 5394 3244 5446 manibus
3281 5405 3527 5460 operare,

1971 5501 2270 5556 orationem
2318 5508 2533 5563 quoque
2586 5501 2878 5557 ocupaus.
2918 5485 3044 5540 Post
3066 5500 3111 5538 -a
3164 5497 3292 5537 vero
3342 5481 3527 5547 adora,
