4080 6206
304 279 408 342 τις)
1527 260 1923 325 crescunt
1963 262 2357 322 ASCETICA.
3445 261 3552 322 7m

299 399 380 448 ὅτι
410 395 510 446 οὐκ
546 391 670 455 ἄξια
698 387 763 441 τὰ
797 386 1097 456 παθήματα
1120 386 1212 440 τοῦ
1249 385 1342 439 νῦν
1371 387 1586 458 καιροῦ,
1624 387 1760 457 πρδς
1785 387 1883 455 τὴν

1981 382 2124 435 eniut
2187 381 2582 436 crediderimus
2611 421 2625 444 ,
2654 386 2700 430 et
2733 376 2904 431 nostri
2933 374 3000 430 ad
3025 373 3298 447 agendum
3336 375 3552 430 ardoris

304 487 607 556 μέλλουσαν
653 480 813 544 δόξαν
849 477 1302 544 ἀποκαλυφθῆναι
1349 480 1429 542 εἰς
1458 480 1626 547 ἡμᾶς.
1667 496 1686 528 ι
1721 479 1884 544 Λέγει

1981 474 2382 527 retributionem
2417 471 2760 526 habebimus.
2787 470 2894 534 Qui
2918 468 3084 537 igitur
3113 468 3245 534 agit,
3269 482 3368 538 pro
3399 476 3556 523 actus

301 580 361 633 δὲ
393 578 487 630 καί¹
516 578 543 626 ὁ
576 575 644 626 τὰ
693 573 813 625 θεῖα
842 571 1004 640 σοφὸς
1025 570 1278 638 Μάξιμος
1301 587 1314 601 ο
1359 590 1378 622 ι
1419 573 1598 623 Αἴτιον
1622 566 1764 622 εἶναι
1792 571 1882 621 λέ-

302 685 459 736 γεται
511 665 614 734 τῆς
667 664 778 716 τῶν
814 663 975 716 θείων
1008 662 1271 730 διανομῆς
1326 663 1566 730 ἀγαθῶν,
1597 661 1656 714 τὸ
1689 662 1884 732 μέτρον

302 761 401 827 τῆς
456 757 688 809 ἑκάστου
721 755 992 818 πίστεως·
1029 753 1211 816 καθὼς
1244 756 1351 824 γὰρ
1382 755 1730 825 πιστεύομεν,
1791 755 1887 806 καὶ

302 849 400 920 τὴν
430 851 522 900 ἐπὶ
547 847 607 900 τὸ
640 847 903 915 πράττειν
926 845 1026 912 τῆς
1059 845 1365 914 προθυμίας
1391 845 1633 896 ἐπίδοσιν
1663 845 1880 911 ἔχομεν.

314 939 374 990 'U
399 939 530 1006 γοῦν
570 937 850 1006 πράττων,
904 937 1046 987 κατὰ
1103 934 1201 1004 τὴν
1259 933 1556 1000 ἀναλογίαν
1611 933 1708 1001 τῆς
1745 931 1886 1002 πρά-

303 1031 462 1096 ξεως,
499 1028 868 1081 ἐπιδείκνυται
893 1027 952 1079 τὸ
984 1025 1178 1095 μέτρον
1205 1025 1303 1094 τῆς
1359 1025 1615 1087 πίστεως,
1658 1023 1887 1092 δεχόμε-

305 1139 394 1184 νος
437 1121 512 1186 ὡς
565 1119 875 1180 ἐπίστευσε,
908 1118 968 1170 τὸ
1002 1117 1201 1186 μέτρον
1221 1116 1324 1186 τῆς
1346 1115 1592 1185 χάριτος.
1640 1115 1697 1168 Ὀ
1727 1115 1784 1167 δὲ
1811 1113 1886 1183 μὴ

304 1212 584 1281 πράττων,
608 1211 750 1264 κατὰ
785 1209 882 1280 τὴν
907 1207 1202 1275 ἀναλογίαν
1228 1207 1326 1276 τῆς
1352 1208 1432 1259 ἀπ
1444 1205 1656 1276 ραξίας,
1682 1205 1886 1258 ἐπιδεί-

304 1323 500 1360 κνυται
533 1305 593 1358 τὸ
643 1305 843 1374 μέτρον
879 1302 978 1370 τῆς
1005 1300 1285 1364 ἀπιστίας,
1313 1299 1608 1369 δεχόμενος
1641 1297 1716 1361 ὡς
1752 1297 1886 1368 ἠπί-

306 1413 493 1466 στησε,
532 1393 630 1466 τὴν
662 1393 759 1460 τῆς
817 1392 1040 1462 χάριτος
1088 1392 1366 1460 στέρησιν.
1427 1387 1638 1443 Οὐκοῦν
1700 1386 1888 1450 κακῶς

305 1490 455 1540 ποιεῖ
503 1484 813 1557 βασκαίνων
871 1485 984 1546 τοῖς
1033 1479 1446 1552 κατορθοῦσινό
1494 1477 1888 1550 φθονερὸς,ὲπ’

305 1580 455 1650 αὐτῷ
501 1577 706 1647 σαφῶς,
759 1575 876 1630 ἀλλ’
915 1575 1014 1627 οὐκ
1069 1574 1155 1626 ἐπ’
1179 1572 1323 1642 ἄλλῳ
1355 1570 1640 1639 κειμένης,
1665 1569 1764 1639 τῆς
1794 1567 1888 1621 τοῦ

307 1671 588 1726 πιστεύειν
651 1670 746 1722 καὶ
801 1667 1085 1738 πράττειν,
1127 1666 1222 1718 καὶ
1281 1663 1419 1734 πρὸς
1447 1661 1510 1714 τὸ
1559 1661 1759 1730 μέτρον
1789 1661 1890 1728 τῆς

1979 567 2106 633 eius
2138 567 2352 619 ratione
2374 563 2682 618 ostenditur
2711 572 2766 616 et
2807 576 3061 615 mensura
3089 559 3212 613 lidei
3238 575 3254 623 ;
3286 559 3556 628 accipitis,

1977 671 2034 711 ut
2069 657 2300 713 credidit
2330 696 2344 719 ,
2377 655 2570 724 gratiae
2605 668 2950 707 mensuram.
2983 645 3086 716 Qui
3117 664 3249 705 vero
3283 664 3388 705 non
3422 651 3559 719 agit,

1976 766 2074 820 pro
2108 749 2227 818 ejus
2265 747 2476 800 inertia:
2547 746 2778 809 ratione,
2846 752 2899 798 et
2962 742 3358 798 incredulitatis
3394 758 3545 797 men—

1977 855 2108 894 sura
2155 839 2501 903 ostenditur;
2536 837 2736 903 accipit
2791 837 2962 896 enim,
3013 846 3177 902 prout
3233 823 3548 889 incredulus

1977 940 2079 994 est,
2117 932 2304 999 gratiae
2332 929 2714 998 privationem.
2761 927 2929 996 Igitur
2976 928 3118 980 male
3160 927 3269 993 agit
3324 927 3556 995 quicun-

1979 1033 2085 1088 que
2131 1017 2548 1087 proticieutihus
2595 1016 2828 1082 invidet,
2882 1030 3007 1069 cum
3069 1029 3237 1082 penes
3269 1029 3419 1077 eum,
3457 1029 3562 1068 nec

1981 1125 2149 1177 penes
2187 1109 2357 1163 alium
2411 1109 2482 1163 sit
2522 1108 2780 1162 credendi
2819 1116 2874 1160 et
2933 1105 3148 1176 agendi,
3179 1113 3234 1160 et
3261 1105 3559 1158 secundum

1983 1198 2107 1253 tidei
2132 1212 2442 1253 mensuram
2463 1196 2689 1264 gratiam
2715 1195 3015 1265 aecipiendi
3041 1195 3234 1249 electio
3255 1194 3348 1248 sit.
3370 1193 3432 1246 Et
3453 1202 3561 1245 tota

1982 1290 2163 1344 anima
2185 1305 2303 1345 eam
2323 1301 2969 1358 orautesperseveremus
2991 1296 3167 1340 totum
3206 1285 3327 1338 vitze
3358 1292 3564 1337 nostrae

1984 1391 2225 1455 tempus.
2253 1384 2314 1437 Et
2345 1385 2461 1454 ipse
2486 1383 2607 1436 vitae
2638 1382 2784 1443 linis.
2803 1380 3170 1444 Christianus,
3191 1375 3566 1444 ahsquedoloo
3635 1402 3647 1421 .-

1983 1489 2064 1542 re,
2091 1486 2144 1530 ct
2172 1477 2390 1541 rubore,
2417 1475 2693 1546 pacificus.
2718 1471 2783 1527 Et
2810 1473 2875 1528 ad
2905 1473 3039 1535 lucc,
3061 1471 3259 1524 bonam
3292 1465 3567 1521 defensio-
3629 1462 3646 1480 ‘

1987 1581 2109 1621 nem
2141 1568 2482 1628 habebimus,
2511 1581 2633 1620 cum
2664 1563 2976 1618 steterimus
3007 1570 3158 1635 aute_
3176 1558 3416 1613 tribunal
3461 1555 3568 1608 Do~

1986 1658 2120 1712 mini
2144 1668 2196 1712 et
2219 1658 2308 1711 Dei
2331 1667 2386 1711 et
2409 1655 2704 1710 Salvatoris
2747 1651 2918 1706 nostri
2946 1651 3074 1705 Jesu
3103 1649 3323 1704 Christi.

313 1750 549 1812 πίστεως
594 1728 898 1819 ἐρχομένην
942 1748 1282 1814 εἰσδέξασθαι
1326 1728 1432 1820 τὴν
1462 1728 1642 1820 χάριν,
1668 1728 1934 1818 -ὲπιλογῆς
1961 1763 1976 1778 ·
2016 1746 2112 1800 καὶ
2143 1748 2208 1800 ἐκ
2235 1745 2413 1816 ψυχῆς
2444 1744 2780 1812 αίτούμενοι,
2814 1738 3086 1807 διαμεῖναι
3132 1733 3226 1786 τὸν
3261 1728 3562 1820 ὑπόλοιπον

315 1846 508 1910 χρόνον
535 1843 718 1912 ἡμῶν.
761 1859 779 1892 ι
820 1843 928 1896 Καὶ
964 1844 1104 1897 αὐτὰ
1135 1844 1199 1912 δὴ
1233 1846 1301 1897 τὰ
1332 1819 1461 1914 τέλη
1484 1819 1600 1914 τῆς
1624 1843 1791 1912 ζωῆς,
1816 1839 2145 1913 Χριστιανὰ,
2177 1838 2447 1902 ἀνώδυνα,
2469 1834 2899 1904 ἀνεπαίσχυντα,
2929 1826 3186 1899 εἰρηνικὰ
3220 1839 3236 1854 ⁸
3293 1821 3389 1874 καὶ
3425 1819 3567 1914 πρρς

320 1939 532 2000 τυύτοις
561 1939 853 1991 ἀποδοῦναι
903 1937 1051 2005 ἡμᾶς
1083 1936 1256 2006 καλὴν
1285 1938 1385 2006 τὴν
1418 1913 1742 2004 ἀπολογίαν,
1773 1935 1866 1988 ἐπὶ
1903 1933 1999 1987 τοῦ
2057 1930 2292 2001 φοὸεροῦ
2331 1929 2574 1992 ἑστῶτας
2609 1927 2855 1995 βήματος
2882 1920 2978 1975 τοῦ
3013 1920 3246 1989 Κυρίου,
3270 1916 3364 1970 καὶ
3397 1913 3562 1978 Θεοῦ,

321 2033 412 2081 καὶ
447 2033 589 2082 Σωτῖ
607 2049 695 2100 ρος
723 2031 884 2102 ἡμῶν
919 2029 1094 2096 Ἰησοῦ
1128 2029 1390 2098 Χριστοῦ.

321 2125 454 2180 Ὀτι
480 2125 691 2196 μείζων
717 2125 922 2193 πάσης
967 2125 1277 2261 ﬁgi-gratae,
1308 2127 1346 2194 ἡ
1381 2125 1607 2193 καθαρὰ
1629 2138 1890 2192 «pacav-

955 2211 1018 2261 7_1
1102 2211 1260 2251 στιν.

955 2211 1034 2264 χη
1069 2211 1260 2251 εστιν.

388 2284 490 2352 λη’.
520 2284 660 2352 Πρδς
682 2282 738 2334 δὲ
765 2283 876 2344 τοῖς
903 2281 1210 2349 δηλωθεῖσι,
1248 2280 1345 2334 καὶ
1376 2280 1536 2335 τοῦτο
1575 2282 1706 2346 ἴσθι,
1739 2281 1894 2336 ἀδελ-

317 2377 385 2445 φὲ
435 2377 516 2428 ὅτι
555 2377 703 2428 πᾶσα
735 2373 978 2443 μέθοδος,
1007 2373 1100 2424 καὶ
1139 2374 1247 2435 πᾶς
1280 2373 1482 2436 κανὼν,
1511 2376 1560 2428 εί
1598 2373 1777 2443 βούλει
1814 2374 1891 2438 δὲ,

316 2468 411 2519 καὶ
444 2466 640 2537 πρᾶξις
679 2465 957 2535 διάφορος,
986 2464 1074 2517 διὰ
1103 2464 1163 2516 τὸ
1221 2464 1294 2533 μὴ
1329 2465 1592 2518 δύνασθαι
1639 2467 1785 2535 ἡμᾶς
1812 2465 1892 2520 ἔτι

315 2559 372 2609 ἐν
408 2556 604 2627 καρδίᾳ
636 2553 893 2624 καθαρῶς
922 2554 1016 2607 καὶ
1039 2553 1440 2624 ἀρρεμϐἀστως
1466 2553 1889 2625 προσεύχεσθαι,

314 2646 625 2700 τετύπωται
689 2646 833 2698 οὕτω
881 2646 975 2698 καὶ
1026 2644 1426 2698 κεκανόνισται.
1495 2645 1647 2696 Ἐπεὶ
1679 2644 1890 2709 τούτου,

315 2737 532 2807 εὐδοκία
560 2738 652 2789 καὶ
669 2736 850 2806 χάριτι
878 2733 974 2786 τοῦ
1005 2734 1209 2804 Κυρίου
1232 2735 1392 2803 ἡμῶν
1421 2733 1598 2802 Ἰησοῦ
1632 2735 1889 2806 Χριστοῦ,

312 2827 760 2896 ἀπαρτισθέντος,
816 2827 910 2877 καὶ
957 2825 1150 2890 πολλὰ,
1203 2827 1296 2878 καὶ
1345 2825 1587 2891 ποικίλα,
1627 2827 1718 2878 καὶ
1760 2827 1894 2880 διαι-

316 2917 514 2988 ροῦντα
575 2916 848 2986 μεθέντες,
885 2917 962 2986 τῷ
1001 2918 1102 2980 ἑνὶ,
1137 2919 1230 2970 καὶ
1264 2917 1472 2986 ένιαίῳ,
1510 2917 1604 2970 καὶ
1647 2917 1891 2988 ἑνωτικῷ

313 3007 538 3077 ἀμέσως
570 3008 710 3076 ὑπὲρ
740 3008 894 3075 λόγον
925 3007 1214 3078 ἑνούμεθα,
1242 3009 1319 3070 ὡς
1349 3010 1566 3080 εἴρηται
1595 3009 1675 3081 τῷ
1695 3009 1891 3082 κλεινῷ

313 3087 562 3170 Θεολὸγῳ
585 3117 600 3130 ο
629 3101 760 3163 Θεὸς
809 3101 948 3162 θεοῖς
989 3102 1278 3171 ένούμενός
1325 3119 1384 3155 τε
1424 3103 1517 3157 καὶ
1555 3103 1892 3174 γνωριζόμε-

311 3211 403 3255 νος
424 3211 438 3224 '
478 3195 616 3263 ὅπερ
643 3195 812 3260 ἐστὶν,
847 3195 878 3263 ἡ
909 3193 994 3246 διὰ
1017 3192 1111 3246 τοῦ
1133 3193 1290 3261 ἁγίου
1321 3193 1638 3264 Πνεύματος
1667 3195 1727 3247 ιν
1755 3211 1948 3289 καρ-ὕ

309 3285 401 3356 δίᾳ
421 3284 782 3345 ὲνυπόατατος
801 3282 1090 3352 ἐλλαμψις,
1113 3283 1235 3353 ἥτις
1256 3283 1520 3346 τίκτεται,
1540 3283 1617 3346 ὡς
1643 3283 1886 3354 εἴρηται,

311 3379 378 3429 ὲκ
406 3377 504 3446 τῆς
552 3376 1018 3446 μνημονευθείσης
1064 3375 1313 3443 καθαρᾶς
1343 3377 1438 3429 καὶ
1493 3376 1888 3448 ὰρρεμσάστου

310 3469 616 3539 καῴιακῆς
654 3469 981 3540 προσευχῆς.
1011 3467 1245 3522 Σπάνιον
1272 3467 1330 3520 δὲ
1371 3466 1552 3533 τοῦτο,
1593 3469 1688 3522 καὶ
1734 3467 1891 3538 μόλις

308 3559 392 3625 εἷς
417 3565 480 3615 ἐκ
509 3562 694 3632 χιλίων
723 3564 751 3614 ὁ
782 3559 1159 3626 καταξιωθεὶς.
1197 3559 1438 3629 Χριστοῦ
1461 3559 1666 3630 χάριτι,
1691 3558 1894 3632 προκό-

309 3653 415 3722 ψαι
446 3654 527 3716 εἰς
563 3651 722 3721 τήνδε
765 3651 864 3722 τὴν
914 3652 1274 3705 κατάστασιν.
1333 3650 1406 3703 Τὸ
1436 3651 1494 3703 δὲ
1547 3650 1642 3704 καὶ
1683 3649 1891 3721 ταύτην

311 3744 714 3814 ύπερπλεῦσαι,
739 3743 835 3796 καὶ
860 3745 960 3814 τῆς
983 3743 1358 3813 πνευματικῆς
1391 3741 1692 3811 ἀξιωθῆναι
1717 3759 1890 3812 προσ-

311 3835 501 3905 ευχῆς,
542 3837 635 3890 καὶ
664 3838 844 3906 τυχεῖν
877 3835 978 3905 τῆς
1005 3835 1404 3904 ἀποκαλύψεως
1425 3833 1534 3888 τῶν
1569 3833 1890 3904 μυστηρίων

309 3927 410 3981 τοῦ
437 3926 718 3997 μέλλοντος
736 3925 954 3990 αἰῶνος,
997 3923 1386 3993 πάνυᾋλίγων,
1409 3925 1504 3978 καὶ
1533 3922 1676 3976 κατὰ
1701 3922 1892 3990 γενεὰς

313 4019 414 4073 καὶ
448 4019 640 4088 γενεὰς
661 4018 1094 4088 εὑρισκομένων,
1133 4017 1348 4086 εὐδοκία
1379 4015 1476 4085 τῆς
1495 4015 1740 4086 χάριτος,
1759 4013 1892 4068 καθ-

312 4114 464 4180 άπερ
491 4111 692 4181 γράφει
718 4111 862 4164 καὶὸ
887 4110 1044 4178 ἅγιος
1078 4110 1260 4162 Ἰσαάκ
1281 4125 1296 4141 ο
1334 4126 1353 4159 ι
1393 4109 1603 4178 Ὠσπερ
1634 4107 1787 4177 μόλις
1828 4107 1894 4160 ὲκ

317 4203 601 4276 μυριάδων
632 4201 955 4273 ἀνθρώπων,
981 4197 1062 4264 εἷς
1091 4200 1407 4270 εὑρίσκεται
1460 4197 1756 4268 πληρώσας
1794 4197 1893 4262 τὰς

315 4295 566 4359 ἐντολὰς,
593 4293 785 4348 καὶτὰ
823 4293 1030 4364 νόμιμα
1075 4290 1271 4362 μικρὸν
1306 4290 1523 4353 ἐνδεῶς,
1559 4291 1652 4343 καὶ
1680 4288 1892 4358 φθάσας

316 4388 399 4449 είς
437 4387 536 4458 τὴν
557 4387 657 4457 τῆς
697 4385 873 4457 ψυχῆς
901 4384 1271 4455 καθαρότητα,
1303 4376 1583 4446 οῦτωςνεῖς
1613 4383 1677 4435 ὲκ
1703 4379 1893 4452 χιλίων

316 4483 658 4553 εὑρίσκεται,
693 4481 1053 4548 καταξιωθεὶς
1081 4480 1284 4549 φθάσαι
1318 4481 1454 4551 μετᾶ
1489 4479 1690 4549 πολλῆς
1715 4496 1895 4548 παρα-

2059 2119 2225 2187 Quod
2246 2117 2423 2187 major
2459 2114 2602 2170 omni
2633 2113 2933 2180 operatione
2958 2119 3034 2166 est
3074 2105 3271 2160 munda
3303 2102 3494 2156 oratio.

2058 2281 2150 2338 '58.
2205 2281 2343 2336 Cum
2390 2277 2486 2333 bis
2519 2291 2641 2347 quae
2671 2273 2902 2329 indicata
2940 2281 3066 2328 sunt
3117 2284 3171 2328 et
3217 2269 3362 2342 inec,
3400 2277 3560 2340 sritn,

1988 2375 2176 2442 frater,
2214 2371 2360 2444 quod
2417 2368 2599 2422 omnis
2634 2365 2921 2420 methodus
2952 2373 3006 2419 et
3039 2367 3220 2420 omnis
3273 2368 3481 2436 regula,
3515 2369 3561 2424 si
3621 2359 3630 2376 ’

1985 2472 2148 2534 velis,
2179 2480 2235 2523 et
2257 2465 2418 2520 varia:
2453 2463 2722 2524 actiones,
2757 2462 2827 2515 ita
2862 2461 3106 2515 formatae
3149 2471 3277 2516 sunt
3304 2472 3356 2516 et
3384 2464 3564 2518 deter-

1987 2559 2229 2622 minatae,
2281 2571 2350 2610 eo
2375 2555 2521 2624 quod
2574 2567 2680 2605 non
2719 2566 3015 2620 possumus
3044 2551 3095 2604 iu
3132 2553 3295 2605 corde
3343 2569 3474 2608 Dure
3509 2565 3564 2608 et

1985 2660 2301 2709 constanter
2341 2662 2519 2701 orare.
2553 2645 2708 2710 Quod
2755 2643 2902 2696 enim
2954 2644 3323 2698 benevolentia
3357 2656 3410 2700 et
3440 2662 3563 2715 gra-

1986 2746 2060 2800 tia
2107 2744 2321 2797 Domini
2356 2739 2527 2794 nostri
2575 2737 2703 2792 Jesn
2767 2735 2967 2790 Christi
3004 2736 3243 2805 perfecte
3275 2738 3475 2806 adepti,
3510 2749 3564 2792 et

1984 2834 2287 2900 multailla
2325 2832 2472 2885 varia
2514 2840 2567 2884 et
2621 2828 2967 2883 transennlia
3003 2826 3390 2897 relinquentes,
3435 2845 3561 2884 eum

1983 2943 2048 2986 eo
2081 2933 2173 2998 qui
2206 2942 2348 2979 unus
2373 2934 2454 2978 est
2495 2931 2550 2978 et
2601 2921 2825 2990 simplex
2877 2930 2932 2974 et
2983 2921 3199 2974 uniendi
3231 2919 3334 2973 vim
3378 2923 3560 2998 habet,

1982 3017 2370 3088 conjungimur
2428 3013 2742 3066 immediate
2810 3026 2975 3080 supra
3043 3012 3442 3077 ratiouetn,-ui
3485 2993 3562 3066 ’ςδιι

1984 3111 2183 3168 illustri
2221 3107 2466 3172 theolugo
2492 3105 2697 3158 dictum
2731 3113 2817 3158 est
2850 3119 2864 3156 :
2907 3122 2926 3155 ι
2966 3101 3107 3158 Deus
3139 3103 3338 3160 divinis
3388 3105 3563 3160 homi-

1984 3204 2148 3258 nibus
2195 3199 2522 3269 coniunctus
2573 3205 2626 3250 et
2680 3195 2974 3264 cognitus;
3017 3195 3159 3265 quod
3204 3205 3292 3250 est
3342 3211 3428 3260 ea,
3468 3213 3564 3266 per

1984 3295 2253 3365 Spiritum
2306 3298 2584 3354 sanctum,
2645 3287 2698 3341 in
2734 3288 2896 3342 corde
2946 3287 3175 3342 interior
3215 3289 3557 3355 illuminatin,

1982 3403 2104 3459 quae
2144 3384 2408 3456 gignitur.
2462 3391 2522 3436 ut
2572 3381 2778 3435 dictum
2803 3389 2910 3446 est,
2960 3394 3025 3434 ex
3081 3379 3378 3435 memorata
3428 3398 3560 3450 pura

1980 3487 2038 3534 et
2063 3475 2332 3532 constanti
2365 3473 2544 3527 cordis
2588 3470 2854 3525 oratione.
2895 3488 2913 3521 ι
2954 3469 3158 3523 Rarum
3222 3482 3401 3526 autem
3427 3474 3558 3528 illud

1981 3581 2088 3635 est,
2128 3578 2185 3625 et
2225 3567 2312 3620 vix
2350 3579 2491 3618 unus
2521 3579 2584 3617 ex
2638 3561 2804 3628 tnille,
2867 3561 3068 3615 Christi
3122 3563 3316 3632 gratia,
3366 3566 3566 3632 dignus

1955 3662 2206 3717 enectus
2252 3666 2336 3712 est
2367 3657 2459 3724 qui
2509 3656 2575 3708 ad
2609 3652 2756 3706 hune
2807 3661 3011 3709 statum
3055 3655 3352 3720 perveniat.
3405 3657 3565 3710 Hune

1982 3763 2163 3808 autem
2214 3758 2417 3807 statum
2459 3745 2766 3815 transgredi
2813 3753 2867 3799 et
2911 3744 3248 3814 spiritualem
3285 3749 3562 3802 adoratio.

1982 3860 2106 3900 nent
2141 3840 2380 3907 assequi,
2403 3847 2455 3892 et
2480 3834 2675 3891 futura:
2702 3833 2826 3890 vita:
2857 3834 3240 3907 mysteriorum
3275 3837 3562 3892 revelatio-

1982 3953 2104 3992 nem
2155 3931 2409 4002 adipisci,
2468 3929 2694 3985 omnino
2752 3943 3047 3998 paucorum
3107 3937 3212 3992 est,
3260 3938 3315 3984 et
3375 3929 3409 3984 ii
3466 3945 3566 3999 per

1983 4027 2358 4100 generationes
2404 4033 2456 4076 et
2507 4022 2884 4092 generationes
2934 4021 3316 4090 reperiuntur,
3371 4024 3560 4095 gratiae

1978 4123 2261 4185 beneﬁcio,
2301 4127 2360 4172 ut
2405 4116 2594 4172 scribit
2638 4115 2756 4184 pius
2791 4113 2936 4169 [sane
2977 4129 2992 4166 :

1981 4213 2068 4269 vix
2124 4228 2191 4266 ex
2228 4211 2415 4264 decem
2477 4206 2755 4261 hominum
2819 4205 3057 4259 millibus
3095 4221 3234 4260 unus
3283 4207 3564 4262 invenitur

1979 4304 2074 4378 qui
2103 4302 2356 4358 mandata
2383 4299 2677 4367 adimpleat
2709 4306 2762 4351 et
2787 4296 2932 4366 leges
2958 4296 3118 4349 modo
3143 4297 3255 4352 fere
3295 4299 3555 4367 perlecfo,

1978 4409 2032 4452 et
2085 4395 2137 4450 iu
2171 4392 2365 4448 anima:
2406 4389 2694 4457 puritatem
2757 4387 2964 4449 tendat,
3003 4387 3072 4441 ita
3127 4403 3272 4442 ttnus
3313 4404 3377 4442 ex
3413 4391 3560 4443 mille

1979 4485 2274 4556 reperitur,
2307 4483 2398 4552 qui
2423 4482 2618 4549 dignus
2663 4479 2944 4549 judicatus
2990 4479 3062 4533 sit
3113 4481 3206 4548 qui
3264 4482 3560 4550 attingeret

320 4572 593 4643 φυλακῆς,
621 4571 830 4644 είς,τὴν
849 4573 1092 4640 καθαρὰν
1124 4571 1456 4641 προσευχὴν,
1481 4571 1574 4623 καὶ
1605 4570 1891 4640 διαρρῆξαι

1986 4593 2111 4631 cum
2165 4573 2330 4628 muita
2383 4571 2654 4634 custodia,
2714 4585 2904 4638 puram
2958 4571 3281 4634 orationem,
3330 4579 3382 4624 et
3417 4573 3559 4626 lnme

316 4663 509 4716 τοῦτον
538 4664 628 4717 τὸν
666 4665 811 4736 ὅρον,
864 4663 957 4717 καὶ
989 4666 1172 4733 τυχεῖν
1197 4662 1406 4716 ἐκείνου
1436 4661 1529 4715 τοῦ
1569 4660 1892 4730 μυστηρίου.

318 4757 468 4809 Διὸτι
510 4755 691 4809 πολλοὶ
717 4757 815 4826 τῆς
839 4754 1084 4825 καθαρᾶς
1118 4754 1424 4824 προσευχῆς
1456 4752 1705 4822 οὐδαμῶς
1727 4749 1891 4820 ἡξιὼ-

320 4848 519 4916 οησαν,
547 4846 663 4900 ἀλλ’
687 4847 881 4915 ὀλίγοι.
917 4846 1061 4916 Πρὸς
1109 4845 1166 4899 δὲ
1198 4845 1255 4897 τὸ
1285 4844 1585 4914 μυστήριον
1623 4843 1800 4894 ἐκεῖνο
1833 4841 1895 4894 τὸ

321 4941 446 5010 μετ’
473 4939 714 5010 ἐκείνην,
761 4941 855 4994 καὶ
895 4940 1090 5007 πέραν,
1125 4938 1153 4989 δ
1185 4935 1420 5006 φθάσας,
1455 4933 1609 5004 μόλις
1637 4930 1898 5002 εὑρίσκε-

314 5035 408 5074 ται
433 5025 594 5090 γενεᾷ
628 5025 722 5077 καὶ
746 5026 928 5094 γενεᾷ,
958 5028 1022 5097 τῇ
1054 5026 1235 5095 χάριτι
1265 5023 1361 5076 τοῦ
1407 5022 1666 5094 Χριστοῦ.
1704 5041 1723 5074 ι
1777 5022 1890 5074 Καὶ

318 5115 442 5185 μετ’
475 5113 632 5183 ὀλίγα
655 5125 671 5144 ⁸
726 5134 745 5168 ι
778 5116 891 5170 Καὶ
947 5117 996 5169 εί
1031 5115 1170 5187 μετὰ
1199 5113 1568 5185 καθαρότητος
1623 5111 1775 5182 μόλις
1803 5128 1887 5175 τις

315 5207 703 5278 προσεύχεται,
742 5208 796 5262 τί
835 5209 1076 5278 εἴπωμεν
1137 5208 1265 5278 περὶ
1313 5207 1411 5276 τῆς
1473 5205 1891 5276 πνευματικῆς;

318 5301 479 5354 Πᾶσα
537 5300 596 5353 δὲ
652 5299 998 5370 πνευματικὴ
1045 5301 1168 5353 κατ’
1218 5299 1379 5353 αὑτὸν
1423 5293 1578 5360 αὖθις
1627 5299 1894 5366 κινήσεως

317 5390 733 5463 ἠλευθέρωται·
789 5391 882 5444 καὶ
935 5393 967 5461 ἠ
1023 5391 1280 5444 κλίνουσα
1339 5388 1585 5443 κὰτωθέν
1635 5389 1753 5440 ὲστι
1794 5389 1894 5457 τῆς

321 5482 723 5550 πνευματικῆς.
762 5500 781 5534 ι
818 5482 1013 5552 Διόπερ
1041 5484 1134 5536 καὶ
1163 5483 1324 5546 αύτδς
1353 5483 1402 5534 εί
1437 5479 1617 5551 βούλει
1650 5478 1758 5532 τῶν
1784 5496 1894 5531 τοι-

322 5578 499 5631 ούτων
527 5577 732 5632 καινῶν
765 5579 1100 5648 μυστηρίων,
1135 5579 1280 5648 ἔργῳ
1309 5577 1403 5632 καὶ
1431 5575 1740 5645 πράγματι,
1776 5574 1894 5642 ἦτοι

323 5673 460 5740 αὐτῇ
495 5672 561 5740 τῇ
604 5671 788 5741 πείρα,
816 5670 873 5721 ὲν
904 5668 1122 5738 Χριστῷ
1165 5667 1340 5738 Ἰησοῦ
1363 5665 1786 5734 καταξιωθῆναι,
1838 5666 1896 5716 ἐν

326 5763 489 5816 παντὶ
517 5762 692 5834 καιρῴ
718 5762 811 5817 καὶ
837 5763 983 5842 πάσῃ
1007 5761 1144 5832 ὥρα,
1161 5763 1251 5814 καὶ
1278 5758 1508 5831 ἐργασίᾳ
1529 5775 1642 5813 σου.
1676 5755 1896 5822 ὲπείρου

1988 4665 2281 4723 terminum
2319 4661 2707 4733 perfrangeret,
2741 4668 2792 4714 et
2833 4659 3146 4730 mysterium
3187 4659 3318 4712 illud
3348 4660 3562 4714 obtine-

1983 4766 2087 4814 ret.
2127 4757 2255 4811 [deo
2294 4770 2403 4808 non
2442 4753 2593 4806 multi
2627 4752 2691 4804 ad
2731 4751 2986 4805 mundam
3033 4751 3338 4805 orationem
3370 4769 3562 4822 perve-

1983 4865 2134 4913 nere,
2196 4847 2290 4903 sed
2335 4845 2515 4914 pauci.
2569 4844 2672 4911 Qui
2726 4855 2905 4897 autem
2954 4844 3019 4898 ad
3059 4845 3373 4915 mysterium
3412 4848 3556 4915 quod

1981 4955 2100 4994 eam
2137 4936 2386 5007 sequitur
2415 4945 2470 4990 ct
2521 4935 2658 4988 ultra
2714 4932 2976 4998 cucurrit,
3031 4934 3117 4988 vix
3175 4936 3444 5002 reperitur
3492 4936 3559 4990 de

1981 5030 2326 5102 generatione
2357 5028 2409 5082 in
2457 5029 2889 5097 generationem,
2950 5025 3152 5080 Christi
3196 5027 3391 5096 gratia.
3439 5047 3458 5078 ›
3495 5027 3559 5080 Et

1979 5119 2142 5190 paulo
2172 5119 2292 5188 post
2325 5134 2339 5170 :
2386 5135 2404 5167 ι
2453 5116 2514 5171 Et
2545 5117 2587 5169 si
2619 5118 2705 5170 vix
2741 5117 2941 5184 aliquis
2971 5132 3094 5170 cum
3154 5118 3388 5184 puritate
3415 5129 3556 5186 orat,

1981 5209 2110 5278 quid
2168 5209 2416 5264 dicemus
2439 5208 2506 5262 de
2531 5207 2800 5278 spirituali
2831 5207 3118 5260 oratione?
3140 5205 3331 5262 Omnis
3374 5219 3556 5262 autem

1980 5300 2279 5369 spiritualis
2314 5300 2491 5353 oratio
2523 5309 2669 5352 motu
2706 5299 2874 5352 libera
2907 5308 3007 5352 est.
3038 5298 3102 5352 Et
3134 5315 3253 5366 quae
3279 5303 3555 5369 paululum

1980 5394 2178 5462 vergit,
2211 5393 2349 5446 infra
2377 5392 2716 5461 spiritualem
2750 5402 2853 5445 est.
2898 5410 2915 5442 ι
2956 5389 3143 5462 Itaque
3172 5392 3220 5447 si
3260 5391 3377 5461 ipse
3429 5394 3554 5445 tali-

1980 5486 2082 5539 bus
2114 5484 2266 5538 novis
2312 5483 2585 5552 mysteriis
2619 5484 2670 5536 in
2717 5483 2935 5536 Cinistu
2986 5483 3182 5552 dignus
3219 5497 3339 5538 esse
3396 5484 3552 5547 velis,

1977 5592 2139 5646 Opere
2172 5586 2226 5629 ct
2269 5589 2348 5640 re,
2378 5575 2489 5642 ipsa
2525 5591 2717 5643 nempe
2751 5575 3110 5642 experientia,
3137 5575 3282 5627 omni
3310 5584 3554 5643 tempere

1978 5679 2030 5721 ct
2059 5668 2207 5721 omni
2244 5667 2374 5718 hora
2403 5679 2452 5718 et
2503 5668 2554 5718 itt
2603 5671 2751 5719 omni
2793 5667 3111 5734 Opi-ratione
3147 5676 3258 5728 tua,
3292 5683 3448 5720 orare
3496 5668 3548 5719 in

1978 5758 2138 5812 corde
2189 5757 2405 5820 festina,
2446 5771 2582 5823 pure
2631 5765 2683 5810 et
2742 5771 2851 5809 ιιοιι
2899 5757 3196 5821 dis-nacte;
3253 5766 3309 5810 ut
3349 5756 3431 5812 sic
3482 5775 3548 5813 ex

3039 4114 3555 4180 «Quemadmodum
3637 4166 3644 4172 .
