4080 6206
531 228 634 292 ’111

1366 227 1706 290 CALLlSTl
1752 225 1845 285 ET
1891 223 2183 286 IGNA'l'll
2249 222 2931 286 XANTHOPULGRU.“

3659 219 3767 284 712

529 349 739 404 inl'ante
769 351 995 426 l.trt_ente
1026 350 1091 402 ad
1138 350 1312 404 virum
1355 355 1654 418 pi-rtectum
1715 353 2088 416 perveniasju

2204 343 2510 411 προὶεοάσαι
2544 341 2620 402 εἷς
2643 341 2705 391 τὸ
2735 337 3132 408 προσεύχεσθαι
3165 341 3221 392 ἐν
3255 333 3470 404 καρδίᾳ,
3514 332 3774 400 καθαρῶς

529 449 844 489 mensuram
873 437 1049 490 aetatis
1080 435 1434 504 plenitudinis
1462 437 1691 504 Christi,
1725 452 1779 494 et
1805 457 1928 496 cum
1959 442 2100 495 lideli

526 540 593 580 ac
617 526 871 595 prudenti
899 541 1057 581 servo
1081 527 1471 583 beatitudinem
1503 539 1558 585 et
1613 547 1873 586 coronam
1905 550 2099 588 conse-

527 618 740 687 quaris,
766 628 822 670 ut
844 617 1088 688 dirigens
1119 621 1171 672 in
1193 618 1404 688 judicio
1448 636 1731 678 srrmones
1765 631 1910 686 tuos;
1956 639 2107 678 nem-

532 723 597 776 pe
623 709 922 762 secundum
972 711 1240 782 rationem
1287 726 1473 779 agens,
1541 714 1684 767 unde
1738 729 1844 768 non
1895 727 2107 785 pertur-

533 800 676 854 beris
739 801 794 854 in
858 801 1144 866 saeculum,
1203 805 1660 868 quemadmodum
1702 807 1766 860 de
1808 823 1874 860 eo
1918 808 2107 867 scribit

529 902 755 946 sanctus
789 891 1095 957 Philemon,
1148 893 1221 946 ita
1249 910 1265 950 :
1296 911 1315 945 ι
1353 893 1562 961 Frater,
1615 896 1730 950 sive
1781 909 1960 962 noete,
1988 900 2103 954 sive

529 983 638 1045 die,
667 983 922 1051 dignatus
948 983 1053 1038 erit
1087 995 1138 1038 te
1179 985 1317 1038 Deus
1339 999 1497 1040 orare
1528 996 1708 1040 mente
1728 1003 1862 1056 pura
1900 989 2109 1058 absque

531 1073 910 1137 distractione,
938 1091 1004 1128 ne
1031 1076 1262 1144 propria:
1303 1085 1409 1130 tua:
1434 1078 1631 1146 regula:
1665 1079 1982 1145 adluerras;
2011 1081 2106 1138 sed

530 1175 794 1232 quantum
819 1166 914 1218 tibi
951 1166 1155 1230 licebit,
1193 1167 1361 1221 nitere
1390 1183 1515 1221 cum
1550 1169 1658 1223 Deo
1688 1160 1880 1237 uniri;
1917 1182 1970 1226 ct
1995 1174 2108 1243 ipse

531 1272 628 1310 cor
657 1265 808 1310 tuum
852 1259 1176 1312 illuminabit
1218 1260 1285 1312 de
1352 1260 1601 1313 oratione
1633 1264 1922 1331 spirituali.
1973 1283 1991 1316 ι
2045 1266 2108 1319 Ει

531 1349 752 1416 quidam
774 1364 839 1402 ex
855 1351 1058 1404 sanctis
1088 1367 1102 1403 :
1139 1369 1157 1402 ι
1188 1350 1243 1406 Si
1269 1354 1348 1406 vis
1371 1354 1423 1406 in
1460 1367 1688 1423 corpore
1709 1364 1963 1424 tanquam
1991 1358 2124 1425 sine

531 1451 761 1506 corpore
790 1437 895 1493 Deo
921 1440 1148 1505 servire,
1185 1441 1589 1496 indesinente-n
1637 1445 1938 1499 orationem
1987 1461 2111 1515 pns-

532 1527 649 1581 side
673 1531 950 1584 secretoin
981 1531 1142 1584 corde
1170 1540 1284 1594 tuo,
1313 1544 1368 1586 et
1398 1542 1526 1588 ante
1554 1545 1781 1588 mortem
1809 1536 1900 1590 [iet
1929 1538 2106 1591 anima

534 1630 626 1675 tua
653 1623 809 1690 quasi
843 1601 1085 1690 angelus.
1118 1641 1137 1674 ι
1176 1623 1246 1677 lis
1283 1634 1645 1680 consentanea
1671 1629 1860 1683 scribit
1889 1642 2108 1686 sanctus

533 1715 700 1766 Isaae.
731 1711 1097 1782 luterrogatus
1140 1715 1282 1768 enim
1320 1719 1388 1770 ab
1429 1717 1612 1786 aliquo
1666 1722 1936 1788 quodnam
1965 1732 2109 1778 esset

533 1805 916 1858 universnruin
971 1805 1132 1872 liuius
1189 1807 1367 1875 operis
1414 1808 1752 1876 pi-nl’ectnnm
1808 1811 2106 1880 summum,

532 1897 941 1966 tranquillitatis
965 1912 1179 1966 nempe,
1206 1898 1281 1951 ita
1310 1909 1368 1953 ut
1415 1897 1559 1970 [quis
1604 1903 1668 1955 ad
1703 1903 1753 1956 id
1791 1905 2110 1972 perveniens

535 1989 743 2042 sciatse
761 1989 884 2043 vita:
907 1988 1292 2058 periectinuem
1318 1991 1572 2059 adeptum
1606 2009 1746 2057 esse,
1780 1999 2060 2064 res'iondit
2094 2014 2108 2052 :

538 2101 556 2131 ι
582 2080 838 2154 Quando]
863 2082 986 2151 quis
1018 2082 1216 2152 dignus
1239 2086 1414 2137 factus
1440 2095 1524 2139 est
1546 2088 1802 2140 continua
1832 2093 2109 2156 orat‘onv;

536 2183 826 2239 postquam
850 2175 994 2228 enim
1029 2175 1077 2228 id
1105 2176 1365 2244 attigerit.
1397 2177 1638 2229 omnium
1670 2178 1929 2233 \irtutum
1965 2197 2111 2234 sum-

536 2280 676 2321 izzam
699 2264 904 2331 attigit,
929 2280 992 2317 ac
1029 2263 1282 2333 deinceps
1309 2264 1546 2333 Spiritus
1568 2257 1740 2321 sancti
1769 2271 2106 2325 domicilium

533 2355 710 2409 factus
739 2367 841 2411 est.
874 2356 930 2409 Si
963 2356 1086 2424 quis
1113 2356 1253 2409 enim
1293 2358 1522 2424 gratiam
1556 2356 1816 2413 PJI‘RClCll
1848 2377 1952 2414 non
1986 2378 2108 2432 per-

539 2454 673 2502 teete
695 2457 978 2502 a~secutus
1001 2448 1088 2509 sit,
1111 2449 1374 2514 orationis
1407 2453 1863 2516 perseverantiam
1885 2469 1989 2508 non
2017 2471 2084 2522 po

534 2548 636 2591 test
662 2537 713 2590 iu
737 2539 848 2589 otio
870 2537 1146 2606 perlicere.
1176 2557 1194 2589 ι
1232 2539 1468 2611 Spiritus
1497 2541 1666 2606 enim,
1690 2543 1884 2611 inquit.
1904 2559 2025 2598 cum
2052 2547 2108 2600 in

536 2635 652 2685 viro
671 2632 905 2700 quodam
927 2629 1154 2694 habitat,
1173 2609 1278 2684 min
1298 2641 1477 2686 cessat
1495 2648 1673 2687 orare.
1699 2633 1814 2703 Ipse
1831 2638 1975 2692 enim
1997 2640 2107 2708 spi-

538 2721 674 2774 ritus
709 2735 923 2788 semper
945 2729 1088 2774 orat.
1121 2720 1272 2773 'l'unc
1306 2736 1481 2791 neque
1519 2723 1571 2776 in
1606 2738 1822 2792 somno,
1853 2741 2029 2797 neque
2054 2729 2106 2784 in

536 2813 741 2880 vigilia,
767 2812 941 2864 «ratio
963 2825 1026 2864 ex
1050 2811 1167 2880 ejus
1188 2811 1363 2866 anima
1382 2813 1598 2881 deﬁcit;
1626 2815 1720 2870 sed
1741 2817 1854 2870 sive
1883 2822 2109 2875 mandu-

463 2907 480 2979 ’.
533 2913 641 2967 cet,
674 2903 787 2956 sive
821 2903 992 2966 bibat,
1023 2902 1138 2956 sive
1167 2902 1425 2971 dormiat,
1457 2905 1570 2960 sive
1599 2906 1727 2976 quid
1752 2907 1897 2964 aliud
1925 2911 2104 2977 faciat,

534 3006 696 3060 atque
726 2994 889 3047 etiam
916 2994 966 3046 in
995 2994 1264 3062 proluudo
1288 3010 1502 3059 somno,
1524 3000 1708 3054 suavis
1731 3001 1868 3056 o'lor
1885 3013 1935 3056 et
1965 3003 2106 3058 bali-

2196 428 2289 478 καὶ
2322 426 2750 496 ἀρρεμϐἁστως·
2779 425 2845 478 ἵν’
2877 425 3069 488 οὕτως,
3099 428 3172 486 ὡς
3195 425 3260 478 ἔκ
3290 426 3486 494 νηπίου
3506 425 3772 492 θηλάζονο

2196 533 2307 580 τος,
2340 515 2620 586 προκόψῃς
2651 517 2729 576 εἰς
2755 513 2922 582 ἄνδρα
2952 513 3154 565 τέλειον
3177 529 3190 541 ·
3218 515 3295 573 είς
3329 513 3525 582 μέτρον
3549 512 3773 580 ἡλικίας

2195 609 2290 663 τοῦ
2327 607 2693 677 πληρώματος
2726 608 2817 659 τού
2855 606 3113 676 Χριστοῦ,
3145 607 3237 658 καὶ
3273 604 3407 674 μετά
3443 604 3536 655 τού
3571 603 3772 656 πιστοῦ

2195 699 2480 768 οἰκονόμου
2515 699 2608 752 καὶ
2669 698 2954 767 φρονίμου,
3003 696 3096 750 τοῦ
3139 695 3490 765 μακαρισμοῦ
3548 697 3642 748 καὶ
3673 696 3773 762 τῆς

2196 789 2551 859 ἀναρρήσεως
2585 788 2864 860 ἐπιτύχῃς,
2899 787 2974 849 ὡς
3011 786 3308 855 οίκονομῶν
3341 789 3396 837 ἐν
3429 787 3608 856 κρίσει
3645 787 3773 847 τοὺς

2199 882 2324 943 σοὺς
2347 882 2537 948 λόγους
2557 898 2570 913 ·
2605 881 2771 950 ἡγουν
2821 879 2964 932 κατᾶ
2989 879 3149 945 λόγον
3181 879 3615 947 πολιτευόμενος.
3648 879 3775 930 ὅθεν

2197 976 2290 1030 καὶ
2320 976 2379 1028 ού
2412 974 2717 1044 σαλευθὴσῃ
2756 975 2835 1035 είς
2867 972 2959 1025 τὸν
2990 970 3185 1035 αἰῶνα,
3215 969 3397 1032 καθὼς
3419 971 3547 1038 περὶ
3576 969 3774 1022 τούτου

2196 1070 2399 1141 γράφει
2427 1070 2454 1122 ὁ
2483 1067 2636 1134 ἆγιος
2667 1065 2938 1134 Φιλήμων,
2970 1063 3143 1125 οὕτως
3165 1079 3178 1093 ο
3211 1081 3229 1114 ι
3275 1063 3517 1129 Ἀδελφὲ,
3551 1063 3664 1114 εἴτε
3717 1063 3776 1114 ἐν

2198 1164 2376 1224 νυκτὶ,
2425 1161 2536 1213 εἴτε
2572 1161 2627 1211 ὲν
2664 1160 2866 1227 ἡμέρα,
2918 1155 3137 1220 ἀξιώσει
3175 1173 3232 1208 σε
3282 1157 3310 1207 δ
3348 1154 3480 1216 Θεὸς
3512 1154 3778 1223 καθαρῶς

2198 1254 2276 1322 τῷ
2301 1252 2379 1306 νοῒ
2414 1249 2814 1322 προσεύξασθαι
2845 1249 3289 1318 ἀπερισπάστως.
3313 1246 3388 1316 μὴ
3421 1246 3671 1316 πρόσχῃς
3695 1245 3776 1316 τῷ

2202 1345 2316 1414 ἰδίῳ
2345 1345 2527 1397 κανόνι
2554 1361 2566 1374 ·
2595 1342 2708 1395 ἀλλ’
2733 1343 2830 1411 ὅση
2859 1358 2938 1393 σοι
2965 1339 3192 1408 δύναμις
3217 1338 3528 1392 ὲπεκτείνου
3552 1337 3633 1407 τῷ
3656 1337 3778 1407 Θεῷ

2198 1436 2535 1505 κολλώμενος
2569 1451 2583 1467 ο
2643 1427 2931 1494 καὶάύτδς
2977 1433 3202 1500 φωτίζει
3249 1431 3346 1501 τὴν
3389 1431 3621 1500 καρδίαν
3681 1447 3776 1484 σου

2198 1529 2326 1597 περὶ
2342 1527 2602 1596 ἐργασίας
2626 1523 3022 1593 πνευματικῆς.
3051 1543 3069 1575 ι
3093 1523 3200 1577 Καί
3220 1540 3304 1585 τις
3330 1522 3438 1574 τῶν
3462 1522 3742 1588 θεοσόφων
3762 1537 3778 1550 ”

2205 1639 2224 1672 ι
2263 1623 2322 1674 Εἰ
2351 1621 2525 1683 θέλεις
2552 1622 2608 1672 ὲν
2634 1619 2843 1687 σώματι
2865 1619 2940 1680 ώς
2957 1617 3247 1687 ἀσώματος
3269 1617 3386 1687 Θεῷ
3412 1617 3778 1688 λειτουργεῖν,

2200 1712 2363 1780 εὐχὴν
2421 1711 2765 1763 ἀδιάλειπτον
2823 1709 3017 1777 κτῆσαι
3083 1707 3342 1776 κρυπτῶς
3372 1709 3429 1759 ὲν
3479 1710 3547 1776 τῇ
3578 1705 3782 1776 καρδίᾳ

2165 1782 2316 1866 ισου,
2352 1803 2449 1855 καὶ
2477 1802 2686 1868 γίνεται
2724 1799 2828 1869 πρὸ
2860 1799 3091 1852 θανάτου
3114 1801 3146 1866 ἡ
3178 1799 3324 1870 ψυχή
3354 1816 3465 1863 σου,
3509 1799 3783 1868 tiu-.577:-

2199 1895 2308 1957 λος.
2344 1914 2362 1946 ι
2395 1896 2617 1958 Τούτοις
2653 1893 2948 1963 συνᾴδοντα
2974 1893 3172 1961 γράφει
3197 1893 3290 1945 καὶ
3328 1895 3356 1945 ὁ
3379 1891 3534 1960 ἅγιος
3563 1892 3782 1946 Ἰσαάκ.

2211 1984 2540 2056 Ἐρωτηθεὶς
2591 1984 2699 2053 γὰρ
2742 1985 2892 2051 παρά
2923 1999 3086 2045 τινος,
3114 1981 3167 2035 τί
3193 1985 3306 2036 ἐστι
3339 1982 3401 2034 τὺ
3426 1983 3784 2051 περιεκτικδν

2199 2075 2307 2126 τῶν
2337 2075 2521 2125 κόπων
2553 2073 2688 2125 ὅλων
2717 2072 2809 2125 τοῦ
2844 2074 3005 2143 ἔργου
3038 2071 3252 2138 τούτου,
3285 2071 3487 2140 δηλαδὴ
3518 2073 3622 2140 τῆς
3652 2073 3787 2141 ἡσυ-

2201 2170 2344 2236 χτας,
2370 2168 2457 2220 ἵνα
2497 2184 2579 2229 τις
2602 2167 2943 2235 καταντήσας
2985 2167 3064 2227 εἰς
3093 2163 3241 2229 αὐτὸ,
3282 2163 3428 2236 μάθῃ
3450 2165 3531 2217 ὅτι
3557 2164 3665 2235 τὴν
3697 2181 3786 2217 τεο

2202 2259 2452 2325 λειότητα
2483 2259 2581 2324 τῆς
2637 2256 2911 2319 πολιτείας
2975 2255 3228 2324 ἔφθασεν,
3280 2254 3555 2325 ἀπεκρίθη
3579 2253 3782 2321 οὕτως·

2214 2371 2231 2402 ι
2274 2352 2441 2402 Ὅταν
2471 2350 2673 2419 ἀξιωθῇ
2729 2366 2810 2411 τις
2864 2349 2962 2418 τῆς
2989 2348 3252 2417 διαμονῆς
3287 2346 3387 2414 τῆς
3431 2347 3782 2416 προσευχῆς·

2203 2441 2330 2494 ὅταν
2359 2443 2462 2509 γὰρ
2497 2440 2679 2510 φθάσῃ
2709 2439 2934 2509 ταύτην,
2971 2439 3106 2506 πρὸς
3132 2438 3228 2508 τὴν
3252 2437 3429 2509 ἄκραν
3455 2438 3653 2491 πασῶν
3680 2438 3788 2490 τῶν

2207 2532 2414 2602 ἀρετῶν
2454 2531 2678 2598 ἔφθασε,
2734 2530 2830 2583 καλ⁵
2867 2529 3177 2593 τουλοιποῦ,
3232 2531 3660 2608 κατοικητήριον
3694 2531 3786 2584 τοῦ

2203 2624 2360 2691 ἁγίου
2406 2622 2722 2691 Πνεύματος
2764 2621 3002 2689 ἐγένετο.
3069 2621 3197 2672 Ἐὰν
3239 2620 3348 2691 γάρ
3370 2638 3453 2684 τις
3491 2621 3588 2690 τὴν
3622 2623 3787 2692 χάριν

2205 2715 2299 2767 τοῦ
2335 2715 2691 2785 Παρακλὴτου
2725 2712 2966 2779 ἀκριϐῶς
2993 2711 3093 2764 ούκ
3123 2711 3362 2776 ἐδέξατο,
3383 2713 3482 2781 τὴν
3520 2713 3789 2782 διαμονὴν

2206 2809 2408 2878 ταύτης
2441 2808 2541 2874 τῆς
2594 2806 2904 2876 προσευχῆς
2942 2805 3230 2858 τελειῶσαι
3279 2805 3338 2857 ἐν
3372 2805 3552 2858 ἀνέσει
3582 2806 3649 2857 οὐ
3696 2804 3787 2857 δύο

2208 2918 2386 2953 ναται.
2420 2900 2492 2952 Τὸ
2529 2897 2636 2966 γὰρ
2695 2898 2939 2966 Πνεῦμα,
2966 2896 3155 2966 φησὶν,
3216 2897 3344 2949 ὅταν
3397 2898 3711 2968 κατοικὴσῃ
3733 2896 3788 2948 ἐν

2208 3011 2311 3046 τινι
2341 2991 2444 3044 τῶν
2470 2989 2794 3061 ἀνθρώπιον,
2827 2990 2886 3042 οὗ
2948 2988 3179 3041 παύεται
3212 2989 3276 3041 ὲκ
3300 2989 3398 3057 τῆς
3444 2988 3788 3057 προσευχῆς.

531 3096 620 3140 tns
639 3085 902 3140 orationis
921 3094 1215 3154 erumpunt
1247 3086 1452 3156 absque
1472 3088 1749 3157 labore;‘et
1778 3104 1906 3148 tunc
1929 3097 2105 3150 oratio

2210 3084 2352 3138 Αὐτὸ
2383 3084 2488 3152 γὰρ
2508 3084 2568 3135 τὸ
2599 3081 2822 3150 Πνεῦμα
2860 3079 2948 3134 ἀεὶ
2972 3079 3354 3150 προσεύχεται.
3389 3079 3545 3142 Τότε,
3575 3079 3708 3132 οὗτε
3733 3072 3791 3132 ἔν

534 3179 854 3232 divisionem
889 3191 997 3231 non
1031 3178 1190 3231 habet
1214 3194 1228 3243 ;
1253 3179 1346 3233 sed
1369 3180 1624 3236 omnibus
1683 3183 1852 3250 horis,
1894 3187 2106 3242 etiamsi

532 3270 657 3322 talis
675 3268 792 3338 ejus
811 3268 986 3322 oratio
1009 3270 1300 3339 tranquilla
1325 3270 1670 3336 sitexterius,
1696 3277 1787 3328 sed
1814 3293 2028 3332 rursum
2052 3279 2106 3334 in

533 3376 598 3414 co
611 3361 773 3414 servit
793 3361 1127 3414 abscondite.
1150 3361 1434 3416 Slentium
1458 3365 1599 3418 enim
1623 3368 1967 3436 mundorum,
1985 3386 2110 3424 ora-

536 3454 737 3506 tionem
759 3462 915 3505 vocat
933 3454 1152 3521 quidam
1174 3467 1394 3509 sanctus
1415 3472 1430 3519 ;
1454 3459 1714 3525 quoniam
1746 3475 1936 3515 eorum
1961 3463 2109 3532 (ιοεί-

537 3542 772 3597 tzitiones
801 3544 1018 3611 quidam
1077 3546 1246 3600 divini
1282 3558 1462 3604 motus
1482 3559 1650 3619 sunt;
1685 3563 1866 3610 motus
1925 3565 2106 3612 autem

537 3634 723 3686 mundi
748 3636 928 3689 cordis
978 3645 1031 3689 et
1055 3638 1274 3703 mentis,
1304 3639 1490 3695 dulces
1519 3656 1678 3697 voces
1733 3654 1881 3710 sunt,
1912 3649 2109 3716 quibus

531 3727 670 3774 clazn
695 3723 1014 3778 abscondito
1040 3726 1148 3780 Deo
1175 3727 1430 3796 psallunt.
1470 3749 1488 3781 ι
1525 3731 1591 3784 Et
1617 3733 1707 3788 alii
1741 3737 1895 3791 multi
1931 3739 2106 3793 sancti

537 3815 658 3872 \ll‘i.
688 3817 866 3867 divina
905 3818 1017 3884 ipsa
1055 3821 1222 3880 gratia
1257 3820 1475 3887 initiati,
1518 3824 1648 3878 talia
1716 3828 1885 3883 multa
1935 3830 2107 3883 admi-

533 3907 750 3959 ratione
782 3907 942 3975 digna
968 3909 1226 3974 edidere;
1263 3927 1384 3980 qua:
1433 3930 1530 3968 nos
1567 3899 1786 3986 proptt-r
1837 3920 2107 3976 sermonis

537 3996 926 4065 longitudinem
961 4001 1281 4056 omittimus.

2209 3176 2286 3246 τῷ
2311 3175 2591 3229 καθεύδειν
2613 3172 2793 3238 αὑτὸν,
2827 3171 2950 3226 οὔτε
2983 3175 3042 3225 ὲν
3065 3171 3412 3243 ὲγρηγόρσει,
3441 3173 3475 3241 ἡ
3502 3170 3790 3243 προσευχὴ

2208 3270 2273 3323 ἑκ
2303 3267 2403 3337 τῆς
2430 3266 2608 3336 ψυχῆς
2641 3264 2806 3318 αὑτοῦ
2856 3266 3152 3318 κόπτεται·
3192 3262 3307 3317 ἀλλ’
3354 3262 3450 3315 ἐὰν
3478 3263 3662 3334 ὲσθίῄ,
3699 3264 3792 3317 καὶ

2211 3359 2306 3411 ἐὰν
2338 3360 2490 3428 πίνῃ,
2525 3358 2617 3409 καὶ
2651 3356 2746 3410 ἐὰν
2776 3358 3058 3426 κοιμᾶται,
3093 3357 3186 3408 καὶ
3223 3355 3318 3408 ὲάν
3346 3372 3397 3408 τι
3432 3355 3677 3428 πράττῃ,
3696 3355 3791 3409 καὶ

2214 3445 2316 3510 ἕως
2349 3449 2406 3499 ὲν
2442 3447 2596 3518 βαθεῖ
2654 3447 2826 3517 ὕπνῳ,
2878 3447 2934 3499 αἱ
2989 3445 3228 3508 εύωδίαι,
3272 3444 3365 3496 καὶ
3417 3446 3465 3496 οἱ
3494 3446 3664 3514 ἀτμοὶ
3693 3445 3792 3514 τῆς

2213 3539 2521 3608 προσευχῆς
2565 3539 2624 3590 ὲν
2671 3540 2737 3607 τῇ
2793 3536 2991 3606 καρδίᾳ
3047 3534 3213 3588 αὐτοῦ
3268 3534 3624 3599 ἀναδίδονται,
3654 3535 3791 3589 ἄνευ

2212 3631 2414 3683 κόπον*
2470 3630 2565 3683 καὶ
2607 3630 2885 3700 χωρισμὸν
2922 3628 3043 3682 τότε
3099 3628 3132 3698 ἡ
3166 3627 3442 3700 προσευχὴ
3471 3629 3572 3681 ούκ
3628 3628 3790 3698 ἔχει’

2212 3721 2352 3775 ὀλλά
2402 3723 2584 3785 πάσας
2622 3723 2721 3785 τὰς
2770 3720 2918 3791 ὥρας
2951 3720 3138 3782 αὑτοῦ,
3168 3720 3270 3773 κᾶν
3307 3720 3558 3792 ἡσυχάσῃ
3587 3721 3793 3787 ἔξωθεν

2169 3809 2178 3812 ’
2213 3812 2377 3865 αὑτοῦ
2411 3815 2442 3882 ἡ
2470 3811 2714 3881 τοιαύτη,
2753 3810 2869 3864 ἀλλ’
2906 3809 3000 3864 οὖν
3053 3810 3217 3864 πάλιν
3247 3811 3281 3881 ἡ
3311 3811 3448 3880 αὑτὴ
3481 3810 3796 3882 λειτουργεῖ

2214 3904 2272 3958 ὲν
2307 3903 2454 3974 αύτῷ
2505 3901 2784 3974 κρυπτῶς.
2833 3902 2945 3973 Τὴν
2979 3901 3187 3974 σιωπὴν
3217 3902 3325 3973 γὰρ
3368 3903 3476 3956 τών
3509 3903 3792 3974 καθαρῶν,

532 4102 790 4173 ὶογισμοί
825 4102 1026 4166 αὐτῶν,
1069 4102 1210 4155 θεῖαι
1256 4104 1502 4170 κινήσεις
1542 4101 1679 4156 είσίν
1709 4117 1726 4136 ’
1773 4103 1830 4156 ai
1869 4102 2114 4174 κινήσεις
2141 4100 2197 4156 δὲ
2231 4102 2332 4173 τῆς
2363 4099 2613 4169 καθαρᾶς
2647 4097 2895 4169 καρδίας,
2938 4099 3029 4152 καὶ
3049 4097 3318 4161 διανοίας,
3349 4093 3526 4164 φωναὶ
3557 4089 3784 4161 πραεῖαί

533 4205 691 4263 εἰσιν,
737 4202 796 4254 ὲν
819 4194 901 4263 αἷς
931 4199 1190 4266 κρυπτῶς
1220 4199 1296 4267 τῷ
1337 4198 1567 4268 κρυπτῷ
1607 4197 1900 4268 ψίλλουσι.
1935 4217 1952 4250 ι
1994 4199 2101 4251 Καὶ
2128 4199 2279 4252 ἄλλοι
2327 4198 2383 4251 δὲ
2411 4197 2599 4250 πολλοὶ
2634 4195 2744 4248 τῶν
2791 4195 3093 4265 θεοφόρων,
3121 4194 3186 4247 ὲκ
3217 4193 3316 4261 τῆς
3347 4193 3574 4260 χάριτος
3604 4188 3782 4255 αὐτῆς

536 4298 697 4366 πείρᾳ
733 4295 1328 4364 μεμυσταγωγημένοι,
1361 4294 1588 4349 τοιαῦτα
1629 4294 1859 4348 πλεῖστα
1901 4293 2180 4361 θαύματος
2215 4293 2339 4359 ἀξια
2395 4290 2644 4356 ἐξέθεντο
2677 4303 2689 4318 ·
2727 4287 2868 4358 ἆπερ
2908 4287 3002 4339 xai.
3053 4285 3141 4338 διὰ
3175 4284 3236 4338 τδ
3271 4282 3368 4337 τοῦ
3398 4283 3560 4350 λόγου
3600 4297 3785 4350 μηκος

534 4393 818 4458 εἰάσαμεν.

533 4489 606 4539 ιιι
636 4496 851 4534 numero
881 4477 1297 4547 gettuﬂl'xionum
1334 4493 1422 4541 per
1455 4479 1682 4544 spitium
1727 4477 1883 4530 unius
1933 4476 2099 4528 noctis

645 4573 650 4579 ι
1215 4552 1439 4615 dicique.

612 4675 700 4729 59.
745 4665 818 4730 ut:
873 4688 1107 4728 numero
1171 4683 1351 4726 autent
1409 4671 1868 4744 geiiullexionum,
1904 4671 2108 4729 scimus

536 4768 755 4834 t.i-,;inta
791 4783 820 4820 a
852 4767 1053 4820 divinis
1110 4765 1358 4818 l‘atribus
1408 4755 1526 4818 esse
1562 4764 1926 4834 pra-scriptas,
1973 4780 2109 4832 quas

537 4875 631 4926 per
691 4858 867 4912 noctis
917 4856 1130 4926 dieique
1179 4857 1412 4920 spatium
1468 4857 1711 4924 quinque
1757 4857 2108 4910 hebdomadse

537 4950 729 5002 delius
761 4949 936 5001 facere
985 4963 1083 5001 nos
1118 4958 1350 5015 Oportet.
1405 4946 1618 4999 Etenin
1675 4947 1823 5001 omni
1873 4947 2110 5002 Sabbato

534 5051 591 5093 et
622 5041 768 5093 omni
804 5039 1105 5105 Dominica,
1135 5048 1188 5091 et
1220 5041 1382 5092 etiam
1443 5039 1566 5092 aliis
1598 5054 1663 5092 ex
1713 5041 2110 5094 consuetudine

538 5131 770 5201 signatis
819 5130 1012 5185 diebus
1044 5140 1097 5185 et
1135 5131 1510 5193 hebdomadis,
1557 5131 1709 5200 juxta
1777 5133 1999 5201 mystica
2059 5143 2115 5187 et

539 5239 734 5276 axcana
767 5223 1011 5288 oracula,
1051 5231 1110 5275 ut
1145 5223 1212 5275 ab
1243 5223 1308 5274 iis
1341 5222 1715 5278 abstineamus
1750 5225 1908 5278 nobis
1963 5239 2110 5293 pra:-

538 5317 760 5383 tipitur.
801 5314 940 5366 Sunt
971 5323 1150 5367 autem
1199 5314 1292 5382 qui
1350 5314 1496 5367 linuc
1547 5330 1829 5368 numerum
1886 5324 2113 5385 prater-

536 5407 882 5476 grcdiuutur.
915 5403 1148 5470 Quidam
1177 5420 1302 5458 vero
1330 5421 1452 5458 cum
1487 5421 1592 5458 non
1617 5409 1909 5476 attingunt,
1945 5422 2112 5461 unus-

537 5500 768 5567 quisque
799 5512 900 5566 pro
930 5495 1142 5550 viribus
1171 5506 1222 5548 et
1263 5496 1555 5551 voluntate.
1594 5498 1658 5550 Et
1689 5510 1742 5551 tu
1789 5499 1951 5567 igitur
2007 5502 2112 5564 lac,

539 5597 701 5656 prout
737 5587 960 5642 valebis.
1002 5587 1106 5642 Sed
1137 5597 1319 5643 tamen
1377 5603 1506 5642 vero
1553 5590 1746 5644 beatus
1796 5601 1880 5644 cst
1919 5591 2010 5660 qui
2059 5591 2111 5644 in

539 5675 796 5732 omnibus
829 5691 948 5748 quae
978 5675 1280 5732 secundum
1313 5677 1480 5735 Deum
1517 5689 1646 5737 sunt
1679 5681 1780 5736 sibi
1824 5681 1927 5737 \ini
1961 5685 2110 5738 intu-

2212 4481 2348 4548 Περὶ
2388 4481 2494 4550 τῆς
2545 4479 2695 4535 κατὰ
2738 4479 2804 4534 τὸ
2859 4475 3239 4556 νυχᾷἠμξρον
3297 4465 3633 4533 ποσότητος
3664 4465 3784 4518 τῶν

2773 4549 3196 4620 γονυκλισιῶν.

2278 4683 2376 4739 λο’.
2412 4683 2544 4754 Περὶ
2571 4683 2626 4736 δέ
2659 4699 2721 4750 γε
2773 4680 3070 4750 ποσότητος
3116 4675 3472 4746 γονυκλισιῶν
3498 4710 3514 4737 ,
3557 4687 3781 4742 τριακο-

2213 4778 2334 4841 σίας
2360 4777 2516 4846 ῐσμεν
2541 4778 2617 4845 τῷ
2635 4773 2872 4846 ἀριθμῷ,
2898 4773 2996 4834 τᾶς
3021 4774 3133 4834 τοῖς
3157 4771 3322 4832 θείοις
3347 4769 3508 4840 ἡμῶν
3537 4765 3782 4834 Πατράσι

2211 4868 2594 4939 διωρισμένας,
2636 4867 2700 4929 ἃς
2734 4868 2827 4918 καὶ
2855 4863 3143 4931 ὀφείλομεν
3190 4862 3362 4912 ποιεῖν
3385 4857 3516 4913 ,καθ’
3549 4857 3778 4909 ἕκαστον

2214 4961 2554 5030 νυχθήμερον
2608 4957 2716 5011 τῶν
2747 4957 2846 5026 τῆς
2883 4953 3177 5022 ἑϐδομάδος
3214 4951 3376 5004 πέντε
3406 4948 3661 5020 ἡμερῶν·
3689 4944 3784 4998 καὶ

2213 5054 2321 5125 γὰρ
2350 5056 2407 5106 ὲν
2438 5053 2600 5106 παντὶ
2622 5050 2905 5119 Σαὸὁᾶτῳ,
2937 5049 3032 5102 καὶ
3065 5047 3215 5118 πάσῃ
3254 5046 3532 5115 Κυριακῇ,
3562 5042 3652 5094 ναὶ
3679 5039 3782 5110 μὴν

2215 5149 2310 5201 καὶ
2340 5149 2394 5198 ἐν
2413 5146 2600 5208 ἄλλαις
2625 5145 2684 5209 ἐξ
2712 5144 2867 5205 ἔθους
2897 5139 3367 5210 σεσημειωμέναις
3402 5136 3662 5206 ἡμέραις,
3690 5129 3782 5182 καὶ

2214 5239 2277 5310 δὴ
2299 5239 2391 5291 καὶ
2417 5236 2697 5306 ἑϐδομάσι,
2727 5233 2866 5287 κατά
2890 5249 3042 5294 τινας
3079 5228 3373 5301 μυστικοῦς
3400 5227 3496 5279 καὶ
3541 5223 3781 5292 ἀπορῤή·

2215 5348 2340 5393 τους
2368 5330 2581 5396 λόγους,
2611 5325 2805 5397 σχολὴν
2827 5324 3034 5378 τούτων
3065 5324 3222 5390 ἄγειν
3247 5315 3632 5386 ὲντετάλμεθα.
3668 5311 3782 5366 Εἰσὶ

2220 5426 2402 5494 μέντοι
2458 5421 2604 5482 τινὲς
2674 5414 3093 5488 ὑπερϐαίνοντες
3141 5411 3328 5465 τοῦτον
3383 5411 3475 5462 τον
3531 5403 3777 5476 ἀριθμόν.

2221 5517 2393 5568 Ἔνιοι
2437 5514 2494 5566 δὲ
2547 5512 2642 5566 καὶ
2703 5507 3102 5577 ὑστερίζοντες,
3159 5505 3391 5566 ἕκαστος
3446 5498 3631 5561 καθὼς
3676 5497 3779 5566 ἔχει

2221 5604 2420 5674 ἰσχύος,
2453 5603 2484 5673 ἡ
2513 5601 2902 5672 προαιρέσεως.
2938 5598 3048 5650 Καὶ
3079 5597 3141 5649 σὺ
3173 5595 3352 5648 τοίνυν
3383 5590 3525 5644 ποίει
3557 5602 3781 5642 τοκατα-

2218 5697 2446 5765 δύναμιν
2463 5712 2474 5724 ο
2501 5694 2694 5766 μενοῦν
2715 5674 2777 5761 γε
2813 5692 3082 5763 μακάριος
3111 5687 3187 5758 τῷ
3205 5685 3340 5751 δντι,
3365 5684 3460 5736 καὶ
3481 5681 3640 5735 τοῦτο
3663 5678 3779 5732 πολ-
