4080 6206
382 311 480 371 ιιι)

1226 269 1570 368 ρΑιιῐετῐ
1599 307 1694 369 ET
1736 303 2034 367 IGNATII
2087 303 2779 371 XA‘N'ruopumnuu

3513 305 3619 366 70

381 423 493 490 qui,
520 419 792 490 perfectos
823 433 952 474 vero
984 419 1284 472 mulatione
1317 419 1518 472 liberos
1553 434 1677 472 esse
1707 425 1761 470 et
1787 427 1940 471 stare

2053 420 2217 483 Σύνες
2241 423 2415 474 ἐκεῖνο
2436 422 2516 484 τὸ,
2547 425 2626 486 εἰς
2653 423 2884 476 ἕκαστον
2908 437 2920 450 ·
2977 418 3059 476 ὅτι
3100 422 3196 475 καὶ
3239 424 3273 494 ἡ
3306 422 3490 492 φύσις,
3526 425 3624 492 μία

381 518 590 584 absque
647 512 862 568 defectu
929 512 984 566 in
1052 527 1161 564 uno
1216 512 1448 572 ordine,
1485 512 1645 579 longe
1675 509 1946 578 acupidis

382 604 640 658 sensibus
676 642 692 666 ,
740 611 797 656 ut
851 599 1091 656 Euchitze
1121 601 1330 663 dicunt,
1381 599 1500 654 ideo
1539 599 1668 654 illud
1700 599 1947 654 addidit:

379 699 433 751 in
462 710 793 764 unoquoque.
825 692 1111 759 Quomodo
1143 693 1308 762 igitur
1357 691 1508 756 illud,
1557 707 1590 744 ο
1632 691 1852 755 Macari,
1877 692 1951 745 si-

383 788 586 840 militer
639 797 695 840 tu
730 771 920 840 dicis':
962 785 1155 853 frigus,
1190 794 1244 837 et
1280 785 1440 852 paulo
1469 793 1612 852 post,
1644 792 1812 838 aestus
1844 799 1860 840 :
1892 791 1950 838 et

387 879 648 931 similiter
676 876 885 946 grando
912 914 928 940 ,
959 886 1014 929 et
1047 877 1206 944 paulo
1233 884 1356 944 post
1387 874 1774 943 tranquillitas.
1804 873 1869 928 Et
1894 873 1946 927 in

382 972 487 1023 vita
519 977 705 1022 nostra
735 969 811 1020 ita
845 967 902 1020 ﬁt
931 987 942 1021 :
976 965 1176 1019 bellum
1235 981 1297 1020 ac
1329 965 1520 1034 gratiae
1575 967 1836 1034 receptio,
1893 973 1949 1020 et

381 1063 436 1115 in
486 1071 728 1127 tempore
772 1058 952 1112 anima
997 1059 1050 1111 in
1087 1067 1411 1127 tempestate
1449 1057 1612 1126 jacet,
1639 1064 1694 1111 et
1736 1057 1790 1111 in
1828 1071 1948 1110 eam

379 1155 671 1224 insurgunt
697 1151 959 1206 horrendi
992 1149 1210 1204 fluctus.
1248 1149 1304 1202 Et
1353 1165 1571 1204 rursum
1608 1151 1666 1202 lit
1698 1150 1945 1208 mutatio.

381 1246 558 1314 gratia
604 1253 922 1313 protegente
977 1251 1031 1295 et
1081 1257 1174 1296 cor
1206 1243 1536 1312 adimpleute
1569 1242 1751 1294 latitia
1783 1249 1836 1294 et
1867 1239 1947 1291 di-

381 1339 505 1390 vina
535 1353 690 1406 pace,
715 1347 769 1391 et
797 1336 1158 1405 prudentibus
1183 1351 1245 1389 ac
1268 1335 1509 1404 pacilicis
1529 1334 1798 1389 censiliis.
1825 1331 1950 1387 llaec

385 1430 688 1499 prudentiae
719 1429 944 1484 consilia
980 1430 1051 1483 ita
1093 1430 1282 1490 nectit,
1326 1429 1662 1483 bortanscos
1683 1429 1772 1497 qui
1799 1429 1949 1497 prius

391 1522 536 1576 liruti
572 1537 636 1575 ac
690 1523 891 1591 impuri
924 1530 1103 1586 erant,
1138 1531 1191 1574 ct
1234 1536 1328 1575 eos
1358 1522 1553 1575 excitat
1583 1523 1802 1576 dicens:
1842 1541 1860 1574 ι
1891 1522 1946 1576 Si

383 1615 549 1681 igitur
575 1626 700 1684 post
728 1616 839 1668 btec
866 1613 1158 1682 prudentia
1193 1623 1243 1666 et
1267 1613 1555 1668 clementia
1585 1614 1836 1677 consilia,
1859 1629 1945 1668 se-

383 1715 586 1774 quatur
616 1706 919 1768 calamitas,
945 1720 1010 1758 ne
1033 1705 1314 1758 tristemur
1330 1719 1508 1771 neque
1523 1704 1897 1773 desperemus.
1924 1724 1942 1757 ι

387 1799 448 1850 Et
485 1798 538 1850 in
578 1799 764 1864 gratia:
809 1813 1024 1850 rursum
1063 1797 1270 1863 quiete,
1315 1810 1384 1848 ne
1419 1795 1819 1864 superbiamus,
1855 1795 1950 1850 sed

382 1889 580 1944 ltetitize
641 1901 928 1956 tempore.
992 1887 1334 1940 aﬂlictionem
1409 1886 1743 1953 accipiamus
1791 1925 1804 1939 .
1886 1887 1947 1940 Et

380 1997 613 2051 pergens
643 1998 656 2035 :
698 1999 716 2031 ι
759 1980 908 2034 Scito
933 1995 1123 2034 omnes
1149 1990 1370 2034 sanctos
1397 1979 1448 2031 in
1486 1979 1587 2032 bac
1620 1979 1938 2047 operatione

382 2075 574 2128 fuisse.
608 2073 888 2139 Quantum
923 2074 974 2125 in
1014 2073 1116 2127 boc
1151 2073 1353 2126 mundo
1378 2086 1588 2136 sumus,
1620 2079 1672 2123 et
1700 2069 1951 2124 consola.

383 2169 460 2221 tio
487 2183 610 2221 cum
653 2165 1044 2220 afﬂictionibus
1091 2164 1249 2217 nobis
1310 2162 1572 2216 abundat.
1609 2161 1734 2215 ldeo
1763 2159 1949 2230 quoti-

383 2261 470 2312 die
514 2268 569 2310 ct
611 2258 756 2311 omni
809 2256 959 2309 bone
1002 2272 1030 2308 a
1076 2255 1227 2309 vobis
1262 2255 1524 2323 quaritur
1553 2253 1720 2308 divini
1749 2252 1953 2305 amoris

2052 513 2215 565 ἐστίν.
2245 513 2362 566 Ἵνα
2385 514 2493 584 γὰρ
2517 515 2590 584 μὴ
2620 515 2850 586 νομίσῃς
2880 516 2963 569 ὅτι
2999 514 3130 581 περὶ
3156 514 3266 568 τῶν
3303 515 3626 568 ὑποδεεστέ-

2055 621 2163 673 ρων
2197 605 2290 656 καὶ
2319 589 2831 676 ἐλαχίστων’μόνων
2880 600 3027 671 εἶπε,
3059 605 3156 658 καὶ
3180 606 3229 658 οἱ
3249 606 3444 659 τέλειοι
3471 607 3624 660 ἐλεύ-

2050 695 2198 766 θεροι
2253 699 2354 768 τῆς
2412 698 2774 763 ἀλλοιώσεως,
2827 698 2923 752 καὶ
2974 699 3033 752 ἐν
3071 700 3171 770 μιᾷ
3211 699 3364 764 τάξει
3388 701 3625 761 ἀκλινῶς

2050 786 2296 842 ἵστανται
2345 781 2510 852 οὗτοι,
2572 790 2743 859 χωρὶς
2799 789 3067 859 ἐμπαθῶν
3113 790 3409 858 λογισμῶν,
3441 793 3624 857 καθὼς

2048 878 2142 930 καὶ
2169 879 2217 930 οἱ
2251 879 2473 948 Εύχτται
2497 879 2740 947 λέγουσι,
2767 879 2856 933 διὰ
2886 879 3046 934 τοῦτο
3077 881 3240 950 ἔθηκε
3271 884 3352 948 τὸ,
3385 885 3462 946 είς
3491 885 3623 938 ἐκα-

2051 983 2196 1021 στον.
2225 967 2347 1032 Πῶς
2369 968 2462 1022 οὖν
2495 969 2674 1034 τοῦτο,
2711 962 2756 1022 ὦ
2784 971 3040 1040 Μακάριε
3064 987 3080 1038 ;
3114 972 3304 1042 Ὅμως
3328 974 3392 1026 σὺ
3421 973 3620 1042 λέγεις,

2047 1059 2109 1110 τὸ
2135 1057 2326 1128 ψύχος,
2356 1061 2450 1112 καὶ
2475 1061 2612 1130 μετά
2644 1061 2860 1130 μικρὸν,
2889 1060 3109 1116 καύσων
3129 1078 3143 1093 ο
3174 1065 3271 1116 καὶ
3293 1064 3424 1126 ἴσως
3452 1065 3620 1134 χάλαο

2049 1149 2151 1213 ζα·
2207 1151 2300 1203 καὶ
2355 1151 2472 1220 μετ’
2524 1151 2723 1220 ὀλίγον,
2766 1152 2939 1206 εὐδία.
2987 1153 3098 1207 Καὶ
3158 1155 3218 1206 ἐν
3251 1155 3317 1224 τῇ
3346 1157 3622 1224 γυμνασία

2045 1239 2225 1309 ἡμῶν,
2277 1239 2420 1294 οὕτω
2469 1243 2710 1309 γίνεται·
2748 1243 3004 1307 πόλεμος,
3065 1244 3160 1297 καὶ
3205 1245 3489 1315 ἀντίληψις
3521 1247 3621 1315 τῆς

2046 1326 2267 1396 χάριτος
2295 1345 2308 1358 ο
2351 1330 2444 1381 καὶ
2473 1331 2529 1381 ἐν
2551 1330 2747 1400 καιρῷ,
2778 1331 2988 1398 γίνεται
3020 1333 3052 1402 ἡ
3091 1331 3236 1402 ψυχὴ
3260 1335 3316 1384 ἐν
3354 1335 3582 1402 χειμῶνι
3603 1352 3617 1366 ·

2046 1420 2140 1471 καὶ
2193 1419 2580 1473 ἐπανίστανται
2632 1421 2720 1473 ἐπ’
2765 1421 2935 1491 αὐτὴν
2969 1423 3190 1493 κύματα
3249 1426 3479 1493 σκληρά.
3509 1428 3620 1480 Καὶ

2045 1508 2208 1561 πάλιν
2251 1508 2553 1572 ἀλλοίωσις,
2608 1509 3083 1581 ἐπισκεπτομένης
3109 1513 3208 1583 τῆς
3257 1515 3498 1583 χάριτος,
3525 1524 3619 1570 καὶ

2046 1599 2356 1669 πληρούσης
2394 1601 2492 1671 τὴν
2520 1600 2748 1669 καρδίαν
2777 1601 2966 1668 αὐτοῦ,
3002 1607 3177 1676 χαρᾶς
3231 1623 3289 1658 τε
3339 1609 3431 1660 καὶ
3463 1611 3616 1678 εἰρήο

2045 1707 2142 1760 νης
2159 1693 2253 1760 τῆς
2280 1692 2387 1743 ἀπὸ
2430 1692 2524 1744 τοῦ
2562 1692 2702 1746 Θεοῦ
2725 1710 2738 1724 ·
2776 1697 2872 1748 καὶ
2901 1695 3178 1765 λογισμῶν
3203 1698 3493 1767 σωφρόνων
3522 1703 3618 1753 καὶ

2045 1778 2336 1847 εἰρηνικῶν
2354 1799 2365 1810 ο
2392 1780 2614 1844 τούτους
2635 1782 2759 1842 τοὺς
2811 1782 3108 1851 λογισμοὺς
3136 1785 3235 1853 τῆς
3267 1785 3618 1856 σωφροσύνης

2045 1871 2288 1938 ἐκφαίνει
2309 1865 2430 1936 ὧδε,
2459 1873 2830 1942 αἰνιττόμενος
2865 1875 2991 1937 τοὺς
3029 1875 3135 1943 πρὸ
3160 1874 3373 1936 τούτου,
3407 1877 3617 1944 κτηνὼο

2044 1960 2154 2023 δεις
2188 1961 2368 2027 ὄντας,
2424 1966 2528 2032 καὶ,
2576 1963 2937 2032 ἀκαθάρτους.
2977 1966 3085 2018 Καὶ
3118 1969 3374 2032 παραινεί
3407 1967 3578 2033 λέγων
3600 1986 3612 1998 -

2052 2071 2070 2103 ι
2114 2054 2239 2106 Ἐὰν
2263 2049 2354 2106 οὖν
2375 2054 2513 2117 μετά
2541 2055 2761 2118 τούτους
2784 2057 2910 2118 τοὺς
2940 2056 3230 2125 λογισμοὺς
3247 2060 3368 2120 τοὺς
3398 2059 3613 2129 σώφρο-

2047 2161 2164 2208 νας,
2191 2146 2285 2196 καὶ
2314 2148 2592 2210 ἐπιεικεῖς,
2649 2147 2914 2216 ἀκολουθῇ
2950 2149 3204 2216 ἐπιφορὰ,
3246 2150 3319 2217 μὴ
3352 2149 3614 2219 λυπηθὼ-

2047 2252 2146 2305 μεν
2165 2236 2258 2289 καὶ
2288 2238 2634 2306 ἀπογνῶμεν.
2663 2257 2678 2288 ι
2706 2238 2812 2291 Ka‘t
2838 2240 2895 2290 ἐν
2919 2242 2983 2308 τῇ
3007 2239 3124 2309 ὥρᾳ
3143 2240 3238 2306 τῆς
3260 2240 3617 2305 ἀναπαύσεως

385 2348 634 2418 probatio
684 2349 737 2400 in
787 2345 1086 2400 certamine
1130 2357 1187 2398 et
1214 2359 1390 2414 pugna
1417 2345 1954 2398 atIVersustentatio-

2045 2324 2139 2392 τῆς
2191 2323 2431 2393 χάριτος,
2491 2325 2566 2394 μὴ
2601 2327 3008 2395 καυχησώμεθα
3071 2328 3252 2392 πάλιν,
3308 2330 3420 2382 ἀλλ’
3452 2332 3508 2382 ἐν
3541 2333 3618 2400 τῷ

380 2459 480 2497 nes
515 2460 529 2496 :
562 2457 684 2510 qua:
733 2448 818 2493 est
863 2452 956 2492 vos
988 2451 1093 2490 non
1130 2437 1361 2501 tristari,
1397 2450 1570 2504 neque
1605 2435 1946 2504 negligentes

386 2550 510 2588 esse
544 2533 597 2586 in
629 2533 945 2586 certamine.
971 2533 1148 2598 Atque
1201 2529 1274 2582 ita
1329 2527 1584 2596 dirigitur
1618 2527 1700 2581 via
1736 2537 1943 2581 vestra.

378 2627 482 2693 Qui
535 2633 715 2678 autem
756 2623 871 2676 vult
923 2637 987 2677 ex
1027 2621 1113 2676 bis
1151 2620 1308 2690 dejici
1337 2630 1390 2673 et
1413 2619 1614 2696 abphac
1652 2619 1950 2682 declinare.

382 2724 428 2774 is
486 2727 568 2771 est
624 2731 752 2786 pars
813 2716 1103 2784 luporum.
1157 2730 1177 2764 ι
1242 2711 1286 2767 Ο
1339 2711 1509 2766 mirus
1559 2712 1662 2766 viri
1725 2713 1948 2766 sermo!

386 2809 674 2878 Quomodo
722 2805 913 2875 paucis
949 2805 1128 2858 verbis
1194 2802 1476 2858 oraculum
1521 2802 1654 2857 illud
1689 2802 1948 2868 firmavit,

381 2905 624 2971 illudque
672 2914 834 2954 sensu
903 2897 1121 2968 plenum
1155 2896 1397 2951 ostendit
1428 2910 1492 2949 ac
1523 2894 1760 2963 perfecte
1792 2895 1952 2950 dubi~

382 2997 644 3050 tationem
676 3007 740 3046 ex
771 2990 1000 3060 legentis
1029 2998 1206 3043 mente
1227 2988 1453 3057 repulit!
1486 3006 1505 3038 ι
1531 3017 1601 3026 -
1629 3005 1647 3039 ι
1678 2987 1770 3042 Ille
1802 3003 1951 3054 vero,

2043 2414 2222 2492 καιρῷ
2273 2416 2370 2484 τῆς
2427 2416 2620 2484 χαρᾶς,
2681 2415 3037 2486 ἐκδεξώμεθα
3108 2419 3209 2488 τὴν
3273 2418 3470 2488 θλίψιν.
3509 2423 3616 2474 Καὶ

2044 2509 2249 2575 προϊών
2273 2522 2289 2538 ο
2329 2524 2346 2556 ι
2390 2506 2562 2558 Γνῶθι
2597 2507 2678 2558 ὅτι
2712 2507 2912 2569 πάντες
2963 2509 3009 2560 oi
3034 2507 3176 2574 ἅγιοι
3221 2510 3278 2560 ἐν
3316 2509 3489 2578 τούτῳ
3540 2511 3617 2578 τῷ

2047 2599 2193 2668 ἔργῳ
2223 2599 2492 2663 ἐγένοντο.
2520 2598 2684 2676 Ὥσον
2711 2598 2874 2667 ἐσμὲν
2907 2600 2964 2650 ἐν
2993 2597 3068 2667 τῷ
3098 2599 3286 2668 κόσμῳ
3309 2599 3501 2670 τούτῳ,
3521 2603 3615 2653 καὶ

2047 2691 2080 2758 ἡ
2114 2687 2456 2757 παράκλησις
2481 2689 2514 2757 ἠ
2547 2689 2802 2758 περισσὴ,
2840 2688 2980 2758 μετὰ
3010 2691 3212 2742 τούτων
3248 2690 3457 2757 γίνεται
3487 2695 3616 2762 ἡμῖν

2043 2781 2102 2832 ἐν
2131 2777 2208 2848 τῷ
2242 2777 2489 2849 κρυπτῷ.
2535 2779 2680 2831 Διότι
2731 2781 2788 2832 ἐν
2823 2780 2971 2850 πάσῃ
3014 2781 3220 2850 ἡμέρᾳ,
3247 2781 3342 2834 καὶ
3372 2783 3428 2834 ἐν
3469 2785 3616 2857 πάσῃ

2043 2869 2180 2939 ὥρᾳ,
2209 2871 2515 2940 ἐκζητεῖται
2548 2869 2676 2940 παρ’
2712 2871 2873 2941 ἡμῶν
2909 2873 2942 2942 ὴ
2977 2871 3176 2942 δοκιμὴ
3198 2875 3296 2944 τῆς
3328 2874 3464 2944 πρὸς
3486 2877 3616 2928 Θεὸν

2042 2961 2261 3031 ἀγάπης
2287 2961 2464 3032 ἡμῶν,
2492 2964 2549 3014 ἐν
2583 2963 2727 3034 πάλῃ
2755 2964 2848 3015 καὶ
2874 2962 3066 3030 ἀγῶνι,
3105 2967 3238 3032 πρὸς
3273 2968 3397 3028 τοὺς
3427 2983 3619 3037 πειρα-

380 3084 474 3146 ait,
549 3081 638 3149 qui
699 3095 765 3132 ex
830 3079 915 3131 bis
965 3075 1201 3130 declinat
1225 3088 1279 3130 et
1310 3091 1438 3146 pars
1471 3076 1719 3146 luporum
1777 3076 1955 3133 factus

2045 3056 2233 3126 σμούς.
2272 3057 2378 3110 Καὶ
2400 3053 2556 3106 τοῦτό
2588 3057 2703 3106 ἐστι
2729 3054 2787 3107 τὸ
2816 3054 2890 3124 μὴ
2916 3055 3208 3108 λυπεῖσθαι
3255 3058 3424 3125 ἡμᾶς,
3452 3059 3509 3111 τὸ
3543 3062 3616 3130 μὴ

379 3186 487 3237 est,
535 3173 588 3226 in
644 3172 788 3224 invio
815 3169 929 3223 vult
966 3168 1238 3234 incedere,
1266 3177 1320 3221 et
1359 3168 1412 3222 in
1440 3183 1539 3222 sua
1565 3179 1744 3223 mente
1769 3171 1950 3239 posuit

2045 3149 2274 3218 ἀκηδιᾷν
2305 3146 2382 3216 τῷ
2429 3145 2620 3213 ἀγῶιι.
2655 3146 2764 3199 Καὶ
2804 3146 2947 3199 οὓτω
3005 3149 3454 3219 κατευθύνεταιή
3502 3152 3615 3213 ὁδὸς

381 3280 500 3318 eam
533 3269 730 3314 sortem
768 3259 970 3312 habere
997 3296 1014 3321 ,
1047 3267 1100 3312 et
1141 3256 1194 3310 in
1242 3257 1479 3326 propriis
1510 3258 1739 3322 semitis,
1770 3275 1875 3313 non
1907 3275 1939 3313 a

379 3352 633 3406 Patribus
683 3349 1017 3406 conculcatis
1081 3348 1195 3402 vult
1258 3348 1552 3403 incedere.
1591 3371 1609 3400 ι
1675 3349 1741 3404 Ει
1789 3351 1947 3419 paulo

382 3453 594 3515 pusl:¢
641 3442 931 3497 llumilitas
995 3441 1116 3496 sine
1163 3442 1442 3510 operibus,
1498 3442 1668 3497 multa
1702 3443 1943 3498 admittit

381 3544 602 3605 peccata
641 3549 847 3603 :opera
886 3547 1012 3587 vero
1043 3534 1164 3588 sine
1186 3533 1520 3601 humilitate,
1561 3550 1790 3604 prorsus
1822 3536 1946 3589 inu-

381 3629 493 3681 tilia
515 3639 661 3680 sunt.
705 3645 723 3678 ι
762 3627 825 3678 Ει
880 3627 1041 3694 paulo
1091 3635 1260 3694 post:
1306 3643 1325 3678 ι
1372 3625 1838 3692 Quemadmodum
1867 3630 1946 3684 sal

380 3722 522 3783 cibo,
579 3719 650 3771 ita
713 3717 990 3770 humilitas
1036 3717 1185 3770 omni
1212 3717 1406 3772 virtuti
1438 3734 1453 3782 ;
1482 3727 1535 3772 et
1563 3720 1668 3772 vim
1699 3722 1944 3774 omnium

382 3819 728 3875 peccatorum
779 3824 843 3864 ea
889 3818 1068 3878 potest
1124 3819 1447 3876 conterere;
1502 3811 1638 3865 ultra
1690 3825 1809 3866 eam
1855 3829 1946 3867 ne-

381 3915 533 3952 ci'ssc
561 3906 644 3952 est
671 3909 728 3951 ut
761 3898 1131 3953 indesinenter
1160 3901 1460 3954 secundum
1496 3910 1730 3956 mentem
1765 3907 1946 3958 triste-

383 4007 508 4043 mur
551 3993 606 4043 in
655 3990 1032 4044 buiniliatione
1063 4003 1117 4044 et
1143 4008 1373 4048 mterore
1404 3994 1809 4063 dijudicationis
1841 4013 1856 4061 ;
1895 4007 1947 4050 ct

381 4099 498 4134 σ-ωιι
535 4083 579 4136 si
612 4082 992 4151 possideamus
1012 4082 1150 4136 filios
1180 4082 1272 4137 Dei
1303 4100 1401 4139 nos
1427 4086 1588 4141 ellicit
1623 4103 1638 4150 ;
1667 4097 1718 4141 et
1741 4089 1948 4159 absque

383 4175 541 4227 bonis
595 4174 855 4242 operibus
890 4187 990 4226 nus
1027 4183 1246 4243 praestat
1296 4176 1437 4242 Deo;
1477 4179 1660 4246 itaque
1685 4179 1804 4233 sine
1833 4180 1942 4246 illa,

383 4267 564 4319 ouuiia
613 4281 778 4335 opera
835 4277 1024 4322 nostra
1061 4283 1194 4321 varia
1242 4281 1388 4332 sunt,
1417 4282 1473 4325 et
1500 4287 1689 4327 Omnes
1719 4273 1948 4329 virtutes

381 4367 434 4410 et
462 4373 651 4412 omnes
695 4360 1062 4426 Operationes.
1090 4360 1355 4415 (Leterttm
1389 4365 1735 4434 cogitationis
1769 4379 1946 4421 muta-

383 4451 584 4503 tionem
616 4449 725 4503 vult
752 4451 912 4506 Deus.
953 4470 970 4501 ι
1007 4449 1107 4504 Et:
1150 4471 1166 4504 ι
1207 4452 1380 4510 Mente
1416 4457 1668 4513 meliores
1712 4462 1944 4514 fiamus:
1983 4491 2028 4549 υ

387 4541 456 4592 lia
479 4541 590 4593 sola
625 4550 802 4608 potest
833 4557 933 4595 nos
959 4543 1161 4612 absque
1179 4544 1382 4600 auxilio
1401 4561 1580 4602 coram
1613 4549 1720 4606 Deo
1743 4561 1950 4606 statue-

391 4649 468 4692 lt‘,
496 4643 546 4684 ct
585 4648 681 4699 pro
714 4633 870 4688 nobis
897 4634 1066 4704 loqui.
1119 4654 1137 4686 ›
1180 4635 1317 4689 Dicit
1346 4639 1562 4694 adhuc:
1600 4659 1618 4691 ι
1651 4639 1801 4699 Dixit
1829 4645 1951 4713 qui-

387 4724 507 4775 dam
543 4733 896 4778 Sanctorum:
953 4741 1076 4780 cum
1127 4732 1502 4796 supervenerit
1552 4733 1646 4786 tibi
1678 4737 1949 4805 superbiae

385 4829 606 4879 sensus,
663 4814 854 4868 dicens
897 4815 1028 4870 tibi:
1067 4817 1340 4874 Memento
1394 4823 1650 4880 virtutum
1703 4836 1944 4897 tuarum,

383 4906 472 4960 dic
529 4907 728 4973 Senex,
768 4907 975 4976 inspice
1006 4919 1150 4964 tuam
1179 4913 1611 4972 fornicationem.
1643 4938 1662 4970 ι

2043 3240 2220 3312 ἡμῶν.
2267 3239 2325 3292 '0
2357 3238 2602 3306 8's_0éltov
2649 3239 2714 3291 ἐκ
2761 3238 2962 3290 τούτων
2997 3241 3362 3310 τραπῆναι,ἢ
3417 3242 3613 3304 κλῖναι,

2043 3325 2198 3394 οὗτος
2224 3330 2331 3383 τῶν
2361 3329 2537 3382 λύκων
2566 3329 2729 3399 μέρος
2754 3329 2923 3382 ἐστίν.
2960 3349 2977 3380 ι
3019 3331 3082 3382 Ὢ
3117 3330 3301 3398 θαῦμα
3331 3333 3393 3384 ἐκ
3429 3333 3615 3384 τούτου

2041 3423 2137 3478 τοῦ
2186 3424 2373 3492 ἀγίουί
2441 3422 2562 3484 [Ιῶς
2611 3422 2668 3474 ἐν
2706 3419 2852 3490 λόγῳ
2909 3422 3110 3492 μικρῷ,
3163 3423 3460 3476 ἐϐεϐαίωσε
3517 3427 3617 3494 τὴν

2041 3516 2239 3588 χρῆσιν
2275 3513 2500 3584 ταύτην,
2531 3515 2625 3566 καὶ
2659 3513 2938 3579 ἀπέδειξεν
2961 3513 3129 3584 αὐτὴν
3176 3514 3614 3584 πεπληρωμένην

2043 3608 2329 3670 συνέσεως,
2362 3606 2457 3658 καὶΙ
2503 3604 2724 3671 ἐξέϐαλε
2749 3604 2840 3657 τὸν
2867 3604 3162 3674 δισταγμὸν
3185 3605 3400 3667 τελείως
3425 3608 3487 3657 ἐκ
3516 3607 3614 3675 τῆς

2041 3699 2278 3758 διανοίας
2311 3697 2406 3750 τοῦ
2424 3695 2917 3764 ἀναγινώσκοντοςί
2949 3712 2968 3745 ι
3018 3694 3252 3757 Ἐκεῖνος
3268 3695 3344 3760 δὲ,
3371 3698 3554 3764 φησὶν,
3585 3699 3613 3748 ὁ

2043 3790 2303 3843 ἐκκλίνων
2337 3791 2401 3841 ἐκ
2453 3789 2676 3850 τούτων,
2730 3789 2826 3840 καὶ
2865 3786 3031 3856 μέρος
3065 3787 3172 3838 τῶν
3204 3787 3382 3838 λύκων
3413 3786 3509 3850 ὣν,
3553 3791 3610 3840 ἐν

2042 3886 2139 3955 οὐχ
2175 3883 2280 3952 ὁδῷ
2321 3882 2464 3934 θέλει
2511 3881 2862 3952 πορεύεσθαι,
2915 3881 3009 3934 καὶ
3051 3879 3209 3932 τοῦτο
3238 3879 3432 3948 ἔθηκεν
3458 3882 3516 3932 ἐν
3547 3884 3610 3950 τῇ

2041 3977 2248 4046 διανοίᾳ
2277 3974 2440 4028 αὐτοῦ
2473 3974 2800 4041 κτήσασθαι,
2833 3974 2930 4028 καὶ
2952 3975 3009 4027 ἐν
3035 3973 3204 4043 τρίὸῳ
3230 3973 3393 4043 ίδικῇ,
3439 3977 3505 4042 τῇ
3539 3975 3613 4042 μὴ

2043 4067 2348 4140 πατηθείσῃ
2373 4068 2476 4120 ὑπο
2509 4066 2616 4119 τῶν
2644 4066 2922 4136 Πατέρων,
2947 4064 3270 4135 πορεύεσθαι
3307 4064 3607 4133 βούλεται..

2043 4164 2153 4217 Καὶ
2183 4161 2322 4230 μετὰ
2355 4159 2550 4230 μικρόν
2574 4175 2589 4192 ο
2629 4177 2648 4210 ι
2700 4158 2764 4210 Ἦ
2795 4157 3148 4219 ταπείνωσις,
3186 4157 3277 4208 καὶ
3317 4156 3485 4226 χωρὶς
3525 4157 3614 4225 ἔρ-

2041 4270 2176 4323 γων,
2229 4253 2398 4305 πολλά
2447 4252 2722 4321 συγχωρεῖ
2783 4248 3275 4320 πλημμελήματα·
3334 4248 3507 4300 ταῦτα
3535 4247 3612 4309 δὲ,

2042 4347 2212 4418 χωρὶς
2253 4346 2443 4411 αὐτῆς,
2475 4343 2788 4410 ἐξεναντίας
2821 4341 3071 4410 ἀνωφελῆ
3102 4343 3227 4394 εἱσι.
3286 4359 3304 4391 ι
3344 4341 3450 4392 Ka‘t
3479 4340 3614 4408 μετὰ

2045 4439 2216 4512 βραχύ
2242 4455 2256 4471 °
2291 4456 2308 4489 ι
2341 4437 2606 4506 Καθάπερ
2640 4436 2772 4498 ἃλας
2799 4439 2864 4507 τῇ
2893 4438 3088 4504 τροφῇ,
3140 4433 3314 4495 οὕτως
3355 4434 3386 4503 ἡ
3422 4433 3614 4484 ταπείο

2042 4551 2208 4596 νωσις
2235 4533 2382 4602 πάσῃ
2411 4533 2576 4601 ἀρετῇ
2599 4547 2612 4559 ο
2645 4530 2739 4582 καὶ
2765 4529 2916 4598 ἰσχὺν
2952 4527 3164 4580 πολλῶν
3201 4525 3616 4593 ἁμαρτημάτων

2041 4625 2182 4692 αὕτη
2214 4624 2436 4677 δύναται
2479 4621 2801 4692 συντρίψαι⁶
2828 4621 2964 4691 ὑπὲρ
2993 4620 3194 4686 ταύτης
3232 4617 3420 4670 λοιπὸν
3461 4615 3616 4686 χρεία

2041 4716 2138 4772 τοῦ
2167 4715 2450 4769 λυπεῖσθαι
2472 4714 2828 4776 ἀδιαλείπτως
2863 4713 3002 4766 κατά
3036 4711 3297 4772 διάνοιαν,
3340 4709 3397 4760 ἐν
3421 4724 3582 4760 ταπει

2045 4812 2223 4880 νότητι
2245 4850 2258 4870 ,
2295 4809 2390 4862 καὶ
2417 4810 2474 4860 ἐν
2503 4809 2568 4877 τῇ
2592 4806 2740 4878 λύπῃ
2768 4806 2866 4872 τῆς
2890 4803 3216 4873 διακρίσεως
3237 4817 3252 4832 ·
3289 4802 3380 4852 καὶ
3411 4799 3614 4866 ταύτην

2048 4900 2141 4952 ἐὰν
2168 4895 2522 4966 κτησώμεθα,
2555 4897 2703 4956 υίοὺς
2725 4896 2872 4964 ἡμᾶς
2896 4897 3039 4946 ποιεῖ
3066 4893 3159 4946 τοῦ
3187 4891 3321 4944 Θεοῦ
3345 4908 3356 4921 ·
3389 4891 3482 4941 καὶ
3509 4907 3614 4958 χω·

378 4999 458 5065 ρὶς
488 4999 666 5068 ἔργων
702 4999 925 5068 ἀγαθῶν
963 5002 1205 5072 παριστᾷ
1239 5003 1384 5072 ἡμᾶς
1427 5001 1502 5070 τῷ
1538 5003 1656 5073 Θεῷ
1691 5017 1706 5033 ο
1738 5003 1870 5056 δ.ότι
1925 5003 2091 5072 χωρὶς
2123 5002 2350 5072 ταύτης,
2402 5002 2584 5056 πάντα
2613 5001 2680 5054 τὰ
2720 5002 2857 5071 ἔργα
2891 4999 3051 5070 ἡμῶν
3107 4997 3317 5068 μάταιά
3352 4997 3484 5060 τίσι,
3522 4995 3622 5046 καὶ

379 5095 547 5149 πᾶσαι
577 5097 632 5147 αἱ
666 5096 882 5166 ἀρεταί,
909 5100 1002 5151 καὶ
1041 5100 1211 5152 πᾶσαι
1242 5101 1297 5152 αἱ
1332 5099 1614 5170 ἐργασίαι.
1653 5101 1858 5152 Λοιπὸν
1888 5101 1988 5169 τὴν
2030 5099 2318 5153 ἀλλοίωσιν
2347 5099 2449 5170 τῆς
2500 5097 2742 5161 διανοίας
2787 5096 2932 5151 θέλει
2960 5098 2988 5148 ὁ
3028 5094 3185 5157 Θεός.
3224 5112 3242 5144 ι
3284 5093 3393 5146 Καί
3418 5109 3433 5122 ο
3475 5111 3492 5144 ι
3529 5090 3623 5144 Ἕν

379 5193 583 5263 Statu-oi;
632 5193 993 5265 βελτιούμεθα
1021 5213 1036 5226 ο
1086 5196 1354 5266 αύταρκεῖ
1404 5195 1542 5265 αὕτη
1582 5197 1718 5266 μόνη
1765 5195 2090 5266 ἀϐοηθήτως
2127 5197 2380 5248 ἵστασθαι
2430 5194 2664 5250 ἐνώπιον
2716 5193 2813 5247 τοῦ
2861 5193 2995 5246 Θεοῦ
3031 5208 3046 5222 ·
3082 5193 3176 5244 καὶ
3223 5189 3411 5243 λαλεῖν
3474 5189 3617 5254 ὑπὲρ

378 5288 558 5355 ἡμῶν.
595 5307 616 5340 ι
659 5289 778 5341 Ἔτι
813 5289 977 5357 φησίν
1004 5305 1018 5320 ο
1076 5285 1211 5342 Εῐπέ
1263 5307 1346 5351 τις
1395 5289 1505 5342 τῶν
1546 5290 1720 5357 ἁγίων
1747 5306 1762 5320 ο
1804 5291 1975 5344 Ὅταν
2028 5289 2156 5359 ἔλθῃ
2210 5307 2290 5342 σοι
2321 5293 2345 5342 ὁ
2380 5275 2641 5360 λογισμὸς
2687 5289 2787 5359 τῆς
2833 5284 3242 5359 ὑπερηφανίας⁹
3293 5282 3474 5349 λέγων
3512 5296 3619 5343 σοι,

360 5387 772 5456 Μνημόνευσον
801 5386 907 5438 τῶν
936 5387 1150 5455 ἀρετῶν
1184 5403 1298 5450 σου,
1333 5387 1454 5438 εἰπέ
1486 5402 1500 5416 ο
1536 5387 1720 5454 Γέρον,
1753 5385 1916 5456 βλέπε
1949 5386 2045 5456 τὴν
2071 5387 2335 5456 πορνείαν
2370 5405 2487 5444 σου.
2521 5405 2539 5438 ι

588 5495 662 5550 De
705 5497 1029 5565 paenitentia,
1058 5498 1291 5566 puritate
1321 5508 1367 5552 et
1392 5492 1726 5567 perfectione.

2051 5499 2189 5567 Περὶ
2240 5501 2572 5565 μετανοίας,
2627 5499 3028 5567 καθαρότητος
3072 5495 3168 5550 καί
3229 5495 3622 5561 τελειότητος.

448 5613 537 5666 44.
564 5613 756 5669 Omnis
782 5630 976 5670 cursus
1000 5614 1269 5684 perfectio
1307 5615 1356 5667 in
1394 5614 1476 5668 bis
1528 5615 1700 5667 tribus
1731 5623 1812 5668 est
1844 5629 1857 5664 :
1889 5611 1940 5665 in

2127 5614 2232 5685 μδ’.
2266 5615 2551 5684 Τελειὸτης
2581 5614 2783 5676 παντὸς
2809 5613 3033 5683 δρόμου,
3090 5614 3147 5664 ἐν
3181 5613 3294 5673 τοῖς
3322 5610 3468 5678 τρισὶ
3501 5607 3623 5660 τού-

377 5708 698 5773 poenitentia
729 5719 781 5762 et
831 5710 1066 5778 puritate
1097 5721 1149 5762 et
1189 5707 1540 5776 perfectione.
1569 5707 1703 5772 Quid
1762 5715 1940 5760 autem

376 5811 461 5852 est
493 5801 856 5868 potuitent'a?
887 5800 1068 5856 Priora
1103 5803 1407 5870 relinquch
1431 5809 1480 5853 ct
1509 5800 1570 5854 de
1605 5799 1686 5853 bis
1713 5797 1940 5852 tristari.

2051 5724 2163 5770 τοις
2193 5705 2339 5758 ἐστίν
2364 5722 2379 5735 ο
2413 5707 2470 5758 ἐν
2493 5709 2557 5774 τῇ
2599 5705 2884 5776 μετανοίᾳ,
2918 5705 3014 5756 καὶ.
3045 5707 3110 5772 τῇ
3143 5703 3506 5769 καθαρότητι,
3531 5697 3627 5749 καὶ

2050 5800 2117 5867 τῇ
2159 5795 2482 5864 τελειότητι.
2516 5796 2658 5848 Τίδέ
2693 5797 2841 5850 ἐστιν
2872 5798 2903 5865 ἡ
2956 5797 3215 5864 μετάνοια
3243 5811 3257 5858 ;
3288 5789 3626 5858 Rati/eiulat
