4080 6206
440 323 511 364 P5)

449 363 508 388 16

851 466 944 501 καί.

447 539 594 589 ἐστιν
626 543 655 608 ἡ
689 539 996 610 καθαρότης
1027 544 1305 613 συντόμως
1327 563 1339 608 ;
1363 547 1571 615 Καρδία
1596 549 1842 618 ἐλεήμων
1875 553 2014 624 ὑπὲρ

448 628 627 695 πάσης
656 630 879 698 κτιστῆς
923 630 1156 698 φύσεως.
1205 633 1313 686 Καὶ
1353 635 1406 687 τί
1437 638 1584 690 ἐστιν
1631 640 1663 710 ἠ
1699 641 2008 711 τελειότηςς

445 718 615 781 Βίοος
643 720 1042 788 ταπεινώσεως,
1071 725 1207 795 ὅπερ
1263 727 1382 779 ἐστὶ
1430 731 1746 802 κατάλειψις
1796 735 2012 789 πάντων

441 809 649 877 ὁρατῶν
693 826 752 862 τε
797 812 888 864 καὶ
919 814 1186 883 ἀοράτων.
1223 817 1435 886 ὁρατῶν
1472 821 1593 888 μὲν,
1630 825 1850 876 πάντων
1897 826 2006 878 τῶν

443 900 738 970 αἰσθητῶνο
763 902 1013 970 ἀοράτων
1057 905 1134 967 δὲ,
1162 906 1276 958 τῶν
1319 911 1524 978 νοητῶν
1545 927 1558 941 °
1592 914 1687 966 καὶ
1719 915 1878 979 ἐκτὸς
1911 933 2009 985 με-

445 993 640 1063 ρίμνης
678 995 778 1063 τῆς
822 995 964 1066 ὑπὲρ
999 997 1196 1050 αὐτῶν.
1230 998 1374 1063 Ἔτι,
1409 1002 1666 1070 μετάνοιά
1686 1006 1823 1072 ἐστι,
1847 1007 2005 1078 διπλῆ

439 1087 704 1156 νέκρωσις
750 1088 1008 1151 ἑκουσίως
1063 1089 1129 1143 ἐκ
1173 1093 1410 1146 πάντων.
1479 1095 1688 1166 Καρδῖα
1748 1098 2001 1167 ἐλεήμων

440 1179 574 1239 ἐστὶ,
619 1176 815 1240 καῦσις
887 1179 1115 1247 καρδίας
1169 1181 1311 1251 ὑπὲρ
1356 1183 1537 1252 πάσης
1603 1185 1700 1256 τῆς
1753 1187 2004 1253 κτίσεως,

440 1267 578 1338 ὑπὲρ
626 1270 734 1320 τῶν
775 1269 1099 1338 ἀνθρώπων,
1161 1273 1257 1325 καὶ
1299 1275 1408 1328 τῶν
1459 1275 1682 1346 ὀρνέων,
1748 1281 1842 1332 καὶ
1897 1281 2006 1334 τῶν

437 1353 612 1418 ζώων,
667 1357 761 1410 καὶ
818 1356 927 1408 τῶν
970 1358 1264 1426 δαιμόνων,
1306 1360 1401 1413 καὶ
1445 1361 1587 1433 ὑπὲρ
1643 1367 1845 1430 παντὸς
1885 1369 2003 1422 κτί-

436 1465 659 1515 σματος.
696 1449 804 1500 Καὶ
835 1449 1016 1512 πάλιν,
1066 1451 1191 1502 ὅσον
1228 1453 1392 1521 ἐσμὲν
1419 1455 1476 1505 ὲν
1508 1455 1586 1523 τῷ
1616 1457 1802 1528 κόσμῳ
1830 1460 2003 1530 τούτῳ

436 1541 528 1591 καὶ
559 1541 614 1590 ἐν
643 1543 708 1610 τῇ
749 1541 910 1611 σαρκὶ
939 1543 1454 1612 καταλελειμμένοι,
1482 1545 1577 1596 ἐὰν
1609 1546 1712 1607 ἕως
1742 1549 1840 1619 τῆς
1871 1551 1997 1620 add-

432 1627 518 1690 δο;
563 1630 671 1682 τῶν
726 1632 972 1701 οὐρανῶν
1024 1632 1351 1703 ὑψωϐῶμεν,
1415 1636 1584 1704 χωρὶς
1645 1637 1843 1706 ἔργων,
1895 1643 1994 1695 καὶ

435 1720 633 1786 μόχθου
693 1722 944 1787 γενέσθαι
998 1725 1166 1792 ἡμᾶς,
1210 1727 1267 1778 ἐν
1305 1728 1609 1800 άμεριμνίᾳ
1646 1746 1705 1781 τε
1735 1727 1896 1792 εἶναι,
1938 1733 1998 1785 οὐ

429 1809 726 1878 δυνάμεοω
777 1811 933 1864 τοῦτό
1007 1815 1121 1867 ἐστι

446 448 513 498 τὰ
548 447 807 518 ττριέτερα,

433 1917 538 1969 μοι’
577 1902 638 1952 τὸ
690 1902 852 1954 πλέον
882 1903 936 1955 δὲ
960 1905 1171 1969 τούτου,
1208 1907 1405 1976 μελέτη
1436 1909 1573 1960 ἐστί·
1606 1911 1851 1964 τουτέστι
1886 1930 1996 1982 χω-

433 1993 514 2061 ρὶς
540 1993 796 2056 διανοίας.
814 1996 925 2049 Καὶ
955 1998 982 2049 ό
1005 1998 1158 2065 ἅγιος
1188 2000 1462 2069 Μάξιμοςο
1499 2019 1519 2052 ‹
1543 2001 1604 2053 Ἠ
1630 2003 1769 2056 κατὰ
1798 2004 1997 2075 ἀρετὴν

428 2084 734 2152 φιλοτοφία,
766 2085 991 2156 γνώμης
1019 2089 1306 2154 ἀπάθειαν,
1337 2092 1451 2145 ἀλλ’
1485 2095 1546 2146 οὐ
1565 2095 1801 2164 φύσεως,
1833 2097 1997 2165 ἐργά-

425 2178 613 2242 ζεσθαι
645 2183 858 2248 πέφυκε
878 2199 891 2212 ο
923 2184 1046 2235 καθ’
1079 2184 1144 2254 ἢν
1169 2185 1371 2254 δηλαδὴ
1405 2187 1499 2257 τὴν
1523 2192 1808 2260 γνωμικὴν
1847 2192 1992 2246 ἀπά-

425 2270 598 2335 θειαν,
636 2274 668 2341 ἡ
700 2274 840 2326 κατὰ
881 2275 1003 2327 νοῦν
1034 2277 1129 2343 τῆς
1155 2277 1304 2340 Θείας
1334 2278 1528 2349 ἡδονῆς
1556 2281 1860 2348 ἐπιγίνεται
1895 2285 1992 2353 χά-

425 2379 528 2430 ρις.
553 2381 570 2412 ι
598 2364 704 2414 Καὶ
731 2360 904 2427 αὖθις·
927 2385 945 2416 ‹
968 2365 1024 2418 '0
1041 2365 1219 2436 λύπης
1240 2368 1333 2420 καὶ
1359 2368 1549 2438 ἡδονῆς
1570 2374 1772 2442 σαρκὸς
1799 2377 1992 2443 πεῖραν

421 2453 616 2517 λαϐὼν,
650 2454 844 2522 λέγοιτ’
871 2456 938 2509 ἂν
962 2457 1204 2527 δόκιμος,
1229 2458 1305 2522 ὡς
1333 2459 1643 2530 εὐχερείας,
1685 2465 1780 2517 καὶ
1802 2465 1990 2536 δδσχε-

423 2547 575 2614 ρείας
609 2546 715 2600 τῶν
752 2548 879 2616 περὶ
927 2549 1105 2619 σάρκα
1162 2552 1504 2621 πραγμάτων
1557 2557 1984 2626 πεπειραμένος,

421 2637 621 2701 τέλειος
646 2638 723 2701 δὲ,
759 2640 787 2691 ό
825 2639 924 2707 τὴν
974 2640 1166 2711 ἡδονὴν
1214 2642 1319 2712 τῆς
1351 2643 1578 2714 σαρκὸς,
1605 2645 1698 2697 καὶ
1739 2646 1840 2716 τὴν
1862 2647 1987 2700 ὀδύ-

419 2747 535 2797 νην,
573 2733 636 2801 τῇ
674 2730 766 2783 τοῦ
805 2732 963 2799 λόγου
998 2733 1224 2802 δυνάμει
1273 2735 1708 2801 καταπαλαίσας,
1754 2737 1981 2809 ὁλόκλη-

422 2837 510 2887 ρος
538 2819 614 2882 δὲ,
648 2822 676 2873 ὁ
728 2821 826 2884 τὰς
876 2820 1019 2874 κατὰ
1065 2821 1163 2892 τὴν
1217 2822 1416 2892 πρᾶξιν
1465 2825 1554 2877 καὶ
1607 2825 1707 2895 τὴν
1751 2825 1984 2897 θεωρίαν

415 2906 575 2971 ἕξεις,
607 2907 906 2978 ἀτρέπτους
934 2911 1000 2980 τῇ
1031 2911 1158 2979 περὶ
1190 2911 1251 2963 τὸ
1273 2911 1428 2965 Θείον
1459 2915 1710 2986 συντονίᾳ
1729 2916 1982 2990 διατηρή⁶

417 3013 534 3059 σας.
572 2997 668 3049 Διὰ
697 2997 761 3066 δὴ
786 2997 977 3064 ταῦτα,
1011 3000 1104 3053 καὶ
1151 3002 1354 3070 μείζων
1383 3003 1574 3056 πασῶν
1607 3006 1714 3057 τῶν
1763 3007 1980 3076 ἀρετῶν

413 3090 445 3158 ἡ
476 3088 747 3158 διάκρισις
778 3085 916 3142 εἶναι
949 3091 1252 3163 διώρισται,
1300 3093 1395 3160 ὡς,
1446 3097 1504 3150 ἐν
1533 3091 1612 3160 οἷς
1649 3096 1716 3152 ἂν
1746 3100 1974 3172 ἐγγένη-

410 3198 522 3244 ται,
550 3182 767 3254 εὐδοκία
795 3183 953 3250 Θεοῦ,
984 3185 1104 3251 ὲξὸν
1131 3184 1209 3254 τῷ
1241 3185 1368 3255 θείῳ
1393 3188 1531 3255 φωτὶ
1559 3187 1972 3261 αὐγαζομένοις,
2004 3181 2047 3239 C

409 3275 504 3327 καὶ
541 3275 678 3337 θεῖα,
729 3277 824 3329 καὶ
859 3277 1178 3346 ἀνθρώπινα
1235 3278 1534 3349 διακρίνειν
1575 3281 1974 3353 ὴκριϐωμένως

417 3375 744 3446 πράγματα,
777 3380 872 3432 καὶ
913 3383 1176 3450 μυστικὰ,
1223 3384 1319 3437 καὶ
1343 3386 1638 3456 άπόκρυφα
1669 3388 1938 3458 Θεάματα,
1969 3387 2082 3448 εἷεν
2108 3407 2125 3426 ο
2173 3395 2291 3466 ῶρα
2320 3399 2374 3452 δὲ
2423 3401 2659 3473 καθεξῆς
2699 3375 3046 3478 μίκρόνυπως

1666 344 2065 413 OPUSCULA
2103 356 2481 427 ASCETICA.

1004 449 1291 505 λυπεῖσθαι
1340 453 1478 525 ὑπὲρ
1536 457 1734 512 αὐτῶν.
1799 461 1911 514 Καὶ
1962 481 1985 515 τ

2082 501 2086 521 .
2119 463 2183 517 Et
2219 468 2347 536 quid
2383 479 2465 524 est
2497 476 2885 544 compendiose
2911 482 3166 549 puritas?
3215 486 3484 544 Profunda
3514 496 3690 552 Immi-

1176 1817 1236 1868 τὸ
1284 1817 1578 1887 τελείωμα,
1641 1821 1998 1893 Συγχώρησόν
2026 1846 2064 1896 υ
2095 1847 2212 1892 "an

3587 388 3729 450 71".?“

2117 554 2263 619 litas,
2298 575 2420 628 qua:
2457 575 2541 617 cst
2580 569 2828 622 omnium
2898 571 3192 630 visibilium
3230 591 3283 633 et
3336 583 3690 645 invisibilium

2108 641 2416 712 derelictio,
2441 652 2738 710 visibilium
2764 660 3002 727 quidem,
3038 668 3280 722 omnium
3303 676 3642 734 sensibilium
3673 699 3688 748 ;

2113 735 2464 794 invisibilinm
2491 756 2693 813 autem,
2729 749 3152 818 intelligibiliutn
3183 776 3419 832 nempe;
3457 777 3680 824 etcxtra

2111 830 2274 882 etiam
2303 847 2494 888 eorum
2529 841 2875 897 memoriam.
2907 843 2970 900 Et
3002 847 3180 906 adhuc
3241 857 3562 922 poenitentia
3595 876 3676 918 cst

2107 917 2406 986 dupliciter
2432 927 2691 984 omnibus
2721 934 2881 987 mori.
2913 933 3020 991 Cor
3051 940 3366 1001 misericors
3389 960 3472 1003 cst
3497 955 3678 1010 cordis
3712 1002 3713 1005 η

2106 1011 2250 1065 ustio
2310 1028 2473 1082 super
2506 1019 2656 1073 omni
2711 1033 2984 1090 creatura,
3043 1045 3208 1099 super
3274 1036 3581 1096 hominibus
3631 1054 3681 1094 ιιι

2111 1102 2307 1157 avibus
2331 1114 2384 1160 et
2418 1108 2751 1168 animalibus
2781 1124 2834 1169 et
2857 1117 3198 1178 daemonibus
3237 1137 3288 1181 et
3316 1143 3477 1197 super
3508 1136 3689 1185 muni--

2104 1192 2204 1248 bus
2230 1211 2350 1264 qua:
2377 1208 2554 1254 creata
2587 1213 2736 1258 sunt.
2756 1207 2821 1259 Et
2849 1226 3087 1274 rursum,
3114 1229 3376 1284 quantum
3407 1237 3596 1276 sumus
3629 1226 3678 1278 in

2101 1283 2205 1340 hoc
2233 1289 2438 1345 mundo
2467 1300 2520 1345 et
2562 1293 2612 1347 in
2640 1310 2808 1352 carne
2840 1302 3038 1369 relicti,
3073 1306 3249 1362 donec
3293 1315 3356 1364 ad
3413 1316 3678 1369 oculorum

2101 1373 2362 1433 fornicem
2398 1384 2716 1453 attolamnr,
2741 1391 2949 1460 absque
2972 1398 3233 1463 operibus
3269 1410 3322 1455 et
3357 1403 3540 1457 labore
3578 1423 3677 1458 u-Is

2097 1482 2218 1523 esse
2247 1479 2301 1524 et
2326 1471 2382 1525 in
2410 1477 2702 1534 securitate
2737 1477 2841 1536 nun
2870 1485 3015 1541 licet.
3051 1487 3120 1541 Ea
3153 1499 3238 1546 est
3269 1494 3552 1560 perfectio.
3593 1497 3678 1549 lti-

2098 1561 2249 1617 mittc
2269 1564 2400 1619 mihi
2431 1584 2446 1622 :
2473 1573 2614 1637 quod
2634 1584 2814 1630 autem
2842 1581 2984 1634 ultra
3018 1582 3068 1636 id
3103 1595 3208 1652 est,
3231 1587 3544 1642 sollicitudo
3569 1602 3673 1653 est.

2098 1651 2150 1705 id
2204 1663 2290 1710 est
2359 1658 2568 1729 absque
2615 1665 2845 1724 ratione.
2881 1689 2898 1720 ι
2961 1673 3021 1726 Et
3074 1689 3299 1732 sanctus
3357 1679 3668 1736 Maximus:

2101 1764 2120 1798 ι
2152 1745 2282 1811 Quae
2314 1753 2611 1808 secundum
2640 1757 2893 1815 virtutem
2943 1775 3023 1819 est
3061 1767 3423 1838 philosophia,
3476 1778 3673 1828 mentis

2219 1842 2576 1909 quillitalem,
2615 1864 2724 1904 non
2765 1863 2994 1917 naturaa,
3035 1863 3247 1925 operari
3304 1875 3518 1931 potest;
3581 1882 3676 1932 per

2092 1945 2256 1998 quam
2281 1935 2621 2002 spiritualcm
2677 1947 3158 2015 tranquillitatem,
3219 1956 3386 2008 menti
3476 1958 3675 2011 divinm

2091 2024 2278 2091 gratiae
2312 2028 2568 2096 gaudium
2592 2033 2882 2092 subintrat.
2916 2059 2934 2091 ι
2979 2041 3041 2095 Et
3091 2059 3304 2099 rursum
3337 2064 3350 2100 :
3385 2065 3403 2098 ι
3429 2047 3529 2112 Qui
3558 2065 3675 2103 car.

2091 2113 2176 2168 nis
2197 2115 2432 2172 tristitia:
2459 2121 2731 2179 etlaetitiae
2754 2130 3187 2196 experimentum
3219 2139 3448 2205 acCcpil,
3480 2140 3674 2205 proha-

2092 2211 2178 2260 ttts
2205 2206 2308 2261 dici
2371 2219 2566 2279 potest,
2587 2217 2787 2286 quippe
2811 2221 2900 2288 qui
2931 2223 2996 2275 de
3027 2225 3211 2280 studio
3233 2239 3325 2280 aut
3350 2230 3508 2282 tzedio
3540 2245 3666 2284 car-

2088 2299 2291 2351 natium
2349 2313 2573 2358 actuum
2617 2315 2859 2366 tentatus
2897 2319 2980 2368 est
3009 2331 3023 2379 ;
3056 2315 3333 2384 perlectus
3364 2331 3543 2376 autem
3577 2326 3670 2390 qui

2087 2389 2267 2444 carnis
2295 2391 2532 2448 laetitiam
2561 2407 2654 2451 aut
2677 2399 2921 2456 dolorem
2943 2406 3182 2463 rationis
3201 2410 3396 2464 virtute
3423 2411 3634 2466 domuit
3654 2430 3666 2474 ;

2084 2481 2263 2536 victor
2293 2486 2520 2542 omnino
2542 2491 2634 2560 qui
2668 2502 2791 2548 actu
2823 2503 2878 2548 et
2937 2499 3400 2568 contemplatione
3449 2504 3684 2559 habitus.

2084 2575 2392 2630 constantia
2424 2578 2569 2632 circa
2626 2578 2796 2636 Deum
2824 2583 3197 2644 immutabiles
3247 2591 3503 2645 servavit.
3565 2590 3669 2644 Per

2085 2663 2200 2721 hrec
2225 2681 2358 2723 sane
2383 2679 2436 2724 et
2466 2673 2644 2740 maior
2658 2676 2917 2732 omnibus
2939 2679 3230 2737 virtutibus
3257 2683 3518 2746 discretio
3544 2702 3664 2740 esse

2081 2755 2519 2826 demonstratur,
2568 2765 2638 2820 ita
2663 2780 2722 2822 ut
2748 2769 2814 2822 tis
2851 2770 2904 2824 in
2945 2772 3148 2840 quibus
3181 2775 3440 2846 gignitur,
3479 2777 3666 2830 divino

2082 2844 2289 2903 lumine
2321 2850 2608 2912 illustratis
2635 2858 2795 2915 liceat
2824 2873 2877 2917 ct
2902 2865 3084 2918 divina
3110 2875 3166 2921 et
3197 2865 3437 2921 bnmana
3471 2877 3524 2923 et
3549 2885 3664 2940 my-

2081 2939 2217 2996 stica
2271 2951 2324 2997 et
2370 2961 2567 3002 arcana
2638 2957 2946 3022 spectacula
3002 2969 3259 3014 accurate
3319 2961 3660 3017 discernere.

2081 3028 2317 3102 Tempus
2343 3047 2523 3093 autem
2550 3052 2633 3098 est
2661 3048 2853 3102 ordine
2881 3047 2977 3103 tibi
3027 3051 3304 3120 paululum
3337 3069 3433 3121 pro
3457 3054 3662 3108 viribus

2080 3127 2400 3183 ostendendi
2441 3148 2613 3189 sacra:
2663 3152 2726 3192 ac
2759 3139 2966 3197 deificzn
3015 3157 3177 3212 quam
3217 3147 3663 3201 annuntiavimus

2081 3217 2230 3283 pacis
2262 3219 2611 3290 principium,
2669 3236 2727 3280 ut
2785 3229 3148 3296 manifestim;
3190 3234 3330 3290 Deus
3373 3248 3552 3290 autem
3611 3251 3660 3290 et

2076 3319 2138 3359 ea
2159 3323 2279 3374 qme
2309 3312 2506 3367 dicturi
2534 3330 2747 3385 smnus,
2797 3320 3014 3390 dirigat.

3083 3415 3159 3476 ὡς
3189 3417 3411 3484 ἐφικτὸν
3439 3418 3664 3487 διαμεοο

413 3468 631 3524 οδεῦσαί
663 3487 744 3523 σοι
776 3474 869 3525 καὶ
897 3473 996 3543 τὴν
1022 3475 1122 3544 τῆς
1150 3483 1674 3554 προεπηγγελμένης
1705 3485 1859 3555 ἱερᾶς
1891 3488 1983 3541 καὶ
2013 3489 2262 3545 θεοποιοῦ
2293 3495 2526 3566 ἡσυχίας
2552 3468 2750 3571 ἀρχὴν,
2779 3468 2941 3565 οἱονεὶ
2961 3468 3334 3578 ἐκδηλότερον,
3388 3514 3416 3566 ό
3442 3513 3494 3564 δὲ
3521 3515 3674 3576 Θεὸς,

414 3560 654 3627 ἡγείσθω
685 3565 783 3616 καὶ
811 3565 923 3619 τῶν
949 3567 1048 3636 ἤδη
1083 3570 1497 3642 ῥηθησομένων,

404 3689 540 3755 Περὶ
572 3686 690 3741 τῶν
719 3687 897 3764 πέζτε
940 3689 1233 3764 ρρςγιο-ιῶν
1269 3693 1378 3764 τᾼῆς
1422 3697 1656 3764 πρώτης
1709 3701 1804 3754 καί
1841 3698 1972 3758 οἷον

473 3758 893 3840 εἰσαγωγιίιῆς,
921 3759 1183 3840 ἡσυχίας
1241 3761 1359 3840 τῶν
1413 3758 1734 3840 ἀρχιερέων,
1777 3771 1970 3840 ἤγουν

472 3844 700 3910 πριοςτευ
708 3827 840 3910 χῆς,
856 3829 1228 3898 ψαλμῳδίας,
1256 3827 1666 3904 murrinus-(uc,
1685 3827 1940 3910 ιίελὲτης
1951 3883 1965 3908 ,

466 3898 559 3949 καὶ
587 3897 951 3966 ἐργοχεφου.

473 4007 576 4079 με’.
608 4010 706 4062 Διὰ
749 4009 908 4064 πέντε
939 4011 1234 4080 ἐργασιῶν,
1263 4013 1332 4066 δι’
1358 4009 1431 4069 ῶν
1461 4019 1489 4070 ὁ
1511 4019 1639 4083 Θεὸς
1665 4020 1964 4092 θεραπεύει

395 4114 509 4159 ται,
560 4099 764 4166 ὀφείλει
804 4099 833 4149 ὁ
874 4101 933 4151 ἐν
986 4100 1187 4172 ἠσυχίᾳ
1255 4106 1516 4177 ἁρχάριος
1566 4109 1874 4180 διέρχεσθαι
1903 4114 1963 4166 τὸ

400 4189 762 4259 νυχῡήμερον,
793 4189 994 4261 δηλαδὴ
1029 4192 1087 4243 ἐν
1119 4201 1420 4269 προσευχῇ,
1480 4200 1599 4270 ἦτοι
1647 4198 1837 4277 μνήμῃ
1867 4203 1960 4258 τοῦ

396 4297 604 4367 ιζυρξου
653 4296 827 4368 Ἰησοῦ
892 4299 1134 4369 Χριστοῦ
1179 4301 1446 4372 διηνεκῶς
1501 4310 1832 4387 εἰσαγομένῃ
1883 4314 1974 4390 [ἐν

396 4388 537 4441 ἀλλ.
573 4389 1006 4461 προσαγομένῃ],
1043 4390 1120 4455 ὡς
1153 4394 1476 4465 προείρηται
1502 4399 1591 4452 διὰ
1627 4405 1797 4475 πνοῆς
1826 4388 1975 4477 ῥινὸς

397 4482 456 4532 ὲν
485 4481 552 4549 τῇ
603 4480 799 4550 καρδίᾳ
853 4481 1063 4552 ἡρέμα,
1125 4485 1220 4536 καὶ
1257 4485 1413 4550 αὖθις
1440 4488 1614 4554 οὕτως
1642 4493 1968 4572 ἐξαγομένη,
1999 4509 2044 4566 ι)

397 4570 724 4639 μεμυκότων
750 4572 995 4641 χειλέων,
1025 4573 1146 4643 δίχα
1165 4576 1266 4644 τῆς
1287 4579 1506 4633 οἱασοῦν
1538 4583 1705 4654 ἄλλης
1731 4570 1963 4654 ἐννοίας,

396 4663 488 4714 καὶ
524 4663 853 4730 φαντασίας,
886 4664 1006 4733 ἥτις
1028 4665 1095 4718 δι’
1127 4667 1457 4737 ἐγκρατείας
1491 4682 1844 4749 περιεκτικῆς
1871 4699 1970 4749 γα-

393 4754 574 4822 στρὸς,
609 4755 810 4824 φαμὲν,
854 4754 1019 4808 ὕπνου
1077 4774 1137 4810 τε
1170 4761 1264 4812 καὶ
1292 4762 1401 4816 τῶν
1429 4764 1605 4820 ἄλλων
1636 4771 1966 4840 αἰσθήσεων,

390 4841 537 4894 ἔνδον
560 4842 656 4895 τοῦ
691 4844 930 4909 κελλίου,
960 4848 1064 4900 σὺν.
1090 4851 1420 4906 ταπεινώσει
1447 4855 1734 4930 εἰλικρινεῖ
1767 4880 1964 4937 κατορ-

387 4931 597 4993 θοῦται,
630 4935 688 4985 ὲν
712 4934 1028 5008 ψαλμῳδίᾳ,
1063 4937 1122 4991 ὲν
1159 4939 1466 5008 ἀναγνώσει
1494 4945 1556 4999 ἐκ
1589 4965 1647 5000 τε
1691 4950 1782 5004 τοῦ
1818 4955 1965 5023 ίεροῦ

384 5023 724 5095 Ψαλτηρίου,
763 5027 1110 5096 Ἀποστόλου,
1139 5033 1234 5085 καὶ
1260 5035 1371 5088 τῶν
1403 5038 1572 5104 ἁγίων
1594 5040 1962 5114 Εὑαγγελίων,

380 5116 492 5167 τῶν
537 5135 596 5170 τε
647 5124 1103 5191 συγγραμμάτων
1150 5127 1259 5180 τῶν
1307 5127 1602 5200 ϐεοςόρων,
1661 5137 1754 5189 καὶ
1790 5138 1963 5207 ἁγίων

381 5208 664 5280 Πατέρων,
713 5213 1088 5282 καὶμάλιστα
1133 5218 1243 5271 τῶν
1286 5227 1414 5291 περὶ
1482 5229 1812 5300 προσευχῆς,
1867 5235 1963 5288 καὶ

379 5299 596 5366 νήψεως
623 5301 960 5369 κεφαλαίων,
994 5307 1131 5378 πρὸς
1159 5308 1239 5372 δὲ,
1267 5311 1359 5362 καὶ
1389 5312 1498 5365 τῶν
1520 5313 1723 5372 λοιπῶν
1758 5321 1959 5377 ἐνθέων

377 5391 577 5458 λογίων
607 5397 702 5450 τοῦ
753 5395 1095 5466 Πνεύματος,
1150 5401 1209 5452 ὲν
1243 5402 1466 5475 ἐμπόνῳ
1503 5408 1732 5477 καρδίας
1769 5414 1958 5488 μνήμῃ

372 5483 482 5535 τῶν
510 5484 946 5557 ἁμαρτημάτων,
1001 5491 1096 5545 καὶ
1126 5493 1183 5545 ἐν
1213 5495 1414 5567 μελέτῃ
1462 5499 1699 5567 κρίσεως
1735 5504 1776 5556 Θ

373 5575 633 5643 Θανάτου,
690 5579 722 5650 ἢ
782 5579 1076 5646 κολάσεως,
1155 5586 1187 5656 ἦ
1253 5587 1634 5655 ἀπολαύσεως,
1692 5596 1787 5650 καὶ
1842 5598 1954 5652 τῶν

369 5672 594 5741 ὁμοίων·
639 5675 732 5727 καὶ
765 5676 822 5726 ὲν
847 5675 1151 5746 ὲργοχείρῳ
1181 5680 1363 5749 μικρῷ
1390 5681 1464 5745 ὡς
1494 5684 1726 5753 ἀκηδίας
1767 5692 1950 5759 φιμώ-

369 5785 505 5834 τρῳ,
542 5769 634 5822 καὶ
665 5767 832 5821 πάλιν
863 5769 1316 5840 ὲπανακάμπτειν
1353 5776 1433 5838 εἰς
1480 5772 1810 5852 προσευχὴν,
1847 5785 1950 5839 κᾶν

2084 3699 2160 3754 De
2190 3705 2415 3785 {mitique
2471 3712 2861 3792 operationibus
2889 3721 3073 3793 prima:
3102 3736 3148 3778 et
3183 3737 3237 3778 ut
3267 3729 3523 3788 dttctoriw
3548 3739 3656 3793 inci

2889 3773 2897 3780 ν
2993 3773 3063 3776 η--
3104 3773 3144 3778 ν-
3183 3773 3234 3778 -ν-
3267 3773 3516 3788 --ινν-υ--ιυ
3548 3773 3652 3793 IUL!

2149 3773 2396 3874 pistrino.
2417 3780 2582 3847 paris,
2604 3797 2782 3850 nempe
2801 3792 3057 3858 oratione,
3085 3797 3406 3873 psalmodia,
3428 3805 3662 3874 lectione,

2150 3859 2248 3874 οηηι
2272 3845 2514 3874 ἕιέηιέιι..-
2581 3862 2620 3874 --
2654 3869 2698 3874 ---
2719 3873 2732 3874 κ
2969 3862 2981 3874 ¹
3026 3865 3036 3874 ¹

2150 3845 2514 3904 meditiatione
2567 3845 2620 3906 et
2653 3845 2904 3912 mmmam
2962 3845 3163 3924 lalt'o're.

2147 4051 2236 4105 45.
2256 4051 2360 4109 Per
2381 4056 2624 4128 quinque
2645 4064 3014 4136 operationes,
3045 4071 3245 4141 quibus
3275 4076 3417 4134 Deus
3436 4082 3654 4147 colitur,

2077 4153 2292 4199 noctem
2325 4162 2390 4203 ac
2421 4149 2565 4207 diem
2596 4158 2835 4214 transire
2868 4159 3030 4218 debet
3053 4164 3099 4220 is
3132 4168 3226 4237 qui
3256 4169 3474 4243 incipit,
3507 4193 3656 4232 nem-

2073 4248 2140 4302 pe
2170 4242 2493 4308 orationem,
2520 4253 2575 4299 et
2633 4252 2953 4308 memoriam
3016 4254 3258 4314 Domini'
3294 4261 3421 4320 Jesu
3457 4268 3672 4327 Christi-

2071 4326 2405 4393 continuatn.
2429 4333 2730 4405 inductam,
2755 4341 3033 4402 utdictum
3063 4357 3165 4413 est,
3195 4367 3291 4421 per
3315 4359 3461 4414 naris
3491 4359 3656 4431 inspi-

2072 4418 2339 4475 rationem
2369 4427 2610 4483 suaviter
2673 4431 2724 4485 in
2778 4437 2946 4493 corde
2986 4452 3041 4496 et
3112 4458 3331 4503 rursum
3377 4450 3652 4520 eductam,

2072 4515 2407 4579 compressis
2431 4515 2613 4596 labiis,
2641 4521 2764 4579 sine
2790 4526 2901 4582 ulla
2936 4531 3042 4586 alia
3061 4535 3394 4604 cogitatione
3426 4553 3477 4596 et
3511 4544 3650 4599 ima-

2070 4601 2351 4668 ginatione
2382 4622 2504 4678 quae
2533 4626 2630 4681 per
2653 4615 2968 4676 universam
2991 4628 3204 4684 ventris
3227 4637 3644 4700 temperantiam

2068 4691 2320 4761 dit-imus,
2354 4702 2616 4759 somniet
2643 4706 2878 4765 aliorum
2906 4717 3273 4784 sensibilium,
3302 4726 3443 4780 intra
3476 4729 3617 4783 ctellu

2067 4781 2195 4847 lam.
2223 4801 2347 4842 cum
2377 4789 2596 4850 sincera
2636 4796 2963 4870 humilitate,
2994 4809 3298 4878 perficitur,
3325 4813 3378 4868 in
3409 4815 3648 4876 lectione

2064 4875 2206 4929 sacri
2241 4880 2504 4950 psalterii,
2534 4884 2803 4957 Apostoli,
2836 4906 3155 4956 sanctorum
3201 4903 3640 4979 Evangeliorum,

2063 4981 2233 5023 sacrm
2256 4970 2577 5042 Scripturre,
2609 4989 2666 5035 et
2699 4995 3015 5044 sanctorum
3046 4993 3291 5063 Patrum,
3319 5014 3384 5054 ac
3410 5017 3642 5071 praeser~

2061 5058 2158 5114 tim
2189 5063 2430 5132 capitum
2462 5070 2526 5122 de
2549 5073 2797 5131 oratione
2822 5088 2878 5131 et
2901 5080 3200 5152 vigilantia,
3233 5096 3284 5142 et
3303 5089 3370 5144 ad
3399 5090 3512 5148 haec
3535 5109 3638 5150 ca:-

2060 5159 2299 5207 terorum
2325 5156 2634 5232 divinorum
2669 5159 2843 5221 sancti
2874 5167 3110 5239 Spiritus
3139 5178 3510 5247 oraculorum,
3580 5185 3633 5239 in

2058 5241 2327 5301 laboriosa
2351 5248 2530 5303 cordis
2556 5263 2905 5320 peccatorum
2942 5265 3225 5332 memoria,
3260 5279 3314 5323 et
3351 5270 3404 5323 in
3464 5274 3636 5326 medi-

2058 5333 2263 5390 tatione
2285 5334 2480 5394 Judicii
2509 5340 2600 5397 Dei
2637 5353 2732 5400 aut
2759 5351 2972 5417 mortis,
2999 5364 3092 5408 aut
3116 5358 3380 5428 supplicii.
3418 5363 3629 5427 aeterni,

2055 5435 2148 5478 aut
2172 5428 2292 5482 ραιιί
2329 5430 2654 5490 deliciarum
2685 5449 2739 5492 et
2771 5441 3056 5511 similium,
3090 5458 3144 5500 et
3178 5449 3237 5504 in.
3265 5466 3524 5511 manuum
3552 5453 3602 5507 la

1781 5504 1952 5578 εοῦ,ῆ
2053 5514 2379 5583 borctcttui,
2433 5531 2492 5576 ut
2544 5525 2731 5580 acedia
2790 5532 3236 5602 constringatur;
3297 5546 3351 5590 et
3403 5553 3625 5593 rursum

2050 5617 2259 5675 oportet
2300 5626 2473 5679 genua
2513 5613 2738 5673 flectere
2765 5619 2832 5674 ad
2867 5623 3192 5688 orationem,
3232 5626 3338 5680 etsi
3401 5627 3453 5680 id
3522 5631 3626 5684 vin:

2053 5700 2316 5766 patiatur,
2359 5702 2530 5759 donec
2557 5721 2711 5764 mens
2737 5711 3045 5768 assuefacta
3113 5716 3184 5770 sit
3235 5719 3511 5787 propriam
3546 5721 3626 5780 iu-

2050 5794 2414 5848 constantiam
2451 5795 2723 5865 dtponere
2747 5801 3012 5873 frequenti
3042 5808 3104 5862 ad
3134 5807 3416 5866 Dominum
3440 5811 3628 5871 Jcsunt
3711 5821 3730 5826 ’
