4032 6208
393 317 500 380 725

1611 318 1997 378 Oi‘USCUL.\
2033 319 2412 380 ASCETICA.

3534 313 3636 376 725

397 434 661 507 μὴμόνον
691 431 998 504 ἀρχαρίοις,
1052 432 1188 485 ἀλλὰ
1240 433 1334 484 καὶ
1385 432 1570 493 αὐτοῖς
1612 434 1722 494 τοῖς
1772 432 1972 501 προκό-

2073 430 2379 484 reciderunt
2407 440 2460 484 et
2489 428 2860 484 confusionem
2899 428 3012 482 haec
3036 426 3180 482 utilia
3211 432 3358 488 sunt,
3408 431 3464 476 ut
3491 423 3632 476 idem

394 542 618 578 πτουσιν
659 523 762 592 ’ήδη
808 522 1169 592 σκορπισμδν,
1223 522 1317 575 καὶ⁸
1366 521 1614 591 διάχυσιν
1643 521 1712 574 τὰ
1749 521 1974 576 τοιαῦτα

393 619 663 689 προξενεῖ,
699 616 773 678 ὡς
801 615 1010 675 όαύτὸς
1044 614 1200 677 αὖθις
1237 613 1391 682 ἅγιος
1436 614 1622 668 Ἰσαάκ
1662 632 1853 686 φησιν,
1891 615 1973 669 ὅτι

400 729 417 762 ι
455 711 517 762 Ἠ
548 710 856 770 ἀνάπαυσις
876 708 1002 769 τοὺς
1028 705 1182 770 νέους
1219 705 1445 775 βλάπτει
1474 705 1654 776 μόνον,
1682 707 1715 776 ἡ
1739 706 1795 758 δὲ
1819 706 1974 769 λύσις

395 803 487 854 καὶ
523 801 647 862 τοὺς
700 799 873 860 νέους,
925 797 1022 850 καὶ
1062 797 1188 858 τοὺς
1220 797 1504 866 γέροντας,
1548 797 1641 848 καὶ
1695 798 1728 867 ἡ
1775 794 1974 867 ἡσυχία

394 894 493 954 τὰς
531 890 636 955 ἔξω
699 889 983 957 αἰσθήσεις
1038 890 1242 958 νεκροῖ,
1280 889 1375 942 καὶ
1414 888 1514 950 τὰς
1560 887 1668 940 ἔσω
1729 892 1973 958 κινήσεις

394 983 621 1052 ἐγείρει,
671 984 704 1050 ὴ
749 981 806 1034 δὲ
845 980 952 1044 ἔξω
1001 979 1318 1050 ἀναστροφὴ
1361 979 1429 1032 τὰ
1481 980 1700 1033 ἐναντία
1767 979 1972 1034 τούτων

396 1075 648 1142 πράττει,
682 1073 851 1143 ῆγουν
880 1071 978 1133 τὰς
1017 1071 1122 1135 ἔξω
1146 1071 1431 1141 αἰσθήσεις
1473 1071 1698 1139 ἐγείρει,
1740 1071 1833 1124 καὶ
1863 1072 1963 1134 τάς

395 1168 503 1220 ἔσω
533 1167 774 1236 κινήσεις
796 1165 1000 1235 νεκροῖ.
1039 1183 1056 1215 ι
1089 1164 1201 1216 Καὶ
1226 1163 1253 1216 ὁ
1275 1163 1372 1234 μὲν
1392 1163 1490 1234 τὴν
1521 1163 1845 1234 πρᾶξιν,ναὶ
1866 1164 1974 1234 μὴν

397 1259 488 1310 καὶ
516 1258 616 1325 τὴν
653 1255 794 1308 κατά
827 1253 888 1307 τὸ
917 1248 975 1306 εὖ
1018 1253 1278 1322 πράττειν
1327 1251 1446 1304 ὁδὸν
1479 1253 1578 1320 τῆς
1620 1251 1849 1322 ἡσυχίας
1880 1250 1974 1304 oti-

394 1369 502 1413 τως
563 1347 732 1402 εἰπὼν
766 1345 1139 1415 ὑπεμφαίνει·
1197 1346 1226 1398 ὁ
1277 1344 1334 1397 δὲ
1374 1344 1475 1413 τῆς
1529 1344 1836 1412 Κλίμακος,
1875 1344 1970 1396 τὸν

367 1415 537 1495 ’κατά
568 1440 666 1510 τὴν
701 1439 887 1509 τρίϐον
920 1437 1102 1499 καλῶς
1157 1437 1466 1508 πράττοντα
1515 1436 1609 1490 καὶ
1654 1436 1968 1505 βαδίζοντα,

331 1519 481 1589 ἠὗιά
535 1532 646 1586 τῶν
680 1531 807 1600 ἑξῆς
856 1529 1212 1600 ἐπισημαίνει
1259 1529 1510 1599 γράφων
1559 1547 1578 1580 ι
1628 1528 1974 1598 Ἦσυχαστής

395 1629 543 1680 ἔστιν
573 1630 600 1678 ὁ
631 1625 693 1676 τὸ
717 1623 1008 1693 ἀσώματον
1031 1624 1088 1674 ὲν
1120 1621 1420 1690 σωματικῷ
1453 1620 1588 1688 οίκῳ
1632 1619 1972 1691 περιορίζειν

397 1716 740 1788 φιλονεικῶν,
770 1715 830 1767 τὸ
855 1713 1312 1784 παραδοξότατονο
1355 1713 1450 1766 καὶ
1479 1714 1791 1783 ήσυχαστής
1826 1715 1973 1768 ἐστιν

396 1813 601 1873 ἐκεῖνος
631 1812 658 1863 ό
704 1807 892 1861 εἰπών·
943 1807 1084 1875 Ἐγὼ
1124 1805 1372 1860 καθεύδω
1395 1846 1409 1870 ,
1436 1806 1530 1858 καὶ
1569 1807 1601 1876 ἡ
1641 1805 1839 1876 καρδία
1871 1823 1973 1877 μου

2066 538 2283 575 rursum
2317 523 2447 576 dicit
2488 531 2712 576 sanctus
2769 519 2918 575 Isaac
2955 538 2973 570 ι
2997 519 3233 590 Requies
3287 515 3634 571 solummodo

2064 615 2398 668 recentiores
2425 613 2589 676 laedit,
2625 611 2893 666 relaxatio
2944 623 3124 666 autem
3183 619 3238 665 et
3294 610 3524 678 juvenes
3581 616 3636 658 ct

2063 720 2245 772 senes,
2283 715 2336 759 et
2370 722 2470 774 pax
2522 713 2780 760 extentos
2812 691 3003 758 sensn's
3047 703 3361 766 mortiﬁcat,
3394 701 3638 755 internus

2065 806 2244 851 autem
2304 798 2903 864 cxcitatmotns;etad
2939 807 3158 851 externa
3218 796 3500 851 conversio
3567 795 3634 846 iis

2063 891 2335 943 contraria
2383 889 2566 957 en'icit,
2599 892 2807 947 scilicet
2834 900 3088 945 externos
3121 890 3319 945 excitat
3350 898 3557 949 motus,
3583 895 3634 938 ct

2061 980 2306 1035 internos
2331 981 2638 1036 mortificat.
2667 1001 2686 1034 ι
2735 983 2809 1036 Ac
2845 983 2932 1035 ille
2959 982 3175 1050 quidem
3209 982 3499 1038 actionem.
3526 979 3637 1030 imo

2065 1086 2199 1125 vero
2247 1087 2343 1141 per
2378 1071 2579 1126 bonum
2615 1075 2765 1142 pacis
2800 1074 2940 1127 viam
3006 1075 3090 1126 his
3151 1072 3330 1126 verbis
3388 1071 3636 1131 indicat;

2062 1163 2272 1219 Climax
2306 1203 2321 1225 .
2371 1180 2494 1219 eum
2528 1166 2621 1234 qui
2675 1167 2776 1219 hac
2824 1162 3017 1220 semita
3080 1166 3215 1220 bene
3273 1165 3383 1234 agit
3415 1175 3466 1216 et
3499 1179 3623 1230 pro-

2063 1255 2227 1317 cedit,
2266 1271 2360 1324 per
2386 1271 2448 1310 ea
2477 1273 2599 1327 qua:
2656 1269 2964 1325 sequuntur
3027 1256 3302 1325 signiﬁcat
3366 1256 3635 1310 scribens.

2070 1362 2088 1395 ι
2114 1343 2375 1400 Paciticus
2399 1354 2483 1401 est
2513 1347 2604 1416 qni
2640 1348 3022 1417 incorporeum
3081 1347 3134 1400 in
3180 1361 3439 1414 corporea
3480 1346 3655 1396 donto-

2063 1432 2432 1490 determinare
2465 1437 2713 1503 studens,
2749 1440 2891 1507 quod
2925 1448 3006 1491 est
3050 1437 3284 1490 tnaxima
3341 1436 3500 1489 laude
3555 1435 3639 1487 di-

2063 1541 2228 1591 gnum
2256 1542 2270 1588 ;
2301 1533 2352 1580 e‘t
2383 1528 2640 1596 pacificus
2663 1537 2748 1583 est
2777 1529 2868 1583 ille
2905 1530 2995 1598 qui
3030 1529 3198 1582 dixit:
3234 1547 3252 1578 ‹
3276 1527 3388 1598 Ego
3404 1528 3659 1592 dormio,

2065 1617 2160 1670 sed
2199 1631 2294 1672 cor
2321 1634 2496 1672 meum
2531 1620 2758 1687 vigilat;
2790 1629 2843 1675 et
2897 1621 3092 1674 clausit
3151 1620 3373 1688 quidem
3423 1621 3639 1684 corpori

2067 1713 2276 1766 Cellula:
2304 1713 2530 1774 05tium.
2573 1725 2627 1768 et
2660 1715 2857 1784 lingua:
2899 1716 3102 1770 ostium
3173 1729 3331 1778 sono,
3381 1723 3433 1766 ct
3496 1713 3644 1767 intus

2063 1807 2344 1877 spiritibus
2376 1809 2575 1863 ostium
2632 1809 2848 1865 clausit.
2867 1831 2890 1862 ν»

393 1899 660 1967 ἀγρυπνεῖ
686 1913 700 1929 ⁸
735 1895 831 1950 καὶ
870 1895 1016 1951 κλείε
1049 1898 1148 1967 μὲν
1181 1899 1351 1970 θύραν
1383 1900 1580 1972 κέλλης
1632 1901 1872 1974 σώματι,
1909 1904 2006 1956 καὶ
2035 1901 2208 1974 θύραν
2241 1900 2488 1973 γλώττης
2521 1903 2820 1972 φθέγματι,
2854 1901 2949 1955 καὶ
3001 1902 3151 1956 ἔνδον
3179 1903 3357 1956 πύλτπν
3388 1905 3637 1974 πνεύμα-

397 2011 503 2048 σιν.

389 2096 526 2164 Περὶ
563 2093 672 2159 τῆς
710 2092 806 2164 διὰ
842 2087 1175 2164 προσοχῆς,
1205 2087 1304 2164 καὶ
1339 2086 1968 2164 νήψεως-ψοσευχῆς

599 2155 943 2230 καρδιακῆῦς,
970 2155 1073 2214 καί
1090 2157 1199 2227 τῆς
1225 2159 1509 2226 ἐργασίας
1546 2155 1756 2224 αὐτῆς.

464 2283 575 2347 μη¹.
626 2275 690 2327 Ἠ
735 2275 832 2327 σὺν
870 2273 1115 2344 προσοχῇ
1148 2271 1242 2323 καὶ
1295 2268 1455 2339 νήψει
1504 2268 1765 2337 γινομένη
1820 2267 1970 2324 ἔνδον

393 2370 648 2439 καρδίας,
665 2369 736 2430 ὡς
765 2365 1006 2436 εἴρηται,
1029 2361 1330 2432 προσευχὴ,
1355 2359 1523 2429 χωρὶς
1546 2358 1710 2430 ἄλλης
1735 2357 1966 2421 ἐννοίας,

391 2460 654 2528 δηλονότι,
685 2459 781 2511 καὶ
816 2455 1118 2526 φαντασίας
1148 2453 1250 2522 τῆς
1295 2450 1534 2514 οίασοῦν,
1566 2449 1655 2504 διὰ
1710 2449 1809 2519 μὲν
1841 2449 1962 2510 τοῦ,

393 2551 566 2620 Κύριε
613 2547 786 2619 Ἰησοῦ
821 2545 1046 2616 Χριστὲ,
1080 2543 1178 2596 Υἱὲ
1208 2542 1299 2595 τοῦ
1333 2541 1488 2606 Θεοῦ,
1517 2541 1653 2612 πρὸς
1684 2541 1847 2592 αὑτὸν
1876 2539 1968 2592 τὸν

399 2643 875 2714 μνημονευόμενον
908 2639 1115 2708 Κύριον
1153 2635 1362 2704 Ἰησοῦν
1384 2634 1619 2706 Χριστὸν
1647 2633 1847 2698 ἁΰλως,
1874 2633 1970 2685 καὶ

397 2737 683 2803 ἁλαλήτως
740 2733 1089 2785 παντάπασιν
1128 2730 1156 2780 ὁ
1195 2728 1318 2790 νοῦς
1357 2727 1717 2786 ἀνατείνεται,
1779 2725 1868 2778 διά
1899 2725 1971 2796 δδὲ

393 2829 515 2893 τοῦ,
564 2825 816 2894 Ἐλέησόν
865 2840 952 2892 με,
1003 2821 1374 2891 παλινδρομεῖ,
1413 2819 1507 2872 καὶ
1556 2820 1783 2870 κινεῖται
1836 2816 1972 2886 πρδς

395 2917 588 2971 ἑαυτὸν
623 2915 697 2979 ὠς
719 2917 817 2968 οἰκ
853 2914 1178 2983 ἀνεχόμενος
1211 2910 1402 2964 ἑαυτοῦ
1443 2911 1515 2980 μὴ
1549 2908 1968 2979 ύπερεύχεσθαιο

398 3012 532 3082 πρὸς
566 3010 784 3076 ἀγάπην
818 3008 874 3061 δὲ
921 3006 1203 3076 προκόψας
1259 3005 1345 3058 διὰ
1406 3004 1600 3073 πείρας
1648 3003 1865 3065 ἑνικῶς.
1910 3001 1970 3053 τδ

398 3103 628 3156 καθόλου
679 3101 814 3169 πρδς
869 3099 1031 3152 αὑτὸν
1071 3099 1159 3150 τὸν
1218 3096 1422 3165 Κύριον
1475 3094 1681 3162 Ἰησοῦν
1733 3093 1968 3162 Χριστὸν
2002 3125 2044 3182 C

331 3213 336 3216 ·
399 3195 739 3247 dumi-tata;
761 3208 774 3220 ·
807 3189 901 3243 τοῦ
935 3189 1191 3257 δευτέρου
1233 3179 1603 3255 πληροφορίαν
1634 3183 1838 3253 ἐναργῆ
1871 3181 1970 3234 λα-

403 3285 533 3337 Cum.
1421 3279 1439 3292 λ

399 3397 602 3460 Ὅπως
636 3393 749 3460 τὴν
780 3390 1134 3462 προσευχὴν
1164 3393 1229 3462 οἱ,
1258 3389 1401 3462 θεῖοι
1439 3391 1695 3462 Πατέρες
1725 3383 1972 3462 παρέδοτ

472 3459 592 3517 σαν
619 3459 831 3549 λέγείγί
853 3459 1029 3530 ἡμᾶς,
1079 3459 1179 3514 καὶ
1209 3461 1297 3514 ὅτι
1322 3459 1642 3529 διαφόρως,
1673 3460 1770 3511 καὶ
1794 3461 1884 3524 τίς
1931 3459 1968 3525 ἢ

430 3567 436 3572 -
463 3549 798 3600 προσευχη.

470 3646 575 3716 μθ’.
609 3647 806 3716 Διόπερ
851 3647 952 3699 οὐκ
990 3646 1077 3700 ἀεὶ
1108 3645 1208 3716 τὴν
1262 3644 1569 3715 προσευχὴν
1599 3642 1892 3713 ὁλόκληρον
1919 3640 1972 3694 οἱ

399 3739 532 3792 θεῖοι
569 3739 808 3808 Πατέρες
844 3739 1047 3802 πάντες
1091 3738 1476 3808 παραδιδόντες
1514 3736 1816 3804 φαίνονται,
1857 3733 1972 3788 ἀλλ’

398 3832 426 3882 ό
464 3831 582 3899 μὲν,
619 3830 932 3900 ὀλόκληρον,
963 3831 990 3882 ὁ
1027 3829 1104 3895 δὲ,
1137 3829 1198 3882 τὸ
1225 3829 1418 3899 ἣμισυ·
1455 3829 1576 3890 οδε,
1610 3827 1716 3880 ἀπὸ
1752 3827 1969 3896 μέρους,

400 3925 493 3974 καὶ
533 3923 740 3992 ἕτερος,
786 3921 1011 3993 ἑτέρως,
1055 3921 1192 3992 πρὸς
1249 3920 1348 3991 τὴν
1395 3920 1491 3972 τοῦ
1525 3917 1970 3990 προσευχομένου

401 4015 530 4073 ἴσως
581 4015 808 4084 δύναμιν
861 4015 956 4068 καὶ
1007 4012 1363 4078 κατάστασιν.
1432 4012 1541 4065 Καὶ
1603 4014 1630 4064 ὁ
1681 4011 1780 4080 μὲν
1834 4008 1976 4074 θεῖος

403 4113 787 4182 Χρυσόστομος
841 4112 1131 4182 ὁλόκληρον
1184 4111 1352 4180 αὐτὴν
1416 4111 1780 4183 παραδίδωσιν
1829 4114 1971 4168 οὕτω

399 4202 592 4269 λέγων·
627 4221 644 4252 ι
681 4203 992 4271 Παρακαλῶ
1025 4203 1190 4273 ὑμᾶς,
1234 4201 1471 4270 ἀδελφοὶ,
1504 4202 1597 4255 τὸν
1647 4202 1849 4258 κανόνα
1874 4204 1974 4272 τῆς

403 4296 711 4365 προσευχῆς
748 4295 1012 4364 μηδέποτε
1055 4296 1508 4365 καταπατήσητε,
1566 4295 1597 4365 ῆ
1629 4299 1974 4368 καταφρονή-

407 4405 556 4456 σητε.
623 4389 870 4440 Ἤκουσα
919 4388 1036 4456 γάρ
1075 4405 1202 4440 ποτε
1233 4387 1343 4440 τῶν
1378 4389 1639 4458 Πατέρων
1682 4388 1971 4456 λεγόντων,

2067 2072 2141 2128 De
2166 2075 2406 2131 oratione
2443 2092 2584 2157 quq
2609 2095 2724 2132 cum
2769 2084 3056 2157 attentione
3100 2093 3148 2138 et
3199 2086 3371 2140 cordis
3417 2087 3646 2157 vigilan-

2433 2149 2504 2198 tia
2545 2148 2626 2216 ﬁt,
2666 2159 2712 2202 et
2746 2151 2809 2204 de
2831 2153 2945 2220 ejus
2975 2157 3294 2221 operatione.

2141 2233 2230 2290 48.
2265 2234 2394 2301 Qua:
2414 2253 2537 2292 cum
2577 2243 2878 2297 attentione
2907 2259 2971 2297 ac
3002 2244 3286 2314 vigilantia
3356 2249 3498 2303 intra
3547 2267 3643 2306 cor

2067 2324 2130 2379 fit
2159 2329 2355 2390 oratio.
2385 2339 2442 2383 ut
2473 2330 2672 2386 dictum
2693 2344 2800 2396 est,
2831 2336 3036 2406 absque
3068 2338 3170 2391 alia
3213 2340 3543 2408 cogitatione
3597 2355 3648 2396 ‹·ι

2065 2418 2455 2486 imaginatione
2482 2437 2578 2491 per
2635 2440 2727 2480 eas
2758 2441 2918 2481 voces
2946 2446 2959 2482 :
2989 2428 3213 2484 Domine
3240 2429 3649 2494 Jesu-Christe,

2067 2505 2170 2561 Fili
2194 2508 2306 2574 Dei,
2328 2513 2395 2565 ad
2414 2512 2591 2581 ipsum
2616 2521 2969 2572 memOratum
2991 2520 3275 2574 Dominum
3297 2519 3481 2576 Jcsnm
3503 2523 3656 2576 Chri-

2069 2606 2210 2653 stum
2243 2600 2446 2671 absque
2474 2619 2610 2658 sono
2634 2622 2697 2661 ac
2721 2605 3002 2666 locutione
3025 2615 3273 2676 omnino,
3327 2631 3480 2668 IllellS
3525 2632 3652 2684 pln-

2073 2690 2332 2746 tenditur.
2369 2693 2472 2749 Per
2518 2698 2646 2753 illud
2697 2713 2878 2755 autem
2925 2722 2944 2754 ι
2990 2703 3250 2760 Miserere
3283 2707 3428 2760 mei»
3465 2723 3654 2761 recur-

2071 2779 2154 2832 rit
2179 2789 2231 2832 ct
2259 2783 2322 2836 ad
2355 2786 2590 2855 seipsam
2623 2802 2893 2858 movetur,
2934 2803 3192 2864 tanquam
3230 2811 3336 2849 non
3369 2797 3653 2851 sustinens

2072 2885 2172 2940 pro
2207 2887 2264 2927 se
2294 2890 2400 2930 non
2433 2892 2624 2948 orare;
2651 2885 2717 2938 ad
2783 2880 3108 2942 charitat'em
3175 2904 3302 2944 vero
3358 2889 3654 2957 proﬁciens
3698 2895 3702 2899 ’

2077 2963 2429 3034 Si"ti‘lli‘t‘ilel‘
2477 2987 2574 3042 per
2635 2989 3099 3046 experimentum,
3170 2981 3233 3034 ad
3299 2981 3475 3048 ipsum
3549 2981 3653 3033 Do-

2078 3053 2285 3110 minum
2308 3057 2495 3116 Jesum
2529 3067 2805 3122 Christum
2829 3071 3081 3131 vertitur.
3118 3071 3339 3126 secundi
3363 3072 3505 3124 enim
3543 3087 3653 3126 ma-

2081 3143 2336 3204 nifestam
2365 3159 2772 3223 persuasionem
2808 3164 3039 3231 accepit.

2075 3397 2349 3470 Quomodo
2379 3406 2670 3461 orationem
2703 3411 2867 3465 divini
2887 3411 3076 3469 Patres
3098 3416 3248 3468 nobis
3284 3416 3455 3469 dicere
3484 3420 3654 3470 tradi-

2143 3469 2354 3539 derunt,
2385 3483 2434 3528 et
2463 3476 2604 3545 quod
2629 3481 2964 3547 excellenter,
2995 3493 3044 3537 et
3075 3501 3320 3554 quianam
3353 3497 3428 3540 est
3457 3469 3652 3543 oratio.

2146 3651 2236 3706 49.
2267 3651 2455 3724 Itaque
2483 3671 2591 3713 non
2625 3653 2845 3730 semper
2875 3663 3183 3720 orationem
3233 3667 3547 3723 universam
3581 3668 3659 3721 di-

2076 3742 2185 3798 vini
2240 3744 2430 3802 Patres
2470 3763 2662 3807 omnes
2691 3753 2980 3812 tradidisse
3031 3756 3306 3821 videntur,
3360 3759 3454 3815 sed
3513 3775 3655 3813 unus

2075 3837 2293 3904 quidem
2343 3841 2689 3908 universam,
2724 3845 2865 3902 alius
2915 3857 3094 3903 autem
3137 3849 3461 3917 dimidiam;
3519 3853 3658 3906 alter

2075 3943 2139 3982 ex
2174 3941 2347 4000 parte,
2385 3935 2519 3989 alter
2550 3937 2658 3992 alio
2684 3938 2869 4003 modo,
2906 3938 2974 3994 ad
3009 3942 3222 3997 orantis
3251 3942 3396 3998 vires
3430 3943 3510 3998 ‘et
3545 3954 3657 3998 sta-

2077 4034 2210 4081 tum.
2251 4027 2315 4082 Et
2346 4028 2565 4085 divinus
2590 4033 2811 4100 quidem
2843 4034 3298 4106 Chrysostomus,
3339 4039 3654 4092 universam

2076 4133 2195 4170 eam
2265 4119 2516 4184 tradidit,
2547 4121 2778 4177 dicens.
2855 4122 3097 4180 «Hortor
3159 4141 3281 4187 vos.
3340 4125 3564 4190 fratres,
3593 4136 3657 4180 ut

2078 4224 2356 4278 nunquam
2384 4212 2648 4268 orationis
2679 4214 2922 4281 regulam
2972 4217 3314 4272 conculcetis
3367 4228 3462 4272 aut
3526 4231 3659 4270 con-

2077 4303 2356 4358 temnatis.
2387 4305 2582 4358 Audivi
2615 4306 2758 4360 enim
2820 4305 3011 4362 Patres
3059 4306 3307 4364 dicentes
3340 4347 3355 4363 .
3414 4309 3548 4374 Quis
3576 4319 3662 4364 est

2078 4395 2380 4450 monachus
2414 4397 2536 4459 istc.
2574 4398 2664 4465 qni
2690 4399 2930 4468 regulam
2966 4409 3286 4455 contemnat
3319 4404 3661 4458 antconcul-

339 4534 344 4539 _
402 4480 482 4533 ὅτι
517 4481 671 4543 Ποῖος
703 4482 907 4542 ἐκεῖνος
934 4480 962 4531 ὁ
1005 4481 1270 4548 μονάζων,
1309 4481 1402 4532 ἐὰν
1444 4480 1534 4533 τὸν
1565 4481 1764 4534 κανόνα
1803 4499 1973 4535 κατα-

2080 4496 2182 4546 cet.
2221 4487 2314 4542 scd
2349 4488 2528 4551 debet.
2563 4491 2680 4545 sive
2703 4493 3020 4555 manducet.
3047 4495 3165 4549 sive
3211 4495 3391 4556 bibat.
3427 4497 3543 4550 sive
3573 4513 3654 4551 se-

407 4575 671 4642 φρονήσῃ,
697 4572 729 4641 ἦ
759 4572 1120 4640 καταπατήσῃ
1144 4587 1159 4636 ;
1180 4571 1311 4623 ἀλλὰ
1334 4571 1536 4640 ὀφείλει
1554 4571 1664 4624 εἴτε
1693 4571 1878 4625 ἐσθίει.
1903 4574 1975 4626 εί-

408 4681 465 4715 τε
535 4664 698 4728 πίνει,
782 4663 896 4717 εἴτε
965 4663 1278 4726 καθέζεται,
1351 4665 1460 4716 εἴτε
1526 4665 1783 4727 διακονεῖ,
1866 4665 1975 4718 εἴτε

405 4754 598 4816 ὁδεύει,
635 4759 744 4808 εἴτε
783 4773 835 4807 τι
874 4756 1062 4825 ἕτερον
1119 4759 1284 4820 ποιεῖ,
1345 4755 1704 4818 ἀδιαλείπτως
1754 4757 1976 4826 κράζειν

403 4848 484 4908 τὸ,
515 4847 684 4916 Κύριε
709 4847 883 4915 Ἰησοῦ
913 4847 1138 4918 Χριστὲ,
1183 4848 1278 4900 Υἱὲ
1313 4846 1404 4900 τοῦ
1436 4847 1594 4909 Θεοῦ,
1629 4847 1849 4917 ἐλέησόν
1883 4865 1974 4916 με,

407 4939 494 4990 ἵνα
537 4938 672 5006 αὕτη
708 4941 740 5008 ἠ
782 4940 970 5008 μνήμη
999 4939 1094 4991 τοῦ
1127 4938 1390 5004 ὀνόματος
1423 4938 1518 4990 τοῦ
1570 4939 1774 5009 Κυρίου
1817 4938 1974 5008 ἡμῶν

418 5028 589 5097 Ἰησοῦ
618 5029 877 5099 Χριστοῦ,
931 5030 1154 5100 ὲρεθίσῃ
1207 5031 1344 5100 πρὺς
1383 5030 1620 5100 πόλεμον
1639 5031 1729 5088 τὸν
1755 5030 1969 5101 ἐχθρόν.

405 5122 592 5174 Πάντα
618 5122 726 5189 γὰρ
757 5122 842 5174 διὰ
871 5117 1220 5192 τῆςμνήμης
1251 5120 1366 5190 ἔχει
1396 5121 1575 5191 εὑρεῖν
1604 5123 1636 5190 ἡ
1677 5119 1974 5190 βιαζομένη

401 5211 572 5281 ψυχὴ,
627 5211 734 5263 εἴτε
797 5212 1028 5282 πονηρὰ,
1104 5209 1212 5263 εἴτε
1285 5211 1484 5278 ἀγαθά.
1546 5210 1768 5281 Πρῶτον
1823 5209 1879 5262 δὲ
1919 5210 1978 5262 τὸ

404 5303 574 5356 κακδν
604 5303 714 5372 ἔχει
761 5305 890 5355 ἰδεῖν
935 5301 1138 5354 ἔσωθεν
1178 5304 1235 5355 ὲν
1283 5303 1347 5371 τῇ
1389 5301 1588 5370 καρδία
1652 5301 1841 5363 αὑτοῦ,
1883 5302 1978 5352 καὶ

402 5397 523 5448 τότε
549 5396 614 5448 τὰ
639 5396 780 5448 καλὰ
801 5413 813 5426 ο
846 5397 878 5465 ή
909 5395 1015 5466 γὰρ
1041 5396 1225 5465 μνήμη
1258 5393 1369 5464 ἔχει
1392 5394 1607 5462 κινῆσαι
1634 5393 1723 5445 τὸν
1749 5393 1975 5459 δράκον-

401 5506 495 5548 τα,
529 5489 680 5558 καὶὴ
727 5489 914 5558 μνήμη
955 5488 1068 5558 ἔχει
1108 5487 1270 5540 αὑτὸν
1302 5486 1662 5538 ταπεινῶσαν
1701 5487 1733 5556 ή
1783 5486 1975 5554 μνήμη

403 5580 618 5647 ἐλέγξαι
646 5581 744 5648 τὴν
775 5583 829 5632 έν
862 5581 993 5649 ἡμῖν
1013 5579 1269 5631 οἰκοῦσαν
1289 5577 1584 5647 ἁμαρτίαν,
1613 5577 1706 5631 καὶ
1731 5578 1762 5647 ἠ
1791 5580 1974 5647 μνήμη

405 5672 518 5743 ἔχει
546 5672 710 5724 αὐτὸν
740 5671 1049 5738 δαπανῆσαι
1084 5671 1175 5722 καὶ
1223 5671 1444 5738 κινῆσαι
1480 5671 1660 5722 πᾶσαν
1693 5670 1789 5736 τὴν
1819 5668 1979 5722 δύνα-

410 5783 499 5834 μιν
540 5764 632 5816 τοῦ
663 5761 857 5833 ἐχθροῦ
896 5764 953 5815 ἐν
978 5765 1039 5830 τῇ
1082 5761 1297 5837 καρδίᾳ,
1329 5763 1421 5815 καὶ
1445 5763 1478 5830 ἡ
1515 5763 1702 5833 μνήμη
1740 5759 1848 5831 ἔχει
1882 5760 1976 5813 αύ-

2083 4579 2231 4642 ιΙιιειι,
2282 4580 2400 4634 sive
2436 4583 2657 4643 serviat.
2695 4583 2808 4637 sive
2842 4584 2944 4638 iter
2969 4584 3156 4649 faciat,
3189 4587 3302 4641 sive
3348 4588 3475 4656 quid
3513 4589 3656 4643 aliud

2078 4683 2224 4737 agat,
2253 4673 2624 4728 indesinenter
2650 4677 2699 4730 id
2727 4679 2964 4731 clamare
2995 4715 3011 4731 .
3052 4695 3072 4729 ι
3099 4678 3328 4735 Domine
3357 4679 3481 4735 Jesu
3500 4683 3660 4737 Chri-

2079 4776 2184 4822 Sto.
2222 4764 2322 4819 Fili
2358 4765 2472 4832 Dei,
2503 4768 2764 4823 miserere
2797 4771 2926 4834 mei,
2955 4789 2974 4822 ι
3002 4780 3062 4824 ut
3086 4771 3207 4836 ipsa
3242 4771 3452 4827 Domini
3490 4777 3661 4829 nostri

2074 4859 2202 4914 ,ιι-ευ
2242 4860 2443 4915 Christi
2477 4863 2735 4916 memoria
2760 4877 2884 4918 eum
2911 4864 3114 4919 excitet
3135 4865 3203 4919 ad
3234 4865 3660 4934 impugnandum

2079 4955 2390 5010 inimicum.
2423 4955 2616 5010 Omnia
2640 4958 2785 5010 enim
2819 4972 2914 5026 per
2941 4957 3259 5011 memoriam
3293 4969 3466 5026 potest
3511 4959 3663 5012 inve-

2078 5051 2198 5104 nire
2225 5050 2330 5104 vim
2361 5050 2573 5119 patiens
2593 5048 2798 5114 anima,
2830 5050 2946 5104 sive
2980 5049 3149 5112 mala,
3183 5049 3300 5103 sive
3337 5051 3502 5106 bona.
3540 5051 3660 5103 Pri-

2079 5159 2226 5196 mum
2272 5151 2455 5196 autem
2492 5141 2694 5197 malum
2736 5157 2785 5197 et
2819 5143 2946 5197 licet
2979 5141 3031 5196 in
3056 5141 3222 5195 corde
3246 5157 3350 5195 suo
3383 5141 3582 5203 videre,
3609 5152 3663 5194 ct

2079 5233 2278 5287 deinde
2315 5234 2476 5286 bona.
2505 5231 2764 5286 Memoria
2803 5233 2948 5286 enim
2990 5240 3177 5299 potest
3208 5232 3502 5283 draconum
3538 5247 3660 5282 mn-

2077 5340 2224 5387 vcre,
2249 5333 2302 5379 et
2322 5323 2778 5389 memoriapotcst
2799 5339 2921 5376 eum
2944 5324 3248 5378 humiliare.
3280 5322 3536 5378 Memoria
3569 5338 3664 5389 po-

2078 5424 2182 5469 tcst
2217 5423 2500 5484 peccatum
2531 5417 2582 5468 in
2620 5415 2777 5468 nobis
2829 5412 3068 5466 habitam
3128 5412 3554 5479 drprehemlerc,
3606 5416 3661 5460 ct

2079 5511 2338 5563 nn-tnoria
2366 5519 2542 5584 potest
2567 5510 2743 5584 ipsum
2770 5507 3145 5579 pessumdare,
3162 5517 3213 5560 et
3237 5522 3450 5560 movere
3471 5506 3522 5557 in
3543 5521 3664 5559 cor-

2085 5608 2150 5655 (lo
2179 5583 2404 5655 omnem
2426 5583 2679 5656 virtutem
2710 5600 2940 5662 inimici,
2964 5609 3018 5653 ct
3042 5600 3300 5653 memoria
3328 5605 3506 5666 potest
3539 5614 3657 5650 eam

2081 5698 2295 5748 vina-rc
2325 5704 2378 5747 et
2416 5695 2689 5747 cradicarc
2715 5709 2810 5762 per
2857 5704 3074 5760 partrs;
3111 5699 3167 5742 ut
3209 5705 3402 5742 nomen
3450 5688 3660 5742 Domini

2078 5788 2202 5841 ,ιςνδυ
2241 5787 2443 5841 Christi
2506 5787 2560 5840 in
2623 5785 2802 5840 cordis
2890 5783 3218 5851 profundum
3313 5782 3666 5854 descendens,
