4032 6208
531 280 642 356 τῃ
1362 300 1700 363 CALLISTI
1748 306 1843 364 ET
1886 305 2193 368 IGNATII
2253 311 2942 376 XANTHOPULORUM
3558 361 3566 369 ι

532 405 824 459 draconem
850 407 940 476 qni
973 424 1200 478 pascura
1232 423 1486 481 occupat,
1530 417 1804 482 luuuiliet,
1865 421 2046 474 anima

2153 429 2175 480 ὶ
2214 425 2312 493 τὴν
2335 429 2551 495 νικῆσαι
2580 435 2669 482 καὶ
2707 433 3004 502 ἐκριζῶσςι
3039 437 3176 488 κατὰ
3220 439 3397 508 μέρος,
3443 441 3520 493 ἵνα
3546 443 3596 496 τὸ
3628 449 3722 498 δν,-

530 512 663 560 vero
690 498 863 553 salvet
893 516 958 556 ac
996 502 1256 560 vivificct.
1296 502 1666 563 ludcsinenter
1700 511 1866 580 igitur
1893 513 2047 566 adhze

2213 534 2287 585 μα
2321 519 2414 571 τοῦ
2447 521 2647 590 Κυρίου
2685 525 2861 593 Ἰησοῦ
2889 525 3123 592 Χριστοῦ
3158 531 3541 599 κατερχόμενον
3581 541 3648 597 εἷς
3675 541 3724 591 τὸ

534 590 742 644 nomini
763 591 974 646 Domini
993 592 1144 660 Jesn,
1188 598 1442 654 utcbibut
1467 615 1561 654 cor
1586 610 1736 655 tuum
1785 602 2048 658 Dominur

2209 607 2372 676 βάθος
2399 612 2495 678 τῆς
2519 613 2763 683 καρδίας,
2794 615 2884 668 τὸν
2917 617 3014 685 μὲν
3042 618 3311 686 δράκοντα
3341 623 3428 674 τον
3459 629 3722 695 κρατοῦντι

526 688 581 734 et
612 678 873 736 Dominus
891 698 1004 748 cor,
1031 693 1084 739 et
1113 685 1223 741 duo
1253 687 1305 741 in
1329 705 1497 744 unum
1524 693 1676 746 fiant.
1711 690 1815 747 Sed
1836 695 1940 748 hoc
1965 711 2048 764 opt

2594 678 2605 683 -
2917 678 2928 685 ν
3076 678 3086 686 υ
3496 678 3505 695 |
3596 678 3634 681 "
3679 678 3722 682 ’”

2205 697 2303 758 τὰς
2369 698 2540 766 νομὰς
2598 703 2934 774 ταπεινώσῃ,
2985 705 3080 775 τὴν
3117 707 3176 759 δὲ
3227 708 3403 779 ψυχὴν
3468 715 3601 786 σώσῃ
3646 723 3722 771 καὶ

524 778 738 824 estnon
765 771 928 827 unius
955 772 1085 840 diei,
1109 775 1201 829 sed
1228 776 1384 848 multi
1406 779 1670 846 temporis
1698 779 1906 843 ;multo
1926 791 2048 835 cert:

2203 780 2538 856 ζωο-οιήσῃ.
2616 787 3003 855 Ἀδιαλείπτως
3053 794 3238 848 τοίνυν
3305 801 3618 870 παράμεινον
3662 810 3723 874 τῖι

524 861 671 917 mine
700 869 758 918 et
793 872 1038 934 tempore
1061 879 1203 936 Opus
1223 877 1325 928 est.
1352 879 1413 923 ut
1453 870 1711 938 ejiciatur
1743 871 2022 934 inimicus,

2202 869 2423 940 ὀνόματι
2454 871 2547 924 τοῦ
2580 874 2786 944 Κυρίου
2855 876 3056 947 Ἰησοῦ,
3098 881 3189 934 ἵνα
3219 888 3456 957 καταπίῃ
3486 891 3517 958 ή
3550 893 3714 961 mpii:

524 949 904 1010 introducatur
933 955 1207 1016 Christus.
1235 978 1253 1012 ι
1279 959 1341 1015 Et
1363 978 1605 1026 rursum,
1625 981 1644 1015 ι
1669 962 1893 1033 Oportet
1912 964 2048 1019 conti

2201 961 2288 1016 τὸν
2329 963 2550 1033 Κύριον,
2576 967 2670 1018 καὶ
2695 969 2722 1020 6
2750 969 2952 1040 Κύριος
2979 971 3078 1040 τὴν
3125 975 3377 1044 καρδίαν,
3410 949 3516 1032 καὶ,
3537 949 3722 1052 γένηται

522 1055 752 1104 marcet
780 1049 930 1106 intus
987 1049 1188 1107 habere
1206 1062 1537 1118 meutem.et
1577 1055 1801 1110 fraenum
1839 1057 1940 1126 ipsi
1981 1057 2048 1127 inj

2195 1055 2264 1107 τὰ
2293 1053 2404 1108 δύω
2441 1056 2520 1118 είς
2558 1056 2636 1110 ἓν.
2691 1057 2850 1112 Ἀλλὰ
2878 1060 2938 1114 τὸ
2971 1062 3132 1133 ἔργον
3161 1067 3319 1120 τοῦτο
3350 1071 3446 1122 οὐκ
3483 1071 3587 1125 ἐστι
3619 1049 3722 1138 μιξς

521 1151 670 1204 cere.
693 1148 748 1196 et
767 1155 980 1196 omnem
999 1144 1378 1213 cogitationem
1397 1162 1700 1218 omnesque
1716 1149 1934 1219 maligni
1959 1151 2048 1204 vin

2195 1144 2429 1214 ἡμέρας,
2470 1146 2503 1217 ἢ
2555 1145 2686 1210 δύω,
2722 1149 2862 1203 ἀλλὰ
2921 1153 3114 1222 χρόνου
3168 1155 3364 1210 πολλοῦ
3414 1162 3501 1213 καὶ
3540 1166 3718 1233 καιροῦ

519 1241 618 1296 per
650 1228 1051 1288 invocationem
1093 1233 1306 1290 Domini
1343 1239 1512 1292 nostri
1558 1237 1909 1294 Jesu-Christi
1946 1253 2048 1296 cas!

2193 1236 2390 1290 πολλοῦ
2425 1239 2532 1309 γὰρ
2555 1240 2766 1309 ἀγῶνος
2819 1243 2914 1296 καὶ
2949 1247 3142 1315 χρόνου
3168 1250 3351 1320 χρεία,
3387 1253 3526 1318 ὅπως
3553 1228 3720 1326 £1611;-

520 1331 670 1386 κατε.
704 1339 724 1374 ο
761 1321 829 1376 Ει
867 1323 955 1376 ubi
1005 1333 1112 1379 stat
1168 1341 1392 1398 corpus.
1413 1329 1484 1382 ibi
1506 1329 1578 1384 sit
1606 1341 1660 1384 et
1682 1347 1855 1398 mens,
1878 1331 2048 1386 utintl

2193 1327 2260 1397 θη
2297 1328 2325 1379 δ
2355 1327 2568 1396 ἐχθρὸς,
2611 1330 2706 1382 καὶ
2739 1332 2990 1407 ἐνοικήσῃ
3031 1339 3059 1390 ὁ
3091 1339 3349 1407 Χριστός.
3388 1361 3405 1394 ι
3441 1347 3541 1397 Καὶ
3575 1321 3720 1410 αἷθτξο

519 1407 695 1464 Deum
751 1422 805 1466 et
834 1427 930 1468 cor
952 1415 1088 1470 nihil
1131 1417 1454 1489 inveniatur;
1481 1422 1860 1476 intermedium
1883 1431 1980 1476 aut
2015 1438 2048 1478 si

2198 1434 2216 1466 ι
2257 1415 2379 1485 Χρὴ
2414 1417 2834 1485 ἀσφαλίζεσθαι,
2899 1425 2992 1476 καὶ
3036 1427 3276 1497 ἡνιοχεῖν
3319 1432 3409 1483 τὸν
3465 1435 3596 1497 νοῦν,
3646 1439 3722 1489 καὶ

519 1507 674 1568 ptum
704 1516 799 1556 cor
821 1504 1124 1563 oliscurans
1160 1508 1322 1577 idque
1347 1527 1376 1565 a
1404 1510 1513 1566 Deo
1531 1515 1847 1584 sejungeus.
1879 1513 1937 1579 Si
1970 1528 2048 1568 vet

2189 1509 2586 1580 χαλιναγωγεῖν
2617 1512 2800 1576 αὑτὸν,
2857 1516 2950 1568 καὶ
2991 1518 3173 1572 πάντα
3205 1522 3481 1592 λογισμὸν,
3510 1531 3592 1579 καὶ
3634 1532 3720 1580 :5-

516 1589 646 1657 quid
683 1604 919 1649 mentem
965 1603 1158 1667 rapiat,
1189 1617 1296 1656 non
1323 1603 1744 1672 cogitationibus
1771 1605 2048 1659 morandm

2191 1615 2290 1650 σαν
2323 1597 2418 1650 τοῦ
2451 1601 2687 1670 πονηροῦ
2723 1603 3002 1674 ἐνέργειαν
3059 1609 3313 1675 κολάζειν
3352 1614 3439 1666 διὰ
3490 1617 3580 1684 τῆς
3614 1620 3716 1669 ἑπι-

513 1689 635 1747 est;
663 1698 731 1738 ne
763 1699 1026 1743 assensus
1059 1689 1206 1744 hisce
1227 1693 1652 1762 cogitationibus
1676 1695 2048 1766 ipsiimputett

2153 1766 2164 1775 ι
2188 1689 2432 1758 κλήσεως
2470 1689 2564 1744 τοῦ
2596 1693 2803 1764 Κυρίου
2837 1696 2998 1766 ἡμῶν
3041 1700 3222 1768 Ἰησοῦ
3278 1705 3530 1775 Χριστοῦ.
3560 1727 3577 1758 ι
3627 1709 3718 1760 Καὶ

514 1771 570 1826 in
591 1772 678 1830 die
700 1775 892 1840 judicii
931 1793 1115 1834 coram
1137 1782 1387 1853 Domino,
1413 1788 1634 1855 quando
1655 1763 1922 1858 iudicabit
1946 1787 2048 1843 Deu

2153 1766 2320 1832 ίόπου
2355 1782 2416 1833 τὸ
2444 1781 2604 1850 σῶμα
2657 1785 2894 1850 ἵσταται,
2940 1789 3058 1844 ἐκεῖ
3102 1791 3247 1846 ἔστω
3278 1797 3373 1848 καὶ
3419 1798 3446 1848 6
3482 1797 3614 1861 νοῦς,
3648 1800 3718 1869 in

511 1865 722 1920 occulta
751 1868 1051 1926 hominum.
1089 1871 1291 1930 Vacate
1315 1876 1482 1945 igitur
1512 1894 1753 1948 semper,
1805 1890 1861 1935 et
1893 1882 2078 1937 adhae-

509 1967 626 2014 rctc
660 1958 894 2018 Domino
927 1963 1037 2018 Deo
1068 1977 1279 2032 nostro,
1315 1969 1490 2025 donec
1513 1971 1837 2028 misereatur
1889 1976 2080 2037 vestri.

509 2063 609 2104 nec
634 2052 930 2124 quidquam
961 2058 1106 2112 aliud
1135 2061 1382 2128 quaerite,
1423 2062 1524 2116 nisi
1561 2063 1731 2118 solam
1768 2065 2081 2120 misericor-

505 2139 650 2195 diam
674 2159 706 2196 a
738 2143 961 2202 Domino
983 2149 1186 2217 gloriae.
1205 2150 1524 2216 Quaareutes
1549 2163 1730 2210 autent
1761 2157 2080 2213 misericor-

2185 1869 2351 1939 μέσον
2388 1871 2482 1924 τοῦ
2513 1873 2650 1926 Θεοῦ
2687 1876 2784 1928 καὶ
2836 1879 2934 1947 τῆς
2967 1882 3198 1951 καρδίας
3232 1887 3396 1955 μηδὲν
3443 1888 3614 1956 ἕτερον
3644 1893 3718 1942 εὐο

2186 1963 2440 2033 ρίσκηται
2469 1963 2544 2026 ὡς
2573 1970 2908 2036 μεσότοιχον,
2951 1969 2982 2039 ἢ
3013 1975 3272 2042 φραγμος
3309 1979 3613 2032 ἐπισκοτοῦν
3638 1985 3718 2049 τὴν

2180 2054 2430 2123 καρδίαν,
2480 2056 2575 2110 καὶ
2628 2058 2863 2128 χωρίζον
2913 2061 3004 2115 τὸν
3072 2064 3206 2116 νοῦν
3260 2068 3369 2121 ἀπὸ
3428 2069 3518 2122 τοῦ
3579 2071 3713 2127 Θεοῦ.

2191 2147 2317 2200 Ἐὰν
2337 2148 2390 2201 δὲ
2419 2150 2512 2202 καί
2547 2168 2675 2203 ποτε
2703 2153 2923 2224 ἁρπάζῃ
2958 2156 3050 2208 τὸν
3083 2157 3236 2221 νοῦν,
3261 2161 3322 2212 ού
3359 2163 3459 2231 χρὴ
3503 2167 3605 2227 τοῖς
3641 2166 3714 2217 λο-

505 2232 680 2295 diam.
712 2235 768 2289 in
813 2237 1008 2293 humili
1065 2252 1119 2295 et
1178 2242 1469 2298 miserabili
1519 2246 1680 2300 corde
1719 2248 1970 2317 quaerite,
2023 2265 2048 2304 ε

2177 2243 2396 2310 γισμοῖς
2439 2243 2798 2312 ἐγχρονίζειν,
2845 2245 2932 2298 ἵνα
2987 2249 3062 2318 μὴ
3101 2251 3133 2321 ἡ
3193 2255 3580 2320 συγκατάθεσις
3623 2256 3714 2307 τῶν

503 2324 738 2381 clamate
765 2341 795 2380 a
837 2345 996 2383 mane
1031 2331 1096 2394 ad
1124 2347 1426 2400 vesperam.
1446 2345 1500 2390 et
1520 2339 1564 2393 si
1580 2338 1693 2393 fieri
1716 2340 1887 2409 possit
1907 2350 2074 2397 totam

501 2427 714 2472 noctem
748 2419 882 2475 illud
907 2438 925 2472 ι
959 2420 1186 2479 Domine
1217 2425 1348 2482 Jesu
1380 2427 1620 2498 Christe,
1660 2432 1924 2490 miserere
1945 2435 2072 2499 mei,

499 2513 554 2560 tt
595 2509 773 2578 cogite
812 2521 1046 2567 mentem
1083 2526 1316 2572 vestram
1347 2519 1412 2574 ad
1448 2520 1578 2575 illttd
1614 2536 1752 2593 opus
1788 2540 1964 2594 usque
2003 2527 2070 2582 ad

499 2613 752 2660 mortem.
792 2605 957 2662 Multa
999 2609 1145 2666 enim
1183 2613 1437 2670 violentia
1480 2632 1618 2686 opus
1659 2629 1765 2685 est,
1811 2622 2069 2691 quoniam

496 2705 727 2764 angusta
761 2705 815 2752 et
858 2707 1005 2769 porta
1041 2711 1096 2758 et
1112 2714 1264 2760 arcta
1299 2707 1552 2779 via,'qua2
1593 2710 1743 2766 duci:
1777 2713 1844 2767 ad
1873 2713 2068 2780 vitam,

492 2793 550 2838 et
593 2785 808 2843 vio!enti
850 2789 1236 2860 ingrediuntur
1290 2797 1344 2852 in
1407 2814 1516 2867 ea;
1558 2801 1918 2858 violentorum
1985 2814 2069 2860 est

491 2878 638 2931 enim
701 2895 926 2950 regnum
973 2885 1258 2944 cmlorum.
1286 2887 1487 2945 Hortor
1531 2895 1696 2963 igitur
1728 2910 1844 2960 vos,
1879 2912 1945 2951 ue
1981 2913 2068 2952 se-

494 2969 696 3037 p'trt'lis
731 2987 760 3026 a
799 2970 910 3028 Deo
943 2975 1112 3032 corda
1149 2989 1370 3046 vestra;
1413 2983 1507 3036 sed
1539 2985 1866 3042 adhaerentis
1912 2989 1962 3043 ei
2013 2998 2066 3043 et

2176 2333 2451 2403 λογισμῶν
2517 2336 2597 2398 εἰς
2661 2337 2862 2405 πρᾶξιν
2925 2339 3076 2412 αῦτῷ
3155 2343 3385 2416 λογισθῇ
3451 2349 3506 2399 ἐν
3555 2349 3712 2419 ἡμέρα

2175 2424 2411 2494 κρίσεως
2454 2425 2686 2478 ἐνώπιον
2713 2428 2807 2480 τοῦ
2839 2431 3070 2500 Κυρίου,
3109 2435 3201 2487 ὅτε
3247 2442 3420 2509 κρινεῖ
3447 2440 3474 2491 6
3511 2439 3628 2502 Θεὸς
3657 2441 3711 2491 τὰ

2175 2516 2392 2585 κρυπτὰ
2416 2516 2524 2570 τῶν
2551 2517 2873 2590 ἀνθρώπων.
2901 2523 3212 2592 Σχολάσατε
3239 2529 3414 2582 τοίνυν
3433 2531 3708 2595 διαπαντὸς,

2172 2609 2266 2661 καὶ
2293 2609 2665 2678 παραμείνατε
2690 2612 2878 2682 Κυρίῳ
2897 2615 2976 2685 τῷ
3002 2615 3121 2688 Θεῷ
3146 2621 3333 2690 ἡμῶν,
3353 2623 3453 2686 ἓως
3473 2619 3528 2678 οῦ
3553 2626 3710 2696 οίκτη·

2177 2700 2316 2771 ρήσῃ
2349 2701 2488 2766 ὑμᾶς
2508 2740 2523 2764 ,
2556 2703 2648 2754 καὶ
2685 2703 2852 2771 μηδὲν
2877 2706 3066 2777 ἕτερον
3093 2710 3336 2780 ζητεῖτε,
3367 2715 3396 2785 ἥ
3421 2717 3570 2784 μόνον
3586 2717 3709 2780 ἕλεος

2173 2788 2322 2858 παρὰ
2354 2787 2448 2841 τοῦ
2479 2790 2682 2859 Κυρίου
2722 2792 2822 2862 τῆς
2852 2794 3031 2864 δόξης.
3065 2799 3372 2866 Ζητοῦντες
3407 2804 3462 2856 δὲ
3501 2805 3633 2868 ἔλεος
3659 2808 3707 2857 ἐν

2169 2882 2399 2950 ταπεινῇ
2424 2880 2516 2933 καὶ
2562 2882 2770 2955 ἐλεεινῇ
2804 2888 3001 2958 καρδίᾳ
3033 2889 3275 2958 ζητεῖτε,
3321 2895 3413 2946 καὶ
3442 2895 3589 2966 βοᾶτε
3615 2898 3706 2949 ἀπὸ

2169 2968 2316 3040 πρωῒ
2336 2970 2440 3032 ’ἕως
2475 2971 2736 3043 ἑσπέρας,
2769 2977 2817 3028 εί
2850 2976 3077 3032 δυνατὸν
3111 2982 3210 3034 καὶ
3249 2984 3376 3053 ὃλην
3405 2986 3497 3056 τὴν
3528 2988 3695 3050 νύκτα,

487 3059 653 3113 corda
679 3063 1004 3120 custodiatis
1040 3067 1251 3138 ubique!
1285 3081 1340 3127 et
1382 3088 1596 3144 semper
1643 3091 1766 3131 cum
1797 3082 2048 3136 memoria

2167 3059 2248 3122 τὺ,
2279 3062 2452 3131 Κύριε
2499 3061 2672 3134 Ἰησοῦ
2703 3067 2927 3136 Χριστέ,
2962 3069 3186 3140 ἐλέησόν
3237 3093 3326 3145 με,
3349 3078 3441 3130 καὶ
3475 3077 3705 3147 βιάσασθε

487 3146 703 3205 Domini
753 3157 920 3224 nostri
942 3154 1072 3212 Jesu
1123 3158 1346 3230 Christi,
1375 3164 1548 3238 donec
1582 3165 1930 3236 implantetur
1953 3187 2053 3226 rio-

488 3256 612 3295 nteu
649 3241 863 3299 Domini
892 3245 1040 3303 intus
1065 3249 1117 3302 in
1151 3251 1334 3320 corde,
1361 3263 1414 3308 et
1441 3256 1570 3310 nihil
1604 3257 1753 3312 aliud
1783 3263 2050 3330 cogitetis,

483 3341 547 3388 ut
572 3337 944 3403 tnagnilicetur
965 3339 1214 3396 Christus
1239 3344 1292 3397 in
1335 3348 1510 3403 vobis.
1537 3367 1557 3402 ι
1582 3351 1720 3406 Ante
1771 3369 1895 3407 eum
1941 3370 2056 3408 ma-

482 3440 623 3495 gnus
644 3424 842 3483 Paulus
879 3429 1172 3490 Donuuum
1209 3433 1394 3490 Iesum
1437 3453 1744 3509 proponens
1773 3444 1908 3499 dicit
1939 3466 1958 3497 ι
1998 3446 2053 3500 Si

478 3517 792 3575 conﬁtearis
832 3521 886 3576 in
919 3537 1014 3578 ore
1048 3536 1142 3579 tuo
1171 3525 1454 3583 Dominum
1489 3529 1694 3595 Jesum.
1718 3544 1770 3590 et
1811 3539 2056 3594 credide-

2161 3150 2256 3204 τὸν
2307 3151 2430 3205 νοῦν
2463 3153 2618 3224 ὑμῶν
2655 3157 2736 3221 είς
2796 3159 2953 3213 τοῦτο
3010 3162 3070 3215 τὸ
3114 3163 3280 3234 ἔργον
3331 3171 3432 3234 ἓως
3458 3171 3702 3224 θανάτου·

2163 3243 2364 3312 πολλῆς
2390 3245 2498 3316 γὰρ
2562 3245 2682 3316 βίας
2716 3251 2908 3319 χρείαν
2959 3252 3072 3322 ἔχει
3109 3258 3170 3308 τὸ
3219 3259 3386 3329 ἔργον
3424 3262 3592 3322 τοῦτο,
3637 3264 3706 3315 ὅτι

2164 3335 2320 3403 στενή
2354 3336 2501 3388 ἐστιν
2531 3339 2566 3406 ὴ
2599 3338 2762 3410 πύλη,
2835 3343 2930 3395 καὶ
2969 3344 3316 3420 τεθλιμμένη
3359 3353 3390 3421 ή
3421 3353 3532 3416 ὁδὸς
3557 3356 3585 3423 ἡ
3615 3356 3704 3406 ἀπ-

2161 3419 2373 3489 άγουσα
2404 3427 2483 3486 εἰς
2509 3425 2609 3494 τὴν
2640 3427 2808 3500 ζωὴν,
2851 3432 2945 3484 καὶ
2970 3434 3018 3484 οί
3047 3419 3704 3512 βιαζόμενοι-εἰσέρχονται

2159 3515 2218 3566 ἐν
2255 3515 2416 3585 αύτῇο
2451 3515 2688 3586 βιαστῶν
2717 3521 2826 3592 γάρ
2875 3523 3023 3576 ἐστιν
3053 3528 3084 3594 ὴ
3119 3525 3372 3594 βασιλεία
3419 3531 3523 3585 τῶν
3550 3533 3696 3600 οὖρα·

2155 3604 2282 3660 νῶν.
2315 3608 2622 3676 Παρακαλῶ
2639 3607 2732 3663 οῦν
2763 3613 2928 3680 ὑμᾶς,
2967 3616 3040 3686 μὴ
3065 3619 3334 3688 χωρίζετε
3367 3623 3464 3687 τὰς
3501 3624 3701 3693 καρδίας

2156 3696 2310 3766 ὑμῶν
2341 3698 2447 3751 ἀπὸ
2487 3699 2644 3762 Θεοῦ,
2685 3702 2820 3756 ἀλλὰ
2872 3709 3233 3776 προσμένετε,
3281 3715 3376 3767 καὶ
3425 3715 3699 3783 φυλάσσετε

2151 3786 2324 3849 αὐτὰς
2355 3788 2492 3858 μετὰ
2518 3790 2616 3859 τῆς
2635 3794 2853 3865 μνήμης
2881 3797 2974 3849 τοῦ
2996 3799 3373 3872 Κυρίουήμῶν
3408 3804 3569 3874 Ἰησοῦ
3582 3806 3698 3873 Χρι-

2153 3877 2281 3931 στοῦ
2313 3879 2562 3939 πάντοτε,
2585 3881 2687 3945 ἕως
2707 3879 2767 3938 οὗ
2791 3886 3102 3959 ἐμφυτευθῇ
3125 3891 3185 3943 τὸ
3210 3892 3384 3964 ὄνομα
3403 3895 3493 3948 τοῦ
3519 3894 3696 3964 Κυρίου

2151 3968 2259 4023 Eoo)
2280 3970 2337 4022 ἐν
2360 3972 2425 4040 τῇ
2462 3971 2679 4044 καρδίᾳ,
2715 3976 2809 4028 κα)⁸
2833 3978 2998 4046 μηδὲν
3021 3979 3210 4050 ἓτερον
3263 3986 3441 4055 ἐννοῇ,
3483 3987 3565 4039 ἴνα
3609 4000 3684 4053 με-

477 3606 642 3680 ris,lu
671 3612 839 3666 corde
871 3624 984 3679 tuo,
1011 3619 1154 3683 quod
1182 3617 1322 3674 Deus
1360 3623 1646 3677 suscitavit
1673 3625 1821 3679 illum
1851 3643 1879 3681 ο
1907 3645 2054 3684 mor-

477 3698 612 3765 tuis,
633 3703 817 3758 salvus
845 3706 977 3760 eris.
1009 3707 1186 3764 Corde
1221 3713 1367 3766 enim
1403 3715 1644 3770 creditur
1667 3716 1732 3770 ad
1755 3718 2049 3788 justitiam,

473 3803 570 3844 ore
587 3802 768 3846 autem
795 3796 1066 3850 confessio
1085 3797 1148 3851 fit
1170 3799 1238 3852 ad
1264 3804 1518 3856 salutem.
1540 3803 1603 3855 Et
1622 3818 1870 3860 rursum:
1893 3825 1912 3858 ι
1941 3805 2049 3863 Ne-

473 3894 563 3934 tuo
584 3881 1025 3941 dicitzDomiuus
1050 3885 1228 3950 Jesus,
1261 3891 1366 3945 nisi
1401 3893 1452 3945 in
1486 3893 1688 3964 Spiritu
1735 3906 1924 3951 sancto
1946 3899 2045 3952 ⁸³.»

469 3972 638 4027 Addit
667 3985 848 4030 autem
879 3978 932 4030 in
957 3977 1161 4048 Spiritu
1181 3994 1386 4044 sancto.
1418 3984 1472 4038 id
1515 3995 1619 4053 est,
1675 3989 1892 4058 quando
1939 3993 2049 4044 vim

469 4064 708 4134 Spiritus
749 4069 901 4138 illud,
947 4073 1118 4127 sancti
1165 4089 1263 4129 cor
1309 4079 1601 4146 acceperit,
1639 4095 1734 4150 per
1788 4097 1951 4151 quam
1995 4075 2048 4139 οι

2153 4089 2380 4162 γαλυνθῇ
2402 4093 2430 4145 6
2455 4091 2758 4162 Χριστδςέν
2774 4093 2918 4163 ὑμῖν.
2936 4114 2954 4146 ι
2978 4094 3089 4165 Πρὸ
3113 4095 3169 4151 δέ
3195 4113 3260 4162 γε
3281 4097 3469 4151 τούτου
3485 4098 3512 4149 6
3539 4096 3688 4166 μέγας

468 4162 774 4229 orat,un
811 4173 894 4218 est
932 4165 1353 4234 proficientium,
1381 4179 1436 4223 et
1473 4185 1662 4227 eorum
1701 4174 1794 4243 qui
1825 4174 2046 4231 Christo

2153 4180 2354 4241 Παῦλος
2382 4182 2471 4235 τὸν
2507 4183 2711 4253 Κύριον
2749 4162 2958 4256 Ἰησοῦν
3003 4162 3232 4259 γράφων
3269 4190 3453 4260 φησίν⁹
3490 4209 3508 4241 ι
3540 4162 3549 4166 -
3577 4188 3688 4239 Ἐὰν

467 4249 521 4303 iu
554 4251 684 4319 ipsis
716 4256 1004 4314 manifeste
1031 4259 1330 4328 habitante,
1359 4264 1554 4320 divites
1601 4265 1730 4322 facti
1763 4278 1912 4324 sunt.
1952 4270 2045 4326 llis

2153 4270 2479 4344 Ξμολογήσῃς
2510 4273 2566 4324 ἐν
2589 4273 2664 4341 τῷ
2697 4274 2924 4344 στόματί
2951 4293 3044 4328 σου
3087 4277 3295 4346 Κύριον
3354 4277 3574 4348 Ἰησοῦν,
3605 4276 3687 4327 καὶ

464 4356 704 4413 congrua
751 4348 965 4404 dictitat
1001 4363 1054 4406 et
1113 4367 1338 4411 sanctus
1373 4357 1683 4415 Diadocltus
1725 4378 1743 4412 ι
1791 4361 2037 4418 Postulat

463 4438 666 4492 auohis
699 4445 922 4496 omnino
961 4457 1115 4498 mens
1159 4461 1282 4501 cum
1314 4448 1433 4516 ejus
1477 4465 1669 4507 omnes
1699 4454 1878 4510 aditus
1913 4472 2031 4510 me-

461 4528 636 4583 moria
673 4529 768 4588 Dei
820 4535 1179 4606 obstruimus,
1225 4555 1364 4612 opus
1419 4545 1689 4614 quoddam
1730 4549 1875 4616 quod
1909 4550 2029 4619 ejus

460 4619 693 4676 solertia:
753 4624 1068 4682 satisfacere
1105 4632 1299 4696 possit.
1337 4631 1569 4706 ‘Oportet
1623 4638 1786 4708 igitur
1827 4657 1926 4697 nos
1978 4647 2027 4700 ei

455 4711 588 4766 dare
632 4713 760 4767 illttd
795 4730 813 4770 :
854 4733 874 4768 ι
915 4717 1138 4774 Domine
1177 4721 1326 4788 Jesu,
1367 4743 1387 4776 ι
1431 4729 1774 4788 solummodo
1807 4735 1859 4791 in
1909 4739 2028 4792 uni-

453 4815 668 4858 versam
718 4811 1128 4879 operationem“
1154 4829 1260 4884 qua
1293 4821 1563 4874 tendatad
1594 4829 2028 4894 scopum.Nemo

451 4893 600 4948 enim
643 4897 772 4952 dicit
808 4897 1094 4956 Dominum
1119 4901 1328 4973 Jesum,
1349 4909 1453 4964 nisi
1485 4911 1537 4965 in
1563 4893 1767 4984 Spiritu
1812 4934 2022 4977 sancto.

453 4984 560 5043 Sed
604 4987 655 5042 id
705 4991 894 5046 stricte
935 4993 1156 5050 verbum
1215 5000 1268 5051 in
1311 4999 1584 5059 thesauris
1614 5005 1730 5060 suis
1784 5020 2026 5064 contem-

450 5079 666 5152 pletur,
716 5096 786 5136 ne
829 5084 883 5138 in
930 5085 1245 5154 phantasias
1293 5095 1554 5161 quasdam
1601 5098 1837 5155 aberret.
1897 5104 2027 5172 Qui-

450 5187 666 5243 cunque
699 5176 842 5230 enim
875 5176 1007 5232 illud
1053 5180 1346 5250 gloriosum
1389 5194 1443 5239 et
1479 5189 1712 5244 amabile
1742 5207 1938 5282 nom’eu
1967 5199 2022 5252 itt

375 5281 380 5290 ·
447 5267 722 5336 prolnudo
759 5271 922 5324 corde
965 5273 1228 5329 continue
1265 5278 1669 5350 meditantur,ii
1714 5267 2023 5360 possm-fet

449 5358 632 5413 lumen
653 5361 850 5415 mentis
875 5361 1170 5431 aliquando
1199 5381 1464 5439 cernere;
1505 5387 1661 5430 arcto
1695 5358 1843 5433 enim
1897 5393 2014 5435 stu-

444 5452 534 5505 dio
553 5469 580 5505 a
599 5454 929 5523 cogitatione
946 5470 1293 5530 occupatum,
1313 5477 1506 5520 omnes
1526 5469 1714 5523 sordes
1761 5471 1814 5524 iu
1835 5473 2016 5528 anima

442 5557 805 5616 emergentes,
848 5549 902 5604 in
934 5550 1221 5608 suﬂicieuti
1249 5572 1412 5612 sensu
1437 5561 1640 5617 adurit.
1664 5562 1807 5620 Deus
1870 5569 2018 5626 cuiut

529 5730 572 5763 "
607 5731 765 5786 Rom.
801 5750 856 5800 κ,
889 5733 944 5801 9,
979 5737 1062 5794 ll).
1170 5741 1214 5773 "
1244 5743 1259 5794 l
1293 5741 1417 5798 Car.
1456 5760 1548 5810 xu,
1617 5748 1670 5808 5.

2136 4363 2434 4435 πιστεύσῃς
2465 4363 2523 4416 ἐν
2546 4367 2608 4434 τῇ
2635 4365 2833 4438 καρδίᾳ
2861 4383 2975 4426 σου,
3001 4368 3271 4432 ὃτιὸΘεδς
3295 4371 3511 4440 ἤγειρεν
3538 4364 3685 4420 αὐτὸν

2135 4453 2199 4504 ἐκ
2226 4451 2456 4520 νεκρῶν,
2519 4452 2736 4524 σωθήσῃ
2756 4470 2770 4484 ο
2826 4457 3020 4527 καρδίᾳ
3051 4457 3160 4526 γὰρ
3189 4459 3501 4512 πιστεύεται
3534 4458 3603 4514 εἰς
3625 4452 3684 4503 δι·

2137 4539 2456 4606 καιοσύνην,
2477 4543 2704 4611 στόματι
2721 4544 2776 4597 δὲ
2794 4544 3137 4613 ὁμολογεῖται
3157 4550 3234 4609 εἰς
3254 4542 3682 4618 σωτηρίαν.›Καὶ

2131 4625 2307 4692 αῦθιςο
2343 4648 2362 4678 ι
2390 4631 2579 4693 Οὐδεὶς
2602 4631 2748 4699 λέγει
2779 4633 2982 4702 Κύριον
3011 4636 3242 4705 Ἰησοῦν.
3267 4641 3316 4693 εἰ
3343 4639 3416 4707 μὴ
3449 4639 3503 4688 ἐν
3527 4632 3674 4689 ΙΙνεύ·

2135 4737 2263 4790 ματι
2306 4722 2461 4791 ἁγίῳ.
2501 4741 2518 4774 ι
2565 4723 2890 4795 Προστίοησι
2915 4727 2970 4779 δὲ
3003 4727 3082 4788 τὸ,
3121 4731 3177 4780 ἐν
3207 4731 3484 4798 Πνεύματι
3532 4725 3675 4794 ἁγίῳ,

2130 4809 2430 4872 τουτέστιν,
2466 4811 2594 4863 ὅταν
2627 4813 2908 4883 ἐνέργειαν
2941 4816 3257 4885 Πνεύματος
3288 4820 3444 4886 ἁγίου
3476 4816 3676 4884 δέξηται

2129 4899 2409 4969 ἡκαρδία,
2439 4901 2506 4953 δι’
2535 4897 2602 4974 ἦς
2659 4904 2752 4956 καὶ
2799 4905 3178 4975 προσεύχεται,
3233 4909 3369 4979 ὅπερ
3417 4906 3530 4959 ἐστὶ
3582 4903 3677 4956 τῶν

2127 4990 2539 5058 προκοψοὶντων,
2565 4995 2660 5046 καὶ
2694 4995 2752 5047 ὲν
2780 4994 2963 5058 αὐτοῖς
2993 4997 3241 5065 ἐναργῶς
3271 4997 3573 5051 ἐνοικοῦντα
3598 4992 3677 5043 τὸν

2125 5083 2360 5151 Χριστὸν
2414 5085 2892 5158 πεπλουτηκότων.
2959 5089 3251 5143 Ἀκόλουθα
3284 5090 3457 5160 τούτῳ
3493 5088 3676 5155 φάσκει

2127 5173 2222 5227 καὶ
2251 5177 2278 5228 ὁ
2305 5175 2458 5244 ἅγιος
2479 5178 2752 5248 Διάδοχος⁸
2782 5198 2799 5230 ι
2823 5180 3070 5234 Ἀπαιτεῖ
3099 5184 3245 5252 ἡμᾶς
3261 5183 3473 5242 παντως
3493 5182 3518 5232 ὁ
3543 5175 3671 5236 νοῦς.

2123 5267 2251 5320 ὅταν
2283 5269 2447 5322 αὑτοῦ
2480 5271 2660 5334 πασας
2690 5271 2790 5334 τὰς
2821 5272 3085 5336 διεξόδους
3110 5277 3175 5344 τῇ
3230 5276 3416 5344 μνήμῃ
3443 5267 3671 5364 ἀποφράς

2125 5356 2302 5426 ξωμεν
2331 5359 2425 5412 τοῦ
2473 5359 2630 5426 Θεοῦ,
2683 5362 2843 5430 ἔργον
2871 5362 3086 5431 ὀφεῖλον
3133 5364 3493 5434 πληροφορεῑν
3521 5356 3669 5411 αὑτοῦ

2122 5449 2219 5518 τὴν
2261 5450 2593 5521 ἐντρέχειαν.
2645 5456 2737 5506 Δεῖ
2785 5450 2878 5508 οῦν
2935 5456 3086 5525 αὒτῷ
3124 5456 3323 5510 διδόναι
3374 5455 3451 5520 τὸ,
3511 5449 3666 5518 Κύριε

2133 5539 2331 5615 Ἰησοῦ,
2380 5545 2540 5612 μόνον
2579 5547 2658 5610 είς
2687 5547 2877 5619 ὁλόκλη
2890 5565 2988 5620 ρον,
3024 5551 3410 5622 πραγματείαν
3436 5543 3526 5600 τοῦ
3553 5557 3668 5595 axo-
