4032 6208
512 355 516 360 ’
540 348 637 411 731

1383 351 1725 411 CALLlS’l‘I
1786 349 1882 408 ET
1928 343 2217 408 [ΟΝᾸΊἸΙ
2263 348 2943 408 XANI‘IIOi’ULURUM

3630 359 3717 421 7?.

547 469 816 528 dinantcs,
844 463 1149 518 columnam
1184 461 1447 517 orationis
1468 465 1859 516 annuntiavetc
1883 500 1897 524 ,
1955 470 2008 512 et
2045 461 2110 514 iis

2201 479 2307 525 νας*
2343 466 2431 517 ναὶ
2469 467 2575 535 μὴν
2608 467 2702 518 καὶ
2730 465 2816 518 διά
2852 483 2915 531 γε
2943 466 3106 535 τριῶν
3138 469 3482 536 ἀξιοπίστων,
3511 480 3722 533 ταπολλὰ

546 558 640 626 qui
667 558 815 625 ipsos
830 555 998 610 secuti
1026 563 1154 610 sunt
1174 557 1629 610 commendavere
1653 564 1710 610 ut
1733 556 1920 610 eodem
1949 555 2109 608 modo

546 665 664 703 eam
700 657 967 716 occupent
999 656 1052 702 et
1082 659 1316 703 servem.
1357 647 1486 702 Vide
1515 649 1676 718 igitur
1710 660 1763 705 et
1785 651 2030 704 ordinem
2059 659 2114 703 et

547 741 995 808 consequentiam
1021 755 1144 809 quae
1181 741 1409 794 multum
1455 758 1576 795 cum
1608 743 1793 798 divina
1848 744 2108 813 sapientia

543 835 764 886 eminet.
823 830 973 886 Unus
1023 832 1243 901 quidem
1300 833 1434 887 dicit
1504 834 1700 900 Iesum,
1749 836 1886 889 alter
1929 817 2109 890 auﬁm

541 923 722 978 Iesum
754 922 1045 987 Christum,
1075 924 1270 977 tertius
1291 940 1440 989 vero,
1464 924 1731 979 Christum
1760 923 1958 980 Filium
1986 927 2109 987 Dei,

546 1025 803 1084 tanquam
839 1016 884 1070 si
927 1029 1068 1068 unus
1093 1015 1259 1069 alium
1287 1025 1611 1085 sequeretur
1660 1027 1714 1071 ct
1747 1019 1889 1071 inter
1922 1035 1981 1071 se
2009 1019 2111 1073 ad-

546 1107 816 1162 hﬂ‘l‘t‘l‘ettl
857 1108 1150 1163 concordia
1199 1123 1263 1162 ac
1288 1109 1504 1164 vinculo
1549 1109 1736 1164 talium
1795 1112 2106 1168 verborum.

546 1198 744 1255 Videas
803 1201 947 1256 enim
1002 1218 1190 1257 eorum
1246 1219 1687 1274 unumquemque
1737 1221 1923 1260 vocem
1993 1223 2110 1276 qua!

545 1291 688 1360 apud
719 1292 946 1346 alterum
976 1294 1042 1347 ad
1075 1297 1234 1346 linem
1295 1305 1398 1360 est,
1437 1297 1784 1351 adhibentem
1833 1307 1993 1365 atque
2042 1298 2106 1350 ad

545 1381 765 1434 tertium
787 1381 858 1435 ita
886 1398 997 1436 rem
1023 1397 1080 1437 se
1098 1384 1411 1439 habentem.
1465 1385 1718 1456 Idemque
1741 1387 1806 1442 de
1833 1388 2111 1443 additione

547 1474 723 1528 sancti
763 1473 997 1543 Spiritus
1023 1477 1248 1532 videbis.
1275 1476 1495 1532 Dicente
1525 1479 1666 1532 enim
1698 1480 1858 1534 beato
1898 1481 2064 1536 Paulo
2094 1501 2108 1537 :

545 1583 574 1618 λ(
614 1565 782 1620 Nemo
801 1576 977 1635 potest
1007 1568 1188 1622 dicere
1209 1568 1494 1624 Dominum
1518 1569 1724 1633 Jesum.
1771 1574 1873 1628 nisi
1907 1575 1958 1626 in
1989 1574 2110 1641 Spi-

545 1655 652 1710 ritu
683 1666 908 1724 sancto;
963 1676 981 1710 ι
1021 1658 1208 1715 ultimo
1267 1662 1368 1715 hoc
1408 1659 1598 1726 verbo,
1654 1677 1848 1734 nempe
1907 1664 2110 1734 Spiritu

545 1758 754 1811 sancto,
789 1750 840 1802 in
868 1750 1024 1805 initio
1065 1767 1197 1806 usus
1225 1761 1307 1807 est
1328 1752 1418 1807 ille
1462 1753 1556 1823 qni
1599 1755 1824 1810 tonitrui
1875 1759 2106 1814 similem

543 1855 731 1895 vocem
753 1843 912 1897 habet
941 1842 1200 1909 Joannes,
1231 1846 1452 1900 dicens:
1487 1865 1504 1899 ι
1529 1845 1720 1903 Omnis
1744 1849 1980 1919 Spiritus
2013 1853 2108 1920 qui

541 1933 832 1987 conﬁtetur
883 1933 1069 1990 Iesum
1119 1937 1397 1992 Christum
1461 1939 1514 1993 in
1559 1954 1725 1994 carne
1775 1941 2008 2007 venisse,
2041 1958 2109 1998 ex

541 2023 654 2078 Deo
687 2035 791 2080 est.
822 2044 840 2078 ι
872 2025 995 2083 Haec
1015 2037 1196 2084 autem
1230 2032 1486 2087 omnibus
1528 2030 1964 2102 'prreposuerunt,
1997 2053 2105 2091 non

541 2127 736 2186 sponte
753 2135 900 2175 neca
934 2122 1150 2189 seipsis,
1186 2124 1280 2176 sed
1306 2124 1638 2180 sanctissimi
1679 2124 1914 2195 Spiritus
1942 2143 2104 2182 manu

540 2207 714 2264 ducti.
775 2210 982 2264 Etenim
1035 2212 1205 2266 divini
1259 2213 1402 2268 Petri
1465 2217 1741 2271 confessio
1795 2220 1846 2272 in
1906 2217 2106 2287 Spiritu

545 2309 734 2355 sancto
767 2317 861 2371 per
905 2303 1290 2358 revelationem
1325 2304 1462 2361 facta
1499 2319 1602 2362 est.
1629 2326 1646 2359 ι
1705 2309 1898 2363 Omnia
1938 2310 2108 2374 enim,

548 2392 746 2459 inquit,
776 2403 1032 2461 operatur
1083 2411 1223 2451 unus
1257 2407 1311 2452 et
1360 2399 1500 2453 idem
1544 2397 1800 2469 Spiritus,
1857 2401 2107 2457 dividens

545 2484 774 2552 singulis
808 2495 970 2554 prout
1012 2487 1128 2542 vult
1155 2488 1216 2542 ".
1255 2510 1272 2542 ι
1309 2489 1484 2561 Atque
1510 2493 1579 2546 ita
1638 2493 1802 2561 igitur
1832 2493 2106 2561 adhibitus

544 2576 888 2633 etinfrartus
920 2581 1147 2637 viviﬁca:
1205 2585 1470 2639 orationis
1509 2581 1652 2640 funis
1702 2586 2107 2655 sapientissime

543 2683 608 2718 ac
628 2668 944 2724 doctissime
967 2683 1250 2728 contextus
1302 2685 1354 2729 et
1402 2684 1665 2731 consutus
1688 2687 1770 2731 est
1813 2687 1865 2732 ct
1885 2677 1950 2730 ad
2007 2691 2108 2733 nos

544 2769 720 2823 usque
769 2761 1016 2825 pervenit
1066 2763 1313 2818 eumdem
1361 2780 1586 2821 servans
1649 2768 1894 2823 modum.
1931 2767 2106 2836 Hujus

543 2845 709 2913 igitur
735 2849 902 2916 vocis,
936 2854 1176 2906 miserere
1213 2855 1333 2918 mei,
1362 2857 1713 2920 additionem,
1774 2857 1867 2928 qui
1915 2858 2109 2914 deinde

542 2939 712 2994 secuti
744 2952 892 3005 sunt,
935 2941 1147 3009 Patres,
1185 2945 1270 3000 his
1300 2948 1635 3003 salutaribus
1660 2949 1864 3011 verbis.
1909 2966 2108 3021 nempe

541 3032 763 3086 homine
785 3033 908 3088 lem
939 3035 1165 3101 δάνεια,
1200 3037 1298 3092 Fili
1337 3040 1452 3104 Dei,
1499 3041 1748 3096 fecerunt
1803 3051 1860 3098 et
1890 3044 2109 3099 ordina-

2178 558 2718 627 ’μεμαρτυρημένας,
2753 578 2774 610 ι
2813 561 2913 611 Διὰ
2947 561 3002 612 δὲ
3047 561 3236 631 τριῶν,
3277 567 3428 631 φησι,
3465 569 3722 638 μαρτύρων

2192 647 2518 715 σταθήσεται
2536 648 2642 699 πᾶν
2661 648 2835 718 ῥῆμα·
2869 669 2887 700 ι
2915 643 3060 702 οῦτοι
3090 652 3138 702 oi
3163 652 3221 703 οὐ
3233 653 3564 723 ρανόςρονες,
3587 662 3656 720 εἰς
3676 659 3724 712 τὸ

2191 735 2252 790 ἓν
2289 737 2626 808 συνάψαντες
2676 739 2875 809 ἄριστὰ
2921 758 2979 792 τε
3007 743 3099 794 καὶ
3125 743 3262 812 μετὰ
3302 743 3394 796 τοῦ
3425 748 3722 815 ἐνοικοῦντος

2191 831 2374 893 αὐτοῖς
2433 831 2588 900 ἁγίου
2635 831 2954 900 Πνεύματος
3025 835 3491 906 συναρμόσαντες,
3552 841 3723 910 στήλην

2191 923 2502 990 προσευχῆς
2551 921 3054 992 προσηγορεύκασι,
3117 923 3212 976 καὶ
3262 927 3372 988 τοῖς
3423 927 3552 994 μετὰ
3577 930 3724 982 ταῦτα

2193 1011 2538 1082 παρέδωκαν,
2569 1013 2712 1065 κατὰ
2744 1013 2835 1066 τὴν
2871 1013 3057 1082 ὅμοιον
3078 1015 3280 1084 τρόπον
3305 1021 3521 1088 κρατεῖν
3548 1038 3601 1072 τε
3648 1024 3724 1076 καί

2194 1099 2484 1166 φυλάττειν
2523 1101 2712 1171 αὑτήν.
2745 1099 2889 1171 Ὅρα
2941 1103 3128 1172 μέντοι
3160 1106 3254 1158 καὶ
3295 1105 3466 1170 τάξιν,
3498 1111 3586 1162 καὶ⁵
3619 1113 3726 1165 ἁκο-

2193 1188 2411 1242 λουθίαν
2440 1189 2642 1258 σφόδρα
2675 1190 2734 1243 τὸ
2764 1189 2996 1254 ἐξαίσιον
3032 1193 3173 1262 μετὰ
3203 1194 3302 1265 τῆς
3329 1195 3526 1252 ἄνωθεν
3557 1203 3728 1270 σοφίας

2194 1280 2442 1348 ἔχουσανο
2485 1283 2512 1332 ὁ
2541 1280 2639 1349 μὲν
2664 1282 2772 1350 γάρ
2795 1299 2926 1350 φησι
2954 1282 3158 1352 Κύριον
3211 1285 3441 1354 Ἰησοῦν,
3473 1290 3499 1340 ὁ
3531 1290 3602 1354 δὲ,
3638 1293 3728 1362 ἰηο

2196 1371 2323 1422 σοῦν
2357 1371 2615 1440 Χριστὸν,
2647 1373 2675 1425 ὁ
2700 1372 2757 1425 δὲ
2789 1373 3025 1443 Χριστὸν
3054 1375 3183 1427 Υίὸν
3229 1376 3324 1428 τοῦ
3365 1378 3495 1431 Θεοῦ
3516 1395 3528 1408 '
3559 1381 3732 1436 ὡσανεί

2195 1477 2312 1524 πως
2336 1463 2363 1514 ὁ
2385 1458 2463 1522 εἷς
2484 1462 2560 1532 τῷ
2583 1462 2754 1534 ἑτέρῳ
2772 1465 3060 1534 ἑπόμενος,
3090 1467 3184 1520 καὶ
3210 1471 3493 1540 πῳσεχῶς
3519 1472 3732 1544 ἀλλήλων

2194 1551 2465 1623 ἐχόμενοι,
2496 1557 2559 1625 τῇ
2606 1572 2666 1607 τε
2729 1558 3039 1629 συμφωνίᾳ,
3077 1559 3173 1611 καὶ
3222 1562 3302 1630 τῷ
3347 1562 3614 1634 συνδέσμῳ
3642 1567 3733 1620 τῶν

2196 1646 2417 1698 τοιῶνδε
2474 1647 2751 1718 θεουργῶν
2810 1650 3096 1720 ῥημάτων.
3135 1651 3297 1714 ’Ἰδοις
3320 1654 3430 1724 γὰρ
3469 1655 3532 1708 ἂν
3557 1655 3734 1710 τούτων

2196 1739 2427 1792 ἕκαστον
2452 1738 2513 1791 τὸ
2547 1739 2640 1792 ἐπὶ
2666 1740 2820 1803 τέλος
2866 1741 2926 1794 ὃν
2969 1741 3204 1814 θατέρῳ,
3239 1743 3315 1808 ὡς
3347 1745 3517 1817 ἀρχὴν
3538 1747 3735 1818 Θάτερον

2197 1827 2308 1896 [Yon
2339 1829 2594 1902 θατέρου]
2627 1831 2784 1885 τοῦτο
2823 1831 3196 1902 λαμϐάνοντα,
3244 1837 3343 1889 καὶ
3371 1836 3510 1891 οὕτω
3543 1840 3737 1909 πριιύαί-

2198 1939 2287 1975 νον
2315 1922 2444 1992 ἄχρι
2488 1923 2597 1975 τῶν
2637 1922 2824 1994 τριῶν⁹
2859 1924 2920 1977 τὸ
2958 1925 3003 1978 δ’
3044 1926 3178 1979 αὐτὸ
3239 1928 3344 1981 κάν
3377 1931 3441 2000 τῇ
3483 1929 3735 2000 προσθήκῃ

2196 2014 2294 2081 τῆς
2321 2013 2414 2067 τοῦ
2451 2013 2766 2084 Πνεύματος
2790 2016 3064 2087 σημασίας
3094 2019 3312 2088 ὲπόψεισ
3338 2022 3610 2091 εἰρηκότος
3638 2024 3730 2093 γάρ

2195 2104 2290 2158 τοῦ
2323 2106 2592 2176 μακαρίου
2629 2108 2845 2162 Παύλου
2894 2112 2974 2174 τὸ,
3015 2129 3033 2161 ι
3081 2111 3272 2176 Οὐδεὶς
3321 2113 3540 2167 δύναται
3585 2118 3738 2168 εἰπεῖν

2199 2196 2402 2267 Κύριον
2435 2198 2663 2269 Ἰησοῦν,
2691 2201 2741 2253 εί
2794 2201 2870 2273 μὴ
2909 2203 2967 2256 ἑν
3011 2203 3293 2274 Πνεύματι
3326 2206 3497 2276 ἁγίῳ·
3540 2227 3558 2260 ι
3591 2207 3739 2278 τούτῳ

2197 2288 2261 2360 δὴ
2289 2289 2365 2360 τῷ
2396 2291 2488 2343 ἐπὶ
2515 2290 2699 2356 τέλους
2723 2295 2981 2366 κειμένῳ,
3005 2298 3065 2348 τδ
3089 2297 3319 2366 Πνεῦμα
3347 2299 3408 2350 το
3432 2298 3578 2367 ἅγιον
3609 2299 3739 2366 λέγο-

2201 2397 2322 2450 μεν,
2356 2383 2497 2453 ἀρχῇ
2554 2383 2818 2454 κέχρηται
2873 2388 2902 2439 ὁ
2949 2385 3326 2458 βροντόφωνος
3384 2389 3625 2461 Ἰωάννης
3673 2393 3737 2442 εἰ·

2196 2474 2313 2528 πών
2340 2491 2356 2508 ο
2423 2494 2441 2527 ι
2486 2475 2601 2528 Πᾶν
2653 2477 2874 2546 πνεῦμα
2913 2477 2942 2531 ὅ
3000 2478 3255 2550 ὁμολογεῖ
3296 2480 3498 2552 Ἰησοῦν
3530 2482 3737 2553 Χριστὸν

2155 2617 2160 2622 .
2197 2569 2498 2640 ἐληλυθότα
2531 2573 2589 2624 ὲν
2636 2574 2821 2643 σαρκὶ,
2850 2575 2915 2626 ὲκ
2969 2573 3062 2626 τοῦ
3094 2574 3230 2628 Θεοῦ
3279 2577 3416 2640 ἐστι,
3453 2597 3470 2628 ι
3502 2577 3660 2630 ταῦτα
3686 2578 3733 2628 δὲ

2197 2661 2518 2733 προῦθηκαν
2567 2665 2792 2730 ἅπασιν,
2844 2665 2944 2718 οὐκ
2983 2665 3195 2718 οἴκοθεν
3246 2670 3344 2720 καὶ
3371 2671 3499 2740 παρ’
3531 2669 3736 2729 ἑαυτῶν,

2196 2755 2330 2809 ἀλλὰ
2362 2759 2427 2826 τῇ
2457 2755 2550 2810 τοῦ
2581 2755 2850 2824 παναγίου
2894 2757 3121 2829 παλάμῃ
3177 2761 3490 2832 κινούμενοι
3513 2762 3737 2831 Πνεύμα-

2195 2866 2304 2913 τος·
2334 2851 2428 2902 καὶ
2491 2850 2598 2921 γὰρ
2643 2852 2679 2920 ἠ
2725 2850 2819 2903 τοῦ
2864 2849 3140 2904 θειοτάτου
3179 2852 3390 2923 Πέτρου
3441 2856 3512 2908 δι’
3549 2856 3736 2907 ἀποκα-

2196 2941 2408 3012 λύψεως
2455 2941 2714 3012 ὁμολογία
2765 2943 2827 2995 ἐν
2883 2942 3162 3011 Πνεύματι
3222 2945 3369 3016 ἁγίῳ
3419 2947 3560 3000 ἐστὶν
3612 2949 3739 3016 ἐνερ-

2197 3035 2459 3104 γουμένη·
2500 3053 2518 3086 ι
2544 3035 2727 3088 Πάντα
2757 3033 2886 3104 γὰρ,
2925 3035 3110 3104 φησὶν,
3148 3037 3367 3107 ἐνεργεῖ
3387 3038 3444 3092 τὸ
3476 3039 3549 3104 ἓν,
3577 3041 3661 3092 καὶ
3689 3039 3740 3090 τὸ

539 3133 755 3187 verunt,
781 3141 844 3179 ar.
862 3129 1132 3198 praacipue
1177 3139 1398 3199 propter
1434 3148 1527 3188 eos
1549 3133 1638 3201 qui
1693 3136 1887 3189 virtute
1930 3137 2109 3192 adhuc

2196 3126 2329 3180 αὐτὸ
2362 3125 2582 3195 Πνεῦμα
2612 3124 2856 3196 διαιροῦν
2907 3125 3012 3196 ίδία
3067 3128 3304 3204 ἑκάστῳ,
3351 3129 3532 3194 καθὼς
3575 3129 3739 3199 βούλε-

542 3213 782 3270 inl'antcs
829 3226 977 3282 sunt,
1030 3220 1349 3290 incipientes
1391 3237 1584 3293 nempe
1627 3233 1683 3279 et
1730 3226 2104 3294 imperfectos.

529 3309 645 3372 ,ρυί
673 3309 815 3363 enim
850 3325 1232 3379 processerunt
1258 3329 1322 3369 ac
1352 3315 1582 3385 perfecti
1607 3326 1734 3372 sunt
1784 3318 1836 3372 in
1867 3318 2104 3383 Christo,

2195 3239 2304 3276 ται·
2331 3242 2348 3273 ι
2385 3225 2478 3276 καὶ
2503 3223 2644 3276 οὕτω
2669 3222 2800 3292 γοῦν
2831 3223 2891 3276 τὸ
2924 3224 3088 3277 οἱονεὶ
3113 3211 3424 3292 ἔντριπτον,
3473 3223 3562 3274 καὶ
3590 3223 3739 3293 ἄρρη-

2195 3327 2321 3364 κτον
2349 3311 2614 3381 σπαρτίον
2640 3311 2739 3381 τῆς
2765 3311 3014 3366 θεοποιοῦ
3041 3312 3353 3383 προσευχῆς
3386 3311 3528 3382 μάλα
3553 3310 3730 3379 σοφῶς,

528 3415 638 3469 ενοι*
657 3403 1078 3472 unumquodque
1106 3421 1292 3460 eorum
1321 3409 1684 3475 oraculorum,
1724 3409 1951 3465 Domine
1981 3409 2108 3466 Jesu

2195 3402 2288 3456 καὶ
2315 3403 2754 3474 ἐπιστημονικῶς
2781 3403 3078 3472 ὲξυφανθὲν
3102 3421 3160 3457 τε
3189 3405 3286 3457 καὶ
3334 3405 3628 3475 συῤῥαφὲν,
3659 3403 3740 3454 καὶ

525 3493 786 3558 ιιιΙιινίειε,
841 3494 939 3549 Fili
993 3495 1107 3560 Dei,
1146 3497 1255 3552 imo
1289 3500 1583 3570 aliquando
1623 3517 1720 3571 per
1771 3503 1941 3558 solam
1981 3501 2107 3558 Jcsu

2195 3495 2688 3565 συναρμολογηθὲν,
2771 3497 2868 3550 καὶ
2932 3497 3013 3559 εἰς
3069 3497 3197 3558 τοὺς
3250 3495 3380 3548 καθ’
3439 3497 3581 3565 ἡμᾶς
3640 3493 3739 3547 δια-

542 3583 942 3640 invorationem
975 3590 1077 3642 sibi
1107 3591 1404 3656 sufﬁciunt,
1431 3608 1662 3663 eamque
1689 3604 1946 3665 tanquam
1985 3597 2109 3649 uni.

2199 3585 2375 3638 ὗαίνει
2426 3587 2517 3640 τὸν
2574 3588 2688 3640 ἴσον
2749 3588 2946 3658 τρόπον
3006 3586 3368 3658 τηρούμενον.
3409 3587 3520 3655 Τῆς
3555 3586 3737 3655 μέντοι,

527 3689 754 3729 -versum
778 3679 1046 3734 orationis
1072 3695 1210 3749 Opus
1262 3683 1521 3738 adhibent
1571 3686 2104 3756 amplectunturque,

2202 3674 2457 3746 Ἐλέησόν
2483 3693 2571 3748 με,
2597 3677 2796 3745 λέξεως
2822 3677 2920 3750 τὴν
2943 3679 3260 3748 προσθήκην
3295 3680 3342 3731 oi
3378 3677 3601 3749 καθεξῆς
3623 3677 3738 3730 θεῖοι

477 3823 490 3834 ι
539 3781 638 3833 per
677 3767 819 3820 illam
870 3770 1127 3824 ineffabili
1169 3787 1231 3825 ac
1291 3787 1503 3829 omnem
1531 3775 1708 3828 visum
1757 3784 1811 3828 et
1861 3777 2105 3830 auditum

2196 3785 2438 3853 Πατέρες
2471 3782 2647 3835 τοῖσδε
2708 3785 2818 3846 τοῖς
2875 3785 2972 3852 τῆς
3008 3783 3322 3852 προσευχῆς
3354 3785 3630 3852 σωτηρίοις
3656 3781 3741 3850 ῥή-

527 3860 822 3928 σειιρςειωιιὶ
869 3862 1053 3915 lautitia
1124 3863 1420 3934 replentur.
1473 3865 1538 3920 Et
1599 3867 1679 3919 sic
1728 3867 1891 3931 igitur
1956 3878 2105 3922 extra

2193 3890 2375 3945 μασιν,
2433 3875 2601 3944 ἤγουν
2644 3873 2760 3938 τοῦ,
2819 3873 2992 3944 Κύριε
3053 3873 3231 3943 Ἰησοῦ
3281 3874 3631 3945 Χριστὲ,Υίὲ
3658 3869 3739 3924 τοῦ

540 3968 762 4006 carnem
815 3965 868 4008 ct
907 3955 1165 4010 mundum
1215 3968 1492 4013 versantes
1545 3959 1598 4013 hi
1635 3960 1934 4016 beatissimi
1983 3963 2107 4038 viri,

2192 3965 2346 4031 Θεοῦ,
2391 3967 2761 4036 συνήρμοσαν,
2805 3967 2898 4018 καὶ⁵
2929 3967 3224 4032 ἐπέταξαν,
3286 3970 3381 4020 καὶ
3440 3967 3628 4034 μᾶλλον
3666 3965 3741 4016 διὰ

531 4045 798 4100 sensibus
835 4046 1111 4101 silentium
1163 4049 1506 4119 injungentes
1536 4051 1725 4118 divino
1783 4053 1928 4122 quod
1963 4053 2015 4107 in
2051 4071 2109 4110 se

2192 4057 2313 4118 τοὺς
2342 4056 2460 4110 κατ’
2483 4056 2684 4127 ἀρετὴν
2708 4057 3203 4128 νηπιωδεστέρους,
3236 4059 3406 4128 ἤγουν
3436 4059 3559 4121 τοὺς
3587 4058 3741 4126 ἀρχαο

540 4135 771 4200 hahitat,
802 4138 946 4194 dono
969 4150 1022 4194 et
1059 4144 1229 4209 gratia
1267 4143 1318 4196 in
1377 4159 1621 4199 amorem
1659 4145 2105 4202 ardentissimum

2193 4148 2364 4218 ρίους,
2416 4149 2510 4201 καὶ
2560 4147 2791 4211 ἀτελεῖς.
2825 4151 2888 4201 Οἱ
2924 4150 3032 4219 γὰρ
3085 4149 3492 4220 προδεὸηκότες
3536 4150 3624 4200 καὶ
3668 4145 3741 4197 τέ·

477 4219 484 4225 '
539 4226 1018 4301 felicissitnumque
1035 4232 1157 4286 elati
1190 4234 1522 4289 mundantur
1540 4237 2018 4306 acilluminantur,
2053 4250 2106 4296 et

2192 4239 2324 4293 λειοι
2367 4239 2508 4292 κατὰ
2538 4229 2794 4308 Χριστὸν,
2823 4241 2891 4294 δι’
2943 4242 3062 4304 ἑνὸς
3091 4241 3324 4294 ἑκάστου
3362 4240 3471 4302 τῷν
3514 4236 3742 4292 τοιούτων

537 4320 760 4387 petfetti
791 4334 936 4387 sunt,
968 4325 1166 4395 quippe
1193 4327 1282 4392 qui
1304 4329 1844 4398 supersusbtantialis
1887 4331 2107 4387 Deitatis

2192 4331 2476 4400 χρησμῶν,
2515 4331 2682 4400 ἤγουν
2717 4331 2832 4394 τοῦ,
2862 4331 3032 4402 Κύριε
3072 4330 3244 4401 Ἰησοῦ
3273 4331 3508 4401 Χριστὲ,
3543 4330 3631 4381 Υίὲ
3663 4323 3742 4377 τοῦ

539 4418 1007 4479 super-tutturalem
1044 4429 1095 4474 et
1123 4433 1379 4476 :eternatn
1420 4432 1474 4476 et
1510 4423 1808 4478 increatam
1873 4427 2102 4494 gratiam

2192 4423 2349 4487 Θεοῦ,
2381 4423 2471 4474 ναὶ
2530 4422 2637 4492 μὴν
2669 4421 2783 4475 ἔσθ’
2829 4424 2941 4489 ὅτε,
2979 4423 3073 4476 καὶ
3132 4425 3195 4475 ἐκ
3243 4423 3414 4492 μόνης
3459 4423 3553 4490 τῆς
3592 4413 3742 4487 Ἰησοῦ

2491 4512 2502 4528 .
2625 4514 2638 4527 .
2786 4511 2809 4522 -
3075 4511 3164 4528 ι.
3268 4511 3404 4528 ,υς
3506 4511 3713 4528 ,._-._

529 4519 794 4561 aeros-ate
827 4509 876 4561 in
909 4512 1196 4564 arrharum
1233 4523 1384 4580 parte
1409 4513 1683 4569 intuentes
1723 4514 1953 4570 obscure
1979 4525 2103 4569 tan-

528 4614 698 4665 .quatn
731 4599 782 4652 in
815 4601 1060 4667 Speculo,
1119 4605 1375 4658 tttemoria
1440 4607 1556 4659 sola
1617 4615 1671 4660 et
1728 4607 2100 4670 meditatione,

530 4701 593 4743 Att
626 4689 828 4742 dierum
857 4701 962 4754 est,
991 4707 1095 4746 una
1131 4702 1225 4745 aut
1251 4677 1416 4747 altera
1449 4692 1544 4750 Dei
1573 4706 1627 4750 et
1658 4694 1903 4750 Heininis
1942 4695 2102 4750 Verbi

531 4763 892 4849 appellatione
921 4784 1179 4847 contenti,
1220 4799 1314 4852 per
1341 4789 1482 4840 hanc
1518 4785 1570 4839 in
1618 4797 1808 4854 raptus
1848 4795 1902 4840 et
1927 4788 2100 4840 scien-

532 4872 666 4924 .tintn
699 4881 750 4924 et
772 4865 1169 4928 ‘rerelationem
1237 4875 1578 4941 attolluntur,
1611 4893 1732 4946 qua:
1762 4879 1968 4946 absque
2020 4879 2103 4933 lo-

537 4966 752 5018 eutione
800 4967 850 5018 in
893 4967 1098 5035 Spiritu
1161 4970 1533 5038 experiuntur.
1603 4971 1660 5022 ln
1701 4987 1934 5038 quorum
1990 4989 2102 5026 ma-

533 5055 790 5112 nfestam
861 5058 1268 5128 persuasionem
1307 5069 1360 5115 et
1392 5061 1858 5117 evidentissimum
1919 5063 2099 5130 iidem,

538 5153 886 5207 dulcissimus
976 5155 1498 5225 amantissimusque
1576 5157 1836 5211 Dominus
1917 5168 2101 5213 noster

537 5244 695 5300 Susus
755 5247 1023 5313 Christus,
1063 5247 1234 5303 Filius
1263 5244 1378 5313 Dei,
1430 5249 1585 5320 cujus
1619 5267 1774 5307 voces
1831 5261 1985 5308 actus
2049 5264 2102 5307 ‹·ι

540 5341 722 5400 verba,
747 5341 1040 5394 secundum
1077 5340 1250 5409 ipsum
1284 5342 1518 5410 Spiritus
1548 5354 1601 5398 et
1640 5344 1747 5398 vita
1792 5356 1917 5399 sunt
1946 5345 2104 5399 nobis

539 5429 683 5479 (lare
714 5427 986 5496 rcveiavit,
1011 5431 1230 5487 dicens:
1269 5452 1288 5484 ι
1329 5432 1459 5486 Sine
1485 5449 1568 5488 me
1596 5434 1726 5488 nihil
1769 5437 1994 5502 potestis
2025 5435 2103 5488 la-

535 5520 770 5570 ctet'e".s
808 5521 887 5578 Et.
919 5538 937 5570 ι
971 5521 1026 5573 Si
1059 5521 1188 5590 quid
1212 5521 1476 5591 petieritis
1505 5525 1558 5578 in
1591 5525 1806 5579 nomine
1835 5541 1973 5590 meo,
2004 5525 2105 5580 hoc

539 5609 728 5662 faciam
762 5611 856 5664 ³⁰.ι
883 5610 943 5666 Et
978 5629 1098 5683 quae
1126 5625 1431 5683 sequuntur
1456 5631 1517 5670 ac
1540 5617 1696 5671 nobis
1729 5618 1922 5672 tradita
1956 5629 2102 5673 sunt.

2194 4512 2570 4584 προσηγορίας
2625 4511 2958 4576 ἱκανοῦ-παι,
3003 4513 3097 4564 καὶ
3135 4511 3210 4572 ὡς
3258 4511 3552 4580 ὁλόκληρον
3594 4511 3744 4576 ἑργαο

2192 4606 2314 4657 σὶαν
2345 4604 2503 4659 τοῦτο
2531 4603 2838 4675 προσευχῆς
2865 4605 3320 4672 ὲνστερνξςονται,
3365 4603 3461 4657 καὶ
3497 4599 3744 4663 ἀσπάζονο

2189 4714 2300 4750 ται·
2355 4691 2444 4750 οἷα
2475 4696 2539 4768 δὴ
2605 4697 2693 4749 διὰ
2732 4695 3252 4765 τούτουκάρρήτου,
3307 4694 3401 4747 καὶ
3438 4694 3610 4747 πάντα
3639 4687 3744 4740 νοῦν

2192 4793 2286 4844 καὶ
2323 4792 2502 4843 πᾶσαν
2557 4788 2702 4858 ὄψιν,
2737 4782 2834 4841 καὶ
2893 4788 3064 4856 ἀκοὴν
3113 4777 3505 4857 ύπερνικώσης
3554 4782 3743 4854 ἡδονῆς.

2193 4883 2284 4934 καὶ
2315 4880 2376 4934 θυ
2394 4881 2590 4950 μηδίας
2642 4877 3034 4949 πληρούμενοι.
3085 4879 3194 4930 Καὶ⁹
3252 4877 3395 4930 οῦτω
3429 4877 3607 4930 τοίνυν
3656 4870 3747 4934 ἔξω

2195 4972 2394 5042 σαρκὸς
2447 4971 2542 5024 καὶ⁸
2573 4969 2781 5038 κόσμου
2806 4967 3082 5038 γινόμενοι
3105 4968 3152 5019 οἱ
3179 4967 3503 5034 τρισόλϐιοι,
3533 4965 3740 5034 μύοντες

2192 5063 2290 5126 τὰς
2319 5063 2604 5133 αἰσθήσεις
2650 5063 2717 5130 τῇ
2755 5058 3038 5128 ὲνοικούσῃ
3091 5059 3277 5120 αὐτοῖς
3316 5056 3436 5126 θείᾳ
3478 5052 3647 5124 δωρεᾷ
3696 5062 3746 5098 τε

2193 5155 2289 5209 καί⁵
2315 5155 2497 5225 χάριτι
2551 5151 2837 5224 βακχικῶς
2892 5167 2950 5203 τε
2987 5151 3082 5203 καὶ
3138 5149 3448 5221 μακαρίως,
3499 5140 3748 5215 ἐρωτολη·

2194 5247 2487 5326 πτούμεμοι
2547 5246 2927 5316 καθαίρονται,
2974 5244 3070 5296 καὶ
3117 5243 3467 5311 φωτίζονται,
3533 5239 3621 5293 καὶ
3666 5249 3745 5285 τε·

2194 5343 2487 5404 λειοῦνται,
2519 5343 2614 5396 ἆτε
2653 5340 2752 5410 τὴν
2784 5340 2882 5410 τῆς
2925 5339 3256 5408 ὑπερουσίου
3311 5336 3560 5404 θεότητος
3589 5333 3742 5396 ὑπερ·

2196 5438 2330 5506 (poi,
2363 5435 2457 5489 καὶ
2491 5435 2744 5504 ἄναρχον,
2773 5434 2868 5486 καὶ
2911 5434 3166 5487 ἄκτιστον
3207 5432 3365 5502 χάριν
3398 5427 3669 5498 ἀπαρτίω;
3697 5423 3746 5472 ἐν

2197 5527 2513 5599 ἀῤῥαδῶνος
2542 5527 2693 5595 μέρει
2717 5525 3207 5595 κατοπτριζόμενοι
3243 5523 3473 5593 ἀδήλως,
3495 5521 3558 5588 τῇ
3577 5517 3747 5586 μνήμῃ

2177 5619 2290 5694 χκαὶ
2325 5617 2483 5688 μόνη,
2515 5616 2604 5670 καὶ
2633 5616 2695 5686 δὴ
2729 5617 2821 5670 καὶ
2863 5615 3082 5686 μελέτη,
3128 5614 3202 5678 ὡς
3227 5613 3462 5685 εἴρητατ,
3498 5607 3592 5677 τῆς
3634 5603 3746 5674 μιᾶς

609 5785 692 5841 ⁵⁸1
722 5788 848 5844 Cor.
878 5806 968 5856 ιιι,
1006 5793 1061 5848 Η
1163 5795 1207 5828 ”
1251 5793 1409 5850 Joan.
1469 5811 1558 5863 xv,
1615 5795 1670 5851 5.
1750 5796 1793 5828 ³ο
1829 5796 2127 5865 Joat1.xvt,
2156 5797 2245 5853 ‘23.
