4032 6208
506 287 614 351 7":9

1349 287 1690 348 CALLISTI
1745 286 1840 347 ET
1881 285 2174 345 lG'NA'l‘ll
2219 286 2900 350 XANTHOPULbRUM

3650 294 3756 354 743

509 405 909 465 cxsistentiam.
947 407 1007 460 Et
1058 405 1108 460 id
1138 415 1284 476 patet
1334 422 1399 461 ex
1457 407 1723 475 expositis
1758 417 2072 460 sanctorum

2186 425 2233 463 Ii
2280 411 2373 462 καὶ
2409 409 2663 482 ὓπαρξιν.
2693 413 2800 465 Καὶ
2825 412 2983 466 τοῦτο
3011 412 3165 483 δῆλον
3185 414 3332 485 παρὰ
3359 415 3468 468 τῶν
3502 416 3762 469 ἐκτεθὲν-ι
3805 481 3816 485 _

508 503 770 564 oraculis,
803 501 1119 555 dubitamus
1149 509 1330 554 autem
1363 501 1541 554 dicere
1589 515 1656 554 ex
1695 502 1809 566 ipsa
1842 499 2076 552 aetione.

512 593 926 648 Eorumautetn
953 595 1209 646 ardorum
1261 591 1757 645 excellentissimus
1781 600 1866 644 est
1897 590 1942 642 is
1986 588 2078 658 qui

511 702 576 739 ex
601 685 782 739 cordis
814 684 1014 738 inunda
1060 684 1306 738 oratione
1348 683 1612 752 procedit,
1647 692 1700 735 et
1732 680 1823 751 qui
1855 696 1978 734 cum
2017 694 2082 733 ea

517 779 809 832 innascens
839 789 1205 844 crescensque
1234 775 1514 833 continuo,
1542 783 1595 825 et
1645 773 1698 824 in
1729 769 2085 826 substantiale

515 869 694 922 lumen
727 883 852 922 cum
885 867 1080 935 gaudio
1111 867 1454 936 perveniens,
1490 865 1924 919 substantialiter
1959 864 2080 918 illu-

518 960 780 1013 minatum
824 958 1101 1012 hominem
1163 958 1246 1011 sic
1303 971 1364 1010 se
1416 957 1726 1020 habentem,
1784 953 2084 1010 secundum

519 1049 710 1104 l’atres
738 1050 968 1118 perﬁcit.

625 1244 906 1306 Quodnam
937 1256 1013 1297 est
1043 1246 1214 1298 Cordi:
1249 1245 1455 1298 ardoris
1485 1246 1782 1298 studiosum
1818 1263 1976 1314 opus.

590 1355 680 1408 iiii.
718 1359 808 1408 Ille
843 1357 1003 1408 ardor
1051 1372 1184 1410 sane
1237 1358 1403 1425 abigit
1431 1357 1673 1410 studiose
1708 1372 1768 1410 ca
1803 1372 1922 1426 qua
1994 1359 2093 1412 ob-

521 1457 668 1499 stant
716 1449 846 1514 quin
897 1463 1026 1515 pura
1059 1449 1205 1516 prior
1230 1449 1406 1501 oratio
1439 1448 1670 1516 perfecta
1709 1463 1936 1516 prorsus
1978 1451 2091 1502 tiat.

526 1538 666 1604 Ignis
687 1554 830 1589 enim
861 1539 1002 1590 licus
1033 1549 1234 1600 noster,
1270 1549 1323 1591 ct
1360 1540 1500 1606 ignis
1532 1554 1865 1594 consumens
1894 1541 2093 1595 daetno-

527 1647 653 1680 num
692 1634 1010 1698 pravitati-tn
1047 1640 1101 1683 et
1151 1631 1513 1698 cupiditatum
1568 1641 1903 1687 nostrarum.
1956 1632 2096 1687 Dicit

527 1721 669 1772 enim
713 1735 843 1772 sane
873 1737 936 1773 us
999 1721 1303 1774 Diadochus
1341 1738 1356 1775 :

526 1813 760 1880 quodam
796 1813 981 1865 dolore
1030 1829 1124 1866 cor
1175 1815 1479 1867 dmmonunt
1528 1829 1675 1868 arma
1729 1818 1981 1886 suscipit,
2015 1817 2086 1868 ita

530 1907 586 1948 ut
628 1899 813 1950 ert-dat
867 1900 968 1952 isti
1019 1916 1169 1954 arma
1223 1903 1502 1957 inimicum
1551 1905 1768 1967 afferre,
1805 1917 1934 1962 tunc
1983 1909 2096 1962 odit.

528 2000 650 2036 cum
687 2000 844 2050 pugna
896 1989 1226 2054 cupiditates
1276 1990 1481 2056 anima,
1533 2000 1789 2060 tanquam
1842 1995 2094 2047 mundari

531 2074 818 2143 incipiens.
859 2077 915 2131 Si
943 2079 1107 2148 igitur
1141 2096 1244 2132 non
1272 2081 1449 2134 vivide
1481 2083 1660 2135 doleat
1694 2083 1839 2151 quod
1872 2095 2093 2153 peccata

531 2185 634 2219 non
678 2173 894 2232 sentiat,
930 2189 1034 2224 non
1087 2174 1285 2240 poterit
1317 2176 1380 2226 de
1427 2175 1658 2241 justitia:
1710 2178 1850 2230 bono
1905 2178 2091 2230 laetari.

529 2260 631 2324 Qui
663 2262 824 2328 igitur
858 2265 998 2315 volet
1026 2279 1120 2315 cor
1137 2279 1296 2316 suum
1335 2268 1620 2329 mundare,
1655 2267 1788 2321 illttd
1821 2272 2085 2321 memoria

529 2351 658 2407 .lrsu
692 2352 895 2406 Christi
943 2365 1204 2421 perpetuo
1235 2355 1462 2420 adurat;
1501 2357 1637 2410 hanc
1665 2358 1835 2411 solam
1870 2358 2099 2412 medita-

535 2443 736 2494 tionem
780 2455 834 2496 et
882 2458 1022 2512 opus
1074 2446 1444 2502 indesinenter
1499 2448 1736 2503 habens.
1792 2449 1908 2503 Non
1948 2451 2094 2504 enim

529 2546 743 2604 oportet
771 2552 913 2588 nunc
945 2537 1163 2605 quidem
1189 2553 1367 2603 orare,
1401 2555 1544 2594 nunc
1576 2550 1756 2594 autem
1784 2556 1890 2595 non
1917 2558 2094 2607 orare,

528 2643 627 2682 eos
683 2628 970 2696 quisnam
1026 2633 1432 2699 corruptionem
1479 2632 1685 2700 ejicere
1741 2634 1943 2700 velint;
2000 2635 2097 2688 sed

534 2735 752 2788 semper
805 2722 1038 2775 orationi
1073 2738 1288 2788 vacare,
1341 2725 1394 2777 in
1451 2725 1649 2780 mentis
1691 2728 1956 2793 custodia,
1995 2729 2098 2783 etsi

531 2811 818 2879 aliquando
845 2825 997 2867 extra
1039 2814 1300 2868 orationis
1343 2816 1536 2870 domos
1563 2831 1866 2874 versentur.
1895 2819 2100 2884 Quem-

541 2904 839 2958 admodum
899 2905 1042 2958 enim
1079 2907 1175 2970 qui
1213 2907 1325 2961 vult
1375 2922 1568 2962 aurum
1606 2911 1915 2979 puriﬁcare,
1943 2914 1986 2964 si
2014 2912 2101 2965 vel

531 2996 809 3062 paululum
864 2997 1042 3067 ignem
1094 3000 1278 3054 subter
1333 3000 1609 3056 fornacem
1658 3003 1898 3072 extingui
1930 3005 2096 3067 sinat.

2174 518 2282 555 των
2342 504 2608 572 χρησμῶν
2652 504 2760 556 τῶν
2817 503 3008 572 ἁγίων,
3038 505 3282 574 όκνῶμεν
3339 507 3392 560 δὲ
3439 510 3619 560 εἰπεῖν
3666 511 3763 562 καὶ

2179 591 2273 645 ἀπ’
2317 591 2489 660 αὐτῆς
2518 592 2612 660 τῆς
2651 591 2924 662 πράξεως·
2960 594 3077 646 ἔστι
3109 594 3163 646 δὲ
3193 593 3398 647 τούτων
3442 599 3762 666 κυριωτέρα

2180 685 2383 754 πως,ή
2430 687 2494 736 ὲκ
2535 684 2634 754 τῆς
2683 684 2986 755 καρδιακῆς
3041 686 3292 756 καθαρᾶς
3346 692 3761 760 προσγινςμὲνη

2177 780 2485 848 προσευχῆς
2509 777 2688 850 θέρμη
2708 795 2721 808 °
2739 781 2830 833 καὶ
2858 781 2976 850 μετ’
2995 781 3166 851 αὐτῆς
3187 781 3448 851 διηνεκῶς
3462 783 3758 853 προϊοῦσα,

2179 872 2274 927 καὶ
2313 872 2675 941 αὐξανομένη,
2716 873 2922 942 καὶ-είς
2955 874 3236 943 φωτισμὸν
3266 875 3356 926 τον
3389 877 3763 928 ὲνυπόστατον

2181 963 2583 1026 σαὸὅατίζυυσα
2615 1004 2630 1028 ,
2671 965 2840 1036 ἤγουν
2891 967 3276 1028 ὲνυποστάτως
3336 969 3760 1036 πεφωτισμένον

2181 1053 2527 1125 ἐργαζομένη
2555 1057 2696 1110 κατά
2744 1056 2872 1119 τοὺς
2905 1057 3155 1126 Πατέρας
3205 1057 3298 1110 τὸν
3329 1058 3504 1121 οὕτως
3565 1061 3765 1128 ἔχοντα

2183 1147 2489 1216 ἄνθρωπον.

2188 1242 2248 1293 Τί
2280 1240 2344 1292 τὸ
2393 1240 2707 1310 προσεχῶς
2748 1242 2925 1310 ἔργον
2973 1238 3084 1310 τῆς
3137 1243 3465 1312 καρδιακῆς
3511 1245 3761 1314 θέρμης.

2254 1331 2361 1396 νίζ’.
2387 1335 2545 1396 Ἦτις
2574 1335 2637 1405 δὴ
2665 1333 2840 1404 θέρμη
2881 1335 3164 1404 προσεχῶς
3194 1337 3454 1388 ἀποσοϐεῖ
3482 1340 3548 1389 τα
3585 1340 3768 1403 ἐμπο-

2182 1423 2394 1487 δίζοντα
2439 1423 2535 1494 τὴν
2566 1426 2834 1492 προτέραν
2867 1423 3113 1493 καθαρὰν
3170 1425 3386 1487 τελείως
3421 1425 3769 1479 ἐκτελεῖσθαι

2185 1517 2512 1586 προσευχήν.
2543 1517 2662 1586 Πῦρ
2688 1517 2797 1587 γὰρ
2822 1518 2849 1569 6
2876 1515 3010 1578 Θεὸς
3039 1516 3218 1586 ἡμῶν,
3247 1517 3346 1570 καὶ
3396 1515 3507 1586 πῦρ
3531 1536 3774 1571 κατα-,α-

2183 1605 2366 1658 λίσκον
2394 1606 2489 1674 τὴν
2524 1605 2824 1675 μοχθηρίαν
2855 1606 2961 1658 τῶν
2987 1605 3278 1675 δαιμόνων,
3303 1609 3395 1658 καὶ
3418 1607 3528 1659 τῶν
3573 1609 3772 1660 παθῶν

1413 1741 1432 1774 t
1485 1721 1715 1788 Quando
1751 1739 1872 1777 cum
1935 1733 2098 1776 acuto

2186 1698 2362 1768 ήμῶν.
2391 1699 2554 1766 Λέγει
2580 1698 2675 1750 καὶ
2697 1697 2805 1766 γὰρ
2834 1699 2862 1749 ὁ
2894 1697 3046 1763 ἅγιος
3087 1697 3357 1766 Διάδοχοςο
3401 1717 3418 1748 ι
3449 1699 3583 1750 Ὅτε
3625 1703 3771 1767 μετὰ

2185 1779 2380 1855 ζεστῆς
2409 1804 2555 1850 τινος
2594 1786 2888 1856 ἀλγηδόνος
2922 1789 2955 1857 ἡ
2993 1787 3188 1854 καρδία
3212 1790 3510 1857 εἰσδέχεται
3546 1792 3614 1840 τὰ
3638 1791 3770 1852 τόξα

2183 1875 2292 1931 τῶν
2319 1879 2607 1946 δαιμόνων,
2643 1877 2718 1940 ὡς
2745 1879 2882 1930 αύτά
2913 1877 3121 1930 οἴεσθαι
3171 1879 3357 1948 φέρειν
3403 1881 3468 1931 τὶ
3509 1880 3638 1950 βέλη
3674 1883 3770 1933 τὸν

2186 1970 2612 2040 πολεμούμενον,
2647 1973 2797 2040 μισεί
2844 1968 2984 2041 μετά
3036 1971 3197 2022 πόνου
3230 1973 3262 2040 ἡ
3293 1971 3438 2040 ψυχὴ
3469 1974 3536 2024 τὰ
3588 1973 3769 2041 παθη,

2184 2061 2258 2125 ὼς
2289 2063 2345 2114 ὲν
2366 2063 2508 2131 ἀρχῇ
2555 2060 2692 2115 οὖσα
2742 2061 2837 2113 τοῦ
2899 2061 3281 2132 καθαίρεσθαι.
3331 2063 3459 2116 Ἐάν
3518 2064 3651 2130 γοῦν
3689 2066 3770 2135 μὴ

2185 2155 2398 2224 άλγήσῃ
2451 2153 2701 2223 μεγάλως
2763 2154 2856 2205 ἐπὶ
2901 2157 2966 2222 τῇ
3027 2154 3268 2226 ἀναιδείᾳ
3296 2157 3394 2224 τῆς
3454 2157 3767 2225 ἁμαρτίας,

2186 2248 2286 2299 οὐκ
2314 2247 2376 2300 ἄν
2404 2245 2601 2315 δυνηθῇ
2632 2244 2900 2306 πλουσίως
2939 2244 3174 2314 χαρῆναι
3214 2247 3306 2298 ἐπὶ
3332 2249 3396 2316 τῇ
3423 2247 3520 2315 τῆς
3553 2248 3770 2301 δικαιο-

2189 2339 2355 2409 σύνης
2403 2336 2752 2407 χρηστότητι.
2794 2337 2852 2387 '0
2892 2336 3068 2388 τοίνυν
3116 2335 3286 2388 θέλων
3333 2337 3635 2407 καθαρίσαι
3662 2339 3768 2408 τὴν

2187 2431 2382 2484 ἑαυτοῦ
2414 2429 2662 2499 καρδίαν,
2694 2431 2759 2498 τῇ
2797 2430 2982 2498 μνήμῃ
3015 2427 3109 2480 τοῦ
3157 2427 3331 2496 Ἰησοῦ
3371 2429 3613 2498 Χριστοῦ
3643 2430 3766 2482 διαο

2188 2523 2384 2584 παντὸς
2419 2520 2740 2589 ὲκπυρούτω
2759 2521 2950 2588 αὐτὴν,
3009 2519 3163 2572 τοῦτο
3203 2520 3361 2589 μόνον
3398 2520 3631 2590 μελέτην
3659 2523 3762 2573 καὶ

2188 2617 2348 2686 ἔργον
2396 2615 2674 2668 ἄπαυστον
2719 2613 2876 2680 ἔχων.
2915 2612 2986 2664 Οὐ
3034 2611 3144 2679 γὰρ
3190 2611 3319 2662 ποτὲ
3372 2611 3470 2680 μὲν
3501 2611 3764 2680 εὔχεσθαι

2189 2710 2290 2772 δεῖ,
2318 2709 2448 2762 ποτε
2471 2707 2526 2759 δὲ
2556 2705 2651 2776 μὴ,
2674 2706 2800 2767 τοὺς
2827 2705 2928 2774 τὴν
2958 2703 3167 2757 ἑαυτῶν
3203 2703 3440 2776 σαπρίαν
3466 2705 3766 2758 ἀποϐαλεῖν

2191 2801 2442 2860 θέλοντας
2471 2813 2487 2830 ο
2519 2797 2633 2850 ἀλλ’
2669 2795 2760 2849 ἀεὶ
2811 2797 2878 2864 τῇ
2933 2796 3207 2863 προσευχῇ
3267 2793 3552 2863 σχολάζειν
3584 2795 3644 2848 ἐν
3691 2799 3762 2866 τῇ

2189 2895 2420 2962 τηρήσει
2453 2889 2548 2942 τοῦ
2576 2888 2690 2954 νοῦ,
2719 2888 2822 2940 κᾶν
2845 2886 2952 2951 ἔξω
2978 2903 3081 2938 που
3105 2885 3406 2949 αύλίζοιντο
3429 2887 3538 2939 τίίν
3572 2888 3770 2958 εὐκτη-

2192 2993 2321 3055 ρίιιη
2367 2986 2566 3054 δόμων.
2623 2985 2720 3036 Ὃν
2764 2980 2871 3050 γὰρ
2923 2980 3123 3050 τρόπον
3156 2982 3184 3032 6
3229 2979 3398 3032 θέλων
3457 2980 3764 3050 καθαρίσαι

531 3089 728 3141 duram
767 3104 986 3143 rursum
1021 3093 1308 3145 materiam
1340 3092 1538 3148 efﬁcit:
1579 3095 1649 3148 ita
1675 3096 1765 3164 qui
1804 3111 1948 3151 nunc
1975 3098 2090 3167 qui-

2189 3071 2432 3140 χρυσίον,
2465 3069 2560 3122 ἐὰν
2596 3069 2690 3120 καὶ
2719 3067 2854 3138 πρὸς
2889 3066 3062 3138 βραχὺ
3094 3065 3155 3117 τὸ
3189 3063 3301 3132 πῦρ
3333 3064 3466 3133 ἐάσῃ
3493 3064 3763 3132 σχολάσαι

529 3179 652 3232 dem
689 3179 782 3235 Dei
842 3184 1182 3248 recordatur,
1237 3201 1381 3239 nunc
1419 3202 1548 3242 vero
1587 3203 1694 3242 non
1757 3191 2095 3254 recordatur,

530 3273 673 3340 quod
702 3274 912 3327 vidi-tur
947 3291 1040 3344 per
1061 3278 1368 3332 orationem
1396 3281 1703 3348 acquirere,
1723 3281 1776 3334 id
1801 3296 1896 3350 per
1924 3284 2100 3336 otium

529 3366 748 3421 amittit.
799 3367 1082 3437 Proprium
1125 3384 1256 3422 vero
1305 3379 1388 3424 est
1423 3370 1662 3426 hominis
1691 3374 1941 3426 virtutem
1979 3373 2100 3426 dili-

527 3458 723 3524 geniis,
783 3460 1041 3511 memoria
1086 3458 1180 3512 Dei
1213 3460 1355 3528 quod
1391 3469 1668 3516 terrenum
1713 3463 1768 3515 in
1804 3461 1971 3516 corde
2017 3475 2097 3516 est

526 3564 873 3614 consumere,
907 3549 980 3602 ita
1009 3553 1233 3619 utquod
1264 3551 1463 3606 malum
1487 3564 1569 3608 est
1593 3555 1797 3608 sensim
1829 3554 1951 3623 igne
1982 3572 2097 3609 mc-

529 3641 718 3693 tnoriae
752 3640 914 3709 hujus
942 3644 1084 3711 quod
1123 3644 1330 3697 bonum
1363 3656 1464 3708 est,
1498 3657 1858 3700 consumatur
1890 3657 1944 3700 et
1968 3663 2096 3715 per-

530 3729 669 3784 fecte
700 3733 880 3786 anima
932 3734 986 3786 in
1025 3736 1330 3790 naturalem
1385 3754 1544 3792 suum
1587 3739 1935 3808 splendorem
1971 3755 2095 3793 cum

529 3823 732 3890 majore
756 3825 926 3892 gloria
951 3825 1156 3879 redeat.
1187 3830 1364 3894 Atque
1396 3828 1561 3896 igitur
1595 3831 1668 3883 ita
1704 3846 1860 3886 mens
1892 3832 2098 3900 absque

527 3913 920 3982 impedimento
951 3917 1002 3970 itt
1057 3919 1223 3972 corde
1255 3933 1568 3987 remanens,
1629 3937 1762 3990 pure
1804 3933 1858 3977 et
1892 3925 2098 3991 absque

522 4021 710 4060 errore
743 4019 885 4072 orat,
921 4017 978 4062 nt
1034 4010 1112 4062 ait
1171 4022 1397 4066 sanctus
1438 4029 1450 4064 :
1496 4031 1514 4064 ‹
1561 4012 1716 4068 Tunc
1744 4023 1824 4069 cst
1884 4031 2009 4069 vera
2046 4024 2100 4069 et

525 4108 674 4150 recta
715 4099 908 4166 oratio,
945 4103 1162 4170 quando
1197 4103 1249 4156 in
1283 4087 1490 4158 orando
1514 4120 1608 4158 cor
1635 4122 1786 4161 mens
1825 4117 2026 4163 servat.
2070 4126 2090 4160 ι

521 4189 724 4245 Scribit
781 4204 961 4247 autem
1013 4205 1066 4249 ct
1103 4207 1324 4251 sanctus
1367 4197 1669 4269 Hesychius
1709 4217 1722 4253 :
1762 4220 1780 4252 ‹
1817 4174 1927 4256 ΙΙΙέ
1969 4218 2096 4258 vere

527 4287 829 4340 monachus
879 4296 959 4342 est
1007 4289 1098 4357 qui
1153 4291 1490 4360 vigilantiam
1533 4294 1693 4358 colit;
1729 4304 1782 4349 et
1826 4295 1916 4351 ille
1969 4311 2096 4352 vere

521 4379 756 4447 vigilans
779 4389 880 4445 est,
915 4381 1008 4451 qui
1044 4383 1098 4436 in
1127 4384 1288 4438 corde
1325 4394 1407 4438 est
1436 4386 1762 4441 monachus.
1804 4405 1826 4439 ι

517 4760 592 4812 Ue
629 4754 890 4809 desiderio
919 4762 968 4806 et
1021 4769 1198 4807 amore
1243 4754 1332 4822 qui
1383 4768 1448 4807 ea:
1483 4752 1692 4805 ardenti
1717 4751 2005 4803 attentione
2041 4760 2090 4800 ct

1079 4826 1316 4878 oratione
1369 4827 1560 4879 oritur.

583 4944 673 4998 57.
715 4942 768 4996 In
817 4944 910 4997 tali
965 4955 1147 4998 autem
1202 4943 1423 5006 ardore,
1469 4952 1522 4998 ct
1576 4959 1697 4997 cum
1733 4943 1849 5008 tali,
1883 4945 2089 4998 munda

491 5037 726 5108 _scilicet
757 5037 1084 5101 attentione,
1131 5037 1182 5089 in
1223 5037 1388 5090 corde
1421 5035 1660 5106 gignitur
1693 5037 1759 5091 ad
1814 5038 2093 5091 memoriae

518 5141 838 5199 prmsentem
864 5145 1082 5199 semper
1111 5129 1399 5183 Dominum
1431 5127 1616 5182 Jesum
1641 5129 1922 5183 Christum
1948 5129 2094 5184 desi-

517 5224 727 5277 derium
784 5237 848 5277 ac
900 5223 1120 5276 divinus
1166 5238 1323 5276 amor
1353 5232 1405 5276 et
1435 5223 1695 5286 Charitas,
1731 5229 1790 5275 ut
1825 5223 2088 5291 scriptum

516 5323 636 5369 est:
681 5333 698 5367 ‹
741 5313 939 5368 Puellae
969 5314 1283 5367 dilexerunt
1324 5327 1431 5378 me,
1465 5321 1808 5366 attraxernnt
1839 5329 1924 5366 me
1945 5313 2021 5378 ³⁸;
2063 5333 2082 5364 ο

517 5417 572 5461 ct
598 5421 699 5477 ego
742 5422 753 5455 ε
819 5424 837 5458 ι
877 5403 1170 5459 Vulnerata
1228 5421 1416 5460 amore
1459 5420 1560 5472 ego
1617 5420 1738 5458 sum
1763 5404 1831 5460 ".
1866 5421 1884 5455 ι
1949 5404 2089 5458 Dicit

517 5511 702 5556 autem
745 5510 793 5556 et
822 5510 1042 5555 sanctus
1085 5499 1393 5554 Maximus:
1436 5517 1454 5551 ε
1484 5497 1684 5556 Omnes
1723 5499 1941 5569 quidem
1977 5502 2087 5554 vir.

521 5608 634 5650 tute
703 5596 766 5648 ad
847 5597 1091 5649 divinum
1150 5608 1388 5647 amorem
1457 5595 1624 5648 menti
1698 5603 2085 5665 cooperantur,

597 5782 639 5812 ³⁵
670 5780 802 5834 Cant
856 5797 892 5847 ι,
920 5780 970 5834 2.
1070 5782 1111 5812 ³⁵
1143 5780 1298 5835 Cant.
1332 5791 1391 5835 ll.
1429 5775 1480 5829 ὅ.

2179 3160 2272 3214 τοῦ
2320 3157 2703 3230 χωνευτηρίου,
2749 3156 3014 3227 σκληρίαν
3065 3155 3228 3220 πάλιν
3280 3157 3346 3224 τῇ
3380 3154 3762 3226 καθαιρομένῃ

2182 3251 2282 3325 ὕλῃ
2312 3253 2532 3320 ἐμποιεῖ
2561 3267 2573 3280 ο
2604 3247 2748 3300 οὕτω
2777 3247 2870 3300 καί
2903 3247 2931 3298 6
2963 3245 3095 3298 ποτὲ
3139 3246 3236 3312 μὲν
3265 3248 3615 3316 μεμνημένος
3661 3246 3763 3298 τοῦ

2181 3348 2335 3409 Θεοῦ,
2372 3348 2497 3400 ποτὲ
2526 3346 2581 3398 δὲ
2608 3347 2679 3415 μή
2710 3363 2723 3376 ·
2755 3346 2891 3414 ὅπερ
2920 3345 3069 3397 δοκεῖ
3102 3343 3336 3410 κτᾶσθαι
3359 3343 3448 3396 διά
3467 3345 3564 3412 τῆς
3591 3359 3767 3413 προσ-

2189 3440 2376 3508 ευχῆς,
2433 3438 2590 3491 τοῦτο
2615 3437 2877 3490 ἀπόλλυσι
2925 3435 3014 3490 διὰ
3047 3436 3150 3503 τῆς
3186 3436 3404 3504 σχολῆς.
3455 3437 3673 3504 Ἀνδρος
3706 3436 3767 3489 δέ

2188 3532 2306 3583 ἐστι
2339 3529 2630 3600 φιλαρέτου
2665 3529 2818 3590 ἴδιον,
2847 3527 2914 3580 τά
2947 3529 3033 3581 ἀεὶ
3064 3530 3129 3597 τῇ
3168 3528 3358 3598 μνήμῃ
3391 3525 3484 3578 τοῦ
3515 3526 3656 3579 Θεοῦ
3706 3528 3768 3579 τὸ

2179 3621 2276 3690 τῆς
2322 3619 2550 3690 καρδίας
2603 3621 3021 3674 καταναλίσκειν
3069 3621 3290 3688 γεῶδες,
3334 3622 3420 3673 ἵνα
3469 3621 3615 3672 οὕτω
3667 3620 3767 3673 τοῦ

2181 3711 2351 3766 κακοῦ
2403 3712 2521 3765 κατ’
2578 3711 2757 3778 ὀλίγον
2789 3712 2894 3764 ὑπὸ
2926 3711 3018 3764 τοῦ
3075 3711 3245 3782 πυρὸς
3277 3711 3376 3780 τῆς
3426 3711 3518 3764 τοῦ
3556 3712 3769 3779 ἀγαθοῦ

2192 3806 2415 3874 μνήμης
2474 3803 2890 3874 δαπανωμένου,
2954 3804 3174 3866 τελείως
3233 3805 3313 3866 είς
3368 3805 3467 3874 τὴν
3525 3805 3768 3875 φυσικὴν

2183 3898 2353 3966 αὑτῆς
2398 3896 2604 3966 ἡψυχὴ
2636 3898 2775 3966 μετὰ
2821 3896 3068 3961 πλείονος
3106 3897 3263 3967 δόξης
3314 3897 3586 3968 ἐπανέλθῃ
3617 3897 3765 3967 λαμο

2183 3991 2450 4060 πρότητα.
2491 4009 2508 4040 ι
2553 3990 2662 4042 Καὶ
2697 3989 2826 4057 γοῦν
2857 3989 3029 4052 οὓτως
3056 3993 3084 4042 6
3111 3989 3232 4052 νοῦς
3263 3990 3587 4059 προσμένων
3619 3991 3770 4041 ἀκω-

2182 4082 2357 4145 λύτως
2408 4083 2468 4132 ὲν
2520 4081 2735 4152 καρδίᾳ,
2771 4081 3047 4152 καθαρῶς,
3075 4083 3171 4134 καὶ
3225 4082 3478 4141 ἀπλανῶς
3524 4081 3768 4149 εὔχεται,

2184 4175 2327 4227 κατά
2381 4173 2472 4225 τὸν
2521 4173 2749 4240 λέγοντα
2793 4174 2946 4240 ἅγιον
2975 4189 2988 4202 ο
3024 4192 3042 4224 ε
3075 4174 3205 4225 Τότε
3255 4175 3400 4225 ἐστὶν
3431 4172 3635 4240 ἀληθὴς
3675 4174 3770 4224 καὶ

2185 4266 2434 4335 ἀπλανὴς
2470 4265 2771 4336 προσευχὴ,
2803 4267 2890 4318 ὅτε
2925 4267 3022 4332 τὴν
3061 4267 3284 4335 καρδίαν
3311 4269 3338 4318 ό
3367 4265 3492 4326 νοῦς
3523 4268 3686 4333 τηρεῖ
3713 4267 3769 4315 ὲν

2184 4359 2261 4426 τῷ
2298 4355 2718 4426 προσεύχεσθαι.
2759 4376 2777 4409 ι
2807 4357 3013 4425 Γράφει
3042 4357 3096 4409 δὲ
3123 4358 3214 4410 καὶ
3245 4359 3271 4408 6
3297 4359 3450 4424 ἀγιος
3489 4356 3764 4423 Ἰἰσὺχιοςο

2133 4444 2172 4498 D
2193 4469 2210 4500 ι
2243 4446 2412 4513 Οὗτος
2435 4448 2683 4518 ἀληθινὸς
2711 4449 2905 4518 τῳόντι
2936 4450 3189 4518 μοναχδς,
3215 4449 3242 4499 ό
3277 4448 3435 4516 νῆψιν
3458 4448 3764 4516 κατορθῶν,

2187 4544 2278 4595 καὶ
2315 4542 2488 4604 οὕτως
2542 4541 2795 4610 ἀληθινὸς
2835 4542 3114 4611 νηφάλιος,
3155 4542 3184 4593 6
3236 4543 3293 4592 ἐν
3341 4540 3534 4611 καρδίᾳ
3566 4539 3641 4592 ὢν
3675 4557 3770 4609 μο-

2188 4635 2370 4703 ναχός.
2406 4652 2423 4683 ι

2189 4768 2326 4835 Πνρί
2354 4767 2457 4821 τοῦ
2483 4767 2550 4832 ἐκ
2589 4765 2695 4833 τῆς
2738 4766 2954 4834 θέρμης
2977 4762 3284 4833 ,προσοχῆς
3328 4781 3390 4817 τε
3433 4763 3529 4816 καί
3579 4779 3766 4832 apoc-

2365 4837 2552 4906 ευχῆς
2574 4837 2921 4904 τικτομένων
2955 4838 3146 4888 πόθου
3187 4836 3283 4886 καί
3322 4836 3561 4902 ἔρωτος.

2261 4949 2357 5013 νζ’.
2393 4952 2478 5003 Ἐν
2497 4950 2552 5003 δὲ
2570 4952 2634 5021 τῇ
2657 4949 2880 5021 τοιαύτῃ
2897 4949 3095 5019 θέρμῃ,
3115 4948 3206 4998 καὶ
3226 4948 3320 4999 σῦν
3345 4949 3584 5015 προσοχῇ
3601 4961 3768 5015 προσ-

2191 5047 2343 5112 ευχῇ,
2377 5041 2542 5112 ἡγουν
2584 5041 2800 5111 καθαρᾷ
2839 5041 3137 5108 προσευχῇ,
3173 5041 3199 5090 ὁ
3231 5042 3365 5104 πρ”ς
3415 5037 3503 5088 τὸν
3551 5053 3768 5106 μνημο-

2192 5136 2499 5202 νευόμενον,
2516 5133 2602 5185 ἀεὶ
2621 5131 2822 5201 Κύριον
2857 5116 3318 5199 ἸησοῦνΧριστοῧ
3334 5128 3514 5190 πόθος,
3531 5129 3621 5180 καὶ
3634 5127 3772 5190 θεῖος

2193 5225 2351 5293 ἔρως,
2374 5225 2466 5276 καὶ
2486 5225 2517 5293 ἡ
2538 5223 2724 5292 ἀγάπη
2743 5226 2799 5275 ὲν
2817 5222 3014 5292 καρδία
3043 5221 3306 5283 τίκτεται,
3333 5220 3407 5283 ὡς
3441 5220 3769 5288 γέγραπται’

2200 5337 2217 5367 ‹
2259 5317 2515 5378 Νεάνιδες
2565 5316 2856 5385 ὴγάπησάν
2919 5322 2984 5384 με
3022 5313 3132 5385 [ῑσ.
3166 5313 3276 5384 es],
3303 5314 3560 5366 εἵλκυσάν
3610 5329 3701 5381 με,
3743 5331 3761 5364 ι

2195 5409 2288 5460 καὶ
2315 5409 2418 5472 ὅτι,
2463 5427 2480 5458 ι
2517 5409 2862 5477 Τετρωμὲνηο
2893 5408 3112 5477 ἀγάπης
3147 5407 3264 5476 εἰμὶ
3291 5405 3419 5473 ἐγώ.
3459 5424 3478 5457 ι
3528 5407 3690 5472 Λέγει
3714 5405 3768 5458 δὲ

2195 5504 2287 5554 καὶ
2315 5504 2341 5554 6
2365 5502 2516 5568 ὄιγιος
2561 5500 2838 5568 Μάξιμος·
2879 5517 2896 5550 ‹
2932 5499 3111 5550 Πᾶσαι
3141 5497 3237 5566 μὲν
3269 5498 3323 5550 αἱ
3351 5495 3545 5566 ἀρεταὶ
3578 5512 3770 5565 συνερ-

2195 5593 2349 5660 γοῦσι
2385 5591 2460 5662 τῷ
2490 5591 2561 5662 νῷ
2593 5591 2723 5661 πρὸς
2756 5590 2844 5644 τὸν
2876 5590 3016 5642 θεῖον
3047 5589 3244 5660 ἔρωτα,
3275 5589 3434 5640 πλέον
3464 5587 3521 5639 δὲ
3554 5588 3770 5639 πάντων
