4032 6208
499 283 606 350 713

1349 291 1691 352 CALLlSTl
1725 290 1818 353 ET
1852 290 2152 353 IGNATII
2189 285 2883 355 XANTHOPULORUM

3639 291 3750 361 75$

503 413 666 468 ιιιηιε,
705 415 761 458 ιιι
792 403 867 457 ait
901 413 1121 459 sanctus
1156 402 1341 458 lsaae:
1383 424 1401 456 ι
1439 405 1724 459 'l‘erribilis
1755 415 1838 460 est
1873 405 2062 459 demo-

2178 424 2283 484 τοῖς
2307 421 2544 491 δαίμοσι,
2570 419 2645 481 ὣς
2675 437 2840 493 φησιν
2865 418 2894 472 ὁ
2920 415 3297 488 ἆγιοςΊσαάκο
3326 436 3345 470 ι
3372 415 3601 486 Φοϐερός
3635 416 3756 468 ἐστι

503 496 662 548 nibus
691 505 744 547 et
775 493 888 548 Deo
936 495 1251 565 angelisqne
1281 496 1513 551 dilectus
1554 498 1647 566 qui
1680 511 1802 551 cum
1859 499 2083 550 ardente

500 587 616 642 zelo
649 589 889 640 eratlicat
935 589 1118 655 spinas
1171 591 1223 642 in
1277 589 1394 657 ipso
1450 590 1517 642 ali
1581 590 1734 644 hoste
1791 591 2080 660 plantatas.

503 679 566 732 Et
605 681 658 733 in
715 678 1022 748 profectum
1066 681 1246 734 venirt
1296 683 1369 735 ita
1434 690 1492 735 ttt
1548 681 1706 736 ﬁdem
1765 683 1965 736 habent
2023 698 2081 736 se

497 773 842 827 dilectionem
882 773 936 827 in
978 773 1144 828 Deum
1178 775 1480 842 possidere,
1517 784 1571 828 et
1605 773 1953 828 manifestam
1981 789 2081 842 ap-

501 865 823 934 paritionem
864 876 920 920 et
952 867 1406 921 inhabitationem
1473 874 1529 921 et
1594 867 1956 921 substantiale
2019 881 2084 920 ac

495 958 897 1012 divinissimnin
935 959 1122 1030 gratim
1157 960 1362 1014 lumen.
1407 959 1464 1014 Si
1501 959 1657 1012 malis
1688 958 1742 1012 id
1773 959 1974 1022 dicere,
2001 957 2081 1012 lu-

496 1049 774 1104 cidissime
810 1057 1048 1102 recurret
1077 1050 1144 1103 ad
1185 1066 1475 1117 supernam
1536 1051 1680 1104 illam
1736 1059 1789 1103 et
1823 1065 1918 1117 per
1955 1051 2084 1119 bap-

496 1142 730 1194 tismatis
773 1143 1000 1203 gratiam
1036 1143 1193 1196 nobis
1238 1144 1417 1196 datam
1453 1143 1786 1196 nobilitatem
1828 1158 1890 1196 ac
1924 1143 2082 1212 spiri-

497 1232 694 1284 tuulrm
715 1233 1058 1298 adoptionem
1089 1273 1100 1284 .
1136 1233 1229 1286 ιΕι
1251 1233 1381 1286 dicit
1404 1249 1617 1286 rursum
1643 1233 2031 1288 sanctuslsaac
2061 1252 2075 1288 :

505 1323 628 1374 «Illa
663 1334 745 1375 est
785 1321 1080 1377 Jerusalem
1118 1340 1179 1377 ac
1217 1324 1307 1378 Dei
1349 1341 1595 1394 regnum,
1627 1327 1770 1394 quod
1807 1327 1945 1378 intra
1982 1341 2081 1379 nos

496 1415 1027 1482 absmmlitnrjuxta
1070 1417 1283 1470 Domini
1326 1433 1656 1471 sermonem.
1696 1417 1792 1471 llic
1821 1419 1972 1472 locus
1997 1434 2082 1486 est

499 1505 668 1559 nubes
701 1506 883 1574 gloria:
907 1507 1022 1572 Dei,
1056 1508 1106 1559 in
1143 1524 1305 1576 quam
1337 1508 1437 1561 soli
1473 1511 1661 1562 mundi
1696 1510 1865 1564 corde
1900 1511 2082 1582 ingre-

497 1597 714 1650 dientnr
756 1598 819 1650 ad
869 1599 1340 1667 cnntemplandam
1399 1599 1483 1653 sui
1548 1598 1758 1652 Domini
1823 1599 2071 1654 faciem.)

497 1687 730 1740 Tantum
772 1688 861 1741 ille
895 1703 962 1742 ne
1010 1689 1250 1757 inquirat
1311 1690 1652 1743 manifestam
1712 1690 1805 1744 Dei
1859 1691 2080 1760 appari-

2169 517 2284 575 τοῖς
2312 512 2530 579 δαίμοσι
2569 514 2661 565 καὶ
2706 512 2950 574 ποθεινὸς
3001 511 3078 580 τῷ
3124 510 3242 580 Θεῷ
3298 511 3392 563 καὶ
3428 513 3536 571 τοῖς
3581 508 3761 575 ἀγγέ-

2171 602 2285 666 λοις
2314 601 2504 667 αὐτοῦ,
2534 605 2562 654 ὁ
2605 602 2745 672 μετὰ
2775 601 2979 672 θερμοῦ
3036 602 3199 672 ζήλου
3261 601 3495 671 ἐκριζῶν
3533 601 3634 662 τὰς
3695 602 3761 652 ἐκ

2171 695 2266 750 τοῦ
2293 693 2488 767 ἐχθροῦ
2522 694 2795 764 φυομένοις
2822 696 2878 746 ἐν
2903 693 3050 764 αὑτῷ
3070 693 3334 751 ἀκάνθας.
3364 693 3468 744 Καὶ
3501 693 3581 754 εἰς
3615 707 3760 760 προ-

2173 789 2350 860 κοπὴν
2402 789 2524 858 ἥξει
2571 787 2664 840 τοῦ
2727 786 3108 857 πληροςςορίαν
3156 784 3406 838 ἐντεῦθεν
3458 786 3604 853 σχεῖν
3660 784 3762 852 τῆς

2173 881 2313 952 πρὸς
2355 880 2518 934 αὑτὸν
2556 879 2798 950 ἀγάπης,
2859 877 2956 930 καὶ
2983 876 3245 948 ἐναργοῦς
3307 876 3630 946 ἐμςρανείας,
3665 877 3763 928 καὶ

2175 973 2504 1042 ἐνοικήσεως
2570 971 2664 1024 τοῦ
2719 971 3111 1034 ἐνυποστάτου,
3165 970 3261 1022 καὶ
3308 969 3587 1022 θειοτάτου
3651 986 3764 1037 φω-

2183 1065 2381 1134 τισμοῦ
2423 1063 2518 1116 τοῦ
2583 1063 2682 1133 τῆς
2729 1062 2972 1133 χάριτος.
3030 1061 3092 1114 Ei
3157 1060 3370 1132 βούλοιο
3429 1062 3488 1115 δὲ
3553 1062 3760 1122 εἰπεῖν,

2179 1156 2330 1227 μάλα
2362 1154 2604 1226 φαιδρῶς
2637 1155 3108 1223 ἐπαναδραμεῖται
3174 1153 3309 1223 πρὸς
3373 1154 3473 1224 τὴν
3527 1152 3762 1216 ἄνωθεν,

2176 1249 2270 1302 καὶ
2300 1249 2390 1302 διὰ
2413 1249 2511 1317 τῆς
2544 1246 2639 1300 τοῦ
2696 1246 3076 1316 βαπτίσματος
3110 1245 3331 1316 χάριτος
3363 1246 3761 1316 τελεσιουργη-

2177 1339 2359 1393 θεῖσαν
2434 1341 2570 1410 ἡμῖν
2624 1339 2928 1407 εὐγένειαν,
2985 1339 3080 1390 καὶ
3146 1338 3419 1390 υἱοθεσίαν
3453 1354 3765 1406 πνευματι-

2175 1433 2298 1502 κήν.
2332 1452 2349 1484 ι
2382 1432 2493 1484 Καὶ
2511 1430 2659 1500 λέγει
2681 1431 2835 1493 αὖθις
2860 1433 2887 1484 ὁ
2909 1430 3284 1500 ἅγιοςΊςαάκο
3318 1448 3335 1480 ι
3369 1429 3516 1499 Αὕτη
3547 1429 3702 1481 ἐστὶν
3730 1428 3762 1497 ή

2186 1523 2562 1595 ἰερουσαλὴμ,
2622 1526 2716 1577 καὶ
2778 1525 2810 1594 ή
2860 1523 2953 1576 τοῦ
3011 1523 3145 1576 Θεοῦ
3204 1523 3542 1594 βασιλεία,ᾑ
3604 1521 3763 1584 ἐντὸς

2180 1619 2208 1688 ἡ
2219 1617 2334 1687 μῶν
2364 1617 2721 1687 κεκρυμμένη
2752 1616 2891 1669 κατὰ
2918 1617 3009 1668 τὸν
3040 1615 3133 1669 τοῦ
3166 1615 3370 1685 Κυρίου
3404 1613 3582 1681 λόγον.
3602 1613 3762 1682 Αὕτη

2177 1711 2212 1778 ή
2246 1707 2399 1780 χώρα
2430 1708 2630 1778 νεφέλη
2653 1709 2770 1761 ἐστὶ
2801 1708 2900 1775 τῆς
2930 1705 3091 1774 δόξης
3113 1705 3207 1758 τοῦ
3241 1705 3402 1768 Θεοῦ,
3441 1706 3519 1760 είς
3541 1705 3610 1773 ἣν
3660 1702 3763 1774 μό-

497 1779 721 1841 tionem,
755 1788 813 1832 ut
855 1794 961 1831 non
996 1780 1224 1848 accipiat
1249 1795 1373 1832 eum
1411 1781 1504 1848 qui
1545 1778 1776 1834 tenebrae
1810 1795 1936 1836 vere
1969 1791 2072 1847 est,

2178 1819 2259 1854 νοι
2292 1802 2342 1853 οι
2373 1799 2606 1871 καθαροὶ
2649 1803 2714 1870 τῇ
2750 1799 2948 1870 καρδίᾳ
2978 1799 3379 1852 εἰσελεύσονται
3414 1796 3508 1849 τοῦ
3552 1796 3759 1850 θεάσα-

493 1880 547 1924 ct
581 1870 760 1923 lumen
798 1885 855 1924 se
882 1884 1007 1924 esse
1038 1870 1277 1925 simulat.

2179 1892 2302 1946 σθαι
2333 1891 2389 1944 τὸ
2419 1891 2710 1962 πρόσωπον
2744 1891 2836 1942 τοῦ
2866 1891 2995 1944 ἰδίου
3021 1881 3314 1942 Δεσπὲτου.
3345 1907 3363 1940 ›
3397 1888 3569 1942 Μόνον
3593 1887 3765 1951 αὐτὸς

504 1976 577 2044 μὴ
611 1975 842 2044 ζητείτω
871 1978 975 2045 τὴν
999 1976 1097 2031 τοῦ
1131 1976 1265 2028 Θεοῦ
1295 1977 1623 2045 ὲμξάνειαν,
1657 1978 1742 2028 ἶνα
1778 1977 1854 2046 μὴ
1887 1977 2106 2046 δέξηται
2134 1979 2226 2032 τὸν
2253 1979 2328 2042 ὡς
2361 1979 2580 2050 ἀληθῶς
2617 1981 2806 2043 σκότος
2841 1981 2993 2045 ὅντα,
3031 1979 3128 2032 καὶ
3185 1978 3302 2048 φῶς
3341 1976 3483 2034 εἶναι
3515 1981 3753 2050 ὑποκρι-

499 2068 636 2137 νόμε
652 2087 752 2121 ιον.

791 2162 866 2216 De
894 2162 1190 2230 operatione
1227 2161 1426 2226 divina,
1454 2167 1504 2212 et
1535 2159 1793 2228 opposita.

580 2277 673 2330 6|.
705 2275 935 2340 Quando
975 2283 1153 2327 autem
1209 2288 1363 2328 mens
1416 2272 1539 2340 ejus
1595 2273 1689 2342 qui
1751 2273 1931 2327 lumen
1970 2287 2081 2326 non

509 2370 728 2437 qu-erit,
772 2367 822 2419 id
850 2367 1068 2434 aspicit,
1105 2380 1207 2417 non
1237 2379 1358 2418 eam
1397 2365 1581 2418 statim
1622 2365 1875 2433 accipiat,
1911 2378 2085 2432 neque

509 2464 732 2520 ntietnr,
759 2467 813 2511 ut
843 2459 920 2510 ait
961 2465 1182 2510 sanctus
1210 2454 1423 2510 Marcus
1450 2474 1462 2508 :
1497 2455 1620 2510 «Est
1640 2457 1881 2526 operatio
1902 2456 2085 2526 gratia:

508 2551 701 2605 infanti
741 2551 944 2617 ignota.
978 2548 1043 2602 Et
1077 2557 1159 2601 est
1217 2547 1439 2601 malitia:
1471 2548 1597 2614 alia,
1645 2551 1857 2603 veritati
1905 2549 2082 2604 simil-

510 2645 658 2697 lima.
701 2641 908 2695 Bonum
943 2650 1026 2696 est
1060 2651 1237 2694 autem
1271 2639 1398 2692 talia
1427 2654 1535 2692 non
1563 2648 1810 2693 errantes
1841 2651 2086 2694 contem-

509 2735 667 2804 plari,
737 2749 910 2801 neque
942 2733 1180 2802 'propter
1218 2731 1499 2784 veritatem
1541 2731 1834 2796 exsecrari,
1881 2731 1977 2787 sed
2028 2731 2081 2786 in

509 2827 768 2878 omnibus
816 2839 909 2892 per
953 2839 1102 2893 spem
1132 2823 1196 2876 ad
1229 2821 1396 2876 Deum
1432 2821 1751 2891 confugere.
1784 2823 1906 2892 Ipse
1934 2823 2080 2878 enim

508 2921 652 2988 quod
682 2920 731 2970 in
757 2930 986 2985 utroque
1018 2917 1148 2968 utile
1175 2916 1268 2979 sit,
1296 2915 1478 2979 novit;
1515 2916 1610 2970 sed
1643 2917 1935 2984 interroget
1957 2919 2080 2969 eum

505 3009 600 3065 nui
633 3009 856 3077 gratiam
890 3016 944 3060 et
976 3006 1274 3075 potentiam
1307 3007 1448 3076 apud
1476 3005 1644 3064 Deum
1683 3005 1866 3068 habet,
1899 3015 1958 3058 ut
1985 3004 2081 3059 d0-

506 3109 626 3152 uent
655 3107 708 3150 et
742 3098 1034 3150 discernat.
1051 3115 1069 3147 ι

700 3209 776 3262 De
810 3209 1061 3279 magistro
1105 3207 1402 3260 il'umiuuto
1434 3216 1482 3260 et
1518 3222 1617 3258 non
1651 3215 1883 3260 errante.

577 3323 664 3377 69..
695 3323 756 3376 Et
789 3325 834 3378 si
859 3322 1122 3376 invenerit
1150 3322 1239 3389 qui
1276 3321 1490 3386 doceat,
1515 3337 1619 3373 ttott
1648 3321 1864 3373 modum
1890 3336 2081 3390 quem-

505 3414 796 3467 admodum
826 3413 927 3467 scit
954 3428 1018 3466 ex
1043 3413 1225 3468 divina
1259 3409 1566 3480 Scriptura,
1601 3414 1693 3465 sed
1724 3414 2079 3481 quemadnm-

505 3508 632 3558 dmu
666 3515 719 3560 et
747 3505 859 3574 ipse
895 3505 1054 3557 beate
1093 3505 1337 3557 divinum
1375 3503 1557 3556 lumen
1598 3504 1789 3569 sensit,
1816 3502 1927 3558 Deo
1954 3520 2080 3574 επις

505 3600 633 3652 tias.
670 3597 725 3650 Si
759 3597 959 3662 minus,
990 3597 1182 3652 melius
1210 3605 1295 3650 cst
1325 3612 1433 3649 non
1467 3595 1738 3663 accipere,
1772 3595 1864 3650 sed
1899 3597 1950 3650 in
1983 3599 2078 3650 liu-

507 3691 730 3744 tnilitate
757 3689 824 3743 ad
867 3689 1034 3744 Deum
1069 3688 1378 3756 enniugere,
1412 3687 1541 3740 dum
1581 3702 1639 3740 se
1681 3689 1843 3743 homo
1865 3687 2081 3742 sincero

505 3785 674 3835 Corde
705 3759 1255 3852 indignum‘i-pntat,
1295 3781 1387 3833 tali
1426 3781 1621 3833 merito
1659 3789 1712 3833 et
1743 3781 2082 3848 contempla-

506 3881 653 3930 tione
681 3892 738 3929 se
772 3883 1046 3939 avertent;
1087 3873 1543 3943 quemadmodum
1578 3874 1779 3927 dictum
1803 3882 1906 3938 est,
1939 3882 1992 3927 et
2015 3889 2083 3926 ex

507 3967 574 4022 iis
595 3982 715 4035 qua:
737 3965 1006 4028 dicentur,
1036 3974 1085 4017 et
1113 3973 1170 4016 ut
1192 3964 1385 4016 initiati
1413 3980 1620 4028 sumus,
1653 3962 1855 4018 Christi
1885 3965 2078 4032 gratia,

506 4077 534 4110 ιι
573 4044 772 4126 linguis
830 4072 938 4108 non
978 4056 1349 4117 mendacibus,
1386 4070 1414 4108 a
1450 4053 1654 4122 Spiritu
1688 4064 1878 4109 sancto
1912 4059 2075 4112 motis

503 4166 570 4205 ac
614 4150 807 4204 locntis
835 4165 851 4213 ;
885 4159 936 4202 et
996 4163 1056 4200 ex
1092 4147 1370 4216 inspirans
1404 4162 1434 4200 τι
1467 4147 1572 4200 Deo
1606 4148 1904 4217 Seripturis
1934 4159 1988 4203 et
2017 4164 2082 4204 ex

503 4242 725 4311 proprio
772 4240 1162 4310 experimento.

506 4462 578 4515 De
630 4479 746 4514 vero
793 4461 993 4515 lumine
1037 4470 1085 4514 et
1136 4461 1297 4530 falso,
1327 4461 1524 4547 rcilicet
1569 4462 1633 4516 de
1678 4463 1855 4516 divino
1884 4458 2081 4514 lumine
2113 4493 2154 4547 υ

1161 4548 1222 4584 ac
1253 4533 1407 4588 malo.

569 4644 657 4696 63.
693 4642 902 4695 Etenim
940 4641 994 4694 iu
1029 4640 1356 4711 quibusdam
1425 4643 1540 4697 suis
1587 4645 1805 4713 scriptis
1837 4646 2078 4700 illustres

502 4737 673 4788 nostri
727 4735 914 4788 Patres
946 4734 1099 4803 signa
1145 4750 1252 4786 non
1284 4733 1401 4787 falsi
1435 4745 1486 4787 et
1517 4735 1632 4789 falsi
1669 4738 1890 4792 luminis
1922 4739 2080 4792 nobis

500 4829 742 4893 tradunt,
789 4836 846 4880 ut
893 4827 981 4880 ille
1034 4838 1114 4880 ter
1165 4827 1354 4881 beatus
1408 4827 1606 4881 Paulus
1651 4829 1798 4894 feeit,
1848 4846 1972 4883 cum
2010 4832 2076 4884 ad

500 4925 786 4991 quemdam
867 4922 1289 4992 interrogantem
1362 4923 1428 4977 de
1488 4924 1589 4978 hac
1622 4939 1680 4977 re
1711 4925 2076 4995 discipulum,

497 5019 634 5069 dixit
681 5035 694 5070 :
739 5034 756 5066 ι
815 5016 1156 5070 Adversaria:
1205 5017 1462 5083 potentiae
1512 5017 1690 5070 lumen
1723 5030 1805 5070 est
1852 5019 1959 5087 igni
2007 5019 2080 5072 si-

432 5101 453 5176 }
499 5109 654 5172 mile,
705 5108 1012 5170 fumosum,
1061 5116 1112 5160 et
1161 5107 1428 5160 materiali
1480 5107 1590 5176 igni
1635 5123 1974 5178 congruum;
2026 5123 2078 5165 et

499 5208 780 5267 postquam
816 5197 1035 5251 virtutis
1075 5197 1249 5250 amica
1291 5207 1345 5250 et
1379 5198 1578 5249 munda
1613 5199 1794 5251 anima
1833 5199 1963 5253 illud
2004 5201 2080 5254 vi-

498 5291 658 5353 derit,
712 5292 915 5358 alisque
950 5291 1148 5357 gaudio
1178 5303 1260 5344 est
1291 5289 1534 5359 illudque
1568 5289 1766 5360 rejicit.
1808 5292 1943 5346 Boni
1975 5309 2077 5346 au-

499 5394 603 5434 tem
641 5383 844 5445 lumen,
884 5382 1085 5435 bonum
1123 5391 1226 5444 est,
1267 5393 1320 5435 et
1351 5383 1744 5451 gratissimum,
1777 5393 1830 5437 ct
1855 5400 2076 5451 purum,

496 5489 548 5527 et
581 5474 872 5526 adveniens
905 5474 1233 5538 sanctiﬁcat,
1267 5474 1616 5541 animamque
1656 5475 1776 5530 luce
1805 5485 1858 5530 et
1890 5476 2078 5530 laetitia

492 5575 545 5612 rt
587 5569 878 5616 serenitate
914 5565 1197 5632 adimplet,
1229 5575 1283 5618 et
1308 5581 1427 5618 eam
1465 5567 1648 5619 mitem
1674 5575 1727 5620 et
1763 5567 2077 5621 misericor-

491 5654 611 5702 tfem
639 5652 815 5705 ellieit.
863 5672 881 5704 ι
917 5654 978 5705 Et
1001 5654 1089 5706 alii
1124 5654 1321 5707 similia
1354 5653 1563 5709 dicunt.
1597 5653 1702 5709 Sed
1734 5665 1913 5710 tamen
1943 5671 2078 5726 prae.

492 5743 636 5796 dicta
675 5746 832 5800 audis
866 5762 1086 5817 quoque
1126 5749 1242 5802 viva
1286 5763 1418 5804 voce
1478 5750 1711 5820 aliquem
1749 5749 2075 5816 tradentem,

2391 2157 2526 2227 Περὶ
2554 2157 2856 2228 ἐνεργείας
2889 2157 3070 2224 θείας,
3104 2157 3203 2211 καὶ
3233 2157 3540 2226 ἐναντίας.

2251 2271 2347 2336 51'.
2377 2273 2544 2326 Ὅταν
2566 2271 2623 2325 δὲ
2661 2273 2690 2324 ὁ
2722 2272 2846 2335 νοῦς
2876 2271 3043 2327 αὐτοῦ
3071 2271 3145 2343 μὴ
3167 2272 3458 2338 ζητοῦντος
3488 2272 3609 2342 φῶς
3634 2274 3762 2344 ὁρᾷ,

2181 2364 2256 2435 μὴ
2311 2364 2704 2434 παραδεχέσθω
2752 2363 2930 2427 τοῦτο,
2969 2364 3107 2435 μήτε
3136 2365 3244 2436 μὴν
3279 2365 3658 2433 καταργείτω,
3687 2365 3765 2429 ὥς

2177 2473 2342 2526 φησιν
2363 2457 2391 2508 ὁ
2421 2455 2573 2524 ἅγιος
2597 2455 2846 2526 Μάρκος,
2890 2458 2971 2510 ὃτι
3005 2476 3024 2509 ι
3057 2456 3212 2510 Ἔστι
3243 2457 3494 2527 ἐνέργεια
3530 2455 3765 2527 χάριτος

2175 2549 2256 2619 τῷ
2285 2548 2460 2619 νηπίῳ
2511 2549 2875 2620 άγνοουμένη.
2909 2547 3020 2603 Καὶ
3049 2549 3164 2603 ἔστι
3209 2551 3310 2620 τῆς
3341 2549 3541 2612 κακίας
3591 2547 3765 2622 ἑτέρα.

2175 2644 2241 2712 τῇ
2281 2641 2509 2713 ἀληθείᾳ
2536 2641 2958 2712 ἐξομοιουμένη.
2999 2643 3178 2696 Καλὸν
3205 2643 3263 2696 δὲ
3297 2641 3365 2695 τά
3395 2641 3630 2698 τοιαῦτα
3686 2643 3762 2714 μὴ

2176 2730 2593 2802 ἐνοπτρίζεσθαι
2619 2730 2708 2784 διὰ
2726 2731 2829 2802 τὴν
2866 2731 3094 2803 πλάνην,
3130 2733 3272 2802 μήτε
3329 2733 3762 2802 ἀναθεματίζειν

2174 2822 2262 2876 διὰ
2297 2823 2398 2893 τὴν
2426 2823 2685 2892 ἀλήθειαν
2707 2839 2721 2853 °
2754 2824 2892 2878 ἀλλὰ
2922 2825 3100 2878 πάντα
3131 2825 3199 2878 δι’
3230 2825 3447 2888 ἐλπίδος
3471 2825 3760 2896 προσφεύο

2175 2931 2294 2983 γειν
2347 2913 2425 2986 τῷ
2477 2913 2618 2985 Θεῷ.
2645 2915 2818 2980 Αὐτὸς
2856 2917 2965 2987 γάρ
3004 2913 3112 2971 οἶδε
3158 2917 3268 2970 τῶν
3313 2918 3650 2987 ἀμφοτέρων
3702 2918 3762 2971 τὸ

2176 3007 2444 3076 χρήσιμον
2479 3023 2494 3038 ο
2519 3007 2634 3060 ἀλλ’
2661 3008 2922 3079 ἐρωτάτω
2955 3009 3046 3062 τὸν
3089 3009 3282 3080 ἔχοντα
3316 3010 3478 3081 χάριν
3509 3009 3608 3062 καὶ
3661 3007 3758 3062 δύο

2108 3135 2152 3195 c
2189 3115 2338 3164 ιαμιν
2365 3098 2502 3167 πρὸς
2530 3098 2662 3151 Θεὸν
2691 3099 2924 3165 διδάξαι,
2956 3103 3048 3153 καὶ
3069 3101 3366 3172 διακρίναι.
3402 3120 3421 3153 ι

2180 3223 2318 3290 Περὶ
2373 3220 2750 3277 διδασκάλου
2790 3220 3243 3290 πεφωτισμένον
3277 3221 3374 3274 καί
3415 3217 3759 3288 ἀπλανοῦς·

2247 3311 2345 3382 ξβθ.
2380 3313 2490 3365 Καὶ
2547 3313 2595 3365 εί
2637 3312 2738 3383 μὲν
2779 3311 2934 3383 εῦροι
2983 3312 3075 3365 τὸν
3117 3311 3426 3378 διδάξαντα,
3453 3313 3515 3366 οὐ
3568 3313 3760 3379 καθὼς

2177 3404 2337 3476 μόνον
2369 3404 2511 3472 ἔγνω
2543 3404 2651 3456 ἀπὸ
2701 3403 2800 3472 τῆς
2855 3403 3005 3466 θείας
3033 3403 3278 3474 Γραφῆς,
3314 3403 3451 3458 ἀλλὰ
3493 3404 3757 3476 καθάπερ

2174 3497 2267 3548 καὶ
2299 3497 2504 3558 ἐκεῖνος
2542 3495 2830 3567 μακαρίως
2853 3495 3024 3549 ἔπαθε
3056 3497 3148 3548 τὸν
3175 3496 3316 3548 θεῖον
3347 3496 3655 3565 φωτισμὸν,
3678 3497 3761 3566 τῷ

2174 3583 2293 3654 Θεῷ
2325 3585 2504 3655 χάρις.
2533 3585 2595 3638 Et
2625 3584 2670 3637 δ’
2698 3582 2792 3637 οὖν
2832 3583 3076 3655 κρεῖττον
3111 3584 3174 3636 τδ
3209 3584 3284 3655 μὴ
3318 3584 3760 3656 παραδέξασθαι,

2174 3676 2289 3729 ἀλλ’
2325 3678 2382 3730 ἐν
2411 3675 2736 3729 ταπεινώσει
2766 3675 2904 3747 πρὸς
2944 3676 3037 3728 τὸν
3066 3675 3199 3732 Θεὸν
3231 3678 3595 3744 καταφυγεῖν,
3619 3676 3762 3730 ἀνά·-

2176 3766 2288 3832 ξιον
2345 3769 2535 3821 ἑαυτὸν
2582 3768 2642 3833 ἐξ
2685 3767 3016 3839 είλικρινοῦς
3065 3766 3316 3838 καρδίας,
3361 3765 3758 3836 λογιζόμενος,

2175 3865 2271 3912 καὶ
2292 3859 2580 3912 ἀποκαλῶν
2604 3860 2702 3928 τῆς
2734 3857 2991 3926 τοιαύτης
3020 3856 3175 3922 ἀξίας
3208 3856 3304 3908 καὶ
3352 3855 3608 3925 θεωρίας·
3636 3855 3757 3908 ὧσ-

2176 3967 2282 4021 περ
2306 3951 2414 4018 άρα
2443 3950 2599 4003 τοῦτό
2624 3967 2684 4003 τε
2739 3950 2834 4004 καὶ
2861 3951 2960 4003 ὅσα
2999 3949 3346 4019 προείρηται,
3379 3947 3474 3999 καὶ
3529 3947 3593 4016 δὴ
3652 3949 3761 4015 ρη-

2177 4042 2420 4112 θήσεται,
2453 4045 2545 4093 καὶ
2579 4043 2680 4095 ὅσα
2706 4041 3060 4111 μεμνήμεθα,
3090 4039 3326 4108 Χριστοῦ
3369 4038 3576 4111 χάριτι,
3602 4041 3761 4109 παρά

2174 4151 2232 4186 τε
2263 4133 2526 4201 γλωσσῶν
2549 4133 2816 4199 άψευδῶν,
2851 4130 3128 4202 Πνεύματι
3161 4133 3300 4202 ἁγίῳ
3331 4130 3672 4200 κινουμένων
3697 4148 3758 4182 τε

2179 4225 2269 4278 καὶ
2299 4224 2688 4293 φθεγγομένων
2716 4240 2730 4255 ⁸
2761 4224 2868 4276 τῶν
2889 4241 2946 4276 τε
2979 4222 3357 4278 θεοπνεύστων
3381 4222 3635 4293 Γραφῶν,
3660 4222 3764 4274 καὶ

2179 4316 2410 4387 μερικῆς
2441 4315 2662 4386 πείρας.

2178 4451 2317 4519 Περὶ
2369 4449 2677 4523 φωτισμοῦ
2735 4444 3184 4523 ἀληθινοῦηκαὶ
3235 4441 3506 4523 ψευδοῦς
3564 4441 3762 4512 ἤγουν

2529 4516 2723 4588 φωτὸς
2748 4520 2931 4583 θείου,
2979 4516 3079 4571 καὶ
3109 4516 3398 4582 πονηροῦ.

2246 4632 2345 4703 ξγ’.
2381 4635 2441 4686 El
2473 4636 2581 4703 γὰρ
2603 4632 2696 4684 καὶ
2719 4633 2774 4684 ἐν
2803 4629 2962 4690 ἐνίοις
2988 4627 3170 4681 αὐτῶν
3201 4627 3252 4680 οἱ
3287 4624 3492 4677 κλεινοὶ
3514 4622 3761 4695 Πατέρες

2175 4729 2332 4800 ἡμῶν
2390 4727 2790 4799 συγγράμμασι
2839 4723 2906 4775 τὰ
2948 4723 3149 4792 σημεῖα
3198 4719 3293 4772 τοῦ
3328 4716 3608 4780 ἀπλανοῦς
3663 4719 3760 4769 καὶ

2172 4820 2266 4873 τοῦ
2301 4819 2402 4890 τῆς
2431 4819 2640 4888 πλάνης
2673 4814 3079 4886 ὑπεμφαίνουσί
3115 4830 3228 4874 πως
3266 4808 3578 4880 φωτισμοῦ,
3611 4807 3755 4863 καθὰ

2173 4912 2334 4982 δῆτα,
2373 4913 2466 4966 καὶ
2498 4913 2526 4964 ὁ
2552 4910 2644 4963 τοῦ
2684 4910 2898 4977 Λάτρου
2950 4904 3256 4977 τρισόλϐιος
3287 4903 3498 4967 Παῦλος
3529 4902 3733 4969 πεποίη

2180 5020 2276 5055 κεν
2306 5000 2546 5072 εἰρηκὼς
2598 5000 2733 5070 πρὸς
2763 4998 2852 5051 τὸν
2888 4997 3016 5066 περὶ
3051 4995 3144 5048 τοῦ
3186 4994 3430 5046 τοιούτου
3471 4991 3758 5060 ἐπερωτή-

2176 5113 2343 5148 σαντα
2377 5095 2538 5148 αὑτὸν
2573 5090 2820 5163 μαθητὴν
2846 5089 3030 5152 αὐτοῦ,
3054 5088 3137 5140 ὅτι
3165 5089 3225 5138 τὸ
3257 5088 3355 5156 μὲν
3387 5085 3488 5155 τῆς
3519 5085 3758 5136 ἀντικει-

2177 5183 2347 5256 μένης
2399 5185 2683 5254 δυνάμεως
2735 5182 2877 5252 φῶς,
2917 5178 3202 5250 πυροειδὲς
3244 5178 3380 5241 ἐστι,
3413 5176 3506 5230 καὶ
3539 5173 3757 5227 καπνῶο

2173 5277 2261 5339 ὃες
2291 5275 2500 5329 καὶτοῦ
2535 5273 2796 5343 αἰσθητοῦ
2825 5272 2993 5342 πυρὸς
3022 5271 3227 5339 ὅμοιονο
3263 5269 3354 5321 καὶ
3385 5265 3601 5318 ἐπειδὰν
3627 5263 3756 5316 αὐτὸ

2177 5369 2574 5441 μετριοπαθὴς,
2636 5367 2730 5420 καὶ
2809 5363 3199 5433 κεκαθαρμένη
3261 5361 3408 5430 ψυχὴ
3466 5359 3750 5428 θεάσηται,

2173 5464 2352 5536 ἀηδῶς
2404 5463 2515 5532 ἔχει
2555 5463 2692 5532 πρὸς
2730 5459 2883 5524 αὐτὸ,
2917 5459 3008 5511 καὶ
3045 5455 3424 5526 βδελύττεται·
3456 5453 3516 5504 τὸ
3547 5451 3602 5503 δὲ
3653 5451 3748 5502 τοῦ

2173 5554 2382 5623 ἀγαθοῦ
2400 5554 2622 5620 ἀγαθὸν,
2656 5551 3010 5622 χαριέστατόν
3039 5548 3099 5601 τέ
3136 5550 3272 5610 ἐστι,
3308 5547 3403 5599 καὶ
3430 5543 3748 5615 ἀκραιφνὲς,

2173 5649 2268 5700 καὶ
2318 5646 2621 5718 προσϐαλὸν
2668 5643 2910 5711 ἁγιάζει,
2945 5643 3123 5710 φωτός
3177 5657 3237 5693 τε
3295 5641 3389 5692 καὶ
3432 5639 3628 5708 χαρᾶς,
3658 5639 3749 5689 καὶ

2175 5741 2489 5810 ἱλαρότητος
2530 5738 2727 5809 πληροί
2755 5736 2851 5807 τὴν
2879 5734 3076 5806 ψυχὴν,
3125 5733 3221 5791 καὶ
3253 5732 3426 5803 ηπίαν
3455 5727 3626 5798 αὐτὴν
3658 5727 3749 5779 καὶ
3827 5795 3830 5798 ,
