4032 6208
308 348 420 412 745

1505 354 1898 419 OPUSCULA
1939 352 2310 414 ASCETICA.

3443 364 3549 432 746

314 471 696 544 φιλάνθρωπον
723 470 1097 542 ἀπεργάζεται
1128 487 1140 501 ·
1172 472 1267 525 καὶ
1304 471 1481 543 ἕτεροι
1511 473 1564 526 δὲ
1606 473 1855 533 ὡσαύτως

1976 467 2218 540 illudque
2262 482 2504 542 tempore
2567 484 2873 544 opportuno
2904 479 3130 546 audies;
3174 498 3316 537 nunc
3363 497 3544 541 autem

326 564 466 614 Ἀλλ’
510 565 659 633 ὅμως
693 563 788 617 ἅτε
829 565 899 616 τὰ
939 565 1313 635 προειρημένα
1351 566 1440 619 διὰ
1468 566 1648 636 ζώσης
1678 568 1849 637 ἥκουσ

1974 579 2078 617 l'Oll
2106 574 2188 618 est
2221 575 2430 636 tempus
2458 567 2738 623 audiendi.

313 657 517 726 φωνῆς,
548 655 692 709 οὕτω
721 656 784 727 δὴ
816 659 909 709 καὶ
940 657 1072 726 περὶ
1117 658 1307 711 τούτου
1334 659 1475 713 κατά
1504 659 1694 730 καιρὸν
1721 660 1886 713 ἀκού-

312 762 426 807 σεις
449 762 464 775 ο
504 746 598 801 νῦν
632 748 740 818 γὰρ
768 747 828 800 οὐ
866 749 1080 819 καιρός.

308 828 447 897 Περὶ
503 832 844 905 φαντᾳοξίας
891 831 1308 905 ἁπρεποῦςᾼτε
1360 833 1461 889 καί
1520 838 1885 905 εὐπρεποῦς.

588 899 690 954 καὶ
719 899 878 966 ὅπως
912 902 1032 971 χρὴ
1060 903 1328 972 μετιέναι
1379 906 1595 972 αὑτάς.

381 1014 471 1079 ξδ’.
550 1015 706 1068 Ἐπεὶ
757 1015 816 1068 δὲ
863 1015 1047 1088 μικρῷ
1095 1018 1333 1088 πρόσθεν
1394 1021 1524 1091 περὶ
1583 1022 1881 1091 φαντασία;

306 1106 676 1176 ἐμνήσθημεν,
729 1107 822 1159 καὶ
879 1109 1184 1174 φαντασίας
1247 1111 1550 1182 ἀπρεποῦς,
1605 1111 1882 1183 ὀνησιμώ-

302 1214 486 1260 τατον,
523 1196 599 1260 ῶς
629 1215 694 1266 γε
720 1199 852 1269 ἡμῖν
880 1198 1045 1263 δοκεῖ,
1082 1201 1140 1253 ὲν
1171 1201 1362 1273 βραχεῖ
1398 1203 1493 1256 καὶ
1519 1205 1648 1274 περὶ
1685 1205 1878 1272 αὐτῆς,

305 1287 505 1354 μᾶλλον
532 1287 588 1339 δὲ
638 1289 770 1357 περὶ
817 1289 998 1358 πάσης
1047 1291 1348 1358 φαντασίας
1386 1293 1462 1355 ὡς
1501 1293 1725 1348 δυνατὸν
1765 1293 1880 1347 δια-

301 1379 505 1432 λαϐεῖν.
537 1379 673 1432 Λίαν
724 1378 832 1449 γὰρ
889 1380 1206 1437 ἀνθίσταται
1259 1385 1294 1456 η
1344 1385 1618 1456 ἐπάρατος
1667 1391 1733 1457 τῇ
1783 1405 1880 1442 κα-

300 1468 440 1537 θαρᾷ
527 1469 619 1521 καὶ
683 1469 953 1540 καρδιακῇ
1018 1475 1344 1544 προσευχῇ,
1412 1474 1509 1528 καὶ
1552 1477 1619 1546 τῇ
1674 1477 1873 1547 ἐνιαίᾳ,

301 1559 394 1610 καὶ
425 1559 656 1612 ἀπλανεῖ
701 1560 795 1613 τοῦ
827 1560 918 1613 νοῦ
977 1563 1231 1634 ἐργασία.
1271 1564 1435 1618 Ὅθεν
1489 1567 1584 1619 καὶ
1625 1569 1676 1620 oi
1739 1567 1874 1621 θεῖοι

301 1653 550 1723 Πατέρες
615 1653 900 1725 πολλαχῶς
947 1658 1079 1724 περὶ
1131 1659 1322 1729 αὐτῆς,
1379 1660 1471 1712 καί⁵
1524 1662 1647 1715 κατ’
1700 1663 1874 1732 αὐτῆς

297 1740 756 1808 άποφθέγγονται.
799 1743 944 1814 Αὕτη
975 1746 1176 1812 τοίνυν,
1217 1749 1251 1818 ἡ
1307 1749 1759 1821 ποικιλόμορφος,
1795 1755 1872 1814 ὼς

298 1833 324 1884 ὁ
370 1832 732 1905 μυθευόμενος
779 1837 1041 1900 Δαίδαλος
1077 1879 1093 1904 ,

303 1924 394 1992 τὴν
443 1924 610 1996 ῦδραν
659 1928 952 1995 φαντασία,
985 1924 1098 1982 οἶόν
1161 1947 1246 1995 τις
1277 1932 1492 2004 γέφυρα
1523 1934 1634 1989 τῶν
1672 1936 1866 2007 δαιμό⁶

297 2032 422 2077 νων,
450 2019 563 2079 τοῖς
618 2017 796 2086 ἁγίοις
860 2021 1187 2091 προείρηται
1213 2040 1230 2056 ’
1269 2023 1337 2076 δι’
1363 2025 1532 2095 αὐτῆς
1581 2027 1690 2099 γὰρ
1723 2029 1870 2099 διερ-

295 2107 534 2176 χόμενοι,
559 2110 653 2163 καὶ
672 2111 1041 2182 διαπερῶντες
1070 2116 1118 2166 οἱ
1146 2114 1323 2184 φόνιοι
1341 2116 1656 2189 ἀλάστορες,
1673 2137 1867 2176 κοινω-

293 2197 445 2250 νοῦσξ
471 2217 587 2262 πως
617 2202 712 2255 καὶ
757 2204 1160 2273 συμμίγνυνται
1190 2210 1254 2277 τῇ
1307 2208 1478 2280 ψυχῇ,
1511 2210 1736 2280 σίμϐλον
1769 2231 1868 2284 κη-

293 2292 476 2360 φήνων
523 2292 728 2362 ταύτην
783 2295 1246 2368 ἀπεργαζόμενοι,
1277 2301 1370 2353 καὶ
1422 2302 1641 2355 ἐννοιῶν
1691 2305 1867 2375 ἀκάρ-

291 2397 431 2443 πων,
463 2384 555 2434 ειια¹ι⁹
602 2384 865 2454 ὲμπαθῶν
903 2389 1220 2460 οἰκητήριον
1256 2406 1269 2420 ·
1325 2391 1393 2461 ἢν
1455 2393 1520 2464 δὴ
1564 2398 1863 2462 φαντασίαν

290 2472 624 2544 άποὸλητὲον
658 2475 937 2530 τοσύνολον
968 2495 983 2510 ο
1019 2483 1067 2533 εἰ
1099 2481 1173 2550 μή
1200 2499 1302 2534 που
1335 2482 1538 2552 βούλει,
1575 2486 1737 2541 ἕνεκα
1769 2506 1865 2556 με-

291 2565 528 2632 τανοίας,
593 2568 689 2620 καὶ
742 2571 1056 2640 συντριϐῆς,
1089 2574 1319 2637 πένθους
1377 2577 1558 2631 τεκαὶ
1610 2595 1863 2632 ταπεινοο

285 2658 585 2728 φροσύνης,
643 2661 750 2729 πρὸ
793 2662 849 2714 δὲ
896 2666 990 2716 καὶ
1052 2663 1151 2733 τῆς
1211 2666 1321 2720 τῶν
1370 2669 1541 2722 όντων
1606 2671 1860 2742 μελέτης.

281 2749 375 2801 ναὶ
404 2749 511 2819 μὴν
561 2752 655 2803 καὶ
692 2755 852 2822 χάριν
901 2755 1184 2826 ἀπρεποῦς
1237 2762 1560 2827 φαντασίας,
1609 2763 1859 2836 εὐπρεπῆ

281 2841 587 2906 φαντασίαν
650 2843 1011 2913 παραὸαλεῖν,
1066 2847 1159 2899 καὶ¹
1217 2847 1632 2919 ἀντισηκῶσαι·
1669 2855 1862 2906 κάκεί-

279 2948 385 3000 νην
447 2932 618 3004 ταύτη
676 2935 996 3004 συμμίξας,
1059 2940 1151 2990 καὶ
1216 2939 1854 3014 ἀντιστρατευσάμενος,

279 3022 383 3076 καὶ
413 3023 489 3087 ὡς
520 3025 784 3095 ῥίψασπιν
820 3029 918 3097 τὴν
940 3029 1194 3102 ἄσεμνον,
1219 3035 1313 3087 καὶ
1345 3033 1534 3105 ἰταμὸν
1565 3036 1708 3089 κατὰ
1731 3038 1855 3106 κρά-

277 3132 375 3179 τος
413 3117 614 3186 βαλὼν,
672 3118 819 3175 οὕτω
876 3123 997 3177 κατ’
1049 3125 1221 3195 αὐτῆς
1273 3123 1406 3197 ἆραι
1451 3128 1521 3183 τὰ
1577 3132 1854 3202 νικτήρια.

281 3210 397 3264 Καὶ
451 3209 580 3278 γοῦν
631 3212 773 3266 οὕτω
839 3216 1006 3270 ποιῶν
1059 3220 1119 3273 οὐ
1185 3222 1346 3291 μόνον
1409 3225 1650 3299 ζημίας,
1712 3236 1848 3291 ἀλλὰ

282 3301 381 3354 καὶ
431 3301 654 3369 κέρδους
707 3306 888 3375 σαυτῷ
938 3307 1110 3373 αἴτιος
1164 3313 1282 3383 εῐης
1337 3316 1413 3381 ῶς
1462 3321 1518 3372 ὲν
1564 3325 1850 3398 ἀπταίστῳ

284 3395 468 3463 κρίσει
515 3396 584 3449 τά
648 3397 768 3450 κατ’
828 3400 995 3454 αὐτὸν
1041 3403 1350 3473 διευθύνων,
1406 3411 1496 3463 ita
1551 3395 1850 3481 φαντασίαν

1972 853 2048 907 De
2089 851 2373 922 phantasia
2423 855 2782 927 iudccentique
2819 875 2881 912 ac
2927 861 3150 932 decenti,
3187 870 3236 916 et
3281 867 3540 932 quomodo

2401 937 2601 994 oportet
2629 932 2695 980 ad
2726 945 2812 982 eas
2844 931 3106 984 accedere.

2042 1013 2131 1070 64.
2174 1013 2442 1081 Quoniam
2498 1018 2662 1086 paulo
2692 1030 2820 1073 ante
2864 1020 2938 1076 De
2977 1023 3263 1091 phantasia
3301 1028 3537 1080 mentiu-

1970 1122 2092 1160 ηοω
2151 1105 2382 1160 fecimus
2430 1115 2485 1161 et
2518 1107 2587 1162 de
2628 1109 2914 1177 phantasia
2967 1113 3278 1178 indecenti,
3315 1117 3542 1171 utilissi—

1969 1214 2143 1264 mum,
2189 1207 2253 1253 ut
2299 1198 2459 1254 nobis
2490 1199 2730 1264 videtur,
2764 1203 2868 1257 erit
2901 1206 3138 1260 breviter
3183 1206 3251 1261 de
3292 1221 3353 1262 ea
3386 1218 3440 1262 et
3472 1211 3540 1263 de

1967 1290 2229 1360 qualibet,
2261 1299 2320 1344 ut
2354 1291 2677 1359 poterimus,
2703 1293 2904 1350 dicere.
2933 1294 3168 1351 Nimium
3200 1298 3344 1352 enim
3382 1311 3538 1352 πυρα-ι

1965 1383 2344 1454 exsecrabillis
2378 1399 2528 1453 purze
2575 1386 2759 1439 cordis
2794 1387 3029 1441 orationi
3059 1430 3074 1452 ,
3114 1396 3168 1441 et
3198 1390 3432 1458 simplici
3474 1405 3537 1445 ac

1971 1481 2128 1526 rectae
2156 1474 2352 1529 mentis
2378 1476 2704 1545 operationi.
2744 1474 2898 1531 Unde
2935 1485 2990 1532 et
3013 1477 3179 1532 divini
3215 1478 3405 1535 Patres
3436 1499 3537 1533 Sv-

1967 1564 2192 1633 plssime
2236 1565 2305 1620 de
2347 1583 2409 1622 ea
2459 1577 2514 1623 et
2567 1581 2761 1623 contra
2811 1584 2929 1623 eam
2985 1568 3161 1625 Verba
3198 1571 3424 1627 faciunt.
3461 1572 3532 1626 Ea

1963 1657 2132 1718 enim,
2175 1656 2549 1723 multiformis,
2579 1669 2637 1713 ut
2663 1658 2943 1716 fabulosus
2981 1661 3249 1725 Daedalus,
3279 1674 3334 1719 et
3362 1666 3530 1719 multa

1965 1748 2141 1817 capita
2183 1747 2390 1804 habens
2415 1759 2471 1803 ut
2505 1748 2703 1821 Hydra,
2743 1762 2998 1821 tanquam
3026 1754 3335 1810 daemonum
3393 1772 3531 1823 pons

1161 1841 1255 1892 καὶ
1297 1840 1670 1910 πολυκέφαλος
1730 1845 1855 1897 κατέ

1960 1839 2182 1908 quidam
2224 1840 2366 1895 dicta
2406 1852 2488 1897 est
2516 1858 2547 1897 a
2594 1845 2822 1900 sanctis.
2872 1843 2976 1900 Per
3005 1861 3122 1900 eam
3159 1847 3307 1901 enim
3351 1857 3530 1902 trans-

1955 1943 2150 1987 euntes
2178 1943 2233 1988 et
2265 1945 2612 2004 penetrantes
2644 1936 2934 1992 homicidae
2995 1938 3208 1994 sceles1i
3235 1980 3248 2003 ,
3275 1955 3528 1994 commu-

1954 2026 2141 2080 nicant
2180 2036 2235 2081 et
2275 2029 2701 2083 commiscentur
2745 2031 2982 2096 animae,
3013 2030 3260 2086 fucorum
3306 2035 3526 2088 alveare

1954 2136 2073 2175 eam
2103 2119 2387 2186 facientes,
2429 2132 2481 2177 et
2531 2124 2797 2179 sterilium
2839 2125 3274 2196 cupidarumque
3317 2128 3524 2198 cogita-

1955 2210 2162 2265 tionum
2219 2212 2556 2267 domicilum.
2614 2213 2747 2279 Quae
2791 2230 2922 2269 sane
2968 2215 3254 2284 phantasia
3303 2221 3526 2274 omnino

1953 2300 2259 2366 repellenda
2291 2310 2375 2357 est
2402 2318 2418 2368 ;
2451 2302 2554 2357 nisi
2588 2305 2740 2369 velis,
2781 2306 3114 2375 paenitentia:
3143 2322 3308 2363 causa
3335 2320 3389 2364 et
3423 2316 3527 2364 tri-

1952 2389 2268 2452 bulationis.
2309 2392 2624 2464 dolorisque
2656 2405 2710 2449 et
2749 2395 3096 2460 humilitatis,
3145 2415 3208 2453 ac
3252 2403 3524 2470 praecipue

1950 2496 2166 2550 propter
2193 2498 2382 2537 eorum
2421 2501 2542 2554 qu.e
2579 2497 2729 2551 sunt,
2750 2488 3186 2553 meditationem,
3216 2507 3340 2545 cum
3369 2493 3524 2547 iude-

1951 2571 2094 2635 centi
2147 2576 2433 2641 phantasia
2481 2578 2762 2634 decentem
2812 2595 3134 2652 comparare
3177 2599 3241 2638 ac
3285 2584 3522 2649 librare,

1950 2662 2207 2734 illamque
2259 2681 2382 2720 cum
2428 2667 2531 2722 ista
2573 2670 2842 2737 miscere;
2886 2673 2962 2727 ita
3011 2683 3068 2727 ut
3098 2674 3358 2730 adversus
3395 2690 3518 2730 eam

1947 2753 2205 2810 incedens
2244 2767 2320 2822 et,
2346 2760 2416 2814 de
2440 2775 2502 2814 ea
2529 2763 2785 2832 turpiter,
2810 2764 3000 2836 clypeo
3026 2767 3257 2828 amisso,
3287 2771 3427 2822 victa
3455 2783 3520 2821 ac

1947 2847 2188 2916 deiecta,
2222 2851 2558 2922 triumphum
2616 2870 2778 2926 agere
2814 2874 3006 2928 queas.
3039 2861 3216 2930 Atque
3245 2861 3410 2931 igitur
3444 2861 3520 2915 ita

1947 2937 2173 3006 faciens,
2201 2958 2306 2996 non
2349 2944 2510 3000 modo
2557 2962 2665 3001 non
2698 2947 3011 3006 detrimenti
3036 2952 3386 3023 cujusquam,
3422 2955 3518 3009 sed

1946 3029 2080 3085 lucri
2115 3034 2212 3086 tibi
2237 3039 2427 3089 auctor
2451 3038 2596 3104 eris,
2627 3040 2828 3111 quippe
2868 3042 2962 3113 qui
3003 3046 3270 3100 constanti
3309 3041 3519 3113 judicio

1946 3130 2067 3178 tuas
2108 3140 2193 3179 res
2227 3127 2506 3197 direxeris,
2539 3131 2886 3201 phantasiam
2927 3135 3270 3192 indecentem
3298 3139 3515 3193 decenti

1943 3214 2224 3283 phantasia
2280 3220 2591 3290 destruens,
2641 3233 2695 3279 et
2741 3227 3144 3283 contrariorum
3192 3231 3363 3286 armis
3415 3245 3515 3284 eos

1940 3308 2128 3365 hostes
2151 3322 2457 3382 opportune
2494 3315 2695 3373 feriens
2729 3329 2783 3372 et
2814 3321 3115 3388 trucidatis,
3149 3333 3213 3376 ut
3240 3325 3369 3379 olim
3404 3322 3518 3380 Go-

1937 3398 2069 3454 liath
2095 3401 2311 3457 divinus
2344 3403 2530 3460 David.

275 3495 508 3565 ἀπρεπῆ
563 3497 838 3568 φαντασίᾳ
889 3502 1158 3570 εὐπρεπεῖ
1190 3503 1506 3574 καταργῶν,
1545 3509 1640 3562 καὶ
1673 3513 1790 3572 τοῖς
1830 3510 1939 3564 τῶν
1974 3514 2230 3565 ἐναντίων
2280 3513 2468 3578 ὅπλοις
2497 3517 2724 3580 τούτους
2756 3517 2820 3588 δὴ
2850 3519 2976 3582 τοὺς
3007 3520 3368 3588 ὑπεναντίους
3396 3542 3466 3578 κα
3482 3545 3523 3577 ι-

284 3595 418 3658 ρίως
454 3594 706 3664 πλήττων
731 3596 764 3666 ἢ
793 3598 1152 3663 ἀποκτείνων,
1190 3599 1265 3663 ὡς
1297 3602 1466 3656 πάλαι
1495 3604 1586 3656 τὸν
1616 3605 1807 3660 Γολιὰθ
1841 3607 1868 3660 ό
1894 3608 2042 3672 θεῖος
2073 3612 2263 3665 Δαδίδ.

277 3737 408 3812 "Oct
442 3739 514 3812 of)
543 3739 734 3812 μόνον
858 3741 1129 3809 ἀπρεπὴς
1157 3745 1489 3812 φαντασία,
1519 3746 1685 3801 ἀλλὰ
1744 3745 1845 3800 καὶ

348 3807 386 3872 ἠ
439 3809 744 3882 εὐπρεπὴς
781 3807 1123 3882 ἀπόᾷρῖητοῤ
1158 3807 1310 3878 ’τοῖς
1366 3807 1557 3882 ἁγίοις
1611 3819 1696 3881 εις
1733 3816 1846 3880 τὴν

350 3879 1050 3954 γαθαρὰνῆπροσευχὴνὲ,
1090 3882 1185 3954 καί
1217 3885 1303 3949 είς
1339 3879 1454 3950 τὴν
1496 3879 1701 3954 ἁπλῆν
1746 3879 1844 3939 καί

349 3945 582 3998 ἑνιαίαν
609 3945 911 4017 ἐργασίαν
928 3950 1035 4004 τοῦ
1065 3952 1230 4017 νοός.

351 4053 445 4121 ξε’.
494 4055 662 4108 Τοῦτο
712 4057 792 4122 δὲ,
828 4057 936 4111 τῶν
971 4058 1052 4112 ἔτι
1096 4062 1327 4132 νηπίων,
1359 4063 1476 4134 ἤτοι
1524 4064 1629 4116 τῶν
1676 4065 1846 4137 ἁρχα-

277 4144 412 4213 ρίων
439 4140 603 4199 ἆθλόν
652 4148 819 4203 ἐστιν.
851 4149 913 4200 Oi
962 4150 1070 4220 γὰρ
1115 4150 1190 4221 τῷ
1214 4152 1388 4223 χρόνῳ
1422 4153 1841 4223 προϐεϐηκότες,

274 4235 476 4298 ὑλικῶς
493 4235 590 4307 τὴν
623 4237 843 4308 ἀπρεπῆ
875 4240 1177 4306 φαντασίαν
1205 4242 1301 4296 σὺν
1321 4245 1384 4313 τῇ
1416 4244 1680 4313 εὐπρεπεῖ
1710 4246 1844 4312 ἀπο-

271 4323 583 4391 ϐάλλονται,
616 4327 709 4380 καὶ
752 4327 988 4398 φρούδην
1015 4329 1338 4400 ἐργάζονται
1375 4348 1389 4362 ·
1425 4334 1497 4395 ὠς
1543 4335 1711 4403 κηρὸν
1742 4353 1842 4404 τη-

271 4414 506 4484 κόμενον
534 4416 643 4469 ἀπὸ
682 4418 974 4490 προσώπου
1017 4421 1209 4491 πυρὸς,
1246 4423 1702 4492 ἀποτεφροῦντες,
1744 4427 1843 4480 καὶ

1951 3734 2110 3811 Quod
2137 3752 2239 3811 non
2262 3738 2414 3791 modo
2436 3737 2681 3811 inlaesus
2707 3741 3014 3811 phantasia,
3037 3745 3128 3800 sed
3149 3759 3199 3802 et
3230 3749 3414 3806 decem
3443 3769 3521 3806 re-

2010 3804 2245 3878 jirienda
2284 3809 2485 3862 sanctis
2522 3821 2599 3865 est
2636 3804 3327 3873 iit'muudam'orationem
3366 3804 3415 3875 st
3446 3804 3521 3878 in

2018 3877 2308 3946 simplicem
2345 3888 2396 3933 et
2421 3895 2584 3935 unam
2615 3885 2802 3937 mentis
2837 3888 3214 3952 operationem.

2017 4058 2107 4114 65.
2148 4058 2283 4116 illud
2313 4074 2442 4115 vero
2481 4070 2598 4128 est,
2629 4061 2916 4119 infantium
2963 4065 3144 4123 adhuc
3170 4078 3222 4123 et
3256 4068 3519 4141 incipien-

1946 4152 2081 4203 tium
2128 4161 2423 4206 certamen.
2476 4152 2578 4218 Qui
2630 4156 2777 4208 enim
2829 4165 3072 4224 tempore
3110 4173 3515 4231 processerunt,

1944 4241 2168 4296 omnino
2210 4242 2548 4296 indecentem
2589 4244 2934 4314 phantasiam
2971 4263 3096 4303 cum
3128 4250 3338 4305 decenti
3389 4254 3514 4322 reji-

1942 4333 2115 4398 ciunt,
2157 4342 2211 4389 ct
2265 4335 2571 4402 expellunt,
2604 4345 2860 4407 tanquam
2901 4353 3080 4394 ceram
3109 4357 3136 4394 τι
3172 4344 3309 4399 facie
3351 4346 3514 4414 ignis,

1942 4437 2061 4476 eam
2086 4424 2136 4476 in
2160 4424 2398 4479 cinerem
2424 4426 2732 4497 rcdigentes
2751 4440 2804 4482 et
2828 4429 3212 4499 dissolventes,
3239 4452 3332 4505 per
3358 4455 3514 4493 mun-

279 4507 613 4572 διαλύοντες,
643 4509 732 4562 διὰ
763 4511 862 4580 τὴν
884 4511 1129 4582 καθαράν
1152 4515 1481 4584 προσευχὴν,
1519 4517 1613 4569 καὶ
1656 4517 1756 4588 τὴν
1779 4520 1841 4571 ἐκ

1947 4516 2066 4570 dam
2105 4518 2431 4583 orationem,
2466 4531 2518 4574 et
2551 4523 2750 4576 mentis
2795 4524 2863 4577 ab
2891 4527 3149 4582 omnibus
3203 4531 3392 4586 rudem
3425 4548 3512 4587 se.

274 4599 496 4653 πάντων
530 4599 622 4654 τοῦ
669 4601 788 4664 νοὸς
864 4602 1148 4656 ἀτύπωτον
1206 4605 1464 4658 ἀπόθεσιν
1513 4624 1571 4659 τε
1619 4611 1710 4661 καὶ
1743 4610 1844 4676 γύ-

287 4706 519 4759 μνωσιν,
561 4692 722 4746 ἕνεκα
771 4693 872 4762 τῆς
924 4695 1059 4764 πρὸς
1112 4694 1242 4749 Θεὸν
1290 4695 1466 4765 ἁπλῆς
1494 4698 1843 4769 ὲπιὸολῆς·εί

273 4781 458 4852 βούλει
503 4783 580 4848 δὲ,
616 4785 708 4838 καὶ
761 4785 1096 4856 παραδοχῆς,
1130 4787 1225 4840 καὶ
1276 4787 1709 4858 ἀσχηματίστου,
1743 4795 1840 4845 καὶ

271 4875 483 4938 ἑνιαίας
518 4875 783 4941 ἑνώσεως.
819 4878 982 4947 Λέγει
1009 4879 1102 4933 καὶ
1131 4879 1238 4951 γὰρ
1264 4879 1292 4932 ὁ
1325 4881 1478 4949 ἅγιος
1539 4880 1791 4953 Ἦσύχιος
1821 4901 1837 4918 ·

271 4961 388 5023 Πᾶς
426 4961 701 5032 λογισμὸς,
742 4967 1014 5033 φαντασία
1059 4967 1208 5020 ἐστὶν
1242 4969 1300 5021 ὲν
1333 4969 1412 5040 τῷ
1443 4969 1520 5041 νῷ
1574 4972 1839 5042 αισθητοῦ

267 5066 416 5112 τινος
447 5050 788 5121 πράγματος.
804 5054 944 5118 Νοῦς
967 5055 1073 5127 γὰρ
1098 5053 1512 5128 ῶνόἏσσύριος
1537 5061 1637 5114 οὐκ
1667 5061 1839 5125 ἄλλως

272 5139 495 5209 ἀπατᾷν
556 5141 815 5211 ὲξισχύει,
844 5144 892 5195 εί
940 5144 1013 5214 μὴ
1046 5145 1320 5216 χρήσηται
1345 5149 1458 5210 τοῖς
1493 5149 1623 5220 παρ’
1669 5149 1830 5218 ἡμῶν

269 5229 550 5301 αἰσθητοῖς
604 5232 698 5285 καὶ
754 5233 1028 5304 συνήθεσι.
1083 5235 1192 5287 Καὶ
1243 5236 1272 5288 ό
1322 5236 1478 5303 ἅγιος
1559 5238 1831 5308 Διάδοχος

282 5321 503 5392 Ἐπειδὴ
526 5322 632 5386 πᾶς
662 5324 917 5394 λογισμὸς
940 5324 1026 5378 διὰ
1051 5327 1351 5396 φαντασίας
1371 5328 1648 5399 αἰσθητῶν
1677 5348 1838 5384 τινων

269 5412 581 5484 εἰσέρχεται
639 5416 696 5468 ὲν
734 5417 798 5486 τῇ
849 5416 1070 5488 καρδίᾳ,
1128 5418 1253 5471 τότε
1302 5420 1533 5489 αὐγάζει
1589 5422 1727 5493 αὐτῇ
1777 5424 1839 5475 τὸ

1942 4612 2280 4678 prii-stionem
2313 4626 2377 4664 ac
2409 4613 2706 4668 nuditatem
2727 4653 2743 4678 ,
2792 4616 3058 4684 simplicis
3090 4619 3156 4673 ad
3197 4619 3364 4676 Deum
3397 4625 3510 4678 ele-

1941 4700 2174 4754 vatiouis
2191 4717 2355 4756 causa
2374 4719 2388 4769 ;
2408 4703 2451 4757 si
2481 4704 2560 4758 vis
2580 4721 2817 4776 quoque,
2845 4711 3172 4777 receptionis
3201 4713 3292 4769 Dei
3318 4732 3508 4782 causa,

1939 4803 1992 4846 et
2034 4794 2297 4863 simplicis
2340 4804 2395 4850 et
2432 4797 2643 4867 absque
2685 4799 2852 4866 ﬁgura
2895 4803 3131 4859 unionis.
3185 4807 3325 4863 Dicit
3363 4811 3508 4866 enini

1937 4897 1991 4942 et
2013 4900 2238 4944 sanctus
2257 4889 2580 4961 Hesychius:
2609 4910 2627 4943 ι
2653 4890 2826 4950 Omne
2847 4895 3189 4953 ratiocinium
3219 4909 3301 4956 est
3327 4904 3504 4971 phan-

1938 4980 2077 5034 tasia
2115 4980 2168 5034 in
2217 4993 2402 5036 mente
2440 4983 2673 5052 alicujus
2719 4987 2993 5042 sensibilis
3018 4989 3118 5042 rei.
3171 4990 3304 5045 Cum
3350 4994 3495 5048 enim

1933 5073 2158 5142 spiritus
2199 5075 2270 5128 sit
2333 5078 2606 5145 Assyrius,
2652 5092 2760 5132 non
2807 5079 2967 5134 aliter
3009 5080 3264 5151 decipere
3302 5094 3502 5152 potest,

1932 5169 2038 5222 nisi
2088 5177 2271 5223 utatur
2331 5169 2398 5225 iis
2443 5186 2564 5240 qua:
2613 5186 2643 5224 a
2695 5173 2851 5227 nobis
2885 5173 3197 5228 sentiuntur
3238 5187 3291 5231 et.
3341 5179 3503 5233 nobis

1930 5261 2088 5315 solita
2119 5271 2265 5316 sunt.
2300 5281 2318 5314 ι
2357 5263 2421 5317 Et
2451 5275 2673 5318 sanctus
2731 5263 3041 5321 Diadochus
3085 5284 3098 5320 :
3139 5285 3158 5319 ι
3197 5267 3498 5339 Postquam

1928 5353 2106 5407 omnis
2146 5354 2402 5422 cogitatio
2435 5370 2530 5424 per
2577 5358 2939 5425 quorumdam
2973 5359 3315 5415 sensibilium
3365 5364 3501 5414 inia-

1927 5443 2254 5511 ginationem
2288 5445 2339 5498 iu
2367 5461 2462 5498 cor
2493 5448 2784 5511 introierit,
2818 5459 2946 5505 tunc
2973 5451 3019 5504 ei
3046 5450 3249 5505 lucebit
3275 5453 3493 5504 beatqu

275 5502 543 5572 μακάριον
581 5503 697 5572 φῶς
734 5504 833 5575 τῆς
854 5504 1126 5576 θεότητος,
1159 5507 1286 5562 ὅταν
1308 5511 1483 5581 πάντη
1529 5512 1834 5586 εὐκαιρήσῃ

1947 5536 2152 5590 )eitatis
2183 5535 2388 5601 lumen,
2429 5552 2555 5590 cum
2591 5539 2816 5593 omnino
2845 5540 2913 5595 ab
2955 5542 3210 5597 omnibus
3255 5557 3499 5596 recesse-

270 5593 377 5646 ἀπὸ
405 5595 642 5660 πάντων,
676 5597 768 5649 καὶ
807 5593 1218 5671 ἀσχημάτιστος
1249 5602 1315 5655 ὲκ
1353 5602 1559 5657 τούτων
1587 5606 1836 5674 γένηται,

1947 5629 2015 5694 ’ἰι,
2050 5637 2104 5683 et
2144 5645 2209 5682 cx
2241 5629 2308 5684 iis
2341 5629 2568 5683 minime
2618 5631 2912 5686 formatum
2966 5631 3160 5701 fuerit,
3221 5633 3492 5702 siquidem

273 5687 428 5756 εἴπερ
488 5689 521 5757 ἡ
575 5688 897 5759 λαμπρότης
955 5691 1192 5762 ἐκείνης,
1230 5689 1371 5748 κατὰ
1422 5696 1677 5767 στέρησιν
1726 5697 1835 5751 τῶν

271 5777 486 5831 πάντων
526 5777 814 5846 νοημάτων
871 5783 1273 5852 παραφαίνεται
1324 5784 1402 5856 τῷ
1436 5786 1661 5858 καθαρῷ
1726 5791 1828 5845 νοῒ.

587 5901 853 5966 Ρλτιιοι..
901 5906 1010 5966 Gn.
1063 5907 1347 5971 CXLVll.

1921 5721 2075 5776 illius
2108 5723 2364 5792 splendor
2395 5738 2491 5792 per
2517 5723 2877 5791 privationem
2915 5729 3160 5782 omnium
3207 5729 3496 5797 cogitatio-

1921 5829 2048 5888 num
2086 5830 2233 5884 pura:
2278 5813 2445 5870 tncnti
2470 5824 2715 5884 apparet.
2747 5834 2765 5867 ι
2805 5815 2868 5871 Et
2920 5831 3149 5884 magnus
3192 5817 3430 5875 Basilius
3465 5836 3485 5885 ι

3023 5913 3100 5974 26
