4088 6208
479 387 588 453 ἩἹ

1327 389 1673 449 CALleTl
1709 389 1803 446 ΕΤ
1848 385 2148 446 IGNATII
2185 385 2878 451 XANTHOPULORUM

3629 396 3736 457 78

486 518 506 551 ι
544 499 1006 565 Quemadmodum
1050 500 1121 570 ἰαί
1152 516 1216 554 ur
1245 502 1298 556 in
1331 501 1657 555 mauul'actis
1688 499 1904 568 templis
1941 514 2047 552 non

2154 491 2261 544 Kal
2292 494 2319 544 ὁ
2351 493 2521 560 μέγας
2560 495 2870 558 Βασίλειος·
2905 496 3116 565 Ὠσπερ
3160 497 3262 549 οὐκ
3301 499 3358 552 ἐν
3413 502 3736 568 χειροποιή-

481 587 688 642 habitat
729 589 1010 652 Dominus,
1047 607 1222 660 neque
1262 591 1314 644 in
1383 591 1690 645 ﬁt‘liOllibUS
1718 588 2047 658 quihusdam

478 689 533 735 et
571 681 948 748 spiritualihus
998 681 1206 750 ﬁguris.
1259 683 1520 751 Projectae
1564 681 1708 736 enim
1756 682 1874 736 ista;
1901 689 2050 742 sunt,

483 789 598 842 quae
629 773 882 841 agitatam
921 776 1157 828 animam
1194 783 1467 843 separent,
1499 789 1605 826 non
1632 773 1744 842 jam
1785 772 2049 827 valentem

487 878 620 932 pure
660 864 726 918 ad
760 870 1038 919 veritatem
1085 870 1325 926 tendere,
1383 864 1475 917 sed
1521 863 1699 916 adhuc
1740 862 1959 930 speculo
2001 869 2053 916 et

481 959 766 1025 amigmate
809 967 1093 1010 retentam.
1131 975 1149 1007 ι
1212 956 1274 1008 Ει
1323 955 1540 1008 divinus
1578 955 1838 1023 Evagrius
1871 973 1884 1010 :
1922 973 1940 1006 ι
1975 955 2052 1008 lbi

478 1047 680 1100 dicitur
704 1047 875 1102 Deum
907 1049 1116 1111 sedere,
1149 1049 1238 1101 ubi
1269 1048 1648 1114 cognoscitur;
1680 1047 1800 1100 ideo
1830 1050 2054 1103 thronus

482 1137 570 1188 Dei
610 1138 846 1200 dicitur,
891 1153 1044 1190 meus
1096 1153 1253 1206 pura.
1307 1138 1400 1192 Dei
1447 1140 1611 1207 igitur
1651 1139 1906 1204 COgitatio
1944 1153 2051 1190 non

479 1226 751 1280 invenitur
792 1229 845 1281 in
881 1230 964 1282 bis
989 1230 1419 1296 cogitationibus
1452 1245 1572 1298 qua:
1605 1240 1839 1282 mentem
1872 1228 2054 1296 ﬁguris

465 1328 696 1382 .ornant,
729 1321 820 1374 sed
845 1321 898 1374 in
923 1323 988 1374 iis
1013 1336 1134 1391 quae
1168 1337 1286 1374 eam
1316 1337 1421 1374 non
1449 1330 1663 1375 ornant.
1698 1323 1820 1375 ldco
1845 1333 2055 1392 oportet

479 1429 601 1467 eum
645 1414 736 1483 qui
779 1421 900 1467 orat
926 1415 1149 1468 omnino
1180 1413 1246 1465 ab
1277 1413 1340 1466 iis
1375 1412 1645 1481 cogitatis,
1671 1429 1788 1481 quae
1817 1424 2052 1467 mentem

479 1504 665 1574 ﬁguris
717 1504 947 1571 replent,
1007 1504 1290 1572 separari;
1343 1516 1396 1558 et
1442 1503 1598 1557 aliter
1632 1503 1852 1572 quidem
1886 1503 2056 1557 infor-

477 1597 711 1649 mabitur
740 1611 896 1649 meus
935 1605 1166 1649 mentem
1209 1611 1472 1658 cernens;
1512 1605 1562 1649 et
1597 1596 1758 1649 aliter
1801 1595 2057 1662 dispone-

479 1675 588 1752 tur,
619 1689 838 1742 verbum
866 1689 983 1755 ejus
1018 1688 1416 1755 contemplans.
1443 1685 1599 1742 Unde
1627 1688 1892 1742 discimus
1921 1700 2055 1755 quo-

479 1779 644 1831 modo
678 1779 980 1848 spiritualis
1012 1779 1241 1832 scientia
1272 1787 1505 1830 mentem
1543 1793 1573 1832 a
1607 1778 2046 1847 cogitationibus,

2151 600 2261 645 τοις
2286 587 2434 647 ναοῖς
2467 589 2709 638 κατοικεῖ
2744 587 2967 656 Κύριος,
2995 585 3168 647 οὕτως
3194 588 3313 640 οὐδὲ
3345 590 3402 640 ἐν
3447 590 3733 643 διατυπώ-

2153 672 2271 724 σεσί
2311 690 2418 726 τισι
2448 674 2542 726 καὶ
2589 676 2870 744 πλάσμασι
2917 678 3144 744 νοητοῖς.
3179 676 3584 746 Προδέδλτ,νται
3611 680 3729 748 γάρ

2149 765 2318 816 ταῦτα
2367 765 2776 834 ἀποτειχίζοντα
2825 767 2924 834 τὴν
2971 766 3464 838 κεκιϐδηλευμὲνην
3525 769 3718 839 ψυχὴν

2147 855 2246 924 τὴν
2296 855 2370 925 μὴ
2413 856 2716 926 δυναμένην
2759 857 3016 927 καθαρῶς
3059 858 3386 922 ἑνατενίζειν
3434 860 3570 930 πρὸς
3622 862 3723 930 τὴν

2147 946 2425 1024 ἀλήθειαν,
2467 947 2579 1001 ἀλλ’
2610 948 2691 1001 ἔτι
2727 948 2820 1000 τοῦ
2873 949 3141 1016 ἐσόπτρου
3177 950 3466 1020 ἐχομένην,
3501 952 3595 1005 καὶ
3621 952 3718 1004 τοῦ

2147 1037 2486 1108 αίνίγματος.
2531 1039 2639 1092 Καὶ
2681 1042 2708 1092 ὁ
2737 1040 2894 1104 testo;
2927 1041 3236 1110 Εὑάγριος“
3294 1042 3441 1094 Ἐκεῖ
3494 1043 3717 1110 λέγεται

2146 1129 2472 1193 καθέζεσθαι
2527 1130 2618 1182 τὸν
2670 1129 2822 1192 Θεὸν,
2877 1129 3006 1183 ἔνθα
3050 1131 3378 1198 γινώσκεται
3412 1151 3426 1165 ·
3484 1133 3564 1186 διὸ

2147 1221 2332 1290 θρόνος
2375 1221 2592 1290 λέγεται
2636 1221 2729 1275 τοῦ
2769 1222 2926 1287 Θεοῦ,
2963 1223 3086 1286 νοῦς
3118 1225 3376 1294 καθαρός.
3407 1227 3479 1278 Τὸ
3528 1228 3715 1280 τοίνυν

2145 1314 2320 1382 νόημα
2367 1313 2459 1366 τοῦ
2495 1313 2651 1379 Θεοῦ,
2684 1316 2783 1367 οὐκ
2811 1316 2870 1367 ὲν
2913 1317 3026 1378 τοῖς
3054 1318 3321 1386 νοήμασιν
3350 1319 3714 1389 εὑρεθήσεται

2143 1401 2254 1461 τοῖς
2307 1401 2534 1453 τυποῦσι
2585 1402 2675 1455 τὸν
2733 1401 2879 1466 νοῦν,
2914 1403 3030 1456 ἀλλ’
3063 1404 3122 1456 ὲν
3150 1407 3415 1476 νοήμασιν
3467 1411 3578 1472 τοῖς
3633 1411 3712 1480 μὴ

2141 1489 2394 1544 τυποῦσι.
2440 1491 2638 1563 Διόπερ
2680 1494 2774 1546 τὸν
2807 1496 3249 1565 προσευχόμενον
3279 1498 3361 1550 δεῖ
3391 1501 3710 1553 παντάπασι

2143 1579 2467 1648 χωρίζεσθαι
2502 1582 2609 1636 τῶν
2642 1585 2926 1653 νοημάτων
2951 1585 3059 1639 τῶν
3087 1588 3396 1641 τυπούντων
3420 1589 3512 1643 τὸν
3544 1590 3675 1644 νοῦν
3695 1609 3710 1620 ·

2141 1670 2234 1721 καὶ
2272 1669 2444 1732 ἄλλως
2473 1671 2570 1740 μὲν
2612 1675 2988 1744 τυπωθήσεται
3035 1677 3065 1729 ό
3095 1679 3216 1742 νοῦς
3243 1679 3384 1748 όρῶν
3402 1680 3528 1733 νοῦν
3553 1696 3568 1711 ·
3609 1683 3709 1734 καὶ

2141 1758 2312 1820 ἄλλως
2337 1760 2392 1813 δὲ
2437 1761 2814 1831 διατεθήσεται
2869 1766 3012 1836 ὁρῶν
3041 1770 3131 1820 τὸν
3159 1768 3316 1837 λόγον
3343 1771 3530 1824 αὐτοῦ.
3580 1773 3707 1823 Ἐν-

3623 1136 3718 1185 καὶ

475 1883 594 1934 qua:
627 1845 798 1934 ipsam
848 1869 1035 1938 (igni-is
1080 1869 1287 1936 replent
1313 1868 1580 1937 sejungat.
1616 1845 1746 1934 Qua:
1781 1879 1955 1923 autem
1990 1884 2051 1924 se

2141 1851 2325 1904 τεῦθεν
2359 1852 2698 1922 μανθάνομεν
2719 1856 2835 1918 πῶς
2861 1859 2891 1926 ἡ
2923 1859 3172 1930 γνῶσιςή
3198 1862 3540 1933 πνευματικὴ
3575 1865 3708 1930 ἀφί-

475 1972 582 2008 uen
621 1958 762 2010 circa
790 1957 1050 2024 imagines
1078 1965 1317 2016 exercet.
1340 1973 1400 2010 ea
1433 1961 1832 2027 appmpinquat
1866 1959 1991 2014 Deo.
2029 1978 2049 2012 ι

475 2049 540 2102 Et
589 2059 810 2104 sanctus
863 2049 1130 2103 Maximus
1165 2050 1218 2103 in
1277 2053 1454 2117 magni
1499 2050 1734 2120 Dionysii
1775 2051 2054 2110 Scltoliis:

480 2161 498 2192 ι
536 2143 693 2194 Aliud
724 2151 804 2194 est
832 2141 1143 2209 phantasia,
1177 2150 1228 2194 et
1259 2141 1406 2194 aliud
1438 2143 1695 2207 cogitatio
1726 2153 1820 2194 aut
1850 2144 2054 2207 cOgita-

476 2241 612 2284 tum.
650 2221 949 2283 A'diversis
977 2231 1120 2282 enim
1163 2229 1514 2284 facultatibus
1545 2233 1820 2295 oriuntur,
1854 2244 1907 2285 et
1940 2249 2056 2286 mo-

475 2333 563 2376 tus
595 2322 812 2390 propria
837 2332 1028 2373 natura
1057 2321 1314 2374 dili‘eruat
1339 2323 1480 2374 inter
1510 2337 1589 2376 se.
1614 2323 1884 2392 Cogitatio
1909 2329 2051 2378 enim

474 2413 721 2478 qnmdam
760 2411 997 2466 ellicacia
1024 2420 1105 2465 est
1138 2421 1191 2464 et
1217 2412 1398 2476 actio;
1441 2412 1726 2479 phantasia
1759 2429 1906 2477 vero,
1936 2430 2054 2484 pas-

474 2505 578 2570 sio,
599 2512 652 2557 et
683 2505 881 2572 imago,
914 2503 1171 2557 sensibile
1191 2503 1460 2572 quoddam
1497 2512 1914 2572 repraesentans,
1963 2517 2056 2560 aut

473 2605 733 2660 tanquam
773 2595 1053 2651 sensibile.
1085 2594 1149 2649 Et
1191 2611 1384 2650 sensus
1423 2596 1643 2665 quidem
1681 2612 1741 2650 ea
1777 2613 1897 2666 quas
1926 2608 2055 2652 sunt

475 2687 726 2756 percipit,
753 2703 848 2756 per
877 2689 1182 2743 universam
1211 2703 1396 2742 eorum
1420 2690 1672 2742 formam.
1695 2688 1844 2742 Mens
1871 2700 2050 2744 autem

473 2782 542 2836 118
574 2783 820 2847 accedit,
849 2780 900 2834 id
959 2793 1066 2848 εει,
1119 2797 1183 2836 ea
1237 2798 1356 2852 quw
1380 2791 1508 2836 sunt
1548 2782 1654 2836 alio
1707 2783 1870 2837 modo
1904 2798 2054 2838 com-

472 2872 754 2942 prehendit
782 2911 796 2932 ,
854 2886 1030 2941 neque
1076 2883 1135 2926 ut
1177 2887 1392 2927 sensus.
1441 2873 1627 2939 Quoad
1675 2873 1818 2927 enim
1859 2888 2052 2943 corpo-

473 2953 623 3016 reum
653 2971 746 3014 aut
779 2961 1082 3030 spirituale,
1120 2961 1266 3015 circa
1295 2963 1436 3030 quod
1466 2964 1641 3027 etiam
1662 2977 1856 3016 sensus
1900 2979 2055 3018 exer-

471 3053 578 3106 ceri
613 3062 870 3121 possunt,
909 3062 970 3105 ut
1011 3052 1125 3104 dixi
1165 3053 1314 3120 prius
1338 3091 1352 3116 ,
1387 3061 1567 3106 motus
1594 3060 1679 3106 est
1713 3051 1967 3121 passivus
1998 3066 2052 3111 et

2141 1958 2297 2012 στησι
2322 1944 2412 1995 τὸν
2436 1944 2557 1996 νοῦν
2575 1944 2684 1997 τῶν
2717 1948 3004 2016 νοημάτων
3038 1950 3148 2001 τῶν
3167 1953 3483 2006 τυπούντων
3512 1957 3699 2010 αὑτὸν.

2151 2032 2456 2086 Ἀτύπωτον
2505 2034 2562 2086 δὲ
2601 2035 2863 2099 ἀσκοῦσα,
2897 2039 3195 2109 παρίστησι
3245 2042 3323 2112 τῷ
3361 2044 3500 2111 Θεῷ.
3532 2047 3642 2098 Καὶ
3677 2049 3706 2100 ὁ

2137 2123 2289 2190 ἆγιος
2321 2126 2572 2195 Μάξιμος
2615 2129 2672 2180 ὲν
2703 2131 2815 2191 τοῖς
2846 2131 3082 2199 Σχολίοις
3115 2132 3206 2183 τοῦ
3243 2134 3478 2202 μεγάλου
3513 2140 3704 2190 Διονυ-

2141 2212 2253 2265 σίου
2278 2231 2291 2244 ο
2326 2215 2553 2284 Ἕτερον
2585 2219 2701 2270 ἐστι
2749 2219 3037 2284 φαντασία,
3070 2223 3165 2273 καὶ
3201 2223 3386 2290 ἕτερόν
3425 2227 3540 2277 ἐστι
3577 2227 3704 2295 νόη-

2139 2322 2241 2368 σις,
2271 2306 2388 2374 ἤτοι
2433 2307 2632 2377 νόημα.
2697 2310 2827 2362 Ἀπό
2851 2327 2910 2362 τε
2957 2311 3065 2379 γὰρ
3099 2313 3369 2383 διαφόρων
3415 2315 3700 2384 δυνάμεων

2136 2395 2393 2462 γίνονται,
2422 2399 2514 2450 καὶ
2562 2399 2782 2468 ἰδιότητι
2833 2403 3096 2472 κινήσεως
3122 2402 3233 2473 lla.
3268 2405 3483 2470 λείπει,
3504 2407 3696 2474 διαφέ-

2139 2485 2332 2557 ρουσι].
2353 2488 2413 2540 ‘ll
2447 2491 2544 2558 μὲν
2572 2489 2679 2560 γὰρ
2697 2490 2901 2560 νόησις,
2921 2491 3172 2561 ἐνέργειά
3198 2497 3313 2546 ἐστι
3335 2495 3424 2547 καὶ
3443 2498 3661 2564 ποίησις
3679 2515 3694 2529 ’

2134 2581 2167 2650 ἡ
2193 2579 2248 2632 δὲ
2281 2582 2553 2647 φαντασία
2578 2583 2768 2645 πάθος,
2798 2576 2902 2635 ’καὶ
2935 2584 3180 2646 τύπωσις
3211 2587 3580 2660 άναγγελτικὴ
3604 2592 3688 2642 ai-

2135 2671 2332 2740 σθητοῦ
2389 2689 2554 2738 τινος,
2607 2674 2641 2745 ἢ
2690 2673 2766 2736 ὠς
2811 2673 3070 2742 αίσθητοῦ
3129 2693 3292 2738 τινος.
3339 2679 3444 2730 Καὶ
3501 2681 3534 2747 ἡ
3594 2682 3693 2749 μὲν

2131 2762 2382 2834 αῖσθησις
2419 2764 2874 2832 ἀντιλαμϐάνεται
2916 2765 3025 2818 τῶν
3065 2765 3234 2819 ὄντων
3298 2770 3437 2822 κατά
3487 2773 3694 2840 ἁθρόαν

2135 2854 2436 2923 μόρφωσιν.
2481 2856 2538 2910 '0
2562 2856 2618 2908 δὲ
2644 2857 2767 2918 νοῦς
2792 2857 3108 2924 ἐφάπτεται,
3131 2860 3408 2912 τουτέστιν
3422 2862 3690 2930 ἀντιλαμ-

2129 2945 2349 2998 essent
2378 2945 2487 2996 τῶν
2523 2945 2692 2998 ὄντων
2721 2946 2890 3016 ἑτέρῳ
2933 2947 3137 3017 τρόπῳ,
3171 2950 3265 3002 καὶ
3310 2949 3408 3003 οὐκ
3434 2952 3507 3014 ὡς
3545 2955 3690 3022 ﬁat.

2127 3038 2335 3107 σθησις.
2362 3043 2498 3113 Περὶ
2529 3043 2627 3113 μὲν
2651 3041 2744 3099 οῦν
2766 3046 2826 3098 τὸ
2855 3048 3187 3118 σωματικὸν,
3219 3050 3251 3121 ἢ
3293 3050 3354 3102 τὸ
3381 3067 3691 3120 πνευματι-

473 3145 754 3212 ﬁguratus.
786 3141 1059 3196 iudicium
1095 3153 1274 3196 autem
1302 3151 1355 3196 et
1379 3143 1686 3197 intellectus
1722 3142 1886 3196 menti
1919 3159 2053 3196 con-

2136 3133 2238 3195 ηδν,
2259 3135 2317 3186 ὲν
2343 3127 2387 3200 ᾧ
2416 3136 2510 3188 καὶ
2535 3135 2634 3198 τὰς
2669 3137 2949 3206 αίσθήσεις
2981 3135 3119 3193 εἶναι
3145 3139 3334 3212 πρώην
3367 3142 3601 3211 ἔφαμεν,
3627 3143 3693 3197 τὸ

473 3235 712 3288 cedenda
745 3244 873 3288 sunt
904 3245 960 3288 et
1003 3235 1222 3288 animas.
1250 3233 1389 3288 lluic
1438 3234 1604 3304 igitur
1645 3235 1842 3288 mentis
1885 3233 2044 3288 intel-

471 3326 635 3380 lectui
674 3326 989 3396 imaginatio
1023 3325 1321 3380 auferenda
1349 3334 1449 3379 est.
1480 3325 1796 3390 lmaginatio
1825 3341 1956 3380 vero
1988 3326 2039 3379 iu

471 3427 584 3472 tres
619 3427 801 3485 partes
831 3417 1128 3482 dividitur;
1162 3417 1336 3486 prima
1367 3415 1585 3485 quidem
1618 3425 1704 3470 est
1733 3415 1814 3471 vis
1849 3415 2044 3485 imagi-

469 3508 633 3562 naudi
662 3523 748 3571 ea,
777 3523 896 3576 qua:
914 3508 1224 3563 seusibilem
1246 3508 1472 3562 formam
1499 3509 1775 3577 prebeat;
1804 3507 2042 3564 secunda

470 3613 619 3663 vero,
682 3614 743 3652 ea
781 3599 862 3652 vis
895 3614 1018 3668 quae
1056 3614 1122 3652 ex
1187 3600 1594 3654 remanentibus
1657 3599 1899 3670 reliquiis
1958 3609 2042 3671 ty-

468 3706 595 3761 pum
617 3689 839 3760 ellingit,
865 3690 1018 3760 cujus
1046 3690 1309 3759 imagines
1335 3707 1442 3746 non
1473 3693 1539 3746 ad
1570 3692 1774 3762 aliquid
1800 3683 2042 3748 referan-

468 3793 583 3849 tur;
618 3799 740 3851 qua:
770 3783 850 3837 vis
873 3784 1090 3852 proprie
1111 3793 1195 3838 est
1219 3784 1536 3852 phantasia;
1569 3786 1722 3839 tertia
1749 3799 1927 3840 autem
1959 3798 2043 3842 est

464 3891 525 3927 ea
551 3874 627 3928 vis
656 3874 709 3927 in
734 3889 841 3942 qua
864 3874 1044 3927 ouiuis
1065 3875 1248 3928 laetitia
1275 3876 1666 3945 ctimaginatio
1691 3877 1872 3946 hujus,
1896 3879 2042 3947 quod

465 3967 665 4018 bonum
697 3965 928 4030 videtur,
963 3977 1052 4019 aut
1077 3964 1294 4019 tristitia
1349 3967 1508 4032 hujus
1529 3968 1671 4036 quod
1693 3968 1904 4021 videtur
1930 3985 2042 4023 ma-

465 4056 612 4119 lum,
662 4050 1046 4123 compingitur.
1088 4051 1243 4107 Nulla
1275 4055 1437 4122 igitur
1462 4095 1476 4120 ,
1509 4072 1570 4107 ex
1621 4056 1704 4110 his
1744 4071 1863 4125 qua
1900 4057 2042 4114 dicta

461 4155 624 4211 sunt,
662 4145 972 4214 phantasia,
1001 4145 1176 4200 locum
1210 4145 1370 4200 habet
1403 4147 1469 4200 de
1519 4146 1648 4201 Deo.
1693 4149 2042 4218 Simplicissi'

461 4252 583 4289 mus
626 4237 769 4290 enim
825 4252 987 4306 supra
1013 4239 1397 4307 cogitationem
1455 4246 1538 4293 est
1591 4254 1656 4294 ac
1712 4241 2040 4311 superjacet,

2125 3223 2426 3296 παθητικὸν
2457 3227 2552 3280 καὶ
2577 3229 2918 3299 μορφωτικόν
2951 3232 3066 3282 ἐστι
3098 3231 3325 3301 κίνημα.
3376 3233 3448 3284 Τὸ
3477 3233 3530 3285 δὲ
3563 3251 3693 3302 κρι-

2121 3320 2291 3384 τικὸν,
2333 3318 2428 3373 καὶ
2485 3320 2891 3390 ἀντιληπτικδν,
2921 3324 2986 3392 τῇ
3034 3322 3203 3392 ψυχῇ,
3234 3324 3328 3376 καὶ
3374 3323 3454 3393 τῷ
3489 3324 3565 3394 νῷ
3600 3326 3690 3377 δοο

2121 3411 2262 3465 τέον.
2293 3410 2480 3482 Τούτῳ
2501 3407 2593 3465 οὖν
2646 3413 2724 3482 τῷ
2755 3414 2856 3480 τῆς
2883 3413 3061 3483 ψυχῆς
3095 3415 3468 3484 άντιληπτικῷ
3495 3419 3591 3469 καὶ
3624 3418 3690 3470 τὸ

2123 3504 2487 3573 φανταστικὸν
2547 3505 2860 3558 ἀποστεῖλαι
2927 3505 3056 3577 [ῖσ.
3131 3507 3536 3561 ἀπώιαστεῖλαι
3575 3546 3591 3569 ,
3649 3509 3692 3575 ἦ

2124 3591 2460 3665 ὑποστείλαιῖ
2491 3594 2591 3648 δεῖ.
2628 3597 2924 3664 Διαιρεῖται
2943 3595 3053 3666 δὲὴ
3081 3598 3415 3666 φανταστικὴ
3444 3599 3521 3660 είς
3537 3601 3694 3666 τρεῖς

2129 3687 2320 3758 μοίρας
2352 3704 2366 3719 ο
2396 3685 2618 3758 πρώτην
2644 3687 2741 3758 μὲν
2766 3690 2844 3751 εἰς
2869 3688 2966 3759 τὴν
3000 3689 3108 3742 τῶν
3128 3689 3462 3760 ἀντιλήψεων
3490 3692 3696 3744 εἰκονι-

2126 3781 2315 3850 στικὴν
2343 3779 2479 3850 πρὸς
2504 3779 2572 3833 τὰ
2613 3780 2869 3834 ποιοῦντα
2916 3780 3178 3852 αἰσθητὴν
3217 3782 3316 3852 τὴν
3359 3782 3646 3852 ἀντίληψιν
3682 3805 3693 3815 ·

2123 3870 2377 3943 δευτέραν
2424 3871 2501 3935 δὲ,
2554 3872 2653 3944 τὴν
2701 3874 2764 3925 ὲκ
2829 3873 2939 3926 τῶν
2969 3875 3264 3944 ’μενόντων
3317 3875 3694 3944 ἐγκατάλειμ-

2133 3962 2316 4031 μάτων
2357 3961 2466 4015 ἀπὸ
2498 3966 2703 4016 τούτων
2738 3965 3181 4037 άνατυπωτικὴν,
3210 3966 3307 4038 τὴν
3341 3970 3415 4037 μὴ
3460 3967 3695 4038 ἔχουσαν

2126 4055 2522 4125 ἐρηρεισμένας
2560 4055 2650 4107 ὲπί
2671 4072 2724 4107 τι
2756 4055 2856 4120 τάς
2886 4057 3121 4121 εἰκόνας,
3153 4058 3220 4128 ἣν
3242 4058 3336 4111 καὶ
3368 4059 3511 4121 ίδίως
3559 4076 3697 4126 φαν-

2125 4144 2387 4215 ταστικὴν
2443 4146 2698 4200 καλοῦσιν
2733 4163 2746 4178 ο
2779 4147 2991 4218 τρίτην,
3027 4148 3086 4202 ὲν
3205 4151 3354 4202 πᾶσα
3385 4149 3565 4220 ἡδονὴ,
3597 4149 3697 4204 καὶ

2129 4235 2398 4302 φαντασία
2441 4235 2724 4300 δοκοῦντος
2765 4238 2993 4305 ἀγαθοῦ,
3027 4238 3060 4309 ἢ
3108 4238 3280 4291 κακοῦ
3327 4238 3467 4293 κατὰ
3511 4240 3695 4308 λῦπην

466 4345 484 4377 ι
527 4327 590 4380 Ει
619 4343 830 4381 rursum
876 4344 1103 4397 magnus
1145 4328 1378 4384 Basilius
1409 4347 1423 4384 :
1466 4349 1484 4384 ι
1525 4330 1675 4386 Mens
1702 4347 1822 4401 quae
1853 4335 1919 4386 ad
1950 4349 2045 4387 ex-

2136 4327 2462 4382 συνίσταται.
2510 4329 2746 4399 Οὐδεμία
2803 4330 3005 4392 τοίνυν,
3040 4331 3181 4384 καθά
3212 4332 3446 4401 εἴρηται,
3485 4349 3696 4399 φαντα-

464 4429 614 4472 terna
656 4435 761 4472 non
803 4420 1121 4489 dissipatur,
1153 4438 1327 4491 neque
1360 4439 1456 4492 per
1498 4424 1756 4479 mtmdum
1789 4427 2037 4481 sensibus

2136 4417 2218 4470 σία
2248 4417 2430 4487 χώραν
2480 4419 2591 4488 ἔχει
2631 4420 2724 4473 ἐπὶ
2752 4420 2888 4473 Θεοῦ
2913 4439 2927 4453 ·
2953 4422 3170 4476 πάντων
3196 4423 3305 4492 γὰρ
3334 4423 3480 4488 ama
3505 4424 3694 4488 ἁπλῶς

460 4509 798 4572 dill'unditur,
833 4513 1206 4581 reditquidem
1236 4514 1301 4568 ad
1339 4517 1607 4584 seipsam;
1659 4531 1753 4584 per
1803 4517 2035 4586 seipsam

2136 4507 2266 4578 ὅπερ
2301 4508 2515 4561 ἔννοιάν
2547 4511 2684 4575 ἐστι,
2711 4511 2806 4562 καὶ
2835 4511 3172 4580 ὑπέρκειται.
3205 4512 3317 4564 Kal
3355 4509 3512 4575 αὖθις
3536 4515 3566 4564 ὀ
3591 4513 3695 4582 μέ-

461 4615 591 4653 vcro
623 4603 687 4651 ad
718 4601 804 4654 Dei
837 4605 1222 4670 cogitationem
1263 4608 1542 4668 ascendit,
1587 4617 1748 4674 atque
1804 4607 1895 4661 illa
1921 4609 2039 4678 pul-

2136 4617 2226 4668 γας
2291 4600 2606 4666 Βασίλειος·
2663 4603 2804 4664 Νοῦς
2869 4603 2943 4673 μὴ
3005 4604 3430 4674 σκεδαννύμενος
3469 4606 3563 4657 ἐπὶ
3623 4607 3692 4659 τὰ

463 4693 768 4744 cluitu-liue
813 4693 1101 4759 illustrata,
1131 4696 1300 4764 ipsius
1331 4709 1538 4751 natura:
1572 4700 1902 4754 oblivionem
1923 4703 1925 4705 ’
1950 4716 2041 4754 ac-

2136 4693 2252 4758 ἔξω,
2293 4693 2426 4762 μηδὲ
2479 4694 2584 4746 ὑπὸ
2631 4695 2739 4746 τῶν
2785 4695 3149 4766 αίσθητηρίων
3201 4697 3295 4751 ἐπὶ
3344 4697 3435 4750 τὸν
3487 4698 3692 4767 κόσμον

460 4783 608 4850 cipit.
637 4784 762 4838 Haec
799 4785 962 4853 igitur
991 4796 1043 4839 et
1073 4789 1185 4854 ipa:
1211 4803 1332 4840 cum
1363 4791 1506 4843 scias
1531 4829 1546 4854 ,
1592 4789 1767 4846 nitere
1791 4833 1805 4857 ,
1863 4794 2039 4847 omni-

2136 4784 2490 4854 Βιαχεόμενος,
2519 4786 2765 4839 ἐπάνεισι
2813 4788 2912 4856 μὲν
2957 4787 3091 4857 πρὸς
3127 4775 3361 4841 ἑαυτόν’·
3392 4789 3459 4841 δι’
3495 4789 3690 4842 ἑαυτοῦ

459 4873 563 4928 bus
625 4874 806 4939 horis,
867 4893 988 4931 cum
1020 4877 1148 4943 Deo,
1205 4882 1412 4949 absque
1461 4881 1788 4949 phantasia,
1833 4885 2038 4952 absque

2136 4875 2179 4928 se
2214 4915 2229 4940 ,
2289 4878 2368 4938 είς
2415 4879 2513 4948 τὴν
2565 4879 2692 4948 περὶ
2758 4878 2896 4931 Θεοῦ
2945 4879 3151 4932 ἔννοιαν
3209 4879 3492 4934 ἀναϐαίνει
3522 4897 3538 4913 °
3591 4883 3690 4933 xi-

460 4966 630 5031 ﬂgura
649 4976 701 5020 ct
720 4968 912 5033 forma,
933 4978 1074 5024 totus
1093 4979 1204 5024 tota
1233 4982 1412 5024 mente
1433 4987 1587 5040 pura,
1606 4974 1850 5026 etanima
1879 4991 2035 5030 mun-

2136 4969 2288 5038 κείνῳ
2325 4969 2402 5040 τῷ
2445 4969 2631 5022 κάλλει
2691 4970 3190 5041 περιλαμπόμενος,
3229 4973 3324 5025 καὶ
3381 4973 3553 5043 αὐτῆς
3590 4974 3690 5041 τῆς

458 5054 527 5110 da
559 5057 868 5109 ottlttitttutlu
897 5073 1072 5111 orare.
1106 5056 1260 5113 Dicet
1285 5060 1426 5113 enim
1455 5072 1675 5116 sanctus
1708 5063 1994 5120 Maximus.

2136 5059 2341 5129 ptiust»:
2403 5061 2573 5132 λήθην
2625 5061 2910 5132 λαμϐάνει.
2971 5062 3162 5116 Ταῦτα
3211 5063 3538 5136 τοιγαροῦν,
3595 5064 3686 5117 καὶ

459 5149 620 5208 κιττὸς
651 5142 834 5206 εἰδὼς,
871 5143 1091 5209 ὲπείγου
1132 5144 1256 5196 ὅσαι
1286 5138 1450 5213 ὧραι,
1490 5143 1590 5197 σὺν
1614 5145 1734 5216 Θεῷ
1763 5148 2152 5216 άφαντάστως,
2193 5151 2638 5219 ἀσχηματίστως,
2673 5153 3084 5219 ἀδιατυπὼτως,
3133 5156 3253 5217 ὅλος
3281 5158 3387 5228 ὅλῳ
3414 5158 3496 5211 vol
3519 5161 3687 5214 καθα.

457 5243 557 5315 pip,
591 5243 685 5294 καὶ
714 5239 859 5310 ψυχῇ
888 5237 1107 5309 καθαρᾷ
1146 5236 1416 5307 εὔχεσθαι
1445 5238 1756 5310 όλοτρόπως
1785 5256 1798 5272 ·
1829 5241 1976 5310 λέγει
2003 5247 2097 5299 καὶ
2131 5242 2240 5312 γὰρ
2269 5245 2294 5295 ό
2326 5245 2483 5311 ἅγιος
2511 5244 2780 5315 Μάξιμος.

2823 5455 2920 5510 καί
2972 5455 3222 5524 καρδίας
3279 5451 3550 5523 καθαρῶν
3595 5450 3695 5506 καί

2133 5461 2270 5530 Περὶ
2318 5460 2475 5530 νοὸς,
2510 5457 2717 5530 ψυχῆς
2788 5457 3052 5580 4ιὲἐί

573 5474 645 5528 De
681 5482 865 5538 mente,
902 5470 1078 5524 anima
1110 5477 1159 5522 et
1189 5466 1344 5522 corde
1375 5465 1520 5535 puris
1558 5479 1620 5518 ac
1651 5463 1916 5533 perfectis.

2207 5646 2456 5715 Eg'ﬂepl
2497 5645 2637 5713 νοὸς
2673 5639 3170 5711 καθαροῦ.-Νοῦς
3200 5638 3438 5710 καθαρός
3489 5637 3636 5690 ἐστιν
3668 5635 3697 5688 ὁ

2137 5743 2355 5808 ἀγνοίας
2389 5738 2698 5810 χωρισθεὶς,
2734 5737 2827 5791 καὶ
2861 5733 2965 5790 ὑπὸ
2997 5732 3090 5787 τοῦ
3130 5731 3272 5786 θείου
3309 5729 3483 5800 φωτὸς
3530 5745 3696 5783 κατα-

2135 5834 2502 5903 λαμπόμενος.

533 5676 623 5729 CG.
665 5675 812 5736 Meus
851 5687 982 5743 pura
1024 5681 1108 5724 est
1140 5683 1203 5722 ea
1233 5681 1353 5736 quas
1401 5681 1469 5719 ao
1494 5661 1799 5736 ignorantia
1825 5670 2032 5716 remota

461 5785 536 5822 est
570 5786 632 5820 ac
663 5767 844 5821 divino
877 5765 1084 5820 lumine
1123 5762 1450 5817 illustratur.
