4032 6208
390 334 494 402 ιιι»

1594 340 1972 405 0PUSCUI.A
2016 340 2383 401 ASCETICA,

3506 334 3611 397 70

462 450 600 519 Περὶ
628 453 836 521 ψυχῆς
866 456 1147 526 καθαρᾶς.
1180 489 1249 498 -
1272 460 1430 530 Ψυχὴ
1456 461 1673 531 καθαρά
1697 465 1865 528 ἐστιν,
1915 483 1923 515 1

2090 453 2185 505 De
2214 454 2390 504 animo
2417 467 2571 519 pura.
2604 477 2671 492 --
2700 448 2889 504 Anima
2920 464 3052 517 pura
3081 457 3161 503 est
3190 462 3307 516 qum
3340 462 3368 500 a
3402 449 3609 517 cupidi-

389 544 578 595 παθῶν
614 545 1057 615 ὲλευθερωθείσα,
1091 549 1185 601 καὶ
1226 550 1331 602 ὑπὸ
1388 552 1486 621 τῆς
1527 552 1676 615 θείας
1731 555 1950 624 ἀγάπης

386 637 746 712 ἀδιαλείπτως
779 638 837 689 εὐ
849 656 874 703 φ
886 641 1197 710 ραινομένη.

457 728 594 796 Περὶ
622 730 870 796 καρδίας
900 730 1177 797 καθαρᾶς.
1201 761 1267 771 —-
1298 734 1504 803 Καρδία
1534 737 1747 807 καθαρά
1779 741 1946 805 ἐστιν,

386 822 418 890 ἡ
455 821 803 873 παντάπασιν
866 821 1100 873 ἀνείδεον
1133 823 1209 891 τῷ
1239 824 1376 893 Θεῷ,
1409 827 1496 877 καὶ
1534 826 1947 897 ἁδιαμόρφωτον

386 914 784 982 παραστήσασα
809 913 905 981 τὴν
948 916 1169 985 μνήμην
1197 932 1210 946 ⁸
1245 917 1339 968 καὶ
1380 918 1573 985 μόνοις
1630 920 1743 982 τοῖς
1782 921 1946 972 αὑτοῦ

383 1005 599 1073 ἕτοιμον
648 1006 1026 1076 ὲνσημαθῆναι
1057 1008 1265 1071 τύποις,
1306 1008 1375 1060 δι’
1399 1002 1473 1063 ὧν
1510 1010 1758 1078 ἐμφανὴς
1804 1012 1945 1079 γίνε-

385 1096 507 1148 σθαι
550 1096 781 1165 πέφυκε.
836 1096 1057 1160 Τούτοις
1112 1098 1416 1167 ἑπομένως,
1473 1102 1567 1153 καὶ
1612 1101 1735 1155 τάδε
1776 1119 1946 1172 προσ-

382 1188 604 1240 κείσθω.

450 1280 590 1346 Περὶ
629 1281 859 1333 τελείου
888 1280 1047 1346 νοός.
1085 1312 1153 1320 —
1186 1282 1328 1344 Νοῦς
1366 1285 1480 1335 ἐστι
1520 1284 1742 1347 τέλειος.
1774 1289 1801 1340 6
1854 1286 1942 1341 διὰ

381 1371 615 1433 πίστεως
666 1370 897 1439 ἀληθοῦς
939 1370 1029 1423 τὸν
1077 1372 1499 1442 ὑπεράγνωστον
1548 1375 1821 1441 ἐγνωκὼς,
1851 1380 1943 1430 καὶ

378 1463 485 1513 τῶν
516 1462 679 1514 αὐτοῦ
734 1463 1233 1532 δημιουργημάτων
1281 1463 1389 1534 [Ζσ.
1424 1466 1491 1518 τὰ
1525 1467 1776 1539 καθόλου]
1814 1470 1942 1523 θεα-

380 1553 611 1619 σάμενος
639 1568 652 1583 ⁸
682 1553 775 1605 καὶ
804 1552 902 1621 τῆς
948 1555 1006 1605 ἐν
1041 1555 1222 1616 αὐτοῖς
1262 1555 1520 1624 προνοίας
1570 1558 1663 1611 καὶ
1704 1561 1937 1626 κρίσεως

377 1643 475 1711 τὴν
527 1642 925 1715 περιληπτικὴν
952 1645 1154 1711 γνῶσιν
1190 1646 1339 1713 παρὰ
1385 1647 1517 1699 Θεοῦ
1556 1648 1791 1718 εἰληφώς
1816 1669 1830 1682 ·
1864 1651 1940 1712 ὡς

378 1733 656 1801 ἄνθρωπος
688 1733 745 1784 δέ
776 1751 847 1803 φη
859 1752 940 1801 μι.

2037 546 2238 597 tatibus
2284 544 2452 597 libera
2480 552 2598 605 est,
2636 550 2690 595 et
2716 541 2897 595 divina
2932 541 3199 595 charitate
3236 540 3609 595 indesinenter

2035 636 2267 690 laetatur.

2106 728 2181 782 De
2210 727 2364 781 corde
2388 745 2541 797 pura.
2568 758 2635 767 —
2662 729 2769 783 Cor
2803 740 2997 794 purum
3022 732 3108 778 est
3130 724 3273 794 quod
3308 721 3417 777 Deo
3472 739 3607 792 pra:-

2038 830 2148 876 stat
2177 824 2498 876 memoriam
2529 823 2647 875 sine
2677 822 2849 875 forma
2879 835 2941 873 ac
2976 820 3176 886 figura;
3204 827 3257 871 et
3284 818 3426 885 quod
3454 833 3606 884 para-

2038 925 2151 967 tum
2201 926 2283 969 est
2311 914 2443 970 solis
2473 914 2640 982 ipsius
2692 913 2831 983 typis
2862 911 3172 974 informari,
3205 894 3299 976 per
3347 925 3481 978 quos
3524 924 3609 961 se-

2037 1007 2213 1075 ipsum
2246 1007 2595 1060 manifestare
2628 1005 2784 1059 solet.
2832 1002 2926 1057 llis
2958 1010 3376 1071 consequenter,
3406 1008 3459 1054 et
3488 1014 3608 1068 quae

2035 1099 2259 1153 dicenda
2292 1109 2436 1163 sunt,
2473 1114 2530 1153 se
2565 1097 2817 1151 habeam.

2108 1278 2181 1333 De
2213 1287 2381 1334 mente
2414 1277 2669 1347 perfecta.
2699 1305 2769 1317 —-
2796 1276 2949 1330 Mens
2981 1274 3219 1341 perfecta
3248 1282 3330 1329 est
3362 1288 3482 1343 qua:
3514 1288 3609 1340 per

2038 1388 2216 1425 veram
2274 1372 2430 1426 [idem
2486 1386 2610 1423 eum
2670 1371 2866 1432 noscit,
2913 1369 3003 1437 qui
3060 1366 3333 1435 penetrari
3396 1366 3606 1433 nequit,

2034 1466 2263 1534 ejusque
2304 1478 2465 1532 opera
2498 1462 2859 1530 contemplata
2901 1442 3019 1524 est;
3052 1471 3106 1516 et
3151 1475 3272 1527 qua:
3304 1459 3606 1513 Providen-

2038 1558 2123 1611 tiae
2157 1565 2210 1611 et
2230 1556 2443 1625 judicii,
2480 1569 2600 1624 qua:
2628 1557 2679 1607 in
2722 1555 2788 1607 iis
2822 1564 2970 1617 sunt,
3004 1553 3397 1622 intelligentem
3430 1552 3606 1605 scien-

2036 1651 2165 1705 tiam
2199 1665 2228 1703 a
2256 1648 2367 1703 Deo
2402 1647 2629 1717 accepit,
2661 1657 2927 1717 quantum
2965 1646 3174 1700 homini
3212 1645 3472 1715 possibile
3499 1655 3601 1698 est.

447 1825 585 1890 Περὶ
620 1823 827 1892 ψυχῆς
860 1826 1111 1891 τελείας.
1146 1857 1214 1866 -
1244 1828 1399 1896 Ψυχή
1425 1830 1540 1880 ἐστι
1571 1830 1771 1894 τελεία,
1805 1825 1871 1902 ἧς
1904 1833 1923 1900 'l

2103 1832 2177 1886 De
2209 1832 2391 1885 anima
2421 1831 2672 1899 perfecta.
2703 1860 2771 1869 —
2802 1828 2993 1881 Anima
3024 1835 3108 1882 est
3142 1827 3404 1896 perfecta,
3428 1827 3587 1896 cujus

378 1915 655 1984 παθητικὴ
680 1916 906 1984 δύναμις
940 1918 1187 1969 νένευκεν
1217 1919 1477 1981 ὁλοτελῶς
1517 1921 1652 1989 πρὸς
1679 1920 1828 1974 Θεόν.

453 2011 592 2076 Περὶ
670 2009 913 2075 καρδίας
970 2010 1223 2073 τελείας.
1292 2010 1506 2079 Καρδία
1567 2012 1745 2065 τελεία
1797 2013 1937 2081 τάχα

375 2101 555 2169 ἐκείνη
609 2100 908 2167 λέγεται,ή
978 2099 1248 2167 μηδεμίαν
1295 2099 1491 2168 ἔχουσα
1540 2102 1774 2172 φυσικὴν
1815 2102 1938 2157 καθ’

374 2193 681 2261 οἰονδήτιοτε
712 2192 910 2260 τρόπον
958 2193 1093 2260 πρὸς
1133 2190 1311 2243 ὁτιοῦν
1344 2192 1576 2261 κίνησιν,
1608 2194 1665 2243 ὲν
1694 2189 1728 2268 ᾖ
1766 2196 1936 2250 καθά-

374 2302 479 2354 περ
510 2284 719 2354 πτυχίῳ
765 2283 1061 2336 λειανθέντι
1097 2283 1275 2345 καλῶς
1306 2284 1393 2337 διὰ
1436 2285 1532 2354 τὴν
1559 2288 1734 2354 ἄκραν
1768 2287 1935 2340 ἁπλό-

372 2394 508 2445 τητα
535 2413 550 2437 ,
618 2376 1058 2445 παραγενόμενος
1102 2377 1130 2428 6
1170 2375 1302 2437 Θεὸς
1348 2377 1473 2440 τοὺς
1528 2378 1691 2442 ἰδίους
1737 2380 1935 2449 νόμους

371 2468 657 2537 ὲγγράφεμ

440 2558 580 2625 Περὶ
612 2558 721 2611 νοῦ
754 2556 1035 2623 καθαροῦ.
1074 2584 1144 2597 —-
1175 2558 1293 2610 Ἔτι
1320 2558 1444 2611 νοῦν
1469 2559 1764 2630 καθαρίσαι
1793 2562 1933 2615 κατὰ

368 2649 458 2703 τὸν
488 2650 640 2717 ἅγιον
668 2634 938 2718 Διάδοχον,
970 2651 1129 2718 μόνου
1153 2647 1246 2701 τοῦ
1261 2650 1418 2716 ἁγίου
1436 2651 1747 2722 Πνεύματός
1777 2654 1895 2706 ἔστι
1915 2669 1930 2684 ⁸

371 2745 493 2798 Ἐτι
515 2742 638 2795 νοῦν
665 2742 878 2803 στῑπναι,
906 2741 1049 2794 κατὰ
1072 2743 1164 2795 τὸν
1188 2742 1287 2811 τῆς
1303 2742 1606 2812 Κλίμακος,
1641 2746 1806 2815 μόνου
1839 2745 1932 2799 τοῦ

372 2846 528 2912 ἁγίου
562 2845 877 2915 Πνεύματός
918 2848 1088 2900 ἐστιν.
1114 2847 1235 2900 Ἔτι
1264 2849 1427 2917 φησιν
1449 2849 1477 2901 6
1522 2850 1677 2917 ἆγιος
1698 2848 1922 2912 Νεῖλος*

370 2941 438 2992 Π
460 2955 541 3001 τις
583 2938 819 3005 βούλοιτο
863 2938 989 2991 ίδεῖν
1019 2939 1117 3008 τὴν
1146 2938 1239 2992 τοῦ
1272 2939 1361 2992 νοῦ
1411 2939 1762 3005 κατάστασιν,
1806 2957 1925 2993 στε-

371 3028 589 3098 ρησάτω
616 3027 807 3079 ἑαυτὸν
834 3027 1047 3079 πάντων
1072 3027 1179 3080 τῶν
1202 3029 1504 3098 νοημάτων,
1536 3029 1628 3082 καὶ
1653 3029 1773 3082 τότε
1804 3028 1928 3099 ὅψε-

365 3136 463 3216 ται-
482 3117 642 3216 αὑτὸν
661 3118 945 3216 σαπφείρῳ
1044 3117 1279 3216 οὐραμνίιρ
1302 3118 1549 3216 χρώματι
1573 3121 1925 3192 παρεμφερῆ.
1947 3152 1995 3216 c

368 3212 476 3264 Kal.
499 3209 653 3272 αὖθις
678 3225 692 3241 ⁸
726 3208 837 3262 Νοῦ
884 3209 1216 3272 κατάστασίς
1263 3212 1431 3275 ἐστιν,
1463 3209 1596 3280 ὕψος
1620 3212 1807 3282 νοητὸν
1835 3211 1927 3264 οὐ·

368 3302 538 3373 ρανίῳ
593 3300 842 3372 χρώματι
901 3301 1288 3371 παρεμφερές
1324 3294 1368 3368 ᾧ
1410 3300 1506 3353 καὶ
1556 3301 1619 3353 τὸ
1654 3301 1924 3370 τῆςὰγίας

366 3393 593 3463 Τριάδος
660 3390 800 3445 κατὰ
856 3391 947 3443 τὸν
1006 3391 1196 3461 καιρὸν
1262 3392 1361 3461 τῆς
1440 3393 1745 3463 προσευχῆς
1799 3393 1921 3444 ἔπι-

266 3556 269 3557 ν
363 3485 572 3553 γίνεται
617 3483 753 3553 φῶς.
788 3483 898 3537 Καὶ
943 3484 972 3535 6
1045 3484 1199 3549 ἅγιος
1232 3483 1419 3537 Ἰσαάκ
1446 3498 1462 3515 ⁸
1520 3484 1687 3535 Ὅταν
1718 3483 1747 3534 6
1797 3482 1921 3547 νοῦς

362 3572 660 3644 ἀποδύηται
708 3573 799 3626 τὸν
824 3572 1051 3627 παλαιὸν
1105 3573 1408 3644 ἄνθρωπον,
1434 3574 1526 3627 καὶ
1554 3571 1804 3642 ὲνδύηται
1828 3573 1919 3626 τὸν

364 3667 547 3719 καινὸν
593 3666 691 3735 τῆς
747 3665 989 3736 χάριτος,
1036 3667 1160 3719 τότε
1203 3667 1299 3734 τὴν
1339 3666 1530 3719 ἑαυτοῦ
1574 3666 1919 3737 καθαρότητα

360 3759 547 3829 ὄψεται
570 3758 763 3828 ὁμοίαν
789 3761 853 3828 τῇ
877 3760 1183 3830 ἐπουρανίῳ
1206 3761 1368 3831 χροιᾷ
1388 3777 1402 3790 ·
1440 3761 1559 3831 ἥτις
1590 3761 1725 3815 Θεοῦ
1755 3760 1918 3825 τόπος

361 3850 463 3904 ὑπὸ
504 3851 601 3919 τῆς
639 3850 927 3919 γερουσίας
979 3850 1087 3903 τῶν
1132 3851 1264 3902 υἱῶν
1317 3851 1534 3921 Ἰσραὴλ
1580 3851 1915 3922 ὠνόμασται,

359 3941 519 4010 ἡνίκα
544 3938 696 4010 ῶφθη
714 3941 895 4002 αὐτοῖς
923 3942 981 3991 ὲν
997 3940 1073 4009 τῷ
1095 3940 1231 4009 ὄρει.
1253 3939 1410 3994 Οῦτω
1437 3941 1530 3994 καὶ
1560 3942 1691 4010 γοῦν
1716 3943 1912 4010 ποιῶν,

355 4032 429 4093 ὡς
482 4030 846 4099 προείρηται,
906 4030 1025 4099 ἦτοι
1080 4030 1357 4099 καθαρῶς,
1409 4032 1503 4084 καὶ
1534 4031 1914 4099 ἁφαντάστως,

355 4123 450 4177 καὶ⁸
515 4121 902 4185 ἀδιατυπώτως
950 4122 1401 4192 προσευχόμενος,
1450 4121 1572 4175 κατ’
1624 4124 1768 4193 ῐχνος
1817 4124 1913 4194 ἔσῃ

354 4214 617 4283 ἑπόμενος
648 4215 758 4275 τοῖς
793 4214 988 4281 ἁγίοις.
1022 4215 1085 4267 Ei
1139 4214 1196 4266 δὲ
1255 4214 1331 4285 μή
1391 4231 1478 4282 γε,
1513 4215 1914 4285 φαντασιαστὴς

352 4305 560 4376 γενήσῃ
593 4302 712 4355 ἀντὶ
736 4304 1039 4373 ήσυχαστοῦ
1060 4322 1074 4336 ⁸
1108 4305 1201 4357 καὶ
1235 4306 1354 4357 ἀντὶ
1390 4307 1662 4375 σταφυλῆς
1705 4306 1911 4376 τρυγή-

354 4412 453 4467 σῃς
489 4394 728 4455 ἀκάνθας
752 4411 767 4426 ⁸
798 4394 827 4447 ὃ
861 4395 934 4464 μή
990 4411 1073 4447 σοι
1104 4395 1335 4461 γένοιτο.

601 4484 799 4549 Ὅπως
835 4487 892 4537 οι
914 4483 1210 4552 προφῆται
1250 4484 1664 4553 ἐφαντάζοντο.

423 4575 517 4639 ξζ’.
544 4576 605 4627 El
634 4576 690 4628 δέ
706 4591 847 4638 τινες
862 4575 961 4637 τὰς
976 4575 1085 4628 τῶν
1115 4577 1410 4647 προφητῶν
1437 4581 1672 4646 ὁράσεις,
1698 4595 1911 4649 σχημα-

349 4667 575 4737 τισμούς
598 4684 656 4720 τε
696 4671 785 4720 καὶ
823 4666 1212 4737 ἀποκαλύψεις,
1235 4669 1323 4721 διὰ
1337 4671 1653 4739 φαντασίας,
1672 4671 1767 4725 καὶ
1783 4673 1911 4724 ἀκο-

348 4759 564 4821 λουθίας
587 4759 819 4829 φυσικῆς
865 4759 1189 4829 γεγενῆσθαι
1232 4760 1702 4830 ὑπολαμϐάνουσιν
1725 4780 1739 4794 ⁸
1766 4758 1909 4818 οὗτοι

348 4852 539 4920 πόρρω
561 4851 655 4903 τοῦ
683 4851 843 4921 ὀρθοῦ
876 4851 1079 4905 σκοποῦ
1124 4854 1218 4906 καὶ
1247 4854 1345 4922 τῆς
1370 4852 1624 4923 ἀληθείας
1674 4856 1908 4910 ἴστωσαν

347 4942 608 5012 φέρεσθαι
639 4958 652 4972 °
683 4943 734 4995 οἱ
776 4943 883 5012 γὰρ
914 4943 1212 5013 προφῆται,
1244 4945 1338 4998 καὶ
1383 4944 1478 4997 νῦν
1506 4947 1555 4997 οί
1592 4946 1712 5000 καθ’
1759 4950 1907 5017 ἡμᾶς

347 5036 687 5105 ιερομῦσται,
713 5036 773 5087 οὐ
807 5035 947 5088 κατὰ
994 5034 1230 5107 φυσικὴν
1263 5036 1586 5089 ἀκολουθίαν
1637 5038 1780 5103 τινὰ,
1814 5039 1908 5093 καὶ

342 5126 517 5190 τάξιν,
550 5126 637 5178 vati.
674 5125 779 5197 μὴν
831 5128 922 5180 καὶ
967 5129 1269 5195 φαντασίαν
1302 5125 1508 5198 ἑώρων,
1539 5129 1633 5181 καὶ
1675 5131 1908 5198 ἐφαντά-

342 5218 531 5285 ζοντο,
562 5220 703 5289 ἆπερ
746 5218 953 5289 ἑώρων,
987 5223 1081 5272 καὶ
1123 5220 1503 5289 ἐφαντάζοντο,
1538 5222 1672 5275 ἀλλὰ
1725 5221 1903 5286 θείως,

341 5310 438 5365 καὶ
471 5312 611 5380 ὑπὲρ
641 5310 801 5379 φύσιν
830 5312 921 5364 τὸν
969 5312 1094 5366 νοῦν
1145 5317 1211 5384 τῇ
1239 5314 1465 5385 ἀρρήτῳ
1522 5314 1771 5383 δυνάμει,
1810 5318 1906 5369 καὶ

340 5404 526 5473 χάριτι
561 5402 653 5456 τοῦ
699 5403 857 5471 ἁγίου
893 5404 1206 5475 Πνεῦματος
1245 5406 1597 5475 τυπούμενοι,
1631 5410 1727 5460 καὶ
1767 5425 1904 5477 φαν-

337 5493 727 5565 τασιούμενοι,
780 5492 854 5557 ῶς
904 5511 1067 5564 φησιν
1126 5498 1155 5549 6
1215 5498 1388 5567 μέγας
1444 5496 1721 5561 Βασίλειος
1754 5535 1770 5561 ,
1822 5499 1902 5551 ὃτι

351 5586 567 5657 ’Δφάτῳ
623 5589 727 5641 τινὶ
771 5587 997 5657 δυνάμει
1047 5588 1500 5657 φαντασιούμενοι
1550 5590 1639 5642 τὸν
1685 5591 1809 5643 νοῦν
1853 5592 1900 5643 οἱ

334 5679 743 5748 ἀπερίσπαστον
780 5679 939 5733 αὑτὸν
965 5681 1058 5731 καὶ
1086 5679 1323 5748 καθαρὸν
1361 5677 1595 5747 ἔχοντες,
1636 5682 1795 5734 οἱονεὶ
1818 5685 1900 5733 ὲν-

336 5766 574 5838 ηχοῦντα
626 5771 812 5833 αὐτοῖς
858 5767 1040 5838 ἔχουσι
1095 5767 1186 5819 τὸν
1242 5766 1397 5833 λόγον
1456 5765 1549 5819 τοῦ
1602 5766 1757 5821 Θεοῦ.
1794 5768 1899 5821 Καὶ

2027 1925 2237 1993 passiva
2281 1924 2517 1993 potentia
2550 1920 2835 1976 inclinavit
2872 1936 3098 1989 prorsus
3136 1919 3201 1972 ad
3243 1920 3433 1974 Deum.

2095 2015 2169 2069 De
2196 2016 2352 2068 corde
2382 2014 2635 2083 perfecto.
2662 2041 2731 2051 —-
2752 2013 2855 2067 Cor
2883 2012 3183 2079 perfectum
3215 2012 3342 2066 illud
3370 2013 3592 2079 dicitur,

2026 2106 2171 2173 quod
2221 2105 2432 2159 nullum
2480 2104 2784 2158 naturalem
2822 2118 3045 2173 quoquo
3079 2104 3263 2169 modo,
3308 2104 3374 2157 ad
3419 2107 3593 2173 quo!-

2024 2215 2238 2268 cunque
2268 2207 2471 2252 motum
2514 2198 2709 2261 habet,
2749 2197 2803 2249 in
2835 2212 2977 2265 quo,
3016 2209 3272 2265 tanquam
3323 2196 3377 2249 in
3423 2198 3590 2265 polito

2024 2292 2223 2355 libello,
2250 2306 2343 2360 per
2369 2306 2521 2345 suam
2552 2304 2819 2344 summam
2842 2288 3272 2357 simplicitatem,
3300 2287 3442 2341 Deus
3464 2303 3593 2343 suas

2024 2384 2167 2454 leges
2196 2382 2494 2453 inscripsit.

2096 2568 2170 2622 De
2209 2577 2376 2623 mente
2412 2584 2567 2637 pura.
2604 2598 2672 2608 ——
2720 2567 2953 2622 Mentem
2993 2567 3256 2621 mundare
3291 2565 3592 2620 secundum

2023 2671 2270 2716 sanctum
2320 2658 2676 2725 Diadochum,
2724 2661 2896 2715 solius
2953 2660 3127 2714 sancti
3181 2658 3417 2730 Spiritus
3469 2667 3589 2712 est:

2024 2762 2485 2809 mentemautem
2518 2754 2746 2817 sistere,
2797 2751 3101 2807 secundum
3146 2750 3463 2813 Climaccm,
3505 2765 3597 2804 so-

2023 2846 2126 2901 lius
2166 2847 2344 2900 adhuc
2368 2845 2542 2900 sancti
2595 2846 2830 2914 Spiritus
2889 2852 2993 2898 est.
3060 2842 3200 2896 Dicit
3241 2840 3422 2896 adhuc
3465 2856 3595 2895 san‘

2025 2948 2144 2993 ctus
2165 2938 2359 2993 Nilus:
2401 2955 2419 2988 ι
2447 2935 2501 2991 Si
2527 2939 2653 3006 quis
2691 2936 2818 2989 velit
2848 2935 3045 2990 mentis
3081 2934 3480 2989 ordinationem
3516 2934 3593 2986 vis

2024 3033 2171 3099 dere,
2213 3032 2453 3101 scipsum
2491 3030 2745 3084 omnibus
2773 3027 3201 3097 cogitationibus
3233 3026 3591 3094 vacuefaciat,

2023 3132 2077 3180 et
2103 3133 2233 3178 tunc
2263 3136 2384 3176 eam
2426 3128 2635 3185 cernet,
2674 3131 2930 3189 tanquam
2970 3118 3233 3187 sapphiro
3264 3126 3354 3172 aut
3384 3116 3597 3173 ωειςειί

2024 3214 2196 3269 colori
2247 3212 2502 3269 similem.
2538 3231 2555 3264 ι
2596 3212 2659 3266 Ει
2690 3226 2910 3265 rursum
2953 3227 2968 3267 :
3006 3225 3026 3261 ι
3076 3208 3273 3263 Mentis
3321 3208 3597 3263 ordinatio

2022 3313 2125 3367 εει,
2154 3301 2533 3355 intellectualis
2575 3301 2841 3354 celsitudo
2872 3299 3082 3356 ctelesti
3131 3300 3301 3353 colori
3343 3298 3536 3353 similis
3573 3313 3591 3353 ι

2022 3395 2107 3449 cui
2144 3393 2507 3456 sanctissimae
2549 3392 2856 3458 Trinitatis,
2900 3392 3163 3447 orationis
3213 3400 3475 3460 tempore,
3509 3405 3602 3445 su-

2020 3483 2268 3554 pervenit
2291 3481 2627 3535 lumena'Et
2654 3488 2880 3535 sanctus
2914 3480 3062 3534 Isaac
3089 3496 3104 3535 :
3130 3496 3149 3530 ι
3183 3478 3414 3545 Quando
3441 3494 3596 3533 mens

2018 3575 2232 3630 exuerit
2261 3582 2496 3628 veterem
2530 3573 2828 3635 hominem,
2863 3582 2914 3626 et
2942 3585 3143 3625 novum
3183 3573 3371 3641 gratiae
3404 3570 3597 3623 indue-

2018 3668 2109 3733 rit,
2136 3642 2275 3720 ιιιιιιίι
2308 3680 2464 3720 suam
2489 3664 2783 3733 puritatom
2830 3672 3017 3719 cernet
3056 3663 3264 3718 caelesti
3312 3661 3483 3717 colori
3521 3662 3597 3716 si-

2017 3760 2233 3823 milem;
2262 3759 2353 3837 qui
2402 3756 2496 3812 Dei
2531 3756 2685 3812 locus
2716 3757 3032 3811 nominatus
3066 3773 3093 3807 a
3126 3754 3588 3809 senatu‘liliurum

2015 3851 2179 3908 lsrael
2208 3891 2224 3916 ,
2261 3851 2477 3920 quando
2518 3849 2652 3919 ipsis
2684 3848 2739 3905 in
2778 3857 2957 3903 monte
2995 3848 3267 3918 apparuit.
3311 3847 3383 3900 Ita
3422 3847 3588 3915 igitur

2016 3947 2244 4010 faciens,
2296 3956 2357 4000 ut
2404 3944 2608 3999 dictum
2655 3950 2778 4007 est,
2840 3956 3035 4010 nempe
3091 3955 3225 4010 pure
3272 3948 3327 3994 et
3381 3941 3588 4006 absque

2014 4038 2301 4110 phantasia
2338 4045 2391 4091 et
2427 4037 2597 4106 ﬁgura
2632 4050 2798 4090 orans
2820 4075 2834 4100 ,
2868 4034 3111 4103 vestigiis
3144 4044 3462 4088 sanctorum
3497 4033 3580 4084 in-

2013 4133 2265 4188 hrerebis.
2300 4130 2357 4185 Si
2378 4133 2594 4193 minus,
2616 4145 2713 4199 pro
2738 4128 2983 4199 pacilico,
3006 4128 3393 4196 imaginatione
3423 4127 3582 4180 delu-

2012 4242 2103 4282 sus
2160 4224 2256 4279 lies
2279 4263 2294 4289 ,
2327 4233 2381 4277 et
2415 4239 2512 4293 pro
2540 4224 2660 4277 uvis
2689 4222 2914 4291 colliges
2948 4221 3155 4290 spinas.
3183 4219 3336 4285 Quod
3375 4220 3586 4272 utinam

2011 4324 2103 4377 tibi
2135 4337 2241 4374 non
2274 4320 2516 4373 accidat!

2252 4501 2528 4568 Quomodo
2566 4498 2830 4570 propheta:
2875 4498 3329 4569 imaginabuntur.

2077 4604 2171 4659 67.
2210 4599 2266 4655 Si
2325 4596 2545 4668 quidam
2576 4595 2957 4665 prophetarum
3010 4590 3266 4652 visiones,
3297 4588 3579 4657 ﬁguratio-

2008 4712 2105 4751 nes
2161 4702 2213 4748 et
2271 4687 2624 4745 revelationes
2670 4700 2765 4755 per
2807 4681 3150 4753 phantasiam
3184 4691 3237 4734 et
3265 4682 3572 4734 naturalem

2006 4785 2453 4857 consequentiam
2502 4781 2670 4834 factas
2695 4793 2817 4833 esse
2847 4777 3226 4843 cogitaverim,
3297 4775 3331 4827 ii
3365 4776 3518 4843 longe
3546 4792 3573 4828 a

2008 4890 2159 4935 recto
2190 4879 2293 4932 line
2321 4884 2373 4930 et
2406 4874 2632 4927 veritate
2658 4871 2835 4924 sciant
2866 4884 2924 4922 se
2953 4869 3262 4921 aberrasse.
3292 4866 3571 4936 Propheta:

2006 4973 2176 5035 enim,
2207 4979 2261 5024 et
2312 4982 2454 5022 nunc
2479 4964 2648 5019 nostri
2687 4964 2895 5033 mystici
2962 4960 3283 5028 scriptores,
3320 4977 3423 5013 non
3480 4978 3573 5029 per

2006 5063 2307 5117 naturalem
2375 5058 2747 5127 operationem
2810 5058 3129 5120 quamdam,
3192 5064 3243 5107 et
3299 5056 3573 5119 ordinem,

2003 5166 2058 5208 et
2089 5151 2448 5224 phantasiam,
2474 5149 2729 5201 videbant
2760 5157 2813 5200 et
2852 5146 3290 5214 imaginabantur
3316 5162 3563 5214 qmcrnn-

2005 5259 2109 5313 que
2133 5243 2387 5295 videbant
2410 5254 2471 5293 ac
2496 5238 2956 5307 imaginabantur,
2980 5236 3073 5289 sed
3096 5235 3279 5288 divine
3300 5245 3353 5288 et
3382 5252 3578 5304 super-

2008 5332 2239 5388 naturali
2281 5329 2650 5395 inullahilizpte
2678 5328 2897 5391 virtute,
2933 5336 2985 5379 et
3018 5328 3192 5395 grazia
3225 5329 3401 5381 sancti
3446 5327 3567 5394 Spi-

2006 5425 2473 5493 ritus,ligurantes
2505 5423 2991 5491 imaginantesque,
3020 5428 3078 5471 ut
3107 5420 3182 5473 ait
3206 5435 3434 5487 magnus
3465 5421 3567 5472 Ba-

2005 5515 2198 5571 silius:
2264 5534 2281 5564 ι
2318 5513 2570 5567 lnrﬂabili
2630 5514 2866 5581 potentia
2910 5514 3294 5578 imaginantes,
3328 5526 3561 5568 montem

2006 5622 2113 5660 non
2139 5606 2451 5659 distractam
2482 5620 2546 5658 ac
2580 5620 2770 5675 puram
2802 5606 3085 5670 habentes,
3117 5616 3375 5673 tanquam
3426 5607 3561 5675 ipsis

2007 5699 2213 5752 somnis
2249 5696 2335 5750 Dei
2374 5696 2608 5749 Verbum
2647 5697 2863 5752 habent.
2906 5714 2923 5745 ι
2960 5694 3024 5749 Ει
3050 5710 3262 5749 rursum
3303 5715 3315 5749 :
3351 5717 3367 5748 ι
3411 5696 3571 5751 \‘idc-

2007 5794 2134 5847 baut
2165 5792 2458 5862 propheta},
2490 5790 2541 5843 in
2580 5788 2781 5861 Spiritu
2841 5790 2934 5859 qui
2967 5791 3111 5860 ipsos
3136 5790 3427 5863 dirigebat.
3482 5803 3570 5863 ty-
