  <div class='ocr_page' id='page_1' title='image "/cluster/home/n/w/nwhite01/storage/ocr_20150623/147/hvd.32044073502619/387.png"; bbox 0 0 4032 6208; ppageno 0'>
   <div class='ocr_carea' id='block_1_1' title="bbox 448 327 544 389">
    <p class='ocr_par' dir='ltr' id='par_1_1' title="bbox 448 327 544 389">
     <span class='ocr_line' id='line_1_1' title="bbox 448 327 544 389; baseline 0 0"><span class='ocrx_word' id='word_1_1' title='bbox 448 327 544 389; x_wconf 75' lang='lat' dir='ltr'><strong>Tbl</strong></span> 
     </span>
    </p>
   </div>
   <div class='ocr_carea' id='block_1_2' title="bbox 1294 293 2832 380">
    <p class='ocr_par' dir='ltr' id='par_1_2' title="bbox 1294 293 2832 380">
     <span class='ocr_line' id='line_1_2' title="bbox 1294 293 2832 380; baseline -0.008 -1"><span class='ocrx_word' id='word_1_2' title='bbox 1294 316 1631 380; x_wconf 79' lang='lat' dir='ltr'><strong>CALLISTI</strong></span> <span class='ocrx_word' id='word_1_3' title='bbox 1671 317 1768 376; x_wconf 88' lang='lat' dir='ltr'><strong>ET</strong></span> <span class='ocrx_word' id='word_1_4' title='bbox 1792 313 2111 375; x_wconf 59' lang='lat' dir='ltr'><strong>’IGNATII</strong></span> <span class='ocrx_word' id='word_1_5' title='bbox 2154 293 2832 373; x_wconf 71' lang='lat' dir='ltr'><strong>xamnurumnun</strong></span> 
     </span>
    </p>
   </div>
   <div class='ocr_carea' id='block_1_3' title="bbox 3562 302 3653 361">
    <p class='ocr_par' dir='ltr' id='par_1_3' title="bbox 3562 302 3653 361">
     <span class='ocr_line' id='line_1_3' title="bbox 3562 302 3653 361; baseline 0.022 -2"><span class='ocrx_word' id='word_1_6' title='bbox 3562 302 3653 361; x_wconf 64' lang='lat'><strong>7:?</strong></span> 
     </span>
    </p>
   </div>
   <div class='ocr_carea' id='block_1_4' title="bbox 452 412 2050 503">
    <p class='ocr_par' dir='ltr' id='par_1_4' title="bbox 452 425 2023 503">
     <span class='ocr_line' id='line_1_4' title="bbox 452 425 2023 503; baseline -0.006 -17"><span class='ocrx_word' id='word_1_7' title='bbox 452 452 553 503; x_wconf 83' lang='lat' dir='ltr'><strong>pos</strong></span> <span class='ocrx_word' id='word_1_8' title='bbox 569 436 881 487; x_wconf 78' lang='lat' dir='ltr'><strong>formantes.</strong></span> <span class='ocrx_word' id='word_1_9' title='bbox 898 452 915 483; x_wconf 70' lang='grc' dir='ltr'><strong>ι</strong></span> <span class='ocrx_word' id='word_1_10' title='bbox 940 434 1001 486; x_wconf 83' lang='lat' dir='ltr'><strong>Et</strong></span> <span class='ocrx_word' id='word_1_11' title='bbox 1021 428 1673 499; x_wconf 84' lang='lat' dir='ltr'><strong>Grcgorius’l‘heologus:</strong></span> <span class='ocrx_word' id='word_1_12' title='bbox 1704 425 1824 479; x_wconf 65' lang='lat' dir='ltr'><strong>«Ille</strong></span> <span class='ocrx_word' id='word_1_13' title='bbox 1848 428 2023 495; x_wconf 82' lang='lat' dir='ltr'><strong>(nem—</strong></span> 
     </span>
    </p>
   </div>
   <div class='ocr_carea' id='block_1_5' title="bbox 2131 412 3653 503">
    <p class='ocr_par' dir='ltr' id='par_1_5' title="bbox 2131 412 3653 493">
     <span class='ocr_line' id='line_1_5' title="bbox 2131 412 3653 493; baseline -0.012 -13"><span class='ocrx_word' id='word_1_14' title='bbox 2131 423 2278 489; x_wconf 76' lang='grc' dir='ltr'>αὖθις</span> <span class='ocrx_word' id='word_1_15' title='bbox 2307 440 2322 456; x_wconf 73' lang='grc' dir='ltr'><strong>ο</strong></span> <span class='ocrx_word' id='word_1_16' title='bbox 2367 420 2585 493; x_wconf 83' lang='grc' dir='ltr'>Ἐώρων</span> <span class='ocrx_word' id='word_1_17' title='bbox 2630 422 2678 473; x_wconf 84' lang='grc' dir='ltr'><strong>οῖ</strong></span> <span class='ocrx_word' id='word_1_18' title='bbox 2720 416 2992 487; x_wconf 74' lang='grc' dir='ltr'><strong>προφῆται</strong></span> <span class='ocrx_word' id='word_1_19' title='bbox 3034 414 3353 481; x_wconf 76' lang='grc' dir='ltr'>τυπούμενοι</span> <span class='ocrx_word' id='word_1_20' title='bbox 3387 412 3459 480; x_wconf 81' lang='grc' dir='ltr'><strong>τῷ</strong></span> <span class='ocrx_word' id='word_1_21' title='bbox 3492 412 3653 463; x_wconf 66' lang='lat' dir='ltr'><strong>Ilvati-</strong></span> 
     </span>
    </p>
   </div>
   <div class='ocr_carea' id='block_1_6' title="bbox 459 514 2025 593">
    <p class='ocr_par' dir='ltr' id='par_1_6' title="bbox 459 514 2025 593">
     <span class='ocr_line' id='line_1_6' title="bbox 459 514 2025 593; baseline -0.008 -16"><span class='ocrx_word' id='word_1_22' title='bbox 459 541 523 593; x_wconf 87' lang='lat' dir='ltr'><strong>pe</strong></span> <span class='ocrx_word' id='word_1_23' title='bbox 555 533 774 577; x_wconf 86' lang='lat' dir='ltr'><strong>sanctus</strong></span> <span class='ocrx_word' id='word_1_24' title='bbox 827 522 1084 590; x_wconf 78' lang='lat' dir='ltr'><strong>Spiritus)</strong></span> <span class='ocrx_word' id='word_1_25' title='bbox 1131 521 1455 588; x_wconf 77' lang='lat' dir='ltr'><strong>operabatur</strong></span> <span class='ocrx_word' id='word_1_26' title='bbox 1504 519 1654 587; x_wconf 88' lang='lat' dir='ltr'><strong>prius</strong></span> <span class='ocrx_word' id='word_1_27' title='bbox 1680 516 1732 569; x_wconf 92' lang='lat' dir='ltr'><strong>in</strong></span> <span class='ocrx_word' id='word_1_28' title='bbox 1768 514 2025 583; x_wconf 78' lang='lat' dir='ltr'><strong>angelicis</strong></span> 
     </span>
    </p>
   </div>
   <div class='ocr_carea' id='block_1_7' title="bbox 458 605 2023 681">
    <p class='ocr_par' dir='ltr' id='par_1_7' title="bbox 458 605 2023 681">
     <span class='ocr_line' id='line_1_7' title="bbox 458 605 2023 681; baseline -0.008 -11"><span class='ocrx_word' id='word_1_29' title='bbox 458 625 511 670; x_wconf 88' lang='lat' dir='ltr'><strong>et</strong></span> <span class='ocrx_word' id='word_1_30' title='bbox 538 613 846 669; x_wconf 87' lang='lat' dir='ltr'><strong>coelestibus</strong></span> <span class='ocrx_word' id='word_1_31' title='bbox 871 613 1180 681; x_wconf 69' lang='lat' dir='ltr'><strong>potentiis.»</strong></span> <span class='ocrx_word' id='word_1_32' title='bbox 1212 611 1278 664; x_wconf 83' lang='lat' dir='ltr'><strong>Et</strong></span> <span class='ocrx_word' id='word_1_33' title='bbox 1309 611 1465 680; x_wconf 89' lang='lat' dir='ltr'><strong>paulo</strong></span> <span class='ocrx_word' id='word_1_34' title='bbox 1500 619 1659 678; x_wconf 90' lang='lat' dir='ltr'><strong>post:</strong></span> <span class='ocrx_word' id='word_1_35' title='bbox 1690 628 1707 658; x_wconf 86' lang='grc'><strong>‹</strong></span> <span class='ocrx_word' id='word_1_36' title='bbox 1746 607 1945 659; x_wconf 78' lang='lat' dir='ltr'><strong>Deinde</strong></span> <span class='ocrx_word' id='word_1_37' title='bbox 1975 605 2023 657; x_wconf 93' lang='lat' dir='ltr'><strong>in</strong></span> 
     </span>
    </p>
   </div>
   <div class='ocr_carea' id='block_1_8' title="bbox 462 695 2023 773">
    <p class='ocr_par' dir='ltr' id='par_1_8' title="bbox 462 695 2023 773">
     <span class='ocr_line' id='line_1_8' title="bbox 462 695 2023 773; baseline -0.007 -16"><span class='ocrx_word' id='word_1_38' title='bbox 462 703 713 759; x_wconf 87' lang='lat' dir='ltr'><strong>Patribus</strong></span> <span class='ocrx_word' id='word_1_39' title='bbox 760 713 815 758; x_wconf 91' lang='lat' dir='ltr'><strong>et</strong></span> <span class='ocrx_word' id='word_1_40' title='bbox 868 701 1145 773; x_wconf 82' lang='lat' dir='ltr'><strong>proplietis</strong></span> <span class='ocrx_word' id='word_1_41' title='bbox 1173 720 1187 756; x_wconf 91' lang='lat'><strong>:</strong></span> <span class='ocrx_word' id='word_1_42' title='bbox 1213 717 1442 770; x_wconf 87' lang='lat' dir='ltr'><strong>quorum</strong></span> <span class='ocrx_word' id='word_1_43' title='bbox 1473 700 1562 753; x_wconf 87' lang='lat' dir='ltr'><strong>alii</strong></span> <span class='ocrx_word' id='word_1_44' title='bbox 1604 698 1816 765; x_wconf 79' lang='lat' dir='ltr'><strong>quidem</strong></span> <span class='ocrx_word' id='word_1_45' title='bbox 1854 695 2023 750; x_wconf 91' lang='lat' dir='ltr'><strong>Deum</strong></span> 
     </span>
    </p>
   </div>
   <div class='ocr_carea' id='block_1_9' title="bbox 463 784 2021 862">
    <p class='ocr_par' dir='ltr' id='par_1_9' title="bbox 463 784 2021 862">
     <span class='ocr_line' id='line_1_9' title="bbox 463 784 2021 862; baseline -0.009 -13"><span class='ocrx_word' id='word_1_46' title='bbox 463 795 563 849; x_wconf 89' lang='lat' dir='ltr'><strong>sibi</strong></span> <span class='ocrx_word' id='word_1_47' title='bbox 613 795 1074 862; x_wconf 65' lang='lat' dir='ltr'><strong>reprazsenlabant</strong></span> <span class='ocrx_word' id='word_1_48' title='bbox 1122 807 1183 845; x_wconf 89' lang='lat' dir='ltr'><strong>ac</strong></span> <span class='ocrx_word' id='word_1_49' title='bbox 1219 800 1514 843; x_wconf 87' lang='lat' dir='ltr'><strong>noverant:</strong></span> <span class='ocrx_word' id='word_1_50' title='bbox 1545 788 1631 842; x_wconf 85' lang='lat' dir='ltr'><strong>alii</strong></span> <span class='ocrx_word' id='word_1_51' title='bbox 1665 800 1793 840; x_wconf 87' lang='lat' dir='ltr'><strong>vero</strong></span> <span class='ocrx_word' id='word_1_52' title='bbox 1840 784 2021 839; x_wconf 79' lang='lat' dir='ltr'><strong>futura</strong></span> 
     </span>
    </p>
   </div>
   <div class='ocr_carea' id='block_1_10' title="bbox 462 875 2025 955">
    <p class='ocr_par' dir='ltr' id='par_1_10' title="bbox 462 875 2025 955">
     <span class='ocr_line' id='line_1_10' title="bbox 462 875 2025 955; baseline -0.008 -18"><span class='ocrx_word' id='word_1_53' title='bbox 462 884 822 955; x_wconf 68' lang='lat' dir='ltr'><strong>praedicebant</strong></span> <span class='ocrx_word' id='word_1_54' title='bbox 848 902 860 937; x_wconf 90' lang='lat'><strong>:</strong></span> <span class='ocrx_word' id='word_1_55' title='bbox 886 898 948 936; x_wconf 82' lang='lat' dir='ltr'><strong>ca</strong></span> <span class='ocrx_word' id='word_1_56' title='bbox 1001 880 1348 936; x_wconf 80' lang='lat' dir='ltr'><strong>eﬂ‘ormantes</strong></span> <span class='ocrx_word' id='word_1_57' title='bbox 1388 880 1440 932; x_wconf 93' lang='lat' dir='ltr'><strong>in</strong></span> <span class='ocrx_word' id='word_1_58' title='bbox 1474 875 1705 944; x_wconf 75' lang='lat' dir='ltr'><strong>Spiritu,</strong></span> <span class='ocrx_word' id='word_1_59' title='bbox 1735 876 1825 944; x_wconf 89' lang='lat' dir='ltr'><strong>qui</strong></span> <span class='ocrx_word' id='word_1_60' title='bbox 1879 876 2025 942; x_wconf 86' lang='lat' dir='ltr'><strong>ipsos</strong></span> 
     </span>
    </p>
   </div>
   <div class='ocr_carea' id='block_1_11' title="bbox 459 963 2025 1044">
    <p class='ocr_par' dir='ltr' id='par_1_11' title="bbox 459 963 2025 1044">
     <span class='ocr_line' id='line_1_11' title="bbox 459 963 2025 1044; baseline -0.01 -15"><span class='ocrx_word' id='word_1_61' title='bbox 459 974 779 1044; x_wconf 74' lang='lat' dir='ltr'><strong>regebat,ac</strong></span> <span class='ocrx_word' id='word_1_62' title='bbox 805 974 1002 1026; x_wconf 83' lang='lat' dir='ltr'><strong>futuris</strong></span> <span class='ocrx_word' id='word_1_63' title='bbox 1031 977 1442 1032; x_wconf 83' lang='lat' dir='ltr'><strong>conversantes,</strong></span> <span class='ocrx_word' id='word_1_64' title='bbox 1472 978 1725 1034; x_wconf 85' lang='lat' dir='ltr'><strong>tanquam</strong></span> <span class='ocrx_word' id='word_1_65' title='bbox 1751 966 1795 1020; x_wconf 88' lang='lat' dir='ltr'><strong>si</strong></span> <span class='ocrx_word' id='word_1_66' title='bbox 1818 963 2025 1018; x_wconf 79' lang='lat' dir='ltr'><strong>adluis-</strong></span> 
     </span>
    </p>
   </div>
   <div class='ocr_carea' id='block_1_12' title="bbox 460 1076 602 1124">
    <p class='ocr_par' dir='ltr' id='par_1_12' title="bbox 460 1076 602 1124">
     <span class='ocr_line' id='line_1_12' title="bbox 460 1076 602 1124; baseline -0.035 0"><span class='ocrx_word' id='word_1_67' title='bbox 460 1076 602 1124; x_wconf 86' lang='lat' dir='ltr'><strong>sent.</strong></span> 
     </span>
    </p>
   </div>
   <div class='ocr_carea' id='block_1_13' title="bbox 463 1273 2027 1397">
    <p class='ocr_par' dir='ltr' id='par_1_13' title="bbox 463 1273 2027 1397">
     <span class='ocr_line' id='line_1_13' title="bbox 463 1273 2027 1397; baseline -0.004 -65"><span class='ocrx_word' id='word_1_68' title='bbox 463 1279 648 1332; x_wconf 75' lang='lat' dir='ltr'><strong>Adhuc</strong></span> <span class='ocrx_word' id='word_1_69' title='bbox 688 1280 751 1331; x_wconf 82' lang='lat' dir='ltr'><strong>de</strong></span> <span class='ocrx_word' id='word_1_70' title='bbox 776 1276 1096 1346; x_wconf 78' lang='lat' dir='ltr'><strong>phantasiis,</strong></span> <span class='ocrx_word' id='word_1_71' title='bbox 1125 1279 1190 1357; x_wconf 63' lang='lat' dir='ltr'><strong>de</strong></span> <span class='ocrx_word' id='word_1_72' title='bbox 1216 1276 1400 1397; x_wconf 52' lang='lat' dir='ltr'><strong>Tulli:</strong></span> <span class='ocrx_word' id='word_1_73' title='bbox 1424 1274 1685 1344; x_wconf 80' lang='lat' dir='ltr'><strong>uariisque</strong></span> <span class='ocrx_word' id='word_1_74' title='bbox 1710 1273 2027 1342; x_wconf 72' lang='lat' dir='ltr'><strong>contempla-</strong></span> 
     </span>
     <span class='ocr_line' id='line_1_14' title="bbox 1097 1356 1346 1397; baseline 0 0"><span class='ocrx_word' id='word_1_75' title='bbox 1097 1356 1224 1397; x_wconf 76' lang='lat' dir='ltr'><strong>tzom</strong></span> <span class='ocrx_word' id='word_1_76' title='bbox 1262 1362 1346 1397; x_wconf 82' lang='lat' dir='ltr'><strong>us.</strong></span> 
     </span>
    </p>
   </div>
   <div class='ocr_carea' id='block_1_14' title="bbox 1097 1356 1346 1398">
    <p class='ocr_par' dir='ltr' id='par_1_14' title="bbox 1097 1356 1346 1398">
     <span class='ocr_line' id='line_1_15' title="bbox 1097 1356 1346 1398; baseline 0.004 -1"><span class='ocrx_word' id='word_1_77' title='bbox 1097 1356 1346 1398; x_wconf 73' lang='lat' dir='ltr'><strong>tionibus.</strong></span> 
     </span>
    </p>
   </div>
   <div class='ocr_carea' id='block_1_15' title="bbox 535 1424 2026 1505">
    <p class='ocr_par' dir='ltr' id='par_1_15' title="bbox 535 1424 2026 1505">
     <span class='ocr_line' id='line_1_16' title="bbox 535 1424 2026 1505; baseline -0.003 -12"><span class='ocrx_word' id='word_1_78' title='bbox 535 1439 624 1495; x_wconf 76' lang='lat'><strong>68.</strong></span> <span class='ocrx_word' id='word_1_79' title='bbox 680 1438 735 1493; x_wconf 88' lang='lat' dir='ltr'><strong>Si</strong></span> <span class='ocrx_word' id='word_1_80' title='bbox 787 1436 879 1505; x_wconf 87' lang='lat' dir='ltr'><strong>qui</strong></span> <span class='ocrx_word' id='word_1_81' title='bbox 950 1445 1129 1490; x_wconf 86' lang='lat' dir='ltr'><strong>autem</strong></span> <span class='ocrx_word' id='word_1_82' title='bbox 1185 1434 1435 1489; x_wconf 80' lang='lat' dir='ltr'><strong>dubitent</strong></span> <span class='ocrx_word' id='word_1_83' title='bbox 1496 1424 1711 1497; x_wconf 81' lang='lat' dir='ltr'><strong>adhuc,</strong></span> <span class='ocrx_word' id='word_1_84' title='bbox 1769 1444 2026 1503; x_wconf 87' lang='lat' dir='ltr'><strong>tanquam</strong></span> 
     </span>
    </p>
   </div>
   <div class='ocr_carea' id='block_1_16' title="bbox 467 1524 2027 1600">
    <p class='ocr_par' dir='ltr' id='par_1_16' title="bbox 467 1524 2027 1600">
     <span class='ocr_line' id='line_1_17' title="bbox 467 1524 2027 1600; baseline -0.006 -18"><span class='ocrx_word' id='word_1_85' title='bbox 467 1528 791 1600; x_wconf 78' lang='lat' dir='ltr'><strong>phantasias</strong></span> <span class='ocrx_word' id='word_1_86' title='bbox 826 1526 1199 1593; x_wconf 75' lang='lat' dir='ltr'><strong>suscipientes</strong></span> <span class='ocrx_word' id='word_1_87' title='bbox 1229 1539 1294 1578; x_wconf 90' lang='lat' dir='ltr'><strong>ac</strong></span> <span class='ocrx_word' id='word_1_88' title='bbox 1346 1524 1545 1577; x_wconf 87' lang='lat' dir='ltr'><strong>multas</strong></span> <span class='ocrx_word' id='word_1_89' title='bbox 1577 1524 1863 1590; x_wconf 85' lang='lat' dir='ltr'><strong>variasque</strong></span> <span class='ocrx_word' id='word_1_90' title='bbox 1892 1536 2027 1574; x_wconf 86' lang='lat' dir='ltr'><strong>con-</strong></span> 
     </span>
    </p>
   </div>
   <div class='ocr_carea' id='block_1_17' title="bbox 467 1612 2029 1687">
    <p class='ocr_par' dir='ltr' id='par_1_17' title="bbox 467 1612 2029 1687">
     <span class='ocr_line' id='line_1_18' title="bbox 467 1612 2029 1687; baseline -0.003 -18"><span class='ocrx_word' id='word_1_91' title='bbox 467 1615 877 1685; x_wconf 86' lang='lat' dir='ltr'><strong>templationes,</strong></span> <span class='ocrx_word' id='word_1_92' title='bbox 922 1613 1197 1681; x_wconf 78' lang='lat' dir='ltr'><strong>nobisque</strong></span> <span class='ocrx_word' id='word_1_93' title='bbox 1227 1612 1506 1687; x_wconf 85' lang='lat' dir='ltr'><strong>resistant.</strong></span> <span class='ocrx_word' id='word_1_94' title='bbox 1535 1612 1777 1678; x_wconf 80' lang='lat' dir='ltr'><strong>vestigiis</strong></span> <span class='ocrx_word' id='word_1_95' title='bbox 1802 1620 2029 1665; x_wconf 73' lang='lat' dir='ltr'><strong>sancto-</strong></span> 
     </span>
    </p>
   </div>
   <div class='ocr_carea' id='block_1_18' title="bbox 468 1702 2028 1773">
    <p class='ocr_par' dir='ltr' id='par_1_18' title="bbox 468 1702 2028 1773">
     <span class='ocr_line' id='line_1_19' title="bbox 468 1702 2028 1773; baseline -0.004 -11"><span class='ocrx_word' id='word_1_96' title='bbox 468 1726 585 1763; x_wconf 89' lang='lat' dir='ltr'><strong>rum</strong></span> <span class='ocrx_word' id='word_1_97' title='bbox 614 1708 883 1762; x_wconf 70' lang='lat' dir='ltr'><strong>inhaerere</strong></span> <span class='ocrx_word' id='word_1_98' title='bbox 900 1721 957 1761; x_wconf 89' lang='lat' dir='ltr'><strong>se</strong></span> <span class='ocrx_word' id='word_1_99' title='bbox 998 1712 1271 1773; x_wconf 78' lang='lat' dir='ltr'><strong>putantes,</strong></span> <span class='ocrx_word' id='word_1_100' title='bbox 1312 1704 1747 1772; x_wconf 61' lang='lat' dir='ltr'><strong>contendantque</strong></span> <span class='ocrx_word' id='word_1_101' title='bbox 1794 1702 2028 1758; x_wconf 86' lang='lat' dir='ltr'><strong>Theolo-</strong></span> 
     </span>
    </p>
   </div>
   <div class='ocr_carea' id='block_1_19' title="bbox 466 1784 2027 1869">
    <p class='ocr_par' dir='ltr' id='par_1_19' title="bbox 466 1784 2027 1869">
     <span class='ocr_line' id='line_1_20' title="bbox 466 1784 2027 1869; baseline -0.004 -14"><span class='ocrx_word' id='word_1_102' title='bbox 466 1819 591 1868; x_wconf 77' lang='lat' dir='ltr'><strong>gum</strong></span> <span class='ocrx_word' id='word_1_103' title='bbox 640 1800 855 1869; x_wconf 81' lang='lat' dir='ltr'><strong>quidem</strong></span> <span class='ocrx_word' id='word_1_104' title='bbox 886 1784 1066 1853; x_wconf 81' lang='lat' dir='ltr'><strong>dicere</strong></span> <span class='ocrx_word' id='word_1_105' title='bbox 1121 1798 1236 1853; x_wconf 89' lang='lat' dir='ltr'><strong>sola</strong></span> <span class='ocrx_word' id='word_1_106' title='bbox 1267 1808 1444 1851; x_wconf 82' lang='lat' dir='ltr'><strong>tuente</strong></span> <span class='ocrx_word' id='word_1_107' title='bbox 1474 1796 1639 1851; x_wconf 88' lang='lat' dir='ltr'><strong>Deum</strong></span> <span class='ocrx_word' id='word_1_108' title='bbox 1686 1798 2027 1865; x_wconf 82' lang='lat' dir='ltr'><strong>adumbrari,</strong></span> 
     </span>
    </p>
   </div>
   <div class='ocr_carea' id='block_1_20' title="bbox 466 1890 2028 1961">
    <p class='ocr_par' dir='ltr' id='par_1_20' title="bbox 466 1890 2028 1961">
     <span class='ocr_line' id='line_1_21' title="bbox 466 1890 2028 1961; baseline -0.005 -12"><span class='ocrx_word' id='word_1_109' title='bbox 466 1911 572 1949; x_wconf 91' lang='lat' dir='ltr'><strong>non</strong></span> <span class='ocrx_word' id='word_1_110' title='bbox 630 1909 695 1949; x_wconf 77' lang='lat' dir='ltr'><strong>ex</strong></span> <span class='ocrx_word' id='word_1_111' title='bbox 763 1894 831 1947; x_wconf 79' lang='lat' dir='ltr'><strong>iis</strong></span> <span class='ocrx_word' id='word_1_112' title='bbox 886 1908 1007 1961; x_wconf 70' lang='lat' dir='ltr'><strong>quin</strong></span> <span class='ocrx_word' id='word_1_113' title='bbox 1066 1892 1207 1961; x_wconf 90' lang='lat' dir='ltr'><strong>apud</strong></span> <span class='ocrx_word' id='word_1_114' title='bbox 1288 1892 1462 1958; x_wconf 84' lang='lat' dir='ltr'><strong>ipsum</strong></span> <span class='ocrx_word' id='word_1_115' title='bbox 1551 1899 1698 1953; x_wconf 91' lang='lat' dir='ltr'><strong>sunt,</strong></span> <span class='ocrx_word' id='word_1_116' title='bbox 1790 1890 1881 1943; x_wconf 83' lang='lat' dir='ltr'><strong>sed</strong></span> <span class='ocrx_word' id='word_1_117' title='bbox 1962 1904 2028 1942; x_wconf 76' lang='lat' dir='ltr'><strong>ex</strong></span> 
     </span>
    </p>
   </div>
   <div class='ocr_carea' id='block_1_21' title="bbox 464 1981 2028 2056">
    <p class='ocr_par' dir='ltr' id='par_1_21' title="bbox 464 1981 2028 2056">
     <span class='ocr_line' id='line_1_22' title="bbox 464 1981 2028 2056; baseline -0.005 -14"><span class='ocrx_word' id='word_1_118' title='bbox 464 1989 535 2042; x_wconf 87' lang='lat' dir='ltr'><strong>iis</strong></span> <span class='ocrx_word' id='word_1_119' title='bbox 614 2001 735 2056; x_wconf 75' lang='lat' dir='ltr'><strong>qua:</strong></span> <span class='ocrx_word' id='word_1_120' title='bbox 806 1984 950 2039; x_wconf 87' lang='lat' dir='ltr'><strong>circa</strong></span> <span class='ocrx_word' id='word_1_121' title='bbox 1020 1983 1221 2051; x_wconf 85' lang='lat' dir='ltr'><strong>ipsum,</strong></span> <span class='ocrx_word' id='word_1_122' title='bbox 1315 1982 1418 2034; x_wconf 90' lang='lat' dir='ltr'><strong>alia</strong></span> <span class='ocrx_word' id='word_1_123' title='bbox 1484 1996 1547 2035; x_wconf 83' lang='lat' dir='ltr'><strong>ex</strong></span> <span class='ocrx_word' id='word_1_124' title='bbox 1630 1982 1738 2035; x_wconf 90' lang='lat' dir='ltr'><strong>alio</strong></span> <span class='ocrx_word' id='word_1_125' title='bbox 1804 1981 2028 2033; x_wconf 80' lang='lat' dir='ltr'><strong>collecta</strong></span> 
     </span>
    </p>
   </div>
   <div class='ocr_carea' id='block_1_22' title="bbox 466 2072 2025 2149">
    <p class='ocr_par' dir='ltr' id='par_1_22' title="bbox 466 2072 2025 2149">
     <span class='ocr_line' id='line_1_23' title="bbox 466 2072 2025 2149; baseline -0.004 -15"><span class='ocrx_word' id='word_1_126' title='bbox 466 2080 754 2149; x_wconf 79' lang='lat' dir='ltr'><strong>phantasia</strong></span> <span class='ocrx_word' id='word_1_127' title='bbox 778 2078 831 2133; x_wconf 94' lang='lat' dir='ltr'><strong>in</strong></span> <span class='ocrx_word' id='word_1_128' title='bbox 862 2092 1028 2131; x_wconf 92' lang='lat' dir='ltr'><strong>unum</strong></span> <span class='ocrx_word' id='word_1_129' title='bbox 1062 2077 1307 2130; x_wconf 85' lang='lat' dir='ltr'><strong>veritatis</strong></span> <span class='ocrx_word' id='word_1_130' title='bbox 1328 2072 1705 2139; x_wconf 82' lang='lat' dir='ltr'><strong>simulacrum,</strong></span> <span class='ocrx_word' id='word_1_131' title='bbox 1732 2082 1785 2128; x_wconf 90' lang='lat' dir='ltr'><strong>et</strong></span> <span class='ocrx_word' id='word_1_132' title='bbox 1801 2083 2025 2128; x_wconf 83' lang='lat' dir='ltr'><strong>caetera:</strong></span> 
     </span>
    </p>
   </div>
   <div class='ocr_carea' id='block_1_23' title="bbox 466 2170 2031 2234">
    <p class='ocr_par' dir='ltr' id='par_1_23' title="bbox 466 2170 2031 2234">
     <span class='ocr_line' id='line_1_24' title="bbox 466 2170 2031 2234; baseline -0.008 -6"><span class='ocrx_word' id='word_1_133' title='bbox 466 2175 649 2228; x_wconf 80' lang='lat' dir='ltr'><strong>divum</strong></span> <span class='ocrx_word' id='word_1_134' title='bbox 678 2185 809 2225; x_wconf 65' lang='lat' dir='ltr'><strong>vero</strong></span> <span class='ocrx_word' id='word_1_135' title='bbox 836 2170 1150 2233; x_wconf 79' lang='lat' dir='ltr'><strong>Maximum,</strong></span> <span class='ocrx_word' id='word_1_136' title='bbox 1172 2182 1278 2222; x_wconf 90' lang='lat' dir='ltr'><strong>non</strong></span> <span class='ocrx_word' id='word_1_137' title='bbox 1312 2179 1473 2234; x_wconf 85' lang='lat' dir='ltr'><strong>posse</strong></span> <span class='ocrx_word' id='word_1_138' title='bbox 1498 2173 1755 2230; x_wconf 90' lang='lat' dir='ltr'><strong>mentem,</strong></span> <span class='ocrx_word' id='word_1_139' title='bbox 1783 2180 1900 2217; x_wconf 73' lang='lat' dir='ltr'><strong>etne</strong></span> <span class='ocrx_word' id='word_1_140' title='bbox 1934 2179 2031 2217; x_wconf 83' lang='lat' dir='ltr'><strong>cu-</strong></span> 
     </span>
    </p>
   </div>
   <div class='ocr_carea' id='block_1_24' title="bbox 469 2254 2029 2333">
    <p class='ocr_par' dir='ltr' id='par_1_24' title="bbox 469 2254 2029 2333">
     <span class='ocr_line' id='line_1_25' title="bbox 469 2254 2029 2333; baseline -0.007 -16"><span class='ocrx_word' id='word_1_141' title='bbox 469 2261 922 2333; x_wconf 80' lang='lat' dir='ltr'><strong>piditatelleriex</strong></span> <span class='ocrx_word' id='word_1_142' title='bbox 954 2256 1086 2313; x_wconf 88' lang='lat' dir='ltr'><strong>solis</strong></span> <span class='ocrx_word' id='word_1_143' title='bbox 1108 2258 1339 2320; x_wconf 82' lang='lat' dir='ltr'><strong>actibus,</strong></span> <span class='ocrx_word' id='word_1_144' title='bbox 1379 2255 1483 2310; x_wconf 90' lang='lat' dir='ltr'><strong>nisi</strong></span> <span class='ocrx_word' id='word_1_145' title='bbox 1539 2254 1773 2324; x_wconf 83' lang='lat' dir='ltr'><strong>aeeipiat</strong></span> <span class='ocrx_word' id='word_1_146' title='bbox 1832 2255 2029 2307; x_wconf 88' lang='lat' dir='ltr'><strong>multas</strong></span> 
     </span>
    </p>
   </div>
   <div class='ocr_carea' id='block_1_25' title="bbox 472 2347 2032 2419">
    <p class='ocr_par' dir='ltr' id='par_1_25' title="bbox 472 2347 2032 2419">
     <span class='ocr_line' id='line_1_26' title="bbox 472 2347 2032 2419; baseline -0.006 -9"><span class='ocrx_word' id='word_1_147' title='bbox 472 2372 538 2411; x_wconf 90' lang='lat' dir='ltr'><strong>ac</strong></span> <span class='ocrx_word' id='word_1_148' title='bbox 565 2354 743 2408; x_wconf 88' lang='lat' dir='ltr'><strong>varias</strong></span> <span class='ocrx_word' id='word_1_149' title='bbox 775 2349 1079 2419; x_wconf 73' lang='lat' dir='ltr'><strong>imagines:</strong></span> <span class='ocrx_word' id='word_1_150' title='bbox 1116 2362 1182 2402; x_wconf 82' lang='lat' dir='ltr'><strong>ac</strong></span> <span class='ocrx_word' id='word_1_151' title='bbox 1235 2347 1486 2402; x_wconf 87' lang='lat' dir='ltr'><strong>similiter</strong></span> <span class='ocrx_word' id='word_1_152' title='bbox 1512 2347 1651 2402; x_wconf 86' lang='lat' dir='ltr'><strong>alios</strong></span> <span class='ocrx_word' id='word_1_153' title='bbox 1700 2358 1917 2400; x_wconf 86' lang='lat' dir='ltr'><strong>sanctos</strong></span> <span class='ocrx_word' id='word_1_154' title='bbox 1967 2349 2032 2401; x_wconf 90' lang='lat' dir='ltr'><strong>iis</strong></span> 
     </span>
    </p>
   </div>
   <div class='ocr_carea' id='block_1_26' title="bbox 476 2440 2035 2518">
    <p class='ocr_par' dir='ltr' id='par_1_26' title="bbox 476 2440 2035 2518">
     <span class='ocr_line' id='line_1_27' title="bbox 476 2440 2035 2518; baseline -0.006 -17"><span class='ocrx_word' id='word_1_155' title='bbox 476 2448 627 2518; x_wconf 88' lang='lat' dir='ltr'><strong>paria</strong></span> <span class='ocrx_word' id='word_1_156' title='bbox 670 2447 970 2501; x_wconf 86' lang='lat' dir='ltr'><strong>disserere:</strong></span> <span class='ocrx_word' id='word_1_157' title='bbox 1008 2440 1259 2494; x_wconf 89' lang='lat' dir='ltr'><strong>noverint</strong></span> <span class='ocrx_word' id='word_1_158' title='bbox 1320 2440 1419 2503; x_wconf 85' lang='lat' dir='ltr'><strong>illi.</strong></span> <span class='ocrx_word' id='word_1_159' title='bbox 1468 2440 1615 2507; x_wconf 91' lang='lat' dir='ltr'><strong>quod</strong></span> <span class='ocrx_word' id='word_1_160' title='bbox 1682 2455 1870 2494; x_wconf 91' lang='lat' dir='ltr'><strong>eorum</strong></span> <span class='ocrx_word' id='word_1_161' title='bbox 1913 2443 2035 2493; x_wconf 86' lang='lat' dir='ltr'><strong>bea-</strong></span> 
     </span>
    </p>
   </div>
   <div class='ocr_carea' id='block_1_27' title="bbox 473 2531 2030 2601">
    <p class='ocr_par' dir='ltr' id='par_1_27' title="bbox 473 2531 2030 2601">
     <span class='ocr_line' id='line_1_28' title="bbox 473 2531 2030 2601; baseline -0.004 -7"><span class='ocrx_word' id='word_1_162' title='bbox 473 2551 651 2595; x_wconf 86' lang='lat' dir='ltr'><strong>torum</strong></span> <span class='ocrx_word' id='word_1_163' title='bbox 682 2549 963 2592; x_wconf 88' lang='lat' dir='ltr'><strong>sermones</strong></span> <span class='ocrx_word' id='word_1_164' title='bbox 995 2550 1101 2588; x_wconf 91' lang='lat' dir='ltr'><strong>non</strong></span> <span class='ocrx_word' id='word_1_165' title='bbox 1128 2534 1196 2587; x_wconf 89' lang='lat' dir='ltr'><strong>de</strong></span> <span class='ocrx_word' id='word_1_166' title='bbox 1227 2531 1561 2601; x_wconf 85' lang='lat' dir='ltr'><strong>operatione,</strong></span> <span class='ocrx_word' id='word_1_167' title='bbox 1592 2546 1714 2601; x_wconf 71' lang='lat' dir='ltr'><strong>qua:</strong></span> <span class='ocrx_word' id='word_1_168' title='bbox 1735 2531 2030 2587; x_wconf 86' lang='lat' dir='ltr'><strong>secundum</strong></span> 
     </span>
    </p>
   </div>
   <div class='ocr_carea' id='block_1_28' title="bbox 471 2623 2032 2699">
    <p class='ocr_par' dir='ltr' id='par_1_28' title="bbox 471 2623 2032 2699">
     <span class='ocr_line' id='line_1_29' title="bbox 471 2623 2032 2699; baseline -0.008 -11"><span class='ocrx_word' id='word_1_169' title='bbox 471 2630 838 2699; x_wconf 88' lang='lat' dir='ltr'><strong>acceptionem</strong></span> <span class='ocrx_word' id='word_1_170' title='bbox 885 2638 939 2684; x_wconf 91' lang='lat' dir='ltr'><strong>et</strong></span> <span class='ocrx_word' id='word_1_171' title='bbox 999 2626 1243 2683; x_wconf 65' lang='lat' dir='ltr'><strong>scientiae</strong></span> <span class='ocrx_word' id='word_1_172' title='bbox 1290 2625 1625 2692; x_wconf 85' lang='lat' dir='ltr'><strong>visionisque</strong></span> <span class='ocrx_word' id='word_1_173' title='bbox 1664 2623 1888 2694; x_wconf 85' lang='lat' dir='ltr'><strong>gratiam</strong></span> <span class='ocrx_word' id='word_1_174' title='bbox 1929 2635 2032 2688; x_wconf 89' lang='lat' dir='ltr'><strong>est,</strong></span> 
     </span>
    </p>
   </div>
   <div class='ocr_carea' id='block_1_29' title="bbox 473 2714 2033 2794">
    <p class='ocr_par' dir='ltr' id='par_1_29' title="bbox 473 2714 2033 2794">
     <span class='ocr_line' id='line_1_30' title="bbox 473 2714 2033 2794; baseline -0.007 -16"><span class='ocrx_word' id='word_1_175' title='bbox 473 2736 703 2794; x_wconf 65' lang='lat' dir='ltr'><strong>qumque</strong></span> <span class='ocrx_word' id='word_1_176' title='bbox 734 2719 1067 2790; x_wconf 78' lang='lat' dir='ltr'><strong>experientia</strong></span> <span class='ocrx_word' id='word_1_177' title='bbox 1106 2718 1221 2789; x_wconf 89' lang='lat' dir='ltr'><strong>ipsa</strong></span> <span class='ocrx_word' id='word_1_178' title='bbox 1257 2717 1529 2771; x_wconf 86' lang='lat' dir='ltr'><strong>hominem</strong></span> <span class='ocrx_word' id='word_1_179' title='bbox 1569 2714 1680 2771; x_wconf 90' lang='lat' dir='ltr'><strong>Deo</strong></span> <span class='ocrx_word' id='word_1_180' title='bbox 1728 2716 2033 2787; x_wconf 84' lang='lat' dir='ltr'><strong>conjungit,</strong></span> 
     </span>
    </p>
   </div>
   <div class='ocr_carea' id='block_1_30' title="bbox 472 2815 2036 2881">
    <p class='ocr_par' dir='ltr' id='par_1_30' title="bbox 472 2815 2036 2881">
     <span class='ocr_line' id='line_1_31' title="bbox 472 2815 2036 2881; baseline -0.008 -9"><span class='ocrx_word' id='word_1_181' title='bbox 472 2817 566 2872; x_wconf 86' lang='lat' dir='ltr'><strong>sed</strong></span> <span class='ocrx_word' id='word_1_182' title='bbox 612 2815 679 2869; x_wconf 87' lang='lat' dir='ltr'><strong>de</strong></span> <span class='ocrx_word' id='word_1_183' title='bbox 738 2828 823 2875; x_wconf 88' lang='lat' dir='ltr'><strong>ea,</strong></span> <span class='ocrx_word' id='word_1_184' title='bbox 854 2826 975 2881; x_wconf 73' lang='lat' dir='ltr'><strong>qua:</strong></span> <span class='ocrx_word' id='word_1_185' title='bbox 1011 2818 1102 2864; x_wconf 81' lang='lat' dir='ltr'><strong>est</strong></span> <span class='ocrx_word' id='word_1_186' title='bbox 1134 2823 1226 2878; x_wconf 85' lang='lat' dir='ltr'><strong>per</strong></span> <span class='ocrx_word' id='word_1_187' title='bbox 1269 2815 1546 2873; x_wconf 90' lang='lat' dir='ltr'><strong>conatum,</strong></span> <span class='ocrx_word' id='word_1_188' title='bbox 1583 2821 1775 2875; x_wconf 89' lang='lat' dir='ltr'><strong>nempe</strong></span> <span class='ocrx_word' id='word_1_189' title='bbox 1811 2822 1930 2875; x_wconf 70' lang='lat' dir='ltr'><strong>quze</strong></span> <span class='ocrx_word' id='word_1_190' title='bbox 1969 2822 2036 2861; x_wconf 82' lang='lat' dir='ltr'><strong>ex</strong></span> 
     </span>
    </p>
   </div>
   <div class='ocr_carea' id='block_1_31' title="bbox 473 2895 2039 2977">
    <p class='ocr_par' dir='ltr' id='par_1_31' title="bbox 473 2895 2039 2977">
     <span class='ocr_line' id='line_1_32' title="bbox 473 2895 2039 2977; baseline -0.009 -14"><span class='ocrx_word' id='word_1_191' title='bbox 473 2905 734 2977; x_wconf 88' lang='lat' dir='ltr'><strong>sapientia</strong></span> <span class='ocrx_word' id='word_1_192' title='bbox 772 2901 1014 2972; x_wconf 85' lang='lat' dir='ltr'><strong>procedit</strong></span> <span class='ocrx_word' id='word_1_193' title='bbox 1065 2909 1119 2954; x_wconf 92' lang='lat' dir='ltr'><strong>et</strong></span> <span class='ocrx_word' id='word_1_194' title='bbox 1179 2914 1245 2954; x_wconf 80' lang='lat' dir='ltr'><strong>ex</strong></span> <span class='ocrx_word' id='word_1_195' title='bbox 1278 2913 1340 2953; x_wconf 85' lang='lat' dir='ltr'><strong>ea</strong></span> <span class='ocrx_word' id='word_1_196' title='bbox 1401 2895 1857 2965; x_wconf 69' lang='lat' dir='ltr'><strong>contemplatione</strong></span> <span class='ocrx_word' id='word_1_197' title='bbox 1919 2909 2039 2964; x_wconf 74' lang='lat' dir='ltr'><strong>qua:</strong></span> 
     </span>
    </p>
   </div>
   <div class='ocr_carea' id='block_1_32' title="bbox 474 2985 2039 3063">
    <p class='ocr_par' dir='ltr' id='par_1_32' title="bbox 474 2985 2039 3063">
     <span class='ocr_line' id='line_1_33' title="bbox 474 2985 2039 3063; baseline -0.01 -8"><span class='ocrx_word' id='word_1_198' title='bbox 474 3014 653 3055; x_wconf 89' lang='lat' dir='ltr'><strong>rerum</strong></span> <span class='ocrx_word' id='word_1_199' title='bbox 682 2995 958 3063; x_wconf 84' lang='lat' dir='ltr'><strong>analogias</strong></span> <span class='ocrx_word' id='word_1_200' title='bbox 986 3002 1041 3047; x_wconf 91' lang='lat' dir='ltr'><strong>et</strong></span> <span class='ocrx_word' id='word_1_201' title='bbox 1068 2989 1384 3047; x_wconf 79' lang='lat' dir='ltr'><strong>harmonias</strong></span> <span class='ocrx_word' id='word_1_202' title='bbox 1441 2988 1665 3055; x_wconf 75' lang='lat' dir='ltr'><strong>colligit,</strong></span> <span class='ocrx_word' id='word_1_203' title='bbox 1701 2996 1755 3041; x_wconf 90' lang='lat' dir='ltr'><strong>et</strong></span> <span class='ocrx_word' id='word_1_204' title='bbox 1806 2985 2039 3040; x_wconf 89' lang='lat' dir='ltr'><strong>obscure</strong></span> 
     </span>
    </p>
   </div>
   <div class='ocr_carea' id='block_1_33' title="bbox 472 3079 2036 3155">
    <p class='ocr_par' dir='ltr' id='par_1_33' title="bbox 472 3079 2036 3155">
     <span class='ocr_line' id='line_1_34' title="bbox 472 3079 2036 3155; baseline -0.011 -7"><span class='ocrx_word' id='word_1_205' title='bbox 472 3094 539 3147; x_wconf 89' lang='lat' dir='ltr'><strong>ad</strong></span> <span class='ocrx_word' id='word_1_206' title='bbox 600 3090 690 3143; x_wconf 90' lang='lat' dir='ltr'><strong>Dei</strong></span> <span class='ocrx_word' id='word_1_207' title='bbox 724 3088 1105 3155; x_wconf 68' lang='lat' dir='ltr'><strong>(agitationem</strong></span> <span class='ocrx_word' id='word_1_208' title='bbox 1154 3082 1552 3152; x_wconf 79' lang='lat' dir='ltr'><strong>quodammodo</strong></span> <span class='ocrx_word' id='word_1_209' title='bbox 1611 3079 1857 3143; x_wconf 83' lang='lat' dir='ltr'><strong>inclinat,</strong></span> <span class='ocrx_word' id='word_1_210' title='bbox 1916 3094 2036 3143; x_wconf 72' lang='lat' dir='ltr'><strong>quae</strong></span> 
     </span>
    </p>
   </div>
   <div class='ocr_carea' id='block_1_34' title="bbox 473 3171 2039 3254">
    <p class='ocr_par' dir='ltr' id='par_1_34' title="bbox 473 3171 2039 3254">
     <span class='ocr_line' id='line_1_35' title="bbox 473 3171 2039 3254; baseline -0.008 -17"><span class='ocrx_word' id='word_1_211' title='bbox 473 3181 743 3254; x_wconf 80' lang='lat' dir='ltr'><strong>plurimis,</strong></span> <span class='ocrx_word' id='word_1_212' title='bbox 778 3180 887 3231; x_wconf 88' lang='lat' dir='ltr'><strong>imo</strong></span> <span class='ocrx_word' id='word_1_213' title='bbox 912 3190 1040 3230; x_wconf 88' lang='lat' dir='ltr'><strong>vero</strong></span> <span class='ocrx_word' id='word_1_214' title='bbox 1080 3173 1337 3228; x_wconf 87' lang='lat' dir='ltr'><strong>omnibus</strong></span> <span class='ocrx_word' id='word_1_215' title='bbox 1379 3171 1556 3226; x_wconf 78' lang='lat' dir='ltr'><strong>facilis</strong></span> <span class='ocrx_word' id='word_1_216' title='bbox 1608 3171 1854 3241; x_wconf 82' lang='lat' dir='ltr'><strong>ingressu</strong></span> <span class='ocrx_word' id='word_1_217' title='bbox 1880 3179 2039 3225; x_wconf 80' lang='lat' dir='ltr'><strong>estet</strong></span> 
     </span>
    </p>
   </div>
   <div class='ocr_carea' id='block_1_35' title="bbox 473 3264 2033 3344">
    <p class='ocr_par' dir='ltr' id='par_1_35' title="bbox 473 3264 2033 3344">
     <span class='ocr_line' id='line_1_36' title="bbox 473 3264 2033 3344; baseline -0.009 -13"><span class='ocrx_word' id='word_1_218' title='bbox 473 3278 710 3344; x_wconf 86' lang='lat' dir='ltr'><strong>cogitatu</strong></span> <span class='ocrx_word' id='word_1_219' title='bbox 738 3288 754 3336; x_wconf 89' lang='lat'><strong>;</strong></span> <span class='ocrx_word' id='word_1_220' title='bbox 784 3271 858 3324; x_wconf 86' lang='lat' dir='ltr'><strong>ita</strong></span> <span class='ocrx_word' id='word_1_221' title='bbox 897 3277 957 3323; x_wconf 91' lang='lat' dir='ltr'><strong>ut</strong></span> <span class='ocrx_word' id='word_1_222' title='bbox 994 3268 1087 3337; x_wconf 90' lang='lat' dir='ltr'><strong>qui</strong></span> <span class='ocrx_word' id='word_1_223' title='bbox 1118 3264 1513 3335; x_wconf 84' lang='lat' dir='ltr'><strong>cogitabundus</strong></span> <span class='ocrx_word' id='word_1_224' title='bbox 1541 3264 1666 3318; x_wconf 90' lang='lat' dir='ltr'><strong>talia</strong></span> <span class='ocrx_word' id='word_1_225' title='bbox 1720 3272 2033 3344; x_wconf 78' lang='lat' dir='ltr'><strong>sanctorum</strong></span> 
     </span>
    </p>
   </div>
   <div class='ocr_carea' id='block_1_36' title="bbox 474 3338 2033 3424">
    <p class='ocr_par' dir='ltr' id='par_1_36' title="bbox 474 3338 2033 3424">
     <span class='ocr_line' id='line_1_37' title="bbox 474 3338 2033 3424; baseline -0.008 -3"><span class='ocrx_word' id='word_1_226' title='bbox 474 3365 695 3421; x_wconf 88' lang='lat' dir='ltr'><strong>oracula</strong></span> <span class='ocrx_word' id='word_1_227' title='bbox 720 3358 1138 3423; x_wconf 80' lang='lat' dir='ltr'><strong>examinaverit,</strong></span> <span class='ocrx_word' id='word_1_228' title='bbox 1170 3357 1314 3412; x_wconf 90' lang='lat' dir='ltr'><strong>clare</strong></span> <span class='ocrx_word' id='word_1_229' title='bbox 1336 3355 1480 3411; x_wconf 87' lang='lat' dir='ltr'><strong>enim</strong></span> <span class='ocrx_word' id='word_1_230' title='bbox 1502 3355 1750 3409; x_wconf 91' lang='lat' dir='ltr'><strong>advertet</strong></span> <span class='ocrx_word' id='word_1_231' title='bbox 1771 3338 2033 3424; x_wconf 79' lang='lat' dir='ltr'><strong>scriptum</strong></span> 
     </span>
    </p>
   </div>
   <div class='ocr_carea' id='block_1_37' title="bbox 474 3446 2034 3522">
    <p class='ocr_par' dir='ltr' id='par_1_37' title="bbox 474 3446 2034 3522">
     <span class='ocr_line' id='line_1_38' title="bbox 474 3446 2034 3522; baseline -0.006 -11"><span class='ocrx_word' id='word_1_232' title='bbox 474 3458 679 3512; x_wconf 77' lang='lat' dir='ltr'><strong>fuisse:</strong></span> <span class='ocrx_word' id='word_1_233' title='bbox 708 3474 726 3506; x_wconf 78' lang='grc' dir='ltr'><strong>ι</strong></span> <span class='ocrx_word' id='word_1_234' title='bbox 769 3454 848 3508; x_wconf 81' lang='lat' dir='ltr'><strong>Ex</strong></span> <span class='ocrx_word' id='word_1_235' title='bbox 892 3450 1257 3522; x_wconf 76' lang='lat' dir='ltr'><strong>magnitudine</strong></span> <span class='ocrx_word' id='word_1_236' title='bbox 1303 3456 1356 3503; x_wconf 90' lang='lat' dir='ltr'><strong>et</strong></span> <span class='ocrx_word' id='word_1_237' title='bbox 1410 3446 1809 3517; x_wconf 86' lang='lat' dir='ltr'><strong>pulchritudine</strong></span> <span class='ocrx_word' id='word_1_238' title='bbox 1857 3463 2034 3501; x_wconf 85' lang='lat' dir='ltr'><strong>rerum</strong></span> 
     </span>
    </p>
   </div>
   <div class='ocr_carea' id='block_1_38' title="bbox 476 3536 2035 3615">
    <p class='ocr_par' dir='ltr' id='par_1_38' title="bbox 476 3536 2035 3615">
     <span class='ocr_line' id='line_1_39' title="bbox 476 3536 2035 3615; baseline -0.01 -13"><span class='ocrx_word' id='word_1_239' title='bbox 476 3547 755 3615; x_wconf 89' lang='lat' dir='ltr'><strong>analogice</strong></span> <span class='ocrx_word' id='word_1_240' title='bbox 780 3544 1003 3597; x_wconf 82' lang='lat' dir='ltr'><strong>Creator</strong></span> <span class='ocrx_word' id='word_1_241' title='bbox 1033 3537 1351 3609; x_wconf 90' lang='lat' dir='ltr'><strong>percipitur,</strong></span> <span class='ocrx_word' id='word_1_242' title='bbox 1384 3536 1590 3591; x_wconf 90' lang='lat' dir='ltr'><strong>scilicet</strong></span> <span class='ocrx_word' id='word_1_243' title='bbox 1639 3551 1703 3590; x_wconf 80' lang='lat' dir='ltr'><strong>ex</strong></span> <span class='ocrx_word' id='word_1_244' title='bbox 1749 3549 1811 3589; x_wconf 86' lang='lat' dir='ltr'><strong>ea</strong></span> <span class='ocrx_word' id='word_1_245' title='bbox 1852 3536 2035 3587; x_wconf 87' lang='lat' dir='ltr'><strong>mundi</strong></span> 
     </span>
    </p>
   </div>
   <div class='ocr_carea' id='block_1_39' title="bbox 476 3626 2035 3709">
    <p class='ocr_par' dir='ltr' id='par_1_39' title="bbox 476 3626 2035 3709">
     <span class='ocr_line' id='line_1_40' title="bbox 476 3626 2035 3709; baseline -0.008 -19"><span class='ocrx_word' id='word_1_246' title='bbox 476 3639 726 3709; x_wconf 79' lang='lat' dir='ltr'><strong>profana,</strong></span> <span class='ocrx_word' id='word_1_247' title='bbox 746 3634 969 3689; x_wconf 87' lang='lat' dir='ltr'><strong>verbosa</strong></span> <span class='ocrx_word' id='word_1_248' title='bbox 988 3641 1041 3686; x_wconf 93' lang='lat' dir='ltr'><strong>et</strong></span> <span class='ocrx_word' id='word_1_249' title='bbox 1057 3644 1193 3685; x_wconf 90' lang='lat' dir='ltr'><strong>vana</strong></span> <span class='ocrx_word' id='word_1_250' title='bbox 1210 3636 1505 3696; x_wconf 63' lang='lat' dir='ltr'><strong>etOperosa</strong></span> <span class='ocrx_word' id='word_1_251' title='bbox 1530 3626 1776 3681; x_wconf 86' lang='lat' dir='ltr'><strong>scientia.</strong></span> <span class='ocrx_word' id='word_1_252' title='bbox 1798 3627 1873 3680; x_wconf 87' lang='lat' dir='ltr'><strong>Ea</strong></span> <span class='ocrx_word' id='word_1_253' title='bbox 1893 3627 2035 3680; x_wconf 88' lang='lat' dir='ltr'><strong>enim</strong></span> 
     </span>
    </p>
   </div>
   <div class='ocr_carea' id='block_1_40' title="bbox 477 3718 2040 3798">
    <p class='ocr_par' dir='ltr' id='par_1_40' title="bbox 477 3718 2040 3798">
     <span class='ocr_line' id='line_1_41' title="bbox 477 3718 2040 3798; baseline -0.008 -14"><span class='ocrx_word' id='word_1_254' title='bbox 477 3742 733 3798; x_wconf 87' lang='lat' dir='ltr'><strong>tanquam</strong></span> <span class='ocrx_word' id='word_1_255' title='bbox 774 3727 1003 3779; x_wconf 87' lang='lat' dir='ltr'><strong>obscura</strong></span> <span class='ocrx_word' id='word_1_256' title='bbox 1036 3722 1257 3783; x_wconf 75' lang='lat' dir='ltr'><strong>famula,</strong></span> <span class='ocrx_word' id='word_1_257' title='bbox 1298 3727 1352 3774; x_wconf 88' lang='lat' dir='ltr'><strong>et</strong></span> <span class='ocrx_word' id='word_1_258' title='bbox 1377 3719 1585 3773; x_wconf 86' lang='lat' dir='ltr'><strong>erudita</strong></span> <span class='ocrx_word' id='word_1_259' title='bbox 1637 3718 2040 3787; x_wconf 77' lang='lat' dir='ltr'><strong>sophisticaque</strong></span> 
     </span>
    </p>
   </div>
   <div class='ocr_carea' id='block_1_41' title="bbox 478 3809 2039 3881">
    <p class='ocr_par' dir='ltr' id='par_1_41' title="bbox 478 3809 2039 3881">
     <span class='ocr_line' id='line_1_42' title="bbox 478 3809 2039 3881; baseline -0.008 -6"><span class='ocrx_word' id='word_1_260' title='bbox 478 3836 541 3875; x_wconf 85' lang='lat' dir='ltr'><strong>ac</strong></span> <span class='ocrx_word' id='word_1_261' title='bbox 570 3816 989 3873; x_wconf 81' lang='lat' dir='ltr'><strong>demonstrativa</strong></span> <span class='ocrx_word' id='word_1_262' title='bbox 1015 3812 1342 3881; x_wconf 86' lang='lat' dir='ltr'><strong>c0gitatione</strong></span> <span class='ocrx_word' id='word_1_263' title='bbox 1361 3809 1703 3879; x_wconf 85' lang='lat' dir='ltr'><strong>superbiens,</strong></span> <span class='ocrx_word' id='word_1_264' title='bbox 1736 3827 1840 3864; x_wconf 90' lang='lat' dir='ltr'><strong>non</strong></span> <span class='ocrx_word' id='word_1_265' title='bbox 1872 3826 2039 3863; x_wconf 86' lang='lat' dir='ltr'><strong>evan-</strong></span> 
     </span>
    </p>
   </div>
   <div class='ocr_carea' id='block_1_42' title="bbox 478 3902 2039 3980">
    <p class='ocr_par' dir='ltr' id='par_1_42' title="bbox 478 3902 2039 3980">
     <span class='ocr_line' id='line_1_43' title="bbox 478 3902 2039 3980; baseline -0.004 -18"><span class='ocrx_word' id='word_1_266' title='bbox 478 3902 704 3980; x_wconf 84' lang='lat' dir='ltr'><strong>gelicam</strong></span> <span class='ocrx_word' id='word_1_267' title='bbox 733 3908 888 3962; x_wconf 82' lang='lat' dir='ltr'><strong>[idem</strong></span> <span class='ocrx_word' id='word_1_268' title='bbox 918 3916 972 3960; x_wconf 89' lang='lat' dir='ltr'><strong>et</strong></span> <span class='ocrx_word' id='word_1_269' title='bbox 997 3903 1355 3957; x_wconf 84' lang='lat' dir='ltr'><strong>humilitatem</strong></span> <span class='ocrx_word' id='word_1_270' title='bbox 1384 3914 1437 3956; x_wconf 91' lang='lat' dir='ltr'><strong>et</strong></span> <span class='ocrx_word' id='word_1_271' title='bbox 1466 3916 1646 3955; x_wconf 86' lang='lat' dir='ltr'><strong>veram</strong></span> <span class='ocrx_word' id='word_1_272' title='bbox 1670 3903 2039 3956; x_wconf 82' lang='lat' dir='ltr'><strong>assensionem</strong></span> 
     </span>
    </p>
   </div>
   <div class='ocr_carea' id='block_1_43' title="bbox 480 3993 2041 4071">
    <p class='ocr_par' dir='ltr' id='par_1_43' title="bbox 480 3993 2041 4071">
     <span class='ocr_line' id='line_1_44' title="bbox 480 3993 2041 4071; baseline -0.007 -15"><span class='ocrx_word' id='word_1_273' title='bbox 480 4016 735 4071; x_wconf 81' lang='lat' dir='ltr'><strong>sequens,</strong></span> <span class='ocrx_word' id='word_1_274' title='bbox 767 3999 923 4068; x_wconf 87' lang='lat' dir='ltr'><strong>longe</strong></span> <span class='ocrx_word' id='word_1_275' title='bbox 951 4013 979 4051; x_wconf 86' lang='lat' dir='ltr'><strong>a</strong></span> <span class='ocrx_word' id='word_1_276' title='bbox 1013 3995 1184 4053; x_wconf 85' lang='lat' dir='ltr'><strong>sacris</strong></span> <span class='ocrx_word' id='word_1_277' title='bbox 1213 3994 1398 4065; x_wconf 84' lang='lat' dir='ltr'><strong>januis</strong></span> <span class='ocrx_word' id='word_1_278' title='bbox 1420 3993 1740 4061; x_wconf 75' lang='lat' dir='ltr'><strong>expellitur;</strong></span> <span class='ocrx_word' id='word_1_279' title='bbox 1779 3994 2041 4062; x_wconf 86' lang='lat' dir='ltr'><strong>nobisque</strong></span> 
     </span>
    </p>
   </div>
   <div class='ocr_carea' id='block_1_44' title="bbox 479 4083 2042 4178">
    <p class='ocr_par' dir='ltr' id='par_1_44' title="bbox 479 4083 2042 4178">
     <span class='ocr_line' id='line_1_45' title="bbox 479 4083 2042 4178; baseline -0.008 -30"><span class='ocrx_word' id='word_1_280' title='bbox 479 4111 623 4178; x_wconf 72' lang='lat' dir='ltr'><strong>tuine</strong></span> <span class='ocrx_word' id='word_1_281' title='bbox 648 4106 827 4147; x_wconf 91' lang='lat' dir='ltr'><strong>sermo</strong></span> <span class='ocrx_word' id='word_1_282' title='bbox 847 4098 927 4145; x_wconf 85' lang='lat' dir='ltr'><strong>est</strong></span> <span class='ocrx_word' id='word_1_283' title='bbox 958 4089 1024 4144; x_wconf 91' lang='lat' dir='ltr'><strong>de</strong></span> <span class='ocrx_word' id='word_1_284' title='bbox 1048 4085 1285 4158; x_wconf 77' lang='lat' dir='ltr'><strong>perlecta</strong></span> <span class='ocrx_word' id='word_1_285' title='bbox 1313 4095 1365 4140; x_wconf 91' lang='lat' dir='ltr'><strong>et</strong></span> <span class='ocrx_word' id='word_1_286' title='bbox 1387 4085 1731 4140; x_wconf 89' lang='lat' dir='ltr'><strong>substantiali</strong></span> <span class='ocrx_word' id='word_1_287' title='bbox 1769 4083 2042 4139; x_wconf 88' lang='lat' dir='ltr'><strong>illumina-</strong></span> 
     </span>
    </p>
   </div>
   <div class='ocr_carea' id='block_1_45' title="bbox 482 4174 2070 4252">
    <p class='ocr_par' dir='ltr' id='par_1_45' title="bbox 482 4174 2070 4252">
     <span class='ocr_line' id='line_1_46' title="bbox 482 4174 2070 4252; baseline -0.005 -14"><span class='ocrx_word' id='word_1_288' title='bbox 482 4174 652 4248; x_wconf 81' lang='lat' dir='ltr'><strong>tione,</strong></span> <span class='ocrx_word' id='word_1_289' title='bbox 690 4178 1142 4252; x_wconf 86' lang='lat' dir='ltr'><strong>quemadmodum</strong></span> <span class='ocrx_word' id='word_1_290' title='bbox 1167 4187 1219 4231; x_wconf 91' lang='lat' dir='ltr'><strong>et</strong></span> <span class='ocrx_word' id='word_1_291' title='bbox 1238 4176 1463 4246; x_wconf 88' lang='lat' dir='ltr'><strong>apostoli</strong></span> <span class='ocrx_word' id='word_1_292' title='bbox 1487 4175 1641 4230; x_wconf 87' lang='lat' dir='ltr'><strong>electi</strong></span> <span class='ocrx_word' id='word_1_293' title='bbox 1666 4177 1755 4245; x_wconf 90' lang='lat' dir='ltr'><strong>qui</strong></span> <span class='ocrx_word' id='word_1_294' title='bbox 1782 4174 1835 4229; x_wconf 93' lang='lat' dir='ltr'><strong>in</strong></span> <span class='ocrx_word' id='word_1_295' title='bbox 1862 4185 2070 4251; x_wconf 31' lang='lat' dir='ltr'><strong>monte.</strong></span> 
     </span>
    </p>
   </div>
   <div class='ocr_carea' id='block_1_46' title="bbox 476 4265 2040 4339">
    <p class='ocr_par' dir='ltr' id='par_1_46' title="bbox 476 4265 2040 4339">
     <span class='ocr_line' id='line_1_47' title="bbox 476 4265 2040 4339; baseline -0.008 -7"><span class='ocrx_word' id='word_1_296' title='bbox 476 4277 697 4331; x_wconf 82' lang='lat' dir='ltr'><strong>Tltabor</strong></span> <span class='ocrx_word' id='word_1_297' title='bbox 719 4289 842 4328; x_wconf 91' lang='lat' dir='ltr'><strong>cum</strong></span> <span class='ocrx_word' id='word_1_298' title='bbox 867 4269 997 4327; x_wconf 82' lang='lat' dir='ltr'><strong>Jesn</strong></span> <span class='ocrx_word' id='word_1_299' title='bbox 1045 4268 1498 4330; x_wconf 83' lang='lat' dir='ltr'><strong>conscendentes,</strong></span> <span class='ocrx_word' id='word_1_300' title='bbox 1533 4265 1878 4339; x_wconf 78' lang='lat' dir='ltr'><strong>ineﬂ‘abiliter</strong></span> <span class='ocrx_word' id='word_1_301' title='bbox 1916 4268 2040 4336; x_wconf 91' lang='lat' dir='ltr'><strong>pul-</strong></span> 
     </span>
    </p>
   </div>
   <div class='ocr_carea' id='block_1_47' title="bbox 477 4358 2046 4428">
    <p class='ocr_par' dir='ltr' id='par_1_47' title="bbox 477 4358 2046 4428">
     <span class='ocr_line' id='line_1_48' title="bbox 477 4358 2046 4428; baseline -0.006 -7"><span class='ocrx_word' id='word_1_302' title='bbox 477 4370 664 4422; x_wconf 88' lang='lat' dir='ltr'><strong>chram</strong></span> <span class='ocrx_word' id='word_1_303' title='bbox 706 4381 768 4419; x_wconf 91' lang='lat' dir='ltr'><strong>ac</strong></span> <span class='ocrx_word' id='word_1_304' title='bbox 798 4380 921 4418; x_wconf 87' lang='lat' dir='ltr'><strong>vere</strong></span> <span class='ocrx_word' id='word_1_305' title='bbox 944 4365 1153 4416; x_wconf 89' lang='lat' dir='ltr'><strong>beatam</strong></span> <span class='ocrx_word' id='word_1_306' title='bbox 1179 4360 1587 4415; x_wconf 87' lang='lat' dir='ltr'><strong>conversionem</strong></span> <span class='ocrx_word' id='word_1_307' title='bbox 1637 4358 1782 4428; x_wconf 88' lang='lat' dir='ltr'><strong>passi</strong></span> <span class='ocrx_word' id='word_1_308' title='bbox 1802 4368 1950 4421; x_wconf 91' lang='lat' dir='ltr'><strong>sunt,</strong></span> <span class='ocrx_word' id='word_1_309' title='bbox 1993 4368 2046 4412; x_wconf 86' lang='lat' dir='ltr'><strong>et</strong></span> 
     </span>
    </p>
   </div>
   <div class='ocr_carea' id='block_1_48' title="bbox 476 4449 2042 4522">
    <p class='ocr_par' dir='ltr' id='par_1_48' title="bbox 476 4449 2042 4522">
     <span class='ocr_line' id='line_1_49' title="bbox 476 4449 2042 4522; baseline -0.003 -12"><span class='ocrx_word' id='word_1_310' title='bbox 476 4456 801 4511; x_wconf 81' lang='lat' dir='ltr'><strong>invisibilem</strong></span> <span class='ocrx_word' id='word_1_311' title='bbox 828 4456 1035 4522; x_wconf 83' lang='lat' dir='ltr'><strong>regiam</strong></span> <span class='ocrx_word' id='word_1_312' title='bbox 1078 4461 1130 4507; x_wconf 89' lang='lat' dir='ltr'><strong>et</strong></span> <span class='ocrx_word' id='word_1_313' title='bbox 1154 4450 1521 4515; x_wconf 81' lang='lat' dir='ltr'><strong>Divinitatetn,</strong></span> <span class='ocrx_word' id='word_1_314' title='bbox 1572 4449 1856 4504; x_wconf 87' lang='lat' dir='ltr'><strong>oculorum</strong></span> <span class='ocrx_word' id='word_1_315' title='bbox 1883 4465 2042 4505; x_wconf 77' lang='lat' dir='ltr'><strong>sensu</strong></span> 
     </span>
    </p>
   </div>
   <div class='ocr_carea' id='block_1_49' title="bbox 2127 505 3652 591">
    <p class='ocr_par' dir='ltr' id='par_1_49' title="bbox 2127 505 3652 591">
     <span class='ocr_line' id='line_1_50' title="bbox 2127 505 3652 591; baseline -0.012 -19"><span class='ocrx_word' id='word_1_316' title='bbox 2127 536 2256 591; x_wconf 89' lang='grc' dir='ltr'>ματι</span> <span class='ocrx_word' id='word_1_317' title='bbox 2289 518 2349 571; x_wconf 81' lang='grc' dir='ltr'><strong>τὸ</strong></span> <span class='ocrx_word' id='word_1_318' title='bbox 2391 514 2736 585; x_wconf 80' lang='grc' dir='ltr'>ἡγεμονικόν.</span> <span class='ocrx_word' id='word_1_319' title='bbox 2779 512 2891 565; x_wconf 76' lang='grc' dir='ltr'><strong>Καὶ</strong></span> <span class='ocrx_word' id='word_1_320' title='bbox 2949 513 2977 563; x_wconf 88' lang='grc' dir='ltr'>ὁ</span> <span class='ocrx_word' id='word_1_321' title='bbox 3033 509 3288 574; x_wconf 80' lang='grc' dir='ltr'>Θεολόγος</span> <span class='ocrx_word' id='word_1_322' title='bbox 3339 505 3614 574; x_wconf 73' lang='grc' dir='ltr'>Γρῃγόριος</span> <span class='ocrx_word' id='word_1_323' title='bbox 3639 519 3652 532; x_wconf 90' lang='grc'><strong>·</strong></span> 
     </span>
    </p>
   </div>
   <div class='ocr_carea' id='block_1_50' title="bbox 2123 598 3655 677">
    <p class='ocr_par' dir='ltr' id='par_1_50' title="bbox 2123 598 3655 677">
     <span class='ocr_line' id='line_1_51' title="bbox 2123 598 3655 677; baseline -0.012 -14"><span class='ocrx_word' id='word_1_324' title='bbox 2123 610 2295 663; x_wconf 83' lang='grc' dir='ltr'>Τοῦτο</span> <span class='ocrx_word' id='word_1_325' title='bbox 2330 609 2517 677; x_wconf 71' lang='grc' dir='ltr'>(ἧγουν</span> <span class='ocrx_word' id='word_1_326' title='bbox 2550 607 2608 657; x_wconf 72' lang='grc' dir='ltr'>τὸ</span> <span class='ocrx_word' id='word_1_327' title='bbox 2635 603 2857 673; x_wconf 80' lang='grc' dir='ltr'><strong>Πνεῦμα</strong></span> <span class='ocrx_word' id='word_1_328' title='bbox 2889 603 2948 656; x_wconf 80' lang='grc' dir='ltr'>τὸ</span> <span class='ocrx_word' id='word_1_329' title='bbox 2978 601 3153 671; x_wconf 78' lang='grc' dir='ltr'>ἅγιον)</span> <span class='ocrx_word' id='word_1_330' title='bbox 3178 600 3392 668; x_wconf 77' lang='grc' dir='ltr'>ἐνήργει</span> <span class='ocrx_word' id='word_1_331' title='bbox 3418 598 3655 664; x_wconf 76' lang='grc' dir='ltr'>πρότερον</span> 
     </span>
    </p>
   </div>
   <div class='ocr_carea' id='block_1_51' title="bbox 2124 689 3656 765">
    <p class='ocr_par' dir='ltr' id='par_1_51' title="bbox 2124 689 3656 765">
     <span class='ocr_line' id='line_1_52' title="bbox 2124 689 3656 765; baseline -0.012 -8"><span class='ocrx_word' id='word_1_332' title='bbox 2124 705 2181 757; x_wconf 81' lang='grc' dir='ltr'><strong>ἐν</strong></span> <span class='ocrx_word' id='word_1_333' title='bbox 2245 702 2364 761; x_wconf 88' lang='grc' dir='ltr'>ταῖς</span> <span class='ocrx_word' id='word_1_334' title='bbox 2412 698 2727 765; x_wconf 84' lang='grc' dir='ltr'>ἁγγελικαῖς</span> <span class='ocrx_word' id='word_1_335' title='bbox 2770 698 2863 749; x_wconf 75' lang='grc' dir='ltr'><strong>καὶ</strong></span> <span class='ocrx_word' id='word_1_336' title='bbox 2919 695 3199 761; x_wconf 76' lang='grc' dir='ltr'><strong>οὐρανίαις</strong></span> <span class='ocrx_word' id='word_1_337' title='bbox 3251 690 3526 757; x_wconf 78' lang='grc' dir='ltr'>δυνάμεσι.</span> <span class='ocrx_word' id='word_1_338' title='bbox 3561 689 3656 738; x_wconf 78' lang='grc' dir='ltr'><strong>Καὶ</strong></span> 
     </span>
    </p>
   </div>
   <div class='ocr_carea' id='block_1_52' title="bbox 2128 777 3658 862">
    <p class='ocr_par' dir='ltr' id='par_1_52' title="bbox 2128 777 3658 862">
     <span class='ocr_line' id='line_1_53' title="bbox 2128 777 3658 862; baseline -0.011 -19"><span class='ocrx_word' id='word_1_339' title='bbox 2128 791 2264 862; x_wconf 74' lang='grc' dir='ltr'>μετὰ</span> <span class='ocrx_word' id='word_1_340' title='bbox 2308 789 2499 858; x_wconf 85' lang='grc' dir='ltr'>μικρόν</span> <span class='ocrx_word' id='word_1_341' title='bbox 2531 804 2544 816; x_wconf 85' lang='grc'><strong>·</strong></span> <span class='ocrx_word' id='word_1_342' title='bbox 2608 786 2836 838; x_wconf 83' lang='grc' dir='ltr'>Ἔπειτα</span> <span class='ocrx_word' id='word_1_343' title='bbox 2883 784 2940 834; x_wconf 78' lang='grc' dir='ltr'><strong>ἐν</strong></span> <span class='ocrx_word' id='word_1_344' title='bbox 2983 782 3095 841; x_wconf 85' lang='grc' dir='ltr'>τοῖς</span> <span class='ocrx_word' id='word_1_345' title='bbox 3165 777 3408 846; x_wconf 84' lang='grc' dir='ltr'>Πατράσι</span> <span class='ocrx_word' id='word_1_346' title='bbox 3463 781 3551 829; x_wconf 77' lang='grc' dir='ltr'>καὶ</span> <span class='ocrx_word' id='word_1_347' title='bbox 3609 779 3658 827; x_wconf 83' lang='grc' dir='ltr'><strong>ἐν</strong></span> 
     </span>
    </p>
   </div>
   <div class='ocr_carea' id='block_1_53' title="bbox 2123 868 3656 948">
    <p class='ocr_par' dir='ltr' id='par_1_53' title="bbox 2123 868 3656 948">
     <span class='ocr_line' id='line_1_54' title="bbox 2123 868 3656 948; baseline -0.01 -13"><span class='ocrx_word' id='word_1_348' title='bbox 2123 885 2235 944; x_wconf 90' lang='grc' dir='ltr'>τοῖς</span> <span class='ocrx_word' id='word_1_349' title='bbox 2260 879 2567 948; x_wconf 73' lang='grc' dir='ltr'>προφήταις</span> <span class='ocrx_word' id='word_1_350' title='bbox 2599 892 2614 906; x_wconf 84' lang='grc'>⁶</span> <span class='ocrx_word' id='word_1_351' title='bbox 2660 871 2734 928; x_wconf 83' lang='grc' dir='ltr'>ὧν</span> <span class='ocrx_word' id='word_1_352' title='bbox 2752 875 2811 925; x_wconf 75' lang='grc' dir='ltr'>οἱ</span> <span class='ocrx_word' id='word_1_353' title='bbox 2858 873 2955 942; x_wconf 72' lang='grc' dir='ltr'><strong>μὲν</strong></span> <span class='ocrx_word' id='word_1_354' title='bbox 2986 869 3295 938; x_wconf 70' lang='grc' dir='ltr'>ἐφαντόωθη</span> <span class='ocrx_word' id='word_1_355' title='bbox 3305 884 3399 919; x_wconf 81' lang='grc' dir='ltr'><strong>σαν</strong></span> <span class='ocrx_word' id='word_1_356' title='bbox 3450 868 3592 931; x_wconf 73' lang='grc' dir='ltr'>Θεὸν,</span> <span class='ocrx_word' id='word_1_357' title='bbox 3630 869 3656 935; x_wconf 79' lang='grc' dir='ltr'><strong>ἦ</strong></span> 
     </span>
    </p>
   </div>
   <div class='ocr_carea' id='block_1_54' title="bbox 2126 958 3662 1040">
    <p class='ocr_par' dir='ltr' id='par_1_54' title="bbox 2126 958 3662 1040">
     <span class='ocr_line' id='line_1_55' title="bbox 2126 958 3662 1040; baseline -0.008 -16"><span class='ocrx_word' id='word_1_358' title='bbox 2126 974 2370 1040; x_wconf 75' lang='grc' dir='ltr'>ἐγνωσαν</span> <span class='ocrx_word' id='word_1_359' title='bbox 2404 1008 2419 1031; x_wconf 95' lang='grc'><strong>,</strong></span> <span class='ocrx_word' id='word_1_360' title='bbox 2457 968 2508 1020; x_wconf 80' lang='grc' dir='ltr'>οἱ</span> <span class='ocrx_word' id='word_1_361' title='bbox 2537 968 2592 1020; x_wconf 83' lang='grc' dir='ltr'><strong>δέ</strong></span> <span class='ocrx_word' id='word_1_362' title='bbox 2623 967 2685 1018; x_wconf 77' lang='grc' dir='ltr'>τὸ</span> <span class='ocrx_word' id='word_1_363' title='bbox 2713 964 2905 1035; x_wconf 81' lang='grc' dir='ltr'>μέλλον</span> <span class='ocrx_word' id='word_1_364' title='bbox 2932 965 3282 1033; x_wconf 83' lang='grc' dir='ltr'>προέγνωσαν</span> <span class='ocrx_word' id='word_1_365' title='bbox 3313 976 3326 990; x_wconf 72' lang='grc' dir='ltr'><strong><em>ο</em></strong></span> <span class='ocrx_word' id='word_1_366' title='bbox 3357 958 3662 1027; x_wconf 70' lang='grc' dir='ltr'>τυπούμενοι</span> 
     </span>
    </p>
   </div>
   <div class='ocr_carea' id='block_1_55' title="bbox 2126 1051 3658 1131">
    <p class='ocr_par' dir='ltr' id='par_1_55' title="bbox 2126 1051 3658 1131">
     <span class='ocr_line' id='line_1_56' title="bbox 2126 1051 3658 1131; baseline -0.007 -17"><span class='ocrx_word' id='word_1_367' title='bbox 2126 1061 2199 1131; x_wconf 77' lang='grc' dir='ltr'><strong>τῷ</strong></span> <span class='ocrx_word' id='word_1_368' title='bbox 2252 1059 2525 1127; x_wconf 86' lang='grc' dir='ltr'>Πνεύματι</span> <span class='ocrx_word' id='word_1_369' title='bbox 2556 1058 2617 1111; x_wconf 75' lang='grc' dir='ltr'><strong>τὸ</strong></span> <span class='ocrx_word' id='word_1_370' title='bbox 2652 1056 2999 1127; x_wconf 79' lang='grc' dir='ltr'>ἡγεμονικὸν,</span> <span class='ocrx_word' id='word_1_371' title='bbox 3029 1055 3122 1108; x_wconf 73' lang='grc' dir='ltr'>καὶ</span> <span class='ocrx_word' id='word_1_372' title='bbox 3146 1054 3222 1115; x_wconf 81' lang='grc' dir='ltr'>ὼς</span> <span class='ocrx_word' id='word_1_373' title='bbox 3283 1051 3508 1123; x_wconf 86' lang='grc' dir='ltr'>παροῦσι</span> <span class='ocrx_word' id='word_1_374' title='bbox 3550 1069 3658 1104; x_wconf 79' lang='grc' dir='ltr'>συν-</span> 
     </span>
    </p>
   </div>
   <div class='ocr_carea' id='block_1_56' title="bbox 2124 1148 2760 1219">
    <p class='ocr_par' dir='ltr' id='par_1_56' title="bbox 2124 1148 2760 1219">
     <span class='ocr_line' id='line_1_57' title="bbox 2124 1148 2760 1219; baseline -0.005 -14"><span class='ocrx_word' id='word_1_375' title='bbox 2124 1154 2277 1214; x_wconf 73' lang='grc' dir='ltr'>όντες</span> <span class='ocrx_word' id='word_1_376' title='bbox 2321 1148 2433 1212; x_wconf 82' lang='grc' dir='ltr'>τοῖς</span> <span class='ocrx_word' id='word_1_377' title='bbox 2466 1148 2760 1219; x_wconf 75' lang='grc' dir='ltr'><strong>ἐσομένοις.</strong></span> 
     </span>
    </p>
   </div>
   <div class='ocr_carea' id='block_1_57' title="bbox 2130 1257 3664 1334">
    <p class='ocr_par' dir='ltr' id='par_1_57' title="bbox 2130 1257 3664 1334">
     <span class='ocr_line' id='line_1_58' title="bbox 2130 1257 3664 1334; baseline -0.009 -13"><span class='ocrx_word' id='word_1_378' title='bbox 2130 1270 2255 1321; x_wconf 82' lang='grc' dir='ltr'>Ἔτι</span> <span class='ocrx_word' id='word_1_379' title='bbox 2286 1264 2416 1334; x_wconf 78' lang='grc' dir='ltr'>περὶ</span> <span class='ocrx_word' id='word_1_380' title='bbox 2456 1259 2821 1334; x_wconf 75' lang='grc' dir='ltr'><strong>φαντασιῶν,</strong></span> <span class='ocrx_word' id='word_1_381' title='bbox 2849 1257 3243 1334; x_wconf 48' lang='grc' dir='ltr'>καί-πολλῶν,</span> <span class='ocrx_word' id='word_1_382' title='bbox 3274 1257 3370 1311; x_wconf 80' lang='grc' dir='ltr'><strong>καί</strong></span> <span class='ocrx_word' id='word_1_383' title='bbox 3403 1258 3664 1310; x_wconf 61' lang='grc' dir='ltr'>ποικίλων</span> 
     </span>
    </p>
   </div>
   <div class='ocr_carea' id='block_1_58' title="bbox 2781 1329 3073 1397">
    <p class='ocr_par' dir='ltr' id='par_1_58' title="bbox 2781 1329 3073 1397">
     <span class='ocr_line' id='line_1_59' title="bbox 2781 1329 3073 1397; baseline -0.017 -13"><span class='ocrx_word' id='word_1_384' title='bbox 2781 1329 3052 1397; x_wconf 76' lang='grc' dir='ltr'>θεωριῶν.</span> <span class='ocrx_word' id='word_1_385' title='bbox 3070 1376 3073 1379; x_wconf 90' lang='grc'>.</span> 
     </span>
    </p>
   </div>
   <div class='ocr_carea' id='block_1_59' title="bbox 2200 1420 3663 1501">
    <p class='ocr_par' dir='ltr' id='par_1_59' title="bbox 2200 1420 3663 1501">
     <span class='ocr_line' id='line_1_60' title="bbox 2200 1420 3663 1501; baseline -0.018 -15"><span class='ocrx_word' id='word_1_386' title='bbox 2200 1430 2299 1501; x_wconf 77' lang='grc' dir='ltr'><strong>εη’.</strong></span> <span class='ocrx_word' id='word_1_387' title='bbox 2334 1429 2395 1483; x_wconf 82' lang='grc' dir='ltr'>Εί</span> <span class='ocrx_word' id='word_1_388' title='bbox 2416 1428 2471 1481; x_wconf 88' lang='grc' dir='ltr'><strong>δέ</strong></span> <span class='ocrx_word' id='word_1_389' title='bbox 2504 1443 2649 1489; x_wconf 89' lang='grc' dir='ltr'>τινες</span> <span class='ocrx_word' id='word_1_390' title='bbox 2679 1423 3110 1495; x_wconf 80' lang='grc' dir='ltr'>ἀμφιϐάλλουσιν</span> <span class='ocrx_word' id='word_1_391' title='bbox 3137 1420 3219 1473; x_wconf 78' lang='grc' dir='ltr'><strong>ἐτι</strong></span> <span class='ocrx_word' id='word_1_392' title='bbox 3254 1420 3329 1482; x_wconf 82' lang='grc' dir='ltr'>ὡς</span> <span class='ocrx_word' id='word_1_393' title='bbox 3358 1420 3452 1482; x_wconf 63' lang='grc' dir='ltr'>τὰς</span> <span class='ocrx_word' id='word_1_394' title='bbox 3481 1436 3663 1487; x_wconf 70' lang='grc' dir='ltr'>φαντα-</span> 
     </span>
    </p>
   </div>
   <div class='ocr_carea' id='block_1_60' title="bbox 2132 1511 3668 1588">
    <p class='ocr_par' dir='ltr' id='par_1_60' title="bbox 2132 1511 3668 1588">
     <span class='ocr_line' id='line_1_61' title="bbox 2132 1511 3668 1588; baseline -0.01 -11"><span class='ocrx_word' id='word_1_395' title='bbox 2132 1523 2252 1586; x_wconf 87' lang='grc' dir='ltr'>σίας</span> <span class='ocrx_word' id='word_1_396' title='bbox 2310 1518 2715 1588; x_wconf 78' lang='grc' dir='ltr'><strong>ἀποδεχόμενοι,</strong></span> <span class='ocrx_word' id='word_1_397' title='bbox 2753 1515 2847 1568; x_wconf 78' lang='grc' dir='ltr'><strong>καὶ</strong></span> <span class='ocrx_word' id='word_1_398' title='bbox 2895 1513 2995 1576; x_wconf 89' lang='grc' dir='ltr'><strong>τάς</strong></span> <span class='ocrx_word' id='word_1_399' title='bbox 3049 1511 3257 1573; x_wconf 86' lang='grc' dir='ltr'>πολλάς</span> <span class='ocrx_word' id='word_1_400' title='bbox 3296 1511 3387 1563; x_wconf 74' lang='grc' dir='ltr'><strong>καὶ</strong></span> <span class='ocrx_word' id='word_1_401' title='bbox 3444 1512 3668 1571; x_wconf 80' lang='grc' dir='ltr'>ποικίλας</span> 
     </span>
    </p>
   </div>
   <div class='ocr_carea' id='block_1_61' title="bbox 2133 1602 3667 1686">
    <p class='ocr_par' dir='ltr' id='par_1_61' title="bbox 2133 1602 3667 1686">
     <span class='ocr_line' id='line_1_62' title="bbox 2133 1602 3667 1686; baseline -0.011 -18"><span class='ocrx_word' id='word_1_402' title='bbox 2133 1614 2389 1686; x_wconf 76' lang='grc' dir='ltr'>Θεωρίας,</span> <span class='ocrx_word' id='word_1_403' title='bbox 2435 1610 2531 1663; x_wconf 81' lang='grc' dir='ltr'>καὶ</span> <span class='ocrx_word' id='word_1_404' title='bbox 2568 1606 2936 1661; x_wconf 85' lang='grc' dir='ltr'>ἐναντιοῦνται</span> <span class='ocrx_word' id='word_1_405' title='bbox 2985 1607 3139 1674; x_wconf 83' lang='grc' dir='ltr'>ἡμῖν,</span> <span class='ocrx_word' id='word_1_406' title='bbox 3172 1602 3370 1657; x_wconf 82' lang='grc' dir='ltr'>ὡσανεί</span> <span class='ocrx_word' id='word_1_407' title='bbox 3419 1618 3529 1664; x_wconf 92' lang='grc' dir='ltr'><strong>πως</strong></span> <span class='ocrx_word' id='word_1_408' title='bbox 3568 1605 3667 1663; x_wconf 81' lang='grc' dir='ltr'>τοῖς</span> 
     </span>
    </p>
   </div>
   <div class='ocr_carea' id='block_1_62' title="bbox 2130 1693 3669 1774">
    <p class='ocr_par' dir='ltr' id='par_1_62' title="bbox 2130 1693 3669 1774">
     <span class='ocr_line' id='line_1_63' title="bbox 2130 1693 3669 1774; baseline -0.01 -14"><span class='ocrx_word' id='word_1_409' title='bbox 2130 1706 2304 1774; x_wconf 75' lang='grc' dir='ltr'>ἁγίοις</span> <span class='ocrx_word' id='word_1_410' title='bbox 2350 1701 2650 1773; x_wconf 82' lang='grc' dir='ltr'>ἡγούμενοι</span> <span class='ocrx_word' id='word_1_411' title='bbox 2682 1696 2935 1761; x_wconf 71' lang='grc' dir='ltr'>ἔπεσθαι,</span> <span class='ocrx_word' id='word_1_412' title='bbox 2958 1695 3035 1766; x_wconf 80' lang='grc' dir='ltr'>τῷ</span> <span class='ocrx_word' id='word_1_413' title='bbox 3063 1696 3268 1764; x_wconf 82' lang='grc' dir='ltr'>λέγειν,</span> <span class='ocrx_word' id='word_1_414' title='bbox 3301 1694 3391 1747; x_wconf 78' lang='grc' dir='ltr'>τὸν</span> <span class='ocrx_word' id='word_1_415' title='bbox 3419 1693 3512 1763; x_wconf 81' lang='grc' dir='ltr'>μὲν</span> <span class='ocrx_word' id='word_1_416' title='bbox 3553 1694 3669 1745; x_wconf 86' lang='grc' dir='ltr'>Θεο-</span> 
     </span>
    </p>
   </div>
   <div class='ocr_carea' id='block_1_63' title="bbox 2128 1784 3670 1864">
    <p class='ocr_par' dir='ltr' id='par_1_63' title="bbox 2128 1784 3670 1864">
     <span class='ocr_line' id='line_1_64' title="bbox 2128 1784 3670 1864; baseline -0.009 -14"><span class='ocrx_word' id='word_1_417' title='bbox 2128 1798 2284 1864; x_wconf 87' lang='grc' dir='ltr'>λόγον</span> <span class='ocrx_word' id='word_1_418' title='bbox 2332 1793 2408 1863; x_wconf 82' lang='grc' dir='ltr'><strong>νῷ</strong></span> <span class='ocrx_word' id='word_1_419' title='bbox 2461 1792 2604 1859; x_wconf 84' lang='grc' dir='ltr'>μόνῳ</span> <span class='ocrx_word' id='word_1_420' title='bbox 2654 1789 2744 1842; x_wconf 84' lang='grc' dir='ltr'><strong>τδν</strong></span> <span class='ocrx_word' id='word_1_421' title='bbox 2790 1788 2921 1841; x_wconf 73' lang='grc' dir='ltr'>Θεὸν</span> <span class='ocrx_word' id='word_1_422' title='bbox 2952 1784 3455 1857; x_wconf 56' lang='grc' dir='ltr'>’σκιαγραιρεῖσθαῃ</span> <span class='ocrx_word' id='word_1_423' title='bbox 3490 1786 3583 1838; x_wconf 84' lang='grc' dir='ltr'>οὒκ</span> <span class='ocrx_word' id='word_1_424' title='bbox 3616 1788 3670 1836; x_wconf 79' lang='grc' dir='ltr'><strong>ἐκ</strong></span> 
     </span>
    </p>
   </div>
   <div class='ocr_carea' id='block_1_64' title="bbox 2061 1863 3670 1948">
    <p class='ocr_par' dir='ltr' id='par_1_64' title="bbox 2061 1863 3670 1948">
     <span class='ocr_line' id='line_1_65' title="bbox 2061 1863 3670 1948; baseline -0.009 -7"><span class='ocrx_word' id='word_1_425' title='bbox 2061 1863 2103 1918; x_wconf 75' lang='grc' dir='ltr'><strong><em>Β</em></strong></span> <span class='ocrx_word' id='word_1_426' title='bbox 2130 1863 2237 1941; x_wconf 75' lang='grc' dir='ltr'>τῶν</span> <span class='ocrx_word' id='word_1_427' title='bbox 2277 1885 2396 1940; x_wconf 82' lang='grc' dir='ltr'>κατ’</span> <span class='ocrx_word' id='word_1_428' title='bbox 2427 1884 2611 1945; x_wconf 79' lang='grc' dir='ltr'>αὑτὸν,</span> <span class='ocrx_word' id='word_1_429' title='bbox 2648 1882 2763 1935; x_wconf 84' lang='grc' dir='ltr'>ἀλλ’</span> <span class='ocrx_word' id='word_1_430' title='bbox 2796 1880 2859 1933; x_wconf 87' lang='grc' dir='ltr'><strong>ἐκ</strong></span> <span class='ocrx_word' id='word_1_431' title='bbox 2891 1880 3002 1933; x_wconf 84' lang='grc' dir='ltr'><strong>τῶν</strong></span> <span class='ocrx_word' id='word_1_432' title='bbox 3033 1880 3163 1948; x_wconf 74' lang='grc' dir='ltr'>περι</span> <span class='ocrx_word' id='word_1_433' title='bbox 3212 1878 3397 1942; x_wconf 76' lang='grc' dir='ltr'>αὐτὸν,</span> <span class='ocrx_word' id='word_1_434' title='bbox 3424 1877 3577 1947; x_wconf 79' lang='grc' dir='ltr'>ἀλλης</span> <span class='ocrx_word' id='word_1_435' title='bbox 3620 1878 3670 1941; x_wconf 80' lang='grc' dir='ltr'>ἐξ</span> 
     </span>
    </p>
   </div>
   <div class='ocr_carea' id='block_1_65' title="bbox 2132 1970 3669 2046">
    <p class='ocr_par' dir='ltr' id='par_1_65' title="bbox 2132 1970 3669 2046">
     <span class='ocr_line' id='line_1_66' title="bbox 2132 1970 3669 2046; baseline -0.01 -12"><span class='ocrx_word' id='word_1_436' title='bbox 2132 1978 2291 2034; x_wconf 85' lang='grc' dir='ltr'>ἀλλου</span> <span class='ocrx_word' id='word_1_437' title='bbox 2327 1974 2624 2046; x_wconf 85' lang='grc' dir='ltr'>φαντασίας</span> <span class='ocrx_word' id='word_1_438' title='bbox 2657 1971 3081 2041; x_wconf 70' lang='grc' dir='ltr'>συλλεγομένης,</span> <span class='ocrx_word' id='word_1_439' title='bbox 3106 1971 3185 2033; x_wconf 88' lang='grc' dir='ltr'>εἰς</span> <span class='ocrx_word' id='word_1_440' title='bbox 3239 1970 3297 2022; x_wconf 79' lang='grc' dir='ltr'><strong>ἐν</strong></span> <span class='ocrx_word' id='word_1_441' title='bbox 3343 1986 3394 2022; x_wconf 86' lang='grc' dir='ltr'><strong>τι</strong></span> <span class='ocrx_word' id='word_1_442' title='bbox 3424 1970 3519 2037; x_wconf 83' lang='grc' dir='ltr'>τῆς</span> <span class='ocrx_word' id='word_1_443' title='bbox 3549 1970 3669 2038; x_wconf 81' lang='grc' dir='ltr'>ἀλη-</span> 
     </span>
    </p>
   </div>
   <div class='ocr_carea' id='block_1_66' title="bbox 2132 2061 3669 2137">
    <p class='ocr_par' dir='ltr' id='par_1_66' title="bbox 2132 2061 3669 2137">
     <span class='ocr_line' id='line_1_67' title="bbox 2132 2061 3669 2137; baseline -0.007 -15"><span class='ocrx_word' id='word_1_444' title='bbox 2132 2070 2279 2131; x_wconf 83' lang='grc' dir='ltr'>θείας</span> <span class='ocrx_word' id='word_1_445' title='bbox 2308 2068 2559 2137; x_wconf 86' lang='grc' dir='ltr'>ἴνδαλμα,</span> <span class='ocrx_word' id='word_1_446' title='bbox 2590 2065 2684 2119; x_wconf 73' lang='grc' dir='ltr'><strong>καὶ</strong></span> <span class='ocrx_word' id='word_1_447' title='bbox 2734 2063 2803 2117; x_wconf 82' lang='grc' dir='ltr'><strong>τά</strong></span> <span class='ocrx_word' id='word_1_448' title='bbox 2834 2063 2980 2133; x_wconf 76' lang='grc' dir='ltr'>ἑξῆς.</span> <span class='ocrx_word' id='word_1_449' title='bbox 3014 2063 3118 2115; x_wconf 81' lang='grc' dir='ltr'>Τὸν</span> <span class='ocrx_word' id='word_1_450' title='bbox 3156 2061 3217 2114; x_wconf 73' lang='grc' dir='ltr'>δὲ</span> <span class='ocrx_word' id='word_1_451' title='bbox 3248 2062 3389 2115; x_wconf 87' lang='grc' dir='ltr'>θεῖον</span> <span class='ocrx_word' id='word_1_452' title='bbox 3419 2062 3669 2129; x_wconf 77' lang='grc' dir='ltr'>Μάξιμον,</span> 
     </span>
    </p>
   </div>
   <div class='ocr_carea' id='block_1_67' title="bbox 2139 2152 3673 2232">
    <p class='ocr_par' dir='ltr' id='par_1_67' title="bbox 2139 2152 3673 2232">
     <span class='ocr_line' id='line_1_68' title="bbox 2139 2152 3673 2232; baseline -0.013 -15"><span class='ocrx_word' id='word_1_453' title='bbox 2139 2161 2216 2232; x_wconf 83' lang='grc' dir='ltr'>μὴ</span> <span class='ocrx_word' id='word_1_454' title='bbox 2246 2158 2500 2213; x_wconf 87' lang='grc' dir='ltr'>δύνασθαι</span> <span class='ocrx_word' id='word_1_455' title='bbox 2554 2156 2644 2208; x_wconf 81' lang='grc' dir='ltr'><strong>τὸν</strong></span> <span class='ocrx_word' id='word_1_456' title='bbox 2694 2153 2816 2209; x_wconf 88' lang='grc' dir='ltr'>νοῦν</span> <span class='ocrx_word' id='word_1_457' title='bbox 2868 2153 3052 2223; x_wconf 80' lang='grc' dir='ltr'>ἀπαθῆ</span> <span class='ocrx_word' id='word_1_458' title='bbox 3099 2152 3355 2222; x_wconf 86' lang='grc' dir='ltr'>γενέσθαι</span> <span class='ocrx_word' id='word_1_459' title='bbox 3413 2154 3474 2204; x_wconf 84' lang='grc' dir='ltr'><strong>ἐκ</strong></span> <span class='ocrx_word' id='word_1_460' title='bbox 3524 2154 3673 2221; x_wconf 79' lang='grc' dir='ltr'>μόνης</span> 
     </span>
    </p>
   </div>
   <div class='ocr_carea' id='block_1_68' title="bbox 2131 2242 3674 2319">
    <p class='ocr_par' dir='ltr' id='par_1_68' title="bbox 2131 2242 3674 2319">
     <span class='ocr_line' id='line_1_69' title="bbox 2131 2242 3674 2319; baseline -0.006 -16"><span class='ocrx_word' id='word_1_461' title='bbox 2131 2254 2238 2319; x_wconf 75' lang='grc' dir='ltr'>τῆς</span> <span class='ocrx_word' id='word_1_462' title='bbox 2264 2248 2532 2319; x_wconf 80' lang='grc' dir='ltr'>πράξεως,</span> <span class='ocrx_word' id='word_1_463' title='bbox 2566 2246 2661 2300; x_wconf 77' lang='grc' dir='ltr'>ἐὰν</span> <span class='ocrx_word' id='word_1_464' title='bbox 2691 2247 2765 2315; x_wconf 83' lang='grc' dir='ltr'><strong>μὴ</strong></span> <span class='ocrx_word' id='word_1_465' title='bbox 2788 2245 3135 2319; x_wconf 81' lang='grc' dir='ltr'>διαδέχωνται</span> <span class='ocrx_word' id='word_1_466' title='bbox 3164 2244 3330 2297; x_wconf 78' lang='grc' dir='ltr'>αὑτὸν</span> <span class='ocrx_word' id='word_1_467' title='bbox 3362 2242 3546 2296; x_wconf 79' lang='grc' dir='ltr'>πολλαὶ</span> <span class='ocrx_word' id='word_1_468' title='bbox 3592 2246 3674 2294; x_wconf 83' lang='grc' dir='ltr'><strong>καὶ</strong></span> 
     </span>
    </p>
   </div>
   <div class='ocr_carea' id='block_1_69' title="bbox 2140 2316 3674 2409">
    <p class='ocr_par' dir='ltr' id='par_1_69' title="bbox 2140 2316 3674 2409">
     <span class='ocr_line' id='line_1_70' title="bbox 2140 2316 3674 2409; baseline -0.008 -13"><span class='ocrx_word' id='word_1_469' title='bbox 2140 2316 2378 2396; x_wconf 76' lang='grc' dir='ltr'>ποικίλαι</span> <span class='ocrx_word' id='word_1_470' title='bbox 2394 2340 2636 2409; x_wconf 86' lang='grc' dir='ltr'>θεωρίαι.</span> <span class='ocrx_word' id='word_1_471' title='bbox 2683 2337 2916 2407; x_wconf 78' lang='grc' dir='ltr'>Ὁμοίως</span> <span class='ocrx_word' id='word_1_472' title='bbox 2942 2337 3036 2389; x_wconf 78' lang='grc' dir='ltr'><strong>καὶ</strong></span> <span class='ocrx_word' id='word_1_473' title='bbox 3060 2316 3288 2407; x_wconf 74' lang='grc' dir='ltr'>ἐτέρους</span> <span class='ocrx_word' id='word_1_474' title='bbox 3311 2334 3491 2402; x_wconf 82' lang='grc' dir='ltr'>ἁγίους</span> <span class='ocrx_word' id='word_1_475' title='bbox 3507 2335 3570 2387; x_wconf 67' lang='grc' dir='ltr'>τὰ</span> <span class='ocrx_word' id='word_1_476' title='bbox 3592 2337 3674 2386; x_wconf 69' lang='lat' dir='ltr'><strong>is:</strong></span> 
     </span>
    </p>
   </div>
   <div class='ocr_carea' id='block_1_70' title="bbox 2128 2426 3671 2499">
    <p class='ocr_par' dir='ltr' id='par_1_70' title="bbox 2128 2426 3671 2499">
     <span class='ocr_line' id='line_1_71' title="bbox 2128 2426 3671 2499; baseline -0.005 -15"><span class='ocrx_word' id='word_1_477' title='bbox 2128 2435 2336 2493; x_wconf 66' lang='grc' dir='ltr'>τούτοις</span> <span class='ocrx_word' id='word_1_478' title='bbox 2384 2428 2800 2499; x_wconf 89' lang='grc' dir='ltr'>διαγορεύοντας</span> <span class='ocrx_word' id='word_1_479' title='bbox 2830 2469 2845 2491; x_wconf 92' lang='grc'><strong>,</strong></span> <span class='ocrx_word' id='word_1_480' title='bbox 2873 2430 2922 2479; x_wconf 79' lang='lat' dir='ltr'><strong>oi</strong></span> <span class='ocrx_word' id='word_1_481' title='bbox 2960 2426 3190 2479; x_wconf 84' lang='grc' dir='ltr'>τοιοῦτοι</span> <span class='ocrx_word' id='word_1_482' title='bbox 3252 2427 3671 2495; x_wconf 81' lang='grc' dir='ltr'>γινωσκέτωσαν,</span> 
     </span>
    </p>
   </div>
   <div class='ocr_carea' id='block_1_71' title="bbox 2144 2508 3673 2591">
    <p class='ocr_par' dir='ltr' id='par_1_71' title="bbox 2144 2508 3673 2591">
     <span class='ocr_line' id='line_1_72' title="bbox 2144 2508 3673 2591; baseline -0.005 -14"><span class='ocrx_word' id='word_1_483' title='bbox 2144 2524 2218 2585; x_wconf 82' lang='grc' dir='ltr'>ὡς</span> <span class='ocrx_word' id='word_1_484' title='bbox 2247 2523 2472 2585; x_wconf 88' lang='grc' dir='ltr'>ἐκείνοις</span> <span class='ocrx_word' id='word_1_485' title='bbox 2498 2523 2611 2583; x_wconf 89' lang='grc' dir='ltr'>τοῖς</span> <span class='ocrx_word' id='word_1_486' title='bbox 2634 2519 2921 2591; x_wconf 80' lang='grc' dir='ltr'>μακαρίοις</span> <span class='ocrx_word' id='word_1_487' title='bbox 2957 2520 3017 2572; x_wconf 83' lang='grc' dir='ltr'>οὐ</span> <span class='ocrx_word' id='word_1_488' title='bbox 3048 2520 3173 2589; x_wconf 70' lang='grc' dir='ltr'>περὶ</span> <span class='ocrx_word' id='word_1_489' title='bbox 3211 2519 3315 2587; x_wconf 81' lang='grc' dir='ltr'>τῆς</span> <span class='ocrx_word' id='word_1_490' title='bbox 3336 2508 3477 2571; x_wconf 80' lang='grc' dir='ltr'><strong>κατά</strong></span> <span class='ocrx_word' id='word_1_491' title='bbox 3512 2534 3673 2585; x_wconf 71' lang='grc' dir='ltr'><strong>παρα⁸</strong></span> 
     </span>
    </p>
   </div>
   <div class='ocr_carea' id='block_1_72' title="bbox 2128 2605 3673 2682">
    <p class='ocr_par' dir='ltr' id='par_1_72' title="bbox 2128 2605 3673 2682">
     <span class='ocr_line' id='line_1_73' title="bbox 2128 2605 3673 2682; baseline -0.005 -17"><span class='ocrx_word' id='word_1_492' title='bbox 2128 2612 2286 2682; x_wconf 70' lang='grc' dir='ltr'>δοχὴν</span> <span class='ocrx_word' id='word_1_493' title='bbox 2313 2611 2570 2680; x_wconf 74' lang='grc' dir='ltr'>ἐργασίας</span> <span class='ocrx_word' id='word_1_494' title='bbox 2595 2611 2795 2675; x_wconf 79' lang='grc' dir='ltr'>ἐκεῖσε,</span> <span class='ocrx_word' id='word_1_495' title='bbox 2829 2610 2922 2661; x_wconf 73' lang='grc' dir='ltr'><strong>καὶ</strong></span> <span class='ocrx_word' id='word_1_496' title='bbox 2947 2608 3187 2678; x_wconf 82' lang='grc' dir='ltr'>χάριτος,</span> <span class='ocrx_word' id='word_1_497' title='bbox 3225 2609 3326 2675; x_wconf 88' lang='grc' dir='ltr'>τῆς</span> <span class='ocrx_word' id='word_1_498' title='bbox 3359 2605 3673 2675; x_wconf 79' lang='grc' dir='ltr'>γνωστικῆς,</span> 
     </span>
    </p>
   </div>
   <div class='ocr_carea' id='block_1_73' title="bbox 2130 2696 3673 2774">
    <p class='ocr_par' dir='ltr' id='par_1_73' title="bbox 2130 2696 3673 2774">
     <span class='ocr_line' id='line_1_74' title="bbox 2130 2696 3673 2774; baseline -0.006 -17"><span class='ocrx_word' id='word_1_499' title='bbox 2130 2705 2288 2774; x_wconf 84' lang='grc' dir='ltr'>αμὲν,</span> <span class='ocrx_word' id='word_1_500' title='bbox 2334 2704 2427 2756; x_wconf 79' lang='grc' dir='ltr'>καὶ</span> <span class='ocrx_word' id='word_1_501' title='bbox 2454 2701 2773 2770; x_wconf 64' lang='grc' dir='ltr'>ἐποπικῆς,</span> <span class='ocrx_word' id='word_1_502' title='bbox 2811 2701 2905 2753; x_wconf 85' lang='grc' dir='ltr'><strong>καί</strong></span> <span class='ocrx_word' id='word_1_503' title='bbox 2934 2700 3069 2769; x_wconf 79' lang='grc' dir='ltr'>αὐτῇ</span> <span class='ocrx_word' id='word_1_504' title='bbox 3122 2699 3293 2770; x_wconf 71' lang='grc' dir='ltr'>πείρα</span> <span class='ocrx_word' id='word_1_505' title='bbox 3320 2696 3673 2764; x_wconf 73' lang='grc' dir='ltr'>συναπτούσης</span> 
     </span>
    </p>
   </div>
   <div class='ocr_carea' id='block_1_74' title="bbox 2129 2788 3675 2864">
    <p class='ocr_par' dir='ltr' id='par_1_74' title="bbox 2129 2788 3675 2864">
     <span class='ocr_line' id='line_1_75' title="bbox 2129 2788 3675 2864; baseline -0.003 -17"><span class='ocrx_word' id='word_1_506' title='bbox 2129 2794 2248 2864; x_wconf 84' lang='grc' dir='ltr'><strong>Θεῷ</strong></span> <span class='ocrx_word' id='word_1_507' title='bbox 2273 2796 2362 2847; x_wconf 78' lang='grc' dir='ltr'><strong>τὸν</strong></span> <span class='ocrx_word' id='word_1_508' title='bbox 2386 2794 2687 2864; x_wconf 76' lang='grc' dir='ltr'>ἄνθρωπον,</span> <span class='ocrx_word' id='word_1_509' title='bbox 2720 2795 2768 2846; x_wconf 79' lang='lat' dir='ltr'><strong>oi</strong></span> <span class='ocrx_word' id='word_1_510' title='bbox 2793 2793 2939 2863; x_wconf 83' lang='grc' dir='ltr'>λόγοι</span> <span class='ocrx_word' id='word_1_511' title='bbox 2977 2788 3122 2846; x_wconf 82' lang='grc' dir='ltr'>οῦτοι</span> <span class='ocrx_word' id='word_1_512' title='bbox 3158 2796 3470 2861; x_wconf 68' lang='grc' dir='ltr'>πεφήνασιν</span> <span class='ocrx_word' id='word_1_513' title='bbox 3506 2807 3520 2821; x_wconf 77' lang='grc' dir='ltr'><strong>ο</strong></span> <span class='ocrx_word' id='word_1_514' title='bbox 3554 2790 3675 2842; x_wconf 65' lang='grc' dir='ltr'><strong>ἁλὶ-1</strong></span> 
     </span>
    </p>
   </div>
   <div class='ocr_carea' id='block_1_75' title="bbox 2134 2883 3674 2957">
    <p class='ocr_par' dir='ltr' id='par_1_75' title="bbox 2134 2883 3674 2957">
     <span class='ocr_line' id='line_1_76' title="bbox 2134 2883 3674 2957; baseline -0.003 -18"><span class='ocrx_word' id='word_1_515' title='bbox 2134 2886 2380 2956; x_wconf 77' lang='grc' dir='ltr'>περὶτῆς</span> <span class='ocrx_word' id='word_1_516' title='bbox 2412 2888 2531 2940; x_wconf 83' lang='grc' dir='ltr'>κατ’</span> <span class='ocrx_word' id='word_1_517' title='bbox 2558 2887 2833 2957; x_wconf 75' lang='grc' dir='ltr'>ἐπιϐολὴν,</span> <span class='ocrx_word' id='word_1_518' title='bbox 2862 2886 3081 2956; x_wconf 84' lang='grc' dir='ltr'>δηλαδὴ,</span> <span class='ocrx_word' id='word_1_519' title='bbox 3112 2884 3213 2954; x_wconf 76' lang='grc' dir='ltr'>τῆς</span> <span class='ocrx_word' id='word_1_520' title='bbox 3242 2887 3314 2937; x_wconf 82' lang='grc' dir='ltr'><strong>ἐκ</strong></span> <span class='ocrx_word' id='word_1_521' title='bbox 3348 2885 3444 2953; x_wconf 84' lang='grc' dir='ltr'><strong>τῆς</strong></span> <span class='ocrx_word' id='word_1_522' title='bbox 3482 2883 3674 2950; x_wconf 81' lang='grc' dir='ltr'>σοφίας,</span> 
     </span>
    </p>
   </div>
   <div class='ocr_carea' id='block_1_76' title="bbox 2131 2973 3678 3045">
    <p class='ocr_par' dir='ltr' id='par_1_76' title="bbox 2131 2973 3678 3045">
     <span class='ocr_line' id='line_1_77' title="bbox 2131 2973 3678 3045; baseline -0.006 -14"><span class='ocrx_word' id='word_1_523' title='bbox 2131 2980 2225 3031; x_wconf 73' lang='grc' dir='ltr'><strong>καὶ</strong></span> <span class='ocrx_word' id='word_1_524' title='bbox 2256 2978 2355 3045; x_wconf 86' lang='grc' dir='ltr'>τῆς</span> <span class='ocrx_word' id='word_1_525' title='bbox 2396 2977 2504 3030; x_wconf 83' lang='grc' dir='ltr'><strong>τῶν</strong></span> <span class='ocrx_word' id='word_1_526' title='bbox 2539 2977 2705 3029; x_wconf 69' lang='grc' dir='ltr'>ὄντων</span> <span class='ocrx_word' id='word_1_527' title='bbox 2739 2976 3048 3043; x_wconf 81' lang='grc' dir='ltr'>ἀναλογίας,</span> <span class='ocrx_word' id='word_1_528' title='bbox 3086 2977 3181 3028; x_wconf 74' lang='grc' dir='ltr'><strong>καὶ</strong></span> <span class='ocrx_word' id='word_1_529' title='bbox 3204 2975 3477 3045; x_wconf 83' lang='grc' dir='ltr'>ἁρμονίας</span> <span class='ocrx_word' id='word_1_530' title='bbox 3508 2973 3678 3026; x_wconf 84' lang='grc' dir='ltr'>συλλε-</span> 
     </span>
    </p>
   </div>
   <div class='ocr_carea' id='block_1_77' title="bbox 2130 3066 3676 3138">
    <p class='ocr_par' dir='ltr' id='par_1_77' title="bbox 2130 3066 3676 3138">
     <span class='ocr_line' id='line_1_78' title="bbox 2130 3066 3676 3138; baseline -0.003 -18"><span class='ocrx_word' id='word_1_531' title='bbox 2130 3069 2366 3137; x_wconf 82' lang='grc' dir='ltr'>γομένης</span> <span class='ocrx_word' id='word_1_532' title='bbox 2389 3067 2638 3136; x_wconf 82' lang='grc' dir='ltr'>θεωρίας,</span> <span class='ocrx_word' id='word_1_533' title='bbox 2663 3069 2757 3120; x_wconf 71' lang='grc' dir='ltr'>καὶ</span> <span class='ocrx_word' id='word_1_534' title='bbox 2786 3070 2866 3130; x_wconf 84' lang='grc' dir='ltr'>εἰς</span> <span class='ocrx_word' id='word_1_535' title='bbox 2895 3069 2993 3137; x_wconf 84' lang='grc' dir='ltr'><strong>τὴν</strong></span> <span class='ocrx_word' id='word_1_536' title='bbox 3020 3068 3146 3138; x_wconf 74' lang='grc' dir='ltr'>περὶ</span> <span class='ocrx_word' id='word_1_537' title='bbox 3175 3066 3320 3119; x_wconf 82' lang='grc' dir='ltr'>Θεοῦ</span> <span class='ocrx_word' id='word_1_538' title='bbox 3353 3067 3554 3119; x_wconf 77' lang='grc' dir='ltr'>ἔννοιαν</span> <span class='ocrx_word' id='word_1_539' title='bbox 3583 3080 3676 3115; x_wconf 81' lang='grc' dir='ltr'>πα-</span> 
     </span>
    </p>
   </div>
   <div class='ocr_carea' id='block_1_78' title="bbox 2135 3155 3676 3228">
    <p class='ocr_par' dir='ltr' id='par_1_78' title="bbox 2135 3155 3676 3228">
     <span class='ocr_line' id='line_1_79' title="bbox 2135 3155 3676 3228; baseline -0.004 -17"><span class='ocrx_word' id='word_1_540' title='bbox 2135 3158 2514 3227; x_wconf 86' lang='grc' dir='ltr'>ρακυπτούσης</span> <span class='ocrx_word' id='word_1_541' title='bbox 2535 3157 2794 3227; x_wconf 83' lang='grc' dir='ltr'>ἀμυδρῶς</span> <span class='ocrx_word' id='word_1_542' title='bbox 2818 3175 2957 3221; x_wconf 88' lang='grc' dir='ltr'>πως,</span> <span class='ocrx_word' id='word_1_543' title='bbox 2991 3159 3180 3228; x_wconf 76' lang='grc' dir='ltr'>ἥντινα</span> <span class='ocrx_word' id='word_1_544' title='bbox 3200 3159 3303 3211; x_wconf 70' lang='grc' dir='ltr'><strong>καὶ</strong></span> <span class='ocrx_word' id='word_1_545' title='bbox 3324 3161 3435 3221; x_wconf 83' lang='grc' dir='ltr'>τοῖς</span> <span class='ocrx_word' id='word_1_546' title='bbox 3462 3155 3676 3213; x_wconf 73' lang='grc' dir='ltr'>πολλοῖς,</span> 
     </span>
    </p>
   </div>
   <div class='ocr_carea' id='block_1_79' title="bbox 2134 3245 3675 3320">
    <p class='ocr_par' dir='ltr' id='par_1_79' title="bbox 2134 3245 3675 3320">
     <span class='ocr_line' id='line_1_80' title="bbox 2134 3245 3675 3320; baseline 0 -17"><span class='ocrx_word' id='word_1_547' title='bbox 2134 3251 2331 3320; x_wconf 78' lang='grc' dir='ltr'>μᾶλλον</span> <span class='ocrx_word' id='word_1_548' title='bbox 2377 3251 2434 3303; x_wconf 80' lang='grc' dir='ltr'><strong>δέ</strong></span> <span class='ocrx_word' id='word_1_549' title='bbox 2469 3253 2633 3304; x_wconf 83' lang='grc' dir='ltr'>πᾶσιν</span> <span class='ocrx_word' id='word_1_550' title='bbox 2669 3250 2813 3315; x_wconf 75' lang='grc' dir='ltr'>ἅπαξ</span> <span class='ocrx_word' id='word_1_551' title='bbox 2854 3251 3039 3312; x_wconf 80' lang='grc' dir='ltr'>ἁπλῶς</span> <span class='ocrx_word' id='word_1_552' title='bbox 3080 3248 3255 3313; x_wconf 77' lang='grc' dir='ltr'>ἔξεστι</span> <span class='ocrx_word' id='word_1_553' title='bbox 3313 3245 3675 3319; x_wconf 76' lang='grc' dir='ltr'>μετέρχεσθαι.</span> 
     </span>
    </p>
   </div>
   <div class='ocr_carea' id='block_1_80' title="bbox 2129 3337 3678 3414">
    <p class='ocr_par' dir='ltr' id='par_1_80' title="bbox 2129 3337 3678 3414">
     <span class='ocr_line' id='line_1_81' title="bbox 2129 3337 3678 3414; baseline -0.006 -17"><span class='ocrx_word' id='word_1_554' title='bbox 2129 3344 2224 3398; x_wconf 77' lang='grc' dir='ltr'>καὶ</span> <span class='ocrx_word' id='word_1_555' title='bbox 2260 3344 2607 3405; x_wconf 88' lang='grc' dir='ltr'>διανοεῖσθαι,</span> <span class='ocrx_word' id='word_1_556' title='bbox 2638 3346 2713 3409; x_wconf 86' lang='grc' dir='ltr'>ὡς</span> <span class='ocrx_word' id='word_1_557' title='bbox 2764 3343 3201 3413; x_wconf 72' lang='grc' dir='ltr'>ἐπωτημονικῶς</span> <span class='ocrx_word' id='word_1_558' title='bbox 3242 3342 3358 3414; x_wconf 79' lang='grc' dir='ltr'><strong>[Ῑσ.</strong></span> <span class='ocrx_word' id='word_1_559' title='bbox 3408 3342 3590 3395; x_wconf 72' lang='grc' dir='ltr'>,λείπει</span> <span class='ocrx_word' id='word_1_560' title='bbox 3620 3337 3678 3389; x_wconf 84' lang='grc' dir='ltr'>τὸ</span> 
     </span>
    </p>
   </div>
   <div class='ocr_carea' id='block_1_81' title="bbox 2129 3425 3677 3505">
    <p class='ocr_par' dir='ltr' id='par_1_81' title="bbox 2129 3425 3677 3505">
     <span class='ocr_line' id='line_1_82' title="bbox 2129 3425 3677 3505; baseline -0.001 -17"><span class='ocrx_word' id='word_1_561' title='bbox 2129 3433 2235 3505; x_wconf 87' lang='grc' dir='ltr'>τις]</span> <span class='ocrx_word' id='word_1_562' title='bbox 2281 3434 2380 3497; x_wconf 80' lang='grc' dir='ltr'><strong>τὰς</strong></span> <span class='ocrx_word' id='word_1_563' title='bbox 2434 3434 2689 3498; x_wconf 77' lang='grc' dir='ltr'>τοιαύτας</span> <span class='ocrx_word' id='word_1_564' title='bbox 2736 3435 2845 3487; x_wconf 84' lang='grc' dir='ltr'>τῶν</span> <span class='ocrx_word' id='word_1_565' title='bbox 2895 3436 3066 3503; x_wconf 81' lang='grc' dir='ltr'>ἁγίων</span> <span class='ocrx_word' id='word_1_566' title='bbox 3108 3434 3340 3503; x_wconf 75' lang='grc' dir='ltr'>χρήσεις</span> <span class='ocrx_word' id='word_1_567' title='bbox 3392 3425 3677 3500; x_wconf 72' lang='grc' dir='ltr'>ἐξητακὼς,</span> 
     </span>
    </p>
   </div>
   <div class='ocr_carea' id='block_1_82' title="bbox 2128 3517 3680 3596">
    <p class='ocr_par' dir='ltr' id='par_1_82' title="bbox 2128 3517 3680 3596">
     <span class='ocr_line' id='line_1_83' title="bbox 2128 3517 3680 3596; baseline -0.006 -18"><span class='ocrx_word' id='word_1_568' title='bbox 2128 3524 2372 3595; x_wconf 81' lang='grc' dir='ltr'>ἐναργῶς</span> <span class='ocrx_word' id='word_1_569' title='bbox 2402 3526 2626 3593; x_wconf 75' lang='grc' dir='ltr'>εἵσεται,</span> <span class='ocrx_word' id='word_1_570' title='bbox 2653 3527 2728 3589; x_wconf 86' lang='grc' dir='ltr'>ὡς</span> <span class='ocrx_word' id='word_1_571' title='bbox 2766 3527 3073 3596; x_wconf 84' lang='grc' dir='ltr'>γέγραπται</span> <span class='ocrx_word' id='word_1_572' title='bbox 3100 3540 3119 3577; x_wconf 62' lang='grc' dir='ltr'><strong>τ</strong></span> <span class='ocrx_word' id='word_1_573' title='bbox 3160 3525 3253 3576; x_wconf 81' lang='grc' dir='ltr'>Ἐκ</span> <span class='ocrx_word' id='word_1_574' title='bbox 3290 3522 3553 3593; x_wconf 84' lang='grc' dir='ltr'>μεγέθους</span> <span class='ocrx_word' id='word_1_575' title='bbox 3594 3517 3680 3569; x_wconf 81' lang='grc' dir='ltr'>καὶ</span> 
     </span>
    </p>
   </div>
   <div class='ocr_carea' id='block_1_83' title="bbox 2130 3608 3679 3688">
    <p class='ocr_par' dir='ltr' id='par_1_83' title="bbox 2130 3608 3679 3688">
     <span class='ocr_line' id='line_1_84' title="bbox 2130 3608 3679 3688; baseline -0.005 -18"><span class='ocrx_word' id='word_1_576' title='bbox 2130 3617 2391 3687; x_wconf 83' lang='grc' dir='ltr'>καλλονῆς</span> <span class='ocrx_word' id='word_1_577' title='bbox 2414 3608 2725 3688; x_wconf 76' lang='grc' dir='ltr'>κτισμάτων</span> <span class='ocrx_word' id='word_1_578' title='bbox 2759 3618 3034 3686; x_wconf 83' lang='grc' dir='ltr'>ἀναλόγως</span> <span class='ocrx_word' id='word_1_579' title='bbox 3055 3619 3082 3670; x_wconf 77' lang='grc' dir='ltr'><strong>ὁ</strong></span> <span class='ocrx_word' id='word_1_580' title='bbox 3114 3614 3495 3685; x_wconf 78' lang='grc' dir='ltr'>γενεσιουργὺς</span> <span class='ocrx_word' id='word_1_581' title='bbox 3526 3626 3679 3664; x_wconf 84' lang='grc' dir='ltr'>κατα-</span> 
     </span>
    </p>
   </div>
   <div class='ocr_carea' id='block_1_84' title="bbox 2130 3703 3681 3779">
    <p class='ocr_par' dir='ltr' id='par_1_84' title="bbox 2130 3703 3681 3779">
     <span class='ocr_line' id='line_1_85' title="bbox 2130 3703 3681 3779; baseline -0.003 -19"><span class='ocrx_word' id='word_1_582' title='bbox 2130 3708 2504 3777; x_wconf 75' lang='grc' dir='ltr'>λαμϐάνεται·</span> <span class='ocrx_word' id='word_1_583' title='bbox 2562 3709 2825 3779; x_wconf 76' lang='grc' dir='ltr'>οὐμενοῦν</span> <span class='ocrx_word' id='word_1_584' title='bbox 2875 3711 2939 3762; x_wconf 88' lang='grc' dir='ltr'><strong>ἐκ</strong></span> <span class='ocrx_word' id='word_1_585' title='bbox 2987 3710 3084 3778; x_wconf 86' lang='grc' dir='ltr'><strong>τῆς</strong></span> <span class='ocrx_word' id='word_1_586' title='bbox 3144 3709 3286 3761; x_wconf 82' lang='grc' dir='ltr'><strong>κατά</strong></span> <span class='ocrx_word' id='word_1_587' title='bbox 3342 3708 3543 3776; x_wconf 73' lang='grc' dir='ltr'>κόσμον</span> <span class='ocrx_word' id='word_1_588' title='bbox 3596 3703 3681 3757; x_wconf 77' lang='grc' dir='ltr'>καὶ</span> 
     </span>
    </p>
   </div>
   <div class='ocr_carea' id='block_1_85' title="bbox 2132 3795 3681 3870">
    <p class='ocr_par' dir='ltr' id='par_1_85' title="bbox 2132 3795 3681 3870">
     <span class='ocr_line' id='line_1_86' title="bbox 2132 3795 3681 3870; baseline 0.001 -17"><span class='ocrx_word' id='word_1_589' title='bbox 2132 3800 2368 3870; x_wconf 86' lang='grc' dir='ltr'>θύραθεν</span> <span class='ocrx_word' id='word_1_590' title='bbox 2422 3800 2754 3870; x_wconf 88' lang='grc' dir='ltr'>πολυλέσχου</span> <span class='ocrx_word' id='word_1_591' title='bbox 2820 3800 2914 3854; x_wconf 73' lang='grc' dir='ltr'><strong>καὶ</strong></span> <span class='ocrx_word' id='word_1_592' title='bbox 2951 3800 3183 3869; x_wconf 82' lang='grc' dir='ltr'>ματαίας</span> <span class='ocrx_word' id='word_1_593' title='bbox 3212 3797 3469 3869; x_wconf 81' lang='grc' dir='ltr'>τεχνικῆς</span> <span class='ocrx_word' id='word_1_594' title='bbox 3520 3795 3681 3865; x_wconf 73' lang='grc' dir='ltr'><strong>μαοή’</strong></span> 
     </span>
    </p>
   </div>
   <div class='ocr_carea' id='block_1_86' title="bbox 2133 3886 3682 3960">
    <p class='ocr_par' dir='ltr' id='par_1_86' title="bbox 2133 3886 3682 3960">
     <span class='ocr_line' id='line_1_87' title="bbox 2133 3886 3682 3960; baseline -0.007 -18"><span class='ocrx_word' id='word_1_595' title='bbox 2133 3907 2269 3953; x_wconf 91' lang='grc' dir='ltr'>σεως</span> <span class='ocrx_word' id='word_1_596' title='bbox 2291 3905 2305 3918; x_wconf 74' lang='grc'><strong>⁸</strong></span> <span class='ocrx_word' id='word_1_597' title='bbox 2328 3888 2463 3959; x_wconf 90' lang='grc' dir='ltr'>αῦτη</span> <span class='ocrx_word' id='word_1_598' title='bbox 2492 3893 2599 3960; x_wconf 78' lang='grc' dir='ltr'><strong>γὰρ</strong></span> <span class='ocrx_word' id='word_1_599' title='bbox 2626 3890 2699 3951; x_wconf 83' lang='grc' dir='ltr'><strong>ὡς</strong></span> <span class='ocrx_word' id='word_1_600' title='bbox 2722 3889 2910 3958; x_wconf 82' lang='grc' dir='ltr'>λάτρις</span> <span class='ocrx_word' id='word_1_601' title='bbox 2956 3888 3209 3956; x_wconf 77' lang='grc' dir='ltr'>ἄσεμνος,</span> <span class='ocrx_word' id='word_1_602' title='bbox 3243 3886 3340 3938; x_wconf 72' lang='grc' dir='ltr'>καὶ</span> <span class='ocrx_word' id='word_1_603' title='bbox 3396 3886 3682 3949; x_wconf 84' lang='grc' dir='ltr'>ἐπιστημο-</span> 
     </span>
    </p>
   </div>
   <div class='ocr_carea' id='block_1_87' title="bbox 2130 3976 3682 4051">
    <p class='ocr_par' dir='ltr' id='par_1_87' title="bbox 2130 3976 3682 4051">
     <span class='ocr_line' id='line_1_88' title="bbox 2130 3976 3682 4051; baseline -0.005 -18"><span class='ocrx_word' id='word_1_604' title='bbox 2130 3984 2277 4051; x_wconf 82' lang='grc' dir='ltr'>νικῇ,</span> <span class='ocrx_word' id='word_1_605' title='bbox 2308 3981 2402 4035; x_wconf 83' lang='grc' dir='ltr'>καὶ</span> <span class='ocrx_word' id='word_1_606' title='bbox 2427 3982 2735 4049; x_wconf 79' lang='grc' dir='ltr'>σοφιστικῇ,</span> <span class='ocrx_word' id='word_1_607' title='bbox 2768 3978 2862 4031; x_wconf 76' lang='grc' dir='ltr'>καὶ</span> <span class='ocrx_word' id='word_1_608' title='bbox 2924 3977 3275 4046; x_wconf 80' lang='grc' dir='ltr'>ἀποδεικτικῇ</span> <span class='ocrx_word' id='word_1_609' title='bbox 3332 3976 3507 4046; x_wconf 76' lang='grc' dir='ltr'>οἰήσει</span> <span class='ocrx_word' id='word_1_610' title='bbox 3558 3989 3682 4040; x_wconf 82' lang='grc' dir='ltr'>γαυ-</span> 
     </span>
    </p>
   </div>
   <div class='ocr_carea' id='block_1_88' title="bbox 2134 4061 3680 4144">
    <p class='ocr_par' dir='ltr' id='par_1_88' title="bbox 2134 4061 3680 4144">
     <span class='ocr_line' id='line_1_89' title="bbox 2134 4061 3680 4144; baseline -0.008 -21"><span class='ocrx_word' id='word_1_611' title='bbox 2134 4072 2372 4144; x_wconf 85' lang='grc' dir='ltr'>ρουμένη</span> <span class='ocrx_word' id='word_1_612' title='bbox 2407 4110 2422 4133; x_wconf 93' lang='grc'><strong>,</strong></span> <span class='ocrx_word' id='word_1_613' title='bbox 2480 4072 2580 4123; x_wconf 82' lang='grc' dir='ltr'><strong>οὐκ</strong></span> <span class='ocrx_word' id='word_1_614' title='bbox 2614 4069 2941 4139; x_wconf 78' lang='grc' dir='ltr'>εύαγγελικῇ</span> <span class='ocrx_word' id='word_1_615' title='bbox 2993 4068 3171 4120; x_wconf 77' lang='grc' dir='ltr'>πίστει</span> <span class='ocrx_word' id='word_1_616' title='bbox 3204 4108 3219 4133; x_wconf 91' lang='grc'><strong>,</strong></span> <span class='ocrx_word' id='word_1_617' title='bbox 3271 4068 3369 4119; x_wconf 72' lang='grc' dir='ltr'><strong>καλ⁵</strong></span> <span class='ocrx_word' id='word_1_618' title='bbox 3423 4061 3680 4119; x_wconf 85' lang='grc' dir='ltr'>ταπεινὼ-</span> 
     </span>
    </p>
   </div>
   <div class='ocr_carea' id='block_1_89' title="bbox 2135 4153 3679 4231">
    <p class='ocr_par' dir='ltr' id='par_1_89' title="bbox 2135 4153 3679 4231">
     <span class='ocr_line' id='line_1_90' title="bbox 2135 4153 3679 4231; baseline -0.006 -16"><span class='ocrx_word' id='word_1_619' title='bbox 2135 4179 2263 4225; x_wconf 90' lang='grc' dir='ltr'>σει,</span> <span class='ocrx_word' id='word_1_620' title='bbox 2322 4163 2419 4214; x_wconf 70' lang='grc' dir='ltr'><strong>καὶ</strong></span> <span class='ocrx_word' id='word_1_621' title='bbox 2496 4161 2687 4231; x_wconf 81' lang='grc' dir='ltr'>ἀληθεῖ</span> <span class='ocrx_word' id='word_1_622' title='bbox 2761 4158 3155 4227; x_wconf 67' lang='grc' dir='ltr'>συγκαταθέσει</span> <span class='ocrx_word' id='word_1_623' title='bbox 3232 4153 3637 4227; x_wconf 82' lang='grc' dir='ltr'>στοιχειουμένη</span> <span class='ocrx_word' id='word_1_624' title='bbox 3667 4167 3679 4180; x_wconf 94' lang='grc'><strong>·</strong></span> 
     </span>
    </p>
   </div>
   <div class='ocr_carea' id='block_1_90' title="bbox 2134 4248 3681 4323">
    <p class='ocr_par' dir='ltr' id='par_1_90' title="bbox 2134 4248 3681 4323">
     <span class='ocr_line' id='line_1_91' title="bbox 2134 4248 3681 4323; baseline -0.008 -18"><span class='ocrx_word' id='word_1_625' title='bbox 2134 4252 2323 4323; x_wconf 74' lang='grc' dir='ltr'>πόρρω</span> <span class='ocrx_word' id='word_1_626' title='bbox 2395 4251 2504 4305; x_wconf 86' lang='grc' dir='ltr'><strong>τῶν</strong></span> <span class='ocrx_word' id='word_1_627' title='bbox 2600 4250 2758 4322; x_wconf 85' lang='grc' dir='ltr'>ίερῶν</span> <span class='ocrx_word' id='word_1_628' title='bbox 2841 4248 3129 4319; x_wconf 81' lang='grc' dir='ltr'>προθύρων</span> <span class='ocrx_word' id='word_1_629' title='bbox 3221 4248 3681 4318; x_wconf 83' lang='grc' dir='ltr'>ἐξωστράκισται,</span> 
     </span>
    </p>
   </div>
   <div class='ocr_carea' id='block_1_91' title="bbox 2132 4334 3684 4415">
    <p class='ocr_par' dir='ltr' id='par_1_91' title="bbox 2132 4334 3684 4415">
     <span class='ocr_line' id='line_1_92' title="bbox 2132 4334 3684 4415; baseline -0.008 -18"><span class='ocrx_word' id='word_1_630' title='bbox 2132 4347 2264 4415; x_wconf 81' lang='grc' dir='ltr'>ἡμῖν</span> <span class='ocrx_word' id='word_1_631' title='bbox 2318 4344 2375 4396; x_wconf 85' lang='grc' dir='ltr'><strong>δέ</strong></span> <span class='ocrx_word' id='word_1_632' title='bbox 2421 4342 2515 4395; x_wconf 91' lang='grc' dir='ltr'><strong>νῦν</strong></span> <span class='ocrx_word' id='word_1_633' title='bbox 2566 4343 2594 4394; x_wconf 85' lang='grc' dir='ltr'><strong>ό</strong></span> <span class='ocrx_word' id='word_1_634' title='bbox 2645 4342 2800 4409; x_wconf 83' lang='grc' dir='ltr'>λόγος</span> <span class='ocrx_word' id='word_1_635' title='bbox 2841 4342 2965 4410; x_wconf 76' lang='grc' dir='ltr'>περὶ</span> <span class='ocrx_word' id='word_1_636' title='bbox 3012 4342 3109 4408; x_wconf 80' lang='grc' dir='ltr'>τῆς</span> <span class='ocrx_word' id='word_1_637' title='bbox 3167 4339 3383 4400; x_wconf 86' lang='grc' dir='ltr'>τελείας</span> <span class='ocrx_word' id='word_1_638' title='bbox 3449 4337 3543 4390; x_wconf 73' lang='grc' dir='ltr'><strong>καὶ</strong></span> <span class='ocrx_word' id='word_1_639' title='bbox 3606 4334 3684 4384; x_wconf 83' lang='grc' dir='ltr'>ἐν·</span> 
     </span>
    </p>
   </div>
   <div class='ocr_carea' id='block_1_92' title="bbox 2135 4426 3685 4504">
    <p class='ocr_par' dir='ltr' id='par_1_92' title="bbox 2135 4426 3685 4504">
     <span class='ocr_line' id='line_1_93' title="bbox 2135 4426 3685 4504; baseline -0.01 -13"><span class='ocrx_word' id='word_1_640' title='bbox 2135 4436 2436 4492; x_wconf 85' lang='grc' dir='ltr'>υποστάτου</span> <span class='ocrx_word' id='word_1_641' title='bbox 2462 4434 2799 4504; x_wconf 80' lang='grc' dir='ltr'>ἐλλάμψεως,</span> <span class='ocrx_word' id='word_1_642' title='bbox 2845 4432 2967 4487; x_wconf 80' lang='grc' dir='ltr'>καθ’</span> <span class='ocrx_word' id='word_1_643' title='bbox 3022 4431 3088 4502; x_wconf 76' lang='grc' dir='ltr'>ἢν</span> <span class='ocrx_word' id='word_1_644' title='bbox 3142 4431 3233 4483; x_wconf 71' lang='grc' dir='ltr'><strong>καὶ</strong></span> <span class='ocrx_word' id='word_1_645' title='bbox 3281 4431 3331 4481; x_wconf 83' lang='grc' dir='ltr'>οἱ</span> <span class='ocrx_word' id='word_1_646' title='bbox 3396 4428 3504 4481; x_wconf 85' lang='grc' dir='ltr'>τῶν</span> <span class='ocrx_word' id='word_1_647' title='bbox 3558 4426 3685 4478; x_wconf 84' lang='grc' dir='ltr'>ἀπο-</span> 
     </span>
    </p>
   </div>
   <div class='ocr_carea' id='block_1_93' title="bbox 476 4512 2050 4616">
    <p class='ocr_par' dir='ltr' id='par_1_93' title="bbox 476 4512 2046 4616">
     <span class='ocr_line' id='line_1_94' title="bbox 476 4512 2046 4616; baseline -0.003 -15"><span class='ocrx_word' id='word_1_648' title='bbox 476 4552 540 4600; x_wconf 83' lang='lat' dir='ltr'><strong>ad</strong></span> <span class='ocrx_word' id='word_1_649' title='bbox 562 4546 761 4616; x_wconf 86' lang='lat' dir='ltr'><strong>aliquid</strong></span> <span class='ocrx_word' id='word_1_650' title='bbox 786 4512 1021 4600; x_wconf 65' lang='lat' dir='ltr'><strong>divinius</strong></span> <span class='ocrx_word' id='word_1_651' title='bbox 1061 4553 1270 4612; x_wconf 90' lang='lat' dir='ltr'><strong>parato,</strong></span> <span class='ocrx_word' id='word_1_652' title='bbox 1293 4512 1557 4611; x_wconf 83' lang='lat' dir='ltr'><strong>spirituali</strong></span> <span class='ocrx_word' id='word_1_653' title='bbox 1582 4556 1774 4609; x_wconf 90' lang='lat' dir='ltr'><strong>nempe</strong></span> <span class='ocrx_word' id='word_1_654' title='bbox 1812 4541 2046 4610; x_wconf 87' lang='lat' dir='ltr'><strong>Spiritus</strong></span> 
     </span>
    </p>
   </div>
   <div class='ocr_carea' id='block_1_94' title="bbox 2131 4512 3684 4616">
    <p class='ocr_par' dir='ltr' id='par_1_94' title="bbox 2137 4512 3684 4596">
     <span class='ocr_line' id='line_1_95' title="bbox 2137 4512 3684 4596; baseline -0.011 -14"><span class='ocrx_word' id='word_1_655' title='bbox 2137 4529 2337 4582; x_wconf 86' lang='grc' dir='ltr'>στόλων</span> <span class='ocrx_word' id='word_1_656' title='bbox 2386 4527 2690 4596; x_wconf 82' lang='grc' dir='ltr'>πρόκριτοι,</span> <span class='ocrx_word' id='word_1_657' title='bbox 2717 4527 2765 4578; x_wconf 89' lang='grc' dir='ltr'><strong>οί</strong></span> <span class='ocrx_word' id='word_1_658' title='bbox 2813 4526 2899 4577; x_wconf 84' lang='grc' dir='ltr'>ἐπ’</span> <span class='ocrx_word' id='word_1_659' title='bbox 2931 4523 3089 4593; x_wconf 77' lang='grc' dir='ltr'>ὅρους</span> <span class='ocrx_word' id='word_1_660' title='bbox 3137 4519 3332 4591; x_wconf 81' lang='grc' dir='ltr'><strong>Θαὸὼρ</strong></span> <span class='ocrx_word' id='word_1_661' title='bbox 3380 4518 3459 4590; x_wconf 80' lang='grc' dir='ltr'>τῷ</span> <span class='ocrx_word' id='word_1_662' title='bbox 3523 4512 3684 4584; x_wconf 83' lang='grc' dir='ltr'>Ἰησοῦ</span> 
     </span>
    </p>
   </div>
   <div class='ocr_carea' id='block_1_95' title="bbox 478 4632 2039 4703">
    <p class='ocr_par' dir='ltr' id='par_1_95' title="bbox 478 4632 2039 4703">
     <span class='ocr_line' id='line_1_96' title="bbox 478 4632 2039 4703; baseline -0.005 -10"><span class='ocrx_word' id='word_1_663' title='bbox 478 4639 648 4699; x_wconf 78' lang='lat' dir='ltr'><strong>sancti</strong></span> <span class='ocrx_word' id='word_1_664' title='bbox 673 4636 888 4690; x_wconf 74' lang='lat' dir='ltr'><strong>dextera</strong></span> <span class='ocrx_word' id='word_1_665' title='bbox 912 4635 1123 4700; x_wconf 83' lang='lat' dir='ltr'><strong>eli&#39;ecto,</strong></span> <span class='ocrx_word' id='word_1_666' title='bbox 1157 4633 1249 4702; x_wconf 88' lang='lat' dir='ltr'><strong>qui</strong></span> <span class='ocrx_word' id='word_1_667' title='bbox 1285 4632 1716 4701; x_wconf 83' lang='lat' dir='ltr'><strong>contemplemur</strong></span> <span class='ocrx_word' id='word_1_668' title='bbox 1760 4632 1907 4703; x_wconf 83' lang='lat' dir='ltr'><strong>digni</strong></span> <span class='ocrx_word' id='word_1_669' title='bbox 1947 4632 2039 4685; x_wconf 76' lang='lat' dir='ltr'><strong>ba~</strong></span> 
     </span>
    </p>
   </div>
   <div class='ocr_carea' id='block_1_96' title="bbox 480 4722 2046 4790">
    <p class='ocr_par' dir='ltr' id='par_1_96' title="bbox 480 4722 2046 4790">
     <span class='ocr_line' id='line_1_97' title="bbox 480 4722 2046 4790; baseline -0.007 -5"><span class='ocrx_word' id='word_1_670' title='bbox 480 4730 570 4785; x_wconf 67' lang='lat' dir='ltr'><strong>ltiti</strong></span> <span class='ocrx_word' id='word_1_671' title='bbox 602 4738 747 4783; x_wconf 89' lang='lat' dir='ltr'><strong>sunt.</strong></span> <span class='ocrx_word' id='word_1_672' title='bbox 804 4726 1074 4790; x_wconf 86' lang='lat' dir='ltr'><strong>Quantum</strong></span> <span class='ocrx_word' id='word_1_673' title='bbox 1129 4732 1306 4779; x_wconf 80' lang='lat' dir='ltr'><strong>autem</strong></span> <span class='ocrx_word' id='word_1_674' title='bbox 1359 4722 1520 4777; x_wconf 86' lang='lat' dir='ltr'><strong>distet</strong></span> <span class='ocrx_word' id='word_1_675' title='bbox 1576 4723 1756 4777; x_wconf 89' lang='lat' dir='ltr'><strong>oriens</strong></span> <span class='ocrx_word' id='word_1_676' title='bbox 1802 4725 1870 4776; x_wconf 86' lang='lat' dir='ltr'><strong>ab</strong></span> <span class='ocrx_word' id='word_1_677' title='bbox 1902 4724 2046 4776; x_wconf 77' lang='lat' dir='ltr'><strong>occi-</strong></span> 
     </span>
    </p>
   </div>
   <div class='ocr_carea' id='block_1_97' title="bbox 476 4812 2044 4883">
    <p class='ocr_par' dir='ltr' id='par_1_97' title="bbox 476 4812 2044 4883">
     <span class='ocr_line' id='line_1_98' title="bbox 476 4812 2044 4883; baseline -0.008 -10"><span class='ocrx_word' id='word_1_678' title='bbox 476 4822 664 4883; x_wconf 84' lang='lat' dir='ltr'><strong>dente,</strong></span> <span class='ocrx_word' id='word_1_679' title='bbox 686 4827 739 4871; x_wconf 90' lang='lat' dir='ltr'><strong>et</strong></span> <span class='ocrx_word' id='word_1_680' title='bbox 769 4817 966 4870; x_wconf 78' lang='lat' dir='ltr'><strong>cmlutn</strong></span> <span class='ocrx_word' id='word_1_681' title='bbox 1001 4829 1030 4867; x_wconf 91' lang='lat' dir='ltr'><strong>a</strong></span> <span class='ocrx_word' id='word_1_682' title='bbox 1072 4822 1237 4879; x_wconf 89' lang='lat' dir='ltr'><strong>terra,</strong></span> <span class='ocrx_word' id='word_1_683' title='bbox 1272 4820 1326 4865; x_wconf 89' lang='lat' dir='ltr'><strong>et</strong></span> <span class='ocrx_word' id='word_1_684' title='bbox 1349 4812 1526 4865; x_wconf 89' lang='lat' dir='ltr'><strong>anima</strong></span> <span class='ocrx_word' id='word_1_685' title='bbox 1562 4812 1774 4879; x_wconf 86' lang='lat' dir='ltr'><strong>corpori</strong></span> <span class='ocrx_word' id='word_1_686' title='bbox 1802 4819 2044 4880; x_wconf 65' lang='lat' dir='ltr'><strong>praestat,</strong></span> 
     </span>
    </p>
   </div>
   <div class='ocr_carea' id='block_1_98' title="bbox 476 4901 2039 4976">
    <p class='ocr_par' dir='ltr' id='par_1_98' title="bbox 476 4901 2039 4976">
     <span class='ocr_line' id='line_1_99' title="bbox 476 4901 2039 4976; baseline -0.004 -14"><span class='ocrx_word' id='word_1_687' title='bbox 476 4920 702 4966; x_wconf 84' lang='lat' dir='ltr'><strong>tantum,</strong></span> <span class='ocrx_word' id='word_1_688' title='bbox 728 4922 823 4976; x_wconf 89' lang='lat' dir='ltr'><strong>per</strong></span> <span class='ocrx_word' id='word_1_689' title='bbox 854 4904 1218 4972; x_wconf 79' lang='lat' dir='ltr'><strong>acceptionein</strong></span> <span class='ocrx_word' id='word_1_690' title='bbox 1243 4901 1511 4970; x_wconf 88' lang='lat' dir='ltr'><strong>operatio,</strong></span> <span class='ocrx_word' id='word_1_691' title='bbox 1547 4911 1599 4954; x_wconf 89' lang='lat' dir='ltr'><strong>et</strong></span> <span class='ocrx_word' id='word_1_692' title='bbox 1624 4902 1794 4970; x_wconf 84' lang='lat' dir='ltr'><strong>gratia</strong></span> <span class='ocrx_word' id='word_1_693' title='bbox 1822 4912 2039 4970; x_wconf 68' lang='lat' dir='ltr'><strong>praestat</strong></span> 
     </span>
    </p>
   </div>
   <div class='ocr_carea' id='block_1_99' title="bbox 477 4992 2045 5068">
    <p class='ocr_par' dir='ltr' id='par_1_99' title="bbox 477 4992 2045 5068">
     <span class='ocr_line' id='line_1_100' title="bbox 477 4992 2045 5068; baseline -0.004 -13"><span class='ocrx_word' id='word_1_694' title='bbox 477 5003 526 5055; x_wconf 85' lang='lat' dir='ltr'><strong>ei</strong></span> <span class='ocrx_word' id='word_1_695' title='bbox 559 5014 679 5068; x_wconf 75' lang='lat' dir='ltr'><strong>quae</strong></span> <span class='ocrx_word' id='word_1_696' title='bbox 709 5013 807 5067; x_wconf 89' lang='lat' dir='ltr'><strong>per</strong></span> <span class='ocrx_word' id='word_1_697' title='bbox 834 5002 1090 5048; x_wconf 72' lang='lat' dir='ltr'><strong>ronatum</strong></span> <span class='ocrx_word' id='word_1_698' title='bbox 1131 5002 1233 5048; x_wconf 90' lang='lat' dir='ltr'><strong>est.</strong></span> <span class='ocrx_word' id='word_1_699' title='bbox 1268 4994 1453 5047; x_wconf 84' lang='lat' dir='ltr'><strong>Altera</strong></span> <span class='ocrx_word' id='word_1_700' title='bbox 1484 4992 1726 5061; x_wconf 88' lang='lat' dir='ltr'><strong>quidem,</strong></span> <span class='ocrx_word' id='word_1_701' title='bbox 1759 5009 1820 5047; x_wconf 89' lang='lat' dir='ltr'><strong>ea</strong></span> <span class='ocrx_word' id='word_1_702' title='bbox 1856 5009 2045 5063; x_wconf 84' lang='lat' dir='ltr'><strong>nempe</strong></span> 
     </span>
    </p>
   </div>
   <div class='ocr_carea' id='block_1_100' title="bbox 478 5085 2045 5163">
    <p class='ocr_par' dir='ltr' id='par_1_100' title="bbox 478 5085 2045 5163">
     <span class='ocr_line' id='line_1_101' title="bbox 478 5085 2045 5163; baseline -0.003 -17"><span class='ocrx_word' id='word_1_703' title='bbox 478 5110 597 5162; x_wconf 72' lang='lat' dir='ltr'><strong>quae</strong></span> <span class='ocrx_word' id='word_1_704' title='bbox 625 5107 717 5163; x_wconf 89' lang='lat' dir='ltr'><strong>per</strong></span> <span class='ocrx_word' id='word_1_705' title='bbox 737 5098 1016 5150; x_wconf 90' lang='lat' dir='ltr'><strong>conatum,</strong></span> <span class='ocrx_word' id='word_1_706' title='bbox 1048 5085 1271 5156; x_wconf 82' lang='lat' dir='ltr'><strong>profana</strong></span> <span class='ocrx_word' id='word_1_707' title='bbox 1307 5094 1409 5151; x_wconf 89' lang='lat' dir='ltr'><strong>est,</strong></span> <span class='ocrx_word' id='word_1_708' title='bbox 1444 5095 1502 5139; x_wconf 90' lang='lat' dir='ltr'><strong>ut</strong></span> <span class='ocrx_word' id='word_1_709' title='bbox 1538 5085 1792 5140; x_wconf 83' lang='lat' dir='ltr'><strong>duximus</strong></span> <span class='ocrx_word' id='word_1_710' title='bbox 1820 5105 1832 5141; x_wconf 90' lang='lat'><strong>:</strong></span> <span class='ocrx_word' id='word_1_711' title='bbox 1868 5095 1923 5140; x_wconf 90' lang='lat' dir='ltr'><strong>et</strong></span> <span class='ocrx_word' id='word_1_712' title='bbox 1952 5103 2045 5154; x_wconf 87' lang='lat' dir='ltr'><strong>per</strong></span> 
     </span>
    </p>
   </div>
   <div class='ocr_carea' id='block_1_101' title="bbox 477 5178 2047 5247">
    <p class='ocr_par' dir='ltr' id='par_1_101' title="bbox 477 5178 2047 5247">
     <span class='ocr_line' id='line_1_102' title="bbox 477 5178 2047 5247; baseline -0.005 -6"><span class='ocrx_word' id='word_1_713' title='bbox 477 5188 614 5241; x_wconf 89' lang='lat' dir='ltr'><strong>bene</strong></span> <span class='ocrx_word' id='word_1_714' title='bbox 672 5183 950 5238; x_wconf 86' lang='lat' dir='ltr'><strong>ordinatos</strong></span> <span class='ocrx_word' id='word_1_715' title='bbox 986 5196 1166 5235; x_wconf 88' lang='lat' dir='ltr'><strong>rerum</strong></span> <span class='ocrx_word' id='word_1_716' title='bbox 1224 5189 1425 5243; x_wconf 87' lang='lat' dir='ltr'><strong>motus,</strong></span> <span class='ocrx_word' id='word_1_717' title='bbox 1450 5178 1802 5247; x_wconf 86' lang='lat' dir='ltr'><strong>ordinemque</strong></span> <span class='ocrx_word' id='word_1_718' title='bbox 1851 5188 1904 5233; x_wconf 91' lang='lat' dir='ltr'><strong>et</strong></span> <span class='ocrx_word' id='word_1_719' title='bbox 1934 5181 2047 5234; x_wconf 88' lang='lat' dir='ltr'><strong>col-</strong></span> 
     </span>
    </p>
   </div>
   <div class='ocr_carea' id='block_1_102' title="bbox 478 5270 2042 5343">
    <p class='ocr_par' dir='ltr' id='par_1_102' title="bbox 478 5270 2042 5343">
     <span class='ocr_line' id='line_1_103' title="bbox 478 5270 2042 5343; baseline -0.006 -10"><span class='ocrx_word' id='word_1_720' title='bbox 478 5280 763 5333; x_wconf 78' lang='lat' dir='ltr'><strong>lectionem</strong></span> <span class='ocrx_word' id='word_1_721' title='bbox 798 5275 1134 5343; x_wconf 81' lang='lat' dir='ltr'><strong>imaginuuin</strong></span> <span class='ocrx_word' id='word_1_722' title='bbox 1173 5271 1400 5325; x_wconf 86' lang='lat' dir='ltr'><strong>aliarum</strong></span> <span class='ocrx_word' id='word_1_723' title='bbox 1428 5287 1492 5325; x_wconf 75' lang='lat' dir='ltr'><strong>ex</strong></span> <span class='ocrx_word' id='word_1_724' title='bbox 1534 5270 1654 5324; x_wconf 87' lang='lat' dir='ltr'><strong>aliis</strong></span> <span class='ocrx_word' id='word_1_725' title='bbox 1680 5273 2042 5340; x_wconf 88' lang='lat' dir='ltr'><strong>sequentium,</strong></span> 
     </span>
    </p>
   </div>
   <div class='ocr_carea' id='block_1_103' title="bbox 477 5363 2041 5443">
    <p class='ocr_par' dir='ltr' id='par_1_103' title="bbox 477 5363 2041 5443">
     <span class='ocr_line' id='line_1_104' title="bbox 477 5363 2041 5443; baseline -0.004 -20"><span class='ocrx_word' id='word_1_726' title='bbox 477 5385 822 5443; x_wconf 77' lang='lat' dir='ltr'><strong>progressum</strong></span> <span class='ocrx_word' id='word_1_727' title='bbox 864 5368 1045 5431; x_wconf 86' lang='lat' dir='ltr'><strong>habet,</strong></span> <span class='ocrx_word' id='word_1_728' title='bbox 1076 5373 1129 5419; x_wconf 91' lang='lat' dir='ltr'><strong>et</strong></span> <span class='ocrx_word' id='word_1_729' title='bbox 1176 5364 1230 5419; x_wconf 94' lang='lat' dir='ltr'><strong>in</strong></span> <span class='ocrx_word' id='word_1_730' title='bbox 1262 5365 1363 5418; x_wconf 73' lang='lat' dir='ltr'><strong>fide</strong></span> <span class='ocrx_word' id='word_1_731' title='bbox 1406 5363 1471 5418; x_wconf 88' lang='lat' dir='ltr'><strong>ad</strong></span> <span class='ocrx_word' id='word_1_732' title='bbox 1502 5363 1666 5418; x_wconf 90' lang='lat' dir='ltr'><strong>Deum</strong></span> <span class='ocrx_word' id='word_1_733' title='bbox 1698 5365 2005 5418; x_wconf 80' lang='lat' dir='ltr'><strong>extenditur</strong></span> <span class='ocrx_word' id='word_1_734' title='bbox 2027 5405 2041 5429; x_wconf 91' lang='lat'><strong>,</strong></span> 
     </span>
    </p>
   </div>
   <div class='ocr_carea' id='block_1_104' title="bbox 478 5456 2043 5527">
    <p class='ocr_par' dir='ltr' id='par_1_104' title="bbox 478 5456 2043 5527">
     <span class='ocr_line' id='line_1_105' title="bbox 478 5456 2043 5527; baseline -0.006 -7"><span class='ocrx_word' id='word_1_735' title='bbox 478 5466 645 5520; x_wconf 89' lang='lat' dir='ltr'><strong>altera</strong></span> <span class='ocrx_word' id='word_1_736' title='bbox 680 5477 830 5527; x_wconf 87' lang='lat' dir='ltr'><strong>vero,</strong></span> <span class='ocrx_word' id='word_1_737' title='bbox 887 5474 950 5515; x_wconf 84' lang='lat' dir='ltr'><strong>ea</strong></span> <span class='ocrx_word' id='word_1_738' title='bbox 990 5472 1183 5527; x_wconf 86' lang='lat' dir='ltr'><strong>nempe</strong></span> <span class='ocrx_word' id='word_1_739' title='bbox 1216 5472 1335 5525; x_wconf 71' lang='lat' dir='ltr'><strong>qua:</strong></span> <span class='ocrx_word' id='word_1_740' title='bbox 1385 5466 1465 5510; x_wconf 83' lang='lat' dir='ltr'><strong>est</strong></span> <span class='ocrx_word' id='word_1_741' title='bbox 1505 5471 1601 5525; x_wconf 90' lang='lat' dir='ltr'><strong>per</strong></span> <span class='ocrx_word' id='word_1_742' title='bbox 1649 5456 2043 5525; x_wconf 84' lang='lat' dir='ltr'><strong>acceptionem,</strong></span> 
     </span>
    </p>
   </div>
   <div class='ocr_carea' id='block_1_105' title="bbox 481 5547 2045 5622">
    <p class='ocr_par' dir='ltr' id='par_1_105' title="bbox 481 5547 2045 5622">
     <span class='ocr_line' id='line_1_106' title="bbox 481 5547 2045 5622; baseline -0.003 -13"><span class='ocrx_word' id='word_1_743' title='bbox 481 5558 790 5610; x_wconf 83' lang='lat' dir='ltr'><strong>immediate</strong></span> <span class='ocrx_word' id='word_1_744' title='bbox 822 5554 888 5607; x_wconf 89' lang='lat' dir='ltr'><strong>ab</strong></span> <span class='ocrx_word' id='word_1_745' title='bbox 931 5553 1044 5622; x_wconf 88' lang='lat' dir='ltr'><strong>ipso</strong></span> <span class='ocrx_word' id='word_1_746' title='bbox 1112 5551 1218 5605; x_wconf 86' lang='lat' dir='ltr'><strong>Deo</strong></span> <span class='ocrx_word' id='word_1_747' title='bbox 1253 5549 1682 5605; x_wconf 82' lang='lat' dir='ltr'><strong>subs&#39;antialitcr</strong></span> <span class='ocrx_word' id='word_1_748' title='bbox 1748 5547 1889 5602; x_wconf 89' lang='lat' dir='ltr'><strong>intra</strong></span> <span class='ocrx_word' id='word_1_749' title='bbox 1950 5564 2045 5604; x_wconf 90' lang='lat' dir='ltr'><strong>cor</strong></span> 
     </span>
    </p>
   </div>
   <div class='ocr_carea' id='block_1_106' title="bbox 480 5640 2040 5715">
    <p class='ocr_par' dir='ltr' id='par_1_106' title="bbox 480 5640 2040 5715">
     <span class='ocr_line' id='line_1_107' title="bbox 480 5640 2040 5715; baseline -0.007 -12"><span class='ocrx_word' id='word_1_750' title='bbox 480 5648 594 5703; x_wconf 77' lang='lat' dir='ltr'><strong>ﬁeri</strong></span> <span class='ocrx_word' id='word_1_751' title='bbox 620 5648 790 5712; x_wconf 85' lang='lat' dir='ltr'><strong>solet;</strong></span> <span class='ocrx_word' id='word_1_752' title='bbox 823 5644 1115 5715; x_wconf 85' lang='lat' dir='ltr'><strong>aliquando</strong></span> <span class='ocrx_word' id='word_1_753' title='bbox 1138 5642 1300 5697; x_wconf 87' lang='lat' dir='ltr'><strong>etiam</strong></span> <span class='ocrx_word' id='word_1_754' title='bbox 1334 5640 1400 5695; x_wconf 87' lang='lat' dir='ltr'><strong>ab</strong></span> <span class='ocrx_word' id='word_1_755' title='bbox 1424 5640 1662 5695; x_wconf 78' lang='lat' dir='ltr'><strong>externis</strong></span> <span class='ocrx_word' id='word_1_756' title='bbox 1687 5654 1885 5709; x_wconf 91' lang='lat' dir='ltr'><strong>corpus</strong></span> <span class='ocrx_word' id='word_1_757' title='bbox 1914 5656 2040 5709; x_wconf 87' lang='lat' dir='ltr'><strong>par-</strong></span> 
     </span>
    </p>
   </div>
   <div class='ocr_carea' id='block_1_107' title="bbox 484 5732 2038 5807">
    <p class='ocr_par' dir='ltr' id='par_1_107' title="bbox 484 5732 2038 5807">
     <span class='ocr_line' id='line_1_108' title="bbox 484 5732 2038 5807; baseline -0.006 -13"><span class='ocrx_word' id='word_1_758' title='bbox 484 5744 653 5807; x_wconf 84' lang='lat' dir='ltr'><strong>ticeps</strong></span> <span class='ocrx_word' id='word_1_759' title='bbox 686 5737 920 5791; x_wconf 78' lang='lat' dir='ltr'><strong>eiliciens</strong></span> <span class='ocrx_word' id='word_1_760' title='bbox 953 5735 1181 5805; x_wconf 70' lang='lat' dir='ltr'><strong>propria:</strong></span> <span class='ocrx_word' id='word_1_761' title='bbox 1207 5748 1369 5803; x_wconf 89' lang='lat' dir='ltr'><strong>supra</strong></span> <span class='ocrx_word' id='word_1_762' title='bbox 1400 5732 1782 5803; x_wconf 88' lang='lat' dir='ltr'><strong>cogitationem</strong></span> <span class='ocrx_word' id='word_1_763' title='bbox 1836 5734 2038 5785; x_wconf 59' lang='lat' dir='ltr'><strong>illumio</strong></span> 
     </span>
    </p>
   </div>
   <div class='ocr_carea' id='block_1_108' title="bbox 480 5818 2042 5891">
    <p class='ocr_par' dir='ltr' id='par_1_108' title="bbox 480 5818 2042 5891">
     <span class='ocr_line' id='line_1_109' title="bbox 480 5818 2042 5891; baseline -0.007 -5"><span class='ocrx_word' id='word_1_764' title='bbox 480 5818 713 5886; x_wconf 58' lang='lat' dir='ltr'><strong>sationis</strong></span> <span class='ocrx_word' id='word_1_765' title='bbox 730 5838 781 5883; x_wconf 85' lang='lat' dir='ltr'><strong>et</strong></span> <span class='ocrx_word' id='word_1_766' title='bbox 809 5827 1129 5883; x_wconf 87' lang='lat' dir='ltr'><strong>divinissimi</strong></span> <span class='ocrx_word' id='word_1_767' title='bbox 1159 5825 1397 5889; x_wconf 88' lang='lat' dir='ltr'><strong>luminis,</strong></span> <span class='ocrx_word' id='word_1_768' title='bbox 1423 5828 1582 5879; x_wconf 85' lang='lat' dir='ltr'><strong>corde</strong></span> <span class='ocrx_word' id='word_1_769' title='bbox 1605 5824 2001 5891; x_wconf 72' lang='lat' dir='ltr'><strong>supt-ruatura&#39;i</strong></span> <span class='ocrx_word' id='word_1_770' title='bbox 2020 5851 2042 5861; x_wconf 91' lang='lat'><strong>-</strong></span> 
     </span>
    </p>
   </div>
   <div class='ocr_carea' id='block_1_109' title="bbox 2137 4606 3686 4688">
    <p class='ocr_par' dir='ltr' id='par_1_109' title="bbox 2137 4606 3686 4688">
     <span class='ocr_line' id='line_1_110' title="bbox 2137 4606 3686 4688; baseline -0.009 -18"><span class='ocrx_word' id='word_1_771' title='bbox 2137 4618 2535 4681; x_wconf 75' lang='grc' dir='ltr'>συναναϐάντες</span> <span class='ocrx_word' id='word_1_772' title='bbox 2563 4657 2578 4682; x_wconf 97' lang='grc'><strong>,</strong></span> <span class='ocrx_word' id='word_1_773' title='bbox 2627 4617 2885 4688; x_wconf 76' lang='grc' dir='ltr'>ἀρρήτως</span> <span class='ocrx_word' id='word_1_774' title='bbox 2937 4616 3035 4684; x_wconf 81' lang='grc' dir='ltr'><strong>τὴν</strong></span> <span class='ocrx_word' id='word_1_775' title='bbox 3086 4613 3258 4682; x_wconf 78' lang='grc' dir='ltr'>καλὴν</span> <span class='ocrx_word' id='word_1_776' title='bbox 3304 4612 3402 4664; x_wconf 75' lang='grc' dir='ltr'>καὶ</span> <span class='ocrx_word' id='word_1_777' title='bbox 3467 4607 3544 4676; x_wconf 81' lang='grc' dir='ltr'>τῷ</span> <span class='ocrx_word' id='word_1_778' title='bbox 3581 4606 3686 4658; x_wconf 76' lang='grc' dir='ltr'>ὄντι</span> 
     </span>
    </p>
   </div>
   <div class='ocr_carea' id='block_1_110' title="bbox 2139 4696 3685 4780">
    <p class='ocr_par' dir='ltr' id='par_1_110' title="bbox 2139 4696 3685 4780">
     <span class='ocr_line' id='line_1_111' title="bbox 2139 4696 3685 4780; baseline -0.011 -18"><span class='ocrx_word' id='word_1_779' title='bbox 2139 4709 2413 4780; x_wconf 89' lang='grc' dir='ltr'>μακαρίαν</span> <span class='ocrx_word' id='word_1_780' title='bbox 2451 4706 2834 4768; x_wconf 86' lang='grc' dir='ltr'>ἀλλοιωθέντες</span> <span class='ocrx_word' id='word_1_781' title='bbox 2880 4705 3165 4759; x_wconf 84' lang='grc' dir='ltr'>ἀλλοίωσιν</span> <span class='ocrx_word' id='word_1_782' title='bbox 3205 4702 3432 4766; x_wconf 73' lang='grc' dir='ltr'>ἔπαθον,</span> <span class='ocrx_word' id='word_1_783' title='bbox 3468 4698 3561 4751; x_wconf 74' lang='grc' dir='ltr'><strong>καὶ</strong></span> <span class='ocrx_word' id='word_1_784' title='bbox 3593 4696 3685 4763; x_wconf 70' lang='grc' dir='ltr'><strong>τὴν</strong></span> 
     </span>
    </p>
   </div>
   <div class='ocr_carea' id='block_1_111' title="bbox 2136 4789 3685 4871">
    <p class='ocr_par' dir='ltr' id='par_1_111' title="bbox 2136 4789 3685 4871">
     <span class='ocr_line' id='line_1_112' title="bbox 2136 4789 3685 4871; baseline -0.005 -16"><span class='ocrx_word' id='word_1_785' title='bbox 2136 4801 2361 4855; x_wconf 82' lang='grc' dir='ltr'>ἀθέατον</span> <span class='ocrx_word' id='word_1_786' title='bbox 2419 4801 2734 4871; x_wconf 85' lang='grc' dir='ltr'>βασιλείαν,</span> <span class='ocrx_word' id='word_1_787' title='bbox 2800 4799 2895 4851; x_wconf 79' lang='grc' dir='ltr'>καὶ</span> <span class='ocrx_word' id='word_1_788' title='bbox 2944 4798 3173 4864; x_wconf 88' lang='grc' dir='ltr'>θεότητα</span> <span class='ocrx_word' id='word_1_789' title='bbox 3202 4837 3217 4862; x_wconf 93' lang='grc'><strong>,</strong></span> <span class='ocrx_word' id='word_1_790' title='bbox 3265 4795 3361 4848; x_wconf 69' lang='grc' dir='ltr'><strong>καὶ</strong></span> <span class='ocrx_word' id='word_1_791' title='bbox 3422 4789 3685 4858; x_wconf 56' lang='grc' dir='ltr'>αἰσθηταῖς</span> 
     </span>
    </p>
   </div>
   <div class='ocr_carea' id='block_1_112' title="bbox 2136 4884 3681 4962">
    <p class='ocr_par' dir='ltr' id='par_1_112' title="bbox 2136 4884 3681 4962">
     <span class='ocr_line' id='line_1_113' title="bbox 2136 4884 3681 4962; baseline -0.01 -15"><span class='ocrx_word' id='word_1_792' title='bbox 2136 4893 2432 4962; x_wconf 82' lang='grc' dir='ltr'>ὀφθαλμοῖς</span> <span class='ocrx_word' id='word_1_793' title='bbox 2488 4889 2977 4961; x_wconf 86' lang='grc' dir='ltr'>μετασκευασθεῖσι</span> <span class='ocrx_word' id='word_1_794' title='bbox 3043 4888 3180 4957; x_wconf 72' lang='grc' dir='ltr'>πρὸς</span> <span class='ocrx_word' id='word_1_795' title='bbox 3238 4886 3297 4938; x_wconf 84' lang='grc' dir='ltr'><strong>τὸ</strong></span> <span class='ocrx_word' id='word_1_796' title='bbox 3366 4884 3632 4949; x_wconf 80' lang='grc' dir='ltr'>θειότερον</span> <span class='ocrx_word' id='word_1_797' title='bbox 3666 4915 3681 4939; x_wconf 82' lang='grc'><strong>,</strong></span> 
     </span>
    </p>
   </div>
   <div class='ocr_carea' id='block_1_113' title="bbox 2136 4975 3685 5056">
    <p class='ocr_par' dir='ltr' id='par_1_113' title="bbox 2136 4975 3685 5056">
     <span class='ocr_line' id='line_1_114' title="bbox 2136 4975 3685 5056; baseline -0.011 -17"><span class='ocrx_word' id='word_1_798' title='bbox 2136 4987 2300 5056; x_wconf 73' lang='grc' dir='ltr'>ἦγουν</span> <span class='ocrx_word' id='word_1_799' title='bbox 2359 4985 2748 5053; x_wconf 82' lang='grc' dir='ltr'>πνευματικοῖς</span> <span class='ocrx_word' id='word_1_800' title='bbox 2788 4984 3036 5049; x_wconf 84' lang='grc' dir='ltr'>γεγονόσι</span> <span class='ocrx_word' id='word_1_801' title='bbox 3086 4981 3151 5049; x_wconf 83' lang='grc' dir='ltr'>τῇ</span> <span class='ocrx_word' id='word_1_802' title='bbox 3197 4978 3348 5047; x_wconf 81' lang='grc' dir='ltr'>δεξιᾴ</span> <span class='ocrx_word' id='word_1_803' title='bbox 3407 4975 3501 5027; x_wconf 87' lang='grc' dir='ltr'><strong>τοῦ</strong></span> <span class='ocrx_word' id='word_1_804' title='bbox 3555 4987 3685 5023; x_wconf 86' lang='grc' dir='ltr'>παν·</span> 
     </span>
    </p>
   </div>
   <div class='ocr_carea' id='block_1_114' title="bbox 2137 5058 3684 5146">
    <p class='ocr_par' dir='ltr' id='par_1_114' title="bbox 2137 5058 3684 5146">
     <span class='ocr_line' id='line_1_115' title="bbox 2137 5058 3684 5146; baseline -0.014 -15"><span class='ocrx_word' id='word_1_805' title='bbox 2137 5078 2294 5145; x_wconf 88' lang='grc' dir='ltr'>αγίου</span> <span class='ocrx_word' id='word_1_806' title='bbox 2322 5076 2460 5129; x_wconf 87' lang='grc' dir='ltr'>Πνεύ</span> <span class='ocrx_word' id='word_1_807' title='bbox 2470 5092 2661 5146; x_wconf 83' lang='grc' dir='ltr'>ματος,</span> <span class='ocrx_word' id='word_1_808' title='bbox 2696 5073 2932 5127; x_wconf 85' lang='grc' dir='ltr'>κατιδεῖν</span> <span class='ocrx_word' id='word_1_809' title='bbox 2966 5070 3273 5140; x_wconf 79' lang='grc' dir='ltr'>ἠξιώθησαν</span> <span class='ocrx_word' id='word_1_810' title='bbox 3291 5084 3303 5097; x_wconf 88' lang='grc'><strong>·</strong></span> <span class='ocrx_word' id='word_1_811' title='bbox 3326 5066 3446 5125; x_wconf 79' lang='grc' dir='ltr'>καθ’</span> <span class='ocrx_word' id='word_1_812' title='bbox 3486 5064 3605 5115; x_wconf 86' lang='grc' dir='ltr'>ὅσον</span> <span class='ocrx_word' id='word_1_813' title='bbox 3631 5058 3684 5109; x_wconf 77' lang='grc' dir='ltr'>δὲ</span> 
     </span>
    </p>
   </div>
   <div class='ocr_carea' id='block_1_115' title="bbox 2136 5150 3685 5238">
    <p class='ocr_par' dir='ltr' id='par_1_115' title="bbox 2136 5150 3685 5238">
     <span class='ocr_line' id='line_1_116' title="bbox 2136 5150 3685 5238; baseline -0.01 -15"><span class='ocrx_word' id='word_1_814' title='bbox 2136 5169 2427 5238; x_wconf 81' lang='grc' dir='ltr'>ἀπέχουσιν</span> <span class='ocrx_word' id='word_1_815' title='bbox 2461 5165 2712 5221; x_wconf 76' lang='grc' dir='ltr'>ἀνατολαὶ</span> <span class='ocrx_word' id='word_1_816' title='bbox 2744 5163 2851 5218; x_wconf 85' lang='grc' dir='ltr'><strong>ἀπὸ</strong></span> <span class='ocrx_word' id='word_1_817' title='bbox 2876 5160 3117 5231; x_wconf 86' lang='grc' dir='ltr'>δυσμῶν,</span> <span class='ocrx_word' id='word_1_818' title='bbox 3146 5159 3241 5212; x_wconf 78' lang='grc' dir='ltr'>καὶ</span> <span class='ocrx_word' id='word_1_819' title='bbox 3273 5160 3300 5210; x_wconf 84' lang='grc' dir='ltr'>ὁ</span> <span class='ocrx_word' id='word_1_820' title='bbox 3346 5154 3568 5224; x_wconf 74' lang='grc' dir='ltr'>οὐρανὸς</span> <span class='ocrx_word' id='word_1_821' title='bbox 3595 5150 3685 5215; x_wconf 78' lang='grc' dir='ltr'><strong>τῆς</strong></span> 
     </span>
    </p>
   </div>
   <div class='ocr_carea' id='block_1_116' title="bbox 2136 5239 3687 5330">
    <p class='ocr_par' dir='ltr' id='par_1_116' title="bbox 2136 5239 3687 5330">
     <span class='ocr_line' id='line_1_117' title="bbox 2136 5239 3687 5330; baseline -0.026 1"><span class='ocrx_word' id='word_1_822' title='bbox 2136 5261 2240 5330; x_wconf 81' lang='grc' dir='ltr'><strong>γῆς</strong></span> <span class='ocrx_word' id='word_1_823' title='bbox 2269 5302 2284 5326; x_wconf 71' lang='grc' dir='ltr'><strong>ν</strong></span> <span class='ocrx_word' id='word_1_824' title='bbox 2331 5259 2425 5313; x_wconf 67' lang='grc' dir='ltr'><strong>καὶ</strong></span> <span class='ocrx_word' id='word_1_825' title='bbox 2466 5260 2500 5329; x_wconf 78' lang='grc' dir='ltr'>ἡ</span> <span class='ocrx_word' id='word_1_826' title='bbox 2547 5257 2692 5328; x_wconf 79' lang='grc' dir='ltr'>ψυχὴ</span> <span class='ocrx_word' id='word_1_827' title='bbox 2736 5253 3037 5326; x_wconf 78' lang='grc' dir='ltr'>ὑπερφέρει</span> <span class='ocrx_word' id='word_1_828' title='bbox 3083 5250 3178 5304; x_wconf 89' lang='grc' dir='ltr'><strong>τοῦ</strong></span> <span class='ocrx_word' id='word_1_829' title='bbox 3230 5248 3500 5317; x_wconf 80' lang='grc' dir='ltr'>σώματος,</span> <span class='ocrx_word' id='word_1_830' title='bbox 3554 5239 3687 5330; x_wconf 60' lang='grc' dir='ltr'>κατὰ</span> 
     </span>
    </p>
   </div>
   <div class='ocr_carea' id='block_1_117' title="bbox 2136 5329 3684 5420">
    <p class='ocr_par' dir='ltr' id='par_1_117' title="bbox 2136 5329 3684 5420">
     <span class='ocr_line' id='line_1_118' title="bbox 2136 5329 3684 5420; baseline -0.017 -14"><span class='ocrx_word' id='word_1_831' title='bbox 2136 5329 2407 5415; x_wconf 88' lang='grc' dir='ltr'>τοσοῦτον,</span> <span class='ocrx_word' id='word_1_832' title='bbox 2442 5351 2536 5404; x_wconf 78' lang='grc' dir='ltr'><strong>καὶ</strong></span> <span class='ocrx_word' id='word_1_833' title='bbox 2564 5351 2597 5420; x_wconf 80' lang='grc' dir='ltr'>ἡ</span> <span class='ocrx_word' id='word_1_834' title='bbox 2628 5348 2771 5402; x_wconf 82' lang='grc' dir='ltr'><strong>κατά</strong></span> <span class='ocrx_word' id='word_1_835' title='bbox 2826 5343 3140 5416; x_wconf 82' lang='grc' dir='ltr'>παραδοχὴν</span> <span class='ocrx_word' id='word_1_836' title='bbox 3168 5339 3416 5413; x_wconf 81' lang='grc' dir='ltr'>ἐργασία,</span> <span class='ocrx_word' id='word_1_837' title='bbox 3456 5334 3549 5387; x_wconf 69' lang='grc' dir='ltr'>καὶ</span> <span class='ocrx_word' id='word_1_838' title='bbox 3590 5329 3684 5420; x_wconf 47' lang='grc' dir='ltr'>χάῗ</span> 
     </span>
    </p>
   </div>
   <div class='ocr_carea' id='block_1_118' title="bbox 2141 5415 3687 5518">
    <p class='ocr_par' dir='ltr' id='par_1_118' title="bbox 2141 5415 3687 5518">
     <span class='ocr_line' id='line_1_119' title="bbox 2141 5415 3687 5518; baseline -0.024 -17"><span class='ocrx_word' id='word_1_839' title='bbox 2141 5464 2245 5518; x_wconf 86' lang='grc' dir='ltr'>ρις,</span> <span class='ocrx_word' id='word_1_840' title='bbox 2295 5444 2391 5515; x_wconf 81' lang='grc' dir='ltr'>τῆς</span> <span class='ocrx_word' id='word_1_841' title='bbox 2448 5415 2976 5509; x_wconf 36' lang='grc' dir='ltr'>κατ’-ἐπιδολὴνιὴ</span> <span class='ocrx_word' id='word_1_842' title='bbox 3024 5437 3121 5507; x_wconf 74' lang='grc' dir='ltr'>μὲν</span> <span class='ocrx_word' id='word_1_843' title='bbox 3152 5434 3278 5505; x_wconf 74' lang='grc' dir='ltr'>γὰρ,</span> <span class='ocrx_word' id='word_1_844' title='bbox 3316 5432 3432 5501; x_wconf 69' lang='grc' dir='ltr'>ἦτοι</span> <span class='ocrx_word' id='word_1_845' title='bbox 3482 5428 3515 5496; x_wconf 69' lang='grc' dir='ltr'><strong>ἡ</strong></span> <span class='ocrx_word' id='word_1_846' title='bbox 3572 5415 3687 5518; x_wconf 40' lang='grc' dir='ltr'>κατ’</span> 
     </span>
    </p>
   </div>
   <div class='ocr_carea' id='block_1_119' title="bbox 2138 5513 3685 5605">
    <p class='ocr_par' dir='ltr' id='par_1_119' title="bbox 2138 5513 3685 5605">
     <span class='ocr_line' id='line_1_120' title="bbox 2138 5513 3685 5605; baseline -0.016 -14"><span class='ocrx_word' id='word_1_847' title='bbox 2138 5513 2413 5605; x_wconf 75' lang='grc' dir='ltr'>ἐπιϐολῆν,</span> <span class='ocrx_word' id='word_1_848' title='bbox 2468 5536 2542 5597; x_wconf 86' lang='grc' dir='ltr'>ὠς</span> <span class='ocrx_word' id='word_1_849' title='bbox 2590 5532 2820 5604; x_wconf 75' lang='grc' dir='ltr'>ἔφημεν,</span> <span class='ocrx_word' id='word_1_850' title='bbox 2872 5530 3069 5594; x_wconf 75' lang='grc' dir='ltr'>ἔξωθεν</span> <span class='ocrx_word' id='word_1_851' title='bbox 3110 5543 3124 5558; x_wconf 80' lang='grc'><strong><em>⁸</em></strong></span> <span class='ocrx_word' id='word_1_852' title='bbox 3173 5526 3267 5580; x_wconf 77' lang='grc' dir='ltr'><strong>καὶ</strong></span> <span class='ocrx_word' id='word_1_853' title='bbox 3312 5524 3397 5578; x_wconf 74' lang='grc' dir='ltr'><strong>διὰ</strong></span> <span class='ocrx_word' id='word_1_854' title='bbox 3444 5520 3542 5587; x_wconf 82' lang='grc' dir='ltr'>τῆς</span> <span class='ocrx_word' id='word_1_855' title='bbox 3585 5513 3685 5605; x_wconf 71' lang='grc' dir='ltr'>τῷν</span> 
     </span>
    </p>
   </div>
   <div class='ocr_carea' id='block_1_120' title="bbox 2137 5604 3686 5696">
    <p class='ocr_par' dir='ltr' id='par_1_120' title="bbox 2137 5604 3686 5696">
     <span class='ocr_line' id='line_1_121' title="bbox 2137 5604 3686 5696; baseline -0.014 -12"><span class='ocrx_word' id='word_1_856' title='bbox 2137 5632 2304 5685; x_wconf 76' lang='grc' dir='ltr'>ὄντων</span> <span class='ocrx_word' id='word_1_857' title='bbox 2352 5604 2619 5681; x_wconf 82' lang='grc' dir='ltr'>εὐτάκτου</span> <span class='ocrx_word' id='word_1_858' title='bbox 2665 5627 2871 5696; x_wconf 72' lang='grc' dir='ltr'>φορᾶς,</span> <span class='ocrx_word' id='word_1_859' title='bbox 2917 5619 3120 5686; x_wconf 81' lang='grc' dir='ltr'>τάξεώς</span> <span class='ocrx_word' id='word_1_860' title='bbox 3168 5635 3228 5671; x_wconf 92' lang='grc' dir='ltr'><strong>τε</strong></span> <span class='ocrx_word' id='word_1_861' title='bbox 3281 5618 3373 5670; x_wconf 77' lang='grc' dir='ltr'>καὶ</span> <span class='ocrx_word' id='word_1_862' title='bbox 3432 5604 3686 5696; x_wconf 72' lang='grc' dir='ltr'>συλλογῆς</span> 
     </span>
    </p>
   </div>
   <div class='ocr_carea' id='block_1_121' title="bbox 2137 5695 3696 5790">
    <p class='ocr_par' dir='ltr' id='par_1_121' title="bbox 2137 5695 3696 5790">
     <span class='ocr_line' id='line_1_122' title="bbox 2137 5695 3696 5790; baseline -0.024 -10"><span class='ocrx_word' id='word_1_863' title='bbox 2137 5723 2301 5790; x_wconf 78' lang='grc' dir='ltr'>ἄλλης</span> <span class='ocrx_word' id='word_1_864' title='bbox 2331 5722 2387 5785; x_wconf 81' lang='grc' dir='ltr'><strong>ἐξ</strong></span> <span class='ocrx_word' id='word_1_865' title='bbox 2430 5718 2591 5771; x_wconf 75' lang='grc' dir='ltr'>ἄλλου</span> <span class='ocrx_word' id='word_1_866' title='bbox 2654 5714 2954 5783; x_wconf 80' lang='grc' dir='ltr'>φαντασίας</span> <span class='ocrx_word' id='word_1_867' title='bbox 3002 5706 3398 5778; x_wconf 80' lang='grc' dir='ltr'>συλλεγομένης</span> <span class='ocrx_word' id='word_1_868' title='bbox 3440 5695 3605 5790; x_wconf 13' lang='grc' dir='ltr'>είςᾼέν</span> 
     </span>
    </p>
   </div>
   <div class='ocr_carea' id='block_1_122' title="bbox 2139 5781 3699 5883">
    <p class='ocr_par' dir='ltr' id='par_1_122' title="bbox 2139 5781 3699 5883">
     <span class='ocr_line' id='line_1_123' title="bbox 2139 5781 3699 5883; baseline -0.016 -15"><span class='ocrx_word' id='word_1_869' title='bbox 2139 5818 2235 5883; x_wconf 72' lang='grc' dir='ltr'><strong>τῆς</strong></span> <span class='ocrx_word' id='word_1_870' title='bbox 2260 5781 2521 5881; x_wconf 43' lang='grc' dir='ltr'>,ἀληθείας</span> <span class='ocrx_word' id='word_1_871' title='bbox 2556 5781 2781 5876; x_wconf 81' lang='grc' dir='ltr'>ῖνδαλμα</span> <span class='ocrx_word' id='word_1_872' title='bbox 2824 5807 2883 5860; x_wconf 72' lang='grc' dir='ltr'>τὸ</span> <span class='ocrx_word' id='word_1_873' title='bbox 2919 5802 3247 5875; x_wconf 84' lang='grc' dir='ltr'>προκόπτειν</span> <span class='ocrx_word' id='word_1_874' title='bbox 3281 5798 3412 5869; x_wconf 76' lang='grc' dir='ltr'>ἔχει,</span> <span class='ocrx_word' id='word_1_875' title='bbox 3457 5788 3547 5842; x_wconf 65' lang='grc' dir='ltr'><strong>καὶ</strong></span> <span class='ocrx_word' id='word_1_876' title='bbox 3570 5781 3699 5852; x_wconf 74' lang='grc' dir='ltr'>πρὸς</span> 
     </span>
    </p>
   </div>
  </div>
