  <div class='ocr_page' id='page_1' title='image "/cluster/home/n/w/nwhite01/storage/ocr_20150623/147/hvd.32044073502619/388.png"; bbox 0 0 4032 6208; ppageno 0'>
   <div class='ocr_carea' id='block_1_1' title="bbox 454 306 566 377">
    <p class='ocr_par' dir='ltr' id='par_1_1' title="bbox 454 306 566 377">
     <span class='ocr_line' id='line_1_1' title="bbox 454 306 566 377; baseline -0.009 0"><span class='ocrx_word' id='word_1_1' title='bbox 454 306 566 377; x_wconf 76' lang='lat'><strong>753</strong></span> 
     </span>
    </p>
   </div>
   <div class='ocr_carea' id='block_1_2' title="bbox 1668 320 2507 401">
    <p class='ocr_par' dir='ltr' id='par_1_2' title="bbox 1668 320 2507 401">
     <span class='ocr_line' id='line_1_2' title="bbox 1668 320 2507 401; baseline 0.021 -22"><span class='ocrx_word' id='word_1_2' title='bbox 1668 320 2048 386; x_wconf 70' lang='lat' dir='ltr'><strong>OPUSCULA</strong></span> <span class='ocrx_word' id='word_1_3' title='bbox 2085 333 2461 401; x_wconf 68' lang='lat' dir='ltr'><strong>ASCETICA.</strong></span> <span class='ocrx_word' id='word_1_4' title='bbox 2504 380 2507 385; x_wconf 54' lang='grc' dir='ltr'><strong>λ</strong></span> 
     </span>
    </p>
   </div>
   <div class='ocr_carea' id='block_1_3' title="bbox 2735 354 3682 431">
    <p class='ocr_par' dir='ltr' id='par_1_3' title="bbox 2735 354 3682 431">
     <span class='ocr_line' id='line_1_3' title="bbox 2735 354 3682 431; baseline 0.019 -18"><span class='ocrx_word' id='word_1_5' title='bbox 2735 392 2768 428; x_wconf 84' lang='grc'><strong>,</strong></span> <span class='ocrx_word' id='word_1_6' title='bbox 2935 354 2939 357; x_wconf 87' lang='grc'>·</span> <span class='ocrx_word' id='word_1_7' title='bbox 3578 368 3682 431; x_wconf 64' lang='grc' dir='ltr'><strong>ἰε-ι</strong></span> 
     </span>
    </p>
   </div>
   <div class='ocr_carea' id='block_1_4' title="bbox 455 439 1986 531">
    <p class='ocr_par' dir='ltr' id='par_1_4' title="bbox 455 439 1985 511">
     <span class='ocr_line' id='line_1_4' title="bbox 455 439 1985 511; baseline -0.001 -18"><span class='ocrx_word' id='word_1_8' title='bbox 455 440 587 493; x_wconf 77' lang='grc' dir='ltr'><strong>Θεὸν</strong></span> <span class='ocrx_word' id='word_1_9' title='bbox 619 439 884 493; x_wconf 72' lang='grc' dir='ltr'><strong>ἐνεπίστει</strong></span> <span class='ocrx_word' id='word_1_10' title='bbox 913 440 1308 493; x_wconf 77' lang='grc' dir='ltr'><strong>ἀνατείνεσθαι·</strong></span> <span class='ocrx_word' id='word_1_11' title='bbox 1330 440 1363 510; x_wconf 82' lang='grc' dir='ltr'>ἡ</span> <span class='ocrx_word' id='word_1_12' title='bbox 1385 440 1462 504; x_wconf 87' lang='grc' dir='ltr'><strong>δὲ’,</strong></span> <span class='ocrx_word' id='word_1_13' title='bbox 1488 442 1653 510; x_wconf 69' lang='grc' dir='ltr'><strong>ἤγουν</strong></span> <span class='ocrx_word' id='word_1_14' title='bbox 1685 441 1716 511; x_wconf 80' lang='grc' dir='ltr'>ἡ</span> <span class='ocrx_word' id='word_1_15' title='bbox 1750 439 1890 494; x_wconf 89' lang='grc' dir='ltr'><strong>κατὰ</strong></span> <span class='ocrx_word' id='word_1_16' title='bbox 1910 456 1985 491; x_wconf 87' lang='grc' dir='ltr'><strong>πα</strong></span> 
     </span>
    </p>
   </div>
   <div class='ocr_carea' id='block_1_5' title="bbox 2086 439 3679 531">
    <p class='ocr_par' dir='ltr' id='par_1_5' title="bbox 2111 447 3679 531">
     <span class='ocr_line' id='line_1_5' title="bbox 2111 447 3679 531; baseline 0.023 -40"><span class='ocrx_word' id='word_1_17' title='bbox 2111 448 2189 492; x_wconf 71' lang='grc' dir='ltr'><strong>ιρι·</strong></span> <span class='ocrx_word' id='word_1_18' title='bbox 2222 460 2249 490; x_wconf 85' lang='lat' dir='ltr'><strong>n</strong></span> <span class='ocrx_word' id='word_1_19' title='bbox 2274 454 2381 502; x_wconf 87' lang='lat' dir='ltr'><strong>oto.</strong></span> <span class='ocrx_word' id='word_1_20' title='bbox 2418 447 2567 515; x_wconf 81' lang='lat' dir='ltr'><strong>juxta</strong></span> <span class='ocrx_word' id='word_1_21' title='bbox 2604 452 3071 519; x_wconf 75' lang='lat' dir='ltr'><strong>sapientissimum</strong></span> <span class='ocrx_word' id='word_1_22' title='bbox 3108 460 3420 531; x_wconf 79' lang='lat' dir='ltr'><strong>Maximum,</strong></span> <span class='ocrx_word' id='word_1_23' title='bbox 3461 486 3563 524; x_wconf 90' lang='lat' dir='ltr'><strong>non</strong></span> <span class='ocrx_word' id='word_1_24' title='bbox 3588 489 3679 527; x_wconf 80' lang='lat' dir='ltr'><strong>au-</strong></span> 
     </span>
    </p>
   </div>
   <div class='ocr_carea' id='block_1_6' title="bbox 455 530 1986 626">
    <p class='ocr_par' dir='ltr' id='par_1_6' title="bbox 455 530 1984 601">
     <span class='ocr_line' id='line_1_6' title="bbox 455 530 1984 601; baseline 0.001 -20"><span class='ocrx_word' id='word_1_25' title='bbox 455 531 708 601; x_wconf 70' lang='grc' dir='ltr'><strong>ραδοχὴν,</strong></span> <span class='ocrx_word' id='word_1_26' title='bbox 733 530 953 599; x_wconf 85' lang='grc' dir='ltr'><strong>ἁμέσως</strong></span> <span class='ocrx_word' id='word_1_27' title='bbox 983 531 1113 601; x_wconf 82' lang='grc' dir='ltr'><strong>παρ’</strong></span> <span class='ocrx_word' id='word_1_28' title='bbox 1148 530 1313 584; x_wconf 85' lang='grc' dir='ltr'><strong>αὑτοῦ</strong></span> <span class='ocrx_word' id='word_1_29' title='bbox 1353 530 1447 583; x_wconf 89' lang='grc' dir='ltr'><strong>τοῦ</strong></span> <span class='ocrx_word' id='word_1_30' title='bbox 1476 531 1611 582; x_wconf 87' lang='grc' dir='ltr'><strong>Θεοῦ</strong></span> <span class='ocrx_word' id='word_1_31' title='bbox 1638 530 1984 583; x_wconf 80' lang='grc' dir='ltr'><strong>ὑποστατικῶ</strong></span> 
     </span>
    </p>
   </div>
   <div class='ocr_carea' id='block_1_7' title="bbox 2086 530 3682 626">
    <p class='ocr_par' dir='ltr' id='par_1_7' title="bbox 2110 535 3682 626">
     <span class='ocr_line' id='line_1_7' title="bbox 2110 535 3682 626; baseline 0.023 -43"><span class='ocrx_word' id='word_1_32' title='bbox 2110 541 2214 583; x_wconf 72' lang='lat' dir='ltr'><strong>tum</strong></span> <span class='ocrx_word' id='word_1_33' title='bbox 2247 535 2345 587; x_wconf 70' lang='lat' dir='ltr'><strong>sibi</strong></span> <span class='ocrx_word' id='word_1_34' title='bbox 2372 538 2763 598; x_wconf 64' lang='lat' dir='ltr'><strong>dedicationem</strong></span> <span class='ocrx_word' id='word_1_35' title='bbox 2784 558 3070 615; x_wconf 58' lang='lat' dir='ltr'><strong>prastante</strong></span> <span class='ocrx_word' id='word_1_36' title='bbox 3102 570 3206 608; x_wconf 91' lang='lat' dir='ltr'><strong>non</strong></span> <span class='ocrx_word' id='word_1_37' title='bbox 3240 574 3574 626; x_wconf 82' lang='lat' dir='ltr'><strong>generatam.</strong></span> <span class='ocrx_word' id='word_1_38' title='bbox 3598 564 3682 618; x_wconf 83' lang='lat' dir='ltr'><strong>Di-</strong></span> 
     </span>
    </p>
   </div>
   <div class='ocr_carea' id='block_1_8' title="bbox 451 623 2010 703">
    <p class='ocr_par' dir='ltr' id='par_1_8' title="bbox 451 623 2010 703">
     <span class='ocr_line' id='line_1_8' title="bbox 451 623 2010 703; baseline 0 -28"><span class='ocrx_word' id='word_1_39' title='bbox 451 624 599 675; x_wconf 81' lang='grc' dir='ltr'><strong>ένδον</strong></span> <span class='ocrx_word' id='word_1_40' title='bbox 621 623 847 693; x_wconf 78' lang='grc' dir='ltr'><strong>καρδίας</strong></span> <span class='ocrx_word' id='word_1_41' title='bbox 878 623 1087 692; x_wconf 85' lang='grc' dir='ltr'><strong>πέφυκε</strong></span> <span class='ocrx_word' id='word_1_42' title='bbox 1109 624 1375 691; x_wconf 85' lang='grc' dir='ltr'><strong>γίνεσθαι,</strong></span> <span class='ocrx_word' id='word_1_43' title='bbox 1408 623 1519 676; x_wconf 75' lang='grc' dir='ltr'><strong>ἐσθ’</strong></span> <span class='ocrx_word' id='word_1_44' title='bbox 1550 625 1638 676; x_wconf 84' lang='grc' dir='ltr'><strong>ὅτε</strong></span> <span class='ocrx_word' id='word_1_45' title='bbox 1669 624 1763 703; x_wconf 76' lang='grc' dir='ltr'><strong>καὶ</strong></span> <span class='ocrx_word' id='word_1_46' title='bbox 1792 623 2010 690; x_wconf 81' lang='grc' dir='ltr'><strong>ἔξωθεν,</strong></span> 
     </span>
    </p>
   </div>
   <div class='ocr_carea' id='block_1_9' title="bbox 451 713 2012 785">
    <p class='ocr_par' dir='ltr' id='par_1_9' title="bbox 451 713 2012 785">
     <span class='ocr_line' id='line_1_9' title="bbox 451 713 2012 785; baseline 0.001 -18"><span class='ocrx_word' id='word_1_47' title='bbox 451 716 545 767; x_wconf 77' lang='grc' dir='ltr'><strong>καὶ</strong></span> <span class='ocrx_word' id='word_1_48' title='bbox 583 714 660 782; x_wconf 83' lang='grc' dir='ltr'><strong>τῷ</strong></span> <span class='ocrx_word' id='word_1_49' title='bbox 694 713 905 784; x_wconf 81' lang='grc' dir='ltr'><strong>σώματι</strong></span> <span class='ocrx_word' id='word_1_50' title='bbox 939 715 1292 784; x_wconf 77' lang='grc' dir='ltr'><strong>μεταδιδοῦσα</strong></span> <span class='ocrx_word' id='word_1_51' title='bbox 1326 716 1584 785; x_wconf 81' lang='grc' dir='ltr'><strong>ἐμφανῶς</strong></span> <span class='ocrx_word' id='word_1_52' title='bbox 1629 716 1769 785; x_wconf 78' lang='grc' dir='ltr'><strong>ὑπὲρ</strong></span> <span class='ocrx_word' id='word_1_53' title='bbox 1803 715 2012 770; x_wconf 80' lang='grc' dir='ltr'><strong>ἔννοιαν</strong></span> 
     </span>
    </p>
   </div>
   <div class='ocr_carea' id='block_1_10' title="bbox 447 805 2010 877">
    <p class='ocr_par' dir='ltr' id='par_1_10' title="bbox 447 805 2010 877">
     <span class='ocr_line' id='line_1_10' title="bbox 447 805 2010 877; baseline 0.001 -18"><span class='ocrx_word' id='word_1_54' title='bbox 447 808 546 876; x_wconf 83' lang='grc' dir='ltr'><strong>τῆς</strong></span> <span class='ocrx_word' id='word_1_55' title='bbox 589 807 796 868; x_wconf 73' lang='grc' dir='ltr'><strong>οἰκείας</strong></span> <span class='ocrx_word' id='word_1_56' title='bbox 852 805 1169 876; x_wconf 80' lang='grc' dir='ltr'><strong>ὲλλὰμψεως</strong></span> <span class='ocrx_word' id='word_1_57' title='bbox 1216 809 1311 864; x_wconf 71' lang='grc' dir='ltr'><strong>καὶ</strong></span> <span class='ocrx_word' id='word_1_58' title='bbox 1368 807 1461 861; x_wconf 85' lang='grc' dir='ltr'><strong>τοῦ</strong></span> <span class='ocrx_word' id='word_1_59' title='bbox 1525 808 1799 861; x_wconf 82' lang='grc' dir='ltr'><strong>θειοτάτου</strong></span> <span class='ocrx_word' id='word_1_60' title='bbox 1843 825 2010 877; x_wconf 86' lang='grc' dir='ltr'><strong>φωτι-</strong></span> 
     </span>
    </p>
   </div>
   <div class='ocr_carea' id='block_1_11' title="bbox 449 894 2011 968">
    <p class='ocr_par' dir='ltr' id='par_1_11' title="bbox 449 894 2011 968">
     <span class='ocr_line' id='line_1_11' title="bbox 449 894 2011 968; baseline 0.002 -20"><span class='ocrx_word' id='word_1_61' title='bbox 449 897 612 967; x_wconf 89' lang='grc' dir='ltr'><strong>σμοῦ,</strong></span> <span class='ocrx_word' id='word_1_62' title='bbox 646 894 939 966; x_wconf 76' lang='grc' dir='ltr'>ὑπερφυῶς</span> <span class='ocrx_word' id='word_1_63' title='bbox 970 896 1284 968; x_wconf 81' lang='grc' dir='ltr'><strong>πασχούσης</strong></span> <span class='ocrx_word' id='word_1_64' title='bbox 1308 898 1416 967; x_wconf 82' lang='grc' dir='ltr'><strong>ίτῆς</strong></span> <span class='ocrx_word' id='word_1_65' title='bbox 1459 898 1705 967; x_wconf 77' lang='grc' dir='ltr'><strong>καρδίας,</strong></span> <span class='ocrx_word' id='word_1_66' title='bbox 1737 898 1878 952; x_wconf 85' lang='grc' dir='ltr'><strong>κατὰ</strong></span> <span class='ocrx_word' id='word_1_67' title='bbox 1920 898 2011 951; x_wconf 82' lang='grc' dir='ltr'><strong>τὸν</strong></span> 
     </span>
    </p>
   </div>
   <div class='ocr_carea' id='block_1_12' title="bbox 449 987 2010 1060">
    <p class='ocr_par' dir='ltr' id='par_1_12' title="bbox 449 987 2010 1060">
     <span class='ocr_line' id='line_1_12' title="bbox 449 987 2010 1060; baseline -0.001 -18"><span class='ocrx_word' id='word_1_68' title='bbox 449 987 760 1058; x_wconf 85' lang='grc' dir='ltr'><strong>σοφώτατον</strong></span> <span class='ocrx_word' id='word_1_69' title='bbox 814 987 1084 1056; x_wconf 79' lang='grc' dir='ltr'><strong>Μάξιμον,</strong></span> <span class='ocrx_word' id='word_1_70' title='bbox 1141 989 1201 1041; x_wconf 81' lang='grc' dir='ltr'><strong>οὐ</strong></span> <span class='ocrx_word' id='word_1_71' title='bbox 1258 988 1515 1059; x_wconf 81' lang='grc' dir='ltr'><strong>ποιούσης</strong></span> <span class='ocrx_word' id='word_1_72' title='bbox 1565 989 1664 1059; x_wconf 78' lang='grc' dir='ltr'><strong>τὴν</strong></span> <span class='ocrx_word' id='word_1_73' title='bbox 1715 989 2010 1060; x_wconf 82' lang='grc' dir='ltr'><strong>ἀγέννητον</strong></span> 
     </span>
    </p>
   </div>
   <div class='ocr_carea' id='block_1_13' title="bbox 446 1072 2011 1152">
    <p class='ocr_par' dir='ltr' id='par_1_13' title="bbox 446 1072 2011 1152">
     <span class='ocr_line' id='line_1_13' title="bbox 446 1072 2011 1152; baseline -0.001 -19"><span class='ocrx_word' id='word_1_74' title='bbox 446 1080 663 1134; x_wconf 88' lang='grc' dir='ltr'><strong>θέωσιν.</strong></span> <span class='ocrx_word' id='word_1_75' title='bbox 697 1082 836 1149; x_wconf 78' lang='grc' dir='ltr'><strong>Φησὶ</strong></span> <span class='ocrx_word' id='word_1_76' title='bbox 871 1079 980 1150; x_wconf 83' lang='grc' dir='ltr'><strong>γὰρ</strong></span> <span class='ocrx_word' id='word_1_77' title='bbox 1029 1072 1182 1142; x_wconf 72' lang='grc' dir='ltr'><strong>οὗτος</strong></span> <span class='ocrx_word' id='word_1_78' title='bbox 1229 1083 1257 1133; x_wconf 92' lang='grc' dir='ltr'><strong>ό</strong></span> <span class='ocrx_word' id='word_1_79' title='bbox 1285 1080 1437 1148; x_wconf 76' lang='grc' dir='ltr'><strong>ἅγιος</strong></span> <span class='ocrx_word' id='word_1_80' title='bbox 1459 1097 1471 1109; x_wconf 90' lang='grc'><strong>·</strong></span> <span class='ocrx_word' id='word_1_81' title='bbox 1515 1081 1835 1152; x_wconf 76' lang='grc' dir='ltr'><strong>’Δγέννητον</strong></span> <span class='ocrx_word' id='word_1_82' title='bbox 1866 1080 2011 1147; x_wconf 87' lang='grc' dir='ltr'><strong>λέγω</strong></span> 
     </span>
    </p>
   </div>
   <div class='ocr_carea' id='block_1_14' title="bbox 444 1167 2009 1245">
    <p class='ocr_par' dir='ltr' id='par_1_14' title="bbox 444 1167 2009 1245">
     <span class='ocr_line' id='line_1_14' title="bbox 444 1167 2009 1245; baseline 0.002 -21"><span class='ocrx_word' id='word_1_83' title='bbox 444 1171 639 1225; x_wconf 78' lang='grc' dir='ltr'><strong>θέωσιν</strong></span> <span class='ocrx_word' id='word_1_84' title='bbox 680 1172 781 1241; x_wconf 82' lang='grc' dir='ltr'><strong>τὴν</strong></span> <span class='ocrx_word' id='word_1_85' title='bbox 840 1170 960 1223; x_wconf 83' lang='grc' dir='ltr'><strong>κατ’</strong></span> <span class='ocrx_word' id='word_1_86' title='bbox 1007 1167 1144 1233; x_wconf 77' lang='grc' dir='ltr'><strong>εἶδος</strong></span> <span class='ocrx_word' id='word_1_87' title='bbox 1207 1173 1565 1225; x_wconf 80' lang='grc' dir='ltr'><strong>ὲνυπόστατον</strong></span> <span class='ocrx_word' id='word_1_88' title='bbox 1614 1174 1715 1242; x_wconf 82' lang='grc' dir='ltr'><strong>τῆς</strong></span> <span class='ocrx_word' id='word_1_89' title='bbox 1757 1175 2009 1245; x_wconf 82' lang='grc' dir='ltr'><strong>θεότητος</strong></span> 
     </span>
    </p>
   </div>
   <div class='ocr_carea' id='block_1_15' title="bbox 442 1261 2005 1338">
    <p class='ocr_par' dir='ltr' id='par_1_15' title="bbox 442 1261 2005 1338">
     <span class='ocr_line' id='line_1_15' title="bbox 442 1261 2005 1338; baseline 0.004 -24"><span class='ocrx_word' id='word_1_90' title='bbox 442 1262 708 1332; x_wconf 75' lang='grc' dir='ltr'><strong>ἐλλαμψιν</strong></span> <span class='ocrx_word' id='word_1_91' title='bbox 739 1278 754 1293; x_wconf 71' lang='grc'><strong><em>⁸</em></strong></span> <span class='ocrx_word' id='word_1_92' title='bbox 787 1262 911 1331; x_wconf 78' lang='grc' dir='ltr'><strong>ἥτις</strong></span> <span class='ocrx_word' id='word_1_93' title='bbox 940 1262 1040 1315; x_wconf 81' lang='grc' dir='ltr'><strong>οὐκ</strong></span> <span class='ocrx_word' id='word_1_94' title='bbox 1091 1261 1203 1332; x_wconf 80' lang='grc' dir='ltr'><strong>ἔχει</strong></span> <span class='ocrx_word' id='word_1_95' title='bbox 1241 1264 1475 1331; x_wconf 89' lang='grc' dir='ltr'><strong>γένεσιν,</strong></span> <span class='ocrx_word' id='word_1_96' title='bbox 1501 1265 1615 1317; x_wconf 82' lang='grc' dir='ltr'><strong>ἀλλ’</strong></span> <span class='ocrx_word' id='word_1_97' title='bbox 1649 1267 2005 1338; x_wconf 82' lang='grc' dir='ltr'><strong>ἀνεπινόητσν</strong></span> 
     </span>
    </p>
   </div>
   <div class='ocr_carea' id='block_1_16' title="bbox 442 1352 2005 1427">
    <p class='ocr_par' dir='ltr' id='par_1_16' title="bbox 442 1352 2005 1427">
     <span class='ocr_line' id='line_1_16' title="bbox 442 1352 2005 1427; baseline 0.003 -21"><span class='ocrx_word' id='word_1_98' title='bbox 442 1355 501 1407; x_wconf 82' lang='grc' dir='ltr'><strong>ὲν</strong></span> <span class='ocrx_word' id='word_1_99' title='bbox 546 1356 660 1416; x_wconf 78' lang='grc' dir='ltr'><strong>τοῖς</strong></span> <span class='ocrx_word' id='word_1_100' title='bbox 711 1352 883 1418; x_wconf 81' lang='grc' dir='ltr'><strong>ἀξίοις</strong></span> <span class='ocrx_word' id='word_1_101' title='bbox 930 1354 1587 1425; x_wconf 76' lang='grc' dir='ltr'><strong>φανέρωσιν.·Συνᾴδοντα</strong></span> <span class='ocrx_word' id='word_1_102' title='bbox 1635 1360 1747 1420; x_wconf 85' lang='grc' dir='ltr'><strong>τοῖς</strong></span> <span class='ocrx_word' id='word_1_103' title='bbox 1795 1358 2005 1427; x_wconf 81' lang='grc' dir='ltr'><strong>ῥηθεῖσι</strong></span> 
     </span>
    </p>
   </div>
   <div class='ocr_carea' id='block_1_17' title="bbox 354 1443 2004 1513">
    <p class='ocr_par' dir='ltr' id='par_1_17' title="bbox 354 1443 2004 1513">
     <span class='ocr_line' id='line_1_17' title="bbox 354 1443 2004 1513; baseline 0.004 -20"><span class='ocrx_word' id='word_1_104' title='bbox 354 1486 364 1493; x_wconf 89' lang='grc'><strong>,</strong></span> <span class='ocrx_word' id='word_1_105' title='bbox 441 1443 588 1510; x_wconf 83' lang='grc' dir='ltr'><strong>λέγει</strong></span> <span class='ocrx_word' id='word_1_106' title='bbox 643 1444 736 1496; x_wconf 72' lang='grc' dir='ltr'><strong>καὶ</strong></span> <span class='ocrx_word' id='word_1_107' title='bbox 785 1444 814 1497; x_wconf 87' lang='grc' dir='ltr'><strong>ό</strong></span> <span class='ocrx_word' id='word_1_108' title='bbox 868 1443 1043 1513; x_wconf 80' lang='grc' dir='ltr'><strong>μέγας</strong></span> <span class='ocrx_word' id='word_1_109' title='bbox 1084 1444 1352 1506; x_wconf 88' lang='grc' dir='ltr'><strong>Διονύσιος</strong></span> <span class='ocrx_word' id='word_1_110' title='bbox 1383 1461 1397 1474; x_wconf 89' lang='grc'><strong>·</strong></span> <span class='ocrx_word' id='word_1_111' title='bbox 1428 1462 1448 1495; x_wconf 75' lang='grc' dir='ltr'><strong>ι</strong></span> <span class='ocrx_word' id='word_1_112' title='bbox 1499 1446 1628 1499; x_wconf 86' lang='grc' dir='ltr'><strong>Δέον</strong></span> <span class='ocrx_word' id='word_1_113' title='bbox 1676 1445 1877 1499; x_wconf 80' lang='grc' dir='ltr'><strong>εἰδέναι</strong></span> <span class='ocrx_word' id='word_1_114' title='bbox 1911 1447 2004 1499; x_wconf 74' lang='grc' dir='ltr'><strong>τὸν</strong></span> 
     </span>
    </p>
   </div>
   <div class='ocr_carea' id='block_1_18' title="bbox 439 1532 1996 1605">
    <p class='ocr_par' dir='ltr' id='par_1_18' title="bbox 439 1532 1996 1605">
     <span class='ocr_line' id='line_1_18' title="bbox 439 1532 1996 1605; baseline 0.003 -19"><span class='ocrx_word' id='word_1_115' title='bbox 439 1534 563 1587; x_wconf 90' lang='grc' dir='ltr'><strong>καθ’</strong></span> <span class='ocrx_word' id='word_1_116' title='bbox 600 1536 743 1603; x_wconf 77' lang='grc' dir='ltr'><strong>ἡμᾶς</strong></span> <span class='ocrx_word' id='word_1_117' title='bbox 774 1532 919 1599; x_wconf 88' lang='grc' dir='ltr'><strong>νοῦν,</strong></span> <span class='ocrx_word' id='word_1_118' title='bbox 942 1535 1040 1603; x_wconf 82' lang='grc' dir='ltr'><strong>τὴν</strong></span> <span class='ocrx_word' id='word_1_119' title='bbox 1078 1535 1177 1604; x_wconf 81' lang='grc' dir='ltr'><strong>μὲν</strong></span> <span class='ocrx_word' id='word_1_120' title='bbox 1210 1534 1356 1605; x_wconf 80' lang='grc' dir='ltr'><strong>ἔχειν</strong></span> <span class='ocrx_word' id='word_1_121' title='bbox 1382 1535 1613 1605; x_wconf 88' lang='grc' dir='ltr'><strong>δύναμιν</strong></span> <span class='ocrx_word' id='word_1_122' title='bbox 1644 1539 1725 1600; x_wconf 87' lang='grc' dir='ltr'><strong>είς</strong></span> <span class='ocrx_word' id='word_1_123' title='bbox 1767 1539 1827 1590; x_wconf 78' lang='grc' dir='ltr'><strong>τὸ</strong></span> <span class='ocrx_word' id='word_1_124' title='bbox 1855 1542 1996 1591; x_wconf 84' lang='grc' dir='ltr'><strong>νοεῖν</strong></span> 
     </span>
    </p>
   </div>
   <div class='ocr_carea' id='block_1_19' title="bbox 436 1620 2002 1699">
    <p class='ocr_par' dir='ltr' id='par_1_19' title="bbox 436 1620 2002 1699">
     <span class='ocr_line' id='line_1_19' title="bbox 436 1620 2002 1699; baseline 0.002 -21"><span class='ocrx_word' id='word_1_125' title='bbox 436 1625 504 1678; x_wconf 88' lang='grc' dir='ltr'><strong>δι’</strong></span> <span class='ocrx_word' id='word_1_126' title='bbox 532 1620 600 1696; x_wconf 82' lang='grc' dir='ltr'><strong>ἦς</strong></span> <span class='ocrx_word' id='word_1_127' title='bbox 653 1626 721 1678; x_wconf 83' lang='grc' dir='ltr'><strong>τὰ</strong></span> <span class='ocrx_word' id='word_1_128' title='bbox 777 1626 943 1695; x_wconf 85' lang='grc' dir='ltr'><strong>νοητὰ</strong></span> <span class='ocrx_word' id='word_1_129' title='bbox 1009 1625 1195 1696; x_wconf 83' lang='grc' dir='ltr'><strong>βλέπει</strong></span> <span class='ocrx_word' id='word_1_130' title='bbox 1224 1626 1362 1696; x_wconf 77' lang='grc' dir='ltr'><strong>’τὴν</strong></span> <span class='ocrx_word' id='word_1_131' title='bbox 1419 1627 1477 1680; x_wconf 76' lang='grc' dir='ltr'><strong>δὲ</strong></span> <span class='ocrx_word' id='word_1_132' title='bbox 1528 1628 1722 1681; x_wconf 74' lang='grc' dir='ltr'><strong>ἕνωσιν</strong></span> <span class='ocrx_word' id='word_1_133' title='bbox 1773 1629 2002 1699; x_wconf 78' lang='grc' dir='ltr'><strong>ὑπεραί-</strong></span> 
     </span>
    </p>
   </div>
   <div class='ocr_carea' id='block_1_20' title="bbox 443 1714 1998 1790">
    <p class='ocr_par' dir='ltr' id='par_1_20' title="bbox 443 1714 1998 1790">
     <span class='ocr_line' id='line_1_20' title="bbox 443 1714 1998 1790; baseline 0.003 -20"><span class='ocrx_word' id='word_1_134' title='bbox 443 1734 642 1788; x_wconf 87' lang='grc' dir='ltr'><strong>ρουσαν</strong></span> <span class='ocrx_word' id='word_1_135' title='bbox 699 1717 797 1787; x_wconf 82' lang='grc' dir='ltr'><strong>τὴν</strong></span> <span class='ocrx_word' id='word_1_136' title='bbox 846 1717 941 1770; x_wconf 92' lang='grc' dir='ltr'><strong>τοῦ</strong></span> <span class='ocrx_word' id='word_1_137' title='bbox 991 1716 1083 1771; x_wconf 89' lang='grc' dir='ltr'><strong>νοῦ</strong></span> <span class='ocrx_word' id='word_1_138' title='bbox 1141 1718 1302 1786; x_wconf 87' lang='grc' dir='ltr'><strong>φύσιν</strong></span> <span class='ocrx_word' id='word_1_139' title='bbox 1330 1759 1347 1784; x_wconf 93' lang='grc'><strong>,</strong></span> <span class='ocrx_word' id='word_1_140' title='bbox 1400 1720 1467 1772; x_wconf 89' lang='grc' dir='ltr'><strong>δι’</strong></span> <span class='ocrx_word' id='word_1_141' title='bbox 1530 1714 1599 1790; x_wconf 85' lang='grc' dir='ltr'><strong>ἦς</strong></span> <span class='ocrx_word' id='word_1_142' title='bbox 1667 1720 1998 1775; x_wconf 81' lang='grc' dir='ltr'><strong>συνάπτεται</strong></span> 
     </span>
    </p>
   </div>
   <div class='ocr_carea' id='block_1_21' title="bbox 2105 625 3739 711">
    <p class='ocr_par' dir='ltr' id='par_1_21' title="bbox 2105 625 3739 711">
     <span class='ocr_line' id='line_1_21' title="bbox 2105 625 3739 711; baseline 0.021 -37"><span class='ocrx_word' id='word_1_143' title='bbox 2105 625 2178 675; x_wconf 91' lang='lat' dir='ltr'><strong>cit</strong></span> <span class='ocrx_word' id='word_1_144' title='bbox 2216 626 2358 679; x_wconf 91' lang='lat' dir='ltr'><strong>enim</strong></span> <span class='ocrx_word' id='word_1_145' title='bbox 2394 627 2480 683; x_wconf 87' lang='lat' dir='ltr'><strong>hic</strong></span> <span class='ocrx_word' id='word_1_146' title='bbox 2512 642 2732 689; x_wconf 83' lang='lat' dir='ltr'><strong>sanctus</strong></span> <span class='ocrx_word' id='word_1_147' title='bbox 2778 653 2793 691; x_wconf 89' lang='lat'><strong>:</strong></span> <span class='ocrx_word' id='word_1_148' title='bbox 2823 656 2841 688; x_wconf 84' lang='grc' dir='ltr'><strong>ι</strong></span> <span class='ocrx_word' id='word_1_149' title='bbox 2875 638 2990 694; x_wconf 88' lang='lat' dir='ltr'><strong>Non</strong></span> <span class='ocrx_word' id='word_1_150' title='bbox 3036 625 3346 711; x_wconf 77' lang='lat' dir='ltr'><strong>generatam</strong></span> <span class='ocrx_word' id='word_1_151' title='bbox 3380 651 3501 705; x_wconf 83' lang='lat' dir='ltr'><strong>dico</strong></span> <span class='ocrx_word' id='word_1_152' title='bbox 3526 654 3682 706; x_wconf 80' lang='lat' dir='ltr'><strong>deili-</strong></span> <span class='ocrx_word' id='word_1_153' title='bbox 3738 692 3739 695; x_wconf 60' lang='grc' dir='ltr'><strong>η</strong></span> 
     </span>
    </p>
   </div>
   <div class='ocr_carea' id='block_1_22' title="bbox 2106 716 3680 809">
    <p class='ocr_par' dir='ltr' id='par_1_22' title="bbox 2106 716 3680 809">
     <span class='ocr_line' id='line_1_22' title="bbox 2106 716 3680 809; baseline 0.022 -45"><span class='ocrx_word' id='word_1_154' title='bbox 2106 716 2397 784; x_wconf 80' lang='lat' dir='ltr'><strong>rationem,</strong></span> <span class='ocrx_word' id='word_1_155' title='bbox 2428 735 2546 774; x_wconf 87' lang='lat' dir='ltr'><strong>eam</strong></span> <span class='ocrx_word' id='word_1_156' title='bbox 2581 740 2700 792; x_wconf 71' lang='lat' dir='ltr'><strong>qua:</strong></span> <span class='ocrx_word' id='word_1_157' title='bbox 2727 742 2821 795; x_wconf 92' lang='lat' dir='ltr'><strong>per</strong></span> <span class='ocrx_word' id='word_1_158' title='bbox 2848 730 3154 791; x_wconf 88' lang='lat' dir='ltr'><strong>Divinitatis</strong></span> <span class='ocrx_word' id='word_1_159' title='bbox 3180 741 3411 806; x_wconf 81' lang='lat' dir='ltr'><strong>speciem</strong></span> <span class='ocrx_word' id='word_1_160' title='bbox 3435 743 3510 809; x_wconf 86' lang='lat' dir='ltr'><strong>ﬁt,</strong></span> <span class='ocrx_word' id='word_1_161' title='bbox 3546 746 3680 798; x_wconf 88' lang='lat' dir='ltr'><strong>illu-</strong></span> 
     </span>
    </p>
   </div>
   <div class='ocr_carea' id='block_1_23' title="bbox 2110 806 3671 903">
    <p class='ocr_par' dir='ltr' id='par_1_23' title="bbox 2110 806 3671 903">
     <span class='ocr_line' id='line_1_23' title="bbox 2110 806 3671 903; baseline 0.023 -49"><span class='ocrx_word' id='word_1_162' title='bbox 2110 806 2455 862; x_wconf 89' lang='lat' dir='ltr'><strong>minationem</strong></span> <span class='ocrx_word' id='word_1_163' title='bbox 2483 828 2498 866; x_wconf 90' lang='lat'><strong>:</strong></span> <span class='ocrx_word' id='word_1_164' title='bbox 2526 829 2646 881; x_wconf 68' lang='lat' dir='ltr'><strong>quae</strong></span> <span class='ocrx_word' id='word_1_165' title='bbox 2669 820 2884 886; x_wconf 85' lang='lat' dir='ltr'><strong>quidem</strong></span> <span class='ocrx_word' id='word_1_166' title='bbox 2917 830 3323 893; x_wconf 85' lang='lat' dir='ltr'><strong>generationem</strong></span> <span class='ocrx_word' id='word_1_167' title='bbox 3358 848 3463 889; x_wconf 89' lang='lat' dir='ltr'><strong>non</strong></span> <span class='ocrx_word' id='word_1_168' title='bbox 3487 836 3671 903; x_wconf 82' lang='lat' dir='ltr'><strong>habet,</strong></span> 
     </span>
    </p>
   </div>
   <div class='ocr_carea' id='block_1_24' title="bbox 2104 895 3668 991">
    <p class='ocr_par' dir='ltr' id='par_1_24' title="bbox 2104 895 3668 991">
     <span class='ocr_line' id='line_1_24' title="bbox 2104 895 3668 991; baseline 0.023 -45"><span class='ocrx_word' id='word_1_169' title='bbox 2104 895 2196 948; x_wconf 91' lang='lat' dir='ltr'><strong>sed</strong></span> <span class='ocrx_word' id='word_1_170' title='bbox 2219 896 2272 950; x_wconf 90' lang='lat' dir='ltr'><strong>in</strong></span> <span class='ocrx_word' id='word_1_171' title='bbox 2292 897 2356 952; x_wconf 91' lang='lat' dir='ltr'><strong>iis</strong></span> <span class='ocrx_word' id='word_1_172' title='bbox 2379 900 2469 971; x_wconf 86' lang='lat' dir='ltr'><strong>qui</strong></span> <span class='ocrx_word' id='word_1_173' title='bbox 2494 904 2638 973; x_wconf 93' lang='lat' dir='ltr'><strong>digni</strong></span> <span class='ocrx_word' id='word_1_174' title='bbox 2665 918 2813 972; x_wconf 88' lang='lat' dir='ltr'><strong>sunt,</strong></span> <span class='ocrx_word' id='word_1_175' title='bbox 2842 913 3233 983; x_wconf 74' lang='lat' dir='ltr'><strong>incogitabilem</strong></span> <span class='ocrx_word' id='word_1_176' title='bbox 3258 895 3668 991; x_wconf 49' lang='lat' dir='ltr'><strong>apparitionem:</strong></span> 
     </span>
    </p>
   </div>
   <div class='ocr_carea' id='block_1_25' title="bbox 2105 983 3666 1077">
    <p class='ocr_par' dir='ltr' id='par_1_25' title="bbox 2105 983 3666 1077">
     <span class='ocr_line' id='line_1_25' title="bbox 2105 983 3666 1077; baseline 0.022 -42"><span class='ocrx_word' id='word_1_177' title='bbox 2105 983 2173 1036; x_wconf 81' lang='lat' dir='ltr'><strong>lis</strong></span> <span class='ocrx_word' id='word_1_178' title='bbox 2198 1004 2317 1055; x_wconf 60' lang='lat' dir='ltr'><strong>qua:</strong></span> <span class='ocrx_word' id='word_1_179' title='bbox 2349 991 2490 1046; x_wconf 91' lang='lat' dir='ltr'><strong>dicta</strong></span> <span class='ocrx_word' id='word_1_180' title='bbox 2522 1006 2650 1050; x_wconf 91' lang='lat' dir='ltr'><strong>sunt</strong></span> <span class='ocrx_word' id='word_1_181' title='bbox 2703 1006 3066 1070; x_wconf 88' lang='lat' dir='ltr'><strong>congruentia</strong></span> <span class='ocrx_word' id='word_1_182' title='bbox 3135 1012 3393 1077; x_wconf 60' lang='lat' dir='ltr'><strong>exprimit</strong></span> <span class='ocrx_word' id='word_1_183' title='bbox 3443 1027 3666 1069; x_wconf 73' lang='lat' dir='ltr'><strong>sanctus</strong></span> 
     </span>
    </p>
   </div>
   <div class='ocr_carea' id='block_1_26' title="bbox 2106 1067 3667 1168">
    <p class='ocr_par' dir='ltr' id='par_1_26' title="bbox 2106 1067 3667 1168">
     <span class='ocr_line' id='line_1_26' title="bbox 2106 1067 3667 1168; baseline 0.024 -48"><span class='ocrx_word' id='word_1_184' title='bbox 2106 1067 2399 1143; x_wconf 71' lang='lat' dir='ltr'><strong>Dionysius</strong></span> <span class='ocrx_word' id='word_1_185' title='bbox 2430 1095 2444 1133; x_wconf 88' lang='lat'><strong>:</strong></span> <span class='ocrx_word' id='word_1_186' title='bbox 2491 1098 2508 1131; x_wconf 88' lang='grc' dir='ltr'><strong>ι</strong></span> <span class='ocrx_word' id='word_1_187' title='bbox 2544 1082 2841 1141; x_wconf 84' lang='lat' dir='ltr'><strong>Sciendum</strong></span> <span class='ocrx_word' id='word_1_188' title='bbox 2872 1100 2954 1144; x_wconf 90' lang='lat' dir='ltr'><strong>est</strong></span> <span class='ocrx_word' id='word_1_189' title='bbox 2995 1107 3227 1150; x_wconf 84' lang='lat' dir='ltr'><strong>mentem</strong></span> <span class='ocrx_word' id='word_1_190' title='bbox 3263 1112 3524 1168; x_wconf 87' lang='lat' dir='ltr'><strong>nostram,</strong></span> <span class='ocrx_word' id='word_1_191' title='bbox 3559 1106 3667 1157; x_wconf 89' lang='lat' dir='ltr'><strong>vim</strong></span> 
     </span>
    </p>
   </div>
   <div class='ocr_carea' id='block_1_27' title="bbox 2102 1161 3662 1257">
    <p class='ocr_par' dir='ltr' id='par_1_27' title="bbox 2102 1161 3662 1257">
     <span class='ocr_line' id='line_1_27' title="bbox 2102 1161 3662 1257; baseline 0.022 -46"><span class='ocrx_word' id='word_1_192' title='bbox 2102 1161 2322 1228; x_wconf 84' lang='lat' dir='ltr'><strong>quidem</strong></span> <span class='ocrx_word' id='word_1_193' title='bbox 2377 1167 2577 1225; x_wconf 84' lang='lat' dir='ltr'><strong>habere</strong></span> <span class='ocrx_word' id='word_1_194' title='bbox 2617 1177 2910 1245; x_wconf 82' lang='lat' dir='ltr'><strong>cogitandi,</strong></span> <span class='ocrx_word' id='word_1_195' title='bbox 2972 1197 3065 1250; x_wconf 89' lang='lat' dir='ltr'><strong>per</strong></span> <span class='ocrx_word' id='word_1_196' title='bbox 3102 1200 3267 1254; x_wconf 89' lang='lat' dir='ltr'><strong>quam</strong></span> <span class='ocrx_word' id='word_1_197' title='bbox 3307 1161 3662 1257; x_wconf 76' lang='lat' dir='ltr'><strong>intelligibilia</strong></span> 
     </span>
    </p>
   </div>
   <div class='ocr_carea' id='block_1_28' title="bbox 2100 1253 3663 1351">
    <p class='ocr_par' dir='ltr' id='par_1_28' title="bbox 2100 1253 3663 1351">
     <span class='ocr_line' id='line_1_28' title="bbox 2100 1253 3663 1351; baseline 0.022 -48"><span class='ocrx_word' id='word_1_198' title='bbox 2100 1253 2309 1311; x_wconf 72' lang='lat' dir='ltr'><strong>cernit:</strong></span> <span class='ocrx_word' id='word_1_199' title='bbox 2337 1260 2594 1315; x_wconf 91' lang='lat' dir='ltr'><strong>unionem</strong></span> <span class='ocrx_word' id='word_1_200' title='bbox 2630 1280 2759 1321; x_wconf 89' lang='lat' dir='ltr'><strong>vero</strong></span> <span class='ocrx_word' id='word_1_201' title='bbox 2788 1271 3004 1335; x_wconf 89' lang='lat' dir='ltr'><strong>mentis,</strong></span> <span class='ocrx_word' id='word_1_202' title='bbox 3028 1284 3276 1330; x_wconf 91' lang='lat' dir='ltr'><strong>naturam</strong></span> <span class='ocrx_word' id='word_1_203' title='bbox 3296 1282 3663 1351; x_wconf 83' lang='lat' dir='ltr'><strong>extollentem,</strong></span> 
     </span>
    </p>
   </div>
   <div class='ocr_carea' id='block_1_29' title="bbox 2101 1350 3663 1441">
    <p class='ocr_par' dir='ltr' id='par_1_29' title="bbox 2101 1350 3663 1441">
     <span class='ocr_line' id='line_1_29' title="bbox 2101 1350 3663 1441; baseline 0.021 -47"><span class='ocrx_word' id='word_1_204' title='bbox 2101 1356 2197 1410; x_wconf 91' lang='lat' dir='ltr'><strong>per</strong></span> <span class='ocrx_word' id='word_1_205' title='bbox 2229 1359 2390 1414; x_wconf 83' lang='lat' dir='ltr'><strong>quam</strong></span> <span class='ocrx_word' id='word_1_206' title='bbox 2432 1350 2495 1407; x_wconf 94' lang='lat' dir='ltr'><strong>iis</strong></span> <span class='ocrx_word' id='word_1_207' title='bbox 2532 1369 2653 1422; x_wconf 66' lang='lat' dir='ltr'><strong>quae</strong></span> <span class='ocrx_word' id='word_1_208' title='bbox 2676 1359 2812 1414; x_wconf 89' lang='lat' dir='ltr'><strong>ultra</strong></span> <span class='ocrx_word' id='word_1_209' title='bbox 2852 1361 3021 1431; x_wconf 85' lang='lat' dir='ltr'><strong>ipsam</strong></span> <span class='ocrx_word' id='word_1_210' title='bbox 3052 1378 3201 1429; x_wconf 84' lang='lat' dir='ltr'><strong>sunt,</strong></span> <span class='ocrx_word' id='word_1_211' title='bbox 3234 1370 3612 1441; x_wconf 78' lang='lat' dir='ltr'><strong>coniungitur.</strong></span> <span class='ocrx_word' id='word_1_212' title='bbox 3645 1396 3663 1426; x_wconf 75' lang='grc' dir='ltr'><strong>ι</strong></span> 
     </span>
    </p>
   </div>
   <div class='ocr_carea' id='block_1_30' title="bbox 2100 1432 3659 1528">
    <p class='ocr_par' dir='ltr' id='par_1_30' title="bbox 2100 1432 3659 1528">
     <span class='ocr_line' id='line_1_30' title="bbox 2100 1432 3659 1528; baseline 0.022 -42"><span class='ocrx_word' id='word_1_213' title='bbox 2100 1432 2167 1487; x_wconf 86' lang='grc' dir='ltr'><strong>Ει</strong></span> <span class='ocrx_word' id='word_1_214' title='bbox 2206 1438 2329 1505; x_wconf 89' lang='lat' dir='ltr'><strong>pius</strong></span> <span class='ocrx_word' id='word_1_215' title='bbox 2360 1440 2547 1499; x_wconf 84' lang='lat' dir='ltr'><strong>lsaac:</strong></span> <span class='ocrx_word' id='word_1_216' title='bbox 2582 1464 2601 1497; x_wconf 80' lang='grc' dir='ltr'><strong>ι</strong></span> <span class='ocrx_word' id='word_1_217' title='bbox 2635 1447 2777 1506; x_wconf 90' lang='lat' dir='ltr'><strong>Duos</strong></span> <span class='ocrx_word' id='word_1_218' title='bbox 2807 1454 3002 1509; x_wconf 81' lang='lat' dir='ltr'><strong>animae</strong></span> <span class='ocrx_word' id='word_1_219' title='bbox 3063 1459 3251 1513; x_wconf 87' lang='lat' dir='ltr'><strong>oculos</strong></span> <span class='ocrx_word' id='word_1_220' title='bbox 3290 1462 3659 1528; x_wconf 85' lang='lat' dir='ltr'><strong>possidemus.</strong></span> 
     </span>
    </p>
   </div>
   <div class='ocr_carea' id='block_1_31' title="bbox 2102 1528 3660 1625">
    <p class='ocr_par' dir='ltr' id='par_1_31' title="bbox 2102 1528 3660 1625">
     <span class='ocr_line' id='line_1_31' title="bbox 2102 1528 3660 1625; baseline 0.022 -48"><span class='ocrx_word' id='word_1_221' title='bbox 2102 1540 2158 1579; x_wconf 84' lang='lat' dir='ltr'><strong>ut</strong></span> <span class='ocrx_word' id='word_1_222' title='bbox 2204 1528 2392 1586; x_wconf 86' lang='lat' dir='ltr'><strong>dicunt</strong></span> <span class='ocrx_word' id='word_1_223' title='bbox 2424 1533 2633 1606; x_wconf 87' lang='lat' dir='ltr'><strong>Patres,</strong></span> <span class='ocrx_word' id='word_1_224' title='bbox 2670 1557 2845 1612; x_wconf 90' lang='lat' dir='ltr'><strong>neque</strong></span> <span class='ocrx_word' id='word_1_225' title='bbox 2903 1546 3093 1602; x_wconf 87' lang='lat' dir='ltr'><strong>eadem</strong></span> <span class='ocrx_word' id='word_1_226' title='bbox 3164 1561 3248 1605; x_wconf 91' lang='lat' dir='ltr'><strong>est</strong></span> <span class='ocrx_word' id='word_1_227' title='bbox 3299 1554 3506 1608; x_wconf 85' lang='lat' dir='ltr'><strong>utilitas</strong></span> <span class='ocrx_word' id='word_1_228' title='bbox 3564 1573 3660 1625; x_wconf 89' lang='lat' dir='ltr'><strong>per</strong></span> 
     </span>
    </p>
   </div>
   <div class='ocr_carea' id='block_1_32' title="bbox 2102 1628 3658 1716">
    <p class='ocr_par' dir='ltr' id='par_1_32' title="bbox 2102 1628 3658 1716">
     <span class='ocr_line' id='line_1_32' title="bbox 2102 1628 3658 1716; baseline 0.021 -47"><span class='ocrx_word' id='word_1_229' title='bbox 2102 1628 2391 1692; x_wconf 81' lang='lat' dir='ltr'><strong>utrumque</strong></span> <span class='ocrx_word' id='word_1_230' title='bbox 2428 1634 3065 1699; x_wconf 78' lang='lat' dir='ltr'><strong>contemplationiszuno</strong></span> <span class='ocrx_word' id='word_1_231' title='bbox 3097 1643 3317 1710; x_wconf 90' lang='lat' dir='ltr'><strong>quidem</strong></span> <span class='ocrx_word' id='word_1_232' title='bbox 3343 1645 3658 1716; x_wconf 75' lang='lat' dir='ltr'><strong>oculo.qu.&#39;e</strong></span> 
     </span>
    </p>
   </div>
   <div class='ocr_carea' id='block_1_33' title="bbox 2101 1711 3659 1804">
    <p class='ocr_par' dir='ltr' id='par_1_33' title="bbox 2101 1711 3659 1804">
     <span class='ocr_line' id='line_1_33' title="bbox 2101 1711 3659 1804; baseline 0.02 -42"><span class='ocrx_word' id='word_1_233' title='bbox 2101 1711 2153 1763; x_wconf 91' lang='lat' dir='ltr'><strong>in</strong></span> <span class='ocrx_word' id='word_1_234' title='bbox 2194 1716 2403 1771; x_wconf 89' lang='lat' dir='ltr'><strong>naturis</strong></span> <span class='ocrx_word' id='word_1_235' title='bbox 2433 1720 2747 1778; x_wconf 83' lang='lat' dir='ltr'><strong>abscondita</strong></span> <span class='ocrx_word' id='word_1_236' title='bbox 2806 1737 2952 1794; x_wconf 91' lang='lat' dir='ltr'><strong>sunt,</strong></span> <span class='ocrx_word' id='word_1_237' title='bbox 2986 1731 3261 1799; x_wconf 85' lang='lat' dir='ltr'><strong>videmus;</strong></span> <span class='ocrx_word' id='word_1_238' title='bbox 3309 1751 3501 1804; x_wconf 84' lang='lat' dir='ltr'><strong>nempe</strong></span> <span class='ocrx_word' id='word_1_239' title='bbox 3563 1738 3659 1794; x_wconf 89' lang='lat' dir='ltr'><strong>Dei</strong></span> 
     </span>
    </p>
   </div>
   <div class='ocr_carea' id='block_1_34' title="bbox 438 1805 1986 1893">
    <p class='ocr_par' dir='ltr' id='par_1_34' title="bbox 438 1807 1986 1880">
     <span class='ocr_line' id='line_1_34' title="bbox 438 1807 1986 1880; baseline 0.002 -20"><span class='ocrx_word' id='word_1_240' title='bbox 438 1809 574 1880; x_wconf 79' lang='grc' dir='ltr'><strong>πρὸς</strong></span> <span class='ocrx_word' id='word_1_241' title='bbox 604 1809 672 1861; x_wconf 78' lang='grc' dir='ltr'><strong>τὰ</strong></span> <span class='ocrx_word' id='word_1_242' title='bbox 717 1807 974 1861; x_wconf 75' lang='grc' dir='ltr'><strong>ἐπέκεινα</strong></span> <span class='ocrx_word' id='word_1_243' title='bbox 1022 1807 1239 1863; x_wconf 75' lang='grc' dir='ltr'><strong>ἑαυτοῦ.</strong></span> <span class='ocrx_word' id='word_1_244' title='bbox 1281 1825 1300 1859; x_wconf 77' lang='grc' dir='ltr'><strong>ι</strong></span> <span class='ocrx_word' id='word_1_245' title='bbox 1340 1808 1452 1862; x_wconf 78' lang='grc' dir='ltr'><strong>Καὶ</strong></span> <span class='ocrx_word' id='word_1_246' title='bbox 1502 1810 1531 1861; x_wconf 86' lang='grc' dir='ltr'><strong>ὁ</strong></span> <span class='ocrx_word' id='word_1_247' title='bbox 1576 1810 1722 1874; x_wconf 82' lang='grc' dir='ltr'><strong>ὅσιος</strong></span> <span class='ocrx_word' id='word_1_248' title='bbox 1758 1811 1942 1863; x_wconf 84' lang='grc' dir='ltr'><strong>Ἰσαάκ</strong></span> <span class='ocrx_word' id='word_1_249' title='bbox 1975 1828 1986 1843; x_wconf 92' lang='grc'><strong>·</strong></span> 
     </span>
    </p>
   </div>
   <div class='ocr_carea' id='block_1_35' title="bbox 2086 1805 3660 1893">
    <p class='ocr_par' dir='ltr' id='par_1_35' title="bbox 2094 1806 3660 1893">
     <span class='ocr_line' id='line_1_35' title="bbox 2094 1806 3660 1893; baseline 0.021 -40"><span class='ocrx_word' id='word_1_250' title='bbox 2094 1806 2386 1867; x_wconf 86' lang='lat' dir='ltr'><strong>potentiam</strong></span> <span class='ocrx_word' id='word_1_251' title='bbox 2432 1820 2485 1861; x_wconf 90' lang='lat' dir='ltr'><strong>et</strong></span> <span class='ocrx_word' id='word_1_252' title='bbox 2524 1813 2867 1884; x_wconf 85' lang='lat' dir='ltr'><strong>sapientiam,</strong></span> <span class='ocrx_word' id='word_1_253' title='bbox 2898 1829 2952 1872; x_wconf 92' lang='lat' dir='ltr'><strong>et</strong></span> <span class='ocrx_word' id='word_1_254' title='bbox 2982 1823 3100 1889; x_wconf 87' lang='lat' dir='ltr'><strong>ejus</strong></span> <span class='ocrx_word' id='word_1_255' title='bbox 3132 1839 3258 1893; x_wconf 87' lang='lat' dir='ltr'><strong>erga</strong></span> <span class='ocrx_word' id='word_1_256' title='bbox 3321 1844 3419 1883; x_wconf 88' lang='lat' dir='ltr'><strong>nos</strong></span> <span class='ocrx_word' id='word_1_257' title='bbox 3470 1831 3660 1885; x_wconf 85' lang='lat' dir='ltr'><strong>Provi-</strong></span> 
     </span>
    </p>
   </div>
   <div class='ocr_carea' id='block_1_36' title="bbox 444 1898 1997 1970">
    <p class='ocr_par' dir='ltr' id='par_1_36' title="bbox 444 1898 1997 1970">
     <span class='ocr_line' id='line_1_36' title="bbox 444 1898 1997 1970; baseline 0 -18"><span class='ocrx_word' id='word_1_258' title='bbox 444 1919 463 1952; x_wconf 83' lang='grc' dir='ltr'><strong>ι</strong></span> <span class='ocrx_word' id='word_1_259' title='bbox 520 1899 623 1953; x_wconf 93' lang='grc' dir='ltr'><strong>Δύο</strong></span> <span class='ocrx_word' id='word_1_260' title='bbox 711 1898 1021 1969; x_wconf 79' lang='grc' dir='ltr'><strong>ὀφθαλμοὺς</strong></span> <span class='ocrx_word' id='word_1_261' title='bbox 1080 1899 1395 1970; x_wconf 81' lang='grc' dir='ltr'><strong>κεκτήμεθα</strong></span> <span class='ocrx_word' id='word_1_262' title='bbox 1459 1899 1725 1970; x_wconf 81' lang='grc' dir='ltr'><strong>ψυχικοὺς</strong></span> <span class='ocrx_word' id='word_1_263' title='bbox 1750 1940 1765 1965; x_wconf 91' lang='grc'><strong>,</strong></span> <span class='ocrx_word' id='word_1_264' title='bbox 1813 1899 1997 1964; x_wconf 85' lang='grc' dir='ltr'><strong>καθὼς</strong></span> 
     </span>
    </p>
   </div>
   <div class='ocr_carea' id='block_1_37' title="bbox 433 1990 1993 2061">
    <p class='ocr_par' dir='ltr' id='par_1_37' title="bbox 433 1990 1993 2061">
     <span class='ocr_line' id='line_1_37' title="bbox 433 1990 1993 2061; baseline 0.001 -19"><span class='ocrx_word' id='word_1_265' title='bbox 433 1990 682 2059; x_wconf 89' lang='grc' dir='ltr'><strong>λέγουσιν</strong></span> <span class='ocrx_word' id='word_1_266' title='bbox 724 1993 771 2043; x_wconf 92' lang='grc' dir='ltr'><strong>οί</strong></span> <span class='ocrx_word' id='word_1_267' title='bbox 805 1990 1077 2061; x_wconf 81' lang='grc' dir='ltr'><strong>Πατέρες,</strong></span> <span class='ocrx_word' id='word_1_268' title='bbox 1108 1991 1205 2043; x_wconf 76' lang='grc' dir='ltr'><strong>καὶ</strong></span> <span class='ocrx_word' id='word_1_269' title='bbox 1248 1991 1348 2060; x_wconf 82' lang='grc' dir='ltr'><strong>οὐχ</strong></span> <span class='ocrx_word' id='word_1_270' title='bbox 1404 1990 1438 2061; x_wconf 80' lang='grc' dir='ltr'>ἡ</span> <span class='ocrx_word' id='word_1_271' title='bbox 1491 1991 1628 2061; x_wconf 80' lang='grc' dir='ltr'><strong>αὑτὴ</strong></span> <span class='ocrx_word' id='word_1_272' title='bbox 1679 1992 1837 2061; x_wconf 80' lang='grc' dir='ltr'>χρεία</span> <span class='ocrx_word' id='word_1_273' title='bbox 1894 1992 1993 2059; x_wconf 86' lang='grc' dir='ltr'><strong>τῆς</strong></span> 
     </span>
    </p>
   </div>
   <div class='ocr_carea' id='block_1_38' title="bbox 430 2081 1989 2153">
    <p class='ocr_par' dir='ltr' id='par_1_38' title="bbox 430 2081 1989 2153">
     <span class='ocr_line' id='line_1_38' title="bbox 430 2081 1989 2153; baseline -0.001 -18"><span class='ocrx_word' id='word_1_274' title='bbox 430 2082 497 2135; x_wconf 85' lang='grc' dir='ltr'><strong>δι’</strong></span> <span class='ocrx_word' id='word_1_275' title='bbox 550 2082 811 2152; x_wconf 77' lang='grc' dir='ltr'><strong>ἑκατέρου</strong></span> <span class='ocrx_word' id='word_1_276' title='bbox 862 2082 1095 2153; x_wconf 79' lang='grc' dir='ltr'><strong>θεωρίας</strong></span> <span class='ocrx_word' id='word_1_277' title='bbox 1129 2097 1145 2115; x_wconf 76' lang='grc'><em>’</em></span> <span class='ocrx_word' id='word_1_278' title='bbox 1188 2083 1246 2136; x_wconf 83' lang='grc' dir='ltr'><strong>έν</strong></span> <span class='ocrx_word' id='word_1_279' title='bbox 1276 2084 1357 2136; x_wconf 72' lang='grc' dir='ltr'><strong>ένὶ</strong></span> <span class='ocrx_word' id='word_1_280' title='bbox 1404 2083 1503 2152; x_wconf 80' lang='grc' dir='ltr'><strong>μὲν</strong></span> <span class='ocrx_word' id='word_1_281' title='bbox 1542 2083 1651 2153; x_wconf 82' lang='grc' dir='ltr'><strong>γὰρ</strong></span> <span class='ocrx_word' id='word_1_282' title='bbox 1705 2081 1989 2153; x_wconf 81' lang='grc' dir='ltr'><strong>ὀφθαλμῷ,</strong></span> 
     </span>
    </p>
   </div>
   <div class='ocr_carea' id='block_1_39' title="bbox 431 2175 1986 2246">
    <p class='ocr_par' dir='ltr' id='par_1_39' title="bbox 431 2175 1986 2246">
     <span class='ocr_line' id='line_1_39' title="bbox 431 2175 1986 2246; baseline 0.001 -19"><span class='ocrx_word' id='word_1_283' title='bbox 431 2175 496 2228; x_wconf 86' lang='grc' dir='ltr'><strong>τὰ</strong></span> <span class='ocrx_word' id='word_1_284' title='bbox 513 2175 867 2245; x_wconf 80' lang='grc' dir='ltr'><strong>κεκρυμμένα</strong></span> <span class='ocrx_word' id='word_1_285' title='bbox 905 2177 962 2228; x_wconf 82' lang='grc' dir='ltr'><strong>έν</strong></span> <span class='ocrx_word' id='word_1_286' title='bbox 991 2178 1109 2238; x_wconf 84' lang='grc' dir='ltr'><strong>ταῖς</strong></span> <span class='ocrx_word' id='word_1_287' title='bbox 1140 2175 1364 2244; x_wconf 82' lang='grc' dir='ltr'><strong>φύσεσιν</strong></span> <span class='ocrx_word' id='word_1_288' title='bbox 1386 2176 1602 2246; x_wconf 83' lang='grc' dir='ltr'><strong>δρῶμεν</strong></span> <span class='ocrx_word' id='word_1_289' title='bbox 1636 2191 1650 2204; x_wconf 90' lang='grc'>·</span> <span class='ocrx_word' id='word_1_290' title='bbox 1687 2176 1855 2242; x_wconf 73' lang='grc' dir='ltr'><strong>ἤγουν</strong></span> <span class='ocrx_word' id='word_1_291' title='bbox 1887 2176 1986 2245; x_wconf 82' lang='grc' dir='ltr'><strong>τὴν</strong></span> 
     </span>
    </p>
   </div>
   <div class='ocr_carea' id='block_1_40' title="bbox 426 2265 1988 2337">
    <p class='ocr_par' dir='ltr' id='par_1_40' title="bbox 426 2265 1988 2337">
     <span class='ocr_line' id='line_1_40' title="bbox 426 2265 1988 2337; baseline 0 -18"><span class='ocrx_word' id='word_1_292' title='bbox 426 2266 655 2335; x_wconf 91' lang='grc' dir='ltr'><strong>δύναμιν</strong></span> <span class='ocrx_word' id='word_1_293' title='bbox 689 2265 784 2319; x_wconf 88' lang='grc' dir='ltr'><strong>τοῦ</strong></span> <span class='ocrx_word' id='word_1_294' title='bbox 828 2266 1111 2333; x_wconf 78' lang='grc' dir='ltr'><strong>Θεοῦ,’κα“ι</strong></span> <span class='ocrx_word' id='word_1_295' title='bbox 1162 2266 1261 2337; x_wconf 80' lang='grc' dir='ltr'><strong>τὴν</strong></span> <span class='ocrx_word' id='word_1_296' title='bbox 1303 2267 1494 2337; x_wconf 77' lang='grc' dir='ltr'><strong>σοφίαν</strong></span> <span class='ocrx_word' id='word_1_297' title='bbox 1527 2265 1712 2333; x_wconf 81' lang='grc' dir='ltr'><strong>αὐτοῦ,</strong></span> <span class='ocrx_word' id='word_1_298' title='bbox 1742 2266 1839 2320; x_wconf 77' lang='grc' dir='ltr'><strong>καὶ</strong></span> <span class='ocrx_word' id='word_1_299' title='bbox 1888 2265 1988 2337; x_wconf 79' lang='grc' dir='ltr'><strong>τὴν</strong></span> 
     </span>
    </p>
   </div>
   <div class='ocr_carea' id='block_1_41' title="bbox 427 2358 1989 2431">
    <p class='ocr_par' dir='ltr' id='par_1_41' title="bbox 427 2358 1989 2431">
     <span class='ocr_line' id='line_1_41' title="bbox 427 2358 1989 2431; baseline 0.003 -23"><span class='ocrx_word' id='word_1_300' title='bbox 427 2358 557 2428; x_wconf 73' lang='grc' dir='ltr'><strong>περὶ</strong></span> <span class='ocrx_word' id='word_1_301' title='bbox 590 2358 735 2427; x_wconf 79' lang='grc' dir='ltr'><strong>ἡμᾶς</strong></span> <span class='ocrx_word' id='word_1_302' title='bbox 786 2358 1041 2429; x_wconf 80' lang='grc' dir='ltr'><strong>πρόνοιαν</strong></span> <span class='ocrx_word' id='word_1_303' title='bbox 1074 2358 1263 2425; x_wconf 85' lang='grc' dir='ltr'><strong>αὑτοῦ,</strong></span> <span class='ocrx_word' id='word_1_304' title='bbox 1298 2358 1396 2429; x_wconf 82' lang='grc' dir='ltr'><strong>τὴν</strong></span> <span class='ocrx_word' id='word_1_305' title='bbox 1424 2358 1989 2431; x_wconf 75' lang='grc' dir='ltr'><strong>καταλαμϐανομένην</strong></span> 
     </span>
    </p>
   </div>
   <div class='ocr_carea' id='block_1_42' title="bbox 424 2449 1985 2523">
    <p class='ocr_par' dir='ltr' id='par_1_42' title="bbox 424 2449 1985 2523">
     <span class='ocr_line' id='line_1_42' title="bbox 424 2449 1985 2523; baseline 0.003 -22"><span class='ocrx_word' id='word_1_306' title='bbox 424 2449 489 2501; x_wconf 82' lang='grc' dir='ltr'><strong>ὲκ</strong></span> <span class='ocrx_word' id='word_1_307' title='bbox 515 2450 611 2519; x_wconf 84' lang='grc' dir='ltr'><strong>τῆς</strong></span> <span class='ocrx_word' id='word_1_308' title='bbox 633 2451 921 2521; x_wconf 77' lang='grc' dir='ltr'><strong>ἁγιότητος</strong></span> <span class='ocrx_word' id='word_1_309' title='bbox 952 2451 1053 2521; x_wconf 86' lang='grc' dir='ltr'><strong>τῆς</strong></span> <span class='ocrx_word' id='word_1_310' title='bbox 1075 2452 1454 2523; x_wconf 77' lang='grc' dir='ltr'><strong>κυϐερνήσεως</strong></span> <span class='ocrx_word' id='word_1_311' title='bbox 1476 2453 1641 2507; x_wconf 81' lang='grc' dir='ltr'><strong>αὑτοῦ</strong></span> <span class='ocrx_word' id='word_1_312' title='bbox 1680 2455 1759 2516; x_wconf 89' lang='grc' dir='ltr'><strong>είς</strong></span> <span class='ocrx_word' id='word_1_313' title='bbox 1789 2454 1937 2523; x_wconf 80' lang='grc' dir='ltr'><strong>ἡμᾶς</strong></span> <span class='ocrx_word' id='word_1_314' title='bbox 1968 2466 1985 2485; x_wconf 88' lang='grc'>⁶</span> 
     </span>
    </p>
   </div>
   <div class='ocr_carea' id='block_1_43' title="bbox 423 2540 1984 2615">
    <p class='ocr_par' dir='ltr' id='par_1_43' title="bbox 423 2540 1984 2615">
     <span class='ocr_line' id='line_1_43' title="bbox 423 2540 1984 2615; baseline 0.003 -22"><span class='ocrx_word' id='word_1_315' title='bbox 423 2540 518 2593; x_wconf 68' lang='grc' dir='ltr'><strong>καὶ</strong></span> <span class='ocrx_word' id='word_1_316' title='bbox 547 2542 603 2592; x_wconf 80' lang='grc' dir='ltr'><strong>ἐν</strong></span> <span class='ocrx_word' id='word_1_317' title='bbox 636 2540 711 2610; x_wconf 87' lang='grc' dir='ltr'><strong>τῷ</strong></span> <span class='ocrx_word' id='word_1_318' title='bbox 735 2542 907 2612; x_wconf 81' lang='grc' dir='ltr'><strong>ἑτέρῳ</strong></span> <span class='ocrx_word' id='word_1_319' title='bbox 932 2543 1216 2615; x_wconf 82' lang='grc' dir='ltr'><strong>ὀφθαλμῷ,</strong></span> <span class='ocrx_word' id='word_1_320' title='bbox 1243 2543 1554 2615; x_wconf 84' lang='grc' dir='ltr'><strong>θεωροῦμεν</strong></span> <span class='ocrx_word' id='word_1_321' title='bbox 1583 2544 1681 2614; x_wconf 76' lang='grc' dir='ltr'><strong>τὴν</strong></span> <span class='ocrx_word' id='word_1_322' title='bbox 1703 2545 1861 2608; x_wconf 75' lang='grc' dir='ltr'><strong>δόξαν</strong></span> <span class='ocrx_word' id='word_1_323' title='bbox 1886 2545 1984 2614; x_wconf 85' lang='grc' dir='ltr'><strong>τῆς</strong></span> 
     </span>
    </p>
   </div>
   <div class='ocr_carea' id='block_1_44' title="bbox 425 2629 1989 2707">
    <p class='ocr_par' dir='ltr' id='par_1_44' title="bbox 425 2629 1989 2707">
     <span class='ocr_line' id='line_1_44' title="bbox 425 2629 1989 2707; baseline 0.005 -26"><span class='ocrx_word' id='word_1_324' title='bbox 425 2629 641 2695; x_wconf 88' lang='grc' dir='ltr'><strong>φύσεως</strong></span> <span class='ocrx_word' id='word_1_325' title='bbox 682 2631 846 2684; x_wconf 84' lang='grc' dir='ltr'><strong>αὑτοῦ</strong></span> <span class='ocrx_word' id='word_1_326' title='bbox 895 2634 992 2701; x_wconf 85' lang='grc' dir='ltr'><strong>τῆς</strong></span> <span class='ocrx_word' id='word_1_327' title='bbox 1024 2634 1206 2701; x_wconf 90' lang='grc' dir='ltr'><strong>ἁγίας,</strong></span> <span class='ocrx_word' id='word_1_328' title='bbox 1236 2635 1325 2688; x_wconf 85' lang='grc' dir='ltr'><strong>ὅτε</strong></span> <span class='ocrx_word' id='word_1_329' title='bbox 1372 2636 1452 2697; x_wconf 87' lang='grc' dir='ltr'><strong>είς</strong></span> <span class='ocrx_word' id='word_1_330' title='bbox 1478 2635 1547 2689; x_wconf 85' lang='grc' dir='ltr'><strong>τὰ</strong></span> <span class='ocrx_word' id='word_1_331' title='bbox 1591 2639 1864 2707; x_wconf 82' lang='grc' dir='ltr'><strong>μυστήρια</strong></span> <span class='ocrx_word' id='word_1_332' title='bbox 1921 2638 1989 2689; x_wconf 78' lang='grc' dir='ltr'><strong>τὰ</strong></span> 
     </span>
    </p>
   </div>
   <div class='ocr_carea' id='block_1_45' title="bbox 423 2712 1987 2795">
    <p class='ocr_par' dir='ltr' id='par_1_45' title="bbox 423 2712 1987 2795">
     <span class='ocr_line' id='line_1_45' title="bbox 423 2712 1987 2795; baseline 0.013 -31"><span class='ocrx_word' id='word_1_333' title='bbox 423 2712 774 2780; x_wconf 87' lang='grc' dir='ltr'><strong>πνευματικὰ</strong></span> <span class='ocrx_word' id='word_1_334' title='bbox 801 2714 1080 2786; x_wconf 83' lang='grc' dir='ltr'><strong>εὐδοκήσει</strong></span> <span class='ocrx_word' id='word_1_335' title='bbox 1103 2720 1131 2771; x_wconf 80' lang='grc' dir='ltr'><strong>ὁ</strong></span> <span class='ocrx_word' id='word_1_336' title='bbox 1160 2719 1292 2784; x_wconf 80' lang='grc' dir='ltr'><strong>Θεὸς</strong></span> <span class='ocrx_word' id='word_1_337' title='bbox 1315 2723 1526 2787; x_wconf 78' lang='grc' dir='ltr'><strong>είσάξαι</strong></span> <span class='ocrx_word' id='word_1_338' title='bbox 1559 2726 1724 2795; x_wconf 74' lang='grc' dir='ltr'><strong>ἡμᾶς.</strong></span> <span class='ocrx_word' id='word_1_339' title='bbox 1757 2746 1776 2779; x_wconf 75' lang='grc' dir='ltr'><strong>ι</strong></span> <span class='ocrx_word' id='word_1_340' title='bbox 1817 2730 1924 2782; x_wconf 72' lang='grc' dir='ltr'><strong>Καὶ</strong></span> <span class='ocrx_word' id='word_1_341' title='bbox 1957 2732 1987 2784; x_wconf 88' lang='grc' dir='ltr'><strong>ό</strong></span> 
     </span>
    </p>
   </div>
   <div class='ocr_carea' id='block_1_46' title="bbox 421 2801 1990 2887">
    <p class='ocr_par' dir='ltr' id='par_1_46' title="bbox 421 2801 1990 2887">
     <span class='ocr_line' id='line_1_46' title="bbox 421 2801 1990 2887; baseline 0.013 -35"><span class='ocrx_word' id='word_1_342' title='bbox 421 2801 562 2862; x_wconf 79' lang='grc' dir='ltr'><strong>θεῖος</strong></span> <span class='ocrx_word' id='word_1_343' title='bbox 593 2802 865 2872; x_wconf 71' lang='grc' dir='ltr'><strong>Διάδοχος*</strong></span> <span class='ocrx_word' id='word_1_344' title='bbox 895 2824 912 2856; x_wconf 88' lang='grc' dir='ltr'><strong>ι</strong></span> <span class='ocrx_word' id='word_1_345' title='bbox 950 2807 1056 2860; x_wconf 87' lang='grc' dir='ltr'><strong>Τοῦ</strong></span> <span class='ocrx_word' id='word_1_346' title='bbox 1082 2810 1180 2878; x_wconf 76' lang='grc' dir='ltr'><strong>μὲν</strong></span> <span class='ocrx_word' id='word_1_347' title='bbox 1211 2812 1328 2874; x_wconf 81' lang='grc' dir='ltr'><strong>ἐνὸς</strong></span> <span class='ocrx_word' id='word_1_348' title='bbox 1359 2814 1516 2880; x_wconf 90' lang='grc' dir='ltr'><strong>ἁγίου</strong></span> <span class='ocrx_word' id='word_1_349' title='bbox 1538 2816 1853 2887; x_wconf 86' lang='grc' dir='ltr'><strong>Πνεύματος</strong></span> <span class='ocrx_word' id='word_1_350' title='bbox 1884 2822 1990 2874; x_wconf 77' lang='grc' dir='ltr'><strong>είσὶ</strong></span> 
     </span>
    </p>
   </div>
   <div class='ocr_carea' id='block_1_47' title="bbox 416 2891 1987 2969">
    <p class='ocr_par' dir='ltr' id='par_1_47' title="bbox 416 2891 1987 2969">
     <span class='ocr_line' id='line_1_47' title="bbox 416 2891 1987 2969; baseline 0.013 -28"><span class='ocrx_word' id='word_1_351' title='bbox 416 2891 757 2962; x_wconf 86' lang='grc' dir='ltr'><strong>χαρίσματα,</strong></span> <span class='ocrx_word' id='word_1_352' title='bbox 779 2894 814 2962; x_wconf 84' lang='grc' dir='ltr'><strong>ἥ</strong></span> <span class='ocrx_word' id='word_1_353' title='bbox 852 2911 909 2946; x_wconf 86' lang='grc' dir='ltr'><strong>τε</strong></span> <span class='ocrx_word' id='word_1_354' title='bbox 942 2897 1125 2966; x_wconf 84' lang='grc' dir='ltr'><strong>σοφία,</strong></span> <span class='ocrx_word' id='word_1_355' title='bbox 1151 2901 1243 2951; x_wconf 80' lang='grc' dir='ltr'><strong>καὶ</strong></span> <span class='ocrx_word' id='word_1_356' title='bbox 1269 2902 1302 2969; x_wconf 78' lang='grc' dir='ltr'>ἡ</span> <span class='ocrx_word' id='word_1_357' title='bbox 1330 2902 1550 2969; x_wconf 82' lang='grc' dir='ltr'><strong>γνῶσις,</strong></span> <span class='ocrx_word' id='word_1_358' title='bbox 1595 2905 1670 2968; x_wconf 88' lang='grc' dir='ltr'><strong>ὡς</strong></span> <span class='ocrx_word' id='word_1_359' title='bbox 1692 2906 1787 2960; x_wconf 79' lang='grc' dir='ltr'><strong>καὶ</strong></span> <span class='ocrx_word' id='word_1_360' title='bbox 1813 2908 1987 2961; x_wconf 89' lang='grc' dir='ltr'><strong>πάντα</strong></span> 
     </span>
    </p>
   </div>
   <div class='ocr_carea' id='block_1_48' title="bbox 415 2981 1988 3072">
    <p class='ocr_par' dir='ltr' id='par_1_48' title="bbox 415 2981 1988 3072">
     <span class='ocr_line' id='line_1_48' title="bbox 415 2981 1988 3072; baseline 0.015 -40"><span class='ocrx_word' id='word_1_361' title='bbox 415 2981 483 3033; x_wconf 77' lang='grc' dir='ltr'><strong>τὰ</strong></span> <span class='ocrx_word' id='word_1_362' title='bbox 527 2983 646 3034; x_wconf 78' lang='grc' dir='ltr'><strong>θεῖα</strong></span> <span class='ocrx_word' id='word_1_363' title='bbox 684 2983 995 3054; x_wconf 80' lang='grc' dir='ltr'><strong>χαρίσματα</strong></span> <span class='ocrx_word' id='word_1_364' title='bbox 1025 3001 1039 3016; x_wconf 79' lang='grc'><strong><em>⁸</em></strong></span> <span class='ocrx_word' id='word_1_365' title='bbox 1086 2988 1221 3041; x_wconf 89' lang='grc' dir='ltr'><strong>ίδίαν</strong></span> <span class='ocrx_word' id='word_1_366' title='bbox 1273 2991 1329 3044; x_wconf 82' lang='grc' dir='ltr'><strong>δὲ</strong></span> <span class='ocrx_word' id='word_1_367' title='bbox 1374 2993 1562 3064; x_wconf 81' lang='grc' dir='ltr'><strong>ὥσπερ</strong></span> <span class='ocrx_word' id='word_1_368' title='bbox 1602 2995 1831 3053; x_wconf 71' lang='grc' dir='ltr'><strong>ἕκαστον</strong></span> <span class='ocrx_word' id='word_1_369' title='bbox 1888 3002 1988 3072; x_wconf 80' lang='grc' dir='ltr'><strong>τὴν</strong></span> 
     </span>
    </p>
   </div>
   <div class='ocr_carea' id='block_1_49' title="bbox 2097 1892 3657 1988">
    <p class='ocr_par' dir='ltr' id='par_1_49' title="bbox 2097 1892 3657 1988">
     <span class='ocr_line' id='line_1_49' title="bbox 2097 1892 3657 1988; baseline 0.018 -43"><span class='ocrx_word' id='word_1_370' title='bbox 2097 1892 2356 1963; x_wconf 85' lang='lat' dir='ltr'><strong>dentiam,</strong></span> <span class='ocrx_word' id='word_1_371' title='bbox 2384 1913 2546 1967; x_wconf 92' lang='lat' dir='ltr'><strong>quam</strong></span> <span class='ocrx_word' id='word_1_372' title='bbox 2580 1905 2910 1976; x_wconf 86' lang='lat' dir='ltr'><strong>percipimus</strong></span> <span class='ocrx_word' id='word_1_373' title='bbox 2939 1926 3003 1965; x_wconf 85' lang='lat' dir='ltr'><strong>ex</strong></span> <span class='ocrx_word' id='word_1_374' title='bbox 3038 1917 3331 1972; x_wconf 86' lang='lat' dir='ltr'><strong>sanctitate</strong></span> <span class='ocrx_word' id='word_1_375' title='bbox 3363 1921 3657 1988; x_wconf 83' lang='lat' dir='ltr'><strong>guberna-</strong></span> 
     </span>
    </p>
   </div>
   <div class='ocr_carea' id='block_1_50' title="bbox 2099 1984 3766 2081">
    <p class='ocr_par' dir='ltr' id='par_1_50' title="bbox 2099 1984 3766 2081">
     <span class='ocr_line' id='line_1_50' title="bbox 2099 1984 3766 2081; baseline 0.02 -45"><span class='ocrx_word' id='word_1_376' title='bbox 2099 1984 2263 2040; x_wconf 91' lang='lat' dir='ltr'><strong>tionis</strong></span> <span class='ocrx_word' id='word_1_377' title='bbox 2290 1987 2412 2057; x_wconf 89' lang='lat' dir='ltr'><strong>ejus</strong></span> <span class='ocrx_word' id='word_1_378' title='bbox 2436 1990 2489 2044; x_wconf 93' lang='lat' dir='ltr'><strong>in</strong></span> <span class='ocrx_word' id='word_1_379' title='bbox 2527 2008 2629 2050; x_wconf 90' lang='lat' dir='ltr'><strong>nos</strong></span> <span class='ocrx_word' id='word_1_380' title='bbox 2653 2010 2668 2060; x_wconf 87' lang='lat'><strong>;</strong></span> <span class='ocrx_word' id='word_1_381' title='bbox 2695 1998 2868 2055; x_wconf 88' lang='lat' dir='ltr'><strong>altero</strong></span> <span class='ocrx_word' id='word_1_382' title='bbox 2896 2013 3077 2058; x_wconf 87' lang='lat' dir='ltr'><strong>autem</strong></span> <span class='ocrx_word' id='word_1_383' title='bbox 3108 2008 3289 2071; x_wconf 86' lang='lat' dir='ltr'><strong>oculo,</strong></span> <span class='ocrx_word' id='word_1_384' title='bbox 3315 2022 3513 2064; x_wconf 51' lang='lat' dir='ltr'><strong>saneta:</strong></span> <span class='ocrx_word' id='word_1_385' title='bbox 3542 2015 3659 2081; x_wconf 80' lang='lat' dir='ltr'><strong>ejus</strong></span> <span class='ocrx_word' id='word_1_386' title='bbox 3762 2008 3766 2012; x_wconf 69' lang='grc'><em>’</em></span> 
     </span>
    </p>
   </div>
   <div class='ocr_carea' id='block_1_51' title="bbox 2097 2082 3661 2171">
    <p class='ocr_par' dir='ltr' id='par_1_51' title="bbox 2097 2082 3661 2171">
     <span class='ocr_line' id='line_1_51' title="bbox 2097 2082 3661 2171; baseline 0.02 -43"><span class='ocrx_word' id='word_1_387' title='bbox 2097 2087 2303 2133; x_wconf 68' lang='lat' dir='ltr'><strong>natura:</strong></span> <span class='ocrx_word' id='word_1_388' title='bbox 2338 2082 2561 2150; x_wconf 87' lang='lat' dir='ltr'><strong>gloriam</strong></span> <span class='ocrx_word' id='word_1_389' title='bbox 2613 2093 3044 2162; x_wconf 88' lang='lat' dir='ltr'><strong>contenplamur,</strong></span> <span class='ocrx_word' id='word_1_390' title='bbox 3101 2100 3325 2167; x_wconf 87' lang='lat' dir='ltr'><strong>quando</strong></span> <span class='ocrx_word' id='word_1_391' title='bbox 3386 2102 3440 2155; x_wconf 90' lang='lat' dir='ltr'><strong>in</strong></span> <span class='ocrx_word' id='word_1_392' title='bbox 3497 2104 3661 2171; x_wconf 85' lang='lat' dir='ltr'><strong>spiri-</strong></span> 
     </span>
    </p>
   </div>
   <div class='ocr_carea' id='block_1_52' title="bbox 2097 2170 3652 2262">
    <p class='ocr_par' dir='ltr' id='par_1_52' title="bbox 2097 2170 3652 2262">
     <span class='ocr_line' id='line_1_52' title="bbox 2097 2170 3652 2262; baseline 0.019 -43"><span class='ocrx_word' id='word_1_393' title='bbox 2097 2170 2259 2224; x_wconf 87' lang='lat' dir='ltr'><strong>tualia</strong></span> <span class='ocrx_word' id='word_1_394' title='bbox 2292 2177 2542 2243; x_wconf 81' lang='lat' dir='ltr'><strong>mysteria</strong></span> <span class='ocrx_word' id='word_1_395' title='bbox 2576 2194 2677 2233; x_wconf 87' lang='lat' dir='ltr'><strong>nos</strong></span> <span class='ocrx_word' id='word_1_396' title='bbox 2714 2180 2854 2237; x_wconf 91' lang='lat' dir='ltr'><strong>Deus</strong></span> <span class='ocrx_word' id='word_1_397' title='bbox 2885 2184 3235 2246; x_wconf 89' lang='lat' dir='ltr'><strong>introducere</strong></span> <span class='ocrx_word' id='word_1_398' title='bbox 3268 2170 3601 2262; x_wconf 85' lang='lat' dir='ltr'><strong>dignabitur.</strong></span> <span class='ocrx_word' id='word_1_399' title='bbox 3628 2213 3652 2248; x_wconf 74' lang='grc' dir='ltr'><strong>ι</strong></span> 
     </span>
    </p>
   </div>
   <div class='ocr_carea' id='block_1_53' title="bbox 2056 2256 3662 2354">
    <p class='ocr_par' dir='ltr' id='par_1_53' title="bbox 2056 2256 3662 2354">
     <span class='ocr_line' id='line_1_53' title="bbox 2056 2256 3662 2354; baseline 0.019 -45"><span class='ocrx_word' id='word_1_400' title='bbox 2056 2330 2061 2335; x_wconf 10' lang='grc' dir='ltr'>ἡ</span> <span class='ocrx_word' id='word_1_401' title='bbox 2095 2256 2159 2311; x_wconf 80' lang='lat' dir='ltr'><strong>Et</strong></span> <span class='ocrx_word' id='word_1_402' title='bbox 2198 2260 2418 2318; x_wconf 86' lang='lat' dir='ltr'><strong>divinus</strong></span> <span class='ocrx_word' id='word_1_403' title='bbox 2451 2265 2754 2325; x_wconf 90' lang='lat' dir='ltr'><strong>Diadochus</strong></span> <span class='ocrx_word' id='word_1_404' title='bbox 2788 2287 2804 2328; x_wconf 88' lang='lat'><strong>:</strong></span> <span class='ocrx_word' id='word_1_405' title='bbox 2836 2291 2857 2325; x_wconf 81' lang='grc' dir='ltr'><strong>ι</strong></span> <span class='ocrx_word' id='word_1_406' title='bbox 2889 2272 3060 2331; x_wconf 87' lang='lat' dir='ltr'><strong>Unius</strong></span> <span class='ocrx_word' id='word_1_407' title='bbox 3084 2278 3300 2346; x_wconf 87' lang='lat' dir='ltr'><strong>quidem</strong></span> <span class='ocrx_word' id='word_1_408' title='bbox 3328 2256 3509 2338; x_wconf 73' lang='lat' dir='ltr'><strong>sancti</strong></span> <span class='ocrx_word' id='word_1_409' title='bbox 3541 2282 3662 2354; x_wconf 87' lang='lat' dir='ltr'><strong>Spi-</strong></span> 
     </span>
    </p>
   </div>
   <div class='ocr_carea' id='block_1_54' title="bbox 2094 2352 3659 2434">
    <p class='ocr_par' dir='ltr' id='par_1_54' title="bbox 2094 2352 3659 2434">
     <span class='ocr_line' id='line_1_54' title="bbox 2094 2352 3659 2434; baseline 0.019 -33"><span class='ocrx_word' id='word_1_410' title='bbox 2094 2352 2233 2406; x_wconf 89' lang='lat' dir='ltr'><strong>ritus</strong></span> <span class='ocrx_word' id='word_1_411' title='bbox 2252 2354 2393 2408; x_wconf 88' lang='lat' dir='ltr'><strong>dona</strong></span> <span class='ocrx_word' id='word_1_412' title='bbox 2420 2367 2616 2413; x_wconf 89' lang='lat' dir='ltr'><strong>suntet</strong></span> <span class='ocrx_word' id='word_1_413' title='bbox 2638 2363 2905 2429; x_wconf 83' lang='lat' dir='ltr'><strong>sapientia</strong></span> <span class='ocrx_word' id='word_1_414' title='bbox 2935 2375 2989 2419; x_wconf 89' lang='lat' dir='ltr'><strong>et</strong></span> <span class='ocrx_word' id='word_1_415' title='bbox 3027 2369 3278 2434; x_wconf 88' lang='lat' dir='ltr'><strong>scientia,</strong></span> <span class='ocrx_word' id='word_1_416' title='bbox 3307 2378 3366 2425; x_wconf 88' lang='lat' dir='ltr'><strong>ut</strong></span> <span class='ocrx_word' id='word_1_417' title='bbox 3392 2382 3444 2427; x_wconf 90' lang='lat' dir='ltr'><strong>et</strong></span> <span class='ocrx_word' id='word_1_418' title='bbox 3473 2377 3659 2431; x_wconf 88' lang='lat' dir='ltr'><strong>omnia</strong></span> 
     </span>
    </p>
   </div>
   <div class='ocr_carea' id='block_1_55' title="bbox 2091 2442 3653 2529">
    <p class='ocr_par' dir='ltr' id='par_1_55' title="bbox 2091 2442 3653 2529">
     <span class='ocr_line' id='line_1_55' title="bbox 2091 2442 3653 2529; baseline 0.017 -36"><span class='ocrx_word' id='word_1_419' title='bbox 2091 2442 2269 2497; x_wconf 89' lang='lat' dir='ltr'><strong>divina</strong></span> <span class='ocrx_word' id='word_1_420' title='bbox 2310 2445 2467 2502; x_wconf 91' lang='lat' dir='ltr'><strong>dona.</strong></span> <span class='ocrx_word' id='word_1_421' title='bbox 2508 2448 2729 2519; x_wconf 84' lang='lat' dir='ltr'><strong>Singula</strong></span> <span class='ocrx_word' id='word_1_422' title='bbox 2767 2464 2946 2509; x_wconf 92' lang='lat' dir='ltr'><strong>autem</strong></span> <span class='ocrx_word' id='word_1_423' title='bbox 2978 2460 3263 2529; x_wconf 87' lang='lat' dir='ltr'><strong>propriam</strong></span> <span class='ocrx_word' id='word_1_424' title='bbox 3297 2461 3503 2517; x_wconf 82' lang='lat' dir='ltr'><strong>habent</strong></span> <span class='ocrx_word' id='word_1_425' title='bbox 3534 2465 3653 2519; x_wconf 77' lang='lat' dir='ltr'><strong>elli-</strong></span> 
     </span>
    </p>
   </div>
   <div class='ocr_carea' id='block_1_56' title="bbox 2091 2534 3647 2620">
    <p class='ocr_par' dir='ltr' id='par_1_56' title="bbox 2091 2534 3647 2620">
     <span class='ocr_line' id='line_1_56' title="bbox 2091 2534 3647 2620; baseline 0.013 -33"><span class='ocrx_word' id='word_1_426' title='bbox 2091 2534 2317 2590; x_wconf 86' lang='lat' dir='ltr'><strong>caeiam.</strong></span> <span class='ocrx_word' id='word_1_427' title='bbox 2376 2539 2556 2609; x_wconf 84' lang='lat' dir='ltr'><strong>Itaque</strong></span> <span class='ocrx_word' id='word_1_428' title='bbox 2607 2544 2698 2597; x_wconf 86' lang='lat' dir='ltr'><strong>alii</strong></span> <span class='ocrx_word' id='word_1_429' title='bbox 2752 2545 2971 2614; x_wconf 89' lang='lat' dir='ltr'><strong>quidem</strong></span> <span class='ocrx_word' id='word_1_430' title='bbox 3006 2551 3122 2603; x_wconf 87' lang='lat' dir='ltr'><strong>dari</strong></span> <span class='ocrx_word' id='word_1_431' title='bbox 3158 2552 3508 2620; x_wconf 84' lang='lat' dir='ltr'><strong>sapientiam,</strong></span> <span class='ocrx_word' id='word_1_432' title='bbox 3548 2557 3647 2608; x_wconf 75' lang='lat' dir='ltr'><strong>alLi</strong></span> 
     </span>
    </p>
   </div>
   <div class='ocr_carea' id='block_1_57' title="bbox 2094 2629 3665 2716">
    <p class='ocr_par' dir='ltr' id='par_1_57' title="bbox 2094 2629 3665 2716">
     <span class='ocr_line' id='line_1_57' title="bbox 2094 2629 3665 2716; baseline 0.014 -38"><span class='ocrx_word' id='word_1_433' title='bbox 2094 2640 2226 2681; x_wconf 75' lang='lat' dir='ltr'><strong>vero</strong></span> <span class='ocrx_word' id='word_1_434' title='bbox 2268 2629 2553 2685; x_wconf 79' lang='lat' dir='ltr'><strong>scientiam</strong></span> <span class='ocrx_word' id='word_1_435' title='bbox 2584 2634 2638 2688; x_wconf 93' lang='lat' dir='ltr'><strong>in</strong></span> <span class='ocrx_word' id='word_1_436' title='bbox 2688 2636 2882 2691; x_wconf 89' lang='lat' dir='ltr'><strong>eodem</strong></span> <span class='ocrx_word' id='word_1_437' title='bbox 2924 2640 3114 2708; x_wconf 90' lang='lat' dir='ltr'><strong>spiritu</strong></span> <span class='ocrx_word' id='word_1_438' title='bbox 3150 2654 3379 2698; x_wconf 88' lang='lat' dir='ltr'><strong>testatur</strong></span> <span class='ocrx_word' id='word_1_439' title='bbox 3431 2646 3665 2716; x_wconf 79' lang='lat' dir='ltr'><strong>Aposto-</strong></span> 
     </span>
    </p>
   </div>
   <div class='ocr_carea' id='block_1_58' title="bbox 2090 2716 3661 2803">
    <p class='ocr_par' dir='ltr' id='par_1_58' title="bbox 2090 2716 3661 2803">
     <span class='ocr_line' id='line_1_58' title="bbox 2090 2716 3661 2803; baseline 0.013 -34"><span class='ocrx_word' id='word_1_440' title='bbox 2090 2716 2198 2772; x_wconf 90' lang='lat' dir='ltr'><strong>lus.</strong></span> <span class='ocrx_word' id='word_1_441' title='bbox 2232 2719 2471 2775; x_wconf 88' lang='lat' dir='ltr'><strong>Scientia</strong></span> <span class='ocrx_word' id='word_1_442' title='bbox 2494 2724 2640 2779; x_wconf 91' lang='lat' dir='ltr'><strong>enim</strong></span> <span class='ocrx_word' id='word_1_443' title='bbox 2670 2725 2942 2783; x_wconf 88' lang='lat' dir='ltr'><strong>hominem</strong></span> <span class='ocrx_word' id='word_1_444' title='bbox 3004 2736 3346 2803; x_wconf 79' lang='lat' dir='ltr'><strong>experientia</strong></span> <span class='ocrx_word' id='word_1_445' title='bbox 3380 2735 3489 2790; x_wconf 91' lang='lat' dir='ltr'><strong>Deo</strong></span> <span class='ocrx_word' id='word_1_446' title='bbox 3530 2755 3661 2793; x_wconf 86' lang='lat' dir='ltr'><strong>con-</strong></span> 
     </span>
    </p>
   </div>
   <div class='ocr_carea' id='block_1_59' title="bbox 2085 2808 3656 2885">
    <p class='ocr_par' dir='ltr' id='par_1_59' title="bbox 2085 2808 3656 2885">
     <span class='ocr_line' id='line_1_59' title="bbox 2085 2808 3656 2885; baseline 0.016 -25"><span class='ocrx_word' id='word_1_447' title='bbox 2085 2808 2286 2879; x_wconf 85' lang='lat' dir='ltr'><strong>jungit,</strong></span> <span class='ocrx_word' id='word_1_448' title='bbox 2318 2812 2554 2868; x_wconf 86' lang='lat' dir='ltr'><strong>animam</strong></span> <span class='ocrx_word' id='word_1_449' title='bbox 2585 2831 2693 2871; x_wconf 88' lang='lat' dir='ltr'><strong>non</strong></span> <span class='ocrx_word' id='word_1_450' title='bbox 2745 2834 2970 2876; x_wconf 86' lang='lat' dir='ltr'><strong>movens</strong></span> <span class='ocrx_word' id='word_1_451' title='bbox 3001 2824 3067 2877; x_wconf 84' lang='lat' dir='ltr'><strong>ad</strong></span> <span class='ocrx_word' id='word_1_452' title='bbox 3126 2841 3305 2880; x_wconf 90' lang='lat' dir='ltr'><strong>rerum</strong></span> <span class='ocrx_word' id='word_1_453' title='bbox 3345 2829 3656 2885; x_wconf 86' lang='lat' dir='ltr'><strong>ratiocinia.</strong></span> 
     </span>
    </p>
   </div>
   <div class='ocr_carea' id='block_1_60' title="bbox 2087 2900 3693 2991">
    <p class='ocr_par' dir='ltr' id='par_1_60' title="bbox 2087 2900 3693 2991">
     <span class='ocr_line' id='line_1_60' title="bbox 2087 2900 3693 2991; baseline 0.016 -38"><span class='ocrx_word' id='word_1_454' title='bbox 2087 2900 2212 2955; x_wconf 92' lang='lat' dir='ltr'><strong>ldeo</strong></span> <span class='ocrx_word' id='word_1_455' title='bbox 2228 2910 2282 2956; x_wconf 88' lang='lat' dir='ltr'><strong>et</strong></span> <span class='ocrx_word' id='word_1_456' title='bbox 2307 2906 2551 2961; x_wconf 88' lang='lat' dir='ltr'><strong>nonnulli</strong></span> <span class='ocrx_word' id='word_1_457' title='bbox 2570 2922 2758 2963; x_wconf 90' lang='lat' dir='ltr'><strong>eorum</strong></span> <span class='ocrx_word' id='word_1_458' title='bbox 2782 2913 2874 2981; x_wconf 92' lang='lat' dir='ltr'><strong>qui</strong></span> <span class='ocrx_word' id='word_1_459' title='bbox 2901 2918 3254 2972; x_wconf 81' lang='lat' dir='ltr'><strong>monasticam</strong></span> <span class='ocrx_word' id='word_1_460' title='bbox 3281 2920 3444 2974; x_wconf 86' lang='lat' dir='ltr'><strong>vitam</strong></span> <span class='ocrx_word' id='word_1_461' title='bbox 3469 2916 3693 2991; x_wconf 34' lang='lat' dir='ltr'><strong>agunt,‘</strong></span> 
     </span>
    </p>
   </div>
   <div class='ocr_carea' id='block_1_61' title="bbox 2088 2995 3657 3069">
    <p class='ocr_par' dir='ltr' id='par_1_61' title="bbox 2088 2995 3657 3069">
     <span class='ocr_line' id='line_1_61' title="bbox 2088 2995 3657 3069; baseline 0.016 -24"><span class='ocrx_word' id='word_1_462' title='bbox 2088 3006 2185 3061; x_wconf 91' lang='lat' dir='ltr'><strong>per</strong></span> <span class='ocrx_word' id='word_1_463' title='bbox 2233 3008 2351 3049; x_wconf 89' lang='lat' dir='ltr'><strong>eam</strong></span> <span class='ocrx_word' id='word_1_464' title='bbox 2379 2995 2431 3049; x_wconf 89' lang='lat' dir='ltr'><strong>in</strong></span> <span class='ocrx_word' id='word_1_465' title='bbox 2484 3012 2647 3053; x_wconf 88' lang='lat' dir='ltr'><strong>sensu</strong></span> <span class='ocrx_word' id='word_1_466' title='bbox 2680 3000 3087 3066; x_wconf 87' lang='lat' dir='ltr'><strong>illuminantur:</strong></span> <span class='ocrx_word' id='word_1_467' title='bbox 3126 3025 3233 3064; x_wconf 91' lang='lat' dir='ltr'><strong>non</strong></span> <span class='ocrx_word' id='word_1_468' title='bbox 3266 3021 3443 3067; x_wconf 90' lang='lat' dir='ltr'><strong>autem</strong></span> <span class='ocrx_word' id='word_1_469' title='bbox 3476 3013 3543 3067; x_wconf 90' lang='lat' dir='ltr'><strong>ad</strong></span> <span class='ocrx_word' id='word_1_470' title='bbox 3577 3016 3657 3069; x_wconf 87' lang='lat' dir='ltr'><strong>di-</strong></span> 
     </span>
    </p>
   </div>
   <div class='ocr_carea' id='block_1_62' title="bbox 417 3073 1986 3187">
    <p class='ocr_par' dir='ltr' id='par_1_62' title="bbox 417 3073 1985 3187">
     <span class='ocr_line' id='line_1_62' title="bbox 417 3073 1985 3161; baseline 0.014 -38"><span class='ocrx_word' id='word_1_471' title='bbox 417 3073 700 3143; x_wconf 82' lang='grc' dir='ltr'><strong>ένέργειαν</strong></span> <span class='ocrx_word' id='word_1_472' title='bbox 750 3075 883 3145; x_wconf 77' lang='grc' dir='ltr'><strong>ἔχει.</strong></span> <span class='ocrx_word' id='word_1_473' title='bbox 920 3078 1119 3151; x_wconf 85' lang='grc' dir='ltr'><strong>Διόπερ</strong></span> <span class='ocrx_word' id='word_1_474' title='bbox 1158 3080 1301 3151; x_wconf 86' lang='grc' dir='ltr'><strong>άλλῳ</strong></span> <span class='ocrx_word' id='word_1_475' title='bbox 1355 3088 1452 3153; x_wconf 88' lang='grc' dir='ltr'><strong>μὲν</strong></span> <span class='ocrx_word' id='word_1_476' title='bbox 1484 3087 1720 3143; x_wconf 85' lang='grc' dir='ltr'><strong>δίδοσθαι</strong></span> <span class='ocrx_word' id='word_1_477' title='bbox 1772 3092 1985 3161; x_wconf 88' lang='grc' dir='ltr'><strong>σοφίαν,</strong></span> 
     </span>
     <span class='ocr_line' id='line_1_63' title="bbox 431 3162 1907 3187; baseline 0.014 -10"><span class='ocrx_word' id='word_1_478' title='bbox 431 3162 570 3187; x_wconf 44' lang='grc' dir='ltr'><strong>,ιππη</strong></span> <span class='ocrx_word' id='word_1_479' title='bbox 604 3164 655 3187; x_wconf 57' lang='grc' dir='ltr'><strong>,ι</strong></span> <span class='ocrx_word' id='word_1_480' title='bbox 692 3165 891 3187; x_wconf 30' lang='grc' dir='ltr'><strong>μημμυ</strong></span> <span class='ocrx_word' id='word_1_481' title='bbox 930 3168 1055 3187; x_wconf 26' lang='grc' dir='ltr'><strong>μυί,</strong></span> <span class='ocrx_word' id='word_1_482' title='bbox 1122 3170 1135 3187; x_wconf 63' lang='grc' dir='ltr'><strong>ι</strong></span> <span class='ocrx_word' id='word_1_483' title='bbox 1222 3173 1233 3187; x_wconf 92' lang='grc'><strong>.</strong></span> <span class='ocrx_word' id='word_1_484' title='bbox 1282 3173 1295 3187; x_wconf 76' lang='lat'><strong>.</strong></span> <span class='ocrx_word' id='word_1_485' title='bbox 1336 3175 1376 3187; x_wconf 85' lang='lat'><strong>..</strong></span> <span class='ocrx_word' id='word_1_486' title='bbox 1447 3175 1469 3185; x_wconf 83' lang='lat'><strong>-</strong></span> <span class='ocrx_word' id='word_1_487' title='bbox 1605 3179 1618 3187; x_wconf 90' lang='lat'><strong>.</strong></span> <span class='ocrx_word' id='word_1_488' title='bbox 1660 3179 1704 3187; x_wconf 70' lang='grc' dir='ltr'>η</span> <span class='ocrx_word' id='word_1_489' title='bbox 1779 3181 1789 3187; x_wconf 90' lang='grc'><strong><em>-</em></strong></span> <span class='ocrx_word' id='word_1_490' title='bbox 1894 3182 1907 3187; x_wconf 86' lang='grc'><strong><em>-</em></strong></span> 
     </span>
    </p>
   </div>
   <div class='ocr_carea' id='block_1_63' title="bbox 2086 3073 3652 3187">
    <p class='ocr_par' dir='ltr' id='par_1_63' title="bbox 2088 3083 3652 3169">
     <span class='ocr_line' id='line_1_64' title="bbox 2088 3083 3652 3169; baseline 0.015 -33"><span class='ocrx_word' id='word_1_491' title='bbox 2088 3083 2214 3138; x_wconf 91' lang='lat' dir='ltr'><strong>vina</strong></span> <span class='ocrx_word' id='word_1_492' title='bbox 2274 3086 2561 3144; x_wconf 87' lang='lat' dir='ltr'><strong>ratiocinia</strong></span> <span class='ocrx_word' id='word_1_493' title='bbox 2633 3094 2976 3161; x_wconf 88' lang='lat' dir='ltr'><strong>perveniunt.</strong></span> <span class='ocrx_word' id='word_1_494' title='bbox 3040 3096 3313 3169; x_wconf 89' lang='lat' dir='ltr'><strong>Sapientia</strong></span> <span class='ocrx_word' id='word_1_495' title='bbox 3399 3120 3544 3168; x_wconf 88' lang='lat' dir='ltr'><strong>vero,</strong></span> <span class='ocrx_word' id='word_1_496' title='bbox 3606 3108 3652 3162; x_wconf 92' lang='lat' dir='ltr'><strong>si</strong></span> 
     </span>
    </p>
   </div>
   <div class='ocr_carea' id='block_1_64' title="bbox 428 3162 1984 3245">
    <p class='ocr_par' dir='ltr' id='par_1_64' title="bbox 428 3162 1984 3245">
     <span class='ocr_line' id='line_1_65' title="bbox 428 3162 1984 3245; baseline 0.013 -30"><span class='ocrx_word' id='word_1_497' title='bbox 428 3162 573 3233; x_wconf 76' lang='grc' dir='ltr'><strong>ἄλλῳ</strong></span> <span class='ocrx_word' id='word_1_498' title='bbox 600 3164 656 3216; x_wconf 76' lang='grc' dir='ltr'><strong>δὲ</strong></span> <span class='ocrx_word' id='word_1_499' title='bbox 692 3165 892 3233; x_wconf 86' lang='grc' dir='ltr'><strong>γνῶσιν</strong></span> <span class='ocrx_word' id='word_1_500' title='bbox 928 3168 1067 3221; x_wconf 89' lang='grc' dir='ltr'><strong>κατὰ</strong></span> <span class='ocrx_word' id='word_1_501' title='bbox 1087 3170 1146 3222; x_wconf 90' lang='grc' dir='ltr'><strong>τὸ</strong></span> <span class='ocrx_word' id='word_1_502' title='bbox 1176 3173 1306 3225; x_wconf 80' lang='grc' dir='ltr'><strong>αὐτὸ</strong></span> <span class='ocrx_word' id='word_1_503' title='bbox 1336 3175 1576 3245; x_wconf 82' lang='grc' dir='ltr'><strong>Πνεῦμα,</strong></span> <span class='ocrx_word' id='word_1_504' title='bbox 1595 3179 1624 3229; x_wconf 87' lang='grc' dir='ltr'><strong>ό</strong></span> <span class='ocrx_word' id='word_1_505' title='bbox 1660 3179 1984 3245; x_wconf 80' lang='grc' dir='ltr'><strong>Ἀπόστολος</strong></span> 
     </span>
    </p>
   </div>
   <div class='ocr_carea' id='block_1_65' title="bbox 416 3244 1982 3344">
    <p class='ocr_par' dir='ltr' id='par_1_65' title="bbox 416 3244 1982 3344">
     <span class='ocr_line' id='line_1_66' title="bbox 416 3244 1982 3344; baseline 0.014 -37"><span class='ocrx_word' id='word_1_506' title='bbox 416 3260 725 3327; x_wconf 87' lang='grc' dir='ltr'><strong>μαρτυρεῖ·</strong></span> <span class='ocrx_word' id='word_1_507' title='bbox 754 3262 786 3328; x_wconf 81' lang='grc' dir='ltr'>ἡ</span> <span class='ocrx_word' id='word_1_508' title='bbox 824 3259 924 3330; x_wconf 81' lang='grc' dir='ltr'><strong>μὲν</strong></span> <span class='ocrx_word' id='word_1_509' title='bbox 964 3244 1070 3334; x_wconf 76' lang='grc' dir='ltr'><strong>γάρ</strong></span> <span class='ocrx_word' id='word_1_510' title='bbox 1100 3267 1322 3332; x_wconf 82' lang='grc' dir='ltr'><strong>γνῶσις,</strong></span> <span class='ocrx_word' id='word_1_511' title='bbox 1355 3269 1492 3339; x_wconf 79' lang='grc' dir='ltr'><strong>αὐτῇ</strong></span> <span class='ocrx_word' id='word_1_512' title='bbox 1527 3272 1692 3344; x_wconf 78' lang='grc' dir='ltr'><strong>πείρᾳ</strong></span> <span class='ocrx_word' id='word_1_513' title='bbox 1719 3244 1982 3329; x_wconf 81' lang='grc' dir='ltr'><strong>συνάπτει</strong></span> 
     </span>
    </p>
   </div>
   <div class='ocr_carea' id='block_1_66' title="bbox 412 3346 1984 3436">
    <p class='ocr_par' dir='ltr' id='par_1_66' title="bbox 412 3346 1984 3436">
     <span class='ocr_line' id='line_1_67' title="bbox 412 3346 1984 3436; baseline 0.015 -39"><span class='ocrx_word' id='word_1_514' title='bbox 412 3346 501 3398; x_wconf 76' lang='grc' dir='ltr'><strong>τὸν</strong></span> <span class='ocrx_word' id='word_1_515' title='bbox 544 3348 828 3418; x_wconf 80' lang='grc' dir='ltr'><strong>ἄνθρωπον</strong></span> <span class='ocrx_word' id='word_1_516' title='bbox 860 3351 939 3421; x_wconf 86' lang='grc' dir='ltr'><strong>τῷ</strong></span> <span class='ocrx_word' id='word_1_517' title='bbox 971 3354 1109 3424; x_wconf 79' lang='grc' dir='ltr'><strong>Θεῷ,</strong></span> <span class='ocrx_word' id='word_1_518' title='bbox 1143 3357 1221 3419; x_wconf 84' lang='grc' dir='ltr'><strong>είς</strong></span> <span class='ocrx_word' id='word_1_519' title='bbox 1259 3357 1451 3425; x_wconf 89' lang='grc' dir='ltr'><strong>λόγους</strong></span> <span class='ocrx_word' id='word_1_520' title='bbox 1489 3362 1595 3416; x_wconf 79' lang='grc' dir='ltr'><strong>τῶν</strong></span> <span class='ocrx_word' id='word_1_521' title='bbox 1639 3366 1984 3436; x_wconf 82' lang='grc' dir='ltr'><strong>πραγμάτων</strong></span> 
     </span>
    </p>
   </div>
   <div class='ocr_carea' id='block_1_67' title="bbox 411 3436 1981 3528">
    <p class='ocr_par' dir='ltr' id='par_1_67' title="bbox 411 3436 1981 3528">
     <span class='ocr_line' id='line_1_68' title="bbox 411 3436 1981 3528; baseline 0.016 -42"><span class='ocrx_word' id='word_1_522' title='bbox 411 3436 507 3504; x_wconf 83' lang='grc' dir='ltr'><strong>τὴν</strong></span> <span class='ocrx_word' id='word_1_523' title='bbox 533 3436 710 3509; x_wconf 82' lang='grc' dir='ltr'><strong>ψυχὴν</strong></span> <span class='ocrx_word' id='word_1_524' title='bbox 743 3439 817 3509; x_wconf 84' lang='grc' dir='ltr'><strong>μὴ</strong></span> <span class='ocrx_word' id='word_1_525' title='bbox 841 3442 1088 3498; x_wconf 87' lang='grc' dir='ltr'><strong>κινοῦσα.</strong></span> <span class='ocrx_word' id='word_1_526' title='bbox 1120 3447 1211 3498; x_wconf 79' lang='grc' dir='ltr'><strong>Διδ</strong></span> <span class='ocrx_word' id='word_1_527' title='bbox 1236 3448 1328 3500; x_wconf 88' lang='grc' dir='ltr'><strong>καί</strong></span> <span class='ocrx_word' id='word_1_528' title='bbox 1351 3466 1492 3514; x_wconf 84' lang='grc' dir='ltr'><strong>τινες</strong></span> <span class='ocrx_word' id='word_1_529' title='bbox 1515 3452 1623 3504; x_wconf 88' lang='grc' dir='ltr'><strong>τῶν</strong></span> <span class='ocrx_word' id='word_1_530' title='bbox 1643 3455 1739 3507; x_wconf 82' lang='grc' dir='ltr'><strong>τὸν</strong></span> <span class='ocrx_word' id='word_1_531' title='bbox 1771 3458 1981 3528; x_wconf 85' lang='grc' dir='ltr'><strong>μονήρη</strong></span> 
     </span>
    </p>
   </div>
   <div class='ocr_carea' id='block_1_68' title="bbox 414 3526 1983 3613">
    <p class='ocr_par' dir='ltr' id='par_1_68' title="bbox 414 3526 1983 3613">
     <span class='ocr_line' id='line_1_69' title="bbox 414 3526 1983 3613; baseline 0.017 -36"><span class='ocrx_word' id='word_1_532' title='bbox 414 3526 526 3595; x_wconf 85' lang='grc' dir='ltr'><strong>βίον</strong></span> <span class='ocrx_word' id='word_1_533' title='bbox 573 3530 1031 3599; x_wconf 86' lang='grc' dir='ltr'><strong>φιλοσοφούντων,</strong></span> <span class='ocrx_word' id='word_1_534' title='bbox 1062 3538 1387 3604; x_wconf 79' lang='grc' dir='ltr'><strong>φωτίζονται</strong></span> <span class='ocrx_word' id='word_1_535' title='bbox 1443 3542 1540 3612; x_wconf 88' lang='grc' dir='ltr'><strong>μὲν</strong></span> <span class='ocrx_word' id='word_1_536' title='bbox 1593 3544 1686 3613; x_wconf 67' lang='grc' dir='ltr'><strong>ὑπ’</strong></span> <span class='ocrx_word' id='word_1_537' title='bbox 1717 3547 1888 3613; x_wconf 84' lang='grc' dir='ltr'><strong>αὐτῆς</strong></span> <span class='ocrx_word' id='word_1_538' title='bbox 1917 3526 1983 3603; x_wconf 74' lang='grc' dir='ltr'><strong>έν</strong></span> 
     </span>
    </p>
   </div>
   <div class='ocr_carea' id='block_1_69' title="bbox 411 3618 1983 3707">
    <p class='ocr_par' dir='ltr' id='par_1_69' title="bbox 411 3618 1983 3707">
     <span class='ocr_line' id='line_1_70' title="bbox 411 3618 1983 3707; baseline 0.017 -39"><span class='ocrx_word' id='word_1_539' title='bbox 411 3618 660 3688; x_wconf 78' lang='grc' dir='ltr'><strong>αἰσθήσει</strong></span> <span class='ocrx_word' id='word_1_540' title='bbox 692 3636 707 3651; x_wconf 80' lang='grc'>⁶</span> <span class='ocrx_word' id='word_1_541' title='bbox 740 3623 819 3686; x_wconf 85' lang='grc' dir='ltr'><strong>είς</strong></span> <span class='ocrx_word' id='word_1_542' title='bbox 867 3624 924 3677; x_wconf 87' lang='grc' dir='ltr'><strong>δὲ</strong></span> <span class='ocrx_word' id='word_1_543' title='bbox 975 3626 1165 3694; x_wconf 88' lang='grc' dir='ltr'><strong>λόγους</strong></span> <span class='ocrx_word' id='word_1_544' title='bbox 1208 3630 1385 3695; x_wconf 88' lang='grc' dir='ltr'><strong>θείους</strong></span> <span class='ocrx_word' id='word_1_545' title='bbox 1435 3636 1533 3687; x_wconf 84' lang='grc' dir='ltr'><strong>οὐκ</strong></span> <span class='ocrx_word' id='word_1_546' title='bbox 1599 3637 1871 3707; x_wconf 81' lang='grc' dir='ltr'><strong>ἔρχονται.</strong></span> <span class='ocrx_word' id='word_1_547' title='bbox 1917 3640 1983 3694; x_wconf 81' lang='grc' dir='ltr'><strong>Ἠ</strong></span> 
     </span>
    </p>
   </div>
   <div class='ocr_carea' id='block_1_70' title="bbox 409 3706 1983 3802">
    <p class='ocr_par' dir='ltr' id='par_1_70' title="bbox 409 3706 1983 3802">
     <span class='ocr_line' id='line_1_71' title="bbox 409 3706 1983 3802; baseline 0.018 -44"><span class='ocrx_word' id='word_1_548' title='bbox 409 3706 464 3759; x_wconf 70' lang='grc' dir='ltr'><strong>δὲ</strong></span> <span class='ocrx_word' id='word_1_549' title='bbox 497 3710 678 3777; x_wconf 81' lang='grc' dir='ltr'><strong>σοφία,</strong></span> <span class='ocrx_word' id='word_1_550' title='bbox 711 3712 866 3783; x_wconf 81' lang='grc' dir='ltr'><strong>είπερ</strong></span> <span class='ocrx_word' id='word_1_551' title='bbox 898 3717 1034 3783; x_wconf 88' lang='grc' dir='ltr'><strong>μετὰ</strong></span> <span class='ocrx_word' id='word_1_552' title='bbox 1056 3718 1255 3789; x_wconf 85' lang='grc' dir='ltr'><strong>ταύτης</strong></span> <span class='ocrx_word' id='word_1_553' title='bbox 1279 3724 1336 3774; x_wconf 84' lang='grc' dir='ltr'><strong>ὲν</strong></span> <span class='ocrx_word' id='word_1_554' title='bbox 1370 3726 1517 3795; x_wconf 72' lang='grc' dir='ltr'><strong>φόϐῳ</strong></span> <span class='ocrx_word' id='word_1_555' title='bbox 1541 3706 1667 3798; x_wconf 86' lang='grc' dir='ltr'><strong>δοθῇ</strong></span> <span class='ocrx_word' id='word_1_556' title='bbox 1690 3706 1793 3783; x_wconf 83' lang='grc' dir='ltr'><strong>τινι</strong></span> <span class='ocrx_word' id='word_1_557' title='bbox 1826 3731 1983 3802; x_wconf 78' lang='grc' dir='ltr'><strong>(σπάο</strong></span> 
     </span>
    </p>
   </div>
   <div class='ocr_carea' id='block_1_71' title="bbox 410 3798 1983 3889">
    <p class='ocr_par' dir='ltr' id='par_1_71' title="bbox 410 3798 1983 3889">
     <span class='ocr_line' id='line_1_72' title="bbox 410 3798 1983 3889; baseline 0.019 -43"><span class='ocrx_word' id='word_1_558' title='bbox 410 3812 519 3847; x_wconf 75' lang='grc' dir='ltr'><strong>νιον</strong></span> <span class='ocrx_word' id='word_1_559' title='bbox 541 3798 596 3849; x_wconf 88' lang='grc' dir='ltr'><strong>δὲ</strong></span> <span class='ocrx_word' id='word_1_560' title='bbox 628 3800 827 3870; x_wconf 89' lang='grc' dir='ltr'><strong>τοῦτο),</strong></span> <span class='ocrx_word' id='word_1_561' title='bbox 857 3805 1028 3869; x_wconf 81' lang='grc' dir='ltr'><strong>αὑτὰς</strong></span> <span class='ocrx_word' id='word_1_562' title='bbox 1050 3808 1148 3871; x_wconf 77' lang='grc' dir='ltr'><strong>τὰς</strong></span> <span class='ocrx_word' id='word_1_563' title='bbox 1173 3811 1447 3880; x_wconf 79' lang='grc' dir='ltr'><strong>ἐνεργείας</strong></span> <span class='ocrx_word' id='word_1_564' title='bbox 1474 3821 1695 3887; x_wconf 84' lang='grc' dir='ltr'><strong>φανεροί</strong></span> <span class='ocrx_word' id='word_1_565' title='bbox 1714 3822 1811 3889; x_wconf 83' lang='grc' dir='ltr'><strong>τῆς</strong></span> <span class='ocrx_word' id='word_1_566' title='bbox 1835 3798 1983 3889; x_wconf 29' lang='grc' dir='ltr'><strong>*γνὼο</strong></span> 
     </span>
    </p>
   </div>
   <div class='ocr_carea' id='block_1_72' title="bbox 412 3892 1976 3985">
    <p class='ocr_par' dir='ltr' id='par_1_72' title="bbox 412 3892 1976 3985">
     <span class='ocr_line' id='line_1_73' title="bbox 412 3892 1976 3985; baseline 0.019 -48"><span class='ocrx_word' id='word_1_567' title='bbox 412 3903 584 3950; x_wconf 74' lang='grc' dir='ltr'><strong>σεωςο</strong></span> <span class='ocrx_word' id='word_1_568' title='bbox 625 3892 810 3963; x_wconf 75' lang='grc' dir='ltr'><strong>ἐπειδὴ</strong></span> <span class='ocrx_word' id='word_1_569' title='bbox 850 3896 882 3965; x_wconf 82' lang='grc' dir='ltr'>ὴ</span> <span class='ocrx_word' id='word_1_570' title='bbox 930 3901 1049 3966; x_wconf 76' lang='grc' dir='ltr'><strong>μὲν,</strong></span> <span class='ocrx_word' id='word_1_571' title='bbox 1081 3902 1148 3969; x_wconf 81' lang='grc' dir='ltr'><strong>τῇ</strong></span> <span class='ocrx_word' id='word_1_572' title='bbox 1184 3903 1439 3975; x_wconf 75' lang='grc' dir='ltr'><strong>ἐνεργείᾳ</strong></span> <span class='ocrx_word' id='word_1_573' title='bbox 1469 3923 1481 3935; x_wconf 91' lang='grc'><strong>·</strong></span> <span class='ocrx_word' id='word_1_574' title='bbox 1518 3909 1550 3976; x_wconf 79' lang='grc' dir='ltr'>ἡ</span> <span class='ocrx_word' id='word_1_575' title='bbox 1599 3909 1678 3972; x_wconf 86' lang='grc' dir='ltr'><strong>δὲ,</strong></span> <span class='ocrx_word' id='word_1_576' title='bbox 1706 3911 1783 3980; x_wconf 81' lang='grc' dir='ltr'><strong>τῷ</strong></span> <span class='ocrx_word' id='word_1_577' title='bbox 1832 3912 1976 3985; x_wconf 87' lang='grc' dir='ltr'><strong>λόγῳ</strong></span> 
     </span>
    </p>
   </div>
   <div class='ocr_carea' id='block_1_73' title="bbox 408 3979 1973 4074">
    <p class='ocr_par' dir='ltr' id='par_1_73' title="bbox 408 3979 1973 4074">
     <span class='ocr_line' id='line_1_74' title="bbox 408 3979 1973 4074; baseline 0.02 -48"><span class='ocrx_word' id='word_1_578' title='bbox 408 3979 663 4044; x_wconf 79' lang='grc' dir='ltr'><strong>φωτίζειν</strong></span> <span class='ocrx_word' id='word_1_579' title='bbox 693 3983 900 4038; x_wconf 77' lang='grc' dir='ltr'><strong>εἴωθεν.</strong></span> <span class='ocrx_word' id='word_1_580' title='bbox 940 3987 1101 4041; x_wconf 76' lang='grc' dir='ltr'><strong>Ἀλλὰ</strong></span> <span class='ocrx_word' id='word_1_581' title='bbox 1119 3992 1216 4060; x_wconf 82' lang='grc' dir='ltr'><strong>τὴν</strong></span> <span class='ocrx_word' id='word_1_582' title='bbox 1257 3995 1355 4063; x_wconf 85' lang='grc' dir='ltr'><strong>μὲν</strong></span> <span class='ocrx_word' id='word_1_583' title='bbox 1379 3996 1583 4062; x_wconf 83' lang='grc' dir='ltr'><strong>γνῶσιν</strong></span> <span class='ocrx_word' id='word_1_584' title='bbox 1613 3979 1762 4070; x_wconf 11' lang='grc' dir='ltr'><strong>εύχὴγ</strong></span> <span class='ocrx_word' id='word_1_585' title='bbox 1794 3979 1973 4074; x_wconf 33' lang='grc' dir='ltr'><strong>φέρειν,</strong></span> 
     </span>
    </p>
   </div>
   <div class='ocr_carea' id='block_1_74' title="bbox 409 4069 1979 4162">
    <p class='ocr_par' dir='ltr' id='par_1_74' title="bbox 409 4069 1979 4162">
     <span class='ocr_line' id='line_1_75' title="bbox 409 4069 1979 4162; baseline 0.02 -45"><span class='ocrx_word' id='word_1_586' title='bbox 409 4069 500 4118; x_wconf 76' lang='grc' dir='ltr'><strong>καὶ</strong></span> <span class='ocrx_word' id='word_1_587' title='bbox 540 4070 707 4143; x_wconf 79' lang='grc' dir='ltr'><strong>πολλὴ</strong></span> <span class='ocrx_word' id='word_1_588' title='bbox 757 4075 955 4145; x_wconf 74' lang='grc' dir='ltr'><strong>ἡσυχία</strong></span> <span class='ocrx_word' id='word_1_589' title='bbox 997 4080 1055 4131; x_wconf 84' lang='grc' dir='ltr'><strong>ὲν</strong></span> <span class='ocrx_word' id='word_1_590' title='bbox 1116 4081 1419 4156; x_wconf 75' lang='grc' dir='ltr'><strong>ἁμεριμνίᾳ</strong></span> <span class='ocrx_word' id='word_1_591' title='bbox 1465 4069 1742 4146; x_wconf 60' lang='grc' dir='ltr'><strong>παντελεῖ,</strong></span> <span class='ocrx_word' id='word_1_592' title='bbox 1921 4069 1979 4148; x_wconf 71' lang='grc' dir='ltr'><strong>δέ</strong></span> 
     </span>
    </p>
   </div>
   <div class='ocr_carea' id='block_1_75' title="bbox 411 4158 1977 4244">
    <p class='ocr_par' dir='ltr' id='par_1_75' title="bbox 411 4158 1977 4244">
     <span class='ocr_line' id='line_1_76' title="bbox 411 4158 1977 4244; baseline 0.019 -37"><span class='ocrx_word' id='word_1_593' title='bbox 411 4158 623 4224; x_wconf 64' lang='grc' dir='ltr'><strong>σοτίαν,</strong></span> <span class='ocrx_word' id='word_1_594' title='bbox 658 4162 971 4230; x_wconf 78' lang='grc' dir='ltr'><strong>ἁκενόδοξος</strong></span> <span class='ocrx_word' id='word_1_595' title='bbox 1019 4168 1219 4241; x_wconf 89' lang='grc' dir='ltr'><strong>μελέτη</strong></span> <span class='ocrx_word' id='word_1_596' title='bbox 1273 4173 1380 4241; x_wconf 80' lang='grc' dir='ltr'><strong>τῶν</strong></span> <span class='ocrx_word' id='word_1_597' title='bbox 1413 4175 1612 4244; x_wconf 85' lang='grc' dir='ltr'><strong>λογίων</strong></span> <span class='ocrx_word' id='word_1_598' title='bbox 1665 4178 1760 4233; x_wconf 88' lang='grc' dir='ltr'><strong>τοῦ</strong></span> <span class='ocrx_word' id='word_1_599' title='bbox 1819 4158 1977 4239; x_wconf 66' lang='grc' dir='ltr'><strong>Θεοῦ.</strong></span> 
     </span>
    </p>
   </div>
   <div class='ocr_carea' id='block_1_76' title="bbox 411 4248 1974 4342">
    <p class='ocr_par' dir='ltr' id='par_1_76' title="bbox 411 4248 1974 4342">
     <span class='ocr_line' id='line_1_77' title="bbox 411 4248 1974 4342; baseline 0.019 -45"><span class='ocrx_word' id='word_1_600' title='bbox 411 4248 518 4299; x_wconf 78' lang='grc' dir='ltr'><strong>Καὶ</strong></span> <span class='ocrx_word' id='word_1_601' title='bbox 552 4250 769 4319; x_wconf 86' lang='grc' dir='ltr'><strong>πρῶτον</strong></span> <span class='ocrx_word' id='word_1_602' title='bbox 816 4256 847 4323; x_wconf 83' lang='grc' dir='ltr'>ἡ</span> <span class='ocrx_word' id='word_1_603' title='bbox 880 4256 1039 4326; x_wconf 87' lang='grc' dir='ltr'><strong>χάρις</strong></span> <span class='ocrx_word' id='word_1_604' title='bbox 1072 4260 1165 4313; x_wconf 88' lang='grc' dir='ltr'><strong>τοῦ</strong></span> <span class='ocrx_word' id='word_1_605' title='bbox 1191 4263 1424 4319; x_wconf 76' lang='grc' dir='ltr'><strong>διδόντος</strong></span> <span class='ocrx_word' id='word_1_606' title='bbox 1453 4268 1611 4321; x_wconf 87' lang='grc' dir='ltr'><strong>Θεοῦ.</strong></span> <span class='ocrx_word' id='word_1_607' title='bbox 1652 4288 1669 4320; x_wconf 72' lang='grc' dir='ltr'><strong>ι</strong></span> <span class='ocrx_word' id='word_1_608' title='bbox 1710 4271 1852 4342; x_wconf 82' lang='grc' dir='ltr'><strong>Πρὸς</strong></span> <span class='ocrx_word' id='word_1_609' title='bbox 1895 4273 1974 4339; x_wconf 80' lang='grc' dir='ltr'><strong>δὲ,</strong></span> 
     </span>
    </p>
   </div>
   <div class='ocr_carea' id='block_1_77' title="bbox 408 4340 1977 4429">
    <p class='ocr_par' dir='ltr' id='par_1_77' title="bbox 408 4340 1977 4429">
     <span class='ocr_line' id='line_1_78' title="bbox 408 4340 1977 4429; baseline 0.017 -39"><span class='ocrx_word' id='word_1_610' title='bbox 408 4340 502 4391; x_wconf 77' lang='grc' dir='ltr'><strong>καὶ</strong></span> <span class='ocrx_word' id='word_1_611' title='bbox 528 4342 555 4392; x_wconf 87' lang='grc' dir='ltr'><strong>ό</strong></span> <span class='ocrx_word' id='word_1_612' title='bbox 595 4342 750 4410; x_wconf 76' lang='grc' dir='ltr'><strong>ἅγιός</strong></span> <span class='ocrx_word' id='word_1_613' title='bbox 796 4362 928 4415; x_wconf 87' lang='grc' dir='ltr'><strong>φησι</strong></span> <span class='ocrx_word' id='word_1_614' title='bbox 963 4350 1217 4420; x_wconf 82' lang='grc' dir='ltr'><strong>Μάξιμος</strong></span> <span class='ocrx_word' id='word_1_615' title='bbox 1271 4356 1329 4407; x_wconf 82' lang='grc' dir='ltr'><strong>ὲν</strong></span> <span class='ocrx_word' id='word_1_616' title='bbox 1378 4360 1487 4421; x_wconf 85' lang='grc' dir='ltr'><strong>τοῖς</strong></span> <span class='ocrx_word' id='word_1_617' title='bbox 1523 4340 1807 4429; x_wconf 82' lang='grc' dir='ltr'><strong>Σχολίοις·</strong></span> <span class='ocrx_word' id='word_1_618' title='bbox 1848 4380 1867 4413; x_wconf 85' lang='grc' dir='ltr'><strong>ι</strong></span> <span class='ocrx_word' id='word_1_619' title='bbox 1904 4364 1977 4417; x_wconf 86' lang='grc' dir='ltr'><strong>Τὸ</strong></span> 
     </span>
    </p>
   </div>
   <div class='ocr_carea' id='block_1_78' title="bbox 2089 3174 3650 3258">
    <p class='ocr_par' dir='ltr' id='par_1_78' title="bbox 2089 3174 3650 3258">
     <span class='ocr_line' id='line_1_79' title="bbox 2089 3174 3650 3258; baseline 0.015 -29"><span class='ocrx_word' id='word_1_620' title='bbox 2089 3174 2177 3230; x_wconf 88' lang='lat' dir='ltr'><strong>cui</strong></span> <span class='ocrx_word' id='word_1_621' title='bbox 2231 3192 2355 3232; x_wconf 91' lang='lat' dir='ltr'><strong>eum</strong></span> <span class='ocrx_word' id='word_1_622' title='bbox 2388 3194 2450 3235; x_wconf 89' lang='lat' dir='ltr'><strong>ea</strong></span> <span class='ocrx_word' id='word_1_623' title='bbox 2507 3181 2563 3237; x_wconf 90' lang='lat' dir='ltr'><strong>in</strong></span> <span class='ocrx_word' id='word_1_624' title='bbox 2606 3183 2801 3239; x_wconf 89' lang='lat' dir='ltr'><strong>timore</strong></span> <span class='ocrx_word' id='word_1_625' title='bbox 2837 3186 3069 3244; x_wconf 90' lang='lat' dir='ltr'><strong>donetur</strong></span> <span class='ocrx_word' id='word_1_626' title='bbox 3097 3192 3302 3258; x_wconf 90' lang='lat' dir='ltr'><strong>(rarum</strong></span> <span class='ocrx_word' id='word_1_627' title='bbox 3339 3207 3518 3250; x_wconf 90' lang='lat' dir='ltr'><strong>autem</strong></span> <span class='ocrx_word' id='word_1_628' title='bbox 3546 3199 3650 3253; x_wconf 85' lang='lat' dir='ltr'><strong>hoc</strong></span> 
     </span>
    </p>
   </div>
   <div class='ocr_carea' id='block_1_79' title="bbox 2087 3266 3687 3354">
    <p class='ocr_par' dir='ltr' id='par_1_79' title="bbox 2087 3266 3687 3354">
     <span class='ocr_line' id='line_1_80' title="bbox 2087 3266 3687 3354; baseline 0.018 -34"><span class='ocrx_word' id='word_1_629' title='bbox 2087 3266 2213 3334; x_wconf 87' lang='lat' dir='ltr'><strong>est,)</strong></span> <span class='ocrx_word' id='word_1_630' title='bbox 2250 3268 2397 3337; x_wconf 89' lang='lat' dir='ltr'><strong>ipsas</strong></span> <span class='ocrx_word' id='word_1_631' title='bbox 2432 3272 2673 3330; x_wconf 68' lang='lat' dir='ltr'><strong>scientiae</strong></span> <span class='ocrx_word' id='word_1_632' title='bbox 2712 3277 2855 3333; x_wconf 86' lang='lat' dir='ltr'><strong>vires</strong></span> <span class='ocrx_word' id='word_1_633' title='bbox 2899 3282 3154 3351; x_wconf 85' lang='lat' dir='ltr'><strong>explicat.</strong></span> <span class='ocrx_word' id='word_1_634' title='bbox 3185 3288 3442 3354; x_wconf 89' lang='lat' dir='ltr'><strong>quoniam</strong></span> <span class='ocrx_word' id='word_1_635' title='bbox 3478 3290 3650 3347; x_wconf 88' lang='lat' dir='ltr'><strong>altera</strong></span> <span class='ocrx_word' id='word_1_636' title='bbox 3683 3346 3687 3350; x_wconf 87' lang='grc'><strong>,</strong></span> 
     </span>
    </p>
   </div>
   <div class='ocr_carea' id='block_1_80' title="bbox 2086 3357 3647 3434">
    <p class='ocr_par' dir='ltr' id='par_1_80' title="bbox 2086 3357 3647 3434">
     <span class='ocr_line' id='line_1_81' title="bbox 2086 3357 3647 3434; baseline 0.016 -25"><span class='ocrx_word' id='word_1_637' title='bbox 2086 3357 2305 3430; x_wconf 73' lang='lat' dir='ltr'><strong>quidem</strong></span> <span class='ocrx_word' id='word_1_638' title='bbox 2361 3362 2620 3428; x_wconf 80' lang='lat' dir='ltr'><strong>eﬂicacia,</strong></span> <span class='ocrx_word' id='word_1_639' title='bbox 2675 3365 2846 3421; x_wconf 87' lang='lat' dir='ltr'><strong>altera</strong></span> <span class='ocrx_word' id='word_1_640' title='bbox 2881 3384 3010 3424; x_wconf 88' lang='lat' dir='ltr'><strong>vero</strong></span> <span class='ocrx_word' id='word_1_641' title='bbox 3065 3374 3274 3429; x_wconf 88' lang='lat' dir='ltr'><strong>ratione</strong></span> <span class='ocrx_word' id='word_1_642' title='bbox 3339 3378 3647 3434; x_wconf 85' lang='lat' dir='ltr'><strong>illuminare</strong></span> 
     </span>
    </p>
   </div>
   <div class='ocr_carea' id='block_1_81' title="bbox 2086 3447 3651 3535">
    <p class='ocr_par' dir='ltr' id='par_1_81' title="bbox 2086 3447 3651 3535">
     <span class='ocr_line' id='line_1_82' title="bbox 2086 3447 3651 3535; baseline 0.014 -32"><span class='ocrx_word' id='word_1_643' title='bbox 2086 3447 2249 3503; x_wconf 82' lang='lat' dir='ltr'><strong>solet.</strong></span> <span class='ocrx_word' id='word_1_644' title='bbox 2276 3449 2380 3504; x_wconf 90' lang='lat' dir='ltr'><strong>Sed</strong></span> <span class='ocrx_word' id='word_1_645' title='bbox 2409 3452 2695 3510; x_wconf 87' lang='lat' dir='ltr'><strong>scientiam</strong></span> <span class='ocrx_word' id='word_1_646' title='bbox 2732 3464 2911 3512; x_wconf 88' lang='lat' dir='ltr'><strong>oratio</strong></span> <span class='ocrx_word' id='word_1_647' title='bbox 2939 3462 3103 3517; x_wconf 85' lang='lat' dir='ltr'><strong>atTert</strong></span> <span class='ocrx_word' id='word_1_648' title='bbox 3128 3476 3181 3519; x_wconf 90' lang='lat' dir='ltr'><strong>ct</strong></span> <span class='ocrx_word' id='word_1_649' title='bbox 3228 3482 3420 3535; x_wconf 86' lang='lat' dir='ltr'><strong>magna</strong></span> <span class='ocrx_word' id='word_1_650' title='bbox 3451 3473 3504 3523; x_wconf 89' lang='lat' dir='ltr'><strong>in</strong></span> <span class='ocrx_word' id='word_1_651' title='bbox 3564 3485 3651 3524; x_wconf 76' lang='lat' dir='ltr'><strong>se—</strong></span> 
     </span>
    </p>
   </div>
   <div class='ocr_carea' id='block_1_82' title="bbox 2086 3543 3650 3632">
    <p class='ocr_par' dir='ltr' id='par_1_82' title="bbox 2086 3543 3650 3632">
     <span class='ocr_line' id='line_1_83' title="bbox 2086 3543 3650 3632; baseline 0.016 -37"><span class='ocrx_word' id='word_1_652' title='bbox 2086 3543 2317 3598; x_wconf 88' lang='lat' dir='ltr'><strong>curitate</strong></span> <span class='ocrx_word' id='word_1_653' title='bbox 2365 3550 2757 3618; x_wconf 54' lang='lat' dir='ltr'><strong>tranquillitas.»</strong></span> <span class='ocrx_word' id='word_1_654' title='bbox 2804 3570 2917 3609; x_wconf 90' lang='lat' dir='ltr'><strong>non</strong></span> <span class='ocrx_word' id='word_1_655' title='bbox 2967 3573 3119 3613; x_wconf 67' lang='lat' dir='ltr'><strong>vana:</strong></span> <span class='ocrx_word' id='word_1_656' title='bbox 3175 3561 3361 3629; x_wconf 75' lang='lat' dir='ltr'><strong>glorim</strong></span> <span class='ocrx_word' id='word_1_657' title='bbox 3390 3574 3650 3632; x_wconf 85' lang='lat' dir='ltr'><strong>appetens</strong></span> 
     </span>
    </p>
   </div>
   <div class='ocr_carea' id='block_1_83' title="bbox 2086 3634 3651 3724">
    <p class='ocr_par' dir='ltr' id='par_1_83' title="bbox 2086 3634 3651 3724">
     <span class='ocr_line' id='line_1_84' title="bbox 2086 3634 3651 3724; baseline 0.017 -40"><span class='ocrx_word' id='word_1_658' title='bbox 2086 3634 2433 3691; x_wconf 88' lang='lat' dir='ltr'><strong>oraculorum</strong></span> <span class='ocrx_word' id='word_1_659' title='bbox 2503 3640 2597 3695; x_wconf 86' lang='lat' dir='ltr'><strong>Dei</strong></span> <span class='ocrx_word' id='word_1_660' title='bbox 2654 3644 2959 3701; x_wconf 89' lang='lat' dir='ltr'><strong>meditatio.</strong></span> <span class='ocrx_word' id='word_1_661' title='bbox 2992 3649 3059 3703; x_wconf 88' lang='lat' dir='ltr'><strong>Et</strong></span> <span class='ocrx_word' id='word_1_662' title='bbox 3118 3653 3294 3721; x_wconf 91' lang='lat' dir='ltr'><strong>primo</strong></span> <span class='ocrx_word' id='word_1_663' title='bbox 3345 3655 3519 3724; x_wconf 84' lang='lat' dir='ltr'><strong>gratia</strong></span> <span class='ocrx_word' id='word_1_664' title='bbox 3568 3666 3651 3712; x_wconf 88' lang='lat' dir='ltr'><strong>est</strong></span> 
     </span>
    </p>
   </div>
   <div class='ocr_carea' id='block_1_84' title="bbox 2087 3723 3649 3813">
    <p class='ocr_par' dir='ltr' id='par_1_84' title="bbox 2087 3723 3649 3813">
     <span class='ocr_line' id='line_1_85' title="bbox 2087 3723 3649 3813; baseline 0.017 -37"><span class='ocrx_word' id='word_1_665' title='bbox 2087 3723 2175 3777; x_wconf 88' lang='lat' dir='ltr'><strong>Dei</strong></span> <span class='ocrx_word' id='word_1_666' title='bbox 2232 3727 2504 3785; x_wconf 86' lang='lat' dir='ltr'><strong>donantis.</strong></span> <span class='ocrx_word' id='word_1_667' title='bbox 2543 3749 2563 3782; x_wconf 73' lang='grc' dir='ltr'><strong>ι</strong></span> <span class='ocrx_word' id='word_1_668' title='bbox 2616 3734 2697 3788; x_wconf 87' lang='lat' dir='ltr'><strong>Ad</strong></span> <span class='ocrx_word' id='word_1_669' title='bbox 2753 3737 2885 3803; x_wconf 64' lang='lat' dir='ltr'><strong>haec,</strong></span> <span class='ocrx_word' id='word_1_670' title='bbox 2975 3740 3108 3795; x_wconf 91' lang='lat' dir='ltr'><strong>dicit</strong></span> <span class='ocrx_word' id='word_1_671' title='bbox 3162 3723 3379 3813; x_wconf 87' lang='lat' dir='ltr'><strong>quoque</strong></span> <span class='ocrx_word' id='word_1_672' title='bbox 3428 3757 3649 3802; x_wconf 85' lang='lat' dir='ltr'><strong>sanctus</strong></span> 
     </span>
    </p>
   </div>
   <div class='ocr_carea' id='block_1_85' title="bbox 2084 3818 3647 3908">
    <p class='ocr_par' dir='ltr' id='par_1_85' title="bbox 2084 3818 3647 3908">
     <span class='ocr_line' id='line_1_86' title="bbox 2084 3818 3647 3908; baseline 0.015 -38"><span class='ocrx_word' id='word_1_673' title='bbox 2084 3818 2349 3876; x_wconf 84' lang='lat' dir='ltr'><strong>Maximus</strong></span> <span class='ocrx_word' id='word_1_674' title='bbox 2368 3822 2422 3876; x_wconf 94' lang='lat' dir='ltr'><strong>in</strong></span> <span class='ocrx_word' id='word_1_675' title='bbox 2452 3822 2721 3883; x_wconf 87' lang='lat' dir='ltr'><strong>Scholiis:</strong></span> <span class='ocrx_word' id='word_1_676' title='bbox 2753 3846 2774 3882; x_wconf 78' lang='grc' dir='ltr'><strong>ι</strong></span> <span class='ocrx_word' id='word_1_677' title='bbox 2804 3830 3006 3887; x_wconf 89' lang='lat' dir='ltr'><strong>Puteus</strong></span> <span class='ocrx_word' id='word_1_678' title='bbox 3025 3832 3195 3891; x_wconf 81' lang='lat' dir='ltr'><strong>Jacob</strong></span> <span class='ocrx_word' id='word_1_679' title='bbox 3216 3847 3300 3892; x_wconf 91' lang='lat' dir='ltr'><strong>est</strong></span> <span class='ocrx_word' id='word_1_680' title='bbox 3328 3838 3606 3908; x_wconf 89' lang='lat' dir='ltr'><strong>Scriptura</strong></span> <span class='ocrx_word' id='word_1_681' title='bbox 3634 3857 3647 3893; x_wconf 91' lang='lat'><strong>:</strong></span> 
     </span>
    </p>
   </div>
   <div class='ocr_carea' id='block_1_86' title="bbox 2085 3921 3647 4001">
    <p class='ocr_par' dir='ltr' id='par_1_86' title="bbox 2085 3921 3647 4001">
     <span class='ocr_line' id='line_1_87' title="bbox 2085 3921 3647 4001; baseline 0.015 -38"><span class='ocrx_word' id='word_1_682' title='bbox 2085 3924 2224 3978; x_wconf 89' lang='lat' dir='ltr'><strong>aqua</strong></span> <span class='ocrx_word' id='word_1_683' title='bbox 2276 3928 2427 3982; x_wconf 90' lang='lat' dir='ltr'><strong>vero,</strong></span> <span class='ocrx_word' id='word_1_684' title='bbox 2454 3932 2518 3971; x_wconf 87' lang='lat' dir='ltr'><strong>ea</strong></span> <span class='ocrx_word' id='word_1_685' title='bbox 2548 3933 2668 3987; x_wconf 75' lang='lat' dir='ltr'><strong>qua:</strong></span> <span class='ocrx_word' id='word_1_686' title='bbox 2697 3922 2750 3975; x_wconf 91' lang='lat' dir='ltr'><strong>in</strong></span> <span class='ocrx_word' id='word_1_687' title='bbox 2782 3921 3061 3993; x_wconf 88' lang='lat' dir='ltr'><strong>Scriptura</strong></span> <span class='ocrx_word' id='word_1_688' title='bbox 3107 3938 3189 3982; x_wconf 91' lang='lat' dir='ltr'><strong>est</strong></span> <span class='ocrx_word' id='word_1_689' title='bbox 3220 3931 3447 3984; x_wconf 79' lang='lat' dir='ltr'><strong>scientia</strong></span> <span class='ocrx_word' id='word_1_690' title='bbox 3480 3951 3495 3997; x_wconf 89' lang='lat'><strong>;</strong></span> <span class='ocrx_word' id='word_1_691' title='bbox 3523 3947 3647 4001; x_wconf 86' lang='lat' dir='ltr'><strong>pro-</strong></span> 
     </span>
    </p>
   </div>
   <div class='ocr_carea' id='block_1_87' title="bbox 2094 3998 3646 4087">
    <p class='ocr_par' dir='ltr' id='par_1_87' title="bbox 2094 3998 3646 4087">
     <span class='ocr_line' id='line_1_88' title="bbox 2094 3998 3646 4087; baseline 0.017 -35"><span class='ocrx_word' id='word_1_692' title='bbox 2094 3998 2321 4057; x_wconf 79' lang='lat' dir='ltr'><strong>fundum</strong></span> <span class='ocrx_word' id='word_1_693' title='bbox 2358 4020 2507 4075; x_wconf 79' lang='lat' dir='ltr'><strong>vero,</strong></span> <span class='ocrx_word' id='word_1_694' title='bbox 2542 4009 2839 4081; x_wconf 59' lang='lat' dir='ltr'><strong>Scriptura;</strong></span> <span class='ocrx_word' id='word_1_695' title='bbox 2875 4017 3219 4087; x_wconf 62' lang='lat' dir='ltr'><strong>muigmatum</strong></span> <span class='ocrx_word' id='word_1_696' title='bbox 3249 4020 3481 4077; x_wconf 76' lang='lat' dir='ltr'><strong>diﬂicilis</strong></span> <span class='ocrx_word' id='word_1_697' title='bbox 3511 3998 3646 4078; x_wconf 80' lang='lat' dir='ltr'><strong>con-</strong></span> 
     </span>
    </p>
   </div>
   <div class='ocr_carea' id='block_1_88' title="bbox 2082 4096 3644 4187">
    <p class='ocr_par' dir='ltr' id='par_1_88' title="bbox 2082 4096 3644 4187">
     <span class='ocr_line' id='line_1_89' title="bbox 2082 4096 3644 4187; baseline 0.017 -39"><span class='ocrx_word' id='word_1_698' title='bbox 2082 4096 2360 4165; x_wconf 88' lang='lat' dir='ltr'><strong>templatio</strong></span> <span class='ocrx_word' id='word_1_699' title='bbox 2387 4117 2401 4153; x_wconf 91' lang='lat'><strong>:</strong></span> <span class='ocrx_word' id='word_1_700' title='bbox 2429 4100 2665 4161; x_wconf 73' lang='lat' dir='ltr'><strong>haustus</strong></span> <span class='ocrx_word' id='word_1_701' title='bbox 2702 4117 2884 4164; x_wconf 89' lang='lat' dir='ltr'><strong>autem</strong></span> <span class='ocrx_word' id='word_1_702' title='bbox 2922 4120 3006 4165; x_wconf 85' lang='lat' dir='ltr'><strong>est</strong></span> <span class='ocrx_word' id='word_1_703' title='bbox 3036 4113 3205 4167; x_wconf 86' lang='lat' dir='ltr'><strong>divini</strong></span> <span class='ocrx_word' id='word_1_704' title='bbox 3233 4116 3377 4170; x_wconf 86' lang='lat' dir='ltr'><strong>verbi</strong></span> <span class='ocrx_word' id='word_1_705' title='bbox 3419 4133 3514 4187; x_wconf 90' lang='lat' dir='ltr'><strong>per</strong></span> <span class='ocrx_word' id='word_1_706' title='bbox 3565 4120 3644 4174; x_wconf 84' lang='lat' dir='ltr'><strong>lit-</strong></span> 
     </span>
    </p>
   </div>
   <div class='ocr_carea' id='block_1_89' title="bbox 2080 4190 3643 4273">
    <p class='ocr_par' dir='ltr' id='par_1_89' title="bbox 2080 4190 3643 4273">
     <span class='ocr_line' id='line_1_90' title="bbox 2080 4190 3643 4273; baseline 0.017 -33"><span class='ocrx_word' id='word_1_707' title='bbox 2080 4194 2223 4243; x_wconf 87' lang='lat' dir='ltr'><strong>teras</strong></span> <span class='ocrx_word' id='word_1_708' title='bbox 2246 4190 2532 4261; x_wconf 83' lang='lat' dir='ltr'><strong>disciplina</strong></span> <span class='ocrx_word' id='word_1_709' title='bbox 2559 4235 2573 4259; x_wconf 92' lang='lat'><strong>,</strong></span> <span class='ocrx_word' id='word_1_710' title='bbox 2612 4212 2779 4267; x_wconf 90' lang='lat' dir='ltr'><strong>quam</strong></span> <span class='ocrx_word' id='word_1_711' title='bbox 2819 4214 2929 4254; x_wconf 91' lang='lat' dir='ltr'><strong>non</strong></span> <span class='ocrx_word' id='word_1_712' title='bbox 2956 4203 3182 4259; x_wconf 89' lang='lat' dir='ltr'><strong>habebat</strong></span> <span class='ocrx_word' id='word_1_713' title='bbox 3212 4206 3493 4273; x_wconf 87' lang='lat' dir='ltr'><strong>Dominus,</strong></span> <span class='ocrx_word' id='word_1_714' title='bbox 3520 4226 3643 4265; x_wconf 89' lang='lat' dir='ltr'><strong>cum</strong></span> 
     </span>
    </p>
   </div>
   <div class='ocr_carea' id='block_1_90' title="bbox 2077 4278 3642 4365">
    <p class='ocr_par' dir='ltr' id='par_1_90' title="bbox 2077 4278 3642 4365">
     <span class='ocr_line' id='line_1_91' title="bbox 2077 4278 3642 4365; baseline 0.014 -34"><span class='ocrx_word' id='word_1_715' title='bbox 2077 4278 2193 4348; x_wconf 91' lang='lat' dir='ltr'><strong>ipse</strong></span> <span class='ocrx_word' id='word_1_716' title='bbox 2214 4290 2359 4337; x_wconf 87' lang='lat' dir='ltr'><strong>esset</strong></span> <span class='ocrx_word' id='word_1_717' title='bbox 2388 4283 2721 4353; x_wconf 87' lang='lat' dir='ltr'><strong>ipsissimum</strong></span> <span class='ocrx_word' id='word_1_718' title='bbox 2760 4288 3001 4347; x_wconf 84' lang='lat' dir='ltr'><strong>Verbum</strong></span> <span class='ocrx_word' id='word_1_719' title='bbox 3059 4310 3237 4365; x_wconf 85' lang='lat' dir='ltr'><strong>neque</strong></span> <span class='ocrx_word' id='word_1_720' title='bbox 3268 4300 3551 4355; x_wconf 88' lang='lat' dir='ltr'><strong>scientiam</strong></span> <span class='ocrx_word' id='word_1_721' title='bbox 3579 4316 3642 4355; x_wconf 87' lang='lat' dir='ltr'><strong>ex</strong></span> 
     </span>
    </p>
   </div>
   <div class='ocr_carea' id='block_1_91' title="bbox 2078 4370 3642 4454">
    <p class='ocr_par' dir='ltr' id='par_1_91' title="bbox 2078 4370 3642 4454">
     <span class='ocr_line' id='line_1_92' title="bbox 2078 4370 3642 4454; baseline 0.015 -32"><span class='ocrx_word' id='word_1_722' title='bbox 2078 4370 2361 4440; x_wconf 89' lang='lat' dir='ltr'><strong>disciplina</strong></span> <span class='ocrx_word' id='word_1_723' title='bbox 2421 4381 2474 4428; x_wconf 87' lang='lat' dir='ltr'><strong>et</strong></span> <span class='ocrx_word' id='word_1_724' title='bbox 2508 4377 2859 4436; x_wconf 88' lang='lat' dir='ltr'><strong>meditatione</strong></span> <span class='ocrx_word' id='word_1_725' title='bbox 2920 4384 3281 4441; x_wconf 91' lang='lat' dir='ltr'><strong>credendibus</strong></span> <span class='ocrx_word' id='word_1_726' title='bbox 3327 4389 3514 4454; x_wconf 88' lang='lat' dir='ltr'><strong>dedit,</strong></span> <span class='ocrx_word' id='word_1_727' title='bbox 3549 4392 3642 4446; x_wconf 86' lang='lat' dir='ltr'><strong>sed</strong></span> 
     </span>
    </p>
   </div>
   <div class='ocr_carea' id='block_1_92' title="bbox 408 4432 1986 4549">
    <p class='ocr_par' dir='ltr' id='par_1_92' title="bbox 408 4432 1974 4523">
     <span class='ocr_line' id='line_1_93' title="bbox 408 4432 1974 4523; baseline 0.015 -39"><span class='ocrx_word' id='word_1_728' title='bbox 408 4432 582 4503; x_wconf 82' lang='grc' dir='ltr'><strong>φρέαρ</strong></span> <span class='ocrx_word' id='word_1_729' title='bbox 611 4434 705 4488; x_wconf 89' lang='grc' dir='ltr'><strong>τοῦ</strong></span> <span class='ocrx_word' id='word_1_730' title='bbox 748 4437 940 4491; x_wconf 76' lang='grc' dir='ltr'><strong>Ἰακώϐ</strong></span> <span class='ocrx_word' id='word_1_731' title='bbox 963 4443 1111 4494; x_wconf 85' lang='grc' dir='ltr'><strong>ἐστιν</strong></span> <span class='ocrx_word' id='word_1_732' title='bbox 1136 4445 1167 4511; x_wconf 84' lang='grc' dir='ltr'>ἡ</span> <span class='ocrx_word' id='word_1_733' title='bbox 1206 4446 1393 4517; x_wconf 85' lang='grc' dir='ltr'><strong>Γραφή</strong></span> <span class='ocrx_word' id='word_1_734' title='bbox 1420 4466 1433 4479; x_wconf 91' lang='grc'><strong>·</strong></span> <span class='ocrx_word' id='word_1_735' title='bbox 1458 4450 1519 4502; x_wconf 86' lang='grc' dir='ltr'><strong>τὸ</strong></span> <span class='ocrx_word' id='word_1_736' title='bbox 1549 4451 1603 4503; x_wconf 85' lang='grc' dir='ltr'><strong>δὲ</strong></span> <span class='ocrx_word' id='word_1_737' title='bbox 1632 4452 1778 4523; x_wconf 78' lang='grc' dir='ltr'><strong>ὕδωρ</strong></span> <span class='ocrx_word' id='word_1_738' title='bbox 1806 4454 1974 4521; x_wconf 78' lang='grc' dir='ltr'><strong>ἐστὶν,</strong></span> 
     </span>
    </p>
   </div>
   <div class='ocr_carea' id='block_1_93' title="bbox 2086 4432 3643 4549">
    <p class='ocr_par' dir='ltr' id='par_1_93' title="bbox 2086 4432 3643 4549">
     <span class='ocr_line' id='line_1_94' title="bbox 2216 4432 3641 4454; baseline 0.013 -28"><span class='ocrx_word' id='word_1_739' title='bbox 2216 4432 2230 4440; x_wconf 93' lang='lat'><em>_</em></span> <span class='ocrx_word' id='word_1_740' title='bbox 2718 4432 2725 4433; x_wconf 62' lang='lat'><strong><em>,</em></strong></span> <span class='ocrx_word' id='word_1_741' title='bbox 2926 4432 3281 4441; x_wconf 54' lang='grc' dir='ltr'><strong>---πηωηυ</strong></span> <span class='ocrx_word' id='word_1_742' title='bbox 3329 4432 3514 4454; x_wconf 75' lang='lat'><strong>...,....,</strong></span> <span class='ocrx_word' id='word_1_743' title='bbox 3549 4432 3641 4446; x_wconf 64' lang='grc' dir='ltr'><strong>..νυ</strong></span> 
     </span>
     <span class='ocr_line' id='line_1_95' title="bbox 2086 4466 3643 4549; baseline 0.016 -38"><span class='ocrx_word' id='word_1_744' title='bbox 2086 4472 2192 4512; x_wconf 79' lang='lat' dir='ltr'><strong>eam</strong></span> <span class='ocrx_word' id='word_1_745' title='bbox 2216 4476 2336 4527; x_wconf 81' lang='lat' dir='ltr'><strong>quae</strong></span> <span class='ocrx_word' id='word_1_746' title='bbox 2355 4477 2419 4516; x_wconf 81' lang='lat' dir='ltr'><strong>ex</strong></span> <span class='ocrx_word' id='word_1_747' title='bbox 2448 4466 2617 4534; x_wconf 79' lang='lat' dir='ltr'><strong>gratia</strong></span> <span class='ocrx_word' id='word_1_748' title='bbox 2642 4482 2994 4536; x_wconf 88' lang='lat' dir='ltr'><strong>permanente</strong></span> <span class='ocrx_word' id='word_1_749' title='bbox 3019 4483 3072 4528; x_wconf 89' lang='lat' dir='ltr'><strong>et</strong></span> <span class='ocrx_word' id='word_1_750' title='bbox 3114 4476 3407 4545; x_wconf 88' lang='lat' dir='ltr'><strong>spirituali,</strong></span> <span class='ocrx_word' id='word_1_751' title='bbox 3443 4495 3643 4549; x_wconf 69' lang='lat' dir='ltr'><strong>peren~</strong></span> 
     </span>
    </p>
   </div>
   <div class='ocr_carea' id='block_1_94' title="bbox 407 4522 1975 4614">
    <p class='ocr_par' dir='ltr' id='par_1_94' title="bbox 407 4522 1975 4614">
     <span class='ocr_line' id='line_1_96' title="bbox 407 4522 1975 4614; baseline 0.018 -45"><span class='ocrx_word' id='word_1_752' title='bbox 407 4522 438 4589; x_wconf 72' lang='grc' dir='ltr'>ἡ</span> <span class='ocrx_word' id='word_1_753' title='bbox 469 4526 522 4570; x_wconf 73' lang='grc' dir='ltr'><strong>ὲν</strong></span> <span class='ocrx_word' id='word_1_754' title='bbox 563 4526 628 4594; x_wconf 77' lang='grc' dir='ltr'><strong>τῇ</strong></span> <span class='ocrx_word' id='word_1_755' title='bbox 653 4525 838 4597; x_wconf 79' lang='grc' dir='ltr'><strong>Γραφῇ</strong></span> <span class='ocrx_word' id='word_1_756' title='bbox 866 4529 1066 4597; x_wconf 86' lang='grc' dir='ltr'><strong>γνῶσις</strong></span> <span class='ocrx_word' id='word_1_757' title='bbox 1100 4550 1113 4564; x_wconf 88' lang='grc'><strong>·</strong></span> <span class='ocrx_word' id='word_1_758' title='bbox 1143 4534 1205 4587; x_wconf 83' lang='grc' dir='ltr'><strong>τὸ</strong></span> <span class='ocrx_word' id='word_1_759' title='bbox 1234 4536 1290 4588; x_wconf 83' lang='grc' dir='ltr'><strong>δὲ</strong></span> <span class='ocrx_word' id='word_1_760' title='bbox 1321 4537 1506 4607; x_wconf 80' lang='grc' dir='ltr'><strong>βάθος,</strong></span> <span class='ocrx_word' id='word_1_761' title='bbox 1541 4542 1574 4610; x_wconf 78' lang='grc' dir='ltr'>ἡ</span> <span class='ocrx_word' id='word_1_762' title='bbox 1605 4542 1714 4595; x_wconf 84' lang='grc' dir='ltr'><strong>τῶν</strong></span> <span class='ocrx_word' id='word_1_763' title='bbox 1752 4522 1975 4614; x_wconf 81' lang='grc' dir='ltr'><strong>Γραφι-</strong></span> 
     </span>
    </p>
   </div>
   <div class='ocr_carea' id='block_1_95' title="bbox 408 4609 1975 4699">
    <p class='ocr_par' dir='ltr' id='par_1_95' title="bbox 408 4609 1975 4699">
     <span class='ocr_line' id='line_1_97' title="bbox 408 4609 1975 4699; baseline 0.019 -39"><span class='ocrx_word' id='word_1_764' title='bbox 408 4609 517 4662; x_wconf 84' lang='grc' dir='ltr'><strong>κῶν</strong></span> <span class='ocrx_word' id='word_1_765' title='bbox 558 4615 895 4684; x_wconf 81' lang='grc' dir='ltr'><strong>αἰνιγμάτων</strong></span> <span class='ocrx_word' id='word_1_766' title='bbox 949 4620 1343 4695; x_wconf 82' lang='grc' dir='ltr'><strong>δυσδιεξίτητος</strong></span> <span class='ocrx_word' id='word_1_767' title='bbox 1407 4609 1607 4699; x_wconf 84' lang='grc' dir='ltr'><strong>θεωρία</strong></span> <span class='ocrx_word' id='word_1_768' title='bbox 1631 4647 1646 4663; x_wconf 74' lang='grc'><strong>⁸</strong></span> <span class='ocrx_word' id='word_1_769' title='bbox 1682 4633 1743 4686; x_wconf 83' lang='grc' dir='ltr'><strong>τὸ</strong></span> <span class='ocrx_word' id='word_1_770' title='bbox 1779 4609 1836 4687; x_wconf 62' lang='grc' dir='ltr'><strong>δέ</strong></span> <span class='ocrx_word' id='word_1_771' title='bbox 1878 4609 1975 4691; x_wconf 76' lang='grc' dir='ltr'><strong>άν-</strong></span> 
     </span>
    </p>
   </div>
   <div class='ocr_carea' id='block_1_96' title="bbox 406 4702 1973 4797">
    <p class='ocr_par' dir='ltr' id='par_1_96' title="bbox 406 4702 1973 4797">
     <span class='ocr_line' id='line_1_98' title="bbox 406 4702 1973 4797; baseline 0.02 -46"><span class='ocrx_word' id='word_1_772' title='bbox 406 4702 590 4771; x_wconf 75' lang='grc' dir='ltr'><strong>τῖιημά</strong></span> <span class='ocrx_word' id='word_1_773' title='bbox 631 4707 780 4763; x_wconf 70' lang='grc' dir='ltr'><strong>ἐστιν</strong></span> <span class='ocrx_word' id='word_1_774' title='bbox 810 4712 844 4781; x_wconf 73' lang='grc' dir='ltr'>ἡ</span> <span class='ocrx_word' id='word_1_775' title='bbox 882 4711 971 4765; x_wconf 84' lang='grc' dir='ltr'><strong>διὰ</strong></span> <span class='ocrx_word' id='word_1_776' title='bbox 994 4714 1101 4767; x_wconf 84' lang='grc' dir='ltr'><strong>τῶν</strong></span> <span class='ocrx_word' id='word_1_777' title='bbox 1133 4718 1475 4787; x_wconf 86' lang='grc' dir='ltr'><strong>γραμμάτων</strong></span> <span class='ocrx_word' id='word_1_778' title='bbox 1502 4722 1596 4776; x_wconf 89' lang='grc' dir='ltr'><strong>τοῦ</strong></span> <span class='ocrx_word' id='word_1_779' title='bbox 1645 4724 1787 4778; x_wconf 90' lang='grc' dir='ltr'><strong>θείου</strong></span> <span class='ocrx_word' id='word_1_780' title='bbox 1817 4726 1973 4797; x_wconf 88' lang='grc' dir='ltr'><strong>λόγου</strong></span> 
     </span>
    </p>
   </div>
   <div class='ocr_carea' id='block_1_97' title="bbox 410 4794 1977 4894">
    <p class='ocr_par' dir='ltr' id='par_1_97' title="bbox 410 4794 1977 4894">
     <span class='ocr_line' id='line_1_99' title="bbox 410 4794 1977 4894; baseline 0.02 -50"><span class='ocrx_word' id='word_1_781' title='bbox 410 4794 665 4864; x_wconf 76' lang='grc' dir='ltr'><strong>μάθησις·</strong></span> <span class='ocrx_word' id='word_1_782' title='bbox 697 4801 763 4871; x_wconf 70' lang='grc' dir='ltr'><strong>ἢν</strong></span> <span class='ocrx_word' id='word_1_783' title='bbox 812 4805 912 4857; x_wconf 75' lang='grc' dir='ltr'><strong>οὐκ</strong></span> <span class='ocrx_word' id='word_1_784' title='bbox 942 4801 1089 4876; x_wconf 75' lang='grc' dir='ltr'><strong>εἶχεν</strong></span> <span class='ocrx_word' id='word_1_785' title='bbox 1132 4810 1159 4860; x_wconf 85' lang='grc' dir='ltr'>ὁ</span> <span class='ocrx_word' id='word_1_786' title='bbox 1205 4810 1431 4882; x_wconf 78' lang='grc' dir='ltr'><strong>Κύριος,</strong></span> <span class='ocrx_word' id='word_1_787' title='bbox 1464 4814 1754 4885; x_wconf 84' lang='grc' dir='ltr'><strong>αὑτολόγος</strong></span> <span class='ocrx_word' id='word_1_788' title='bbox 1796 4794 1977 4894; x_wconf 81' lang='grc' dir='ltr'><strong>ὑπάρ-</strong></span> 
     </span>
    </p>
   </div>
   <div class='ocr_carea' id='block_1_98' title="bbox 407 4896 1974 4983">
    <p class='ocr_par' dir='ltr' id='par_1_98' title="bbox 407 4896 1974 4983">
     <span class='ocr_line' id='line_1_100' title="bbox 407 4896 1974 4983; baseline 0.021 -45"><span class='ocrx_word' id='word_1_789' title='bbox 407 4906 537 4956; x_wconf 79' lang='grc' dir='ltr'><strong>χων,</strong></span> <span class='ocrx_word' id='word_1_790' title='bbox 569 4896 663 4946; x_wconf 78' lang='grc' dir='ltr'><strong>καὶ</strong></span> <span class='ocrx_word' id='word_1_791' title='bbox 700 4897 762 4949; x_wconf 86' lang='grc' dir='ltr'><strong>οὐ</strong></span> <span class='ocrx_word' id='word_1_792' title='bbox 792 4898 891 4970; x_wconf 79' lang='grc' dir='ltr'><strong>τὴν</strong></span> <span class='ocrx_word' id='word_1_793' title='bbox 924 4903 990 4955; x_wconf 82' lang='grc' dir='ltr'><strong>ὲκ</strong></span> <span class='ocrx_word' id='word_1_794' title='bbox 1038 4903 1329 4973; x_wconf 83' lang='grc' dir='ltr'><strong>μαθήσεως</strong></span> <span class='ocrx_word' id='word_1_795' title='bbox 1387 4910 1479 4962; x_wconf 79' lang='grc' dir='ltr'><strong>καὶ</strong></span> <span class='ocrx_word' id='word_1_796' title='bbox 1515 4911 1744 4983; x_wconf 84' lang='grc' dir='ltr'><strong>μελέτης</strong></span> <span class='ocrx_word' id='word_1_797' title='bbox 1775 4915 1974 4982; x_wconf 83' lang='grc' dir='ltr'><strong>γνῶσιν</strong></span> 
     </span>
    </p>
   </div>
   <div class='ocr_carea' id='block_1_99' title="bbox 406 4981 1974 5075">
    <p class='ocr_par' dir='ltr' id='par_1_99' title="bbox 406 4981 1974 5075">
     <span class='ocr_line' id='line_1_101' title="bbox 406 4981 1974 5075; baseline 0.02 -44"><span class='ocrx_word' id='word_1_798' title='bbox 406 4981 581 5044; x_wconf 70' lang='grc' dir='ltr'><strong>διδοὺς</strong></span> <span class='ocrx_word' id='word_1_799' title='bbox 626 4988 739 5050; x_wconf 85' lang='grc' dir='ltr'><strong>τοῖς</strong></span> <span class='ocrx_word' id='word_1_800' title='bbox 784 4991 1159 5060; x_wconf 69' lang='grc' dir='ltr'><strong>πιστεύουσιν,</strong></span> <span class='ocrx_word' id='word_1_801' title='bbox 1184 4996 1323 5051; x_wconf 86' lang='grc' dir='ltr'><strong>ἁλλὰ</strong></span> <span class='ocrx_word' id='word_1_802' title='bbox 1377 4998 1475 5070; x_wconf 80' lang='grc' dir='ltr'><strong>τὴν</strong></span> <span class='ocrx_word' id='word_1_803' title='bbox 1514 5003 1576 5054; x_wconf 72' lang='grc' dir='ltr'><strong>ἐκ</strong></span> <span class='ocrx_word' id='word_1_804' title='bbox 1604 4981 1823 5075; x_wconf 84' lang='grc' dir='ltr'><strong>χάριτος</strong></span> <span class='ocrx_word' id='word_1_805' title='bbox 1850 5009 1974 5063; x_wconf 83' lang='grc' dir='ltr'><strong>ἀεν-</strong></span> 
     </span>
    </p>
   </div>
   <div class='ocr_carea' id='block_1_100' title="bbox 406 5074 1973 5165">
    <p class='ocr_par' dir='ltr' id='par_1_100' title="bbox 406 5074 1973 5165">
     <span class='ocr_line' id='line_1_102' title="bbox 406 5074 1973 5165; baseline 0.019 -42"><span class='ocrx_word' id='word_1_806' title='bbox 406 5074 532 5125; x_wconf 64' lang='lat' dir='ltr'><strong>vdeo</strong></span> <span class='ocrx_word' id='word_1_807' title='bbox 588 5085 963 5154; x_wconf 79' lang='grc' dir='ltr'><strong>πνευματικῆς</strong></span> <span class='ocrx_word' id='word_1_808' title='bbox 1014 5086 1238 5141; x_wconf 86' lang='grc' dir='ltr'><strong>ἀένναον</strong></span> <span class='ocrx_word' id='word_1_809' title='bbox 1281 5089 1492 5159; x_wconf 91' lang='grc' dir='ltr'><strong>σοφίαν,</strong></span> <span class='ocrx_word' id='word_1_810' title='bbox 1523 5094 1619 5148; x_wconf 73' lang='grc' dir='ltr'><strong>καὶ</strong></span> <span class='ocrx_word' id='word_1_811' title='bbox 1662 5096 1798 5165; x_wconf 79' lang='grc' dir='ltr'><strong>μηδέ</strong></span> <span class='ocrx_word' id='word_1_812' title='bbox 1844 5114 1973 5153; x_wconf 87' lang='grc' dir='ltr'><strong>ποτε</strong></span> 
     </span>
    </p>
   </div>
   <div class='ocr_carea' id='block_1_101' title="bbox 403 5164 1971 5260">
    <p class='ocr_par' dir='ltr' id='par_1_101' title="bbox 403 5164 1971 5260">
     <span class='ocr_line' id='line_1_103' title="bbox 403 5164 1971 5260; baseline 0.02 -46"><span class='ocrx_word' id='word_1_813' title='bbox 403 5164 675 5236; x_wconf 65' lang='grc' dir='ltr'><strong>ὶήζουσαν</strong></span> <span class='ocrx_word' id='word_1_814' title='bbox 698 5174 809 5235; x_wconf 82' lang='grc' dir='ltr'><strong>τοῖς</strong></span> <span class='ocrx_word' id='word_1_815' title='bbox 848 5172 1019 5239; x_wconf 82' lang='grc' dir='ltr'><strong>ἀξίοις</strong></span> <span class='ocrx_word' id='word_1_816' title='bbox 1047 5177 1387 5250; x_wconf 84' lang='grc' dir='ltr'><strong>δωρούμενος</strong></span> <span class='ocrx_word' id='word_1_817' title='bbox 1421 5199 1435 5212; x_wconf 89' lang='grc'><strong>·</strong></span> <span class='ocrx_word' id='word_1_818' title='bbox 1470 5185 1533 5237; x_wconf 86' lang='grc' dir='ltr'><strong>τδ</strong></span> <span class='ocrx_word' id='word_1_819' title='bbox 1560 5164 1673 5257; x_wconf 84' lang='grc' dir='ltr'><strong>γὰρ</strong></span> <span class='ocrx_word' id='word_1_820' title='bbox 1702 5187 1971 5260; x_wconf 81' lang='grc' dir='ltr'><strong>ἄντλημα,</strong></span> 
     </span>
    </p>
   </div>
   <div class='ocr_carea' id='block_1_102' title="bbox 402 5256 1973 5348">
    <p class='ocr_par' dir='ltr' id='par_1_102' title="bbox 402 5256 1973 5348">
     <span class='ocr_line' id='line_1_104' title="bbox 402 5256 1973 5348; baseline 0.018 -43"><span class='ocrx_word' id='word_1_821' title='bbox 402 5256 679 5310; x_wconf 69' lang='grc' dir='ltr'><strong>τούεεστιν</strong></span> <span class='ocrx_word' id='word_1_822' title='bbox 715 5260 747 5330; x_wconf 79' lang='grc' dir='ltr'><strong>η</strong></span> <span class='ocrx_word' id='word_1_823' title='bbox 796 5264 1051 5334; x_wconf 82' lang='grc' dir='ltr'><strong>μάθησις,</strong></span> <span class='ocrx_word' id='word_1_824' title='bbox 1083 5270 1249 5340; x_wconf 84' lang='grc' dir='ltr'><strong>μέρος</strong></span> <span class='ocrx_word' id='word_1_825' title='bbox 1296 5272 1576 5343; x_wconf 77' lang='grc' dir='ltr'><strong>ἐλάχιστον</strong></span> <span class='ocrx_word' id='word_1_826' title='bbox 1621 5256 1973 5348; x_wconf 76' lang='grc' dir='ltr'><strong>λαμϐάνουσα</strong></span> 
     </span>
    </p>
   </div>
   <div class='ocr_carea' id='block_1_103' title="bbox 401 5345 1973 5439">
    <p class='ocr_par' dir='ltr' id='par_1_103' title="bbox 401 5345 1973 5439">
     <span class='ocr_line' id='line_1_105' title="bbox 401 5345 1973 5439; baseline 0.022 -46"><span class='ocrx_word' id='word_1_827' title='bbox 401 5345 675 5413; x_wconf 81' lang='grc' dir='ltr'><strong>γνώσεως,</strong></span> <span class='ocrx_word' id='word_1_828' title='bbox 702 5350 762 5403; x_wconf 84' lang='grc' dir='ltr'><strong>τδ</strong></span> <span class='ocrx_word' id='word_1_829' title='bbox 798 5354 905 5407; x_wconf 82' lang='grc' dir='ltr'><strong>πᾶν</strong></span> <span class='ocrx_word' id='word_1_830' title='bbox 935 5356 1021 5427; x_wconf 81' lang='grc' dir='ltr'><strong>ἐᾷ,</strong></span> <span class='ocrx_word' id='word_1_831' title='bbox 1058 5360 1250 5429; x_wconf 73' lang='grc' dir='ltr'><strong>μηδενὶ</strong></span> <span class='ocrx_word' id='word_1_832' title='bbox 1286 5364 1430 5436; x_wconf 89' lang='grc' dir='ltr'><strong>λόγῳ</strong></span> <span class='ocrx_word' id='word_1_833' title='bbox 1466 5345 1861 5439; x_wconf 78' lang='grc' dir='ltr'><strong>κρατούμενον.</strong></span> <span class='ocrx_word' id='word_1_834' title='bbox 1907 5374 1973 5428; x_wconf 82' lang='grc' dir='ltr'><strong>Ἦ</strong></span> 
     </span>
    </p>
   </div>
   <div class='ocr_carea' id='block_1_104' title="bbox 399 5436 1968 5536">
    <p class='ocr_par' dir='ltr' id='par_1_104' title="bbox 399 5436 1968 5536">
     <span class='ocr_line' id='line_1_106' title="bbox 399 5436 1968 5536; baseline 0.022 -50"><span class='ocrx_word' id='word_1_835' title='bbox 399 5436 454 5487; x_wconf 80' lang='grc' dir='ltr'><strong>δὲ</strong></span> <span class='ocrx_word' id='word_1_836' title='bbox 482 5440 623 5491; x_wconf 72' lang='grc' dir='ltr'><strong>κατὰ</strong></span> <span class='ocrx_word' id='word_1_837' title='bbox 671 5441 829 5513; x_wconf 87' lang='grc' dir='ltr'><strong>χάριν</strong></span> <span class='ocrx_word' id='word_1_838' title='bbox 863 5447 1085 5512; x_wconf 84' lang='grc' dir='ltr'><strong>γνῶσις,</strong></span> <span class='ocrx_word' id='word_1_839' title='bbox 1117 5451 1246 5521; x_wconf 87' lang='grc' dir='ltr'><strong>ὅλην</strong></span> <span class='ocrx_word' id='word_1_840' title='bbox 1275 5454 1408 5525; x_wconf 80' lang='grc' dir='ltr'><strong>ἔχει,</strong></span> <span class='ocrx_word' id='word_1_841' title='bbox 1441 5436 1535 5510; x_wconf 74' lang='grc' dir='ltr'><strong>καὶ</strong></span> <span class='ocrx_word' id='word_1_842' title='bbox 1562 5436 1688 5530; x_wconf 81' lang='grc' dir='ltr'><strong>δίχα</strong></span> <span class='ocrx_word' id='word_1_843' title='bbox 1721 5464 1968 5536; x_wconf 83' lang='grc' dir='ltr'><strong>μελέτης,</strong></span> 
     </span>
    </p>
   </div>
   <div class='ocr_carea' id='block_1_105' title="bbox 399 5530 1971 5624">
    <p class='ocr_par' dir='ltr' id='par_1_105' title="bbox 399 5530 1971 5624">
     <span class='ocr_line' id='line_1_107' title="bbox 399 5530 1971 5624; baseline 0.021 -45"><span class='ocrx_word' id='word_1_844' title='bbox 399 5530 739 5604; x_wconf 76' lang='grc' dir='ltr'><strong>τὴνέφικτὴν</strong></span> <span class='ocrx_word' id='word_1_845' title='bbox 755 5535 1059 5607; x_wconf 71' lang='grc' dir='ltr'><strong>ἀνθρώποις</strong></span> <span class='ocrx_word' id='word_1_846' title='bbox 1084 5543 1295 5610; x_wconf 81' lang='grc' dir='ltr'><strong>σοφίαν,</strong></span> <span class='ocrx_word' id='word_1_847' title='bbox 1325 5550 1460 5618; x_wconf 65' lang='grc' dir='ltr'><strong>πρὸς</strong></span> <span class='ocrx_word' id='word_1_848' title='bbox 1499 5551 1598 5616; x_wconf 86' lang='grc' dir='ltr'><strong>τὰς</strong></span> <span class='ocrx_word' id='word_1_849' title='bbox 1624 5555 1814 5624; x_wconf 82' lang='grc' dir='ltr'><strong>χρείας</strong></span> <span class='ocrx_word' id='word_1_850' title='bbox 1843 5575 1971 5612; x_wconf 82' lang='grc' dir='ltr'><strong>ποι-</strong></span> 
     </span>
    </p>
   </div>
   <div class='ocr_carea' id='block_1_106' title="bbox 400 5619 1966 5718">
    <p class='ocr_par' dir='ltr' id='par_1_106' title="bbox 400 5619 1966 5718">
     <span class='ocr_line' id='line_1_108' title="bbox 400 5619 1966 5718; baseline 0.021 -49"><span class='ocrx_word' id='word_1_851' title='bbox 400 5619 566 5683; x_wconf 71' lang='grc' dir='ltr'><strong>χίλως</strong></span> <span class='ocrx_word' id='word_1_852' title='bbox 602 5623 995 5692; x_wconf 82' lang='grc' dir='ltr'><strong>βλυστάνουσα.</strong></span> <span class='ocrx_word' id='word_1_853' title='bbox 1034 5650 1053 5682; x_wconf 76' lang='grc' dir='ltr'><strong>ι</strong></span> <span class='ocrx_word' id='word_1_854' title='bbox 1085 5634 1193 5686; x_wconf 73' lang='grc' dir='ltr'><strong>Καὶ</strong></span> <span class='ocrx_word' id='word_1_855' title='bbox 1226 5632 1381 5700; x_wconf 79' lang='grc' dir='ltr'><strong>αὖθις</strong></span> <span class='ocrx_word' id='word_1_856' title='bbox 1414 5642 1441 5691; x_wconf 89' lang='grc' dir='ltr'><strong>ό</strong></span> <span class='ocrx_word' id='word_1_857' title='bbox 1471 5619 1925 5718; x_wconf 33' lang='grc' dir='ltr'><strong>ἅγιος--.Διάδοχος</strong></span> <span class='ocrx_word' id='word_1_858' title='bbox 1952 5668 1966 5682; x_wconf 80' lang='grc' dir='ltr'><strong>ο</strong></span> 
     </span>
    </p>
   </div>
   <div class='ocr_carea' id='block_1_107' title="bbox 407 5710 1991 5812">
    <p class='ocr_par' dir='ltr' id='par_1_107' title="bbox 407 5710 1991 5812">
     <span class='ocr_line' id='line_1_109' title="bbox 407 5710 1991 5812; baseline 0.019 -49"><span class='ocrx_word' id='word_1_859' title='bbox 407 5728 425 5761; x_wconf 85' lang='grc' dir='ltr'><strong>ι</strong></span> <span class='ocrx_word' id='word_1_860' title='bbox 466 5710 530 5766; x_wconf 86' lang='lat'><strong>&#39;0</strong></span> <span class='ocrx_word' id='word_1_861' title='bbox 555 5715 679 5781; x_wconf 91' lang='grc' dir='ltr'><strong>νοῦς</strong></span> <span class='ocrx_word' id='word_1_862' title='bbox 708 5718 883 5789; x_wconf 70' lang='grc' dir='ltr'><strong>ἡμῶν,</strong></span> <span class='ocrx_word' id='word_1_863' title='bbox 917 5722 982 5775; x_wconf 82' lang='grc' dir='ltr'><strong>τὰ</strong></span> <span class='ocrx_word' id='word_1_864' title='bbox 1012 5723 1178 5777; x_wconf 81' lang='grc' dir='ltr'><strong>πολλὰ</strong></span> <span class='ocrx_word' id='word_1_865' title='bbox 1229 5729 1353 5796; x_wconf 74' lang='grc' dir='ltr'><strong>περὶ</strong></span> <span class='ocrx_word' id='word_1_866' title='bbox 1381 5731 1478 5801; x_wconf 83' lang='grc' dir='ltr'><strong>μὲν</strong></span> <span class='ocrx_word' id='word_1_867' title='bbox 1514 5733 1611 5801; x_wconf 83' lang='grc' dir='ltr'><strong>τὴν</strong></span> <span class='ocrx_word' id='word_1_868' title='bbox 1643 5710 1991 5812; x_wconf 39' lang='grc' dir='ltr'><strong>προσευχὴ-κβ</strong></span> 
     </span>
    </p>
   </div>
   <div class='ocr_carea' id='block_1_108' title="bbox 2075 4551 3637 4635">
    <p class='ocr_par' dir='ltr' id='par_1_108' title="bbox 2075 4551 3637 4635">
     <span class='ocr_line' id='line_1_110' title="bbox 2075 4551 3637 4635; baseline 0.016 -32"><span class='ocrx_word' id='word_1_869' title='bbox 2075 4551 2162 4603; x_wconf 90' lang='lat' dir='ltr'><strong>nis</strong></span> <span class='ocrx_word' id='word_1_870' title='bbox 2192 4562 2293 4615; x_wconf 87' lang='lat' dir='ltr'><strong>est,</strong></span> <span class='ocrx_word' id='word_1_871' title='bbox 2331 4569 2511 4624; x_wconf 89' lang='lat' dir='ltr'><strong>neque</strong></span> <span class='ocrx_word' id='word_1_872' title='bbox 2543 4572 2780 4628; x_wconf 87' lang='lat' dir='ltr'><strong>unquam</strong></span> <span class='ocrx_word' id='word_1_873' title='bbox 2809 4575 3010 4632; x_wconf 88' lang='lat' dir='ltr'><strong>cessat,</strong></span> <span class='ocrx_word' id='word_1_874' title='bbox 3030 4566 3208 4635; x_wconf 80' lang='lat' dir='ltr'><strong>dignis</strong></span> <span class='ocrx_word' id='word_1_875' title='bbox 3227 4568 3470 4626; x_wconf 89' lang='lat' dir='ltr'><strong>donavit.</strong></span> <span class='ocrx_word' id='word_1_876' title='bbox 3496 4572 3637 4628; x_wconf 84' lang='lat' dir='ltr'><strong>llau-</strong></span> 
     </span>
    </p>
   </div>
   <div class='ocr_carea' id='block_1_109' title="bbox 2073 4641 3637 4719">
    <p class='ocr_par' dir='ltr' id='par_1_109' title="bbox 2073 4641 3637 4719">
     <span class='ocr_line' id='line_1_111' title="bbox 2073 4641 3637 4719; baseline 0.015 -25"><span class='ocrx_word' id='word_1_877' title='bbox 2073 4648 2196 4694; x_wconf 86' lang='lat' dir='ltr'><strong>stus</strong></span> <span class='ocrx_word' id='word_1_878' title='bbox 2229 4641 2397 4706; x_wconf 87' lang='lat' dir='ltr'><strong>enim,</strong></span> <span class='ocrx_word' id='word_1_879' title='bbox 2436 4643 2486 4697; x_wconf 86' lang='lat' dir='ltr'><strong>id</strong></span> <span class='ocrx_word' id='word_1_880' title='bbox 2541 4655 2625 4701; x_wconf 91' lang='lat' dir='ltr'><strong>est</strong></span> <span class='ocrx_word' id='word_1_881' title='bbox 2692 4648 3005 4719; x_wconf 88' lang='lat' dir='ltr'><strong>disciplina,</strong></span> <span class='ocrx_word' id='word_1_882' title='bbox 3062 4657 3357 4714; x_wconf 91' lang='lat' dir='ltr'><strong>nonnullas</strong></span> <span class='ocrx_word' id='word_1_883' title='bbox 3405 4660 3637 4716; x_wconf 72' lang='lat' dir='ltr'><strong>scicntia!</strong></span> 
     </span>
    </p>
   </div>
   <div class='ocr_carea' id='block_1_110' title="bbox 2072 4733 3637 4815">
    <p class='ocr_par' dir='ltr' id='par_1_110' title="bbox 2072 4733 3637 4815">
     <span class='ocr_line' id='line_1_112' title="bbox 2072 4733 3637 4815; baseline 0.014 -32"><span class='ocrx_word' id='word_1_884' title='bbox 2072 4740 2256 4799; x_wconf 85' lang='lat' dir='ltr'><strong>partes</strong></span> <span class='ocrx_word' id='word_1_885' title='bbox 2296 4733 2730 4803; x_wconf 86' lang='lat' dir='ltr'><strong>apprehendens,</strong></span> <span class='ocrx_word' id='word_1_886' title='bbox 2759 4746 2930 4795; x_wconf 89' lang='lat' dir='ltr'><strong>tottttn</strong></span> <span class='ocrx_word' id='word_1_887' title='bbox 2957 4742 3233 4815; x_wconf 86' lang='lat' dir='ltr'><strong>relinquit,</strong></span> <span class='ocrx_word' id='word_1_888' title='bbox 3254 4748 3402 4801; x_wconf 89' lang='lat' dir='ltr'><strong>nulla</strong></span> <span class='ocrx_word' id='word_1_889' title='bbox 3434 4751 3637 4806; x_wconf 76' lang='lat' dir='ltr'><strong>ratione</strong></span> 
     </span>
    </p>
   </div>
   <div class='ocr_carea' id='block_1_111' title="bbox 2072 4822 3638 4914">
    <p class='ocr_par' dir='ltr' id='par_1_111' title="bbox 2072 4822 3638 4914">
     <span class='ocr_line' id='line_1_113' title="bbox 2072 4822 3638 4914; baseline 0.013 -38"><span class='ocrx_word' id='word_1_890' title='bbox 2072 4822 2204 4879; x_wconf 91' lang='lat' dir='ltr'><strong>illud</strong></span> <span class='ocrx_word' id='word_1_891' title='bbox 2236 4839 2509 4897; x_wconf 83' lang='lat' dir='ltr'><strong>occupare</strong></span> <span class='ocrx_word' id='word_1_892' title='bbox 2550 4829 2755 4886; x_wconf 87' lang='lat' dir='ltr'><strong>valens.</strong></span> <span class='ocrx_word' id='word_1_893' title='bbox 2788 4831 2920 4898; x_wconf 67' lang='lat' dir='ltr'><strong>Quae</strong></span> <span class='ocrx_word' id='word_1_894' title='bbox 2964 4845 3143 4891; x_wconf 89' lang='lat' dir='ltr'><strong>autem</strong></span> <span class='ocrx_word' id='word_1_895' title='bbox 3188 4843 3486 4895; x_wconf 88' lang='lat' dir='ltr'><strong>secundum</strong></span> <span class='ocrx_word' id='word_1_896' title='bbox 3519 4858 3638 4914; x_wconf 78' lang='lat' dir='ltr'><strong>gra-</strong></span> 
     </span>
    </p>
   </div>
   <div class='ocr_carea' id='block_1_112' title="bbox 2072 4914 3683 5000">
    <p class='ocr_par' dir='ltr' id='par_1_112' title="bbox 2072 4914 3683 5000">
     <span class='ocr_line' id='line_1_114' title="bbox 2072 4914 3683 5000; baseline 0.012 -31"><span class='ocrx_word' id='word_1_897' title='bbox 2072 4914 2201 4969; x_wconf 87' lang='lat' dir='ltr'><strong>tiam</strong></span> <span class='ocrx_word' id='word_1_898' title='bbox 2265 4926 2349 4973; x_wconf 92' lang='lat' dir='ltr'><strong>est</strong></span> <span class='ocrx_word' id='word_1_899' title='bbox 2431 4919 2689 4987; x_wconf 89' lang='lat' dir='ltr'><strong>scientia,</strong></span> <span class='ocrx_word' id='word_1_900' title='bbox 2742 4931 2910 4979; x_wconf 90' lang='lat' dir='ltr'><strong>totam</strong></span> <span class='ocrx_word' id='word_1_901' title='bbox 2970 4927 3134 4984; x_wconf 89' lang='lat' dir='ltr'><strong>habet</strong></span> <span class='ocrx_word' id='word_1_902' title='bbox 3199 4931 3548 5000; x_wconf 85' lang='lat' dir='ltr'><strong>sapientiam,</strong></span> <span class='ocrx_word' id='word_1_903' title='bbox 3588 4944 3683 4989; x_wconf 88' lang='lat' dir='ltr'><strong>ct-</strong></span> 
     </span>
    </p>
   </div>
   <div class='ocr_carea' id='block_1_113' title="bbox 2072 5008 3632 5095">
    <p class='ocr_par' dir='ltr' id='par_1_113' title="bbox 2072 5008 3632 5095">
     <span class='ocr_line' id='line_1_115' title="bbox 2072 5008 3632 5095; baseline 0.012 -33"><span class='ocrx_word' id='word_1_904' title='bbox 2072 5008 2278 5076; x_wconf 82' lang='lat' dir='ltr'><strong>absque</strong></span> <span class='ocrx_word' id='word_1_905' title='bbox 2310 5011 2690 5081; x_wconf 85' lang='lat' dir='ltr'><strong>meditatione,</strong></span> <span class='ocrx_word' id='word_1_906' title='bbox 2714 5030 2833 5070; x_wconf 85' lang='lat' dir='ltr'><strong>eam</strong></span> <span class='ocrx_word' id='word_1_907' title='bbox 2866 5033 2986 5087; x_wconf 75' lang='lat' dir='ltr'><strong>quae</strong></span> <span class='ocrx_word' id='word_1_908' title='bbox 3013 5020 3328 5078; x_wconf 86' lang='lat' dir='ltr'><strong>hominibus</strong></span> <span class='ocrx_word' id='word_1_909' title='bbox 3354 5026 3632 5095; x_wconf 88' lang='lat' dir='ltr'><strong>competit,</strong></span> 
     </span>
    </p>
   </div>
   <div class='ocr_carea' id='block_1_114' title="bbox 2069 5097 3630 5177">
    <p class='ocr_par' dir='ltr' id='par_1_114' title="bbox 2069 5097 3630 5177">
     <span class='ocr_line' id='line_1_116' title="bbox 2069 5097 3630 5177; baseline 0.015 -27"><span class='ocrx_word' id='word_1_910' title='bbox 2069 5097 2135 5151; x_wconf 89' lang='lat' dir='ltr'><strong>ad</strong></span> <span class='ocrx_word' id='word_1_911' title='bbox 2161 5100 2446 5157; x_wconf 83' lang='lat' dir='ltr'><strong>utilitatem</strong></span> <span class='ocrx_word' id='word_1_912' title='bbox 2469 5105 2698 5170; x_wconf 86' lang='lat' dir='ltr'><strong>variam,</strong></span> <span class='ocrx_word' id='word_1_913' title='bbox 2727 5110 2978 5177; x_wconf 80' lang='lat' dir='ltr'><strong>gignens.</strong></span> <span class='ocrx_word' id='word_1_914' title='bbox 3010 5129 3029 5162; x_wconf 74' lang='grc' dir='ltr'><strong>ι</strong></span> <span class='ocrx_word' id='word_1_915' title='bbox 3085 5114 3147 5167; x_wconf 84' lang='lat' dir='ltr'><strong>Et</strong></span> <span class='ocrx_word' id='word_1_916' title='bbox 3169 5129 3385 5169; x_wconf 90' lang='lat' dir='ltr'><strong>rursum</strong></span> <span class='ocrx_word' id='word_1_917' title='bbox 3409 5129 3630 5173; x_wconf 85' lang='lat' dir='ltr'><strong>sanctus</strong></span> 
     </span>
    </p>
   </div>
   <div class='ocr_carea' id='block_1_115' title="bbox 2065 5190 3631 5277">
    <p class='ocr_par' dir='ltr' id='par_1_115' title="bbox 2065 5190 3631 5277">
     <span class='ocr_line' id='line_1_117' title="bbox 2065 5190 3631 5277; baseline 0.013 -34"><span class='ocrx_word' id='word_1_918' title='bbox 2065 5190 2411 5252; x_wconf 84' lang='lat' dir='ltr'><strong>Diadocbus:</strong></span> <span class='ocrx_word' id='word_1_919' title='bbox 2452 5215 2471 5248; x_wconf 85' lang='grc' dir='ltr'><strong>ι</strong></span> <span class='ocrx_word' id='word_1_920' title='bbox 2507 5197 2654 5255; x_wconf 81' lang='lat' dir='ltr'><strong>Mens</strong></span> <span class='ocrx_word' id='word_1_921' title='bbox 2706 5208 2914 5264; x_wconf 84' lang='lat' dir='ltr'><strong>nostra,</strong></span> <span class='ocrx_word' id='word_1_922' title='bbox 2960 5203 3155 5274; x_wconf 87' lang='lat' dir='ltr'><strong>inquit,</strong></span> <span class='ocrx_word' id='word_1_923' title='bbox 3210 5207 3531 5277; x_wconf 79' lang='lat' dir='ltr'><strong>plerumque</strong></span> <span class='ocrx_word' id='word_1_924' title='bbox 3565 5210 3631 5263; x_wconf 90' lang='lat' dir='ltr'><strong>ad</strong></span> 
     </span>
    </p>
   </div>
   <div class='ocr_carea' id='block_1_116' title="bbox 2067 5283 3627 5366">
    <p class='ocr_par' dir='ltr' id='par_1_116' title="bbox 2067 5283 3627 5366">
     <span class='ocr_line' id='line_1_118' title="bbox 2067 5283 3627 5366; baseline 0.012 -32"><span class='ocrx_word' id='word_1_925' title='bbox 2067 5283 2371 5339; x_wconf 89' lang='lat' dir='ltr'><strong>orationem</strong></span> <span class='ocrx_word' id='word_1_926' title='bbox 2423 5288 2638 5346; x_wconf 83' lang='lat' dir='ltr'><strong>diﬂicile</strong></span> <span class='ocrx_word' id='word_1_927' title='bbox 2681 5301 2973 5359; x_wconf 79' lang='lat' dir='ltr'><strong>movetur;</strong></span> <span class='ocrx_word' id='word_1_928' title='bbox 3021 5296 3146 5363; x_wconf 91' lang='lat' dir='ltr'><strong>quia</strong></span> <span class='ocrx_word' id='word_1_929' title='bbox 3204 5312 3397 5366; x_wconf 78' lang='lat' dir='ltr'><strong>nempe</strong></span> <span class='ocrx_word' id='word_1_930' title='bbox 3461 5300 3627 5352; x_wconf 83' lang='lat' dir='ltr'><strong>virtus</strong></span> 
     </span>
    </p>
   </div>
   <div class='ocr_carea' id='block_1_117' title="bbox 2065 5376 3681 5463">
    <p class='ocr_par' dir='ltr' id='par_1_117' title="bbox 2065 5376 3681 5463">
     <span class='ocr_line' id='line_1_119' title="bbox 2065 5376 3681 5463; baseline 0.01 -34"><span class='ocrx_word' id='word_1_931' title='bbox 2065 5376 2301 5443; x_wconf 84' lang='lat' dir='ltr'><strong>optativa</strong></span> <span class='ocrx_word' id='word_1_932' title='bbox 2334 5378 2500 5434; x_wconf 88' lang='lat' dir='ltr'><strong>nimis</strong></span> <span class='ocrx_word' id='word_1_933' title='bbox 2522 5389 2671 5434; x_wconf 88' lang='lat' dir='ltr'><strong>arcta</strong></span> <span class='ocrx_word' id='word_1_934' title='bbox 2696 5392 2749 5436; x_wconf 90' lang='lat' dir='ltr'><strong>et</strong></span> <span class='ocrx_word' id='word_1_935' title='bbox 2782 5395 3011 5455; x_wconf 81' lang='lat' dir='ltr'><strong>augusta</strong></span> <span class='ocrx_word' id='word_1_936' title='bbox 3043 5397 3162 5455; x_wconf 90' lang='lat' dir='ltr'><strong>est;</strong></span> <span class='ocrx_word' id='word_1_937' title='bbox 3196 5390 3482 5459; x_wconf 71' lang='lat' dir='ltr'><strong>theologia:</strong></span> <span class='ocrx_word' id='word_1_938' title='bbox 3503 5405 3626 5444; x_wconf 83' lang='lat' dir='ltr'><strong>vero</strong></span> <span class='ocrx_word' id='word_1_939' title='bbox 3665 5418 3681 5463; x_wconf 51' lang='grc' dir='ltr'><strong>γ</strong></span> 
     </span>
    </p>
   </div>
   <div class='ocr_carea' id='block_1_118' title="bbox 2064 5466 3625 5549">
    <p class='ocr_par' dir='ltr' id='par_1_118' title="bbox 2064 5466 3625 5549">
     <span class='ocr_line' id='line_1_120' title="bbox 2064 5466 3625 5549; baseline 0.013 -30"><span class='ocrx_word' id='word_1_940' title='bbox 2064 5466 2238 5522; x_wconf 88' lang='lat' dir='ltr'><strong>libens</strong></span> <span class='ocrx_word' id='word_1_941' title='bbox 2293 5469 2526 5537; x_wconf 87' lang='lat' dir='ltr'><strong>seipsam</strong></span> <span class='ocrx_word' id='word_1_942' title='bbox 2577 5474 2761 5535; x_wconf 87' lang='lat' dir='ltr'><strong>tradit.</strong></span> <span class='ocrx_word' id='word_1_943' title='bbox 2831 5476 2957 5544; x_wconf 88' lang='lat' dir='ltr'><strong>quia</strong></span> <span class='ocrx_word' id='word_1_944' title='bbox 3026 5478 3205 5532; x_wconf 82' lang='lat' dir='ltr'><strong>divina</strong></span> <span class='ocrx_word' id='word_1_945' title='bbox 3240 5480 3625 5549; x_wconf 78' lang='lat' dir='ltr'><strong>contemplatio</strong></span> 
     </span>
    </p>
   </div>
   <div class='ocr_carea' id='block_1_119' title="bbox 2065 5556 3625 5635">
    <p class='ocr_par' dir='ltr' id='par_1_119' title="bbox 2065 5556 3625 5635">
     <span class='ocr_line' id='line_1_121' title="bbox 2065 5556 3625 5635; baseline 0.013 -27"><span class='ocrx_word' id='word_1_946' title='bbox 2065 5556 2214 5626; x_wconf 84' lang='lat' dir='ltr'><strong>larga</strong></span> <span class='ocrx_word' id='word_1_947' title='bbox 2250 5566 2305 5611; x_wconf 87' lang='lat' dir='ltr'><strong>et</strong></span> <span class='ocrx_word' id='word_1_948' title='bbox 2354 5559 2532 5615; x_wconf 87' lang='lat' dir='ltr'><strong>soluta</strong></span> <span class='ocrx_word' id='word_1_949' title='bbox 2577 5570 2680 5617; x_wconf 87' lang='lat' dir='ltr'><strong>est.</strong></span> <span class='ocrx_word' id='word_1_950' title='bbox 2721 5562 2797 5618; x_wconf 86' lang='lat' dir='ltr'><strong>Ne</strong></span> <span class='ocrx_word' id='word_1_951' title='bbox 2851 5575 3030 5619; x_wconf 89' lang='lat' dir='ltr'><strong>autem</strong></span> <span class='ocrx_word' id='word_1_952' title='bbox 3085 5566 3187 5635; x_wconf 92' lang='lat' dir='ltr'><strong>ipsi</strong></span> <span class='ocrx_word' id='word_1_953' title='bbox 3222 5570 3387 5623; x_wconf 87' lang='lat' dir='ltr'><strong>nmlta</strong></span> <span class='ocrx_word' id='word_1_954' title='bbox 3415 5570 3625 5628; x_wconf 65' lang='lat' dir='ltr'><strong>(licond‘</strong></span> 
     </span>
    </p>
   </div>
   <div class='ocr_carea' id='block_1_120' title="bbox 2064 5648 3623 5725">
    <p class='ocr_par' dir='ltr' id='par_1_120' title="bbox 2064 5648 3623 5725">
     <span class='ocr_line' id='line_1_122' title="bbox 2064 5648 3623 5725; baseline 0.011 -25"><span class='ocrx_word' id='word_1_955' title='bbox 2064 5648 2397 5704; x_wconf 84' lang='lat' dir='ltr'><strong>voluntatem</strong></span> <span class='ocrx_word' id='word_1_956' title='bbox 2453 5652 2666 5719; x_wconf 82' lang='lat' dir='ltr'><strong>demus,</strong></span> <span class='ocrx_word' id='word_1_957' title='bbox 2717 5671 2778 5709; x_wconf 89' lang='lat' dir='ltr'><strong>ac</strong></span> <span class='ocrx_word' id='word_1_958' title='bbox 2808 5672 2970 5725; x_wconf 82' lang='lat' dir='ltr'><strong>supra</strong></span> <span class='ocrx_word' id='word_1_959' title='bbox 3007 5659 3227 5711; x_wconf 85' lang='lat' dir='ltr'><strong>modum</strong></span> <span class='ocrx_word' id='word_1_960' title='bbox 3260 5665 3479 5715; x_wconf 79' lang='lat' dir='ltr'><strong>evolare</strong></span> <span class='ocrx_word' id='word_1_961' title='bbox 3510 5680 3623 5717; x_wconf 75' lang='lat' dir='ltr'><strong>eam</strong></span> 
     </span>
    </p>
   </div>
   <div class='ocr_carea' id='block_1_121' title="bbox 2062 5740 3621 5825">
    <p class='ocr_par' dir='ltr' id='par_1_121' title="bbox 2062 5740 3621 5825">
     <span class='ocr_line' id='line_1_123' title="bbox 2062 5740 3621 5825; baseline 0.013 -32"><span class='ocrx_word' id='word_1_962' title='bbox 2062 5740 2337 5808; x_wconf 76' lang='lat' dir='ltr'><strong>sinamus,</strong></span> <span class='ocrx_word' id='word_1_963' title='bbox 2369 5745 2583 5813; x_wconf 66' lang='lat' dir='ltr'><strong>ltetitize,</strong></span> <span class='ocrx_word' id='word_1_964' title='bbox 2619 5749 2858 5803; x_wconf 76' lang='lat' dir='ltr'><strong>orationi.</strong></span> <span class='ocrx_word' id='word_1_965' title='bbox 2884 5749 3199 5823; x_wconf 84' lang='lat' dir='ltr'><strong>plerumque</strong></span> <span class='ocrx_word' id='word_1_966' title='bbox 3225 5763 3274 5805; x_wconf 86' lang='lat' dir='ltr'><strong>et</strong></span> <span class='ocrx_word' id='word_1_967' title='bbox 3319 5754 3621 5825; x_wconf 73' lang='lat' dir='ltr'><strong>psalmudia</strong></span> 
     </span>
    </p>
   </div>
  </div>
