4032 6208
443 288 547 352 757

1658 293 2055 358 OPUSCULA
2083 289 2466 351 ASCETlCA.

3568 233 3701 345 ’τεέν

455 403 743 475 προσόντα,
809 402 915 466 ἕως
968 400 1087 456 ἐστι
1142 406 1234 458 καὶ
1288 406 1613 477 ὑφέστηκεν,
1671 408 2009 480 ἀναφαίρετα

2117 405 2356 471 quandiu
2400 402 2730 467 subsistunt,
2767 401 2971 455 auferri
3003 405 3302 468 nequeunt.
3356 397 3559 451 Anima
3593 397 3695 465 igi-

446 494 725 564 τυγχάνει.
772 494 840 546 Ἦ
870 493 1014 564 ψυχὴ
1043 490 1156 559 οῦν,
1194 496 1283 549 ἀεί
1308 514 1366 549 τε
1399 494 1533 551 οὖσα
1563 500 1656 568 ἀφ’
1708 494 1769 552 οῦ
1798 502 2010 569 γέγονε,

447 586 542 640 καὶ
570 585 930 655 ὑφισταμένη,
978 584 1068 639 διὰ
1116 587 1207 639 τὸν
1244 587 1418 650 οὕτως
1455 590 1625 661 αὐτὴν
1674 590 2012 662 δημιουργή-

448 693 619 728 σαντα
646 676 799 739 Θεὸν,
832 676 921 729 ἀεὶ
950 679 1081 742 νοεῖ,
1134 680 1225 731 καὶ
1255 678 1549 747 λογίζεται,
1601 682 1695 735 καὶ
1732 681 2009 750 γινώσκει,

448 769 541 821 καὶ
566 769 686 823 καθ’
710 769 928 837 ἑαυτὴν,
961 770 1054 824 καὶ
1084 770 1223 838 μετὰ
1250 771 1521 841 σώματος,
1559 773 1626 825 δι’
1656 774 1876 845 ἑαυτὴν,
1920 776 2013 829 καὶ

448 856 544 927 τὴν
573 858 772 927 ἑαυτῆς
820 857 1000 926 φύσιν.
1030 860 1216 923 Οὐδεὶς
1240 858 1334 915 οῦν
1368 863 1724 935 εὑρεθήσεται
1771 865 1947 934 λόγος,
1983 869 2012 921 δ

446 949 546 1016 τὴν
578 947 755 1019 ψυχὴν
783 948 890 1000 τῶν
914 950 1223 1021 προσόντων
1254 952 1387 1022 αὐτῇ
1424 957 1687 1023 φυσικῶς,
1719 958 1810 1009 καὶ
1836 958 1896 1009 οὐ
1925 959 2013 1013 διά

447 1039 507 1091 τὸ
546 1041 725 1109 σῶμα,
758 1042 897 1109 μετὰ
925 1043 1025 1111 τὴν
1070 1042 1261 1095 τούτου
1314 1042 1485 1110 λύσιν,
1526 1048 1881 1118 ἀλλοτριῶσαι
1919 1052 2011 1104 δυ-

450 1130 706 1198 νάμενος.
754 1150 771 1181 ι
820 1133 972 1186 Ἐπεὶ
995 1129 1087 1187 οὖν
1112 1135 1203 1188 τὸν
1226 1136 1350 1191 νοῦν
1377 1139 1470 1192 καὶ
1506 1140 1605 1211 τὴν
1626 1139 1863 1195 διάνοιαν
1896 1146 2014 1197 ἑπι-

449 1216 789 1309 γινώσκομέν
822 1235 882 1271 τε
911 1221 1005 1273 καὶ
1037 1226 1189 1309 παρὰ
1213 1223 1322 1279 τῶν
1344 1225 1514 1294 ἁγίων
1548 1232 2013 1302 μυσταγωγούμεο

412 1380 420 1395 ¹
451 1307 537 1373 θα,
573 1310 665 1362 καὶ
687 1312 827 1364 κατά
858 1311 949 1364 τὸν
976 1312 1071 1366 νῦν
1092 1307 1283 1382 αἰῶνα,
1319 1318 1414 1371 καὶ
1440 1320 1576 1373 κατά
1605 1320 1698 1373 τὸν
1730 1322 2011 1391 μέλλοντα,

450 1406 580 1475 περὶ
608 1406 741 1459 Θεὸν
774 1407 1037 1461 κινεῖσθαι
1091 1412 1184 1465 καὶ
1228 1416 1510 1483 συνεργεῖν
1569 1414 1677 1487 [ισ.
1711 1417 2010 1491 ὲνεργεῖν]·

449 1497 547 1560 τὰς
575 1497 619 1549 δ’
647 1497 811 1561 ἄλλας
838 1499 1098 1569 δυνάμεις
1144 1502 1286 1555 κατὰ
1312 1503 1403 1556 τὸν
1434 1506 1676 1576 παρόντα
1728 1508 1821 1561 καὶ
1853 1512 2013 1579 μόνον

448 1591 643 1655 αἰῶνα,
683 1590 759 1653 ὡς
791 1590 926 1655 ιδίας
972 1594 1121 1664 αὐτῷ
1181 1596 1301 1649 δέον
1344 1600 1437 1651 καὶ
1459 1599 1556 1670 τὴν
1584 1599 1779 1672 ψυχὴν,
1812 1600 1896 1656 οἷα
1926 1604 2012 1658 έν-

447 1698 634 1751 τεχνον
689 1683 1046 1754 κυϐερνήτην,
1103 1688 1283 1741 καὶτὸ
1333 1691 1499 1760 κῦρος
1523 1692 1726 1748 τούτων
1770 1700 2014 1765 φυσικῶς

2124 503 2235 555 tur,
2261 510 2381 563 quae
2403 510 2467 549 ex
2498 509 2606 563 quo
2628 504 2809 549 creata
2833 501 2940 557 est,
2961 505 3175 560 semper
3227 488 3327 543 fuit
3360 503 3422 543 ac
3449 486 3696 543 substitit

2129 601 2224 656 per
2280 585 2449 641 Deum
2484 586 2577 656 qui
2617 586 2789 655 ipsam
2843 584 3070 644 creavit,
3107 597 3321 650 semper
3376 580 3579 649 cogitat
3630 592 3695 632 ac

2122 676 2501 741 ratiocinatur,
2542 684 2597 730 et
2627 675 2923 744 rpgnoscit,
2971 682 3025 727 ct
3058 672 3358 727 secundum
3392 686 3450 725 se
3482 680 3536 723 et
3565 684 3691 723 cum

2122 784 2375 840 corpore,
2407 784 2503 837 per
2528 784 2586 822 se
2608 775 2663 822 et
2696 782 2853 822 suam
2888 775 3166 819 naturam.
3219 760 3372 815 Nulla
3408 774 3586 814 autem
3613 759 3697 813 in-

2122 862 2370 914 venietur
2405 859 2542 913 ratio
2566 873 2687 927 quae
2728 858 2965 911 animam
3015 856 3082 909 ab
3113 855 3181 909 iis
3212 867 3336 922 quae
3377 851 3474 918 ipsi
3507 850 3695 904 insunt

2127 966 2305 1021 neque
2335 966 2432 1021 per
2484 964 2707 1020 corpus,
2763 958 2884 1016 post
2950 947 3196 1017 corporis
3243 944 3694 1004 dissolutionem.

2120 1056 2375 1112 separare
2400 1050 2587 1110 queat.
2635 1058 2654 1093 ι
2708 1038 2845 1094 Cum
2883 1039 3048 1109 igitur
3082 1037 3325 1092 sciamus
3379 1045 3614 1088 mentem
3640 1043 3696 1086 et

2128 1134 2517 1203 cogitationem
2548 1133 2735 1202 (idque
2769 1147 2867 1186 nos
2894 1129 3067 1186 sancti
3095 1127 3374 1195 doceant.)
3397 1136 3447 1181 et
3479 1127 3531 1179 in
3561 1140 3696 1192 pra:-

2119 1225 2257 1281 senti
2281 1224 2482 1281 saeculo
2502 1233 2555 1278 et
2574 1225 2853 1292 inZl‘uturo.
2880 1221 2946 1276 ad
2968 1221 3132 1274 Deum
3156 1220 3360 1273 moveri
3383 1226 3435 1271 et
3456 1215 3692 1283 operari,
3730 1280 3735 1287 ,

2116 1328 2339 1373 caeteras
2386 1331 2516 1370 vero
2549 1315 2842 1384 potentias,
2867 1315 2919 1367 in
2967 1310 3213 1382 praesenti
3262 1319 3469 1363 tantum
3495 1307 3691 1361 saecula

2120 1419 2179 1463 ut
2234 1408 2361 1463 huic
2396 1407 2596 1463 saeculo
2644 1406 2925 1476 proprias;
2954 1412 3166 1475 oportet
3212 1402 3377 1471 igitur
3404 1402 3688 1459 utanima,

2120 1515 2382 1571 tanquam
2416 1501 2624 1571 peritus
2658 1500 3005 1570 gubernator,
3038 1498 3089 1551 in
3121 1508 3326 1563 easque
3372 1493 3694 1547 naturaliter

2113 1594 2424 1655 dominans,
2454 1608 2629 1664 neque
2647 1594 2701 1647 in
2723 1591 2976 1661 prmscnti
3010 1598 3218 1643 tantum
3238 1586 3535 1649 saeculo,ut
3552 1583 3657 1638 dixi
3674 1610 3692 1622 ο

2115 1701 2259 1751 mus,
2309 1700 2553 1757 operam,
2584 1694 2821 1739 mentem
2850 1681 3345 1751 cegitationemque
3376 1674 3691 1732 omnimodo

448 1770 697 1842 ἔχουσαν,
728 1774 821 1827 κα)⁵
847 1776 921 1847 μὴ
954 1778 1090 1831 κατά
1122 1778 1183 1831 τδ
1216 1781 1391 1851 παρὸν
1418 1783 1841 1858 εἰρημένηνμσ.
1880 1790 2009 1862 ᾑρη-

2106 1787 2157 1830 et
2203 1776 2460 1831 ardenter
2490 1774 2557 1829 ad
2602 1775 2769 1829 Deum
2793 1773 2989 1842 dirigat
3033 1781 3085 1826 et
3110 1779 3341 1831 moveat,
3364 1777 3419 1822 et
3457 1781 3582 1822 cum
3625 1779 3691 1819 eo

452 1862 666 1933 μένην],
701 1864 862 1934 μόνον
888 1867 1204 1938 διενεργεῖν,
1261 1872 1396 1926 ἀλλά
1423 1876 1563 1929 κατά
1592 1876 1652 1930 τὸ
1680 1879 1872 1948 μέλλον
1904 1882 2015 1950 μά-

447 1952 625 2018 λιστα,
646 1956 739 2009 τὸν
760 1956 904 2021 νοῦν,
926 1960 1020 2013 καὶ
1050 1961 1149 2031 τὴν
1174 1961 1408 2017 διάνοιαν
1429 1966 1737 2037 όλοτρόπως
1762 1971 2010 2026 σπεύδειν

446 2044 748 2101 ἀνατείνειν
782 2048 917 2117 πρὸς
941 2050 1031 2103 τὸν
1062 2051 1212 2117 Θεὸν,
1238 2055 1329 2106 καὶ
1362 2059 1549 2119 κινεῖν,
1585 2063 1676 2113 καὶ
1699 2062 2010 2131 συνάπτειν,

450 2136 507 2187 ὲν
529 2135 605 2204 τῷ
633 2136 733 2204 τῆς
763 2138 1011 2210 καθαρᾶς
1038 2145 1363 2215 προσευχῆς,
1390 2149 1488 2201 καὶ
1528 2149 1631 2219 τῆς
1652 2155 1863 2222 νοερᾶς,
1917 2158 2013 2211 καὶ

452 2230 687 2298 ὲνιαίας,
725 2230 820 2283 καὶ
865 2230 1043 2300 ἁπλῆς
1073 2232 1336 2303 ἐργασίας
1372 2233 1570 2304 καιρῷ,
1599 2237 1698 2307 τῆς
1729 2238 1785 2291 δὲ
1815 2256 2017 2308 φαντα-

444 2323 564 2383 σίας
590 2320 901 2391 coxaedlou‘
916 2323 1106 2376 τοῦτον
1132 2324 1408 2395 χωρίζειν,
1440 2325 1537 2380 καὶ
1582 2328 1693 2381 τῶν
1720 2328 1896 2385 ἀλλων
1924 2333 2014 2386 δυ-

440 2412 681 2481 νάμεωνο
716 2411 857 2465 κατὰ
905 2412 1016 2483 γὰρ
1046 2413 1138 2466 τὸν
1172 2413 1327 2482 ἀγιον
1358 2415 1570 2481 Νεῖλον,
1618 2435 1637 2468 ι
1667 2418 2014 2487 Κατάστασίς

439 2504 554 2556 ἐστι
582 2506 909 2575 προσευχῆς,
941 2506 1053 2571 ἕξις
1077 2507 1290 2573 ἀπαθής
1310 2523 1324 2537 ο
1353 2507 1516 2578 ἔρωτι
1560 2509 1867 2584 ἀκροτάτῳ,
1930 2517 2012 2574 εἰς

2107 1866 2260 1921 uniat
2287 1866 2341 1920 in
2378 1865 2591 1920 mundae
2635 1879 2700 1920 ac
2729 1862 3033 1934 spiritualis
3062 1872 3114 1915 et
3142 1860 3303 1915 unius
3332 1873 3397 1913 ac
3426 1856 3690 1926 simplicis

2104 1958 2368 2013 orationis
2398 1966 2677 2028 tempore;
2714 1964 2949 2026 oportet,
2984 1954 3227 2023 inquam,
3258 1961 3315 2005 ut
3344 1966 3439 2006 eas
3464 1965 3492 2004 a
3514 1950 3687 2018 phan-

2105 2048 2241 2103 tasia
2266 2047 2490 2104 omnino
2516 2048 2766 2117 sejungat
2794 2056 2848 2101 et
2874 2047 2941 2101 ab
2965 2045 3087 2099 aliis
3134 2042 3414 2114 potentiis.
3441 2041 3512 2096 Ut
3538 2040 3685 2094 enim

2106 2143 2239 2198 dicit
2263 2152 2487 2197 sanctus
2542 2139 2717 2205 Nilus,
2757 2158 2776 2191 ‹
2814 2138 3088 2194 Orationis
3143 2136 3436 2200 ordinatio,
3473 2133 3689 2187 habitus

2106 2235 2311 2305 absque
2330 2231 2667 2302 cupiditate:
2693 2228 3047 2284 ardentisimo
3065 2241 3251 2281 amore
3270 2227 3327 2280 in
3349 2223 3685 2294 spiritualem

2107 2304 2444 2380 altitudinem
2476 2321 2774 2391 sapientem
2829 2304 3280 2389 spiritualemque
3329 2325 3564 2370 mentem
3597 2329 3688 2368 ra-

2109 2418 2282 2490 piens.
2322 2436 2341 2469 ι
2380 2414 2472 2471 Sic
2516 2415 2659 2469 enim
2696 2428 2861 2484 agens
2911 2412 3113 2477 anima,
3145 2425 3290 2477 eam,
3319 2423 3441 2477 qua
3499 2407 3675 2478 ipsam

2108 2508 2266 2566 decet
2295 2517 2579 2575 ornatque,
2609 2505 2929 2577 dignitatem
2958 2503 3218 2560 servabit.

439 2600 571 2668 ὕψος
609 2599 800 2669 νοητὸν
839 2598 1166 2668 ἁρπάζουσι
1214 2600 1305 2654 τὸν
1335 2601 1648 2673 φιλόσοφον,
1680 2605 1779 2659 καὶ
1817 2607 2187 2675 πνευματικὸν
2213 2607 2360 2664 νοῦν.
2409 2626 2430 2662 ι
2465 2608 2625 2664 Οῦτω
2676 2611 2771 2665 καὶ
2820 2614 2929 2685 γὰρ
2974 2614 3292 2687 πράττουσα
3321 2616 3355 2685 ἡ
3406 2617 3581 2690 ψυχὴ,
3612 2621 3675 2674 τὸ

436 2691 584 2758 εἰκὸς
622 2695 787 2765 αὐτῇ,
818 2695 911 2747 καὶ
941 2695 1125 2763 τίμιον
1157 2694 1399 2767 ἀξίωμα,
1431 2696 1615 2751 ἔσεται
1639 2698 2094 2770 διαφυλάττουσα.

989 2826 1115 2877 Ἔτι
1147 2822 1281 2892 περὶ
1318 2825 1482 2888 νοός.

516 2916 578 2972 ο’.
618 2915 894 2979 Ὡσαύτως
922 2914 979 2969 δὲ
1011 2914 1092 2967 δεῖ
1114 2915 1207 2967 καὶ
1236 2914 1398 2967 αὑτὸν
1428 2914 1518 2968 τὸν
1548 2913 1690 2979 νοῦν,
1705 2914 1779 2975 ὼς
1806 2910 2008 2983 ἀμερῆ,

435 3010 531 3064 καὶ⁵
565 3009 763 3079 ἁπλῆν,
787 3010 879 3060 καὶ
910 3006 1169 3075 αὐτοτελῆ
1194 3007 1320 3060 δντα
1354 3006 1563 3070 οὐσίαν,
1595 3006 1861 3077 καθαρὰν,
1914 3006 2012 3059 καὶ

2636 2818 2821 2873 Adhuc
2852 2818 2916 2871 de
2946 2826 3137 2871 mente.

2169 2915 2260 2971 70.
2292 2913 2555 2968 Similiter
2579 2922 2764 2966 autem
2798 2918 3012 2979 oportet
3036 2919 3090 2965 et
3124 2910 3297 2979 ipsam
3330 2916 3589 2970 mentem.
3617 2916 3676 2962 ut

2099 3006 2338 3077 partium
2371 3013 2654 3074 expertem
2685 3003 2989 3073 simplicem
3021 3012 3073 3057 et
3104 3017 3201 3072 per
3245 3016 3301 3056 se
3346 3000 3671 3058 absolutam,

435 3101 719 3171 φωτοειδῆ,
767 3100 974 3155 ἐαυτὸν’
1007 3100 1192 3169 τηρεῖν
1243 3099 1338 3152 καὶ
1374 3098 1669 3167 φυλάσσειν
1718 3099 2006 3169 ἀμέτοχον,

2106 3098 2360 3154 mundam
2393 3111 2459 3153 ac
2496 3097 2705 3153 lumine
2732 3106 3008 3165 ornatam,
3064 3097 3301 3166 seipsam
3360 3108 3580 3151 servare
3610 3108 3674 3147 ac

432 3195 528 3248 καὶ
566 3193 966 3263 μεμερισμένον
1004 3190 1225 3260 ταύτης,
1289 3190 1457 3261 ἤγουν
1515 3190 1615 3260 τῆς
1662 3190 2004 3260 φαντασίας,

431 3286 508 3349 ὡς
538 3287 630 3338 καὶ
656 3283 816 3338 αὑτὸν
845 3285 936 3353 ἀφ’
971 3282 1162 3335 ἑαυτοῦ
1194 3282 1423 3352 δύναμιν
1456 3280 1693 3351 φυσικὴν
1725 3284 2006 3352 κεκτημέ-

432 3394 521 3429 νον
542 3376 619 3437 ei;
646 3374 825 3437 τοῦτο,
857 3373 950 3427 καὶ
978 3376 1055 3435 είς
1087 3373 1146 3425 τὸ
1206 3373 1448 3443 ἀσχέτως
1487 3373 1623 3443 πρὸς
1658 3374 1848 3426 ἑαυτὸν
1877 3376 2008 3427 ἀνα-

433 3467 636 3531 πολεῖν,
673 3467 767 3518 καὶ
804 3465 1226 3533 συστρέςςεσθαι,
1260 3466 1352 3517 και)⁸
1386 3467 1671 3522 κινεῖσθαι.
1708 3466 1879 3518 Τοῦτο
1901 3468 2007 3537 γάρ

433 3561 579 3611 ἐστιν
616 3561 648 3627 ἡ
672 3558 855 3619 στάσις
883 3556 974 3610 τοῦ
1000 3558 1112 3620 νοῦ,
1140 3558 1167 3610 ὃ
1193 3559 1335 3627 παρά
1372 3559 1471 3625 τῆς
1501 3558 1649 3621 θείας
1678 3558 1825 3628 αὐτῷ
1856 3560 2007 3625 ἐγγί-

432 3667 580 3702 νεται
605 3650 845 3720 χάριτος,
879 3650 1020 3701 κατά
1052 3649 1139 3702 τὶν
1167 3650 1263 3714 τῆς
1295 3649 1574 3718 Κλίμακος
1598 3650 1823 3717 λέγοντα
1843 3666 1858 3681 ο
1894 3650 2006 3719 ῃΤὸ

434 3741 630 3809 στῆσαι
658 3741 750 3793 τὸν
783 3739 930 3803 νοῦν,
963 3741 1121 3810 μόνον
1155 3740 1247 3793 τοῦ
1282 3741 1435 3807 ἁγίου
1468 3741 1783 3809 Πνεῦματός
1815 3746 1949 3795 ἐστι.
1982 3762 1998 3792 ι

433 3831 555 3883 Κᾶν
577 3831 683 3901 γὰρ
711 3834 801 3885 καὶ
829 3832 965 3885 καοὸ
987 3833 1217 3901 δύναμις
1250 3831 1324 3885 ὢν
1356 3833 1383 3884 ὁ
1414 3832 1536 3896 νοῦς
1566 3838 1667 3903 τῆς
1695 3834 2005 3905 ψυχῆς,καὶ

434 3921 525 3975 ὑπ’
550 3923 717 3992 αὐτῆς
742 3924 957 3991 κινῆται
997 3924 1089 3976 καὶ
1137 3923 1372 3995 ἀρχηταί
1394 3941 1533 3987 πως,
1559 3924 1671 3977 ἀλλ’
1707 3924 1798 3977 οῦν
1821 3942 1883 3993 γε
1911 3927 2006 3978 καὶ

431 4013 707 4083 ὀφθαλμὸς
741 4009 931 4084 ἀὐτῆς
982 4014 1097 4067 ἔστι
1153 4032 1211 4067 τε
1268 4016 1359 4069 καὶ
1386 4016 1709 4085 ὀνομάζεται
1738 4056 1751 4078 ,
1803 4017 1897 4070 καί
1937 4033 2002 4084 γε

435 4104 573 4157 [δίαν
600 4104 719 4156 τινὰ
751 4104 978 4173 δύναμιν
1006 4105 1237 4176 φυσικὴν
1264 4105 1462 4174 ἁπλῆν,
1499 4106 1591 4159 καὶ
1624 4107 1903 4177 αὐτοτελῆ,
1929 4107 2005 4169 ὡς

431 4194 679 4264 εἴπομεν,
717 4196 955 4248 πλουτεῖ.
984 4198 1083 4250 Διά
1115 4213 1194 4249 τοι
1239 4196 1416 4261 τοῦτο,
1463 4199 1556 4250 καὶ
1589 4197 1827 4267 ὁπηνίκα
1864 4198 2005 4252 κατά

432 4286 593 4353 φύσιν
634 4287 896 4357 σχετικῶς
924 4287 1062 4357 πρός
1087 4305 1146 4339 τε
1174 4291 1271 4358 τὴν
1318 4287 1516 4358 ψυχὴν,
1555 4287 1650 4341 καὶ
1697 4288 1794 4351 τὰς
1834 4290 2005 4359 αὐτῆς

429 4379 690 4447 δυνάμεις
714 4378 948 4431 διατελεῖ
974 4379 1339 4448 διακείμενος,
1398 4380 1517 4433 τότε
1543 4380 1606 4450 δὴ
1640 4382 1732 4432 καὶ
1775 4380 2003 4450 δυνάμει

2093 3192 2368 3248 custodire
2386 3205 2495 3246 non
2520 3191 2841 3262 participem
2867 3201 2921 3246 et
2944 3200 3251 3261 separatam
3278 3190 3347 3245 ab
3365 3190 3475 3251 illa,
3493 3189 3675 3259 phan-

2094 3284 2233 3338 tasia
2269 3297 2466 3352 nempe
2493 3298 2510 3342 :
2542 3283 2745 3355 quippe
2766 3298 2890 3353 quas
2918 3299 3123 3338 mensa
3157 3283 3334 3351 seipsa
3367 3283 3671 3336 naturalem

2093 3375 2370 3446 possideat
2407 3375 2703 3444 potentiam
2746 3376 2811 3429 ad
2848 3391 2907 3431 se
2935 3375 3244 3431 revertendi
3298 3385 3349 3429 et
3379 3391 3437 3431 se
3482 3375 3664 3430 alendi

2096 3464 2479 3533 movendique.
2526 3463 2598 3517 Ea
2629 3473 2713 3519 est
2742 3464 2888 3517 enim
2923 3465 3121 3518 mentis
3153 3465 3389 3533 requies,
3424 3465 3671 3533 quae.ipsi

2094 3556 2276 3610 divina
2297 3557 2465 3622 gratia
2490 3564 2802 3625 praestatur,
2832 3564 2891 3609 ut
2914 3556 3044 3611 dicit
3066 3555 3394 3611 Climacicus
3422 3573 3436 3611 :
3472 3575 3492 3609 ε
3521 3556 3673 3611 Men-

2102 3656 2207 3701 tem
2266 3648 2632 3714 requiescere,
2673 3660 2783 3699 non
2815 3656 2899 3701 est
2928 3647 3045 3700 nisi
3079 3662 3107 3700 a
3158 3646 3362 3716 Spiritu
3396 3659 3601 3702 sancto.
3644 3667 3665 3702 ι

2098 3739 2216 3794 Etsi
2252 3738 2422 3802 enim,
2448 3738 2500 3791 in
2542 3748 2804 3807 quantum
2842 3739 3039 3792 anima:
3062 3740 3300 3809 potentia
3322 3742 3667 3807 estanimus,

2096 3840 2151 3887 et
2205 3831 2274 3885 ab
2342 3830 2458 3900 ipsa
2517 3840 2798 3886 moveatur
2851 3831 3171 3898 oriaturque
3239 3833 3670 3901 quodammodo,

2098 3927 2191 3982 sed
2220 3936 2399 3981 tamen
2420 3927 2540 3996 ejus
2568 3926 2759 3981 oculus
2784 3935 2868 3982 est
2891 3942 2953 3980 ac
2974 3926 3308 3993 nominatur,
3325 3937 3379 3982 et
3398 3930 3673 3998 prapriam

2100 4025 2205 4073 vim
2242 4020 2547 4074 naturalem
2572 4032 2626 4073 et
2657 4035 2749 4086 per
2780 4035 2839 4073 se
2873 4021 3284 4084 subsistentem.
3321 4031 3379 4076 ut
3404 4022 3673 4087 diximus,

2098 4110 2350 4177 possidet.
2385 4108 2616 4178 Ideoque
2644 4114 2935 4180 etquzmdo
2961 4127 3113 4165 muns
3169 4122 3416 4166 remanet
3455 4113 3676 4166 relative

2101 4204 2167 4256 ad
2200 4203 2439 4257 animam
2479 4203 2712 4271 ejusque
2766 4204 3038 4271 potentias
3101 4203 3385 4272 disposita,
3421 4214 3550 4259 tunc
3590 4213 3675 4259 est

2099 4303 2158 4348 ut
2178 4298 2415 4363 potentia
2444 4308 2596 4350 mens
2623 4310 2639 4359 ;
2672 4304 2726 4348 et
2758 4294 3007 4347 animalia
3042 4294 3195 4348 homo
3226 4306 3591 4365 nuncupatur.
3614 4298 3673 4351 Si

2100 4394 2282 4440 autem
2300 4386 2597 4455 propriam,
2626 4387 2949 4451 naturalem,
2971 4387 3301 4455 simplicem,
3325 4386 3673 4441 essentialem

429 4469 552 4531 νοῦς
584 4472 752 4533 ἐστιν,
804 4471 939 4540 ὅπερ
995 4469 1088 4522 καὶ
1132 4469 1362 4541 ψυχικὸς
1405 4470 1689 4541 ἄνθρωπος
1720 4471 2000 4542 κέκληται.

2106 4474 2419 4544 dignitatem
2481 4475 2885 4544 recuperaverit
2942 4474 3399 4545 apleiidorettique
3439 4477 3673 4545 partium

442 4562 672 4614 Ὁπόταν
696 4563 751 4614 δὲ
791 4564 885 4631 τὴν
924 4563 1057 4615 ἰδίαν
1103 4566 1359 4635 φυσικὴν,
1386 4566 1477 4618 καὶ
1538 4566 1714 4635 ἁπλῆν
1771 4566 2001 4640 οῦσιώδη

429 4652 673 4724 ἀναλάϐῃ
702 4653 877 4719 ἀξίαν,
909 4656 1003 4708 καὶ
1037 4656 1391 4725 φαιδρότητα,
1428 4656 1525 4727 τὴν
1549 4660 1750 4729 ἀμερῆ,
1784 4662 1878 4712 καὶ
1903 4660 2004 4712 αὐ-

430 4744 642 4813 τοτελῆ,
681 4746 775 4797 καὶ
810 4747 1223 4811 αὐτοδέσποτον,
1259 4750 1424 4817 ἤγουν
1458 4749 1745 4821 ἀπαλλαγῇ
1800 4751 1910 4805 τῶν
1944 4770 2001 4806 τε

399 4842 402 4845 ⁷
433 4837 781 4901 σωματικῶν,
812 4838 904 4888 καὶ
930 4836 1175 4907 ψυχικῶν
1207 4839 1452 4905 φυσικῶν
1477 4840 1735 4911 σχέσεων,
1770 4846 1863 4895 καὶ
1917 4861 2003 4896 κι-

430 4926 664 4995 νήσεων,
698 4929 791 4979 καὶ
817 4928 924 4981 ἀπὸ
956 4929 1048 4981 τοῦ
1075 4928 1299 4998 δυνάμει
1332 4929 1453 4992 νοῦς
1477 4926 1637 4996 εἶναι,
1657 4932 1735 4993 είς
1764 4932 1823 4985 τὸ
1854 4933 2006 5002 ὲνερ-

428 5017 554 5086 γείᾳ
578 5016 701 5079 νοῦς
733 5019 985 5085 γενέσθαι
1015 5018 1239 5089 ἀξιωθῇ,
1274 5022 1391 5091 ἦτοι
1426 5023 1505 5085 εἰς
1534 5022 1625 5076 τὸν
1648 5024 1786 5095 ὑπὲρ
1818 5024 2000 5093 φύσιν,

428 5110 521 5160 καὶ
562 5114 930 5178 πνευματικὸν
983 5111 1233 5182 προκύψῃ
1283 5112 1588 5183 ἄνθρωπον,
1649 5115 1770 5168 τότε
1810 5116 1873 5183 δὴ
1917 5118 2005 5169 ἀεὶ

428 5199 566 5268 πρὸς
614 5200 1073 5265 ἑαυτδνκὰκλινῶς
1115 5204 1498 5272 ἐπανέρχεται,
1535 5205 1627 5257 καὶ
1675 5206 1745 5258 δι’
1784 5207 2000 5273 ἑαυτοῦ,

426 5291 567 5360 πρὸς
613 5292 712 5361 τὴν
744 5292 837 5344 τοῦ
871 5293 1003 5347 Θεοῦ
1032 5294 1239 5347 ἔννοιαν
1270 5295 1514 5365 ἀσχέτως
1548 5297 1825 5351 ἀναϐαίνει
1871 5300 2005 5353 πάν-

424 5396 516 5451 τη,
552 5382 645 5433 καὶ
676 5382 977 5445 ἀπολύτως,
1006 5385 1104 5453 τὴν
1130 5386 1563 5454 ἀδιαμόρφωτον,
1594 5388 1687 5439 καὶ
1739 5388 2023 5454 ἀνείδεον,ο

428 5472 521 5523 καὶ
559 5471 758 5539 ἁπλῆν,
782 5470 856 5534 ὣς
891 5488 1053 5540 φησιν
1083 5473 1111 5522 ό
1141 5473 1311 5542 μέγας
1345 5472 1622 5535 Βασίλειος
1646 5492 1657 5503 ·
1700 5492 1717 5524 ι
1751 5473 1895 5538 Νοῦς
1926 5476 1999 5546 μὴ

427 5562 855 5632 σκεδαννύμενος
876 5564 967 5617 ἐπὶ
990 5565 1056 5618 τά
1073 5565 1193 5631 ἔξω,
1216 5565 1350 5634 μηδὲ
1380 5566 1483 5617 ὑπὸ
1501 5566 1608 5618 τῶν
1632 5567 2001 5637 αἰσθητηρίων

427 5652 518 5703 ἐπὶ
540 5652 630 5705 τὸν
655 5655 856 5722 κόσμον
885 5654 1249 5724 διαχεόμενος,
1291 5656 1539 5708 ἐπάνεισι
1568 5656 1665 5724 μὲν
1708 5657 1843 5726 πρὸς
1877 5658 2002 5708 ἑαυ-

427 5741 538 5809 τὸν,
569 5742 635 5796 δι’
662 5743 856 5798 ἑαυτοῦ
888 5744 943 5797 δὲ
976 5743 1109 5815 πρὸς
1138 5744 1233 5815 τὴν
1264 5743 1357 5797 τοῦ
1383 5744 1517 5800 Θεοῦ
1546 5746 1751 5800 ἔννοιαν
1777 5745 1993 5800 ἀναϐαί-

2102 4574 2402 4635 expertem,
2426 4581 2521 4635 per
2551 4581 2610 4621 se
2656 4567 3042 4621 subsistentem
3076 4567 3672 4637 independetttemque;

2102 4659 2147 4713 si
2182 4672 2375 4726 nempe
2405 4674 2434 4712 a
2478 4659 2860 4729 corporalibus
2894 4671 2946 4714 et
2985 4659 3342 4724 animalibus,
3372 4662 3588 4715 naturis
3614 4671 3669 4713 et

2105 4748 2351 4803 motibus
2382 4750 2626 4820 seiuncta
2660 4750 2858 4815 fuerit;
2889 4749 2935 4804 si
2972 4764 3001 4803 a
3055 4749 3339 4818 potentiali
3388 4759 3569 4803 tuente
3605 4749 3671 4801 ad

2105 4851 2339 4897 mentem
2360 4852 2675 4911 operantem
2706 4841 3094 4908 aSSItrrexet‘it,
3119 4842 3163 4896 si
3190 4841 3255 4895 ad
3281 4849 3673 4911 snpernatura-

2104 4936 2211 4991 lem
2240 4936 2689 5006 spiritualemque
2734 4935 3014 4990 hominem
3045 4935 3358 5005 profecerit,
3386 4945 3511 4989 tunc
3544 4951 3675 4988 sane

2100 5041 2317 5095 semper
2363 5027 2429 5081 ad
2466 5041 2526 5081 se
2586 5043 2692 5081 non
2748 5026 2905 5081 devia
2958 5026 3119 5089 redit,
3165 5037 3215 5079 et
3258 5041 3352 5094 per
3374 5041 3431 5081 se
3456 5025 3523 5079 ad
3578 5026 3672 5079 Dei

2104 5116 2487 5187 cogitationem
2518 5118 2751 5172 ﬁrmiter
2786 5127 2839 5171 et
2873 5125 3185 5171 constanter
3239 5117 3513 5180 ascendit;
3552 5133 3673 5183 quae

2101 5208 2364 5278 cogitatio
2394 5223 2573 5278 neque
2599 5188 2847 5263 formam.
2865 5224 3039 5277 neque
3072 5210 3298 5271 ligurem
3356 5208 3538 5269 habet,
3579 5207 3671 5260 sed

2102 5300 2329 5369 simplex
2360 5309 2465 5365 est,
2498 5311 2554 5353 ut
2585 5300 2660 5354 ait
2696 5300 2919 5369 Magnus
2971 5299 3201 5355 Basilius
3233 5317 3245 5353 :
3288 5318 3307 5352 ι
3371 5300 3523 5353 Meus
3553 5315 3672 5366 qua:

2103 5408 2209 5445 non
2242 5394 2308 5446 ad
2354 5401 2578 5446 externa
2635 5391 2898 5461 dissipata
2931 5401 3035 5447 est.
3088 5406 3265 5461 neque
3297 5390 3546 5446 sensibus
3580 5405 3673 5458 per

2104 5482 2363 5535 mundum
2412 5481 2630 5545 tliﬂusa,
2689 5481 2756 5535 ad
2809 5480 3045 5550 seipsam
3095 5480 3409 5540 revertitur,
3468 5492 3560 5545 per
3613 5491 3672 5529 se

2104 5586 2321 5640 quoque
2347 5572 2413 5625 ad
2447 5571 2539 5625 Dei
2595 5571 2982 5640 eOgitatiouem
3039 5568 3317 5630 ascendit;
3354 5577 3407 5621 ct
3439 5567 3525 5619 illa
3557 5568 3674 5631 pul-

2104 5665 2412 5719 chritudiue
2441 5680 2736 5719 coruscans
2787 5676 2839 5719 ct
2884 5663 3208 5726 illuminata,
3254 5659 3427 5729 ipsius
3461 5670 3673 5716 natura:

2106 5756 2431 5816 ohliviuletn
2468 5750 2713 5822 suscipit.
2756 5775 2773 5805 ι
2811 5757 2985 5819 Atque
3036 5756 3105 5836 ita
3132 5755 3297 5819 igitur
3329 5752 3423 5809 Dei
3477 5753 3662 5815 integi-
