4032 6208
343 161 460 240 759

1174 164 1510 229 CALLISTI
1551 166 1648 227 ET
1691 164 1991 229 lGNATll
2035 165 2723 229 XANTHOI’ULORUM

3476 162 3592 223 760

351 308 475 348 Item
514 309 574 345 ac
616 290 1024 346 similitudinem
1065 302 1219 341 mens
1243 284 1421 339 itnluit
1447 292 1503 340 et
1537 291 1740 350 servat,
1792 298 1959 346 cum.

2025 305 2122 342 νει·
2147 290 2384 362 κάκείνῳ
2410 290 2489 360 τῷ
2518 289 2704 343 κάλλει
2734 289 3218 362 περιλαμπόμενός
3270 306 3331 342 τε
3361 291 3466 342 καὶ
3494 290 3592 341 ἑλ-

354 405 508 443 ιηριις
540 388 608 440 sit
641 397 796 454 super
830 400 888 437 se
940 382 1248 437 immediate
1280 380 1748 450 spiritualiterque
1789 391 1914 432 cum

357 483 538 534 divina
580 487 780 539 mente,
811 492 931 529 cum
964 473 1073 529 Deo
1095 474 1300 528 scilicet
1321 477 1588 528 κιιυιιειιιι
1613 481 1666 526 ει
1688 485 1919 524 conver-

361 583 530 627 setur.
563 571 681 639 Ipsa
711 569 875 638 igitur
904 566 1148 638 operatio
1173 574 1275 631 est,
1304 573 1358 619 et
1393 574 1571 618 motus
1599 578 1692 631 per
1714 557 1919 617 circui-

362 673 474 719 tum
510 674 589 717 est
617 661 818 715 reditus
858 658 1058 714 mentis
1099 659 1166 710 ad
1203 657 1437 724 seipsam
1471 663 1524 709 et
1554 651 1838 707 conversio
1867 657 1921 706 et

2009 382 2382 453 λαμπόμενος,
2405 384 2498 436 καὶ
2519 382 2688 452 αὐτῆς
2717 384 2813 453 τῆς
2834 383 3046 450 φύσεως
3064 381 3234 451 λήθην
3251 382 3501 452 λαμὸἁνε
3511 401 3552 436 ι.
3571 401 3591 434 ι

2012 475 2120 527 Καὶ
2153 475 2296 528 οὕτω
2328 475 2457 544 γοῦν
2491 478 2583 530 καὶ
2613 477 2674 528 τὸ
2709 475 2828 529 κατ’
2859 477 3044 528 εἰκόνα
3063 514 3078 538 ,
3116 477 3210 528 καὶ
3239 477 3362 529 καθ’
3383 476 3591 545 ὁμοίω-

2011 581 2095 618 σιν
2129 566 2293 619 αὑτοῦ
2336 569 2364 620 ό
2417 566 2540 628 νοῦς
2587 565 2974 635 ἀναλαμϐάνει,
3015 567 3107 619 καὶ
3127 564 3424 630 ἀποσώζει,
3461 565 3594 628 νοῦς

2010 657 2106 722 ὢν,
2145 660 2242 712 καὶ
2283 659 2351 712 δι’
2385 657 2581 712 ἑαυτοῦ
2637 659 2854 728 ἀμέσως
2925 658 3147 728 νοερῶς,
3205 657 3282 726 τῷ
3319 658 3452 726 θείῳ
3485 656 3591 726 νῷ,

363 751 515 812 unio,
540 758 702 819 atque
732 746 974 817 eiusdem
1003 747 1203 801 mentis
1230 761 1324 814 per
1352 733 1409 799 se
1430 759 1553 798 cum
1587 741 1695 797 Dco
1719 741 1925 795 aduna-

2025 749 2209 820 δηλαδὴ
2230 749 2304 818 τῷ
2322 749 2462 819 Θεῷ,
2482 748 2779 818 ένούμενὸς,
2793 765 2852 800 τε
2875 749 2969 801 καὶ
3001 747 3413 816 συγγινόμενος,
3437 748 3592 818 Αὕτη

363 844 474 909 ιίο;
510 857 632 912 qua:
664 841 778 895 sola
833 849 917 894 est
954 838 1160 907 absque
1199 851 1384 892 errore
1415 843 1469 889 et
1527 831 1919 895 inconstantia,

2025 840 2068 893 ié
2087 842 2235 893 ἐστιν
2264 841 2294 910 ἡ
2319 839 2571 909 ἐργασία,
2598 841 2631 909 ἡ
2662 839 2801 893 κατά
2822 838 3028 892 κύκλον
3059 839 3293 910 κίνησις,
3313 840 3588 910 δηλονότι,

359 949 480 988 cum
530 947 635 985 non
669 933 741 986 sit
807 929 1085 999 impedita,
1141 927 1450 983 imtnvdiata
1493 939 1640 988 vero,
1674 931 1728 976 et
1760 935 1921 990 supra

361 1023 750 1094 cogitationem
783 1021 932 1084 unio,
965 1031 1018 1075 et
1052 1033 1215 1087 supra
1242 1017 1418 1072 visum
1455 1015 1610 1068 visio.
1643 1032 1660 1065 ι
1701 1012 1766 1066 Ει
1794 1011 1926 1067 dicit

361 1131 592 1186 n-agnus
624 1114 912 1184 Dionysius
951 1131 964 1166 :
1001 1129 1020 1162 ι
1054 1111 1259 1165 Animae
1289 1119 1469 1162 motus
1520 1115 1601 1161 est
1640 1103 1925 1160 circularis

362 1208 609 1275 quidem,
649 1219 843 1273 nempe
878 1203 945 1258 ad
977 1201 1214 1270 seipsam
1247 1199 1314 1252 ab
1346 1197 1588 1252 externis
1625 1193 1922 1258 introitus;

362 1310 415 1354 et
441 1298 801 1368 spiritualium
836 1297 955 1365 ejus
985 1295 1348 1364 potentiarum
1381 1290 1608 1360 simplex
1643 1287 1926 1355 involutio,

370 1400 628 1459 tanquam
663 1389 715 1442 itt
747 1389 980 1458 quodam
1007 1385 1234 1450 circulo,
1263 1398 1384 1450 qua:
1438 1381 1540 1450 ipsi
1581 1395 1687 1434 non
1741 1392 1927 1435 errare

368 1490 612 1552 prmstat,
641 1493 871 1549 eamque
909 1492 940 1532 a
966 1476 1237 1546 plerisque
1270 1473 1514 1529 externis
1553 1471 1722 1527 rebus
1777 1470 1846 1523 ad
1871 1483 1928 1524 se

367 1573 634 1628 convertit
669 1585 733 1625 ac
765 1569 1009 1638 colligit;
1062 1567 1258 1622 deinde
1315 1580 1432 1619 eam
1470 1573 1726 1633 tanquam
1767 1561 1929 1616 unius

2013 937 2048 1006 ἡ
2077 934 2214 1003 πρὸς
2235 933 2396 987 αὐτὸν
2417 933 2505 986 τὸν
2526 931 2651 986 νοῦν
2686 931 2880 985 ἑαυτοῦ
2913 933 3188 997 ἐπάνοδος,
3225 933 3320 985 καὶ
3352 934 3592 1004 στροφὴ,

2013 1027 2109 1080 καὶ
2134 1026 2346 1088 ἓνωσις,
2376 1024 2471 1078 καὶ
2489 1026 2524 1095 ἡ
2546 1024 2613 1077 δι’
2643 1024 2859 1089 ἑαυτοῦ,
2886 1024 3022 1095 πρὸς
3053 1025 3144 1077 τὸν
3162 1025 3316 1088 Θεὸν,
3340 1026 3464 1095 ητις
3493 1028 3594 1080 καὶ

2017 1117 2154 1188 μόνη
2186 1116 2266 1188 τῷ
2290 1116 2403 1170 ὄντι
2447 1116 2692 1183 πέφυκεν
2721 1113 2985 1185 ἀπλανὴς,
3017 1116 3113 1167 καὶ
3148 1116 3468 1181 ἄπταιστος,
3511 1117 3596 1181 ὡς

2013 1208 2241 1280 ἄσχετος
2273 1206 2428 1271 οὖσα,
2461 1207 2554 1260 καὶ
2582 1207 2804 1276 ᾶμεσος,
2837 1207 2930 1258 καὶ
2959 1206 3100 1276 ὑπὲρ
3151 1208 3334 1276 νόησιν
3365 1208 3593 1275 ἒνωσις,

2014 1300 2112 1356 καὶ
2160 1301 2299 1370 ὑπὲρ
2346 1299 2536 1371 ὅρασιν
2567 1299 2778 1370 ὅρασις.
2827 1299 2934 1352 Καὶ
2959 1297 3106 1365 λέγει
3137 1300 3165 1351 ό
3187 1299 3359 1367 μέγας
3395 1300 3594 1353 Διονύ-

2019 1407 2133 1454 σιος
2151 1405 2166 1422 ’
2205 1408 2223 1441 ι
2246 1389 2439 1459 Ψυχῆς
2468 1388 2683 1459 κίνησίς
2711 1391 2848 1454 ἐστι,
2876 1389 3107 1460 κυκλικη
3144 1390 3263 1459 μὲν,
3292 1393 3326 1461 ή
3350 1394 3429 1455 είς
3460 1393 3598 1446 ἑαυ-

2013 1479 2114 1547 τὴν
2166 1478 2367 1541 είσοδος
2419 1477 2526 1529 ἀπὸ
2575 1476 2685 1530 τῶν
2735 1475 2860 1542 ἔξω,
2895 1478 2988 1531 καὶ
3025 1478 3133 1530 τῶν
3179 1479 3382 1548 νοερῶν
3414 1481 3597 1549 αὐτῆς

2015 1568 2297 1639 δυνάμεων
2326 1569 2361 1638 ἡ
2387 1567 2620 1638 ένοειδὴς
2646 1566 2931 1631 συνέλιξις,
2951 1567 3136 1640 ὥσπερ
3164 1567 3222 1620 ἐν
3247 1585 3352 1622 τινι
3375 1570 3594 1641 κύκλῳ,

367 1665 563 1734 speciei
589 1662 834 1719 eﬂectam
870 1661 1127 1732 potentiis
1177 1658 1402 1713 ﬁrmiter
1429 1655 1682 1712 adunatis
1727 1653 1933 1708 adunat

2025 1659 2076 1712 ιδ
2095 1659 2329 1722 ἀπλανὲς
2353 1659 2491 1730 αὐτῇ
2516 1658 2857 1729 δωρουμένη,
2870 1658 2963 1711 καὶ
2987 1660 3094 1712 ἀπὸ
3116 1658 3224 1712 τῶν
3243 1661 3458 1714 πολλῶν
3478 1662 3598 1716 τῶν

368 1767 422 1810 ει
459 1757 534 1810 ita
561 1755 628 1811 ad
685 1754 969 1826 pulchrum
1009 1753 1318 1820 bonumque
1351 1763 1514 1803 manu
1561 1745 1731 1810 ducit,
1784 1743 1930 1814 quod

368 1860 450 1904 est
477 1863 642 1918 super
673 1847 854 1902 omnia
889 1854 944 1900 et
968 1858 1137 1898 unum
1175 1851 1230 1896 et
1261 1840 1398 1894 idem
1432 1850 1484 1894 et
1542 1837 1846 1908 ingenitum
1880 1843 1934 1888 et

369 1938 676 1994 immortale
711 1953 774 1993 ac
822 1945 1112 1991 aeternam.
1137 1933 1242 1988 Per
1272 1930 1560 1985 circuitum
1601 1936 1778 1981 autem
1811 1923 1932 1978 ani-

371 2048 458 2087 ma
489 2039 766 2094 movetur,
802 2044 857 2083 tn
883 2035 1148 2098 quantum
1165 2023 1382 2095 proprie
1410 2037 1470 2077 se
1493 2020 1678 2075 divina
1706 2015 1934 2074 scientia

373 2126 652 2190 illustrat;
686 2137 795 2178 non
823 2120 1135 2176 mentaliter
1188 2127 1242 2171 et
1271 2115 1494 2178 unitive,
1529 2112 1624 2167 sed
1681 2111 1855 2181 logiee
1883 2117 1937 2162 et

372 2216 654 2287 pc-rindice
689 2222 747 2268 et
785 2222 1046 2280 tanquam
1101 2205 1403 2262 commistis
1433 2211 1488 2258 et
1526 2199 1825 2256 transitivis
1855 2197 1937 2251 fa-

373 2307 690 2362 cnllatibul.
717 2303 881 2358 Recta
922 2310 1101 2356 autem
1135 2297 1218 2352 via
1246 2305 1350 2360 est,
1375 2292 1595 2364 quando
1619 2307 1724 2344 non
1744 2294 1807 2344 ad
1831 2288 1936 2344 sei-

374 2413 528 2469 psam
579 2393 908 2465 ingreditur,
940 2399 995 2446 et
1046 2404 1157 2444 uno
1197 2386 1471 2444 intellectu
1540 2392 1826 2447 moretur;
1860 2379 1940 2450 (id

377 2491 523 2545 enim
560 2487 832 2558 posterius
860 2493 963 2550 est,
993 2492 1052 2538 ut
1081 2483 1214 2548 dixi,
1254 2488 1437 2535 motus
1461 2493 1556 2548 per
1603 2473 1939 2544 circuitum),

379 2583 476 2637 sed
516 2581 583 2637 ad
614 2596 676 2636 ea
718 2595 839 2649 qua:
871 2587 1000 2635 sunt
1055 2576 1260 2632 circum
1309 2588 1367 2629 se
1396 2571 1718 2643 procedens.
1754 2569 1822 2623 ab
1849 2583 1942 2623 ex-

379 2674 572 2741 ternis,
607 2682 862 2742 tauquam
890 2685 919 2724 a
947 2668 1116 2724 variis
1143 2665 1402 2734 symbolis
1432 2674 1487 2719 et
1532 2659 1943 2717 abundantibus

380 2767 447 2823 ad
480 2765 780 2836 simplicem
811 2772 863 2819 et
887 2776 1050 2816 unam
1072 2757 1584 2827 eontetnpiationem
1610 2751 1940 2807 inducitur.»

379 2861 447 2915 Et
471 2868 689 2912 sanctus
713 2855 982 2911 Maximus
1009 2871 1023 2908 :
1056 2873 1074 2907 ι
1105 2851 1484 2908 lmmediatam
1507 2862 1630 2901 cum
1652 2845 1761 2898 Deo
1790 2845 1947 2899 unio-

2017 1751 2214 1815 ἐξωθεν
2239 1749 2410 1816 αὑτήν
2430 1767 2444 1780 ο
2498 1750 2926 1818 ἐπιστρέφουσα,
2958 1749 3056 1802 καὶ
3082 1750 3388 1817 συνάγουσα
3437 1752 3601 1822 πρῶ-

2017 1861 2110 1899 τον
2139 1844 2218 1908 είς
2247 1843 2464 1914 ἑαυτὴν,
2521 1836 2641 1896 εἶτα
2672 1843 2748 1906 ῶς
2791 1843 2964 1913 ένοιδῆ
3001 1844 3333 1915 γενομένην.
3391 1846 3598 1899 ἐνοῦσα

2023 1958 2143 2019 ταῖς
2185 1953 2400 2014 ένιαίως
2428 1949 2738 2021 ἡνωμέναις
2769 1944 3054 2014 δυνάμεσι,
3091 1943 3184 1996 καὶ
3213 1940 3386 2002 οὕτως
3410 1940 3506 1992 ἐπὶ
3542 1938 3609 1992 τὸ

2021 2047 2208 2110 καλὸν,
2261 2043 2357 2096 καὶ
2390 2041 2592 2109 ἀγαθὸν
2627 2034 3064 2110 χειραγωγοῦσα,
3125 2033 3186 2085 τὸ
3238 2032 3380 2101 ὑπὲρ
3417 2032 3608 2084 πάντα

2021 2141 2088 2192 τὰ
2108 2139 2256 2201 ὄντα,
2286 2135 2382 2188 καὶ
2409 2134 2466 2187 ἒν
2487 2133 2582 2187 καὶ
2610 2130 2832 2193 ταυτὸν,
2851 2128 2945 2181 καὶ
2969 2129 3226 2197 ἄναρχον,
3255 2127 3349 2176 καὶ
3376 2122 3608 2176 ἀτελεύ.

2020 2247 2199 2300 τητον.
2239 2224 2576 2287 Ἐλικοειδῶς
2626 2223 2684 2277 δὲ
2714 2221 2862 2292 ψυχὴ
2913 2222 3165 2280 κινεῖται,
3211 2217 3333 2270 καθ’
3364 2217 3490 2268 ὅσον
3522 2217 3610 2268 0i.-

2023 2322 2184 2384 κείως
2215 2321 2378 2390 ἑαυτῇ
2418 2316 2518 2380 τὰς
2561 2315 2717 2378 θείας
2743 2313 3075 2382 έλλάμπεται
3104 2307 3333 2378 γνώσεις
3354 2325 3368 2337 ·
3398 2309 3460 2361 ού
3483 2325 3606 2360 νοε-

2027 2413 2156 2483 ρῶς,
2189 2413 2281 2466 καὶ
2307 2409 2542 2474 ένιαίως,
2567 2406 2702 2462 ἀλλά
2731 2405 2987 2474 λογικῶς,
3027 2404 3121 2456 καὶ
3149 2401 3482 2467 διεξοδικῶς.
3506 2401 3608 2453 καὶ

2023 2501 2132 2558 οἷον
2163 2502 2517 2573 συμμίκτοις,
2546 2501 2641 2553 καὶ
2669 2496 3066 2569 μεταδατικαίς
3117 2492 3438 2563 ἐνεργείαις.
3490 2493 3608 2562 Τὴν

2025 2597 2144 2648 κατ’
2174 2594 2400 2647 εὐθεῖαν
2431 2592 2512 2658 δὲ,
2539 2592 2668 2645 ὅταν
2697 2590 2798 2642 ούκ
2835 2589 2915 2652 είς
2961 2586 3168 2656 ἑαυτὴν
3213 2583 3480 2650 εἰσιοῦσα,
3507 2583 3608 2636 καὶ

2027 2689 2178 2758 ἑνικῇ
2201 2687 2480 2758 νοερότητι
2505 2683 2799 2752 κινουμένη
2823 2697 2837 2713 ⁸
2869 2679 3028 2734 τοῦτο
3041 2679 3172 2748 γὰρ,
3197 2677 3273 2739 ὡς
3303 2676 3460 2746 ἔφην,
3486 2675 3607 2728 ἐστι

2026 2782 2084 2832 τὸ
2115 2780 2254 2833 κατά
2282 2778 2502 2832 κύκλον.
2541 2774 2703 2829 Ἀλλὰ
2733 2773 2870 2844 πρὸς
2904 2772 2975 2825 τὰ
3021 2774 3150 2841 περὶ
3175 2770 3346 2841 αὐτὴν
3376 2767 3604 2839 προῖοῦο

2031 2890 2099 2925 σα
2131 2914 2145 2938 ,
2171 2872 2269 2925 καλ⁵
2299 2869 2405 2922 ἀπὸ
2433 2869 2540 2922 τῶν
2576 2866 2798 2934 ἔξωθεν,
2838 2863 3026 2934 ῶσπερ
3065 2862 3173 2918 ἀπό
3218 2879 3378 2914 τινων
3403 2860 3608 2930 συμϐό-

381 2968 507 3007 ncm
542 2965 696 3004 mens
723 2947 1039 3018 accipiens;
1071 2944 1307 3014 cogitare
1359 2951 1414 2995 et
1443 2939 1668 3008 cogitari
1722 2937 1952 2990 omnino

2034 2981 2133 3015 λων
2185 2958 2622 3030 πεποικιλμένων
2671 2957 2770 3009 καὶ
2835 2952 3314 3022 πεπληθυσμένων
3366 2950 3459 3003 ἐπὶ
3507 2949 3610 3011 τὰς

382 3058 554 3099 vacua
591 3052 645 3097 et
670 3041 839 3096 libera
877 3046 1077 3110 potest.
1109 3034 1337 3101 Quando
1371 3033 1537 3103 igitur
1571 3046 1686 3085 eam
1721 3029 1944 3084 facultao

382 3145 493 3191 tetu
527 3133 706 3198 solvit,
735 3130 940 3199 aliquid
968 3143 1157 3184 eorum
1187 3141 1308 3196 ιιαεε
1340 3133 1463 3195 post
1486 3123 1656 3178 Deum
1682 3128 1831 3183 sunt,
1855 3134 1951 3173 c0-

385 3231 588 3299 g'uans,
638 3224 883 3294 arguitur
927 3220 1182 3276 unionem
1230 3233 1350 3287 quae
1371 3231 1533 3285 supra
1559 3213 1948 3284 cogitationem

388 3329 493 3380 est,
515 3330 787 3384 rumpere,
815 3327 911 3382 per
933 3326 1095 3381 quam
1126 3308 1382 3380 quamdiu
1407 3322 1529 3362 cum
1561 3305 1672 3360 Deo
1699 3312 1803 3365 est.
1835 3311 1955 3356 tan-

389 3426 554 3479 quam
587 3404 1020 3477 supernatttraiis
1072 3410 1126 3458 et
1157 3403 1274 3471 ipsa
1341 3398 1757 3469 participatione
1811 3396 1953 3451 Deus

392 3501 604 3566 effecta,
635 3509 689 3554 ct
725 3514 837 3553 sua:
890 3506 1097 3552 natura
1128 3495 1322 3564 legem,
1360 3505 1618 3563 tanquam
1670 3491 1953 3544 immotum

392 3597 581 3659 ﬁnem.
622 3591 953 3662 transponit.
1006 3588 1102 3644 »Ει
1129 3603 1348 3644 rursum
1384 3605 1399 3642 :
1429 3603 1449 3639 ι
1490 3585 1639 3640 Mens
1674 3597 1829 3653 pura,
1860 3594 1958 3651 per

392 3704 548 3742 suam
579 3702 701 3741 cmn
764 3681 1034 3753 principio
1089 3679 1342 3735 unionem
1376 3678 1616 3732 habitum
1670 3675 1764 3745 qui
1793 3686 1960 3743 supra

2035 3053 2210 3113 ἁπλᾶς
2245 3051 2338 3104 καὶ
2391 3047 2678 3120 ἡνωμένας
2743 3046 3013 3115 ἀνάγηται
3078 3042 3330 3110 Θεωρίας.
3373 3059 3392 3093 ι
3436 3041 3546 3092 Kz‘t
3582 3041 3617 3092 ὸ

2030 3146 2183 3212 ἆγιος
2209 3142 2476 3213 Μάξιμος·
2505 3159 2525 3193 ι
2559 3142 2602 3193 Τ
2605 3141 2670 3212 ὴν
2696 3140 2901 3209 ἀμεσον
2921 3136 3103 3191 λαϐὼν
3123 3136 3317 3188 ἕνωσιν
3349 3133 3484 3205 πρὸς
3517 3133 3614 3185 τὶν

2029 3236 2161 3290 Θεὸν
2184 3238 2210 3288 ὁ
2243 3234 2391 3297 νοῦς,
2432 3233 2530 3304 τὴν
2564 3231 2659 3285 τοῦ
2690 3233 2830 3283 νοεῖν
2854 3268 2869 3292 ,
2911 3228 3006 3282 καὶ
3051 3227 3290 3282 νοεῖσθαι
3337 3224 3479 3278 κατά
3509 3223 3616 3293 φύ-

2033 3347 2118 3382 σιν
2178 3327 2458 3389 παντελῶς
2514 3324 2749 3394 δύναμιν
2780 3323 2893 3392 ἔχει
2935 3320 3335 3390 σχολάζουσανο
3371 3317 3614 3385 ὁπηνίκα

2031 3421 2162 3489 γοῦν
2175 3419 2377 3486 ταύτην
2404 3417 2562 3488 λύσῃ,
2590 3416 2786 3485 νοήσας
2811 3430 2863 3467 τι
2887 3413 2994 3466 τῶν
3013 3412 3152 3482 μετά
3165 3409 3318 3472 Θεὸν,
3341 3407 3620 3476 διεκρίθη⁹

2030 3512 2213 3581 τεμὼν
2237 3509 2335 3582 τὴν
2365 3510 2504 3578 ὑπὲρ
2531 3509 2714 3578 νόησιν
2747 3507 2960 3571 ἕνωσιν,
2989 3504 3109 3557 καθ’
3140 3503 3207 3574 ἢν
3225 3499 3342 3565 ’ἓως
3389 3501 3506 3552 ἐστὶ
3535 3499 3618 3570 τῷ

2034 3605 2152 3675 Θεῷ
2185 3603 2546 3675 συνημμένος,
2565 3600 2640 3664 ὡς
2665 3600 2804 3670 ὑπὲρ
2830 3599 3012 3668 φύσιν,
3031 3597 3125 3652 καὶ
3145 3599 3211 3667 τῇ
3246 3593 3459 3665 μεθέξει
3482 3593 3619 3656 Θεθς

2035 3695 2422 3767 γεγενημένος,
2462 3693 2715 3762 καθάπερ
2776 3691 2900 3762 ὅρος
2957 3689 3237 3758 ἀκίνητον,
3275 3683 3475 3739 ἑαυτοῦ
3521 3684 3618 3737 τὸν

396 3778 782 3848 cngitationem
811 3782 917 3838 est,
952 3771 1152 3836 induit,
1203 3770 1502 3825 secundum
1556 3781 1719 3837 quem
1777 3764 1959 3820 varios

2149 3764 2362 3857 φύσεως
2382 3782 2896 3856 μετατίθησινόμον.
2929 3799 2947 3834 ι
2971 3781 3080 3834 Καὶ
3102 3776 3280 3841 αὖθις·
3305 3797 3324 3830 ι
3344 3775 3487 3838 Νοῦς
3518 3792 3622 3828 κα·-

396 3881 580 3926 motus
623 3877 678 3922 et
736 3866 959 3921 habitus
980 3865 1045 3919 ad
1102 3876 1165 3917 ea
1196 3876 1318 3930 qua:
1350 3869 1502 3918 extra
1560 3859 1731 3928 ipsius
1760 3856 1959 3928 princi—

2038 3856 2236 3951 θαρος,
2288 3879 2355 3949 τῇ
2391 3875 2518 3947 περὶ
2561 3875 2660 3948 τὴν
2713 3875 2894 3928 αἰτίαν
2936 3873 3130 3926 ένῶσει
3186 3870 3372 3940 σχέσιν
3422 3867 3620 3921 ἔλασεν

397 3966 545 4035 pium
575 3971 729 4025 sunt,
758 3958 999 4028 deponit,
1030 3965 1084 4012 et
1143 3955 1245 4011 soli
1277 3953 1543 4026 principio
1582 3950 1840 4017 adhaeret,
1865 3963 1959 4022 per

2038 3950 2178 4044 ὑπὲρ
2214 3973 2421 4042 νόησιν,
2466 3969 2587 4024 καθ’
2635 3969 2705 4040 ἢν
2741 3964 3075 4028 ἀποπαύσας
3099 3963 3196 4036 τὴν
3234 3960 3620 4016 πολυποίκιλον

397 4055 722 4112 incﬂ‘abilem
753 4051 995 4123 requiem
1036 4049 1198 4119 huius
1225 4047 1368 4119 quod
1395 4059 1561 4116 supra
1584 4041 1959 4114 cogitationem

2203 4062 2271 4117 τὰ
2300 4041 2303 4042 ν
2320 4061 2458 4133 μετᾶ
2506 4063 2605 4130 τὴν
2634 4059 2812 4113 αίτίαν
2841 4055 3008 4111 αὑτοῦ
3051 4055 3284 4127 φυσικὴν
3314 4051 3530 4124 κίνησίν
3557 4067 3621 4104 τε

396 4159 504 4212 esl,
572 4145 769 4202 silentii
819 4141 1051 4208 eﬂ‘ecta;
1106 4140 1253 4212 quod
1318 4137 1609 4194 ostendere
1635 4149 1816 4192 sermo
1856 4149 1959 4190 non

2039 4159 2135 4214 καὶ
2164 4158 2369 4228 σχέσιν,
2435 4153 2602 4225 μόνης
2650 4151 2944 4221 ἀγνῶστως
3011 4148 3323 4219 ἀντέχεται,
3349 4145 3491 4199 κατά
3519 4145 3622 4215 τὴν

396 4248 575 4312 potest
634 4251 810 4309 neque
877 4234 1153 4307 cogitatio,
1221 4231 1314 4289 sed
1367 4230 1483 4284 sola
1516 4242 1613 4297 per
1668 4230 1959 4298 participa-

2025 4251 2345 4322 ιἄφθεγκτον
2369 4246 2521 4317 λῆξιν
2549 4243 2934 4314 γεγενημένος,
2959 4241 3058 4311 τῆς
3094 4240 3234 4310 ὑπὲρ
3257 4238 3442 4306 νόησιν
3471 4252 3625 4308 παμ-

397 4335 602 4389 tionem
649 4329 1012 4402 experientia,
1065 4341 1254 4383 eorum
1301 4323 1395 4394 qui
1432 4324 1536 4378 liae
1560 4335 1729 4392 supra
1760 4319 1959 4389 cogita-

2025 4301 2387 4415 ’μακαρίστου
2416 4301 2594 4407 ἆγῆέ,
2626 4301 2693 4407 ην
2724 4301 2964 4405 δηλῶσαι
2997 4301 3270 4391 πεντελῶς
3298 4301 3358 4382 ού
3388 4301 3620 4380 δύναται

397 4429 603 4481 tionem
640 4423 904 4479 fruitioue
934 4420 1082 4492 digni
1114 4417 1286 4473 habiti
1345 4425 1494 4481 sunt,
1528 4415 1686 4484 cujus
1749 4411 1959 4483 signum

2040 4411 2218 4507 λόγος,
2262 4436 2300 4507 ἢ
2330 4436 2536 4506 νόησις,
2565 4431 2704 4486 ἀλλά
2736 4431 2872 4502 μόνη
2901 4429 3042 4482 κατά
3097 4424 3314 4496 μέθεξιν
3343 4425 3377 4494 ἡ
3432 4423 3621 4489 πείρα,

397 4519 520 4572 visu
555 4515 712 4570 facile
756 4524 810 4570 et
837 4512 1095 4568 omnibus
1124 4508 1499 4573 manifestum,
1534 4516 1620 4562 est
1650 4501 1959 4560 omminoda

2044 4501 2150 4584 τῶν
2183 4501 2522 4593 ἀξιωθέντων
2573 4524 2674 4594 τῆς
2723 4501 2863 4593 ύπὲρ
2911 4520 3102 4590 νόησιν
3147 4514 3525 4580 ἀπολαύσεως,
3553 4507 3624 4584 ἧς

398 4623 498 4676 per
533 4604 942 4674 dispositionem
969 4601 1038 4656 ad
1065 4601 1169 4655 boc
1211 4615 1453 4670 prasens
1479 4597 1734 4652 saculum
1771 4595 1959 4649 anima.I

2046 4620 2272 4690 σημεῖόν
2298 4620 2446 4671 ἐστιν
2469 4614 2774 4686 εὔγνωστόν
2803 4631 2862 4666 τε
2914 4612 3011 4665 καὶ
3051 4613 3185 4664 πᾶσι
3224 4605 3547 4676 κατάδηλον,
3587 4605 3622 4674 η

402 4697 797 4753 insensibilitas
852 4704 907 4751 et
957 4694 1192 4763 requies.
1225 4710 1244 4743 ι
1277 4691 1357 4745 Ad
1407 4691 1458 4744 id
1506 4689 1671 4758 igitur
1723 4702 1875 4742 mens
1898 4700 1959 4740 ex

2046 4689 2187 4766 κατά
2207 4710 2446 4764 διάθεσιν
2477 4708 2613 4778 πρὸς
2635 4707 2727 4760 τὸν
2757 4705 2930 4759 αἰῶνα
2952 4703 3140 4756 τοῦτον
3171 4697 3442 4768 παντελὴς
3470 4698 3626 4750 ἀναιμ-

402 4794 582 4843 anima
614 4787 836 4841 minime
866 4799 1192 4854 cooperans,
1223 4798 1400 4850 neque
1428 4781 1659 4849 seipsam
1691 4779 1758 4834 ad
1797 4776 1959 4830 Deum

2049 4803 2245 4874 σθησία
2274 4803 2372 4872 τῆς
2401 4776 2579 4871 ψυχῆς
2631 4800 2724 4853 καὶ
2760 4799 3058 4858 διάστασις.
3097 4813 3114 4846 ι
3165 4793 3307 4864 Πρὸς
3331 4790 3487 4845 τοῦτο
3513 4787 3626 4842 τοί-

406 4896 630 4933 movens
659 4891 836 4946 neque
859 4891 1019 4930 suum
1049 4878 1117 4928 ad
1146 4888 1205 4928 se
1238 4871 1469 4925 reditum
1500 4867 1758 4933 eﬂicicns,
1791 4879 1959 4933 neque

2050 4867 2150 4951 νυν.
2176 4894 2252 4965 μὴ
2284 4867 2718 4963 συνεργούμενος
2748 4891 2777 4943 ό
2804 4888 2928 4951 νοῦς
2959 4887 3108 4955 παρά
3152 4885 3249 4954 τῆς
3277 4882 3479 4952 ψυχῆς,
3505 4881 3625 4948 ἤτοι

400 4972 465 5025 ad
499 4971 587 5024 Dei
619 4968 1002 5038 cogitationem
1038 4964 1359 5027 ascendens,
1389 4963 1502 5015 imo
1524 4975 1652 5013 vero
1676 4959 1725 5012 id
1751 4973 1815 5013 ex
1841 4972 1959 5012 neu-

2049 4988 2110 5042 τὸ
2132 4959 2266 5058 πρὸς
2287 4959 2431 5039 Θεὸν*
2450 4959 2536 5037 ἀεὶ
2561 4959 2858 5044 κινεῖσθαι,
2909 4981 3046 5048 μήτε
3080 4975 3172 5044 ἀφ’
3208 4973 3403 5028 ἑαυτοῦ
3430 4987 3629 5041 κατορ-

400 5074 481 5116 tru
514 5069 664 5128 parte
697 5058 1022 5126 adimplcns,
1060 5057 1152 5111 sed
1188 5070 1311 5109 cum
1335 5052 1617 5122 phantasia
1655 5066 1712 5105 se
1735 5049 1966 5118 conjun-

579 5069 664 5162 ,τίθ
697 5062 1022 5162 θδί¹ξ¹¹’¹⁰“ξν
1060 5062 1152 5162 se?
1335 5062 1617 5162 qui"???
1655 5066 1712 5105 se
1735 5064 1966 5162 eorum:
2051 5080 2181 5145 θῶν,
2218 5079 2312 5132 καὶ
2332 5074 2623 5146 διενεργῶν
2639 5074 2701 5127 τὸ
2729 5071 3155 5140 οίκείον,ἥγουν,
3181 5069 3243 5120 τὸ
3269 5066 3404 5136 προς
3435 5062 3628 5117 ἑαυτὸν

401 5171 556 5223 gens.
573 5152 684 5222 jam
709 5149 856 5204 vario
874 5148 1032 5204 modo
1053 5163 1111 5203 se
1134 5147 1320 5210 habet,
1341 5154 1393 5199 et
1415 5142 1574 5212 λι)εο
1597 5142 1755 5212 longe
1778 5141 1964 5196 distat.

2049 5169 2468 5242 ἐπανέρχεσθαι,
2495 5167 2589 5220 καὶ
2623 5164 2796 5227 οὕτως
2829 5163 3072 5234 ἀσχέτως
3101 5161 3180 5222 είς
3208 5157 3308 5228 τὴν
3337 5155 3463 5225 περὶ
3492 5150 3629 5205 Θεοῦ

2053 5267 2260 5320 ἔννοιαν
2309 5259 2619 5316 ἀναϐαίνει-ι
2658 5300 2672 5323 ,
2710 5257 2909 5328 μᾶλλον
2947 5253 3004 5307 δὲ
3058 5251 3133 5322 μὴ
3175 5248 3304 5319 παρ’
3355 5245 3631 5314 ἑκατέρων

2053 5357 2211 5412 τοῦτο
2263 5351 2664 5425 καρπούμενος,
2719 5348 2855 5402 ἀλλὰ
2900 5349 2964 5416 τῇ
3004 5342 3277 5413 φαντασίᾳ
3325 5338 3628 5408 ὲνούμενος,

2056 5452 2158 5521 ήδη
2196 5446 2384 5501 λοιπὸν
2421 5442 2516 5497 καὶ
2551 5439 2907 5504 ποικίλλεται,
2933 5437 3026 5490 καὶ
3058 5433 3277 5506 μακρὰν
3307 5431 3501 5500 ἀπέχει
3535 5426 3633 5482 τοῦ

2058 5541 2217 5594 Θεοῦ.

2761 5737 2806 5746 μ
