4032 6208
365 270 461 343 761

663 564 788 615 "Et:
820 557 952 626 περὶ
981 555 1238 624 καθαρᾶς
1267 553 1634 621 προσευχῆς.

441 654 540 710 οα⁹.
585 655 690 706 Καὶ
736 654 883 720 λέγει
915 656 941 705 6
969 653 1121 720 ἅγιος
1155 652 1345 716 Νεῖλος
1367 668 1382 682 ⁸
1437 670 1456 705 ι
1492 653 1785 722 Ἀγωνίζου
1817 656 1947 727 στῆ-

372 765 459 800 σαι
508 746 600 799 τὸν
639 743 764 797 νοῦν
800 761 891 796 σου
924 743 1068 796 κατὰ
1105 742 1196 795 τὸν
1247 743 1436 814 καιρὸν
1465 745 1565 814 τῆς
1611 745 1941 815 προσευχῆς,

371 839 553 906 κωφὸν
585 838 676 890 καὶ
715 836 929 896 ἄλαλον,
965 836 1060 889 καὶ
1083 834 1225 897 οὕτω
1268 836 1472 907 δυνήσῃ
1511 836 1941 908 προσεύξασθαν

369 933 450 983 ἔτι
478 929 590 999 ἐγὼ
632 931 692 982 τὸ
725 929 857 999 ἐμὸν
881 929 1037 995 λέξω,
1071 929 1099 982 ὃ
1129 930 1224 982 καὶ
1257 931 1541 999 νεωτέροις
1567 932 1796 1001 εἴρηκα·
1836 949 1943 999 μα-

371 1024 563 1094 κάριός
595 1025 743 1075 ἐστιν
775 1025 802 1075 6
835 1021 980 1085 νοῦς,
1000 1021 1057 1084 ὃς
1090 1021 1230 1075 κατά
1258 1021 1348 1074 τὸν
1375 1023 1564 1093 καιρὸν
1593 1023 1687 1092 τῆς
1713 1040 1944 1094 προσευ-

367 1120 467 1188 χῆς
498 1117 707 1169 τελείαν
738 1115 1014 1186 ἀμορφίαν
1041 1117 1327 1185 ἐκτήσατο.
1371 1133 1388 1167 t
1423 1117 1532 1168 Καὶ
1563 1117 1592 1168 6
1614 1116 1767 1183 ἆγιος
1794 1117 1946 1183 4316-

371 1211 491 1271 θξος
513 1226 524 1239 ·
551 1229 568 1259 ι
597 1208 829 1260 Σπάνιόν
856 1208 1002 1259 ἐστιν
1025 1206 1222 1276 εὑρεῖν,
1250 1206 1377 1270 τοὺς
1406 1206 1483 1276 τῷ
1511 1205 1712 1275 λογικῷ
1743 1208 1944 1276 ἠσυχά-

369 1299 584 1362 ξοντας,
641 1294 909 1349 κάκείνων
967 1294 1145 1364 μόνων
1174 1293 1341 1358 ἐστὶν,
1399 1294 1590 1354 οἵτινες
1653 1293 1751 1363 τὴν
1795 1293 1943 1346 θείαν

367 1389 544 1460 χαρὰν
590 1389 684 1439 καὶ
715 1385 1078 1456 παράκλησιν,
1109 1385 1197 1438 διὰ
1230 1383 1381 1438 τοῦδε
1411 1384 1503 1437 τοῦ
1536 1383 1859 1454 πράγματος
1886 1387 1943 1437 ὲν

367 1483 580 1542 ἑαυτοῖς
608 1480 751 1549 ἔχειν
767 1465 1447 1549 διαπαντὸςμηχανῶνται.
1468 1496 1486 1529 ι
1517 1479 1626 1531 Καὶ
1653 1479 1681 1530 6
1703 1477 1871 1547 μέγας
1887 1479 1943 1531 δὲ

371 1573 704 1633 Βισίλειοςοι
735 1571 882 1640 Εὑχὴ
910 1570 1070 1638 καλὴ,
1092 1572 1124 1639 ὴ
1157 1575 1238 1622 ἐνε
1251 1570 1356 1640 ργῆ
1376 1569 1675 1637 ἐμποιοῦσα
1697 1569 1790 1622 τοῦ
1808 1569 1941 1622 Θεοῦ

368 1663 577 1714 ἔννοιαν
610 1663 674 1731 τῇ
698 1661 840 1730 ψυχῇ
864 1677 876 1690 ·
915 1661 1008 1713 καλ⁵
1039 1660 1195 1712 τοῦτὸ
1225 1663 1340 1713 ὲστι
1361 1659 1455 1710 τοῦ
1479 1658 1614 1711 Θεοῦ
1648 1658 1938 1726 ἐνοίκησις,

369 1755 428 1806 τὸ
462 1754 548 1806 διὰ
576 1753 674 1823 τῆς
718 1757 937 1824 μνήμης
981 1752 1327 1823 ἐνιδρυμένον
1358 1750 1502 1820 ἔχειν
1534 1753 1590 1803 ὲν
1624 1751 1801 1820 ἑαυτῷ
1851 1750 1942 1802 τὸν

371 1844 522 1909 θεὸν,
549 1845 676 1896 ὅταν
705 1843 781 1915 μὴ
809 1844 1053 1914 φροντίσι
1077 1846 1296 1913 γηῒναις
1327 1844 1386 1897 τὸ
1419 1842 1641 1911 συνεχὲς
1672 1843 1774 1911 τῆς
1806 1845 1938 1912 μνή-

373 1952 479 2004 μης
502 1935 882 2003 διακόπτηται,
921 1937 1055 2006 μηδὲ
1085 1938 1198 1998 τοῖς
1245 1934 1678 2005 ἀπροσδοκήτοις
1713 1933 1942 1987 πάθεσιν

325 2025 328 2028 ’
370 2025 394 2076 6
422 2023 544 2085 νοῦς
575 2025 1001 2094 ὲκταράσσηται,
1030 2025 1166 2079 ἀλλά
1187 2024 1364 2078 πάντα
1390 2020 1718 2093 ἀποφεύγων
1741 2024 1769 2076 6
1789 2023 1944 2094 φιλό-

371 2113 488 2177 θεος
516 2116 604 2168 ἐπὶ
629 2114 760 2168 Θεὸν
787 2117 1066 2187 ἀναχωρῇ.
1106 2135 1126 2169 ι

375 2245 506 2299 Ὀτι
536 2245 690 2299 ἄλλο
727 2245 981 2321 duoduo
1018 2245 1161 2321 νορς
1182 2287 1197 2310 ,
1240 2247 1336 2321 gml
1371 2247 1592 2321 _§_t8p01‘
1627 2250 1939 2321 προσευχή

796 2315 1053 2383 ἀληθὴς,
1098 2316 1129 2370 ὃ
1159 2315 1257 2369 καὶ
1290 2317 1512 2386 μεῖζον.

445 2427 542 2498 οβ’.
590 2427 784 2482 Ἰστέον
808 2427 985 2481 τοίνυν
1023 2429 1116 2481 καὶ
1144 2429 1323 2494 τοῦτο,
1354 2429 1453 2491 ὡς,
1486 2431 1645 2501 εἴπερ
1691 2432 1784 2484 καὶ
1809 2433 1948 2486 κατά

374 2522 466 2574 τὶν
496 2521 646 2588 ἅγιον
677 2521 957 2590 Μάξιμον,
1016 2538 1036 2571 ι
1069 2521 1144 2574 Οὐ
1191 2520 1413 2574 δύναται
1444 2522 1472 2573 6
1503 2521 1625 2585 νοῦς
1675 2523 1739 2574 ὲκ
1784 2524 1951 2593 μόνης

377 2613 478 2678 τῆς
509 2613 762 2681 πράξεως
791 2611 1006 2682 ἀπαθὴς
1031 2612 1306 2680 γενέσθαι,
1354 2612 1449 2665 ὲάν
1473 2614 1547 2685 μὴ
1596 2613 1950 2684 διαδέχωνται

375 2705 536 2757 αὑτὸν
560 2705 747 2758 πολλαὶ
775 2705 867 2758 καὶ
897 2704 1136 2758 ποικίλαι
1185 2704 1429 2774 θεωρίαι,
1486 2706 1599 2759 ἀλλ’
1632 2702 1726 2760 οῦν
1757 2706 1940 2771 πάλιν,

375 2796 517 2848 κιτά
541 2813 601 2864 γε
631 2796 723 2849 τὸν
752 2795 1025 2849 θειότατον
1050 2796 1261 2859 Νεῖλον,
1318 2797 1492 2849 ἔνεστι
1524 2797 1616 2850 καὶ
1645 2798 1829 2868 ἀπαθῆ
1857 2815 1951 2865 γε·-

377 2887 698 2956 γενημένον,
728 2886 820 2939 καὶ
846 2887 919 2956 μὴ
955 2887 1354 2958 προσεύχεσθαι
1402 2888 1636 2957 ἀληθῶς,
1669 2888 1804 2942 ἀλλὰ
1835 2907 1954 2941 ποι-

378 2975 680 3042 κίλλεσθαι,
719 2976 814 3028 καὶ
857 2976 1075 3046 μακρὰν
1121 2977 1348 3046 ἀπέχειν
1400 2977 1510 3030 ἀπὸ
1557 2978 1714 3035 Θεοῦ.
1742 2997 1761 3030 ›
1815 2980 1952 3048 Φησὶ

1551 268 1939 330 OPUSCULA
1982 269 2362 332 ASCETICA.

3494 277 3603 350 762

2425 570 2607 625 Adlmc
2637 572 2700 626 de
2731 574 2924 642 munda
2954 575 3212 630 oratione.

2103 658 2189 711 7|.
2230 659 2295 713 Et
2323 660 2455 714 dicit
2481 674 2703 717 sanctus
2730 663 2886 721 Nilus
2919 651 2993 722 εἰ
3028 668 3247 722 Enitere
3279 679 3334 722 ut
3367 680 3600 724 mentem

2032 759 2181 804 tuam
2211 753 2479 807 orationis
2510 764 2754 818 tempore
2779 759 2998 812 tacitam
3026 775 3092 815 ac
3116 760 3366 815 silentem
3393 771 3601 824 teneas,

2032 854 2083 896 et
2110 845 2187 897 sic
2221 859 2378 899 orare
2417 847 2642 913 poteris.
2683 865 2702 898 ι
2741 846 2852 916 Ego
2884 849 3060 904 adhuc
3090 852 3232 922 quod
3285 870 3462 906 lucum
3521 862 3604 906 est

2033 935 2211 990 dicam
2259 946 2312 990 et
2345 938 2487 1007 quod
2523 939 2834 1008 junioribus
2863 940 2976 994 dixi
3015 959 3030 996 :
3068 961 3086 994 ι
3128 942 3286 996 Beata
3331 956 3415 998 est
3450 962 3603 999 mens

2033 1046 2151 1097 qua-
2187 1040 2431 1100 tempore
2467 1032 2655 1086 orandi
2715 1033 2954 1102 perfecte
3006 1033 3196 1089 formis
3239 1053 3407 1090 vacua
3439 1049 3542 1092 est.
3578 1057 3597 1089 ι

2035 1119 2100 1175 Et
2149 1133 2372 1179 sanctus
2428 1124 2796 1179 PliilOtheus:
2840 1142 2858 1176 ι
2907 1124 3052 1180 Raro
3105 1127 3458 1182 inveniuntur
3509 1130 3601 1199 qui

2036 1215 2246 1269 ratione
2306 1231 2492 1285 pacem
2526 1228 2733 1287 agant;
2791 1228 2839 1273 et
2877 1234 3066 1273 eorum
3116 1232 3324 1274 tantum
3384 1234 3466 1278 est
3509 1226 3602 1291 qui

2035 1307 2294 1362 diviniam
2351 1308 2588 1364 laetitiam
2652 1310 3194 1378 consolationemque
3231 1329 3327 1381 per
3385 1314 3512 1367 idin
3549 1331 3607 1370 se

2037 1400 2236 1454 habere
2270 1409 2530 1469 perpetuo
2588 1400 2825 1458 student.
2863 1421 2880 1454 ι
2947 1401 3013 1456 Ει
3046 1403 3271 1470 Magnus
3329 1405 3604 1461 Basilius:

2043 1509 2061 1543 ι
2098 1491 2286 1547 Oratio
2315 1494 2478 1570 bona,
2510 1509 2571 1548 ea
2601 1503 2682 1549 est
2726 1511 2850 1565 quae
2886 1493 3164 1549 eﬂicacem
3197 1495 3286 1548 Dei
3322 1498 3610 1566 cogitatio-

2037 1601 2158 1638 nem
2180 1585 2231 1638 in
2267 1585 2446 1638 anima
2477 1586 2770 1650 eﬂ'ormat;
2804 1595 2860 1641 et
2904 1603 2965 1641 ea
2996 1596 3078 1641 est
3134 1587 3225 1642 Dei
3259 1589 3607 1652 inhabitatio,

2037 1695 2232 1746 nempe
2285 1680 2339 1732 in
2374 1695 2431 1733 se
2459 1679 2627 1733 Deum
2662 1696 2760 1750 per
2794 1681 3114 1735 memoriam
3150 1690 3358 1746 tenere,
3391 1683 3611 1750 quando

2040 1770 2204 1823 nulfis
2247 1771 2597 1825 terrestribus
2646 1771 3070 1839 cogitationibus
3127 1771 3402 1823 memoria:
3435 1769 3610 1824 conti-

2037 1862 2217 1915 nuitas
2247 1863 2640 1932 perrumpitur,
2691 1878 2866 1926 neque
2896 1863 3072 1916 obviis
3102 1863 3414 1932 quibusque
3456 1861 3611 1930 cupi-

2037 1952 2299 2006 ditatibus
2324 1957 2869 2024 mensperturbatur,
2899 1955 2990 2010 sed
3026 1955 3205 2008 omnia
3266 1957 3376 2009 luce
3400 1953 3613 2024 fugiens

2039 2047 2132 2115 qui
2169 2048 2336 2101 Deum
2370 2048 2563 2117 diligit,
2589 2048 2655 2102 ad
2686 2048 2855 2102 Deum
2889 2046 3119 2102 accedit.
3159 2065 3179 2098 ι

2042 2254 2194 2320 Quod
2228 2252 2376 2306 aliud
2402 2261 2478 2304 est
2510 2251 2694 2303 mentis
2730 2252 2966 2317 apathia.
3026 2259 3074 2304 et
3111 2249 3261 2304 aliud
3292 2251 3464 2305 oratio
3493 2267 3616 2306 vera

2499 2337 2613 2390 qua:
2643 2322 2814 2374 adhuc
2848 2322 3020 2390 major
3058 2332 3157 2375 est.

2115 2415 2200 2469 79..
2241 2413 2531 2469 Sciendum
2584 2429 2799 2483 quoque
2826 2423 2882 2467 et
2932 2413 3104 2480 illud;
3141 2413 3441 2470 secundum
3491 2428 3618 2468 san-

2042 2518 2190 2563 czum
2216 2507 2505 2560 \taximmn
2535 2523 2549 2559 :
2579 2524 2597 2558 ι
2635 2503 2752 2560 Non
2778 2515 2956 2576 potest
2986 2521 3140 2561 mens
3172 2521 3238 2560 ex
3271 2505 3383 2559 sola
3406 2504 3619 2559 actione

2041 2599 2246 2665 absque
2269 2597 2567 2664 cupiditate
2615 2598 2728 2651 licri
2758 2614 2773 2657 :
2809 2597 2912 2651 nisi
2950 2611 3069 2651 eam
3127 2597 3313 2650 multa:
3358 2611 3419 2649 ac
3457 2594 3619 2648 varia:

2043 2690 2402 2760 cogitationes
2442 2689 2772 2759 suscipiant,
2823 2689 2939 2752 sed,
2978 2704 3043 2744 ex
3097 2688 3440 2742 divinissimo
3473 2686 3618 2747 Nilo,

2044 2780 2161 2835 ﬁeri
2196 2789 2371 2850 potest
2399 2791 2460 2836 ut
2501 2780 2595 2852 qtti
2629 2780 3022 2850 cupiditatibus
3060 2779 3196 2832 liber
3243 2780 3468 2832 ell‘ectns
3510 2791 3618 2838 est.

2044 2888 2154 2927 non
2183 2863 2309 2927 Vere
2345 2883 2484 2939 oret,
2542 2875 2636 2929 sed
2692 2877 3011 2928 inconstans
3053 2874 3123 2927 sit
3173 2882 3225 2925 et
3257 2873 3415 2935 longe
3445 2889 3472 2924 a
3507 2870 3621 2924 Deo

2046 2967 2232 3022 distet.
2279 2985 2298 3019 ‹
2332 2967 2406 3021 Ita
2443 2968 2584 3021 enim
2622 2967 2712 3021 ille
2760 2967 2921 3022 Pater
2965 2968 3032 3021 de
3075 2966 3162 3020 illa
3191 2982 3290 3021 re:
3332 2983 3350 3016 ι
3393 2964 3620 3020 Etiamsi

377 3068 487 3135 γὰρ
509 3060 660 3129 οὗτος
709 3069 738 3120 6
771 3065 958 3137 Πατὴρ
982 3067 1110 3137 περὶ
1142 3067 1237 3121 τοῦ
1299 3067 1541 3122 τοιούτου
1576 3068 1750 3123 οῦτω·
1781 3088 1800 3121 ι
1835 3071 1950 3125 Κᾶν

2047 3073 2201 3112 mens
2232 3071 2393 3126 supra
2425 3059 2763 3127 corporalem
2803 3057 3323 3126 contemplationem
3352 3056 3617 3110 ascende-

381 3156 520 3224 ὑπὲρ
545 3156 642 3225 τὴν
671 3159 988 3226 σωματικὴν
1021 3156 1253 3228 Θεωρίαν
1281 3160 1308 3211 6
1347 3158 1473 3220 νοῦς
1502 3158 1750 3229 γένηται,
1799 3159 1951 3214 οῦπω

375 3247 582 3299 τέλειον
612 3247 700 3298 τὸν
733 3247 826 3299 τοῦ
859 3246 994 3299 Θεοῦ
1028 3249 1187 3302 τόπον
1214 3249 1476 3302 ἐθεάσατο
1508 3266 1521 3280 °
1561 3250 1786 3303 δύναται
1840 3252 1951 3322 γὰρ

376 3339 434 3389 ὲν
467 3340 530 3405 τῇ
558 3353 587 3387 τ
607 3337 664 3387 ’ν
699 3339 985 3406 νοημάτων
1011 3332 1152 3389 εἶναι
1185 3337 1408 3404 γνώσει,
1459 3338 1553 3392 καὶ
1580 3340 1951 3394 ποικίλλεσθαι

379 3430 514 3497 πρὸς
547 3429 767 3498 αὐτὴν.»
799 3429 918 3479 Ἔτι
940 3444 953 3456 ·
986 3447 1003 3479 ι
1039 3429 1189 3498 Οὑχὸ
1207 3430 1476 3492 ἀπαθείας
1495 3430 1829 3504 τετυχηκὼς,
1851 3434 1950 3504 ἤδη

378 3517 470 3569 καὶ
499 3517 855 3586 προσεύχεται
882 3516 1105 3586 ἀληθῶς
1126 3534 1141 3549 ⁶
1176 3518 1398 3572 δύναται
1420 3520 1527 3590 γὰρ
1568 3522 1627 3574 ἐν
1647 3525 1759 3584 τοῖς
1777 3523 1948 3592 ψιλοῖς

377 3608 641 3677 νοήμασιν
698 3605 857 3668 εἶναι,
895 3610 989 3662 καὶ
1018 3612 1076 3663 ὲν
1121 3613 1238 3674 ταῖς
1271 3612 1535 3681 ἱστορίαις
1585 3615 1764 3666 αὐτῶν
1799 3631 1952 3685 περι-

380 3701 639 3768 σπᾶσθαι,
659 3703 751 3754 καὶ
780 3702 994 3772 μακρὰν
1021 3703 1242 3772 ἀπέχειν
1266 3705 1373 3757 ἀπὸ
1401 3705 1725 3761 Θεοῦ.›Ἐτι
1744 3723 1759 3739 ο
1788 3725 1806 3759 ι
1839 3707 1951 3762 Οὐκ

380 3793 444 3845 ἂν
473 3794 556 3845 ὄτι
604 3793 677 3863 μὴ
710 3795 999 3867 ἐγχρονίζῃ
1057 3796 1086 3848 6
1109 3795 1232 3859 νοῦς
1262 3797 1319 3849 ὲν
1368 3799 1481 3859 τοῖς
1509 3797 1681 3867 ψιλοῖς
1717 3801 1952 3870 νοήμασι

376 3884 486 3934 τῶν
510 3885 870 3954 πραγμάτων,
907 3886 1009 3956 ἥδη
1039 3889 1134 3940 καὶ
1190 3891 1498 3958 προσευχῆς
1536 3889 1831 3960 κατείληφε
1861 3892 1952 3944 τό·

381 3992 482 4027 πον
504 3993 517 4006 ·
541 3977 765 4030 δύναται
799 3977 906 4049 γὰρ
941 3979 999 4031 ἐν
1019 3981 1085 4049 τῇ
1121 3978 1322 4051 θεωρίᾳ
1371 3976 1510 4032 εἶναι
1542 3980 1651 4034 τῶν
1692 3983 1952 4051 πραγμά-

377 4083 508 4127 των,
541 4068 631 4120 καὶ
663 4069 719 4120 ὲν
746 4070 858 4132 τοῖς
909 4068 1089 4137 λόγοις
1120 4071 1301 4123 αὐτῶν
1331 4071 1638 4142 ἀδολεσχεῖν
1665 4091 1677 4105 ·
1706 4071 1849 4146 ἅπερ
1905 4075 1954 4126 εί

379 4161 474 4212 καὶ
495 4159 623 4224 ψιλά
660 4159 881 4229 ῥήματά
903 4161 1060 4224 εἰσιν,
1079 4161 1286 4225 ἀλλ’ὡς
1319 4165 1658 4234 πραγμάτων
1673 4164 1801 4218 ὄντα
1825 4164 1958 4218 θεω-

383 4253 624 4320 ρῖματα,
656 4251 887 4306 τυποῦσι
915 4252 1006 4305 τὸν
1047 4252 1193 4318 νοῦν,
1231 4255 1327 4308 καὶ
1382 4255 1602 4326 μακρὰν
1648 4255 1957 4324 ἀπάγουσιν

382 4343 489 4395 ἀπὸ
511 4341 669 4395 Θεοῦ.
694 4361 714 4394 ι
733 4344 895 4412 ⁴λέγει
916 4344 972 4398 δὲ
991 4345 1084 4398 καὶ
1100 4347 1127 4400 6
1146 4348 1244 4416 τῆς
1267 4346 1557 4415 Κλίμακος
1572 4366 1584 4379 ·
1619 4366 1638 4400 ι
1666 4341 1765 4401 Ὧν
1786 4349 1816 4401 6
1833 4349 1958 4414 νοῦς

385 4435 708 4503 μεμάθηκεν
753 4435 969 4506 ἀληθῶς
997 4435 1271 4507 εὔχεσθαι,
1323 4433 1468 4494 οῦτοι
1520 4440 1708 4510 Κυρίῳ
1755 4442 1960 4512 κυρίως

382 4524 602 4575 ἔνώπίοι
655 4525 870 4596 ὲνωπίῳ
915 4525 1190 4593 λαλοῦσιν,
1247 4528 1323 4592 ὡς
1378 4530 1427 4583 οἱ
1462 4531 1596 4600 πρὸς
1641 4533 1702 4584 τὸ
1728 4528 1821 4596 οῦς
1862 4534 1957 4587 τοῦ

389 4614 688 4682 βασιλέως·
720 4616 784 4669 ὲκ
825 4617 880 4670 δὲ
909 4617 1113 4671 τούτων
1145 4619 1376 4674 καὶτῶν
1409 4622 1688 4689 τοιούτων,
1731 4623 1958 4679 δύνασαι

382 4703 626 4772 ἀκριϐῶς
656 4704 907 4770 συνιδεῖν,
939 4707 1037 4776 τὴν
1064 4706 1176 4759 τῶν
1217 4708 1494 4779 ἑκατέρων
1525 4711 1808 4765 πολιτειῶν
1839 4713 1959 4766 δια-

383 4797 578 4863 φορὰν,
612 4797 707 4867 καὶ
727 4797 1056 4868 ἀσύγκριτον
1085 4797 1392 4869 σύγκρισιν,
1423 4805 1520 4870 τῆς
1555 4804 1695 4856 κατά
1718 4805 1958 4875 παραδο-

384 4889 505 4956 χὴν,
532 4889 864 4957 φαμὲν,’καὶ
894 4890 990 4958 τῆς
1016 4893 1132 4943 κατ’
1163 4892 1443 4963 ιπιὸολήν.
1473 4894 1585 4963 Τῆς
1617 4894 1716 4964 μὲν
1742 4895 1960 4967 γὰρέρ-

382 4999 497 5050 γον.
538 4983 786 5051 μελέταιο
819 4986 913 5038 καὶ
943 4986 1155 5050 πολλαὶ,
1179 4987 1273 5039 καὶ
1302 4987 1543 5041 ποικίλαι
1582 4989 1827 5059 θεωρίαι.
1846 4991 1960 5060 Τῆς

382 5075 438 5126 δὲ
473 5076 729 5144 ἐργασία,
785 5077 818 5147 ἠ
849 5077 1055 5148 ἀληθὴς
1085 5081 1388 5150 προσευχὴ.
1444 5081 1588 5151 Πρὸς
1637 5082 1716 5145 δὲ,
1755 5084 1850 5137 καῖ⁸
1877 5085 1960 5137 ὅτι

385 5167 513 5220 illo
551 5167 668 5230 νοὸς
689 5168 946 5235 ἀπάθεια,
997 5171 1092 5224 καὶ
1134 5171 1322 5240 ἕτερον
1356 5173 1633 5245 προσευχὴ
1672 5174 1897 5244 ἀληθής.
1933 5193 1952 5228 ι

388 5261 508 5312 Ἔτι
539 5277 597 5312 τε
626 5260 700 5322 ὡς
726 5263 753 5314 6
791 5260 930 5330 ἔχων
959 5262 1056 5332 τὴν
1084 5261 1259 5335 ἀληθῆ
1303 5266 1613 5337 προσευχὴν
1652 5268 1822 5320 κατάχ
1835 5268 1962 5332 τοὺς

382 5352 592 5418 ἁγίους,
621 5351 764 5405 κοιτά
787 5354 966 5406 πᾶσαν
991 5353 1239 5424 ἀνάγκην
1261 5357 1464 5411 καὶτὸν
1492 5356 1617 5410 νοῦν
1648 5358 1833 5428 ἀπαθῆ
1866 5376 1961 5412 κε-

383 5443 621 5511 κτῆσθαι
667 5443 931 5509 πέφυκεν,
957 5445 1017 5497 οὐ
1054 5445 1161 5515 μὴν
1190 5447 1267 5513 δὲ,
1303 5448 1396 5502 καὶ
1422 5451 1450 5502 6
1485 5448 1624 5518 ἔχων
1680 5449 1839 5518 μόνον
1869 5455 1962 5503 τὸν

383 5533 508 5588 νοῦν
533 5534 1033 5606 ἀπαθῆ,δεδύνηται
1048 5538 1346 5604 κεκτῆσθαι
1368 5540 1462 5594 καὶ
1476 5541 1575 5607 τὴν
1598 5540 1772 5612 ἀληθῆ
1797 5559 1960 5612 προσ-

384 5627 575 5696 ευχήν.
638 5627 747 5679 Καὶ
773 5626 946 5680 ταῦτα
980 5628 1079 5696 μὲν
1112 5628 1313 5694 οῦτωςο
1342 5633 1370 5684 6
1395 5632 1452 5685 δὲ
1480 5632 1634 5701 λόγος
1662 5634 1960 5705 ὲπανερχέ-

387 5717 501 5773 σθω
527 5718 656 5793 πρὸς
681 5719 747 5772 τὰ
776 5720 1136 5790 προκείμενα.
1157 5721 1306 5776 Ἐπεὶ
1329 5723 1422 5777 οῦν
1446 5725 1506 5777 οὐ
1535 5725 1692 5796 μόνον
1724 5726 1872 5796 παρὰ
1897 5728 1962 5782 τὰ

2048 3153 2140 3214 rit,
2175 3156 2414 3206 nondum
2451 3152 2746 3218 perfectum
2788 3151 2880 3207 Dei
2913 3152 3090 3206 locum
3123 3152 3488 3218 contemplata
3512 3159 3621 3203 est.

2047 3243 2234 3299 Potest
2266 3244 2409 3299 enim
2444 3246 2494 3299 in
2538 3245 2887 3314 cogitationis
2933 3244 3160 3298 scientia
3194 3259 3336 3308 esse,
3375 3253 3431 3296 et
3472 3241 3622 3297 circa

2047 3352 2165 3390 eam
2197 3337 2426 3391 variare.
2468 3355 2486 3388 ι
2523 3336 2585 3390 Ει
2614 3338 2794 3391 adhuc
2835 3351 2848 3387 :
2893 3355 2910 3388 ι
2950 3335 3052 3401 Qui
3084 3334 3356 3404 apathiam
3390 3348 3617 3388 assecu-

2048 3438 2136 3483 tus
2155 3437 2234 3481 est
2278 3428 2519 3484 nondum
2560 3443 2685 3482 vere
2711 3437 2867 3492 orat;
2897 3435 3074 3496 potest
3097 3427 3242 3480 enim
3279 3427 3334 3480 in
3366 3426 3622 3480 tenuibus

2049 3521 2303 3589 cogitatis
2332 3520 2555 3581 versari.
2587 3531 2642 3574 et
2691 3519 2744 3573 in
2790 3522 2908 3574 suis
2948 3519 3262 3574 notionibus
3291 3519 3544 3584 distrahi,
3571 3529 3625 3575 et

2049 3627 2079 3667 a
2123 3612 2229 3666 Deo
2260 3612 2421 3682 longe
2458 3612 2682 3666 distare.
2724 3628 2743 3661 ›
2803 3609 2867 3664 Et
2904 3609 3081 3662 adhuc
3113 3627 3127 3663 :
3168 3630 3186 3661 ι
3219 3610 3338 3664 Non
3380 3627 3447 3665 eo
3479 3613 3621 3678 quod

2050 3721 2208 3758 mens
2244 3705 2296 3759 in
2331 3704 2592 3759 tenuibus
2623 3717 2804 3757 rerum
2833 3703 3086 3774 cogitatis
3139 3702 3479 3766 immorctur,
3512 3704 3621 3769 jam

2049 3796 2316 3851 orationis
2346 3796 2524 3851 locum
2553 3805 2801 3851 assecuta
2825 3804 2909 3851 est
2934 3812 2950 3860 ;
2984 3803 3161 3863 potest
3182 3794 3325 3848 enim
3360 3794 3410 3846 in
3441 3809 3621 3848 rerum

2051 3889 2510 3957 contemplatione
2558 3889 2767 3944 versari
2825 3900 2877 3944 et
2909 3889 2962 3942 in
2994 3887 3108 3942 suis
3136 3875 3438 3941 rationibus
3487 3901 3624 3940 vana

2049 3996 2170 4036 esse.
2199 4000 2214 4046 ;
2242 3997 2382 4048 quae,
2415 3983 2518 4036 etsi
2583 3984 2766 4036 tenuia
2807 3982 2916 4038 sint
2967 3981 3153 4044 verba,
3212 3982 3306 4036 sed
3364 3981 3622 4050 quoniam

2054 4089 2234 4128 rerum
2282 4074 2434 4144 signa
2467 4083 2610 4140 sunt,
2648 4086 2885 4130 mentem
2939 4074 3264 4136 informant,
3315 4089 3546 4142 eamque.
3595 4089 3626 4128 a

2051 4162 2162 4217 Deo
2185 4173 2457 4231 separant.
2488 4183 2506 4215 ι
2542 4163 2684 4219 Dicit
2714 4173 2891 4218 autem
2915 4174 2968 4216 et
3002 4162 3329 4216 Climacicus
3365 4180 3378 4216 :
3418 4179 3437 4214 ι
3476 4161 3628 4227 Quo-

2051 4269 2172 4308 rum
2194 4270 2350 4310 mens
2367 4255 2553 4310 didicit
2568 4269 2695 4311 vere
2713 4270 2893 4320 orare,
2918 4256 2950 4309 ii
2971 4254 3203 4310 Domino
3216 4255 3560 4310 dominanter
3575 4265 3631 4307 et

2055 4345 2192 4400 faeie
2219 4345 2284 4399 ad
2315 4345 2506 4400 faciem
2530 4347 2851 4416 loquuntur,
2873 4356 3130 4417 tanquam
3156 4347 3192 4401 ii
3215 4346 3306 4416 qui
3334 4347 3399 4400 ad
3437 4361 3627 4401 aurem

1987 4421 2028 4475 D
2060 4437 2202 4503 regis
2249 4437 2409 4491 verba
2439 4435 2668 4492 faciunt.
2701 4436 2775 4491 Ex
2809 4439 2876 4494 iis
2905 4452 3084 4493 autem
3135 4454 3198 4492 ac
3227 4438 3428 4492 talibus
3474 4446 3632 4506 potes

2058 4527 2302 4595 apprime
2333 4526 2640 4596 intelligere
2672 4529 2959 4596 utriusque
3004 4526 3233 4581 rationis
3265 4525 3628 4579 diﬂ‘crentiam

2057 4627 2110 4673 et
2141 4635 2203 4672 ex
2237 4621 2644 4686 comparatione
2688 4618 3214 4679 dissimilitudinem,
3246 4633 3369 4672 cum
3411 4631 3516 4670 una
3562 4616 3634 4670 sit

2059 4727 2152 4780 per
2181 4713 2577 4779 acceptionem,
2597 4719 2650 4765 et
2676 4710 2842 4764 altera
2873 4725 2969 4780 per
2985 4718 3264 4765 conatum.
3288 4710 3460 4766 Unius
3482 4710 3634 4762 enim

2057 4819 2196 4873 Opus
2220 4819 2364 4856 curre
2428 4811 2481 4856 et
2540 4805 2723 4856 multa:
2780 4817 2843 4856 ac
2897 4801 3060 4854 variae
3123 4803 3630 4871 contemplationes.

2062 4899 2212 4952 Alter
2240 4912 2303 4950 us
2331 4904 2546 4962 autem,
2571 4910 2696 4949 vera
2728 4893 2925 4949 oratio.
2945 4894 3023 4948 Ad
3045 4894 3179 4958 haec,
3211 4895 3354 4948 aliud
3381 4903 3464 4947 est
3485 4909 3628 4946 men-

2061 4990 2131 5044 tis
2183 4991 2422 5058 apathia,
2487 4989 2630 5042 aliud
2681 4987 2856 5042 oratio
2896 5003 3044 5040 vera.
3081 5005 3098 5037 ι
3153 4985 3264 5040 lmo
3304 4987 3395 5056 qui
3449 5001 3634 5038 veram

2061 5083 2344 5135 orationen
2382 5082 2643 5148 possidet,
2693 5081 2990 5136 secundum
3027 5089 3268 5143 sanctos,
3326 5079 3640 5133 necessario

2060 5191 2277 5244 quoique
2309 5184 2546 5229 mentem
2573 5173 2781 5243 absque
2807 5174 3104 5243 cupiditate
3153 5172 3331 5226 habet.
3366 5169 3470 5236 Qui
3502 5179 3639 5221 vero

2061 5276 2268 5319 tantum
2324 5277 2559 5321 mentem
2606 5266 2814 5335 absque
2865 5265 3163 5334 cupiditate
3209 5263 3474 5332 possidet,
3523 5274 3634 5311 non

2057 5373 2272 5425 semper
2300 5357 2472 5425 potuit
2500 5371 2680 5410 veram
2707 5354 3012 5409 orationem
3039 5354 3260 5407 habere.
3292 5349 3353 5402 Et
3377 5349 3491 5402 1|an
3512 5347 3642 5414 qui-

2056 5453 2178 5506 dem
2209 5452 2277 5503 ita
2306 5467 2363 5503 se
2389 5450 2603 5503 habent.
2630 5447 2733 5503 Sed
2757 5449 2940 5502 redeat
2958 5446 3222 5501 sermoad
3244 5458 3304 5497 ea
3335 5457 3453 5511 quae
3475 5439 3636 5494 nobis

2061 5545 2334 5614 propo~ita
2370 5553 2516 5597 sunt.
2540 5543 2675 5597 Cum
2711 5557 2820 5596 non
2845 5543 3007 5595 modo
3035 5553 3098 5593 ea
3118 5553 3238 5608 quae
3258 5531 3633 5597 diximus,sed

2058 5647 2110 5688 et
2146 5637 2258 5704 ipsa
2296 5635 2561 5688 bonorum
2593 5647 2656 5687 ac
2685 5632 2952 5685 malorum
3004 5626 3288 5687 memoria,
3323 5623 3636 5689 lreqnenter

2063 5745 2295 5785 ιιιςιιιριιι
2325 5727 2617 5782 informare
2631 5741 2693 5781 ac
2711 5724 2776 5780 ad
2800 5721 3140 5795 phantasiam
3170 5719 3366 5775 ducere
3399 5713 3635 5781 Soleatit;
