4032 6208
375 307 486 370 Ἲ63
1201 307 1547 368 CALLISTI
1602 309 1698 369 ET
1756 305 2055 368 IGNATII
2114 305 2807 372 XANTIIUPULORUM
3519 319 3635 381 Ἱδί

378 419 446 474 de
512 421 615 474 hoc
671 418 834 474 ctiam
894 427 1111 489 Oportet
1159 435 1260 475 nos
1311 435 1482 489 pauca
1539 421 1828 477 disserere.
1975 467 1981 484 ι

2067 423 2459 492 προειρημένα,
2495 424 2631 477 ἀλλά
2663 427 2760 477 καὶ
2797 425 2935 494 αὐτὴ
2981 427 3013 497 ἡ
3053 429 3241 499 μνήμη
3266 429 3376 482 τῶν
3405 433 3642 501 ἀγαθῶν

385 534 444 568 τε
481 518 573 569 καὶ
625 515 905 578 ἐναντίων,
935 514 1206 586 ἐκτυποῦν
1248 515 1463 586 ἀθρόως
1497 516 1590 568 τὸν
1635 515 1762 568 νοῦν
1800 514 1894 568 καὶ
1933 515 2071 585 πρὸς
2107 515 2412 584 φαντασίαν
2444 516 2600 586 ἄγειν
2641 518 2799 573 εἴωθέ
2831 536 2968 582 πως,
3001 521 3083 574 δεῖ
3119 523 3214 574 καὶ
3254 525 3384 594 περὶ
3425 529 3631 581 τούτου

378 607 424 656 ὸ)
442 607 556 673 ίγον
581 607 937 675 διασημᾶναι.

377 703 554 784 Adhuc
585 703 649 784 de
671 705 994 790 phantasia},
1021 715 1073 790 et
1099 705 1164 759 de
1197 705 1262 758 iis
1290 720 1408 768 qua:
1439 721 1580 759 mem
1597 705 1857 785 e/format,
1889 711 1940 785 et

2067 703 2340 790 'Ett‘azsgl
2361 706 2733 790 φτινςασιῷξ,
2765 709 2860 760 καὶ
2889 711 3335 790 damncupidth
3364 718 3474 772 τοῦ
3517 719 3640 773 νοῦ

465 775 627 854 signi:
674 776 803 844 falsi
828 793 891 830 ac
941 779 1080 842 veri,
1135 784 1183 831 et
1235 790 1477 844 quaenam
1521 786 1642 830 sunt
1699 775 1936 828 veritatis

463 859 634 911 signa.

454 935 542 988 75.
577 934 633 989 Si
668 949 851 1002 pacem
880 933 1015 1002 agis.
1044 933 1301 1004 solusque
1352 951 1474 989 curn
1512 937 1626 992 solo
1664 936 1770 991 Deo
1820 937 1951 992 rt-lis

383 1027 719 1091 conversari,
754 1041 820 1080 ne
849 1027 1084 1093 accipias
1114 1043 1235 1096 qua:
1267 1029 1546 1084 sensibilia
1577 1039 1670 1084 aut
1697 1031 1954 1098 intelligi-

383 1118 509 1173 bilia
540 1118 763 1183 videris,
804 1119 917 1171 sive
944 1119 1086 1171 intra
1124 1128 1174 1173 te
1199 1120 1310 1174 sive
1334 1132 1506 1187 extra,
1539 1123 1750 1175 etiamsi
1781 1122 1956 1176 forma

387 1212 458 1264 sit
484 1210 688 1262 Christi
732 1219 826 1263 aut
852 1211 1026 1278 angeli
1062 1220 1155 1263 aut
1183 1215 1374 1277 Sancti,
1405 1225 1499 1264 aut
1539 1212 1758 1268 luminis
1787 1215 1956 1283 ligura

388 1303 556 1356 menti
603 1317 910 1370 apparens;
959 1303 1050 1355 secl
1121 1318 1340 1358 remane
1397 1303 1645 1358 dimdens
1677 1313 1729 1358 ct
1778 1308 1958 1375 gravis

386 1395 449 1446 ad
486 1395 652 1453 illam.
684 1394 782 1448 etsi
809 1394 946 1446 bona
971 1396 1060 1454 sit,
1095 1401 1387 1463 antequam
1420 1397 1866 1466 interrogaveris.
1901 1408 1960 1452 ut

385 1483 647 1544 diximus,
702 1498 797 1536 eos
830 1485 919 1551 qui
963 1485 1169 1546 espetti
1226 1495 1400 1539 sunt:
1435 1486 1485 1538 id
1548 1487 1689 1539 enim
1734 1488 1961 1542 utiliSsi-

390 1589 539 1626 mum
589 1583 694 1639 est,
730 1584 779 1627 et
835 1573 942 1627 Deo
995 1575 1370 1629 charissimnm
1422 1586 1473 1630 et
1505 1579 1959 1646 acceptissimum.

391 1662 618 1733 Semper
660 1675 839 1719 autem
882 1677 1112 1720 mentem
1155 1677 1300 1719 tuam
1359 1670 1566 1722 custodi
1627 1671 1831 1738 absque
1873 1688 1964 1724 cu-

390 1756 505 1810 iore
532 1767 585 1810 et
620 1755 793 1810 forma
828 1767 882 1834 et
913 1759 1149 1828 imagine
1179 1769 1231 1813 at
1266 1762 1528 1828 qualitate
1564 1771 1616 1816 et
1639 1764 1962 1832 quantitate;

2113 777 2224 855 καὶ,
2258 775 2374 826 τῶν
2431 775 2542 855 τῆς
2578 777 2820 855 πρίάγης
2856 781 2962 855 ’καὶ
3191 785 3488 855 ἀληθείας
3519 805 3637 855 on-

2121 844 2310 912 μείων
2344 862 2356 873 ο
2385 846 2522 899 τίνα
2549 848 2622 899 τὰ
2648 846 2758 914 τῆς
2788 851 3028 918 πλάνης
3056 844 3301 921 άήμεῖα.

2127 930 2227 1000 ογ’.
2267 932 2603 1003 Ἥσυχάζων,
2637 934 2726 986 καὶ
2762 935 2922 1003 μόνος
2963 937 3290 1008 βουλόμενος
3317 939 3458 998 εἶναι
3494 948 3641 1016 μετά

2059 1025 2218 1094 μόνου
2259 1025 2353 1078 τοῦ
2375 1025 2528 1089 Θεοῦ,
2556 1025 2689 1097 μηδέ
2716 1044 2846 1081 ποτε
2885 1031 3157 1104 παραδέξῃ
3186 1033 3241 1084 εἴ
3270 1051 3320 1087 τι
3349 1036 3397 1088 δ’
3425 1037 3492 1090 ἂν
3521 1039 3640 1109 ἴδῃς

2053 1114 2326 1184 αἰσθητὸν,
2358 1116 2388 1185 ἢ
2415 1117 2621 1184 νοερὸν,
2664 1117 2863 1170 ἑσωθέν
2888 1137 3004 1183 σου,
3039 1121 3070 1191 ἧ
3104 1122 3323 1188 ἔξωθεν,
3356 1126 3462 1179 κᾶν
3492 1124 3640 1192 εἶδος

2052 1204 2211 1273 δῆθεν
2249 1205 2506 1275 Χριστοῦ,
2543 1207 2575 1277 ἢ
2615 1207 2870 1275 ἀγγέλου,
2915 1209 2948 1280 ἢ
2997 1211 3152 1277 ἀγίου
3178 1215 3418 1284 μορφὴν,
3449 1216 3483 1286 ἦ
3516 1234 3637 1286 φω-

2053 1296 2142 1358 τὸς
2187 1296 2507 1367 ὲκτύπωμα,
2564 1299 2966 1370 φανταζόμενον
3017 1301 3096 1372 τῷ
3134 1305 3216 1356 νοΐ
3246 1320 3260 1335 ο
3303 1305 3442 1359 ἀλλά
3500 1291 3638 1376 μένε

2052 1386 2316 1450 ἀπιστῶν,
2350 1389 2442 1440 καὶ
2472 1388 2805 1459 βαρούμενος
2838 1393 2916 1454 εἰς
2939 1392 3115 1458 τοῦτο,
3153 1394 3255 1448 κᾶν
3285 1396 3491 1464 ἀγαθὸν
3519 1399 3634 1470 εἴη,

2055 1477 2158 1546 πρδ
2181 1480 2606 1548 ὲρωτὴσεως,ὡς
2632 1483 2875 1551 εἴπομεν,
2892 1484 2998 1536 τῶν
3019 1487 3318 1556 ἐμπείρωνο
3343 1489 3502 1542 τοῦτο
3523 1493 3639 1562 γὰρ

2052 1567 2493 1638 ὠφελιμώτατον,
2528 1573 2622 1624 καὶ
2653 1571 2772 1642 Θεῷ
2795 1575 3255 1644 προσφιλέστατον
3301 1596 3361 1631 τε
3411 1582 3506 1634 καὶ
3541 1582 3637 1633 εῦ-

2053 1662 2378 1714 αποδεκτον.
2417 1663 2550 1716 Ἔσο
2585 1664 2640 1716 δὲ
2661 1665 2747 1717 ἀεὶ
2777 1665 2959 1735 τηρῶν
2986 1683 3082 1720 σου
3108 1668 3199 1720 τὸν
3232 1669 3378 1733 νοῦν,
3402 1672 3630 1742 ἄχροον,

2051 1754 2400 1826 ἀμόρφωτον,
2427 1755 2681 1818 ἀνείδεον,
2703 1757 3129 1827 ἀσχημάτιστον,
3157 1760 3368 1827 ἄποιον,
3399 1762 3630 1828 ἀποσον,

390 1847 524 1900 solis
555 1847 817 1902 orationis
862 1850 1088 1903 vocibus
1137 1851 1376 1915 adluerc,
1405 1864 1457 1906 et
1495 1853 1591 1907 has
1621 1831 1750 1907 cura
1781 1867 1835 1907 et
1863 1870 1962 1907 co-

2067 1847 2144 1898 ιαὶ
2179 1846 2314 1916 μόνα
2350 1847 2450 1916 τῆς
2477 1849 2783 1919 προσευχῆς
2806 1851 3026 1919 ῥήματα
3060 1853 3367 1923 προσέχων,
3402 1856 3498 1908 καὶ
3532 1874 3634 1925 με-

391 1936 522 2005 gila.
579 1936 720 1992 intra
775 1939 956 1995 cordis
1010 1951 1234 2008 motus,
1267 1953 1325 1996 ut
1383 1942 1516 1998 dicit
1580 1945 1962 2000 Climacicus:

397 2047 418 2082 ‹
459 2029 676 2084 initium
716 2031 934 2100 quidem
986 2034 1272 2099 orationis,
1308 2049 1469 2090 voces
1513 2051 1576 2090 ex
1611 2037 1742 2105 ipsis
1789 2053 1966 2106 prom-

393 2121 519 2175 miis
539 2137 635 2190 per
658 2122 1005 2192 soliloquium
1039 2136 1427 2194 persequentes
1461 2144 1475 2193 ;
1512 2128 1747 2182 medium
1784 2139 1965 2183 autem

395 2204 463 2268 iis
491 2230 614 2282 qua:
641 2216 918 2278 dicuntur,
959 2219 1305 2286 cogitationis
1338 2221 1609 2286 attentio;
1653 2220 1776 2276 linis
1810 2237 1965 2288 vero,

402 2315 588 2376 raptus
619 2309 682 2360 ad
743 2306 1057 2364 Dominum.
1089 2329 1106 2361 ι
1147 2311 1210 2364 Et
1247 2322 1471 2366 sanctus
1502 2313 1656 2369 Nilus
1687 2315 1759 2368 ita
1795 2314 1968 2384 loqui-

395 2403 489 2451 tur
524 2416 538 2452 :
580 2416 599 2450 c
640 2397 734 2452 Est
778 2401 996 2468 quidem
1031 2404 1295 2474 praecipua
1357 2404 1722 2473 pcrfeclorum
1772 2407 1966 2468 oratio.

395 2489 621 2558 quidam
657 2490 856 2545 mentis
883 2503 1091 2561 raptus,
1140 2504 1192 2548 et
1224 2496 1473 2550 universa
1519 2512 1580 2551 ex
1620 2498 1686 2553 iis
1731 2515 1852 2568 quae
1880 2515 1968 2554 se-

394 2580 636 2636 cundum
687 2597 882 2639 sensus
921 2596 1067 2650 sunt,
1092 2588 1384 2656 separatio.
1410 2589 1605 2656 spiritu
1675 2592 1967 2660 gemitibus

400 2673 859 2730 inenarrabilibus
888 2691 1011 2730 cum
1051 2674 1160 2730 Deo
1211 2688 1590 2741 convct'sante,
1651 2679 1744 2748 qui
1785 2679 1968 2734 cordis

402 2765 820 2835 diSpositionem
855 2769 1114 2833 intuetur,
1144 2777 1204 2822 ut
1241 2769 1440 2824 librum
1499 2771 1842 2840 inscriptum,
1876 2785 1971 2825 cx-

405 2858 685 2928 plicatum,
719 2867 771 2912 ct
819 2861 992 2930 signis
1026 2861 1317 2916 silentibus
1365 2877 1493 2916 suas
1529 2864 1834 2916 voluntates
1881 2877 1972 2915 os-

405 2951 736 3005 tendentem.
776 2949 850 3004 Ita
905 2950 1110 3006 Paulus
1173 2967 1343 3021 usque
1372 2954 1438 3006 ad
1495 2953 1715 3008 tertium
1775 2954 1974 3009 cretum

407 3053 591 3110 raptus
626 3052 731 3102 est,
771 3042 884 3099 sive
914 3044 965 3097 in
1003 3059 1255 3112 corpore,
1291 3045 1408 3100 sive
1453 3052 1603 3098 extra
1635 3059 1833 3113 corpus
1862 3043 1977 3097 fue-

2049 1938 2238 2006 λετῶν,
2262 1939 2356 1994 καὶ
2383 1939 2778 2010 διανοούμενος,
2828 1941 2974 1994 ἔνδον
2997 1942 3098 2011 τῆς
3133 1944 3437 2014 ωρδιακῆς
3471 1949 3634 2016 κινή-

2054 2048 2210 2094 σεως,
2240 2032 2378 2086 κατὰ
2400 2031 2490 2084 τὸν
2515 2032 2611 2102 τῆς
2641 2031 2922 2102 Κλίμακος
2949 2037 3222 2105 φάσκοντα
3243 2056 3258 2070 ·
3292 2058 3311 2090 ι
3333 2040 3498 2110 Ἀρχὴ
3524 2044 3629 2110 μὲν

2057 2145 2386 2215 προσευχῆς,
2429 2139 2725 2212 προσϐολαὶ
2780 2138 3172 2208 μονολογίστως
3200 2135 3532 2204 διωκόμεναι
3566 2135 3637 2188 ἐκ

2053 2235 2354 2306 προοιμίων
2389 2234 2566 2287 αὐτῶν
2586 2249 2600 2264 ·
2629 2231 2860 2302 μεσότης
2885 2229 2964 2292 δὲ,
2998 2226 3058 2280 τὸ
3082 2228 3139 2279 ὲν
3170 2229 3284 2288 τοῖς
3311 2226 3637 2293 λεγομένοις

2053 2329 2147 2380 καὶ
2177 2327 2356 2394 μόνοις
2389 2320 2528 2378 εἶναι
2556 2325 2654 2393 τὴν
2677 2322 2914 2375 διάνοιαν
2937 2336 2951 2349 ο
2984 2318 3139 2379 τέλος
3172 2317 3228 2369 δὲ
3262 2315 3488 2385 ταύτης,
3527 2317 3633 2385 ἀρ·

2054 2417 2204 2490 παγὴ
2234 2420 2370 2488 πρὸς
2395 2415 2612 2487 Κύριον.
2633 2434 2651 2468 ι
2687 2413 2794 2466 Καὶ
2821 2413 2848 2464 ὁ
2876 2411 3028 2479 ἅγιος
3053 2410 3107 2462 δὲ
3128 2409 3319 2472 Νεῖλος
3346 2407 3490 2461 οὕτω
3521 2425 3634 2476 φη-

2056 2517 2168 2570 σίν·
2197 2517 2385 2569 (Ἔστι
2408 2515 2506 2584 μὲν
2527 2512 2915 2582 προηγουμένη
2945 2508 3052 2563 τῶν
3081 2507 3300 2562 τελείων
3325 2506 3630 2577 προσευχὴ,

2053 2609 2276 2678 ἁρπαγή
2299 2625 2381 2671 τις
2405 2607 2499 2660 τοῦ
2519 2605 2632 2668 νοῦ,
2668 2606 2762 2658 καὶ
2788 2603 2896 2656 τῶν
2928 2604 3049 2655 κατ’
3080 2600 3334 2668 αἴσθησιν
3363 2599 3636 2658 ἔκστασις

2052 2699 2364 2770 ὁλοσχερὴς,
2399 2698 2723 2766 στεναγμοῖς
2775 2694 3064 2764 ἀλαλήτοις
3089 2692 3184 2746 τοῦ
3207 2690 3518 2760 πνεύματος
3546 2691 3638 2741 ὲν-

2053 2791 2408 2860 τυγχάνοντος
2453 2786 2532 2858 τῷ
2562 2785 2701 2854 Θεῷ.
2739 2782 2819 2853 τῷ
2847 2784 3096 2854 βλέποντι
3143 2783 3244 2849 τὴν
3275 2780 3374 2847 τῆς
3400 2779 3637 2845 καρδίας

2052 2883 2313 2947 διάθεσιν,
2355 2876 2841 2946 ἀναπτυσσομένην
2877 2875 3071 2944 ὥσπερ
3120 2874 3516 2942 ἐγγράμματον
3549 2871 3636 2940 ,8;-

2054 2975 2222 3034 ὀλίον,
2253 2973 2346 3026 καὶ
2377 2971 2568 3031 τύποις
2606 2968 2903 3038 ἀφθόγγοις
2939 2967 3000 3019 τὸ
3054 2965 3252 3031 ἑαυτῆς
3296 2959 3635 3030 ἐμφανίζουο

2055 3084 2152 3119 σαν
2183 3064 2446 3136 βούλημα.
2487 3061 2674 3122 Οῦτως
2705 3060 2812 3121 ἕως
2841 3057 3026 3129 τρίτου
3087 3055 3308 3126 ἡρπάγη
3338 3056 3364 3106 ὁ
3416 3051 3636 3112 Παῦλος

405 3132 495 3194 rit,
556 3131 843 3195 nesciens;
904 3135 975 3186 ita
1044 3131 1256 3198 Petrus,
1325 3149 1448 3189 cum
1513 3135 1852 3189 ascendisset
1923 3134 1975 3188 iu

2067 3140 2301 3228 ῖύρανοῦ,
2329 3156 2440 3209 εἴτε
2494 3155 2552 3206 ὲν
2583 3151 2793 3221 σώματι
2817 3147 2904 3221 ἦν,
2935 3151 3044 3202 εἴτε
3077 3148 3230 3209 sub;
3250 3146 3343 3198 τοῦ
3377 3144 3638 3214 σώματος

407 3224 652 3287 domum,
689 3233 746 3276 ιιι
801 3236 1004 3291 oraret,
1042 3227 1302 3282 visionem
1347 3227 1500 3282 lintei
1542 3228 1692 3283 vidit.
1728 3225 1980 3283 Secunda

410 3319 593 3366 autem
620 3321 705 3366 cst
742 3323 863 3382 post
898 3317 1126 3384 primam
1172 3318 1368 3381 oratio,
1401 3318 1564 3372 verba
1603 3319 1979 3388 pronuntiare,

414 3412 597 3458 mente
646 3420 768 3458 cum
821 3409 1237 3482 compunctione
1290 3418 1657 3479 consequente
1704 3421 1756 3463 et
1781 3410 1985 3465 sciente

417 3502 482 3553 ad
505 3517 664 3570 quem
702 3517 854 3555 suam
881 3502 1267 3572 “agitationem
1296 3505 1513 3574 dirigat.
1562 3503 1866 3573 interrupta
1892 3522 1988 3558 au-

417 3603 524 3648 tem
557 3596 732 3650 oratio
765 3606 817 3650 et.
848 3597 1224 3666 corporalibus
1250 3598 1674 3666 cogitationibus
1721 3597 1984 3664 dissipata

417 3689 486 3741 ab
525 3690 730 3744 orantis
751 3699 890 3743 statu
922 3691 1168 3745 recessit.
1209 3709 1229 3742 ι
1273 3689 1328 3744 lu
1365 3691 1450 3744 his
1497 3693 1658 3760 igitur
1693 3705 1987 3745 remanens

417 3780 520 3846 alia
554 3796 622 3835 ne
681 3780 944 3850 accipias.
996 3784 1164 3836 donec
1216 3796 1401 3850 pacem
1457 3790 1747 3836 assecutus
1808 3781 1886 3836 sis
1935 3791 1989 3834 ct

417 3882 672 3942 expertos
704 3872 1142 3941 interrogaveris,
1173 3882 1231 3925 ut
1259 3871 1463 3926 dictum
1486 3883 1586 3927 est.
1621 3870 1688 3926 Et
1710 3873 1823 3926 lucc
1860 3880 1990 3926 sunt

413 3979 542 4032 qua:
596 3967 1134 4026 annuntiavcramus,
1189 3963 1394 4019 erroris
1448 3965 1600 4034 signa
1659 3974 1712 4018 et
1769 3966 1872 4018 alia
1908 3966 1991 4020 his

416 4057 623 4118 similia
651 4066 799 4110 sunt.
839 4054 970 4109 Vide
1005 4063 1184 4108 autem
1215 4063 1270 4108 et
1307 4055 1552 4123 quaedam
1599 4055 1752 4126 signa
1795 4056 1992 4108 verita-

415 4148 514 4212 tis.
551 4147 622 4202 Ea
654 4157 834 4202 autem
859 4158 986 4202 sunt
1023 4147 1264 4201 veritatis
1287 4145 1609 4218 opllimique
1633 4158 1687 4202 et
1718 4147 1995 4200 vivilican-

423 4242 494 4296 tis
522 4241 761 4310 Spiritus
802 4241 979 4310 signa,
1013 4239 1270 4305 charitas,
1303 4240 1579 4313 gaudium,
1615 4254 1740 4310 pax,
1766 4253 1992 4308 magna-

417 4335 666 4398 nimitas,
688 4334 924 4397 bonitas,
950 4333 1183 4401 justitia.
1218 4331 1371 4396 fides,
1408 4329 1654 4391 dulcedo.
1684 4338 1995 4398 temperan-

427 4430 527 4490 tia,
559 4437 613 4480 et
641 4435 858 4488 caetera,
895 4434 952 4480 ut
981 4435 1056 4480 att
1089 4425 1306 4479 divinus
1326 4424 1636 4493 Apostolus,
1663 4424 1778 4477 hmc
1811 4421 1993 4476 omnia

2053 3250 2290 3316 ἀγνοῶν·
2325 3247 2495 3309 οὕτως
2530 3247 2558 3298 ὸ
2589 3245 2792 3313 Πέτρος
2853 3241 3090 3296 ἀνελθὼν
3120 3241 3212 3293 ἐπὶ
3255 3240 3316 3290 το
3340 3238 3498 3306 δῶμα
3535 3235 3637 3288 τοῦ

2054 3335 2476 3409 προσεύξασθαι,
2523 3335 2622 3404 τὴν
2681 3333 2944 3386 ὀπτασίαν
2989 3333 3088 3398 τῆς
3130 3330 3320 3397 ὀθόνης
3357 3323 3516 3381 εἰδιν.
3565 3327 3636 3377 'H

2053 3430 2279 3499 δευτέρα
2303 3428 2358 3481 δὲ
2396 3427 2535 3496 μετά
2557 3426 2655 3484 τὴν
2688 3424 2910 3494 πρώτην
2944 3424 3061 3475 ἐστὶ
3112 3421 3411 3493 προσευχὴ.
3452 3420 3514 3471 τὺ
3540 3419 3638 3471 λέ-

2053 3541 2169 3593 γειν
2197 3523 2264 3576 τὰ
2293 3524 2534 3592 ῥήματα,
2561 3514 3101 3588 παρακολουθοῦντος
3129 3515 3222 3566 τοῦ
3249 3514 3341 3566 νοῦ
3373 3514 3509 3582 μετὰ
3532 3529 3638 3565 κα-

2053 3614 2342 3678 ταύξεως,
2377 3611 2473 3665 καὶ
2501 3610 2699 3672 εἰδότος
2721 3602 2764 3676 ᾧ
2795 3607 3064 3678 προσάγει
3093 3605 3188 3671 τὴν
3219 3605 3420 3673 δέησιν.
3455 3605 3641 3656 Mssa.

2055 3705 2360 3773 λαδουμένη
2393 3703 2450 3756 δὲ
2501 3699 2794 3771 προσευχὴ,
2848 3700 2943 3751 καὶ
2998 3697 3320 3765 πεφυρμένη
3380 3693 3637 3764 φροντίσι

2072 3786 2429 3852 σωματικαῖς,
2458 3784 2556 3852 τῆς
2584 3779 2677 3832 τοῦ
2710 3777 3146 3848 προσευχομένου
3181 3773 3457 3842 ἀφέστηκε
3487 3787 3659 3823 κατα-

2073 3875 2335 3932 στάσεως.
2363 3890 2383 3921 ›
2418 3871 2610 3925 Μένων
2640 3867 2818 3921 τοίνυν
2841 3867 2899 3918 ἐν
2925 3864 3157 3926 τούτοις,
3179 3861 3345 3914 τᾶλλα
3369 3860 3442 3930 μὴ
3470 3875 3654 3927 παραυ

2072 3965 2248 4036 δέχου,
2289 3963 2393 4024 ἓως
2448 3959 2644 4030 καιροῦ
2675 3958 2896 4029 εἰρήνης
2929 3955 3136 4018 παθῶν,
3191 3954 3283 4006 καὶ
3310 3952 3656 4020 ἐρωτήσεως,

2072 4056 2148 4119 ὡς
2171 4053 2551 4124 προλέλεκται,
2575 4049 2682 4103 τῶν
2712 4047 3013 4118 ἐμπείρων,
3049 4045 3140 4098 καὶ
3168 4043 3343 4096 ταῦτα
3374 4043 3470 4111 μὲν
3506 4040 3657 4108 ἅπερ

2073 4146 2429 4218 προείπομεν,
2460 4143 2553 4197 καὶ
2573 4142 2642 4194 τὰ
2667 4139 2874 4202 τούτοις
2909 4137 3204 4205 nar/mata.
3230 4133 3299 4187 τὰ
3319 4133 3418 4202 τῆς
3446 4131 3657 4197 πλάνης

2073 4233 2164 4287 διά
2223 4230 2454 4303 βραχέος
2511 4229 2818 4297 σήμαντρα.
2867 4226 3010 4295 Ὅρα
3043 4224 3100 4278 δὲ
3153 4224 3245 4278 καὶ
3291 4222 3414 4274 τίνα
3444 4219 3512 4272 τα
3553 4219 3657 4286 τῆς

2077 4324 2331 4397 ἀληθείας
2365 4324 2588 4392 σημεῖα.
2625 4321 2707 4373 Ti
2751 4319 2809 4372 δέ
2865 4335 2928 4386 γε
2959 4318 3057 4387 τῆς
3087 4315 3366 4385 ἀληθείας,
3419 4313 3514 4365 καὶ
3559 4309 3657 4362 τοῦ

2075 4418 2282 4488 ἀγαθοῦ
2316 4417 2409 4470 καὶ
2459 4411 2724 4480 ζωοποιοῦ
2778 4411 3116 4480 Πνεύματος,
3168 4409 3390 4478 σημεῖα,
3426 4404 3656 4474 ἀγάπη,

431 4520 666 4586 Spiritus
687 4521 858 4573 sancti
892 4518 1102 4572 fructus
1133 4518 1432 4588 appellans.
1471 4517 1537 4569 Et
1571 4516 1702 4570 dicit
1742 4518 1937 4570 iterum
1975 4532 1981 4569 :

2067 4509 2239 4581 ‘xatpi,
2272 4507 2484 4576 εἰρήνη,
2519 4501 2890 4573 μακροθυμία,
2920 4498 3248 4570 χρηστότης,
3299 4492 3656 4563 ἀγαθωσύνη,

431 4626 454 4666 ι
493 4607 561 4672 Ut
586 4609 676 4661 lilii
701 4608 836 4669 lucis
876 4607 1168 4661 ambulate.
1201 4607 1430 4661 Fructus
1461 4607 1606 4660 enim
1648 4605 1904 4676 Spiritus,
1941 4605 1994 4659 in

429 4702 574 4754 οιιιιιί
610 4701 844 4753 bcnitate
879 4708 928 4753 et
957 4699 1166 4767 justitia
1198 4712 1249 4752 et
1285 4701 1549 4764 veritate;
1589 4715 1818 4766 quarum
1867 4711 2000 4751 con-

429 4794 601 4849 lraria
631 4807 784 4845 error
821 4791 1081 4859 possidet.
1117 4809 1136 4842 ι
1178 4790 1314 4844 Dicit
1346 4799 1524 4843 autem
1572 4799 1625 4843 ct
1656 4789 1875 4858 quidam
1910 4801 2000 4842 sa-

428 4884 694 4953 pientium
728 4882 796 4935 ab
828 4883 1011 4950 aliquo
1057 4881 1424 4950 interrogatus
1461 4896 1472 4931 :
1516 4899 1534 4932 ι
1591 4879 1779 4944 Quoad
1846 4893 2001 4932 secu-

429 4993 549 5038 ram
603 4976 792 5028 salutis
828 4976 994 5037 viam,
1047 4973 1424 5036 dilecdssime,
1469 4981 1526 5026 ut
1554 4971 1766 5038 dixisti,
1817 4970 2003 5025 multae

433 5080 559 5124 sunt
597 5069 693 5122 via:
755 5083 876 5137 quae
919 5067 984 5121 ad
1062 5066 1224 5120 vitam
1258 5066 1485 5131 ducunt,
1529 5073 1584 5118 et
1649 5067 1832 5117 multa:
1884 5077 2005 5130 qua:

431 5165 502 5223 ad
564 5172 810 5216 mortem.
857 5159 919 5212 Et
945 5159 1267 5228 procedens,
1305 5157 1444 5210 viam
1510 5155 1678 5210 habes
1707 5171 1827 5224 qua:
1857 5153 2006 5208 ducit

430 5253 499 5313 ad
533 5252 720 5314 vitam,
766 5251 1143 5305 mandatorum
1183 5248 1389 5303 Christi
1450 5247 1908 5302 observationem.
1943 5245 2001 5299 In

435 5347 517 5400 Lis
565 5343 836 5398 mandatis
888 5358 1104 5397 omnem
1162 5343 1380 5396 virtutis
1427 5340 1661 5395 fortnam
1719 5339 2002 5402 invenies;

436 5437 705 5511 praecipue
739 5450 864 5489 vero
917 5435 1030 5489 lucc
1076 5433 1176 5488 tria
1208 5451 1224 5487 :
1258 5433 1641 5498 humilitatem,
1685 5431 2004 5485 charitatem

435 5540 494 5584 et
557 5528 1031 5593 misericordiam,
1086 5529 1202 5582 sine
1263 5527 1460 5596 quibus
1505 5539 1664 5579 nemo
1720 5523 2006 5578 Dominum

438 5621 662 5675 videbit.
699 5639 718 5673 ι
747 5621 814 5675 Et
843 5620 1004 5690 paulo
1034 5629 1157 5690 past
1189 5639 1201 5674 :
1247 5637 1264 5670 ι
1300 5617 1424 5671 llaec
1465 5619 1566 5670 tria
1626 5627 1752 5670 sunt
1808 5615 2008 5668 invicta

2078 4602 2282 4665 πίστις,
2314 4597 2576 4667 πραότης,
2611 4593 2928 4662 ἐγκράτεια,
2965 4591 3060 4643 καὶ
3087 4589 3153 4642 τὰ
3187 4587 3338 4657 ἑξῆς,
3372 4585 3447 4648 ῶς
3486 4600 3655 4653 φησιν

2079 4697 2107 4748 ὁ
2133 4693 2274 4753 θεῖος
2338 4688 2677 4749 ’Δπόστολος,
2728 4683 2970 4754 καρποὺς
3010 4679 3300 4735 ἀποκαλῶν
3359 4677 3499 4731 αῦτά
3562 4673 3659 4728 τοῦ

2081 4787 2227 4840 θείου
2255 4781 2588 4851 Πνεύματος.
2608 4777 2768 4844 Λέγει
2785 4775 2842 4828 δὲ
2864 4773 2958 4827 καὶ
2987 4772 3162 4836 αὖθις
3193 4789 3210 4822 t
3234 4771 3324 4833 Ὠς
3354 4769 3517 4822 τέκνα
3538 4785 3655 4833 φω-

2080 4879 2170 4942 τὸς
2202 4875 2572 4944 περιπατεῖτε.
2608 4889 2624 4920 ι
2665 4869 2722 4922 '0
2754 4867 2860 4936 γὰρ
2879 4864 3089 4935 καρπὸς
3105 4862 3197 4916 τοῦ
3230 4861 3563 4928 Πνεύματος.
3594 4858 3659 4944 εν

2083 4972 2234 5043 πάσῃ
2267 4943 2617 5036 ἀγαθωσύνῃ,
2665 4963 2758 5015 καὶ
2789 4957 3122 5026 δικαιοσύνῃ,
3177 4956 3270 5010 καί
3301 4953 3549 5022 ἀληθείᾳ,
3584 4943 3660 5002 ὧν

2082 5062 2228 5117 ἅπαν
2256 5056 2614 5127 τούναντίονὴ
2641 5054 2815 5122 πλάνη
2837 5052 3119 5118 κέκτηται.
3167 5047 3329 5113 Λέγει
3379 5045 3437 5098 δὲ
3465 5044 3556 5096 καί
3576 5059 3661 5102 τις

2083 5155 2192 5209 τῶν
2223 5151 2515 5218 θεοσὸφων,
2553 5144 2844 5218 ἐρωτηθεὶς
2875 5143 3026 5210 παρά
3053 5156 3216 5202 τινος,
3251 5136 3392 5190 οὕτω
3416 5151 3429 5164 ⁸
3477 5154 3493 5184 ι
3527 5132 3662 5202 Περὶ

2087 5243 2360 5315 σωτηρίας
2422 5240 2638 5309 ἀπλανῆ
2694 5234 2901 5308 τρίϐον,
2938 5233 3011 5296 ὡς
3075 5223 3660 5315 εἴρηκαςηάγαπητὲ,

2088 5310 2277 5391 πολλαί
2331 5335 2468 5387 εἰσιν
2513 5330 2620 5384 ὁδοὶ
2651 5330 2705 5380 αἱ
2747 5324 3058 5389 ἀπάγουσαι
3090 5321 3166 5382 εἰς
3209 5317 3307 5386 τὴν
3353 5312 3520 5381 ζωὴν,
3567 5310 3663 5363 καὶ

2089 5427 2280 5483 πολλαὶ
2313 5428 2369 5479 αἰ
2399 5425 2530 5495 πρὸς
2553 5421 2801 5475 θάνατον.
2830 5416 2941 5471 Καὶ
2971 5411 3195 5482 προῖὼν,
3221 5409 3367 5500 ἔχεις
3403 5405 3530 5500 μίαν

2089 5525 2405 5589 ἀπάγουσαν
2448 5515 2580 5585 πρὸς
2640 5511 2807 5582 ζωὴν,
2858 5507 2955 5576 τὴν
2998 5504 3104 5557 τῶν
3152 5499 3380 5552 ἐντολῶν
3426 5497 3661 5565 Χριστοῦ

2088 5587 2349 5685 τήρησιν·
2393 5609 2483 5660 ἐπὶ
2513 5605 2738 5672 ταύταις
2759 5603 2876 5663 ταῖς
2900 5595 3136 5656 ἐντολαῖς
3173 5592 3426 5660 εὑρήσεις
3485 5587 3664 5637 πίων

437 5721 627 5764 contra
707 5717 984 5767 tta-itiones
1063 5729 1236 5776 arma,
1295 5727 1417 5781 qua:
1470 5711 1628 5764 nobis
1681 5709 1877 5777 largita
1928 5723 1981 5761 cs

2093 5707 2290 5777 ἀρετῆς
2334 5703 2506 5755 ἰδέαν·
2540 5696 2829 5763 ἐξαιρέτως
2859 5691 2935 5751 δὲ,
2987 5689 3054 5739 τὰ
3085 5685 3209 5754 τρία
3235 5683 3403 5736 ταῦτα
3431 5696 3444 5708 ·
3473 5674 3664 5729 ταπεί-

2980 5779 2985 5781 Α
3243 5776 3252 5781 ,
3389 5773 3400 5781 _
3419 5771 3442 5781 _
3472 5768 3484 5781 ,
3545 5765 3569 5781 ,
3589 5765 3600 5781 ,

442 5811 631 5858 sancta
661 5802 922 5868 Trinitas.
955 5804 1308 5860 humilitatem
1360 5801 1478 5858 dico
1511 5814 1560 5856 ct
1595 5800 1912 5856 charitatetn
1958 5808 2009 5853 et

2093 5765 2275 5858 νωτιν,
2312 5793 2552 5858 ἀγάπην,
2586 5787 2675 5840 καὶ
2697 5785 2840 5847 ἕλεος
2860 5798 2873 5812 ο
2901 5779 3103 5833 τούτων
3127 5776 3314 5846 χωρὶς,
3351 5768 3521 5832 οὐδεὶς
3542 5765 3665 5833 ὕψε-
