4032 6208
1500 287 1895 350 OPUSCULA
1926 289 2310 351 ASCETICA.

306 299 413 367 165
1500 287 1895 350 Ol’USCULA
1926 289 2310 351 ASCETICA.
3436 283 3542 350 766

308 447 399 484 ται
421 427 511 481 τὸν
535 424 756 494 Κύριον.
773 441 793 475 ι
819 421 927 475 Καὶ
945 419 1082 491 μετά
1108 418 1314 489 βραχέα
1337 431 1348 444 ·
1382 435 1401 470 t
1431 415 1616 471 Ταῦτα
1651 417 1719 470 τὰ
1737 415 1903 485 cpia,

2003 409 2430 474 inisericordiam,
2466 408 2518 462 in
2573 421 2695 478 quae
2750 418 2901 460 arma
2950 417 3020 459 ne
3075 400 3266 458 oculos
3319 401 3541 472 quidem

309 492 714 587 άκαταμάχητα
742 515 883 568 ὅπλα
917 511 1060 567 κατά
1109 511 1204 564 τοῦ
1230 508 1496 574 διαϐόλου,
1524 509 1666 578 άπερ
1693 510 1725 576 ὴ
1754 508 1886 574 ἀγίσι

2007 499 2136 554 udet
2161 509 2487 554 convertere
2516 499 2827 552 daemonum
2858 511 3106 552 examen.
3136 492 3254 548 Non
3283 501 3366 548 est
3397 492 3540 545 enim

311 580 642 682 Τριάςήμέν
674 606 1006 675 ἐδωρήσατο,
1058 605 1385 655 ταπείνωσιν
1437 599 1601 668 λέγω,
1637 598 1884 668 ἀγάπην,

2007 589 2112 658 pud
2160 602 2256 643 eos
2311 587 2632 642 humilitatis
2683 585 2993 654 vestigium,
3027 581 3122 653 qui
3169 580 3386 651 quidem
3449 594 3547 648 per

313 671 407 758 καί
433 671 599 772 ξλεόξ,
635 701 714 762 εἰς
750 671 894 766 άπερ
927 695 1046 749 οὐδὲ
1074 694 1392 764 ἀντιϐλέψαι
1443 693 1667 750 δύναται
1715 696 1825 756 πᾶς
1861 693 1889 745 6

2004 679 2284 749 uperbiam
2326 679 2380 732 in
2409 679 2664 732 tenebras
2695 677 2853 746 ejecti
2913 685 3065 742 sunt,
3111 673 3419 740 quibusque
3464 671 3546 740 ig-

311 795 420 847 τῶν
443 765 715 862 δαιμόνων
735 765 921 857 ἐσμός.
959 789 1072 840 Οὐκ
1102 786 1347 858 ἔστιγὰρ
1381 786 1530 857 παρά
1559 787 1769 848 τούτοις
1791 802 1885 838 τα-

2003 771 2062 826 tis
2096 781 2334 836 aternus
2361 777 2692 837 paratusest.
2725 767 2828 822 Ubi
2861 767 3004 836 apud
3031 780 3126 821 eos
3156 765 3419 829 eharitas,
3456 771 3552 816 aut

313 879 622 941 πεινῶσεως
648 877 811 946 ἴχνος,
842 875 898 928 οἵ
920 891 984 943 γε
1015 874 1102 929 διὰ
1129 875 1228 945 τὴν
1253 874 1481 945 ἔπαρσιν
1505 873 1889 956 ἐξηφώθησαν,

2003 861 2371 918 nisericordia:
2401 861 2616 925 umbra,
2643 859 2736 927 qui
2792 859 3031 912 humano
3058 857 3238 928 generi
3270 857 3552 910 incessans

314 975 407 1027 καὶ
455 970 568 1041 πῦρ
596 970 776 1031 αὐτοῖς
804 967 1111 1039 ήτοιμάσθη
1145 967 1382 1022 αἰώνιον.
1431 966 1540 1020 Ποῦ
1588 938 1739 1037 παρά
1768 966 1892 1019 τού-

2003 955 2160 1009 ιιιὶυη)
2185 951 2555 1018 ῐονειιι,θιίιι
2613 949 2744 1004 illud
2796 962 3038 1019 pugnare
3093 961 3201 1000 nott
3253 938 3554 998 desinunt?

313 1081 430 1127 τοις
474 1035 663 1129 ἀγάπη
681 1077 716 1123 r,
771 1059 806 1128 ἢ
827 1035 1033 1120 τελέους
1063 1035 1212 1124 σκιά,
1241 1057 1290 1110 οἳ
1319 1057 1456 1128 πρὸς
1503 1057 1566 1110 τὸ
1591 1035 1748 1126 γένος
1778 1055 1890 1110 τῶν

2003 1047 2074 1101 iis
2103 1047 2268 1116 igitur
2303 1044 2472 1099 armis
2496 1041 2918 1102 circnmdemur.
2983 1053 3105 1108 quae
3157 1036 3252 1106 qui
3294 1035 3552 1094 induerit,

314 1125 926 1223 ἀνθρώπωνξάσπονδον
949 1149 1046 1217 τὴν
1069 1147 1162 1218 ἐχθ
1170 1164 1269 1219 ραν
1293 1125 1613 1218 ἐκτήσαντο,
1661 1147 1756 1201 καὶ
1805 1147 1891 1200 δι-

2004 1135 2415 1209 nexpugnabilis
2433 1134 2686 1192 hostibus
2707 1131 2815 1186 ﬁet.
2850 1150 2868 1183 ι
2895 1133 2958 1184 Et
2985 1129 3145 1200 paulo
3168 1137 3326 1197 post:
3354 1145 3372 1177 ι
3405 1125 3558 1178 llunc

315 1245 526 1317 ηνεκῶς
559 1242 813 1310 πολεμεῖν
843 1240 903 1293 οὐ
943 1239 1242 1306 παύονταις
1281 1237 1504 1304 Τούτοις
1546 1238 1732 1292 λοιπὸν
1775 1240 1890 1303 τοῖς

2005 1229 2249 1298 riplicem
2281 1225 2462 1281 funem
2510 1239 2672 1295 quem
2729 1223 2891 1277 nobis
2939 1220 3285 1277 sanctissima
3317 1216 3558 1270 Trinitas

317 1309 495 1401 25:10.;
528 1335 980 1406 θωρακισθῶμεν,
1013 1335 1156 1406 άπερ
1181 1338 1209 1389 6
1253 1335 1581 1405 περιφέρων,
1615 1335 1889 1399 ἀνάλωτος

2003 1317 2259 1372 :ontexuit
2283 1324 2338 1370 et
2361 1314 2676 1376 connexuit,
2727 1312 2977 1366 videmus
3001 1309 3104 1363 tria
3127 1323 3246 1362 esse
3261 1319 3316 1362 et
3347 1322 3510 1359 unum
3539 1321 3555 1369 ;

318 1432 428 1493 τοῖς
454 1427 731 1497 πολεμίοις
758 1426 1116 1496 καθέστηκε.)
1145 1426 1250 1478 Καὶ
1277 1425 1395 1495 μετ’
1425 1424 1643 1492 ὀλίγασι
1670 1424 1889 1494 Ταύτην

319 1526 416 1593 τὴν
447 1521 734 1593 τρίπλοκον
757 1518 965 1589 σειρὰν,
995 1518 1062 1588 ἠν
1091 1520 1124 1586 ἡ
1152 1518 1281 1585 ἁγία
1317 1517 1486 1588 Τριάς
1516 1517 1748 1585 ἐξύφανε
1795 1516 1892 1570 καὶ

321 1610 662 1676 συνέπλεξεν,
685 1610 899 1680 ὁρῶμεν
921 1608 1015 1660 καὶ
1038 1608 1164 1678 τρία
1190 1607 1374 1672 οὖσαν,
1401 1608 1496 1660 καὶ
1522 1608 1602 1661 ἓν.
1627 1608 1767 1678 Τρία
1790 1608 1890 1678 μὲν

320 1705 432 1765 τοῖς
467 1702 744 1770 ὀνόμασιν,
773 1699 902 1752 εἰδὲ
935 1697 1136 1767 βούλει,
1195 1699 1286 1750 καὶ
1319 1700 1438 1762 ταῖς
1489 1698 1888 1752 ὑποστάσεσιν·

1982 1411 2084 1466 tria
2119 1409 2338 1480 quidem
2367 1406 2700 1469 nominibus,
2735 1406 2780 1460 si
2816 1405 2952 1460 velis
2985 1411 3039 1458 et
3060 1402 3307 1470 personis
3336 1415 3352 1462 ;
3385 1414 3554 1450 unum

1983 1511 2163 1558 autem
2199 1499 2437 1570 potentia
2476 1507 2530 1553 et
2559 1496 2799 1554 elﬁcacia
2829 1505 2883 1552 et
2913 1510 2975 1549 ea
3009 1509 3128 1563 quae
3156 1507 3279 1546 cum
3315 1490 3421 1543 Deo
3453 1499 3558 1551 est,

1983 1593 2389 1663 propinquitate
2413 1599 2468 1646 et
2486 1589 2839 1644 inclinatione
2853 1597 2907 1640 et
2928 1584 3318 1640 familiaritate.
3340 1601 3357 1633 ι
3383 1579 3457 1634 De
3479 1581 3562 1634 his

1985 1687 2252 1742 Dominus
2281 1685 2419 1740 dixit
2449 1701 2464 1739 :
2503 1701 2522 1734 ι
2555 1680 2750 1752 Iugum
2778 1695 2958 1734 meum
3001 1694 3167 1733 suave
3199 1686 3302 1740 est,
3334 1685 3389 1729 et
3421 1689 3562 1728 onus

321 1792 378 1847 ἒν
405 1748 488 1856 ἑὲ,
531 1748 989 1861 aisais};
1011 1748 1283 1859 ..,.,'..i,',‘
1336 1748 1438 1842 is
1458 1748 1890 1859 sigpgzésv

2005 1791 2167 1832 neum
2231 1777 2346 1830 leve
2378 1775 2446 1828 ".
2495 1792 2514 1824 ι
2559 1748 2651 1826 Et-
2681 1771 2970 1840 discipilus
3029 1785 3185 1836 quem
3255 1766 3564 1835 diligebat:

263 1866 276 1881 ί
321 1881 604 1951 ἐγγύτητι,
638 1880 733 1934 καὶ
764 1879 965 1944 νεύσει,
1006 1878 1099 1930 καὶ
1119 1879 1432 1949 οἰκειότητι.
1469 1899 1490 1932 ι
1525 1880 1661 1950 Περὶ
1685 1879 1889 1934 τούτων

324 1975 542 2045 εἴρηκεν
598 1974 627 2026 ὁ
659 1971 954 2041 Δεσπότης,
993 1970 1074 2023 ὅτι
1127 1987 1147 2022 ι
1184 1971 1246 2025 Ὀ
1289 1969 1454 2040 ζυγός
1505 1990 1606 2043 μου
1655 1973 1891 2042 χρηστός

327 2078 465 2140 ἐστι,
496 2075 588 2129 καὶ
616 2073 676 2129 τὸ
702 2073 921 2144 φορτίον
947 2089 1050 2143 μου
1075 2073 1338 2144 ἐλαφρόνο
1369 2091 1390 2126 ι
1428 2073 1522 2126 καὶ
1549 2075 1578 2127 6
1603 2075 1894 2146 ἠγαπημέ-

327 2187 416 2232 νος
436 2187 450 2202 ’
485 2187 504 2220 ι
531 2167 638 2221 Καὶ
666 2168 722 2220 αί
749 2165 958 2218 ἐντολαὶ
998 2164 1163 2218 αὐτοῦ
1197 2163 1408 2235 βαρεῖαι
1449 2165 1548 2218 οὐκ
1577 2166 1703 2221 είσί.
1734 2185 1753 2218 ι
1786 2165 1896 2220 Καὶ

331 2260 470 2331 μετά
499 2274 640 2313 τινα·
679 2275 700 2310 ι
735 2257 938 2310 Τούτου
961 2256 1121 2310 ἕνεκα
1139 2256 1284 2326 ψυχὴ
1313 2258 1344 2326 ἡ
1373 2257 1746 2326 ἀνακραθεῖσα
1774 2257 1898 2329 Θεῷ

327 2352 414 2406 διὰ
432 2350 550 2420 βίου
583 2349 951 2419 καθαρότητα,
982 2349 1076 2401 καὶ
1107 2348 1206 2415 τῆς
1239 2347 1346 2400 τῶν
1368 2348 1595 2401 ἐντολῶν
1621 2348 1892 2418 φυλακῆς,

329 2440 555 2493 καὶτῶν
582 2439 748 2510 τριῶν
795 2437 999 2490 τούτων
1049 2437 1252 2502 ὃπλων,
1306 2437 1450 2507 άπερ
1481 2439 1624 2491 εἰσιν
1657 2437 1819 2502 αὐτὸς
1867 2440 1896 2492 6

329 2532 484 2600 Θεὸς,
517 2530 608 2584 τὸν
651 2530 784 2584 Θεὸν
839 2529 1000 2583 αὑτὸν
1047 2529 1352 2593 ἐνεδύσατο,
1396 2531 1491 2583 καὶ
1531 2531 1720 2599 γέγονε
1751 2530 1897 2584 θέσει

239 2702 241 2704 _
331 2624 452 2686 θεὸς
474 2663 488 2684 ,
519 2621 607 2676 διὰ
633 2621 1032 2686 ταπεινώσεως,
1077 2621 1259 2684 ἐλέους
1304 2639 1365 2674 τε
1394 2623 1487 2674 καὶ
1514 2623 1755 2691 ἀγάπης,
1803 2622 1898 2676 καὶ

329 2714 428 2784 τὴν
458 2713 650 2784 ὑλικὴν
681 2713 848 2766 δυάδα
877 2713 1143 2783 περάσας.
1180 2712 1276 2766 καὶ
1323 2713 1675 2784 ὑπεραναὸἀς
1701 2714 1761 2766 τὺ
1801 2713 1896 2766 τοῦ

329 2804 496 2872 νόμου
523 2803 840 2870 κεφάλαιον,
871 2801 968 2869 τὴν
1017 2800 1237 2869 ἀγάπην
1281 2799 1441 2868 λέγω,
1481 2802 1547 2870 τῇ
1596 2798 1900 2870 ὑπερουσίφ

332 2896 425 2948 καὶ
446 2894 722 2963 ζωαρχικῇ
758 2890 948 2962 Τριάδι
977 2889 1246 2962 συνήφθη,
1282 2890 1626 2959 ἐντυγχάνων
1654 2889 1897 2960 ἀμέσως,

332 2990 473 3054 φωτὶ
498 2985 614 3054 φῶς
645 2983 1103 3053 προσλαμϐάνων,
1154 2982 1248 3034 καὶ
1273 2981 1703 3052 εὐφραινόμενος
1724 2982 1900 3052 χαράν

1991 1888 2011 1922 ι
2055 1867 2122 1923 Ει
2158 1867 2415 1922 mandata
2462 1864 2582 1935 ejus
2624 1864 2809 1935 gravia
2843 1876 2948 1916 non
2987 1868 3116 1916 sunt
3159 1858 3228 1911 δ’.
3267 1876 3285 1909 ι
3316 1855 3381 1911 Et
3409 1853 3568 1924 paulo

1986 1970 2110 2032 post
2140 1979 2154 2016 :
2192 1978 2211 2012 ι
2243 1959 2369 2014 ideo
2395 1959 2578 2012 anima
2617 1972 2740 2026 quae
2765 1970 2887 2010 cum
2921 1952 3030 2008 Deo
3058 1967 3153 2022 per
3188 1950 3384 2004 animae
3413 1946 3566 2016 puri-

1987 2062 2153 2108 tatem
2183 2050 2467 2114 miscetur,
2499 2061 2554 2104 et
2577 2065 2678 2119 per
2721 2046 3102 2101 mandatorum
3130 2041 3567 2098 observationem

1985 2144 2111 2200 dum
2146 2145 2260 2198 lure
2289 2143 2391 2196 tria
2442 2156 2593 2195 arma
2625 2154 2732 2210 qua
2765 2146 2894 2193 sunt
2935 2136 3054 2205 ipse
3091 2135 3256 2195 Deus,
3302 2131 3568 2203 possidet.

1987 2233 2157 2289 Deum
2188 2234 2367 2302 ipsum
2419 2231 2597 2286 induit
2643 2238 2700 2285 et
2728 2229 2788 2282 tit
2813 2224 3215 2298 quodammodo
3267 2221 3432 2282 Deus.
3473 2235 3571 2290 per

1987 2323 2352 2382 humilitatem
2383 2338 2578 2394 nempe
2591 2331 2646 2377 et
2661 2321 2986 2377 eharitatetn
3015 2328 3067 2374 et
3095 2313 3525 2373 misericordiam
3553 2328 3571 2376 ;

1986 2418 2314 2474 Materialem
2341 2417 2575 2490 Dyadem
2607 2421 2922 2477 transmeat,
2945 2419 3214 2481 caputque
3255 2406 3415 2477 legis,
3445 2404 3574 2457 cha-

1987 2513 2204 2568 ritatem
2247 2509 2390 2575 dico,
2433 2506 2850 2571 transcendeus,
2883 2518 3008 2559 eum
3060 2493 3573 2570 supersultstautiali

1989 2613 2044 2659 et
2094 2601 2309 2657 viviﬁca
2361 2600 2628 2655 Trinitate
2660 2589 3400 2666 coniungitur,’immediate
3450 2602 3571 2641 eum

1990 2695 2084 2751 illa
2120 2706 2482 2756 conversans,
2507 2690 2689 2744 lumen
2737 2686 2932 2742 lutnini
2982 2682 3251 2755 adjiciens
3277 2690 3332 2736 et
3365 2678 3577 2744 indesi-

1990 2796 2153 2843 nente
2199 2799 2262 2840 ac
2291 2793 2495 2838 aeterno
2517 2782 2714 2852 gaudio
2758 2779 2998 2849 perfusa.
3031 2794 3048 2827 ι
3079 2774 3182 2830 Sed
3213 2774 3278 2827 de
3318 2770 3401 2826 his
3431 2768 3578 2825 sulti-

1993 2882 2289 2950 ciuntquze
2335 2877 2597 2932 diximus.
2631 2872 2821 2942 Operae
2875 2881 3055 2926 autem
3107 2867 3343 2938 pretium
3395 2871 3478 2918 est
3520 2873 3577 2914 ut

1993 2969 2456 3045 quemadmodum
2525 2969 2591 3023 de
2659 2967 2865 3022 erroris
2921 2978 2985 3018 ac
3025 2960 3274 3017 veritatis
3322 2956 3493 3025 signis
3524 2961 3580 3007 et

330 3048 607 3144 ἀδιάδοχον
634 3048 728 3128 καὶ
771 3048 1008 3128 αίιῦνιον.
1044 3093 1062 3126 ι
1085 3073 1224 3126 Ἀλλ’
1257 3048 1470 3144 ἀπόχρη
1504 3048 1598 3126 καὶ
1619 3048 1756 3142 περλ⁷
1777 3048 1870 3127 τού

2003 3065 2268 3122 fructibus
2291 3076 2465 3135 pauca
2493 3075 2559 3115 ex
2586 3068 2739 3128 parte
2764 3053 3215 3116 memoravimus,
3243 3048 3409 3119 (unde
3429 3055 3481 3099 et
3511 3060 3578 3098 ex

329 3182 458 3221 τωνο
501 3167 648 3229 εἰκδς
699 3165 754 3218 δὲ
803 3165 991 3235 ὥσπερ
1050 3164 1157 3233 ἄρα
1222 3164 1352 3235 περὶ
1393 3165 1501 3217 τῶν
1543 3164 1641 3235 τῆς
1696 3165 1902 3240 πλάνῃς

332 3261 430 3312 καὶ
451 3261 548 3328 τῆς
587 3257 846 3325 ἀληθείας
871 3255 1411 3327 διεμνημονεύσαμεν
1441 3257 1515 3320 ὡς
1545 3256 1654 3310 ἀπὸ
1705 3257 1903 3327 μέρους

329 3351 724 3422 γνωρισμάτων
776 3351 867 3403 καὶ
913 3349 1139 3420 καρπῶν
1181 3350 1325 3420 (ὅθεν
1350 3350 1442 3403 καλ⁵
1470 3349 1529 3414 ἐξ
1553 3349 1752 3408 αὐτῶν,
1785 3351 1904 3420 ἦτοι

328 3441 440 3493 τῶν
474 3441 723 3511 καρπῶν,
765 3438 904 3492 κατὰ
933 3442 1023 3492 τὸν
1056 3439 1196 3492 θεῖον
1231 3439 1440 3494 Παῦλον
1489 3439 1904 3509 ἐπιγνωσόμεθά

330 3550 450 3594 πως
473 3533 597 3596 τοὺς
629 3531 1187 3600 ἐνεργουμένους,οἴου
1213 3531 1517 3602 πνεύματὸς
1548 3532 1731 3598 εἰσιν),
1758 3531 1902 3583 οὕτω

2004 3154 2136 3226 ipsis
2162 3167 2356 3223 nempe
2388 3149 2682 3214 fructibus,
2732 3147 3035 3203 secundum
3073 3144 3316 3200 divinum
3351 3138 3583 3193 Paulum

2003 3256 2295 3317 operantes
2322 3243 2660 3315 noverimus,
2690 3240 2850 3308 cujus
2889 3238 3115 3307 spiritus
3149 3231 3305 3304 sint),
3342 3232 3415 3285 ita
3432 3239 3485 3284 et
3513 3229 3580 3282 de

2004 3349 2233 3408 utraque
2263 3335 2592 3390 excitatione
2626 3334 2693 3387 de
2733 3332 2914 3386 divina
2940 3343 3132 3397 nempe
3163 3341 3227 3381 ac
3247 3339 3370 3378 vera
3407 3321 3582 3393 gratia

2003 3440 2058 3487 et
2098 3432 2166 3485 de
2193 3431 2326 3483 falsa
2349 3437 2403 3484 et
2427 3425 2705 3482 contraria
2736 3437 2909 3492 pauca
2953 3437 3019 3475 ex
3055 3418 3306 3472 Patribus
3350 3417 3590 3469 dissera-

2005 3541 2148 3580 mus.
2187 3524 2278 3579 Sic
2307 3522 2471 3592 igitur
2504 3522 2568 3573 de
2594 3533 2656 3572 ea
2689 3515 2930 3584 loquitur
2957 3512 3116 3566 divus
3147 3507 3476 3562 Diadoeltns.

339 3632 438 3686 καὶ
473 3635 601 3702 περὶ
645 3636 743 3702 τῆς
789 3632 848 3699 ἐξ
882 3634 1162 3703 ἑκατέρων
1212 3629 1638 3700 παρακλήσεως,
1692 3628 1794 3698 τῆς
1829 3628 1998 3694 θείας,
2031 3629 2234 3698 φαμὲν,
2277 3627 2371 3678 καὶ
2420 3622 2655 3694 ἀληθοῦς
2689 3625 2930 3694 χάριτος,
2967 3624 3186 3695 καὶτῆς
3213 3623 3586 3686 ἐπιπλάστου,

340 3729 435 3780 καὶ
467 3728 740 3793 ἐναντίας,
784 3727 1015 3797 κρήσεσι
1063 3725 1370 3794 Πατρικαῐς
1403 3724 1522 3776 δέον
1571 3722 1769 3792 μικρόν
1822 3740 1875 3776 τι
1919 3722 2279 3792 διασημᾶναι.
2331 3719 2496 3787 Λέγει
2546 3718 2725 3772 τοίνυν
2758 3715 2890 3782 περὶ
2942 3713 3151 3784 ταύτης
3179 3711 3352 3776 οὕτως
3386 3713 3413 3764 6
3440 3711 3592 3776 Gaio;

317 3841 320 3844 ’
341 3828 594 3885 Διάδοχος
606 3839 620 3854 ⁸

433 3846 502 3879 ίΟΟ
542 3846 620 3885 ος·

433 3846 572 3973 Πεῖἠ
614 3905 1052 3974 παρακλήσεως
1074 3907 1259 3972 θείας,
1303 3907 1401 3960 καί
1426 3907 1823 3961 ἐπιπλάστων.

414 3994 505 4048 οδ’.
539 4017 557 4048 ι
583 3996 748 4049 Ὅταν
777 3999 804 4048 6
829 3996 951 4058 νοῦς
1005 3996 1164 4065 ἡμῶν
1199 3996 1427 4066 ἄρξηται
1461 3998 1560 4066 τῆς
1612 3996 1704 4050 τοῦ
1757 3997 1915 4063 ἁγίου

2294 3907 2366 3959 De
2397 3903 2576 3957 divina
2622 3912 2670 3955 et
2704 3901 2768 3954 de
2802 3901 2939 3968 ιοιιη
2963 3900 3303 3952 excitatione.

2081 4001 2168 4053 74.
2208 3999 2437 4066 Quando
2467 4011 2621 4050 meus
2665 4003 2851 4048 nostra
2889 3992 3080 4060 incipit
3133 3988 3372 4058 Spiritus
3415 3986 3599 4049 sancti,

348 4087 662 4157 Πνεύματος
694 4087 1050 4141 αἰσθάνεσθαι
1085 4090 1508 4160 παρακλήσεως,
1571 4091 1690 4142 τότε
1741 4091 1834 4143 καὶ
1891 4093 1903 4143 ί

2009 4094 2393 4149 excitationem
2443 4087 2668 4154 sentire,
2728 4095 2860 4141 tunc
2887 4094 2941 4138 et
3000 4083 3232 4136 Satanas
3263 4081 3317 4134 in
3351 4079 3596 4149 quodam.

346 4181 590 4242 Σατανᾶς
617 4182 673 4232 ἐν
703 4181 962 4250 ἡδυφανεῖ
983 4199 1088 4234 τινι
1121 4181 1393 4251 αἰσθήσει,
1433 4185 1490 4235 ἐν
1519 4187 1636 4245 ταῖς
1668 4201 1903 4253 νυκτερι-

2007 4200 2226 4241 amoeno
2266 4199 2428 4238 sensu
2483 4191 2537 4234 et
2589 4179 2822 4251 quadam
2873 4187 3138 4232 nocturna
3184 4173 3592 4243 tranquillitate,

345 4275 460 4334 ναῖς
489 4272 758 4342 ἡσυχίαις,
793 4273 884 4326 ὅτε
914 4290 997 4336 τις
1023 4273 1210 4342 ὥσπερ
1240 4275 1318 4336 εἰς
1342 4274 1509 4328 ὕπνου
1557 4273 1700 4336 τινὸς
1729 4275 1920 4327 λεπτο-

2008 4281 2226 4350 quando
2250 4278 2372 4346 quis
2391 4275 2443 4328 in
2468 4273 2727 4327 levissimi
2752 4286 2955 4327 .somnt
2996 4267 3400 4323 inclinationem
3425 4266 3600 4330 venit,

344 4365 506 4416 τάτου
536 4363 752 4434 ἔρχεται
789 4366 984 4435 ῥοπὴν,
1045 4365 1143 4435 τὴν
1192 4365 1369 4435 ψυχὴν
1424 4367 1751 4435 παρακαλεῖ.
1796 4369 1903 4419 Ἐὰπ

2013 4370 2248 4424 animam
2289 4367 2508 4421 excitat.
2570 4382 2588 4415 ι
2622 4363 2678 4418 Si
2712 4364 2876 4434 igitur
2908 4377 3058 4415 mens
3082 4361 3134 4414 in
3167 4358 3379 4414 ardenti
3411 4357 3608 4413 minus.

344 4450 438 4506 05v
476 4455 534 4506 ἐν
768 4429 887 4506 λίαν
1150 4429 1346 4523 εὐρεθῇ
1377 4429 1594 4524 κρατῶν
1629 4455 1657 4506 6
1688 4453 1810 4518 νοῦς
1843 4454 1903 4506 ητί

2020 4462 2281 4516 memoria
2324 4444 2636 4512 inveniatur
2663 4472 2864 4510 nomen
2915 4463 3168 4508 sanetum
3211 4451 3421 4506 Domini
3467 4449 3602 4514 Jestt

343 4545 517 4612 ὄνομα
538 4543 597 4596 τὸ
623 4545 775 4611 ἅγιον
806 4545 899 4597 τοῦ
931 4546 1138 4615 Κυρίου
1183 4545 1380 4614 Ἰησοῦ,
1437 4545 1529 4598 καὶ
1562 4547 1749 4617 ὥσπερ
1771 4547 1918 4612 ὅπλῳ

345 4635 611 4704 κέχρηται
659 4636 798 4690 κατά
835 4637 933 4704 τῆς
981 4637 1196 4706 ἀπάτης
1245 4637 1324 4706 τῷ
1387 4637 1526 4705 ἁγίῳ
1577 4639 1671 4691 καὶ
1722 4638 1918 4707 ἐνδόξῳ

346 4727 542 4795 ἐκείνῳ
586 4727 829 4796 ὀνόματι,
860 4729 1132 4798 ἀναχωρεῖ
1181 4728 1279 4796 μὲν
1310 4730 1348 4781 ὀα
1371 4729 1567 4794 πλάνος
1598 4729 1691 4781 τοῦ
1718 4729 1870 4782 δόλου
1898 4743 1913 4758 ⁸

345 4823 426 4882 εἰς
475 4822 709 4888 πόλεμον
743 4823 798 4874 δὲ
850 4823 1034 4875 λοιπὸν
1088 4822 1453 4875 ὲνυπὸστατον
1485 4823 1776 4887 ἐξάπτεται
1819 4823 1917 4893 τῆς

343 4911 546 4980 ψυχῆς.
589 4912 748 4965 Ὅθεν
774 4915 1150 4980 ἐπιγινώσκων
1181 4915 1209 4966 6
1239 4914 1360 4976 νοῦς
1388 4913 1486 4984 τὴν
1516 4915 1729 4983 ἀπάτην
1754 4918 1915 4985 ἀκρι-

349 5007 458 5066 ϐῶς
510 5005 602 5056 τοῦ
635 5006 891 5074 πονηροῦ.
932 5005 1093 5058 πλέον
1126 5008 1207 5069 είς
1255 5005 1351 5075 τὴν
1391 5009 1584 5076 πεῖραν
1621 5007 1918 5077 προκόπτει

345 5097 443 5161 τῆς
469 5095 843 5163 διακρίσεως.»
865 5098 974 5151 Καὶ
991 5094 1148 5160 αὖθις
1170 5111 1183 5127 ·
1207 5116 1222 5148 ι
1249 5095 1312 5149 Ἦ
1339 5097 1516 5167 ἀγαθὴ
1550 5097 1916 5168 παράκλησις,

347 5187 712 5271 ἐγρηγορότος
741 5187 834 5241 τοῦ
883 5187 1132 5258 σώματος
1177 5188 1382 5255 γίνεται
1402 5205 1416 5220 ο
1448 5188 1479 5259 ἦ
1510 5189 1606 5242 καὶ
1631 5191 1710 5252 είς
1738 5187 1906 5242 ὕπνου

345 5278 489 5339 τινος
528 5278 808 5347 μέλλοντος
841 5278 1096 5350 ἔρχεσθαι
1151 5280 1406 5350 ἔμφασιν,
1443 5282 1529 5334 ὅτε
1554 5299 1638 5344 τις
1661 5283 1716 5334 ἐν
1739 5281 1916 5352 θερμῇ

351 5370 541 5438 μνήμῃ
566 5368 658 5421 τοῦ
696 5369 854 5435 Θεοῦ,
891 5374 954 5442 τῇ
987 5370 1152 5424 αὑτοῦ
1201 5371 1390 5441 ὥσπερ
1425 5371 1748 5440 κεκόλληται
1778 5370 1918 5434 ἀγά-

361 5475 437 5527 πῃ
474 5473 486 5484 ·
519 5461 550 5526 ἡ
581 5459 636 5510 δὲ
669 5459 766 5529 τῆς
791 5461 997 5530 πλάνης
1030 5465 1110 5526 είς
1132 5462 1326 5516 λεπτόν
1355 5479 1476 5514 τινα
1495 5463 1601 5522 ἀεὶ,
1635 5461 1710 5524 ὡς
1743 5458 1914 5524 εἷπον,

350 5546 519 5599 ὕπνον
549 5548 794 5612 ἐλθόντος
823 5549 916 5603 τοῦ
946 5550 1298 5620 ἀγνωνιστοῦ,
1336 5554 1469 5623 μετὰ
1496 5553 1666 5623 μέσης
1699 5554 1917 5622 μνήμης

411 5732 455 5763 ⁴¹¹
485 5729 674 5788 Matth.
712 5751 787 5802 xl,
829 5735 918 5791 30.
1023 5737 1069 5768 "
1099 5738 1118 5790 l
1150 5737 1304 5795 Joan.
1344 5756 1396 5805 v,
1429 5741 1484 5798 5.

2023 4568 2317 4622 occupans,
2349 4567 2520 4620 eoque
2559 4549 2910 4605 sanctissimo
2961 4556 3015 4601 et
3059 4543 3460 4615 gloriosissimo
3496 4557 3595 4596 no-
3692 4547 3696 4551 ‘

2022 4648 2169 4700 mine
2204 4654 2395 4699 contra
2447 4641 2820 4709 deceptiouem
2878 4647 3083 4698 utatur,
3121 4635 3244 4688 dolo
3293 4634 3454 4687 tinem
3499 4634 3605 4685 im-.

2023 4736 2178 4807 ponit
2236 4733 2502 4797 dolosus;
2557 4729 2702 4783 bello
2758 4737 2940 4780 autem
3008 4721 3299 4777 manifesto
3357 4720 3611 4781 animam,

2023 4827 2178 4896 petit.
2210 4824 2364 4881 Unde
2392 4823 2549 4878 dolos
2599 4819 2820 4888 maligni
2854 4816 3100 4888 apprime
3131 4829 3387 4880 noscens,
3428 4810 3615 4881 magis.

2020 4922 2074 4975 in
2127 4915 2470 4974 discretionis
2501 4913 2838 4982 experientia
2873 4909 3107 4979 proﬁcit.
3165 4927 3183 4960 ι
3233 4907 3299 4962 Et
3333 4920 3552 4960 rursum
3582 4920 3612 4968 τε

2025 5031 2044 5065 ι
2077 5012 2223 5065 Bona
2272 5007 2527 5065 excitatio
2581 5006 2660 5071 ﬁt,
2713 5003 2971 5072 vigilante
3021 5015 3300 5070 corpore;
3350 5009 3445 5052 aut
3475 5011 3616 5059 eum,

2019 5102 2150 5157 illud
2180 5102 2234 5156 in
2261 5116 2326 5155 eo
2354 5107 2439 5155 est
2463 5107 2523 5153 ut
2549 5100 2604 5152 in
2650 5111 2830 5154 sonmt
2864 5093 3149 5162 cujusdam
3190 5090 3599 5146 simulatioqem

2019 5199 2276 5259 introeat,
2310 5190 2531 5262 quando
2557 5193 2678 5261 quis
2718 5191 2772 5243 in
2805 5186 3015 5242 ardenti
3059 5183 3150 5238 Dei
3192 5181 3453 5236 memoria
3483 5177 3611 5246 ejul.

2021 5286 2278 5342 t‘ltaritati
2309 5286 2420 5340 fere
2449 5283 2761 5342 adunatur;
2791 5279 2980 5334 dolosa
3015 5285 3196 5331 autem
3257 5271 3514 5328 excitatie
3542 5271 3612 5334 ιιιε

2021 5381 2262 5451 quando,
2293 5389 2352 5432 ut
2376 5377 2509 5443 dixi,
2544 5379 2596 5430 in
2629 5376 2800 5429 levem
2838 5372 3126 5444 quemdam
3159 5381 3414 5424 somnum
3452 5362 3605 5429 venit

2022 5481 2262 5527 certatur
2295 5484 2417 5523 cum
2455 5467 2634 5522 media
2670 5465 2762 5519 Dei
2817 5463 3103 5518 memoria.
3135 5460 3314 5514 Altera
3353 5455 3594 5525 quidem,

2025 5576 2280 5635 tanquam
2318 5577 2383 5617 ex
2412 5560 2521 5616 Deo
2548 5568 2694 5626 orta,
2728 5557 3012 5612 maniieste
3055 5556 3265 5607 animas
3293 5563 3479 5604 eorum
3506 5545 3607 5617 qui
