4032 6208
324 359 433 426 76')

1518 347 1917 409 OPUSCULA
1944 346 2336 409 ASCETICA.

3466 352 3569 412 T70

328 496 473 563 ὕδωρ
493 493 521 545 ὃ
557 489 711 543 δώσω
741 485 912 553 αὐτῷ,
948 483 1234 553 γενήσεται
1264 480 1320 531 ἐν
1348 474 1494 546 αὐτῷ
1536 474 1686 545 πηγὴ
1716 472 1906 534 ῦδατος

2010 456 2124 513 lens
2190 475 2347 530 aqua:
2382 462 2627 517 salientis
2680 463 2732 517 iu
2761 465 2925 518 vitam
2980 471 3240 517 mtcrnam
3294 462 3357 516 “.
3421 482 3440 516 ι
3512 466 3577 519 ει

331 584 626 652 ἁλλομένου
662 580 740 637 είς
774 578 915 645 ζωὴν
947 574 1182 627 αἰώνιον.
1210 590 1228 621 ι
1262 569 1368 621 Kal
1391 563 1575 630 αὖθις⁶
1609 584 1625 616 ι
1667 564 1791 617 Ἐάν
1822 580 1905 625 τις

329 671 733 746 διψᾷ,ὲρχέσθω
761 668 893 736 πρός
916 682 1003 734 με,
1036 665 1129 715 καὶ
1154 660 1368 715 πινέτω.
1397 676 1517 710 ι-ι
1554 657 1610 709 Ὀ
1641 653 1907 709 πιστεύων

333 772 411 831 είς
433 745 576 834 Ῠὲμὲ,
606 759 785 821 καθὼς
814 754 965 810 εἶπεν
988 752 1247 824 ἡΓραφὴ,
1267 749 1500 819 ποταμοὶ
1517 750 1577 800 ὲκ
1591 748 1689 815 τῆς
1707 745 1910 834 κοιλίας

334 833 496 913 αὐτοῦ
528 848 1039 925 ρεύσουσιν.ῦδατος
1075 844 1297 908 ζῶντος.
1332 839 1502 893 Τοῦτο
1528 839 1584 890 δὲ
1620 834 1739 890 εἷπε
1783 833 1912 904 περὶ

334 949 429 1001 τοῦ
480 943 818 1012 Πνεύματος,
848 958 870 991 γι
910 939 1056 1003 λέγει
1098 935 1128 986 6
1166 930 1508 1002 Ἑπιστήθιος
1532 947 1602 1003 ,Πι
1639 925 1912 997 ὂέμελλον

336 1036 633 1107 λαμὸἀνειν
678 1035 725 1085 οἱ
779 1026 1243 1088 πιστεύοντεςέίς
1291 1022 1483 1076 αὐτόν·
1512 1039 1531 1073 ι
1566 1020 1659 1073 καὶ
1681 1021 1709 1072 6
1742 1017 1913 1088 μέγας

339 1106 579 1191 Παῦλοςο
608 1146 626 1179 ι
671 1120 1078 1189 Ἐξαπέστειλεν
1102 1120 1130 1171 6
1152 1117 1283 1179 Θεδς
1322 1114 1382 1168 τὸ
1408 1111 1630 1181 Πνεῦμα
1658 1109 1751 1162 τοῦ
1789 1106 1913 1160 Υίοῦ

340 1220 525 1286 αὐτοῦ,
542 1221 620 1284 είς
638 1218 734 1282 τὰς
762 1214 983 1286 καρδίας
1002 1210 1178 1284 ημῶν,
1196 1206 1425 1281 κρᾶζον·
1443 1202 1611 1257 Ἀὅόᾶ
1624 1204 1650 1254 6
1668 1200 1876 1270 Πατήρ.
1890 1217 1909 1251 ι

347 1496 475 1547 Ὀτι
505 1493 543 1560 ἡ
573 1486 943 1559 πνευματικὴ
974 1486 1365 1560 αὕτηῄᾃονὴ,
1418 1484 1516 1539 καί
1560 1482 1918 1551 πολύσημός

799 1560 953 1621 ἐστι,
985 1559 1081 1610 καὶ
1114 1556 1448 1623 ἀνώνυμος.

412 1656 520 1715 ος’.
554 1650 711 1711 “litt;
732 1647 892 1718 ἡδονὴ
921 1646 1266 1717 πνευματικὴ
1295 1645 1577 1716 ὑπερφυὴς
1608 1649 1701 1697 καὶ
1731 1644 1913 1713 ζωήῤ-

346 1743 526 1811 ρυτος,
556 1738 650 1791 καὶ
678 1736 1041 1798 ἐνυπόστατος
1084 1734 1382 1803 έλλαμψιςο
1438 1734 1576 1803 ὑπὲρ
1623 1731 1798 1800 φωτός
1852 1746 1914 1783 τε

343 1829 561 1897 γνόφος,
592 1827 693 1879 καὶ
713 1826 905 1888 κάλλος
931 1826 1229 1894 ἀμήχανον,
1283 1824 1377 1877 καὶ
1403 1822 1643 1893 όρεκτῶν
1670 1822 1730 1875 τδ
1756 1821 1919 1893 ἀκρό-

345 1937 523 1984 τατον,
549 1918 751 1987 ὲποψία
778 1934 837 1971 τε
873 1918 966 1971 καὶ
996 1916 1241 1979 θεοπτία,
1284 1916 1377 1968 καὶ
1402 1914 1596 1978 θέωσις
1626 1913 1921 1986 προσείρη-

348 2028 439 2064 ται
472 2008 767 2080 μυστικῶς,
817 2008 1192 2077 ἀνέκφραστος
1249 2006 1483 2076 μένουσα
1539 2004 1632 2057 καὶ
1679 2003 1814 2073 μετά
1857 2003 1918 2057 τὸ

349 2098 658 2169 φρασθῆναι
686 2097 1057 2167 ὁπωσδήποτε,
1088 2097 1181 2150 καὶ
1212 2096 1488 2165 ἄγνωστος
1525 2094 1662 2165 μετὰ
1693 2096 1754 2147 τὸ
1779 2112 1917 2162 γνωο

355 2188 569 2255 σθῆναι,
604 2186 699 2239 καὶ
735 2186 872 2256 μετὰ
906 2186 966 2239 τὸ
1000 2185 1348 2256 διανοηθῆναι
1402 2185 1772 2251 ἀνεπινόητος.
1811 2184 1920 2237 Kal

353 2279 502 2348 λέγει
530 2280 557 2330 6
591 2277 761 2347 μέγας
788 2276 1062 2339 Διονύσιος
1084 2293 1098 2306 ο
1141 2294 1161 2327 ι
1188 2276 1342 2329 Κατά
1369 2273 1556 2328 τοῦτον
1581 2278 1739 2344 ἡμεῖς
1769 2273 1924 2340 γενέ-

360 2376 483 2418 σθαι
531 2369 620 2418 τὸν
658 2367 977 2435 ὑπέρφωτον
998 2366 1270 2435 εὐχόμεθα
1300 2366 1519 2435 γνόφον,
1547 2366 1640 2417 καὶ
1666 2364 1734 2416 δι’
1763 2364 1928 2417 ἀϐλε-

351 2460 503 2526 ῲίας,
539 2460 631 2510 καὶ
663 2458 957 2525 ἀγνωσίας,
991 2459 1117 2511 ἰδεῖν
1140 2460 1234 2510 καὶ
1258 2458 1486 2525 γνῶναι,
1512 2458 1602 2511 τὸν
1633 2458 1773 2527 ὑπὲρ
1796 2458 1925 2510 θέαν

352 2554 447 2603 καὶ
463 2550 683 2616 γνῶσιν,
702 2550 833 2604 αὐτὸ
853 2551 913 2601 τὸ
932 2550 1005 2620 μὴ
1038 2550 1185 2613 ίδεῖν,
1213 2550 1347 2620 μηδὲ
1375 2550 1581 2617 γνῶναι
1601 2566 1613 2581 ⁸
1643 2550 1800 2603 τοῦτο
1821 2550 1928 2617 γάρ

352 2644 471 2694 ἔστι
496 2641 554 2694 τὸ
596 2641 766 2705 ὅντως
808 2642 934 2695 ἰδεῖν
966 2642 1059 2695 καὶ
1097 2642 1321 2710 γνῶναι,
1352 2642 1562 2695 καὶτὸν
1604 2640 1929 2712 ὑπερούσιον

353 2734 459 2787 ὑπε
468 2734 693 2804 ρουσίως
714 2735 971 2805 ὑμνῆσαι,
987 2733 1077 2788 διὰ
1092 2734 1192 2804 τῆς
1216 2734 1433 2788 πάντων
1451 2735 1560 2787 τῶν
1577 2733 1744 2786 ὄντων
1762 2735 1929 2801 ἀφαι-

355 2826 578 2897 ρέσεως.
599 2846 617 2879 ι
648 2828 767 2879 Ἔτι
797 2844 811 2858 ο
847 2846 864 2878 ι
909 2827 966 2881 '0
998 2826 1139 2890 θεῖος
1170 2827 1363 2895 γνόφος
1390 2828 1527 2890 ἐστὶ,
1550 2826 1611 2879 τὸ
1634 2826 1928 2895 ἀπρόσιτον

356 2918 497 2985 φῶς,
534 2912 652 2986 ὲνῷ
686 2921 959 2973 κατοικεῖν
1001 2921 1029 2973 6
1067 2919 1198 2983 Θεὸς
1219 2920 1459 2987 λέγεται,
1488 2919 1582 2973 καὶ
1625 2920 1841 2989 ἀοράτῳ
1866 2936 1930 2987 γε

350 3012 487 3077 bim,
504 3011 593 3065 διὰ
621 3013 717 3082 τὴν
734 2998 1103 3083 ὑπερέχουσαν
1120 3016 1416 3084 φανότητα,
1434 3014 1526 3066 καὶ
1547 3012 1825 3084 ἀπροσίτῳ
1851 3010 1929 3082 τῷ

2004 565 2216 603 rursum
2249 564 2265 605 :
2302 569 2321 602 ι
2356 549 2412 605 Si
2448 552 2571 620 quis
2601 551 2735 617 sitit,
2769 552 2950 606 veniat
2987 553 3052 605 ad
3080 567 3163 607 me
3192 564 3243 607 et
3271 553 3421 609 bibat
3449 553 3514 608 “.
3549 579 3569 605 ι

2006 641 2105 705 Qui
2141 641 2314 696 credit
2368 642 2421 697 in
2479 660 2582 708 me,
2636 652 2696 697 ut
2729 644 2857 698 dicit
2905 643 3209 715 Scriptura,
3239 644 3462 701 ﬂumina
3509 648 3577 700 de

2004 742 2191 787 ventre
2218 732 2335 801 ejus
2372 733 2541 788 ﬂuent
2580 750 2736 804 aqua:
2783 735 2938 789 vivae.
2971 736 3085 790 lloc
3113 746 3291 791 autem
3348 738 3483 791 dixit
3507 739 3573 791 dc

2008 822 2213 892 Spiritu
2247 824 2315 880 ".
2352 842 2370 876 ι
2404 825 2545 879 Dicit
2587 834 2811 881 sanctus
2835 824 3070 882 Joannes
3103 844 3116 880 :
3159 846 3177 879 ι
3214 827 3367 893 Quod
3416 828 3575 882 debe-

2005 912 2139 968 bant
2175 915 2421 985 accipere
2468 917 2752 970 credentes
2800 918 2852 970 in
2907 934 3030 972 eum
3060 919 3125 972 “.
3170 936 3187 968 ι
3232 917 3297 971 Et
3348 935 3575 989 magnus

2006 1006 2246 1062 Paulus:
2286 1024 2305 1057 ι
2344 1006 2485 1061 Misit
2534 1006 2673 1061 Deus
2710 1008 2965 1076 Spiritum
3024 1009 3143 1064 Filii
3192 1011 3274 1065 sui
3314 1010 3367 1065 in
3413 1014 3573 1063 curda

2006 1110 2193 1155 nostra
2227 1100 2549 1155 clamantem
2582 1103 2794 1166 :Abba,
2832 1100 2988 1156 Pater
3019 1102 3085 1153 δ’.
3120 1120 3139 1154 ο

2010 1483 2163 1549 Quod
2185 1479 2613 1551 spiritualishwc
2648 1476 2829 1532 latitia
2863 1482 2913 1551 et
2948 1474 3113 1551 inulla
3164 1473 3311 1543 signa
3347 1472 3500 1526 habet
3524 1482 3573 1527 et

2531 1563 2714 1601 nomen
2738 1563 2843 1599 non
2872 1546 3047 1599 habet.

2078 1643 2167 1700 76.
2203 1642 2328 1698 Ila’c
2352 1641 2656 1711 spiritualis
2685 1639 2866 1694 laetitia
2900 1636 3335 1708 supernaturalis
3359 1645 3411 1691 et
3444 1637 3582 1689 vivi-

2014 1737 2111 1791 ﬁca
2175 1746 2229 1790 et
2286 1728 2661 1790 substantialis
2706 1742 2790 1786 est
2839 1731 3137 1800 splendor;
3169 1730 3403 1785 teuebrm
3459 1746 3581 1797 quae

2007 1845 2169 1897 supra
2204 1829 2391 1883 lumen
2422 1837 2571 1890 sunt,
2595 1833 2649 1880 et
2678 1824 3030 1894 pulchritudo
3054 1824 3471 1893 inexplicabilis.
3524 1836 3579 1878 et

2007 1920 2451 1978 desiderabilium
2502 1921 2823 1981 maximum,
2861 1916 3150 1984 inspectio,
3184 1926 3235 1970 et
3265 1914 3357 1970 Dei
3408 1914 3575 1977 visio,

2008 2023 2062 2069 et
2085 2013 2358 2069 deiﬂcatio
2382 2011 2609 2082 mystice
2631 2008 2955 2078 appellatur,
2988 2025 3004 2072 ;
3032 2008 3125 2063 sed
3158 2018 3406 2061 remanet
3463 2024 3571 2059 non

2008 2105 2310 2167 nominata,
2374 2111 2661 2171 postquam
2744 2097 3021 2154 nominata
3085 2106 3191 2161 est,
3260 2108 3313 2153 et
3371 2097 3575 2165 ignota,

2007 2207 2295 2266 postquam
2328 2193 2546 2263 cognita
2578 2200 2681 2257 est,
2711 2199 2764 2246 et
2822 2207 2929 2245 non
2978 2190 3234 2260 eogitata,
3283 2199 3573 2259 postquam

2009 2287 2243 2356 cogitata
2269 2294 2372 2340 est.
2395 2284 2459 2339 Et
2488 2283 2620 2338 dicit
2646 2298 2876 2353 magnus
2916 2281 3205 2351 Dionysius
3233 2270 3255 2335 :7
3293 2298 3313 2332 ι
3352 2280 3431 2333 Ad
3454 2281 3575 2334 ἱΙΙίς

2011 2394 2111 2434 nos
2148 2379 2430 2448 pervenire
2461 2376 2721 2432 tenebras
2751 2385 3179 2445 optamus,'quaz
3205 2388 3365 2443 supra
3393 2373 3573 2427 lumen

2010 2476 2139 2522 sunt
2177 2476 2273 2533 ;et
2313 2482 2409 2536 per
2446 2465 2836 2521 obscuritatem
2892 2463 3040 2518 illam
3099 2474 3153 2518 et
3210 2463 3575 2533 ignorantiam

2011 2560 2194 2615 videre
2220 2570 2270 2611 et
2299 2573 2526 2614 noscere
2548 2574 2673 2613 eum
2702 2556 2795 2626 qui
2830 2571 2991 2625 supra
3027 2554 3287 2609 visiOue‘m
3313 2556 3579 2624 cognitiu-

2012 2668 2243 2723 nemque
2282 2660 2385 2716 est,
2435 2650 2516 2706 sic
2572 2665 2767 2720 nempe
2805 2650 2988 2703 videre
3038 2659 3089 2704 et
3138 2665 3348 2703 nou-ere
3399 2649 3576 2716 ipsum

2012 2761 2120 2801 uon
2149 2744 2349 2799 risibile
2378 2754 2555 2798 etnon
2594 2741 2862 2796 noscibile.
2903 2742 2956 2797 id
3004 2742 3149 2796 enim
3201 2752 3284 2796 est
3341 2756 3465 2794 vere
3501 2743 3579 2792 vi-

2012 2838 2141 2891 dere
2189 2843 2241 2889 et
2310 2835 2472 2899 scire,
2525 2842 2578 2887 et
2634 2832 3209 2903 supersubstantialem
3283 2833 3579 2901 supersub-

2012 2926 2339 2984 stautialiter
2398 2926 2696 2986 celebrare.
2760 2940 2856 2993 per
2909 2925 3153 2979 omnium
3206 2933 3575 2978 creaturarum

2014 3020 2362 3075 ablationem.
2398 3036 2417 3071 ι
2484 3017 2547 3071 Ει
2598 3017 2821 3071 adhuc:
2861 3034 2879 3067 ι
2912 3014 3115 3069 Diviure
3174 3017 3408 3069 tenebrae
3451 3028 3580 3070 sunt

350 3103 522 3174 αύτῷ,
540 3104 606 3158 δι’
621 3104 920 3177 ὑπερϐολὴν
951 3105 1275 3177 ύπερουσίου
1308 3105 1669 3176 φωτοχυσίας.
1688 3106 1776 3158 Ἐν
1808 3104 1923 3157 τού-

2010 3112 2191 3165 lumeu
2217 3108 2610 3171 inaccessibile,
2633 3109 2683 3161 in
2705 3107 3078 3178 quohabitare
3098 3108 3236 3162 Deus
3260 3107 3458 3161 dicitur
3484 3122 3499 3166 ;
3526 3116 3581 3161 et

352 3215 430 3267 τῳ
455 3197 661 3264 γίνεται
690 3199 815 3261 πᾶς,
833 3200 861 3251 6
879 3180 1021 3251 ’Θεὸν
1053 3197 1276 3266 γνῶναι,
1307 3198 1401 3252 xal
1424 3197 1551 3251 ίδεῐν
1571 3198 1887 3267 ἀξιούμενος
1908 3213 1924 3228 ο

350 3288 501 3359 αύτῷ
544 3288 622 3357 τῷ
665 3289 739 3360 μὴ
777 3291 908 3361 όρᾷν
944 3290 1077 3361 μηδὲ
1122 3289 1435 3357 γινώσκειν,
1471 3290 1708 3361 ἀληθῶς,
1748 3291 1805 3343 ὲν
1849 3290 1928 3361 τῷ

353 3381 723 3451 ύτὲρόρασιν,
757 3382 849 3434 καὶ
912 3381 1114 3449 γνῶσιν
1163 3382 1524 3451 γιγνόμενος·
1578 3382 1738 3435 τοῦτο
1794 3382 1928 3434 αὐτὸ

349 3473 657 3540 γινώσκων,
686 3476 769 3527 ὅτι
827 3493 891 3541 με
904 3476 965 3528 τὰ
994 3474 1173 3529 πάντα
1201 3475 1319 3528 ἐστὶ
1342 3474 1411 3528 τά
1439 3474 1672 3546 αἰσθητὰ
1730 3476 1825 3528 καὶ
1861 3474 1929 3528 τὰ

349 3567 571 3635 νοητά.»
596 3566 701 3619 Καὶ
726 3569 753 3620 6
777 3567 948 3636 μέγας
975 3568 1251 3630 Βασίλειος
1268 3582 1283 3598 ο
1305 3586 1322 3619 ι
1339 3568 1600 3639 ’Λρῤητοι
1633 3565 1925 3630 παντελῶς,

352 3655 447 3709 καὶ
477 3656 858 3727 ἀνεκδιήγητοι
887 3657 980 3711 τοῦ
1040 3658 1185 3719 θείου
1232 3657 1462 3722 κάλλους
1502 3659 1559 3711 al
1609 3658 1923 3727 ἀστραπαί·

351 3748 412 3801 οὐ
444 3748 741 3819 παρίστησι
774 3749 953 3816 λόγος,
986 3750 1045 3802 ού
1084 3751 1296 3819 δέχεται
1334 3751 1494 3820 ἀκοὴ,
1520 3751 1619 3804 κᾶν
1650 3750 1927 3820 έωσφόρου

351 3839 527 3907 αῦγάς
559 3839 740 3910 εἴπης,
800 3842 905 3894 κᾶν
959 3841 1188 3912 σελήνης
1219 3843 1585 3913 φαιδρότητα,
1638 3844 1743 3896 κᾶν
1775 3824 1932 3913 ἡλίού

351 3930 490 3999 φῶς,
552 3932 728 3985 πάντα
760 3931 931 4002 ἄτιμα
962 3926 1111 4004 πρὸς
1142 3936 1393 3987 εἰκασίαν
1442 3938 1542 4005 τῆς
1594 3936 1773 4006 δόξης,
1833 3936 1928 3989 καὶ

354 4022 517 4075 πλέον
570 4022 977 4095 ἀπολειπόμενα
1013 4026 1148 4097 πρὸς
1180 4026 1277 4097 τὴν
1312 4026 1406 4080 τοῦ
1460 4028 1710 4097 ἀληθινοῦ
1750 4028 1928 4097 φωτὸς

353 4114 666 4186 σύγκρισιν,
699 4117 731 4187 ἢ
764 4118 887 4171 ὅσον
929 4118 1119 4187 βαθεῖα
1144 4121 1262 4186 νὺξ,
1293 4122 1387 4173 καὶ
1419 4121 1618 4192 στυγνὴ
1654 4124 1919 4192 σκοτομή-

349 4223 438 4274 νη,
484 4206 831 4278 μεσημϐρίας
856 4208 1445 4281 καθαρωτάτης.Τοῦτο
1474 4214 1533 4266 τὸ
1560 4213 1772 4279 κάλλος,
1804 4232 1929 4285 σαρ-

351 4294 523 4356 κίνοις
555 4296 654 4363 μὲν
684 4296 981 4368 ὀφθαλμοῖς
1035 4299 1529 4373 ἀθεώρητον,ψυχῇ
1556 4303 1611 4356 δὲ
1648 4305 1782 4376 μόνῃ
1831 4308 1927 4361 καὶ

2010 3203 2299 3262 invisibile,
2326 3200 2750 3269 propteripsius
2797 3199 3127 3253 eminentem
3188 3198 3527 3265 splendorem
3558 3216 3574 3260 ;

2008 3293 2381 3371 inaccessibile
2400 3306 2549 3356 vero,
2566 3300 2787 3361 pmplt‘l’
2806 3289 3579 3355 supersubstantialiseﬂusin-

2007 3386 2093 3438 nis
2122 3399 2427 3438 excessum.
2462 3382 2520 3437 lu
2563 3382 2665 3436 huc
2722 3381 2927 3435 lumine
2965 3392 3108 3435 totus
3142 3390 3225 3435 cst
3286 3382 3377 3449 qui
3410 3380 3576 3435 [lcum

2009 3490 2235 3530 noscere
2257 3485 2309 3528 et
2333 3475 2516 3529 videre
2537 3474 2765 3528 meritus
2793 3482 2877 3527 est
2910 3491 2925 3539 ;
2958 3474 3075 3541 ipso
3100 3490 3203 3527 non
3227 3476 3397 3528 videre
3418 3492 3582 3541 neque

2009 3583 2242 3632 noscere,
2276 3568 2329 3618 in
2357 3566 2408 3618 id
2430 3566 2573 3634 quod
2604 3579 2769 3634 supra
2809 3563 3070 3617 visionem
3095 3574 3177 3617 est
3205 3580 3271 3618 ac
3327 3567 3576 3619 substan-

2010 3660 2137 3714 tiam
2169 3658 2470 3713 translatus
2503 3675 2518 3723 ;
2569 3657 2804 3725 idipsum
2854 3656 3058 3719 sciens,
3090 3654 3235 3723 quod
3274 3666 3356 3710 est
3412 3673 3577 3726 sup-a

2009 3751 2191 3805 omnia
2222 3749 2496 3805 sensibilia
2523 3758 2575 3802 et
2601 3747 2980 3817 iutelligi'uilia.
3013 3765 3033 3801 ι
3072 3747 3131 3800 Et
3166 3764 3394 3817 inaguus
3428 3748 3581 3801 Busi-

2012 3844 2117 3898 lius
2162 3860 2176 3896 :
2221 3860 2239 3895 ι
2272 3840 2575 3896 lueli‘abiles
2608 3841 2830 3895 omnino
2861 3851 2915 3895 et
2956 3839 3353 3893 inenarrabiles
3386 3840 3581 3894 divinae

2010 3937 2433 4009 pulchritudinis
2475 3935 2634 3991 radii.
2675 3934 2792 3988 Non
2827 3949 2922 3987 eos
2953 3935 3165 4003 attingit
3220 3950 3420 3995 Sermo,
3473 3951 3577 3986 uuu

2010 4046 2171 4085 aures
2192 4030 2383 4085 audire
2413 4037 2661 4098 possunt,
2695 4028 2908 4083 etiatnsi
2959 4027 3168 4082 lucifcri
3233 4026 3575 4095 splendorem

2011 4122 2163 4177 dicas
2183 4131 2237 4176 et
2269 4122 2410 4175 lunaa
2436 4121 2763 4176 claritatem.
2788 4120 2981 4173 Omnia
3016 4118 3141 4173 vilia
3180 4134 3289 4187 prae
3331 4120 3430 4173 bac
3465 4119 3580 4187 ειη.

2010 4214 2113 4277 ria,
2145 4222 2199 4268 et
2227 4214 2401 4283 magis
2459 4212 2663 4269 distant
2714 4227 2742 4264 a
2800 4224 2927 4265 vero
2980 4208 3074 4263 illo
3128 4208 3356 4272 lumine,
3412 4224 3577 4279 quam

2012 4316 2275 4376 quantum
2300 4304 2569 4375 profunla
2616 4311 2668 4357 et
2713 4302 2898 4356 illunis
2922 4316 3029 4354 nox
3061 4317 3089 4353 a
3120 4301 3413 4370 purissimo
3460 4316 3575 4355 me-

350 4382 563 4487 διανοίᾳ
614 4389 978 4460 καταληπτόν.
1027 4393 1135 4445 Kal
1174 4393 1227 4445 εί
1263 4393 1364 4447 πού
1400 4412 1552 4458 τινας
1585 4398 1923 4466 περιέλαμψε

2015 4400 2168 4454 ridie.
2199 4399 2291 4453 Illa
2328 4396 2690 4467 pulchritudo,
2723 4394 3169 4464 earneisquidem
3222 4393 3398 4449 oculis
3446 4394 3582 4447 invi-
3656 4396 3659 4398 ’

347 4475 461 4529 τῶν
498 4478 691 4545 ἁγίων,
741 4481 1015 4552 ἀφόρητον
1044 4485 1139 4538 τοῦ
1176 4487 1336 4540 πόθου
1391 4487 1450 4540 τὸ
1484 4489 1707 4560 κέντρον
1740 4492 1925 4554 αὐτοῖς

349 4566 735 4633 ἐγκατέλιπεν,
765 4572 814 4625 οἳ
871 4574 1126 4639 ἀλύοντες
1162 4577 1297 4647 πρὸς
1357 4577 1455 4648 τὴν
1488 4578 1722 4633 ἐνταῦθα
1756 4580 1923 4651 ζωὴν,

350 4659 538 4727 ελεγον
564 4677 578 4691 ·
604 4662 761 4732 Οἴμοι
796 4666 809 4717 l
842 4666 921 4718 ὅτι
968 4668 1001 4737 ἡ
1033 4670 1291 4738 παροικία
1323 4688 1424 4740 μου
1458 4672 1799 4743 ἐμακρύνθη,
1833 4675 1927 4726 καὶ

350 4749 606 4821 ἐδίψησεν
633 4753 825 4824 ἡψυχὴ
862 4772 965 4824 μου
1002 4756 1137 4826 πρὸς
1174 4758 1264 4809 τὸν
1299 4758 1429 4810 Θεὸν
1458 4759 1548 4811 τὸν
1580 4759 1798 4832 ἰσχυρὸν
1836 4761 1928 4813 τὸν

351 4840 532 4904 ζῶντα
559 4858 572 4871 ’
610 4845 737 4897 πότε
772 4846 907 4917 ἥξω,
944 4848 1036 4899 καὶ
1069 4848 1375 4918 ὀφθήσομαι
1413 4848 1490 4919 τῷ
1520 4852 1794 4920 προσώπῳ
1833 4850 1926 4905 τοῦ

350 4932 487 4985 Θεοῦ
517 4952 654 4999 μους
685 4938 795 4990 Kal
822 4939 902 5002 τὸ,
952 4940 1244 4993 Ἀναλῦσαι
1275 4943 1368 4994 καὶ
1401 4943 1497 4995 σὺν
1522 4943 1741 5015 Χριστῷ
1765 4940 1923 5008 εἶναι,

352 5024 535 5095 πολλῷ
562 5029 761 5097 μᾶλλον
786 5033 1060 5100 κρεῖσσον.
1103 5032 1231 5098 Kal,
1257 5031 1374 5085 Νῦν
1396 5033 1652 5097 ἀπολύεις
1681 5037 1772 5089 τὸν
1805 5028 1939 5089 δοῦο⁴

351 5118 445 5170 λόν
469 5136 585 5185 σου,
620 5123 887 5188 Δέσποτα,
926 5125 1066 5178 κατά
1097 5125 1159 5177 τὸ
1190 5125 1345 5196 ῥῆμά
1378 5142 1473 5179 σου
1506 5128 1563 5180 ὲν
1597 5129 1787 5199 εἰρήνῃ
1807 5146 1821 5161 θ
1851 5129 1928 5192 ὡς

350 5210 728 5282 δεσμωτήριον
748 5215 845 5283 τὴν
878 5216 1110 5270 ἐνταῦθα
1136 5218 1432 5288 ἡγούμενοι
1462 5218 1607 5290 ζωήν
1626 5236 1642 5252 ·
1673 5221 1727 5274 οἵ
1750 5238 1811 5288 γε
1837 5221 1927 5275 διὰ

352 5303 414 5356 τὸ
446 5304 759 5375 ἀκορέστως
796 5306 941 5377 ἔχειν
966 5308 1067 5377 τῆς
1103 5309 1336 5382 θεωρίας
1379 5310 1473 5364 τοῦ
1500 5311 1646 5365 θείου
1672 5311 1924 5378 κάλλους,

354 5395 521 5465 εὐχὴν
574 5397 874 5465 ἐποιοῦντο,
917 5400 1067 5473 πάσῃ
1129 5404 1195 5472 τῇ
1249 5403 1452 5472 αἰωνίῳ
1486 5403 1623 5474 ζωῇ,
1666 5422 1927 5476 συμπαρ-

353 5488 695 5542 εκτείνεσθαι
728 5491 825 5563 τὴν
871 5492 1105 5565 θεωρίαν
1133 5493 1232 5565 τῆς
1266 5494 1650 5565 λαμπρότητος
1672 5496 1766 5551 τοῦ
1821 5500 1929 5552 Κυ-

357 5578 647 5645 ρίου.›Καὶ
662 5583 691 5635 6
707 5581 967 5653 Θεολόγος
987 5602 1000 5615 ·
1026 5604 1043 5636 ι
1070 5578 1144 5639 Οὗ
1166 5586 1195 5638 6
1216 5586 1398 5655 φόϐος,
1420 5586 1648 5639 ἐντολῶν
1670 5588 1924 5659 τήρησις,

419 5711 742 5777 "Juan.iv,
786 5714 875 5767 15.
948 5713 992 5744 ⁸⁵
1021 5710 1178 5767 Joan.
1221 5708 1433 5770 vu.37.
1510 5706 1713 5765 “Ibid.
1741 5710 1830 5765 38.

356 5782 399 5814 “
426 5782 572 5838 I‘s‘al.
614 5800 724 5849 ut,
763 5783 816 5836 5.
914 5784 957 5814 '°
986 5782 1115 5837 Luc.
1158 5798 1217 5845 ιι,
1251 5781 1341 5833 ‘29.

1926 5712 1969 5744 “
1996 5708 2016 5764 ι
2045 5707 2207 5763 Joan.
2241 5717 2291 5770 ν,
2335 5700 2388 5756 5.
2469 5698 2512 5733 ⁸⁷
2549 5698 2709 5755 Rom.
2740 5712 2858 5761 vui,
2883 5697 2969 5753 l5.

2011 4491 2190 4548 sibilis
2217 4499 2318 4545 est.
2353 4490 2548 4543 animae
2575 4497 2755 4541 autem
2789 4486 2889 4541 soli
2915 4500 2979 4540 ac
2998 4486 3312 4556 cogitationi
3337 4502 3584 4553 compre-

2014 4582 2314 4637 bensibilis.
2342 4579 2405 4632 Et
2435 4580 2479 4635 si
2512 4579 2734 4648 quando
2792 4576 3071 4645 aliquibus
3098 4577 3303 4631 sanctis
3355 4576 3580 4638 eﬂ'ulsit.

2012 4670 2411 4725 intolerandum
2442 4667 2715 4722 desideriii
2745 4665 2998 4720 aculeum
3038 4664 3093 4717 in
3148 4666 3281 4733 ipsis
3328 4666 3600 4734 reliquit,

2011 4764 2102 4833 qui
2126 4762 2192 4817 ad
2216 4762 2452 4816 futuram
2487 4761 2649 4813 vitam
2679 4774 2790 4827 pra:
2818 4758 3016 4827 gaudio
3044 4758 3405 4822 exsultantes,
3431 4759 3583 4813 dice-

2012 4856 2141 4908 bant
2169 4873 2181 4908 :
2227 4868 2246 4903 ι
2294 4850 2405 4904 lleu
2438 4851 2565 4903 mihi
2619 4850 2632 4903 l
2669 4849 2794 4917 quia
2826 4848 3089 4902 incolatus
3117 4862 3268 4901 meus
3300 4850 3583 4918 prolonga-

2015 4959 2102 4999 tus
2130 4952 2217 4999 est
2242 4943 2287 4976 "
2322 4960 2337 5009 ;
2372 4963 2389 4995 ι
2420 4943 2525 4996 Et:
2595 4958 2612 4991 ι
2646 4940 2825 4995 Sitivil
2889 4940 3072 4993 anima
3126 4952 3243 4993 mea
3291 4942 3355 4995 ad
3417 4942 3583 4995 Deum

2013 5038 2235 5099 fortem,
2262 5036 2443 5089 vivum
2483 5049 2498 5098 ;
2533 5035 2753 5103 quando
2776 5034 2991 5087 veniam
3029 5041 3083 5086 et
3138 5033 3413 5101 apparebo
3459 5046 3587 5088 ante

2011 5129 2207 5185 faciem
2241 5127 2331 5182 Dei
2358 5126 2462 5180 mei
2487 5125 2578 5179 ιιι
2614 5143 2633 5177 ι
2674 5124 2740 5178 Ει
2765 5125 2983 5179 adhuc:
3027 5141 3046 5175 ι
3109 5122 3342 5179 Dissolvi
3386 5134 3588 5180 etesse

2014 5237 2137 5279 cum
2163 5219 2407 5282 Christo,
2437 5220 2610 5273 multo
2640 5217 2854 5273 melius.
2884 5234 2904 5269 ι
2946 5216 3055 5271 Ει;
3098 5235 3116 5268 ι
3152 5216 3306 5273 Nunc
3359 5218 3587 5275 dimittis

2011 5328 2229 5371 servum
2265 5319 2440 5376 tuum,
2475 5308 2728 5375 nomine;
2782 5308 3088 5363 secundum
3138 5308 3365 5362 verbum
3429 5316 3583 5362 tuum

2012 5408 2065 5459 in
2096 5416 2228 5474 pace
2267 5400 2313 5432 ”
2347 5417 2363 5468 ;
2395 5417 2414 5451 ι
2442 5408 2699 5468 tauquam
2727 5412 2999 5454 carcerem
3036 5399 3176 5453 hanc
3199 5398 3361 5452 vitam
3384 5397 3588 5452 haben-

2015 5505 2101 5552 ιρις
2134 5511 2148 5561 ;
2186 5492 2279 5564 qui
2333 5492 2575 5562 quidem.
2615 5504 2738 5543 eum
2772 5488 2972 5545 divina:
3004 5487 3425 5560 pulchritudinis
3453 5503 3585 5543 cou-

2021 5585 2376 5657 tcmplatione
2430 5580 2616 5638 satiari
2675 5580 3315 5650 nequirent,cupicbaut
3381 5589 3442 5635 ut
3490 5595 3588 5649 per

3071 5693 3115 5726 δ’
3142 5692 3287 5748 Psal.
3312 5707 3501 5763 cxxtx,
3529 5693 3586 5753 5.
