4088 6208
446 264 547 327 ’ῖῗι
1294 264 1640 326 CALLIS’N
1688 264 1786 326 ET
1828 262 2129 327 IGNATil
2170 262 2860 328 XANTHOPULURUM

451 380 899 451 vitantazternam
962 376 1381 445 prolongaretur
1432 375 1537 430 sibi
1566 374 1753 445 gloria:
1810 371 2027 428 Domini

2127 364 2188 425 οῦ
2234 372 2292 426 δὲ
2317 369 2545 426 ἐντολῶν
2592 373 2842 445 τήρησις,
2903 373 3104 447 σαρκὸς
3131 375 3417 450 κάθαρσις,
3451 378 3556 433 τοῦ
3594 383 3716 436 ἐπι-

445 470 851 538 contemplatio.
874 486 893 520 ι
927 469 992 521 Ει
1019 467 1328 540 Τίιεοιοεηε
1356 484 1370 522 :
1410 487 1428 519 ι
1462 467 1634 535 Cujus
1662 467 1847 530 timor,
1877 479 2033 521 man-

2128 463 2489 535 προσθοῦντος
2517 469 2583 538 τῇ
2613 465 2759 538 ψυχῇ
2796 468 3011 535 νέφους,
3038 469 3133 522 καὶ
3174 470 3275 524 ούκ
3303 471 3506 537 ἐῶντος
3538 474 3718 528 καθα-

446 564 699 618 datorum
727 560 1037 621 observatio
1065 568 1168 621 est,
1200 558 1386 615 carnis
1413 558 1719 621 niuudatio,
1768 572 1892 625 quae
1911 567 2037 609 tan-

2130 558 2237 626 ρῶς
2270 557 2395 612 ίδεῖν
2420 559 2519 630 τὴν
2553 559 2704 615 Θείαν
2729 562 2945 625 ἀκτῖνα,
2979 555 3043 615 οῦ
3074 562 3131 616 δὲ
3172 563 3462 635 κάθαρσις,
3495 563 3718 634 ἐλλαμ-

447 668 612 725 quam
643 652 815 706 nubes
837 651 1073 705 animam
1126 650 1453 714 circumdat,
1515 664 1689 716 neque
1727 646 1859 705 sinit
1911 661 2031 701 eam

2124 647 2239 717 ψις,
2255 648 2521 719 ἔλλαμψις
2535 650 2614 714 δὲ,
2637 650 2801 704 πόθου
2823 652 3125 722 πλήρωσις,
3141 657 3252 718 τοῖς
3274 654 3382 707 τῶν
3400 655 3715 724 μεγίστων,

3606 266 3713 329 ’ἷτὲ

449 745 663 796 divinos
686 741 866 795 radios
890 739 1074 793 videre
1109 754 1124 802 ;
1159 737 1316 806 cujus
1368 736 1676 798 inundatio,
1712 734 2035 789 inluminatio

448 839 552 892 est,
612 829 941 883 illuminatio
997 836 1204 892 autem,
1269 825 1525 881 desiderii
1569 824 1904 894 adimpletio,
1961 822 2035 877 iis

451 923 543 991 qui
577 922 814 976 maxima
848 929 943 973 aut
967 918 1269 973 maximum
1314 924 1409 971 aut
1437 931 1600 986 supra
1628 930 1819 985 magna
1880 912 2033 969 desi-

450 1017 664 1071 derant.
697 1033 714 1065 ι
751 1013 818 1067 Ει
844 1013 1001 1067 divus
1028 1010 1327 1080 Gregorius
1384 1009 1704 1081 Nyssenus:
1743 1025 1763 1059 ι
1801 1005 1858 1061 Si
1903 1020 2032 1062 eva-

450 1105 731 1168 cuaveris,
762 1120 858 1172 per
896 1102 1021 1157 vitae
1059 1117 1270 1164 curam,
1296 1100 1613 1155 eli‘ormalas
1668 1100 1721 1153 in
1753 1099 1915 1154 corde
1942 1107 2036 1152 tuo

452 1195 665 1257 sordes,
690 1193 965 1263 et'l‘ulgebit
998 1193 1093 1246 tibi
1122 1192 1303 1246 divina
1369 1191 1741 1261 pulchritudo,
1774 1200 2035 1260 tanquam

451 1287 506 1340 in
544 1286 685 1339 ferro
721 1286 832 1339 ﬁeri
863 1287 1021 1338 solet.
1053 1282 1189 1338 Cum
1228 1282 1375 1337 enim
1414 1298 1509 1352 per
1548 1291 1723 1335 cotem
1784 1280 2031 1351 rubigine

456 1379 722 1431 nudatum
757 1386 838 1430 est
871 1376 1018 1443 quod
1053 1375 1205 1445 prius
1246 1385 1426 1429 atrurn
1457 1385 1597 1438 erat,
1638 1375 1820 1429 radios
1872 1388 2039 1444 quos-

458 1469 584 1522 dam
627 1483 653 1519 a
682 1484 740 1521 se
764 1469 828 1521 ad
854 1467 1023 1522 solem
1050 1477 1104 1522 et
1132 1467 1370 1537 fulgores
1408 1465 1589 1522 nitens
1632 1466 1831 1521 emittit
1882 1483 1899 1532 ;
1956 1466 2038 1522 sic

460 1570 518 1615 et
556 1562 718 1614 homo
746 1560 996 1626 interior,
1049 1575 1209 1629 quem
1278 1575 1375 1615 eor
1432 1560 1679 1615 nominat
1724 1558 2033 1626 Dominus;

455 1663 743 1725 postquam
776 1655 1061 1706 abstersus
1091 1652 1191 1706 erit
1241 1650 1564 1721 aeruginosis
1594 1652 1855 1707 sordibus
1905 1668 2029 1721 qua:

454 1760 549 1814 per
575 1743 872 1813 malignum
905 1757 1186 1797 mucorem
1213 1742 1385 1812 ipsius
1416 1743 1808 1813 pulchritudini
1848 1742 2033 1798 adha-

450 1845 666 1900 seruut,
704 1851 921 1892 rursum
971 1835 1384 1895 similitudinem
1422 1852 1548 1890 eum
1583 1837 1876 1907 archetypo
1916 1851 2043 1892 sus-

2123 740 2158 812 ἢ
2189 740 2284 793 τοῦ
2318 740 2597 811 μεγίστου,
2632 742 2666 814 ἢ
2699 743 2838 813 ὑπὲρ
2864 743 2925 796 τὸ
2956 746 3100 813 μέγα
3129 746 3464 814 ἐφιεμένοις.
3486 766 3507 798 ι
3540 748 3663 799 Καὶ
3688 750 3717 800 ὁ

2124 833 2348 904 Νύσσης
2366 835 2510 899 θεῖος
2538 838 2871 908 Γρηγόριος·
2900 840 2995 893 «El
3024 840 3398 905 ἀποκλύσειας
3416 843 3483 895 δι’
3518 845 3720 913 ἐπιμε-

2125 924 2273 990 λείας
2299 926 2438 997 βίου,
2467 927 2558 981 τὸν
2588 930 2989 984 ἐπι-κλασθέντα
3015 933 3082 1000 τῇ
3133 931 3333 1002 καρδία
3364 950 3458 986 σου
3509 933 3716 1002 ρῦπον,

2129 1017 2443 1090 ἀναλάμψει
2474 1036 2559 1075 σοι
2586 1020 2647 1075 τὸ
2669 1019 2901 1086 θεοειδῖς
2927 1021 3141 1087 κάλλος,
3155 1021 3346 1095 ὥσπερ
3380 1025 3473 1077 ἐπὶ
3498 1025 3604 1078 τοῦ
3637 1043 3721 1078 σι-

2122 1110 2290 1181 δήρου
2318 1110 2565 1179 γίνεσθαι
2604 1113 2870 1183 πέφυκεν.
2905 1114 3075 1167 Ὅταν
3120 1113 3229 1183 γὰρ
3262 1115 3329 1168 δι’
3360 1115 3573 1186 ἀκόνης
3619 1117 3718 1169 τοῦ

2128 1202 2205 1255 ίοῦ
2227 1202 2536 1273 γυμνωθείη
2582 1204 2611 1257 ὁ
2640 1205 2746 1271 πρὸ
2776 1204 2958 1272 ὀλίγου
3001 1204 3191 1275 μέλας,
3224 1206 3402 1274 αὐγάς
3426 1224 3595 1271 τινας
3622 1208 3721 1276 ἀφ’

2126 1295 2319 1348 ἑαυτοῦ
2370 1294 2503 1366 πρὸς
2533 1295 2623 1348 τὸν
2651 1296 2801 1367 ἥλιον
2832 1295 3061 1348 στίλόων
3097 1299 3192 1350 καὶ
3220 1297 3590 1368 λαμπηδόνας
3620 1300 3721 1351 ὲκ-

2122 1388 2357 1442 δίδωσιν·
2382 1388 2527 1443 οὕτω
2548 1388 2642 1443 καὶ
2668 1391 2696 1442 ὁ
2725 1388 2873 1442 ἔνδον
2894 1388 3199 1459 ἄνθρωπος,
3228 1390 3289 1443 ὃν
3316 1392 3555 1462 καρδίαν
3593 1393 3723 1447 ὀνο-

2128 1480 2289 1551 μάζει
2326 1481 2355 1533 ό
2378 1479 2583 1551 Κύριος
2621 1497 2635 1510 ·
2667 1480 2889 1534 ὲπειδάν
2929 1480 3266 1550 ἀποξύσηται
3320 1482 3412 1535 τὸν
3442 1484 3586 1555 ίὼδη
3616 1484 3723 1556 ῥῦ-

2123 1589 2246 1637 πον,
2271 1571 2363 1626 τὸν
2386 1570 2474 1625 διὰ
2494 1571 2593 1625 τοῦ
2642 1570 2883 1639 πονηροῦ
2932 1570 3171 1641 εὐρῶτος
3200 1572 3600 1644 ἑπανθήσαντα
3647 1578 3719 1646 τῇ

2130 1664 2333 1732 μορφῇ,
2369 1660 2531 1714 πάλιν
2581 1660 2916 1731 ἀναλήψεται
2950 1662 3049 1731 τὴν
3103 1661 3239 1733 πρὸς
3294 1661 3355 1715 τὸ
3393 1664 3723 1733 ἀρχέτυπον

2123 1752 2441 1821 ὁμοιότητα,
2469 1754 2563 1804 καὶ
2590 1751 2793 1819 ἀγαθὸς
2823 1752 2995 1815 ἔσται,
3024 1749 3102 1820 τῷ
3129 1752 3239 1821 γάρ
3270 1752 3486 1821 ἀγαθῷ,
3520 1754 3723 1823 ὅμοιον

2123 1841 2327 1911 ἀγαθὸν
2362 1842 2579 1906 πάντως
2598 1841 2973 1896 ἐπακολουθεῖ.
3007 1861 3025 1894 ι
3060 1843 3172 1896 Καὶ
3221 1845 3250 1896 ό
3280 1844 3438 1911 syro;
3459 1844 3674 1907 Νεῖλος
3702 1859 3719 1876 ⁸

451 1932 640 2001 eipiet,
675 1939 730 1985 et
760 1929 1045 1985 bonuserit
1072 1947 1088 1997 ;
1121 1930 1323 1985 bonum
1350 1938 1437 1984 est
1466 1928 1613 1984 enim
1639 1929 1786 1998 quod
1828 1929 2033 1984 bonum

2129 1954 2149 1987 ι
2162 1937 2446 2006 Μακάριος
2466 1937 2493 1988 6
2510 1934 2834 1988 καταλαϐὼν
2849 1936 2947 2003 τὴν
2969 1934 3213 2002 ἄγνοιαν,
3230 1934 3329 2005 τὴν
3347 1936 3449 2005 τῆς
3465 1953 3720 2007 προσευ-

448 2022 729 2092 sequitur.
768 2038 788 2072 ι
827 2021 891 2074 Et
923 2031 1149 2077 sanctus
1196 2018 1352 2075 Nilus
1384 2036 1398 2073 :
1436 2037 1457 2071 ι
1501 2018 1704 2075 Beatus
1760 2019 1853 2088 qui
1883 2020 2041 2090 igno-

2122 2027 2224 2098 χῆς
2247 2024 2604 2096 ἀχώριστον.»
2631 2026 2739 2080 Καὶ
2759 2027 2788 2078 ὁ
2804 2026 2899 2096 τῆς
2930 2025 3209 2096 Κλίμακος
3226 2042 3240 2056 ’
3267 2044 3287 2076 ι
3303 2026 3587 2090 Ἀὃυσσος
3606 2029 3716 2099 μὲν

453 2113 688 2166 ramiam
720 2109 973 2177 suscipit,
1000 2123 1120 2163 eam
1173 2124 1295 2179 quae
1323 2110 1391 2164 ab
1446 2109 1697 2165 oratione
1760 2112 2041 2178 insepara-

2123 2118 2375 2182 πένθους,
2433 2118 2776 2188 παράκλησιν
2806 2118 3086 2182 ὲθεάσατο,
3127 2117 3435 2188 καθαρότης
3466 2118 3531 2171 δὲ
3569 2137 3716 2189 καρο

454 2203 581 2259 bilis
623 2209 733 2257 est.
772 2218 791 2251 ι
842 2199 910 2252 Ει
951 2200 1161 2254 Clima:
1200 2217 1217 2255 :
1274 2202 1519 2271 Abyssus
1570 2201 1788 2270 quidem
1839 2202 2041 2259 doloris

2123 2209 2261 2275 δίας,
2282 2210 2501 2277 ἐδέξατο
2529 2210 2814 2281 ἐλλαμψιν,
2840 2209 3101 2281 ἔλλαμψίς
3122 2213 3271 2263 ἐστιν
3291 2211 3535 2281 ἄρῤητος
3560 2212 3716 2282 ἐνέρ-

460 2293 898 2349 consolationem
928 2292 1086 2353 vidit.
1111 2292 1360 2362 purgatio
1382 2292 1567 2347 cordis
1594 2293 1835 2362 suscepit
1857 2295 2041 2364 splen-

2126 2318 2271 2368 γεια,
2305 2300 2555 2372 ὁρωμένη
2612 2302 2881 2372 ἀοράτως,
2931 2304 3027 2354 καὶ
3056 2301 3321 2370 νοουμένη
3366 2300 3703 2369 ἀγνώστως.

455 2387 667 2448 durem,
701 2380 970 2454 splendor
1003 2381 1299 2437 ineEabilis
1332 2390 1415 2438 est
1445 2383 1645 2451 virtus,
1678 2399 1844 2454 quam
1897 2385 2041 2439 invl-

2121 2407 2220 2460 Διά
2239 2423 2320 2459 τοι
2353 2405 2510 2458 τοῦτο
2536 2404 2630 2457 καὶ
2652 2403 2972 2474 τρισόλϐιοι,
2993 2403 3041 2455 οί
3076 2402 3217 2454 κατά
3244 2399 3344 2469 τὴν
3374 2399 3542 2474 πάλαι
3568 2400 3718 2453 M1-

457 2477 690 2535 sibiliter
767 2475 1034 2539 videmus,
1084 2483 1140 2530 et
1205 2475 1386 2545 ignote
1438 2475 1761 2545 cegitamus.
1809 2474 2044 2547 Ideoque

452 2579 512 2624 ct
542 2578 623 2624 ter
656 2568 821 2633 beati,
845 2568 961 2639 qui,
992 2575 1052 2622 ut
1075 2569 1255 2637 prisca
1280 2567 1371 2625 illa
1395 2565 1585 2633 Maria,
1607 2569 1871 2639 optimam
1891 2569 2039 2624 illam

463 2671 674 2733 partem
704 2672 759 2716 et
789 2662 1002 2717 vivendi
1036 2661 1303 2717 rationem
1336 2662 1648 2733 elegerunt,
1703 2662 2041 2730 spiritualem

454 2765 515 2810 et
540 2767 661 2824 quae
685 2770 790 2810 non
826 2762 1003 2825 potest
1061 2752 1291 2820 auferri,
1320 2762 1378 2809 et
1402 2754 1494 2808 tali
1527 2753 1839 2811 haereditate
1898 2754 2041 2811 divi-

459 2861 532 2901 na
561 2846 711 2916 digni
743 2845 912 2900 habiti
944 2856 1095 2913 sunt,
1128 2845 1203 2899 ita
1257 2853 1319 2900 ut
1347 2859 1472 2899 cum
1532 2845 1703 2901 multa
1759 2845 2040 2914 voluptate

461 2934 729 2989 exstatica
754 2934 888 3004 ipsis
909 2950 1033 2987 rum
1081 2933 1269 2989 divino
1321 2933 1496 2990 Paulo
1558 2934 1721 2990 liceat
1784 2934 2042 3006 inspirari

2123 2499 2264 2567 ρίαν,
2299 2498 2397 2567 τὴν
2447 2497 2657 2566 ἀγαθὴν
2699 2495 2907 2565 ταύτην
2934 2493 3127 2564 μερίδα
3169 2493 3263 2546 καὶ
3296 2492 3576 2544 πολιτείαν
3610 2494 3719 2545 ὲκ-

2119 2588 2424 2660 λεξάμενοι,
2452 2587 2552 2659 τὴν
2590 2587 2969 2658 πνευματικὴν
3035 2587 3130 2639 καὶ
3159 2584 3544 2654 ἀναφαίρετον,
3601 2585 3718 2637 καὶ

2118 2681 2374 2752 τοιαύτης
2430 2680 2724 2751 εὐκληρίας
2784 2678 3122 2732 θεωικὲλλου
3180 2676 3496 2748 ἠξιωμένοι,
3554 2676 3714 2730 ὥστε

2129 2773 2269 2843 μετὰ
2302 2773 2520 2837 πολλοῦ,
2547 2773 2642 2826 καὶ
2697 2770 3018 2826 ὲκστατικοῦ
3065 2769 3159 2823 τοῦ
3215 2769 3571 2836 γάνους,⁷σῦν
3620 2767 3715 2837 τῷ

2116 2865 2248 2934 θείῳ
2274 2864 2468 2936 Παύλῳ
2489 2864 2690 2927 ἐξεῖναι
2707 2864 2890 2927 αὐτοῖς
2916 2861 3221 2929 ἀναφανδὸν
3246 2860 3529 2931 ὲνθουσιᾷν
3552 2858 3713 2927 ἅμα,

2118 2956 2212 3008 καὶ
2246 2955 2373 3027 βοᾷν
2401 2954 2481 3017 τὸ,
2506 2955 2635 3009 Ὅτε
2667 2956 2701 3027 ἠ
2747 2954 3054 3027 χρηστότης
3107 2953 3200 3007 καὶ
3230 2952 3265 3024 ἡ
3312 2942 3715 3021 φίλανθρωττία

457 3039 514 3079 et
540 3025 777 3080 clamare
803 3024 1070 3093 Apparuit
1099 3023 1272 3093 gratia
1321 3033 1374 3079 et
1406 3023 1710 3095 benignitas
1743 3024 2041 3080 Salvatoris

2122 3023 2362 3117 ἐπεφάνη
2390 3035 2485 3099 τοῦ
2518 3023 2942 3119 Σιυτῆροςνημῶν
2961 3044 3119 3113 Θεοῦ,
3152 3023 3261 3099 ούκ
3291 3044 3351 3108 ἐξ
3380 3044 3561 3116 ἔργων
3584 3043 3712 3096 τῶν

462 3116 637 3171 nostri
668 3114 787 3178 Dei,
818 3130 927 3168 non
966 3130 1033 3168 ex
1062 3114 1324 3184 operibus
1342 3114 1590 3185 iustitia,
1617 3114 1714 3185 sed
1739 3115 2039 3170 secundum

460 3221 614 3262 suam
650 3203 1083 3260 misericordiam
1112 3189 1346 3261 salvavit
1367 3221 1466 3262 nos
1493 3221 1588 3278 per
1658 3206 1937 3261 lavacrum
1960 3220 2046 3264 re.

453 3297 831 3373 generationis
857 3304 912 3352 et
936 3296 1309 3352 renovationis
1371 3297 1608 3368 Spiritus
1659 3298 1859 3362 sancti,
1880 3313 2043 3367 quem

452 3390 655 3447 eﬁudit
678 3390 732 3445 in
766 3404 865 3445 nos
890 3389 1106 3445 abunde
1133 3404 1231 3460 per
1267 3387 1456 3447 Jesmn
1480 3387 1755 3447 Christum
1802 3387 2046 3445 Salvato-

460 3498 579 3543 rem
609 3491 881 3546 nostrum,
906 3490 966 3536 ut
1019 3480 1307 3551 iustiﬁcati
1337 3480 1512 3552 gratia
1562 3480 1755 3552 ipsius,
1801 3480 2045 3539 hatredes

461 3575 644 3631 simus
669 3574 961 3629 secundum
996 3589 1149 3645 spem
1198 3574 1322 3629 vitae
1347 3584 1584 3629 aeternae.
1623 3590 1643 3625 ι
1677 3570 1744 3628 Et
1782 3587 2043 3629 rursum:

458 3664 566 3733 Qui
598 3666 753 3725 unxit
782 3681 880 3720 nos
910 3672 966 3718 et
986 3664 1225 3737 signavit
1260 3678 1383 3729 nos,
1414 3672 1482 3719 et
1499 3663 1825 3720 dedituobis
1851 3664 2046 3732 pignus

459 3757 698 3828 Spiritus
726 3756 782 3812 in
797 3756 1056 3813 cordibus
1084 3756 1309 3813 nostris.
1353 3774 1373 3808 ι
1395 3754 1464 3810 Et
1494 3772 1511 3813 :
1548 3772 1568 3807 ι
1610 3754 1883 3811 Habemus
1919 3755 2041 3811 tlte.-

474 3863 699 3903 saurum
727 3848 892 3903 istum
914 3847 967 3901 in
1005 3847 1153 3901 vasis
1183 3846 1483 3912 ﬁctilibus;
1519 3855 1576 3902 ut
1625 3846 1696 3901 sit
1725 3846 2045 3903 excellentia

463 3939 685 3995 virtut-is
715 3938 833 4003 Dei,
872 3946 1055 3993 etnon
1086 3952 1155 3993 ex
1183 3936 1365 3993 nobis.
1403 3954 1422 3989 ι
1455 3938 1633 4008 Atque
1700 3937 1776 3991 ita
1825 3939 2046 4007 quidem

468 4031 582 4097 illi;
608 4032 753 4102 quod
779 4033 986 4088 utinam
1016 4032 1179 4087 nobis
1198 4029 1293 4085 liat
1323 4043 1418 4102 per
1441 4043 1630 4085 eorum
1656 4029 1721 4085 ad
1755 4029 2062 4087 Dominum‘

462 4122 716 4178 ardentes
740 4123 1045 4187 orationes,
1075 4136 1139 4179 ex
1171 4129 1347 4193 parte,
1372 4132 1432 4178 ut
1458 4120 1563 4178 illis
1583 4121 1831 4193 contigit,
1861 4137 2021 4194 agere

469 4212 843 4269 misericordia
882 4221 936 4268 et
995 4214 1169 4283 gratia
1212 4212 1229 4268 l

467 4448 623 4517 Quod
641 4453 943 4525 necessario,
964 4463 1165 4518 oportet
1195 4454 1312 4508 miti
1341 4454 1498 4508 corde
1526 4469 1641 4525 esse
1671 4469 1787 4508 eum
1809 4452 1900 4525 qui
1927 4469 2039 4508 om-

890 4524 1016 4577 nino
1032 4539 1212 4593 pacem
1243 4539 1395 4593 agere
1423 4524 1618 4579 studet.

541 4765 629 4819 77.
657 4763 788 4817 illud
847 4773 1029 4817 autem
1092 4770 1306 4832 oportet
1336 4772 1407 4823 te,
1439 4776 1472 4813 ο
1503 4758 1600 4824 ﬁli,
1631 4775 1739 4827 prae
1789 4757 2046 4813 omnibus

465 4872 664 4918 etcum
716 4859 969 4912 omnibus
1018 4856 1182 4922 scire,
1238 4868 1434 4923 nempe
1453 4853 1597 4923 quod
1644 4853 1737 4921 qui
1796 4853 2047 4924 sagittam

470 4952 585 5007 vult
609 4951 880 5012 emittere,
914 4964 1020 5001 non
1047 4947 1256 5017 absque
1285 4945 1460 5016 signis
1486 4959 1610 4999 eam
1636 4944 1864 5009 emittit.
1893 4944 1965 4999 ita
1994 4952 2050 4999 et

467 5046 563 5116 qui
592 5058 777 5113 pacem
801 5041 913 5101 vult
936 5055 1117 5107 agere,
1149 5037 1263 5093 miti
1307 5037 1470 5092 corde
1504 5051 1624 5092 esse
1645 5035 1824 5101 debet,
1868 5035 2049 5091 ethoc

468 5141 682 5211 signum
711 5136 815 5190 sibi
854 5133 1076 5188 habere.
1114 5130 1182 5185 Et
1206 5129 1336 5184 dicit
1368 5139 1597 5185 sanctus
1622 5126 1910 5183 Isidorus:
1965 5127 2048 5183 Ad

471 5230 726 5284 virtutem
767 5240 876 5281 non
910 5222 1114 5281 snmcit
1168 5219 1437 5285 exerceri,
1486 5218 1581 5275 sed
1644 5228 1860 5289 oportet
1908 5229 1963 5274 et
1994 5218 2048 5274 in

434 5326 441 5334 ’
471 5318 732 5375 exercitio
764 5318 1100 5371 moderatum
1147 5327 1295 5370 esse.
1327 5310 1388 5368 Si
1412 5311 1557 5366 enim
1610 5310 2051 5393 mansuetudinis

472 5422 749 5467 certamen
773 5406 1176 5477 aggredientes.
1203 5403 1419 5459 turbata
1440 5402 1698 5474 opinione
1720 5417 2048 5473 pugnamus.

476 5502 606 5557 nihil
636 5501 779 5557 aliud
812 5508 1071 5569 estquam
1106 5494 1242 5551 velle
1259 5494 1481 5565 quidem
1513 5494 1746 5549 salutem
1780 5494 2050 5560 obtinere,

469 5607 649 5649 etnon
670 5593 804 5647 velle
831 5606 893 5647 ea
910 5604 1033 5662 qua:
1057 5589 1122 5642 ad
1154 5589 1326 5659 ipsam
1352 5589 1581 5644 ducunt.
1610 5605 1629 5641 ι
1660 5586 1721 5641 Et
1747 5595 1870 5641 ante
1901 5585 2051 5641 illum

472 5688 689 5743 divinus
721 5683 885 5740 David
918 5699 933 5738 :
963 5700 982 5735 ι
1023 5680 1229 5752 Diriget
1263 5682 1418 5737 mites
1451 5679 1507 5737 in
1537 5678 1747 5752 judicio
1785 5695 1800 5746 ;
1836 5678 2055 5734 ducrbil

2077 4385 2121 4441 ί)

2116 3141 2176 3192 ἑν
2214 3137 2553 3212 δικαιοσύνῃ,
2583 3131 2660 3192 ὧν
2692 3139 3030 3210 ἐποιήσαμεν
3058 3140 3240 3208 ἡμεῖς,
3268 3135 3406 3191 ἀλλά
3432 3136 3577 3192 κατά
3602 3137 3709 3190 τὸν

2118 3231 2285 3286 αὐτοῦ
2319 3231 2487 3298 ἔλεον,
2542 3231 2747 3286 ἔσωσεν
2778 3232 2927 3301 ἡμᾶς
2979 3231 3068 3285 διά
3095 3229 3321 3302 λουτροῦ
3368 3228 3714 3298 παλιγγενε-

2119 3322 2261 3388 σίας,
2286 3325 2377 3376 καὶ
2407 3322 2824 3387 ἀνακαινώσεως
2852 3306 3167 3393 Πνεύματος
3183 3322 3339 3390 ἁγίου
3359 3335 3373 3350 '
3398 3314 3461 3374 οῦ
3485 3319 3715 3391 ὲξὲχεεν

2119 3417 2203 3486 ἐφ’
2236 3418 2383 3487 ἡμᾶς
2407 3417 2679 3480 πλουσίως
2706 3416 2795 3470 διὰ
2837 3414 3010 3486 Ἰησοῦ
3042 3412 3280 3485 Χριστοῦ
3311 3411 3406 3467 τοῦ
3437 3412 3710 3483 Σωτῆρος

2119 3508 2297 3580 ἡμῶν,
2337 3508 2425 3563 ἵνα
2449 3509 2828 3571 δικαιωθέντες
2856 3509 2923 3578 τῇ
2961 3506 3171 3560 ἐκείνου
3200 3505 3405 3575 χάριτι,
3438 3504 3712 3576 κληρονό-

2122 3613 2214 3668 μοι
2249 3598 2534 3671 γενώμεθα
2577 3600 2694 3653 κατ’
2723 3599 2914 3653 ἐλπίδα
2941 3599 3086 3669 ζωῆς
3134 3596 3353 3653 αίωνίου
3388 3596 3484 3650 καὶ
3510 3596 3707 3650 πάλιν·

2117 3692 2325 3762 Χρίσας
2364 3694 2512 3762 ἡμᾶς
2568 3692 2664 3747 καὶ
2706 3692 3171 3763 σφραγισάμενος,
3193 3690 3287 3744 καὶ
3316 3689 3439 3750 δοὺς
3466 3688 3559 3741 τὸν
3592 3689 3706 3759 ἀρ-

2119 3783 2337 3855 ραϐῶνα
2356 3785 2448 3837 τοῦ
2472 3782 2803 3854 Πνεύματος,
2830 3785 2910 3846 είς
2956 3781 3056 3844 τὰς
3083 3780 3306 3851 καρδίας
3348 3780 3506 3850 ἡμῶν
3526 3795 3541 3809 ο
3574 3780 3700 3842 καὶ,

2124 3894 2145 3928 ι
2183 3876 2420 3945 Ἔχομεν
2463 3874 2522 3928 δὲ
2570 3875 2663 3929 τὸν
2703 3874 2978 3944 θησαυρὸν
3026 3872 3234 3936 τοῦτον,
3263 3874 3320 3925 ἐν
3349 3871 3702 3942 ὀστρακίνοις

2118 3965 2395 4019 σκεύεσιν⁸
2431 3963 2517 4018 ἵνα
2544 3966 2578 4035 ἡ
2608 3962 2883 4034 ὑπερϐολὴ
2916 3963 3017 4032 τῆς
3047 3958 3380 4035 δυνάμεωςῇ
3410 3961 3504 4014 τοῦ
3536 3961 3701 4029 Θεοῦ,

2115 4056 2211 4110 καὶ
2259 4056 2335 4126 μὴ
2373 4054 2431 4122 ἐξ
2461 4056 2636 4125 ἡμῶν.
2672 4073 2692 4108 a
2727 4055 2984 4119 κάκεῖνοι
3031 4054 3154 4125 μὲν,
3190 4053 3331 4107 οὕτω
3359 4069 3374 4083 ⁸
3401 4053 3612 4121 γένοιτο
3639 4054 3700 4108 δὲ

2117 4149 2214 4204 καὶ
2271 4150 2404 4219 ἡμῖν
2433 4147 2595 4213 ,ταῖς
2649 4146 2877 4200 ἐκείνων
2935 4147 3072 4217 πρὸς
3132 4145 3339 4216 Κύριον
3388 4145 3701 4198 θεοπειθέσι

2115 4240 2307 4305 λιταῖς,
2328 4239 2435 4293 ἀπὸ
2466 4238 2667 4311 μέρους
2698 4239 2820 4292 κατ’
2847 4237 3088 4302 ἐκείνους
3117 4236 3488 4309 χρηματίσαι·
3519 4237 3698 4304 ἐλέει,

2116 4332 2205 4403 καὶ
2224 4332 2425 4403 χάριτι.

2118 4446 2250 4500 Ἔτι
2279 4444 2376 4499 δεῖ
2399 4449 2549 4502 κατὰ
2575 4444 2783 4501 πᾶσαν
2811 4446 3105 4516 ἀνάγκην,
3158 4444 3354 4516 πρᾶον
3396 4442 3552 4513 εἶναι
3579 4444 3701 4516 τὴν·

2185 4517 2457 4638 :apd‘tar,
2486 4519 2593 4572 τὸν
2607 4514 2995 4588 ,βουλόμενον
3018 4515 3431 4584 ἠκριϐωμένως
3461 4514 3699 4584 ἡσυχά-

2231 4604 2312 4638 αι.

2231 4604 2312 4641 αι.

2182 4744 2277 4811 οῖ’.
2314 4746 2381 4800 Σὲ
2406 4745 2485 4813 δὲ,
2506 4740 2553 4801 ὧ
2585 4744 2797 4810 τέκνον,
2829 4740 2988 4796 τοῦτο
3036 4738 3131 4793 νῦν
3182 4736 3323 4792 κατά
3361 4733 3555 4808 καιρὸν
3587 4731 3695 4803 πρὸ

2114 4838 2225 4893 τῶν
2272 4838 2480 4903 ἄλλων,
2522 4835 2618 4891 καὶ
2675 4836 2813 4907 μετά
2863 4831 2972 4887 τῶν
3003 4831 3179 4888 ἀλλων
3217 4830 3298 4882 δεῖ
3358 4825 3575 4899 μαθεῖν,
3603 4825 3688 4879 ὅτι

2116 4932 2303 5000 ὥσπερ
2332 4931 2360 4984 ὁ
2388 4928 2629 4995 τοξεύειν
2660 4929 2852 4999 μαθεῖν
2896 4924 3078 4988 καλῶς
3139 4921 3361 4985 ἐθέλων,
3414 4919 3515 4972 οὐκ
3562 4916 3691 4971 ἄνευ

2118 5023 2359 5095 σημείων
2388 5021 2449 5076 τὸ
2476 5020 2628 5085 τόξον
2653 5018 2838 5084 τείνει,
2871 5017 3045 5080 οὕτως
3073 5017 3102 5069 ὁ
3132 5012 3401 5086 ησυχάσαι
3434 5007 3695 5080 βουλόμε-

2118 5130 2208 5178 νος
2242 5111 2455 5183 μαθεῖν,
2489 5112 2552 5164 τὸ
2577 5110 2666 5164 ἀεὶ
2697 5110 2871 5180 πρᾶος
2908 5104 3052 5162 εἶναι
3083 5104 3183 5176 τὴν
3219 5101 3467 5174 καρδίαν,
3496 5097 3572 5160 ὡς
3597 5113 3696 5166 ση-

2124 5207 2273 5277 μεῖον
2307 5204 2497 5275 ἐχέτω.
2530 5201 2640 5255 Καὶ
2682 5199 2832 5268 λέγει
2881 5200 2910 5252 ὁ
2963 5198 3117 5265 ἅγιος
3171 5192 3472 5262 Ἰσίδωρος
3534 5205 3553 5238 ι
3580 5187 3696 5241 οὐκ

2120 5299 2282 5371 ἀρκεῖ
2316 5296 2458 5368 πρὸς
2493 5295 2716 5364 ἀρετὴν,
2767 5292 2829 5346 τὸ
2861 5292 3051 5345 ἀσκεῖν
3077 5328 3093 5354 ,
3136 5285 3274 5342 ἀλλὰ
3308 5284 3415 5356 χρὴ
3472 5284 3569 5337 καὶ
3603 5297 3696 5350 με·

2121 5391 2362 5465 τριάζειν
2396 5387 2534 5461 πρὸς
2560 5387 2620 5441 τὸ
2648 5387 2857 5440 ἀσκεῖν.
2917 5384 2980 5437 El
3009 5382 3116 5452 γάρ
3147 5379 3337 5447 ἀγῶνα
3384 5376 3695 5448 πραότητος

2124 5498 2251 5554 μετε
2262 5478 2534 5552 ρχὸμενοι,
2565 5475 2756 5548 γνώμῃ
2789 5473 2977 5529 τοῦτον
2999 5469 3302 5542 ταραχώδει
3328 5468 3696 5554 ὲγκόπτομεν,

2122 5551 2274 5622 οὐδὲν
2300 5564 2489 5638 ἕτερόν
2534 5565 2703 5625 εστιν,
2735 5563 2769 5633 ἢ
2808 5560 2987 5613 θέλειν
3020 5558 3119 5630 μὲν
3156 5554 3433 5623 σωτηρίας
3478 5551 3691 5618 τυχεῖν,

2130 5664 2207 5735 μὴ
2231 5660 2404 5717 θέλειν
2430 5657 2489 5715 δὲ
2518 5657 2692 5712 ποιεῖν
2715 5656 2787 5710 τὰ
2825 5653 2962 5729 πρὸς
2993 5649 3165 5723 αὐτὴν
3197 5645 3637 5717 συμϐαλλόμενοι.
3668 5659 3690 5693 ι
