4032 6208
386 310 490 372 ἿῚΊ

1583 314 1977 375 OPUSCULA
2015 317 2398 384 ASCETICA.

3526 347 3631 405 74

387 431 499 481 Καὶ
531 427 637 497 πρό
670 444 732 495 γε
763 427 973 495 τούτου,
1007 430 1033 481 ὁ
1066 428 1335 493 θειότατος
1371 431 1564 486 Δαϐίδο
1604 451 1623 484 t
1671 434 1948 507 Ὀδηγήσει

2060 433 2216 487 mites
2250 433 2367 488 vias
2386 447 2513 490 suas
2538 434 2606 489 ".
2646 454 2665 488 ›
2700 435 2767 492 Ει
2809 439 2950 497 filius
3003 442 3192 501 Sirach
3229 467 3242 503 :
3282 468 3300 502 ι
3335 450 3629 513 Mansuetis

388 526 585 595 πραεῖς
623 525 682 576 ἐν
710 525 920 594 κρίσει·
954 524 1156 591 διδάξει
1181 528 1378 596 πραεῖς
1409 528 1564 592 ὁδοὺς
1587 530 1775 583 αὑτοῦ.
1806 551 1824 584 ι
1858 533 1966 586 Kal

385 617 414 668 ὁ
449 614 647 684 Σειράχ
671 627 684 640 ·
712 632 729 663 t
760 614 885 675 Τοῖς
912 616 1142 682 πραέσιν
1170 616 1647 671 ἀποκαλύπτονται
1671 620 1739 672 τὰ
1764 623 1967 692 μυστή-

388 725 499 778 ρια.
534 727 551 758 ι
600 708 706 758 Kal
734 706 1119 775 όγλυκύτατος
1167 707 1222 760 δὲ
1259 709 1462 778 Ἰησοῦς
1489 728 1502 741 ι
1539 730 1556 761 t
1598 712 1814 765 Μάθετε
1868 715 1964 767 ἀπ’

374 792 545 867 ἐμοῦ,
576 798 657 849 ὅτι
686 798 857 866 πρᾶός
886 799 1037 867 εἰμι,
1073 799 1166 850 καὶ
1209 800 1465 863 ταπεινὸς
1511 804 1578 873 τῇ
1615 804 1835 875 καρδίᾳ,
1870 806 1964 859 xal

384 891 650 959 εὑρήσετε
678 890 982 943 ἀνάπαυσιν
1006 892 1124 951 ταῖς
1145 889 1344 961 ψυχαῖς
1364 892 1539 961 ὑμῶν.
1564 912 1582 944 ι
1606 894 1715 948 Καί
1734 913 1748 926 θ
1780 915 1799 947 ι
1838 897 1963 950 Ἐπὶ

384 980 502 1033 τίνα
533 979 834 1048 ὲπτϐλέψω,
866 979 979 1032 ἀλλ’
1013 979 1045 1049 ἢ
1101 981 1192 1033 ἐπὶ
1244 981 1336 1034 τὸν
1376 986 1550 1054 πρᾶον
1590 989 1685 1037 καὶ
1714 987 1971 1057 ἡσύχιον,

384 1071 476 1122 καὶ
503 1070 776 1140 τρέμοντά
796 1087 898 1138 μου
920 1070 1279 1138 τοὺς).όγους;
1316 1090 1335 1123 ι
1377 1074 1517 1125 Καί·
1549 1093 1567 1125 t
1605 1076 1880 1147 Μακάριοι
1906 1079 1956 1130 οἱ

383 1168 600 1235 πραεῖς,
625 1166 704 1217 ὅτι
734 1164 889 1217 αὐτοὶ
943 1165 1410 1238 κληρονομήσουσι
1450 1168 1547 1239 τὴν
1607 1170 1712 1238 γῆν
1736 1188 1748 1200 ·
1773 1190 1791 1222 ι
1840 1173 1957 1243 ἦτοι

350 1246 355 1249 ’
382 1256 482 1337 τῂν
502 1256 749 1324 καρδίαν,
792 1257 1250 1327 καρποφοροῦσαν
1282 1263 1346 1327 τῇ
1375 1260 1580 1329 χάριτι,
1619 1260 1677 1314 ἓν
1711 1264 1960 1332 τριάκον-

382 1364 470 1411 τα,
492 1349 585 1399 καὶ
608 1348 892 1418 ἐξήκοντα,
918 1349 1011 1400 καὶ
1038 1349 1251 1403 ἑκατόν.
1311 1350 1465 1403 Κατά
1498 1352 1608 1421 (τὴν
1659 1354 1831 1419 τάξιν,
1856 1357 1956 1425 ἀρ-

381 1442 612 1510 χαρίων,
650 1440 829 1510 μέσων
863 1440 958 1493 καὶ
987 1440 1208 1494 τελείων
1233 1459 1246 1473 ο
1285 1442 1420 1511 μηδέ
1468 1461 1598 1497 ποτε
1656 1447 1715 1498 ἐν
1766 1449 1956 1518 μηδενὶ

380 1536 684 1604 ταράττων,
714 1534 746 1605 ἢ
771 1533 1192 1602 ταραττόμενος,
1213 1536 1262 1587 εἰ
1297 1536 1370 1607 μή
1404 1553 1491 1590 πω
1525 1539 1652 1608 περὶ
1673 1540 1954 1606 εὐσεϐείας

379 1627 407 1677 ὁ
437 1625 617 1692 λόγος.
1902 1637 1907 1641 ’

2052 525 2365 581 revelantur
2426 530 2682 599 mysteria
2721 534 2785 585 ".
2829 552 2848 585 ι
2908 534 2974 588 Et
3028 539 3379 599 dulcissimus
3426 546 3622 604 Iesus:

2056 633 2075 665 ι
2118 616 2313 671 Discite
2346 633 2374 671 a
2400 635 2484 673 me
2509 621 2633 687 quia
2667 623 2962 681 mitis-sum
2989 637 3044 682 et
3081 631 3301 688 humilis
3334 638 3519 699 corde.
3569 650 3624 693 et

2049 706 2341 763 invenietis
2370 713 2609 779 requiem
2650 709 2937 771 animabus
2969 722 3165 775 vestris
3191 725 3259 777 ⁸³.
3299 746 3315 777 ι
3350 726 3413 779 Ει
3440 749 3455 781 :
3485 748 3503 779 ‹
3543 734 3618 783 Ad

2048 813 2208 867 quem
2266 801 2576 869 respiciam,
2614 805 2714 859 nisi
2756 811 2821 862 ad
2880 825 3223 885 mansuetum
3256 827 3305 872 et
3334 824 3616 885 pacilit'unt

2047 901 2102 946 et
2148 900 2476 949 metuentem
2531 910 2814 956 sermones
2864 917 3015 961 meos
3038 907 3082 937 ⁸⁸
3112 906 3135 959 7
3167 926 3185 958 ι
3237 911 3302 963 Et
3352 928 3367 965 :
3412 930 3428 962 ι
3472 914 3615 968 Beati

2048 980 2226 1047 mites,
2260 985 2515 1052 quoniam
2554 987 2655 1057 ipsi
2686 992 3083 1049 hmreditabuut
3141 1008 3337 1055 terram
3362 1004 3429 1058 ".
3464 1023 3482 1055 ι
3513 1006 3617 1059 Cor

2045 1074 2250 1129 scilicet
2284 1077 2428 1145 quod
2480 1080 2653 1145 gratia
2692 1082 2900 1139 fructus
2930 1087 3136 1154 all‘crct,
3171 1094 3240 1145 ita
3277 1103 3335 1147 ut
3385 1112 3611 1165 granum
3670 1062 3690 1083 Χ

2048 1179 2213 1218 unum
2243 1168 2455 1238 triginta
2492 1171 2593 1223 alia
2636 1182 2729 1226 aut
2756 1180 3057 1246 sexaginta,
3106 1190 3201 1233 aut
3229 1193 3442 1238 centum
3494 1189 3614 1241 red-

2047 1257 2155 1319 dat,
2183 1274 2279 1327 pro
2312 1262 2501 1315 ordine
2532 1264 2923 1333 iucipieutium,
2951 1272 3251 1327 mediorum
3276 1281 3615 1343 etperfecto—

2045 1360 2186 1399 rum.
2220 1347 2335 1402 Non
2366 1352 2509 1404 enim
2546 1354 2628 1407 vir
2663 1356 2750 1410 ille
2782 1360 3041 1427 turbabit,
3077 1377 3255 1433 neque
3284 1369 3610 1436 turbabitur,

2045 1439 2089 1492 si
2122 1440 2365 1494 nondum
2390 1443 2459 1496 sit
2496 1444 2562 1499 de
2594 1449 2794 1516 pietate
2823 1466 3024 1506 sermo.
3059 1472 3079 1505 ι

381 1738 582 1809 Ὅπως
631 1736 709 1809 ἂνξ
758 1738 1150 1809 κᾳτορθωᾷείη
1199 1738 1347 1805 ἡμῖν
1399 1738 1437 1805 ἡ
1496 1744 1793 1809 πραότης,
1852 1747 1948 1799 καὶ

2048 1736 2317 1803 Quomodo
2357 1739 2628 1809 perﬁcilur
2665 1742 2719 1793 in
2753 1741 2901 1794 nobis
2932 1746 3276 1798 mansuetudo
3306 1756 3355 1799 et
3388 1746 3453 1800 de
3514 1744 3615 1797 Iri-

451 1808 582 1873 περὶ
613 1807 717 1887 to?
748 1807 859 1889 τῆς
888 1806 1089 1889 ψξυχῆς
1109 1802 1721 1889 τριιξεροῦςῆθυῂικοῦ,
1741 1802 1948 1870 ’ἐὲτιθυ-

2072 1802 2079 1803 ί
2112 1810 2235 1876 plici
2255 1802 2469 1864 animo}
2505 1812 2785 1875 iracunda,
2816 1827 2964 1880 appet
2992 1817 3100 1866 tiva
3128 1827 3175 1868 et
3208 1817 3537 1871 rationabili.

447 1877 723 1946 μητικοῦ,
764 1878 863 1928 καὶ
898 1878 1270 1941 λογιστικοῦ.

450 1996 549 2058 οη’.
599 1988 770 2041 Τοῦτο
815 1989 871 2041 δὲ
925 1989 1163 2054 εὐκόλως
1209 1990 1276 2045 ἂν
1315 1995 1713 2064 κατορθώσαις,
1767 1999 1948 2051 πάντα

377 2081 642 2136 ἐκκλίνων
686 2080 822 2151 ἅμα,
855 2085 947 2133 καὶ
991 2083 1129 2151 πρὸς
1170 2084 1392 2155 ἀγάπην
1421 2086 1520 2157 τὴν
1550 2087 1730 2157 ψυχὴν
1758 2091 1945 2155 κινῶν,

376 2175 445 2228 τὰ
486 2174 711 2227 πλεῖστά
761 2191 819 2226 τε
866 2176 1104 2240 σιωπῶν,
1156 2177 1446 2246 ἐμμέτρως
1500 2197 1558 2232 τε
1611 2182 1944 2252 σιτούμενος,

376 2268 468 2320 καὶ
515 2267 601 2319 ἀεὶ
641 2266 1093 2336 προσευχόμενος,
1124 2266 1199 2329 ὡς
1230 2268 1445 2338 εἴρηται
1481 2273 1594 2334 τοῖς
1625 2274 1903 2342 Πατράσιν
1927 2294 1941 2307 ο

380 2379 398 2411 ε
438 2361 560 2412 Ὀτι
613 2361 673 2412 τὸ
703 2359 935 2429 θυμικὸν
985 2359 1085 2427 τῆς
1132 2359 1329 2430 ψυχῆς,
1379 2362 1568 2435 ἀγάπη
1613 2364 1942 2433 χαλίνωσονο

376 2455 469 2506 καὶ
502 2453 560 2505 τὸ
595 2450 991 2520 ἐπιθυμητικὸν
1019 2450 1190 2518 αὐτῆς
1216 2452 1511 2523 ἐγκρατείᾳ
1543 2454 1782 2524 μάρανον
1803 2474 1817 2488 ·
1850 2458 1945 2510 xal

375 2546 447 2599 τὸ·
462 2545 766 2615 λογιστικὸν
803 2551 970 2619 αὐτῆς
1002 2553 1068 2621 τῇ
1099 2554 1377 2622 προσευχῇ
1412 2552 1690 2623 πτέρωσον
1710 2566 1725 2580 ’
1763 2552 1855 2604 καὶ
1883 2551 1945 2603 τὸ

378 2641 493 2709 φῶς
521 2640 614 2694 τοῦ
637 2640 728 2694 νοῦ
779 2642 879 2695 οὐκ
912 2644 1254 2712 ἀμαυροῦται
1302 2660 1453 2697 ποτε.
1487 2662 1507 2695 ι
1546 2645 1674 2707 Kal,
1710 2661 1729 2694 ι
1761 2642 1946 2712 Θυμοῦ

382 2731 481 2801 μὲν
527 2733 763 2801 χαλινὸς,
815 2735 842 2802 ἡ
895 2732 1148 2803 εὔκαιρος
1191 2737 1368 2805 σιωπή
1394 2751 1407 2764 ’
1439 2735 1636 2803 ἀλόγου
1665 2736 1721 2789 δὲ
1756 2736 1947 2789 ἐπιθυ-

382 2822 531 2891 μίας,
563 2823 596 2893 ἢ
633 2823 905 2893 ἔμμετρος
934 2824 1131 2895 ἐδωδήο
1160 2825 1528 2879 δυσκαθέκτου
1563 2827 1619 2879 δὲ
1662 2828 1947 2896 λογισμου,

377 2914 411 2981 ἡ
465 2913 840 2982 μονολόγιστος
892 2916 1190 2986 προσευχὴ.
1255 2934 1274 2967 ι
1326 2918 1438 2971 Kal
1487 2912 1678 2981 αὖθιςο
1721 2934 1741 2968 t
1786 2918 1950 2987 Τρεῖς

380 3007 519 3057 εἰσιν
548 3005 761 3072 ἀρεταὶ,
791 3005 995 3060 αἵτινες
1035 3006 1329 3076 χορηγοῦσι
1360 3006 1473 3076 φῶς
1502 3008 1579 3079 τῷ
1608 3008 1683 3078 νῷ
1716 3009 1948 3062 διαπαν-

378 3094 491 3157 τόςο
510 3094 571 3146 τὸ
596 3094 670 3165 μὴ
695 3095 891 3148 εἰδέναι
920 3096 1187 3167 πονηρίαν
1217 3097 1506 3167 ἀνθρώπου
1524 3101 1666 3161 τινός
1684 3115 1700 3130 ·
1729 3099 1790 3152 τὸ
1815 3100 1946 3152 ὑποο

382 3186 568 3254 φέρειν
590 3186 655 3240 τὰ
684 3187 1025 3255 ἐπερχόμενα
1050 3188 1341 3258 ἀταράχως
1359 3204 1373 3218 ’
1403 3190 1498 3241 καὶ
1526 3188 1585 3241 τὸ
1614 3190 1948 3260 ἀγαθοποιῆ-

384 3273 624 3336 σαιλτοὺς
658 3274 1108 3337 κακοποιοῦντας.
1141 3275 1205 3326 Ai
1234 3277 1384 3345 τρεῖς
1410 3271 1571 3332 αὗται
1610 3280 1800 3347 ἀρεταὶ
1830 3295 1950 3347 γεν-

381 3364 546 3415 νῶσιν
592 3364 759 3428 ἄλλας
796 3368 944 3434 τρεῖς
986 3367 1187 3436 ἀρετὰς
1227 3368 1479 3437 μείζονας
1514 3368 1730 3420 αὐτῶν*
1783 3368 1843 3421 τὸ
1875 3367 1949 3437 μὴ

380 3453 578 3506 εἰδέναι
614 3458 877 3525 πονηρίαν
922 3459 1210 3529 ἀνθρώπου
1242 3461 1407 3530 γεννᾷ
1440 3459 1537 3530 τὴν
1567 3460 1786 3530 ἀγάπην
1807 3477 1820 3491 ·
1856 3460 1949 3512 καὶ

380 3545 440 3597 τὸ
471 3546 782 3615 ἐπενεγκεῖν
812 3547 879 3601 τὰ
919 3550 1261 3619 ἐπερχόμενα
1311 3550 1598 3620 ἀταράχως
1645 3551 1807 3621 γεννᾷ
1850 3550 1949 3621 τὴν

380 3637 659 3708 πραότητα
721 3639 814 3692 καὶ
845 3638 906 3691 τὸ
937 3639 1333 3710 ἀγαθοποιῆσαι
1366 3640 1490 3701 τοὺς
1521 3640 1949 3703 κακοποιοῦντας

381 3731 572 3782 κτᾶται
617 3731 716 3801 τὴν
747 3732 987 3802 εἰρήνην.
1037 3751 1057 3784 ι
1116 3734 1226 3786 Kal
1274 3732 1472 3786 πάλιν·
1524 3750 1543 3783 ‹
1599 3734 1759 3804 Τρεῖς
1808 3733 1947 3785 εἰσιν

379 3820 567 3887 ἠθικαὶ
608 3823 991 3887 καταστάσεις,
1025 3823 1382 3895 γενικώτεραι
1416 3826 1476 3877 ἐν
1512 3826 1623 3887 τοῖς
1655 3826 1906 3903 μοναχοῖὶς
1929 3838 1944 3857 ο

379 3913 473 3964 καὶ
498 3912 686 3983 πρώτη
717 3914 815 3983 μέν
844 3915 959 3967 ὲστι
982 3916 1041 3968 τὸ
1069 3916 1234 3985 μηδὲν
1264 3916 1602 3987 ἁμαρτάνειν
1641 3917 1760 3969 κατ’
1790 3916 1937 3985 ὲνέρο

379 4016 565 4069 γειαν·
614 4001 839 4073 δευτέρα
888 4004 965 4067 δὲ,
1005 4003 1065 4056 τὸ
1121 4004 1197 4074 μὴ
1243 4005 1575 4074 ἐγχρονίζειν
1604 4006 1662 4058 ὲν
1702 4006 1767 4074 τῇ
1798 4004 1944 4073 ψυχῇ

378 4092 506 4152 τοὺς
546 4089 813 4159 ἐμπαθεῖς
859 4090 1185 4161 λογισμούςο
1232 4093 1326 4144 καὶ
1366 4092 1547 4162 τρίτη,
1586 4092 1645 4145 τὸ
1677 4093 1771 4154 τὰς
1813 4109 1950 4163 μορ·

380 4182 484 4249 φάς
504 4182 613 4234 τῶν
648 4182 942 4250 γυναικῶν,
991 4184 1086 4236 καὶ
1132 4181 1243 4237 τῶν
1297 4184 1674 4250 λυπησάντων,
1723 4184 1946 4248 ἀπαθῶς

379 4271 603 4343 θεωρεῖν
633 4273 774 4327 κατὰ
800 4274 1057 4330 διάνοιαν.
1098 4295 1118 4327 ι

380 4406 508 4478 Ὀτι
529 4407 755 4478 ταχέως
780 4405 876 4459 δεῖ
885 4408 1200 4478 μετανοεῖν
1221 4407 1290 4462 ἐν
1317 4409 1446 4474 ταῖς
1468 4409 1617 4463 κατὰ
1642 4411 1949 4478 σύμϐασιν

447 4476 786 4549 ἐκτροπαῖς,
808 4478 908 4529 καὶ
936 4477 1123 4543 οὕτως
1151 4480 1238 4544 εις
1263 4480 1330 4531 τὸ
1356 4478 1501 4544 ἑξῆς
1526 4476 1733 4549 σοφῶς
1756 4481 1950 4549 ἀσφα-

346 4570 355 4573 ν
447 4545 737 4604 λίζεσθαι.

447 4652 545 4707 σθ’.
574 4655 636 4707 Εἰ
663 4655 719 4708 δέ
744 4673 796 4709 τι
828 4655 1065 4728 συμϐαίη
1096 4656 1224 4710 ποτὲ
1250 4658 1675 4729 διαταραχθῆναὶ
1706 4675 1788 4723 σε,
1819 4659 1852 4730 ἢ
1890 4659 1947 4712 ἔν

376 4765 482 4802 τινι
528 4748 809 4819 ὀλισθῆσαι
856 4749 1242 4819 συμπτώματι,
1294 4752 1387 4803 καὶ
1431 4751 1527 4804 τοῦ
1576 4754 1947 4821 προσήκοντος

375 4837 714 4908 διαμαρτεῖν,
740 4838 943 4901 εὐθέως
966 4839 1047 4891 δεῖ
1076 4839 1487 4894 διαλλάττεσθαι
1516 4844 1650 4912 πρὸς
1685 4844 1776 4896 τὸν
1796 4843 1947 4896 λελυ-

377 4929 612 4997 πηκότα,
644 4928 676 4999 ἢ
712 4929 806 4982 καὶ
840 4929 1153 5001 λυπηθέντα
1172 4948 1187 4962 ο
1214 4933 1308 4985 καὶ
1341 4935 1618 4999 μετανοεῖν
1640 4934 1703 4987 ὲκ
1732 4934 1909 5004 ψυχῆς
1928 4951 1942 4966 ο

378 5019 594 5073 πενθεῖν
646 5037 705 5073 τε
749 5022 845 5074 xal
886 5021 1162 5093 δακρύειν,
1208 5024 1301 5077 καὶ
1352 5024 1543 5077 ἑαυτοῦ
1584 5028 1944 5101 καταμέμφε-

377 5109 541 5163 σθαι·
572 5111 665 5163 καὶ
692 5110 863 5174 οὕτως
896 5115 975 5176 εἰς
1003 5114 1064 5166 τὸ
1091 5114 1216 5182 ἑξῆς
1250 5116 1559 5185 προσέχειν,
1593 5118 1687 5170 καὶ
1715 5120 1946 5187 ἀσφαλί·

374 5200 564 5265 ζεσθαι
593 5200 734 5254 πάνυ
766 5203 963 5271 σοφῶς,
996 5204 1070 5267 ὡς
1098 5206 1336 5259 διδάσκει
1385 5208 1413 5259 ό
1463 5208 1664 5278 Κύριος
1712 5210 1940 5279 Ἰησοῦς,

374 5293 456 5346 ὅτι
492 5312 511 5346 t
559 5294 685 5348 Ἐὰν
715 5297 1034 5370 προσφέρῃς
1092 5300 1152 5352 τὸ
1194 5299 1366 5371 δῶρόν
1408 5318 1499 5353 σου
1532 5303 1623 5354 ἐπὶ
1659 5302 1720 5355 τὸ
1753 5302 1943 5355 θυσια-

377 5386 617 5457 στήριον,
650 5390 747 5441 καὶ
778 5391 894 5443 ἐκεῖ
923 5392 1166 5462 μνησθῇς
1195 5393 1275 5445 ὅτι
1312 5394 1339 5445 ὁ
1374 5392 1600 5459 ἁδελφός
1621 5410 1716 5446 σου
1746 5394 1944 5466 ἔχειξτι

376 5479 518 5532 κατὰ
549 5478 667 5545 σοῦ,
697 5480 833 5549 ἄφες
872 5484 990 5535 ἐκεῖ
1024 5484 1085 5535 τὸ
1134 5484 1305 5554 δῶρόν
1352 5502 1443 5537 σου
1498 5485 1806 5556 ἔμπροσθεν
1846 5486 1942 5539 τοῦ

376 5568 807 5641 θυσιαστηρίου,
852 5572 948 5625 καὶ
1000 5573 1177 5641 ὕπαγε
1233 5576 1447 5645 πρῶτον
1492 5576 1808 5648 διαλλάγηθι
1865 5578 1943 5650 τῷ

375 5660 589 5731 ἀδελφῷ
623 5664 890 5741 σου-,καὶ
941 5665 1061 5718 τότε
1113 5665 1305 5731 ἐλθὼν,
1348 5668 1624 5738 πρόσφερε
1662 5673 1720 5723 τὸ
1771 5672 1942 5742 δῶρόν

448 5789 486 5819 ⁸⁰
526 5789 667 5845 Psal.
702 5804 846 5856 xxiv,
907 5787 960 5844 9.
1035 5787 1083 5820 ³²
1124 5784 1290 5843 Eccli.
1323 5803 1454 5855 uti,
1484 5786 1575 5841 Ἦ.

377 5878 431 5921 ν,
455 5861 648 5923 “25,24.

1965 3139 2010 3203 C

1674 5787 1717 5819 ι·
1744 5786 1935 5842 Matth.
1963 5800 2035 5851 χι,
2062 5780 2153 5836 29.

2122 1989 2287 2044 78.1d
2317 2000 2499 2045 autem
2540 1993 2913 2061 consequeris,
2950 1993 3018 2047 ah
3056 1995 3312 2049 omnibus
3374 1996 3610 2049 animam

2044 2094 2195 2139 tuam
2225 2092 2473 2137 avertens
2498 2093 2549 2137 et
2571 2084 2634 2137 ad
2656 2086 2975 2139 charitatem
3018 2084 3612 2157 dirigens,plerumque

2045 2191 2175 2231 vero
2227 2176 2412 2239 silens,
2469 2175 2924 2245 mediocriterque
2954 2176 3073 2230 cibo
3114 2187 3269 2231 utens
3299 2189 3351 2232 et
3400 2194 3611 2247 semper

2045 2284 2232 2331 orans,
2282 2252 2341 2321 ut
2391 2284 2420 2321 a
2475 2265 2728 2321 Patribus
2785 2268 2986 2321 dictum
3048 2276 3173 2322 est:
3212 2288 3228 2319 ι
3271 2269 3610 2323 Iracundiam

2046 2362 2238 2415 annua:
2263 2359 2482 2415 freuans
2531 2370 2584 2414 et
2613 2361 2730 2429 ejus
2763 2362 3053 2429 appetitum
3112 2363 3464 2429 tetuperantia
3502 2378 3615 2415 ma-

2046 2468 2261 2517 ceraus,
2295 2451 2413 2520 ejus
2444 2452 2639 2505 rattoni
2668 2452 2782 2506 alas
2836 2460 3006 2520 aptes.
3065 2454 3130 2507 Et
3189 2454 3384 2507 mentis
3436 2453 3611 2507 lumen

2045 2563 2321 2616 nunquam
2356 2547 2709 2601 hebetabitur.
2746 2565 2764 2598 ι
2798 2547 2900 2601 Et:
2932 2565 2951 2598 ι
2983 2546 3078 2601 [rte
3138 2548 3353 2616 quidem
3400 2546 3612 2601 frenum

2045 2651 2125 2695 est
2144 2649 2503 2709 opportunqu
2516 2639 2816 2705 silentium;
2840 2640 3226 2693 irrationabilis
3248 2648 3426 2693 autem
3449 2654 3614 2708 appe-

2045 2737 2200 2794 titus.
2254 2734 2566 2786 moderatus
2596 2732 2746 2786 cibus
2782 2746 2797 2796 ;
2826 2733 3094 2785 ratiocinii
3131 2747 3257 2785 vero
3277 2731 3386 2786 fere
3408 2733 3616 2786 cohibi-

2047 2833 2102 2878 tu
2133 2823 2386 2888 diﬂlcilis,
2422 2824 2686 2892 soliloqua
2718 2823 2914 2877 oratio.
2954 2842 2973 2875 ι
3018 2822 3083 2877 Ει
3114 2839 3333 2878 rursum
3370 2840 3383 2876 :
3426 2841 3443 2875 ι
3477 2822 3614 2878 Tres

2045 2931 2180 2993 sunt.
2202 2917 2429 2970 virtutes
2453 2930 2573 2983 qua:
2604 2915 2770 2969 tuenti
2805 2914 2985 2969 lumen
3015 2914 3437 2970 subministrant
3496 2916 3617 2983 per-

2046 3020 2208 3080 petuo
2245 3026 2260 3063 :
2294 3008 2507 3063 Nullius
2527 3008 2765 3062 hominis
2798 3007 3056 3062 malitiam
3096 3009 3235 3062 scire
3291 3006 3408 3062 sine
3457 3008 3615 3061 turba

2045 3121 2164 3175 qua
2187 3106 2458 3166 accidunt,
2488 3105 2758 3158 sustinere
2788 3118 2803 3167 ;
2831 3110 2885 3155 et
2907 3102 3109 3156 bonum
3162 3100 3344 3155 faccre
3374 3102 3460 3164 iis,
3521 3100 3613 3169 qui

2044 3200 2246 3255 faciunt
2268 3198 2491 3253 malum.
2522 3194 2656 3251 Tres’
2691 3196 2793 3250 illae
2824 3196 3053 3249 virtutes
3091 3204 3199 3249 tres
3232 3196 3367 3249 alias
3389 3196 3617 3265 gignunt

2042 3290 2239 3359 seipsis
2268 3289 2541 3358 majores:
2577 3288 2836 3342 malitiam
2901 3286 3138 3341 hominis
3189 3286 3401 3341 nescire
3446 3284 3618 3356 gignit

2044 3383 2363 3439 charitatem
2396 3398 2410 3447 ;
2448 3381 2567 3436 sine
2589 3380 2743 3434 turba
2778 3380 3070 3434 accidentia
3102 3379 3374 3434 sustinere
3395 3387 3621 3448 generat

2043 3475 2539 3540 mansuetudinem,
2575 3484 2628 3528 et
2651 3475 2850 3529 bonum
2882 3471 3058 3526 facere
3110 3472 3311 3526 malum
3374 3471 3617 3527 facienti-

2042 3568 2147 3623 bus
2172 3582 2362 3637 pacem
2395 3567 2618 3635 prazbet.
2652 3583 2669 3615 ι
2704 3564 2765 3617 Ει
2790 3577 3003 3616 rursum
3035 3579 3049 3615 :
3098 3581 3117 3614 ι
3154 3562 3289 3617 Tres
3315 3572 3443 3618 sunt
3498 3579 3617 3615 mo-

2044 3660 2184 3715 rales
2220 3665 2396 3712 Status
2434 3655 2715 3709 monachis
2763 3651 3038 3722 generales
3072 3670 3086 3717 ;
3134 3652 3344 3720 primus
3392 3652 3620 3723 quidem

2045 3769 2152 3807 non
2179 3765 2367 3806 errare
2391 3748 2685 3804 secundum
2722 3747 2971 3799 virtutem
3002 3760 3018 3810 ;
3077 3744 3367 3806 secundus,
3404 3758 3512 3796 non
3560 3744 3621 3797 in

2045 3846 2225 3900 anima
2254 3856 2473 3897 scrvare
2508 3839 2702 3894 allecto
2742 3844 3052 3892 commotas
3104 3835 3461 3906 cogitationes
3495 3852 3509 3899 ;
3562 3844 3618 3888 et

2048 3933 2261 3999 tertius,
2293 3931 2579 3985 mulierum
2615 3928 2820 3982 formas
2836 3936 2889 3981 et
2916 3941 3105 3981 eorum
3125 3941 3245 3995 qua:
3270 3926 3625 3988 contristaut.

2047 4027 2250 4096 absque
2279 4023 2473 4078 aﬂ'cctu
2512 4037 2606 4092 per
2628 4020 3008 4089 cogitationem
3041 4017 3261 4074 intueri.

2610 4384 2856 4451 pwnitcre
2909 4380 2961 4432 in
2989 4380 3053 4433 iis
3076 4393 3191 4447 qua!
3239 4378 3485 4431 accidunt
3510 4377 3630 4429 dir-

2049 4388 2199 4456 Quod
2227 4395 2427 4458 oportet
2461 4387 2564 4439 cito

2609 4456 2685 4508 ita
2717 4469 2772 4507 se
2812 4454 2864 4505 in
2921 4451 3155 4520 [murum
3186 4451 3447 4518 sapienter
3495 4465 3621 4502 cou-

2120 4458 2485 4523 tractionibus,
2517 4465 2567 4510 et

1970 4535 2021 4593 Β
2119 4532 2355 4598 ﬁrmare.

2121 4644 2210 4699 79.
2237 4643 2387 4709 Quod
2414 4641 2459 4697 si
2493 4639 2702 4695 accidat
2731 4649 2782 4693 te
2815 4636 3110 4707 aliquando
3165 4635 3481 4691 conturbari
3526 4644 3619 4687 aut

2049 4741 2102 4794 in
2133 4738 2368 4807 aliquem
2399 4748 2584 4789 casum
2615 4730 2934 4797 circumagi,
2965 4740 3015 4783 et
3045 4743 3075 4782 a
3122 4728 3262 4782 bono
3312 4726 3623 4789 deﬂectere,

2045 4832 2154 4888 cito
2174 4834 2387 4899 Oportet
2418 4835 2468 4880 te
2517 4822 2856 4878 reconciliari
2900 4835 3026 4874 cum
3078 4835 3144 4873 eo
3177 4819 3268 4887 qui
3323 4827 3373 4871 te
3424 4816 3611 4870 amisit

2045 4927 2317 4987 autquem
2350 4913 2633 4979 amisisti;
2687 4920 2741 4966 et
2795 4910 3036 4965 converti
3090 4925 3155 4963 ex
3199 4917 3311 4962 tota
3369 4909 3603 4968 anima;

2051 5012 2236 5066 dolere
2269 5019 2324 5064 et
2358 5007 2657 5078 lacrymare
2683 5011 2739 5057 et
2758 5003 2988 5072 teipsum
3023 5001 3329 5071 vituperare
3364 5017 3379 5065 ;
3447 5007 3610 5066 atque

2051 5104 2124 5159 ita
2159 5100 2320 5156 tibiiu
2343 5098 2585 5154 futurum
2612 5095 2898 5165 providere
2918 5103 3078 5163 teque
3093 5092 3416 5147 continuare
3439 5090 3615 5142 omni-

2053 5213 2124 5253 no
2151 5194 2447 5264 sapienter,
2483 5201 2542 5245 ut
2571 5190 2731 5245 docet
2782 5187 3046 5241 Dominus
3086 5184 3250 5240 Jesus
3287 5201 3301 5238 :
3340 5203 3358 5235 ι
3394 5181 3623 5237 Siotl‘ers

2051 5302 2256 5343 munus
2282 5296 2431 5341 tuum
2458 5283 2525 5338 ad
2557 5282 2727 5336 altare
2760 5279 2908 5336 etibi
2934 5277 3252 5334 recordatus
3282 5274 3448 5331 fueris
3475 5273 3618 5341 quod

2047 5383 2216 5438 frater
2239 5389 2367 5434 tuus
2399 5377 2565 5431 habet
2587 5373 2791 5443 aliquid
2814 5371 3103 5426 adversum
3161 5377 3233 5433 te,
3268 5366 3511 5433 relinque
3544 5363 3623 5416 ihi'

2044 5487 2247 5529 munus
2275 5481 2425 5525 tuum
2454 5476 2579 5522 ante
2604 5466 2869 5529 altare,et
2895 5461 3051 5527 vade,
3076 5459 3227 5531 prius
3268 5454 3634 5511 reconciliare

2046 5566 2199 5623 fratri
2230 5575 2343 5631 tuo,
2362 5573 2414 5619 et
2441 5570 2572 5617 tunc
2600 5560 2821 5615 veniens
2870 5556 3007 5612 olIer
3051 5568 3254 5609 munus
3284 5558 3438 5605 tuum
3468 5550 3534 5602 ⁸⁸.
3596 5567 3613 5596 ι

2046 5660 2112 5714 Et
2148 5656 2425 5729 apostolus
2473 5652 2671 5707 Paulus
2704 5666 2719 5705 :
2747 5668 2766 5702 ι
2801 5648 2992 5703 Omnis
3022 5641 3328 5699 amaritudo
3359 5646 3415 5694 et
3458 5640 3538 5691 ira
3567 5643 3632 5691 et.

2248 5774 2303 5811 "
2348 5773 2454 5829 lsa.
2506 5783 2656 5836 um,
2693 5765 2748 5823 2.
2837 5756 3244 5823 "Matth.v,4.
3352 5754 3398 5789 “
3428 5749 3631 5810 Matth.
