4032 6208
383 312 494 375 ’Πό

1200 298 1559 362 CALLISTI
1592 295 1691 357 ET
1734 291 2030 355 lGNATll
2087 286 2785 355 XANTIIOI‘ULURUM

3520 281 3637 345 776

316 430 337 489 ’ξ
389 442 437 477 ιι.
459 422 707 492 rogautia
743 430 796 473 ct
824 418 1054 477 clamor,
1085 425 1134 469 et
1177 408 1520 482 blasphemia
1581 408 1898 478 rejiriautur
1926 419 1956 456 a
1984 403 2006 462 Δ

2080 416 2176 454 που.
2230 417 2250 452 ι
2288 398 2397 452 Καὶ
2440 400 2470 453 ό
2502 397 2797 460 ἀπόστολος
2845 396 3087 459 Παῦλος·
3144 418 3163 449 ι
3218 399 3374 453 Πᾶσα
3413 404 3644 473 πικρία,

392 516 568 577 vobis,
601 526 723 565 cum
778 507 926 562 omni
981 505 1208 559 malitia.
1263 501 1448 557 Estote
1482 501 1536 555 in
1571 499 1802 553 invicem
1835 495 1959 549 boni

391 618 445 660 et
477 600 889 663 misericordes;
947 598 1113 668 gratis
1154 595 1385 650 invicem
1443 593 1752 660 largientes,
1783 600 1971 658 quem-

394 691 686 746 admodum
752 691 923 759 gratis
985 689 1128 740 Deus
1164 684 1320 739 nobis
1376 685 1431 737 in
1466 681 1684 736 Christo
1747 678 1972 747 largitus

312 792 330 811 ’
394 796 475 838 est
499 784 569 835 ".
606 800 624 833 ο
662 781 726 835 Et
761 799 775 835 :
817 798 835 831 ι
885 775 1211 838 lrascimiui,
1262 785 1317 829 et
1366 773 1534 827 nolite
1589 782 1814 840 peccare
1837 767 1910 818 “.
1945 785 1965 819 ε

395 876 461 930 Ει
492 896 506 931 :
533 875 660 930 «Sol
696 890 801 928 non
826 871 1040 926 occidat
1059 862 1224 939 super
1247 863 1585 921 iracundiam
1604 872 1839 916 vestram
1864 858 1967 910 ".r

394 968 499 1023 Et:
529 966 738 1021 ιΝυΙίιο
764 980 860 1019 vos
883 964 1177 1027 vindicare,
1209 956 1516 1014 charissimi
1548 971 1563 1021 ;
1592 954 1689 1011 sed
1731 953 1857 1007 date
1890 951 1975 1006 lo-

396 1077 519 1115 cum
544 1061 638 1114 ira
668 1060 734 1116 ⁸⁸.
766 1077 786 1111 ι
820 1057 882 1111 Ει
929 1074 945 1110 :
984 1073 1003 1107 ι
1026 1052 1144 1108 Noli
1176 1050 1316 1108 vinci
1344 1062 1374 1100 a
1400 1048 1581 1112 malo;
1613 1044 1706 1100 sed
1741 1043 1899 1097 vince
1921 1041 1974 1095 in

396 1152 542 1206 bono
566 1151 766 1205 malum
794 1150 861 1202 σι.
896 1166 919 1201 ι
971 1146 1039 1200 Et
1085 1143 1217 1199 illud
1273 1139 1491 1211 quidem
1543 1137 1861 1192 dictumest
1909 1132 1977 1187 de

399 1254 587 1299 mutua
623 1240 1096 1297 reconciliatione.

828 1460 899 1514 De
927 1462 1080 1528 lapsu
1124 1476 1188 1514 ac
1217 1461 1544 1530 paenitentia.

478 1552 566 1609 80.
602 1553 675 1607 De
702 1553 854 1623 lapsu
883 1552 1275 1623 quidem,dieit
1322 1562 1544 1607 sanctus
1571 1550 1724 1605 lsaac
1764 1567 1778 1604 :
1816 1567 1834 1601 ι
1869 1546 1983 1604 Non

401 1646 619 1714 quando
643 1645 695 1698 in
725 1644 961 1713 aliquam
992 1643 1205 1714 culpam
1237 1643 1373 1714 lapsi
1403 1643 1633 1705 erimus,
1667 1653 1795 1695 tunc
1856 1656 1989 1696 cuu-

404 1734 855 1801 tristemurésed
886 1739 1105 1803 quando
1150 1735 1204 1789 in
1245 1734 1358 1804 ipsa
1411 1734 1834 1789 remanebimus.
1880 1732 1986 1786 La-

404 1844 535 1899 psus
587 1827 734 1883 enim
780 1826 977 1882 accidit
1031 1827 1359 1896 frequenter,
1390 1834 1444 1879 et
1492 1823 1785 1895 perfectis;
1820 1837 1993 1879 rema-

402 1939 531 1978 nere
577 1935 755 1979 autem
814 1925 867 1978 in
915 1924 1074 1994 culpa
1124 1933 1207 1979 est
1252 1924 1522 1993 completa
1574 1923 1798 1979 occisia.
1868 1921 1994 1976 Tri-

399 2016 547 2071 stitia
578 2029 726 2083 vero,
762 2030 923 2084 quam
956 2015 1222 2070 sentimus
1263 2014 1332 2069 de
1364 2014 1595 2084 propriis
1634 2014 1893 2085 lapsibus,
1936 2014 1991 2070 in

409 2107 530 2162 loro
556 2107 770 2161 lttltltdﬂ:
817 2106 1152 2175 operationis
1175 2106 1333 2160 nobis
1366 2114 1668 2175 reputatur,
1701 2122 1764 2159 ex
1797 2106 1989 2175 gratia.

405 2200 508 2266 Qui
535 2214 629 2269 spe
660 2196 991 2266 pit-nitentia:
1021 2195 1201 2251 denuo
1233 2196 1451 2258 labitur.
1487 2196 1574 2251 ille
1611 2210 1740 2251 cum
1783 2196 1990 2251 malitia

403 2307 530 2345 cum
562 2288 909 2343 erincedit.
942 2289 1000 2341 ln
1030 2303 1178 2351 eum,
1230 2303 1294 2341 ex
1315 2286 1632 2358 improviso,
1663 2304 1815 2344 mors
1856 2289 1992 2343 inci-

404 2381 485 2435 dit
518 2395 536 2446 ;
574 2394 751 2447 neque
784 2388 998 2449 tempus
1028 2378 1139 2447 spei
1166 2393 1279 2433 sum
1304 2377 1548 2443 festinat,
1580 2394 1857 2450 operaque
1883 2379 1992 2434 vir-

405 2473 539 2531 tutis
566 2470 898 2539 adimplere.
936 2468 999 2522 Et
1023 2469 1201 2523 adhuc
1236 2485 1251 2522 :
1288 2487 1306 2522 ι
1341 2474 1584 2539 Uportct,
1612 2472 1808 2541 inquit,
1850 2478 2010 2529 scire.

404 2578 506 2618 nos
552 2562 702 2617 omni
736 2562 893 2625 hora,
929 2560 1074 2631 quod
1111 2559 1196 2615 bis
1224 2560 1419 2630 viginti
1452 2570 1690 2630 quatuor
1716 2565 1895 2620 noctis
1927 2580 1993 2622 ac

403 2654 511 2708 diei
548 2654 720 2715 horis,
750 2651 1067 2723 rmnitentia
1112 2650 1441 2721 indigemus.
1471 2652 1591 2708 Idea
1615 2662 1793 2709 autem
1818 2658 1990 2726 petii-

411 2746 599 2802 tentia:
632 2746 887 2807 nominis,
927 2751 1091 2815 prout
1150 2745 1316 2799 ullam
1336 2759 1401 2799 ex
1426 2759 1553 2800 vera
1584 2761 1767 2801 rerum
1794 2760 1992 2805 natura

420 2838 703 2902 novimus,
736 2836 850 2890 haac
884 2847 969 2891 est
998 2853 1013 2890 :
1045 2846 1303 2906 proteusa
1330 2837 1539 2904 rogatio
1568 2839 1718 2892 omni
1754 2838 1911 2906 hora,
1936 2843 1990 2897 in

407 2928 654 2999 perfecta
690 2929 960 2995 oratione,
1014 2927 1479 2998 compunctionis,
1529 2927 1642 2984 Deo
1699 2933 1992 3001 accedens,

400 3020 471 3075 ad
496 3021 892 3091 praeteritorum
929 3017 1303 3072 remissionem
1330 3033 1347 3083 ;
1376 3024 1431 3071 et
1462 3017 1702 3086 tristitia,
1734 3036 1833 3091 pro
1850 3020 1993 3077 futu-

2021 1792 2066 1846 Β

2063 495 2158 546 καὶ
2188 492 2380 562 θυμὸς,
2412 491 2509 545 καὶ
2550 491 2711 563 ὀργὴ,
2752 491 2848 545 καὶ
2882 490 3119 563 κραυγὴ,
3150 492 3245 545 καὶ
3292 492 3645 562 βλασφημία,

2062 584 2285 656 ἀρθήτω
2330 585 2422 654 ἀφ’
2448 582 2621 654 ὑμῶν,
2654 584 2752 637 σὺν
2784 585 2931 654 πάσῃ
2962 582 3181 655 xung
3222 583 3440 637 Γίνεσθε
3462 584 3522 639 δὲ
3556 588 3648 648 εἰς

2065 676 2330 749 ἀλλήλους
2358 676 2607 747 χρηστοὶ,
2640 674 3024 746 εὔσπλαγχνοι,
3066 695 3084 728 ι
3124 678 3647 748 Χαριζόμενοιὲαυ-

2065 771 2200 833 τοῖς,
2237 767 2419 832 καθὼς
2440 768 2539 822 καὶ
2567 768 2596 821 ό
2622 767 2754 831 Θεδς
2779 769 2836 820 ἐν
2868 767 3087 839 Χριστῷ
3116 769 3406 839 ἐχαρίσατο
3443 772 3600 841 ἡμῖν.
3618 790 3639 822 ι

2066 860 2210 914 Καί’
2243 878 2262 912 ι
2304 856 2639 929 Ὀργίζεσθε,
2666 858 2760 911 καὶ
2784 857 2858 928 μὴ
2882 859 3247 929 ἁμαρτάνετε.
3275 879 3293 911 t
3328 861 3478 913 Καί·
3516 882 3535 912 ε
3578 862 3648 915 '0

2068 953 2221 1024 ἣλιος
2248 951 2322 1021 μὴ
2348 950 2612 1004 ἐπιδυέτω
2634 949 2729 1003 ἐπὶ
2758 950 2835 1021 τῷ
2864 950 3227 1021 παροργισμῷ
3243 951 3418 1020 ὖμῶν.
3454 972 3472 1004 ι
3507 955 3647 1007 Καίο

2077 1044 2196 1112 illi;
2226 1041 2563 1104 ἐκδικοῦντες
2597 1042 2844 1105 ἑαυτοὺς,
2867 1041 3173 1111 ἀγαπητοί·
3224 1042 3359 1095 ἀλλά
3408 1042 3652 1106 διδόντες

2068 1135 2235 1188 τόπον
2285 1137 2351 1206 τῇ
2378 1134 2539 1206 ὀργῇ.
2580 1152 2600 1185 ι
2635 1132 2776 1186 Καίο
2813 1150 2832 1184 ι
2868 1133 2959 1205 Μὴ
2991 1133 3128 1187 νικῶ
3173 1134 3276 1186 ὖπδ
3309 1132 3401 1187 τοῦ
3428 1136 3606 1188 κακοῦ
3633 1150 3650 1164 ·

2073 1223 2211 1279 ἀλλὰ
2238 1224 2362 1278 νίκα
2390 1225 2447 1277 ὲν
2479 1224 2558 1294 τῷ
2605 1223 2793 1294 ἀγαθῷ
2821 1224 2881 1276 τό
2912 1224 3103 1278 κακόν.
3150 1243 3169 1275 ι
3218 1225 3328 1277 Καὶ
3356 1225 3513 1279 τοῦτο
3541 1227 3651 1297 μὲν

2075 1316 2289 1387 εἴρηται
2319 1315 2448 1388 περὶ
2477 1315 2578 1383 τῆς
2609 1315 2747 1386 πρὸς
2772 1313 3030 1385 ἀλλήλους
3070 1314 3382 1385 διαλλαγῆς.

2390 1449 2528 1517 Περὶ
2560 1449 2831 1514 ὀλίσθου,
2866 1447 2966 1502 καί
2987 1449 3331 1517 μετανοίας.

2106 1572 2109 1575 ‘
2146 1566 2219 1615 π’.
2251 1560 2385 1630 Περὶ
2428 1558 2486 1613 δέ
2534 1575 2598 1627 γε
2647 1557 2881 1625 ὀλίσθου,
2928 1559 3095 1629 φησὶν
3140 1560 3170 1613 ό
3214 1560 3366 1627 ἅγιος
3412 1561 3648 1617 Ἰσαάκ·

2076 1676 2101 1711 ‹
2139 1658 2251 1727 Ούχ
2282 1657 2408 1711 ὅταν
2435 1654 2811 1725 δλισθήσωμεν
2851 1652 2911 1707 ἐν
2948 1670 3077 1719 τινι,
3111 1653 3231 1706 τότε
3270 1654 3643 1725 lum-ﬁdimu-

2075 1750 2191 1805 ἀλλ’
2222 1750 2350 1802 ὅταν
2398 1746 2745 1818 ἐμμείνωμεν
2792 1746 2849 1799 ὲν
2891 1744 3060 1816 αὐτῷ.
3095 1745 3168 1798 Τὸ
3207 1745 3315 1816 γὰρ
3346 1746 3647 1819 ὀλίσθημα,

2077 1837 2364 1910 συμϐαίνει
2396 1837 2656 1899 πολλάκις
2693 1837 2786 1891 καὶ
2818 1838 2929 1899 τοῖς
2955 1834 3181 1899 τελείοις
3201 1850 3215 1864 ⁶
3256 1837 3317 1890 τὸ
3362 1837 3421 1891 δὲ
3452 1840 3653 1908 ἐμμεῖ-

2078 1948 2168 1986 ναι
2201 1932 2258 1984 ὲν
2289 1928 2460 2000 αὐτῷ,
2500 1927 2766 1997 νέκρωσίς
2792 1926 2911 1979 ἐστι
2938 1923 3138 1979 τελεία.
3180 1926 3245 1979 Ἦ
3284 1925 3432 1997 λύπη
3463 1928 3540 1989 δὲ,
3577 1930 3651 1998 ἥν

2080 2022 2397 2092 λυπούμεθα
2425 2021 2564 2092 ὑπὲρ
2598 2018 2707 2073 τῶν
2755 2017 2899 2071 ἰδίων
2919 2016 3320 2088 όλισθημάτων,
3367 2019 3450 2080 είς
3478 2018 3651 2073 τόπον

2081 2111 2343 2185 ἐργασίας
2392 2109 2638 2185 καθαρᾶς
2672 2107 2946 2175 λογίζεται
2980 2107 3132 2177 ἡμῖν,
3166 2108 3230 2160 ὲκ
3271 2108 3370 2178 τῆς
3399 2109 3648 2178 χάριτος.

2180 2203 2236 2256 ὲν
2273 2200 2446 2254 ἑλπίδι
2476 2182 2763 2271 μετανοίας
2792 2196 3112 2251 όλισθαίνων
3150 2200 3215 2251 ὲκ
3246 2197 3520 2267 δευτέρου,
3551 2193 3652 2252 ού-

2080 2309 2169 2355 τος
2219 2291 2357 2362 μετά
2406 2288 2742 2360 πανουργίας
2798 2286 3084 2358 πορεύεται
3134 2287 3272 2358 μετὰ
3316 2287 3411 2341 τοῦ
3468 2288 3649 2343 Θεοῦ.

2079 2381 2254 2451 τούτῳ
2287 2381 2598 2451 ἀγνώστως,
2634 2380 2917 2434 ἐπιπίπτει
2945 2382 2974 2433 ό
3001 2378 3232 2441 Θάνατος
3249 2396 3263 2411 ·
3296 2382 3389 2432 καὶ
3414 2380 3476 2432 ού
3505 2381 3648 2448 φθά-

2082 2492 2162 2533 νει
2186 2475 2277 2528 τὸν
2315 2476 2506 2546 καιρὸν
2544 2474 2642 2541 τῆς
2673 2471 2887 2535 ἐλπίδος
2915 2471 3102 2534 αύτοῦ,
3131 2470 3201 2525 τά
3229 2471 3365 2540 ἔργα
3391 2472 3489 2541 τῆς
3518 2474 3652 2542 ἀρε-

2084 2569 2185 2639 τῆς
2207 2567 2550 2638 πληρῶσαι.»
2586 2566 2741 2620 Ἔτι*
2787 2584 2805 2618 ι
2848 2568 2959 2631 Δεῖ,
2991 2566 3144 2637 φησὶ,
3180 2566 3467 2634 γινώσκειν
3496 2569 3650 2638 ἡμᾶς

2079 2663 2140 2715 ὲν
2163 2660 2313 2731 πάσῃ
2346 2659 2486 2730 ὥρᾳ,
2537 2658 2619 2712 ὅτι
2647 2658 2705 2711 δν
2751 2655 2976 2721 ταύταις
3013 2657 3131 2719 ταῖς
3176 2656 3649 2727 είκοσιτέσσαρσιν

2081 2752 2253 2823 ὥραις
2291 2755 2391 2824 τῆς
2430 2752 2623 2816 νυκτὸς
2661 2751 2756 2805 καὶ
2797 2750 2898 2819 τῆς
2928 2749 3165 2821 ἡμέρας,
3208 2749 3310 2819 τῆς
3357 2749 3651 2819 μετανοίας

2080 2844 2374 2915 χρῄζομεν.
2422 2843 2627 2913 Νόησις
2675 2842 2735 2895 δὲ
2780 2840 2874 2895 τοῦ
2907 2840 3170 2911 ὀνόματος
3214 2841 3312 2910 τῆς
3357 2840 3653 2911 μετανοίας

2080 2932 2261 2996 καθὼς
2278 2935 2343 2986 ὲκ
2361 2931 2452 2986 τοῦ
2477 2930 2730 3003 ἀληθινοῦ
2755 2930 2958 3001 τρόπου
2981 2931 3093 2985 τῶν
3110 2930 3450 3003 πραγμάτων
3475 2931 3651 2997 ιγνὼ-

2081 3040 2278 3093 καμεν,
2300 3021 2456 3076 τοῦτό
2488 3024 2636 3075 ἐστι*
2669 3021 2850 3092 δέησις
2880 3022 3107 3094 ἑκτενὴς
3135 3022 3194 3075 ἐν
3229 3020 3379 3093 πάσῃ
3413 3020 3555 3091 ὥρᾳ,
3590 3020 3653 3072 ὲν

403 3129 591 3168 rerum
623 3112 888 3168 custodia.
920 3111 986 3165 Et
1019 3125 1237 3165 rursum
1265 3126 1280 3163 :
1315 3126 1334 3161 ι
1367 3107 1553 3164 Gratia
1581 3122 1705 3180 post
1732 3114 1989 3185 gratiam,

2082 3115 2217 3185 εὐχῇ
2256 3113 2659 3185 πεπληρωμένη
2699 3112 3063 3179 κατανύξεως,
3106 3113 3540 3184 προσεγγίζουσα
3570 3110 3653 3181 τῷ

404 3204 723 3276 pmnitentia
757 3201 1069 3255 hominibus
1117 3199 1244 3254 data
1290 3208 1396 3254 est.
1449 3198 1782 3257 Ptenitentia
1836 3206 1981 3258 enim

400 3305 485 3350 est
517 3292 853 3365 regeneratio
882 3290 1126 3347 secunda
1156 3306 1223 3345 ex
1256 3290 1386 3357 Deo,
1422 3300 1479 3347 et
1507 3293 1651 3361 quod
1679 3294 1873 3363 pignus
1920 3311 2003 3379 ea!

404 3386 509 3441 lide
536 3386 869 3454 accepimus,
901 3398 996 3453 per
1021 3383 1393 3452 paenitentiam
1418 3398 1637 3437 rursum
1664 3392 1724 3437 ut
1756 3386 1985 3454 gratiam

403 3476 726 3547 accipimus.
790 3474 1116 3531 Pmniteutia
1175 3485 1261 3530 est
1319 3473 1713 3531 misericordiae
1772 3476 1987 3544 janua,

403 3585 523 3639 qua:
552 3569 793 3639 aperitur
818 3568 885 3621 iis
910 3567 1001 3638 qui
1032 3567 1205 3637 ipsam
1241 3577 1669 3637 persequuntur.
1716 3566 1822 3623 Per
1854 3567 1993 3637 hanc

404 3662 621 3729 ianuam
653 3661 921 3715 intramus
962 3659 1025 3713 ad
1058 3659 1295 3714 divinam
1329 3659 1782 3723 misericordiam,
1813 3672 1867 3714 et
1895 3677 1991 3715 ex-

406 3764 485 3808 tra
519 3755 661 3808 hunc
694 3754 997 3817 introitum,
1042 3750 1469 3805 misericordiam
1500 3765 1604 3803 non
1637 3751 1993 3808 inveniemus.

407 3848 534 3903 Ideo
573 3860 765 3901 omnes
819 3850 1159 3907 erraverunt,
1210 3843 1509 3897 secundum
1559 3842 1799 3897 divinam
1847 3847 1994 3899 srri-

407 3946 644 4009 pturam,
676 3933 951 4007 iustiﬁcati
991 3933 1159 4003 gratis
1208 3931 1379 4002 gratia
1439 3931 1632 4001 ipsius.
1669 3932 1993 3991 Pmttitentia

405 4040 490 4085 cst
538 4022 773 4084 srcunda
806 4027 994 4097 gratia,
1027 4032 1079 4078 et
1101 4031 1391 4095 generatur
1425 4024 1478 4078 in
1504 4026 1668 4079 corde
1692 4041 1759 4081 ex
1802 4026 1904 4081 title
1944 4037 1997 4081 ct

407 4122 623 4174 timore.
661 4117 849 4173 Timor
875 4127 956 4172 est
984 4118 1133 4186 virga
1167 4122 1394 4185 paterna
1436 4131 1557 4186 qua:
1581 4132 1683 4173 nos
1729 4118 1996 4187 gubernat

405 4214 762 4284 quoadusque
793 4223 1145 4281 properemus
1170 4211 1236 4264 ad
1263 4209 1600 4279 spiritualem
1628 4212 1941 4281 paradisum
1976 4229 1991 4279 ;

406 4320 461 4364 et
493 4320 774 4377 postquam
809 4303 1207 4370 festinaviinus,
1238 4319 1336 4358 nos
1366 4303 1622 4374 relinquit
1686 4319 1750 4359 ac
1810 4320 1991 4360 rever.

408 4402 560 4455 titur.
595 4398 881 4452 l'aradisus
909 4406 991 4451 est
1015 4410 1169 4451 amor
1211 4394 1324 4461 Dei,
1358 4395 1414 4449 in
1443 4410 1553 4465 quo
1589 4398 1837 4451 omnium
1870 4397 1996 4451 l’eli-

2081 3204 2222 3273 Θεῷ,
2260 3204 2399 3274 ύπὲρ
2445 3202 2693 3272 ἀφέσεως
2735 3201 2847 3255 τῶν
2899 3203 3308 3274 παρελθόντων·
3352 3203 3448 3256 καὶ
3478 3201 3652 3267 λύπη,

2082 3294 2224 3366 ὑπὲρ
2252 3295 2348 3364 τῆς
2369 3292 2479 3347 τῶν
2510 3292 2812 3364 μελλόντων
2829 3292 3127 3363 φυλακῆς.»
3152 3295 3259 3347 Καὶ
3282 3287 3438 3353 αὖθις
3455 3308 3472 3324 ·
3505 3309 3523 3342 ι
3548 3292 3658 3345 Χά-

2085 3404 2170 3459 ρις
2202 3386 2337 3456 μετά
2365 3386 2547 3457 χάριν,
2577 3386 2611 3455 ή
2655 3385 2916 3456 μετάνοια
2964 3385 3121 3456 ἐδόθη
3160 3386 3273 3447 τοίς
3317 3381 3652 3455 ἀνθρώποις.

2082 3476 2357 3531 Μετάνοια
2384 3476 2492 3547 γάρ
2515 3477 2682 3540 ἐστιν,
2731 3475 3087 3543 ἀναγέννησις
3119 3474 3345 3544 δευτέρα
3379 3476 3442 3527 ἐκ
3490 3472 3655 3538 Θεοῦ,

2083 3571 2177 3624 καὶ
2205 3571 2375 3638 ὅνπερ
2405 3571 2469 3623 ὲκ
2499 3568 2602 3639 τῆς
2629 3568 2864 3626 πίστεως
2894 3567 3192 3640 ἀρραϐῶνα
3222 3566 3543 3637 ἐδεξάμεθα,
3567 3567 3663 3639 διὰ,

2081 3662 2181 3731 τῆς
2209 3661 2496 3732 μετανοίας
2522 3661 2583 3713 τὺ
2611 3660 2857 3732 χάρισμα
2885 3659 3049 3714 αὑτοῦ
3091 3659 3442 3735 ἐκδεχόμεθα.
3470 3658 3659 3712 Μετά-

2083 3753 2200 3808 νοιά
2246 3754 2393 3806 ἐστιν
2437 3751 2471 3822 ὴ
2522 3751 2661 3823 θύρα
2705 3749 2799 3805 τοῦ
2850 3751 3055 3816 ἐλέους,
3098 3751 3132 3822 ἡ
3177 3750 3495 3821 ἀνεῳγμένη
3540 3752 3658 3813 τοῖς

2080 3845 2366 3898 διώκουσιν
2417 3843 2609 3915 αὑτήν.
2666 3843 2767 3895 Διά
2808 3842 2907 3912 τῆς
2946 3841 3116 3913 θύρας
3171 3841 3374 3912 ταύτης
3411 3841 3659 3911 εἰσερχόο

2085 3936 2225 4007 μεοα
2271 3935 2408 4006 πρὸς
2464 3934 2525 3989 τὸ
2560 3935 2702 3988 θεῖον
2758 3933 2925 3996 ἔλεος,
2969 3935 3063 3987 καὶ
3122 3933 3276 3995 ἐκτὸς
3318 3929 3518 4001 ταύτης
3557 3932 3661 4001 τῆς

2082 4025 2309 4089 εἰσόδου,
2349 4024 2447 4095 ούχ
2489 4025 2793 4095 εὑρήσομεν
2826 4022 2993 4087 ἔλεος.
3042 4023 3188 4076 Διότι
3232 4022 3437 4084 πάντες
3468 4021 3659 4090 ἥμαρ-

2081 4132 2193 4180 τον,
2243 4116 2385 4169 κατά
2430 4114 2531 4186 τὴν
2566 4114 2717 4168 θείαν
2750 4114 2998 4185 Γραφὴν,
3038 4113 3409 4183 δικαιούμενοι
3446 4111 3659 4181 δωρεὰν

2083 4207 2149 4276 τῇ
2179 4204 2340 4257 αὑτοῦ
2358 4204 2558 4275 χάριτι.
2590 4206 2654 4258 Ἥ
2677 4204 2935 4277 μετάνοιά
2952 4205 3098 4257 ἐστιν
3119 4205 3151 4274 ἡ
3170 4203 3327 4274 χάρις
3349 4203 3382 4273 ἡ
3400 4201 3654 4270 δευτέρα,

2084 4295 2177 4347 καὶ
2206 4293 2447 4347 τίκτεται
2476 4296 2534 4346 ὲν
2563 4297 2629 4366 τῇ
2662 4294 2861 4366 καρδίᾳ
2920 4297 2982 4348 εκ
3021 4294 3118 4365 τῆς
3145 4293 3382 4355 πίστεως
3436 4297 3530 4344 καὶ
3557 4288 3654 4343 τοῦ

2086 4385 2272 4455 φόϐου.
2316 4385 2376 4438 ’0
2408 4384 2570 4454 φόϐος
2607 4384 2663 4439 δέ
2693 4386 2831 4451 ἐστι,
2868 4384 3061 4457 ῥάϐδος
3091 4382 3355 4455 πατρική,
3392 4383 3426 4452 ἡ
3456 4380 3658 4449 κυϐερ-

410 4492 636 4545 citatum
669 4500 795 4542 sunt
826 4487 1052 4544 deliciae.
1089 4505 1107 4539 ι
1158 4486 1223 4540 Ει
1254 4500 1469 4541 rursum
1509 4503 1522 4540 :
1558 4504 1577 4538 ι
1622 4484 1989 4553 Quemadmo-

2086 4476 2231 4529 νῶσα
2254 4477 2420 4547 ἡμᾶς,
2445 4476 2550 4539 ἓως
2580 4477 2647 4531 ἂν
2672 4477 2964 4546 φθάσωμεν
2984 4477 3063 4539 εἰς
3092 4474 3182 4528 τὸν
3208 4475 3545 4546 παράδεισον
3564 4473 3657 4525 τὸν

410 4581 537 4634 dum
564 4578 902 4648 impossibile
935 4587 1018 4632 est
1046 4593 1194 4633 mare
1244 4594 1522 4648 magnum,
1574 4581 1696 4636 sine
1745 4596 1883 4636 nave
1936 4590 1993 4636 et

411 4669 933 4733 carabn,trausire;
967 4669 1039 4723 ita
1090 4684 1250 4723 nemo
1299 4678 1475 4739 potest
1522 4671 1733 4740 alisque
1800 4673 1997 4728 timore

412 4763 481 4817 ad
508 4762 825 4815 rharitatem
855 4761 1110 4816 transire.
1144 4761 1292 4816 Mare
1318 4762 1566 4817 fetidum
1598 4765 1738 4818 inter
1795 4781 1894 4821 nos
1945 4777 2002 4822 et

415 4851 750 4921 spiritualem
771 4852 1081 4920 paradisum
1112 4860 1413 4918 extensum,
1447 4867 1540 4921 per
1561 4854 1890 4921 paenitentiae
1911 4871 2004 4909 ca-

416 4942 607 4995 rabum
647 4943 877 4995 transire
940 4955 1245 5009 possumus,
1278 4956 1398 5010 qua:
1449 4942 1661 4998 timoris
1712 4945 1999 5015 remigium

418 5042 589 5088 teuet.
629 5033 685 5088 Si
722 5042 901 5087 autem
931 5033 1091 5102 hujus
1117 5032 1329 5088 timoris
1363 5034 1644 5105 remigium
1668 5035 1999 5106 ptenitentiae

414 5140 607 5179 navem
641 5140 746 5181 non
779 5123 1065 5194 gubernat,
1102 5138 1198 5195 per
1224 5138 1390 5195 quam
1416 5124 1576 5195 hujus
1609 5128 1798 5183 mundi
1848 5145 1999 5187 mare

414 5216 481 5270 ad
525 5214 688 5270 Deum
718 5229 1083 5285 permeamus,
1114 5215 1171 5270 in
1200 5214 1390 5271 {mtido
1426 5216 1519 5271 illo
1544 5217 1681 5273 mari
1698 5221 2004 5292 submergi-

415 5322 560 5362 mur.

2086 4566 2495 4635 πνευματικόνο
2550 4567 2645 4620 καὶ
2700 4567 2829 4620 ὅταν
2865 4566 3160 4635 φθάσωμεν
3193 4567 3395 4630 ὲκεῖσε,
3426 4564 3655 4635 ἀφίησιν

2086 4660 2253 4731 ἡμᾶς,
2293 4658 2388 4711 καὶ
2439 4658 2749 4728 στρέφεται.
2790 4657 3127 4729 Παράδεισός
3182 4658 3332 4709 ἐστιν
3386 4657 3419 4726 ἡ
3467 4656 3653 4726 ἀγάπη

2084 4749 2177 4802 τοῦ
2208 4748 2363 4817 Θεοῦ,
2398 4743 2514 4823 ἑνῇ
2546 4750 2578 4820 ἡ
2612 4748 2791 4820 τρυφὴ
2816 4749 3030 4803 πάντων
3060 4746 3170 4801 τῶν
3201 4744 3589 4818 μακαρισμῶν.
3627 4763 3645 4795 ι

2090 4841 2197 4893 Καὶ
2228 4838 2418 4902 αὖθις·
2452 4858 2471 4892 ι
2515 4840 2723 4911 Ὠσπερ
2757 4838 2818 4893 ού
2869 4839 3091 4893 δυνατόν
3124 4838 3240 4891 ἐστι
3289 4835 3529 4907 περάσαι
3556 4833 3655 4904 τὴν

2086 4930 2363 4984 θάλασσαν
2391 4928 2491 5000 τὴν
2519 4930 2787 5002 μεγάλην,
2820 4929 2991 5000 χωρὶς
3022 4927 3231 4990 πλοίου,
3264 4926 3359 4979 καὶ
3388 4923 3653 4992 καράϐου,

2084 5021 2259 5085 οὕτως
2287 5021 2346 5074 ού
2369 5020 2587 5074 δύναταί
2626 5038 2710 5082 τις
2733 5019 2902 5091 χωρὶς
2932 5018 3100 5088 φόϐου
3135 5017 3369 5089 περάσαι
3402 5015 3537 5086 πρὸς
3561 5015 3659 5085 τὴν

2085 5116 2330 5186 ἀγάπην.
2371 5113 2482 5184 Τὴν
2515 5113 2793 5168 θάλασσαν
2827 5112 2924 5183 τὴν
2955 5111 3252 5182 όζομένην,
3280 5110 3383 5179 τὴν
3412 5107 3656 5162 τεθεῖσαν

2090 5207 2292 5279 μεταξὺ
2318 5206 2477 5277 ἡμῶν
2512 5203 2721 5259 καὶτοῦ
2748 5204 2939 5276 νοητοῦ
2972 5202 3334 5274 παραδείσου,
3365 5199 3452 5254 διά
3485 5197 3657 5269 καρά-

2087 5300 2182 5353 ϐου
2206 5301 2304 5369 τῆς
2337 5298 2624 5370 μετανοίας
2655 5296 2949 5369 παρελθεῖν
2981 5294 3278 5365 δυνάμεθα,
3313 5292 3409 5364 τῆς
3432 5290 3658 5362 ἐχούσης

409 5410 539 5471 τοὺς
584 5401 920 5470 κωπηλάτας
973 5395 1071 5452 τοῦ
1112 5395 1305 5467 φόϐου.
1332 5392 1461 5450 Ἐὰν
1498 5395 1557 5447 δε
1590 5390 1641 5446 oi
1680 5389 2009 5460 κωπηλάται
2042 5386 2191 5442 οὗτοι
2227 5386 2321 5443 τοῦ
2372 5387 2562 5458 φόϐου,
2616 5388 2676 5443 ού
2714 5390 3026 5463 κυϐερνῶσι
3059 5390 3123 5445 τὸ
3153 5391 3342 5446 πλοῖον
3374 5393 3534 5447 τοῦτο
3561 5392 3659 5460 τῆς

414 5502 728 5577 μετανοίας,
775 5499 842 5553 δι’
902 5490 972 5570 ἦς
1002 5494 1332 5568 διερχόμεθα
1371 5492 1473 5564 τὴν
1498 5488 1784 5547 θάλασσαν
1808 5488 1905 5543 τοῦ
1954 5487 2165 5556 κόσμου
2212 5484 2404 5539 τούτου
2440 5484 2578 5555 πρὸς
2632 5486 2726 5538 τὸν
2774 5484 2929 5555 Θεὸν,
2963 5487 3476 5559 καταποντιζόμεθα
3507 5489 3568 5543 ἐν
3593 5490 3659 5561 τῇ

411 5603 650 5673 ὀζομένῃ
682 5598 949 5668 θαλάσσῃ.
992 5612 1010 5647 ι

486 5714 536 5747 ’τ
573 5712 777 5782 Ephes.
811 5727 888 5779 tv,
917 5707 1007 5779 3|,
1042 5706 1133 5766 52.
1208 5705 1256 5740 "
1286 5703 1432 5763 Psal.
1468 5719 1544 5775 tv,
1580 5704 1634 5762 ὅ.
1713 5702 1759 5738 ³⁸
1790 5699 1993 5773 prcs.
2030 5713 2105 5769 tv,
2136 5699 2229 5757 26.
2308 5698 2354 5732 “
2390 5697 2548 5754 Rom.
2590 5710 2688 5767 κη,
2718 5696 2806 5753 l9.
2883 5696 2926 5729 “
2967 5696 3102 5754 Ibid.
3137 5697 3228 5753 91.
