4032 6208
335 287 438 350 ΤΠ

1546 289 1837 352 οΡυεου
1850 290 1935 349 LA
1980 290 2357 371 ASC’ETICA.

3458 308 3561 369 778

335 416 460 466 Ἔτι
505 410 642 479 περὶ
730 413 1025 477 ετανοίας,
1077 416 1285 480 φόϐου,
1327 415 1581 484 ἀγάπης.
1619 418 1885 483 πιὲνθους1

667 428 963 533 gratamur.
1001 484 1099 533 καὶ
1129 486 1559 533 αὐτοηεηιθὶαρ-

1994 399 2237 472 Sequitur
2266 405 2327 459 de
2352 408 2678 490 patuit-entia,
2708 410 2912 472 timore,
2943 413 3221 483 chaiilate,
3254 415 3454 482 dolore,
3482 419 3561 471 la-

2350 492 2540 533 crumis
2586 488 2633 531 et
2685 483 2893 533 proprio
2924 482 3195 533 vitunen'o.

705 483 963 549 ακρύων,
1001 484 1099 535 καὶ
1129 483 1559 554 αὐτομεμψὶας.

398 578 508 626 πα’.
552 590 570 623 ι
600 571 876 625 Μετάνοιά
909 574 1044 639 ἐστι,
1078 572 1139 626 τὸ
1183 573 1399 627 πλοῖον⁶
1454 579 1481 629 6
1519 554 1701 643 φόϐός,
1732 579 1760 629 6
1804 594 1900 627 κυ-

328 659 595 734 ϐερνήτης
622 664 785 717 αὐτοῦ
811 681 825 695 ’
857 666 889 734 ἠ
926 665 1136 735 ἀγάπη.
1163 666 1192 718 ό
1232 665 1397 737 λιμὴν
1451 669 1478 719 6
1516 668 1712 732 θεῖκός.
1747 667 1898 721 Καθ-

331 756 435 819 ίζει
473 752 567 809 οὖν
591 757 740 824 ἡμᾶς
770 757 798 809 6
845 757 1008 824 φόϐος
1044 759 1100 810 ἐν
1131 756 1208 827 τῷ
1235 759 1402 829 πλοίῳ
1443 759 1541 829 τῆς
1590 760 1896 829 μετανοίας,

330 850 422 901 καὶ
470 847 775 910 διαϐιϐάζει
819 848 964 917 ἡμᾶς
1032 848 1128 918 τὴν
1176 848 1449 902 Θάλασσαν
1491 850 1583 902 τοῦ
1620 851 1735 919 βίου
1799 850 1897 921 τὴν

329 938 595 1008 όζομένην
613 954 626 968 ·
661 938 912 1008 καὶπρὸς
937 940 1025 991 τὸν
1059 939 1254 1008 λιμένα
1280 940 1368 993 τὸν
1407 941 1567 1005 θεῖον,
1598 942 1655 1003 ὃς
1685 944 1831 995 ἐστιν
1860 945 1893 1013 ἡ

329 1029 542 1098 ἀγάπη,
595 1028 780 1097 ὁδηγεῖ
831 1031 998 1099 ἡμᾶς,
1050 1033 1128 1094 είς
1158 1030 1215 1083 ὃν
1246 1032 1450 1103 περῶσι
1482 1034 1677 1097 πάντες
1706 1036 1753 1086 οἱ
1805 1051 1896 1087 κο-

329 1121 559 1182 πιῶντες
619 1121 713 1172 καὶ
740 1122 1159 1191 πεφορτισμένοι
1182 1124 1238 1175 ἐν
1275 1127 1342 1194 τῇ
1369 1126 1624 1196 μετανοίᾳ
1646 1141 1659 1156 ’
1696 1128 1787 1179 καὶ¹
1808 1128 1895 1179 ὅτε

329 1212 608 1280 φθάσομεν
633 1210 729 1279 τὴν
760 1211 1000 1279 ἀγάπην,
1030 1212 1342 1282 ἐφθάσαμεν
1370 1215 1450 1277 εις
1479 1215 1566 1269 τὸν
1594 1216 1725 1269 Θεόν
1744 1233 1758 1248 ο
1802 1219 1895 1270 καὶ

326 1302 361 1371 ή
415 1301 533 1363 ὁδὸς
588 1300 743 1371 ἡμῶν
802 1300 1111 1370 ἐτελειώθη,
1162 1304 1257 1355 καὶ
1314 1302 1570 1373 διέϐημεν
1610 1306 1745 1375 πρὸς
1796 1306 1895 1376 τὴν

331 1392 490 1460 νῆσον
516 1390 614 1459 τὴν
642 1391 849 1443 ἐκεῖθεν
879 1391 972 1443 τοῦ
1003 1393 1210 1461 κόσμου
1238 1393 1419 1459 οὖσαν,
1450 1396 1581 1452 ὅπου
1618 1400 1645 1450 6
1682 1398 1889 1471 Πατὴρ,

326 1485 421 1536 καὶ
449 1485 476 1535 6
501 1483 649 1545 Υἱὸς,
677 1484 770 1534 καὶ
796 1481 859 1534 τὸ
894 1483 1114 1550 Πνεῦμα
1139 1484 1198 1535 τὸ
1235 1484 1408 1551 ἅγιον.
1449 1505 1467 1537 ι
1504 1488 1635 1558 Περὶ
1669 1489 1724 1542 δὲ
1764 1491 1889 1543 πένο

324 1572 451 1635 θους
473 1571 565 1624 τοῦ
585 1572 723 1624 κατά
742 1571 892 1636 Θεὸν,
916 1571 1055 1625 οὕτω
1077 1574 1237 1641 φησὶν
1258 1576 1286 1625 6
1311 1577 1497 1646 Σωτήρ
1516 1592 1529 1604 ⁸
1567 1595 1584 1628 ι
1619 1580 1894 1649 Μακάριοι

322 1665 373 1716 οἱ
418 1661 762 1725 πενθοῦντες,
810 1662 890 1718 ὅτι
928 1664 1074 1716 οὐτοὶ
1121 1667 1649 1737 παρακληθήσονται.
1706 1688 1726 1721 ι
1773 1672 1889 1725 Ἔτι

323 1755 454 1823 περὶ
486 1752 754 1822 δακρύων,
800 1754 828 1806 6
862 1753 1023 1817 αὐτὸς
1062 1732 1259 1825 γράφει
1286 1732 1440 1823 ὅσιος⁷
1483 1760 1666 1815 Ἰσαάκ
1697 1776 1710 1790 ·
1754 1782 1772 1814 ι
1810 1761 1890 1814 Τά
1925 1732 1963 1784 Β

323 1842 537 1913 δάκρυα
572 1842 639 1895 τά
679 1845 736 1895 ἐν
769 1845 832 1914 τῇ
868 1844 1019 1915 εὐχῇ,
1052 1848 1274 1916 σημεῖόν
1307 1850 1421 1903 ἐστι
1461 1850 1554 1904 τοῦ
1584 1853 1765 1918 ἐλέους
1794 1856 1889 1910 τοῦ

323 1933 481 1997 Θεοῦ,
518 1926 688 2004 οὗπερ
710 1933 912 2005 ἠξιώθη
949 1938 982 2006 ὴ
1025 1936 1169 2006 ψυχὴ
1191 1941 1248 1991 ἐν
1272 1944 1336 2011 τῇ
1372 1942 1572 2014 ἑαυτῆς
1595 1948 1851 2019 μετανοίᾳ
1870 1965 1885 1980 ο

324 2023 421 2076 καλ⁸
448 2023 529 2076 ὅτι
562 2025 914 2095 προσεδέχθη,
946 2028 1040 2080 καὶ
1069 2027 1270 2100 ἤρξατο
1300 2031 1639 2103 είσέρχεσθαι
1668 2038 1748 2101 είς
1789 2039 1888 2110 τὴν

324 2113 547 2168 πεδιάδα
571 2116 668 2185 τῆς
694 2116 1060 2187 καθαρότητος
1083 2121 1141 2172 ἐν
1164 2124 1275 2185 τοῖς
1305 2123 1585 2194 δάκρυσιν.
1631 2129 1754 2182 Ἐὰν
1778 2132 1888 2202 γάρ

326 2204 399 2275 μὴ
430 2205 667 2275 ἀρθῶσιν
694 2207 743 2259 oi
780 2208 1029 2278 λογισμοὶ⁸
1064 2210 1171 2263 τῶν
1196 2216 1639 2285 παρερχομένων,
1680 2221 1774 2273 καὶ
1804 2222 1886 2290 ῥί-

315 2295 495 2365 ψωσιν
520 2296 578 2362 ἐξ
629 2297 836 2351 ἑαυτῶν
871 2300 970 2368 τὴν
1007 2300 1196 2355 ἐλπίδα
1256 2303 1350 2356 τοῦ
1393 2307 1620 2376 κόσμου,
1660 2311 1753 2363 καὶ
1796 2328 1883 2364 κι-

318 2385 455 2455 νηθῇ
488 2383 549 2448 ἐξ
578 2385 755 2439 αὐτῶν
782 2388 816 2457 ἡ
839 2391 1240 2461 καταφρόνησις
1269 2394 1431 2448 αὐτοῦ
1456 2434 1471 2460 ,
1500 2399 1592 2450 καὶ
1611 2398 1881 2468 ἄρξωνται

322 2482 509 2549 ἀγαθά
534 2482 718 2550 ἐφόδια
746 2482 843 2553 τῆς
872 2483 1051 2548 ἐξόδου
1086 2483 1267 2538 αὐτῶν
1299 2484 1760 2554 παρασκευάζειν,
1790 2488 1885 2541 καὶ

324 2574 599 2644 ἄρξωνται
634 2576 691 2627 ἐν
711 2577 776 2645 τῇ
799 2574 941 2645 ψυχῇ
963 2575 1210 2645 λογισμοὶ
1239 2578 1498 2630 κινεῖσθαί
1525 2595 1685 2630 τινων
1722 2578 1888 2631 ὄντων

321 2666 529 2728 ἐκεῖσε,
557 2664 615 2717 οὐ
638 2664 883 2717 δύνανται
908 2667 957 2717 oi
986 2664 1256 2735 ὀφθαλμοὶ
1276 2665 1551 2736 δακρύειν.
1578 2666 1658 2719 Τά
1679 2666 1888 2736 δάκρυα

321 2757 456 2827 γάρ,
488 2758 552 2809 ἐκ
595 2758 692 2824 τῆς
730 2757 1059 2827 ἀκραιφνοῦς
1106 2757 1437 2827 ἀδολεσχίας,
1465 2760 1557 2812 καὶ
1584 2756 1885 2828 ἀμετεωρίο

324 2865 477 2910 στου,
518 2848 628 2901 τῶν
672 2846 945 2916 λογισμῶν
975 2864 1033 2899 τε
1062 2847 1170 2900 τῶν
1215 2848 1443 2913 πολλῶν,
1486 2849 1579 2902 καὶ
1625 2848 1884 2917 συνεχῶν,

321 2940 423 2990 καὶ
444 2938 677 3001 άκλινῶς
704 2939 1022 3007 γινομένων,
1048 2939 1141 2991 καλ⁵
1167 2940 1232 2991 ἐκ
1271 2940 1490 3008 μνήμης
1516 2939 1659 3003 τινὸς
1689 2938 1885 2992 λεπτοῦ

2350 480 2540 544 crymis
2586 488 2633 531 et
2685 483 2893 546 proprio
2924 482 3195 551 viluperio.

2069 582 2159 636 81.
2194 582 2520 642 Pmnitentia
2551 598 2632 643 εει
2664 591 2938 660 navigium
2973 610 2986 656 ;
3043 594 3225 661 timor,
3280 607 3559 667 guberna-

1999 680 2138 739 tor;
2181 675 2435 743 charitas,
2494 689 2683 747 portus
2719 682 2955 736 divinus.
3005 683 3188 740 Timor
3239 688 3401 758 igitur
3458 706 3558 744 nos

1999 764 2186 816 statuit
2213 764 2264 818 in
2287 767 2614 835 pcenitentiae
2642 771 2873 840 navigio,
2899 785 2953 827 et
3000 790 3097 828 nos
3123 780 3440 833 transmittit
3464 796 3558 849 per

2001 852 2159 920 liuius
2187 855 2307 911 vitae
2358 874 2506 915 mare
2562 861 2806 916 foetidum
2834 882 2847 928 ;
2883 873 2937 918 et
2984 866 3048 919 ad
3075 867 3315 921 divinum
3345 881 3558 938 portum

1997 945 2084 1011 qui
2116 954 2199 1001 est
2227 946 2484 1015 charitas,
2520 966 2618 1005 nos
2637 951 2858 1007 ducitin
2914 970 3074 1024 quem
3119 960 3342 1013 veniunt
3400 972 3559 1029 quot-

1996 1047 2125 1103 quot
2153 1038 2465 1106 poenitentia
2497 1042 2744 1097 laborant
2780 1060 2842 1098 ac
2885 1048 3172 1101 sustinent.
3233 1051 3295 1103 Et
3343 1056 3560 1120 quando

1998 1128 2063 1181 ad
2090 1128 2407 1184 cliaritatein
2443 1132 2781 1198 festinamus,
2818 1135 2885 1189 ad
2913 1136 3076 1189 Deum
3136 1139 3511 1198 festinavimus
3543 1163 3558 1208 ;

1995 1227 2048 1270 ει
2113 1220 2198 1274 via
2269 1232 2454 1275 nostra
2521 1234 2735 1292 peracta
2802 1234 2906 1289 est,
2971 1237 3024 1281 et
3081 1212 3432 1289 transivimus
3490 1237 3555 1289 ad

1996 1310 2227 1364 insulam
2252 1327 2372 1381 qua;
2401 1314 2540 1367 ultra
2583 1316 2728 1371 hunc
2759 1318 3023 1373 mundum
3055 1331 3158 1389 est,
3195 1323 3282 1378 ubi
3310 1324 3469 1380 Pater
3500 1341 3558 1383 et

2001 1401 2172 1458 Filius
2202 1414 2256 1459 et
2287 1403 2522 1474 Spiritus
2555 1418 2777 1463 sanctus
2813 1420 2916 1465 est.
2956 1430 2974 1463 ι
3000 1411 3075 1467 Dc
3130 1416 3315 1470 dolore
3367 1434 3561 1473 secun-

1993 1494 2121 1547 dum
2156 1493 2323 1548 Deum
2358 1496 2427 1549 ita
2464 1497 2703 1567 loquitur
2734 1499 2982 1557 Salvator
3015 1522 3029 1558 :
3070 1524 3089 1557 ι
3117 1504 3261 1561 Beati
3318 1510 3413 1578 qui
3475 1512 3561 1566 lu-

1992 1594 2141 1653 gent,
2168 1587 2425 1654 quoniam
2449 1588 2549 1657 ipsi
2573 1592 3022 1649 consolabuntur.
3058 1616 3076 1648 ι
3117 1599 3313 1653 Adhuc
3378 1602 3559 1656 de'la-

1992 1678 2319 1746 crymishoc
2379 1681 2567 1733 scribit
2625 1682 2747 1749 pius
2816 1687 3014 1744 Isaac:
3077 1691 3404 1763 «Lacrymze
3464 1713 3559 1766 pi'l‘

1995 1769 2258 1823 orandum
2294 1772 2508 1840 signum
2540 1782 2670 1827 sunt
2699 1775 3095 1835 misericordia:
3154 1781 3270 1845 Dei.
3330 1801 3439 1853 qua
3475 1789 3559 1841 di-

1994 1876 2097 1930 gna
2144 1861 2326 1915 habita
2373 1872 2455 1917 est
2504 1866 2775 1933 pmnitens
2828 1868 3297 1929 anima.lndicant
3344 1894 3559 1949 quoque

1994 1968 2113 2006 eam
2153 1962 2431 2022 acceptam
2464 1971 2582 2011 esse
2610 1966 2662 2011 et
2684 1958 2799 2025 jam
2828 1959 3032 2017 intrare
3062 1966 3119 2018 in
3157 1967 3412 2034 puritatis
3446 1972 3556 2039 pla.

1994 2043 2180 2099 nitiem
2219 2060 2312 2115 per
2336 2046 2603 2117 lacrymas
2636 2049 2894 2121 incipere.
2924 2053 3041 2110 Nisi
3067 2058 3211 2111 enim
3241 2060 3558 2128 rejiciantur

1991 2137 2260 2193 lluxoruin
2289 2140 2646 2208 c0gitationes
2682 2151 2735 2198 et
2766 2160 2797 2199 a
2818 2148 3013 2216 seipsis
3047 2151 3375 2206 mundanam
3403 2171 3552 2224 spem

1995 2231 2313 2293 extrahant,
2337 2240 2392 2286 ει
2421 2244 2706 2289 moveatur
2730 2242 2794 2291 et
2817 2239 2951 2307 ipsis
2970 2241 3152 2295 mundi
3179 2253 3551 2315 contemptus.

1993 2330 2047 2375 et
2080 2321 2342 2390 incipiant
2372 2323 2513 2378 bona
2572 2326 2766 2381 viatica
2796 2329 2975 2384 exitus
3008 2333 3073 2386 de
3107 2335 3309 2389 mundo
3344 2352 3553 2405 parare,

1989 2421 2042 2466 et
2079 2413 2134 2466 in
2163 2415 2343 2469 animo
2376 2418 2579 2471 moveri
2611 2418 2875 2487 incipiant
2902 2424 3291 2481 nonnullorum
3329 2443 3447 2497 qua:
3478 2432 3550 2485 ibi

1990 2503 2042 2555 in
2078 2504 2216 2560 caalo
2247 2515 2397 2568 sunt,
2441 2509 2585 2562 oculi
2626 2511 2925 2581 lacrymare
2947 2526 3243 2584 nequeunt.
3274 2518 3557 2591 Lacrymze

1989 2606 2131 2645 enim
2186 2609 2250 2648 ex
2307 2604 2521 2650 sincera
2571 2604 2985 2657 conversatione
3037 2615 3091 2659 et
3145 2612 3434 2676 constanti,
3490 2628 3555 2667 ex

1991 2684 2176 2738 multis
2215 2687 2602 2759 continuisque
2633 2692 3081 2763 cogitationibus,
3111 2705 3165 2753 et
3219 2708 3363 2755 recta
3394 2704 3557 2758 adve-

1988 2771 2270 2831 nientibus
2298 2785 2353 2831 et
2382 2793 2446 2833 ex
2475 2782 2735 2837 memoria
2768 2785 2981 2854 exiguae
3022 2791 3097 2843 rei
3134 2791 3188 2844 in
3220 2796 3553 2860 cogitatione

1986 2863 2286 2922 eli‘ormatae
2323 2880 2377 2923 et
2410 2884 2504 2925 cor
2536 2888 2601 2926 ex
2634 2874 2737 2929 hac
2772 2879 3035 2933 memoria
3073 2882 3365 2953 trislantis,
3392 2906 3456 2944 ex
3486 2891 3555 2948 iis

1987 2954 2241 3028 lacrymae
2266 2962 2718 3033 multiplicantur,
2747 2978 2800 3022 et
2837 2971 3007 3039 magis
3029 2988 3090 3026 ac
3125 2976 3296 3047 magis
3353 2995 3557 3052 augen-

317 3031 610 3099 γινομένου
668 3031 724 3081 ἐν
758 3032 822 3100 τῇ
860 3029 1083 3100 διανοίᾳ,
1132 3032 1226 3085 καὶ
1260 3030 1553 3094 λυποῦντος
1602 3031 1699 3102 τὴν
1754 3042 1885 3099 καρ-

1991 3055 2096 3101 tur.
2122 3049 2191 3106 Et
2218 3053 2512 3110 Climacius
2544 3072 2558 3108 :
2589 3029 3088 3123 (Quemadmodum
3110 3029 3252 3136 igni;
3281 3029 3556 3131 calaiiium

316 3122 443 3174 δίαν
473 3123 536 3173 ἐκ
561 3122 659 3188 τῆς
685 3120 902 3189 μνήμης
936 3119 1120 3182 αὐτοῦ,
1152 3119 1246 3173 καὶ
1267 3120 1554 3173 ἐκηούτων
1583 3121 1651 3174 τά
1676 3119 1886 3190 δάκρυα

320 3210 706 3278 πληθύνονται,
739 3212 830 3265 καὶ
862 3211 1116 3265 ἐπιπλέην
1147 3210 1483 3277 αὑξάνονται.
1530 3229 1549 3262 ι
1584 3212 1691 3264 Καὶ
1718 3210 1747 3263 6
1786 3211 1885 3279 τῆς

319 3301 644 3372 Κλίμακοςο
692 3320 711 3354 ι
753 3303 959 3372 Ὥσπερ
997 3303 1058 3357 τὸ
1093 3303 1203 3372 πῦρ
1227 3302 1569 3373 ἀναιρετικὸν
1611 3303 1882 3373 καλάμης,

316 3394 465 3447 οὕτω
491 3394 552 3447 τὸ
574 3394 803 3464 δάκρυον
824 3394 890 3447 τὰ
914 3396 1095 3461 ἁγνὸν,
1119 3397 1315 3459 παντὸς
1338 3397 1508 3467 ῥύπου
1539 3395 1883 3464 φαινομένου,

319 3486 419 3538 καὶ
448 3485 759 3554 νοουμένου.
786 3503 803 3536 ι
836 3487 985 3538 Ἔτι·
1012 3506 1029 3537 ι
1058 3486 1138 3551 Τά
1158 3487 1255 3556 τῆς
1275 3488 1549 3557 ἡμετέρας
1578 3484 1885 3545 ἀναλύσεως

317 3574 543 3646 καθαρά
568 3577 659 3628 καὶ
684 3576 865 3638 άδολα,
896 3578 1104 3639 ἑαυτοῖς
1138 3570 1620 3649 περιποιησώμεθα
1646 3576 1878 3646 δάκρυα·

315 3669 381 3721 οὐ
406 3668 515 3737 γάρ
537 3670 683 3721 ἐστιν
705 3668 763 3720 ἐν
790 3667 972 3732 αὐτοῖς
999 3667 1191 3739 κλοπὴ,
1223 3668 1255 3737 ἢ
1285 3668 1460 3738 οἴησις
1481 3684 1495 3698 ·
1535 3669 1795 3738 κάθαρσις
1826 3667 1882 3720 δέ

318 3760 546 3829 μᾶλλον,
598 3761 692 3815 καὶ
742 3761 967 3831 ἀγάπης
1012 3762 1109 3832 τῆς
1157 3764 1236 3826 είς
1285 3762 1416 3816 Θεὸν
1468 3762 1737 3831 προκοπὴ,
1790 3762 1883 3816 καὶ

312 3854 595 3924 ἁμαρτίας
636 3853 913 3918 ἐκπλυσις,
950 3855 1042 3908 καὶ
1076 3854 1364 3908 ἀπάθεια.»
1396 3853 1551 3907 "Evr
1600 3872 1619 3905 ι
1659 3855 1749 3925 Μὴ
1794 3854 1883 3907 πί-

315 3964 480 3999 στευε
520 3949 637 4009 σαῖς
666 3949 892 4014 πηγαῖς,
930 3946 1035 4015 πρὸ
1058 3946 1271 4009 τελείας
1300 3946 1645 4015 καθάρσεως·
1683 3947 1741 3999 οὐ
1773 3947 1881 4016 γὰρ

313 4037 431 4105 ἔχει
464 4037 645 4090 πίστιν
690 4032 830 4096 οἶνος
873 4036 1073 4100 εὐθέως
1104 4038 1170 4100 ἐκ
1205 4035 1314 4089 τῶν
1352 4036 1525 4102 ληνῶν
1572 4036 1882 4105 ἐγκλειόμε-

312 4148 428 4192 νος.
473 4148 491 4180 ι
535 4130 691 4183 Ἔτι·
734 4149 753 4182 ι
799 4130 879 4182 Τά
924 4129 1022 4199 μὲν
1069 4131 1132 4182 ἐκ
1177 4129 1338 4198 φόϐου
1380 4129 1608 4196 δάκρυα,
1645 4128 1782 4182 αὐτὰ
1822 4130 1880 4181 ἐν

311 4224 532 4283 ἑαυτοῖς
553 4221 651 4291 τὴν
689 4220 935 4291 φυλακὴν
972 4220 1261 4291 κέκτηνται
1283 4236 1296 4249 ⁸
1333 4220 1483 4286 τὰ,δέ
1512 4219 1609 4290 τῆς
1638 4220 1876 4291 ἀγάπης,

312 4313 424 4382 πρὸ
453 4314 552 4382 τῆς
584 4313 793 4376 τελείας
820 4314 1059 4383 ἀγάπης,
1094 4312 1220 4375 ἴσως
1239 4312 1504 4383 εὐσύλητα
1526 4311 1583 4364 ἐν
1611 4329 1717 4365 τισι
1744 4310 1879 4364 καθ·

1988 3148 2284 3227 consumit.
2304 3149 2378 3203 ita
2396 3148 2650 3219 lacryiua:
2672 3168 2793 3221 quae
2817 3156 3031 3211 munda:
3052 3168 3199 3227 sunt,
3220 3176 3412 3221 omnes
3440 3183 3560 3222 sor-

1984 3243 2085 3297 des
2123 3251 2448 3311 apparentes
2482 3252 2538 3297 et
2570 3246 2856 3314 cogitatas.
2888 3267 2906 3299 »
2936 3248 2999 3303 Et
3029 3252 3209 3307 adhuc
3242 3271 3257 3308 :
3296 3273 3314 3306 ι
3347 3257 3557 3314 Nostra:

1987 3333 2358 3387 dissolutionis
2374 3348 2537 3403 puras
2556 3351 2618 3390 ac
2632 3337 2880 3392 sinceras
2893 3340 3165 3411 lacrymas
3182 3349 3554 3415 acquiramus.

1983 3419 2039 3473 ln
2072 3422 2140 3475 iis
2167 3423 2309 3476 enim
2344 3437 2451 3476 non
2482 3434 2566 3479 est
2606 3435 2699 3479 aut
2731 3428 3013 3497 subreptio
3048 3442 3141 3486 aut
3190 3437 3412 3504 opinio;
3443 3440 3555 3494 imo

1984 3524 2111 3564 vero
2138 3510 2443 3575 mundatio,
2476 3521 2531 3566 et
2571 3513 2771 3569 divina:
2818 3518 3104 3577 cliaritatis
3157 3527 3461 3593 profectus.
3499 3542 3555 3584 et

1980 3602 2185 3670 peccati
2214 3603 2441 3669 ablatio,
2458 3605 2752 3663 etaﬂ‘ectus
2768 3610 3017 3677 privatio.
3039 3614 3135 3668 «Et
3151 3614 3366 3673 adhuc':
3391 3620 3554 3679 «Tuis

1979 3691 2231 3762 lacrymis
2265 3708 2333 3749 ne
2370 3694 2629 3759 conﬁdas,
2664 3698 2985 3768 priusquam
3022 3705 3245 3761 omnino
3291 3722 3550 3777 purgatus
3660 3728 3667 3735 λ

1978 3782 2055 3837 sis
2088 3799 2104 3848 ;
2144 3799 2253 3838 non
2279 3785 2424 3839 enim
2464 3786 2629 3842 ﬁdere
2655 3789 2919 3845 debemus
2971 3792 3119 3857 vino,
3150 3798 3293 3865 quod
3324 3801 3482 3854 modo
3521 3816 3552 3856 e

1984 3874 2237 3927 torculari
2256 3875 2307 3928 in
2327 3875 2487 3930 doliis
2505 3877 2851 3934 includitur.»
2876 3880 2941 3936 Et
2964 3884 3173 3942 adhuc:
3205 3907 3222 3940 ι
3246 3889 3377 3955 Qua:
3397 3906 3461 3945 ex
3480 3902 3550 3946 ll-

1982 3980 2134 4020 more
2154 3968 2457 4036 proeedunt
2474 3970 2748 4040 lacrymae,
2769 3974 2874 4028 sibi
2891 3974 3024 4043 ipsis
3039 3982 3345 4035 custodiam
3360 3987 3553 4053 acqui-

1979 4061 2263 4125 siverunt;
2296 4076 2419 4129 qua:
2448 4070 2631 4116 autem
2657 4080 2721 4117 et
2762 4066 3027 4121 cliaritate
3054 4080 3201 4134 sunt,
3256 4085 3545 4140 antequam

1976 4150 2215 4219 perfecta
2249 4154 2320 4206 sit
2373 4154 2635 4220 cliaritas,
2696 4156 3055 4224 spoliantibns
3118 4160 3169 4213 in
3219 4165 3546 4230 quibusdam

1980 4240 2247 4311 exposita:
2284 4252 2435 4307 sunt,
2467 4243 2574 4298 nisi
2604 4244 2744 4299 forte
2784 4246 2926 4314 ignis
2961 4263 3176 4318 semper
3227 4267 3544 4309 memoran-

1974 4333 2098 4395 dus,
2134 4347 2250 4386 sum
2285 4333 2505 4388 virtutis
2539 4343 2802 4402 tempore,
2836 4337 3064 4391 omnino
3087 4354 3183 4393 eor
3212 4344 3542 4401 accenderit.

308 4405 629 4473 εστήκασιν,
677 4405 726 4456 εί
789 4405 1035 4473 μήπουγε
1081 4404 1142 4456 τὸ
1192 4404 1519 4473 ἀείμνηστον
1566 4403 1677 4472 πῦρ
1711 4404 1768 4455 ἐν
1802 4401 1878 4472 τῷ

1986 4422 2040 4473 lit
2078 4423 2297 4483 niiruin,
2327 4424 2624 4491 quomodo,
2655 4425 2796 4492 quod
2830 4426 3093 4481 humilius
3121 4440 3227 4491 est,
3263 4431 3315 4483 in
3378 4432 3544 4501 hujus

310 4496 491 4567 καιρῷ
511 4497 608 4564 τῆς
640 4496 939 4566 ἐνεργείας,
961 4497 1100 4551 πάνυ
1132 4496 1229 4567 τὴν
1256 4496 1479 4564 καρδίαν
1504 4495 1742 4564 ἐξάψειε.
1768 4496 1878 4550 Καὶ

1986 4513 2121 4581 ignis
2156 4523 2418 4581 tempore,
2448 4515 2677 4568 solidius
2706 4530 2922 4583 quoque
2969 4527 3074 4573 est.
3103 4538 3122 4569 ι
3187 4519 3250 4574 Ει
3315 4495 3497 4577 adhuc
3526 4541 3541 4578 :

310 4588 646 4656 θαυμαστὸν,
672 4588 787 4650 πῶς
811 4588 870 4639 τὸ
895 4588 1278 4655 ταπεινότερον
1307 4588 1710 4658 ἀσφαλέστερόν
1731 4589 1876 4640 ἐστιν

1986 4603 2280 4673 iLacrymze
2304 4606 2483 4658 exitus
2500 4616 2805 4675 genuerunt
2823 4609 3109 4677 timorem;
3143 4622 3427 4684 postquam
3448 4633 3546 4671 au-

309 4680 371 4731 ἐν
394 4676 566 4746 καιρῷ
594 4675 779 4729 αὐτοῦ.
819 4694 838 4727 ι
872 4677 991 4729 Ἐτι
1013 4692 1026 4707 ο
1073 4694 1091 4727 ι
1123 4677 1366 4745 Δάκρυον
1408 4677 1608 4741 ἐξόδου,
1641 4677 1872 4730 άπέτεκε

310 4765 477 4835 φόϐον
495 4781 509 4795 ⁸
537 4766 700 4834 φόϐου
731 4765 785 4818 δέ
813 4766 1061 4829 τεκόντος
1110 4766 1361 4835 ἀφοϐίαν,
1405 4768 1649 4839 ἐπεφάνη
1697 4768 1837 4838 χαρά
1855 4782 1870 4797 ⁶

309 4858 485 4927 χαρᾶς
515 4858 571 4910 δὲ
598 4857 976 4926 ἀκαταλήκτου
999 4855 1236 4928 ληξάσης
1263 4859 1361 4927 τῆς
1386 4858 1540 4920 όσίας
1572 4859 1791 4929 ἀγάπης
1815 4858 1876 4913 τὸ

309 4948 469 5010 ἄνθος
500 4948 758 5002 ἀνέτειλε.
808 4966 827 4999 ι
866 4948 999 5017 Περὶ
1033 4948 1211 5017 μέντοι
1236 4948 1632 5019 αὐτομεμψίας,
1659 4952 1821 5020 φησὶν
1846 4951 1876 5003 6

313 5039 488 5109 μέγας
524 5038 840 5100 Ἀντώνιος·
890 5056 909 5089 ι
958 5037 1106 5107 Αὕτη
1159 5040 1304 5093 ἐστὶν
1335 5041 1368 5109 ή
1399 5041 1605 5110 μεγάλη
1647 5041 1875 5111 ἐργασία

308 5125 405 5179 τοῦ
435 5124 741 5196 ἀνθρώπου,
776 5127 863 5180 ἰνα
892 5126 951 5180 τὸ
987 5128 1210 5196 σφάλμα
1252 5129 1436 5191 αὐτοῦ,
1468 5131 1653 5184 ἐπάνω
1678 5130 1874 5185 ἑαυτοῦ

312 5217 482 5289 βάλλῃ
508 5216 738 5270 ἐνώπιον
769 5216 863 5271 τοῦ
902 5218 1056 5283 Θεοῦ,
1092 5219 1184 5270 καὶ
1212 5219 1519 5292 προδοκήσῃ
1550 5222 1871 5291 πειρασμὸν,

309 5308 415 5369 ἐως
439 5307 671 5376 ἐσχάτης
688 5307 1009 5375 ἀναπνοῆς.»
1036 5309 1146 5361 Kal.
1163 5298 1346 5379 ἕτερος
1365 5310 1551 5379 Πατὴρ
1572 5313 1720 5379 άγιος
1739 5314 1874 5383 ἐρω-

1982 4706 2086 4748 tem
2124 4696 2289 4750 timor
2322 4698 2573 4766 genuerit
2613 4702 2989 4765 securitatem,
3017 4705 3265 4771 apparuit
3302 4708 3537 4763 laetitia.»

1980 4784 2049 4839 De
2078 4785 2166 4839 sui
2218 4796 2401 4839 autem
2470 4788 2739 4855 vituperio
2760 4788 2891 4843 dicit
2943 4806 3173 4862 magnus
3223 4796 3542 4852 Antonius:

1989 4874 2109 4929 «Ea
2160 4883 2246 4930 est
2301 4892 2494 4947 magna
2533 4878 2775 4933 hominis
2834 4883 3106 4949 operatio,
3161 4892 3220 4937 ut
3261 4900 3358 4939 sua
3413 4888 3545 4940 vitia

1979 4980 2146 5034 supra
2181 4980 2241 5019 se
2270 4980 2454 5020 coram
2486 4965 2596 5019 Deo
2613 4967 2798 5035 jaciat,
2823 4976 2879 5021 et
2930 4970 3286 5024 tentatiouem
3353 4988 3541 5041 exspe-

1981 5069 2086 5112 ctet
2110 5074 2283 5127 usque
2310 5062 2374 5112 ad
2406 5060 2660 5114 ultimum
2694 5061 2971 5128 spiritum.
3009 5080 3030 5113 ι
3071 5061 3135 5115 Ει
3158 5064 3299 5117 alius
3320 5073 3542 5119 sanctus

1978 5148 2136 5204 Pater
2170 5152 2535 5218 interrogatus
2577 5170 2589 5206 :
2623 5152 2760 5217 Quid
2800 5152 2972 5219 maqu
3001 5154 3236 5217 invenis,
3269 5156 3451 5217 Pater,
3488 5157 3540 5209 in

1978 5243 2078 5294 hac
2114 5240 2242 5294 via?
2284 5244 2620 5310 respondens
2651 5243 2831 5301 dixit:
2865 5261 2883 5293 ι
2910 5243 2964 5296 In
3018 5246 3272 5299 omnibus
3298 5247 3537 5315 seipsuin

1974 5335 2305 5403 vituperare.
2337 5335 2520 5400 sQuod
2550 5335 2641 5404 qui
2667 5335 3106 5405 interrogaverat
3164 5338 3431 5399 laudavit,
3489 5344 3543 5391 et

310 5396 490 5465 τηθεὶς
511 5438 525 5460 ,
565 5416 583 5450 ι
611 5396 676 5449 Τί
704 5396 863 5449 πλέον
886 5391 1063 5467 εὗρες,
1087 5400 1286 5469 Πάτερ,
1307 5402 1363 5454 ἐν
1382 5404 1445 5470 τῇ
1477 5401 1579 5473 ὁδῷ
1598 5402 1765 5473 ταύτῃ
1792 5420 1807 5470 ;
1846 5423 1865 5456 ι

1989 5427 2043 5481 lli
2076 5391 2212 5481 dixit
2250 5444 2264 5482 :
2308 5445 2325 5478 ι
2352 5426 2465 5481 Non
2493 5438 2578 5482 est
2600 5429 2705 5482 alia
2738 5430 2842 5493 via,
2874 5444 2935 5481 ea
2967 5439 3209 5497 excepti.
3234 5446 3252 5480 ι
3283 5430 3347 5483 Et
3369 5428 3542 5481 abbas

311 5487 626 5559 ἀποκριθεὶς
654 5481 828 5551 εἷπεν,
855 5489 936 5552 τὸ,
978 5492 1036 5541 ἐν
1083 5492 1245 5543 παντὶ
1292 5492 1483 5544 ἐαυτὸν
1530 5495 1870 5562 μέμφεσθαι·

314 5578 447 5649 ὅπερ
487 5581 580 5633 καὶ
623 5581 651 5633 6
705 5582 989 5651 ἐρωτήσας
1018 5582 1277 5651 ἐπῄνεσε’
1336 5586 1429 5637 καὶ
1489 5585 1637 5653 λέγει
1688 5588 1869 5658 αὐτῷ⁹

321 5690 338 5721 ι
381 5672 545 5744 ’Λλλη
568 5672 685 5735 ὁδὸς
715 5672 814 5725 οὑκ
849 5671 964 5724 ἔστι
1002 5672 1140 5740 πλὴν
1168 5674 1389 5739 ταύτης.
1427 5696 1443 5728 ι
1490 5678 1598 5731 Καὶ
1626 5680 1652 5731 6
1701 5679 1871 5744 ἀϐϐἄς

600 5789 871 5848 Pyrum”
903 5794 947 5849 G
962 5811 1017 5849 ιι.
1061 5792 1347 5857 CXLVII.

1965 5520 2183 5575 Paenien
2211 5536 2224 5573 :
2248 5538 2265 5571 ι
2286 5520 2418 5573 Cum
2437 5522 2636 5589 gemitu
2654 5536 2845 5576 omnes
2866 5521 3091 5575 virtutes
3137 5522 3189 5574 in
3218 5522 3360 5575 hunc
3384 5537 3470 5572 ιιιιι
3482 5536 3541 5572 ιι-

1962 5608 2090 5663 dum
2114 5610 2374 5681 ingressae
2400 5620 2547 5663 sunt.
2571 5607 2743 5664 Un'am
2774 5612 3023 5664 virtutem
3046 5612 3280 5677 suscipe,
3318 5616 3539 5663 ctextra

1963 5722 2105 5768 eam,
2137 5705 2189 5758 in
2228 5705 2412 5758 labore
2442 5705 2603 5758 homo
2629 5705 2828 5759 frustra

2896 5713 3165 5759 versatur.
3195 5723 3211 5751 ι
3253 5703 3315 5756 Et
3376 5702 3519 5759 inter

3057 5799 3188 5883 ~2:3
