4032 6208
506 188 612 251 77'.)

1362 194 1705 256 CALLlSTl
1749 196 1844 257 ΕΤ
1886 197 2181 261 lGNATlI
2222 205 2909 274 XANTHUPUIORUM

3646 224 3745 288 780

485 309 835 371 rogaverunt
856 316 980 356 eum
1011 318 1259 374 qumnam
1295 316 1466 373 esset,
1506 316 1560 362 et
1620 309 1756 364 dixit
1791 328 1805 365 :
1844 330 1861 363 ι
1892 312 1959 367 Ut
1989 314 2085 368 ho-

2200 324 2407 392 Ποιμήν
2430 339 2443 353 ·
2490 340 2510 375 ι
2541 323 2693 379 Μετὰ
2720 324 3028 396 στεναγμοῦ
3056 328 3223 383 πᾶσαι
3252 329 3309 383 αἰ
3340 331 3534 403 ἁρεταί
3556 336 3634 400 εἰς
3659 338 3743 391 τὸν

507 408 594 446 mo
632 394 898 449 continuo
925 395 1165 465 seipsum
1203 398 1492 469 vituperet.
1513 418 1531 451 ι
1572 399 1633 454 Et
1661 417 1880 458 rursum
1900 406 2037 460 dixit
2065 423 2081 462 :
2108 472 2113 479 ί

509 502 528 534 ι
554 484 657 549 Qui
694 485 934 554 seipsum
970 488 1260 556 vituperat,
1290 490 1333 544 si
1370 489 1502 559 quid
1528 490 1628 560 ipsi
1692 494 1929 562 accidat,
1963 497 2079 552 sive

505 575 696 639 multa,
722 575 1098 641 siveinl‘amia,
1128 579 1242 635 sive
1273 580 1526 651 quaelibet
1556 583 1661 638 alia
1691 586 1931 650 alIlictio,
1955 604 2081 643 cum

498 687 565 745 ca
600 675 942 743 praevenerit,
1002 675 1244 745 seipsqu
1283 676 1351 734 iis
1406 677 1632 749 dignum
1692 679 1928 750 judicat,
1972 698 2074 740 nec

501 760 615 816 ullo
648 761 811 818 modo
836 764 1108 817 turbatur.
1124 780 1145 815 ι

562 1088 640 1143 De
670 1087 985 1152 attentione,
1012 1094 1061 1140 et
1087 1085 1227 1155 quod
1254 1095 1455 1154 oportet
1483 1090 1755 1160 sapienter
1782 1091 1987 1148 ﬁrmari
2006 1134 2020 1148 .

568 1224 660 1278 8‘2.
696 1222 960 1277 Similiter
989 1222 1055 1276 de
1078 1224 1376 1278 attentione
1403 1234 1461 1279 at
1485 1227 1913 1282 conﬁrmatione
1943 1227 2078 1282 scri-

500 1317 579 1369 Ioit
612 1316 770 1369 divus
801 1313 1043 1370 Paulus:
1077 1332 1095 1366 ι
1140 1313 1329 1371 Videte
1361 1318 1639 1386 quomodo
1670 1329 1827 1373 caule
1877 1318 2079 1373 ambu-

496 1409 655 1474 lutis;
691 1422 799 1461 non
848 1407 1006 1477 quasi
1054 1406 1408 1475 insipientes,
1444 1408 1538 1462 sed
1589 1410 1745 1477 quasi
1773 1411 2073 1481 sapientes,

498 1499 828 1553 redimentes
877 1506 1112 1568 tempus,
1161 1499 1421 1567 quoniam
1461 1499 1581 1555 dies
1612 1502 1740 1555 mali
1775 1512 1903 1557 sunt
1934 1503 2003 1556 “.
2048 1518 2067 1553 ι

496 1591 569 1647 Es
600 1603 824 1646 sant-tus
862 1590 1012 1645 Isaae
1054 1607 1069 1643 :
1117 1608 1133 1641 ι
1166 1588 1212 1644 0
1242 1590 1532 1659 sapientia,
1559 1606 1722 1660 quam
1754 1593 2075 1651 admiranda

2196 416 2397 484 κόσμον
2431 414 2619 470 τοῦτον
2647 415 2915 487 εἰσῆλθον.
2966 419 3208 490 Ἐπαρον
3233 422 3363 491 μίαν
3404 424 3623 498 ἀρετὴν,
3658 432 3745 485 καὶ

2193 503 2347 567 ἐκτὸς
2375 504 2569 575 αὐτῆς,
2604 507 2757 580 κόπῳ
2778 508 2994 564 ἵσταται
3020 512 3049 564 6
3078 511 3378 582 ἄνθρωπος.
3411 534 3430 568 ι
3472 518 3582 572 Καὶ
3606 521 3744 589 ήρὼο

2190 612 2362 665 τησαν
2390 597 2571 663 αὑτὸν,
2605 616 2624 651 t
2653 601 2785 653 Ποία
2814 602 2963 656 ἐστὶν
2988 601 3162 673 alien;
3202 622 3223 657 ι
3241 606 3334 659 καὶ
3362 607 3510 676 λέγει
3530 626 3547 642 θ
3587 629 3606 663 ι
3637 613 3744 673 Ἵνα

2190 692 2219 743 6
2248 688 2532 761 ἄνθρωπος
2569 691 2859 757 διαπαντὸς
2890 694 3170 765 μέμφηται
3191 698 3401 753 ἑαυτόν.
3427 719 3447 752 ι
3483 700 3617 756 Eii-re
3644 708 3743 760 πά-

2190 780 2273 834 λιν
2292 798 2306 813 ·
2335 800 2353 832 ι
2391 782 2448 835 '0
2473 782 2662 835 ἑαυτὸν
2687 785 3054 855 μεμφόμενος,
3072 788 3128 839 εἰ
3147 806 3198 840 τι
3225 788 3347 843 δ’ἆν
3374 792 3554 862 συμϐῇ
3584 796 3743 867 αὐτῷ,

2190 870 2300 923 εἴτε
2324 871 2515 941 ζημία,
2539 873 2648 925 είτε
2671 873 2883 943 ἀτιμία,
2915 877 3024 928 εἴτε
3057 878 3345 948 οίαδήποτε
3388 880 3590 950 θλίψις,
3621 901 3740 954 προο

2189 960 2366 1015 λαϐὼν
2391 961 2502 1033 ἔχει
2525 962 2715 1016 ἑαυτὸν
2738 964 2907 1031 ἄξιον,
2936 967 3309 1027 καὶ,ούδέποτε
3339 974 3691 1042 ταράσσεται.
3720 996 3735 1026 ι

2221 1099 2359 1168 Περὶ
2393 1099 2723 1168 προσοχῆς,
2750 1100 2849 1154 καί
2880 1101 2986 1157 τοῦ
3011 1104 3215 1172 σοφῶς
3253 1105 3708 1175 ἀσφαλίζεσθαι.

2256 1206 2367 1277 πβθ.
2404 1207 2637 1277 Ὁμοίως
2691 1209 2748 1263 δὲ
2785 1212 2913 1282 περὶ
2962 1217 3234 1285 προσοχῆς
3281 1218 3376 1269 καὶ
3426 1220 3743 1289 ἀσφαλείας.

2184 1301 2382 1372 γράφει
2405 1304 2433 1355 6
2470 1301 2752 1367 Θεσπέσιος
2783 1303 2991 1367 Παῦλος
3007 1320 3031 1338 υ
3052 1324 3071 1356 ι
3108 1305 3340 1359 Βλέπετε
3366 1308 3482 1371 πῶς
3503 1311 3746 1381 ἀκριϐῶς

2184 1394 2565 1463 περιπατεῖτε’
2610 1394 2684 1465 μὴ
2727 1393 2805 1458 ὠς
2842 1397 3062 1464 ἄσοφοι⁸
3093 1395 3208 1449 ἀλλ’
3243 1397 3318 1461 ὡς
3351 1400 3524 1467 σοφοὶ,
3557 1401 3744 1471 ἐξαγο-

2187 1484 2472 1555 ραζόμενοι
2500 1484 2592 1538 τὸν
2612 1485 2822 1555 καιρὸν,
2853 1486 2934 1538 ὃτι
2970 1487 3026 1538 αἰ
3062 1476 3266 1557 ἡμέραι
3298 1490 3531 1558 πονηραί
3560 1492 3692 1545 εἰσι.
3724 1513 3742 1543 ι

2184 1574 2290 1628 Καὶ
2318 1577 2346 1628 ό
2374 1573 2527 1643 ἅγιος
2566 1576 2783 1630 Ἰσαάκ·
2842 1594 2860 1627 ι
2913 1572 2983 1630 Ὃ
3015 1578 3197 1649 σοφία.
3244 1578 3410 1632 πόσον
3455 1581 3746 1652 θαυμαστή

493 1700 575 1746 es,
608 1694 664 1738 et
693 1694 803 1737 uta
842 1683 1137 1752 longinquo
1182 1683 1368 1736 omnia
1414 1683 1676 1753 praesides
1706 1685 1720 1738 ἰ
1760 1685 1955 1744 Beatus
1984 1690 2076 1758 qui

2181 1665 2461 1735 ὑπάρχεις,
2495 1668 2588 1720 καὶ
2618 1667 2733 1730 πῶς
2761 1667 3087 1738 προσλέπεις
3106 1669 3206 1732 τὰς
3228 1669 3402 1723 πάντα
3436 1672 3738 1745 πόρρωθεν·

494 1776 699 1830 invenit
741 1785 829 1840 te;
880 1789 909 1827 a
935 1774 1251 1843 juventutis
1280 1773 1433 1829 enim
1471 1774 1775 1832 indolentia
1810 1777 2076 1837 liberatus

494 1878 598 1922 est.
632 1866 690 1921 Si
729 1868 881 1937 quis,
921 1881 1018 1935 per
1058 1881 1252 1937 parvas
1303 1881 1537 1934 merces,
1570 1867 1781 1924 lucrum
1840 1874 2071 1942 nempe,

494 1976 817 2029 magnorum
892 1960 1187 2015 ali'ectuum
1220 1959 1562 2015 sanationem
1616 1960 1883 2030 lucratur,
1940 1967 2077 2021 bene

486 2054 642 2110 facit.
674 2055 747 2107 Ea
785 2063 871 2109 est
902 2053 1048 2107 enim
1084 2054 1376 2124 sapientia.
1418 2061 1479 2108 ut
1521 2052 1725 2125 aliquis
1783 2057 1837 2111 in
1891 2060 2074 2128 parvis

490 2160 555 2202 ac
582 2144 823 2200 minimis
852 2143 968 2199 suis
1001 2145 1261 2213 operibus
1317 2158 1530 2214 semper
1574 2145 1777 2217 vigilet.
1809 2146 2073 2219 Requiem

489 2237 636 2290 cnim
666 2250 914 2308 magnam
968 2234 1078 2289 sibi
1122 2235 1478 2299 thesaurizat,
1500 2251 1601 2291 nec
1620 2238 1841 2305 dormit,
1859 2241 2075 2297 neforte

489 2327 620 2396 quid
670 2327 770 2396 ipsi
820 2327 1087 2381 contrarii
1132 2325 1374 2391 accidat,
1415 2328 1511 2383 sed
1544 2328 1674 2383 mali
1703 2344 1904 2387 causas
1941 2345 2070 2389 ante

478 2432 711 2489 tempus
754 2418 995 2485 recidit,
1045 2428 1100 2475 et
1148 2435 1245 2490 per
1297 2420 1652 2477 brevissimae
1699 2438 1787 2478 res
1846 2439 2070 2495 parram

490 2513 765 2569 tristitiam
802 2513 1075 2581 sustinet,
1128 2528 1226 2583 per
1255 2527 1374 2568 eam
1424 2513 1699 2585 dissipans
1726 2508 1983 2587 majores,
2017 2532 2072 2575 et

492 2606 807 2676 procedens.
836 2604 969 2662 ideo
996 2618 1051 2663 et
1077 2606 1212 2662 dicit
1256 2606 1491 2678 Sapiens
1516 2625 1531 2663 :
1564 2627 1582 2660 ι
1612 2608 1740 2666 Esto
1764 2612 1994 2683 vigilans
2018 2622 2072 2670 et

485 2708 729 2755 attentus
768 2714 867 2770 pro
898 2699 1010 2755 vita
1053 2709 1145 2755 tua
1174 2719 1189 2755 :
1222 2712 1491 2771 cognatus
1541 2702 1690 2757 enim
1725 2705 2069 2773 cogitationis

484 2807 716 2847 somnus
771 2800 877 2860 est,
920 2802 977 2849 et
1024 2793 1204 2864 imago
1231 2797 1343 2850 veri
1397 2797 1739 2853 Immortalis.
1775 2818 1796 2852 ι
1848 2796 1990 2853 Dicit
2016 2806 2071 2853 et

484 2884 779 2953 episcopus
852 2883 1131 2940 Basilius:
1173 2903 1193 2939 ι
1238 2885 1572 2958 QuicuuQue
1614 2889 1672 2944 in
1731 2891 1914 2960 parvis
1966 2905 2061 2944 ne-

478 2977 690 3048 gligens
746 2989 851 3044 est,
898 2992 991 3053 ne,
1022 2978 1215 3035 credas
1270 2979 1375 3050 ipsi
1434 2995 1629 3052 magna
1658 2982 1813 3038 cordi
1847 2997 1992 3040 esse.
2040 3003 2058 3035 ο

483 3306 636 3379 Qupd
671 3308 724 3390 in
745 3307 1456 3394 prajdictis‘o‘rnnibusferio
1485 3328 1638 3394 agere
1665 3324 1871 3394 oportet
1895 3333 1914 3380 ;
1940 3326 2063 3394 ante

551 3379 731 3433 omnia
759 3387 1037 3455 autem,_ut
1073 3381 1426 3455 tranqnt'lliet
1456 3379 1605 3455 miles
1636 3379 1823 3455 simus,
1857 3379 1903 3438 et
1922 3387 2062 3455 quod

552 3459 755 3523 oportet
786 3463 916 3523 pure
950 3452 1193 3521 invocare
1216 3449 1503 3523 Dominam
1545 3451 1723 3507 letum
1768 3449 2060 3523 Christum,

554 3522 610 3571 in
630 3519 804 3581 corde,
841 3518 887 3571 si
908 3533 1089 3586 pacem
1123 3518 1277 3591 agere
1311 3521 1638 3577 audeantur.

549 3735 637 3790 85.
666 3733 893 3806 Propter
916 3737 1030 3791 haec
1055 3740 1260 3806 omnia,
1286 3741 1454 3805 serio,
1479 3757 1599 3813 qua:
1630 3744 1885 3814 pmdicta
1909 3756 2059 3813 sunt,

480 3836 614 3892 age;
652 3834 779 3877 ante
803 3826 991 3879 omnia
1022 3836 1224 3891 autem.
1257 3842 1315 3884 ut
1338 3834 1741 3911 tranquillus‘et
1766 3836 1912 3890 mitis
1934 3836 2057 3903 tias,

482 3913 647 3967 etiam
684 3915 885 3968 munda
936 3918 1299 3985 conscientia,
1351 3920 1644 3976 Dominum
1678 3921 1865 3979 Jesum
1903 3926 2061 3982 Chri-

481 4014 627 4059 stum
661 4006 715 4060 in
750 4007 945 4062 intimo
971 4009 1139 4065 corde
1174 4011 1391 4079 invoca,
1427 4020 1487 4068 ut
1512 4004 1775 4071 diximus.
1805 4017 1881 4073 Ita
1911 4018 2058 4075 enim

477 4097 781 4168 procedens
838 4098 1077 4155 divinam
1118 4103 1437 4172 gratiamin
1485 4107 1667 4161 anima
1689 4108 2059 4177 quiescentem

477 4187 747 4254 possides.
773 4187 917 4244 Dicit
949 4189 1097 4244 enim
1152 4192 1498 4249 Climacius:
1562 4213 1582 4248 ι
1623 4195 1728 4263 Qui
1776 4199 2059 4256 iracundia

473 4288 528 4332 ιιι
556 4278 814 4348 opinione
862 4293 918 4336 et
965 4282 1245 4353 hypocrisi
1300 4294 1357 4341 et
1404 4285 1734 4356 iniuriarum
1789 4293 2055 4350 memoria

2182 1757 2448 1827 μακάριος
2472 1760 2499 1811 6
2532 1756 2707 1828 εὑρών
2733 1774 2814 1811 σε·
2845 1759 2911 1812 ἐκ
2934 1760 3040 1829 γάρ
3070 1759 3167 1829 τῆς
3198 1759 3474 1831 ῥᾳθυμίας
3501 1763 3602 1830 τῆς
3630 1765 3745 1816 νεό-

2178 1863 2338 1918 τητος
2363 1846 2745 1918 ήλευθέρωται.
2801 1848 2869 1901 Et
2911 1866 2994 1913 τις
3026 1852 3387 1922 ἐμπορεύεται
3424 1853 3511 1906 διὰ
3540 1858 3743 1926 μικρᾶς

2180 1937 2580 2008 ἐμπορεύσεως,
2610 1939 2728 2010 ήτοι
2764 1942 3183 2010 περιποιήσεως,
3216 1941 3314 2013 τήν
3357 1944 3599 2013 ἰατρείαν
3637 1945 3742 1998 τῶν

2180 2027 2427 2098 μεγάλων
2450 2029 2658 2093 παθῶν,
2687 2029 2865 2094 καλῶς
2904 2034 3063 2083 ποιεῖ.
3095 2031 3265 2085 Τοῦτο
3306 2033 3416 2104 γάρ
3449 2037 3567 2088 ἐστι
3593 2036 3740 2104 φιλο-

2178 2119 2358 2187 σοφία,
2402 2120 2489 2174 ἵνα
2510 2138 2592 2183 τις
2636 2122 2732 2174 καὶ
2773 2123 2830 2175 ἐν
2875 2124 2988 2186 τοῖς
3034 2123 3353 2193 ἐλαχίστοις,
3394 2126 3487 2179 καὶ
3525 2130 3741 2196 μικροῖς

2173 2212 2285 2274 τοῖς
2316 2213 2622 2280 γινομένοις
2651 2212 2781 2283 παρ’
2813 2212 3001 2277 αὐτοῦ,
3041 2213 3127 2266 ἀεὶ
3164 2216 3329 2287 νήφη.
3376 2216 3739 2282 Ἀναπαύσεις

2175 2300 2285 2373 γὰρ
2322 2301 2559 2371 μεγάλας
2579 2302 2893 2373 θησαυρίζει
2925 2304 3121 2373 ἐαυτῷ,
3168 2306 3260 2357 καὶ
3290 2305 3386 2376 οὐχ
3413 2307 3611 2360 ὑπνοῖ·
3652 2310 3736 2360 ἴνα

2177 2399 2252 2468 μὴ
2280 2399 2458 2470 συμϐῇ
2490 2399 2637 2471 αὐτῷ
2668 2417 2722 2454 τι
2747 2402 3005 2464 ἐναντίον.
3036 2401 3172 2456 άλλά
3197 2401 3294 2464 τὰς
3332 2402 3513 2464 αἰτίας
3546 2401 3739 2457 κόπτει

2166 2490 2274 2560 πρὸ
2303 2490 2494 2561 καιροῦ
2509 2506 2526 2523 ο
2558 2492 2651 2545 καὶ
2670 2490 2757 2544 διὰ
2779 2491 2887 2544 τῶν
2910 2492 3205 2562 ἐλαχίστων
3234 2492 3578 2562 πραγμάτων
3600 2494 3738 2546 ὐποο

2164 2582 2318 2652 φέρει
2344 2582 2443 2652 τήν
2473 2582 2677 2653 μικρὰν
2704 2582 2901 2652 λύπην.
2931 2583 3270 2653 ἰξαφανίζων
3296 2584 3363 2636 δι’
3385 2584 3577 2652 αὐτῆς.
3633 2584 3735 2654 τήν

2165 2673 2405 2744 μεγάλην
2441 2674 2535 2727 καὶ
2561 2671 2779 2743 προϊών.
2808 2673 2898 2727 Διδ
2934 2674 3029 2727 καὶ
3052 2674 3198 2741 λέγει
3226 2676 3253 2728 6
3281 2689 3441 2742 σοφος
3461 2690 3476 2705 ⁸
3513 2691 3533 2725 ι
3566 2675 3734 2731 Γενοῦ

2163 2764 2465 2835 ἑγρήγορος
2493 2764 2585 2816 καὶ
2616 2764 2874 2833 νηφάλιος
2906 2763 3044 2834 ὑπὲρ
3093 2765 3192 2834 τῆς
3227 2764 3373 2834 ζωῆς
3408 2781 3499 2817 σου
3539 2779 3554 2794 ·
3602 2781 3735 2831 συγ-

2159 2855 2321 2926 γενὴς
2348 2856 2455 2926 γάρ
2481 2856 2628 2908 ἐστιν
2649 2855 2678 2907 6
2711 2853 2877 2919 ὕπνος
2904 2856 3003 2925 τῆς
3034 2855 3292 2918 διανοίας,
3316 2854 3411 2908 καὶ
3441 2853 3607 2907 εἰκὼν
3636 2855 3732 2908 τοῦ

2158 2944 2409 3015 ἀληθινοῦ
2452 2945 2741 3000 ἀθανάτου.
2767 2965 2786 2998 ι
2835 2946 2998 3014 Λέγει
3052 2947 3107 3000 δὲ
3158 2948 3253 3000 καὶ
3298 2947 3328 2999 6
3384 2943 3731 3014 Ἰεροφάντης

2092 3035 2438 3100 (ἓΒασίλειος
2470 3052 2486 3069 ·
2523 3054 2544 3087 ι
2587 3036 2776 3098 Ὅστις
2824 3035 2905 3096 εἰς
2949 3036 3017 3090 τὰ
3066 3036 3239 3106 μικρὰ
3279 3032 3471 3088 ἑαυτοῦ
3496 3035 3732 3105 ὀκνηρός

2156 3127 2293 3192 ἔστι,
2353 3125 2430 3199 μή
2480 3125 2777 3195 πιστεύσῃς
2807 3124 2953 3196 αὐτῷ
3004 3128 3084 3191 εἰς
3116 3126 3187 3180 τὰ
3240 3125 3453 3197 μεγάλα
3503 3123 3730 3197 διαπρὲ-

2154 3217 2274 3288 om.
2314 3235 2334 3269 ι

2156 3352 2285 3425 Ὀτι
2313 3353 2400 3425 εἰς
2424 3352 2741 3425 «annos?
2763 3355 3120 3425 σπουδάζειν
3148 3355 3219 3410 τὰ
3245 3357 3525 3424 εἰρημένα
3544 3374 3558 3388 ·
3592 3358 3742 3425 πρὸ.

2222 3420 2578 3494 δὲῂπάντωφς,
2605 3423 2759 3478 ὥστε
2789 3421 2942 3479 εἷναι
2969 3426 3207 3494 ἦσυχόν
3237 3420 3308 3480 τέ
3350 3420 3445 3479 καί
3495 3443 3572 3492 πρ
3585 3420 3721 3488 tier.

2220 3491 2318 3545 καί
2339 3491 2604 3562 καθαρῶς
2630 3495 2920 3549 σπεύδειν
2930 3491 3343 3550 ἐπικαλεῖσθαι
3363 3496 3471 3547 τὸν
3495 3491 3720 3562 Κύριον

2223 3561 2471 3690 ἔησοῦν
2511 3562 2790 3631 Χριστὸν,
2833 3563 3014 3618 ἔνδον
3049 3564 3296 3632 καρδίας
3340 3564 3447 3617 τόν
3486 3561 3723 3634 ήσὺχὰο

2250 3647 2413 3685 οντα.

2250 3647 2413 3685 οντα.

2214 3750 2330 3811 πγθ.
2358 3744 2456 3798 Διὰ
2482 3743 2546 3815 δὴ
2580 3742 2774 3807 ταῦτα.
2826 3745 2956 3817 περί
3002 3745 3179 3800 πάντα
3212 3745 3310 3817 μιν
3346 3744 3618 3810 σπούδαζε
3653 3746 3724 3799 τὰ

2148 3832 2409 3903 εἰρημένα
2433 3849 2447 3863 ·
2480 3834 2586 3904 πρὸ
2615 3835 2672 3888 δὲ
2703 3834 2939 3900 πάντων,
2969 3836 3055 3888 ἵνα
3082 3835 3319 3907 ἡσύχως,
3356 3835 3451 3888 καὶ
3501 3834 3720 3904 πράως,

2146 3920 2240 3974 καὶ
2269 3921 2405 3991 μετὰ
2434 3920 2677 3986 καθαροῦ
2724 3921 2817 3975 τοῦ
2870 3923 3191 3986 συνειδότος,
3219 3922 3313 3976 τὸν
3365 3921 3569 3993 Κύριον
3613 3923 3721 3993 ’1η-

2146 4007 2272 4062 σοῦν
2318 4009 2552 4079 Χριστὸν
2582 4008 2726 4063 ἔνδον
2757 4009 2956 4079 βάθους
2985 4011 3212 4081 καρδίας
3254 4010 3511 4082 ἐπικαλῇ,
3541 4012 3723 4065 καθά-

2149 4117 2249 4170 περ
2280 4099 2510 4170 Εφημεν.
2543 4100 2699 4154 Οὕτω
2745 4101 2854 4171 γὰρ
2893 4102 2989 4172 τήν
3030 4102 3196 4157 αὑτοῦ
3241 4101 3392 4156 θείαν
3421 4103 3583 4173 χάριν
3612 4102 3721 4172 όδῷ

2148 4190 2478 4261 προϐαίνων,
2511 4191 2936 4262 ἁναπαυομένην
2964 4192 3110 4262 ἔχεις
3141 4193 3249 4264 [Ion
3271 4194 3462 4247 λεΙπει
3492 4191 3596 4264 εἰς]
3618 4193 3720 4263 τὴν

2139 4281 2355 4351 ψυχήν.’
2387 4281 2548 4349 Λέγει
2577 4281 2672 4334 καὶ
2710 4282 2817 4352 γὰρ
2850 4285 2877 4336 6
2920 4284 3019 4353 τῆς
3064 4283 3385 4353 Κλίμακος·
3440 4301 3459 4334 ι
3500 4283 3717 4353 Μηδεὶς

477 4372 791 4441 impeditur,
836 4390 943 4428 non
988 4376 1185 4445 poterit
1222 4379 1639 4448 tranquillitatis
1679 4383 1909 4452 vestigia
1967 4365 2088 4440 νὶςῖ

2162 4372 2244 4425 ιπὺ
2270 4371 2461 4440 θυμοῦ.
2487 4372 2579 4424 καὶ
2601 4372 2850 4441 οἰήσεως,
2888 4373 3233 4444 ὑποκρίσεως
3265 4390 3325 4425 τε
3381 4373 3475 4426 καὶ
3509 4390 3717 4444 μνησι-

474 4462 629 4524 dere,
692 4462 795 4517 nisi
861 4464 985 4518 inde
1015 4465 1128 4533 jam
1175 4465 1454 4523 discedere
1517 4469 1772 4525 voluerit.
1824 4470 1883 4527 Si
1928 4474 2055 4544 quis

473 4562 652 4604 autem
688 4551 757 4606 iis
803 4568 972 4620 purus
1025 4563 1131 4619 est,
1164 4556 1254 4611 ille
1291 4558 1437 4625 quod
1496 4559 1625 4614 utile
1681 4571 1763 4617 est
1802 4565 2052 4631 noverit;

471 4643 668 4711 opinor
692 4652 900 4707 autem,
926 4661 1103 4712 neque
1133 4648 1306 4701 solus.
1349 4648 1529 4718 Atque
1558 4651 1728 4720 igitur
1758 4668 1867 4708 non
1892 4657 2054 4709 modo

476 4734 906 4798 requiescentem
944 4736 1173 4791 habebis
1200 4737 1254 4790 in
1293 4740 1477 4792 anima
1518 4748 1612 4794 tua
1666 4743 1920 4809 gratiam,
1956 4745 2054 4801 sed

471 4834 525 4875 et
554 4822 791 4875 animam
820 4830 968 4876 tuam
997 4823 1237 4893 perfecte
1265 4828 1642 4895 quiescentem
1695 4834 1764 4885 ab
1824 4833 1891 4886 iis
1928 4849 2053 4900 qua:

396 4986 399 4987 ν
477 4914 629 4981 prius
682 4913 856 4983 ipsam
922 4914 1316 4984 impediebant,
1378 4919 1716 4991 dannonibus
1752 4938 1945 4994 nempe
1999 4934 2054 4980 et

472 5004 778 5059 aﬂ‘eetibus.
799 5003 855 5058 Si
879 5007 1021 5059 enim
1055 5018 1109 5060 et
1144 5023 1361 5063 rursum
1403 5024 1525 5063 eam
1560 5010 1885 5081 impediunt,
1920 5017 2055 5071 nihil

475 5110 655 5152 taineu
689 5099 1002 5168 proliciunt,
1027 5101 1154 5172 quia
1196 5118 1303 5156 non
1331 5104 1397 5157 iis
1429 5104 1690 5173 adhaeret,
1721 5122 1897 5177 neque
1921 5111 2057 5165 lani-

474 5194 602 5245 tiam
635 5208 756 5262 quae
796 5208 861 5247 ex
900 5194 967 5249 iis
1002 5204 1109 5257 est,
1143 5197 1316 5266 cupit.

474 5312 547 5364 De
572 5312 703 5362 bona
726 5318 775 5362 et
820 5312 1079 5363 eastatico
1119 5328 1298 5366 amore
1345 5323 1394 5367 et
1425 5312 1606 5367 divina
1631 5313 2048 5384 pulchritudine.

538 5465 627 5521 84.
656 5465 857 5522 Τοιιιιιι
902 5467 1282 5537 hujuscemodi
1333 5471 1432 5527 viri
1457 5472 1789 5530 desiderium
1826 5487 1912 5532 est
1962 5493 2045 5532 m-

572 5640 617 5671 σι
668 5638 868 5709 Ephes.
937 5663 990 5714 ν,
1029 5646 1117 5702 l5.

2139 4461 2335 4525 κακίας
2380 4460 2726 4532 όχλούμενος,
2777 4462 2923 4532 ῐχνος
2977 4465 3206 4533 ἡσυχίας
3262 4461 3390 4516 ἰδεῖν
3448 4462 3717 4533 τολμήσει

2143 4551 2293 4616 ποτε,
2319 4552 2517 4622 μήπως
2557 4553 2813 4605 ἔκστασιν
2854 4552 3102 4605 ἐντεῦθεν
3147 4551 3382 4623 κερδήσῃ
3403 4567 3419 4583 ·
3452 4553 3503 4605 εἰ
3538 4551 3599 4605 δι
3626 4568 3717 4616 τις

2142 4642 2342 4695 τούτων
2380 4642 2638 4712 καθαρὸς,
2686 4642 2848 4705 αὐτὸς
2884 4643 3068 4698 λοιπὸν
3106 4642 3371 4711 γνώσεται
3407 4642 3466 4695 τὸ
3495 4642 3717 4712 συμφὲ·

2140 4751 2231 4803 ρον
2251 4750 2264 4760 ·
2299 4729 2453 4801 οἶμαι
2479 4733 2556 4796 δὲ,
2587 4733 2705 4786 οὐδὲ
2739 4734 2923 4796 αὑτός.
2961 4752 2979 4785 ι
3013 4733 3123 4787 Καὶ
3158 4733 3287 4801 γοῦν
3309 4734 3369 4787 οὐ
3396 4733 3556 4803 μόνον
3576 4735 3718 4787 ἁνα-

2138 4823 2450 4892 παυομένην
2495 4823 2638 4886 ἕξεις
2666 4818 2764 4892 τὴν
2806 4822 2967 4891 χάριν
3003 4825 3070 4893 τῇ
3113 4825 3179 4894 σῇ
3223 4822 3391 4893 ψυχῇ,
3430 4820 3563 4874 ἀλλὰ
3612 4820 3715 4876 καὶ

2136 4912 2519 4966 ἀναπαύουσαν
2571 4912 2670 4983 τὴν
2720 4911 2898 4982 ψυχὴν
2950 4913 3173 4976 τελείως
3228 4913 3293 4966 ὲκ
3354 4912 3465 4966 τῶν
3513 4910 3713 4981 πρώην

2134 5001 2436 5071 ὀχλούντων
2461 5002 2623 5072 αὐτῇ,
2646 5001 2917 5069 δαιμόνων
2943 5009 3005 5054 τε
3025 5000 3117 5054 καὶ
3151 5000 3360 5076 παθῶν.
3393 4998 3458 5053 Εἰ
3482 4998 3592 5069 γὰρ
3614 4998 3713 5052 καὶ

2135 5092 2441 5163 ἐνοχλοῦσιν
2473 5088 2651 5157 αὖθις,
2676 5091 2789 5145 ἀλλ’
2816 5092 2916 5145 οὐκ
2947 5091 3282 5163 ἐνεργοῦσιν,
3312 5092 3393 5145 ὅτι
3425 5090 3501 5162 μή
3532 5090 3711 5159 πρόσο

2136 5200 2310 5238 κειται
2339 5182 2542 5248 αὑτοῖς,
2572 5182 2704 5253 μηδὲ
2745 5182 2899 5234 ποθεῖ
2926 5180 3024 5252 τήν
3056 5183 3120 5235 ὲκ
3143 5180 3349 5234 τούτων
3382 5180 3596 5250 ήδονήν.

2136 5313 2273 5381 Περί
2320 5311 2510 5367 καλοῦ
2551 5311 2647 5366 καί
2696 5312 3053 5434 exaggam“;
3104 5311 3343 5380 ἔρωτος,
3388 5311 3483 5365 καί
3541 5310 3707 5365 θείου

2768 5398 2803 5434 κ
2932 5398 3059 5434 ουρ.

2768 5398 3059 5446 καλλους.

2202 5495 2305 5547 πδ⁹.
2339 5492 2496 5558 Ὀλος
2525 5493 2632 5564 γὰρ
2662 5493 2691 5546 6
2718 5491 2880 5555 πόθος
2912 5490 3005 5546 τοῦ
3036 5490 3300 5557 τοιούτου,
3323 5490 3417 5545 καὶ
3439 5492 3466 5544 6
3498 5488 3702 5558 ἐγκάρ-
