4032 6208
481 244 577 306 781

1679 249 2062 314 Ol’USCUL.-\
2110 255 2460 314 ASCETICA
3594 262 3697 324 7P2

487 354 601 415 διος
647 353 739 406 καὶ
768 352 1080 414 ὲκστατικδς
1113 351 1271 422 ἔρως,
1317 353 1409 405 καὶ
1438 354 1470 420 ὴ
1498 352 1652 423 όλικὴ
1682 353 1845 406 αὑτοῦ
1875 355 2022 408 sieo:

2136 363 2290 418 timus
2347 366 2744 434 exstatiensque
2796 381 2982 430 amor;
3029 379 3079 421 et
3134 380 3244 424 tota
3297 371 3458 443 hujus
3515 373 3694 442 dispo.

489 463 594 509 σις,
619 445 753 513 πρὸς
784 443 846 495 τὸ
873 443 1178 513 ὑπέρκαλον
1209 445 1400 507 κάλλος
1431 446 1552 515 δρᾷ,
1582 445 1676 498 καὶ
1706 445 2052 515 μακαριώτα-

488 557 600 602 τον,
631 539 659 590 δ
685 539 780 589 καὶ
805 537 1014 606 ἐφετῶν
1034 539 1144 599 τοῖς
1175 537 1449 606 Πατράσιν
1477 537 1693 604 εἴρηται
1733 536 1788 588 τὸ
1826 538 2055 606 ἀκρότα-

486 651 602 686 τον.
639 631 748 686 Καί
776 647 942 701 φησιν
980 630 1008 683 ὁ
1057 631 1230 700 μέγας
1270 627 1582 690 Βασίλειος·
1637 643 1657 677 ι
1696 627 1864 680 Ὀταν
1897 629 1924 679 ό
1955 629 2055 697 τῆς

486 722 770 784 εὐσεϐείας
802 721 939 790 ἔρως
968 719 1066 788 τὴν
1091 719 1268 788 ψυχὴν
1301 718 1566 788 κατάσχῃ,
1602 718 1748 772 ἅπαν
1779 718 1914 788 αύτῇ
1951 737 2053 770 πο-

485 814 669 881 λέμων
697 809 1099 878 καταγέλαστον
1136 805 1296 872 εἶδος,
1339 807 1433 860 καὶ
1473 809 1673 870 πάντες
1718 806 1886 874 αὐτὴν
1917 809 2056 878 ὑπὲρ

485 903 576 954 τοῦ
606 901 936 970 ποθουμένου
971 899 1408 966 καταξαίνοντες,
1449 899 1710 968 τέρπουσι
1767 899 1986 967 μᾶλλον,
2021 899 2048 969 ἢ

487 996 794 1061 πλήττουσι.
829 1011 845 1042 ι
879 992 984 1042 Καὶ
1011 985 1198 1052 αὖθιςο
1241 1009 1259 1042 ι
1293 989 1357 1043 Τί
1380 988 1472 1042 τοῦ
1501 989 1642 1042 θείου
1670 988 1896 1050 κάλλους
1926 989 2054 1042 Θαυ-

489 1083 864 1153 μασιιτ›τερον;
902 1083 996 1143 Τίς
1045 1081 1220 1134 ἔννοια
1265 1081 1366 1150 τῆς
1403 1079 1496 1133 τοῦ
1529 1079 1662 1133 Θεοῦ
1712 1079 2053 1149 μεγαλοπρε-

485 1175 615 1228 mia
632 1153 664 1236 ἶ
696 1173 1023 1241 χαριεστέρα
1045 1189 1058 1234 ;
1090 1175 1243 1229 Heio:
1271 1172 1433 1236 πόθος
1455 1172 1656 1241 ψυχῆς,
1677 1170 1819 1224 οὕτω
1832 1171 2047 1240 δριμὺς,

486 1265 578 1313 καὶ
611 1262 902 1331 ἀφίρητος,
955 1262 1028 1324 ὡς
1075 1263 1102 1313 ὁ
1153 1263 1260 1314 ἀπὸ
1288 1263 1422 1314 Θεοῦ
1457 1263 1804 1331 ὲγγινόμενος
1831 1263 1899 1330 τῇ
1940 1260 2049 1313 ἀπὺ

489 1359 667 1425 πάσης
701 1355 895 1411 κακίας
939 1353 1326 1423 κεκαθαρμένη
1377 1355 1545 1422 ψυχῇ,
1586 1353 1680 1405 καὶ
1709 1352 1819 1406 ἀπὸ
1859 1351 2045 1422 ἀληθι-

487 1449 582 1516 νῆς
627 1448 916 1508 διαθέσεως
961 1442 1230 1513 λεγούσῃ·
1299 1444 1627 1512 Τετρωμένη
1672 1444 1889 1512 ἀγάπης
1937 1441 2050 1511 ἐγώ

485 1541 666 1608 είμι;»

486 1648 622 1714 Περὶ
657 1647 942 1716 πολέμου,
984 1648 1082 1699 καὶ
1127 1643 1518 1716 παιδευτικῆς
1553 1643 2045 1716 παραχωρήσεως,

575 1720 669 1770 καί
708 1714 816 1782 τῆξ
856 1718 1004 1770 κατὰ
1029 1715 1428 1782 ἀποστροφὴν
1456 1714 1947 1781 ἐγκαταλείψεως.

2135 456 2261 512 sitio
2291 457 2354 508 ad
2393 468 2688 510 extremam
2724 459 3182 526 pulchritudinem
3211 464 3692 534 beatissitnamque

2136 549 2324 612 tendit,
2358 563 2478 616 quae
2509 550 2950 605 desiderabilium
3011 569 3190 608 rerum
3243 573 3449 612 summa
3512 575 3538 612 a
3593 561 3694 613 l’a-

2135 637 2304 691 tribus
2328 638 2544 692 dicitur.
2577 639 2642 691 Et
2669 641 2798 696 dit-it
2823 659 3056 713 magnus
3091 644 3351 701 Basilius:
3410 667 3427 698 ι
3464 649 3694 714 Quando

2135 729 2347 796 pietatis
2374 745 2527 785 amor
2546 733 2781 786 animam
2813 743 2982 801 tenet,
3035 744 3211 794 omnis
3243 740 3506 795 bellorum
3568 759 3693 812 spe-

2133 818 2246 873 cies
2278 820 2498 874 ridenda
2546 824 2645 891 ipsi
2687 835 2792 890 est,
2848 837 2903 880 et
2943 829 3256 898 quicunque
3320 849 3439 886 eam
3481 848 3577 902 pro
3624 850 3690 889 eo

2135 924 2294 978 quem
2331 912 2522 980 diligit,
2583 914 2904 980 dilacerant.
2956 920 3148 985 juvant
3194 923 3370 989 potius
3404 939 3566 991 quam
3613 923 3690 978 fe-

2133 998 2300 1052 riunt.
2341 1018 2360 1051 ι
2398 1000 2460 1054 Ει
2497 1020 2712 1059 rursum
2744 1023 2757 1059 :
2791 1026 2809 1058 ι
2868 1007 3004 1074 Quid
3060 1011 3239 1063 divina
3291 1013 3692 1080 pulchritudine

2138 1093 2440 1147 mirabilius
2463 1096 2484 1148 ?
2506 1114 2627 1165 quae
2650 1101 2904 1168 cogitatio
2932 1101 3248 1168 jucundior,
3293 1119 3452 1172 quam
3493 1106 3636 1159 divin
3657 1125 3686 1156 ιι

2135 1185 2593 1253 magnificentia?
2641 1189 2922 1254 Quodnam
2973 1192 3169 1247 anima:
3226 1194 3556 1248 desiderium
3614 1197 3684 1248 ita

2134 1275 2424 1331 vehemens
2456 1287 2510 1331 et
2537 1279 2897 1339 intolerabile.
2933 1291 2990 1336 ut
3031 1283 3157 1336 illud
3211 1287 3355 1354 quod
3384 1302 3411 1340 a
3442 1287 3548 1342 Deo
3575 1289 3686 1341 elli-

2132 1367 2272 1421 citur
2311 1369 2563 1424 inanima
2593 1372 2739 1424 omni
2779 1374 2980 1426 malitia
3012 1386 3261 1444 purgata,
3283 1387 3337 1432 et
3357 1395 3474 1448 qua:
3502 1383 3682 1435 divina

2134 1459 2478 1526 dispositione
2508 1461 2667 1515 dicit:
2705 1480 2724 1514 ι
2753 1460 3044 1520 Vulnerata
3063 1468 3324 1522 charitate
3352 1484 3450 1535 ego
3471 1487 3589 1524 sum
3613 1473 3635 1524 ’ί
3663 1491 3682 1524 ι

2137 1632 2211 1687 De
2243 1632 2396 1696 bello,
2433 1643 2480 1687 et
2506 1635 2570 1688 de
2591 1635 2856 1756 mediante
2879 1651 3089 1756 (recessu
3137 1654 3199 1691 ac
3231 1653 3322 1702 per
3369 1643 3688 1696 aversione»:

2789 1723 2875 1756 ere
2901 1718 3107 1756 ratione.

2789 1718 3107 1759 ereltcltone.

575 1758 669 1770 'W"
711 1758 808 1782 ’τιν
856 1758 1002 1770 ’νυ-’κ
1030 1758 1180 1770 νυν-’ν
1200 1758 1407 1782 *σιντ-ι-
1457 1758 1947 1781 νιν-ν-ν-ν---τνπν

555 1812 656 1860 πε’.
722 1805 1041 1875 Πολεμεῖται
1089 1805 1144 1857 δὲ
1194 1803 1411 1878 λοιπὸν,
1465 1803 1604 1856 κατά
1654 1800 2047 1872 παραχώρησιν

2206 1793 2292 1848 85.
2325 1791 2600 1862 Pugnatur
2630 1797 2977 1864 ceteroquin,
3009 1813 3102 1865 per
3131 1799 3466 1853 erudientem
3519 1816 3693 1856 reces-

485 1895 855 1964 παιδευτικὴν,
889 1895 950 1947 ού
1000 1895 1140 1946 κατά
1184 1893 1534 1962 ἀποστροφὴν
1584 1891 2044 1959 ἐγκαταλείψεως.

484 1988 580 2039 Διά
611 1986 697 2050 τί;
736 1985 851 2038 Ἵνα
885 1987 958 2056 μη
985 1986 1171 2055 ὑψωθῇ
1197 1988 1224 2038 ό
1250 1985 1372 2047 νοῦς
1411 1983 1598 2045 αὑτοῦ,
1633 1985 1700 2036 δι’
1725 1986 1862 2052 ὅπερ
1889 1979 2046 2051 εὗρεν

479 2076 714 2144 ἀγαθόν’
751 2077 885 2130 ἀλλὰ
959 2075 1358 2146 πολεμούμενός
1391 2092 1450 2126 τε
1491 2075 1584 2128 καὶ
1637 2074 2042 2142 παιδευόμενος,

480 2163 886 2232 προσλαμϐάνει
924 2165 1255 2216 ταπείνωσιν
1281 2163 1388 2225 ἀεὶ,
1417 2163 1483 2215 δι’
1524 2158 1590 2232 ἦς
1628 2163 1816 2230 μόνης,
1851 2161 1912 2213 ού
1951 2161 2042 2230 μό-

479 2271 566 2306 νον
590 2256 712 2323 νικᾷ
737 2256 861 2317 τοὺς
892 2255 1254 2325 ὑπερηφάνως
1284 2253 1653 2322 πολεμοῦντας
1685 2253 1844 2306 αὐτόν
1866 2270 1878 2283 ο
1905 2251 2041 2305 ἀλλά

480 2344 572 2396 καὶ
595 2345 812 2414 δωρεῶν
834 2347 1108 2416 μειζόνων
1132 2345 1392 2414 διηνεκῶς
1423 2345 1686 2408 ἀξιοῦται,
1721 2345 2042 2415 προκόπτων

479 2435 600 2486 ὅσον
641 2435 864 2502 ἐφικτὸν
910 2436 1231 2503 ἀνθρωπίνῃ
1279 2435 1468 2502 φύσει,
1524 2438 1729 2503 σειραῖς
1780 2437 2041 2503 ἀφύκτοις

481 2530 572 2582 καὶ⁵
623 2528 776 2598 βάρει
812 2533 1014 2600 σαρκὸς
1059 2532 1430 2601 πεπεδημένος
1461 2550 1520 2585 τε
1563 2533 1658 2585 καὶ
1701 2533 2040 2603 πιεζόμενος,

482 2621 574 2671 καὶ
603 2620 794 2691 χωρῶν
825 2621 960 2691 πρὸς
1005 2623 1103 2693 τὴν
1133 2623 1273 2675 κατὰ
1301 2624 1533 2696 Χριστὸν
1578 2624 1909 2692 τελειότητα,
1947 2625 2042 2678 καὶ

480 2710 767 2763 ἀπάθειαν.
818 2714 927 2764 Καὶ
951 2713 1098 2780 λέγει
1141 2716 1169 2766 ό
1217 2713 1369 2780 ἅγιος
1411 2714 1694 2784 Διάδοχος·
1754 2734 1771 2765 ι
1830 2716 1886 2766 '0
1934 2713 2046 2767 Κύ-

483 2818 597 2870 ριος
630 2802 791 2864 αὐτὸς
823 2801 988 2870 λέγει,
1017 2805 1106 2857 τὸν
1145 2806 1387 2858 Σατανᾶν
1418 2804 1493 2867 ὼς
1520 2805 1807 2877 ἀστραπὴν
1837 2808 1900 2858 ἐκ
1937 2805 2044 2858 τῶν

486 2891 724 2959 δύρανῶν
776 2894 1144 2957 πεπτωκέναι,
1210 2896 1294 2948 ἵνα
1325 2895 1400 2965 μὴ
1460 2897 1639 2966 ἀφορᾷ
1691 2898 1770 2958 είς
1824 2895 1892 2948 τὰ
1935 2896 2045 2951 τῶν

486 2985 650 3050 ἀγίων
676 2985 924 3052 ἀγγέλων
950 2987 978 3038 ό
1021 2987 1264 3057 δυσειδὴς
1295 2988 1701 3056 ὲνδιαιτήματα.
1737 2989 1860 3051 Πῶς
1897 2989 1989 3042 οῦν
2017 2990 2045 3041 ό

2139 1901 2285 1949 sum,
2323 1902 2427 1938 non
2456 1902 2547 1952 per
2579 1886 2917 1941 aversionem
2947 1888 3335 1944 derelictionis.
3372 1892 3590 1958 Quare?
3612 1897 3691 1949 Ne

2136 1977 2412 2045 superbiat
2442 1993 2590 2030 mens
2618 1978 2757 2047 ejus,
2788 1988 3009 2045 propter
3043 1980 3242 2034 bonum
3269 1985 3411 2050 quod
3447 1985 3686 2051 invenit;

2136 2069 2228 2121 sed
2260 2066 2603 2136 impugnatus
2625 2077 2675 2122 et
2715 2067 3034 2131 instructus,
3080 2069 3437 2124 humilitatem
3475 2089 3691 2143 semper

2136 2160 2340 2226 induit,
2372 2174 2477 2227 qua
2507 2174 2612 2211 una
2643 2173 2748 2211 non
2768 2159 2928 2210 modo
2956 2174 3050 2211 eos
3080 2161 3352 2230 vincitqui
3375 2163 3472 2231 ipsi
3495 2164 3687 2218 bellum

2137 2252 2410 2316 inferunt,
2450 2250 2543 2303 sed
2575 2258 2628 2303 et
2651 2249 2946 2318 majoribus
3008 2250 3165 2307 donis
3202 2255 3461 2308 continue
3501 2257 3693 2326 dignus

2137 2343 2387 2406 allicitur,
2425 2340 2710 2409 proﬁciens
2733 2350 2999 2408 quantum
3029 2342 3277 2396 humana:
3306 2353 3512 2400 naturae
3543 2347 3686 2405 licet.

2137 2437 2356 2492 funibus
2388 2435 2708 2492 necessariis
2737 2446 2789 2491 et
2839 2437 3016 2490 carnis
3071 2440 3304 2507 pondere
3337 2453 3588 2511 gravatus
3640 2455 3695 2498 et

2136 2541 2397 2586 oneratus
2424 2539 2478 2583 et
2503 2529 2568 2582 ad
2600 2543 2718 2583 eam
2773 2545 2894 2598 qua:
2922 2532 3222 2584 secundum
3255 2533 3536 2588 Christum
3588 2547 3690 2600 est,

2140 2623 2524 2693 perfectionem
2560 2631 2614 2675 et
2650 2621 2922 2690 apathiam
2957 2637 3269 2690 properans.
3306 2624 3445 2679 Dicit
3474 2627 3691 2694 quidem

2136 2723 2358 2769 sanctus
2381 2713 2682 2768 Diadocltus
2709 2730 2722 2764 :
2755 2730 2775 2764 ι
2817 2715 2935 2782 Ipse
2976 2712 3238 2768 Dominus
3273 2715 3404 2770 dicit
3437 2718 3690 2771 Satanam

2139 2816 2393 2876 tanquam
2430 2805 2609 2874 fulgur
2632 2819 2661 2858 e
2691 2804 2844 2859 cmlis
2870 2804 3155 2867 decidisse.
3185 2820 3251 2858 ne
3293 2805 3554 2860 deformis
3600 2823 3694 2860 an-

2139 2897 2380 2966 gelorum
2407 2903 2720 2950 sanctorum
2755 2895 3143 2948 habitationem
3179 2896 3500 2952 intueretur.
3546 2899 3694 2964 Quo-

2140 2991 2303 3044 modo
2337 2989 2501 3058 igitur
2530 2988 2620 3057 qui
2653 2987 2919 3041 bonorum
2981 3002 3261 3041 servorum
3314 2991 3694 3044 communione

490 3076 578 3141 τῆς
606 3074 714 3125 τῶν
747 3074 925 3127 καλῶν
951 3076 1152 3129 δούλων
1183 3077 1466 3140 κοινωνίας
1504 3077 1578 3147 μὴ
1602 3079 2042 3149 καταξιούμενος,

2141 3081 2338 3150 dignus
2395 3093 2499 3132 non
2588 3077 2833 3132 habitues
2894 3087 3012 3137 est.
3081 3091 3422 3132 communem
3508 3091 3690 3149 posset

485 3163 657 3215 κοινὸν
681 3163 903 3216 δύναται
946 3165 1088 3234 ἔχειν
1124 3167 1436 3237 οίκητὴριον
1473 3169 1609 3237 μετὰ
1640 3169 1731 3222 τοῦ
1769 3169 1925 3234 Θεοῦ,
1956 3171 2046 3224 τὸν

485 3254 818 3324 ἀνθρώπινον
849 3256 1001 3321 νοῦν;
1049 3257 1189 3309 Ἀλλ’
1222 3258 1459 3326 ἐροῦσιν,
1499 3260 1579 3311 ὅτι
1621 3260 1763 3313 κατά
1791 3260 2048 3332 παραχώσ

484 3360 640 3412 ρησιν
667 3343 850 3404 ,τοῦτο
899 3345 1129 3413 γίνεται,
1161 3347 1254 3401 καὶ
1288 3346 1453 3400 πλέον
1496 3347 1649 3402 οὐδὲν
1682 3348 1943 3413 λέξουσιν.
1983 3351 2047 3403 'Il

483 3436 580 3502 μὲν
613 3437 723 3506 γάρ
751 3438 1066 3507 παιδευτικὴ
1112 3438 1504 3509 παραχώρησις
1536 3442 1786 3512 οὐδαμῶς
1812 3443 1910 3514 τὴν
1943 3444 2048 3511 ψυ-

483 3527 582 3597 χὴν
611 3529 704 3581 τοῦ
741 3529 896 3582 Θείου
930 3533 1106 3598 φωτὸς
1149 3533 1478 3601 ἀποστερεῖ·
1520 3533 1752 3604 κρύπτει
1786 3535 1842 3587 δε
1868 3537 2045 3604 μόνον,

483 3618 556 3679 ὡς
585 3618 679 3671 καὶ
712 3619 812 3690 ήδη
834 3616 986 3674 εἶπον
1014 3623 1275 3684 ταπολλά,
1298 3623 1532 3684 τδνῖνοῦν
1560 3624 1658 3694 τὴν
1687 3626 1884 3694 ἑαυτῆς
1913 3643 2048 3694 παρ-

483 3709 672 3760 ουσίαν
723 3710 756 3779 ή
803 3711 980 3781 χάρις,
1030 3715 1116 3766 ῖνα
1161 3713 1479 3784 προωθοῖτο,
1507 3713 1694 3785 ῶσπερ
1743 3716 1838 3786 τὴν
1871 3717 2049 3787 ψυχὴν

483 3799 550 3868 τῇ
583 3800 777 3870 πικρίᾳ
803 3801 912 3854 τῶν
937 3802 1226 3872 δαιμόνων,
1254 3804 1342 3857 διὰ
1370 3806 1430 3858 τὸ
1463 3807 1597 3875 μετὰ
1629 3806 1828 3869 παντὸς
1859 3807 2046 3876 φόϐου,

489 3887 578 3940 καὶ
604 3889 805 3961 πολλῆς
828 3893 1206 3958 ταπεινώσεως
1235 3897 1483 3966 ἐκζητεῖν
1505 3897 1693 3965 αὐτὴν,
1714 3897 1810 3966 τὴν
1833 3900 1896 3951 ὲκ
1916 3897 2048 3950 Θεοῦ

492 3976 764 4048 βοήθειαν,
817 3983 914 4054 τὴν
951 3985 1043 4037 τοῦ
1100 3986 1296 4056 ἐχθροῦ
1355 3987 1527 4057 αὐτῆς
1586 3989 2050 4056 ὲπιγινώσκουσαν

492 4069 611 4120 κατ’
638 4071 815 4140 ὀλίγον
850 4077 1068 4132 κακίαν.
1113 4080 1208 4132 Ὃν
1230 4081 1430 4148 τρόπον
1451 4080 1544 4132 ὲὰν
1575 4081 1757 4151 μήτηρ
1784 4082 2044 4134 ἀτακτοῦιι

489 4158 547 4211 τὸ
578 4162 772 4216 οἰκεῖον
800 4166 928 4232 περὶ
955 4168 1079 4230 τοὺς
1107 4169 1343 4238 Θεσμοὺς
1370 4173 1468 4240 τῆς
1497 4172 1790 4241 γαλουχίας
1827 4173 2048 4242 βρέφος,

491 4249 663 4322 βραχὺ
697 4254 802 4307 τῶν
836 4257 1034 4327 ἑαυτῆς
1057 4258 1284 4330 ἐξωθείη
1314 4260 1590 4327 ἀγκαλῶν,
1625 4262 1710 4313 ἵνα
1743 4263 2052 4330 καταπλητ-

489 4342 725 4411 τόμενον·
759 4347 863 4398 ὑπό
906 4365 1067 4400 τινων
1108 4351 1491 4419 περιεστώτων
1533 4351 1678 4420 αὐτῷ
1721 4352 2054 4420 σαπροειδῶν

2135 3177 2333 3227 habere
2359 3185 2482 3226 cum
2516 3169 2626 3224 Deo
2665 3170 2868 3232 sedem,
2903 3177 3138 3223 mentem
3190 3171 3478 3224 humanam
3508 3172 3531 3225 ι
3586 3171 3691 3226 Sed

2134 3265 2314 3319 dicent
2367 3264 2417 3316 id
2495 3277 2590 3332 per
2652 3276 2922 3316 recessum
2998 3261 3110 3314 fieri
3162 3276 3176 3325 ;
3231 3270 3287 3314 et
3348 3262 3517 3316 nihilo
3574 3264 3693 3332 plus

2133 3357 2330 3410 dicent.
2360 3351 2625 3420 Eruditus
2674 3353 2819 3406 enim
2874 3367 3124 3406 recessus
3172 3353 3395 3406 minime
3453 3355 3690 3408 animam

2136 3447 2228 3500 Dei
2255 3445 2457 3500 lumine
2493 3445 2744 3513 privabit.
2782 3442 3080 3496 Abst-ontlit
3105 3452 3284 3497 autem
3327 3450 3690 3511 soztzmmodo,

2135 3546 2193 3590 ut
2248 3537 2359 3606 jam
2390 3537 2586 3605 saepius
2609 3534 2740 3595 dixi.
2770 3534 2935 3586 tuenti
2957 3550 3107 3588 suam
3135 3539 3468 3602 praesentiam
3497 3540 3690 3606 gratia,

2135 3637 2193 3681 ut
2222 3641 2340 3680 eam
2377 3624 2664 3693 propellat.
2695 3623 2892 3676 Anima
2919 3623 3088 3684 enim.
3118 3624 3426 3678 dmmonum
3487 3628 3690 3680 atnari-

2135 3717 2339 3772 tudinis
2371 3729 2554 3777 causa,
2589 3714 2670 3768 sui
2711 3713 2913 3766 inimici
2982 3713 3134 3766 brevi
3191 3713 3448 3766 malitiam
3494 3729 3695 3783 cogno-

2134 3823 2316 3872 scens,
2341 3822 2462 3861 cum
2498 3805 2664 3859 multo
2700 3806 2893 3859 timore
2919 3813 2974 3858 et
3005 3804 3311 3858 humilitate
3355 3805 3420 3857 ad
3471 3803 3564 3858 Dei
3600 3821 3693 3856 au-

2135 3901 2320 3955 xilium
2353 3899 2739 3968 inquirendum
2771 3896 3086 3964 impellitur.
3147 3897 3613 3961 Quemadmodum
3646 3897 3688 3950 si

2135 4001 2306 4046 mater
2361 3987 2759 4043 inobedientem
2812 3997 3056 4055 tempore
3142 3982 3450 4043 laetationis
3524 3988 3688 4042 [ilium

2135 4082 2338 4137 brevia
2365 4081 2477 4135 suis
2521 4078 2755 4134 brachiis
2795 4090 3055 4142 removet,
3093 4091 3150 4131 ιιι
3203 4079 3272 4132 ab
3328 4079 3689 4132 circumstan-

2136 4173 2283 4227 tibus
2338 4170 2623 4226 horrendis
2690 4169 3001 4223 bominihus
3062 4169 3306 4228 territus,
3370 4178 3460 4220 aut
3508 4167 3692 4220 b--stiis

2135 4263 2486 4335 quibuslibet,
2523 4275 2646 4312 cum
2684 4259 2850 4310 mttlto
2889 4258 3081 4310 timore.
3112 4271 3172 4308 ac
3196 4257 3450 4326 lacrytnis
3506 4256 3691 4310 multis

2136 4357 2200 4409 ad
2239 4364 2512 4407 maternos
2542 4352 2692 4405 sinus
2721 4359 2982 4402 recurrat.
3013 4348 3142 4413 Quae
3202 4357 3376 4400 autem
3411 4362 3503 4414 per
3533 4363 3692 4400 ονε-ι·-

487 4434 812 4505 ἀνθρώπων,
844 4439 876 4509 ἢ
915 4439 1120 4510 θηρίων
1164 4441 1512 4512 οίωνδήποτε,
1559 4441 1695 4512 μετὰ
1736 4442 1900 4510 φόϐου
1929 4443 2048 4493 πολ-

2136 4450 2339 4501 sionem
2380 4445 2435 4497 fit
2487 4456 2754 4505 recessus,
2799 4441 3066 4494 nolentem
3131 4441 3312 4493 Deum.
3353 4439 3550 4493 habere
3579 4441 3700 4493 ani-

487 4523 602 4590 λοῦ,
634 4529 727 4581 καὶ
757 4529 1032 4600 δακρύων,
1061 4534 1138 4596 είς
1157 4535 1280 4596 τοὺς
1317 4533 1601 4605 μητρώους
1632 4534 2053 4605 ἀνθυποστρέφῃ

490 4616 736 4681 κόλπους.
777 4620 840 4673 Ἦ
867 4622 922 4674 δὲ
952 4624 1094 4676 κατά
1125 4626 1478 4694 ἀποστροφὴν
1510 4625 1768 4695 γινομένη
1797 4624 2053 4695 παραχώ-

491 4721 646 4774 ρησις
670 4709 870 4763 ώσανεὶ
906 4712 1129 4782 δέσμιον
1177 4715 1508 4783 παραδίδωσι
1543 4715 1640 4785 τὴν
1684 4715 1758 4784 μὴ
1793 4714 2054 4768 Θέλουσαν

489 4795 664 4867 ψυχὴν
703 4801 846 4869 ἔχειν
874 4804 963 4855 τὸν
993 4804 1145 4869 Θεὸν,
1181 4807 1293 4867 τοῖς
1336 4805 1604 4874 δαίμοσιν.
1644 4807 1835 4875 Ἡμεῖς
1865 4807 1921 4859 δὲ
1957 4808 2056 4860 οὐκ

488 4887 655 4956 ἐσμὲν
707 4893 1007 4964 ὑποστολῆς
1060 4896 1243 4957 τέκνα,
1299 4896 1372 4966 μὴ
1425 4898 1661 4964 γένοιτοί
1711 4897 1846 4953 ἀλλά
1881 4898 2054 4969 βρέφη

489 4983 687 5050 γνήσια
733 4984 832 5052 τῆς
892 4978 982 5039 ἑοῦ
1039 4987 1171 5039 Θεοῦ
1233 4983 1371 5041 εἶναι
1408 4991 1628 5060 χάριτος
1687 4991 2050 5059 πιστεύομεν·

492 5079 715 5142 μικραῖς
748 5079 1198 5148 παραχωρήσεσι.
1257 5081 1350 5132 καὶ
1398 5083 1628 5142 πυκναῖς
1675 5083 2052 5153 παρακλήσεσι

491 5165 622 5233 παρ’
652 5166 822 5236 αὐτῆς
854 5170 1265 5240 γαλουχούμενα
1286 5188 1298 5200 ·
1334 5172 1420 5224 ἴνα
1452 5172 1537 5225 eis
1559 5173 1657 5240 τῆς
1689 5174 2056 5244 χρηστότητος

487 5255 582 5308 τοῦ
617 5256 774 5320 Θεοῦ,
809 5259 1104 5329 φθάσωμεν
1143 5262 1340 5327 ἐλθεῖν,
1391 5263 1470 5324 είς
1514 5265 1680 5333 ἄνδρα
1722 5265 1945 5327 τέλειον,
1977 5268 2057 5327 είς

492 5346 696 5416 μέτρον·
716 5349 949 5418 ἡλικίας.
982 5369 1000 5403 ι
1030 5353 1137 5406 Καὶ
1159 5349 1313 5417 αὖθις
1334 5370 1348 5385 ’
1389 5373 1405 5405 ι
1446 5354 1506 5407 'il
1532 5355 1846 5422 παιδευτικὴ
1879 5375 2058 5427 παρα-

489 5438 728 5508 χώρησις
764 5442 918 5510 φέρει
954 5444 1055 5513 μὲν
1101 5445 1278 5516 λύπην
1328 5445 1528 5516 πολλὴν
1571 5448 1663 5499 καὶ
1709 5449 2055 5513 ταπείνωσιν,

491 5527 586 5581 καὶ
618 5529 968 5602 ἀπελπισμὸν
1000 5535 1316 5604 σύμμετρον
1346 5538 1410 5605 τῇ
1439 5537 1606 5606 ψυχῇ,
1639 5538 1724 5590 ἵνα
1760 5538 1818 5590 τὸ
1848 5539 2056 5606 (posse-

493 5619 579 5683 ξον
611 5621 782 5691 αὐτῆς
820 5624 916 5677 καὶ
948 5626 1221 5695 ἀπτόητον
1267 5626 1456 5696 μέρος,
1489 5629 1806 5697 πρεπόντως
1858 5631 1938 5692 είς
1972 5647 2038 5681 τα

495 5715 748 5769 πείνωσιν
800 5717 1026 5788 ἔρχηται
1051 5735 1062 5747 ο
1120 5719 1322 5781 εύοέως
1361 5721 1416 5772 δὲ
1451 5723 1611 5789 φόϐον
1658 5723 1804 5786 Θεοῦ,
1846 5726 1938 5776 καὶ
1967 5724 2051 5778 δά·

2139 4554 2303 4599 mam.
2337 4547 2396 4591 ut
2423 4537 2682 4598 vinctam,
2724 4533 3062 4587 dwmonihus
3123 4532 3324 4597 tradit;
3359 4548 3456 4586 nos
3515 4541 3692 4585 autent

2137 4649 2242 4688 non
2272 4645 2462 4686 sumus
2503 4629 2810 4682 desertores
2842 4625 2956 4690 lilii,
2992 4627 3136 4691 quod
3194 4625 3396 4676 utinam
3441 4640 3547 4676 non
3603 4639 3689 4676 ac-

2135 4724 2279 4778 cidat
2314 4723 2326 4775 l
2357 4722 2450 4776 sed
2482 4719 2748 4788 legitimos
2789 4716 2879 4769 Dei
2909 4724 3097 4785 gratia:
3125 4715 3262 4766 filios
3315 4729 3436 4766 esse
3471 4713 3695 4767 conlidi-

2137 4830 2276 4880 mus,
2305 4812 2486 4881 parvis
2534 4809 2969 4872 remissionibus,
3036 4806 3524 4874 frequentibusquc
3566 4819 3694 4856 con-

2135 4904 2493 4960 solationibus
2521 4902 2592 4955 ab
2643 4902 2756 4968 ipsa
2782 4901 3046 4963 laetatos;
3074 4906 3152 4963 ut,
3187 4897 3275 4948 Dei
3321 4893 3692 4949 miSericordia

2137 4997 2460 5050 festinemus
2489 4993 2772 5063 pervenire
2813 4991 2864 5042 in
2897 4991 3073 5041 virum
3106 4986 3425 5057 perfectum,
3458 4986 3507 5036 in
3543 5000 3695 5035 men-

2136 5101 2318 5140 suram
2345 5084 2536 5139 tetatis.
2578 5101 2596 5134 ι
2642 5083 2704 5134 Et
2742 5094 3002 5135 rursum:
3064 5097 3082 5130 ‹
3123 5075 3390 5129 Erudicns
3449 5088 3696 5127 recessus

2138 5178 2411 5231 tristitiam
2442 5173 2660 5243 quidem
2689 5173 2910 5226 multam
2940 5179 2994 5223 et
3022 5168 3380 5223 humilitatem
3415 5162 3591 5227 aD'et-t,
3643 5173 3698 5213 et

2141 5270 2473 5322 moderatam
2511 5268 2704 5319 anima:
2758 5263 3130 5324 difﬁdentiam,
3187 5268 3245 5312 ut
3277 5259 3394 5324 ejus
3445 5253 3696 5322 superbia

2137 5372 2190 5414 et
2225 5358 2536 5429 arrogantia
2565 5357 2616 5410 in
2651 5356 2929 5409 decentem
2982 5352 3344 5406 humilitatem
3377 5353 3698 5399 convertan-

2139 5462 2252 5506 tur.
2289 5451 2409 5505 Mox
2464 5459 2643 5503 autem
2704 5446 2794 5500 Dei
2830 5446 3079 5499 timorem
3119 5452 3170 5496 et
3213 5437 3571 5492 confessionis
3623 5437 3697 5486 la-

2137 5545 2421 5615 crymasin
2454 5556 2549 5596 cor
2583 5538 2824 5601 adducit,
2871 5546 2924 5592 et
2954 5535 3140 5602 optimi
3168 5530 3365 5584 silentii
3404 5528 3696 5615 vehemens

2138 5614 2492 5692 desiderium.
2537 5632 2666 5697 Qua:
2729 5641 2905 5682 autem
2973 5641 3065 5694 per
3106 5623 3196 5674 Dei
3253 5618 3583 5671 eversionem
3641 5614 3697 5666 fit

2140 5728 2444 5791 derelictio,
2472 5723 2849 5790 desperatione
2883 5718 3042 5774 simul
3074 5727 3125 5771 et
3185 5707 3475 5767 dillidcntia
3510 5715 3564 5762 et
3613 5706 3694 5760 ira
