4032 6208
372 226 499 291 ’Ἶ8Ί
1250 225 1591 287 CALLISTI
1631 228 1726 287 ΕΤ
1769 226 2066 287 IGNATII
2108 186 2819 295 XANTHOPULORUM‘
3534 237 3635 299 ’ίεᾶ

373 352 639 396 σ-αιιιιηοηι
694 336 909 405 impleri
973 336 1121 392 sinit.
1179 336 1289 394 Nos
1347 339 1511 409 igitur
1574 340 1715 396 scire
1752 351 1965 411 oportet

2068 343 2235 424 κρυον
2263 330 2699 407 ἐξομολογήσεως
2728 339 3037 417 ἐπάγειτῇ
3095 346 3326 420 καρδίῳ
3390 352 3484 405 καὶ
3534 355 3635 424 τῆς

382 432 689 500 -utriusQue
736 427 1109 483 derelictionis
1170 430 1643 499 experimentum;
1676 442 1730 488 et
1779 448 1970 488 secun-

2066 418 2359 491 καλλίστης
2393 427 2620 497 σιωπῆς,
2665 430 2866 503 πολλὴν
2920 434 3236 507 ἐπιθυμίαν.
3265 418 3351 495 *Ἥ
3395 444 3453 498 δὲ
3494 418 3635 502 κατά

399 523 528 576 dum
598 520 885 588 utriusque
937 518 1160 573 modum
1208 520 1317 574 Deo
1367 523 1649 578 accedere.
1695 523 1770 577 Ibi
1821 523 1969 578 enim

2065 509 2415 606 ἀποστροφὴν
2442 515 2537 568 τοῦ
2584 518 2717 572 Θεοῦ
2765 524 3044 594 γινομένη,
3094 528 3442 603 ἀπελπισμοῦ
3472 536 3632 606 ὁμοῦ,

400 612 604 682 gratias
642 625 764 663 eum
814 608 1194 664 satisfactione
1230 610 1294 665 ad
1354 627 1480 667 eum
1534 614 1760 669 reddere
1807 613 1970 668 debe-

2066 601 2466 699 atat‘dructfac,
2497 610 2589 661 καὶ
2612 609 2802 681 ὀργῆς,
2831 615 2926 668 καὶ
2946 616 3136 684 τύφου,
3169 620 3265 691 τὴν
3295 601 3475 695 ψυχὴν
3500 601 3634 699 ᾆτληζ

405 721 567 769 mus,
616 703 812 771 quippe
844 703 934 771 qui
991 711 1190 766 nostra:
1247 704 1446 758 mentis
1493 704 1968 774 intemperantiam

2071 692 2311 761 ρωθῆναι
2341 704 2679 768 παραχωρεῖ.
2713 704 2805 755 Δεῖ
2850 704 2941 758 οῦν
2980 709 3127 777 ἡμᾶς
3156 692 3483 787 εἰδέναι
3516 692 3635 772 πεί-

366 792 792 851 -consolationis
844 791 1106 846 dilatione
1160 792 1487 861 castigavit,
1544 802 1603 847 ut
1656 793 1877 849 virtutis
1918 804 1970 849 et

2071 799 2167 853 ραν
2194 784 2301 838 τῶν
2335 788 2659 860 ἀμφοτέρων
2690 801 3137 868 παραχωρήσεων
3160 818 3175 833 ο
3213 806 3308 856 καὶ
3354 784 3496 861 κατά
3541 812 3634 864 τὸν

368 904 379 921 ·-
402 883 623 938 malitia:
674 882 851 946 nobis,
900 891 958 934 ut
988 882 1163 938 bonus
1191 892 1362 952 pater,
1393 882 1753 939 diﬂ‘erentiam
1782 895 1936 941 esten
1955 913 1970 927 -

2064 875 2298 947 ἑκάστης
2332 880 2552 949 τρόπον,
2587 886 2971 959 προσιέναιτῷ
3008 890 3145 961 Θεῷ.
3206 896 3355 949 Ἐκεὶ⁹
3382 900 3482 968 μὲν
3523 904 3633 974 γὰρ

378 977 573 1031 —derct.
615 974 714 1029 llic
739 982 920 1030 autem
954 975 1754 1044 peccatorum.conl‘essionem
1816 978 1970 1035 inde-

2063 967 2414 1061 εὐχαριστίαν
2447 974 2585 1041 μετά
2624 975 2723 1045 τῆς
2756 979 3055 1048 ἀπολογίας
3084 967 3461 1056 προσαγαγεῖν
3484 967 3633 1061 αύτῶ

399 1069 691 1130 sinentem,
729 1064 1017 1119 continuas
1038 1066 1328 1136 lacrymas,
1358 1066 1616 1137 majorem
1647 1069 1966 1125 abscessum

393 1158 679 1223 .facere,ttt
714 1160 786 1210 ita
827 1157 1102 1226 possimus
1164 1173 1447 1227 poenarum
1500 1160 1774 1227 additione
1803 1161 1967 1218 Deum

399 1266 643 1315 movere,
675 1251 962 1319 ipsumque
1006 1261 1059 1302 ttt
1093 1251 1246 1320 prius
1275 1291 1289 1316 ,
1352 1253 1405 1307 in
1457 1255 1717 1310 cordibus
1768 1256 1970 1312 nostris

400 1344 624 1399 intueri.
660 1343 763 1397 Sed
817 1354 995 1397 tamen
1051 1344 1332 1398 sciendum
1365 1354 1469 1407 est,
1527 1347 1696 1416 quod,
1750 1350 1968 1418 quando

404 1435 881 1506 prmliantttrinter
907 1435 1254 1491 seanimaac
1317 1436 1485 1499 Satan
1542 1439 1631 1507 (de
1683 1442 1967 1498 erudiente

402 1529 753 1583 derelictione
781 1528 1014 1597 loquor)
1058 1568 1073 1592 ,
1127 1529 1380 1583 subducit
1412 1546 1509 1595 se,
1562 1540 1619 1585 ut
1669 1533 1780 1602 jam
1832 1534 1966 1600 dixi,

405 1620 989 1689 gratiae;cooperatur
1048 1630 1227 1673 autem
1261 1621 1398 1675 clam
1465 1637 1589 1708 cum
1640 1624 1819 1679 anima
1870 1641 1966 1681 au-

2059 1057 2367 1154 δτρείλομεν,
2424 1062 2500 1127 ὡς
2540 1065 2601 1118 τὸ
2649 1067 2746 1137 τῆς
2799 1069 3025 1142 γνώμης
3059 1074 3171 1144 [Ῐσ.
3218 1077 3318 1146 τῆς
3350 1057 3632 1154 γνώσεως]

2060 1151 2217 1221 ἡμῶν
2239 1152 2557 1219 ἀκόλαστον,
2599 1161 2665 1228 τῇ
2711 1160 2873 1231 σχολῇ
2905 1165 3003 1233 τῆς
3036 1166 3440 1237 παρακλήσεως
3469 1151 3635 1226 κολάλ

2058 1241 2203 1305 ζοντι
2237 1241 2345 1323 [τον.
2382 1245 2713 1319 σχολάζοντι]
2735 1264 2748 1277 ·
2782 1249 2868 1304 ἴνα
2897 1251 3098 1322 ἀρετῆς
3121 1256 3271 1324 ἡμᾶς
3302 1259 3396 1310 καὶ
3430 1262 3633 1324 κακίας

2058 1332 2133 1396 ὡς
2156 1334 2347 1405 Πατὴρ
2383 1335 2605 1401 ἀγαθὸς,
2635 1337 2859 1412 διδάσκῃ
2902 1340 3000 1411 τὴν
3028 1343 3313 1414 διαφοράν.
3359 1346 3633 1404 Ἐνταῦθα

2057 1421 2134 1484 δέ,
2184 1422 2536 1494 ἐξαγόρευσιν
2580 1426 2690 1478 τῶν
2728 1427 3145 1500 ἁμαρτημάτων
3179 1435 3476 1503 ἄπαυστον,
3532 1442 3635 1493 καὶ

2057 1511 2293 1583 δάκρυον
2329 1515 2631 1582 ἀνελλιπὲς,
2664 1520 2757 1570 καὶ
2794 1520 3142 1593 ἀναχώρησιν
3180 1526 3403 1580 πλείονα
3427 1545 3441 1559 ⁸
3476 1531 3631 1595 ὅπως

2061 1600 2126 1654 ἂν
2159 1602 2301 1656 οὕτω
2334 1604 2652 1676 δυνηθῶμεν
2681 1610 2746 1678 τῇ
2783 1612 3066 1684 προσθήκῃ
3113 1615 3222 1670 τῶν
3254 1618 3455 1685 πόνων,
3503 1621 3631 1674 δυσ-

401 1709 535 1764 xilio
569 1725 689 1773 stto,
721 1719 781 1763 ut
803 1710 1087 1765 victoriam
1116 1711 1311 1765 animae
1351 1696 1523 1769 solius
1566 1729 1711 1780 esse,
1736 1715 1970 1773 inimicis

2060 1694 2283 1773 ωπῆσαε
2313 1713 2442 1750 ποτε
2468 1697 2558 1753 τὸν
2576 1698 2727 1764 Θεὸν,
2750 1702 3033 1774 ἐπιϐλέψαι
3063 1705 3140 1771 ὡς
3170 1708 3229 1760 τὸ
3258 1712 3391 1779 πρὶν
3415 1714 3496 1775 είς
3526 1714 3630 1778 τὰς

402 1802 574 1871 ipsius
613 1803 891 1855 ostendat.
943 1820 962 1853 ›
1000 1799 1065 1855 Et
1124 1815 1346 1858 sanctus
1377 1803 1566 1860 lsaac:
1605 1826 1623 1859 ι
1674 1806 1819 1863 Fieri
1865 1824 1974 1863 non

2061 1786 2289 1857 καρδίας
2314 1790 2489 1859 ἡμῶν.
2519 1792 2665 1863 Πλὴν
2692 1795 2772 1847 δεῖ
2803 1797 3003 1851 εἰδέναι
3034 1800 3137 1863 ὅτι,
3183 1802 3312 1855 ὅταν
3345 1806 3486 1857 κατά
3533 1808 3627 1859 οὐ·

401 1902 583 1962 potest
611 1904 671 1946 ut
706 1894 758 1945 itt
791 1894 1169 1960 spiritualibus
1209 1895 1393 1961 bellis,
1447 1897 1567 1953 sine
1625 1898 1693 1951 iis
1741 1913 1837 1969 per
1884 1901 1970 1955 de-

2061 1876 2225 1969 σιώδη
2259 1881 2531 1954 συμϐολὴν
2574 1888 2639 1955 τῇ
2690 1886 2834 1959 ψυχῇ
2884 1889 2980 1941 καὶ
3036 1889 3114 1959 τῷ
3148 1892 3430 1966 Σατανᾷή
3471 1900 3625 1967 μάχη

400 1983 738 2039 relictionem
768 1984 1207 2054 tentationibusl,
1234 1988 1452 2056 sapiens
1483 1989 1697 2053 evadat,
1725 2000 1779 2044 et
1812 2006 1970 2047 suum

2060 1967 2289 2034 γίνεται,
2325 1972 2416 2024 ἐπὶ
2454 1973 2552 2042 τῆς
2584 1976 2930 2047 παιδευτικῆς
2960 1980 3104 2047 λέγω
3148 1986 3622 2056 παραχωρήσεως,
3696 2010 3699 2011 ⁷

400 2079 739 2146 provisoretn
782 2087 995 2143 noscat,
1022 2087 1077 2133 et
1110 2077 1276 2132 Deum
1320 2094 1480 2133 suum
1513 2082 1735 2147 sentiat,
1790 2083 1970 2138 ﬁrme-

2062 2056 2377 2113 ὑποστέλλει
2424 2062 2523 2131 μέν
2554 2063 2627 2128 ὡς
2657 2066 2751 2120 καὶ
2784 2068 2881 2139 ἠδη
2917 2067 3069 2123 εἶπον
3113 2072 3313 2143 ἑαυτὴν
3346 2076 3378 2146 ἠ
3423 2077 3622 2147 χάρις·

387 2179 603 2237 *turque
640 2168 691 2221 in
725 2166 830 2220 [ide
862 2168 1011 2224 illius
1062 2168 1402 2237 abscondite,
1453 2172 1557 2225 nisi
1607 2173 1658 2225 in
1692 2173 1837 2229 illius
1877 2189 1970 2229 ex-

2063 2148 2351 2239 ἀγνὼστως
2401 2152 2458 2206 δέ
2506 2160 2758 2226 συνεργεί
2787 2162 2850 2229 τῇ
2892 2159 3036 2232 ψυχῇ
3090 2161 3332 2235 βοηθείᾳ,
3384 2167 3471 2220 ἵνα
3522 2168 3625 2239 τὴν

386 2259 686 2327 'perientize
712 2258 908 2310 virtute
944 2274 1107 2326 quam
1146 2261 1404 2330 suscepit.
1436 2261 1496 2313 Et
1532 2265 1749 2332 quando
1777 2267 1970 2321 viderit

2058 2238 2237 2339 νίκην,
2268 2244 2367 2313 τῆς
2393 2243 2569 2315 ψυχῆς
2603 2243 2743 2302 εἶναι
2790 2251 2949 2319 μόνον
2995 2253 3236 2326 ἐπιδείξῃ
3261 2258 3375 2320 τοῖς
3402 2238 3625 2329 ἐχθροῖς

404 2351 577 2418 gratia
601 2350 909 2418 Opinionem
940 2350 1006 2404 de
1042 2366 1099 2404 se
1117 2364 1460 2421 arrogantem
1497 2371 1623 2409 cum
1652 2357 1706 2411 in
1735 2359 1851 2414 suis
1880 2376 1970 2414 co-

2057 2326 2247 2405 αύτῆς.
2284 2347 2306 2383 ε
2362 2333 2471 2386 Καὶ
2500 2336 2529 2387 ὁ
2560 2335 2714 2405 ἀγιος
2753 2337 2938 2392 Ἰσαάκ
2964 2356 2977 2370 ·
3025 2358 3044 2392 ι
3083 2342 3157 2395 Οὐ
3204 2326 3624 2411 δονατὸνίέκτδς

290 2498 295 2503 ,
382 2441 759 2509 «εἰιοιίοιιίιιιιε
788 2440 1099 2505 admittere,
1127 2449 1182 2494 et
1209 2443 1323 2510 jam
1361 2444 1428 2497 de
1489 2461 1547 2500 se
1584 2463 1777 2515 magna
1829 2451 1977 2519 engi-

384 2542 542 2596 tare,
594 2538 725 2586 tunc
789 2534 1053 2601 permittit
1116 2543 1173 2588 ut
1227 2546 1417 2589 contra
1466 2554 1590 2592 eum
1651 2542 1976 2598 tentationes

380 2621 692 2675 "ﬁrmentur
721 2632 773 2676 et
801 2623 995 2679 valida:
1026 2624 1176 2689 ﬁant,
1211 2626 1386 2681 donec
1412 2630 1686 2698 pr0priam
1742 2631 1975 2688 inﬁrmi-

384 2723 569 2767 tatem
595 2716 831 2769 senserit
859 2725 913 2769 et
948 2716 1169 2785 fugerit,
1206 2727 1262 2772 et
1308 2719 1488 2773 'Denm
1555 2721 1607 2777 in
1673 2723 1977 2780 humilitate

402 2806 707 2877 possideat.
780 2808 843 2862 Et
869 2809 953 2863 liis
1003 2812 1248 2879 pervenit
1298 2811 1461 2866 homo
1530 2817 1580 2867 in
1612 2816 1706 2868 viri
1750 2819 1972 2885 perfecti

390 2914 739 2966 mensuram,
772 2899 888 2955 Filii
923 2902 1013 2955 Dei
1049 2902 1152 2957 [ide
1186 2917 1249 2959 ac
1292 2920 1409 2975 spe,
1468 2918 1522 2962 et
1554 2909 1618 2961 ad
1649 2910 1974 2965 cliaritatem

400 2991 705 3045 extollitur.
765 2991 1010 3045 Miranda
1073 2993 1217 3046 enim
1263 2996 1511 3049 noscitur
1562 2997 1654 3051 Dei
1700 3000 1971 3065 rcltaritas,

386 3082 812 3139 cum‘homoin
872 3083 1067 3137 mediis
1113 3086 1371 3154 periculis
1427 3088 1590 3142 fuerit
1638 3104 1759 3159 quae
1813 3105 1968 3146 suam

397 3191 548 3244 spem
590 3175 896 3244 praecidere
929 3176 1187 3235 valeant:
1244 3186 1298 3230 et
1349 3178 1421 3231 ἰιιί
1481 3179 1624 3235 Deus
1671 3184 1969 3251 potentiam

396 3281 552 3320 suam
606 3282 733 3319 eum
787 3267 1052 3323 sa‘lvando
1104 3271 1423 3327 ostenderit.
1484 3270 1770 3342 Nunquam
1825 3276 1969 3329 enim

356 3381 361 3387 ο
398 3355 566 3408 homo
601 3356 900 3423 potentiam
936 3355 1030 3411 Dei
1090 3357 1144 3410 in
1207 3359 1394 3427 requie
1442 3373 1505 3413 ac
1554 3360 1837 3415 latitudine
1883 3377 1968 3418 co-

398 3445 606 3510 gnoscit
635 3464 649 3511 ;
680 3461 779 3501 nec
813 3462 1053 3517 unquam
1090 3447 1234 3505 Deus
1265 3451 1373 3505 vim
1427 3467 1581 3507 suam
1641 3455 1973 3511 sensibiliter

395 3555 428 3587 ιι
462 3537 652 3597 tendit,
691 3539 795 3592 nisi
829 3538 881 3592 in
914 3541 1062 3608 pacis
1094 3540 1213 3596 loco
1240 3552 1294 3596 et
1330 3545 1381 3596 in
1446 3545 1741 3599 solitudine
1798 3557 1855 3602 et
1913 3548 1969 3601 in

395 3631 533 3684 locis
579 3644 702 3699 qua:
751 3631 1071 3687 occursibus
1123 3641 1177 3687 et
1227 3636 1541 3692 commercii
1606 3652 1733 3692 cum
1796 3639 1975 3693 homi-

395 3721 557 3775 nibus
580 3721 823 3783 tutnultu:
846 3736 1017 3777 vacua
1053 3735 1206 3780 sunt.

2050 2426 2158 2485 τῶν
2192 2425 2332 2478 κατὰ
2360 2425 2755 2498 παραχώρησιν
2786 2433 3126 2499 πειρασμῶν,
3163 2437 3482 2503 σοφισθῆναι
3526 2443 3624 2492 τὸν

2049 2518 2334 2588 ἄνθρωπον
2364 2519 2421 2572 ἐν
2460 2520 2573 2582 τοῖς
2624 2519 2882 2590 πολέμοις
2921 2526 3032 2585 τοῖς
3066 2528 3475 2594 πνευματικοῖς,
3520 2530 3623 2582 καὶ

2048 2608 2251 2676 γνῶναι
2294 2608 2388 2661 τὸν
2428 2608 2620 2662 ἐαυτοῦ
2655 2612 2979 2682 προνοητὴν,
3030 2615 3125 2666 καὶ
3165 2616 3490 2687 αίσθηθῆναι
3518 2619 3619 2673 τοῦ

2046 2699 2184 2753 Θεοῦ
2231 2700 2418 2764 αὑτοῦ,
2470 2701 2564 2754 καὶ
2613 2703 2980 2774 στερεωθῆναι
3019 2706 3076 2758 ἐν
3112 2708 3175 2776 τῇ
3224 2707 3405 2760 πίστει
3446 2710 3617 2763 αὐτοῦ

2046 2791 2323 2858 κρυπτῶς,
2357 2793 2406 2844 εί
2439 2792 2513 2862 μὴ
2543 2794 2599 2845 ἐν
2626 2797 2688 2864 τῇ
2730 2794 2955 2864 δυνάμει
2995 2796 3092 2865 τῆς
3125 2799 3319 2867 πείρας
3350 2800 3512 2852 αὑτοῦ
3545 2796 3619 2871 ἦς

2047 2882 2296 2948 ἐδέξατο·
2350 2884 2441 2937 καὶ
2493 2885 2653 2955 ἡνίκα
2701 2885 2786 2957 ἴδῃ
2818 2889 2850 2957 ἡ
2882 2888 3058 2958 χάρις,
3094 2890 3175 2942 ὅτι
3208 2891 3406 2960 ἤρξατο
3450 2893 3507 2943 ἐν
3532 2893 3619 2962 τῷ

2044 2971 2291 3043 λογισμῷ
2321 2973 2485 3027 αὑτοῦ
2515 2976 2545 3043 ἡ
2576 2977 2752 3045 οἴησις
2784 2978 2998 3047 μικρὸν,
3037 2980 3132 3033 καὶ⁵
3171 2980 3372 3050 ἤρξατο
3403 2981 3621 3049 λογίζε-

2049 3062 2169 3117 σθαι
2198 3065 2337 3134 μέγα
2365 3067 2491 3135 περὶ
2513 3066 2729 3130 ἐαυτοῦ,
2762 3069 2961 3132 εὐθέως
2992 3074 3315 3142 παραχωρεῖ
3340 3074 3463 3136 τοῦς
3493 3092 3617 3128 πειο

2048 3155 2289 3230 ρασμοῦς
2319 3158 2439 3208 κατ’
2463 3156 2626 3210 αὑτοῦ
2662 3159 3165 3231 ίσχυροποιηθῆναι,
3201 3165 3296 3216 καὶ
3333 3182 3611 3234 κραταιω-

2046 3243 2222 3313 θῆναι,
2270 3246 2375 3309 ἕως
2405 3246 2471 3300 ἂν
2502 3249 2648 3321 μάθῃ
2678 3249 2776 3319 τὴν
2807 3250 3002 3304 ἑαυτοῦ
3040 3253 3343 3319 ἀσθένειαν,
3384 3256 3477 3307 καὶ
3510 3257 3618 3324 φύ-

2045 3351 2153 3402 γει,
2187 3336 2282 3389 καὶ
2332 3338 2579 3409 κατάσχῃ
2612 3340 2701 3391 τὸν
2734 3340 2866 3394 Θεὸν
2918 3342 2977 3394 ἐν
3021 3344 3369 3399 ταπεινώσει.
3402 3347 3512 3399 Καὶ
3552 3348 3618 3400 ἐν

2043 3423 2251 3487 τούτοις
2300 3424 2518 3495 ἔρχεται
2549 3429 2576 3479 ὁ
2621 3427 2925 3498 ἄνθρωπος,
2961 3432 3041 3494 εἰς
3076 3431 3146 3484 τά
3175 3434 3349 3503 μέτρα
3386 3434 3478 3486 τοῦ
3525 3452 3617 3487 τε-

2043 3514 2187 3566 λείου
2230 3514 2441 3585 ἀνδρὸς,
2492 3518 2550 3569 ἐν
2579 3519 2644 3586 τῇ
2690 3519 2867 3572 πίστει
2903 3522 2997 3573 καὶ
3029 3525 3095 3592 τῇ
3141 3523 3316 3577 ἐλπίδι
3349 3526 3442 3578 τοῦ
3475 3527 3613 3580 Υίοῦ

2043 3605 2135 3657 τοῦ
2169 3605 2330 3658 Θεοῦ’
2365 3607 2458 3660 καὶ
2489 3606 2717 3675 ὑψοῦται
2746 3610 2881 3679 πρὸς
2915 3611 3014 3682 τὴν
3040 3613 3281 3683 ἀγάπην.
3309 3615 3614 3689 Θαυμαστὴ

2048 3692 2156 3764 γὰρ
2193 3694 2514 3768 γνωρίζεται
2544 3701 2573 3768 ἡ
2601 3700 2786 3770 ἀγάπη
2824 3701 2917 3754 τοῦ
2950 3703 3085 3757 Θεοῦ
3118 3705 3254 3775 πρὸς
3284 3706 3381 3759 τὸν
3400 3706 3617 3777 ἄνθρω-

378 3838 503 3882 πον,
537 3818 663 3870 ὅταν
711 3812 844 3867 ποτὲ
874 3813 933 3865 ἐν
966 3813 1118 3883 μέσῳ
1149 3810 1374 3879 γένηται
1422 3807 1789 3877 πραγμάτων,
1824 3805 1933 3858 τῶν
1981 3803 2383 3857 διακοπτόντων
2430 3799 2532 3872 τὴν
2563 3798 2755 3853 ἐλπίδα
2782 3801 2981 3853 αὐτοῦ’
3038 3804 3130 3854 καὶ
3160 3805 3340 3855 ἐκεῖσε
3368 3800 3624 3856 δεικνύει

379 3918 409 3969 ὁ
444 3914 575 3976 Θεὸς
604 3912 703 3982 τὴν
735 3902 1214 3975 δύναμινέαυτοῦ,
1246 3904 1303 3955 ἐν
1325 3904 1390 3971 τῇ
1419 3899 1666 3970 σωτηρίᾳ
1711 3901 1777 3968 τῇ
1806 3895 1894 3949 ἐπ’
1926 3896 2108 3949 αὐτόν.
2145 3896 2419 3948 Οὐδέποτε
2450 3894 2559 3963 γὰρ
2591 3892 2856 3963 μανθάνει
2889 3894 2916 3941 ὁ
2948 3892 3226 3961 ἀνθρωπος
3251 3893 3351 3963 τὴν
3376 3893 3620 3961 δύναμιν

320 4010 327 4015 ’
381 4007 481 4077 τὴν
515 4003 723 4072 θεῑκὴν,
754 4003 812 4054 ἐν
847 3996 1153 4053 ἀναπαύσει
1184 3996 1280 4047 καὶ
1323 3989 1627 4061 πλατυσμῷ
1649 4006 1665 4022 ο
1695 3990 1793 4043 καὶ
1820 3987 2076 4042 οὐδέποτε
2115 3986 2315 4050 ἔδειξεν
2337 3987 2366 4038 ὁ
2401 3986 2533 4049 Θεὸς
2590 3986 2691 4055 τὴν
2722 3985 2916 4037 ἐαυτοῦ
2945 3984 3228 4063 ἐνέργειαν
3256 3986 3623 4054 αἰσθητικῶς,

381 4104 429 4156 εί
465 4102 541 4173 μὴ
565 4102 621 4153 ἐν
644 4099 802 4171 χώρᾳ
833 4096 1083 4167 ἡσυχίας,
1114 4090 1211 4146 καὶ
1234 4093 1290 4143 ἐν
1314 4089 1526 4160 ἐρήμῳ,
1559 4084 1656 4139 καὶ
1686 4085 1746 4137 ἐν
1778 4083 1973 4145 τύποις
2010 4082 2400 4153 ἐστερημένοις
2440 4079 2551 4133 τῶν
2588 4078 2922 4147 συντυχιῶνο
2969 4078 3062 4131 καὶ
3108 4077 3205 4146 τῆς
3234 4079 3484 4147 rapax?“
3517 4081 3623 4147 τῆς

384 4196 857 4265 κατασκηνώσεως
891 4192 989 4260 τῆς
1017 4189 1156 4260 μετά
1191 4185 1300 4239 τῶν
1325 4179 1651 4252 ἀνθρώπων.
1691 4196 1709 4230 ι

560 4291 638 4346 De
665 4291 901 4355 auat/ria,
932 4296 980 4342 et
1008 4284 1133 4357 quid
1156 4295 1231 4340 est
1273 4284 1503 4338 humana
1530 4280 1769 4351 apathia.

458 4444 548 4499 86.
578 4442 708 4497 Post
739 4439 857 4494 haec
886 4443 1068 4491 autem
1102 4440 1314 4504 oportet
1342 4444 1408 4485 ex
1436 4435 1589 4498 parte
1614 4427 1719 4483 hoc
1752 4428 1805 4481 ln
1838 4425 1963 4482 loco

305 4545 310 4555 '
391 4538 457 4591 de
490 4536 706 4602 apttltia
737 4542 789 4585 et
819 4528 1156 4599 perfectione
1180 4536 1493 4580 sermonem
1529 4519 1733 4584 facere,
1769 4525 1825 4572 et
1840 4527 1965 4589 post

390 4635 565 4698 'pauca
591 4624 836 4695 praesenti
869 4621 946 4675 rei
978 4620 1139 4673 tinem
1172 4618 1471 4684 imponere.
1497 4612 1635 4667 Audi
1664 4612 1807 4681 quod
1833 4610 1967 4666 dicit

396 4734 627 4788 magnus
683 4715 958 4768 Basilius:
1000 4731 1018 4764 ι
1065 4709 1170 4777 Qui
1206 4709 1294 4761 Dei
1346 4720 1478 4761 vere
1528 4713 1739 4758 amator
1772 4712 1876 4767 est,
1912 4710 1967 4755 et

394 4811 544 4864 illius
588 4805 1001 4876 tranquillitatis
1032 4804 1114 4857 vel
1152 4800 1433 4872 paululum
1459 4796 1661 4865 aliquid
1687 4794 1805 4848 vult
1823 4807 1969 4848 com-

302 4920 305 4923 ·
395 4900 755 4973 prehendere,
792 4896 1251 4967 spiritttalemque
1278 4891 1423 4944 illius
1464 4888 1833 4948 sanctitatem,
1874 4897 1970 4951 pa-

392 5007 536 5055 rem,
558 4988 823 5059 quietem,
849 4985 1215 5044 dulcedinem,
1242 4989 1296 5033 et
1324 4976 1565 5033 laetitiam
1601 4974 1972 5072 gaudiumque

393 5083 539 5149 quod
584 5081 710 5135 inde
733 5086 1023 5151 generatur
1047 5083 1266 5145 gustare
1295 5068 1467 5140 cupit,
1503 5067 1660 5134 longe
1696 5065 1764 5117 ab
1821 5065 1970 5117 omni

397 5174 665 5231 materiaii
718 5173 916 5226 alTectu
971 5168 1065 5239 qui
1099 5167 1339 5219 animam
1401 5158 1675 5229 inquinat,
1731 5164 1966 5209 mentem

399 5270 680 5327 retrahere
736 5263 983 5318 festinat.
1038 5257 1235 5314 Mundo
1279 5262 1459 5307 autem
1494 5261 1548 5305 et
1598 5249 1769 5303 nitido
1809 5246 1971 5301 oculo

399 5365 579 5418 divina
612 5364 891 5420 intuetur;
922 5350 1320 5422 inexplebiliter
1356 5348 1480 5399 inde
1520 5345 1730 5399 oriente
1776 5340 1977 5393 lumine

404 5454 662 5511 vestitur;
687 5459 740 5502 et
773 5450 838 5500 ad
876 5445 1032 5499 talem
1062 5441 1308 5495 habitum
1370 5446 1690 5501 statumque
1737 5443 1974 5485 annnam

402 5552 688 5613 postquam
767 5536 1035 5598 exercuit,
1085 5531 1217 5593 Deo,
1252 5537 1409 5598 prout
1454 5523 1715 5596 possibile
1748 5530 1849 5623 est,
1901 5519 1978 5574 si-

404 5636 548 5688 milis
584 5633 661 5698 tit,
721 5630 979 5698 illumque
1003 5634 1146 5679 amat
1176 5633 1227 5677 et
1258 5621 1427 5690 cupit,
1464 5618 1671 5686 quippe
1727 5618 1821 5680 qui
1867 5627 1980 5666 nta-

1975 4282 2021 4339 A
2053 4275 2190 4343 Περὶ
2219 4272 2533 4337 ἀπαθείας,
2600 4270 2698 4325 καί
2723 4272 2856 4343 τοῦ,
2887 4273 2945 4325 τί
2976 4270 3150 4324 ἐστιν
3206 4268 3244 4334 ἡ
3272 4267 3627 4335 ἀνθρωπίνῖη

2702 4340 2974 4395 ἀπάθεια.

2126 4420 2244 4486 πς’.
2281 4422 2424 4493 Πρὸς
2447 4421 2503 4475 δέ
2531 4421 2759 4485 τούτοις,
2800 4424 2920 4476 δέον
2954 4426 3017 4476 ἐκ
3049 4425 3248 4496 μέρους
3270 4426 3365 4480 καὶ
3400 4426 3491 4480 τὸν
3523 4426 3629 4497 τῆς

2056 4513 2322 4577 ἀπαθείας
2342 4515 2497 4582 λόγον
2534 4512 2765 4567 ἐνταῦθα
2796 4515 3115 4585 προσϐῆναι,
3148 4518 3240 4570 καὶ
3267 4517 3625 4587 τελειότητος,

2055 4606 2148 4658 καὶ
2181 4606 2319 4672 με.τά
2373 4604 2567 4675 μικρὸν
2618 4605 2759 4659 οὕτω
2812 4606 2984 4676 πέρας
3026 4605 3208 4660 δοῦναι
3258 4610 3320 4678 τῇ
3374 4607 3627 4681 παρούσῃ

2057 4696 2433 4766 πραγματείᾳ.
2471 4697 2659 4749 Ἔνθεν
2706 4696 2803 4750 καὶ
2830 4698 2977 4765 λέγει
3024 4700 3052 4751 ὁ
3084 4698 3258 4769 μέγας
3307 4698 3623 4763 Βασίλειος.·

2063 4803 2081 4836 ι
2129 4785 2189 4837 '0
2217 4784 2310 4837 τοῦ
2341 4784 2477 4838 Θεοῦ
2529 4787 2802 4850 καταστὰς
2851 4787 3108 4857 ἐραστὴς,
3162 4789 3256 4841 καὶ
3287 4788 3384 4858 τῆς
3416 4790 3627 4843 ἐκείνου

2059 4878 2326 4942 ἀπαθείας
2356 4878 2450 4932 καὶ
2477 4878 2536 4932 τὺ
2579 4880 2943 4948 σμικρότατον
2974 4884 3267 4948 κατασχεῖν
3313 4880 3626 4950 ἐφιέμενος,

2060 4973 2152 5023 καὶ
2196 4969 2295 5040 τῆς
2328 4970 2706 5039 πνευματικῆς
2755 4971 3064 5042 ἁγιότητος,
3113 4973 3355 5043 γαλήνης
3406 4991 3487 5039 τε,
3532 4973 3629 5028 καὶ

2058 5063 2393 5134 ἀταραξίας,
2453 5064 2546 5115 καὶ
2604 5064 2961 5133 ἡμερότητος,
3013 5066 3107 5118 καὶ
3158 5064 3257 5135 τῆς
3309 5066 3374 5118 ἐκ
3425 5066 3627 5120 τούτων

2058 5154 2386 5223 τικτομένης
2441 5154 2782 5224 εὐφροσύνης
2836 5172 2918 5218 τε,
2974 5155 3071 5208 καὶ
3122 5158 3298 5226 χαρᾶς
3347 5158 3628 5228 ἐπιθυμῶν

2060 5244 2495 5314 ἀπογεύσασθαι,
2550 5246 2750 5309 παντὸς
2787 5247 2883 5316 μὲν
2916 5246 3103 5300 ὑλικοῦ
3159 5248 3365 5312 πάθους
3410 5249 3502 5302 τοῦ
3528 5248 3626 5320 τὴν

2060 5334 2237 5404 ψυχὴν
2265 5333 2661 5398 ἐπιθολοῦντος,
2698 5336 2886 5405 πόρρω
2916 5336 3041 5397 τοὺς
3070 5335 3363 5405 λογισμοὺς
3393 5338 3626 5405 ἀπάγειν

2063 5427 2387 5481 ἐσποηζδακε.
2427 5425 2666 5497 Καθαρῷ
2702 5426 2778 5489 δέ,
2815 5428 2906 5479 καὶ
2941 5429 3349 5498 ἀνεπισκιάστῳ
3397 5430 3623 5499 ὄμματι,

2061 5519 2130 5574 τὰ
2183 5518 2300 5571 θεῖα
2342 5519 2662 5588 περιαθροϊ’
2718 5518 3010 5588 ἀπλήστως
3050 5520 3141 5573 τοῦ
3184 5521 3392 5575 ἐκεῖθεν
3452 5523 3628 5589 φωτθις

2063 5612 2468 5682 ἐμφορούμενος
2493 5628 2506 5640 ο
2539 5612 2617 5672 είς
2643 5610 2900 5680 τοιαύτην
2924 5629 2979 5664 τε
3005 5612 3141 5677 ἕξιν,
3178 5614 3271 5666 καὶ
3302 5615 3626 5687 κατάστασιν
