4032 6208
391 400 493 461 795

409 661 508 697 σαν
536 640 815 712 ὁμοίωσιν,
865 636 941 708 τῷ
987 636 1126 707 Θεῷ,
1162 637 1461 705 ἑπέραστός
1503 654 1561 690 τε
1597 636 1691 690 καὶ
1730 637 1973 692 ποθεινὸ-

407 750 568 795 τατος
623 729 771 799 αὑτῷ
819 730 1051 796 γίνεται,
1091 721 1177 779 οἶα
1231 727 1296 797 δὴ
1350 727 1490 795 μέγα
1544 744 1603 779 τε
1665 722 1846 789 ἆθλον,
1880 729 1975 779 καὶ

406 824 703 892 δυσήνυτον
734 818 989 881 ἀνατλὰς,
1033 816 1127 871 καῖ
1156 820 1220 871 ὲκ
1254 817 1351 885 τῆς
1381 817 1519 870 κατά
1554 817 1652 887 τὴν
1679 816 1812 887 ὓλην
1846 834 1976 886 συγ-

410 914 656 984 κράσεως
687 910 956 980 δυνηθεὶς,
1003 911 1296 979 ἀκραιφνεῖ
1345 909 1439 962 καὶ
1494 912 1873 981 κεχωρισμένῃ
1907 911 1973 980 τῇ

409 1003 619 1073 διανοίᾳ
652 1001 749 1070 τῆς
793 1000 901 1053 τῶν
935 998 1261 1067 σωματικῶν
1302 997 1582 1068 ἐπιμιξίας
1612 997 1798 1051 παθῶν
1837 1015 1974 1061 πως,

410 1093 671 1163 ὁμιλῆσαι
700 1090 841 1160 eae.
882 1108 900 1141 ε
935 1091 1043 1142 Καὶ
1074 1088 1229 1142 τοῦτο
1266 1089 1363 1159 μέν
1384 1090 1501 1141 ἐστι
1532 1090 1658 1159 περὶ
1689 1088 1973 1151 ἀπαθείας.

415 1184 550 1253 Περὶ
577 1179 782 1247 δὲητοῦ,
812 1180 864 1232 τί
890 1180 1040 1231 ἐστιν
1070 1178 1103 1247 ή
1132 1176 1451 1247 ἀνθρωπίνη
1484 1176 1743 1238 ἀπάθεια,
1777 1177 1977 1244 γράφει

413 1272 586 1333 οῦτως
621 1272 648 1323 6
682 1270 836 1338 ἀγιος
872 1267 1095 1321 Ἰσαάκο
1152 1284 1172 1318 t
1219 1266 1285 1318 Ἥ
1336 1265 1593 1329 ἀπάθεια,
1640 1264 1763 1333 οὐχὶ
1795 1264 1855 1315 τὸ
1903 1264 1978 1332 μὴ

417 1362 742 1432 αίσθῆθηναι
785 1360 894 1412 τῶν
942 1358 1130 1411 παθῶν
1162 1358 1342 1409 ἐστιν’
1382 1356 1518 1409 ἀλλά
1544 1355 1605 1407 τι
1632 1354 1707 1424 μὴ
1731 1354 1983 1418 δέξασθαι

419 1454 578 1506 αὑτά.
632 1454 727 1504 Ἐκ
775 1451 884 1503 τῶν
932 1448 1141 1502 πολλῶν
1172 1447 1279 1517 γὰρ
1326 1449 1419 1500 καὶ
1464 1446 1721 1499 ποικίλων
1750 1444 1979 1515 ἀρετῶν,

419 1539 495 1599 ῶν
524 1544 789 1612 ἐκτήσατο
816 1542 924 1593 τῶν
961 1539 1209 1609 φανερῶν
1240 1539 1334 1592 καὶ
1366 1537 1643 1608 κρυπτῶν,
1679 1537 1983 1607 ήσθένησαν

420 1638 478 1688 tv
499 1634 685 1696 αὐτοῖς
714 1633 782 1685 τὰ
809 1630 975 1701 πάθη,
1012 1630 1106 1683 καὶ
1133 1629 1192 1681 οὐ
1222 1628 1473 1681 δύνανται
1518 1624 1753 1696 εὐχερῶς
1783 1625 1986 1677 ἐπανα-

424 1726 613 1793 στῆναι
662 1721 803 1775 κατά
863 1721 959 1788 τῆς
995 1719 1204 1788 ψυχῆς
1264 1718 1357 1770 καὶ
1398 1718 1433 1787 ή
1459 1716 1665 1768 διάνοια
1701 1715 1763 1767 οὐ
1795 1713 1987 1784 χρῄζει

1603 415 2000 480 OPUSCULA
2039 420 2279 482 ASCET
2291 424 2424 485 lCA‘.

308 612 319 617 _
405 550 503 621 τὴν
531 544 706 618 ψυχήν
731 545 1060 616 ὲξασκήσας,
1089 542 1383 598 οἰκειοῦται
1418 542 1559 598 κατά
1581 548 1677 615 τήν
1700 544 2001 616 ὲγχωροῦ-Α

2091 549 2230 596 :num
2256 550 2321 590 ac
2354 536 2580 620 difficile
2609 548 2888 595 certamen
2926 541 3275 606 sustinuerit,
3323 550 3378 598 et
3406 556 3471 597 ex
3534 552 3639 596 ter-

3537 431 3643 491 786

2070 629 2235 683 restri
2262 629 2538 694 mistione,
2566 631 2778 687 sincera
2817 644 2872 689 et
2896 650 2924 689 a
2957 635 3333 705 corporalibus
3359 634 3642 691 amictibus

2069 720 2321 789 sejuncta
2354 721 2705 791 cogitatione,
2738 726 3142 793 quodammodo
3185 743 3307 782 cum
3357 728 3465 782 Deo
3514 743 3643 781 con-

2070 812 2281 868 versari
2314 812 2571 881 potuerit.
2614 833 2632 865 ι
2674 815 2736 870 Et
2760 816 2810 870 id
2847 818 3063 886 quidem
3088 820 3259 876 estde
3296 819 3463 874 animi
3488 827 3642 872 trano

2071 905 2360 974 quillitate.
2415 903 2489 958 De
2537 904 2641 960 hoc
2693 915 2899 973 autem,
2942 924 3154 977 nempe,
3207 911 3338 980 quid
3406 921 3487 965 est
3537 909 3643 963 hu-

2074 1007 2235 1047 mana
2268 993 2436 1047 animi
2456 995 2853 1064 tranquillitas,
2878 998 2956 1053 sic
2983 998 3174 1055 scribit
3196 1010 3419 1056 sanctus
3448 999 3597 1055 Isaac
3626 1016 3643 1054 :

2081 1103 2101 1138 ι
2138 1084 2492 1155 Tranquillus
2518 1094 2603 1141 est
2629 1101 2736 1143 non
2766 1088 2859 1155 qui
2895 1088 3120 1145 affectus
3147 1106 3259 1145 non
3312 1092 3497 1155 sentit,
3551 1092 3643 1146 sed

2074 1176 2165 1245 qui
2198 1190 2295 1230 eos
2315 1193 2420 1231 non
2444 1177 2705 1234 admittit.
2733 1179 2805 1233 Ex
2844 1180 3035 1235 multis
3059 1181 3203 1235 enim
3251 1196 3315 1236 ac
3344 1182 3508 1236 variis
3538 1183 3646 1234 vir-

2073 1266 2301 1329 tutibus,
2320 1268 2622 1324 manifestis
2648 1269 3069 1335 absconditisve,
3104 1287 3239 1341 quas
3264 1272 3528 1342 possidet,
3564 1272 3648 1326 in-

2076 1355 2273 1409 firmati
2303 1368 2429 1411 sunt
2465 1358 2714 1423 σηοωεδ,
2748 1376 2926 1430 neque
2954 1362 3111 1416 facile
3147 1371 3376 1431 possunt
3430 1362 3483 1416 in
3530 1362 3649 1415 aui-

2073 1462 2216 1502 niam
2242 1448 2545 1512 insurgere.
2583 1449 2710 1503 Ideo
2740 1451 2889 1504 omni
2926 1460 3192 1529 tempore,
3238 1451 3292 1506 in
3346 1452 3463 1506 suis
3502 1452 3646 1522 cogi-

2072 1538 2372 1593 tationibus
2404 1539 2717 1594 dominatur
2762 1543 2966 1607 anima,
3024 1543 3269 1597 exercitii
3334 1543 3531 1612 gratia,
3594 1554 3649 1597 et

2071 1629 2402 1699 optimorum
2428 1646 2635 1685 morum
2695 1632 3055 1699 habitudinis,
3090 1634 3271 1703 quiin
3325 1644 3505 1689 mente
3554 1650 3649 1703 per

2075 1710 2405 1775 intellectum
2451 1732 2762 1778 moventur.
2822 1723 3041 1779 Etcum
3101 1726 3369 1795 incipiunt
3420 1725 3647 1780 affectus

431 1815 660 1866 πάντοτε
713 1809 999 1878 προσέχειν
1049 1807 1251 1868 αὐτοῖς.
1290 1805 1434 1857 Διὸτι
1480 1808 1537 1857 tv
1598 1803 1760 1857 παντὶ
1791 1802 2001 1887 καιρῷ,

2091 1812 2281 1868 noveri
2306 1827 2369 1875 ac
2401 1812 2635 1879 turbari,
2657 1815 2841 1870 statim
2893 1817 3104 1884 rapitur
3135 1819 3292 1887 longe
3350 1818 3417 1872 ab
3453 1819 3520 1871 iis
3544 1834 3641 1872 co-

432 1901 838 1973 πεπληρωμένη
871 1899 1017 1952 ἐστὶν
1050 1899 1108 1950 tv
1136 1900 1247 1960 τοῖς
1274 1899 1541 1968 νοήμασιν
1568 1896 1755 1966 αὐτῆς,
1797 1898 1861 1950 ἐκ
1892 1886 2001 1965 τῆςῖ

2091 1904 2274 1971 ςίιαιίο,
2296 1906 2529 1973 quodam
2563 1907 2616 1961 in
2644 1916 2824 1962 mente
2855 1909 3129 1963 insinuato
3158 1886 3455 1964 intellectu.
3489 1929 3506 1960 ι
3540 1910 3649 1964 Sed

434 1997 682 2067 μελέτης,
718 1997 810 2047 καὶ
836 1992 935 2064 τῆς
961 1992 1176 2063 ὁμιλίας
1207 1991 1315 2045 τῶν
1348 1991 1583 2061 ἀρίστων
1610 1988 1847 2059 τρόπων,
1878 1988 1988 2040 τῶν

2092 2015 2127 2051 n
2181 2007 2361 2053 mente
2423 1999 2583 2054 otiosi
2638 2000 2896 2054 deﬁciunt
2947 2002 3213 2068 all’ectus,
3260 2011 3318 2056 ut
3351 2003 3427 2056 ait
3453 2004 3648 2057 beatus

430 2090 487 2141 tv
554 2089 619 2157 τῇ
660 2084 871 2139 συνέσει
946 2082 1278 2153 κινουμένων
1328 2082 1387 2135 tv
1448 2080 1527 2152 τῷ
1586 2080 1685 2135 νοτ.
1716 2079 1829 2133 Καὶ
1854 2078 1983 2132 ὁταν

428 2187 697 2252 ἄρξωνται
724 2186 792 2240 τά
826 2186 974 2257 πάθη
1014 2188 1275 2241 κινεῖσθαι
1302 2189 1396 2242 καὶ
1422 2186 1812 2258 ταράσσεσθαι,
1844 2187 1988 2252 ἐξαί-

430 2294 569 2347 φνης
594 2277 897 2347 ἀρπάζεται
927 2280 959 2348 ἡ
983 2279 1192 2333 διάνοια
1223 2280 1286 2332 ὲκ
1325 2279 1422 2349 τῆς
1461 2278 1761 2349 ἑγγῦτητος
1790 2277 1991 2342 αὐτῶν,

432 2370 490 2423 tv
522 2370 732 2423 συνέσει
762 2372 890 2433 τινὶ,
918 2370 1286 2441 παρακυψάσῃ
1309 2372 1365 2423 tv
1387 2369 1465 2438 τῷ
1487 2370 1568 2424 νοτ
1589 2386 1601 2400 ·
1634 2370 1728 2422 καὶ
1756 2369 1994 2439 ἀπολιμ-

434 2464 689 2515 πάνονται
718 2463 868 2533 αὑτῷ
903 2464 971 2517 τὰ
1000 2462 1147 2529 πάθη
1179 2461 1344 2531 ἀργά,
1366 2462 1619 2530 καθάπερ
1648 2457 1799 2512 εἶπεν
1829 2461 1857 2511 6
1890 2458 1998 2530 pa-

436 2552 629 2622 κάριος
659 2553 912 2621 Μάρκος·
949 2551 1072 2613 νοῦς
1102 2550 1205 2603 ὑπὸ
1238 2550 1335 2620 τῆς
1366 2549 1589 2619 χάριτος
1618 2548 1712 2601 τοῦ
1742 2548 1875 2601 Θεοῦ
1902 2550 1999 2610 τὰς

436 2644 663 2712 πράξεις
698 2644 807 2696 τῶν
834 2643 1046 2712 ἀρετῶν
1097 2642 1343 2711 πληρῶν,
1378 2642 1472 2694 καὶ
1521 2642 1587 2710 τῇ
1624 2638 1819 2707 γνώσει
1859 2640 2000 2708 πλη..

439 2735 647 2797 σιάσας,
682 2734 859 2800 ὀλίγον
884 2734 1197 2787 αίσθάνεται
1238 2735 1302 2786 ὲκ
1326 2732 1421 2785 τοῦ
1463 2733 1662 2803 μέρους
1690 2730 1786 2784 τοῦ
1826 2732 1997 2785 κακοῦ

438 2829 532 2880 καὶ
581 2827 806 2896 ἀνοήτου
852 2826 950 2894 τῆς
981 2825 1178 2894 ψυχῆς.
1235 2824 1302 2877 Ἦ
1332 2824 1531 2893 γνῶσις
1559 2803 1671 2894 γάρ
1698 2822 1863 2877 αὐτοῦ
1896 2825 2000 2895 ἀρ-

438 2919 600 2980 πάζει
624 2918 786 2971 αὐτὸν
814 2918 893 2980 είς
926 2918 985 2969 τὸ
1022 2917 1174 2985 ὕψος,
1204 2916 1296 2969 καὶ
1326 2914 1681 2983 ἀπαλλοτριοῖ
1706 2914 1866 2968 αὑτὸν
1894 2913 2001 2968 ἀπὸ

439 3010 656 3061 πάντων
701 3008 808 3060 τῶν
857 3009 912 3059 tv
952 3006 1028 3076 τῷ
1072 3007 1294 3075 κόσμῳ·
1334 3006 1426 3059 καὶ
1458 3004 1545 3058 διά
1576 3004 1676 3074 τὴν
1716 3005 1775 3059 tv
1819 3004 2002 3065 αὐτοῖς

438 3099 684 3166 ἁγνείαν,
736 3101 831 3152 καὶ
870 3099 969 3169 τήν
1023 3099 1348 3168 λεπτότητα,
1380 3099 1474 3150 καὶ
1504 3096 1867 3167 ἐλαφρότητα,
1906 3096 2001 3149 καὶ

433 3187 673 3257 ὀξύτητα
711 3187 805 3240 τοῦ
829 3188 946 3251 νοὸς
991 3186 1189 3248 αὐτῶν,
1222 3184 1315 3238 καὶ
1340 3184 1427 3237 διὰ
1452 3184 1549 3255 τὴν
1574 3184 1808 3257 ἄσκησιν
1838 3185 2001 3238 πάλιν

439 3280 641 3344 αὐτῶν,
667 3279 1017 3349 καθαρίζεται
1044 3279 1224 3332 αὐτῶν
1252 3281 1279 3331 6
1305 3275 1447 3339 νοῦς,
1482 3279 1572 3331 καὶ
1602 3277 1828 3343 διαυγὴς
1863 3278 2001 3329 ἀπσο

439 3370 714 3425 δείκνυται
742 3387 756 3403 ο
784 3370 873 3423 διὰ
904 3371 964 3423 τὸ
995 3370 1094 3440 τὴν
1139 3370 1315 3440 σάρκα
1356 3368 1536 3422 αὐτῶν
1581 3367 1911 3437 ξηρανθῖψαι
1938 3368 2002 3419 ὲκ

439 3462 537 3531 τῆς
585 3462 781 3532 σχολῆς
820 3464 918 3531 τῆς
966 3461 1215 3531 ἡσυχίας,
1250 3460 1343 3514 καὶ
1384 3460 1484 3529 τῆς
1517 3458 1717 3528 πολλῆς
1746 3457 2005 3527 διαμονῆς

439 3554 540 3622 τῆς
572 3557 628 3607 tv
657 3555 816 3625 αὐτῇ.
850 3553 1051 3606 Τούτου
1076 3553 1235 3623 χάριν
1261 3552 1497 3615 εὐκόλως
1531 3554 1624 3605 καὶ
1655 3551 1863 3620 ταχέως
1888 3550 2007 3601 tm-

441 3644 649 3698 τίθεται
684 3645 919 3712 ἑκάστῳ,
972 3644 1065 3696 καὶ
1094 3643 1277 3712 ὁδηγεῖ
1307 3642 1502 3705 αὐτοὺς
1545 3643 1578 3712 ή
1631 3641 1832 3711 θεωρία
1871 3642 1904 3709 ἡ
1948 3640 2006 3693 ἐν

445 3735 648 3797 αὐτοῖς,
679 3734 815 3804 πρὸς
844 3731 1106 3802 ἔκπληξιν
1132 3734 1231 3803 τὴν
1264 3732 1394 3802 παρ’
1423 3732 1560 3803 αὐτῇ
1584 3748 1597 3763 ’
1626 3732 1718 3784 καὶ
1745 3732 1803 3783 tv
1832 3734 2007 3800 τούτῳ

447 3824 732 3878 πολλοστὸν
771 3824 1131 3895 πληθύνονται
1159 3827 1279 3888 ταῖς
1314 3824 1568 3891 θεωρίαις
1586 3841 1598 3854 ο
1631 3823 1725 3877 καὶ
1753 3823 2006 3875 οὐδέποτε

448 3916 748 3987 ὑστερεῖται
780 3916 911 3987 ὕλης
940 3917 1260 3988 συνέσεωςή
1289 3917 1497 3970 διάνοια
1526 3915 1703 3969 αὐτῶν
1721 3932 1733 3945 ·
1775 3916 1869 3968 καὶ
1891 3915 2011 3968 οὐδὲ

449 4006 604 4069 tat-r6;
652 4007 873 4061 ἐκείνων
909 4006 1057 4071 ποτε,
1100 4002 1174 4061 ὧν
1221 4006 1313 4059 τοῦ
1367 4007 1675 4077 πνεύματος
1725 4007 1753 4059 6
1799 4005 2011 4075 καρπὸς

448 4098 667 4166 ἐμποιεῖ
696 4098 895 4163 αὐτοῖς,
933 4098 1285 4165 διαγίνονται.
1323 4099 1430 4151 Καὶ
1459 4100 1517 4150 tv
1555 4101 1621 4168 τῇ
1656 4098 1914 4168 συνηθείᾳ
1944 4099 2008 4167 τῇ

450 4188 801 4259 πολυχρονίῳ,
824 4190 1191 4259 έξαλείφονται
1220 4191 1274 4243 αἱ
1307 4191 1519 4259 μνῆμαι
1566 4192 1629 4242 ὲκ
1664 4190 1760 4257 τῆς
1786 4189 2011 4259 καρδίας

449 4278 646 4343 αὐτῶν,
691 4280 893 4343 αἵτινες
944 4280 1152 4333 κινοῦσι
1197 4281 1266 4333 τὰ
1298 4280 1446 4349 πάθη
1477 4282 1535 4332 tv
1563 4284 1629 4351 τῇ
1656 4281 1823 4350 ψυχῇ,
1855 4282 1948 4332 καὶ
1977 4281 2012 4349 ή

450 4372 603 4441 ἰσχῦς
634 4375 731 4443 τῆς
761 4372 1006 4438 ἐξουσίας
1033 4373 1126 4427 τοῦ
1151 4374 1418 4428 διαϐόλου.
1456 4372 1622 4427 ὀταν
1659 4372 1767 4442 γὰρ
1795 4375 1827 4442 ἡ
1867 4371 2014 4443 ψυχὴ

448 4462 525 4534 μὴ
563 4464 829 4537 μετριάσῃ
867 4465 1001 4535 μετά
1034 4465 1143 4518 τῶν
1184 4465 1392 4531 παθῶν,
1431 4465 1464 4536 ἢ
1500 4464 1812 4534 έτιιρειάσῃ
1850 4464 1907 4515 tv
1946 4466 2011 4533 τῇ

2076 2090 2333 2145 Marcus:
2383 2110 2400 2144 t
2436 2093 2593 2151 Mens
2659 2108 2779 2159 qua:
2818 2093 2912 2148 Dei
2964 2094 3136 2164 gratia
3196 2096 3454 2149 virtutum
3497 2107 3651 2149 actus

2076 2182 2356 2252 adimplet,
2392 2193 2447 2239 et
2469 2186 2709 2241 scientia:
2737 2187 2964 2249 accedit,
2994 2203 3189 2258 parum
3233 2188 3397 2242 sentit
3416 2188 3559 2257 quod
3594 2186 3648 2240 in

2077 2272 2257 2327 anima
2312 2274 2516 2329 malum
2563 2290 2627 2329 ac
2688 2276 3008 2332 irrationale
3057 2287 3162 2333 est.
3214 2276 3457 2331 Scientia
3500 2276 3645 2331 enim

2080 2374 2315 2447 mentem
2353 2366 2407 2420 in
2462 2367 2737 2422 excelsum
2791 2368 2955 2437 rapit,
3009 2383 3241 2434 eamque
3292 2368 3361 2424 ab
3394 2370 3650 2424 omnibus

2080 2472 2200 2524 qua:
2225 2457 2277 2511 in
2311 2456 2515 2511 mundo
2567 2468 2695 2512 sunt
2747 2469 2983 2527 separat.
3045 2459 3109 2514 Et
3156 2470 3282 2515 tunc
3333 2461 3495 2514 homo
3551 2476 3647 2528 per

2084 2560 2237 2599 suam
2273 2548 2562 2615 puritatem
2606 2556 2660 2601 et
2718 2549 3067 2603 subtilitatem
3109 2559 3162 2604 et
3193 2550 3464 2604 levitatem
3505 2564 3654 2603 men~

2086 2637 2262 2707 lisque
2292 2652 2545 2702 acumen,
2579 2655 2642 2694 ac
2700 2654 2795 2709 per
2851 2642 3192 2706 exercitium,
3229 2652 3460 2695 mentem
3494 2642 3656 2695 habet

2086 2728 2400 2784 mandatam
2444 2746 2507 2785 ac
2536 2732 2771 2786 lucidam
2813 2731 3057 2787 effectam
3089 2751 3104 2797 ;
3143 2750 3270 2788 caro
3304 2735 3449 2788 enim
3493 2734 3655 2802 hujus

2090 2831 2365 2875 macerata
2402 2833 2488 2875 est
2543 2824 2958 2889 tranquillitatis
3016 2825 3325 2889 duratione,
3379 2827 3681 2893 multaque‘

2089 2910 2143 2964 in
2180 2925 2241 2965 ea
2269 2914 2703 2981 perseverantia.
2729 2914 2895 2983 Cujus
2923 2915 2997 2969 rei
3026 2916 3199 2983 gratia
3248 2915 3405 2969 brevi
3442 2915 3659 2970 unicui-

2090 3016 2196 3071 que
2222 3003 2442 3057 additur
2479 3004 2649 3070 aliud,
2687 3013 2739 3058 et
2765 3021 2863 3059 eos
2894 3006 3079 3073 dirigit
3110 3006 3499 3076 contemplatio
3542 3022 3663 3075 qua:

2092 3096 2146 3150 in
2206 3095 2285 3153 eis
2335 3108 2456 3164 est,
2498 3096 2566 3152 ad
2626 3098 2987 3168 cupiditatem
3036 3114 3158 3168 quae
3226 3099 3664 3168 contemplationi

2092 3187 2447 3253 adltmret,et
2500 3189 2624 3244 ideo
2680 3191 3168 3259 contemplationes
3205 3190 3325 3258 ejus
3345 3190 3661 3254 dilatantur,

2093 3286 2150 3333 et
2196 3294 2473 3347 nunquam
2503 3278 2744 3334 materiae.
2773 3278 3051 3335 intellectu
3090 3280 3326 3335 vincitur
3356 3295 3545 3335 eorum
3569 3294 3665 3333 co-

2094 3369 2718 3437 gitatio.nunquamque
2767 3377 2929 3423 extra
2980 3383 3041 3422 ea
3099 3380 3227 3424 sunt
3260 3385 3383 3439 qua:
3432 3369 3669 3437 Spiritus

2094 3458 2266 3511 sancti
2289 3457 2500 3513 fructus
2525 3459 2578 3511 in
2606 3459 2738 3527 ipsis
2767 3458 3043 3529 producit.
3096 3461 3173 3515 Ac
3231 3462 3487 3515 diuturna
3538 3477 3667 3516 con-

2099 3548 2390 3602 suetudine
2424 3550 2813 3605 oblitterantur
2842 3567 2905 3605 ex
2955 3554 3120 3607 corde
3156 3567 3347 3607 eorum
3387 3554 3664 3605 memoria}

2095 3652 2216 3705 qua:
2242 3638 2467 3694 affectus
2504 3640 2555 3693 in
2585 3643 2768 3695 anima
2785 3650 3153 3706 commovent,
3184 3652 3239 3697 et
3262 3644 3515 3713 potentia:
3552 3645 3673 3696 dia-

2099 3726 2206 3782 boli
2243 3729 2445 3784 virtus.
2475 3730 2612 3785 Cum
2643 3741 2825 3787 autem
2855 3734 3033 3787 anima
3070 3751 3194 3789 cum
3228 3734 3509 3790 aﬂ'ectibus
3560 3752 3666 3790 non

2096 3817 2201 3871 erit
2223 3818 2522 3883 moderata,
2550 3820 2632 3873 vel
2664 3835 2722 3875 se
2740 3836 2929 3877 eorum
2954 3838 3096 3877 curae
3144 3839 3251 3878 non
3282 3823 3666 3887 assuefecerit,

2097 3910 2335 3979 eoquod
2388 3922 2648 3981 perpetuo
2695 3913 2800 3968 alia
2851 3915 3179 3984 cogitatione
3226 3916 3431 3971 domita
3482 3915 3669 3976 fuerit,

2098 4016 2204 4053 nou
2228 4010 2407 4071 potest
2435 4007 2702 4074 unguium
2749 4004 2975 4061 affectus
3006 4007 3086 4061 vis
3143 4008 3454 4074 spirituales
3499 4008 3671 4073 ipsius

2092 4106 2307 4153 sensus,
2347 4094 2585 4149 vincere.
2655 4114 2674 4147 ι
2714 4095 2780 4150 Et
2836 4097 2998 4152 divus
3048 4098 3398 4155 Diadncbus:
3438 4117 3455 4148 ι
3500 4100 3675 4153 Tran-

2098 4182 2340 4250 quillitas
2385 4193 2491 4247 est,
2550 4201 2660 4240 non
2701 4201 2733 4241 a
2785 4188 3125 4242 daemonibus
3184 4205 3288 4242 non
3342 4190 3671 4258 impugnari,

2097 4279 2376 4340 oporteret
2412 4272 2558 4328 enim
2592 4289 2691 4329 nos
2713 4278 3011 4330 secundum
3034 4277 3223 4331 divum
3244 4276 3582 4345 Apostoium,
3610 4279 3675 4331 de

2101 4365 2302 4419 mundo
2332 4366 2521 4431 exire;
2552 4367 2646 4421 sed
2683 4368 2914 4422 invictos
2938 4385 3175 4430 manere,
3209 4371 3420 4423 etiamsi
3446 4371 3515 4423 ab
3538 4370 3674 4439 ipsis

2103 4456 2502 4527 impugnemur.
2561 4457 2760 4512 Milites
2828 4460 2977 4511 enim
3041 4459 3118 4513 illi
3156 4462 3247 4528 qui
3304 4462 3446 4515 ferro
3492 4461 3670 4515 induti

452 4554 649 4627 μελέτῃ
680 4559 746 4628 τῇ
792 4558 849 4610 tv
896 4558 1099 4623 αὐτοῖς,
1141 4557 1229 4611 διὰ
1266 4558 1327 4610 1:6
1371 4553 1510 4611 εἶναι
1554 4556 1725 4626 αὐτὴν
1759 4555 1819 4619 ἐξ
1849 4555 2001 4622 ἄλλης

2107 4560 2257 4613 sunt,
2305 4548 2373 4601 ab
2406 4547 2736 4603 adversariis
2795 4548 2940 4603 ferro
2996 4559 3274 4620 petuntur,
3337 4562 3390 4606 et
3445 4567 3668 4605 arcuum

450 4649 723 4719 φροντίδος
760 4648 1172 4719 κεκρατημένην
1211 4650 1591 4711 ἀδιαλείπτως,
1622 4648 1682 4702 οὐ
1726 4647 1946 4701 δύναται
1978 4650 2012 4717 ή

453 4740 605 4809 ίσχὺς
647 4740 755 4793 τῶν
797 4739 1002 4810 ὀνύχων
1036 4740 1143 4793 τῶν
1187 4739 1396 4804 παθῶν,
1450 4740 1869 4809 κατακρατῆσαι
1907 4738 2017 4791 τῶν

452 4833 755 4903 αἰσθήσεων
781 4833 949 4901 αὐτῆς
970 4833 1077 4885 τῶν
1116 4832 1521 4901 πνευματικῶν.
1572 4850 1593 4884 ε
1642 4832 1753 4885 Kal
1806 4834 1835 4885 6
1878 4830 2018 4894 θεῖος

454 4922 735 4992 Διάδοχοςθ
787 4938 807 4974 ε
850 4919 1116 4975 ’Δπάθειά
1168 4922 1336 4984 ἑστιν,
1367 4920 1429 4972 οὐ
1459 4919 1521 4973 τδ
1554 4919 1629 4991 μὴ
1668 4919 2019 4987 πολεμεῖσθαι

456 5012 561 5065 ὑπὸ
587 5013 697 5065 τῶν
729 5012 1032 5081 δαιμόνωνο
1084 5012 1207 5063 ἐπεὶ
1254 5012 1361 5080 ἄρα
1395 5012 1703 5080 ὀφείλομεν,
1748 5010 1887 5063 κατά
1930 5010 2021 5063 τὸν

468 5102 805 5167 Ἀπόστολον,
855 5102 1233 5171 ἐξεληλυθέναι
1277 5106 1340 5155 ὲκ
1368 5102 1461 5155 τοῦ
1513 5102 1717 5172 κόσμου
1742 5120 1754 5133 ·
1800 5102 1935 5155 ἀλλά
1962 5102 2022 5154 τὸ

457 5194 897 5264 πολεμουμένους
927 5196 1017 5248 ὑπ’
1050 5195 1249 5259 αὐτῶν,
1284 5194 1658 5264 ἀπολεμήτους
1687 5194 1884 5263 μένειν.
1915 5193 2023 5246 Καὶ

457 5287 567 5355 γὰρ
596 5286 647 5337 οῖ
679 5286 1021 5357 σιδηροφόροι
1056 5285 1401 5356 πολεμισταὶ,
1446 5284 1753 5348 τοξεύονται
1784 5285 1882 5353 μὲν
1920 5283 2025 5336 ὑπὸ

457 5372 563 5427 τῶν
586 5374 913 5437 ἀντιπάλων,
940 5376 1033 5427 καὶ
1061 5372 1155 5427 τοῦ
1185 5374 1318 5443 ήχου
1348 5373 1447 5440 τῆς
1475 5370 1684 5435 τοξείας
1714 5370 2021 5435 ἀκούουσιν,

458 5466 598 5521 ἀλλά
640 5469 735 5520 καὶ
782 5468 919 5520 αὑτά
951 5466 1207 5537 βλέπουσι
1244 5466 1312 5519 τά
1344 5465 1671 5535 πεμπόμενα
1700 5465 1817 5517 κατ’
1847 5464 2025 5517 αὐτῶν

461 5558 647 5625 σχεδὸν
673 5557 889 5611 ἅπαντα
918 5557 1067 5627 βέλη,
1100 5559 1160 5611 οὐ
1193 5559 1521 5628 πλήττονται
1553 5556 1609 5608 δὲ
1626 5556 1711 5608 διὰ
1739 5555 1837 5626 τήν
1866 5556 2025 5628 στερ·

464 5652 663 5719 ρότητα
690 5649 797 5702 τῶν
825 5649 1133 5718 πολεμικῶν
1156 5649 1482 5718 ἐνδυμάτων.
1527 5648 1666 5701 Ἀλλ’
1699 5649 1895 5701 ἐκεῖνοι
1926 5646 2028 5718 μὲν

464 5742 669 5811 σιδήρῳ
693 5740 1072 5809 φραττόμενοι,
1098 5738 1246 5809 ὲντῷ
1270 5739 1641 5807 πολεμεῖσθαι,
1665 5738 1724 5791 τὸ
1750 5738 2028 5810 ἀπολέμη-

466 5850 555 5887 τον
588 5833 803 5902 ἔχουσιν
828 5849 841 5863 ·
876 5833 1036 5903 ἡμεῖς
1064 5830 1119 5884 δὲ
1142 5835 1207 5903 τῇ
1243 5831 1336 5885 τοῦ
1372 5832 1545 5901 φωτὸς
1583 5830 1675 5887 τοῦ
1704 5833 1860 5902 ἀγίου
1891 5850 2019 5885 παν-

2108 4637 2381 4692 fremitum
2404 4636 2652 4702 audiunt,
2684 4638 2780 4693 sed
2807 4648 2862 4693 et
2889 4640 3072 4693 omnia
3098 4638 3201 4694 tela
3238 4640 3442 4704 vident,
3474 4656 3594 4703 qua:
3622 4639 3673 4692 iu

2108 4745 2166 4784 se
2192 4730 2493 4800 iaciuntur,
2526 4743 2708 4798 neque
2764 4730 2836 4783 ob
2873 4730 3052 4785 bellici
3081 4733 3395 4786 vestimenti
3436 4732 3678 4786 solidita-

2109 4832 2239 4889 tem,
2271 4822 2566 4893 quidquam
2620 4822 2938 4877 formidant.
3002 4822 3106 4879 Sed
3149 4824 3222 4877 illi
3274 4826 3491 4894 quidem
3536 4825 3679 4879 ferro

2110 4919 2324 4983 muniti,
2378 4918 2483 4973 etsi
2559 4917 2963 4987 impuguentur,
3023 4917 3210 4972 invicti
3278 4927 3679 4984 manent;uos

2109 5025 2240 5065 vero
2306 5010 2477 5064 sancti
2540 5010 2761 5065 luminis
2838 5018 3110 5064 armatura
3170 5018 3224 5064 et
3283 5020 3440 5065 scuto
3487 5009 3679 5063 salutis

2112 5118 2208 5172 per
2227 5102 2488 5172 quidquid
2526 5103 2730 5157 bonum
2755 5112 2837 5155 est
2880 5100 3101 5166 muniti,
3126 5100 3441 5155 tenebrosas
3481 5100 3680 5153 dieme-

2112 5209 2243 5247 num
2306 5194 2606 5265 phalanges
2664 5208 3009 5262 rumpamus.
3077 5192 3195 5248 Non
3261 5194 3404 5247 enim
3463 5208 3494 5247 a
3537 5194 3680 5247 malo

2113 5291 2323 5337 tantum
2373 5284 2648 5339 abstinere
2704 5284 2997 5354 puritatem
3066 5293 3307 5353 praestat,
3368 5286 3460 5339 sed
3517 5285 3679 5338 etiam

2113 5377 2239 5432 boni
2275 5391 2428 5443 cura,
2462 5379 2810 5433 vehementcr
2850 5378 2995 5432 mala
3022 5378 3308 5448 abrogare.
3348 5397 3369 5431 ι
3428 5378 3493 5432 Et
3549 5392 3675 5432 san-

2113 5471 2235 5519 ctus
2260 5462 2530 5517 Maximus
2567 5463 2998 5532 quadrupliciter
3047 5479 3169 5518 eam
3234 5462 3681 5532 tranquillitatem

2112 5558 2329 5623 dividit,
2380 5558 2461 5612 sic
2528 5558 2793 5624 loquens:
2858 5575 2877 5608 ι
2938 5556 3175 5611 Primam
3235 5556 3681 5624 tranquillitatem

2113 5650 2236 5705 dico
2265 5665 2383 5704 eam
2412 5665 2531 5718 qua:
2556 5648 2620 5702 ad
2655 5660 2931 5718 peccatum
2964 5650 3163 5703 intacta
3194 5648 3411 5712 virtute,
3436 5648 3682 5715 corporis

2114 5751 2295 5796 motus
2365 5742 2445 5794 lit.
2506 5739 2806 5796 Secundam
2886 5739 3335 5808 tranquillitatem
3395 5738 3518 5793 dico
3587 5754 3682 5793 ea-

2118 5848 2239 5889 rum
2285 5847 2405 5902 quae
2438 5833 2674 5887 animam
2729 5838 3072 5888 commovent
3124 5830 3516 5900 cogitationum
3562 5845 3687 5894 per-
