4032 6208
370 336 480 395 ’ΪΩῚ

1219 362 1560 426 CALLISTI
1606 369 1703 428 ET
1736 369 2028 430 IGNATH
2069 376 2756 446 XANTHOPULDRITH

3494 407 3617 467 7x8

374 452 566 506 '“c'am
618 455 820 526 ΐιιεπτη.
880 477 977 531 per
1036 482 1195 535 quam
1250 473 1541 531 affectuum
1609 479 1699 535 ille
1746 490 1931 537 motus

374 546 1003 580 ηρὶηιωειωρὲηιληηιιε.
1056 558 1178 580 -1"-..
1227 577 1243 580 _
1294 564 1306 575 -
1528 570 1557 580 .,
1626 572 1639 580 .

2011 485 2205 580 ηοπλίᾳ,
2266 488 2361 542 καὶ
2407 494 2473 580 τῇ
2541 492 2639 547 τοῦ
2698 495 2975 568 Σωτηρίου
3040 505 3460 580 περικεφαλαίᾳ,
3511 512 3609 564 δι)

369 546 558 637 primae
577 550 778 613 speciei
805 553 924 607 deci
948 555 1024 619 lit,
1051 558 1181 612 dum
1222 564 1397 617 anima
1423 570 1778 637 cogitationes
1829 591 1933 629 non

365 629 478 697 jam
521 635 820 707 habetque
838 659 955 699 eam
994 649 1062 702 ad
1092 652 1385 710 efficaciam
1421 629 1643 719 ducant.
1694 666 1930 722 Tertiam

366 727 813 828 tranquillitatem
863 735 988 793 dico
1017 755 1136 796 eam
1180 760 1302 816 quae
1341 748 1484 804 circa
1534 754 1759 812 allectus
1810 774 1933 828 per-

362 817 556 873 fectam
581 820 740 878 habet
765 826 1022 886 desiderii
1067 834 1501 897 immobilitatem
1532 885 1545 907 ,
1573 861 1638 901 ex
1696 817 1825 919 qua'
1845 866 1930 907 sc-

358 910 539 1004 eunda
579 914 839 983 gignitur,
909 921 1037 977 dum
1090 928 1483 998 cogitationum
1530 910 1751 1004 puritaii
1791 955 1926 997 con-

352 999 623 1071 jungitur.
665 1007 923 1073 Quartam
982 1020 1427 1088 tranquillitatem
1454 999 1579 1082 dico
1629 1045 1747 1085 eam
1801 1049 1923 1103 quae

354 1107 548 1149 omnes
576 1102 867 1158 sensibiles
911 1107 1180 1177 imagines
1205 1128 1269 1168 ex
1301 1116 1629 1187 cogitatione
1684 1102 1918 1193 repellit,

350 1198 416 1235 ex
441 1201 546 1253 qua
573 1192 815 1246 nascitur
846 1196 1028 1261 tertia,
1060 1200 1190 1255 dum
1248 1206 1395 1261 mille
1418 1220 1545 1264 sunt
1579 1192 1916 1273 sensibilium

351 1274 617 1345 imagines
647 1298 768 1351 quae
796 1286 991 1344 anima:
1027 1290 1318 1349 aﬂc-ctuum
1349 1298 1559 1367 objecta
1620 1320 1920 1374 repraesen-

348 1376 485 1467 tent.
517 1389 536 1422 ι
574 1370 691 1428 fluc
740 1377 878 1433 adde
909 1383 1055 1451 quod
1087 1389 1453 1457 tranquillitas
1517 1405 1600 1451 est
1656 1370 1913 1467 pacificus

345 1461 541 1517 animm
601 1476 799 1535 status,
860 1488 1081 1544 propter
1135 1495 1295 1549 quem
1344 1486 1409 1539 ad
1458 1461 1669 1543 malum
1705 1494 1912 1549 moveri

342 1556 539 1610 nescit.

342 1645 495 1697 θειαν
525 1643 695 1710 λέγω,
724 1642 823 1714 τὴν
852 1643 982 1713 περὶ
1014 1644 1080 1698 τὰ
1133 1643 1282 1715 πάθη
1316 1646 1531 1700 τελείαν
1564 1649 1664 1718 τῆς
1704 1650 1999 1723 ἐπιθυμίας
2036 1642 2201 1729 ἀκινῆ

2030 577 2249 633 πάντων
2283 580 2392 633 τῶν
2405 572 2612 638 ’καλῶν
2653 588 3133 662 καθοπλισάμενοι,
3174 597 3271 660 τάς
3316 604 3609 665 σκοτεινὰς

2027 666 2137 721 τῶν
2166 668 2434 739 δαιμόνων
2459 673 2800 746 διακόψωμεν
2826 680 3133 751 φάλαγγας.
3157 687 3232 739 Οὐ
3262 688 3372 759 γάρ
3399 692 3460 743 τὸ
3489 711 3605 762 μη-

2028 760 2145 813 κέτι
2176 764 2379 831 πρᾶξαι
2410 767 2476 820 τά
2502 770 2647 822 κακὰ
2673 771 2834 839 μόνον
2864 774 3211 848 καθαρότητα
3251 782 3425 853 φέρει,

2025 854 2121 904 καὶ
2150 852 2210 905 τὸ
2239 855 2525 927 ἐπιμελείᾳ
2565 860 2674 912 τῶν
2715 862 2915 927 καλῶν,
2960 871 3302 939 κατακράτος
3328 852 3601 944 ἀθετῆσαι

2022 940 2093 994 τὰ
2118 943 2283 999 κακά.
2331 963 2350 997 ι
2390 947 2501 1000 Καὶ
2528 951 2557 1002 6
2585 949 2739 1018 ἅγιος
2768 954 3018 1025 Μάξιμος
3048 960 3104 1013 δὲ
3132 965 3413 1034 τετραχῶς
3454 940 3597 1020 ταυ-

2020 1048 2121 1101 την
2148 1034 2365 1104 διαιρεῖ,
2391 1036 2533 1093 οὕτω
2553 1041 2775 1109 φάσκων
2794 1061 2808 1076 ο
2832 1063 2852 1097 ι
2880 1048 3110 1119 Πρώτην
3134 1052 3403 1109 ἀπάθειαν
3424 1058 3595 1126 λέγω,

2020 1123 2121 1195 τὴν
2150 1126 2288 1197 πρὸς
2318 1129 2591 1200 ἁμαρτίαν
2622 1134 2729 1193 ⁴’τοῦ
2764 1136 3015 1207 σώματος
3047 1145 3167 1196 κατ’
3192 1145 3471 1216 ἐνέργειαν
3497 1123 3598 1202 avo

2022 1216 2230 1309 έπαςρον
2272 1220 2503 1291 κίνησιν.
2529 1226 2798 1295 Δευτέραν
2826 1230 3092 1286 ἀπάθειαν
3120 1234 3283 1304 λέγω,
3317 1239 3413 1309 τὴν
3443 1242 3595 1293 κατὰ

2018 1304 2195 1399 ιιίυχὴν
2224 1310 2333 1363 τῶν
2357 1314 2616 1382 ἐμπαθῶν
2643 1316 2920 1388 λογισμῶν
2952 1323 3164 1376 τελείαν
3193 1304 3489 1399 ἀποϐολὴν,
3518 1331 3594 1383 δι’

2017 1391 2085 1467 ἧς
2120 1400 2153 1467 ἡ
2191 1400 2300 1453 τῶν
2343 1404 2532 1458 παθῶν
2579 1409 3014 1480 ἀπομαραίνεται
3061 1416 3203 1469 κατὰ
3229 1417 3326 1487 τὴν
3358 1391 3593 1489 πρώτην

1984 1534 1989 1535 ν
2016 1488 2285 1545 ἀπάθειαν
2313 1494 2542 1563 κίνησις,
2570 1496 2898 1566 ἐξάπτοντας
2933 1505 3103 1574 αὐτὴν
3135 1506 3272 1576 πρὸς
3300 1488 3591 1579 ἐνέργειαν

2014 1579 2114 1668 οθκ
2146 1580 2341 1650 ἔχουσα
2386 1588 2510 1668 τοὺς
2540 1590 2805 1657 ἐμπαθεῖς
2831 1593 3145 1663 λογισμούς.
3190 1598 3394 1668 Τρίτην
3425 1602 3580 1654 ἀπά-

2212 1677 2353 1762 σιαν,
2389 1665 2458 1718 δι’
2488 1669 2553 1739 ἢν
2585 1674 2678 1727 καὶ
2730 1678 2764 1747 ἡ
2790 1678 3019 1751 δευτέρα
3053 1665 3299 1745 γίνεσθαι
3331 1696 3582 1762 πέφυκε,

346 1740 409 1807 τῇ
433 1738 540 1790 τῶν
577 1736 855 1806 λογισμῶν
901 1738 1237 1807 καθαρότητι
1287 1744 1680 1815 συνισταμένη.
1736 1748 2018 1820 Τετάρτην
2075 1755 2346 1813 ἀπάθειαν
2393 1736 2561 1832 λέγω,
2620 1767 2720 1840 τὴν
2750 1736 2900 1828 κατά

342 1834 617 1949 uicena}:
644 1837 956 1949 φαντασιῶν
989 1837 1200 1947 τελείαν
1246 1839 1534 1949 ἀπόθειῗν,
1571 1842 1694 1949 καθ’
1835 1846 1868 1915 ἡ
1894 1849 2051 1920 τρίτη
2085 1853 2184 1919 τὴν
2212 1855 2428 1921 γένεσιν
2459 1834 2706 1931 εἴληφεν,
2749 1867 2850 1921 οὐκ
2876 1869 3108 1939 ἔχουσαν
3136 1834 3579 1949 τάς-ιρῂανῗτασίας

340 1927 788 2041 τῶνβίσθηιτῶν,
830 1930 1203 2041 είδοποιούσας
1224 1934 1370 2041 ἀὐτῇ
1404 1933 1521 2041 τῶη
1538 1933 1724 2041 παθῶν
1748 1938 1849 2001 τὰς
1886 1941 2118 2007 εἰκόνας.
2160 1964 2180 1998 ι
2221 1948 2343 2003 Ἔτι
2365 1965 2381 1983 ο
2415 1968 2435 2004 ι
2465 1927 2733 2015 ’Δπιίθειά
2763 1927 3570 2041 ιστιξιιρηνωέῆ’κξξεᾷξξξςῖξ

340 2020 547 2094 ψυχῆς,
576 2020 700 2077 καθ’
730 2020 798 2090 ἣν
826 2020 1147 2086 δυσκίνητος
1180 2023 1393 2089 γίνεται
1424 2024 1563 2095 πρὸς
1588 2027 1805 2083 κακίαν.
1836 2047 1856 2083 ι

655 2188 786 2239 Item
821 2187 885 2241 de
929 2191 1152 2255 apathia'
1198 2201 1248 2249 et
1309 2192 1644 2261 perfectione.

416 2308 508 2365 8’7.
561 2311 726 2383 Igitur
765 2326 986 2372 sanctus
1043 2318 1276 2388 Ephrem
1331 2320 1399 2375 de
1436 2324 1655 2390 apathia
1684 2336 1739 2381 et
1796 2341 1917 2396 per-

348 2400 583 2459 fectione
614 2405 685 2460 ita
717 2406 940 2463 disserit
978 2427 992 2463 :
1034 2429 1053 2463 ι
1093 2410 1194 2477 Qui
1223 2412 1508 2471 affectibus
1567 2419 1750 2473 mundi
1791 2430 1918 2477 sunt

345 2502 399 2549 ct
450 2495 520 2551 ad
578 2511 852 2553 summum
918 2502 1118 2558 bonum
1181 2507 1438 2563 ardenter
1491 2508 1738 2573 lcndunl.
1791 2511 1916 2565 inli—

347 2583 515 2637 nitam
548 2601 702 2642 suam
724 2588 1107 2658 perfectionem
1126 2595 1355 2663 faciunt,
1382 2613 1449 2653 eo
1475 2600 1619 2668 quod
1646 2604 1914 2656 bonorum

345 2685 666 2734 «ternorum
700 2697 807 2738 non
839 2696 919 2741 est
950 2685 1091 2744 finis.
1118 2686 1295 2745 Finita
1330 2692 1544 2760 quidem
1582 2703 1688 2761 est,
1729 2709 1916 2767 respe-

344 2780 429 2823 ctu
454 2770 520 2825 ad
548 2773 797 2829 humanae
828 2781 1082 2848 potentiae
1106 2797 1416 2839 mensuram
1443 2801 1458 2850 ;
1488 2787 1701 2844 infinita
1761 2806 1914 2856 vero,

349 2873 533 2933 utpote
596 2866 834 2936 seipsam
896 2873 1302 2940 transgrediens
1353 2877 1684 2944 quotidianis
1736 2876 1915 2936 incre-

344 2956 564 3021 mentis,
623 2960 974 3031 seipsamque
1020 2975 1285 3033 perpetuo
1324 2968 1581 3025 attollens
1640 2971 1706 3025 ad
1743 2970 1913 3027 Deum

343 3050 701 3106 ascendendo.
723 3054 985 3111 Similiter
1006 3067 1060 3111 et
1079 3067 1306 3116 sanctus
1328 3058 1480 3116 Nilus
1495 3061 1560 3117 de
1584 3063 1915 3133 perfectione

2211 2217 2499 2287 Ἔτι,περί
2528 2220 2819 2290 ἀπαθείας
2847 2223 2945 2278 καὶ
2973 2224 3358 2293 τελειότητος-

2091 2357 2202 2422 πζ’.
2238 2360 2347 2413 Καὶ
2376 2360 2506 2429 γοῦν
2531 2363 2626 2417 καὶ
2647 2364 2677 2417 6
2702 2363 2857 2432 ἅγιος
2894 2365 3156 2435 Ἐφραὶμ,
3191 2366 3321 2437 περί
3349 2382 3409 2418 τε
3443 2367 3599 2420 ἀπα-

2019 2449 2168 2513 θείας
2218 2452 2313 2506 καὶ
2338 2455 2691 2526 τελειότητος,
2735 2456 2878 2510 οὕτω
2909 2456 3250 2526 διαγορεύεν
3286 2474 3307 2508 ε
3350 2457 3413 2509 Ui
3446 2457 3599 2509 ἀπα-

2019 2541 2131 2611 θεῖς
2163 2547 2300 2617 πρὸς
2326 2546 2388 2599 τὸ
2433 2546 2604 2616 ἀκρον
2645 2547 2835 2616 ἐφετὸν
2862 2548 3175 2618 ἀκορέστως
3207 2548 3599 2618 ὑπερεκτεινό-

2017 2656 2190 2709 μενοι,
2228 2638 2516 2693 ἀτέλεστον
2543 2638 2757 2691 ποιοῦσι
2802 2639 2903 2708 τὴν
2932 2639 3250 2709 τελειότητα
3272 2656 3288 2672 ·
3316 2640 3450 2691 διότι
3479 2640 3600 2691 τῶν

2016 2730 2248 2784 αίωνίων
2278 2728 2501 2797 ἀγαθῶν
2537 2729 2691 2792 τέλος
2730 2730 2831 2783 οὐκ
2860 2729 3029 2785 ἔστιν.
3075 2731 3219 2792 Ἔτι,
3251 2729 3427 2783 τελεία
3465 2730 3596 2799 μὲν,

2012 2820 2136 2873 ὅσον
2184 2819 2321 2888 πρὸς
2368 2818 2429 2872 τὸ
2483 2818 2682 2889 μέτρον
2733 2820 2832 2887 τῆς
2884 2820 3231 2889 ἀνθρωπίνης
3280 2820 3594 2889 δυνάμεως.

2028 2909 2337 2971 Ἀτέλεστος
2358 2908 2436 2970 δὲ,
2460 2908 2534 2971 ὡς
2555 2907 2643 2960 ἀεὶ
2674 2908 3075 2977 ὑπερϐαίνουσα
3106 2910 3305 2978 ἑαυτὴν
3323 2911 3440 2972 ταῖς
3464 2909 3577 2961 καθ

2014 3002 2225 3073 ἡμέραν
2244 3000 2608 3071 προσθήκαις,
2622 3000 2717 3053 καὶ⁸
2736 3000 3017 3071 ὑψουμένη
3039 3000 3299 3071 διηνεκῶς
3313 3002 3431 3062 ταῖς
3454 3000 3598 3070 πρὸς

2012 3095 2145 3147 Θεὸν
2175 3092 2523 3147 ἀναϐάσεσιν.
2560 3110 2580 3143 ι
2635 3090 2866 3161 Ὁμοίως
2894 3091 2952 3145 δὲ
2997 3091 3090 3144 καὶ
3134 3092 3163 3143 6
3207 3090 3360 3159 ἆγιος
3393 3091 3595 3153 Νεῖλος

342 3141 414 3195 ita
447 3141 688 3210 loquitur
719 3144 898 3201 «Duas
949 3146 1315 3225 perfectiones
1368 3167 1495 3208 esse
1559 3153 1908 3224 cogitandum

2319 3141 2675 3252 "avehe—tdrq‘rd;
2701 3141 2875 3252 ἒρησιό
2914 3201 2933 3234 ε
2956 3181 3077 3235 Δύω
3104 3141 3446 3250 τελειότητας
3468 3199 3595 3250 νοη-

340 3241 419 3286 est
461 3249 475 3286 :
535 3249 698 3290 unam
746 3236 965 3307 quidem
1018 3241 1388 3310 temporalem,
1445 3244 1670 3301 alteram
1727 3256 1907 3303 autem

340 3331 596 3378 aeternam
628 3340 643 3389 ;
678 3324 746 3379 de
766 3339 869 3394 qua
902 3328 1095 3382 scribit
1121 3332 1414 3399 Apostolus
1438 3335 1700 3400 «Quando
1728 3347 1907 3395 autem

341 3416 544 3470 venerit
573 3417 718 3485 quod
738 3416 1033 3486 perfectum
1073 3430 1175 3484 est,
1229 3431 1359 3478 tunc
1384 3428 1742 3483 evacuabitur
1764 3432 1907 3499 quod

341 3513 496 3560 estex
522 3514 675 3574 parte
697 3505 763 3561 ⁸³.
780 3524 800 3559 ι
822 3507 954 3563 Illud
973 3509 1142 3576 enim,
1171 3513 1389 3580 quando
1400 3516 1606 3570 venerit
1621 3517 1765 3584 quod
1786 3534 1912 3588 per-

340 3594 538 3653 fectum
566 3606 671 3663 est,
711 3598 981 3670 signiﬁcat
1008 3618 1107 3657 nos
1126 3603 1211 3659 hic
1235 3605 1460 3674 nequire
1516 3605 1755 3662 divinam
1787 3625 1909 3679 per-

341 3683 623 3741 fectionem
659 3688 905 3758 assequi.
938 3707 957 3740 ›
995 3688 1062 3744 Et
1086 3693 1286 3756 adhuc,
1317 3693 1493 3749 «Duas
1548 3699 1910 3764 perfectiones

341 3774 553 3830 divinus
585 3774 788 3832 Paulus
822 3778 1020 3842 noscit,
1071 3782 1397 3835 eteumdem
1448 3782 1551 3836 scit
1607 3783 1906 3852 perfectum

340 3873 390 3920 et
406 3881 517 3921 non
543 3864 841 3933 perfectum
865 3868 1163 3935 hominem,
1195 3872 1375 3941 quoad
1395 3884 1713 3941 praesentem
1743 3876 1907 3930 vitam

342 3960 612 4031 perfectus
634 3961 802 4014 homo
839 3975 961 4016 esse
982 3961 1185 4017 dicitur
1219 3981 1233 4017 :
1260 3972 1507 4032 respectu
1537 3973 1717 4020 autem
1753 3969 1821 4021 ad
1846 3968 1910 4021 il-

342 4064 446 4108 lum
469 4049 564 4120 qui
585 4064 709 4105 vere
736 4049 1003 4120 perfectus
1017 4060 1120 4115 est,
1144 4051 1685 4121 diciturimperfectu
1704 4070 1751 4109 s.
1780 4052 1910 4111 ldeo

339 4143 533 4213 inquit,
564 4140 712 4197 «Non
743 4143 888 4213 quod
917 4144 1123 4214 accepi,
1158 4144 1279 4200 ideo
1313 4144 1590 4215 perfectus
1618 4162 1741 4203 sum
1774 4150 1842 4204 “.
1882 4170 1902 4204 ι

338 4238 402 4295 Et
429 4241 592 4311 paulo
610 4249 752 4308 post:
782 4259 801 4293 ι
833 4238 1170 4314 Quicumque
1192 4242 1415 4312 perfecti
1439 4258 1654 4310 sumus,
1674 4243 1906 4317 idipsum

336 4334 644 4387 sentiamus
664 4332 732 4385 ⁸⁸.
746 4352 765 4384 ι

407 4444 484 4500 De
513 4446 730 4514 aﬂ'ectu,
761 4447 827 4502 de
850 4448 1041 4517 a/feelu
1058 4447 1223 4511 dulci,
1251 4449 1314 4502 de
1339 4449 1534 4518 affectu
1591 4452 1905 4517 vehementr,

759 4528 809 4571 et
837 4518 901 4571 de
926 4518 1150 4587 aﬁ'ectus
1189 4521 1449 4573 carentia.

404 4606 494 4662 88.
535 4606 673 4661 Dicit
701 4617 881 4663 autem
910 4618 1135 4665 sanctus
1177 4609 1325 4665 Elias
1348 4609 1511 4679 judex
1543 4632 1558 4667 :
1592 4613 1759 4669 «Mala
1789 4630 1909 4670 ma-

338 4698 494 4763 teria,
532 4700 779 4769 corporis
817 4701 1058 4770 quidem,
1089 4703 1318 4759 allectus
1351 4711 1458 4771 est,
1493 4706 1692 4761 animat
1752 4722 1906 4773 vero,

334 4791 564 4847 affectus
606 4791 785 4847 dulcis
813 4832 830 4858 ,
852 4794 1049 4849 mentis
1091 4807 1294 4862 autem,
1326 4794 1556 4852 aﬂectus
1593 4798 1905 4854 vehemens.

334 4882 668 4939 Prmdicatur
696 4899 863 4954 porro
890 4886 959 4940 de
999 4886 1195 4955 prima,
1221 4897 1398 4944 tactus
1421 4928 1436 4954 ,
1466 4889 1533 4943 de
1552 4889 1814 4954 secunda,
1848 4906 1908 4945 re

335 4975 465 5044 liqui
491 4990 708 5031 sensus.
738 4975 810 5029 De
830 4977 988 5031 tertia
1011 4988 1215 5043 autem,
1240 4980 1514 5035 contraria
1547 4980 1896 5049 dispositio.»

336 5067 401 5121 Et
438 5067 616 5122 adhuc
642 5103 660 5121 .
715 5086 734 5120 ι
764 5068 866 5135 Qui
901 5068 1091 5125 dulces
1116 5070 1342 5127 affectus
1401 5075 1591 5137 sentit,
1620 5074 1903 5144 proximus

332 5169 415 5213 est
439 5160 487 5213 ei
513 5160 605 5229 qui
635 5173 867 5230 corpore
893 5160 1160 5229 afﬁcitur;
1193 5163 1283 5230 qui
1308 5163 1679 5228 vehementes,
1713 5166 1901 5235 proxi-

335 5266 457 5307 mus
483 5253 531 5306 ei
565 5252 659 5321 qui
690 5253 877 5309 dulces
904 5253 1133 5320 habeat;
1166 5256 1322 5328 longe
1352 5265 1530 5312 autem
1573 5259 1642 5313 ab
1674 5268 1905 5329 utroque

334 5354 436 5407 est,
465 5346 557 5413 qui
596 5346 774 5401 nullos
826 5349 1128 5419 experitur.

336 5437 472 5503 Quid
504 5448 579 5492 est
624 5454 953 5509 corporeum,
995 5440 1226 5505 dulcem,
1268 5441 1641 5506 uehementem,
1692 5444 1900 5499 nullum

436 5510 685 5578 affectum
717 5511 970 5579 experiri.
990 5523 1039 5565 et
1065 5512 1127 5565 de
1151 5512 1475 5583 singulorum
1502 5516 1793 5571 curatione.

400 5600 491 5655 89.
531 5599 809 5672 Corporeo
856 5601 1053 5659 aﬂectu
1087 5612 1190 5668 est,
1220 5602 1313 5673 qui
1347 5605 1608 5673 peccandi
1640 5607 1746 5661 vim
1780 5605 1895 5661 vio-

404 5782 447 5813 ⁸³
473 5779 492 5834 1
518 5779 643 5836 f‘or.
687 5798 806 5851 xui,
842 5785 927 5841 l0.

2011 3277 2159 3330 τέον’
2210 3276 2337 3345 μίαν
2370 3274 2469 3342 μὲν
2500 3273 2852 3344 πρόσκαιρον.
2905 3274 3034 3343 μίαν
3068 3274 3126 3327 δὲ
3175 3273 3420 3327 αίὼνιον’
3458 3276 3595 3344 περὶ

2011 3361 2079 3437 ἧς
2108 3365 2307 3436 γράφει
2337 3367 2366 3419 ὁ
2397 3364 2718 3426 Ἀπόστολος
2739 3380 2753 3396 ⁸
2791 3382 2811 3415 t
2841 3364 3012 3417 Ὅταν
3035 3365 3091 3418 δὲ
3120 3364 3250 3438 ἔλθῃ
3278 3364 3338 3418 τὸ
3362 3365 3591 3429 τέλειον,

2009 3457 2130 3509 τότε
2159 3455 2219 3508 τὸ
2264 3458 2327 3507 ἐκ
2364 3455 2563 3525 μέρους
2594 3453 3091 3526 καταργηθήσεται.
3130 3473 3150 3505 ι
3179 3454 3278 3509 ,Τδ
3305 3454 3436 3524 γὰρ,
3457 3456 3595 3508 ὅταν

1978 3584 1983 3587 λ
2012 3546 2143 3620 ἔλθῃ
2170 3546 2230 3599 τὸ
2263 3547 2490 3610 τέλειον,
2529 3546 2806 3616 σημαίνει,
2833 3547 2915 3599 ὅτι
2943 3544 3176 3598 ἐνταῦθα
3210 3545 3270 3599 οὐ
3302 3544 3586 3614 δυνάμεθα

2010 3640 2257 3708 χωρῆσαι
2300 3636 2399 3709 τὴν
2438 3635 2589 3689 θείαν
2631 3635 2965 3707 τελειότητα.
3009 3655 3029 3688 ›
3067 3637 3218 3689 Ἔτιο
3272 3658 3290 3689 ε
3332 3637 3454 3689 Δύω
3496 3654 3591 3689 τε-

2011 3729 2289 3798 λειότητας
2321 3728 2531 3791 Παῦλος
2570 3730 2598 3782 6
2641 3728 2929 3793 θεσπέσιος
2977 3729 3296 3782 ἐπίσταται’
3342 3731 3439 3781 καὶ⁵
3474 3725 3589 3782 οἶδε

2008 3820 2101 3873 τὸν
2162 3819 2324 3872 αὑτὸν
2373 3818 2576 3872 τέλειον
2602 3859 2617 3884 ,
2668 3819 2759 3872 καὶ
2788 3819 2850 3872 οὐ
2896 3818 3100 3872 τέλειον
3146 3817 3432 3888 ἄνθρωπον
3458 3833 3477 3851 ο
3506 3819 3589 3881 ὡς

2012 3912 2112 3981 μὲν
2142 3912 2277 3980 πρὸς
2323 3910 2416 3963 τὸν
2453 3909 2699 3979 παρόντα
2746 3909 2881 3980 βίον,
2928 3910 3131 3963 τέλειον
3162 3910 3456 3978 λεγόμενον
3488 3910 3589 3963 ἄν·

2016 3999 2232 4069 θρωπον
2258 4015 2272 4028 ⁸
2297 3999 2372 4062 ὡς
2404 3999 2461 4052 δέ
2488 3998 2622 4067 πρὸς
2645 3997 2739 4051 τὸν
2762 3997 2979 4067 ἀληθῶς
3007 3999 3230 4062 τέλειον,
3264 4000 3323 4052 οὐ
3356 3999 3585 4061 τέλειον.

2008 4089 2098 4142 Διό
2124 4105 2306 4157 φησιν,
2335 4089 2448 4158 υὺχ
2489 4089 2572 4141 ὃτι
2613 4087 2804 4141 ἔλαϐον
2829 4087 2930 4161 ἤδη
2977 4089 3357 4158 τετελείωμαι.
3395 4106 3414 4140 ι
3472 4090 3586 4142 Καὶ

2011 4181 2129 4251 μετ’
2152 4180 2308 4249 ὀλίγα
2340 4179 2516 4249 λέγει·
2557 4197 2577 4232 ι
2606 4181 2758 4234 Ὅσοι
2786 4179 2880 4234 οὖν
2916 4179 3132 4248 τέλειοι,
3163 4180 3324 4235 τοῦτο
3354 4182 3588 4253 ,φρονῶ-ι

2012 4288 2131 4341 μεν.
2175 4291 2194 4325 ι

1937 4505 1983 4562 D
2013 4475 2151 4542 Περὶ
2196 4475 2538 4545 ἐμπαθείας,
2578 4476 2970 4562 ἠδρδταθείας,
3013 4486 3444 4555 προσπαθείας,
3481 4489 3586 4543 καὶ

2638 4547 2950 4616 ἀπαθείας.

2081 4661 2193 4725 πη’.
2252 4655 2416 4725 Λέγει
2473 4656 2530 4711 δέ
2579 4658 2677 4712 καὶ
2727 4662 2756 4713 6
2806 4660 2963 4730 ἅγιος
3020 4663 3207 4730 Ἠλίας
3255 4668 3284 4721 6
3334 4667 3584 4732 ἔκδικος·

2017 4765 2035 4799 ι
2077 4746 2213 4818 "nn
2245 4750 2479 4818 πονηρὰ,
2522 4750 2772 4821 σώματος
2811 4754 2929 4821 μὲν,
2960 4756 3237 4826 ἐμπάθεια
3258 4776 3271 4791 ο
3298 4758 3477 4830 ψυχῆς
3500 4760 3584 4826 δὲ,

2009 4836 2344 4906 ἡδυπάθεια’
2393 4841 2735 4909 προσπάθεια
2770 4841 2849 4906 δέ,
2877 4842 2972 4896 τοῦ
3010 4845 3150 4909 νοός.
3186 4847 3587 4918 Κατηγορεῖται

2007 4927 2085 4991 δέ,
2114 4928 2215 4998 τῆς
2244 4930 2364 4999 μὲν,
2407 4930 2518 5001 ἁφή
2542 4946 2557 4962 ·
2602 4932 2701 5000 τῆς
2720 4932 2799 4997 δὲ,
2829 4936 2885 4986 αἱ
2916 4932 3101 4988 λοιπαὶ
3127 4937 3430 5009 αἰσθήσεις.
3470 4940 3583 5009 Τῆς

2007 5018 2062 5071 δὲ
2082 5018 2419 5083 τελευταίας,
2454 5021 2678 5075 ἐναντία
2710 5022 3134 5087 διάθεσιςηἜτι
3154 5042 3169 5056 ο
3199 5044 3219 5078 ι
3257 5026 3317 5081 '0
3337 5029 3439 5099 μὲν
3456 5029 3582 5099 ήδυο

2009 5107 2187 5177 παθὴς
2215 5108 2442 5176 πλησίον
2476 5109 2593 5164 ἐστὶ
2626 5110 2721 5164 τοῦ
2746 5113 3028 5182 ἐμπαθοῦς
3048 5130 3062 5145 ο
3087 5116 3116 5167 6
3145 5115 3201 5169 δέ
3228 5118 3575 5188 προσπαθὴς,

2008 5199 2099 5253 τοῦ
2137 5200 2472 5270 ήδυπαθοῦς·
2509 5201 2812 5274 μακρὰν.δέ
2838 5204 3183 5278 ἀμφοτέρων,
3215 5206 3244 5258 6
3273 5209 3512 5275 ἀπαθής.
3544 5228 3563 5261 ι

2010 5432 2070 5486 Τί
2120 5430 2290 5484 ἐστιν
2331 5424 2626 5497 ἐμπαθὴς,
2668 5422 3019 5497 ἡδυπαθὴς,
3066 5408 3444 5497 προσπαθὴς,
3475 5419 3575 5470 καὶ

2128 5490 2402 5567 ἀπαθής’⁶
2442 5490 2703 5562 καὶπερὶ
2734 5492 3053 5560 θεραπείας
3080 5490 3447 5559 ἀμφοτέρων.

2077 5612 2184 5667 πθ’.
2232 5628 2252 5663 ι
2309 5606 2592 5680 Ἐμπαθής
2638 5608 2786 5661 ἐστιν
2825 5607 2854 5661 6
2900 5605 2959 5659 τὸ
3008 5603 3387 5675 ἁμαρτητικὸν
3437 5600 3573 5668 ἔχων

1037 5787 1080 5819 σι
1108 5784 1345 5858 Philipp.
1377 5800 1459 5855 ιιι,
1489 5784 1575 5840 l2.
1654 5786 1699 5819 σι
1729 5785 1864 5843 ibid.
1912 5788 1997 5843 15.
