4088 6208
491 291 594 352 78"

1698 292 2083 356 OPUSCULA
2127 301 2504 367 ASCETICA.

3627 307 3730 368 7'30

492 429 586 484 τοῦ
636 424 895 495 λογισμοῦ
955 422 1274 494 βιαιότερον,
1327 421 1426 474 κᾶν
1474 418 1610 482 τέως
1653 418 1727 490 μὴ
1773 419 2062 487 ἁμαρτάνῃ

2160 418 2436 472 lentiorem
2459 421 2624 476 sentit
2653 435 2812 490 quam
2839 421 3239 491 cogitationem.
3299 421 3468 476 Dulce
3499 420 3729 474 adicitur

488 521 668 583 ἐκτός.
726 515 1037 595 Ἦόυπαθῂς
1087 514 1166 577 δὲ,
1205 514 1233 565 ό
1275 512 1372 580 τὴν
1419 510 1698 578 ἐνέργειαν
1742 508 1840 575 τῆς
1883 508 2061 575 ἀμαρ-

488 609 606 673 τίας
653 608 790 677 ἔχων
843 602 1241 673 ἀσθενεστέραν
1279 598 1371 652 τοῦ
1414 595 1698 666 λογισμοῦ,
1749 596 1852 649 κᾶν
1881 596 2064 666 πάσχῃ

489 699 641 762 ἐκτός
671 697 763 768 [ἐν
790 694 931 749 ἄλλ.
966 691 1160 762 ὲντός1.
1195 690 1526 762 Προσπαθὴς
1564 688 1642 753 δὲ,
1679 689 1706 740 ὁ
1744 689 1810 756 τῇ
1843 684 2060 737 ἐλευθε-

491 792 583 863 ρίᾳ
617 790 839 860 μᾶλλον,
885 786 917 855 ἢ
960 788 1027 856 τῇ
1054 784 1270 855 δουλείᾳ
1295 783 1402 835 τῶν
1438 783 1616 851 μέσων
1647 779 2063 849 προσκείμενος.

501 880 744 950 Ἀπαθὴς
786 879 828 931 δ’
857 876 922 931 ἂν
968 876 1076 946 είη,
1105 877 1132 928 δ
1162 874 1366 928 τούτων
1409 873 1624 925 πάντων
1677 871 1774 939 τὴν
1803 868 2067 936 διαφοράν

490 972 718 1040 ἀγνοῶν.
767 969 1040 1031 Ὡσαύτως
1091 967 1274 1037 μέντοι
1319 965 1413 1019 καὶ
1441 965 1569 1035 περὶ
1597 962 1697 1031 τῆς
1739 959 2067 1031 ἀμφοτέρων

491 1063 808 1132 θεραπείας,
859 1059 982 1114 τάδε
1025 1059 1312 1126 διασαφεῖ·
1363 1053 1661 1110 ἀπόλλυται
1730 1051 1794 1102 ὲκ
1865 1047 2065 1117 ψυχῆς,

491 1152 764 1224 ἐμπάθεια
806 1152 922 1221 μὲν,
953 1151 1040 1203 διά
1089 1147 1339 1218 νηστείας
1368 1146 1459 1198 καὶ
1491 1143 1798 1213 προσευχῆς
1819 1156 1833 1171 ·
1861 1139 2066 1210 ήδυπάο

492 1245 613 1297 θεια
645 1243 723 1306 δὲ,
756 1243 822 1295 δι’
855 1239 1183 1312 ἀγρυπνίας,
1235 1239 1328 1290 καὶ
1382 1236 1591 1304 σιωπῆς
1616 1251 1629 1264 ·
1662 1234 1695 1298 ἡ
1726 1233 1781 1286 δὲ
1816 1231 2066 1302 προσπά-

492 1337 632 1399 θεια,
662 1336 750 1389 διὰ
799 1334 1046 1405 ἡσυχίας,
1094 1334 1188 1386 καὶ
1229 1330 1522 1402 προσοχῆς·
1576 1326 1814 1382 ἀπάθεια
1849 1324 1906 1376 δὲ
1938 1340 2061 1375 συνο

494 1425 725 1484 ίσταται,
757 1426 820 1476 ἐκ
852 1424 1069 1493 μνήμης
1098 1417 1256 1472 Θεοῦ.
1293 1437 1312 1469 ι

699 1515 835 1582 Περὶ
863 1514 1140 1575 πίστεως,
1171 1507 1441 1571 ἐλπίδος,
1475 1504 1574 1559 καί
1603 1501 1860 1574 ἀγάπης.

561 1628 630 1696 ις.
675 1626 814 1680 Ἀλλ’
862 1626 985 1678 ἐπεὶ
1017 1625 1235 1677 πάντων
1281 1619 1500 1689 ἀγαθῶν
1553 1617 1720 1688 ἀρχὴ,
1769 1613 1862 1668 καὶ
1898 1613 2060 1682 μεσό-

493 1737 613 1789 της,
664 1717 757 1770 καὶ
811 1715 984 1778 τέλος.
1029 1713 1078 1765 εί
1113 1711 1317 1781 βούλοιο
1356 1710 1412 1762 δὲ
1439 1709 1642 1761 εἰπεῖν·
1679 1706 1774 1758 καὶ
1806 1703 2058 1775 χορηγὸς,

2169 511 2258 576 qui
2292 511 2498 580 peccati
2531 511 2828 566 elﬁcaciam
2870 512 3202 583 cogitatione
3243 511 3608 566 inﬁrmiorem
3633 513 3732 566 ha-

2156 603 2266 669 bet,
2296 605 2399 658 etsi
2435 613 2584 657 extra
2619 604 2892 673 patiatur;
2931 605 3278 659 vehementer
3321 613 3523 668 autem,
3555 604 3644 671 qui
3667 604 3732 657 li-

2154 692 2343 745 bertati
2373 693 2542 762 magis
2555 708 2716 761 quam
2735 693 2980 748 servituti
2999 692 3443 746 intermediorum
3466 692 3727 761 subjaret.

2154 783 2368 837 Nullum
2393 793 2572 836 autem
2609 782 2857 836 affectum
2896 783 3195 851 experitur,
3226 783 3317 851 qui
3349 784 3592 835 omnium
3630 784 3730 836 ho-

2159 889 2282 928 rum
2314 873 2676 928 diﬂ'ereutiam
2707 874 2940 943 ignorat.
2981 872 3246 927 Similiter
3268 888 3430 939 porro
3446 875 3511 928 de
3535 888 3722 926 eorum

2154 967 2438 1022 curatione
2480 967 2594 1020 hzec
2628 965 2873 1034 exponit.
2914 967 3018 1019 «Ex
3048 968 3226 1019 anima
3249 966 3491 1036 rejicitur
3533 980 3730 1034 corpo-

2155 1073 2278 1112 reus
2304 1057 2526 1112 aﬂ‘ectus
2555 1057 2927 1126 perjejunium
2953 1057 3357 1120 ctorationem;
3391 1056 3567 1111 dulcis
3597 1055 3730 1109 alie-

2154 1158 2406 1218 ctus,per
2435 1149 2672 1220 vigiliam
2705 1159 2758 1202 et
2789 1149 3064 1204 silentiqu
3096 1166 3110 1213 ;
3141 1147 3429 1201 vehemens
3463 1162 3555 1214 per
3584 1159 3732 1200 tran-

2154 1239 2471 1309 quillitatem
2505 1250 2559 1294 et
2580 1240 2960 1305 attentionem;
2995 1239 3259 1293 formatur
3282 1254 3407 1292 vero
3435 1239 3726 1293 all‘ectuum

2155 1333 2392 1386 carentia
2419 1347 2485 1386 ex
2522 1332 2612 1387 Dei
2643 1333 2907 1387 memoria

2510 1506 2582 1561 De
2635 1507 2874 1576 ﬁde,spe
2894 1517 2942 1561 et
2997 1507 3276 1560 charitate.

2222 1596 2313 1653 90.
2353 1598 2456 1654 Sed
2512 1600 2770 1669 quoniam
2800 1600 3044 1656 omnium
3105 1599 3371 1652 bonorum
3404 1597 3730 1668 principium

2148 1700 2202 1745 et
2251 1691 2490 1745 medium
2549 1700 2602 1746 et
2650 1691 2805 1756 linis;
2840 1691 2883 1746 si
2915 1701 3094 1746 autem
3129 1691 3181 1744 id
3213 1692 3344 1745 velis
3370 1693 3568 1756 dicere,
3622 1693 3731 1744 dux

496 1767 905 1876 κάῖνπρύτανις,
943 1767 1160 1863 πίστις,
1206 1798 1380 1860 ἐλπὶς,
1415 1797 1633 1864 ἀγάπη·
1671 1793 1732 1846 τὸ
1770 1767 2061 1862 τρίπλίοκον

2160 1791 2203 1836 at
2238 1782 2485 1851 princeps
2525 1793 2607 1837 est
2639 1823 2655 1848 ,
2695 1783 2846 1848 ﬁdes,
2878 1797 3024 1852 spes,
3069 1783 3349 1849 charitas;
3411 1783 3600 1851 triplex
3639 1781 3733 1835 illc

496 1898 776 1968 σπαρτίον,
834 1896 927 1948 καὶ
980 1892 1330 1958 θεοΰφαντον,
1378 1889 1474 1941 καὶ
1521 1886 1722 1957 μᾶλλον
1774 1885 1989 1937 πάντων
2029 1885 2060 1953 ή

493 1989 702 2054 ἀγάπη,
734 1989 814 2040 ὅτι
856 1988 884 2039 ὁ
932 1983 1065 2045 Θεὸς
1095 1982 1284 2050 ἀγάπη
1322 1980 1438 2033 ἐστί
1485 1995 1544 2032 τε
1588 1979 1680 2031 κα)⁸
1730 1977 1967 2043 λέγεται,
1997 1976 2059 2026 οὐ

490 2086 716 2146 δίκαιον,
753 2082 828 2154 μὴ
860 2081 955 2135 καὶ
991 2080 1079 2136 διὰ
1117 2079 1323 2134 τούτων
1366 2095 1428 2134 το
1461 2078 1554 2132 τοῦ
1605 2078 1870 2149 παρόντος
1926 2093 2058 2145 συγ-

491 2176 817 2248 γράμματος
871 2173 1114 2226 ἐλλεῖπον
1165 2169 1558 2241 ἀναπληρῶσαι
1639 2187 1659 2222 ε
1722 2167 1936 2222 Μᾶλλον
1983 2167 2060 2232 δὲ,

491 2269 791 2338 ἐπειδήπερ
840 2266 933 2318 καὶ
977 2265 1117 2316 κατά
1149 2262 1241 2315 τὸν
1293 2261 1448 2329 ἀγιον
1490 2260 1678 2315 Ἰσαὰκ
1725 2258 1823 2328 τὴν
1857 2255 2063 2309 τελειό-

492 2376 630 2430 τητα
665 2357 773 2412 τῶν
805 2356 1017 2410 πολλῶν
1067 2370 1295 2423 καρπων
1321 2351 1418 2404 τοῦ
1446 2349 1779 2420 πνεύματος,
1813 2347 1934 2401 τότε
1977 2362 2064 2409 τις

492 2454 722 2522 δέχεται,
750 2451 877 2504 ὅταν
907 2447 1110 2516 ἀξιωθῇ
1144 2447 1241 2516 τῆς
1263 2444 1475 2506 τελείας
1507 2441 1750 2511 ἀγάπης.
1794 2459 1813 2494 ι

563 2543 699 2612 Φέρε
729 2540 819 2594 καὶ
864 2541 991 2609 περὶ
1031 2538 1202 2606 αὐτῆς
1260 2535 1453 2606 μικρὸν
1487 2533 2065 2605 διαμνημονεύσωμεν.

495 2632 606 2690 Καὶ
637 2630 768 2701 γοῦν
793 2630 992 2700 γράφει
1019 2631 1046 2682 ὁ
1078 2632 1175 2698 τῆς
1211 2627 1490 2695 Κλίμακος
1521 2642 1535 2656 ·
1568 2644 1586 2678 ι
1627 2626 1762 2680 Νυνὶ
1793 2626 1849 2679 δὲ
1880 2626 2068 2680 λοιπὸν

499 2723 637 2796 μετά
675 2722 854 2776 πάντα
896 2721 964 2773 τὰ
1007 2719 1404 2790 προειρημένα,
1459 2717 1608 2787 μένει
1640 2718 1709 2770 τά
1736 2717 1864 2786 τρία
1895 2716 2069 2771 ταῦτα

495 2812 588 2866 τὸν
622 2810 915 2880 σύνδεσμον
944 2809 1158 2862 πάντων
1185 2808 1599 2876 ὲπισφίγγοντα,
1623 2806 1717 2859 καὶ
1743 2797 2067 2877 κρατοῦντα,

501 2905 701 2967 πίστις,
733 2902 906 2963 ἐλπὶς,
937 2899 1155 2968 ἀγάπη·
1195 2898 1398 2966 μείζων
1430 2898 1486 2951 δὲ
1525 2899 1748 2959 τούτων,
1782 2899 1815 2968 ή
1856 2898 2064 2968 ἀγάπη·

499 2997 526 3047 ὁ
555 2993 686 3056 Θεὸς
707 2993 814 3061 γάρ
835 2989 1179 3059 ὀνομάζεται.
1213 2988 1359 3058 Πλὴν
1386 2988 1582 3057 ἔγωγε,
1603 2989 1705 3058 τὴν
1729 2989 1848 3058 μὲν,
1876 2989 2072 3044 ἀκτῖνα

2146 1873 2293 1931 funis
2322 1884 2377 1929 et
2401 1890 2429 1927 a
2465 1874 2572 1930 Deo
2628 1876 2744 1945 ipso
2772 1885 3078 1941 contextus,
3107 1884 3161 1928 et
3206 1875 3408 1943 optima
3442 1891 3505 1929 ex
3553 1875 3616 1928 iis
3649 1883 3732 1927 cst

2147 1967 2548 2033 charitas,cum
2585 1969 2727 2023 Deus
2751 1971 2989 2024 charitas
3028 1971 3097 2024 sit
3131 1979 3185 2024 et
3231 1970 3464 2034 dicatur,
3499 1987 3604 2023 non
3629 1971 3722 2036 ju-

2146 2069 2286 2113 stum
2317 2069 2464 2114 esset
2494 2076 2598 2114 non
2627 2077 2719 2128 per
2751 2077 2843 2116 eas
2884 2062 3109 2115 virtutes
3135 2061 3280 2129 quod
3298 2061 3421 2116 huic
3448 2062 3598 2130 Operi
3636 2060 3730 2114 de-

2148 2148 2220 2204 sit
2247 2147 2560 2219 adimplere.
2591 2149 2701 2204 «Eo
2737 2152 3119 2220 magis,.quud,
3154 2151 3310 2220 juxta
3341 2161 3590 2206 sanctum
3623 2149 3731 2205 Isa-

2150 2255 2215 2294 ac
2247 2240 2545 2295 multorum
2566 2241 2808 2310 Spiritus
2833 2243 3004 2297 sancti
3031 2243 3306 2298 fructuum
3338 2243 3729 2312 perfectionem

2149 2333 2349 2402 aliquis
2419 2334 2635 2405 accipit,
2695 2350 2817 2390 cum
2877 2335 3110 2404 perfecta
3161 2336 3440 2391 charitate
3516 2336 3717 2404 dignus

2153 2426 2374 2480 habitus
2393 2435 2497 2481 est.

2220 2517 2402 2573 Pauca
2435 2518 2596 2587 igitur
2634 2519 2782 2575 etde
2826 2534 2888 2574 ea
2932 2535 3324 2576 memoremus.
3361 2519 3568 2574 Scribit
3617 2519 3731 2574 Cli-

2154 2625 2276 2663 max
2313 2626 2330 2664 :
2375 2628 2394 2661 ι
2424 2610 2580 2664 Nunc
2622 2622 2740 2681 post
2785 2613 2969 2667 omnia
3009 2629 3132 2682 qua:
3159 2614 3400 2668 diximus
3446 2621 3733 2666 remanent

2153 2701 2253 2756 tria
2281 2703 2393 2756 haec
2423 2702 2666 2757 omnium
2689 2703 2962 2758 vinculum
2999 2704 3428 2775 constringentia
3464 2713 3518 2757 et
3555 2703 3731 2757 domi-

2153 2795 2361 2862 nantia,
2397 2793 2530 2850 lides
2561 2811 2773 2865 nempe,
2805 2811 2928 2865 spes
2953 2805 3007 2849 et
3031 2795 3268 2851 charitas
3295 2813 3310 2862 ;
3351 2797 3524 2866 major
3547 2795 3730 2850 autem

2155 2885 2371 2948 horum,
2405 2886 2689 2950 charitas;
2730 2886 2975 2943 charitas
3021 2889 3169 2942 enim
3205 2887 3352 2943 Deus
3389 2889 3728 2942 nominatur.

2158 2974 2266 3047 Ego
2298 2988 2503 3043 tamen,
2543 2993 2710 3034 uuam
2752 2980 2994 3049 quidem,
3034 2987 3094 3033 ut
3127 2980 3338 3033 radium
3376 2979 3555 3044 video,
3587 2979 3725 3032 alte-

496 3083 626 3154 ὁρῶ,
654 3083 752 3151 τὴν
778 3082 854 3144 δὲ,
879 3081 1013 3149 φῶς,
1039 3078 1134 3149 τὴν
1157 3079 1237 3142 δὲ,
1261 3078 1476 3145 κύκλον,
1496 3081 1673 3134 πάντα
1701 3080 1778 3146 δὲ,
1813 3080 1870 3133 ἓν
1895 3080 2071 3135 ἀπαύ-

2160 3080 2301 3130 ram,
2339 3066 2543 3132 lumen,
2573 3069 2788 3124 tertiam
2812 3076 2994 3122 autem
3026 3067 3323 3131 circulum,
3358 3081 3550 3120 omnes
3580 3080 3730 3126 vero,

499 3191 707 3243 γασμα,
746 3173 840 3225 καὶ
878 3173 1007 3241 μίαν
1057 3171 1440 3241 λαμπρότητα.
1486 3171 1550 3224 Ἦ
1596 3172 1695 3242 μὲν
1737 3173 1846 3243 γάρ
1895 3174 2073 3228 πάντα

499 3263 719 3316 δύναται
763 3265 934 3316 ποιεῖν
971 3263 1064 3315 καὶ
1106 3263 1476 3332 δημιουργεῖν,
1522 3261 1622 3332 τὴν
1652 3262 1708 3315 δὲ
1742 3263 1891 3328 ἔλεος
1936 3264 2072 3318 Θεοῦ

501 3351 841 3420 περικυκλοῖ,
896 3351 991 3403 καὶ
1031 3348 1460 3416 ἀκαταίσχυντον
1509 3349 1675 3412 ποιεῖ,
1724 3350 1756 3418 ή
1800 3349 1854 3401 δὲ
1885 3349 1943 3402 οὐ
1985 3349 2074 3402 πί-

505 3459 647 3505 πτει,
677 3441 796 3494 οὐδὲ
849 3441 1038 3508 στήκει
1067 3438 1160 3491 τοῦ
1193 3437 1356 3500 θέειν,
1389 3437 1510 3491 οὐδὲ
1538 3439 1629 3490 τὸν
1656 3438 1931 3503 τρωθέντα
1961 3438 2073 3491 λοι⁴

502 3531 601 3585 πὺν
633 3531 858 3600 ἠρεμεῖν
884 3530 982 3598 τῆς
1015 3528 1290 3598 μακαρίας
1347 3526 1542 3594 μανίας
1569 3528 1652 3596 ἐᾷ.
1695 3545 1714 3578 ι
1745 3528 1864 3580 Ἔτι
1885 3543 1901 3559 ·
1945 3546 1962 3580 ι
2013 3526 2074 3581 '0

507 3623 633 3694 περὶ
667 3622 887 3690 ἀγάπης
916 3621 1094 3688 λόγος,
1126 3619 1380 3688 ἀγγέλοις
1430 3617 1729 3689 γνώριμος,
1779 3619 2071 3684 κάκείνοις,

503 3713 645 3766 κατά
689 3712 785 3783 τὴν
833 3711 1114 3780 ἐνέργειαν
1147 3711 1244 3780 τῆς
1296 3709 1632 3779 ἐλλάμψεως,
1666 3709 1854 3779 ἀγάπη
1888 3710 1916 3761 ὁ
1943 3711 2076 3774 Θεός

505 3807 672 3857 ἐστιν.
733 3803 792 3856 '0
846 3803 970 3872 ὅρον
1025 3802 1080 3854 δὲ
1134 3801 1325 3855 τούτου
1381 3801 1560 3869 λέγειν
1617 3800 1958 3871 βουλόμενος,
2016 3805 2076 3856 έν

503 3895 725 3966 ἀσύσσῳ
764 3895 1092 3964 τυφλώττων
1135 3891 1233 3963 τὴν
1285 3893 1511 3963 ψάμμον
1563 3895 1772 3962 μετρεῖ.
1838 3893 2073 3963 Ἀγάπη,

505 3988 642 4040 κατά
687 3988 783 4055 μὲν
827 3987 925 4056 τὴν
982 3985 1264 4055 ποιότητα,
1312 3984 1571 4054 ὁμοίωσις
1626 3983 1783 4046 Θεοῦ,
1843 3983 2072 4038 καθόσον

503 4077 722 4147 ἐφικτὸν
767 4077 1006 4148 βροτοῖς·
1042 4076 1185 4130 κατά
1225 4076 1280 4128 δὲ
1332 4075 1635 4146 ἐνέργειαν,
1690 4075 1829 4146 μέθη
1859 4075 2074 4146 ψυχῆς·

504 4171 642 4224 κατά
682 4169 864 4240 δὲτὴν
905 4170 1161 4239 ἰδιότητα,
1197 4168 1348 4237 πηγὴ
1398 4167 1656 4230 πίστεως,
1693 4167 1930 4229 άῦυσσος
1969 4185 2076 4237 μα·-

503 4259 835 4329 κροθυμίας,
868 4258 1110 4312 θάλασσα
1148 4257 1550 4321 ταπεινώσεως.
1592 4259 1811 4330 Ἀγάπη
1838 4260 1954 4312 ἐστ)⁸
1984 4277 2081 4312 κυ-

510 4350 639 4417 ρίως
692 4349 953 4412 ἀπόθεσις
994 4349 1254 4411 παντοίας
1301 4348 1547 4411 ἐναντίας
1581 4349 1823 4412 ἐννοίας,
1855 4349 2012 4419 εἴπερ
2044 4351 2080 4416 ἡ

2161 3174 2328 3213 unum
2365 3159 2631 3230 fulgorem
2657 3172 2710 3217 et
2734 3160 3102 3227 splendorem.
3149 3157 3266 3212 Una
3299 3159 3519 3230 quidem
3550 3157 3732 3210 omnia

2170 3261 2348 3321 potest
2397 3253 2579 3309 facere
2605 3263 2660 3308 et
2696 3253 2910 3324 operari
2944 3269 2989 3318 ;ι
3021 3251 3316 3308 Secundam
3353 3247 3732 3305 misericordia

2162 3343 2250 3397 Dei
2274 3343 2643 3400 circumdatet
2666 3359 2772 3398 non
2793 3342 3052 3398 confundi
3076 3343 3238 3408 sinit;
3270 3342 3428 3396 tertia
3452 3353 3728 3408 nunquam

2160 3435 2364 3500 deticit,
2418 3451 2592 3505 neque
2631 3451 2855 3490 currere
2887 3435 3118 3498 desiuit,
3165 3448 3343 3502 neque
3392 3448 3521 3488 eum
3565 3447 3728 3501 quem

2161 3527 2537 3593 vulneravit,a
2593 3529 2755 3583 beato
2805 3527 2896 3582 illo
2934 3527 3130 3582 ardore
3173 3527 3458 3596 quiescere
3511 3525 3661 3579 sinit.
3709 3543 3728 3576 ι

2161 3616 2227 3672 Ει
2253 3616 2470 3673 adhuc:
2521 3636 2539 3668 ι
2571 3615 2760 3672 Sermo
2794 3618 2860 3672 dc
2891 3616 3177 3683 charitate,
3211 3615 3420 3685 angelis
3455 3625 3639 3679 notus,
3680 3625 3736 3670 et

2160 3710 2269 3764 illis
2312 3725 2406 3778 per
2434 3709 2854 3765 illuminatioais
2878 3710 3160 3774 virtutem,
3191 3707 3431 3763 charitas
3461 3706 3604 3760 Deus
3629 3717 3733 3763 est.

2160 3801 2263 3867 Qui
2286 3801 2433 3856 illius
2461 3802 2753 3857 terminum
2781 3803 2897 3857 vult
2919 3802 3124 3867 dicere,
3147 3816 3324 3858 caecus
3347 3813 3428 3856 est
3454 3801 3508 3855 in
3533 3801 3734 3871 abysso

2162 3907 2385 3948 arenam
2420 3892 2672 3948 metiens.
2698 3893 2974 3959 Charitas,
3001 3908 3102 3964 pro
3133 3892 3252 3962 ejus
3278 3893 3556 3962 qualitate,
3583 3892 3738 3946 simi-

2162 3983 2332 4038 litudo
2363 3998 2487 4039 cum
2520 3982 2630 4037 Deo
2660 3994 2762 4048 est,
2819 3995 3087 4054 quantum
3121 3984 3447 4040 mortalibus
3475 3985 3737 4038 accedere

2161 4079 2227 4131 ad
2254 4093 2376 4131 eum
2404 4078 2562 4142 licet;
2593 4092 2688 4146 pro
2725 4077 2948 4142 virtute,
2982 4078 3178 4132 anima:
3211 4087 3295 4133 est
3323 4079 3560 4132 ebrietas
3589 4093 3604 4141 ;
3643 4093 3733 4132 sr-

2161 4169 2397 4224 cundum
2453 4168 2864 4236 proprietatem,
2904 4169 3026 4222 l'ous
3075 4179 3159 4224 est
3207 4169 3439 4232 llducim,
3482 4169 3736 4236 longani-

2163 4260 2368 4314 mitatis
2425 4260 2679 4330 abyssus,
2739 4261 3069 4316 humilitatis
3123 4275 3295 4315 mare.
3337 4261 3592 4315 Charitas
3646 4271 3730 4316 est

2163 4368 2290 4407 vere
2331 4352 2577 4421 cujusvis
2647 4355 2938 4406 contrariae
2980 4351 3327 4423 cogitationis
3359 4353 3621 4422 repulsio,
3657 4354 3733 4408 si-

505 4442 715 4511 ἁγάπη.
737 4441 798 4493 οὐ
820 4440 1095 4509 λογίζεται
1123 4440 1184 4491 τὸ
1213 4440 1398 4493 κακόν.
1439 4440 1673 4508 Ἀγάπη,
1705 4440 1798 4493 καὶ
1823 4440 2072 4508 ἀπάθεια,

2167 4448 2384 4514 quidem
2425 4445 2665 4500 charitas
2711 4434 2818 4500 non
2866 4446 3069 4513 cogitat
3105 4447 3334 4501 malum.
3371 4445 3649 4510 Charitas,
3681 4455 3737 4500 et

506 4538 602 4589 καὶ
625 4535 770 4588 υίοθε
781 4537 891 4602 σία,
909 4538 1020 4596 τοῖς
1037 4534 1259 4604 ὀνόμασι
1277 4534 1611 4604 διακρίνεται
1631 4535 1832 4605 μόνοις,
1850 4535 1923 4599 ὡς
1941 4537 2078 4605 φῶς,

511 4629 603 4681 καὶ
631 4627 763 4697 πῦρ,
791 4629 885 4680 καὶ
916 4626 1069 4694 φλὸξ,
1109 4627 1188 4687 εἱς
1215 4626 1344 4696 μίαν
1371 4626 1754 4697 συντρέχουσιν
1779 4628 2076 4697 ἐνέργειαν,

505 4718 648 4772 οὕτω
681 4719 776 4771 κα)⁸
804 4720 933 4789 περὶ
977 4717 1183 4770 τούτων
1222 4735 1313 4785 μοι
1349 4718 1482 4771 νόει.
1523 4737 1540 4769 ι
1575 4719 1683 4772 Καὶ
1715 4720 1743 4771 ό
1778 4719 1931 4787 ἀγιος
1956 4721 2080 4775 Διά-

506 4811 687 4881 δοχος·
723 4829 741 4862 ι
778 4813 965 4878 ῐιάσης
998 4809 1392 4880 πνευματικῆς,
1425 4810 1642 4880 ἀδελφοὶ
1664 4812 1924 4881 ,ἡγείσθω
1946 4813 2080 4866 θεω-

509 4903 654 4974 ρίας,
681 4902 880 4966 πίστις,
899 4901 1073 4965 ἐλπὶς,
1100 4901 1314 4971 ἀγάπη·
1335 4901 1497 4954 πλέον
1519 4901 1573 4956 δὲ
1594 4903 1626 4970 ή
1653 4903 1861 4972 ἀγάπη.
1885 4901 1950 4955 Ai
1982 4903 2082 4972 μὲν

509 4993 641 5064 γάρ,
665 4995 1027 5064 καταφρονεῖν
1044 4992 1154 5045 τῶν
1178 4993 1468 5062 ὁρωμένων
1485 4993 1861 5046 ἐκδιδάσκουσι
1881 4994 2078 5060 καλῶν,

509 5087 542 5155 ή
567 5084 623 5137 δέ
657 5086 871 5154 ἀγάπη,
899 5084 1070 5153 αὐτὴν
1095 5083 1355 5136 συνάπτει
1381 5084 1479 5153 τὴν
1507 5084 1686 5154 ψυχὴν
1718 5085 1837 5149 ταῖς
1863 5086 2084 5157 ἀρεταῖς

511 5176 606 5228 τοῦ
657 5175 815 5237 Θεοῦ,
865 5175 1114 5242 αἰσθήσει
1155 5174 1350 5243 νοερᾷ,
1394 5173 1482 5227 τὸν
1537 5175 1767 5244 ἀόρατον
1817 5176 1950 5228 Θεὸν
1997 5177 2084 5242 ὲξ-

512 5266 814 5337 ιχνεύουσα.
853 5285 870 5318 ι
912 5267 1070 5319 Ἔτι·
1110 5283 1128 5316 ι
1177 5264 1342 5334 ’Λλλη
1380 5265 1586 5334 ὲστὶνή
1623 5265 1811 5333 ἀγάπη
1837 5266 1936 5335 τῆς
1978 5254 2118 5335 ψυ-’

512 5360 616 5429 χῆς
644 5362 676 5428 ή
705 5359 955 5432 φυσικὴ,
993 5358 1086 5410 καὶ
1110 5357 1266 5425 άλλη,
1293 5359 1327 5426 ἡ
1363 5357 1426 5410 ἐκ
1461 5354 1553 5408 τοῦ
1583 5357 1739 5424 ἀγίου
1771 5357 2086 5428 Πνεύματος

514 5451 649 5520 αὐτῇ
685 5448 1103 5520 προσγινομένη.
1147 5450 1209 5499 Ἡ
1248 5447 1345 5517 μὲν
1375 5447 1502 5517 γὰρ,
1553 5448 1617 5499 ὲκ
1653 5449 1751 5516 τῆς
1785 5448 2087 5519 ἡμετέρας,

513 5543 600 5594 ὅτε
637 5541 881 5611 θέλομεν,
930 5539 1260 5610 συμμέτρως
1295 5541 1522 5591 κινεῖται
1562 5538 1855 5608 θελήσεως,
1893 5540 2084 5610 διόπερ

517 5633 610 5684 καὶ
637 5631 878 5702 εὐχερῶς
908 5632 1013 5683 ὑπὸ
1041 5630 1147 5683 τῶν
1184 5627 1435 5697 πονηρῶν
1462 5628 1786 5696 πνευμάτων
1816 5630 1976 5699 ἡνίκα
2011 5630 2085 5700 μὴ

518 5721 608 5792 βίᾳ
656 5721 946 5792 κρατῶμεν
983 5723 1080 5791 τῆς
1138 5720 1344 5774 ἑαυτῶν
1394 5716 1798 5787 προαιρέσεως,
1854 5718 2084 5788 διαρπά-

2166 4537 2536 4607 tranquillitas
2583 4537 2649 4592 ab
2682 4537 2987 4604 aﬂ‘ectibus,
3037 4547 3091 4593 et
3128 4540 3368 4609 adoptio,
3421 4541 3735 4594 nominibus

2168 4630 2298 4683 solis
2339 4629 2748 4696 discernuntur,
2785 4639 2842 4684 ιιι
2875 4630 3080 4695 lumen,
3118 4638 3172 4686 et
3210 4632 3372 4700 ignis,
3408 4643 3461 4687 et
3491 4631 3731 4698 ﬂamma,

2169 4722 2222 4775 iu
2254 4735 2415 4774 uuam
2447 4731 2784 4776 concurrunt
2810 4720 3131 4777 cﬂicaciam.
3177 4719 3253 4776 Ita
3299 4723 3430 4776 mihi
3461 4723 3528 4776 de
3557 4724 3623 4778 iis
3651 4725 3735 4776 vi-

2168 4814 2347 4868 detur.
2381 4830 2399 4864 ι
2457 4811 2521 4866 Et
2559 4820 2782 4868 sanctus
2829 4812 3180 4867 Diadochus:
3228 4832 3245 4864 ι
3289 4812 3523 4867 Omnem
3569 4812 3734 4881 spiri-

2171 4905 2396 4970 tualem,
2454 4904 2671 4970 fratres,
2722 4905 3248 4974 contemplationem
3291 4906 3527 4975 dirigant
3577 4906 3734 4967 fides,

2169 5009 2319 5062 spes,
2368 4994 2648 5059 charitas,
2702 4995 2940 5049 maxime
2989 5003 3171 5049 autem
3208 4996 3475 5050 charitas.
3522 4995 3741 5049 Priorcs

2169 5086 2390 5155 quidem
2444 5085 2677 5140 visibilia
2713 5088 2858 5140 bona
2901 5086 3184 5155 despicere
3216 5087 3450 5151 docent;
3496 5089 3742 5142 charitas

2172 5195 2301 5232 vero
2321 5181 2612 5238 virtutibus
2638 5179 2726 5233 Dei
2751 5180 2990 5232 animam
3015 5178 3258 5249 adaptat,
3281 5179 3550 5248 spirituali
3574 5195 3739 5233 sensu

2173 5271 2503 5326 lnvisibiletn
2537 5271 2704 5324 Dcutu
2740 5271 3096 5340 investigatis.
3135 5289 3153 5321 ι
3194 5269 3258 5323 Ει
3290 5271 3511 5325 adhuc:
3546 5289 3564 5322 ι
3610 5271 3732 5324 Alia

2169 5369 2255 5414 est
2284 5359 2526 5414 charitas
2554 5359 2751 5412 anima:
2783 5358 3071 5421 naturalis,
3105 5368 3157 5412 et
3188 5361 3292 5412 alia
3316 5374 3435 5428 quae
3455 5375 3514 5412 ea
3546 5369 3741 5411 sancto

2174 5452 2384 5522 Spiritu
2411 5452 2466 5506 in
2495 5452 2612 5520 ipsa
2643 5449 2890 5504 elﬁcitur.
2925 5451 3050 5503 Alia.
3068 5451 3234 5513 enim,
3262 5463 3470 5514 nostra,
3499 5466 3622 5503 cum
3651 5467 3742 5505 v0-

2174 5546 2379 5607 lumus,
2429 5544 2712 5596 voluntate
2773 5542 3050 5596 moderate
3084 5542 3378 5606 excitatur,
3415 5550 3467 5594 et
3531 5540 3742 5595 idcirco

2177 5637 2331 5692 facile
2361 5651 2389 5689 a
2423 5635 2581 5687 malis
2611 5633 2914 5700 spiritibus,
2949 5633 3167 5700 quando
3221 5647 3325 5684 non
3357 5633 3624 5687 violenter
3649 5651 3744 5687 uo-

2173 5738 2339 5780 stram
2376 5724 2711 5778 voluntatem
2751 5720 3040 5784 vim-imus,
3073 5717 3363 5790 abripitur.
3413 5719 3528 5776 Alia
3557 5730 3746 5776 autem
