4088 6208
365 242 465 303 τρι

1223 240 1572 301 CALLISTI
1600 237 1695 298 ET
1742 232 2039 297 lGNA'l‘Il
2086 193 2778 294 xmruopmonun

3522 236 3624 301 τοι

368 358 504 411 adeo
534 359 771 411 animam
810 359 1052 414 incendit
1113 361 1178 413 ad
1208 361 1301 415 Dei
1336 373 1603 424 amorem,
1636 366 1697 412 ut
1741 371 1935 411 omnes

2049 353 2201 419 ζεται
2226 370 2241 386 ο
2275 356 2308 425 ἡ
2349 356 2428 422 δὲ,
2478 356 2731 415 τοσοῦτον
2780 359 2990 418 ἐκκαίει
3022 366 3116 437 τὴν
3149 369 3325 441 ψυχὴν
3358 372 3503 443 πρὸς
3530 377 3623 447 τὴν

363 448 561 500 animm
591 458 770 515 partes
798 448 1056 503 ineffabili
1092 450 1261 505 divini
1296 450 1556 506 desiderii
1600 449 1941 503 excellentiae

364 538 677 594 adunentur
705 540 758 594 in
782 541 1049 596 immensa
1096 542 1333 610 quadam
1362 541 1730 611 simplicitatis
1760 542 1940 609 dispo-

364 634 583 687 sitione.
613 631 826 687 Referta
850 636 992 688 enim
1024 635 1292 703 spirituali
1319 636 1520 689 virtute
1548 649 1722 693 mens.
1749 650 1938 703 quem-

364 724 489 776 dam
550 721 837 780 cha'ritatis
888 742 950 779 ac
1010 727 1210 781 laetitiae
1267 726 1470 781 fontem
1528 727 1747 782 emittit.
1794 745 1812 778 ι
1873 722 1939 780 Et

363 822 586 868 sanctus
608 815 794 869 lsa'ic:
839 834 856 865 ι
889 813 1143 869 Charitas
1168 831 1289 885 qua;
1324 830 1387 870 ex
1412 817 1742 885 quibusdam
1774 817 1938 871 rebus

364 902 615 966 t'mClllll‘,
663 916 744 959 est
791 916 1046 974 tanquam
1104 923 1268 976 parva
1300 908 1524 963 lucerna
1550 909 1669 963 oleo
1706 910 1933 971 nutrita.

361 1005 416 1049 et
461 996 541 1049 sic
575 996 741 1048 alitur
765 995 886 1065 ejus
938 996 1145 1063 lumen,
1183 1010 1275 1053 aut
1318 1008 1576 1067 tanquam
1607 1011 1824 1057 torrens
1871 1017 1933 1055 ex

366 1084 543 1152 pluvia
576 1100 763 1148 ruens,
793 1086 949 1155 cujus
979 1085 1181 1141 ﬂuctus
1211 1098 1449 1154 cessant,
1487 1088 1577 1143 ubi
1608 1089 1793 1144 delicit
1819 1107 1938 1160 qum

361 1190 459 1230 eos
508 1175 761 1245 producit
814 1178 1067 1232 materia.
1106 1177 1361 1233 Charitas
1424 1195 1556 1235 vero
1612 1196 1732 1250 quae
1766 1180 1934 1236 Deum

363 1281 642 1325 auctorem
672 1272 857 1339 habet,
886 1284 970 1328 est
1000 1283 1257 1344 tanquam
1300 1275 1424 1332 fons
1457 1278 1683 1344 saliens,
1720 1288 1776 1334 et
1799 1296 1939 1333 nun-

364 1375 529 1429 quam
569 1361 773 1418 lluctus
814 1365 935 1431 ejus
968 1365 1486 1435 interrumpuntur:
1522 1368 1638 1438 ipse
1668 1370 1811 1423 enim
1845 1386 1936 1426 so-

368 1451 452 1505 lus
473 1462 560 1506 est
590 1452 715 1508 fons
745 1452 1033 1509 cbaritatis
1061 1465 1116 1511 et
1140 1456 1258 1527 ejus
1282 1445 1605 1513 indeliciens
1630 1460 1877 1515 materia.
1911 1478 1930 1513 ι

376 1541 441 1594 Ει
481 1559 701 1598 rursum
732 1546 1102 1616 interrogatus
1134 1563 1384 1618 quaenam
1409 1550 1480 1605 sit
1510 1550 1803 1605 multorum
1829 1552 1941 1620 spi-

366 1632 506 1690 ritus
537 1635 813 1691 fructnum
844 1640 1131 1708 perfectio,
1175 1644 1496 1712 respondit:
1537 1640 1797 1710 «Quando
1814 1644 1938 1714 quis

364 1728 564 1797 dignus
614 1730 853 1799 perlecta
916 1734 1006 1787 Dei
1061 1735 1331 1790 charitate
1388 1737 1613 1792 habitus
1666 1746 1773 1793 est.
1817 1755 1836 1789 ι
1875 1736 1939 1793 Et

366 1821 547 1875 denuo
600 1822 976 1892 interrogatus
1020 1828 1164 1881 unde
1193 1827 1393 1897 aliquis
1433 1828 1573 1883 sciat
1601 1844 1660 1883 se
1686 1829 1755 1883 ad
1794 1829 1936 1884 hanc

364 1914 619 1968 virtutem
650 1918 1015 1984 processisse,
1042 1918 1218 1972 dixit:
1260 1937 1279 1970 ι
1306 1919 1439 1973 Cum
1474 1922 1733 1975 memoria
1765 1921 1857 1976 Dei
1886 1923 1937 1975 in

368 2006 489 2074 ejus
540 2009 876 2080 cogitatione
922 2011 1157 2065 excitata
1211 2011 1402 2075 ftierit,
1440 2014 1625 2069 statim
1673 2028 1775 2068 cor
1822 2014 1940 2082 ejus

371 2096 462 2152 Dei
487 2099 759 2155 charitate
786 2101 1082 2167 excitatur,
1118 2112 1172 2155 et
1199 2105 1322 2173 ejus
1348 2103 1493 2158 oculi
1531 2106 1732 2162 multas
1758 2106 1939 2161 effun-

365 2190 503 2245 dunt
553 2192 847 2263 lacrymas.
882 2193 1038 2247 llauc
1088 2196 1233 2248 enim
1269 2199 1723 2255 consuetudinem
1776 2200 1939 2254 habet

368 2281 632 2345 charitas,
683 2298 749 2336 ex
784 2286 1047 2337 memoria
1084 2286 1249 2355 hujus
1284 2303 1447 2358 quem
1482 2300 1629 2344 amat
1670 2291 1939 2362 lar-rymas

365 2371 618 2425 eliciendi
654 2390 668 2438 ;
702 2384 750 2427 et
784 2376 876 2443 qui
906 2376 1228 2432 charitatem
1257 2380 1443 2445 habet,
1478 2398 1761 2453 nunquam
1803 2398 1833 2437 a
1857 2384 1937 2438 la-

370 2464 571 2534 cry‘mis
623 2464 827 2520 deﬁcit.
872 2464 1164 2536 Nunquam
1207 2471 1351 2525 enim
1384 2472 1458 2526 illi
1510 2474 1664 2529 deest
1708 2475 1936 2530 materia

368 2570 491 2623 qua:
522 2556 699 2625 ipsum
745 2558 809 2612 ad
848 2557 938 2613 Dei
975 2558 1111 2614 ferat
1154 2563 1495 2629 memoriam,
1547 2564 1618 2619 ita
1657 2574 1715 2621 ut
1746 2567 1828 2621 vel
1880 2566 1935 2621 in

366 2660 562 2700 somno
606 2663 706 2703 suo
729 2665 853 2704 cum
879 2649 989 2706 Deo
1018 2663 1388 2707 conversetur.
1411 2652 1764 2711 Consuetudo
1788 2657 1935 2712 enim

370 2738 658 2792 chartiatis
684 2750 769 2794 est
820 2742 952 2795 talia
981 2758 1140 2812 agere
1180 2754 1233 2797 et
1264 2745 1379 2815 ipsa
1431 2754 1516 2800 est
1551 2747 1832 2802 hominum
1882 2750 1935 2803 in

367 2830 745 2899 hujuscemodi
814 2834 929 2889 vita
990 2837 1276 2905 perfectio.
1321 2856 1338 2889 ι
1377 2838 1441 2893 Ει
1474 2840 1690 2895 adhuc:
1738 2862 1758 2894 ι
1795 2841 1935 2899 Cha-

367 2922 502 2978 ritas
547 2923 639 2977 Dei
668 2933 863 2980 natura
912 2928 1089 2993 ardet,
1120 2937 1175 2984 et
1212 2931 1432 3000 quando
1479 2932 1830 2989 vehementer
1880 2936 1934 2989 in

2048 446 2272 515 ἀγάπην
2305 448 2400 501 τοῦ
2443 448 2602 515 Θεοῦ,
2651 452 2792 506 ὥστε
2834 455 3009 513 πάντα
3056 459 3122 511 τά
3151 462 3249 529 τῆς
3296 463 3480 535 ψυχῆς
3509 446 3629 522 τότε

2050 538 2217 609 μέρη,
2270 542 2340 609 τῇ
2388 540 2481 593 τοῦ
2531 541 2679 596 θείου
2739 544 2908 599 πόθου
2960 548 3209 622 ἀλαλήτῳ
3260 552 3628 621 ὲγκολλᾶσθαι

2047 631 2401 702 χρηστότητι,
2454 634 2512 685 ὲν
2565 635 2780 707 ἀπείρῳ
2836 638 2943 692 τινὶ
2987 640 3249 713 ἁπλότητι
3306 646 3624 714 διαθέσεως-

2046 717 2302 793 ὲγκύμων
2332 726 2439 795 γὰρ
2483 726 2669 797 ῶσπερ
2703 730 2731 780 ὁ
2761 730 2884 793 νοῦς
2907 732 3031 785 τότε
3061 732 3166 788 ὑπὸ
3198 736 3296 807 τῆς
3323 755 3627 811 πνευματι-

2047 813 2148 882 κῆς
2193 817 2471 886 ἐνεργείας
2513 819 2815 888 γινόμενος,
2871 825 3055 892 πηγήν
3088 842 3208 879 τινα
3237 829 3462 900 ἀγάπης
3490 834 3627 885 ἀναο

2046 902 2233 967 ὃλύζει
2290 906 2384 957 καὶ
2432 909 2627 978 χαρᾶς.
2693 927 2710 960 ι
2766 911 2878 963 Καὶ
2925 913 2953 964 ὀ
2987 913 3143 982 ἆγιος
3211 918 3434 974 Ἰσαάκ·
3489 941 3508 974 ι
3563 924 3625 979 Ἡ

2044 992 2252 1061 ἀγάπη,
2282 996 2315 1064 ὴ
2346 994 2409 1048 ἔκ
2437 1014 2595 1050 τινων
2614 1000 2869 1071 γινομένη
2897 1005 3259 1073 πραγμάτων,
3288 1010 3365 1071 ὠς
3396 1009 3625 1080 λαμπάς

2042 1083 2159 1135 ἐστι
2193 1086 2385 1154 μικρά,
2421 1088 2485 1139 ὲκ
2506 1088 2599 1140 τοῦ
2627 1088 2806 1144 ἐλαίου
2826 1092 3155 1162 τρεφομένη,
3191 1096 3285 1149 καὶ
3315 1097 3462 1152 οὕτω
3499 1118 3625 1153 συν-

2043 1167 2257 1223 ίσταται
2284 1172 2343 1223 τὸ
2377 1173 2492 1241 φῶς
2515 1175 2721 1245 αὐτῆς.ο
2750 1178 2782 1248 ἢ
2828 1180 2922 1231 καὶ
2952 1180 3027 1242 ώς
3054 1182 3356 1253 χείμαρρος
3389 1188 3531 1256 ῥέων
3560 1193 3626 1245 ἐκ

2037 1261 2132 1314 τοῦ
2164 1262 2343 1328 ὑετοῦ,
2387 1256 2560 1335 οὗπερ
2597 1267 2630 1336 ἡ
2680 1267 2864 1338 ῥεῦσις
2905 1272 3306 1340 καταπαύεται,
3337 1278 3439 1348 τῆς
3497 1297 3627 1333 συν-

2041 1354 2280 1425 ιστώσης
2296 1357 2460 1409 αὑτὸν
2491 1356 2639 1428 ῦλης,
2666 1358 2837 1429 λεῖψιν
2867 1362 3166 1434 παθούσης.
3195 1365 3258 1418 Ἦ
3278 1369 3466 1441 ἀγάπη
3485 1372 3563 1435 δὲ,
3584 1374 3619 1443 ἡ

2036 1443 2127 1497 τὸν
2156 1445 2288 1499 Θεὸν
2334 1448 2504 1501 αἴτιον
2538 1449 2752 1520 ἔχουσα,
2780 1451 2855 1515 ὡς
2884 1453 3035 1525 πηγή
3072 1456 3187 1510 ἐστι
3221 1458 3485 1528 βρύουσα,
3520 1466 3623 1517 καὶ

2035 1535 2158 1588 οὐδέ
2191 1554 2321 1590 ποτε
2347 1539 2414 1592 τὰ
2440 1540 2686 1610 ῥεύματα
2709 1542 2880 1613 αὐτῆς
2901 1528 3289 1602 ἀνακόπτεται·
3316 1551 3477 1614 αὐτὸς
3506 1555 3619 1623 γάρ

2042 1623 2203 1693 μόνος
2246 1628 2365 1680 ἐστὶ
2396 1628 2491 1699 τῆς
2531 1631 2751 1702 ἀγάπης
2784 1635 2955 1705 πηγὴ,
2989 1638 3080 1689 καὶ
3111 1638 3403 1710 ἀνελλιπὴς
3440 1645 3474 1712 ἡ
3510 1642 3613 1714 ὕλη

1972 1702 2010 1757 Β
2038 1716 2225 1788 αὐτῆς.
2253 1736 2272 1769 ι
2304 1719 2410 1772 Καὶ
2436 1717 2591 1785 αὖθις
2618 1702 2934 1795 ἐρωτηθεὶς,
2961 1728 3085 1780 ποία
3108 1730 3306 1801 ἐστὶνὴ
3336 1702 3616 1804 τελειότης

2037 1808 2148 1865 τῶν
2193 1813 2405 1866 πολλῶν
2466 1818 2693 1887 καρπῶν
2749 1818 2843 1872 τοῦ
2906 1821 3247 1892 πνεύματος,
3304 1827 3616 1899 ἀπεκρίθη·

2045 1918 2068 1953 ι
2103 1900 2271 1956 Ὅταν
2299 1920 2384 1968 τις
2409 1907 2613 1981 ἀξιωθῇ
2645 1911 2743 1981 τῆς
2774 1910 2985 1976 τελείας
3019 1914 3239 1984 ἀγάπης
3263 1916 3359 1969 τοῦ
3394 1918 3550 1972 Θεοῦ.
3590 1939 3611 1970 ι

2033 2013 2143 2067 Καὶ
2192 2007 2347 2074 αὖθις
2391 2009 2702 2079 ἐρωτηθεὶς,
2737 2008 2833 2062 καὶ
2885 2009 3048 2061 πόθεν
3077 2006 3337 2075 γινώσκει
3376 2024 3482 2073 τις,
3524 2008 3603 2061 ὅτι

2032 2102 2265 2170 ἔφθασεν
2296 2102 2374 2162 είς
2400 2098 2638 2167 ταύτην,
2674 2098 2809 2168 ἔφη’
2852 2116 2870 2148 ι
2912 2098 3081 2151 Ὅταν
3110 2097 3305 2169 κινηθῇ
3348 2099 3381 2166 ἡ
3417 2100 3603 2168 μνήμη

2030 2188 2122 2241 τοῦ
2155 2187 2290 2240 Θεοῦ
2321 2189 2377 2240 ὲν
2422 2188 2487 2256 τῇ
2522 2185 2731 2256 διανοίᾳ
2765 2186 2951 2251 αὐτοῦ,
2983 2185 3183 2249 εὐθέως
3212 2188 3245 2257 ἡ
3276 2186 3473 2258 καρδία
3504 2187 3599 2240 αύ-

2028 2278 2146 2343 τοῦ,
2191 2280 2420 2332 κινεῖται
2453 2279 2510 2331 ὲν
2549 2280 2615 2348 τῇ
2646 2278 2835 2349 ἀγάπῃ
2867 2278 3053 2342 αὐτοῦ,
3101 2278 3196 2331 καὶ
3244 2281 3294 2331 οί
3331 2278 3603 2346 ὀφθαλμοὶ

2030 2369 2195 2424 αὑτοῦ
2225 2368 2595 2440 καταφέρουσι
2626 2370 2836 2439 δάκρυα
2865 2368 3129 2438 δαψιλῶς·
3164 2368 3286 2433 ἔθος
3330 2370 3439 2441 γάρ
3486 2370 3599 2439 ἔχει

2028 2462 2062 2530 ὴ
2094 2460 2302 2530 ἀγάπη,
2352 2461 2417 2513 ὲκ
2459 2459 2560 2529 τῆς
2606 2461 2823 2531 μνήμης
2860 2458 2970 2513 τῶν
2996 2460 3316 2530 ἀγαπητῶν,
3348 2460 3605 2525 ἐξάπτειν

2029 2551 2258 2621 δάκρυα,
2282 2552 2376 2606 καὶ
2402 2551 2642 2613 τοιοῦτος
2665 2550 2762 2617 ῶν,
2789 2551 3043 2604 οὐδέποτε
3068 2551 3374 2621 ὑστερεῖται
3404 2554 3469 2606 ὲκ
3491 2552 3603 2605 τῶν

2028 2644 2299 2714 δακρύων.
2334 2644 2478 2697 Διότι
2508 2644 2569 2696 ού
2602 2642 2776 2695 λείπει
2806 2642 2955 2713 αὐτῷ
2984 2642 3069 2695 ἀεὶ
3098 2642 3197 2714 ῦλη
3233 2644 3475 2714 φέρουσα
3502 2643 3603 2697 αύο

2030 2734 2119 2787 τὸν
2144 2735 2224 2797 είς
2261 2734 2481 2804 μνήμην
2509 2734 2603 2787 τοῦ
2639 2732 2796 2797 Θεοῦ,
2830 2731 2968 2786 ὥστε
2996 2734 3089 2787 καὶ
3122 2735 3182 2786 ὲν
3209 2733 3287 2803 τῷ
3316 2734 3469 2805 ὕπνῳ
3505 2735 3604 2787 αύ-

2030 2824 2143 2887 τοῦ,
2178 2824 2455 2893 συνομιλεῖ
2483 2822 2558 2888 τῷ
2580 2823 2697 2893 Θεῷ
2718 2840 2731 2853 ο
2765 2822 2885 2887 ἔθος
2915 2824 3023 2893 γάρ
3051 2825 3116 2893 τῇ
3150 2824 3361 2895 ἀγάπῃ.
3395 2824 3605 2891 πρᾶξαι

2029 2915 2097 2967 τά
2134 2913 2377 2977 τοιαῦτα,
2417 2914 2510 2966 καὶ
2540 2913 2676 2983 αῦτη
2707 2914 2854 2965 ἐστὶν
2885 2915 2918 2985 ἠ
2947 2914 3220 2983 τελειότης
3245 2915 3355 2967 τῶν
3388 2915 3605 2985 ἀνθρώ-

368 3013 602 3081 aliquem
636 3014 847 3079 incidit,
882 3016 1021 3072 hanc
1080 3022 1317 3076 animam
1351 3032 1502 3078 extra
1532 3039 1591 3079 se
1630 3040 1751 3081 esse
1786 3024 1934 3083 facit.

2033 3020 2146 3056 πων
2169 3004 2226 3056 ὲν
2250 3006 2314 3073 τῇ
2338 3003 2447 3073 ζωῇ
2472 3004 2651 3056 αὐτῶν
2668 3004 2859 3078 ταύτῃ.
2898 3023 2917 3056 ι
2950 3006 3094 3059 Ἔτι·
3132 3024 3151 3057 ι
3197 3006 3261 3057 Ἡ
3293 3005 3480 3076 ἀγάπη
3508 3006 3606 3059 τοῦ

369 3103 495 3159 Ideo
524 3120 619 3159 cor
644 3123 750 3159 non
784 3116 960 3177 potest
982 3123 1101 3163 eam
1128 3126 1155 3164 a
1187 3113 1455 3169 charitate
1477 3131 1640 3185 quam
1673 3118 1935 3187 percepit,

371 3196 679 3268 sejungere,
712 3208 804 3253 aut
838 3216 954 3255 eam
996 3211 1327 3271 temperare,
1362 3207 1453 3261 sed
1491 3223 1590 3276 pro
1617 3208 1734 3279 ejus
1765 3209 1940 3279 quali-

374 3290 501 3345 tatis
535 3294 699 3346 modo
723 3302 777 3348 et
822 3294 874 3348 in
922 3310 1042 3350 eam
1116 3301 1531 3367 superveniente
1559 3301 1851 3368 charitate,
1885 3305 1938 3357 in

373 3397 437 3437 ea
480 3393 705 3454 apparet
753 3387 970 3443 insolita
997 3392 1308 3447 conversio.
1359 3393 1426 3447 Et
1460 3395 1573 3449 haec
1605 3405 1733 3450 sunt
1762 3396 1940 3452 sensi-

374 3474 498 3530 bilia
522 3477 641 3546 ejus
676 3477 865 3549 signa:
902 3480 960 3535 lit
994 3483 1231 3540 hominis
1265 3488 1447 3541 vultus
1483 3487 1692 3557 igneus,
1733 3488 1887 3543 laetus
1920 3528 1935 3553 ,

372 3578 428 3623 et
480 3586 681 3642 corpus
729 3574 849 3645 ejus
890 3577 1090 3644 calelit,
1148 3579 1216 3633 ab
1268 3594 1335 3633 eo
1372 3580 1535 3635 timor
1584 3582 1827 3647 recedit;
1881 3592 1940 3636 ut

375 3677 563 3718 amens
594 3664 845 3731 edicitur.
882 3678 1117 3724 mortem
1160 3685 1282 3739 quae
1312 3680 1419 3724 tam
1446 3653 1717 3727 horrenda
1748 3684 1851 3741 est,
1882 3686 1941 3729 ut

374 3753 617 3810 laetitiam
660 3744 843 3821 habet,
892 3770 946 3813 et
983 3775 1263 3828 nunquam
1314 3763 1511 3816 mentis
1543 3762 1662 3830 ejus
1698 3774 1941 3818 contem-

373 3847 539 3915 platio
568 3863 597 3903 a
628 3849 929 3903 cmlcstium
962 3851 1291 3919 cogitatione
1317 3852 1675 3907 defectionem
1704 3856 1940 3923 patitur;

371 3947 425 3993 et
447 3940 646 3995 absens
669 3949 925 4010 tauquam
964 3957 1224 4011 przesens,
1252 3952 1629 4007 conversatur,
1663 3960 1692 3998 a
1719 3945 1937 4000 neruiue

376 4032 547 4089 visus.
580 4034 817 4091 Scientia
870 4035 990 4105 ejus
1014 4050 1076 4090 ac
1119 4038 1250 4091 visio
1282 4036 1545 4091 naturalis
1592 4046 1941 4106 prattercunt,

374 4141 554 4197 neque
589 4128 923 4183 sensibiliter
956 4136 1163 4183 motum
1190 4143 1351 4183 suum
1404 4130 1794 4184 animadvertit
1829 4146 1937 4199 quo

2030 3095 2188 3162 Θεοῦ,
2218 3096 2392 3167 θερμή
2425 3096 2540 3148 ἔστι
2570 3098 2636 3166 τῇ
2681 3096 2839 3164 φύσει
2860 3138 2875 3162 ,
2918 3099 3011 3151 καὶ
3039 3098 3165 3151 ὅταν
3198 3098 3452 3167 ἀμέτρως
3479 3099 3608 3151 ἔπιε

2031 3188 2171 3259 πέσῃ
2218 3189 2343 3251 τινὶ,
2398 3190 2543 3241 ποιεί
2592 3188 2805 3259 ἐκείνην
2858 3188 2955 3258 τὴν
3002 3189 3199 3260 ψυχὴν,
3248 3191 3602 3261 ἐκστατικὴν.

2030 3280 2130 3334 Διά
2159 3278 2315 3332 τοῦτο
2341 3279 2402 3332 οὐ
2448 3278 2669 3332 δύναται
2711 3281 2744 3350 ἡ
2786 3280 2982 3351 καρδία
3008 3280 3102 3333 τοῦ
3132 3280 3480 3351 αἰσθηθέντος
3508 3282 3605 3333 αύο

2030 3368 2148 3438 τῆς,
2182 3369 2430 3441 χωρῆσαι
2464 3368 2653 3441 αὐτὴν,
2685 3371 2779 3423 καὶ
2808 3371 3169 3441 καρτερῆσαι,
3210 3371 3346 3425 ἀλλά
3375 3372 3517 3425 κατὰ
3544 3371 3607 3425 τὸ

2032 3461 2229 3533 μέτρον
2273 3461 2373 3531 τῆς
2432 3462 2715 3526 ποιότητος
2774 3462 2869 3515 καὶ
2912 3463 3012 3530 τῆς
3075 3462 3407 3532 ἐπελθούσης
3454 3462 3608 3531 αὐτῷ

2029 3552 2269 3622 ἀγάπης,
2298 3552 2491 3622 ὁρᾶται
2530 3554 2589 3605 ἔν
2622 3552 2769 3622 αύτῷ
2810 3551 3094 3615 ἀλλοίωσις
3142 3552 3438 3624 ἀσυνήθης.
3492 3554 3605 3605 Καὶ

2028 3642 2202 3697 ταῦτα
2227 3642 2295 3696 τά
2321 3645 2521 3713 σημεῖα
2546 3643 2717 3711 αὐτῆς
2746 3643 2816 3696 τά
2842 3644 3092 3713 αἰσθητά·
3118 3644 3328 3713 γίνεται
3353 3644 3414 3697 τὸ
3436 3646 3605 3714 πρόσ-

2027 3753 2176 3789 ωπον
2234 3733 2329 3787 τοῦ
2380 3733 2690 3805 ἀνθρώπου,
2747 3736 2978 3805 πυρρὸν,
3028 3736 3348 3807 περιχαρὲς,
3400 3738 3495 3790 καὶ
3540 3736 3605 3787 τὸ

2032 3827 2189 3896 σῶμα
2238 3824 2404 3880 αὑτοῦ
2452 3825 2825 3896 θερμαίνεται,
2871 3826 3166 3895 ἀφίσταται
3221 3828 3315 3881 ἀπ’
3359 3826 3524 3880 αὑτοῦ
3576 3831 3605 3881 ὁ

2029 3920 2213 3988 φόϐος,
2242 3919 2337 3971 καὶ
2364 3919 2398 3989 ἡ
2431 3918 2616 3979 αἰδὼς,
2648 3917 2973 3985 καὶγίνεται
3001 3916 3074 3981 ὡς
3124 3920 3466 3981 ἐκστατικὺς,
3504 3919 3605 3971 καὶ⁵

2030 4010 2062 4079 ἡ
2104 4009 2333 4077 δύναμις
2379 4010 2412 4079 ἡ
2462 4008 2769 4075 συνάγουσα
2804 4008 2895 4062 τὸν
2924 4009 3048 4061 νοῦν
3075 4009 3264 4077 φεύγει
3315 4009 3374 4073 ἔξ
3411 4010 3603 4076 αὐτοῦ,

2030 4099 2123 4154 καὶ
2143 4098 2218 4161 ὡς
2248 4098 2465 4168 ἔκφρων
2488 4099 2717 4166 γίνεται,
2744 4101 2835 4152 τὸν
2861 4099 3090 4170 φοϐερὸν
3134 4099 3361 4153 θάνατον
3385 4103 3604 4171 ἡγεῖται

373 4219 427 4272 in
465 4219 628 4275 rebus
664 4230 932 4274 movetur.
971 4220 1034 4274 lit
1060 4220 1105 4275 si
1150 4221 1280 4289 quid
1312 4232 1455 4291 agat,
1492 4237 1598 4275 non
1632 4221 1685 4276 id
1716 4223 1941 4274 omnino

2033 4190 2225 4264 χαρὰν,
2251 4190 2344 4242 καὶ
2375 4190 2631 4243 οὐδέποτε
2670 4192 2703 4259 ἡ
2738 4191 2942 4258 θεωρία
2984 4190 3079 4245 τοῦ
3109 4191 3226 4254 νοδς
3259 4192 3445 4257 αὑτοῦ,
3488 4192 3607 4246 δια-

376 4313 563 4375 sentit,
597 4322 833 4368 mentem
862 4314 1067 4367 habens
1104 4315 1155 4366 in
1190 4316 1289 4367 hac.
1321 4315 1781 4384 contemplatione
1838 4313 1947 4367 llu-

370 4415 674 4470 etuantem,
703 4418 758 4461 et
809 4406 973 4476 hujus
1004 4410 1260 4478 cogitatio
1291 4424 1499 4478 semper
1534 4425 1656 4464 cum
1696 4410 1802 4464 alio
1836 4410 1933 4463 ali-
1968 4386 2017 4444 D

375 4513 486 4567 quo
511 4499 862 4569 colloquitur.
899 4500 1011 4554 llac
1053 4501 1322 4569 spirituali
1371 4503 1635 4557 ebrietate
1657 4503 1796 4558 ebrii
1823 4503 1944 4557 lue-

379 4596 507 4642 runt
528 4589 655 4643 olim
682 4589 912 4659 apostoli
938 4600 989 4645 et
1017 4603 1318 4663 martyres;
1347 4602 1400 4647 et
1421 4595 1510 4648 alii
1542 4595 1759 4662 quidem
1787 4610 1947 4649 mun-

374 4681 505 4735 dum
544 4684 861 4737 universum
899 4694 1305 4751 percurrentes,
1352 4686 1686 4751 laborantes,
1726 4685 1945 4755 injuriis

374 4770 625 4837 onerati;
679 4772 771 4827 alii
811 4790 959 4839 vero,
998 4775 1251 4830 laceratis
1280 4776 1563 4842 membris,
1617 4778 1945 4847 sanguinem

378 4880 536 4917 suum
574 4863 886 4919 elIuderunt
915 4874 1174 4936 tanquam
1204 4882 1425 4935 aquam,
1459 4878 1513 4924 et
1541 4869 1811 4923 horrenda
1848 4885 1935 4939 pa-

379 4959 595 5022 tientes,
631 4972 736 5012 non
761 4958 1104 5023 deciderunt,
1132 4963 1225 5015 sed
1250 4976 1515 5031 generose
1541 4962 1941 5018 sustinuerunt.

375 5049 441 5105 Et
510 5064 633 5103 cum
678 5061 862 5106 essent
921 5050 1221 5119 sapientes,
1278 5062 1337 5107 ut
1394 5054 1719 5122 insipientes
1778 5055 1944 5110 habiti

375 5150 526 5206 sunt,
563 5151 617 5196 et
646 5144 739 5198 alii
777 5144 831 5198 in
861 5144 1097 5202 desertis
1129 5157 1452 5202 erraverunt
1475 5156 1529 5203 et
1562 5147 1862 5211 montibus,
1895 5157 1949 5203 et

375 5238 432 5291 in
462 5236 736 5306 speluncis
788 5245 841 5292 et
894 5239 947 5292 iu
975 5241 1222 5295 cavernis
1255 5248 1436 5305 terrae,
1466 5250 1519 5296 et
1553 5241 1605 5295 in
1646 5255 1708 5295 ea
1743 5243 1947 5296 tumul-

377 5331 623 5386 tuatione
649 5346 757 5385 non
800 5332 1098 5401 perturbati
1128 5334 1368 5387 fuerunt.
1401 5331 1498 5388 Det
1525 5334 1684 5389 nobis
1717 5333 1859 5390 Deus
1880 5336 1947 5390 ad

380 5421 520 5479 lianc
551 5424 847 5480 amentiam
875 5424 1178 5494 pervenire.

2031 4278 2205 4347 κοπήν
2221 4292 2341 4328 τινα
2366 4277 2570 4349 πάσχῃ,
2600 4280 2662 4330 ἔκ
2688 4278 2784 4348 τῆς
2810 4279 2918 4331 τῶν
2949 4280 3214 4349 οὐρανίων
3246 4282 3600 4352 διανοήσεως.

2030 4368 2140 4422 Καὶ
2170 4366 2345 4431 ἀπὼν,
2364 4367 2438 4430 ὡς
2461 4367 2652 4438 παρὼν
2678 4368 2873 4439 ὁμιλεῖ,
2901 4371 2974 4437 μὴ
2998 4370 3275 4441 ὁρώμενος
3300 4372 3405 4425 ὑπό
3435 4389 3604 4435 τινος.

2044 4457 2105 4512 Ἦ
2136 4458 2355 4525 γνῶσις,
2394 4459 2488 4513 καὶ
2515 4461 2547 4528 ὴ
2594 4459 2783 4529 ὅρασις
2816 4460 2980 4514 αὑτοῦ
3004 4477 3018 4492 ·
3051 4462 3407 4532 παρέρχεται,
3440 4464 3473 4533 ἡ
3503 4480 3606 4532 φυ-

2034 4549 2180 4619 σικὴ,
2228 4551 2322 4602 καὶ
2355 4551 2455 4603 οὐκ
2504 4550 2816 4605 αίσθάνεται
2868 4552 3140 4627 αἰσθητῶς
3184 4555 3285 4624 τῆς
3338 4556 3607 4624 κινήσεως

2032 4637 2217 4703 αὐτοῦ,
2272 4633 2340 4710 ἧς
2397 4640 2455 4692 ὲν
2491 4642 2605 4702 τοῖς
2658 4642 2945 4711 πράγμασι
3001 4645 3253 4696 κινεῖται.
3319 4644 3438 4698 Κᾶν
3494 4643 3607 4713 γὰρ

2034 4728 2251 4800 πράττῃ
2294 4746 2377 4794 τι,
2416 4729 2476 4783 ού
2512 4730 2730 4794 τελείως
2781 4731 2945 4785 αὑτοῦ
2996 4732 3332 4795 αἰσθάνεται,
3388 4732 3462 4796 ὡς
3511 4733 3606 4787 τὸν

2032 4819 2157 4873 νοῦν
2204 4820 2341 4890 ἔχων
2391 4822 2449 4873 ὲν
2494 4824 2561 4891 τῇ
2619 4821 2822 4893 θεωρίᾳ
2871 4823 3166 4893 μετέωρον,
3197 4823 3347 4893 καὶὴ
3398 4823 3605 4877 διάνοια

2033 4910 2220 4975 αὐτοῦ,
2278 4912 2364 4965 ἀεὶ
2413 4911 2488 4975 ὡς
2537 4912 2676 4981 μετὰ
2714 4912 2873 4967 ἄλλου
2903 4913 3201 4984 ἀδολεσχεῖ.
3237 4910 3455 4983 Ταύτην
3502 4915 3604 4985 τὴν

2035 5005 2408 5077 πνευματικὴν
2442 5007 2633 5076 μέθην,
2665 5006 3042 5076 ὲμεθύσθησάν
3064 5025 3194 5060 ποτε
3221 5008 3269 5060 οἱ
3294 5007 3600 5074 ἀπόστολοι,

2034 5098 2127 5151 καὶ
2152 5100 2200 5151 οἱ
2233 5098 2525 5168 μάρτυρες,
2561 5099 2655 5150 καὶ
2694 5099 2740 5151 οἱ
2776 5098 2895 5167 μὲν,
2924 5097 3045 5151 ὅλον
3093 5097 3187 5151 τὸν
3216 5099 3419 5169 κόσμον
3461 5099 3602 5152 διελ-

2034 5189 2241 5254 θόντες,
2270 5188 2589 5251 κοπιῶντες,
2618 5190 2712 5243 καὶ
2742 5188 3147 5259 ὀνειδιζόμενοι,
3178 5191 3229 5243 οί
3255 5189 3334 5253 δὲ,
3366 5190 3434 5243 τὰ
3467 5191 3601 5260 μέλη

2034 5281 2532 5350 κατακοπτόμενοι,
2584 5280 2806 5351 ἐξέχεαν
2857 5281 2924 5335 τὰ
2977 5282 3187 5351 αἵματα
3230 5283 3428 5347 αὐτῶν,
3474 5283 3603 5334 ὡσεὶ

2036 5374 2200 5447 ὕδωρ,
2229 5373 2326 5428 καὶ
2349 5374 2416 5428 τὰ
2442 5373 2721 5427 δεινότατα
2753 5374 3076 5443 πάσχοντες,
3101 5374 3199 5426 οὐκ
3221 5372 3604 5445 ὠλιγώρησαν,

378 5517 515 5571 ἀλλά
544 5516 807 5585 γενναίως
834 5514 1153 5583 ὑπήνεγκαν
1185 5527 1198 5542 ο
1252 5511 1347 5566 καὶ
1373 5512 1526 5577 ὄντες
1572 5513 1747 5582 σοφοὶ,
1806 5512 1880 5576 ὡς
1914 5510 2152 5581 ἄφρονες
2183 5512 2573 5582 ἐνομίσθησαν,
2610 5513 2704 5567 καὶ
2738 5514 2887 5568 ἄλλοι
2915 5517 2973 5569 ὲν
3006 5515 3265 5586 ἐρημίαις
3300 5516 3615 5587 ἐπλανήθη-

376 5629 503 5675 σαν,
534 5613 630 5664 καὶ
657 5611 832 5681 ὄρεσι,
865 5610 959 5662 καὶ
984 5609 1041 5660 ὲν
1078 5606 1387 5676 σπηλαίοις,
1415 5609 1510 5662 καὶ
1533 5609 1650 5671 ταῖς
1681 5607 1841 5669 ὀπαῖς
1885 5606 1982 5676 τῆς
2003 5607 2129 5675 γῆς,
2156 5607 2214 5660 ὲν
2249 5604 2521 5675 ἀταξίαις,
2556 5606 2808 5661 εῦτακτοι
2832 5607 3007 5673 ὄντες.
3047 5608 3263 5674 Ταύτην
3286 5610 3384 5680 τὴν
3405 5611 3613 5675 ἄνοιαν,

376 5705 606 5769 ἀξιώσαι
635 5707 778 5770 ἡμᾶς
806 5707 831 5757 ὁ
860 5702 988 5768 Θεὸς
1025 5702 1248 5769 φθάσαι.
1291 5718 1307 5750 ι
