4032 6208
367 333 469 397 7ί3

1478 352 1503 361 ”
1583 341 1978 405 OPUSCULA
2014 346 2401 412 ASCETICA.

3508 361 3615 423 τοι

372 472 512 546 Περὶ
536 468 653 546 τῆς
681 469 856 546 ἁγίας
882 471 1212 546 κοινωνίας,
1243 470 1343 546 καί
1376 474 1503 541 τοῦ,
1531 474 1694 530 ὅσων
1714 476 1948 546 ἀγαθῶν

2041 461 2110 516 De
2146 477 2331 546 sancta
2364 473 2730 546 communione
2756 488 2774 535 ;
2816 482 2863 528 et
2894 472 3033 542 quod
3060 474 3192 546 bona
3224 475 3370 528 nobis
3395 477 3619 540 pra'bc!,-

448 540 593 629 ’ἐμῆς
608 540 1006 629 ίξξέξετῑίξςπ-τὶ
1049 540 1333 629 “araxes.
1353 546 1504 612 μετά
1533 540 1816 629 ,καθαροῦ
1839 549 1947 604 τοῦ

441 609 796 675 συνειδότος
820 611 1042 677 ταύτης
1063 609 1421 681 μετάληψάι,
1451 616 1548 668 καί
1577 609 1874 671 κοινωνία.

442 721 549 790 ιμ’.
585 723 750 775 Οὐδὲν
776 723 833 775 δὲ
877 720 1018 775 οὕτω
1047 724 1183 794 πρός
1216 742 1275 778 τε
1303 725 1483 796 ψυχῆς
1529 729 1818 799 κάθαρσιν,
1854 731 1946 785 καὶ

368 814 647 884 φωτισμὸν
666 814 804 877 νοὸς,
819 815 913 866 καὶ
926 814 1176 884 σώματος
1194 817 1483 887 άγιασμὸν,
1502 821 1597 872 καὶ
1620 821 1945 893 ἀμφοτέρων

368 907 504 979 πρὸς
546 907 606 959 τὸ
637 905 909 976 θειότερον
947 908 1431 977 μεταστοιχείωσιν
1481 910 1577 971 καὶ
1607 911 1946 966 άθανασίανο

367 994 458 1049 ναὶ
491 994 619 1065 μὴν,
650 997 745 1050 καὶ
772 995 910 1065 πρὸς
947 995 1264 1066 ἀποτροπὴν
1305 997 1495 1050 παθῶν
1527 1000 1622 1052 καὶ
1649 999 1941 1069 δαιμόνων,

367 1087 399 1155 ἢ
431 1085 632 1155 μᾶλλον
658 1085 1002 1155 οἰκειοτέρως
1032 1086 1228 1151 εἰπεῖν,
1266 1087 1400 1158 πρὸς
1430 1089 1645 1154 ἕνωσιν,
1675 1092 1768 1143 καὶ
1806 1090 1941 1144 Θεοῦ

367 1176 516 1229 θείαν
538 1175 793 1246 ὑπερφυᾶ
806 1193 867 1230 τε
894 1176 1190 1244 συνάφειαν
1210 1178 1304 1231 καὶ
1331 1179 1654 1249 άνάκρασιν,
1689 1188 1943 1252 συνεργεῖ

366 1268 459 1320 καὶ
489 1266 861 1335 συμϐάλλεται
906 1268 1058 1336 ἡμῖν,
1094 1267 1169 1330 ὡς
1198 1269 1231 1338 ή
1260 1268 1319 1333 ἐξ
1358 1268 1683 1340 εἰλικρινοῦς
1714 1273 1942 1343 καρδίας

363 1374 422 1409 τε
456 1356 551 1410 καὶ
586 1356 902 1422 διαθέσεως,
939 1357 1058 1410 κατ’
1108 1360 1327 1428 ἐφικτὸν
1376 1360 1670 1432 ἀνθρώπῳ,
1713 1363 1942 1434 συνεχὴς

368 1449 667 1519 μετάληψις
694 1452 787 1503 καὶ
811 1451 1087 1516 κοινωνία,
1135 1451 1244 1503 τῶν
1278 1452 1469 1519 ἁγίων,
1512 1436 1815 1524 ἄχράντων,
1846 1457 1941 1508 καὶ

362 1538 669 1604 ἀθανάτων,
717 1541 813 1591 καί⁵
852 1540 1129 1603 ζωοποιῶν
1176 1543 1523 1611 μυστηρίωνο
1557 1544 1720 1599 αὐτοῦ
1756 1563 1939 1616 φαμεν

359 1628 452 1683 τοῦ
491 1630 676 1700 τιμίου
728 1630 1003 1700 σώματος,
1054 1631 1148 1685 καὶ
1176 1633 1407 1702 αἵματος
1451 1633 1543 1687 τοῦ
1584 1636 1810 1705 Κυρίου,
1846 1638 1936 1690 καὶ

360 1720 518 1786 Θεοῦ,
554 1722 646 1773 καὶ
678 1722 926 1792 Σωτῆρος
979 1721 1137 1793 ἡμῶν
1197 1723 1372 1794 Ἰησοῦ
1406 1724 1665 1795 Χριστοῦ.
1710 1725 1811 1779 Διά
1852 1743 1937 1780 τοι

363 1785 522 1865 τοῦτο
570 1785 866 1880 ἀναγκαῖον
906 1785 1272 1884 ώςμμάλιστα
1301 1816 1397 1870 καὶ
1440 1785 1569 1888 περὶ
1612 1816 1802 1872 τούτου
1833 1821 1941 1875 ἀπὸ
1971 1785 2010 1839 Β

372 1917 575 1986 σάρκα,
599 1916 693 1967 καὶ
720 1915 888 1968 πίνων
919 1931 1020 1985 μου
1049 1916 1111 1967 τὸ
1141 1907 1299 1983 αἷμα,
1333 1915 1389 1965 ὲν
1419 1913 1539 1981 ἐμοὶ
1576 1912 1747 1981 μένει,
1780 1912 1936 1980 κάγὼ

372 2007 430 2058 ὲν
464 2004 634 2075 αὐτῷ.
670 2002 863 2067 Καθὼς
900 2002 1187 2057 ἀπέστειλέ
1233 2019 1299 2072 με
1327 2005 1354 2056 6
1385 2001 1493 2066 ζῶν
1537 2003 1744 2072 Πατὴρ,
1781 2003 1938 2070 κάγὼ

375 2095 452 2159 ζῶ
478 2095 565 2148 διά
588 2096 684 2147 τὸν
725 2095 943 2162 Πατέρα
963 2110 976 2124 ·
1009 2096 1101 2147 καὶ
1131 2094 1160 2146 6
1192 2079 1419 2163 τρώγων
1451 2111 1539 2164 με,
1566 2095 1817 2158 κάκεῖνος
1844 2094 1937 2165 ζή-

376 2202 529 2240 σεται
553 2186 619 2238 δι⁹
650 2185 771 2253 ἐμέ.
803 2178 969 2246 Οὗτός
997 2186 1143 2237 ἐστιν
1175 2187 1202 2238 6
1233 2185 1417 2255 ἄρτος,
1448 2187 1475 2238 6
1503 2187 1566 2238 ὲκ
1590 2185 1681 2238 τοῦ
1710 2185 1938 2256 οὐρανοῦ

373 2275 636 2337 καταϐάςο
658 2275 752 2327 καὶ
770 2278 796 2327 6
812 2274 1039 2344 τρώγων
1058 2292 1159 2344 μου
1184 2275 1370 2327 τοῦτον
1389 2274 1478 2327 τὸν
1500 2275 1682 2345 ἄρτον,
1715 2274 1939 2346 ζήσεται

374 2366 453 2429 εἰς
473 2370 561 2419 τον
581 2367 769 2420 αἰῶνα.
812 2384 829 2416 ι
860 2368 968 2420 Καὶ
988 2369 1015 2420 6
1044 2364 1485 2438 Xptctozpdpocﬁé
1510 2367 1739 2430 Παῦλος,
1764 2369 1941 2421 τοιάδε

375 2458 569 2527 φησίν·
600 2474 619 2508 ι
666 2456 934 2526 Ἀδελφοὶ,
978 2458 1087 2525 ἐγὼ
1121 2459 1425 2527 παρέλαϐον
1458 2458 1567 2511 ἀπὸ
1597 2458 1690 2512 τοῦ
1718 2460 1940 2530 Κυρίου,

374 2551 403 2603 ὃ
440 2551 535 2603 καὶ
574 2549 867 2619 παρέδωκα
918 2551 1066 2619 ὑμῖν,
1105 2550 1185 2602 ὅτι
1232 2552 1259 2603 6
1289 2549 1491 2620 Κύριος
1534 2549 1850 2621 ’1ησοῦς,ὲν
1878 2553 1943 2621 τῇ

379 2634 589 2713 νυκτὶῇ
618 2641 953 2713 παρεδίδοτο,
981 2640 1169 2692 ἔλαϐεν
1200 2641 1381 2710 ἄρτον,
1406 2642 1498 2695 καὶ
1521 2642 1943 2725 εὐχαριστήσας,

376 2730 594 2795 εκλασε,
614 2733 705 2783 καὶ
727 2727 847 2783 εἷπε
873 2748 886 2760 ·
918 2731 1143 2795 Λάϐετε,
1169 2734 1391 2800 φάγετε,
1413 2733 1572 2785 τοῦτό
1604 2732 1704 2802 μού
1728 2735 1847 2785 ἐστι
1882 2735 1944 2784 τὸ

379 2821 537 2891 σῶμα
562 2822 624 2874 τὸ
649 2822 786 2887 ὑπὲρ
812 2822 841 2873 ὑ
850 2823 963 2890 μῶν
994 2821 1271 2891 κλώμενον
1292 2838 1307 2852 ο
1331 2821 1489 2876 τοδτο
1514 2825 1716 2876 ποιεῖτε
1745 2824 1825 2887 είς
1850 2824 1947 2893 τὴν

377 2911 515 2982 ἐμὴν
544 2912 865 2982 ἀνάμνησιν.
910 2912 1178 2975 Ὡσαύτως
1231 2913 1326 2967 καὶ
1371 2913 1432 2966 τὸ
1477 2914 1753 2984 ποτήριον,
1812 2916 1949 2984 μετὰ

378 3001 441 3055 τὺ
471 3004 770 3072 δειπνῆσαι,
811 3004 1011 3071 λέγων’
1059 3005 1228 3057 Τοῦτο
1279 3006 1354 3058 τὸ·
1372 3006 1649 3075 ποτήριον,
1703 3008 1736 3077 ή
1787 3006 1948 3077 καινὴ

381 3094 614 3165 διαθήκη
657 3096 826 3159 ἐστὶν,
880 3097 936 3147 ὲν
967 3094 1044 3165 τῷ
1099 3096 1217 3165 ὲμῷ
1270 3096 1490 3166 αἵματι*
1548 3096 1706 3149 τοῦτο
1746 3099 1947 3150 ποιεῖτε
1963 3104 2010 3166 ρ’

380 3186 567 3245 ὁσάκις
600 3185 665 3237 ἂν
707 3184 919 3255 πίνητε,
953 3186 1031 3248 είς
1059 3186 1156 3255 τὴν
1186 3186 1324 3255 ἐμὴν
1364 3186 1685 3257 ἀνάμνησιν.
1730 3187 1948 3250 Ὁσάκις

382 3277 490 3344 γὰρ
522 3274 587 3328 ἂν
623 3275 837 3347 ἐσθίητε
881 3276 971 3328 τὸν
1001 3277 1163 3344 ἄρτον
1194 3276 1401 3342 τοῦτον,
1457 3280 1548 3330 καὶ
1581 3278 1642 3331 τὸ
1690 3281 1949 3349 ποτήριον

382 3365 540 3418 τοῦτο
562 3365 751 3435 πίνητε
774 3407 789 3432 ,
816 3365 906 3419 τὸν
931 3364 1159 3419 θάνατον
1180 3365 1271 3418 τοῦ
1298 3367 1504 3439 Κυρίου
1526 3368 1946 3437 καταγγέλλετε,

383 3457 542 3527 ἄχρις
559 3451 620 3510 οὗ
646 3455 710 3509 ἂν
743 3455 891 3528 ἔλθῃ.
925 3456 1109 3522 Ὥστε,
1134 3457 1191 3519 ὃς
1222 3456 1286 3511 ἂν
1316 3458 1471 3528 ὲσθίῃ
1502 3458 1591 3511 τὸν
1623 3459 1787 3529 ἄρτον
1826 3459 1949 3513 τοῦ·

382 3562 495 3610 τον,
520 3542 554 3616 ἢ
590 3546 718 3615 πίνῃ
742 3545 802 3597 τὸ
836 3545 1092 3615 ποτήριον
1123 3545 1214 3598 τοῦ
1238 3547 1441 3614 Κυρίου
1480 3547 1732 3613 ἀναξίως,
1763 3549 1948 3619 ἔνοχος

385 3635 536 3687 ἔσται
574 3634 668 3689 τοῦ
722 3633 992 3704 σώματος,
1040 3636 1134 3689 καὶ
1172 3638 1265 3689 τοῦ
1311 3639 1542 3707 αἵματος
1578 3638 1672 3690 τοῦ
1719 3640 1946 3711 Κυρίου.

387 3723 733 3793 Δοκιμαζέτω
778 3726 837 3779 δὲ
872 3725 1156 3796 ἄνθρωπος
1186 3729 1397 3794 ἑαυτὸν,
1424 3730 1517 3783 καὶ
1558 3727 1732 3794 οὕτως
1760 3731 1824 3783 ὲκ
1855 3731 1948 3783 τοῦ

387 3815 551 3882 ἄρτου
585 3814 827 3881 ἐσθιέτω,
862 3816 956 3868 καὶ
988 3819 1052 3869 ὲκ
1076 3818 1168 3871 τοῦ
1195 3819 1456 3889 ποτηρίου
1486 3821 1710 3875 πινέτω.
1756 3821 1813 3874 '0
1838 3822 1948 3892 γὰρ

389 3903 580 3956 ἐσθίων
620 3907 716 3957 καὶ
752 3908 920 3959 πίνων
952 3908 1203 3975 ἀναξίως,
1239 3912 1621 3983 κρῖμαέαυτῷ
1658 3912 1825 3965 ἐσθίει
1855 3914 1948 3967 καὶ

392 3992 554 4058 πίνει,
588 3995 661 4064 μὴ
690 3995 978 4065 διακρίνων
1009 3999 1069 4052 τὸ
1100 4000 1258 4068 σῶμα
1285 4003 1378 4055 τοῦ
1413 4003 1640 4073 Κυρίου.
1668 4006 1765 4058 Δεὰ
1789 4005 1949 4059 τοῦτο

397 4091 594 4164 μέρους
619 4094 910 4163 διαλαϐεῖν,
935 4100 1028 4151 καὶ
1056 4101 1132 4170 τῷ
1163 4102 1349 4169 τοιῷδε
1385 4104 1639 4167 συντάξαι
1662 4105 1957 4176 πονήματι,

392 4186 487 4237 καὶ
508 4183 648 4239 οὕτω
673 4188 842 4257 πέρας
864 4189 1044 4244 δοῦναι
1068 4191 1145 4259 τῷ
1177 4192 1341 4263 λόγῳ.
1379 4195 1488 4247 Καὶ
1518 4194 1675 4249 τοῦτο
1713 4196 1844 4264 γοῦν
1867 4196 1961 4267 δῆ-

2113 538 2376 619 continua.
2411 540 2570 608 hujus
2611 558 2730 595 cum
2779 538 2915 610 puro
2963 545 3282 598 conscientia
3310 538 3532 611 receptio
3562 555 3610 598 et

2109 616 2430 661 communio.

2109 736 2197 793 91.
2232 736 2378 793 Nihil
2424 741 2611 811 utique
2637 744 2700 796 ad
2732 744 2926 798 animae
2962 747 3337 815 purgationem
3377 756 3426 802 et
3460 762 3610 800 meu-

2041 824 2109 883 tis
2152 828 2608 885 illuminationem
2638 842 2692 887 et
2722 834 2966 902 corporis
3015 835 3503 892 sanctiﬁcationem
3555 849 3612 890 et

2036 917 2325 973 amborum
2374 921 2439 975 ad
2502 920 2672 976 Deum
2731 924 3143 978 translationem
3222 925 3610 979 immortalita-

2037 1014 2255 1077 temque
2280 1010 2355 1064 ita
2382 1012 2627 1077 confert;
2654 1013 2764 1067 imo
2794 1030 2923 1068 vero
2949 1022 3002 1068 et
3032 1015 3096 1069 ad
3125 1016 3484 1084 cupiditatum
3508 1018 3614 1072 dar-

2036 1113 2374 1168 monumque
2410 1102 2801 1172 repulsionem,
2863 1114 2980 1168 aut,
3016 1114 3077 1160 ut
3110 1108 3289 1174 aptius
3317 1109 3517 1174 dicam,
3544 1112 3613 1163 ad

2038 1191 2297 1246 unionem
2356 1202 2411 1247 et
2474 1196 2943 1263 supernaturalem
2988 1212 3109 1251 cum
3137 1197 3249 1251 Deo
3280 1198 3617 1266 conjunctio-

2038 1301 2163 1341 nem
2196 1288 2683 1351 etimmistiouem,
2739 1290 2872 1344 nihil
2906 1290 2977 1345 ita
3017 1293 3069 1345 in
3104 1293 3261 1348 nobis
3293 1305 3618 1361 cooperator

2037 1388 2093 1434 et
2127 1379 2445 1445 auxiliatur,
2502 1392 2560 1434 ut
2603 1382 2865 1437 continua
2916 1393 3259 1446 sanctorum,
3306 1385 3611 1441 mundissi-

2038 1484 2277 1536 morum,
2326 1470 2738 1538 immortalium,
2795 1473 3139 1528 vivilicorum
3220 1476 3607 1546 mysteriorum

2038 1559 2284 1624 receptio
2317 1573 2380 1613 ac
2426 1562 2762 1626 communio,
2814 1576 2940 1617 cum
2989 1577 3129 1632 puro
3164 1563 3332 1619 corde
3358 1579 3424 1618 ac
3466 1574 3615 1619 recta

2038 1649 2418 1717 dispositione,
2450 1662 2715 1721 quantum
2746 1653 2948 1708 homini
2986 1655 3245 1724 possibile
3272 1665 3379 1720 est,
3414 1655 3613 1726 ipsius,

2038 1739 2296 1807 dicimus,
2338 1744 2637 1798 venerandi
2692 1745 2942 1813 corporis
2980 1753 3036 1800 et
3080 1745 3363 1815 sanguinis
3399 1746 3611 1800 Domini

2041 1840 2094 1886 et
2126 1829 2224 1886 Dei
2276 1842 2330 1887 et
2381 1833 2691 1889 Salvatoris
2735 1834 2914 1889 nostri
2946 1833 3335 1890 Jesu—Christi.
3381 1835 3615 1906 Ideoque

2040 1922 2411 1975 necessarium
2439 1933 2521 1977 est
2560 1931 2618 1976 ut
2645 1932 2699 1978 et
2724 1923 2790 1979 de
2823 1937 2888 1979 eo
2936 1923 3199 1978 nonnulla
3250 1938 3615 1994 exponamus,

2037 2024 2091 2069 et
2141 2004 2268 2070 huic
2322 2031 2466 2071 cura:
2520 2026 2731 2088 tempus
2787 2018 3192 2089 impendamus,
3260 2020 3455 2091 sicque
3511 2031 3617 2077 ter-

2037 2106 2242 2160 minum
2273 2115 2457 2162 nostro
2490 2110 2722 2163 sermoni
2756 2109 3125 2179 imponamus.

2110 2199 2285 2266 Atque
2314 2197 2368 2252 id
2406 2199 2571 2267 igitur
2623 2200 2976 2256 manifestum
3017 2209 3126 2266 est,
3185 2217 3295 2256 non
3342 2204 3506 2258 modo
3549 2220 3613 2259 ex

2036 2290 2122 2343 his
2150 2302 2272 2358 qua:
2299 2289 2474 2344 sancti
2504 2289 2718 2352 dicunt,
2775 2289 2869 2345 sed
2921 2291 3097 2345 multo
3133 2294 3307 2361 magis
3356 2308 3421 2346 ex
3479 2294 3616 2364 ipsis

2037 2385 2163 2437 vita:
2193 2397 2257 2437 ac
2282 2382 2529 2438 veritatis
2559 2384 2802 2437 auctoris
2835 2385 3082 2449 vocibus,
3125 2384 3487 2439 manifestius.
3524 2383 3619 2439 Di-

2036 2474 2110 2529 cit
2140 2474 2282 2529 enim
2318 2490 2333 2528 :
2365 2492 2385 2526 ι
2428 2458 2538 2545 Ego
2567 2489 2687 2529 sum
2720 2474 2876 2543 panis
2902 2474 3021 2529 vita:
3044 2475 3131 2541 ";
3170 2493 3189 2527 ι
3226 2484 3299 2538 et,
3334 2492 3352 2526 ι
3388 2476 3495 2530 lste
3538 2485 3621 2529 est

2036 2564 2193 2636 panis
2228 2565 2296 2618 de
2323 2564 2461 2619 caelo
2487 2565 2850 2629 descendens,
2883 2573 2943 2619 ut
2982 2565 3027 2622 si
3056 2565 3182 2637 quis
3213 2581 3278 2620 ex
3313 2565 3432 2636 ipso
3463 2581 3616 2620 man-

2037 2656 2340 2722 ducaverit,
2381 2670 2487 2710 non
2528 2656 2817 2711 moriatur.
2853 2654 2966 2729 Ego
2996 2672 3117 2713 sum
3148 2638 3302 2727 panis
3346 2657 3500 2713 vivus
3522 2658 3613 2727 qui

2036 2749 2102 2800 de
2136 2744 2276 2800 cmlo
2338 2745 2654 2811 descendit;
2690 2745 2735 2798 si
2766 2746 2890 2815 quis
2945 2746 3361 2801 manducaverit
3417 2762 3482 2799 ex
3516 2747 3619 2799 hoc

2038 2851 2195 2902 pane,
2228 2836 2373 2891 vivet
2432 2837 2487 2890 in
2518 2845 2802 2891 aeternum.
2842 2835 2907 2891 Et
2938 2840 3095 2906 panis
3144 2853 3305 2906 quem
3354 2854 3454 2907 ego
3479 2838 3622 2892 dabo

2037 2939 2165 2979 caro
2217 2941 2334 2979 mea
2356 2934 2439 2980 est
2466 2940 2564 2996 pro
2594 2924 2780 2979 mundi
2818 2925 2928 2979 vita
2959 2927 3025 2980 θ’.
3070 2942 3089 2978 ι
3135 2927 3220 2994 Ει,
3264 2945 3282 2979 ι
3320 2927 3436 2982 Nisi
3470 2942 3622 2981 man-

2036 3016 2369 3073 ducaveritis
2425 3034 2645 3075 carnem
2690 3019 2809 3077 Filii
2858 3019 3116 3088 hominis,
3146 3031 3199 3075 et
3232 3019 3479 3076 biberitis
3504 3018 3622 3088 ejus
3703 3086 3714 3097 _

2037 3110 2377 3180 ⁵³ηϐυίηθιῐι,
2400 3129 2509 3168 non
2538 3116 2807 3172 habebitis
2829 3117 2997 3171 vitam
3029 3116 3084 3171 in
3117 3113 3307 3180 vobis;
3341 3113 3433 3183 qui
3463 3126 3621 3167 mau-

2038 3201 2203 3257 ducat
2253 3220 2431 3261 meam
2485 3221 2707 3263 carnem
2752 3219 2806 3264 et
2858 3209 2994 3264 bibit
3043 3223 3222 3263 meum
3275 3206 3620 3275 sanguinem,

2040 3294 2198 3350 habet
2247 3296 2409 3351 vitam
2461 3309 2719 3354 aternam
2755 3300 2823 3353 ⁸³.
2864 3321 2883 3352 ι
2917 3300 2981 3354 Ει
3018 3300 3241 3354 adhuc:
3277 3316 3295 3352 ι
3332 3298 3475 3352 Caro
3504 3310 3620 3350 mea

2038 3399 2166 3440 vere
2192 3395 2275 3441 est
2296 3387 2471 3453 cibus,
2503 3396 2558 3444 et
2586 3390 2811 3459 sanguis
2842 3405 2997 3445 meus
3042 3405 3168 3443 vere
3190 3397 3273 3443 est
3299 3398 3499 3459 potus;
3528 3388 3621 3456 qui

2039 3479 2333 3533 manducat
2371 3493 2548 3534 meam
2580 3494 2798 3535 carnem
2827 3489 2883 3534 et
2908 3479 3041 3536 bibit
3067 3495 3245 3533 meum
3271 3478 3616 3549 sanguinem.

2040 3570 2093 3624 in
2132 3584 2218 3624 me
2251 3579 2469 3635 manet,
2504 3579 2559 3626 et
2586 3586 2687 3643 ego
2716 3572 2771 3625 in
2809 3571 2925 3625 illo.
2961 3570 3428 3637 Quemadmodum
3476 3569 3623 3625 misit

2042 3679 2130 3718 me
2153 3664 2341 3719 vivens
2370 3663 2547 3730 Pater,
2597 3672 2652 3719 et
2691 3678 2790 3732 ego
2838 3662 2964 3716 vivo
3021 3670 3240 3731 propter
3290 3660 3620 3726 Patrem;et

2040 3755 2134 3825 qui
2177 3754 2471 3811 manducet
2499 3770 2606 3819 me,
2636 3764 2690 3810 et
2720 3755 2810 3810 ille
2855 3754 2998 3810 vivet
3031 3762 3250 3824 propter
3279 3769 3385 3806 me.
3420 3750 3517 3806 Hic
3537 3764 3624 3808 est

2041 3849 2197 3918 panis
2245 3847 2339 3917 qui
2399 3845 2468 3903 de
2517 3847 2659 3902 cmlo
2715 3847 3039 3906 descendit:
3090 3856 3145 3901 et
3196 3846 3290 3916 qui
3332 3846 3626 3905 manducet

2042 3941 2189 3995 hunc
2222 3954 2435 4007 panem,
2472 3940 2617 3993 vivet
2647 3940 2700 3994 in
2729 3949 2989 3995 aeternum
3018 3942 3085 3996 ”.
3121 3958 3140 3991 ›
3188 3939 3255 3994 Et
3316 3938 3516 3993 Christi
3546 3940 3630 3992 dio

2039 4032 2289 4101 scipulus
2344 4031 2545 4087 Paulus
2596 4030 2711 4086 haec
2748 4032 2861 4086 ait:
2900 4050 2918 4083 ι
2953 4030 3194 4098 Fratres,
3247 4045 3347 4101 ego
3377 4029 3560 4099 accepi
3594 4043 3624 4081 a

2042 4122 2275 4178 Domino
2319 4121 2447 4179 Jesu
2483 4123 2630 4193 quod
2660 4133 2713 4179 et
2744 4122 2941 4178 tradidi
2998 4122 3176 4187 vobis,
3216 4121 3472 4191 quoniam
3515 4119 3625 4174 Do-

2044 4216 2228 4271 minus
2259 4213 2422 4271 Jesus
2443 4215 2498 4269 in
2523 4230 2629 4286 qua
2658 4222 2817 4269 nocte
2842 4213 3172 4277 tradebatur,
3200 4212 3409 4282 accepit
3430 4226 3625 4281 panem

388 4274 501 4378 10v,
543 4276 604 4329 οὐ
656 4278 815 4346 μόνον
856 4279 915 4346 ἐξ
958 4274 1032 4334 ὧν
1075 4282 1403 4351 φθέγγονται
1437 4287 1485 4338 οἱ
1521 4286 1687 4355 ἅγιοι,
1729 4288 1865 4343 ἄλλά
1895 4307 1948 4359 γε

2043 4316 2099 4362 et
2138 4306 2343 4377 gratias
2371 4274 2557 4378 agens:
2593 4304 2754 4375 fregit
2792 4318 2858 4358 ac
2892 4303 3031 4358 dixit
3068 4320 3083 4357 :
3113 4303 3360 4372 Accipite
3389 4314 3444 4357 et
3473 4316 3629 4356 man-

389 4365 567 4435 πολλῷ
596 4368 778 4435 πλέον,
811 4370 869 4436 ἐξ
907 4371 1086 4425 αὐτῶν
1119 4374 1226 4427 τῶν
1254 4375 1354 4444 τῆς
1392 4376 1817 4447 αὑτοζωῆςυκαὶ
1857 4381 1957 4435 αὑ-

2047 4400 2246 4455 ducate
2279 4417 2295 4455 :
2328 4400 2432 4454 hoc
2467 4410 2549 4454 est
2573 4413 2772 4469 corpus
2802 4412 3004 4462 meum,
3034 4397 3177 4467 quod
3212 4409 3311 4465 pro
3335 4394 3490 4450 vobis
3516 4405 3625 4449 tra-

388 4454 706 4519 τοαληθείας
744 4460 1023 4528 ῥημάτων,
1056 4462 1307 4532 ὲκδηλότε
1319 4482 1428 4535 ρον.
1450 4486 1469 4519 ι
1503 4469 1665 4535 Λέγει
1691 4470 1784 4523 καὶ
1808 4470 1948 4541 γάρ¹

2052 4494 2206 4547 detur
2240 4507 2257 4546 :
2300 4492 2401 4547 hoc
2433 4490 2592 4546 facite
2622 4491 2675 4545 in
2713 4504 2886 4544 meam
2918 4488 3517 4544 commemorationem.
3541 4485 3627 4540 Si-

396 4564 415 4597 ι
466 4547 605 4614 Ἐγώ
638 4549 754 4617 εἰμι
781 4549 808 4599 6
841 4549 1006 4619 ἄρτος
1035 4552 1134 4623 τῆς
1168 4554 1331 4626 ζωῆς.
1364 4574 1382 4609 ι
1421 4558 1530 4611 Καὶ
1560 4554 1712 4623 οὗτός
1760 4561 1907 4615 ἐστιν
1928 4563 1957 4615 6

389 4638 552 4708 ἄρτος
577 4642 603 4691 6
635 4640 700 4692 ὲκ
727 4641 821 4693 τοῦ
847 4643 1077 4712 οὐρανοῦ
1124 4646 1487 4723 καταϐαίνων,
1519 4650 1607 4704 ἵνα
1643 4668 1726 4714 τις
1756 4651 1815 4718 ἐξ
1857 4653 1957 4706 αὐ-

387 4728 480 4781 τοῦ
508 4731 676 4800 φάγῃ,
701 4734 791 4784 καὶ
816 4733 890 4805 μὴ
916 4735 1181 4807 ἀποθάνῃ.
1221 4738 1363 4805 Ἐγώ
1389 4742 1504 4809 είμι
1528 4744 1556 4795 6
1581 4742 1741 4811 ἄρτος
1768 4744 1797 4796 6
1822 4743 1953 4811 ζῶν,

386 4821 414 4871 6
442 4821 505 4871 ἐκ
535 4820 626 4874 τοῦ
667 4823 898 4893 οὐρανοῦ
932 4826 1177 4889 καταϐάς
1201 4842 1213 4857 °
1246 4830 1338 4881 ἐάν
1377 4847 1460 4894 τις
1490 4832 1637 4903 φάγῃ
1677 4836 1741 4887 ἐκ
1764 4835 1954 4888 τούτου

385 4908 480 4963 τοῦ
538 4914 724 4983 ἄρτου,
771 4915 995 4986 ζήσεται
1040 4921 1119 4983 είς
1164 4920 1254 4972 τὸν
1296 4923 1494 4976 αἰῶναο
1526 4924 1623 4977 καὶ
1650 4927 1678 4977 6
1707 4926 1867 4997 ἄρτος
1897 4928 1954 4982 δν

386 4999 496 5069 ἐγὼ
519 5001 694 5070 δώσω,
720 5008 752 5075 ὴ
776 5007 913 5077 σάρξ
943 5026 1044 5079 μου
1073 5012 1239 5075 ἐστὶν,
1273 5012 1339 5082 ἥν
1364 5012 1474 5081 ἐγὼ
1497 5014 1671 5081 δώσω,
1694 5018 1835 5089 ὑπὲρ
1859 5022 1953 5090 τῆς

385 5092 478 5145 τοῦ
530 5094 735 5162 κόσμου
776 5097 942 5167 ζωῆς.
978 5120 997 5153 ι
1058 5102 1169 5155 Καί
1196 5119 1210 5133 ο
1246 5121 1265 5154 ι
1312 5104 1437 5159 Ἐὰν
1484 5107 1557 5177 μὴ
1599 5110 1808 5177 φάγητε
1858 5111 1952 5181 τὴν

389 5182 566 5254 σάρκα
593 5187 685 5239 τοῦ
717 5188 846 5241 Υίοῦ
885 5192 978 5243 τοῦ
1012 5193 1323 5264 ἀνθρώπου,
1359 5198 1451 5250 καὶ
1501 5199 1659 5268 πίητε
1697 5200 1862 5254 αὑτοῦ
1894 5204 1954 5257 τὸ

385 5269 544 5343 αἷμα,
575 5277 674 5330 οὐκ
704 5278 854 5348 ἔχετε
883 5279 1025 5351 ζωὴν
1059 5286 1114 5336 ὲν
1134 5285 1341 5348 ἑαυτοῖς
1361 5290 1435 5341 '6
1465 5290 1689 5357 τρώγων
1719 5309 1819 5360 μου
1853 5294 1951 5365 τὴν

384 5366 584 5436 σάρκα,
607 5370 703 5421 καὶ
734 5370 906 5422 πίνων
938 5391 1037 5439 μου
1064 5376 1124 5428 τὸ
1148 5372 1306 5445 αἷμα,
1337 5379 1450 5448 ἔχει
1481 5380 1626 5450 ζωὴν
1649 5383 1885 5438 αίώνιον.
1922 5405 1940 5438 ι

385 5452 536 5542 "En:
574 5474 595 5507 ι
645 5457 709 5508 Ἦ
741 5459 849 5527 γάρ
882 5459 1019 5530 σάρξ
1042 5481 1163 5532 μου,
1198 5467 1401 5539 ἀληθής
1434 5468 1548 5522 ἐστι
1579 5472 1813 5542 βρῶσις,
1854 5478 1948 5529 καὶ

364 5543 442 5628 ,τὸ
466 5539 606 5612 αἷμά
636 5564 757 5615 μου.
796 5548 1004 5619 ἀληθής
1032 5554 1148 5607 ἐστι
1184 5557 1371 5622 πόσιςο
1399 5561 1427 5613 6
1455 5539 1681 5630 τρώγων
1713 5581 1815 5633 μου
1848 5567 1947 5636 τὴν

460 5751 504 5783 ⁸⁸
532 5751 687 5808 Joan.
732 5768 805 5819 vn,
849 5755 937 5809 35.
1042 5758 1086 5790 "
1138 5759 1267 5814 ibid.
1321 5762 1513 5821 50-52.

1620 5769 1663 5801 ⁸⁸
1699 5770 1828 5826 ibid.
1874 5775 2057 5834 56-55.

2049 4584 2251 4640 militer
2282 4592 2337 4638 et
2370 4582 2618 4647 calicem,
2650 4592 2939 4651 postquam
2974 4581 3227 4645 coenavit,
3264 4578 3500 4633 dicens-z
3529 4576 3629 4631 llic

2047 4675 2185 4730 calix
2239 4689 2442 4729 novum
2498 4672 2907 4728 Testamentum
2942 4679 3026 4725 est
3075 4671 3128 4723 in
3176 4683 3296 4723 meo
3326 4667 3627 4738 sanguine;

2046 4766 2155 4823 hoc
2208 4765 2393 4832 facite,
2447 4766 2889 4837 quotiescunque
2919 4762 3140 4826 hibetis,
3176 4760 3228 4814 in
3268 4774 3444 4815 meam
3478 4773 3631 4813 com-

2048 4860 2525 4915 memorationem.
2584 4856 3036 4925 Quotiescunque
3058 4854 3202 4907 enim
3230 4850 3629 4908 manducabitis

2048 4966 2238 5016 panem
2272 4954 2436 5016 hunc,
2469 4956 2525 5004 et
2554 4949 2779 5005 calicem
2813 4947 2962 5001 illum
3003 4946 3222 5011 bibetis,
3255 4954 3484 4999 mortem
3515 4944 3626 4998 Do-

2051 5045 2184 5099 mini
2209 5040 2632 5108 annuntiabitis,
2656 5042 2828 5098 donec
2853 5040 3057 5094 veniat.
3082 5037 3185 5105 Qui
3216 5037 3631 5093 manducaverit

2049 5152 2241 5205 panem
2274 5136 2438 5201 hunc,
2478 5135 2561 5189 vel
2608 5133 2807 5190 biberit
2856 5132 3080 5187 calicem
3120 5129 3334 5184 Domini
3389 5129 3627 5199 indigne,

2049 5244 2178 5283 reus
2210 5227 2316 5282 erit
2345 5225 2590 5296 corporis
2619 5236 2672 5279 et
2716 5223 2998 5294 sanguinis
3032 5222 3273 5277 Domini.
3310 5220 3509 5276 Probet
3530 5220 3629 5286 igi-

2048 5333 2136 5377 tur
2170 5321 2409 5388 seipsum
2460 5320 2644 5380 homo,
2684 5326 2738 5370 et
2767 5316 2849 5371 sic
2888 5315 2957 5370 de
2989 5330 3126 5385 pane
3169 5315 3261 5369 illo
3290 5312 3542 5368 comedat
3567 5321 3623 5364 et

2046 5416 2115 5471 de
2146 5415 2319 5470 calice
2354 5413 2526 5468 bibat.
2560 5411 2663 5477 Qui
2724 5409 3021 5465 manducet
3072 5418 3128 5462 et
3188 5407 3324 5463 bibit
3390 5403 3629 5471 indigne,

2044 5508 2310 5579 judicium
2332 5505 2436 5560 sibi
2456 5503 2618 5558 mand
2637 5511 2766 5557 ucat
2786 5510 2839 5555 et
2857 5500 3011 5562 bibit,
3037 5515 3144 5552 non
3169 5496 3486 5565 dijudicaos
3505 5507 3631 5547 cor-

2049 5617 2153 5673 pus
2188 5597 2426 5653 Domini.
2461 5595 2588 5650 Ideo
2620 5596 2762 5650 inter
2789 5607 2887 5648 vos
2930 5590 3087 5646 multi
3122 5587 3334 5643 infirmi
3376 5593 3432 5642 et
3456 5584 3632 5639 imbe-

2170 5776 2213 5808 ⁶⁹
2244 5772 2374 5830 ibid.
2403 5770 2589 5827 56-59.
