4032 6208
438 338 548 401 ’195

1275 345 1623 406 CALLISTI
1662 345 1759 405 ET
1809 346 2109 407 IGNATII
2145 345 2845 407 XANTHOPULOBUM

3586 352 3691 417 795

440 452 596 507 cilles
646 464 695 507 et
728 453 1007 508 dormiunt
1048 453 1225 509 multi.
1256 454 1313 510 Si
1346 459 1712 530 nosmetipsos
1744 459 2014 530 dijudica-

2128 456 2188 508 ἐν
2216 456 2346 525 ἡμῖν
2375 459 2559 513 πολλοὶ
2595 462 2842 528 ἀσθενεῖς
2874 471 2969 519 καὶ
2999 469 3290 541 ἄρρωστοι,
3328 477 3422 529 καὶ
3457 483 3704 549 κοιμῶν-

444 557 650 603 remus,
682 558 790 596 non
827 543 1013 612 utique
1034 544 1432 615 judicaremur.
1484 546 1621 602 Dum
1658 558 1836 603 autem
1864 550 2010 619 judi-

438 648 649 697 camur,
703 647 732 687 a
790 632 1021 690 Domino
1086 638 1433 707 corripimur,
1483 650 1544 694 ut
1593 655 1700 694 non
1748 655 1872 695 cuin
1907 640 2014 697 hoc

438 721 644 774 mundo
669 721 996 778 damnemur
1018 726 1084 778 ".
1124 745 1145 777 ι

434 828 589 894 Quod
622 847 828 908 necesse
860 844 937 887 est
967 835 1168 908 disc-ere
1192 854 1468 891 sacrorum
1502 841 1875 908 mysteriorum
1914 845 2015 895 nti-

507 900 752 982 raculum
770 918 789 966 ;
814 913 863 957 et
892 906 1019 982 quid
1049 916 1148 971 est,
1178 918 1228 961 et
1260 924 1425 977 quare
1449 900 1636 964 datum
1669 921 1769 975 est,
1797 919 1848 965 et
1870 928 2015 982 quc-

508 985 631 1022 nam
671 972 818 1027 illius
851 974 1078 1028 utilitas.

507 1083 598 1139 92.
626 1084 834 1140 Scribit
856 1097 1038 1142 autem
1069 1087 1496 1158 Chrysostomus
1529 1108 1545 1146 :
1576 1110 1597 1145 ι
1629 1092 2011 1163 Mysteriornm

436 1177 762 1233 miraculum
824 1180 955 1249 quid
986 1181 1059 1236 sit
1110 1182 1323 1237 discere
1382 1186 1753 1239 necessarium
1800 1196 1904 1251 est,
1958 1198 2014 1243 et

428 1284 681 1335 quaenam
714 1272 787 1325 sit
805 1270 971 1338 hujus
992 1272 1070 1326 rei
1103 1272 1331 1327 utilitas.
1364 1272 1541 1328 Unum
1574 1291 1777 1346 corpus
1796 1294 2011 1341 sumus,

428 1365 485 1409 et
518 1359 760 1417 membra
801 1374 866 1412 ex
896 1374 1063 1413 carne
1096 1361 1308 1415 Domini
1346 1364 1517 1417 nostri
1553 1364 1680 1419 Jesu
1709 1366 1937 1431 Christi,
1960 1378 2015 1423 et

428 1464 493 1501 ex
520 1448 738 1505 ossibus
766 1451 909 1519 ejus.
951 1450 1056 1518 Qui
1102 1463 1282 1508 autem
1333 1454 1533 1511 initiati
1570 1470 1719 1522 sunt,
1774 1458 1842 1513 iis
1890 1475 2014 1529 qua

429 1538 691 1593 dicuntur
723 1554 912 1595 aurem
942 1553 1201 1612 prastent
1228 1584 1244 1608 ,
1273 1553 1332 1598 ut
1379 1561 1486 1600 nou
1513 1548 1679 1601 modo
1706 1551 2010 1603 secundum

428 1630 753 1697 charitatem
783 1632 839 1687 id
881 1634 1098 1699 ﬁamus,
1134 1638 1227 1691 sed
1260 1638 1432 1705 reipsa
1468 1638 1522 1692 in
1578 1654 1741 1694 unam
1792 1656 2009 1695 carnem

435 1720 761 1776 misceamur
785 1739 801 1788 ;
838 1723 891 1777 id
920 1740 1016 1793 per
1036 1726 1217 1780 cibum
1254 1727 1504 1781 elfectum
1530 1739 1635 1793 est,
1664 1745 1825 1799 quem
1854 1731 2011 1787 nobis

428 1810 657 1879 largitus
681 1821 788 1878 est,
826 1816 986 1870 nobis
1014 1831 1254 1871 amorem
1278 1834 1439 1888 quem
1482 1821 1539 1875 in
1570 1838 1673 1877 nos
1715 1822 1897 1887 habet,
1917 1838 2008 1874 vo-

428 1902 549 1957 lens
605 1906 916 1961 ostendere.
948 1908 1073 1963 Ideo
1108 1911 1267 1967 nobis
1324 1912 1567 1983 seipsum
1603 1915 1924 1981 immiscuit,
1954 1925 2010 1973 et

426 1996 659 2051 inseruit
688 1998 741 2052 in
779 2000 937 2056 nobis
960 2016 1158 2071 corpus
1179 2018 1365 2069 suum,
1395 2014 1452 2058 ut
1486 2020 1657 2059 unum
1683 2005 2008 2075 efﬁciamur,

428 2095 687 2158 tanquam
722 2106 923 2161 corpus
971 2095 1139 2163 capiti
1178 2097 1414 2151 unitum.
1452 2095 1510 2152 ld
1536 2098 1682 2152 enim
1710 2107 1795 2152 est
1839 2098 2007 2152 vehe-

426 2191 635 2238 menter
678 2184 1045 2254 diligentium.
1082 2188 1240 2253 Quod
1276 2190 1509 2245 inuuens
1537 2190 1642 2245 Job
1690 2190 1906 2246 dicebat
1938 2191 2007 2246 de

427 2272 601 2327 servis
635 2274 773 2338 suis,
796 2277 999 2343 quibus
1040 2290 1161 2333 erat
1194 2280 1374 2335 vivide
1424 2281 1826 2346 desiderabilis,
1854 2282 2001 2353 quod

426 2376 669 2418 amorem
706 2379 867 2419 suum
918 2369 1235 2423 ostendendi
1282 2386 1446 2425 causa
1479 2371 1735 2426 dicebant
1779 2389 1795 2426 :
1836 2371 2003 2438 «Quis

428 2455 521 2508 det
553 2454 713 2510 nobis
744 2456 811 2510 de
852 2460 1113 2515 carnibus
1136 2462 1255 2532 ejus
1297 2463 1583 2539 saturari?
1616 2464 1738 2519 Ideo
1766 2474 1822 2519 et
1844 2463 2003 2519 Chri-

425 2553 545 2601 stus
579 2546 711 2602 illud
738 2547 938 2615 eiecit,
980 2552 1047 2605 ad
1096 2552 1359 2622 majorem
1405 2556 1702 2610 amicitiam
1748 2571 1849 2612 nos
1895 2556 2001 2611 du-

423 2652 576 2703 i-cns,
614 2650 669 2693 et
723 2657 885 2697 suum
923 2645 979 2697 in
1009 2659 1111 2700 nos
1153 2660 1397 2702 amorem
1446 2649 1760 2711 ostendens,
1797 2664 1905 2703 non
1938 2663 2001 2703 se

425 2733 805 2785 tantummodo
832 2733 992 2789 nobis
1033 2736 1324 2792 videndum
1350 2739 1606 2810 praebuit,
1636 2739 1733 2795 sed
1758 2748 1813 2793 et
1846 2740 2001 2809 cupi-

427 2821 646 2875 entibus
675 2825 1003 2893 [augendum
1036 2843 1101 2883 ac
1126 2830 1601 2896 manducandum;
1630 2841 1684 2885 et
1708 2831 1861 2886 carni
1885 2845 1999 2886 sum
2050 2878 2054 2882 .

434 2931 534 2972 nos
560 2919 701 2973 uuiri
738 2921 903 2976 voluit
957 2931 1013 2978 et
1041 2927 1285 2981 connecti
1324 2936 1382 2982 et
1436 2937 1608 2981 totum
1662 2910 1995 2983 desiderium

428 3021 673 3066 nostrum
701 3016 1043 3083 compleri...
1080 3015 1145 3071 Et
1166 3018 1346 3074 adhuc
1371 3036 1390 3075 :
1422 3036 1443 3072 ι
1477 3019 1581 3086 Qui
1609 3018 1739 3075 huic
1765 3020 2000 3074 sanctis-

426 3103 567 3157 simo
602 3108 820 3176 corpori
852 3123 919 3161 ac
969 3111 1282 3166 venerando
1332 3112 1587 3183 sanguini
1643 3111 1994 3183 participant.
2026 3145 2068 3202 ο

422 3210 549 3249 cum
599 3198 808 3266 angelis
836 3202 1252 3270 etarcbangelis
1286 3217 1350 3259 ac
1386 3204 1705 3259 cmlestibus
1734 3204 1995 3273 potentiis

426 3288 636 3350 sedent,
692 3292 892 3359 iegiam
930 3291 1133 3347 Christi
1182 3304 1389 3349 vestem
1441 3296 1725 3351 induentes
1751 3302 1808 3351 et
1843 3310 1993 3350 arma

422 3385 689 3442 habentes
726 3386 988 3445 cmicstil.
1018 3384 1121 3445 Sed
1161 3402 1268 3444 non
1305 3388 1484 3445 adhuc
1524 3387 1819 3457 quidquam
1846 3387 1998 3443 dise-

425 3489 595 3549 runt;
629 3481 802 3551 ipsum
836 3481 979 3536 enim
1026 3496 1207 3552 regem
1242 3483 1555 3538 induerunt.
1598 3480 1703 3539 Sed
1731 3483 1997 3553 quemad-

428 3577 652 3629 modum
686 3574 817 3629 illud
846 3586 928 3629 est
959 3590 1216 3644 magnum
1245 3586 1298 3630 et
1334 3578 1674 3631 tremendum
1705 3585 1761 3631 et
1788 3576 1997 3630 miran-

424 3666 575 3731 dum,
616 3667 689 3720 ita
740 3667 786 3721 si
830 3683 954 3723 cum
1009 3669 1246 3737 puritate
1284 3668 1538 3733 accedas,
1594 3668 1876 3723 accessisti
1926 3666 1995 3721 ad

420 3758 655 3813 salutem
684 3774 700 3823 ;
731 3759 776 3813 si
808 3774 937 3814 vero
966 3773 1092 3813 cum
1133 3760 1272 3813 mala
1303 3759 1659 3821 conscientia,
1692 3762 1745 3813 in
1778 3772 1993 3828 poenam

419 3864 486 3905 ac
534 3850 885 3919 supplicium.
910 3848 1013 3915 Qui
1044 3850 1189 3902 enim
1226 3864 1427 3918 corpus
1450 3861 1505 3903 et
1534 3849 1854 3919 sanguinem
1890 3847 1996 3903 Do-

420 3942 553 3996 mini
577 3942 870 3995 manducat
897 3955 961 3995 ac
983 3938 1119 3995 bibit
1146 3941 1387 4010 indigne,
1409 3939 1678 4010 judicium
1707 3940 1812 3995 sibi
1837 3955 1995 3996 man-

417 4035 584 4090 ducat
613 4049 679 4088 ac
710 4033 862 4088 bibit.
898 4034 959 4089 Si
1006 4033 1149 4087 enim
1190 4034 1281 4103 qui
1322 4033 1524 4108 regiam
1567 4046 1863 4103 purpuram
1910 4032 1995 4088 in-

417 4130 806 4199 quinaverunt,
845 4142 953 4181 non
996 4127 1178 4181 minus
1207 4125 1509 4195 puniuntur
1538 4140 1699 4196 quam
1744 4124 1838 4195 qui
1871 4140 1993 4180 eam

416 4221 814 4281 laceraverunt,
857 4218 1081 4272 omnino
1110 4227 1538 4273 consentaneum
1570 4226 1657 4273 est
1697 4226 1759 4273 ut
1800 4229 1857 4273 et
1897 4218 1993 4290 qui

415 4324 615 4379 corpus
642 4325 766 4365 cum
799 4310 1086 4379 inquinata
1124 4309 1459 4364 conscientia
1495 4309 1821 4379 receperint,
1847 4325 1996 4366 eam-

408 4403 530 4455 dem
556 4416 772 4471 pmnam
802 4402 1029 4456 subeant
1072 4416 1137 4455 ac
1158 4402 1249 4470 qui
1274 4416 1371 4471 per
1400 4400 1581 4456 clavos
1606 4402 1736 4457 illud
1762 4403 1991 4474 fregere.

2126 564 2216 601 ται
2268 549 2459 603 ίκανοί.
2506 552 2570 605 Εί
2618 555 2729 624 γὰρ
2786 558 3012 622 ἑαυτοὺς
3063 562 3426 635 διεκρίνομεν,
3482 572 3585 623 οὐκ
3636 574 3704 627 ἂν

2126 640 2480 711 ἐκρινόμεθαο
2534 646 2844 715 κρινόμενοι
2894 650 2951 701 δέ
3014 652 3119 704 ὑπὸ
3167 654 3260 707 τοῦ
3299 659 3511 727 Κυρίου
3572 680 3703 716 παι-

2124 729 2411 801 δευόμεθα,
2442 733 2528 787 ῖνα
2564 737 2638 805 μὴ
2666 737 2764 790 σὺν
2799 738 2869 808 τῷ
2898 740 3087 811 κόσμῳ
3110 747 3559 820 κατακριθῶμεν.
3601 773 3622 805 ι

2126 862 2256 915 Ὀτι
2315 866 2644 987 ἁναῖσιιαῖον
2691 872 2907 938 μαθεῖν
2972 876 3041 928 τὸ
3092 878 3288 947 θαῦμα
3340 879 3465 934 τῶν
3517 886 3703 954 ἁγίων

2192 948 2427 987 μυστηο
2455 953 2570 987 ων·
2600 940 2697 987 καὶ
2719 942 2777 987 τί
2800 947 2946 987 ποτέ
2970 944 3103 987 em.
3124 964 3137 976 -
3171 952 3264 987 an.)
3290 950 3388 987 λιιι
3411 953 3472 987 ,1
3501 954 3680 987 ιιλκιι..

2188 940 2570 1023 μυστηρίων-ς
2600 940 2697 1023 καί
2719 942 2777 993 τί
2800 947 2946 997 ποτε
2970 944 3105 999 ἐστι
3124 964 3137 976 ·
3169 940 3267 1002 κὲιὶ
3290 950 3389 1003 διὰ
3411 953 3472 1004 τί
3496 940 3702 1023 ἐόἶθη,

2194 1008 2292 1055 καὶ
2318 1008 2411 1070 τίς
2448 1006 2487 1074 ή
2526 1006 2805 1075 ὠφέλεια.

2194 1113 2301 1183 ιιβν.
2339 1115 2546 1186 Γράφει
2575 1118 2632 1170 δέ
2658 1121 2751 1172 καὶ
2780 1121 2809 1172 6
2835 1122 3279 1195 Χρυπρῤήμων*
3308 1146 3329 1179 ε
3376 1130 3699 1200 Ἀναγκαῖον.

2124 1204 2316 1273 μαθεῖν
2358 1206 2421 1257 τὸ
2468 1207 2654 1277 θαῦμα
2691 1210 2803 1263 τῶν
2843 1215 3157 1285 μυστηρίων
3183 1218 3236 1269 τί
3271 1222 3399 1273 ποτέ
3427 1223 3569 1288 ἐστι,
3608 1227 3701 1278 καὶ

2118 1294 2206 1346 διὰ
2234 1295 2287 1347 τί
2314 1295 2494 1365 ἐδόθη,
2522 1300 2617 1351 καὶ
2642 1300 2720 1362 τίς
2751 1302 2785 1370 ἡ
2825 1302 3064 1371 ὠφέλεια
3094 1307 3188 1359 τοῦ
3215 1309 3561 1380 πράγματος.
3605 1316 3705 1366 Ἕν

2122 1383 2281 1453 σῶμά
2328 1388 2515 1456 ἐσμεν,
2565 1389 2657 1441 καὶ
2702 1390 2861 1460 μέλη,
2894 1394 2958 1444 ἐκ
3001 1397 3100 1463 τῆς
3133 1399 3334 1466 σαρκὸς
3356 1399 3452 1451 τοῦ
3483 1403 3702 1473 Κυρίου

2120 1475 2276 1544 ημῶν
2314 1477 2487 1546 Ἰησοῦ
2519 1479 2775 1555 Χριστοῦ,
2808 1482 2903 1534 καὶ
2934 1484 2999 1535 ἐκ
3045 1486 3153 1537 τῶν
3185 1488 3388 1541 ὀστέων
3414 1491 3606 1544 αὑτοῦ.
3634 1497 3702 1546 Ui

2119 1565 2176 1617 δὲ
2207 1568 2567 1637 μεμυημένοι,
2601 1570 3183 1640 παρακολουθείτωσαν
3215 1579 3323 1640 τοῖς
3352 1579 3699 1649 λεγομένοις

2122 1658 2210 1709 ῖνα
2247 1655 2339 1712 οὖν
2362 1660 2437 1729 μὴ
2465 1660 2624 1729 μόνον
2663 1664 2804 1716 κατά
2828 1664 2926 1732 τὴν
2956 1666 3176 1735 ἀγάπην
3201 1668 3358 1721 τοῦτο
3378 1670 3697 1739 γενώμεθα,

2044 1796 2084 1850 Β
2120 1748 2257 1801 ἀλλὰ
2300 1752 2393 1802 καὶ
2425 1753 2543 1803 κατ’
2594 1754 2725 1805 αὐτὸ
2773 1755 2834 1806 τὸ
2861 1756 3096 1824 πρᾶγμα
3126 1760 3206 1819 εἰς
3243 1760 3461 1828 ἐκείνην
3487 1763 3699 1815 ἀνακε-

2122 1846 2408 1916 ρασθῶμεν
2436 1848 2534 1918 τὴν
2580 1850 2779 1918 σάρκα,
2806 1850 2894 1903 διὰ
2922 1851 3126 1921 τροφῆς
3155 1852 3315 1905 τοῦτο
3349 1855 3582 1922 γίνεται,
3624 1860 3698 1928 ἢν

2118 1938 2424 2006 ἐχαρίσατο,
2471 1938 2789 2012 βουλόμενος
2854 1943 2988 2011 ἡμῖν
3033 1942 3202 2007 δεῖξαι
3255 1946 3345 1997 τὸν
3391 1947 3578 2011 πόθον,
3628 1948 3694 2000 ὂν
3752 1983 3770 2011 ,

2116 2026 2229 2099 εχει
2268 2029 2403 2099 πρὸς
2452 2032 2619 2100 ἡμᾶς.
2662 2032 2761 2086 Διά
2796 2033 2955 2086 τοῦτο
2989 2034 3246 2102 ἀνέμιξεν
3284 2038 3415 2104 ἡμῖν
3460 2039 3684 2102 ἐαυτὸν,

2111 2129 2207 2181 καὶ
2238 2130 2473 2199 ἀνέφυρε
2499 2130 2561 2183 τὸ
2586 2132 2746 2200 σῶμα
2775 2132 2941 2185 αὐτοῦ
2969 2134 3049 2197 είς
3082 2133 3253 2203 ημᾶς,
3293 2134 3378 2185 ἵνα
3411 2133 3470 2185 ἓν
3500 2135 3686 2200 γενώ-

2112 2218 2250 2287 μεθα
2288 2220 2539 2290 καθάπερ
2570 2222 2730 2291 σῶμα
2770 2223 2982 2293 κεφαλῇ
3026 2224 3393 2295 συνημμένον.
3418 2224 3543 2276 Τῶν
3572 2227 3688 2295 γὰρ

2110 2310 2313 2379 σφόδρα
2356 2311 2663 2365 ποθούντων
2703 2315 2821 2366 ἐστὶ
2863 2314 3042 2371 τοῦτο.
3087 2315 3258 2369 Τοῦτο
3306 2317 3437 2385 γοῦν
3477 2319 3507 2370 6
3558 2318 3686 2370 ’1ὼὸ

2107 2401 2497 2470 αἰνιττόμενος,
2524 2402 2676 2470 ἔλεγε
2723 2404 2854 2475 περὶ
2892 2406 3002 2458 τῶν
3052 2407 3303 2473 οἰκετῶν,
3334 2402 3416 2470 οἷς
3452 2403 3522 2477 ἦν
3559 2408 3685 2478 μεθ’

2105 2490 2412 2560 ὑπερϐολῆς
2434 2492 2700 2556 ποθεινὸς,
2729 2495 2812 2548 ὅτι
2840 2496 2904 2566 δὴ
2934 2496 3027 2548 τὸν
3054 2497 3219 2549 πόθον
3250 2497 3681 2567 ἐνδεικνύμενοι,

2104 2577 2289 2647 ἔλεγον
2309 2596 2323 2610 ·
2366 2581 2461 2644 Τίς
2491 2582 2555 2634 ἂν
2578 2582 2688 2652 δῴη
2721 2584 2851 2653 ἡμῖν
2882 2585 2943 2636 ἐκ
2969 2584 3077 2637 τῶν
3108 2585 3328 2656 σαρκῶν
3364 2586 3529 2639 αὐτοῦ
3577 2590 3685 2656 ἐμ-

2104 2666 2407 2737 πλησθῆναι
2427 2686 2443 2734 ;
2467 2669 2558 2722 Διὸ
2585 2670 2649 2741 δὴ
2672 2674 2765 2724 καὶ
2786 2674 2814 2723 6
2836 2674 3067 2742 Χριστὸς
3088 2674 3219 2726 αὐτὸ
3244 2675 3567 2743 πεποίηκεν,
3598 2678 3683 2738 είς

2104 2756 2285 2823 φιλίαν
2330 2759 2477 2827 ἡμᾶς
2520 2760 2669 2827 ἄγων
2717 2760 2973 2829 μείζονα,
3032 2763 3127 2814 καὶ
3160 2762 3250 2813 τὸν
3298 2761 3461 2815 αὐτοῦ
3506 2764 3682 2817 πόθον

2102 2848 2510 2919 ἐνδεικνύμενος
2562 2852 2691 2920 περὶ
2730 2853 2900 2921 ἡμᾶς,
2947 2854 3046 2904 οὐκ
3108 2854 3237 2904 ίδεῖν
3286 2855 3448 2923 μόνον
3480 2856 3683 2907 ἑαυτὸν

2104 2940 2355 3007 παρέχων
2387 2941 2499 3003 τοῖς
2538 2940 2914 3010 ἐπιθυμοῦσιν,
2964 2942 3097 2995 ἀλλὰ
3145 2944 3239 2996 καὶ
3272 2945 3542 3013 ἅψασθαι,
3582 2948 3682 2999 καὶ

2101 3030 2327 3095 φαγεῖν·
2369 3030 2463 3082 καὶ
2492 3031 2733 3102 ἐμπῆξαι
2772 3035 2836 3103 τῇ
2871 3034 3071 3102 σαρκί·
3104 3036 3195 3088 καὶ
3242 3036 3636 3107 συμπλακῆναι
3658 3080 3676 3104 ,

2102 3120 2196 3172 καὶ
2241 3120 2332 3173 τὸν
2367 3120 2531 3174 πόθον
2564 3123 2841 3193 ἐμπλῆσαι
2875 3127 3075 3180 πάντα.
3116 3144 3135 3177 ι
3189 3128 3338 3180 Ἔτι·
3380 3147 3397 3179 ι
3437 3129 3500 3181 Ol
3539 3148 3679 3199 μετ-

2098 3210 2312 3279 έχοντες
2341 3211 2436 3265 τοῦ
2464 3214 2733 3281 παναγίου
2766 3215 3038 3285 σώματος,
3060 3218 3155 3271 καὶ
3182 3217 3274 3271 τοῦ
3299 3220 3481 3289 τιμίου
3499 3221 3678 3289 αἷμα-

2097 3320 2185 3365 τος
2207 3343 2222 3365 ,
2261 3304 2401 3374 μετά
2444 3307 2691 3374 ἀγγέλων
2724 3310 2817 3361 καῖ⁵
2864 3311 3240 3381 άρχαγγέλων,
3277 3312 3370 3364 καὶ
3411 3313 3521 3365 τῶν
3557 3314 3678 3368 ἀνω

2095 3394 2379 3464 δυνάμεων
2423 3396 2739 3466 ἑστήκασιν,
2772 3401 2943 3471 αὐτὴν
2977 3404 3352 3473 περικείμενοι
3394 3407 3487 3459 τοῦ
3532 3407 3677 3477 Χρι-

2097 3485 2226 3539 στοῦ
2276 3488 2374 3554 τὴν
2426 3487 2713 3559 βασιλικὴν
2764 3490 2993 3561 στολὴν,
3043 3494 3110 3545 τὰ
3146 3494 3287 3547 ὅπλα
3340 3494 3559 3563 ἔχοντες
3601 3499 3673 3551 τὰ

2094 3578 2452 3643 πνευματικά.
2497 3578 2638 3631 Ἀλλ’
2679 3579 2830 3632 οὐδὲν
2857 3574 3011 3633 εἷπον
3042 3582 3164 3635 οὐδέ
3195 3600 3279 3635 πω
3300 3600 3315 3614 ο
3354 3586 3517 3638 αὑτὸν
3553 3589 3669 3657 γάρ

2095 3665 2230 3718 εἰσιν
2273 3666 2612 3738 ἐνδεδυμένοι
2662 3670 2752 3723 τὸν
2800 3670 3043 3742 βασιλέα.
3110 3673 3250 3727 Ἀλλ’
3302 3675 3490 3745 ὥσπερ
3545 3680 3671 3731 ἐστὶ

2097 3760 2259 3828 μέγα,
2289 3760 2383 3814 καὶ
2416 3762 2662 3831 φρικτὸν,
2707 3765 2803 3816 καὶ
2838 3764 3170 3834 θαυμαστὸν,
3215 3765 3387 3831 οὕτως
3421 3768 3484 3820 ἂν
3521 3770 3671 3837 μετά

2093 3848 2462 3919 καθαρότητος
2486 3853 2806 3926 «possiem,
2828 3855 2908 3917 είς
2935 3857 3211 3925 σωτηρίαν
3233 3858 3562 3928 προσῆλθες,
3594 3860 3669 3912 ἂν

2092 3940 2150 3993 δέ
2189 3942 2326 4010 μετά
2358 3944 2591 4012 πονηροῦ
2634 3945 2950 4008 συνειδότος,
2985 3948 3061 4007 είς
3096 3946 3336 4011 κόλασιν,
3366 3951 3458 4001 καὶ
3482 3967 3668 4019 τιμως

2097 4028 2237 4097 ρίαν.
2272 4030 2331 4083 ’0
2367 4030 2476 4100 γὰρ
2521 4032 2734 4098 ἐσθίων,
2781 4037 2877 4088 καὶ
2920 4036 3089 4088 πίνων
3115 4036 3347 4099 ἀναξίως
3394 4038 3456 4090 τὸ
3495 4040 3667 4109 σῶμα

2095 4124 2188 4177 καὶ
2220 4120 2355 4194 αἷμα
2404 4124 2497 4178 τοῦ
2527 4126 2753 4196 Κυρίου,
2787 4129 2962 4196 κρῖμα
3006 4127 3183 4198 ἐαυτῷ
3212 4130 3403 4194 ἐσθίει,
3436 4134 3530 4184 καὶ
3567 4133 3669 4183 πί-

2093 4230 2195 4267 νει.
2230 4215 2292 4267 Εί
2333 4214 2441 4285 γὰρ
2472 4218 2521 4268 οἱ
2564 4216 2864 4287 ρυποῦντες
2905 4219 3003 4288 τὴν
3048 4224 3334 4290 πορφύραν
3366 4222 3461 4292 τὴν
3502 4223 3668 4292 βασι-

2094 4304 2265 4376 λικὴν,
2300 4306 2617 4370 κολάζονται
2650 4311 2871 4379 ὁμοίως,
2905 4310 3095 4380 ῶσπερ
3128 4315 3176 4365 oi
3205 4314 3663 4384 διαρῤηγνύντες,

2093 4397 2242 4450 οὐδὲν
2270 4399 2492 4460 ἀπεικὸς
2511 4436 2527 4462 ,
2565 4400 2658 4452 καὶ
2696 4402 2820 4463 τοὺς
2849 4385 3141 4472 ἀκαθάρτῳ
3191 4406 3403 4477 διανοίᾳ
3431 4407 3665 4477 δεχομέο

412 4491 547 4548 Vide
590 4492 757 4563 igitur
782 4494 1058 4563 quomodo
1094 4491 1296 4548 Paulus
1326 4494 1466 4549 hanc
1494 4509 1710 4564 pmnam
1736 4498 1993 4551 ostende-

2101 4508 2216 4553 νους
2246 4490 2306 4543 τὸ
2353 4491 2533 4560 σῶμα,
2561 4493 2660 4563 τὴν
2686 4495 2855 4565 αὐτὴν
2891 4496 3179 4566 ὑπομεῖναι
3218 4499 3510 4567 τιμωρίαν,
3549 4505 3665 4566 τοῖς

410 4585 500 4651 rit,
525 4585 712 4640 dicens
738 4602 754 4639 :
788 4602 811 4637 ε
847 4584 951 4652 Qui
983 4587 1152 4656 legem
1177 4584 1377 4656 Hoysis
1421 4589 1769 4657 contempsit,
1790 4588 1998 4660 absque

380 4675 815 4751 gmisericordia.
853 4678 1067 4733 duobus
1099 4678 1179 4733 vel
1213 4679 1389 4734 tribus
1420 4678 1650 4734 testibus
1678 4689 1996 4746 accusatus,

415 4766 667 4821 moritur.
718 4765 935 4833 Quanto
966 4768 1173 4837 majora
1228 4771 1430 4839 putatis
1477 4772 1674 4826 mereri
1704 4771 1996 4841 supplicia,

411 4857 505 4927 qui
533 4854 730 4911 Filium
785 4859 878 4913 Dei
907 4862 1332 4926 conculcaverit,
1366 4872 1421 4918 et
1464 4863 1784 4932 sanguinem
1833 4872 1975 4918 testa

414 4948 580 5003 menti
602 4949 867 5018 pollutum
892 4952 1128 5014 duxerit,
1152 4954 1204 5007 in
1228 4969 1338 5023 quo
1362 4955 1736 5010 sanctilicatus
1757 4963 1841 5010 est
1862 4955 1933 5008 "1!
1962 4973 1982 5008 ι

412 5040 741 5111 Quicunque
790 5041 957 5112 igitur
989 5042 1120 5099 huic
1156 5046 1373 5113 corpori
1406 5046 1823 5115 participamus,
1862 5047 1987 5117 qui—

411 5147 628 5204 cunque
683 5133 831 5189 hunc
876 5136 1193 5206 sanguinem
1232 5146 1536 5207 gustamus,
1597 5138 1830 5206 cogitate
1888 5153 1988 5195 nos

412 5223 563 5278 illum
593 5225 686 5296 qui
722 5241 942 5282 sursum
988 5228 1160 5293 sedet,
1197 5229 1291 5299 qui
1339 5228 1408 5284 ah
1463 5230 1670 5301 angelis
1708 5232 1987 5299 adoratur,

410 5320 502 5388 qui
538 5320 945 5390 omnipotentiae
966 5322 1246 5391 proximus
1266 5331 1370 5388 est,
1394 5330 1701 5394 degustare.
1730 5324 1833 5381 Ob!
1858 5336 1990 5396 quot

409 5410 477 5465 ad
510 5412 743 5467 salutem
767 5412 865 5467 viae
896 5413 1055 5469 nobis
1097 5424 1296 5485 apertae
1341 5418 1499 5471 sunt!
1534 5416 1644 5471 Nos
1676 5434 1835 5473 suum
1862 5434 1989 5474 cor-

412 5518 511 5571 pus
542 5502 740 5568 eﬂ'ecit.
777 5522 875 5559 nos
914 5507 999 5562 sui
1046 5511 1296 5576 corporis
1327 5510 1616 5580 participes
1652 5513 1912 5582 reddidit,
1941 5520 1996 5569 et

412 5594 547 5650 nihil
579 5596 779 5652 horum
810 5614 914 5654 nos
949 5615 979 5654 a
1017 5601 1161 5656 malo
1203 5603 1463 5657 retrahit!
1507 5606 1549 5657 Ο
1583 5604 1943 5663 indolentiam
1973 5607 1989 5664 ι

485 5778 576 5834 "1
624 5778 751 5836 Cor.
809 5797 883 5849 xi,
930 5782 999 5838 25
1030 5784 1122 5839 52.
1219 5784 1258 5815 ⁷¹
1300 5783 1465 5843 llehr.
1505 5805 1558 5855 ι,
1588 5788 1681 5856 28,
1714 5788 1805 5843 29.

2092 4583 2223 4636 αὐτὸ
2254 4584 2576 4655 διαρῤήξασι
2613 4586 2700 4640 διὰ
2727 4588 2836 4641 τῶν
2862 4588 3024 4659 ἥλων.
3062 4591 3201 4661 Ὀρα
3232 4592 3378 4659 γοῦν,
3410 4593 3529 4655 πῶς
3563 4612 3664 4661 φο-

2092 4673 2259 4744 6εράν
2302 4674 2502 4740 ἔδειξεν
2531 4678 2560 4729 6
2593 4676 2802 4742 Παῦλος
2827 4679 2925 4751 τὴν
2959 4681 3201 4749 κόλασιν,
3236 4684 3406 4736 είπὼν
3433 4702 3447 4716 ⁸
3504 4686 3661 4738 Ἀθε-

2088 4767 2258 4837 τήσας
2285 4768 2560 4839 τις-νόμον
2584 4770 2844 4837 Μωσέως,
2887 4773 3053 4842 χωρὶς
3083 4774 3406 4844 οίκτιρμῶν,
3434 4776 3529 4829 ἐπὶ
3559 4778 3657 4831 δυ-

2090 4858 2195 4919 σὶν,
2244 4858 2275 4928 ἢ
2343 4859 2489 4929 τρισὶ
2539 4860 2806 4930 μάρτυσιν
2839 4863 3198 4933 ἀποθνήσκει.
3250 4866 3407 4936 Πόσῳ
3446 4866 3659 4920 δοκεῖτε

2086 4948 2327 5020 χείρονος
2361 4952 2699 5025 ἀξιωθήσετε
2728 4958 3021 5026 τιμωρίας,
3050 4960 3079 5010 6
3117 4960 3209 5013 τὸν
3238 4960 3363 5013 Υίὸν
3392 4960 3483 5013 τοῦ
3517 4960 3656 5014 Θεοῦ

2085 5044 2499 5112 καταπατήσας,
2522 5047 2616 5098 καὶ
2638 5046 2700 5098 τὸ
2729 5042 2868 5118 αἷμα
2889 5048 2991 5116 τῆς
3014 5048 3280 5121 διαθήκης
3306 5051 3485 5105 κοινὸν
3513 5055 3619 5121 im;
3635 5081 3657 5093 -

2084 5131 2335 5201 σάμενος,
2382 5137 2441 5187 ἐν
2489 5132 2533 5205 ᾧ
2582 5138 2852 5209 ήγιάσθη;
2910 5140 3066 5194 Ὀσοι
3121 5142 3298 5195 τοίνυν
3345 5143 3653 5213 μετέχομεν

2081 5222 2269 5278 τούτου
2290 5225 2383 5279 τοῦ
2416 5228 2692 5298 σώματος,
2720 5232 2837 5285 ὅσοι
2859 5232 2950 5287 τοῦ
2976 5234 3210 5304 αἵματος
3238 5235 3650 5305 ἀπογευόμεθ-ἰι

2080 5314 2309 5369 ἐννοεῖτε
2336 5319 2417 5371 ὅτι
2440 5321 2650 5375 ἐκείνου
2674 5324 2767 5376 τοῦ
2791 5325 2901 5378 ἀνω
2931 5325 3265 5396 καθημένου,
3282 5325 3375 5378 τοῦ
3402 5342 3648 5395 προσκυ-

2079 5407 2336 5475 νουμένου
2364 5410 2513 5483 παρὰ
2532 5411 2800 5480 ἀγγέλων,
2823 5414 2916 5468 τοῦ
2939 5417 3035 5486 τῆς
3059 5418 3334 5488 ἀκηράτου
3365 5416 3649 5485 δυνάμεως

2078 5501 2265 5569 ἐγγὺς,
2292 5503 2482 5557 τούτου
2515 5506 2916 5578 ἀπογευόμεθα.
2956 5508 3138 5577 Οῖμοι,
3173 5510 3335 5562 πόσαι
3374 5508 3508 5579 πρὸς
3537 5525 3646 5560 σω-

2077 5592 2268 5664 τηρίαν
2297 5596 2428 5665 ἡμῖν
2455 5593 2597 5650 όδοίί
2642 5598 2809 5669 Σῶμα
2840 5600 2987 5669 ἡμᾶς
3016 5599 3209 5653 ἐαυτοῦ
3253 5599 3498 5661 ἐποίησε,
3541 5598 3645 5650 σώ-
