4088 6208
396 260 503 326 ’ἵ99

1218 261 1569 323 CALLISTI
1602 261 1699 320 ET
1743 256 2045 319 IGNATII
2089 255 2785 320 XANTHOPULORUM

3560 254 3673 317 800

398 373 523 435 guis
556 372 760 427 Christi
813 372 945 435 sint,
981 372 1072 425 sed
1118 373 1266 442 quod
1310 389 1458 428 nunc
1489 372 1714 441 quidem
1778 386 1875 440 per
1908 384 1971 424 ea

2076 363 2131 417 δὲ
2166 366 2331 435 λέγω,
2358 369 2459 423 ούκ
2488 373 2727 443 ἀναιρῶν
2759 373 2857 444 τὴν
2887 376 2980 428 τοῦ
3013 376 3269 444 σώματος
3300 380 3489 449 φύσιν,
3522 385 3659 439 ἀλλὰ

398 464 605 519 Christi
659 464 966 520 divinitatis
1003 466 1305 535 participes
1348 466 1645 529 efficimur,
1699 472 1830 517 tunc
1875 478 1976 515 au-

400 570 507 612 tem
539 558 903 627 spiritualiter
942 575 1039 629 per
1078 559 1249 612 solam
1283 557 1823 626 contemplationem.
1856 574 1874 606 ι
1912 554 1977 609 Et

397 648 556 703 divus
582 648 855 705 Macarius
882 669 894 703 :
941 668 959 700 ι
995 650 1463 715 Quemadmodum
1490 648 1673 701 vinum
1706 648 1759 700 in
1788 647 1972 699 omnia

399 741 638 797 bibentis
681 743 926 797 membra
956 742 1301 803 diffunditur,
1338 750 1391 793 et
1422 750 1505 794 est
1531 740 1719 793 vinum
1752 741 1892 792 ineo
1922 746 1975 791 et

398 833 446 886 is
498 832 551 885 in
598 832 749 893 vino.
805 832 881 885 ita
930 841 983 886 et
1021 833 1112 900 qui
1179 831 1317 885 bibit
1370 831 1696 901 sanguinem
1743 831 1973 893 Cbrisﬁ,

396 924 589 993 spiritu
630 923 939 977 Divinitatis
971 932 1210 992 potatur,
1244 934 1297 977 et
1343 924 1435 978 ille
1472 922 1716 992 Spiritus
1748 923 1801 976 in
1849 938 1971 987 per-

401 1008 547 1066 fecta
576 1013 757 1065 anima
788 1012 1111 1067 diffunditur
1140 1022 1194 1067 et
1246 1014 1425 1067 anima
1469 1014 1522 1067 in
1563 1012 1679 1074 illo,
1706 1022 1869 1083 atque
1902 1012 1974 1065 ita

400 1101 740 1155 sanctiﬁcata
776 1100 1005 1155 Domino
1038 1103 1199 1169 digna
1252 1103 1533 1157 consistit.
1570 1101 1773 1157 Omnes
1798 1102 1971 1166 enim,

400 1193 604 1263 inquit,
639 1194 691 1247 in
750 1210 858 1248 uno
909 1194 1112 1264 Spiritu
1160 1197 1326 1263 potati
1375 1211 1589 1257 sumus,
1649 1206 1699 1249 et
1734 1194 1827 1263 qui
1880 1212 1975 1264 per

401 1287 559 1353 panis
599 1288 991 1341 eucharistiam
1051 1287 1315 1356 Spiritum
1349 1297 1602 1343 sanctum
1658 1290 1711 1342 in
1745 1292 1975 1343 veritate

400 1379 705 1448 recipiunt,
740 1382 887 1452 digni
922 1392 1049 1435 sunt
1080 1383 1171 1452 qui
1216 1384 1379 1451 bujns
1416 1385 1544 1437 fiant
1574 1383 1887 1452 participes,
1922 1391 1974 1436 et

402 1471 483 1524 sic
543 1484 777 1542 possunt
812 1490 905 1543 per
969 1476 1167 1530 saecula
1220 1478 1413 1530 animae
1445 1476 1621 1544 dignm
1670 1476 1871 1530 vivere.
1912 1474 1973 1529 Et

400 1564 864 1631 quemadmodum
907 1582 1107 1637 corpus
1141 1584 1248 1622 non
1279 1584 1343 1621 ex
1370 1569 1552 1636 seipso
1590 1568 1751 1621 vitam
1789 1569 1970 1632 habet,

399 1654 494 1711 sed
528 1655 773 1721 aliunde,
832 1658 884 1712 id
928 1668 1011 1713 est
1042 1676 1069 1712 a
1103 1670 1268 1724 terra,
1306 1658 1385 1712 sic
1422 1668 1474 1711 et
1530 1659 1765 1712 animam
1829 1658 1971 1712 Dens

2073 455 2136 510 τὸ
2174 458 2434 523 ζωοποιὸν
2484 466 2579 517 καὶ
2609 464 2750 519 θεῖον
2788 467 2978 521 τούτου
3016 469 3253 538 δηλῶσαι
3300 473 3661 545 βουλόμενος.

2074 547 2261 603 Ταῦτα
2311 554 2495 621 μέντοι
2540 557 2810 613 ἀντίτυπα
2862 561 2969 613 τῶν
3021 562 3321 632 μελλόντων
3375 566 3657 635 λέγονται,

2072 639 2267 733 ούχὼς
2292 644 2368 712 μὴ
2401 644 2527 698 ὄντα
2568 647 2782 717 άληθῶς
2825 652 3001 733 σῶμα,
3053 656 3147 707 καὶ
3193 651 3334 725 αἷμα
3383 659 3659 729 Χριστοῦ,

2072 730 2189 784 ἀλλ’
2215 734 2298 787 ὅτι
2328 735 2423 789 νῦν
2456 737 2575 807 μὲν,
2624 740 2691 793 δι’
2722 730 2901 795 αὐτῶν
2934 748 3237 816 μετέχομεν
3270 750 3372 818 τῆς
3407 752 3656 821 Χριστοῦ

2073 822 2349 894 θεότητος,
2381 828 2500 880 τότε
2527 829 2603 896 δὲ,
2630 832 2837 901 νοητῶς
2864 834 2951 888 διὰ
2984 838 3149 907 μόνης
3174 839 3273 907 τῆς
3298 839 3451 902 θέας.
3484 860 3500 891 ι
3538 843 3655 895 Καὶ

2075 914 2102 966 6
2134 914 2407 980 θειότατος
2450 920 2763 991 Μακάριοςο
2809 942 2829 974 ι
2868 926 3076 998 Ὥσπερ
3110 929 3138 981 6
3163 925 3327 992 οῐνος,
3363 933 3443 993 είς
3473 932 3653 985 πάντα

2072 1004 2139 1055 τά
2176 1006 2316 1075 μέλη
2342 1007 2436 1059 τοῦ
2460 1008 2703 1075 πίνοντος
2725 1017 2998 1084 κιρνᾶται,
3030 1019 3124 1069 καὶ
3146 1019 3357 1085 γίνεται
3374 1025 3403 1074 6
3424 1018 3564 1084 οἶνος
3589 1024 3651 1076 ἐν

2071 1094 2252 1165 αύτῷ,
2286 1098 2382 1150 καὶ⁵
2406 1101 2567 1164 αὐτὸς
2595 1103 2652 1154 tv
2684 1105 2762 1174 τῷ
2789 1106 2939 1176 οἴνῳ,
2964 1108 3135 1172 οὕτως
3163 1113 3191 1163 6
3212 1114 3387 1165 πίνων
3420 1114 3483 1167 τὸ
3506 1110 3653 1185 αἷμα

2070 1187 2164 1237 τοῦ
2206 1187 2464 1259 Χριστοῦ,
2512 1193 2573 1245 τὸ
2624 1194 2845 1265 Πνεῦμα
2876 1201 2975 1263 τῆς
3034 1199 3297 1270 Θεότητος
3340 1206 3649 1273 ποτίζεται,

2070 1282 2163 1330 καὶ
2193 1284 2444 1370 κιρνᾶται
2466 1286 2522 1337 tv
2542 1288 2608 1355 τῇ
2637 1289 2818 1360 τελείᾳ
2836 1292 3004 1361 ψυχῇ,
3030 1297 3125 1346 καὶ
3152 1296 3184 1364 ή
3208 1295 3353 1366 ψυχὴ
3382 1298 3439 1351 tv
3471 1300 3648 1370 αὐτῷ,

2069 1371 2164 1420 καὶ
2193 1368 2366 1435 οὕτως
2394 1375 2722 1442 άγιασθεῖσα
2743 1419 2757 1443 ,
2790 1380 2915 1444 ἀξία
2937 1382 3031 1435 τοῦ
3060 1386 3263 1456 Κυρίου
3296 1368 3649 1445 καθίσταται.

2070 1458 2276 1522 Πάντες
2303 1462 2431 1533 γὰρ,
2461 1467 2618 1534 φησὶ,
2647 1469 2707 1520 τὸ
2731 1470 2861 1523 αὐτὸ
2885 1473 3108 1542 Πνεῦμα
3136 1476 3525 1546 ἐποτίσθημεν,
3550 1482 3654 1533 καὶ

2067 1548 2155 1602 διὰ
2185 1554 2283 1622 τῆς
2305 1555 2658 1626 εὐχαριστίας
2699 1560 2794 1613 τοῦ
2826 1563 3012 1633 ἄρτου,
3047 1567 3365 1638 Πνεύματος
3392 1570 3552 1638 ἁγίου
3593 1574 3650 1625 ot

2068 1640 2209 1693 κατὰ
2239 1644 2499 1715 ἀλήθειαν
2533 1653 3043 1723 μεταλαμϐάνοντες
3094 1660 3479 1726 καταξιοῦνται
3516 1662 3652 1731 μέτ-

399 1749 615 1817 probat,
653 1765 759 1803 non
806 1766 870 1805 ex
935 1752 1152 1820 propria
1215 1752 1334 1821 ejus
1394 1762 1613 1817 natura,
1646 1752 1739 1805 sed
1776 1767 1840 1804 ex
1880 1766 1977 1804 sua

2069 1749 2180 1804 οχοι
2201 1739 2474 1807 γενέσθαι,
2506 1746 2599 1796 καὶ
2619 1744 2762 1801 οὕτω
2786 1747 3037 1803 δύνανται
3066 1753 3143 1814 είς
3176 1754 3379 1816 αίῶνας
3405 1756 3459 1806 αί
3493 1755 3649 1819 ἀξίαι

402 1840 579 1907 ipsius
627 1841 933 1906 divinitate,
975 1860 1037 1898 ex
1091 1846 1314 1913 pr0prio
1370 1844 1545 1912 ipsius
1577 1843 1771 1911 spiritu
1808 1852 1861 1895 et
1896 1843 1976 1894 Iu-

408 1933 575 1999 mine,
603 1933 785 1988 cibum
829 1934 1055 1997 habere,
1089 1946 1278 2003 potum
1309 1951 1372 1990 ac
1409 1937 1819 1999 vestimentum,
1855 1948 1979 2002 qua:

401 2039 529 2078 vere
559 2034 692 2080 sunt
716 2026 915 2080 animae
962 2027 1089 2080 vita.
1142 2026 1331 2080 Divina
1364 2028 1509 2080 enim
1551 2036 1741 2080 natura
1782 2042 1975 2096 panem

400 2118 525 2171 vita:
565 2120 725 2172 habet
751 2134 874 2173 eum
896 2120 986 2187 qui
1027 2120 1201 2173 dixit:
1237 2137 1257 2171 ι
1284 2119 1399 2187 Ego
1417 2134 1535 2171 sum
1578 2119 1731 2186 panis
1765 2120 1921 2180 vitae;
1954 2136 1971 2169 ι

404 2218 459 2263 et
493 2223 689 2274 aquam
746 2209 1015 2262 viventem
1048 2221 1101 2263 et
1136 2210 1319 2264 viuum
1364 2211 1669 2273 la-tificans,
1700 2221 1750 2264 et
1796 2210 1974 2264 oleum

401 2298 809 2357 t-xsultationis.
859 2317 877 2350 ι
916 2298 982 2353 Ει
1027 2307 1254 2354 sanctus
1288 2300 1567 2357 Isidorus:
1606 2319 1624 2350 ι
1658 2301 1977 2356 Communis

402 2397 593 2443 vocata
616 2399 698 2445 est
719 2391 1030 2446 divinorum
1058 2395 1439 2463 mysteriorum
1462 2396 1721 2465 receptio,
1744 2412 1807 2449 eo
1828 2397 1973 2466 quod

405 2500 506 2538 nos
535 2500 660 2539 cum
694 2484 919 2543 Christo
950 2489 1176 2554 adunet,
1205 2497 1260 2543 et
1294 2490 1585 2560 participes
1617 2491 1792 2561 ipsius
1822 2494 1972 2563 regni

401 2576 617 2631 efﬁciat.
661 2597 680 2631 ι
716 2577 781 2634 Et
820 2580 942 2649 pius
996 2580 1188 2638 Nilus:
1232 2600 1250 2634 t
1282 2582 1482 2652 Nequit
1509 2585 1708 2639 salvari
1755 2584 1975 2639 aliunde

404 2666 576 2723 tidelis
619 2677 675 2722 et
712 2671 1089 2726 remissionem
1126 2682 1476 2743 peccatorum
1506 2674 1755 2743 accipere
1786 2686 1837 2729 et
1876 2692 1963 2730 re-

400 2772 569 2823 gnum
618 2762 884 2814 ccetoruin
937 2762 1183 2831 assequi,
1221 2763 1327 2819 nisi
1374 2778 1498 2818 cum
1550 2775 1810 2829 tremore,
1847 2781 1971 2820 cum

2067 1828 2234 1899 ψυχαὶ
2284 1831 2465 1900 ζῆσαι.
2509 1837 2616 1889 Καὶ
2644 1838 2831 1910 ὥσπερ
2870 1841 2948 1910 τῷ
2987 1841 3198 1911 σώματι
3239 1847 3273 1914 ἠ
3306 1846 3417 1914 ζωὴ
3446 1848 3550 1900 ούκ
3584 1846 3651 1911 ἐξ

2068 1920 2260 1973 ἑαυτοῦ
2284 1924 2453 1992 ἐστιν,
2493 1927 2609 1979 ἀλλ’
2645 1929 2845 1992 ἔξωθεν
2876 1932 3064 1997 αὐτοῦ,
3091 1935 3373 1988 τουτέστιν
3405 1938 3513 1989 ἀπὺ
3543 1938 3652 2006 τῆς

2067 2011 2363 2082 γῆς,οὓτω
2408 2018 2501 2071 καὶ
2534 2020 2631 2090 τὴν
2659 2021 2835 2092 ψυχὴν
2865 2025 3165 2095 εὐδόκησεν
3196 2029 3224 2079 6
3260 2028 3414 2092 Θεὸς,
3438 2030 3539 2081 οὐκ
3578 2031 3650 2082 ὲκ

2069 2103 2170 2173 τῆς
2201 2105 2338 2170 ιδίας
2384 2107 2620 2177 φύσεως,
2652 2113 2767 2165 ἀλλ’
2792 2115 2857 2166 ὲκ
2885 2118 2983 2185 τῆς
3038 2116 3203 2169 αὐτοῦ
3241 2119 3528 2183 Θεότττος,
3576 2123 3646 2174 ἐκ

2072 2210 2165 2262 τοῦ
2204 2210 2334 2264 ἰδίου
2370 2210 2704 2280 ῐῙνεύματος,
2736 2210 2830 2263 καὶ
2861 2210 3061 2278 φωτὸς,
3094 2210 3237 2277 ἔχειν
3266 2206 3492 2279 βρῶσιν,
3543 2208 3649 2259 πό-

2074 2322 2177 2372 σιν,
2209 2291 2434 2376 ἐνδυμα,
2464 2306 2500 2359 ὅ.
2530 2306 2677 2359 ἔστιν
2708 2306 2743 2375 ἡ
2773 2305 2941 2367 δντως
2970 2305 3084 2373 ζωὴ
3117 2303 3216 2370 τῆς
3251 2302 3450 2372 ψυχῆς.
3484 2302 3648 2371 Ἔχει

2070 2396 2237 2466 γάρὴ
2277 2395 2397 2450 θεία
2435 2394 2617 2464 φύσις,
2665 2395 2760 2449 καὶ
2807 2394 2972 2464 ἄρτον
3021 2393 3187 2463 ζωῆς,
3240 2394 3331 2445 τὸν
3378 2393 3647 2453 είπόντα,

2084 2486 2225 2556 Ἐγώ
2275 2488 2394 2558 είμι
2439 2488 2467 2539 6
2494 2486 2657 2557 ἄρτος
2684 2486 2781 2555 τῆς
2820 2485 2998 2554 ζωῆς,
3034 2487 3125 2537 καὶ
3169 2484 3311 2554 ὕδωρ
3361 2483 3502 2548 ζῶν,
3548 2484 3650 2536 καὶ

2070 2578 2210 2635 οἶνον
2253 2581 2633 2651 εὐφραίνοντα,
2682 2580 2778 2632 καὶ
2810 2580 2986 2632 ἔλαιον
3025 2578 3417 2646 ἀγαλλιάσεως.
3457 2595 3476 2628 ι
3531 2577 3653 2630 Καὶ

2070 2678 2097 2727 6
2129 2675 2283 2742 ἅγιος
2321 2673 2608 2741 Ἰσίδωρος·
2638 2690 2656 2722 ι
2700 2671 2965 2725 Κοινωνία
2992 2669 3253 2738 κέκληται
3279 2672 3314 2738 ή
3349 2669 3457 2720 τῶν
3480 2668 3650 2720 θείων

2071 2764 2405 2833 Μυστηρίων
2447 2762 2770 2832 μετάληψις,
2818 2763 2905 2813 διά
2936 2763 3017 2823 τὸ,
3067 2763 3165 2830 τὴν
3218 2762 3353 2830 πρὸς
3404 2761 3649 2830 Χριστὸν

405 2848 510 2902 tlde
549 2858 605 2903 et
649 2850 925 2905 desiderio
978 2854 1270 2923 mysticum
1331 2862 1386 2908 et
1427 2870 1623 2924 purum
1659 2872 1858 2922 corpus
1921 2865 1972 2910 rt

2073 2859 2202 2928 ἡμῖν
2229 2856 2549 2927 χαρίζεσθαι
2577 2855 2793 2918 ἕνωσιν,
2822 2856 2915 2907 καὶ
2962 2856 3248 2915 κοινωνοὺς
3283 2855 3429 2923 ἡμᾶς
3464 2854 3648 2906 ποιεῖν

402 2942 725 3010 sanguinem
810 2942 1011 2996 Christi
1071 2944 1319 3012 accipiat.
1362 2961 1381 2995 ι
1450 2943 1719 3000 Similiter
1781 2945 1974 2999 scribit

2069 2951 2166 3016 τῆς
2198 2948 2363 3001 αὑτοῦ
2404 2947 2699 3017 βασιλείας.
2736 2967 2754 2999 ι
2790 2948 2899 2999 Καὶ
2936 2950 2963 2999 6
2991 2948 3134 3009 ὅσιος
3159 2946 3379 3008 Νεῖλος·
3417 2964 3437 2996 ι
3486 2944 3645 2997 Ἀδύ-

405 3049 634 3103 magnus
685 3034 923 3090 Basilius
965 3037 1018 3090 in
1066 3034 1296 3106 epistola
1346 3036 1411 3089 ad
1464 3035 1756 3091 Caasariain
1805 3038 1975 3106 patri-

2071 3059 2229 3094 νατον
2261 3041 2435 3103 ἄλλως
2482 3041 2723 3110 σωθῆναι
2762 3040 2853 3093 τὸν
2904 3040 3115 3103 πιστὸν,
3173 3040 3266 3092 καὶ
3314 3039 3507 3107 ἄφεσιν
3538 3036 3645 3106 τὴν

402 3129 545 3183 ciam
588 3146 602 3183 :
639 3146 658 3179 ι
689 3126 947 3192 Quotidie
968 3129 1383 3184 communicare
1418 3137 1472 3182 et
1499 3137 1753 3183 sanctum
1780 3144 1978 3198 corpus

404 3234 470 3275 ac
499 3219 819 3289 sanguinem
854 3219 1073 3275 Domini
1105 3221 1376 3291 accipere,
1413 3220 1674 3287 optimum
1700 3230 1754 3274 et
1802 3222 1976 3275 utilis-

406 3313 603 3367 simum
639 3322 743 3380 est,
785 3313 905 3384 ipso
933 3311 1164 3369 Domino
1203 3313 1456 3369 dicente:
1503 3331 1521 3365 ι
1554 3313 1655 3379 Qui
1685 3314 1979 3369 manducat

410 3420 583 3461 meam
616 3422 837 3477 carnem
890 3418 944 3463 et
977 3409 1115 3464 bibit
1173 3424 1351 3464 meum
1387 3409 1733 3478 sanguinem,
1789 3409 1842 3463 in
1892 3423 1980 3464 me

408 3507 596 3553 manet
623 3506 679 3553 et
723 3511 825 3567 ego
873 3497 928 3553 in
967 3498 1084 3566 illo,
1119 3506 1173 3554 et
1204 3498 1368 3553 habet
1407 3497 1574 3552 vitam
1632 3504 1915 3552 aeternam.
1952 3516 1971 3551 ι

404 3590 542 3657 Quis
576 3592 720 3647 enim
748 3591 977 3662 ambigit
1006 3592 1324 3647 continuam
1361 3591 1482 3646 vita:
1506 3591 1977 3662 participationem

408 3685 547 3740 nihil
597 3686 745 3740 aliud
791 3700 936 3751 esse,
978 3700 1142 3753 quam
1193 3683 1552 3739 multifariam
1612 3681 1834 3737 vivere?
1870 3682 1980 3737 Nos

406 3788 590 3833 tamen
615 3785 809 3847 quater
836 3776 1065 3847 singulis
1091 3776 1454 3832 hebdomadis
1480 3776 1978 3839 commnnicamus,

407 3868 721 3931 Dominica,
757 3867 893 3923 feria
939 3878 1155 3937 quarta,
1192 3866 1494 3923 Parasceve
1524 3876 1577 3921 et
1631 3866 1893 3932 Sabbato,
1925 3874 1980 3923 et

401 3963 529 4017 aliis
558 3962 775 4029 diebus,
822 3963 871 4018 si
921 3962 1066 4017 adsit
1120 3962 1356 4033 alicujus
1401 3961 1576 4017 sancti
1627 3965 1916 4018 memoria.
1956 3980 1973 4015 ι

403 4056 615 4123 Quibus
673 4056 889 4119 diebus,
949 4056 1165 4124 opinor,
1223 4070 1381 4112 sacra
1441 4053 1674 4111 faciebat
1715 4066 1979 4122 sanctus;

406 4163 517 4205 non
556 4148 700 4204 enim
741 4149 989 4220 quotidie
1022 4158 1262 4219 poterat,
1298 4148 1467 4204 tantis
1502 4149 1653 4204 curis
1696 4147 1978 4219 fatigatus.

404 4241 553 4297 Dixit
592 4250 773 4300 autem
808 4252 862 4297 et
897 4251 1123 4298 sanctus
1174 4241 1370 4312 Apollo
1402 4260 1419 4297 :
1453 4259 1472 4294 ι
1518 4240 1767 4311 Oportet/
1787 4257 1979 4297 mona—

404 4335 594 4401 chum,
628 4337 673 4391 si
728 4338 924 4409 possit,
953 4337 1185 4408 singulis
1212 4337 1428 4404 diebus,
1454 4339 1728 4408 mysteriis
1772 4337 1977 4393 Christi

2070 3133 2559 3203 πλημμελημάτων
2613 3132 2835 3197 λαϐεῖν,
2899 3132 2994 3183 καὶ
3048 3131 3324 3201 βασιλείας
3389 3128 3644 3198 οὐρανῶν

2069 3227 2366 3295 ἐπιτυχεῖν,
2402 3227 2449 3276 εί
2494 3225 2567 3295 μὴ
2602 3224 3008 3294 μεταλαμϐάνει
3050 3224 3188 3292 μετὰ
3219 3223 3385 3291 φόϐου
3420 3224 3512 3274 καὶ
3544 3221 3644 3273 πί-

2070 3334 2238 3380 στεως
2290 3318 2384 3371 καὶ
2444 3316 2609 3369 πόθου
2656 3317 2764 3369 τῶν
2824 3318 3121 3387 μυστικῶν,
3178 3316 3273 3368 καὶ
3327 3314 3641 3385 ἀχράντων,

2072 3410 2321 3480 σώματος
2345 3412 2437 3462 καὶ
2464 3410 2694 3479 αἵματος
2713 3409 2807 3462 τοῦ
2831 3407 3087 3481 Χριστοῦ.
3121 3427 3141 3460 ι
3174 3407 3405 3477 Ὁμοίως
3434 3407 3642 3477 γράφει

2070 3503 2163 3555 καὶ
2194 3506 2223 3555 6
2253 3503 2423 3573 μέγας
2458 3503 2758 3568 Βασίλειος,
2789 3505 2847 3557 tv
2877 3506 2944 3574 τῇ
2975 3502 3111 3573 πρὸς
3144 3502 3450 3569 Καισαρίαν
3522 3500 3642 3551 Πα-

2067 3598 2284 3668 τρικίαν
2312 3598 2564 3669 ἐπιστολῇ
2590 3614 2605 3629 ·
2644 3616 2662 3649 ι
2701 3597 2811 3651 Καὶ
2842 3596 2903 3649 τδ
2936 3598 3211 3650 κοινωνεῖν
3245 3594 3304 3648 δὲ
3343 3594 3465 3647 καθ’
3500 3594 3641 3646 ἑκά-

2070 3706 2201 3760 στην
2222 3688 2457 3759 ἡμέραν,
2481 3689 2576 3742 καὶ
2601 3687 3034 3757 μεταλαμϐάνειν
3058 3684 3152 3741 τοῦ
3172 3686 3328 3753 ἁγίου
3356 3684 3639 3754 σώματος,

2068 3782 2160 3834 καὶ
2190 3781 2419 3852 αἵματος
2454 3780 2547 3833 τοῦ
2575 3780 2835 3851 Χριστοῦ,
2879 3780 3044 3833 καλὸν
3075 3779 3168 3831 καὶ
3207 3777 3505 3844 ὲπωφελὲς,
3533 3779 3641 3829 αὒ-

2064 3873 2159 3928 τοῦ
2210 3874 2398 3941 σαφῶς
2438 3873 2724 3942 λέγοντοςο
2785 3873 2842 3927 '0
2881 3872 3110 3943 τρώγων
3159 3889 3259 3942 μου
3297 3871 3398 3940 τὴν
3432 3870 3637 3938 σάρκα,

2066 3968 2160 4021 καὶ
2201 3967 2371 4019 πίνων
2419 3984 2519 4037 μου
2563 3966 2624 4019 τὺ
2678 3962 2839 4037 αἷμα,
2874 3967 2931 4019 ὲν
2974 3968 3099 4037 ἐμοὶ
3156 3966 3331 4035 μένει,
3388 3963 3541 4031 κάγὼ
3572 3966 3638 4016 ὲν

2065 4058 2234 4129 αύτῷ,
2294 4058 2387 4111 καὶ
2424 4058 2537 4128 ἔχει
2586 4056 2731 4128 ζωὴν
2762 4058 2998 4112 αἰώνιον.
3040 4057 3133 4119 Τίς
3164 4056 3269 4126 γὰρ
3299 4053 3637 4125 ἀμφιϐάλλει

2064 4153 2145 4207 ὅτι
2170 4153 2230 4204 1:6
2260 4152 2505 4222 μετέχειν
2537 4151 2775 4220 συνεχῶς
2803 4152 2901 4220 τῆς
2932 4150 3097 4221 ζωῆς,
3123 4150 3273 4202 οὐδὲν
3298 4147 3424 4201 ἄλλο
3458 4149 3635 4211 ἐστὶν,

2065 4244 2232 4316 ἢζῇν
2273 4244 2583 4313 πολλαχῶςς
2632 4244 2819 4313 Ἡμεῖς
2868 4244 3137 4309 μέντοιγε,
3191 4242 3448 4310 τέταρτον
3505 4238 3633 4290 καθ’

2065 4338 2302 4405 ἑκάστην
2344 4335 2608 4404 ἑϐδομάδα
2641 4333 3023 4401 κοινωνοῦμεν,
3062 4334 3118 4385 ὲν
3163 4335 3229 4401 τῇ
3263 4332 3538 4400 κυριακῇ,
3571 4331 3634 4381 tv

405 4430 834 4484 communicare.
866 4430 969 4495 Qui
1009 4431 1153 4485 enim
1182 4445 1242 4486 se
1273 4432 1343 4485 ab
1365 4430 1450 4486 bis
1479 4431 1738 4495 abstinet,
1781 4444 1811 4484 a
1865 4428 1977 4484 Deo

2069 4431 2129 4500 τῇ
2159 4428 2395 4498 τετράδι,
2423 4428 2480 4479 tv
2508 4430 2574 4496 τῇ
2609 4428 2953 4496 παρασκευῇ,
2995 4426 3085 4477 καὶ
3114 4424 3191 4493 τῷ
3222 4422 3500 4490 Σαϐϐάτῳ,
3536 4420 3635 4473 καὶ

408 4518 649 4586 recedit;
687 4521 781 4591 qui
817 4530 998 4577 autem
1025 4523 1077 4578 id
1107 4522 1367 4579 continue
1412 4522 1566 4587 facit,
1603 4537 1824 4577 carnem
1852 4536 1983 4577 con-

407 4609 561 4665 tinue
614 4613 826 4683 recipit.
879 4615 1021 4670 Dicit
1065 4617 1209 4671 enim
1259 4632 1363 4670 vox
1411 4615 1746 4671 salutifera:
1801 4633 1819 4666 ι
1877 4614 1977 4680 Qui

408 4706 705 4763 manducet
761 4722 937 4764 meam
980 4723 1202 4764 carnem
1255 4718 1310 4764 et
1348 4710 1483 4763 bibit
1529 4724 1711 4763 meum
1762 4706 1980 4779 sangui—

409 4813 556 4864 nem,
583 4800 636 4854 in
670 4816 755 4854 me
784 4808 985 4866 manet,
1021 4811 1075 4855 et
1109 4814 1211 4870 ego
1236 4800 1291 4853 in
1319 4800 1429 4854 illo.
1457 4798 1846 4854 Monacborum
1880 4800 1982 4868 igi-

409 4904 500 4949 tur
534 4893 702 4949 refert
728 4892 1026 4949 salutifcrae
1047 4893 1322 4963 passionis
1347 4893 1670 4947 memoriam
1712 4901 1981 4961 perpetuo

404 4986 610 5043 facere.
637 4986 742 5042 Eos
776 4987 945 5058 igitur
979 5002 1204 5058 semper
1234 5003 1360 5043 esse
1390 4996 1615 5057 paratos
1659 4994 1894 5054 oportet,
1927 4994 1981 5040 et

404 5079 616 5148 seipsos
647 5077 721 5132 ita
752 5078 1066 5147 disponere,
1093 5086 1152 5132 ut
1196 5078 1344 5147 digni
1374 5078 1503 5139 sint,
1537 5078 1632 5147 qui
1670 5092 1828 5131 sacra
1860 5093 1977 5149 my-

404 5172 569 5229 steria
604 5171 902 5239 recipiant;
957 5174 1215 5241 quoniam
1260 5171 1333 5224 ita
1389 5180 1738 5238 peccatorum
1778 5171 1979 5226 remis-

407 5267 564 5321 sione
613 5265 760 5335 digni
812 5263 1101 5323 eﬂicimur.
1142 5283 1161 5317 ι
1216 5263 1359 5318 Dicit
1394 5271 1577 5318 autem
1614 5272 1668 5319 et
1714 5263 1975 5319 Climax:

409 5377 429 5410 ι
472 5358 528 5414 Si
564 5371 765 5427 corpus
801 5357 947 5413 aliud
996 5371 1198 5426 corpus
1250 5364 1552 5411 attrectans
1605 5356 1853 5411 efficacia
1885 5373 1979 5412 va.

394 5451 605 5520 'riatnr,
647 5450 921 5521 quomodo
968 5465 1075 5503 non
1130 5448 1429 5502 variabitur
1483 5447 1575 5517 qui
1637 5447 1729 5502 Dei
1775 5464 1975 5518 corpus

410 5543 655 5598 innoxiis
689 5541 943 5596 manibus
968 5540 1317 5595 attrecta‘bit?
1351 5557 1369 5590 ι
1406 5537 1682 5608 Scriptum
1712 5548 1891 5595 autem
1923 5550 1977 5594 et

408 5634 462 5688 in
497 5632 804 5689 Ceramico:
836 5648 853 5687 :
889 5652 907 5685 ι
939 5631 1181 5688 Joannes
1213 5629 1529 5695 Bostrenus,
1563 5631 1643 5685 vir
1675 5638 1892 5684 sanctus
1920 5642 1976 5684 et

408 5734 728 5792 potestatem
762 5726 967 5783 habens
994 5730 1045 5781 in
1072 5726 1297 5798 spiritus
1338 5723 1669 5791 immundos,
1702 5722 1976 5779 daemones

2064 4521 2123 4571 tv
2163 4521 2281 4589 ταῖς
2310 4519 2493 4581 ἄλλαις
2543 4520 2797 4588 ἡμέραις,
2829 4518 2923 4569 ἐὰν
3034 4516 3220 4585 μνήμη
3263 4515 3417 4580 ἁγίου
3448 4512 3628 4574 τινόςο

2064 4613 2121 4663 tv
2148 4608 2235 4672 αἷς
2266 4606 2437 4680 οἶμαι,
2473 4612 2565 4662 καὶ⁵
2614 4609 2944 4681 ἐλειτούργει
2980 4613 3007 4662 6
3041 4610 3192 4675 ἅγιος
3216 4624 3232 4639 ·
3271 4607 3331 4658 ού
3359 4606 3465 4675 γὰρ
3504 4603 3632 4656 καθ’

2068 4701 2304 4773 ἑκάστην
2329 4701 2577 4771 ἠδύνατο,
2603 4700 2709 4754 ὑπὸ
2733 4700 3001 4754 τοσούτων
3035 4701 3330 4770 φροντίδων
3363 4698 3632 4768 ὀχλούμε-

2067 4813 2175 4859 νος.
2215 4815 2233 4849 ι
2269 4791 2401 4851 Εῖπε
2455 4795 2510 4848 δὲ
2559 4795 2653 4847 καὶ
2681 4798 2708 4847 6
2734 4794 2888 4863 ἆγιος
2945 4792 3205 4856 Ἀπολλὼ,
3234 4794 3315 4845 ὅτι
3352 4813 3370 4845 ι
3403 4795 3495 4845 Δεῖ
3536 4792 3631 4844 τὸν

2072 4889 2323 4959 μοναχὸν,
2364 4890 2411 4941 εἰ
2455 4888 2696 4951 δυνατὸν,
2728 4889 2848 4941 καθ’
2877 4888 3111 4955 ἑκάστην
3153 4887 3365 4956 ἡμέραν
3388 4886 3496 4938 τῶν
3526 4904 3633 4956 μυ-

2070 4982 2307 5052 στηρίων
2338 4981 2429 5034 τοῦ
2474 4980 2711 5054 Χριστοῦ
2748 4983 3039 5035 κοινωνεῖν.
3086 4982 3145 5032 Ὀ
3190 4981 3298 5049 γὰρ
3340 4978 3633 5048 μακρύνων

2068 5077 2258 5130 ἑαυτὸν
2288 5076 2393 5130 ἀπὸ
2424 5076 2646 5141 τούτων,
2678 5075 3009 5145 μακρύνεται
3040 5074 3145 5125 ἀπὸ
3178 5074 3335 5137 Θεοῦ,
3366 5075 3394 5125 6
3417 5072 3473 5124 δὲ
3504 5088 3633 5125 συν-

2069 5169 2207 5238 εχῶς
2239 5166 2397 5220 τοῦτο
2425 5168 2614 5228 ποιῶν,
2632 5169 2728 5236 τὴν
2752 5167 2927 5235 σάρκα
2964 5164 3201 5233 συνεχῶς
3225 5164 3540 5233 ὑποδέχεται
3566 5179 3576 5187 '
3604 5179 3625 5214 ι

2066 5265 2099 5333 ἡ
2131 5264 2239 5333 γὰρ
2270 5263 2532 5331 σωτήριος
2572 5262 2719 5329 φωνή
2775 5277 2938 5327 φησιν
2960 5274 2973 5287 ·
3007 5276 3024 5308 ι
3082 5259 3139 5310 Ὀ
3176 5258 3369 5309 ἐσθίων
3401 5275 3501 5326 μου
3533 5257 3633 5327 τὴν

2070 5357 2268 5424 σάρκα,
2298 5358 2390 5408 καὶ
2421 5355 2589 5407 πίνων
2621 5371 2722 5421 μου
2757 5355 2816 5404 τὸ
2842 5348 3001 5422 αἷμα,
3037 5355 3093 5405 tv
3121 5352 3242 5421 ἐμοὶ
3276 5351 3445 5421 μένει,
3478 5349 3635 5417 κάγὼ

2069 5452 2128 5504 tv
2172 5449 2338 5519 αύτῷ.
2396 5447 2564 5501 Τοῦτο
2614 5446 2705 5500 οῦν
2750 5446 3019 5517 συμφέρει
3047 5448 3156 5507 τοῖς
3190 5447 3466 5514 μοναχοῖς,
3501 5445 3634 5496 ὑπό-

2069 5559 2265 5614 μνησιν
2298 5540 2391 5594 τοῦ
2421 5542 2684 5610 σωτηρίου
2720 5539 2925 5601 πάθους
2975 5538 3213 5607 συνεχῶς
3270 5538 3631 5607 ποιουμένοις.

2070 5633 2205 5687 Καθ’
2238 5632 2447 5703 ἡμέραν
2474 5627 2566 5685 οὖν
2604 5626 2982 5699 ἓτοιμονέἷναι
3021 5628 3120 5695 δεῖ,
3155 5630 3247 5682 καὶ
3277 5628 3632 5699 παρασκευά-

2071 5726 2182 5783 ζειν
2212 5725 2401 5781 ἑαυτὸν
2426 5722 2685 5783 τοιοῦτον.
2719 5722 2856 5777 ὥστε
2887 5722 3035 5783 ἄξιον
3066 5719 3201 5777 εἶναι
3228 5722 3479 5787 πάντοτε,
3506 5721 3629 5791 περὶ
