4032 6208
358 267 463 333 801
1226 336 1227 339 η
1551 264 1945 327 OPUSCULA
1987 266 2376 332 ASCETICA.
3510 294 3614 358 30-2

371 388 471 457 τὴν
503 386 613 439 τῶν
646 384 817 455 ἀγίων
859 385 1174 457 μυστηρίων
1205 385 1472 459 ὑποδοχήν
1493 406 1505 420 ·
1539 392 1662 445 ἐπεὶ
1698 394 1793 448 καὶ
1832 396 1974 463 ἀφη

2061 390 2516 462 nterrogavitqui
2575 392 2629 449 in
2675 394 3002 465 quibusdam
3058 400 3251 470 puellis
3302 402 3614 469 furentibus

372 479 542 540 έσεως
570 476 875 547 ἁμαρτιῶν,
905 476 1047 530 οὕτω
1075 479 1501 548 καταξιούμεθα.
1525 499 1544 533 ι
1576 483 1736 551 Λέγει
1759 483 1816 537 δὲ
1845 488 1941 541 καὶ

2054 486 2099 532 et
2137 483 2206 533 ab
2238 479 2372 548 ipsis
2429 484 2569 538 male
2605 486 2848 543 multatis
2898 499 3075 557 erant,
3137 492 3364 551 dicens:
3416 498 3616 566 «Quid

371 569 399 621 6
441 566 542 636 τῆς
585 566 903 634 Κλίμακος’
960 583 978 616 ι
1018 566 1081 618 Εἰ
1124 565 1282 635 σῶμα
1333 565 1542 636 σώματι
1588 570 1937 639 προσψαύων,

2054 585 2070 623 ι
2100 570 2429 628 Christianis
2461 576 2732 632 timetis?»
2770 579 2871 645 Qui
2903 584 3233 651 respondere
3261 603 3273 639 :
3305 605 3324 640 ι
3348 589 3485 645 Vere
3506 565 3614 648 tria

369 657 676 713 ἀλλοιοῦται
709 659 776 727 τῇ
825 657 1095 727 ἐνεργείᾳ,
1147 658 1264 720 πῶς
1290 658 1389 712 οὐκ
1429 657 1874 730 ἁλλοιωθήσεται,
1907 662 1937 716 6

2054 662 2254 716 habetis
2304 679 2534 732 magna;
2570 682 2738 722 unum
2772 671 3016 739 quidem,
3049 674 3194 741 quod
3244 676 3299 731 in
3335 680 3480 734 collo
3522 698 3616 738 ve-

370 747 506 843 Θεοῦ
536 745 766 848 Δσώματι
812 744 1148 848 usos-datio),
1179 745 1382 848 ἀθώοις
1428 750 1614 818 χερσι;
1654 770 1674 803 ι
1726 751 1932 821 Γέγρα-

2054 762 2154 806 ttro
2189 756 2443 823 portatis,
2476 765 2529 810 et
2560 758 2819 825 alterum,
2849 764 2997 831 quod
3054 766 3107 820 in
3154 767 3394 825 Ecclesia
3442 773 3616 829 ablui-

371 837 505 894 πταί
533 840 589 892 δέ
620 840 713 891 καὶ
744 840 800 890 ἐν
831 838 908 907 τῷ
940 837 1243 909 Γερονῇκῷ
1263 856 1276 869 ·
1309 858 1327 891 ι
1368 841 1616 911 Ἰωάννης
1643 846 1670 895 ὁ
1694 844 1934 914 Βοστρη-

2054 843 2193 907 nini,
2225 852 2280 899 et
2307 847 2553 911 tertium.
2584 852 2730 919 quod
2785 852 2837 906 in
2881 866 3154 911 conventu
3202 870 3387 915 vestro
3422 877 3613 920 come-

369 931 479 994 νὸς,
512 929 651 999 ἀνὴρ
681 928 855 997 ἅγιος,
881 929 973 980 καὶ
996 929 1243 995 ἐξουσίαν
1274 930 1411 999 ἔχων
1441 933 1581 987 κατά
1610 935 1934 1002 πνευμάτων

2054 936 2182 991 litis.
2213 936 2351 993 Cum
2377 954 2600 995 rursum
2624 941 2944 1016 interrogati
2977 960 3184 1015 essent,
3216 968 3281 1005 ex
3314 951 3400 1008 his
3432 955 3610 1013 tribus

369 1020 716 1091 ἀκαθάρτων,
743 1019 994 1091 ἠρώτησε
1021 1020 1301 1090 δαίμονας,
1323 1023 1373 1075 οἳ
1397 1018 1535 1093 ἦσαν
1559 1025 1933 1090 κατοικοῦντες

2054 1028 2308 1099 ιυοάηειηι
2368 1033 2538 1104 magis
2567 1034 2947 1103 formidarent,
3002 1044 3409 1111 responderunt
3443 1064 3457 1102 :
3493 1066 3512 1099 ι
3549 1047 3606 1103 Si

369 1116 449 1177 είς
487 1114 655 1185 κόρας
709 1113 860 1177 τινὰς
903 1114 1234 1183 μαινομένας
1268 1114 1362 1169 καὶ
1406 1117 1804 1187 ἐνεργουμένατ
1842 1120 1930 1172 ὑπ’

2054 1139 2171 1217 tene
2225 1128 2548 1184 custodiatis
2593 1135 2739 1200 quod
2798 1134 3109 1204 accepistis,
3167 1153 3327 1192 nemo
3360 1154 3605 1196 nostrum

370 1206 549 1260 αὐτῶν
591 1205 860 1275 πονηρῶς,
910 1205 1112 1259 εἰπών’
1162 1208 1289 1259 ποῖα
1333 1208 1629 1277 πράγματα
1684 1212 1933 1277 φοϐεῖσθε

2054 1216 2175 1272 valet
2222 1217 2550 1277 Christianis
2602 1222 2858 1292 injuriam
2916 1226 3144 1284 inferre.
3211 1229 3351 1285 Sunt
3419 1243 3605 1288 autem

370 1299 478 1351 ἀπὸ
506 1298 617 1352 τῶν
641 1299 982 1370 Χριστιανῶν
1002 1314 1016 1362 ;
1033 1297 1083 1350 οἳ
1108 1298 1360 1366 λέγουσιν
1380 1313 1395 1328 ο
1417 1300 1604 1368 Ἔχετε
1621 1300 1787 1363 ὅντως
1808 1303 1936 1373 τρία

2054 1322 2154 1377 [uae
2184 1310 2369 1367 hostes
2426 1313 2601 1368 nostri
2663 1314 2964 1372 formidant
3015 1320 3142 1389 plus
3190 1337 3351 1392 quam
3384 1336 3579 1381 cetera

370 1390 673 1460 πράγματα
696 1366 929 1459 ’μεγάλα
950 1427 965 1453 ,
1016 1389 1074 1443 ἐν
1129 1390 1250 1459 μὲν,
1285 1390 1421 1458 ὅπερ
1455 1366 1691 1461 φορεῖτε,
1726 1393 1805 1455 είς
1844 1366 1934 1445 τὸν

2054 1366 2063 1377 _
2353 1366 2359 1367 ,
3015 1366 3141 1389 ν.--
3230 1366 3351 1377 ..-...
3386 1366 3579 1381 -..ηψ-

2054 1416 2183 1465 :rux,
2225 1403 2530 1473 baptismns
2552 1416 2608 1461 et
2639 1411 2978 1465 communio.
3014 1428 3034 1462 ι
3192 1366 3221 1392 Nl
3585 1366 3602 1393 ’

370 1483 629 1555 τράχελον
659 1481 836 1553 ὑμῶν,
880 1482 977 1536 καὶ
1005 1481 1084 1548 ἓν,
1112 1482 1251 1550 ὅπερ
1293 1481 1517 1535 λούεσθε
1557 1484 1641 1546 εις
1685 1483 1786 1551 τὴν
1837 1482 2189 1554 Ἐκκλησίαν,
2240 1490 2334 1541 καὶ
2377 1489 2459 1554 ιν,
2488 1492 2625 1560 ὅπερ
2650 1496 2890 1562 τρὼγιτε
2925 1498 3007 1559 είς
3040 1497 3140 1563 τὴν
3172 1497 3413 1567 σόναξιν.
3455 1501 3611 1574 Ἐρο-

370 1578 532 1649 μένου
555 1577 611 1631 δὲ
634 1578 821 1641 πάλιν,
852 1577 915 1628 ἐκ
946 1574 1152 1630 τούτων
1176 1574 1283 1629 τῶν
1326 1577 1513 1643 τριῶν,
1556 1580 1705 1630 ποῖον
1735 1578 1990 1646 φοϐεῖσθε
2025 1582 2223 1648 πλέους
2257 1584 2655 1654 ἀπεκρίθησαν,
2691 1590 2740 1640 εί
2771 1589 3105 1655 ἐφυλάσσετε
3136 1594 3315 1657 καλῶς
3343 1598 3480 1670 ὅπερ
3511 1617 3609 1669 με-

372 1674 773 1743 ταλαμϐάνετε,
825 1675 925 1726 οὐκ
976 1671 1199 1743 ἴσχυσεν
1242 1672 1417 1732 οὐδεὶς
1448 1671 1508 1735 ἐξ
1552 1672 1710 1741 ἡμῶν
1762 1673 2020 1743 ἀδικῆσαι
2061 1676 2391 1744 Χριστιανόν
2420 1697 2434 1710 ·
2481 1682 2591 1732 εἰσὶ
2639 1680 2695 1732 δὲ
2740 1678 2777 1733 ἀ
2823 1680 3109 1750 δυσμενεῖς
3150 1689 3442 1755 φοϐοῦνται
3494 1695 3605 1748 τῶν

373 1770 550 1824 ἄλλων
580 1767 764 1830 πλέον,
795 1768 823 1819 6
854 1766 1111 1836 σταυρὸς,
1143 1769 1175 1836 ἡ
1205 1766 1489 1835 βάπτισις,
1525 1768 1615 1819 καὶ
1641 1766 1674 1834 ή
1703 1770 1981 1826 κοινωνία.
2019 1787 2038 1821 ι

385 1854 565 1918 πλος
596 1852 715 1905 τῶν
740 1849 887 1903 κατὰ
926 1848 1152 1914 πλάτος
1184 1847 1400 1918 πασῶν
1443 1848 1809 1915 ὑποθέσεων,
1840 1850 1938 1905 καί

445 1917 658 1992 μερικὴ
683 1920 1033 1987 παραίνεσις
1061 1917 1209 1985 πρὸς
1228 1919 1334 1971 τὸν
1357 1917 1833 1985 ἐπερωτήσαντα.

449 2032 558 2101 ια’.
595 2031 724 2085 Ἰδοὺ
744 2031 830 2102 δὴ,
846 2030 1035 2083 τέκνον
1060 2029 1333 2098 φίλτατον,
1357 2031 1664 2083 τετέλεσταί
1689 2048 1783 2085 σου
1804 2034 1837 2102 ἠ
1861 2033 1945 2086 ατ-

382 2141 559 2193 τησις,
594 2123 691 2175 σὺν
709 2123 845 2192 Θεῷ-
867 2123 915 2174 ει
941 2122 1038 2195 μέν
1064 2121 1207 2175 κατά
1229 2120 1452 2191 γνώμην
1473 2121 1571 2189 τὴν
1602 2121 1699 2192 σὴν
1725 2123 1819 2176 καὶ
1846 2123 1946 2194 τὴν

382 2217 661 2287 πρόθεσιν,
690 2214 934 2285 ἀκριϐῶς
961 2214 1061 2267 οὐκ
1089 2213 1329 2283 οἴδαμεν,
1364 2212 1546 2282 μέντοι
1574 2229 1637 2281 γε
1670 2214 1811 2267 κατὰ
1846 2215 1947 2286 τὴν

384 2308 659 2379 ἡμετέραν
691 2306 936 2377 δύναμιν,
974 2304 1069 2360 καὶ
1098 2304 1216 2375 Θεῷ
1244 2305 1301 2358 δέ
1332 2304 1504 2373 φίλον,
1539 2305 1599 2357 16
1629 2305 1768 2359 κατὰ
1791 2306 1950 2359 δύνα-

390 2416 500 2468 μιν.
545 2398 688 2467 Ὅρα
720 2398 917 2459 τοίνυν,
955 2396 1043 2448 ἵνα
1078 2396 1152 2467 μὴ
1186 2395 1345 2465 μέχρι
1398 2393 1588 2448 τούτου
1632 2397 1730 2466 στῇ
1769 2395 1831 2448 16
1858 2394 1949 2449 σὸν

389 2488 705 2559 φιλομαθὲς,
734 2490 825 2541 καὶ
852 2489 1128 2551 ἐπίπονον,
1162 2487 1277 2540 ἀλλ’
1314 2487 1400 2541 ἵνα
1448 2487 1545 2541 καὶ
1570 2487 1750 2559 ἔργοις
1779 2486 1950 2558 ὀφθῇς

281 2598 287 2604 ”
389 2579 714 2649 φιλομαθὴς,
763 2581 855 2633 καὶ
900 2580 1212 2643 σπουδαῖος.
1255 2580 1395 2649 Φησὶ
1423 2578 1519 2632 καὶ
1547 2579 1656 2649 γὰρ
1686 2579 1714 2631 6
1744 2578 1951 2640 κλεινδς

389 2672 707 2738 ὁδελφόθεος
730 2686 743 2701 ·
778 2690 797 2722 ι
844 2670 1085 2739 ’Δδελιροί
1109 2687 1208 2740 μου
1233 2671 1529 2741 ἀγαπητοὶ,
1556 2668 1771 2738 γίνεσθε
1797 2686 1954 2736 ποιη-

389 2765 482 2817 ταὶ
509 2763 690 2830 λόγου,
720 2763 814 2816 καὶ
843 2763 917 2832 μὴ
951 2762 1109 2833 μόνον
1146 2764 1432 2833 ἀκροαταὶ,
1465 2761 1954 2833 παραλογιζόμενοι

391 2854 640 2915 ἑαυτοὺς,
671 2852 774 2917 ὅτι,
804 2852 855 2902 εἴ
896 2869 979 2914 τις
1032 2851 1306 2921 ἀκροατὴς
1355 2851 1522 2921 νόμου
1571 2849 1707 2914 ἐστὶ,
1748 2849 1841 2901 καὶ⁸
1892 2847 1953 2902 οὐ

395 2944 647 3015 ποιητὴς,
680 2938 832 3005 οὗτος
867 2942 1043 2995 ἔοικεν
1094 2942 1268 3013 ἀνδρὶ,
1311 2940 1661 2995 κατανοοῦντι
1693 2939 1753 2991 16
1787 2940 1958 3009 πρόσσ-

2045 1853 2202 1909 Finis
2234 1853 2468 1909 omnium
2499 1852 2789 1908 secundum
2816 1852 3156 1907 latitudinem
3197 1853 3538 1921 qutesitorum
3563 1861 3615 1908 et

2150 1926 2395 1993 specialis
2425 1924 2722 1978 exhortatio
2764 1924 2833 1977 ad
2877 1939 2994 1978 eum
3024 1923 3115 1993 qui
3140 1923 3506 1992 interrogavit.

2114 2016 2206 2071 93.
2237 2017 2375 2072 Ecce
2400 2017 2590 2087 igitur,
2618 2030 2653 2071 ο
2679 2016 2750 2071 illi
2781 2017 3162 2088 dilectissime,
3185 2015 3477 2084 adimpleta
3507 2021 3611 2079 est,

2048 2124 2174 2164 cum
2213 2108 2346 2174 Deo,
2382 2114 2473 2162 tua
2535 2108 2925 2177 interrogatio;
2978 2123 3047 2162 an
3104 2109 3406 2163 secundum
3461 2115 3610 2159 tuum

2045 2201 2386 2272 propositum
2417 2214 2481 2255 ac
2511 2198 2873 2262 desiderium.
2903 2214 3009 2254 non
3043 2200 3289 2269 apprime
3338 2197 3613 2261 novimus,

2043 2293 2138 2348 sed
2171 2301 2353 2347 tamen
2390 2307 2489 2361 pro
2523 2292 2731 2346 nostris
2760 2291 3012 2353 viribus;
3044 2301 3097 2344 et
3122 2299 3335 2359 gratum
3374 2288 3482 2343 Deo
3506 2300 3611 2353 est,

2045 2384 2093 2438 sl
2120 2384 2245 2453 quis
2276 2390 2402 2451 agat
2435 2397 2531 2450 pro
2564 2381 2796 2437 viribus.
2830 2378 2964 2433 Vide
3006 2380 3190 2449 igitur,
3226 2392 3296 2431 ne
3340 2391 3512 2444 usque
3547 2376 3615 2430 ad

2044 2475 2097 2530 id
2128 2484 2334 2529 tantum
2367 2472 2639 2527 consistat
2666 2480 2759 2524 tua
2804 2468 3053 2525 discendi
3099 2468 3335 2522 aviditas
3378 2475 3616 2538 tuusque

2043 2569 2239 2635 ardor;
2269 2568 2362 2624 sed
2414 2575 2474 2621 ut
2516 2575 2569 2621 et
2603 2563 2861 2635 operibus
2897 2576 3166 2633 appareas
3214 2561 3459 2618 discendi
3515 2576 3616 2617 cu-

2044 2662 2204 2734 pidus
2240 2669 2291 2716 et
2339 2659 2579 2715 fervens.
2617 2658 2761 2713 Dicit
2818 2657 2965 2713 enim
3021 2656 3258 2713 illustris
3314 2656 3408 2710 ille
3450 2654 3618 2710 frater

2043 2757 2295 2812 Domini:
2328 2772 2348 2807 ι
2388 2752 2606 2808 Fratres
2635 2752 2741 2807 mei
2791 2750 3154 2815 dilectissimi,
3180 2758 3356 2805 estote
3381 2749 3616 2803 factores

2044 2848 2221 2912 verbi,
2254 2853 2308 2900 et
2338 2861 2444 2899 non
2486 2844 2765 2899 auditores
2818 2851 3055 2905 tantum,
3092 2842 3453 2910 vosmetipsos
3480 2854 3617 2896 con-

2045 2941 2372 3001 siderantes,
2406 2937 2555 3005 quia,
2597 2937 2642 2991 si
2693 2936 2816 3004 quis
2845 2934 3061 2988 auditor
3103 2944 3186 2988 est
3223 2934 3354 3002 legis
3394 2942 3448 2987 et
3502 2946 3613 2986 nou

394 3054 543 3089 ωπον
578 3039 677 3106 τῆς
714 3035 979 3102 γενέσεως
1021 3034 1206 3099 αὑτοῦ,
1258 3034 1315 3087 ἐν
1347 3033 1629 3102 ἐσόπτρῳο
1664 3030 1974 3102 κατενόησε,

2054 3033 2237 3096 laetor,
2260 3030 2454 3085 similis
2481 3037 2563 3083 est
2597 3027 2801 3081 homini
2833 3026 3206 3080 consideranti
3236 3025 3442 3078 vultum
3470 3024 3616 3076 nati-

395 3129 505 3197 γὰρ
537 3126 753 3193 ἐαυτὸν,
802 3127 897 3179 καὶ
919 3124 1278 3195 ἀπελήλυθεν,
1314 3124 1408 3176 καὶ
1437 3122 1730 3176 ἐπελάθετο
1775 3122 1959 3182 ὁποῖος

394 3218 482 3292 ἦν,
508 3222 536 3272 6
554 3220 609 3273 δέ
634 3218 960 3289 παρακύψας
984 3218 1063 3279 είς
1084 3218 1247 3286 νόμον
1272 3215 1475 3268 τέλειον
1499 3214 1595 3285 τῆς
1624 3211 1958 3282 ἐλευθερίας,

397 3312 491 3362 καὶ
527 3309 902 3380 παραμείνας,
951 3302 1102 3369 οὗτος
1153 3306 1253 3359 οὐκ
1285 3305 1559 3377 ἀκροατὴς
1591 3302 1962 3373 ἐπιλησμονῆς

398 3400 713 3469 γενόμενος,
745 3399 879 3450 ἀλλά
921 3397 1150 3467 ποιητὴς
1194 3395 1378 3467 ἔργου,
1415 3389 1565 3458 οὗτος
1614 3393 1877 3465 μακάριος
1905 3393 1963 3444 ἐν

398 3494 467 3561 τῇ
497 3490 709 3557 ποιήσει
732 3486 897 3541 αὑτοῦ
926 3486 1100 3541 ἔσται.
1138 3505 1157 3539 ι

404 3627 605 3693 Ὅπως
644 3624 732 3679 δεῖ
756 3623 1001 3679 ἀκούειν
1039 3622 1136 3675 καὶ
1164 3621 1560 3693 ἐκλαμϐάνειν
1597 3620 1670 3675 τὰ
1702 3616 1821 3673 τῶν
1850 3621 1969 3672 Πα-

754 3694 938 3759 τέρων
966 3698 1335 3762 πνευματικὰ
1348 3690 1607 3761 ῥήματα.

477 3833 575 3903 κδ’.
616 3834 725 3888 Καὶ
764 3832 871 3902 πρό
918 3847 983 3899 γε
1030 3828 1254 3893 τούτων,
1305 3828 1392 3882 ἵνα
1433 3826 1659 3892 πιστῶς,
1708 3825 1801 3879 καὶ
1833 3822 1972 3894 μιτά

410 3929 508 3997 τῆς
562 3924 943 3997 προσηκούσης
989 3920 1296 3986 εὐλαϐείας,
1349 3919 1703 3989 ἐκλαμϐάνῃς
1744 3916 1839 3970 καὶ
1888 3917 1971 3971 δι-

412 4018 636 4090 ακοὺῃς,
654 4017 720 4069 τὰ
744 4015 848 4069 τῶν
865 4013 1006 4069 Πατέ
1016 4030 1120 4083 ρων
1145 4011 1283 4073 θεῖα,
1305 4011 1399 4065 καὶ
1417 4028 1549 4063 πνευ
1558 4009 1762 4080 ματικά
1780 4007 1974 4062 θεσπί-

414 4127 600 4180 σματα
625 4121 639 4136 °
693 4108 824 4177 φησι
856 4108 963 4176 γὰρ
996 4108 1024 4159 6
1065 4105 1219 4173 ἆγιος
1260 4104 1573 4173 Μακάριοςο
1628 4120 1647 4154 ι
1690 4100 1977 4170 Ἀψαυστά

414 4203 532 4255 ἐστι
576 4200 688 4261 τοῖς
729 4197 993 4266 ἀπείροις,
1032 4197 1101 4249 τὰ
1142 4194 1513 4264 πνευματικά·
1546 4191 1692 4263 ψυχῇ
1737 4192 1793 4244 δὲ
1822 4190 1975 4259 ἁγίᾳ,

414 4292 512 4345 καὶ
563 4293 749 4361 πιστῇ,
793 4290 926 4359 πρὸς
976 4285 1609 4355 κατάληψινέρχεταιὴ
1663 4282 1757 4336 τοῦ
1820 4283 1977 4348 ἁγίου

414 4380 729 4451 Πνεύματος
767 4377 1051 4442 κοινωνία,
1100 4377 1193 4429 καὶ
1231 4377 1279 4428 οἱ
1319 4374 1629 4445 ἐπουράνιοι
1677 4372 1769 4426 τοῦ
1806 4371 1975 4425 Πνεύο

418 4488 590 4541 ματος
624 4470 908 4542 θησαυροὶ,
952 4469 1030 4539 τῷ
1068 4469 1234 4539 πείρᾳ
1267 4468 1482 4521 λαϐόντι
1524 4466 1685 4536 μόνῳ
1740 4464 1978 4532 γίνονται

417 4566 773 4631 καταφανεῖς,
803 4563 1033 4631 ἀμυήτῳ
1085 4561 1164 4623 δὲ,
1208 4559 1328 4612 οὐδὲ
1362 4558 1612 4626 ἐννοῆσαι
1647 4555 1869 4610 δυνατὸν
1892 4571 1982 4607 το-

421 4653 702 4723 παράπαν.
726 4649 982 4713 Εὑλαϐῶς
1010 4649 1187 4702 τοίνυν
1217 4649 1343 4717 περὶ
1371 4646 1550 4700 αὐτῶν
1577 4646 1761 4711 ἄκουε,
1789 4646 1983 4715 μέχρις

421 4736 512 4809 ἀν,
546 4745 640 4797 καὶ
674 4745 756 4796 σοι
802 4744 1011 4809 γένοιτο
1053 4741 1382 4803 πιστεύοντι,
1418 4738 1819 4808 καταξιωθῆναι
1860 4735 1984 4788 τού-

421 4854 529 4890 των
558 4838 771 4906 τυχεῖν·
796 4835 917 4887 τότε
948 4834 1057 4903 γὰρ
1089 4831 1208 4902 εἴσῃ
1239 4832 1387 4903 ,αὐτῇ
1423 4830 1587 4900 πείρᾳ
1624 4829 1731 4880 τῶν
1760 4829 1856 4898 τῆς
1887 4826 1989 4896 ψυ-

421 4928 523 4999 χῆς
555 4917 870 4996 ὀφθαλμῶν,
906 4925 1031 4978 οἴων
1055 4922 1297 4991 ἀγαθῶν,
1326 4921 1422 4975 καὶ⁵
1454 4919 1791 4992 μυστηρίων,
1820 4918 1988 4990 ψυχαὶ

424 5018 768 5091 Χριστιανῶν
805 5015 1085 5071 κάνταῦθα
1121 5014 1396 5069 κοινωνεῖν
1441 5011 1715 5065 δύνανται.
1772 5029 1790 5061 ι
1834 5009 1990 5063 Οῦτω

425 5111 534 5180 γάρ
566 5110 722 5180 ἔχων,
756 5110 984 5179 τάχιστα
1012 5106 1123 5162 οιαὶ
1153 5107 1252 5177 τὴν
1297 5105 1407 5159 τῶν
1447 5103 1851 5174 γεγραμμένων
1896 5098 1990 5152 καὶ
2028 5170 2031 5173 ν

425 5201 854 5257 ἀκουτισθέντων
922 5199 1291 5264 ἐπισυλλέξεις
1352 5197 1691 5266 ἐπικαρπίαν
1770 5211 1829 5248 τε
1896 5193 1992 5246 καὶ

425 5294 719 5364 ὠφέλειαν,
742 5294 835 5346 καὶ
857 5294 965 5347 ἀπὸ
986 5292 1078 5347 τοῦ
1106 5291 1415 5369 μανθάνειν,
1442 5292 1534 5342 καί
1557 5288 1837 5359 πράττειν,
1863 5301 1993 5356 προ-

428 5389 638 5457 κόψεις,
690 5388 770 5449 είς
818 5386 878 5439 16
924 5387 1018 5438 καὶ
1062 5386 1254 5447 ἄλλους
1303 5385 1587 5454 παραινεῖν
1645 5382 1740 5433 καὶ
1783 5380 1996 5449 ὁδηγεῖν

430 5482 568 5552 αὐτῇ
621 5478 807 5549 πείρᾳ,
857 5478 991 5545 πρὸς
1035 5477 1104 5530 τὰ
1149 5476 1417 5546 θειότερα,
1473 5474 1565 5528 καὶ
1618 5474 1733 5533 τοῖς
1783 5471 1996 5533 πολλοῖς

431 5574 683 5644 ἀμύητα·
720 5572 748 5625 ὃ
784 5574 877 5625 καὶ
906 5570 1113 5641 γένοιτό
1156 5586 1259 5635 σοι,
1292 5572 1357 5639 τῇ
1402 5568 1495 5622 τοῦ
1551 5566 1755 5637 Κυρίου
1822 5562 1997 5634 Ἰησοῦ

433 5666 667 5737 Χριστοῦ
722 5662 1137 5733 παναλκεστάτῃ
1170 5662 1397 5733 παλάμῃ
1429 5658 1845 5730 ἐπερειδομένῳ,
1901 5655 1996 5708 καὶ

430 5743 899 5821 ’κατευθυνομένῳο
932 5754 984 5809 Ἀ
996 5756 1120 5821 μήν.
1140 5755 1195 5808 Ἐ
1204 5754 1291 5806 πεῖ
1307 5753 1361 5807 δὲ
1384 5752 1541 5822 κόρος
1556 5750 1866 5819 λόγου,πολέ
1878 5762 1999 5816 μιος

1987 4435 2030 4492 D

2044 3122 2229 3178 vitatis
2282 3135 2395 3177 suae
2434 3120 2488 3173 in
2547 3118 2804 3189 speculo;
2854 3116 3221 3172 consideravit
3261 3116 3404 3170 enim
3452 3130 3532 3180 se,
3560 3125 3615 3170 et

2042 3214 2214 3277 abiit;
2245 3219 2299 3265 et
2357 3210 2563 3264 oblitus
2599 3217 2682 3262 est
2720 3208 2900 3276 qualis
2955 3216 3138 3273 esset;
3198 3205 3293 3276 qui
3345 3215 3525 3260 autem
3556 3219 3617 3259 se

2043 3304 2325 3358 inclinavit
2362 3303 2416 3356 in
2472 3301 2646 3371 legem
2685 3299 2956 3354 libertatis
3012 3298 3329 3368 perfectam,
3380 3311 3446 3351 ac
3495 3312 3617 3366 per-

2044 3397 2265 3459 mansit,
2292 3395 2381 3449 hic
2409 3410 2516 3447 non
2539 3393 2758 3447 auditor
2776 3392 3079 3446 obliviosos
3098 3390 3295 3455 lactus,
3320 3390 3415 3443 sed
3442 3389 3615 3444 factor

2042 3489 2246 3559 operis,
2281 3488 2471 3541 beatus
2501 3485 2560 3538 in
2586 3484 2710 3555 ejus
2739 3482 3139 3552 adimpletione
3174 3483 3299 3535 erit.
3344 3498 3363 3532 ι

2045 3604 2324 3670 Quomodo
2383 3608 2623 3670 oporteti
2653 3598 2841 3659 audire
2906 3606 2977 3670 et‘
3007 3600 3247 3665 excipere
3296 3593 3609 3664 spiritualia

2598 3669 2821 3723 Patrum
2873 3667 3047 3722 verba.

2129 3800 2218 3855 94.
2259 3800 2322 3853 Ει
2354 3805 2480 3851 ante
2513 3796 2626 3850 haec
2657 3793 2863 3856 omnia,
2901 3789 3134 3847 ﬁdeliter
3174 3797 3229 3843 et
3255 3803 3378 3843 cum
3416 3788 3626 3842 decenti

2058 3894 2284 3966 pietate,
2342 3891 2582 3960 excipias
2633 3896 2689 3943 et
2721 3886 2917 3941 audias
2969 3883 3154 3939 divina
3208 3897 3273 3937 ac
3324 3880 3626 3951 spiritualia

2059 3989 2283 4045 Patrum
2325 3984 2569 4041 oracula.
2623 3980 2765 4034 Dicit
2812 3978 2957 4034 enim
3024 3985 3248 4031 sanctus
3306 3972 3627 4028 Macarius:

2064 4102 2083 4137 ι
2121 4078 2489 4138 lntractabilia
2517 4085 2646 4130 sunt
2686 4072 2986 4144 inexpertis
3020 4066 3364 4141 Spiritualia;
3389 4063 3629 4117 animam

2058 4193 2189 4231 vero
2212 4182 2458 4231 sanctam
2502 4185 2565 4223 ac
2596 4168 2806 4223 ﬁdelem
2834 4159 3249 4233 comprehendit
3281 4158 3456 4213 sancti
3508 4155 3628 4226 Spi-

2058 4270 2199 4325 ritus
2250 4262 2587 4327 communio,
2632 4269 2687 4314 et
2733 4258 2984 4313 ccelestes
3015 4253 3255 4324 Spiritus
3284 4249 3549 4312 thesauri,
3578 4247 3628 4303 ei
3692 4304 3697 4309 ,

2060 4362 2162 4417 soli
2195 4359 2288 4431 qui
2319 4371 2415 4411 eos
2442 4360 2701 4423 expertus
2728 4358 2831 4412 est,
2890 4344 3285 4418 superveniunt
3318 4340 3627 4405 manifesti;

2060 4470 2171 4510 non
2204 4452 2419 4507 initiato
2453 4458 2658 4512 autem,
2698 4457 2879 4511 neque
2931 4454 3028 4494 eos
3075 4437 3320 4507 cogitare
3373 4433 3631 4503 possibile

2059 4554 2163 4601 est.
2214 4543 2289 4596 De
2317 4540 2383 4595 iis
2413 4539 2581 4606 igitur
2630 4535 2821 4588 Patres
2854 4530 2982 4584 audi
3016 4526 3289 4595 religiose.
3324 4524 3497 4578 donec
3536 4521 3630 4577 tibi

2061 4632 2305 4691 credenti
2344 4628 2622 4696 contingat
2660 4623 2883 4692 dignum
2929 4633 3051 4673 esse
3079 4615 3173 4687 qui
3218 4630 3314 4670 eos
3356 4615 3629 4669 obtineas.

2061 4726 2215 4781 Tunc
2244 4722 2390 4778 enim
2420 4718 2560 4773 scies
2589 4717 2705 4786 ipsa
2732 4711 3018 4767 oculorum
3048 4696 3247 4762 anima:
3272 4704 3631 4774 experientia,

2062 4817 2281 4889 quantis
2312 4812 2474 4868 bonis
2524 4822 2587 4862 ac
2634 4803 2909 4878 mysteriis
2959 4800 3399 4855 Christianorum
3440 4796 3634 4850 animai

2063 4887 2193 4966 tunc
2219 4902 2628 4962 communicare
2679 4896 2913 4967 possint.
2956 4909 2975 4943 ι
3023 4889 3115 4944 Sic
3148 4890 3377 4957 teipsnm
3428 4887 3635 4940 habens

2064 5015 2227 5071 quam
2254 4995 2522 5050 citissime
2546 5004 2732 5045 eorum
2759 4999 2868 5056 qua
2896 4985 3097 5051 scripta
3121 4982 3232 5035 sint
3258 4982 3337 5032 vel
3369 4979 3634 5043 audieris,

2065 5277 2400 5350 experientia
2440 5274 2678 5343 dirigere
2713 5266 2889 5337 possis
2924 5263 2989 5317 ad
3041 5276 3127 5316 res
3182 5258 3393 5314 divinas
3427 5267 3480 5312 et
3520 5257 3637 5327 ple-

2068 5375 2255 5442 risque
2286 5373 2519 5440 ignotas.
2552 5364 2704 5431 Quod
2732 5365 2938 5417 utinam
2968 5361 3063 5414 tibi
3107 5357 3389 5425 contingat
3421 5350 3637 5404 Domini

2063 5439 2193 5521 Iesu
2252 5439 2457 5518 Christi
2520 5473 2683 5513 manu
2738 5456 3029 5511 fortissima
3079 5454 3218 5507 freto
3264 5464 3327 5502 ac
3375 5439 3632 5500 directo!

2065 5558 2263 5612 Amen.
2297 5553 2565 5619 Qu0niam
2603 5560 2785 5604 autem
2838 5548 3104 5603 orationis
3152 5543 3375 5598 satietas
3412 5534 3638 5590 auribus

2068 5649 2289 5705 inimica
2321 5655 2422 5709 est,
2457 5641 2920 5714 quemadmodum
2967 5635 3180 5705 corpori
3226 5630 3431 5685 nimius
3461 5625 3637 5688 cibus,

2070 5743 2248 5800 omnis
2276 5755 2404 5794 Vero
2429 5752 2684 5793 tut-usura
2719 5734 2925 5799 optima
2954 5739 3059 5794 est,
3092 5733 3308 5793 oportet
3339 5736 3437 5777 uos
3470 5727 3639 5775 satie-
