4032 6208
387 239 494 303 803

1235 229 1578 292 CALLISTI
1604 231 1698 290 ΕΤ
1739 227 2039 290 ΙϐΝᾹΤΙῙ
2077 230 2777 305 XANTHOPULORUH

3406 253 3641 317 .834

393 369 558 410 tatem
611 350 901 423 fugientes,
943 347 1279 413 modumque
1328 353 1388 399 ut
1445 343 1707 414 optimum
1758 339 1964 409 aliquid

2080 339 2286 430 ἀκοαῖς,
2321 343 2396 407 ὡς
2445 346 2859 418 ὑπερϐάλλουσα
2898 355 3073 426 τροφὴ
3105 356 3347 429 signs,
3380 362 3498 430 καὶ,
3534 370 3646 422 πᾶν

394 450 703 523 amplexos,
759 441 1012 501 nonnihil
1049 442 1229 493 adlmc
1272 438 1514 493 sermoni
1550 434 1854 498 immorari,
1910 442 1963 488 et

398 554 657 612 tauquam
712 537 1153 607 compendiosain
1187 534 1346 603 huius
1377 533 1618 587 materiae
1647 528 1975 600 recapitula-

396 638 597 691 tionem
625 630 1049 703 perscribentes,
1075 627 1149 682 ibi
1169 625 1436 681 orationis
1457 625 1753 679 anchoram
1784 624 1975 690 ﬁgere.

415 900 827 974 Recapitulatio,
870 902 1200 974 etquomodo
1235 910 1439 971 oportet
1468 918 1645 969 orare,
1672 912 1724 957 et
1766 904 1831 959 de
1866 921 1989 960 vero

795 973 994 1026 lumine
1031 989 1093 1026 ac
1131 973 1309 1027 divina
1341 974 1597 1043 potentia.

481 1172 573 1227 95.
605 1171 806 1227 Dicunt
845 1171 1033 1227 Patres
1062 1188 1078 1226 :
1110 1190 1132 1225 ι
1169 1172 1272 1238 Qui
1310 1187 1438 1227 vere
1467 1173 1692 1243 vigilare
1728 1175 1985 1242 intendit,

412 1279 627 1334 semper
671 1279 767 1334 per
807 1265 956 1318 naris
1009 1262 1429 1333 inspirationem
1460 1265 1516 1319 in
1570 1267 1763 1321 intimo
1798 1270 1987 1338 corde,

414 1360 618 1411 nitatur
659 1373 792 1426 pure
845 1366 901 1411 et
953 1368 1272 1414 constanter
1301 1374 1482 1423 orare,
1544 1360 1681 1415 solis
1721 1363 1990 1418 orationis

413 1450 593 1503 verbis
631 1448 940 1513 attendens,
999 1449 1380 1521 meditansqnc
1414 1461 1467 1505 et
1497 1451 1834 1521 cogitatione
1868 1469 1992 1508 ver-

411 1556 540 1595 sans
572 1541 668 1594 has
722 1555 902 1606 voces,
944 1556 1138 1611 nempe
1171 1558 1187 1596 :
1228 1558 1248 1593 ι
1286 1543 1510 1597 Domine
1553 1542 1683 1601 Jesu
1743 1542 1985 1609 Christe,

414 1629 514 1685 Fili
540 1629 631 1685 Dei
676 1630 806 1696 vivi,
840 1631 1104 1686 miserere
1134 1634 1275 1698 mei;
1308 1632 1482 1688 donec
1516 1648 1671 1688 mens
1720 1634 1775 1689 in
1820 1635 1986 1690 corde

414 1724 773 1784 illuminetur.
805 1734 865 1776 ut
926 1723 1006 1776 ait
1061 1734 1284 1777 sanctus
1336 1723 1645 1780 Diadocbus
1692 1743 1707 1780 :

414 1831 629 1885 cunque
664 1814 876 1868 Domini
916 1811 1048 1869 Jesu
1083 1814 1383 1885 gloriosum
1417 1814 1824 1886 amandumqne
1882 1834 1979 1871 no-

415 1925 539 1963 men
576 1908 628 1961 in
672 1907 938 1977 profundo
994 1906 1163 1962 corde
1218 1907 1591 1962 indesinenter
1629 1908 1984 1976 meditantur,

412 2002 449 2056 ii
480 2011 709 2071 possunt
732 2008 786 2054 et
813 2000 1014 2055 mentis
1042 2000 1227 2054 lumen
1280 1999 1577 2067 aliquando
1634 2001 1838 2054 videre.
1865 2001 1987 2067 Quo

410 2093 597 2148 divina
641 2093 816 2162 gratia
855 2089 1068 2154 etl'eclo,
1118 2100 1250 2145 tunc
1300 2089 1569 2158 reliquum
1610 2090 1735 2143 vitae
1784 2099 1987 2144 nostra:

408 2200 631 2240 cursum
680 2182 979 2239 secundum
1016 2182 1205 2244 Deum,
1235 2192 1494 2251 tanquam
1526 2182 1579 2235 in
1612 2181 1820 2237 lumine
1863 2199 1983 2237 am-

411 2276 687 2338 bulantes,
717 2275 827 2328 imo
872 2288 1000 2328 vero
1029 2272 1252 2328 luminis
1282 2274 1378 2327 lilii
1409 2273 1613 2338 etl'ecti,
1661 2275 1869 2345 absque
1897 2291 1984 2330 er-

412 2382 533 2421 rore
560 2375 614 2420 et
633 2363 936 2420 oﬂ‘ensione
960 2364 1349 2441 procedamus,
1374 2374 1433 2417 ut
1455 2366 1532 2419 ait
1554 2365 1778 2420 luminis
1801 2367 1981 2433 dator,

408 2458 568 2515 Jesus
601 2473 617 2511 :
646 2474 665 2509 ι
705 2455 843 2511 Dum
870 2456 1045 2511 lucem
1083 2456 1319 2522 habetis,
1349 2441 1556 2511 credite
1595 2458 1648 2511 in
1681 2457 1882 2523 lucem,
1926 2469 1985 2513 ut

409 2550 503 2606 ﬁlii
524 2550 662 2606 lucis
686 2549 908 2616 sitis";
940 2566 959 2600 ι
990 2557 1046 2604 et
1073 2549 1253 2604 adhuc
1277 2566 1291 2602 :
1323 2565 1341 2600 ι
1374 2549 1482 2617 Ego
1503 2564 1624 2605 sum
1644 2549 1734 2602 lux
1760 2549 1978 2616 mundi;

410 2641 503 2711 qni
549 2640 797 2710 sequitur
830 2655 938 2706 me,
975 2654 1084 2694 non
1128 2638 1431 2695 ambulabit
1474 2643 1530 2693 tn
1575 2638 1840 2705 tenebris,
1882 2642 1980 2696 sed

407 2734 831 2790 habebitlumen
864 2732 986 2789 vitae
1004 2733 1073 2787 ⁷⁸.
1095 2750 1115 2786 ι
1145 2732 1209 2787 Ει
1248 2732 1417 2787 David
1440 2733 1570 2787 talia
1594 2734 1662 2787 ad
1688 2732 1979 2789 Dominum

409 2825 667 2879 lnclamat
699 2841 714 2878 :
748 2842 767 2875 ι
808 2823 863 2877 In
891 2822 1098 2878 lumine
1129 2834 1225 2878 tuo
1276 2823 1586 2879 videbimus
1630 2825 1812 2880 lumen
1835 2822 1903 2879 ⁷⁸.
1950 2840 1972 2876 ι

406 2914 474 2971 Ει
494 2918 873 2974 divinissimus
898 2915 1104 2972 Paulus
1135 2933 1150 2971 :
1184 2936 1204 2969 ι
1235 2916 1400 2981 Deus,
1433 2918 1530 2983 qui
1555 2917 1695 2971 dixit
1726 2917 1794 2972 de
1828 2926 1979 2974 tene-

1768 1744 1786 1777 .
1850 1725 1984 1792 Qui-
2024 1702 2041 1754 ¹

2080 429 2276 502 μέτρον
2307 433 2548 504 ἄριστον,
2579 437 2697 492 δέον
2723 441 2818 493 καὶ
2848 443 2993 511 ἡμᾶς
3018 445 3108 501 τὸν
3132 447 3295 517 κόρον
3315 429 3645 521 φεύγοντας,

2077 524 2172 615 καὶ
2201 526 2261 576 τὸ
2290 524 2563 599 ἔμμετρον
2601 530 3015 602 ἀσπαζομένους
3045 536 3120 598 ὡς
3164 539 3408 609 ἄριστον,
3446 547 3657 615 μικρὸν

2076 612 2155 669 ἐτι
2180 615 2259 685 τῷ
2288 616 2431 687 λόγῳ
2462 621 3014 693 προσδιατρίψαντας,
3048 628 3144 683 καὶ
3169 632 3331 685 οἱονεί
3357 612 3485 688 τινα
3514 612 3647 690 σύν-

2072 721 2238 774 τομον
2282 708 2758 779 ἀνακεφαλαίωσιν
2798 715 2897 785 τῆς
2929 718 3209 790 παρούσης
3256 729 3647 794 πραγματείας

2071 794 2502 865 διαγράψαντας,
2545 799 2716 865 οὔτως
2749 805 2929 858 ἐκεῖσε
2954 806 3054 878 τὴν
3097 810 3191 863 τοῦ
3232 811 3393 882 λόγου
3428 818 3644 885 ἐρεῖσαι

2073 888 2341 959 ἄγκυραν.

2081 1021 2650 1111 Ἀγιιὶκεςααᾳαίωσιφ
2682 1031 2781 1111 καί
2813 1030 2975 1111 dating
3009 1034 3117 1111 ῥεῖ
3162 1042 3637 1110 προσεύχεσθαι,

2083 1162 2088 1167 μ
2132 1093 2405 1229 ῗιῗέθςπερὶ
2451 1093 2758 1167 φωτιὰμοῦ
2807 1093 3096 1171 ἀληθοῦς,
3121 1093 3221 1162 καῖ
3260 1093 3637 1176 θείαὲ

2157 1277 2252 1347 κε’.
2295 1283 2463 1337 Φασὶν
2493 1285 2543 1339 οί
2572 1286 2837 1361 Πατέρες,
2874 1294 2903 1345 6
2930 1294 2989 1347 ἐν
3033 1295 3177 1367 λόγῳ
3204 1299 3394 1368 νήφειν
3422 1302 3652 1372 ἐθέλων,

2080 1371 2169 1425 ἀεὶ
2220 1374 2288 1427 δι’
2337 1376 2591 1449 είσπνοῆς
2644 1380 2795 1449 ρινδς
2851 1384 2998 1438 ἔνδον
3058 1390 3284 1459 καρδίας
3336 1395 3653 1461 ἐπειγέσθω

2080 1468 2473 1557 προσεύχεσθαι
2520 1471 2799 1543 καθαρῶς,
2828 1478 2921 1528 καὶ
2958 1478 3375 1550 ἀρρεμδάστως,
3407 1489 3551 1557 μόνα
3585 1492 3653 1543 te

2074 1556 2175 1649 τῆς
2203 1560 2365 1629 εύχῆς
2396 1564 2697 1633 προσέχων,
2731 1572 2822 1620 καὶ
2853 1570 3115 1638 μελετῶν,
3142 1575 3237 1627 καὶ
3265 1577 3651 1649 διανοούμενος

2076 1646 2317 1718 ῥήματα,
2352 1652 2519 1722 ἤγουν
2567 1654 2649 1720 τὸ,
2700 1656 2873 1726 Κύριε
2910 1661 3082 1727 Ἰησοῦ
3132 1666 3352 1735 Χριστέ,
3411 1646 3508 1724 Υίέ
3542 1675 3645 1727 τοῦ

2077 1747 2233 1808 θεοῦ,
2283 1748 2504 1816 ἐλέησόν
2551 1767 2639 1818 με,
2675 1752 2800 1821 άχρι
2858 1752 3052 1823 καιροῦ
3101 1755 3383 1826 φωτισμοῦ
3417 1760 3540 1824 νοὸς
3586 1761 3654 1813 ἐν

2076 1838 2292 1908 καρδίᾳ,
2343 1837 2417 1901 ὥς
2452 1856 2616 1908 φησιν
2654 1842 2681 1893 6
2730 1842 2883 1909 ἅγιος
2922 1844 3193 1914 Διάδοχος,
3223 1847 3305 1899 ὅτι
3341 1865 3361 1899 ι
3392 1848 3553 1902 Ὅσοι
3586 1851 3653 1902 τὸ

2071 1929 2164 1982 τοῦ
2194 1930 2400 1999 Κυρίου
2452 1932 2625 2004 Ἰησοῦ
2657 1933 2885 2000 ἔνδοξον,
2920 1936 3013 1989 καὶ
3053 1937 3427 2003 πολυπόθητον
3468 1941 3651 2011 ὄνομα

2072 2024 2130 2073 ἐν
2154 2022 2230 2092 τῷ
2260 2022 2411 2091 βάθει
2436 2024 2537 2093 τῆς
2566 2025 2790 2095 καρδίας
2825 2026 3118 2096 μελετῶσιν
3146 2028 3459 2094 ἀπαύστως,
3490 2024 3650 2085 οὗτοι

2069 2110 2322 2169 δύνανται
2363 2116 2458 2169 καὶ
2499 2116 2561 2168 τὸ
2589 2116 2705 2184 φῶς
2752 2116 2844 2169 τοῦ
2883 2117 2976 2171 νοῦ
3022 2121 3153 2191 όρᾷν
3185 2137 3351 2173 ποτε·
3397 2142 3416 2174 ι
3455 2117 3518 2177 οὗ
3552 2140 3649 2191 γε·

2068 2204 2391 2273 γενημένου,
2425 2207 2560 2259 Θεοῦ
2592 2208 2973 2279 ῥοπῇηέκτοτε
3002 2210 3093 2263 τὸν
3124 2212 3415 2264 ὑπόλοιπον
3438 2212 3647 2283 δρόμον

2068 2298 2167 2364 τῆς
2198 2299 2338 2350 κατὰ
2371 2298 2504 2351 Θεὸν
2539 2301 2814 2365 πολιτείας
2864 2302 3040 2371 ήμῶν,
3080 2302 3157 2365 ὡς
3210 2304 3269 2355 ἐν
3318 2306 3456 2371 φωτὶ
3483 2321 3649 2376 περι-

2070 2389 2385 2454 πατοῦντες,
2419 2392 2620 2460 μᾶλλον
2666 2392 2724 2447 δὲ
2774 2393 2950 2462 φωτὸς
3000 2395 3104 2447 υἱοὶ
3136 2393 3306 2460 ὄντες,
3360 2394 3644 2460 ἀπλανῶς,

2066 2479 2161 2531 καὶ
2186 2481 2549 2549 ἀπροσκόπως
2568 2483 2881 2553 ὁδεύσομεν,
2910 2484 2986 2548 ὣς
3010 2502 3172 2555 φησιν
3193 2487 3223 2539 6
3247 2485 3645 2556 φωωπάροχος

2077 2571 2301 2642 Ἰησοῦς,
2337 2592 2356 2625 ι
2396 2575 2539 2639 Ἕως
2564 2576 2624 2629 τὸ
2646 2578 2761 2645 φῶς
2790 2577 2962 2648 ἔχετε,
2989 2580 3269 2632 πιστεύετε
3299 2582 3378 2643 είς
3405 2579 3467 2633 τὸ
3493 2579 3643 2648 φῶς,

2069 2660 2157 2714 ινα
2180 2661 2284 2713 υίοὶ
2314 2664 2490 2728 φωτὸς
2531 2665 2784 2735 γένησθε.
2823 2686 2842 2718 ι
2882 2667 2994 2721 Kal
3042 2669 3145 2721 ὅτι⁶
3184 2686 3205 2720 ι
3255 2668 3395 2735 Ἐγώ
3425 2670 3545 2738 ειμι
3579 2671 3646 2723 τὸ

2066 2749 2183 2818 φῶς
2202 2752 2295 2804 τοῦ
2316 2753 2543 2823 κόσμου,
2560 2756 2587 2808 6
2607 2755 2913 2809 ἀκολουθῶν
2931 2758 3071 2826 ἐμοὶ,
3092 2756 3153 2809 ού
3174 2757 3249 2827 μὴ
3268 2759 3645 2828 περιπατήσει

2064 2840 2122 2892 ἐν
2150 2842 2214 2907 τῇ
2249 2841 2458 2911 σκοτίᾳ,
2490 2842 2604 2896 ἀλλ’
2652 2842 2763 2908 ἕξει
2812 2844 2872 2897 τὸ
2914 2845 3029 2913 φῶς
3056 2844 3158 2913 τῆς
3190 2844 3354 2912 ζωῆς.
3393 2862 3413 2895 ι
3450 2844 3564 2897 Kal
3609 2846 3644 2897 6

2063 2930 2227 2984 Δαόὶδ
2276 2932 2333 2986 δὲ
2387 2934 2560 2989 τοιάδε
2595 2936 2732 3005 πρὸς
2766 2937 2968 3002 Κύριον
3002 2936 3131 3008 βοᾷί⁸
3169 2955 3189 2988 ι
3240 2936 3328 2988 'Ev
3369 2935 3448 3006 τῷ
3490 2938 3641 3005 φωτί

406 3010 521 3065 bris
545 3010 725 3063 lumen
766 3009 1177 3080 splendescere,
1215 3008 1333 3076 ipse
1378 3009 1559 3063 illuxit
1602 3009 1656 3063 in
1713 3010 1973 3065 cordibus

2065 3038 2157 3076 σου
2186 3023 2431 3093 ὀψόμεθα
2460 3028 2598 3095 φῶς.
2631 3045 2650 3078 ι
2683 3027 2791 3080 Kal
2816 3030 2845 3080 6
2868 3028 3145 3091 θειότατος
3173 3027 3406 3092 Παῦλος·
3451 3046 3470 3081 ι
3498 3028 3643 3090 Θεὸς

400 3100 605 3154 nostris
628 3099 698 3153 ".
727 3117 746 3151 ι
777 3100 881 3153 Per
910 3100 1088 3167 ipsum
1116 3100 1284 3165 enim,
1304 3101 1462 3169 quasi
1489 3114 1587 3170 per
1610 3100 1974 3173 inexstingui-

400 3192 562 3246 bilem
590 3192 872 3245 lucernam
918 3200 973 3245 et
1004 3190 1527 3259 splendidissimam,
1559 3192 1875 3262 diriguntur
1917 3202 1973 3249 et

399 3282 700 3352 procedunt
744 3283 837 3352 qui
876 3296 1004 3336 vere
1035 3281 1222 3338 ﬁdeles
1268 3290 1419 3348 sunt,
1478 3282 1620 3337 ultra
1656 3284 1971 3352 Sensibilia;

398 3382 455 3428 et
488 3373 620 3442 ipsis
658 3373 991 3443 aperientur,
1042 3382 1233 3442 utpote
1286 3373 1505 3428 mundis
1566 3376 1753 3440 corde,
1789 3376 1972 3447 januaa

396 3463 662 3527 caelestes,
694 3462 876 3533 januae
905 3478 1098 3533 nempe
1127 3464 1291 3533 hujus
1342 3465 1465 3520 vitae
1490 3466 1810 3535 angelorum
1841 3468 1967 3524 vitae

393 3557 590 3611 similis
609 3563 665 3612 et
687 3554 849 3625 hujus
878 3555 1132 3611 sublimis
1148 3565 1345 3613 Status.
1375 3556 1442 3613 Et
1462 3572 1683 3614 rursum
1724 3559 1811 3627 iis,
1849 3569 1970 3615 tan-

392 3659 557 3713 quam
584 3644 750 3699 solari
783 3644 958 3711 disco,
982 3645 1155 3699 oritur
1184 3654 1241 3701 et
1295 3648 1533 3702 scrutari
1557 3658 1614 3703 et
1661 3649 1969 3721 dijudicare

390 3745 445 3791 ct
472 3736 784 3792 discernere
822 3746 878 3792 et
932 3738 1250 3807 praevidere,
1289 3750 1342 3793 et
1372 3740 1594 3795 similia.
1629 3739 1700 3795 Et
1742 3742 1967 3798 omnino

393 3843 488 3897 per
517 3828 694 3897 ipsum
722 3837 849 3882 ante
878 3829 1070 3883 oculos
1096 3844 1286 3884 eorum
1321 3830 1606 3899 splendent
1634 3845 1963 3887 arcanorum

393 3922 781 3991 mysteriorum
836 3920 1096 3975 revelatio
1123 3930 1178 3976 et
1203 3921 1607 3988 manilestatio;
1638 3932 1965 3993 supernatu-

391 4011 489 4066 rali
516 4026 579 4071 ac
616 4011 799 4067 divina
829 4012 1069 4081 potentia
1105 4012 1384 4082 replentur
1412 4014 1466 4068 in
1506 4024 1696 4069 sancta
1721 4014 1961 4086 Spiritu;

387 4111 443 4157 et
482 4117 577 4172 per
628 4102 771 4157 hanc
818 4102 1159 4172 spiritualem
1213 4103 1511 4173 potentiam
1567 4120 1729 4176 agger
1768 4121 1960 4161 eorum

387 4196 695 4259 alleviatur,
736 4195 820 4250 vel
849 4196 1034 4266 potius
1063 4196 1250 4252 carnis
1276 4197 1493 4266 pondus
1536 4198 1823 4262 minuitur,
1860 4199 1962 4254 tol-

384 4287 516 4341 litur
575 4302 641 4342 ac
703 4287 1083 4357 supervolitat.
1112 4285 1287 4358 Hujus
1326 4286 1565 4358 Spiritus
1612 4289 1785 4344 sancti
1836 4286 1958 4343 illu-

2042 3114 2087 3167 '6
2120 3113 2289 3167 είπὼν
2321 3116 2384 3167 ἐκ
2408 3116 2632 3179 σκότους
2666 3117 2779 3185 φῶς
2806 3117 3039 3187 λάμψαι,
3072 3118 3132 3181 ὃς
3163 3118 3406 3187 ἔλαμψεν
3427 3120 3485 3170 ἐν
3509 3119 3643 3181 ταῖς

2060 3204 2314 3272 καρδίαις
2339 3206 2518 3275 ἡμῶν.
2551 3225 2570 3259 ι
2602 3209 2682 3261 Δι’
2708 3208 2875 3262 αὐτοῦ
2918 3212 3014 3263 καὶ
3044 3211 3172 3281 γὰρ,
3207 3211 3282 3273 ὡς
3310 3210 3400 3263 διὰ
3432 3208 3637 3280 λύχνου

2058 3294 2345 3361 ἀσϐέστου,
2378 3297 2473 3349 καὶ
2505 3298 2822 3368 παμφαοῦς,
2870 3298 3210 3371 όδηγοῦνται,
3258 3300 3353 3353 καὶ
3393 3299 3642 3353 ἐνατενίο

2059 3382 2244 3447 ζουσιν
2270 3385 2317 3436 οί
2348 3384 2424 3455 τῷ
2445 3387 2561 3441 δντι
2587 3390 2787 3452 πιστοὶ,
2820 3391 2900 3453 είς
2923 3391 2991 3442 τὰ
3021 3390 3278 3444 ἐπέκεινα
3299 3390 3409 3443 τῶν
3439 3390 3640 3461 αἰσθή-

2060 3492 2219 3539 σεων,
2269 3478 2363 3530 καὶ
2408 3479 2689 3548 ἀνοίγεται
2714 3482 2921 3547 αὐτοῖς,
2953 3483 3030 3545 ὡς
3057 3483 3317 3554 καθαροῖς
3347 3483 3450 3553 τὴν
3495 3500 3638 3553 καρο

2055 3566 2257 3638 δίαν,ὴ
2302 3570 2554 3641 οὐράνιος
2589 3572 2757 3642 πύλη,
2792 3575 2976 3645 πάσης
3022 3576 3122 3646 τῆς
3170 3574 3483 3643 ίσαγγέλου,
3535 3575 3639 3629 καὶ

2057 3659 2265 3729 ὑψηλῆς
2296 3662 2721 3728 πολιτείαςίκαὶ
2748 3667 3155 3730 καταστάσεως.
3193 3667 3302 3719 Kal
3335 3665 3494 3729 αὖθις
3534 3665 3637 3718 οῦ-
3735 3712 3757 3731 ,

2054 3767 2162 3813 τως
2190 3749 2266 3814 ὡς
2316 3752 2377 3816 ἐξ
2427 3753 2655 3825 ἡλιακοῦ
2703 3756 2909 3819 δίσκου,
2948 3756 3228 3810 ἀνατέλλει
3283 3757 3512 3822 τούτοις,
3568 3756 3636 3808 τὸ

2055 3844 2384 3915 ἀνακρίνειν,
2423 3846 2483 3899 τὸ
2528 3846 2850 3916 διακρίνειν,
2897 3848 2958 3900 τὸ
2992 3848 3197 3918 διορᾷν,
3247 3848 3308 3901 τὸ
3356 3848 3633 3919 προορᾷν,

2055 3935 2149 3987 καὶ
2172 3936 2242 3988 τὰ
2274 3937 2649 4008 παραπλήσια.
2678 3938 2786 3990 Kal
2811 3938 3146 4002 ἁπαξαπλῶς
3166 3938 3235 3991 δι’
3259 3938 3424 3993 αὐτοῦ
3445 3940 3635 3993 ἀπαυο

2055 4023 2209 4092 γάζει
2248 4024 2458 4089 τούτοις
2504 4028 2536 4097 ή
2582 4027 2694 4079 τῶν
2733 4028 2945 4098 ἀδήλων
3001 4029 3316 4100 μυστηρίων
3348 4031 3498 4083 πᾶσα
3529 4030 3635 4099 δή·

2055 4114 2220 4180 λωσίς
2253 4134 2312 4170 τε
2341 4118 2436 4170 καὶ
2479 4118 2848 4188 ἀποκάλυψις,
2881 4119 3161 4190 δυνάμεώς
3190 4137 3250 4174 τε
3280 4120 3630 4191 ὑπερφυοῦς,

2053 4209 2148 4261 καὶ
2173 4208 2342 4274 θείας,
2387 4210 2446 4262 ἐν
2496 4211 2766 4281 πνεύματι
2816 4212 3207 4283 ἐμπίπλανται,
3250 4214 3346 4266 καὶ
3387 4212 3477 4265 διά
3524 4215 3635 4284 τῆς

2050 4298 2259 4351 τοιᾶσδε
2284 4298 2598 4371 ὑπερφυοῦς
2625 4301 2929 4371 δυνάμεως,
2953 4303 3049 4355 καὶ
3070 4304 3098 4357 6
3130 4303 3256 4373 χοῦς
3284 4303 3463 4356 αὐτῶν
3491 4319 3631 4356 κου-

384 4378 646 4434 minantis
693 4380 946 4447 potentia:
998 4380 1205 4449 gratia,
1265 4381 1517 4449 quamvis
1564 4382 1744 4441 adhuc
1790 4395 1956 4435 carne

2061 4385 2359 4457 ριζόμενος,
2393 4362 2452 4458 ἠ
2484 4390 2686 4459 μᾶλλον
2722 4362 2785 4443 τύ
2833 4362 3013 4462 βρίθον
3187 4362 3388 4463 σαρκὸς
3419 4391 3629 4445 ἀπολε-

382 4470 557 4523 tnduti
587 4470 807 4535 fuerint,
836 4470 1060 4540 quidam
1093 4470 1266 4525 sancti
1295 4469 1506 4538 Patres,
1544 4481 1803 4541 tanquam
1836 4488 1956 4527 ma-

404 4558 532 4613 erize
585 4567 641 4613 et
685 4560 931 4627 corporis
981 4572 1253 4629 expertes.
1313 4563 1589 4619 inaccessa
1645 4563 1868 4618 numina
1901 4573 1955 4619 et

381 4650 549 4704 maria
603 4652 835 4707 navibus
890 4655 1161 4719 meabilia,
1198 4654 1424 4725 pedibus
1489 4672 1596 4713 non
1654 4656 1948 4721 submersi,

379 4743 680 4812 transiere;
715 4760 909 4800 cursus
946 4746 1130 4817 longos
1159 4754 1214 4801 et
1245 4747 1532 4802 multorum
1570 4748 1780 4803 dierum
1837 4764 1952 4802 mo-

375 4842 665 4890 mantanee
696 4834 1059 4905 perfecerunt,
1095 4848 1149 4891 et
1184 4837 1291 4890 alia
1331 4839 1553 4892 modum
1605 4840 1947 4904 excedentia,

310 4932 313 4937 '
375 4924 430 4979 in
463 4925 624 4988 caelo,
656 4926 711 4981 in
754 4936 919 4991 terra,
950 4926 1002 4979 in
1054 4930 1188 4993 sole,
1220 4927 1274 4981 in
1308 4928 1470 4995 mari,
1508 4930 1560 4981 in
1599 4930 1855 4995 desertis,
1890 4932 1941 4984 in

377 5017 629 5079 urbibus,
661 5017 717 5071 in
742 5019 889 5072 omni
927 5017 1043 5072 loco
1073 5028 1129 5074 et
1176 5018 1424 5089 regione,
1458 5020 1511 5074 in
1540 5022 1753 5085 bestiis,
1778 5023 1831 5076 in
1860 5039 1947 5077 re-

371 5104 615 5174 ptilibus.
642 5118 696 5161 et
750 5122 856 5160 uno
884 5106 1048 5161 verbo
1101 5109 1153 5161 in
1180 5109 1327 5163 omni
1361 5110 1639 5166 creatione
1693 5118 1748 5165 et
1775 5112 1949 5166 omni-
1988 5150 1991 5151 ν

371 5197 475 5251 hus
506 5198 787 5253 elementis
832 5200 1040 5268 operati
1094 5215 1188 5271 per
1234 5206 1414 5257 omnia
1462 5203 1744 5273 gloriticati
1798 5217 1946 5271 sunt,

369 5294 424 5339 et
454 5286 581 5341 dum
618 5288 671 5341 in
715 5290 960 5345 oratione
998 5292 1234 5358 stabant,
1266 5307 1457 5347 eorum
1498 5304 1683 5348 sancta
1712 5303 1765 5349 et
1792 5310 1951 5349 vene-

368 5378 537 5432 randa
569 5393 823 5451 corpora,
875 5398 905 5437 e
934 5391 1101 5447 terra,
1144 5394 1401 5453 tanquam
1433 5388 1547 5443 alas
1600 5388 1940 5453 habuissent,

366 5469 831 5541 sublevabantur;
864 5474 1048 5531 divino
1067 5478 1158 5532 illo
1183 5487 1238 5533 et
1258 5480 1579 5536 absumente
1604 5491 1659 5535 et
1687 5480 1944 5536 immate-

441 5651 658 5713 "Joan.
694 5676 789 5728 xu,
819 5660 908 5715 '56.
1020 5662 1064 5694 "
1094 5659 1255 5720 Joan.
1288 5680 1404 5735 vni,
1451 5668 1537 5722 12.

1648 5669 1693 5700 "
1723 5666 1868 5725 Psal.
1896 5686 2059 5737 xxxv,
2096 5675 2176 5730 IO.

2048 4476 2382 4547 πτυνόμενον
2431 4479 2524 4531 καὶ
2562 4481 3048 4552 μετεωριζόμενον,
3095 4482 3489 4553 ὑπερίπταται.
3518 4484 3628 4537 Διά

2045 4568 2246 4638 ταύτης
2272 4571 2369 4640 τῆς
2397 4571 2456 4623 ἐν
2486 4572 2625 4642 ἁγίῳ
2656 4571 2932 4643 Πνεύματι
2956 4575 3288 4645 φωτιστικῆς
3310 4574 3623 4643 δυνάμεως,

2044 4662 2124 4714 ἐτι
2158 4661 2297 4732 μετά
2334 4663 2532 4731 σαρκὸς
2576 4664 2757 4730 ὄντες·
2787 4666 2877 4719 καί
2918 4683 3065 4729 τινες
3092 4666 3201 4719 τῶν
3234 4665 3405 4735 ἀγίων
3440 4666 3625 4719 Πατέ-

2045 4771 2176 4823 ρων,
2203 4754 2276 4817 ὡς
2301 4754 2454 4809 mat
2477 4757 2570 4808 καὶ
2597 4756 2901 4823 ἀσώματοι,
2933 4761 3213 4828 ποταμοὺς
3236 4758 3493 4823 ἀϐάτους,
3523 4759 3625 4811 καὶ

2044 4840 2311 4908 θαλάττας
2339 4846 2720 4916 ναυσιπόρους,
2755 4849 2912 4900 ποσὶν
2942 4846 3191 4918 ἀϐρόχως
3212 4847 3449 4917 διῆλθον,
3487 4847 3619 4918 δρόο

2042 4948 2173 4999 γους
2211 4950 2269 4985 τε
2307 4937 2550 5007 μακροὺς
2596 4937 2692 4990 καὶ
2741 4936 3146 5009 πολυημέρους,
3186 4938 3493 5010 ἀκαριαίως
3534 4939 3619 4991 δι-

2042 5020 2302 5086 ὡδευσαν,
2325 5023 2419 5075 xal
2441 5023 2603 5095 ἕτερα
2618 5026 2853 5092 ἐξαίσια,
2871 5028 2929 5081 ἐν
2942 5027 3179 5099 οὐρανῷ,
3203 5027 3440 5099 ἐνέγῇ,ἐν
3455 5028 3617 5099 ἡλίῳ·

2042 5114 2100 5167 ἐν
2121 5100 2387 5187 θαλάσσῃ,
2420 5117 2477 5168 ἐν
2508 5118 2790 5189 ἐρημίαις,
2817 5120 2876 5171 ἐν
2902 5119 3150 5186 πόλεσιν,
3181 5121 3239 5175 ἐν
3269 5104 3433 5174 παντὶ
3460 5120 3619 5191 τόπῳ

2040 5205 2136 5258 καὶ
2162 5204 2336 5277 χώρᾳ,
2386 5208 2444 5260 ἐν
2478 5207 2709 5279 θηρίοις,
2756 5216 2851 5263 καὶ
2893 5212 3164 5280 ἐρπετοῖς,
3204 5212 3296 5266 xal
3325 5210 3513 5275 ἁπλῶς
3554 5212 3619 5265 ἐν

2042 5297 2190 5370 πάσῃ
2226 5302 2294 5370 τῇ
2322 5299 2516 5365 κτίσει,
2570 5303 2665 5353 καὶ
2697 5304 2829 5355 πᾶσι
2864 5304 2978 5366 τοῖς
3005 5303 3311 5374 στοιχείοις,
3362 5302 3615 5373 ἐξειργά-

2043 5404 2225 5453 σαντο,
2257 5389 2351 5442 καὶ
2380 5388 2467 5442 διὰ
2517 5390 2735 5443 πάντων
2767 5391 3153 5461 ἐδοξάσθησαν,
3202 5392 3296 5447 καὶ
3335 5394 3395 5446 ἐν
3440 5410 3615 5462 προσ-

2041 5481 2224 5547 ευιαῖς
2251 5479 2310 5534 δὲ
2348 5480 2551 5535 τούτων
2599 5482 2927 5552 ἱσταμένων,
2956 5484 3050 5539 καὶ
3082 5485 3148 5539 τὰ
3193 5484 3377 5540 αὐτῶν
3414 5485 3613 5553 εύαγῆ,

2280 5677 2324 5706 ⁷⁸
2367 5677 2407 5731 ll
2456 5676 2583 5731 Cor.
2618 5693 2689 5745 tv,
2751 5682 2802 5738 θ.
