4032 6208
476 232 580 292 s07
1323 235 1410 294 CA
1426 235 1671 298 LLISTI
1705 237 1803 297 ET
1845 239 2150 304 IGNATII
2175 245 2873 311 XANTIIOPULURUM
3615 276 3727 338 808

476 342 799 411 posterioris
850 342 1141 415 imaginem
1203 360 1269 401 ac
1324 348 1783 419 similitudinem;
1850 363 1904 407 et
1957 368 2043 422 pet

2095 354 2348 414 Ᾱτὸκατ’
2368 363 2575 431 εἰκόνα,
2616 371 2710 421 καὶ
2754 369 2879 424 καθ’
2923 371 3218 443 ὁμοίωσιν·
3246 377 3334 433 διὰ
3366 382 3621 451 πράξεώς
3649 402 3713 438 τε

472 444 629 487 actus
662 442 718 487 et
764 434 1301 503 contemplationem,
1358 452 1457 506 per
1510 439 1667 494 ﬁdem
1699 455 1763 497 ac
1817 458 1968 513 spem
1992 453 2043 498 et

478 524 791 543 -.-ηεμημ
829 522 1139 543 “tam..-
1177 540 1228 543 __
1272 541 1314 543 η
1388 542 1391 543 ν
1500 528 1511 540 .
1636 532 1702 543 ..
1755 530 1790 543 ..
1978 534 2011 543 ..

2134 450 2230 503 καὶ
2276 452 2529 525 θεωρίας,
2575 459 2812 524 πίστεώς
2838 478 2899 515 τε
2947 434 3041 517 καὶ
3066 466 3298 535 ἐλπίδος,
3330 434 3429 524 καί
3459 434 3708 543 ἀῖίᾶτξηξξ

472 524 794 577 charitatem
829 522 1147 578 reformatio
1173 540 1235 581 ac
1260 528 1576 584 conversio.
1621 532 1703 585 Ad
1753 530 1923 587 Deum
1960 534 2043 588 di.

2132 522 2520 613 ἀναμόρφωσις
2572 553 2666 603 καὶ
2710 522 2989 619 ἐπάνοδος.
3024 558 3095 609 Ἢ
3132 577 3191 612 τε
3223 522 3521 632 πρὸς

473 615 642 669 rectio
671 629 734 669 ac
765 616 897 670 unio
936 617 1245 671 immediata
1276 633 1403 673 cum
1436 620 1548 686 illo,
1580 624 1837 689 exstasis,
1862 640 2043 681 cessa-

2131 632 2418 702 ἀνάτασις,
2468 638 2561 691 καὶ
2608 641 2809 711 ἄμεσος
2866 615 3101 711 ἕνωσις,
3162 615 3417 715 ἔκστασίς
3464 669 3552 717 τε,
3611 615 3710 708 καί

472 707 567 769 tio,
597 708 750 775 quies
783 707 1041 776 perfecta,
1077 711 1333 777 praesenti
1358 714 1579 781 quidem
1609 725 1855 784 tempore
1910 726 2001 772 tan

2134 724 2334 791 παῦλα,
2365 728 2459 781 καὶ
2490 707 2699 798 στάσις,
2732 737 2871 790 κατᾶ
2903 738 3006 805 μὲν
3126 742 3320 811 παρὸν,
3355 707 3430 807 ὡς
3457 747 3489 815 ὴ
3525 707 3585 798 έν
3614 707 3708 798 ἑσέ

469 810 632 863 quam
672 797 726 849 in
761 797 982 867 speculo
1015 808 1068 853 et
1101 799 1156 852 in
1192 801 1481 871 aenigmate
1506 811 1561 857 et
1608 802 1661 857 itt
1698 804 1961 875 pignore;
1986 806 2041 861 in

2128 812 2336 885 όπτρῳ,
2362 818 2457 871 καὶ
2485 821 2541 873 ὲν
2571 824 2877 893 αἰνίγματι,
2903 797 2998 882 καὶ
3028 797 3329 901 ἁρῤαϐῶνιν.
3362 797 3519 887 κατὰ

469 884 649 938 futuro
684 895 890 953 autem,
926 886 1063 942 facie
1088 889 1155 943 ad
1218 889 1409 945 faciem
1461 892 1617 955 visio.
1678 903 1733 949 et
1800 899 2041 966 perfecta

2131 884 2344 970 μέλλον,
2398 908 2431 975 ἡ
2487 909 2624 979 πρὸς
2685 884 2974 983 πρόσωπον
3018 884 3327 989 πρδσωπον,

468 972 562 1028 Dei
598 977 893 1045 possessio,
922 986 979 1032 et
1007 990 1207 1034 eterna
1239 982 1358 1052 ejus
1414 982 1620 1039 fruitio.

2125 993 2346 1059 τελείως
2370 972 2465 1050 τοῦ
2501 972 2637 1053 deo—5
2663 972 2899 1071 μέθεξις,
2942 1010 3036 1060 καὶ
3063 972 3593 1077 αῖδίως-ἁπόῇῦσιςξ

466 1108 619 1173 Quod
650 1122 790 1164 recta
803 1122 852 1165 et
883 1129 1003 1168 vera
1034 1127 1083 1169 et
1112 1133 1145 1170 α
1176 1116 1428 1172 Patribtts
1459 1120 1653 1173 tradita
1673 1129 1720 1173 et
1754 1124 2038 1179 secundum

2123 1094 2254 1179 Ὀτι
2277 1096 2442 1179 ἀὕτη
2478 1096 2665 1178 ὅντως
2686 1100 2919 1179 ἐστίν-ἠ
2952 1101 3253 1179 (ialm-3‘79
3296 1106 3392 1160 καί
3427 1110 3687 1179 ἀληθὴς,

539 1181 702 1263 petivit
733 1185 845 1263 pila

2188 1164 2302 1263 ἔτιίῖ
2322 1164 3190 1263 παιτροέῑιέράδοτοςηᾶιαζκατὰέ
3207 1164 3362 1263 θεὸς
3390 1164 3686 1263 πολιὶςῖᾇ,

2187 1230 2471 1328 (ἰηλονρέι
2500 1236 2537 1301 ἠ
2562 1230 2630 1301 ἐξ
2662 1230 2940 1328 ὑπακοῆς
2984 1242 3256 1328 ’ήσιζχίξν
3303 1245 3436 1327 ἥτις

533 1328 631 1371 εει,
862 1303 1165 1353 ”””.””””
1189 1303 1297 1311 ’φ’
1328 1303 1606 1328 "rw-mw
1634 1303 1832 1315 """w
1852 1303 2033 1317 “mm
2188 1303 2420 1370 Χριστῷ
2471 1308 2851 1377 κεκρυμμέν’]
3073 1303 3453 1384 είῖότωςδτοῗς
3492 1303 3688 1389 άγίοὶζ·

2190 1376 2595 1442 προσείρηται.

529 1513 751 1574 97.Haec
777 1526 862 1572 est
890 1520 977 1572 via
1006 1528 1059 1574 et
1111 1524 1422 1579 secundum
1482 1526 1653 1583 Deum
1724 1532 2028 1602 spiritualis

2189 1512 2293 1580 ιιξό
2323 1514 2471 1586 Αὕτη
2502 1518 2535 1586 ή
2562 1519 2698 1583 ὁδὸς,
2752 1522 2846 1574 καὶ
2889 1524 3032 1578 κατὰ
3059 1526 3192 1582 Θεὸν
3223 1530 3386 1599 νοερὰ
3419 1530 3685 1595 πολιτεία,

456 1606 567 1660 vita
597 1617 819 1663 etsacra
848 1614 1093 1679 operatio
1130 1630 1256 1671 vere
1290 1617 1730 1676 Christianorum
1766 1639 1781 1685 ;
1818 1640 1943 1681 vera
1972 1636 2027 1682 et

2123 1606 2215 1658 γρτὶ
2266 1606 2387 1678 ιερὰ
2422 1610 2673 1679 ἐργασία,
2707 1612 2813 1665 τῶν
2841 1614 2920 1684 τῷ
2949 1615 3061 1669 δντι
3091 1618 3461 1688 Χριστιανῶν·
3493 1624 3527 1691 ἡ
3550 1622 3689 1691 ἀληο

456 1706 602 1748 recta
624 1705 679 1751 et
706 1698 915 1753 sincera
946 1709 1000 1754 et
1035 1703 1315 1769 praeclara,
1354 1722 1478 1775 qua
1511 1708 1566 1760 in
1621 1707 1842 1766 Christo
1900 1714 2030 1767 abs-

2095 1695 2236 1768 ιθὴς,
2284 1699 2380 1752 καὶ
2411 1701 2679 1773 ἀπλανὴς,
2709 1706 2802 1757 καὶ
2834 1706 3141 1775 ἀκίϐδηλος,
3170 1710 3262 1763 καί
3292 1727 3356 1778 γε
3386 1711 3684 1781 ἀριδήλως.

455 1787 676 1840 condita
708 1790 814 1841 vita
837 1798 941 1845 est.
998 1790 1130 1845 Eam
1192 1796 1410 1863 quidem
1464 1799 1678 1868 aperuit
1725 1810 1780 1855 et
1842 1801 2029 1858 docuit

2118 1790 2245 1859 ήὲν
2266 1787 2487 1859 Χριστῷ
2541 1787 2896 1858 κεκρυμμένη
2945 1786 3080 1859 ζωή.
3124 1789 3341 1859 Ταύτην
3394 1792 3678 1863 ἐτεμιμὲν

457 1874 810 1933 Deus—Homo
830 1889 883 1933 et
909 1880 1263 1939 dulcissimus
1290 1884 1451 1942 Jesus
1475 1905 1491 1952 ;
1529 1902 1918 1958 percurrerunt
1940 1894 2029 1948 di-

2118 1879 2213 1932 καὶ
2268 1876 2731 1948 ἑμυσταγώγησεν
2756 1879 2785 1929 6
2812 1876 3179 1949 θεάνθρωπος,
3206 1881 3301 1933 καὶ
3338 1881 3679 1948 γλυκύτατος

452 1966 562 2019 vini
592 1969 821 2037 apostoli
848 1987 863 2038 ;
898 1987 1038 2042 quos
1070 1974 1159 2029 alii
1192 1978 1365 2031 secuti
1406 1988 1555 2043 sunt,
1588 1982 1824 2039 illustres
1857 1986 2026 2040 nostri

2122 1969 2327 2039 Ἰησοῦς
2352 1986 2367 1999 ο
2413 1967 2706 2021 διώδευσαν
2732 1969 2780 2020 οί
2822 1968 2953 2021 θεῖοι
3006 1969 3332 2051 ἀπόστολοι·
3367 1974 3677 2043 ἐπηκολού-

450 2055 615 2112 duces
648 2074 713 2114 ac
738 2062 978 2131 magistri
1013 2080 1028 2129 ;
1058 2066 1150 2134 qui
1188 2066 1257 2121 ab
1305 2068 1488 2133 initio,
1536 2086 1728 2142 nempe
1756 2088 1786 2128 a
1849 2075 2024 2145 prima

2109 2060 2280 2129 θησαν
2303 2060 2382 2123 δὲ,
2412 2060 2461 2113 οί
2496 2059 2615 2129 μετ’
2672 2061 2893 2124 αὐτοὺς,
2949 2062 3133 2125 αὐτοῖς
3162 2063 3237 2126 ὼς
3279 2064 3362 2117 δεῖ
3394 2065 3675 2137 ἑπόμενοι,

450 2147 653 2203 Christi
681 2153 731 2204 in
764 2154 962 2207 mundo
994 2159 1287 2224 praesentia
1314 2168 1370 2213 et
1400 2175 1574 2230 usque
1603 2163 1669 2217 ad
1718 2179 1840 2230 nos,
1904 2175 2025 2220 tan-

2107 2153 2155 2204 οί
2182 2152 2387 2204 κλεινοὶ
2442 2150 2819 2221 καθηγεμόνες
2848 2155 2880 2222 ἡ
2890 2153 3006 2222 μῶν
3027 2155 3121 2207 καὶ
3150 2153 3480 2209 διδάσκαλοι·
3507 2159 3557 2211 οί
3577 2160 3678 2213 ἀπ’

450 2255 616 2309 quam
647 2242 931 2299 luminaria
965 2246 1019 2300 in
1055 2249 1257 2303 mundo
1310 2252 1755 2322 splenduerunt;
1813 2257 2023 2315 viviﬁci

2104 2244 2304 2314 ἀρχῆς,
2361 2243 2532 2314 αὐτῆς
2584 2243 2649 2313 δὴ
2710 2243 2810 2314 τῆς
2859 2245 2954 2296 ἐπὶ
3003 2244 3107 2313 γῆς
3163 2244 3389 2317 πρώτης
3436 2250 3675 2319 Χριστοῦ

452 2332 720 2385 sermonis
760 2332 972 2403 fulgore
998 2344 1052 2391 et
1090 2338 1242 2394 miris
1268 2341 1383 2395 suis
1417 2342 1709 2411 operibus;
1738 2349 1830 2416 qui
1852 2366 2023 2421 usque

2106 2336 2439 2407 παρουσίας,
2518 2338 2614 2390 καὶ
2655 2336 2819 2406 μέχρι
2860 2337 3101 2407 τήμερον
3157 2337 3231 2400 ὡς
3282 2340 3567 2411 φωστῆρες
3614 2345 3675 2396 ἑν

450 2422 519 2472 ad
551 2436 651 2476 nos
683 2422 785 2477 hoc
807 2426 1003 2477 bonum
1046 2440 1256 2495 semen,
1278 2428 1381 2485 hoc
1415 2446 1630 2504 sacrum
1665 2436 2019 2510 fermentum,

2106 2430 2294 2499 κόσμῳ
2325 2428 2651 2499 λάμποντες,
2700 2431 2819 2492 ταῖς
2842 2429 2948 2482 τῶν
2989 2428 3216 2501 ζωηρῶν
3245 2432 3419 2499 λόγων
3453 2451 3675 2504 μαρμα-

451 2512 688 2566 radicem
721 2525 991 2581 sanctam,
1021 2516 1334 2575 inviolabile
1371 2521 1704 2592 depositum,
1763 2533 2017 2603 gratiam,

2107 2522 2321 2591 ρυγαῖς,
2375 2521 2469 2574 καὶ
2523 2522 2642 2581 ταῖς
2686 2519 2793 2572 τῶν
2842 2520 3018 2591 ἔργων
3044 2522 3519 2590 παραδοξοποιίαις
3551 2541 3565 2555 ο
3619 2525 3671 2579 οἶ

449 2599 705 2655 virtutem
737 2617 804 2658 ex
832 2604 971 2667 alto,
1004 2608 1300 2674 pretiosam
1352 2616 1728 2684 margaritam,
1777 2599 2015 2682 divinam

2104 2612 2198 2664 καὶ
2246 2612 2327 2674 είς
2357 2612 2483 2675 τοὺς
2513 2610 2634 2663 καθ’
2667 2612 2833 2681 ἡμᾶς,
2868 2612 2929 2663 τὸ
2964 2610 3203 2666 τοιοῦτον
3232 2614 3393 2667 καλὸν
3430 2616 3669 2686 σπέρμα,

447 2690 631 2745 Patris
660 2692 1055 2760 haereditatetn,
1099 2697 1419 2755 thesaurum
1464 2704 1682 2776 inagro
1729 2712 2016 2771 abscondi-

2102 2708 2200 2776 τὴν
2225 2706 2375 2778 ἱερὰν
2435 2705 2635 2777 ζύμην,
2663 2708 2763 2776 τὴν
2784 2708 3038 2778 ἀπαρχὴν
3066 2708 3163 2778 τὴν
3194 2710 3381 2776 ἁγίαν,
3414 2710 3507 2781 τὴν
3532 2714 3668 2764 ἀσυ-

448 2792 590 2845 tum,
624 2785 818 2853 pignus
854 2784 1094 2856 Spiritus
1151 2793 1350 2860 sancti,
1386 2797 1594 2865 regium
1649 2802 2009 2876 signaculum,

2103 2796 2195 2851 λον
2223 2796 2715 2868 παρακαταθήκην,
2760 2797 2857 2867 τὴν
2882 2798 3061 2867 χάριν,
3090 2798 3188 2870 τὴν
3218 2798 3276 2863 ἐξ
3321 2800 3485 2869 ὕψους
3510 2801 3666 2854 δύνα-

445 2879 712 2927 viventem
740 2884 794 2929 et
830 2879 1215 2934 sc‘aturientem
1275 2898 1470 2954 aquam
1520 2887 1763 2945 divinum
1811 2894 2009 2965 ignem,

2106 2905 2221 2959 μιν,
2251 2891 2343 2942 τὸν
2392 2887 2690 2958 πολύτιμον
2736 2890 3104 2959 μαργαρίτην,
3144 2890 3235 2943 τὸν
3263 2891 3444 2944 ἔνθεον
3475 2910 3666 2963 πατρι-

444 2965 759 3035 religiosum
792 2967 894 3032 sal,
926 2970 1157 3038 donum,
1190 2972 1563 3043 signaculum,
1592 2979 1798 3049 lumen,
1825 2985 1916 3041 alii
1940 2989 2006 3044 ad
2036 3040 2043 3053 λ

2104 2981 2200 3034 κδν
2225 2980 2444 3050 κλῆρον,
2475 2981 2566 3034 τδν
2584 2982 2640 3033 ὲν
2673 2981 2752 3051 τῷ
2779 2980 2934 3050 ἀγρῷ
2960 2982 3343 3051 κεκρυμμένον
3374 2982 3665 3053 θησαυρὸν,

443 3057 579 3111 alios
614 3058 903 3127 tradidere,
936 3062 1082 3131 quod
1113 3071 1167 3118 et
1189 3066 1294 3119 erit
1326 3066 1383 3121 in
1406 3068 1778 3129 hereditatem
1799 3076 2005 3146 datum,
2036 3057 2043 3082 ’

2100 3070 2191 3122 τὸν
2219 3068 2513 3141 ἀρραϐῶνα
2540 3068 2633 3122 τοῦ
2670 3068 3004 3139 Πνεύματος,
3028 3070 3089 3122 τὸ
3117 3070 3392 3140 βασιλικὸν
3423 3074 3665 3144 σημεῖον,

441 3156 495 3201 et
520 3162 615 3216 per
659 3152 1044 3217 generationes
1106 3157 1335 3229 mystice
1358 3159 1702 3230 translatum,
1737 3168 2011 3235 quoadus-

2100 3162 2162 3215 τὸ
2197 3160 2306 3225 ζῶν
2364 3163 2459 3216 καὶ
2516 3162 2808 3231 ἁλλόμενον
2842 3161 3007 3231 ὕδωρ,
3046 3162 3107 3214 τὸ
3139 3164 3281 3216 θεῖον
3308 3164 3447 3234 πῦρ,
3488 3169 3549 3217 τὸ
3578 3182 3667 3217 σε-

441 3250 547 3305 que
571 3243 809 3294 secundo
827 3241 1078 3299 Christus
1099 3246 1151 3299 in
1180 3256 1324 3303 terra
1355 3250 1622 3309 videatur.
1641 3252 1759 3308 Non
1781 3261 2008 3316 mendax

2102 3252 2331 3323 σάσμιον
2400 3253 2556 3318 ἅλας,
2610 3252 2670 3305 τὸ
2692 3253 2957 3324 χάρισμα,
2976 3252 3036 3305 τὸ
3068 3255 3409 3326 σφράγισμα.
3449 3258 3509 3309 τδ
3530 3256 3665 3325 φῶςι

441 3336 525 3381 est
552 3328 697 3382 enim
724 3333 816 3400 qui
852 3331 987 3387 illud
1018 3336 1313 3404 promisit:
1346 3356 1366 3390 ι
1403 3340 1547 3397 Bcce
1581 3357 1683 3412 ego
1715 3346 2002 3404 vobiscum

2102 3346 2196 3397 καὶ
2232 3343 2301 3395 τὰ
2330 3344 2488 3413 ὃμοια
2540 3343 2770 3410 τούτοις,
2798 3344 2934 3415 πρὸς
2997 3344 3261 3414 ἀλλήλους
3312 3346 3577 3399 διέδωκαν
3597 3363 3611 3376 ’
3638 3346 3665 3399 6

440 3433 558 3474 sum
584 3422 837 3479 omnibus
879 3425 1073 3482 diebus
1127 3443 1297 3497 usque
1342 3430 1412 3486 ad
1470 3441 2003 3497 consummationem

2101 3434 2194 3486 καὶ
2224 3432 2375 3486 ἔσται
2407 3432 2920 3503 κληροδοτούμενον,
2953 3437 3048 3488 καὶ
3080 3436 3221 3489 κατὰ
3253 3437 3444 3505 γενεὰς
3467 3437 3665 3503 γενεῶν

439 3513 622 3570 δαιουιί
652 3512 721 3567 ³³.
757 3532 777 3567 ι
819 3516 1012 3574 Amen.
2103 3524 2378 3594 μυστικῶς
2437 3525 2990 3595 διαπορθμευόμενον,
3042 3528 3169 3599 ἄχρι
3233 3530 3328 3582 καὶ
3372 3528 3543 3598 αὐτῆς
3567 3531 3667 3600 τῆς

441 3602 697 3669 δευτέρας
740 3603 901 3666 αὖθις
942 3605 1036 3659 ἐπὶ
1068 3605 1174 3676 γῆς
1217 3607 1453 3678 Χριστοῦ
1498 3610 1823 3680 παρουσίας.
1865 3609 2125 3681 Ἀψευδὴς
2156 3611 2268 3681 γὰρ
2309 3616 2340 3669 6
2370 3618 2866 3689 ἐπαγγειλάμενος,
2898 3623 2984 3691 τὸ,
3023 3644 3043 3679 r
3086 3628 3199 3682 Καὶ
3235 3628 3347 3681 ίδοὺ
3395 3630 3510 3694 ἐγὼ
3550 3633 3674 3701 μεθ⁹

442 3690 597 3761 ὑμῶν
625 3697 741 3763 είμι
768 3699 952 3762 πάσας
978 3701 1076 3764 τὰς
1108 3702 1341 3772 ἡμέρας,
1368 3702 1473 3766 ἕως
1497 3704 1601 3775 τῆς
1637 3702 1946 3769 συντελείας
1968 3703 2066 3757 τοῦ
2088 3706 2308 3772 αἰῶνος.
2345 3710 2538 3781 Ἀμήν.
2586 3734 2606 3769 ι

2105 3798 2244 3872 Ὅτι*
2267 3798 2383 3872 πᾶν·
2422 3800 2520 3872 καί
2572 3800 2755 3855 ἄλλοι
2779 3795 2933 3857 ὦσιν
2990 3802 3117 3857 ὁδοί
3173 3803 3472 3872 σωτήριοι,
3528 3804 3664 3858 ἀλλ’

2171 3866 2320 3939 ιίῦτη
2344 3869 2380 3936 ἠ
2397 3871 2738 3939 πρόκριτος,
2803 3873 2903 3927 καί
2934 3872 3209 3938 βασιλὶς,
3241 3866 3350 3928 καῖ
3365 3866 3661 3939 είς⁷υίοθεο

2171 3938 2315 3990 alar
2333 3936 2623 4005 φέρουσα.

502 4054 597 4111 98.
614 4050 723 4108 Etsi
746 4060 798 4107 et
819 4050 939 4106 alia:
956 4052 1055 4105 viae
1076 4051 1266 4106 etvltae
1277 4050 1544 4117 rationes,
1588 4061 1661 4120 et,
1683 4054 1731 4110 si
1757 4058 1861 4121 vis,
1880 4072 2009 4128 ope-

2176 4050 2285 4121 ίιη’.
2318 4052 2382 4104 Et
2411 4051 2467 4105 δὲ
2492 4054 2584 4105 καὶ
2613 4052 2771 4107 ἄλλαι
2822 4053 2952 4119 ὁδοὶ,
2976 4054 3069 4106 καὶ
3092 4053 3379 4119 πολιτεῖαι,
3411 4055 3458 4106 εί
3487 4051 3661 4123 βούλει

438 4149 675 4202 rationes
695 4145 851 4201 home
874 4144 985 4200 sint
1006 4152 1061 4199 et
1085 4143 1154 4199 ad
1168 4143 1400 4198 salutem
1423 4146 1677 4214 dlrigant,
1695 4156 1751 4201 et
1767 4163 1889 4202 eum
1909 4150 2003 4218 qui

2100 4140 2156 4194 δὲ
2178 4143 2271 4195 καὶ.
2322 4143 2574 4213 ἐργασίαι
2638 4146 2870 4214 χρησταὶ
2892 4144 3188 4214 πεφύκασι,
3219 4146 3357 4215 πρὸς
3393 4145 3661 4215 σωτηρίαν

433 4252 528 4293 eas
545 4237 811 4309 sequitur,
830 4237 882 4290 in
901 4235 1096 4306 quiete
1116 4243 1383 4303 statuunt,
1402 4236 1855 4305 quemadmodum
1880 4249 2007 4296 sunt

2100 4232 2409 4303 ὀδηγοῦσαι,
2466 4235 2562 4289 καὶ
2600 4235 3016 4292 καταπαύουσαι
3037 4236 3127 4289 τὸν
3155 4236 3360 4298 ταύτας
3389 4236 3661 4305 μετιόντα,

434 4349 553 4402 quae
584 4306 648 4387 ad
678 4334 990 4387 servitutem
1020 4339 1074 4384 et
1104 4330 1448 4384 mercenaria
1493 4344 1661 4399 opera
1694 4346 1858 4386 manu
1899 4333 2003 4388 du-
2040 4308 2043 4357 ¹

2100 4324 2289 4396 ὥσπερ
2322 4327 2428 4396 ἄρα
2462 4327 2554 4379 καὶ
2589 4327 2717 4391 εἰσὶ,
2784 4329 2880 4381 καὶ
2911 4328 3045 4399 πρὸς
3069 4326 3390 4397 δουλείαν,ἣ
3431 4327 3660 4399 μισθαρ-

432 4433 563 4479 cunt
589 4432 637 4478 et
670 4424 883 4488 ﬁniunt,
932 4420 1393 4492 quemadmodum
1446 4421 1632 4475 multa:
1683 4422 1999 4481 mansiones

2100 4418 2241 4480 νίαν,
2313 4418 2774 4489 χειραγωγοῦσαι,
2810 4419 2905 4473 καὶ
2942 4420 3366 4489 καταλήγουσαι,
3397 4419 3543 4473 καθὰ
3570 4419 3660 4472 καὶ

432 4516 574 4584 apud
609 4513 823 4568 Patrem
854 4529 975 4568 esse
1014 4530 1043 4567 a
1076 4513 1361 4568 Salvatore
1406 4513 1564 4568 dictae
1600 4526 1766 4582 sunt;
1805 4518 1898 4571 sed
1932 4533 1997 4572 ea

443 3786 618 3852 Quod,
643 3785 741 3838 etsi
783 3785 889 3837 sint
925 3782 1048 3838 alia:
1076 3784 1262 3837 salutis
1288 3784 1405 3841 vite.
1438 3799 1506 3837 ea
1533 3796 1705 3839 tamen
1724 3796 1803 3843 est
1831 3789 2003 3846 exosi-

612 3854 801 3908 lentior
826 3862 875 3907 et
892 3854 1072 3923 regina
1098 3862 1148 3907 et
1176 3854 1229 3906 in
1255 3852 1584 3921 adoptionem
1606 3857 1823 3916 ducens.

2098 4509 2290 4562 πολλαὶ
2343 4510 2500 4579 μοναὶ
2545 4509 2621 4580 τῷ
2672 4501 2891 4580 Σωτῆρι
2936 4511 3087 4581 παρὰ
3132 4510 3211 4581 τῷ
3265 4510 3441 4580 Πατρὶ
3494 4509 3660 4563 αὐτοῦ

434 4618 611 4661 tamen
644 4616 724 4661 est
760 4606 944 4675 regina
967 4614 1020 4661 et
1090 4606 1571 4668 excellentissima.
1625 4618 1678 4661 et
1740 4610 1997 4664 omnibus

431 4697 686 4768 operibus
716 4708 1001 4768 praestans,
1030 4706 1087 4750 ut
1110 4697 1292 4750 anima
1323 4700 1536 4766 corpori
1561 4710 1781 4766 prastat
1802 4715 1817 4763 ;
1837 4699 1997 4768 quip—

431 4805 497 4861 pe
526 4804 648 4859 qua
671 4790 725 4843 in
755 4790 1095 4857 adoptionem
1120 4788 1211 4842 Dei
1242 4805 1309 4842 ex
1336 4797 1481 4841 terra
1504 4797 1557 4843 et
1587 4789 1808 4856 pulvere
1837 4802 1996 4842 reno-

432 4895 539 4946 vet,
564 4895 628 4935 ac
662 4881 831 4935 Deum
864 4880 1101 4935 eilictens
1128 4880 1185 4933 in
1219 4879 1425 4948 Spiritu
1474 4879 1616 4931 miro
1668 4878 1827 4932 modo
1867 4892 1992 4931 eum

433 4974 707 5027 hominem
737 4972 831 5042 qui
866 4974 917 5025 in
951 4972 1122 5037 ipsam
1177 4971 1499 5041 ingreditur,
1534 4978 1593 5022 ut
1637 4970 1713 5022 ait
1765 4984 1995 5037 magnus

434 5066 715 5120 Basilius:
758 5082 776 5115 t
806 5062 1047 5133 Spiritus
1072 5070 1298 5117 sanctus
1343 5075 1467 5114 cum
1512 5061 1752 5115 hominis
1802 5063 1997 5115 anima:

430 5156 824 5225 supervenerit,
856 5160 904 5210 ei
930 5156 1095 5210 vitam
1131 5154 1299 5219 dedit,
1321 5151 1469 5207 dedit
1505 5152 1993 5219 immortalttatem,

427 5246 692 5314 iacentem
722 5245 1029 5300 suscitavit.
1052 5263 1070 5296 ι
1099 5243 1256 5310 Quod
1282 5253 1464 5298 autem
1497 5259 1527 5297 a
1564 5242 1767 5312 Spiritu
1801 5252 1993 5299 sancto

431 5347 633 5391 auerne
665 5346 948 5402 movetur,
1002 5338 1254 5390 animans
1307 5344 1559 5390 sanctum
1615 5333 1812 5389 factum
1868 5344 1995 5401 est;

424 5429 633 5499 accepit
657 5440 839 5484 autem
873 5430 1036 5484 homo
1065 5428 1381 5497 dignitatem
1416 5427 1654 5498 Spiritus
1700 5429 1873 5484 sancti
1934 5427 1990 5482 in

498 5606 541 5636 "
584 5604 773 5661 Matth.
804 5620 999 5672 xxvttt,
1034 5603 1127 5658 20.

2097 4602 2367 4675 ὑπάρχειν
2401 4605 2648 4674 εἴρηνται
2671 4620 2687 4635 ο
2738 4604 2855 4657 ἀλλ’
2884 4605 2976 4658 οῦν
3005 4605 3142 4676 αῦτη
3173 4606 3465 4676 πέφυκενή
3504 4604 3657 4675 βασι-

2095 4694 2197 4758 λὶς.
2230 4696 2326 4749 καὶ
2366 4697 2679 4768 πρόκριτος,
2728 4696 2822 4751 καὶ
2852 4696 3043 4751 πασῶν
3073 4696 3366 4767 ἐργασιῶν,
3402 4696 3478 4761 ὡς
3517 4694 3659 4765 ψυχὴ

2096 4785 2346 4854 σώματος
2402 4788 2793 4859 ὑπερκειμένη,
2836 4790 2929 4843 καὶ
2980 4790 3384 4859 ὑπερφέρουσα,
3446 4791 3539 4843 ᾰτε
3584 4790 3661 4850 είς

2094 4877 2364 4931 υἱοθεσίαν
2392 4879 2525 4932 Θεοῦ
2561 4879 2957 4950 καινουργοῦσα
2989 4883 3052 4934 ἐκ
3084 4883 3187 4950 γῆς
3208 4884 3303 4933 καὶ
3345 4879 3660 4944 σποδοῦ,καὶ

2094 4966 2223 5020 Θεὸν
2258 4969 2593 5040 ἐργαζομένη
2618 4971 2936 5041 παραδόξως
2970 4974 3027 5024 ὲν
3046 4971 3337 5040 πνεύματι,
3357 4972 3448 5023 τὸν
3473 4988 3660 5041 μετερ-

2092 5058 2320 5127 χόμενον
2346 5060 2536 5131 αὐτὴν,
2558 5062 2632 5125 ὡς
2664 5062 2829 5128 εἰκὸς,
2853 5062 3154 5131 ἄνθρωπον,
3174 5063 3248 5124 ῶς
3265 5079 3429 5131 φησιν
3445 5065 3473 5115 6
3493 5063 3658 5131 μέγας

2093 5152 2397 5215 Βασίλειος·
2439 5172 2457 5205 t
2491 5154 2712 5224 Πνεῦμα
2742 5155 2896 5223 ἆγιον
2923 5154 3146 5209 ὲπελοόν
3166 5156 3241 5218 είς
3260 5156 3438 5226 ψυχὴν
3451 5154 3657 5221 ἀνθρώ-

2091 5260 2218 5307 που,
2259 5244 2427 5299 ἐδωκε
2449 5246 2547 5315 μὲν
2566 5247 2730 5317 ζωὴν,
2748 5248 2913 5300 ἔδωκε
2930 5247 2985 5300 δὲ
3006 5248 3323 5312 ἀθανασίαν,
3339 5248 3527 5316 ήγειρε
3553 5244 3656 5300 κείο

2095 5348 2276 5402 μενον.
2308 5352 2326 5383 ι
2353 5334 2425 5386 Τὸ
2452 5334 2509 5387 δὲ
2539 5336 2760 5404 κινηθὲν
2783 5336 2999 5405 κίνησιν
3024 5334 3192 5388 ἀΐδιον
3218 5335 3322 5387 ὑπὸ
3346 5334 3653 5405 Πνεύματος

2092 5424 2275 5493 ἁγίου,
2317 5422 2452 5490 ζῶον
2479 5426 2634 5496 ἅγιον
2668 5426 2903 5499 ἐγένετο,
2931 5427 3055 5501 ἔσχε
3081 5428 3139 5484 δὲ
3168 5428 3453 5499 ἄνθρωπος
3481 5426 3653 5494 ἀξίαν,
