4032 6208
433 329 538 395 8ἲ1

1613 329 1697 387 CA
1709 327 1823 388 LL!
1837 327 1954 387 STl
1989 327 2264 388 PATRIA
2277 330 2502 392 RCILE

3577 322 3691 385 812

437 455 627 495 norem
648 438 937 511 praebentis
983 438 1248 493 ittustrem
1280 450 1342 490 ac
1374 435 1617 490 stal-ilem
1648 454 1662 500 ;
1729 451 1900 505 neque
1956 435 2007 490 id

2109 426 2202 479 καὶ
2251 424 2618 498 Δημιουργοῦ,
2678 425 2772 478 καὶ
2806 423 2967 495 μόνου
3029 422 3309 495 ἀφθάρτου
3363 423 3457 476 καὶ
3510 424 3697 476 εἰσαεὶ⁵

439 533 810 597 solummodo,
837 531 931 586 sed
959 540 1282 602 potestatem
1337 529 1652 598 accepimus
1715 528 1851 582 ﬁlios
1913 528 2003 581 Dei

2107 517 2474 587 διαμένοντος,
2527 516 2621 569 καὶ
2662 515 2821 582 δόξαν
2861 518 2957 570 καὶ
2989 517 3156 587 τιμὴν
3219 515 3552 586 παρέχοντος
3577 515 3700 574 τοῖς

441 625 576 680 ﬁeri.
607 643 625 676 ι
647 623 927 693 Quotquot
954 637 1081 678 eum
1119 632 1463 692 receperunt,
1507 621 1706 690 inquit.
1741 621 1886 675 dedit
1925 621 2004 676 eis

441 723 761 786 potestatem
798 714 939 769 ﬁlios
973 712 1068 769 Dei
1126 713 1266 777 ﬁeri,
1294 713 1364 766 iis
1392 714 1484 782 qui
1517 713 1749 766 credunt
1805 713 1860 765 in
1911 728 2002 766 no-

443 805 588 858 mine
615 803 736 872 ejus
757 802 824 857 ⁸³.
850 820 868 854 ι
903 801 1005 856 Dat
1031 810 1378 871 potestatem,
1409 816 1512 855 non
1543 802 1821 872 tyrannica
1845 800 2011 854 trahit

429 903 534 960 ,ant
575 903 765 948 contra
825 903 1072 948 nostrum
1140 893 1480 963 propositum
1562 892 1740 962 cogit;
1799 907 2012 961 semper

440 986 585 1040 enim
617 988 866 1056 tyrannis
881 999 1004 1038 eum
1029 985 1122 1053 qui
1153 982 1479 1054 opprimitur
1511 991 1699 1039 contra
1723 997 2014 1052 oppresso.

443 1093 555 1129 rem
587 1085 782 1137 armat,
815 1085 874 1129 ut
898 1074 1100 1129 malum
1135 1079 1278 1128 malo
1315 1084 1559 1130 curetur.
1594 1072 1707 1128 lloc
1732 1075 1892 1128 modo
1915 1074 2014 1127 ho-

445 1177 602 1218 norat
634 1163 970 1234 praecipuam
1003 1174 1206 1219 nostrae
1244 1166 1512 1219 libertatis
1567 1163 1907 1235 1ignitatem,
1940 1163 2014 1217 ita

445 1266 507 1311 ut
535 1257 739 1311 bonum
770 1257 863 1309 liat
891 1256 1116 1310 omnino
1153 1256 1244 1311 Dei
1300 1255 1579 1324 operantis
1638 1254 2015 1309 benevolentia

445 1356 504 1403 et
527 1347 700 1418 gratia
733 1363 749 1410 ;
786 1356 988 1402 nostra:
1021 1357 1199 1402 tamen
1228 1348 1530 1401 voluntatis
1587 1359 1642 1400 et
1671 1361 1818 1399 cura:
1861 1355 2018 1398 actus

450 1439 541 1492 sit.
578 1438 645 1492 Et
685 1438 774 1492 ille
798 1437 1017 1506 quidem
1047 1453 1357 1507 quanquam
1419 1436 1561 1491 Deus
1616 1446 1671 1490 et
1731 1435 2016 1501 Dominus,

451 1530 711 1601 quidquid
745 1529 846 1598 ipsi
884 1529 1194 1584 faciendum
1227 1538 1368 1593 erat,
1399 1529 1523 1583 fecit
1554 1545 1569 1593 ;
1627 1545 1817 1583 omnes
1872 1530 2017 1583 enim

450 1623 706 1678 similiter
731 1621 996 1683 condidit,
1032 1631 1083 1673 et
1109 1636 1204 1690 pro
1238 1623 1492 1676 omnibus
1546 1631 1792 1674 mortuus
1819 1629 1920 1687 est,
1965 1629 2022 1673 ut

450 1713 730 1782 aequaliter
761 1726 952 1766 omnes
983 1711 1240 1765 salvaret.
1269 1710 1435 1766 Nobis
1476 1721 1657 1766 autem
1692 1711 1884 1766 relicta
1939 1717 2024 1764 est

2109 611 2350 674 οἰκείοις,
2406 611 2604 682 εὖκλεᾷ
2649 611 2749 663 xal.
2789 610 3052 680 μόνιμον·
3099 608 3195 662 καὶ
3226 611 3287 662 ού
3327 610 3489 678 μόνον
3528 608 3697 659 τοῦτο

2109 705 2190 770 δέ,
2211 704 2349 758 ἀλλά
2378 721 2440 772 γε
2475 706 2570 758 καὶ
2600 702 2852 771 ἐξουσίαν
2873 701 3166 774 εἰληφότας
3226 702 3395 754 τέκνα
3420 701 3558 754 Θεοῦ
3596 717 3694 768 γε-

2109 796 2320 850 νέσθαι.
2342 815 2360 848 ι
2391 797 2549 850 Ὀσοι
2579 797 2715 870 γὰρ,
2780 797 2970 866 φησὶν,
3019 795 3212 848 ἔλαϐον
3270 795 3456 856 αὑτὸν,
3487 795 3694 846 ἔδωκεν

2110 889 2292 952 αὐτοῖς
2343 888 2616 954 ἐξουσίαν,
2671 889 2839 942 τέκνα
2899 888 3034 941 Θεοῦ
3094 889 3373 956 γενέσθαι,
3430 891 3542 950 τοῖς
3596 905 3693 939 πι-

2112 979 2394 1033 στεύουσιν
2443 981 2523 1042 είς
2561 979 2622 1032 τὸ
2654 979 2826 1050 ὄνομα
2861 979 3046 1034 αὑτοῦ.
3069 980 3124 1048 Is
3157 980 3384 1032 Δίδωσιν
3417 979 3689 1046 ἐξουσίαν,

2109 1072 2171 1125 οῦ
2218 1072 2554 1142 τυραννικῶς
2606 1072 2756 1125 ἕλκει
2790 1073 2884 1126 καὶ
2933 1074 3088 1143 παρὰ
3118 1071 3378 1143 πρόθεσιν
3408 1072 3692 1141 ἡμετέραν

2111 1163 2354 1235 βιάζεται
2385 1181 2400 1196 ο
2431 1163 2519 1218 ἀεὶ
2569 1165 2679 1235 γὰρ
2707 1166 2741 1236 η
2773 1165 3047 1235 τυραννὶς,
3081 1164 3223 1217 κατὰ
3243 1163 3336 1216 τοῦ
3363 1164 3692 1235 τυραννοῦν-

2109 1273 2200 1319 τος
2228 1257 2319 1309 τὸν
2371 1254 2802 1326 τυραννούμενον
2852 1255 3086 1322 ὁπλίζει,
3115 1255 3204 1308 ἴνα
3255 1254 3411 1325 κακῷ
3432 1255 3490 1307 τὸ
3517 1256 3692 1308 κακὸν

2109 1345 2415 1415 ἐξιάσηται·
2439 1347 2542 1398 κάν
2600 1345 2776 1416 τούτῳ
2809 1345 2985 1416 τιμῶν
3025 1347 3184 1416 ήμῶν
3219 1346 3279 1398 τὺ
3315 1347 3542 1417 ἀρχαῖον
3591 1347 3690 1401 τοῦ

2109 1437 2460 1502 αὐτεξουσίου
2509 1435 2751 1505 ἀξίωμα,
2797 1439 2892 1490 καί
2941 1437 3028 1490 ἶνα
3066 1439 3214 1500 ὅπως
3254 1436 3339 1509 εἴη
3362 1439 3422 1490 τδ
3451 1439 3692 1505 ἀγαθὸν,

2108 1530 2174 1598 τῇ
2207 1527 2372 1580 αὑτοῦ
2400 1528 2498 1597 μὲν
2527 1527 2952 1598 ἐξειργασμένον
3009 1528 3308 1582 τοκαθόλου
3340 1529 3562 1599 εύδοκίξι
3589 1533 3692 1582 καὶ

2108 1621 2322 1691 χάριτιο
2372 1621 2472 1690 τῆς
2500 1621 2556 1674 δὲ
2578 1621 2857 1692 ἡμετέρας
2920 1622 3158 1692 σπουδῆς
3216 1624 3310 1678 καὶ
3363 1623 3692 1692 ἐπιμελείας

2107 1713 2374 1780 λογίζοιτο
2399 1713 2460 1766 τδ
2487 1713 2838 1786 κατόρθωμα·
2874 1716 3128 1778 κάκεῖνος
3182 1715 3306 1785 μὲν,
3337 1717 3386 1768 εί
3425 1717 3519 1769 καὶ
3549 1716 3688 1780 Θεὸς

453 1806 678 1860 libertas
723 1802 1036 1868 accedendi,
1074 1803 1352 1868 credendi,
1405 1803 1699 1857 amicitiam
1739 1800 2022 1874 jungendi,

2105 1805 2225 1860 ἐστι
2278 1805 2374 1859 καὶ
2422 1806 2720 1878 Δεσπότης,
2772 1806 2888 1859 ἀλλ’
2938 1806 3032 1861 οὖν
3078 1809 3226 1862 ἅπαν
3255 1808 3316 1861 τὸ
3355 1807 3552 1863 ἑαυτοῦ
3583 1827 3684 1862 πε-

454 1912 576 1951 cum
601 1895 792 1950 timore
817 1902 872 1948 et
901 1894 1097 1948 ardore
1127 1907 1182 1949 et
1202 1895 1471 1949 charitate
1501 1892 1728 1960 Domino
1759 1894 1834 1947 illi
1863 1891 2025 1946 mise-

454 1986 654 2041 ricordi
687 1985 964 2041 serviendi
995 1986 1088 2056 qui
1123 2002 1220 2041 nos
1252 2001 1376 2040 vere
1414 2001 1477 2039 ac
1523 1985 1758 2039 sollicite
1788 1983 1979 2038 dilexit
2006 1999 2022 2049 ;

455 2082 527 2135 ita
559 2089 616 2134 ut
640 2093 738 2149 pro
764 2078 921 2132 nobis
965 2078 1200 2132 libenter
1259 2090 1491 2133 mortem
1539 2077 1772 2130 voluerit
1818 2076 2024 2141 subire,

455 2177 686 2225 mortem
715 2182 844 2223 vero
876 2169 1219 2238 probrosam,
1277 2178 1336 2222 nt
1384 2183 1481 2224 nos
1514 2183 1544 2223 a
1573 2167 1793 2230 diaboli,
1820 2163 2027 2233 antiqui

453 2260 647 2326 hostis,
677 2258 962 2329 tyrannide
988 2258 1258 2320 liberaret,
1294 2268 1490 2313 etcum
1523 2257 1680 2311 Patre
1703 2265 1753 2310 et
1777 2255 1886 2310 Deo
1911 2253 2030 2308 uni-

455 2357 579 2412 ret;
615 2355 668 2412 et
690 2346 934 2404 haeredes
963 2347 1180 2418 quidem
1219 2347 1334 2414 Dei,
1365 2348 1674 2404 coheredes
1725 2355 1908 2402 autem
1941 2345 2026 2401 sui

453 2437 692 2494 ediceret
720 2455 736 2505 ;
765 2437 914 2508 quod
943 2438 1248 2493 mirabilius
1277 2448 1330 2493 ct
1369 2438 1580 2493 beatius
1611 2446 1712 2492 est.
1755 2435 1829 2491 Ne
1866 2437 2024 2508 igitur

454 2545 622 2602 parva
647 2545 712 2586 ac
739 2530 891 2585 brevi
921 2529 1244 2594 indolentia,
1273 2539 1326 2584 et
1347 2529 1580 2596 incuria,
1603 2538 1656 2584 et
1679 2527 1812 2583 falsa
1842 2528 2025 2584 laetitia

454 2637 558 2679 nos
591 2622 846 2694 indignos
869 2620 1169 2678 eﬂiciamus
1191 2621 1358 2676 tantis
1390 2621 1546 2676 bonis
1576 2635 1640 2675 ac
1680 2621 2024 2676 mercedibus

454 2724 508 2770 et
537 2713 796 2786 gaudiis;
854 2713 948 2770 sed
975 2713 1110 2768 nihil
1142 2729 1248 2768 non
1282 2715 1567 2774 faciamus,
1589 2713 1723 2766 nihil
1753 2727 1856 2765 non
1894 2727 2024 2781 ope-

457 2823 680 2873 remur;
709 2820 888 2877 neque
920 2806 1023 2877 ipsi
1078 2805 1201 2860 vitae
1222 2815 1422 2859 nostra:
1464 2819 1559 2873 pro
1585 2803 1677 2858 illo
1713 2817 2021 2873 parcamus,

457 2900 717 2973 quoniam
745 2909 799 2956 et
838 2898 954 2970 ipse
983 2906 1205 2969 propter
1230 2911 1352 2962 nos,
1387 2898 1436 2950 Id
1472 2911 1594 2951 cum
1644 2905 1787 2951 esset
1847 2894 2018 2962 Deus,

456 2992 631 3048 facere
653 3006 761 3048 non
783 2989 1072 3058 dubitavit,
1109 2998 1168 3044 ut
1197 2990 1278 3045 sic
1302 2987 1386 3044 his
1415 3003 1644 3058 prorsus
1670 2997 1723 3042 et
1764 2988 2020 3043 omnibus

452 3084 612 3140 donis
651 3081 984 3152 coronisque
1037 3081 1186 3150 digni
1220 3081 1544 3135 elliciamur.
1598 3081 1730 3147 Quae
1809 3080 2017 3134 utinam

454 3190 552 3229 nos
575 3188 764 3228 omnes
791 3144 1152 3244 accipiamus,
1183 3171 1561 3228 benevolentia
1677 3172 1850 3244 gratia
1875 3172 2013 3241 optio
2045 3144 2088 3206 ο

453 3267 526 3321 mi
553 3267 699 3321 illius
721 3279 786 3321 ac
806 3264 1172 3321 misericordis
1207 3265 1418 3321 Domini
1448 3280 1511 3320 ac
1538 3264 1632 3320 Dei
1687 3275 1741 3320 et
1777 3264 2023 3321 Salvato-

452 3359 527 3412 ris
552 3355 873 3413 nostriJesu
901 3355 1132 3421 Christi,
1155 3357 1244 3428 qui
1299 3358 1435 3412 adeo
1489 3357 1840 3426 semetipsum
1900 3373 2024 3428 pro-

451 3457 573 3518 pter
607 3462 705 3507 nos
732 3447 1060 3514 hutniliavit,
1090 3463 1154 3503 ac
1185 3450 1280 3519 qui
1313 3465 1370 3504 se
1441 3449 1858 3507 liumiliantibus
1932 3467 2027 3507 su-

449 3541 850 3612 pernaturalem
902 3552 957 3597 et
1007 3544 1275 3599 viviﬁcatn
1306 3558 1458 3599 suam
1491 3544 1718 3619 gratiam
1771 3559 1838 3598 ex
1892 3555 2022 3606 tunc

445 3634 735 3690 eliicaciter
788 3634 1238 3706 abundanterque
1298 3636 1586 3702 concedit;
1632 3636 1890 3707 quoniam
1948 3636 2026 3691 illi

446 3725 678 3780 debetur
702 3724 882 3780 omnis
907 3725 1081 3795 gloria
1111 3735 1166 3780 et
1197 3725 1371 3780 honor
1393 3736 1446 3780 et
1476 3729 1724 3783 adoratio
1776 3743 1899 3782 cum
1952 3729 2029 3782 in-

447 3814 634 3884 genito
666 3821 720 3867 et
745 3813 1053 3883 purissimo
1093 3811 1270 3882 ipsius
1324 3812 1506 3876 Patre,
1570 3824 1621 3869 et
1675 3825 1947 3868 coaeterno
1976 3821 2032 3865 et

449 3905 808 3960 sanctissimo
831 3915 885 3959 et
917 3904 1124 3973 optimo
1175 3915 1230 3959 et
1287 3904 1505 3960 vivifico
1555 3903 1726 3974 ipsius
1783 3905 2021 3974 Spiritu,

448 4010 597 4050 nunc
615 4003 670 4050 et
699 4009 916 4062 semper
943 4004 998 4051 et
1028 3997 1080 4049 in
1107 3995 1306 4050 saecula
1333 3997 1691 4052 saculorum.
1721 3997 1920 4050 Amen.

2111 1893 2340 1965 ποίηκεο
2367 1894 2581 1957 πάντας
2607 1895 2718 1967 γὰρ
2753 1895 2848 1951 καὶ
2873 1894 3076 1966 ὁμοίως
3107 1893 3330 1958 ἔπλασε,
3377 1895 3472 1952 καὶ
3501 1895 3686 1950 dicati-

2105 2003 2213 2049 τως
2243 1986 2383 2056 ὑπὲρ
2441 1987 2662 2042 πάντων
2712 1988 2972 2056 ἀπέθανε,
3007 1988 3096 2045 ῐνα
3137 1989 3333 2060 ἐπίσης
3361 1988 3512 2061 σώσῃ
3555 1993 3689 2054 τοὺς

2106 2076 2372 2142 ἅπαντας.
2415 2078 2505 2132 Ἐν
2536 2081 2672 2152 ἡμῖν
2696 2080 2755 2136 δέ
2789 2081 3099 2154 ἀπελείφθη
3153 2082 3216 2138 τὸ
3245 2083 3589 2155 προσελθεῖν,
3622 2086 3687 2140 τδ

2106 2168 2431 2236 πιστεῦσαι,
2481 2172 2542 2224 τὸ
2595 2172 2964 2244 οίκειωθῆναι,
3025 2175 3087 2229 τὸ
3142 2177 3281 2246 μετὰ
3339 2176 3528 2247 φόϐου,
3587 2181 3686 2233 καὶ

2106 2261 2362 2332 σπουδῆς,
2412 2264 2507 2318 καὶ
2551 2265 2775 2337 ἀγάπης
2802 2266 3087 2339 λατρεύειν
3121 2269 3202 2339 τῷ
3230 2269 3398 2335 ὅντως
3455 2275 3684 2344 ἀγαπήο

2105 2369 2258 2406 σαντι
2306 2356 2460 2426 ἡμᾶς
2513 2356 2882 2430 φιλανθρώπῳ
2931 2361 3202 2435 Δεσπότῃ,
3251 2363 3347 2418 καὶ
3396 2365 3679 2436 κηδεμόνι,

2108 2447 2251 2501 ὥστε
2306 2450 2403 2504 καὶ⁸
2459 2449 2692 2508 θάνατον
2729 2452 2984 2528 ἐθελῆσαι
3039 2455 3364 2524 ὑπενεγκεῖν
3413 2458 3683 2522 ἑκουσίως

2102 2538 2244 2610 ὑπὲρ
2271 2542 2452 2612 ἡμῶν,
2513 2545 2609 2598 καὶ
2667 2543 2897 2599 θάνατον
2955 2545 3345 2613 ἐπονείδιστον,
3390 2550 3475 2603 ἵνα
3530 2553 3682 2621 ἡμᾶς

2101 2629 2202 2700 τῆς
2229 2630 2325 2686 τοῦ
2385 2631 2633 2688 διαϐόλου
2680 2635 2776 2690 καὶ
2815 2636 3131 2707 ἀρχεκάκου
3162 2638 3361 2710 ἐχθροῦ
3393 2640 3681 2714 ἀπαλλάξῃ

2101 2723 2432 2792 τυραννίδος,
2481 2725 2578 2790 καὶ
2612 2726 2691 2798 τῷ
2719 2728 2900 2798 Πατρὶ
2932 2729 3027 2782 καὶ
3051 2731 3174 2802 Θεῷ
3200 2731 3514 2806 καταλλάξῃ
3535 2751 3550 2765 ο
3583 2737 3682 2790 καὶ

2103 2815 2478 2886 κληρονόμους
2528 2819 2627 2889 μὲν
2680 2819 2840 2887 Θεοῦ,
2892 2823 3373 2894 συγκληρονόμους
3418 2827 3474 2880 δὲ
3508 2827 3680 2882 αὑτοῦ

2102 2909 2508 2979 ἀπεργάσηται,
2563 2912 2626 2965 τὺ
2656 2914 3114 2984 παραδοξότατον,
3167 2919 3264 2971 καὶ
3318 2920 3682 2990 μακαριώτα-

2101 3000 2332 3070 τονομὴ
2380 3001 2446 3072 δὴ
2499 3002 2588 3056 διὰ
2651 3006 2856 3074 μικρᾶς
2904 3008 3001 3060 καὶ
3061 3009 3324 3079 βραχείας
3380 3011 3681 3082 ῥᾳθυμίας,

2103 3092 2195 3143 καὶ
2229 3092 2505 3161 ἀμελείας,
2565 3097 2660 3150 καὶ
2708 3098 3048 3154 ἐπιπλάστου
3071 3102 3263 3174 ἡδονῆς
3295 3104 3536 3168 οίασοῦν,
3567 3106 3683 3159 τῶν

2101 3182 2370 3237 τοσούτων
2453 3185 2580 3239 οἴων
2658 3188 2864 3258 ἡλίκων
2954 3190 3395 3263 ἀποξενώσωμεν
3449 3196 3682 3261 ἐαυτοῦς

2102 3271 2322 3339 ἀγαθῶν
2385 3276 2480 3328 καὶ
2533 3277 2732 3347 γερῶν,
2775 3278 2871 3331 καὶ
2914 3279 3273 3337 ἀπολαύσεων
3299 3300 3313 3313 ·
3343 3284 3477 3339 ἀλλὰ
3501 3288 3683 3341 πάντα

2101 3362 2419 3435 πράξωμεν,
2471 3368 2564 3420 καὶ
2619 3370 3197 3443 πραγματευσὼμεθα’
3260 3377 3354 3430 καὶ
3402 3378 3597 3447 αὐτῆς,
3631 3382 3681 3434 εί

2099 3456 2226 3519 δέοι,
2284 3458 2383 3529 τῆς
2443 3459 2611 3531 ζωῆς,
2654 3461 2794 3533 ὑπὲρ
2853 3464 3020 3519 αὐτοῦ
3073 3466 3150 3538 μὴ
3208 3469 3546 3540 φεισὼμεθα,
3603 3474 3680 3538 ὡς

2101 3549 2352 3616 κάκεῖνος
2381 3552 2447 3604 δι’
2480 3553 2646 3623 ἡμᾶς,
2705 3555 2884 3609 καίτοι
2939 3557 3073 3622 Θεὸς
3106 3557 3181 3613 ὢν
3205 3561 3344 3634 ὑπὲρ
3374 3564 3535 3634 ημῶν
3575 3583 3678 3619 πεο-

2103 3641 2352 3711 ποίηκεν,
2393 3645 2459 3696 ἵν’
2488 3644 2664 3709 οῦτως
2721 3648 2816 3700 καὶ
2846 3649 2956 3702 τῶν
2991 3651 3220 3723 ἀπάρτι,
3247 3656 3340 3708 καὶ
3367 3655 3475 3708 τῶν
3500 3658 3678 3712 ἁπάν-

2103 3752 2208 3787 των
2261 3734 2477 3807 δωρεῶν
2529 3739 2625 3792 ita!
2697 3742 2976 3810 στεφάνων
3047 3745 3478 3818 καταξιωθῶμεν
3512 3767 3525 3779 ·
3600 3747 3675 3804 ῶν

2103 3826 2312 3892 γένοιτο
2364 3829 2574 3891 πάντας
2627 3831 2774 3900 ἡμᾶς
2833 3834 3131 3905 ἐπιτυχεῖν,
3168 3838 3386 3911 εὐδοκία
3429 3843 3520 3895 καὶ
3576 3845 3674 3914 χά-

2107 3931 2214 3982 ριτι
2243 3917 2407 3970 αὑτοῦ
2434 3919 2526 3972 τοῦ
2568 3921 2918 3993 ύπεραγάθου
2950 3926 3046 3979 καὶ
3086 3927 3400 4000 ἐλεήμονος,
3431 3933 3524 3988 τοῦ
3567 3938 3679 3990 Ku-

2107 4008 2246 4076 ρίου,
2279 4013 2369 4063 καὶ
2395 4011 2550 4078 Θεοῦ,
2613 4016 2707 4069 καὶ
2737 4017 2992 4091 Σωτῆρος
3019 4022 3180 4093 ἡμῶν
3219 4025 3394 4094 Ἰησοῦ
3417 4029 3461 4081 Χ
3471 4030 3675 4100 ριστοῦ,

439 4087 537 4143 τοῦ
574 4088 1022 4151 ταπεινώσαντος
1054 4091 1252 4144 ἑαυτὸν
1280 4089 1538 4146 τοσοῦτον
1575 4093 1716 4161 ὑπὲρ
1737 4093 1916 4165 ἡμῶν,
1949 4097 2041 4149 καὶ
2078 4102 2190 4166 τοῖς
2220 4101 2487 4167 τοιούτοις
2520 4110 2819 4175 ταπεινοῖς,
3000 4087 3258 4182 ὑπερφυᾶ
3280 4087 3383 4167 ’καὶ
3434 4087 3680 4170 θεοποιδν

439 4182 608 4236 αὑτοῦ
641 4183 804 4255 χάριν
837 4183 946 4237 ἀπὸ
979 4183 1073 4238 τοῦ
1107 4184 1202 4238 νῦν
1231 4185 1477 4257 ἐνεργῶς
1505 4185 1782 4251 πλουσίως
1811 4189 2273 4259 ὲπιϐραϐεύοντος
2293 4210 2308 4225 ο
2340 4195 2424 4249 ὅτι
2456 4195 2605 4268 αὐτῷ
2656 4200 2859 4270 πρέπει
2891 4203 3045 4256 πᾶσα
3078 4203 3110 4275 η
3156 4203 3305 4268 δόξα,
3335 4204 3431 4258 καὶ
3463 4207 3494 4277 η
3531 4207 3688 4277 τιμὴ,

440 4279 532 4332 καὶ
584 4280 616 4348 ὴ
655 4277 1050 4348 προσκύνησις,
1088 4279 1207 4350 ἅμα
1247 4279 1324 4350 τῷ
1357 4279 1580 4354 ἁνάρχῳ
1617 4282 1712 4334 καὶ
1763 4281 2017 4353 ἀχράντῳ
2056 4284 2222 4338 αὐτοῦ
2253 4287 2429 4357 Πατρί
2454 4304 2467 4318 ’
2521 4291 2619 4344 καὶ
2651 4293 2730 4363 τῷ
2776 4295 3061 4368 συναιδίῳ,
3111 4299 3206 4351 καὶ
3254 4299 3531 4372 παναγίῳ,
3588 4302 3689 4357 καὶ

421 4375 653 4444 εάγαθῷ,
688 4374 783 4429 καὶ
813 4373 1067 4448 ζωοποιῷ
1100 4376 1269 4431 αὑτοῦ
1314 4378 1597 4450 Πνεῦματι
1624 4396 1638 4412 ·
1673 4379 1769 4436 νῦν
1803 4381 1897 4434 καὶ
1928 4381 2038 4448 ἀεὶ,
2069 4385 2164 4436 καὶ
2201 4387 2281 4450 είς
2307 4389 2434 4452 τοὺς
2464 4388 2671 4457 αίῶνας
2703 4391 2814 4447 τῶν
2846 4392 3080 4452 αἰώνων.
3129 4394 3332 4468 Ἆμήν.

509 4518 556 4550 ⁸³
588 4517 744 4575 Joan.
785 4520 937 4588 1,1Ξ.
