4058 6204
449 279 560 345 ’815
1597 294 1956 357 CALLISTI
1999 298 2095 359 DE
2133 303 2637 394 PBECATIONE.
3595 330 3704 389 8Ξὸ

459 404 517 449 ιιι
543 397 613 450 ita
647 395 847 464 dicam,
879 413 1096 470 semper
1127 411 1376 459 movetur
1424 420 1517 475 per
1571 407 1836 477 Spiritum
1898 425 2006 465 sau-

2094 416 2296 486 ,πλήρη
2353 421 2516 471 ποιεῖ·
2547 422 2608 472 τδ
2635 419 2690 474 δὲ
2722 421 3014 494 ἁλλόμῖνον
3078 426 3288 480 ἐκεῖθεν
3323 429 3387 482 ἐκ
3421 429 3520 500 τῆς
3556 447 3700 500 x39-

454 497 623 554 ctum,
661 495 835 544 totum
874 483 1193 548 interior-eui
1231 494 1508 552 hominem
1570 497 1762 568 implet
1791 515 1915 557 rore
1943 502 2006 559 dli

2112 508 2248 572 δίας,
2284 511 2379 563 καὶ
2405 511 2479 576 ὡς
2506 513 2680 566 εἰπεῖν
2733 517 3060 586 ἀεικινὴτως
3111 521 3431 590 κινούμενον
3487 522 3574 575 διὰ
3603 524 3699 575 τοῦ

451 578 581 633 vino
610 591 674 635 ac
734 579 979 650 spiritu;
1045 585 1365 644 exteriorem
1420 604 1549 646 vero
1597 593 1873 650 ardentem
1919 594 2003 651 eiii

2116 601 2450 672 Πνεύματος.
2523 604 2643 686 ὅλον
2689 605 2780 659 τὸν
2822 578 2949 659 ἔσω.
2998 578 3283 681 ἄνθρωπον
3319 611 3498 684 πλήρη
3551 619 3704 666 ποιεῖ

449 670 544 726 Cit.
2113 670 2302 762 δρόσου
2365 694 2515 759 θείας
2562 675 2657 750 καὶ
2720 698 3070 769 πνεύματος·
3101 670 3191 755 τὸν
3215 702 3280 757 ’δὲ
3311 670 3442 770 25w:
3466 670 3697 774 πύρινον

2112 786 2511 857 ἀπεργάζεται.

2178 877 2246 940 ζ’.
2279 877 2421 942 Νοῦς
2436 878 2733 950 καθαρθεὶς
2759 882 2823 934 ὲκ
2853 881 2961 934 τῶν
2985 882 3207 948 ἔξωθεν,
3245 885 3339 938 καὶ
3372 887 3472 950 τὰς
3497 887 3694 959 αἰσοῇο

2107 989 2220 1035 σεις
2277 971 2474 1036 δλικῶς
2537 973 2810 1040 ὑποτάξας
2857 975 2947 1028 διὰ
2993 977 3091 1046 τῆς
3155 978 3431 1048 πατρικῆς
3458 981 3692 1049 ἀρετῆς,

2105 1064 2359 1135 ἀκίνητος
2387 1065 2563 1134 μένει,
2601 1065 2899 1137 καθάπερδ
2926 1069 3177 1140 οὐράνιος
3235 1070 3401 1146 ἄξων,
3435 1070 3512 1135 ὡς
3551 1073 3693 1141 πρὸς

2105 1155 2333 1227 κέντρον
2372 1156 2592 1226 ἀφορῶν
2616 1156 2677 1209 τὸ
2746 1158 2848 1227 τῆς
2907 1159 3135 1230 καρδίας
3177 1159 3364 1230 βάθος,
3423 1163 3521 1215 καὶ
3552 1164 3684 1231 ἦγε·

2107 1246 2349 1316 μονεύων
2421 1247 2518 1316 τῆς
2577 1247 2844 1319 κεφαλῆς,
2876 1249 3176 1303 ἀποϐλέπει
3211 1253 3412 1312 ἐκεῖσε,
3468 1251 3688 1321 βολίδας

523 851 574 904 7.
620 850 703 904 Ab
753 853 997 911 externis
1043 858 1304 914 mundata
1353 875 1532 923 mens.
1567 872 1622 919 et
1655 881 1777 936 quae
1824 882 2025 925 sensus

448 937 676 993 omnino
725 956 826 1012 per
876 958 1198 1014 generosam
1249 949 1502 1006 virtutem
1554 957 1787 1026 subegit,
1839 967 2025 1014 manet

449 1028 768 1098 immobilis,
801 1041 1062 1105 tanquam
1092 1037 1362 1096 cmlorum
1393 1044 1534 1111 axis,
1577 1047 1765 1103 cordis
1795 1050 2021 1119 profuns

447 1117 575 1172 dum
611 1135 828 1192 semper
859 1134 1172 1195 aspectans,
1212 1139 1271 1185 ut
1312 1134 1589 1202 quoddam
1640 1117 1913 1204 centrum,
1964 1151 2018 1197 et

449 1219 614 1280 caput
653 1211 922 1283 dirigens,
955 1216 1090 1272 illud
1122 1219 1188 1275 ad
1227 1222 1424 1278 caelum
1458 1228 1636 1294 vertit,
1672 1233 2014 1288 coruscatio-

447 1315 542 1356 nes
571 1302 779 1359 habens
805 1306 1151 1376 COgitationis
1183 1314 1391 1382 radios,
1425 1317 1546 1373 inde
1577 1320 1822 1376 coelestia
1862 1325 2012 1395 cogi-

445 1401 558 1447 tata
620 1396 921 1462 trahentes,
964 1408 1018 1454 et
1047 1415 1241 1460 omnes
1273 1409 1522 1477 corporis
1553 1425 1748 1468 sensus
1785 1415 2016 1471 submit-

442 1492 587 1545 ιοηε.

512 1573 566 1629 8.
619 1575 810 1646 Nemo,
863 1584 1108 1654 quandiu
1141 1586 1283 1644 inter
1330 1591 1566 1651 initiatos
1598 1606 1694 1653 aut
1729 1598 1868 1656 lacte
1926 1603 2012 1657 in-

440 1665 688 1736 digentes
723 1671 858 1742 agit,
905 1689 966 1729 ca
1007 1695 1129 1748 quae
1169 1682 1524 1758 prohibentur
1553 1698 1760 1760 tangat,
1790 1696 2010 1763 quando
2036 1771 2078 1776 _
2103 1725 2136 1776 γ

442 1768 550 1809 non
605 1767 693 1812 est
735 1773 1123 1832 opportunum.
1170 1767 1279 1825 Eos
1331 1775 1476 1828 enim
1528 1778 1623 1846 qui
1683 1791 1812 1838 ante
1873 1771 2085 1839 tem-B

440 1860 541 1914 pus
589 1863 653 1904 ea
690 1867 812 1921 quae
847 1856 1010 1927 hujus
1039 1863 1302 1932 temporis
1346 1877 1475 1922 sunt
1514 1881 1768 1939 quaerunt
1793 1885 1850 1929 et
1875 1891 2010 1945 quo-

433 1937 727 1998 dammodo
769 1944 835 2000 ad
885 1949 1117 2016 apathiae
1181 1964 1396 2022 portum
1459 1937 1666 2016 intrare
1726 1937 2005 2032 festinant,

435 2041 544 2083 non
574 2045 638 2086 ea
662 2031 931 2092 habentes
958 2049 1078 2108 qua:
1118 2050 1331 2110 oportet
1357 2043 1578 2110 habere,
1610 2052 1782 2106 sancti
1818 2031 2006 2109 Patres

436 2123 674 2193 quodam
726 2128 925 2183 mentis
974 2147 1163 2187 errore
1213 2133 1466 2192 laborare
1520 2141 1892 2200 crediderunt.
1944 2146 2008 2200 lit

433 2215 570 2270 nihil
605 2217 865 2288 amplius.
895 2218 1041 2277 Fieri
1077 2223 1220 2278 enim
1252 2229 1462 2295 nequit,
1498 2240 1556 2286 ut
1586 2232 1678 2302 qui
1712 2236 1890 2291 nescit
1917 2236 2005 2292 lit-

431 2319 576 2362 teras
605 2308 661 2363 in
694 2309 879 2364 tabula
907 2311 1048 2382 legat

502 2395 557 2453 9.
599 2396 757 2462 Quod
780 2413 846 2453 ex
871 2404 1170 2460 certamine
1207 2407 1259 2463 in
1292 2410 1473 2466 anima
1505 2428 1535 2468 a
1578 2413 1760 2470 divino
1797 2415 2002 2486 Spiritu

433 2497 704 2555 movetur,
728 2493 1080 2562 tranquillam
1116 2497 1276 2554 ellicit
1313 2512 1545 2558 mentem
1596 2521 1717 2574 qua:
1753 2516 1948 2565 clamat
1987 2528 2002 2566 :

432 2578 607 2646 Abba,
638 2580 838 2651 Pater;
870 2585 965 2641 sed
996 2587 1124 2643 illud
1152 2600 1236 2645 est
1263 2592 1469 2661 absque
1500 2595 1672 2652 forma
1701 2609 1753 2653 ut
1791 2601 1959 2672 ﬁgura
1987 2619 2001 2671 ;

433 2685 535 2727 nos
574 2683 758 2731 autem
802 2675 972 2734 divini
1007 2679 1246 2752 Spiritus
1285 2684 1496 2757 fulgore
1532 2693 1908 2761 transformat,
1951 2707 2003 2750 et

431 2765 668 2837 refingit,
708 2782 768 2825 ut
819 2770 995 2839 decet,
1049 2775 1218 2832 divini
1261 2777 1496 2849 Spiritus
1536 2784 1762 2852 ardore,
1821 2791 1913 2843 sed
1950 2801 2002 2844 et

435 2857 711 2929 immutat,
743 2870 802 2916 et
829 2863 1010 2920 divina
1040 2877 1328 2940 potestate,
1349 2884 1408 2929 ut
1442 2875 1593 2932 solus
1630 2878 1745 2949 ipse
1778 2896 1876 2936 nos
1899 2897 1999 2952 p0-

434 2957 539 3005 test
567 2950 806 3020 ellicere,
830 2953 1078 3014 diversos
1117 2958 1268 3017 facit.

2102 1337 2240 1405 ἐχων
2297 1337 2463 1390 οἱονεὶ
2532 1339 2632 1402 τὰς
2681 1340 2782 1408 τῆς
2847 1339 3088 1403 διανοίας
3123 1341 3317 1410 αὐγὰς,
3373 1345 3688 1416 ἀρυομένας

2101 1429 2311 1484 ἐκεῖθεν
2338 1431 2406 1483 τὰ
2433 1430 2553 1484 θεῖα
2576 1432 2847 1502 νοήματα,
2884 1433 2977 1485 καὶ
3009 1433 3330 1486 ύποτάσσων
3354 1434 3450 1498 τὰς
3484 1435 3685 1506 amor}-

2103 1540 2217 1586 σεις
2245 1522 2464 1588 ἁπάσας
2493 1523 2585 1576 τοῦ
2615 1523 2888 1594 σώματος.

2169 1621 2240 1686 η’.
2276 1615 2501 1685 Μηδεὶς,
2557 1616 2772 1669 ἀκούων
2824 1617 2936 1671 τῶν
3000 1619 3282 1690 ἀμυήτων,
3325 1620 3357 1692 ἣ
3405 1621 3681 1693 δεομένων

2142 1708 2394 1776 ἀλακτος,
2427 1707 2632 1779 ἅψηται
2657 1709 2764 1763 τῶν
2793 1710 3053 1765 τοιούτων
3089 1713 3577 1784 ἀπηγορευμένων,
3620 1719 3680 1768 ἐν

2097 1799 2158 1851 οὐ
2185 1798 2380 1870 καιρῷ.
2431 1799 2570 1862 Τοὺς
2599 1800 2708 1871 γὰρ
2745 1801 3024 1867 τοιούτους
3059 1803 3107 1855 οἱ
3139 1803 3271 1856 θεῖοι
3296 1805 3536 1874 Πατέρες
3571 1807 3679 1876 πρὸ

2093 1890 2188 1942 τοῦ
2228 1889 2422 1959 καιροῦ
2453 1889 2520 1943 τὰ
2549 1891 2641 1944 τοῦ
2680 1891 2869 1960 καιροῦ
2925 1892 3289 1965 ζητήσαντας,
3356 1896 3450 1948 καὶ
3507 1897 3676 1948 οἱονεὶ

2094 1979 2231 2050 πρὸς
2298 1981 2389 2033 τὸν
2421 1981 2522 2050 τῆς
2548 1982 2819 2049 ἀπαθείας
2852 1984 3046 2055 λιμένα
3067 1985 3462 2049 σπουδάζοντας
3494 1989 3673 2041 εἰσελ-

2093 2071 2312 2138 οεἰν,ού
2349 2075 2486 2141 μετὰ
2543 2074 2638 2128 τοῦ
2693 2079 3083 2147 προσήκοντος,
3144 2077 3401 2132 ἔκστασιν
3457 2081 3669 2150 φρενῶν

2092 2163 2352 2233 ἐνόμισαν
2388 2165 2446 2218 τ’)
2470 2165 2714 2220 τοιοῦτον
2740 2183 2754 2197 ’
2815 2169 2910 2220 καὶ
2959 2169 3121 2222 πλέον
3166 2170 3341 2223 οὐδέν.
3379 2171 3668 2224 Ἀδύνατον

2091 2253 2198 2324 γὰρ
2227 2255 2317 2307 τὸν
2353 2253 2428 2325 μὴ
2458 2253 2637 2308 εἰδότα
2660 2253 2967 2326 γράμματα
2996 2255 3053 2308 ἐν
3083 2254 3252 2322 δέλτῳ
3281 2255 3540 2331 μελετᾷν.

2163 2420 2227 2474 θ’.
2260 2420 2334 2474 Τὸ
2369 2420 2588 2491 κινηθὲν
2644 2419 2704 2487 ἐξ
2739 2419 2950 2490 ἀγῶνος
3013 2421 3071 2473 ἐν
3119 2423 3185 2492 τῇ
3219 2420 3362 2492 ψυχῇ
3417 2420 3522 2474 ὑπὸ
3573 2420 3671 2476 τοῦ

2093 2511 2240 2566 θείου
2300 2512 2635 2581 [Ῑνεύματος,
2697 2513 2939 2584 γαληνὴν
2991 2513 3202 2567 ἐκτελεῖ
3249 2514 3348 2586 τὴν
3406 2515 3667 2586 καρδίαν,

2091 2604 2314 2676 κράζον,
2359 2604 2550 2669 Ἀϐϐᾶ,
2590 2605 2618 2656 6
2659 2605 2869 2677 Πατήρ·
2926 2605 3042 2660 ἀλλ’
3076 2607 3250 2659 ἐκεῖνο
3282 2606 3380 2674 μὲν
3407 2607 3665 2676 ἀσχημὰ-

2091 2706 2273 2749 τιστον
2305 2697 2334 2765 ἢ
2367 2699 2462 2750 καὶ
2492 2691 2763 2769 ἄμορφον
2815 2699 2962 2768 ἡμᾶς
2985 2699 3043 2752 δὲ
3095 2699 3566 2768 μετασχηματίξει
3594 2701 3664 2768 τῇ

2092 2788 2253 2858 ατγλῃ
2287 2786 2381 2840 τοῦ
2437 2787 2582 2840 θείου
2627 2788 2833 2858 φωτὸς,
2873 2790 2966 2842 καὶ
3017 2792 3345 2860 μορφοποιεί
3381 2790 3455 2852 ὠς
3491 2788 3663 2852 είκὸς,

2090 2877 2208 2947 ἅμα
2231 2880 2297 2948 τῇ
2329 2877 2572 2948 πυρώσει
2639 2878 2732 2932 τοῦ
2787 2878 2934 2932 θείου
3016 2880 3356 2949 Πνεύματος,
3403 2879 3535 2932 ἀλλά
3564 2881 3665 2931 καὶ

2087 2968 2309 3033 ἀλλοιοῖ,
2365 2968 2460 3022 καὶ
2509 2969 2858 3040 μεταμείϐει,
2881 2969 2956 3033 ὡς
2987 2973 3148 3041 μόνος
3203 2968 3342 3025 οἶδεν
3379 2971 3561 3036 αὐτὸς,
3589 2973 3664 3042 τῇ

2025 3031 2069 3092 C
2089 3059 2242 3131 θεῖκῇ
2262 3031 2499 3132 ἐξουσίᾳ.

508 3128 596 3186 10.
637 3130 790 3187 Mens
809 3146 911 3203 per
946 3134 1281 3204 vigilantiam
1315 3140 1621 3211 purilicata,
1655 3145 1816 3203 facile
1846 3159 1998 3205 tene-

2161 3128 2241 3206 ι’.--
2280 3151 2420 3214 Νοῦς
2454 3128 2762 3224 *καθαρθεὶς
2789 3151 2878 3206 διὰ
2921 3153 3019 3223 τῆς
3061 3152 3293 3223 νὴψεως,
3321 3153 3514 3225 ῥᾳδίως
3545 3171 3665 3207 σκο-

433 3222 550 3280 bris
580 3223 929 3292 obscuratur,
983 3228 1087 3284 nisi
1139 3231 1396 3288 continua
1443 3232 1573 3292 Jesu
1611 3242 1894 3308 memoria,
1931 3245 2001 3300 ab

2094 3245 2315 3314 τίςεται,
2345 3246 2394 3298 εί
2436 3244 2510 3316 μὴ
2557 3222 2628 3316 τῇή
2657 3248 2868 3316 συνεχεῖ
2927 3222 3118 3317 μνήμῃ
3156 3243 3251 3298 τοῦ
3295 3222 3492 3317 Ἰησοῦ,
3522 3246 3666 3298 ἀπο-

434 3319 677 3376 externis
703 3321 926 3376 omnino
959 3324 1203 3380 recedat.
1241 3326 1373 3394 Quae
1401 3339 1585 3387 autem
1619 3342 1798 3389 actum
1823 3336 1999 3392 sociat

2094 3339 2357 3411 σχολείται
2421 3338 2599 3410 πάντη
2625 3338 2734 3391 τῶν
2763 3339 2984 3406 ἔξωθεν.
3033 3340 3092 3390 '0
3120 3339 3175 3391 δὲ
3215 3340 3315 3408 τὴν
3341 3338 3662 3410 πρακτικὴν

434 3411 905 3482 contemplationi,
930 3413 985 3471 id
1015 3425 1118 3482 est,
1147 3419 1348 3477 utentis
1377 3425 1666 3493 custodite,
1701 3429 1995 3484 tumultum

2094 3429 2432 3501 συναρμόσας
2463 3433 2530 3502 τῇ
2559 3430 2786 3502 θεωρίᾳ,
2841 3431 3000 3484 οἱονεὶ
3033 3434 3100 3502 τῇ
3129 3429 3223 3485 τοῦ
3254 3432 3372 3496 νοδς
3400 3434 3660 3503 τηρήσει,

431 3518 540 3560 non
573 3503 792 3576 rejicit:
826 3507 1119 3564 tumultum
1154 3526 1350 3583 nempe
1383 3515 1676 3572 confusum
1716 3520 1798 3576 vel
1827 3523 1994 3578 etiam

2094 3523 2287 3593 ψόφους
2345 3523 2446 3577 οὐκ
2511 3523 2902 3578 ἀπαναίνεται·
2935 3523 3178 3589 κτύπους
3234 3525 3560 3594 ἀνάρθρους,
3620 3525 3656 3595 ἢ

426 3612 537 3654 non
584 3595 876 3654 confusum
922 3614 1034 3657 non
1066 3603 1310 3673 expellit.
1353 3606 1550 3661 Anima
1583 3609 1729 3666 enim
1759 3627 1882 3682 quae
1914 3617 1996 3671 di-

426 3691 552 3720 u}..-
583 3691 784 3720 ριςιτειι
818 3692 1016 3720 ..-ΛΑ-,ι
1057 3695 1337 3720 ....1....--.-
1380 3709 1454 3720 --.
1528 3716 1580 3720 ,μ
1744 3717 1753 3720 -

2094 3615 2179 3668 καὶ
2235 3613 2529 3684 ἐνάρθρους
2570 3614 2670 3669 οὐκ
2735 3614 3078 3668 ἀποσείεται.
3143 3615 3446 3720 Τρωθείσα
3477 3614 3587 3720 γὰρ
3616 3617 3654 3685 ἡ

423 3691 553 3747 vino
583 3691 788 3748 Christi
817 3692 1018 3750 ardore
1057 3695 1342 3753 vulnerata
1372 3709 1482 3766 est,
1519 3716 1644 3758 eum
1701 3717 1760 3761 ut
1789 3721 1994 3780 cogna-

2094 3704 2225 3776 ιιυχὴ
2239 3706 2318 3777 τῷ
2347 3705 2477 3775 θείῳ
2503 3705 2666 3775 ἔρωτι
2682 3705 2776 3760 τοῦ
2804 3705 3062 3777 Χριστοῦ,
3089 3705 3164 3769 ὡς
3192 3704 3454 3776 ἀδελφιδῷ
3481 3705 3656 3775 τούτῳ

395 3797 537 3842 .tutn
572 3785 841 3856 sequitur.

494 3880 552 3904 ΔΙ
621 3880 813 3904 Ινη---ἒιι
866 3881 1188 3904 --...:.I2.-A-_
1239 3886 1382 3904 -.-ημρ
1621 3898 1634 3904 -
1911 3899 1922 3904 -

2094 3813 2145 3865 γε
2175 3796 2588 3852 κατακολουθεῖ.
3393 3807 3396 3810 ’

494 3880 584 3934 ii.
621 3880 816 3936 Carnis
861 3881 1191 3953 cupiditates
1237 3886 1539 3957 reprimere
1578 3898 1640 3946 et
1683 3907 1872 3948 earum
1911 3899 1994 3953 in-

2153 3894 2241 3942 ια’.
2295 3888 2498 3959 Στῆσαι
2570 3888 2669 3958 μὲν
2705 3887 2774 3942 τὰ
2806 3888 2904 3958 τῆς
2963 3887 3169 3960 σαρκὸς
3223 3888 3368 3957 πάθη
3386 3927 3408 3995 ζ
3460 3886 3653 3995 καὶτὰ

423 3973 605 4030 sultus
635 3981 852 4042 Oportet
895 3988 992 4031 eos
1024 3977 1118 4047 qui
1170 3977 1226 4033 in
1276 3981 1481 4038 mundo
1514 3996 1804 4043 versantur
1830 4029 1846 4056 ,
1897 4001 1992 4048 aut

2094 3980 2431 4051 σκιρτήματα
2459 3979 2583 4043 τοὺς
2623 3981 2679 4032 ἐν
2713 3979 2904 4049 κόσμῳ
2934 3979 3309 4050 διατρίϐοντας
3329 3996 3342 4011 ’
3381 3979 3529 4049 ἢκαὶ
3552 3980 3654 4033 σὺν

417 4081 541 4122 cum
577 4064 788 4120 ratione
833 4065 1199 4137 requiescere,
1229 4068 1386 4138 juxta
1423 4072 1598 4129 illud:
1641 4094 1662 4129 ι
1703 4077 1905 4136 Vacate
1933 4093 1989 4138 et

2094 4069 2224 4142 λόγῳ
2263 4069 2562 4139 σχολάζειν,
2618 4069 2762 4123 κατὰ
2790 4071 2850 4122 τό
2871 4083 2884 4096 ·
2915 4088 2934 4120 t
2953 4070 3282 4140 Σχολάσατε,
3326 4073 3422 4123 καὶ
3449 4069 3649 4138 γνῶτε,

419 4156 593 4212 videte
621 4154 944 4212 rationabile
975 4172 1098 4214 esse
1129 4157 1182 4214 id
1208 4159 1354 4228 ﬁeri;
1378 4181 1398 4215 ι
1431 4163 1651 4222 abolere
1679 4177 1862 4226 autem
1895 4182 1990 4228 aut

2094 4161 2226 4226 είκδς
2283 4159 2420 4214 εἶναι
2471 4159 2740 4228 γενέσθαι.
2775 4179 2794 4212 t
2833 4160 3145 4230 Ἑξαλεῖψαι
3201 4161 3258 4224 δὲ
3308 4161 3340 4230 ἣ
3386 4161 3651 4229 ἀφανίσαι

418 4246 688 4318 dissipare
722 4245 1064 4329 impossibile
1086 4260 1188 4306 est.
1220 4249 1335 4308 Vita
1370 4263 1550 4312 autem
1586 4261 1867 4319 eremitica
1897 4279 1986 4321 so-

417 4343 489 4396 let
551 4341 876 4412 cupiditates
937 4344 1258 4414 exstirpare.

485 4432 573 4487 12.
617 4433 693 4488 Ex
732 4435 890 4503 aquis
942 4437 1266 4494 salientibus
1308 4440 1479 4497 altera
1521 4445 1741 4514 quidem
1773 4449 1985 4506 violen-

417 4524 607 4578 tiorent
641 4524 806 4580 habet
844 4536 1095 4594 motuin;
1141 4530 1312 4586 altera
1349 4547 1477 4588 vero
1523 4541 1880 4609 tranquillum
1930 4556 1985 4600 et

419 4616 728 4687 lentiorem.
769 4616 922 4672 l’rior
952 4628 1135 4675 autem
1169 4625 1378 4679 turbari
1406 4626 1521 4683 fere
1554 4633 1740 4701 nequit
1766 4637 1837 4689 ob
1866 4651 1984 4691 mo-

420 4711 506 4756 tus
541 4703 878 4770 rapiditatem
907 4721 922 4770 ;
950 4707 1095 4776 quod
1127 4708 1171 4762 si
1207 4715 1487 4778 paululum
1521 4721 1791 4785 turbetur,
1826 4721 1983 4780 facile

417 4806 635 4846 rursum
685 4794 1004 4861 tnuntlatur,
1035 4799 1239 4870 quippe
1275 4818 1395 4872 quae
1428 4811 1588 4862 talem
1633 4810 1831 4867 habeat
1867 4831 1981 4870 rno-

2079 4253 2359 4307 ἀδύνατον.
2399 4254 2458 4306 Ὀ
2483 4254 2542 4307 δὲ
2576 4253 2838 4324 ἐρημικδς
2885 4254 2999 4324 βίος
3025 4253 3208 4322 σαφῶς
3234 4252 3484 4324 ἐκριζοῦν
3509 4250 3650 4306 οἶδεν

2019 4377 2062 4431 D
2079 4343 2236 4396 αὐτά.

2147 4437 2233 4506 ιβ’.
2282 4435 2407 4489 Ἑπὶ
2444 4434 2538 4487 τοῦ
2573 4435 2870 4506 ἁλλομένου
2907 4434 3097 4499 ὕδατος
3139 4434 3200 4488 τὸ
3233 4436 3350 4504 μὲν.
3385 4435 3648 4501 ὀξυτέραν

2075 4530 2188 4600 ἔχει
2239 4527 2335 4597 τὴν
2385 4527 2613 4596 κίνησιν·
2642 4527 2704 4579 τὸ
2740 4526 2818 4591 δὲ,
2849 4527 3091 4596 γαληνὴν
3152 4527 3248 4578 καὶ
3288 4526 3647 4596 βραδυτέραν.

2077 4620 2151 4672 Τὸ
2181 4619 2276 4689 μέν
2305 4618 2394 4684 οὖν
2428 4618 2712 4688 πρότερον,
2747 4617 2866 4670 οὐδὲ
2911 4616 3212 4686 θολωθῆναι
3256 4618 3454 4687 ῥᾳδίως
3483 4617 3646 4670 δύνα-

2076 4727 2164 4766 ται
2189 4709 2278 4763 διὰ
2300 4709 2362 4762 τὸ
2381 4708 2479 4777 τῆς
2499 4708 2766 4778 κινήσεως
2790 4707 2974 4776 τάχος.
3000 4708 3062 4759 Εἰ
3082 4707 3139 4759 δὲ
3169 4709 3263 4760 καὶ
3288 4707 3424 4777 πρὸς
3450 4708 3647 4777 μικρὸν

2075 4821 2358 4892 θολωθείη,
2396 4816 2709 4892 ρᾷονάὖθις
2753 4819 3108 4889 καθαίρεταιο
3143 4818 3238 4871 ἅτε
3273 4816 3336 4886 δὴ
3388 4814 3652 4886 τοιαύτην

411 4891 547 4936 ιυιιι.
583 4883 878 4953 Postquam
925 4903 1054 4945 vero
1095 4902 1338 4952 mutatus
1370 4907 1455 4954 ρει
1501 4915 1658 4970 aqua:
1689 4919 1885 4962 CUI'SUS
1923 4918 1980 4964 et

411 4989 606 5010 nnrrnc
634 4975 856 5010 anAn-Inc
888 4988 968 5010 an
1023 4997 1126 5010 mh.
1160 4987 1319 5010 “una-
1348 4990 1597 5010 .--_t._-,,,
1740 4996 1752 5010 .
1820 5007 1828 5010 .
1869 5000 1887 5010 .

2094 4913 2199 4983 ἕχον
2237 4883 2353 4982 τὴν.
2395 4883 2633 4980 κίνησιν.
2673 4883 2937 4964 Ἐπειδὰν.
2952 4910 3012 4962 δὲ
3039 4910 3098 4962 τὸ
3125 4908 3303 4978 ῥεῦμα
3323 4883 3422 5010 τοῦ
3456 4883 3648 5010 ύδατος

407 4989 608 5043 parvus
634 4975 858 5033 effectus
888 4988 994 5044 est,
1023 4997 1127 5038 non
1159 4987 1322 5042 modo
1348 4990 1622 5059 turbatur,
1655 4996 1752 5050 sed
1781 5007 1835 5052 et
1865 5000 1978 5057 fere

2094 4975 2402 5068 ιλαττωθὲν,
2469 4975 2832 5072 σμικρότατον
2865 5003 3087 5070 γένηται
3107 4975 3239 5053 (οὐ.
3271 4998 3430 5069 μόνον
3463 4998 3652 5051 θολοῦ-

402 5067 663 5125 immotus
690 5079 916 5127 manet:
949 5073 1152 5147 indiget
1172 5078 1317 5133 enim
1365 5084 1598 5150 quadam
1641 5102 1782 5142 nova
1817 5108 1978 5148 utun-

2094 5115 2178 5156 .‘at,
2211 5096 2348 5149 ἀλλὰ
2409 5067 2619 5165 σχεδὸν-
2657 5096 2750 5148 καὶ
2815 5067 3068 5163 ἀκίνητον
3116 5067 3302 5162 μένειέ
3331 5091 3500 5144 δεῖται
3539 5091 3651 5162 γάρ

409 5156 650 5228 dationc,
684 5171 743 5216 ut
773 5162 844 5217 ita
883 5165 1082 5234 dicam,
1114 5178 1167 5223 et
1198 5186 1335 5227 novo
1362 5185 1534 5231 motu.

2094 5204 2215 5250 ςινος
2246 5187 2694 5257 ἀνακαθὰρσεως,
2718 5186 2793 5249 ὡς
2821 5187 3020 5248 εἰπεῖν,
3047 5186 3141 5238 καὶ
3179 5184 3466 5251 κινήσεως.

475 5251 565 5307 13.
607 5251 681 5307 lis
698 5255 791 5324 qui
821 5254 1205 5326 ingrediuntur
1227 5275 1278 5316 et
1305 5280 1484 5323 mores
1505 5269 1803 5330 informant
1821 5291 1973 5346 suos,

2147 5285 2236 5348 ιγ’.
2282 5280 2407 5341 Τοῖς
2470 5251 2565 5348 μὲν
2615 5251 3026 5344 εἰσαγωγικοῖς,
3085 5275 3182 5329 καὶ
3239 5275 3450 5343 ἠθικοῖς
3488 5316 3502 5336 ,
3552 5276 3648 5326 καὶ

398 5351 453 5398 et
484 5354 674 5416 agunt,
719 5362 814 5416 per
847 5351 1139 5407 tumultum
1187 5357 1480 5414 confusum
1517 5363 1598 5417 vel
1646 5367 1809 5422 etiam
1864 5387 1972 5427 non

2094 5375 2394 5444 πρακτικοῖς
2422 5374 2448 5424 6
2478 5372 2686 5441 δαίμων
2741 5371 2826 5424 διὰ
2874 5369 3062 5439 ψόφων
3108 5367 3418 5438 ἀνάρθρων,
3469 5367 3501 5436 ἢ
3553 5370 3648 5419 καὶ

399 5435 716 5504 confusum,
758 5439 970 5496 da-mon
1025 5443 1353 5516 ingreditur.
1399 5450 1471 5507 lis
1507 5468 1637 5511 vero
1685 5459 1780 5528 qui
1835 5475 1972 5516 con-

2104 5435 2356 5534 νάρορων
2407 5435 2809 5533 ἐπεισέρχεται.
2851 5435 2989 5523 Teir;
3017 5461 3072 5515 δὲ
3104 5435 3232 5532 περί
3259 5435 3356 5530 rip;
3389 5435 3647 5527 θεωρίαν,

399 5531 754 5601 templantur,
789 5535 1052 5605 quasdam
1091 5538 1410 5609 phantasias
1436 5545 1662 5616 objicit;
1707 5550 1782 5605 ita
1817 5563 1873 5607 ut
1906 5553 1973 5611 iis

399 5622 647 5656 ιῖ.1ηιιιη..
676 5641 856 5656 συηη...
920 5639 1172 5656 ι..........--.
1203 5633 1380 5656 t-.___-_
1450 5653 1490 5656 μ
1513 5639 1525 5656 ι
1925 5647 1935 5656 .

2094 5558 2370 5618 κιντασίας
2402 5556 2552 5617 τινὰς
2583 5556 2932 5609 είδωλοποιεῖ·
2964 5555 3038 5618 ὡς
3068 5556 3244 5608 δοκεῖν
3273 5552 3648 5622 χρωματίζειν

397 5622 647 5679 \ideatur
675 5641 881 5694 aerem,
919 5639 1175 5703 tanquam
1200 5633 1407 5703 lumen,
1443 5639 1626 5696 colore
1649 5656 1770 5699 esse
1801 5647 1969 5699 vesti-

2094 5648 2160 5700 εδν
2189 5648 2346 5717 ἀέρα,
2378 5649 2535 5719 δίκην
2591 5651 2789 5718 φωτός·
2823 5648 2952 5702 ποτὲ
2979 5647 3032 5700 δὲ
3075 5647 3171 5701 καὶ
3192 5645 3263 5708 ὡς
3294 5643 3404 5714 πῦρ
3435 5642 3648 5706 ταύτας

343 5738 356 5757 ι
393 5725 506 5770 tum
537 5733 549 5783 ;
585 5721 721 5776 alias
767 5733 823 5778 ut
862 5724 1066 5796 ignem,
1102 5743 1195 5785 eas
1225 5730 1457 5802 profert,
1493 5745 1551 5790 ut
1587 5752 1683 5808 per
1741 5750 1967 5796 contra~

2094 5740 2361 5812 προφέρει,
2391 5741 2476 5794 ἵνα
2501 5740 2591 5796 διὰ
2644 5744 2742 5812 τῆς
2777 5739 3025 5803 ἐναντίας
3062 5739 3260 5810 μοίρας
3281 5734 3647 5804 ἀποπλανήτῃ
