4032 6208
332 320 433 383 817

340 442 430 492 τὸν
457 437 551 492 τοῦ
585 437 825 509 Χριστοῦ
860 435 1126 508 ἀθλητήν.

416 634 494 689 ιδ’.
534 636 594 687 El
620 632 797 704 βούλει
836 633 1029 703 μαθεῖν
1061 633 1176 694 πῶς
1205 632 1287 685 δεῖ
1316 625 1741 701 προσεύχεσθαι,
1787 624 1915 676 σκό-

340 747 435 781 πει
462 730 523 780 τὸ
564 728 713 789 τέλος
760 726 861 796 τῆς
903 726 1200 795 προσοχῆς,
1247 721 1408 794 ἢκαὶ
1450 721 1549 789 τῆς
1580 716 1913 789 προσευχῆς,

340 822 433 873 ml.
485 821 559 889 μὴ
617 818 834 872 ἁπατῶ.
894 817 1114 886 Ταύτης
1169 815 1277 886 γὰρ
1316 813 1377 866 τὸ
1424 812 1593 874 τέλος.
1644 810 1918 878 ἀγαπητὲ,

339 910 637 975 κατάνυξίς
672 912 788 962 ὲστι
819 908 1097 978 διηνεκὴς,
1151 903 1413 975 συντριὸὴ
1445 901 1699 972 καρδίας,
1732 902 1919 971 ἀγάπη

343 1006 477 1075 πρὸς
532 1003 626 1057 τὸν
698 1001 928 1072 πλησίον
968 1016 984 1032 ⁸
1054 999 1117 1052 τὸ
1181 998 1237 1051 δὲ
1298 995 1540 1050 ὲναντίον
1612 993 1876 1063 πρόδηλον
1906 1032 1922 1057 ,

342 1096 642 1165 ἐπιθυμίας
705 1092 991 1163 λογισμὸς,
1027 1089 1358 1153 καταλαλιάς
1385 1086 1739 1158 ψιθυρισμὸς,
1768 1087 1923 1155 μῖσος

342 1190 477 1259 πρὸς
517 1191 607 1241 τὸν
631 1186 882 1257 πλησίον,
910 1186 1005 1240 καὶ
1033 1186 1132 1239 ὅσα
1158 1182 1369 1245 τούτοις
1404 1180 1699 1253 παρόμοια.

1051 321 1262 385 CALL.
1292 319 1699 384 TELICUD/F.
1729 318 1833 377 DE
1870 314 2160 389 QUIETA
2194 311 2845 378 CONVERSA'I'IONE.

1930 434 1977 490 Α
2009 433 2144 485 riam
2179 440 2380 484 sortem
2417 446 2536 483 eum
2569 427 2776 483 Christi
2810 422 3075 477 athletam
3117 419 3169 474 in
3212 431 3455 474 errorem
3514 416 3594 468 in-

2017 524 2204 579 ducat.
3502 514 3507 522 ’

3494 305 3594 364 813

2094 617 2179 672 M.
2249 615 2303 670 Si
2362 615 2445 669 vis
2501 613 2712 667 discere
2761 610 3036 682 quomodo
3092 622 3252 663 orare
3322 614 3593 675 oporteat,

2024 712 2240 763 intuere
2281 706 2602 761 attentionis
2648 704 2812 758 finem
2868 712 2964 757 aut
3015 700 3181 756 etiam
3223 699 3509 760 orationis,
3546 707 3599 751 et

2022 801 2131 854 noli
2188 812 2393 854 errare.
2448 796 2624 865 llujus
2675 795 2820 849 enim
2891 794 3037 860 finis,
3089 791 3464 853 dilectissime,
3514 798 3599 843 est

2023 892 2347 949 indesinens
2373 890 2748 960 compunctio,
2779 888 2961 943 cordis
3007 885 3291 949 contritio,
3325 885 3377 937 in
3414 883 3596 952 proxi-

2023 1004 2172 1042 mum
2209 986 2475 1041 charitas.
2507 983 2858 1039 Contrarium
2887 990 3070 1035 antem
3106 976 3454 1033 manifestum
3487 983 3595 1039 est,

2024 1080 2341 1150 cupiditatis
2393 1075 2675 1148 cogitatio,
2734 1074 3023 1129 calumnia:
3074 1087 3359 1137 murmur,
3411 1071 3596 1127 odium

2023 1172 2079 1230 in
2113 1172 2446 1243 proximum,
2490 1178 2543 1223 ct
2573 1168 2675 1222 alia
2711 1167 3042 1223 istiusmodi.

892 1550 1242 1685 ΤΟΥ
1318 1550 1952 1684 ΚΥΡΙοΥ
2047 1532 3036 1679 ΚΑΛΛΙΣΤΟΥ

1657 1787 1795 1843 'ror
1858 1787 2267 1865 TuAtKorau

1149 1956 1409 2041 ΠΕΡΙ
1484 1952 2271 2041 ΗΣΥΧΑΣΤΙΚΗΣ
2345 1952 2763 2038 ΤΡΙΒΗΣ.

1284 2309 1773 2439 DOMIN
1791 2312 1837 2434 Ι
1899 2308 2626 2438 GALLISTI

1740 2553 2199 2618 TELICOUDAE.

1046 2726 1190 2816 DE
1249 2726 1698 2834 QUIETA
1773 2720 2778 2819 CONVEBSATIONE
2848 2707 2913 2808 ⁸.

425 3085 538 3137 Οὐκ
583 3084 698 3136 ἔστι
761 3079 1116 3148 μετανοῆσαι,
1153 3077 1322 3148 χωρὶς
1354 3077 1585 3147 ἡσυχίας
1616 3093 1632 3109 ο
1669 3075 1789 3130 οὐδὲ
1819 3073 1957 3133 ἔστι,

2098 3070 2216 3128 Non
2271 3072 2397 3129 licet
2442 3073 2711 3144 ptenitere
2743 3073 2954 3144 absque
3003 3074 3438 3146 tranquillitate;
3486 3093 3597 3133 non

356 3176 447 3227 ml
497 3172 747 3227 ὁπωσοῦν
801 3171 1175 3239 καθαρότητος
1228 3167 1492 3237 ἅψασθαι,
1525 3168 1932 3238 ἀναχωρήσεως

356 3266 481 3318 ἄνευ
502 3281 515 3295 ·
550 3263 671 3316 οὐδὲ
727 3261 864 3331 μετὰ
896 3260 996 3326 τῆς
1028 3257 1246 3327 ὁμιλίας
1288 3255 1384 3308 καὶ
1432 3256 1674 3325 ὁράσεως
1711 3254 1818 3306 τῶν
1839 3254 1935 3307 άν-

356 3356 613 3423 θρὼπων,
676 3351 900 3404 δυνατὸν
933 3350 1034 3418 τῆς
1071 3347 1287 3418 ὁμιλίας
1325 3347 1418 3400 καὶ
1448 3345 1681 3416 θεωρίας
1703 3344 1936 3415 ἀξιωθῆ-

354 3462 439 3496 ναι
476 3442 570 3496 τοῦ
624 3441 785 3496 Θεοῦ.
819 3441 918 3494 Διὸ.
966 3438 1127 3493 τοῦτο
1156 3432 1236 3501 οἷς
1269 3437 1487 3505 ἐγένετο
1508 3436 1595 3490 διά
1630 3435 1931 3507 φροντίδος,

360 3534 883 3606 μεταγνῶναιὲνεκα
918 3532 1027 3585 τῶν
1060 3528 1273 3584 ἑαυτῶν
1296 3528 1674 3597 ἐσφαλμένων,
1709 3527 1802 3580 καὶ
1827 3526 1935 3579 τῶν

360 3627 547 3680 παθῶν
603 3625 984 3696 καθαρθῆναι,
1042 3624 1138 3676 καὶ
1182 3622 1367 3692 τυχεῖν
1397 3660 1413 3685 ,
1478 3622 1573 3673 καὶ
1627 3617 1933 3671 ἀπολαῦσαι

357 3718 593 3787 ὁμιλίας,
639 3717 733 3770 καὶ
769 3698 1009 3787 θεωρίας
1040 3714 1199 3779 Θεοῦ,
1227 3713 1253 3766 ὃ
1276 3713 1450 3782 πέρας
1482 3712 1577 3764 καὶ
1607 3711 1807 3773 σκοπὸς
1827 3709 1935 3762 τῶν

361 3807 501 3860 κατά
547 3807 681 3859 Θεὸν
729 3803 1190 3874 πολιτευομένων,
1232 3804 1327 3856 καὶ
1352 3802 1631 3874 ἀρραϐὼν,
1669 3802 1737 3853 ἵν’
1766 3800 1931 3864 εῐπω,

359 3899 456 3966 τῆς
488 3896 705 3951 ἀίωνίου
746 3897 1116 3968 κληρονομίας
1148 3896 1239 3948 καὶ
1271 3893 1364 3946 τοῦ
1403 3893 1563 3959 Θεοῦ,
1585 3894 1684 3964 ὅσῃ
1717 3894 1933 3964 μηχανῇ

363 3988 591 4057 ἡσυχίαν
654 3987 1075 4057 μεταδιώκουσι·
1137 3987 1233 4039 καὶ
1262 3987 1567 4055 ἀναχωρεῖν
1590 3987 1684 4038 καὶ
1711 3985 1937 4052 φεύγειν

359 4080 487 4143 τοὺς
535 4078 849 4150 ἀνθρώπους
907 4077 1182 4149 προύργου
1237 4077 1534 4140 ποιοῦνται,
1610 4075 1750 4146 μετά
1802 4075 1937 4129 καθ-

361 4173 586 4241 ήκοντος
614 4172 707 4224 τοῦ
740 4173 837 4241 τῆς
862 4170 1037 4240 ψυχῆς
1063 4170 1410 4236 διακειμένου
1440 4169 1658 4234 παντὸς,
1687 4167 1938 4222 ἐντεῦθεν

356 4266 493 4334 δῆτα
529 4262 739 4325 τούτοις
787 4262 954 4333 ἀρχὴ,
988 4262 1047 4315 ὲν
1086 4260 1289 4332 ἡσυχίᾳ
1344 4262 1404 4312 τὸ
1441 4244 1669 4323 πένθος’
1702 4261 1735 4330 ἡ
1772 4260 1935 4312 αύτο-

360 4358 594 4429 μεμψία,
618 4358 652 4426 ὴ
683 4354 893 4410 ἑαυτῶν
944 4352 1310 4421 κατάγνωσις,
1369 4352 1438 4407 δι’
1465 4352 1501 4407 ἃ
1528 4352 1613 4405 ἵνα
1683 4350 1938 4425 καθαρώ-

356 4470 511 4521 τερον
564 4442 815 4521 γένηται·
851 4447 1173 4518 ἀγρυπνίαι,
1202 4446 1297 4500 καὶ
1350 4446 1589 4509 στάσεις,
1620 4443 1712 4499 καὶ
1736 4444 1936 4515 ἐγκρά-

355 4561 494 4605 τεια,
527 4542 621 4595 καὶ
642 4542 812 4605 κόπος
843 4538 1174 4609 σωματικὸς,
1208 4532 1283 4592 ὧν
1304 4537 1364 4591 τὸ
1400 4537 1573 4609 πέρας
1607 4536 1931 4607 συλλήϐδην,

354 4641 387 4704 ή
419 4636 527 4688 τῶν
586 4633 840 4703 δακρύων
893 4632 1015 4703 ροὴ,
1083 4629 1350 4701 προϊοῦσα
1385 4630 1444 4695 ἐξ
1478 4628 1771 4697 ὀφθαλμῶν
1801 4644 1934 4698 φρο-

356 4727 591 4779 νούντων
632 4726 886 4789 ταπεινά,
918 4723 978 4776 ὲν
1014 4719 1307 4785 κατανύξει
1339 4720 1497 4791 δήπω
1530 4720 1777 4791 καρδίας.
1826 4719 1935 4772 Καὶ

356 4820 492 4888 πρὸς
538 4817 805 4888 κάθαρσιν
867 4814 1011 4868 οὕτω
1060 4812 1422 4883 προσέχουσιν
1458 4853 1472 4877 ,
1530 4812 1675 4865 οὕτω
1732 4810 1936 4881 ταύτης

354 4907 816 4975 ἐπιτυγχάνουσιν
878 4902 971 4958 διὰ
1040 4900 1313 4974 πράξεως.
1388 4901 1479 4954 Ἐν
1518 4900 1730 4963 τούτοις
1781 4898 1936 4964 αὖθις

356 4999 528 5069 πέρας
563 4997 812 5068 ἠείρήνη
868 4994 978 5049 τῶν
1036 4991 1332 5062 λογισμῶν,
1381 4990 1661 5064 ὥσπερέν
1705 4989 1934 5054 ἐκείνοις

355 5094 388 5161 ἠ
436 5091 544 5143 τῶν
609 5088 882 5159 δακρύων,
909 5086 985 5151 ὡς
1030 5084 1262 5155 ἔφημεν,
1320 5084 1573 5157 ἐπιρροῇ.
1624 5080 1935 5137 Κάντεῦθεν

353 5184 583 5251 ἄρχεται
610 5179 807 5245 ὁνοῦς,
869 5178 1153 5248 πεφυκότα
1200 5176 1421 5247 τρόπον,
1454 5176 1551 5239 τὰς
1595 5176 1785 5245 φύσεις
1826 5175 1934 5228 τῶν

352 5273 525 5324 όντων
563 5272 916 5336 ἀνασκοπεῖν,
947 5270 1042 5323 καὶ
1072 5268 1172 5339 τὴν
1196 5267 1392 5337 τέχνην
1431 5266 1933 5337 καταστοχάζεσθαι

354 5360 450 5415 τοῦ
488 5360 646 5427 Θεοῦ,
681 5361 776 5413 καὶ
802 5358 956 5413 θείαν
983 5358 1192 5411 ἔννοιαν
1239 5357 1658 5427 συλλαμϐάνειν,
1701 5356 1797 5410 καὶ
1833 5357 1933 5427 τῆς

355 5454 660 5525 δυνάμεως,
704 5451 801 5506 καὶ
844 5450 1060 5519 σοφίας,
1093 5449 1186 5503 καὶ
1210 5448 1387 5517 δόξης,
1417 5448 1513 5501 καὶ
1571 5448 1931 5518 ἀγαθὸτητος,

358 5546 451 5600 καὶ
473 5546 581 5599 τῶν
634 5542 810 5599 ἄλλων
830 5543 929 5598 ὅσα
980 5542 1110 5613 περὶ
1138 5540 1271 5594 Θεὸν
1294 5539 1639 5611 θεωρεῖσθαι,
1666 5540 1825 5612 ἔργον
1851 5540 1936 5609 γί-

2025 3166 2150 3220 licet
2212 3168 2505 3235 puritatem
2563 3166 2779 3236 assequi
2840 3166 2960 3225 sine
3033 3169 3357 3234 solitudine;
3423 3184 3600 3238 neque

2024 3272 2148 3312 cum
2180 3256 2622 3327 frequentatione
2671 3272 2737 3313 ac
2784 3258 2904 3313 visu
2961 3259 3240 3315 hominum
3298 3276 3592 3330 possumus

2025 3349 2172 3419 digni
2226 3349 2416 3404 haberi
2471 3349 2565 3419 qui
2608 3364 2733 3405 cum
2786 3350 2896 3405 Deo
2929 3366 3318 3407 conversemur
3363 3367 3601 3422 eumque

2027 3440 2482 3510 contemplemur.
2522 3440 2652 3496 Ideo
2683 3440 2776 3510 qui
2814 3442 3079 3509 paenitere
3107 3452 3301 3496 curant
3330 3444 3395 3496 de
3424 3444 3602 3513 culpis

2025 3548 2164 3603 quas
2192 3532 2485 3597 admisere,
2516 3540 2572 3586 et
2604 3547 2635 3585 a
2666 3531 3061 3601 cupidiwibus
3108 3532 3384 3599 mundari,
3410 3544 3463 3588 et
3511 3550 3604 3588 as-
3686 3532 3689 3535 ’

2028 3625 2185 3694 sequi
2232 3632 2286 3679 et
2327 3633 2552 3693 gustare
2603 3622 2699 3677 Dei
2748 3623 3219 3677 conversationem
3268 3625 3603 3693 contempla-

2026 3718 2336 3787 tionemque
2398 3716 2513 3787 (qui
2564 3714 2830 3769 terminus
2879 3722 3187 3769 esteorum
3252 3715 3343 3782 qui
3407 3729 3601 3768 secun-

2027 3812 2155 3867 dum
2190 3810 2360 3865 Deum
2392 3810 2603 3874 vivunt,
2627 3818 2681 3863 et
2708 3808 2928 3880 pignus,
2961 3817 3019 3862 ut
3050 3806 3122 3861 ita
3148 3807 3349 3872 dicam,
3382 3816 3613 3862 αξιοι-πω

2028 3903 2121 3959 Dei
2155 3901 2530 3971 hereditatis),
2551 3900 2681 3955 totis
2715 3900 2923 3955 viribus
2948 3897 3395 3969 tranquillitatem
3424 3912 3604 3965 perse-

2028 4002 2306 4065 quuntur;
2354 4002 2410 4048 et
2470 3992 2723 4047 recedere
2777 4006 2843 4045 ac
2902 3989 3091 4061 fugere
3138 3989 3390 4044 homines
3446 3988 3601 4041 multi

2030 4087 2259 4151 faciunt,
2292 4087 2549 4142 omnibus
2575 4100 2696 4155 qua:
2731 4084 2785 4138 in
2825 4084 3004 4138 anitna
3037 4092 3165 4137 sunt
3198 4091 3341 4135 recte
3370 4080 3603 4149 disposi-

2028 4183 2138 4249 tis;
2174 4180 2300 4235 inde
2335 4195 2469 4235 sane
2513 4180 2581 4233 iis
2607 4177 2934 4247 principium
2971 4185 3076 4241 est,
3107 4176 3158 4229 in
3199 4174 3605 4242 tranquillitate

2028 4273 2209 4337 dolor,
2239 4270 2520 4341 proprium
2549 4267 2631 4323 sui
2668 4266 2997 4336 vituperinm
3025 4275 3080 4319 et
3112 4263 3415 4325 aecusatio,
3444 4262 3516 4316 ita
3550 4272 3605 4315 ut

2032 4360 2205 4430 magis
2236 4358 2604 4419 mundeutur;
2639 4353 2857 4424 vigilite,
2882 4351 3149 4406 stabilitas
3172 4389 3187 4414 ,
3221 4349 3602 4417 temperantia,

2030 4462 2084 4509 et
2114 4450 2419 4519 corporalis
2449 4450 2621 4509 labor,
2648 4460 2880 4515 quorum
2911 4443 3033 4497 finis
3068 4441 3297 4497 omnino
3324 4450 3405 4495 est
3430 4441 3603 4509 lacryo

2032 4557 2248 4598 marum
2275 4539 2471 4595 effusio
2503 4553 2566 4593 ex
2600 4536 2778 4592 oculis
2812 4532 3032 4587 humilia
3065 4532 3427 4587 sentientibus
3458 4531 3606 4585 deci-

2030 4635 2187 4698 dens,
2222 4646 2419 4701 nempe
2457 4630 2512 4684 in
2552 4627 2738 4683 cordis
2770 4626 3218 4694 compunctione.
3262 4625 3329 4678 Et
3364 4624 3445 4678 sic
3491 4638 3603 4677 sua:

2030 4726 2361 4785 incumbunt
2407 4719 2772 4785 mundationi,
2802 4732 3034 4787 eamque
3084 4731 3180 4785 per
3212 4725 3367 4769 actus
3413 4726 3603 4765 consc-

2031 4827 2297 4890 quuntur.
2340 4818 2398 4869 lu
2433 4815 2502 4869 iis
2535 4813 2702 4884 igitur
2734 4810 3000 4866 terminus
3044 4807 3443 4879 cogitationum
3476 4820 3623 4879 pax,

2032 4921 2092 4967 ut
2135 4920 2190 4965 et
2236 4910 2289 4963 in
2325 4908 2450 4973 illis,
2483 4915 2541 4959 ut
2591 4906 2855 4969 diximus,
2889 4902 3252 4973 lacrymarum
3284 4896 3498 4952 eﬂusio.
3541 4894 3606 4949 Et

2036 5004 2164 5059 inde
2213 5017 2366 5056 mens
2402 4999 2592 5069 incipit
2642 4996 2806 5053 modo
2848 4994 3108 5060 naturali,
3160 5000 3387 5046 naturas
3420 5003 3603 5043 rerum

2035 5095 2371 5157 examinare,
2404 5100 2458 5145 et
2499 5089 2592 5145 Dei
2634 5096 2807 5144 artem
2848 5086 3219 5148 considerare,
3254 5082 3607 5149 divinumque

2036 5190 2420 5260 cogitationem
2452 5184 2745 5254 concipere
2789 5192 2842 5236 ct
2878 5179 3129 5251 potentia:
3159 5186 3213 5231 et
3239 5173 3525 5245 sapientia:
3552 5179 3605 5223 et

2037 5281 2220 5351 gloria:
2251 5290 2306 5334 et
2337 5276 2598 5332 bonitatis
2631 5284 2687 5329 et
2716 5273 2949 5329 aliorum
2986 5284 3109 5340 quae
3138 5267 3205 5322 de
3238 5266 3349 5320 Deo
3376 5267 3606 5333 possunt

2037 5372 2239 5443 inquiri
2268 5390 2282 5437 ;
2322 5380 2376 5425 et
2408 5370 2459 5423 in
2491 5366 2791 5437 Scriptura:
2825 5360 3078 5433 mysteria
3115 5360 3305 5423 intrat,
3335 5366 3388 5410 et
3419 5366 3607 5422 super-

2036 5463 2309 5519 naturalia
2363 5466 2550 5532 gustat
2602 5460 2784 5522 bona,
2844 5465 2900 5510 ct
2964 5448 3342 5523 supercmlesti
3405 5444 3606 5499 fruitur

2012 5553 2544 5627 -pulcbritudinc,ct
2590 5549 2785 5604 divina:
2820 5546 3101 5602 charitatis
3140 5541 3406 5596 formatur
3444 5550 3606 5603 capa~

429 5718 500 5780 l")
532 5718 644 5768 “me
670 5717 719 5767 in
743 5715 1022 5780 Philocatiq
1061 5716 1459 5780 [ιι-εδιτοᾶεηιλὺυε
1508 5721 1742 5770 continue
1767 5718 2113 5775 adnectuntur,
2147 5713 2444 5775 interposito
2479 5712 2665 5759 tantum
2697 5702 2845 5755 titulo
2867 5713 3016 5764 quem
3050 5692 3426 5758 exscripsimus,
3450 5691 3609 5742 nulla-

361 5778 462 5844 que
486 5778 736 5843 praemissa
771 5778 1084 5843 biographica
1116 5779 1305 5830 uotiua.
1334 5778 1466 5831 Eutr.
1512 5780 1517 5787 ’
