4032 6208
3536 160 3647 222 $3?

414 180 512 245 321
1448 174 1542 233 ne
1585 170 1869 244 QUlETA
1912 168 2579 233 coxvsasarroxs.

417 311 572 362 ματι.
609 289 691 344 Τὰ
725 287 952 343 τοιαῦτα
1001 288 1057 354 δὲ
1117 288 1212 342 νῦν
1256 288 1400 344 οὕτω
1461 292 1761 362 μετέρχουο
1816 291 2020 346 κλῖνονὶ

2118 294 2384 345 rationem
2433 305 2661 358 oceupa.
2703 288 2934 343 Mannaii
2982 287 3143 341 etiam
3174 299 3335 354 opere
3366 281 3644 348 paululum

413 386 474 438 τὸ
517 384 668 452 γόνυ,
721 382 915 444 ὁσάκις
974 381 1041 435 ἂν
1102 379 1314 448 δύναιο,
1369 383 1463 435 καὶ
1518 382 1661 436 οὕτω
1714 383 1996 446 καθεσθεὶς

2121 396 2256 450 tere,
2297 393 2558 453 tanquam
2594 379 3122 453 acediazpbstaculo,
3157 388 3214 431 ut
3249 392 3277 430 a
3321 373 3530 429 sanctis
3554 372 3647 424 ι’...

414 476 745 549 προσεύχου.
779 472 1106 546 Ἀκηδιάσας
1160 472 1270 527 ἀπὸ
1307 472 1401 526 τοῦ
1434 474 1853 544 προσεύχεσθαι,
1876 474 1997 528 ἐλθὲ

2113 480 2257 532 ribus
2310 477 2555 541 audiisti,
2619 484 2831 530 sancte.
2900 470 2958 525 ln
3004 471 3151 525 omni
3205 478 3298 521 tua
3352 466 3651 521 secundum

412 574 493 635 εἰς
524 573 855 639 ἀνάγνωσιν,
910 567 1095 632 καθὼς
1148 567 1402 640 είρηται’
1445 570 1540 621 καὶ
1564 569 1728 623 πάλιν
1752 569 1996 640 ἐπάνηκε

2113 577 2253 624 leum
2282 569 2602 638 operatione
2632 568 2700 622 ab
2736 580 2935 620 aurora
2980 563 3046 619 ad
3083 575 3337 616 auroram
3389 557 3656 625 praecedat

414 666 496 728 εἰς
533 665 597 719 τὸ
624 663 1050 735 προσεύχεσθαι,
1111 664 1205 716 καὶ
1240 661 1396 725 αὖθις
1428 662 1733 732 ἆκηδιάσας
1767 663 1875 717 ἀπὸ
1900 665 1995 717 τοῦ

2113 662 2280 715 ratio.
2316 662 2542 728 Propter
2566 659 2809 712 acediam
2837 656 2889 709 in
2915 654 3143 714 orando.
3176 659 3373 706 caetera
3403 649 3505 701 alia
3538 662 3659 714 qua:

413 759 842 831 προσεύχεσθαι,
872 758 1011 828 πρὸς
1038 756 1364 828 ψαλμῳδίαν
1392 756 1703 829 διεγέρθητι
1733 760 1992 830 μερικὴν.

2113 755 2227 808 Licta
2280 758 2427 816 sunt,
2486 751 2827 804 inseruntur.
2887 745 3184 813 Postquam
3226 742 3393 811 igitur
3444 736 3662 792 miseri-

413 856 526 917 Καὶ
572 852 749 915 οὓτως
811 847 1037 911 ἐσαῦθις
1068 845 1329 901 ἐπάνελθε
1366 848 1445 911 εἰς
1481 846 1544 900 τὸ
1567 848 2017 919 προσεύχεσθαιν

2113 845 2271 901 :ordia
2306 844 2372 902 ad
2402 843 2640 897 animam
2678 836 2991 901 accesserit,
3014 847 3067 889 ct
3096 850 3159 888 ex
3188 834 3373 898 corde,
3401 840 3659 899 tanquam

414 949 509 1003 xci.
545 946 626 999 ἐτι
657 941 983 1012 ἀκηδιάσας,
1011 941 1069 992 ἐν
1109 942 1176 1010 τῇ
1210 937 1585 1008 προειρημένῃ
1610 937 1807 1012 μελέτῃ
1832 937 1992 1008 γενοῦ

2113 956 2154 993 εχ
2205 938 2371 1002 fonte,
2424 934 2724 990 orationem
2789 928 2978 985 fundet
3008 925 3178 998 gratia
3247 924 3477 994 Spiritu,
3534 929 3665 975 tune

418 1040 770 1112 συμμέτρως,
807 1034 904 1090 καὶ
939 1033 1084 1086 οὕτω
1121 1031 1284 1085 πάλιν
1336 1031 1460 1101 ἔχου
1513 1032 1615 1101 τῆς
1660 1011 1990 1103 προσευχῆς,

2113 1033 2279 1086 amicae
2311 1028 2546 1084 orationi
2583 1038 2635 1082 et
2670 1020 3119 1093 contemplationi
3167 1033 3321 1072 mens
3364 1011 3663 1073 incumbet,

416 1109 546 1187 κάκ’
586 1128 889 1201 ὲργιηιείρφ
926 1126 984 1178 δὲ
1038 1123 1233 1194 βραχεῖ
1264 1124 1403 1193 χρῶ,
1428 1122 1527 1191 τῆς
1556 1122 1787 1191 ἀκτιδίας
1818 1126 1997 1195 ἐμπο-

2113 1125 2331 1194 ιεῐρεεηι
2370 1124 2437 1175 ab
2473 1119 2732 1175 omnibus
2763 1130 3073 1175 removens.
3106 1120 3162 1168 et
3193 1111 3307 1167 sola
3338 1109 3586 1163 oratione
3615 1112 3669 1157 et

417 1225 535 1295 δίῳ,
566 1200 638 1285 ὡς
674 1219 829 1292 παρὰ
843 1218 953 1272 τῶν
988 1216 1250 1286 Πατὲρων
1277 1217 1547 1285 ἀκήκοας,
1570 1214 1715 1282 ἅγιε.
1734 1217 1824 1269 Ἑν
1842 1218 1995 1289 πάσῃ

2113 1216 2553 1285 :outemplatione
2580 1211 2843 1281 gaudens,
2870 1210 2922 1261 in
2953 1205 3151 1259 divinae
3180 1200 3462 1258 cbaritatis
3510 1212 3673 1267 para.

421 1333 515 1370 σου
567 1315 659 1368 ἀεὶ
683 1315 749 1383 τῇ
777 1309 920 1363 κατὰ
940 1308 1074 1361 Θεὸν
1104 1306 1364 1377 ἐργασίᾳ,
1391 1304 1653 1377 ἀποπρωῖ
1678 1307 1782 1371 ἕως
1817 1309 1987 1377 πρωῒ,
2097 1311 2295 1364 disum.

424 1405 772 1475 προηγείσθω
811 1403 872 1455 τὸ
906 1398 1333 1472 προσεύχεσθαι.
1370 1398 1469 1450 Διὰ
1512 1399 1620 1465 γάρ
1649 1398 1746 1466 τὴν
1782 1396 1918 1464 πρὸς
1952 1396 2269 1465 προσευχὴν
2313 1395 2565 1463 ἀκηδίαν,
2610 1393 2678 1445 τὰ
2727 1394 2890 1462 ἕτερα
2927 1392 3086 1455 ἄλλα,
3122 1390 3157 1443 ἃ
3190 1390 3407 1459 εἰρηται
3471 1401 3673 1457 μετερ-

419 1503 658 1573 χόμινα’
718 1494 1131 1559 ἐπεὶνδπηνίκα
1176 1492 1237 1543 τὸ
1274 1490 1425 1553 ἕλεος
1470 1491 1535 1557 τῇ
1586 1490 1732 1558 ψυχῇ
1793 1487 2195 1558 παραγένηται,
2247 1488 2340 1539 καὶ
2393 1486 2576 1556 βλύσει
2632 1486 2738 1536 ἀπὸ
2792 1484 3021 1551 καρδίας
3075 1483 3263 1552 ῶσπερ
3316 1482 3423 1535 ἀπὸ
3488 1486 3675 1553 πηγῆς

422 1612 568 1657 τινος
610 1596 710 1663 τὴν
739 1589 1051 1660 προσευχὴν
1081 1592 1113 1658 ἡ
1153 1588 1316 1660 χάρις
1364 1586 1458 1639 τοῦ
1498 1586 1837 1653 Πνεύματος,
1884 1586 1942 1636 τὸ
1989 1584 2240 1652 τηνικάδε
2299 1584 2435 1652 μόλῃ
2474 1587 2538 1650 τῇ
2592 1584 2896 1651 προσευχῇ,
2945 1581 3037 1632 καὶ
3077 1582 3144 1648 τῇ
3182 1580 3386 1648 θεωρία
3424 1595 3675 1648 προσασο

431 1688 677 1759 χολείτιι
707 1685 735 1737 ὁ
770 1683 919 1747 νοῦς,
954 1682 1213 1736 ἁπάντων
1249 1680 1487 1749 ἀφιστὰς
1522 1677 1743 1738 ἑαυτὸν,
1775 1677 1865 1728 καί
1900 1676 2035 1744 μόνῃ
2071 1678 2137 1743 τῇ
2164 1678 2443 1743 προσευχῂ
2477 1678 2568 1724 και
2604 1677 2667 1738 τῇ
2704 1672 2907 1741 θέωριᾳ
2935 1672 3134 1739 τρυφᾷ,
3167 1673 3245 1731 εἰς
3280 1670 3369 1722 τὸν
3397 1670 3494 1737 τῆς
3523 1668 3676 1731 θ.ίας

424 1784 647 1855 ἀγάπης
675 1783 1033 1853 παράδεισον.

500 1890 727 1943 Πάντων
748 1886 854 1939 τῶν
885 1885 1107 1954 ἀγαθῶν
1130 1884 1308 1957 ἔργων
1336 1884 1450 1954 ἔχει
1470 1883 1527 1937 τὸ
1548 1884 1746 1954 κράτος
1788 1887 1817 1952 ἡ
1848 1899 2017 1953 πρισ-

428 1981 600 2048 ευχή·
630 1982 729 2048 τῆς
770 1978 1062 2049 μετανοίας
1110 1978 1172 2031 τὸ
1218 1978 1453 2047 δάκρυον
1499 1975 1637 2046 αῦτη
1700 1979 1902 2048 γεννᾷ·
1937 1978 2018 2039 εἰς

428 2076 528 2142 τὴν
557 2074 782 2143 εἰρήνην
819 2072 931 2126 τῶν
966 2072 1244 2142 λογισμῶν
1278 2072 1465 2141 ἄκρως
1496 2071 1889 2140 συμϐάλλεται,
1931 2071 2020 2136 μύ-

430 2183 521 2217 νον
556 2166 691 2218 Θεὸν
717 2167 816 2237 τὴν
852 2166 1030 2237 ἄκραν
1059 2165 1284 2237 εἰρήνην
1306 2163 1641 2235 ἐπειγομένη
1672 2162 2016 2232 λογίζεσθαι⁹

431 2254 531 2322 τῆς
560 2255 654 2307 τοῦ
692 2255 829 2308 Θεοῦ
874 2257 1096 2327 ἀγάπης
1127 2255 1267 2325 αὕτη
1309 2255 1607 2325 γεννήτρια
1633 2271 1646 2284 ’
1679 2254 1742 2305 τὸ
1778 2254 2017 2320 λογιστι-

434 2350 528 2398 ίν
561 2349 657 2417 τῆς
687 2348 863 2418 ψυχῆς
887 2347 1028 2416 αῦτη
1071 2347 1207 2418 μόνη
1260 2346 1537 2417 καθαίρει,
1564 2346 1699 2401 Θεὸν
1751 2345 2018 2415 φανταζο-

435 2442 573 2505 μένη
601 2440 690 2492 τὸν
707 2440 1008 2511 γεννήτορα
1027 2440 1128 2509 τῆς
1151 2438 1248 2493 καί⁸
1271 2438 1381 2492 τῶν
1404 2439 1653 2508 ἀγγέλων
1671 2438 2014 2511 καθάρσεως·

432 2530 492 2579 τὸ
531 2529 929 2600 ἐπέθυμητικὸν
962 2532 1061 2601 τῆς
1086 2531 1266 2601 ψυχῆς
1302 2529 1437 2601 πρὸς
1456 2530 1589 2583 Θεὸν
1616 2530 1857 2601 καθαρὸν
1879 2530 2018 2583 ἀπο-

435 2619 599 2682 σώζει
623 2636 635 2648 °
682 2622 1053 2690 προσκειμένη
1084 2622 1192 2691 γάρ
1243 2621 1335 2673 καί
1365 2620 1724 2689 διαλεγομένη
1752 2619 1893 2689 Θεῷ,
1941 2619 2020 2690 τῷ

434 2713 675 2781 ἀπείρως
711 2714 803 2765 καὶ
834 2711 1134 2782 ὑπερφυῶς
1164 2711 1355 2783 ἀγαθῷ
1387 2714 1480 2766 καὶ
1512 2711 1662 2782 καλῷ
1696 2713 2020 2780 πεφυκότως

432 2803 531 2873 τὴν
559 2804 859 2873 ἐπιθυμίαν
901 2806 1085 2859 πᾶσαν
1120 2805 1432 2876 προσκολλᾷ
1461 2805 1540 2875 τῷ
1577 2804 1716 2875 Θεῷ.
1754 2804 1935 2875 Θυμὸν
1961 2804 2019 2857 δέ

2176 1890 2229 1946 Ιιι
2277 1895 2536 1955 omnibus
2592 1892 2751 1946 bonis
2800 1890 3056 1944 οι·ιρι·ἰ1ιιις
3112 1888 3425 1937 dominatur
3478 1886 3679 1938 oratio,

2107 1989 2222 2053 Ipsa
2255 1980 2592 2056 pmnitentia‘
2632 1987 2901 2049 Iaciymas
2936 1985 3099 2045 gignit
3137 2003 3149 2045 ;
3187 1982 3239 2034 in
3284 1980 3673 2045 cogitationum

2106 2093 2288 2147 pacem
2325 2078 2480 2129 valde
2516 2076 2754 2141 adjuvat,
2782 2077 2956 2127 so'nm
2980 2076 3155 2135 De.qu
3186 2089 3455 2126 summam
3484 2086 3671 2141 pacem

2104 2188 2228 2224 esse
2256 2173 2478 2225 credere
2500 2182 2686 2225 coacta
2715 2186 2729 2227 :
2755 2170 2868 2235 ipsa
2905 2182 3122 2233 quoque
3155 2175 3242 2220 est
3269 2166 3468 2218 divina:
3498 2164 3679 2217 chari-

2106 2265 2235 2319 tatis
2260 2264 2494 2331 genitrix
2528 2279 2543 2327 ;
2578 2262 2692 2331 ipsa
2732 2260 2843 2312 sola
2880 2259 3077 2311 animm
3115 2258 3381 2310 rationem
3427 2256 3679 2316 mundat.

2107 2359 2275 2412 Deum
2315 2364 2716 2425 repraesentans
2754 2361 2811 2405 ut
2860 2352 3180 2418 angelorum
3237 2350 3479 2414 ipsormn
3530 2347 3681 2415 puri-

2107 2451 2235 2506 tatis
2281 2460 2603 2509 auctorem;
2650 2446 2847 2499 auimze
2898 2443 3171 2498 desideria
3217 2442 3282 2496 ad
3337 2441 3503 2495 Deum
3546 2452 3681 2508 pura

2107 2552 2416 2600 conservat.
2472 2543 2582 2595 Deo
2613 2542 2757 2594 enirn
2796 2539 3083 2593 adlimrens
3110 2545 3162 2589 et
3192 2550 3314 2589 cum
3345 2548 3410 2587 eo
3448 2546 3681 2586 conver-

2108 2651 2259 2699 sans,
2293 2651 2416 2688 cum
2452 2633 2666 2687 infinito
2708 2633 2799 2686 illo
2838 2633 2983 2683 hono
3016 2639 3063 2683 et
3104 2626 3332 2696 pulchro
3361 2623 3684 2677 naturaliter

2109 2746 2271 2786 omne
2315 2728 2645 2784 desiderium
2682 2724 2985 2793 coniungit.
3034 2721 3290 2776 Animum
3325 2724 3506 2773 autem
3546 2712 3685 2767 adeo

2112 2830 2453 2878 mansuetum
2503 2820 2652 2886 facit,
2705 2826 2761 2871 ut
2804 2816 3049 2886 procidat
3095 2825 3143 2868 et
3191 2821 3367 2883 egeat,
3422 2817 3476 2863 et
3516 2806 3682 2861 Deum

433 2896 691 2945 τοσοῦτον
744 2896 1002 2964 πραΰνει,
1033 2900 1155 2951 ὅσον
1210 2896 1528 2963 ὑποπίπτει,
1559 2898 1653 2950 καὶ
1697 2897 1891 2961 δεῖται,
1922 2897 2016 2950 καὶ

2113 2915 2372 2973 invocet;
2406 2921 2458 2965 et
2491 2912 2730 2966 animam
2766 2907 3043 2970 liumlliat,
3076 2904 3204 2959 dum
3237 2918 3299 2958 ea
3342 2908 3467 2955 ante
3516 2897 3682 2953 Deum

437 2985 749 3053 παρακαλεῖ
773 2988 865 3039 τὸν
892 2986 1026 3040 Θεὸν
1053 3001 1066 3017 ·
1102 2987 1198 3042 καί
1223 2989 1473 3041 ταπεινοῖ
1493 2986 1593 3058 τὴν
1618 2985 1795 3057 ψυχὴν
1818 2987 1906 3040 διὰ
1919 2986 2020 3057 τῆς

437 3077 573 3147 πρὸς
604 3078 738 3131 Θεὸν
792 3079 1239 3149 προσπτώσεως·
1274 3080 1451 3143 οὐδεὶς
1481 3079 1592 3151 γὰρ
1619 3079 1896 3150 δεόμενος,
1926 3079 2021 3132 καὶ

438 3170 779 3240 παρακαλῶν
815 3171 1211 3235 ἀταπείνωτον,
1244 3171 1277 3241 ἢ
1307 3170 1554 3241 θυμῶδες
1598 3172 1755 3242 φέρει
1792 3169 1852 3222 τὸ
1890 3169 2023 3241 φρό-

437 3278 611 3331 νημα.
646 3262 747 3315 Διὰ
784 3265 943 3316 τοῦτο
973 3264 1268 3317 συνελόντα
1315 3266 1490 3318 εἰπεῖν
1525 3265 1707 3328 πάσας
1760 3265 2021 3335 δυνάμεις

434 3356 635 3426 ψυχῆς,
667 3356 764 3409 καὶ
792 3355 973 3420 πάσας
1013 3358 1315 3429 ἐνεργείας,
1346 3362 1657 3428 πρακτικάς
1686 3376 1745 3411 τε
1786 3362 1880 3413 καὶ
1900 3377 2019 3412 νοε-

439 3450 539 3517 ρας
574 3449 607 3519 ἡ
638 3448 760 3503 ὁσία
789 3449 1066 3522 προσευχὴ
1089 3449 1344 3520 καθαίρει
1389 3451 1485 3503 καὶ
1506 3450 1756 3522 ὰνορθοῖ·
1796 3454 1890 3504 καὶ
1917 3452 2021 3522 μά-

437 3539 595 3594 λιστα
628 3541 1049 3613 προσλαϐομένη
1085 3543 1206 3613 μεθ’
1231 3544 1435 3614 ἑαυτῆς
1469 3544 1565 3597 καὶ
1593 3543 1829 3614 θεωρίαν
1860 3546 2019 3612 Θεοῦ,

440 3631 533 3683 καὶ
564 3632 655 3685 τὸν
683 3632 955 3703 ἑπόμενον
986 3634 1128 3689 θεῖον
1160 3633 1340 3704 ἔρωτα
1379 3638 1437 3690 ὲν
1476 3636 1662 3706 ἡσύχῳ
1690 3636 1894 3710 διαίτῃ,
1928 3640 2023 3692 καὶ

438 3724 652 3795 ἀγωγῇ,
686 3725 831 3779 κατὰ
852 3725 921 3779 τὰ
951 3727 1080 3797 πρὶν
1109 3728 1394 3798 εἰρημένα.
1444 3726 1534 3792 Ἐξ
1564 3722 1623 3782 οὗ
1652 3729 1707 3782 δὲ
1737 3728 1901 3783 τόπου
1922 3731 2021 3801 τῆς

441 3814 668 3881 καρδίας
697 3816 851 3887 ἐκρεῖ
875 3817 937 3870 τὸ
971 3816 1232 3887 δάκρυον,
1264 3819 1384 3872 ἐκεῖ
1414 3819 1607 3873 νοείτω
1657 3821 1752 3874 καὶ
1781 3821 1962 3891 ὁράτω
1995 3824 2022 3876 ὁ

440 3903 697 3976 λογισμός
732 3923 825 3961 σου
886 3908 1056 3963 νεύων
1117 3910 1268 3975 ἐντός
1306 3927 1420 3979 σου,
1458 3912 1739 3983 ἀοχλήτως
1768 3914 1840 3967 δι’
1894 3916 2023 3969 εἰσ-

444 3996 611 4067 πνοῆς
653 4000 797 4069 ῥινὸς
824 4003 882 4056 ἐν
922 4001 1001 4072 τῷ
1032 4003 1465 4075 προσεύχεσθαι·
1496 4007 1589 4058 καὶ
1621 4008 1987 4078 παραμενέτω
2006 4048 2021 4076 ,

440 4088 567 4140 ὅσον
626 4090 871 4159 δυνατὸν,
916 4093 1053 4149 ἐκεῖ.
1101 4095 1239 4148 Λίαν
1296 4097 1404 4166 γὰρ
1438 4096 1736 4169 ὠφέλιμον,
1787 4100 2021 4154 καὶτῶν

440 4180 680 4250 συνεχῶν
713 4182 807 4237 καὶ
830 4184 1041 4239 πολλῶν
1072 4186 1325 4259 δακρύων
1356 4190 1667 4257 ἐπαγωγὸν,
1693 4193 1786 4246 καὶ
1819 4194 2022 4263 αἰχμα-

2115 3007 2389 3075 procidit;
2445 3018 2603 3057 nemo
2653 3003 2798 3056 enim
2858 2999 3110 3068 indigens
3153 3005 3206 3051 et
3243 2995 3544 3063 implorans
3577 3005 3683 3044 non

2113 3096 2347 3150 humiles
2396 3103 2489 3148 aut
2538 3092 2807 3159 superbos
2855 3088 3035 3143 induit
3084 3100 3300 3143 sensus.
3340 3082 3409 3139 Ut
3448 3083 3689 3138 breviter

2114 3192 2331 3259 loquar,
2361 3202 2551 3240 omnes
2586 3184 2782 3239 animae
2811 3181 3085 3251 potentias
3122 3188 3176 3234 et
3208 3177 3519 3240 facultates,
3552 3175 3683 3229 acti-

2111 3297 2207 3335 vas
2241 3291 2436 3347 nempe
2471 3286 2524 3331 et
2552 3274 2866 3345 spirituales
2899 3272 2985 3342 pia
3020 3270 3197 3325 oratio
3225 3268 3453 3323 mundat
3477 3274 3533 3321 et
3563 3280 3687 3319 cor-

2113 3374 2275 3441 rigit;
2311 3386 2374 3425 ac
2408 3368 2682 3438 prrecipue
2712 3380 2896 3421 secum
2942 3364 3182 3418 admittit
3212 3369 3266 3417 et
3310 3360 3402 3416 Dei
3430 3367 3684 3415 contem-

2112 3467 2404 3537 plationem
2435 3472 2509 3524 et,
2562 3460 2653 3530 qui
2684 3475 2803 3513 eam
2837 3458 3111 3523 sequitur,
3146 3454 3389 3509 divinum
3440 3466 3684 3507 amorem

2113 3557 2168 3611 in
2222 3550 2519 3622 tranquilla
2571 3547 2767 3618 agendi
2806 3547 3033 3614 ratione
3097 3550 3152 3597 et
3211 3541 3321 3594 vita
3352 3582 3365 3603 ,
3428 3549 3487 3594 ut
3535 3538 3686 3606 prius

2114 3650 2319 3705 dictum
2348 3654 2455 3701 est.
2502 3642 2578 3698 Et
2627 3656 2738 3713 quo
2772 3650 2952 3694 autem
3000 3636 3185 3693 cordis
3232 3636 3354 3689 loco
3402 3632 3579 3687 linunt
3610 3630 3687 3684 la-

2113 3757 2337 3815 erymae,
2373 3740 2447 3795 ibi
2497 3739 2569 3794 sit
2610 3736 2867 3806 cogitatio
2915 3745 3005 3788 tua
3047 3742 3101 3787 et
3144 3729 3374 3799 aspiciat
3419 3736 3511 3781 tua
3544 3723 3688 3779 ratio

2114 3839 2262 3895 intra
2290 3841 2343 3888 te
2374 3833 2552 3901 ipsum
2589 3842 2823 3896 vergens
2854 3824 3247 3885 indesinenter,
3284 3835 3378 3889 per
3413 3821 3566 3872 naris
3603 3817 3687 3870 in-

2114 3928 2492 4002 spirationem,
2530 3926 2583 3978 in
2619 3922 2908 3983 oratione;
2946 3925 3000 3971 ct
3036 3915 3130 3977 ibi.
3163 3920 3425 3983 quantum
3458 3908 3682 3978 poteris,

2114 4036 2422 4078 remaneas.
2461 4017 2744 4072 Minimum
2778 4013 2919 4067 enim
2959 4010 3010 4064 id
3044 4009 3176 4063 utile
3206 4013 3290 4061 est
3315 4016 3367 4060 et
3395 4002 3685 4059 continuas

2116 4115 2424 4182 multasque
2451 4112 2720 4179 lacrymas
2745 4103 2913 4169 elicit,
2940 4113 2994 4155 et
3014 4100 3212 4154 mentis
3241 4096 3557 4153 servitutem
3590 4107 3690 4147 au-

2117 4206 2240 4261 fert.
2279 4212 2333 4259 et
2366 4199 2703 4271 spiritualem
2755 4195 2971 4250 confert
3026 4204 3234 4259 pacem,
3286 4197 3339 4241 et
3381 4185 3685 4240 orationem

437 4268 637 4335 λωσὶας
669 4272 787 4357 νοὸς
817 4275 1184 4347 ἀναιρετικὸν,
1214 4280 1307 4331 καὶ
1326 4279 1552 4351 εἰρήνης
1603 4272 2020 4355 περιποιητικὸν

2119 4295 2360 4364 adjuvat,
2393 4301 2447 4345 et
2480 4291 2533 4345 in
2568 4287 2752 4341 cordis
2794 4281 3060 4338 orationis
3099 4277 3470 4333 inventionem
3510 4273 3685 4336 ducit,

445 4365 649 4464 νοερᾶς,
671 4352 780 4464 καὶ.
797 4369 1104 4464 προσευχῆς
1117 4369 1362 4464 άφορμὴ,
1378 4374 1471 4426 καί
1496 4374 1577 4436 εἰς
1613 4372 1832 4444 εὕρεσιν
1852 4352 2021 4448 προσ-

440 4454 600 4521 ευχῆς
644 4454 965 4527 καρδιακῆς,
987 4458 1084 4511 σὺν
1110 4457 1250 4529 Θεῷ,
1276 4473 1399 4514 σῡνε
1411 4462 1560 4531 ργόν’
1578 4463 1762 4532 χάριτι
1780 4464 1871 4517 τοῦ
1893 4466 2022 4529 ζωο-

436 4544 593 4597 ποιοῦ
614 4546 933 4616 Πνεύματος
965 4549 1025 4603 ἐν
1055 4550 1275 4622 Χριστῷ
1319 4553 1495 4624 Ἰησοῦ
1511 4553 1590 4625 τῷ
1619 4555 1811 4627 Κυρίῳ
1837 4560 1869 4630 ἡ
1880 4558 2018 4628 μῶν.

508 4696 601 4748 Δεῖ
634 4710 692 4748 σε
725 4693 946 4759 εἰδέναι,
978 4698 1006 4750 ὁ
1036 4694 1263 4765 θεωρὸς,
1292 4695 1387 4748 καὶ
1405 4697 1513 4749 τῶν
1535 4695 1815 4765 μυστικῶν
1845 4698 2016 4751 ἐπόπ-

436 4803 537 4857 της
566 4788 660 4841 καὶ
685 4789 998 4861 τρυφητής,
1023 4787 1107 4841 ὅτι
1131 4786 1322 4856 ὥσπερ
1347 4786 1477 4852 δύω,
1517 4787 1649 4851 Θεὸς
1681 4791 1774 4841 καὶ
1803 4788 2013 4860 ἄνθρω-

439 4879 759 4946 πος,οὖτως
805 4882 863 4947 ἐξ
920 4879 1193 4951 ἑπομένου
1241 4879 1336 4933 καὶ
1389 4878 1520 4943 δύω,
1556 4879 1668 4949 τῷ,
1702 4882 1813 4934 εἴτε
1868 4882 2017 4950 γένει

440 4974 616 5037 θέλεις
643 4976 837 5039 εἰπεῖν,
879 4974 979 5027 εἰτ’
1016 4972 1109 5026 οῦν
1144 4972 1296 5037 εῖδει,
1333 4972 1403 5026 τά
1430 4986 1487 5024 τε
1523 4971 1716 5043 πένθη,
1754 4974 1847 5026 καὶ
1890 4976 2021 5029 ἀκο-

440 5064 645 5125 λούθως
676 5066 744 5120 τὰ
774 5067 1003 5137 δάκρυα.
1032 5064 1383 5138 Διενηνόχασι
1409 5064 1465 5117 δὲ
1496 5062 1756 5136 ἑκάτερον
1782 5066 1875 5120 τοῦ
1894 5068 2023 5123 ἐκα-

440 5158 607 5230 τέρου
633 5157 814 5229 πολλῷ
845 5162 921 5231 τῷ
962 5161 1191 5229 μεταξὺ,
1228 5160 1276 5212 εἰ
1300 5156 1394 5211 καὶ
1416 5157 1704 5228 ἀμφότερα
1728 5158 1889 5223 καλὰ,
1928 5164 2024 5217 καὶ

443 5254 720 5318 θεόσδοτα,
744 5254 840 5306 καὶ
868 5254 970 5323 τῆς
995 5252 1145 5315 θείας
1166 5251 1479 5323 εὐμενείας,
1520 5251 1616 5303 καὶ
1640 5253 1739 5321 τῆς
1771 5254 1889 5306 κατ’
1921 5257 2022 5309 αὖ-

444 5346 543 5415 τὴν
601 5344 970 5417 κληρονομίας
1019 5343 1274 5415 πρόξενα.
1324 5342 1407 5395 Τὰ
1443 5341 1544 5412 μὲν
1582 5343 1691 5413 γὰρ
1728 5343 1841 5414 ἔχει
1884 5346 2024 5401 Θεῖον

447 5440 614 5508 φόὸον
654 5438 755 5509 τὴν
787 5438 983 5509 ἀρχὴν,
1019 5437 1116 5489 καὶ
1159 5436 1252 5489 τὸν
1298 5434 1587 5488 πενθικόνο
1647 5437 1715 5489 τὰ
1759 5437 1816 5489 δὲ
1869 5439 2029 5495 θείαν

447 5532 693 5603 ἀγάπην,
720 5532 815 5586 καὶ
848 5533 940 5583 τὸν
964 5529 1116 5582 Θεόν.
1171 5527 1282 5581 Καὶ
1312 5527 1380 5580 τὰ
1412 5527 1512 5596 μὲν
1552 5527 1611 5579 οὐ
1654 5530 1906 5584 τοσοῦτον
1936 5533 2026 5585 5'3.-

451 5626 689 5695 φραίνει,
710 5628 778 5679 τὰ
798 5624 877 5689 δέ,
901 5622 995 5676 καὶ
1019 5621 1303 5693 εὐφραίνει
1324 5619 1514 5684 πολλὰ,
1541 5621 1629 5674 καὶ
1661 5623 1847 5695 ἐξιστᾷ
1877 5626 2025 5693 ἐξαί-

2114 4404 2242 4443 cum
2280 4385 2391 4439 Deo
2442 4394 2698 4451 operans,
2736 4376 2911 4446 gratia
2963 4372 3296 4427 viviﬁcantis
3349 4369 3584 4440 Spiritus
3636 4366 3689 4419 in

2112 4478 2335 4539 Christo
2368 4474 2496 4531 Jesu
2536 4471 2763 4525 Domino
2794 4475 3004 4522 nostro.

2180 4704 2405 4774 Oportet
2435 4708 2616 4756 autem
2652 4707 2699 4753 te
2718 4698 2877 4764 seire,
2906 4699 2997 4767 qui
3021 4695 3410 4764 contemplaris
3431 4703 3484 4747 et
3520 4692 3694 4746 intue-

2112 4796 2185 4855 ris
2232 4796 2415 4851 divina
2441 4792 2697 4865 mysteria
2718 4792 2891 4859 iisque
2914 4786 3112 4843 lunaris
3132 4786 3298 4857 quod,
3333 4783 3689 4855 quemadmo-

2110 4893 2237 4946 dum
2264 4890 2371 4944 duo
2393 4896 2517 4943 sunt
2544 4883 2684 4939 Deus
2716 4893 2768 4937 et
2789 4884 2971 4949 homo,
3010 4890 3084 4935 Ita
3114 4880 3312 4941 etduo,
3333 4880 3445 4932 sive
3467 4890 3686 4945 genere,

2111 4986 2225 5040 sive
2244 4983 2380 5046 idea,
2402 4979 2621 5035 dolores
2641 4986 2691 5031 et
2725 4991 2846 5046 quae
2876 4981 3249 5043 consequatur
3279 4973 3553 5039 lacrymae.
3581 4969 3687 5023 Dif-

2113 5077 2294 5131 ferunt
2328 5083 2508 5127 autem
2542 5071 2769 5125 multum
2800 5078 2944 5123 mter
2970 5081 3029 5121 se
3049 5067 3230 5131 ambo,
3259 5068 3356 5121 etsi
3384 5067 3541 5118 ambo
3571 5066 3687 5132 pul-

2110 5172 2237 5225 chra
2261 5167 2369 5221 sint
2396 5173 2449 5219 et
2472 5164 2560 5217 Dei
2579 5165 2742 5225 dona,
2768 5161 2971 5236 Deique
3018 5158 3455 5216 benevolentiam
3514 5157 3689 5210 licere.

2112 5262 2445 5331 ditatemqne
2516 5265 2794 5327 praestent.
2876 5252 3099 5310 Dolores
3153 5251 3368 5323 quidem
3439 5248 3683 5302 divinum

2114 5356 2364 5411 timorem
2410 5349 2737 5421 principium
2794 5346 3014 5408 habent,
3078 5354 3133 5400 et
3194 5342 3336 5413 quod
3396 5342 3447 5395 in
3506 5342 3689 5394 miima

2112 5450 2311 5504 doloris
2341 5461 2510 5514 capax
2542 5452 2661 5506 est;
2690 5441 2943 5511 laci-you:
2997 5453 3126 5491 vero
3177 5438 3413 5491 divinam
3454 5434 3691 5486 charito-

2112 5551 2283 5596 temet
2311 5536 2602 5599 Deum;alii
2660 5550 2765 5587 non
2804 5541 3006 5586 tantum
3043 5531 3234 5584 laetitia:
3275 5528 3531 5596 praebent;
3572 5524 3695 5579 alue

2113 5649 2239 5688 vero
2266 5650 2295 5703 ς
2334 5633 2517 5685 udiuzn
2542 5623 3341 5682 atii-runtnmltumetinl‘ansta
3378 5618 3687 5674 deturbant.
