4032 6208
479 147 584 211 821
876 170 889 183 ·
1735 155 2032 219 CALLIS’I

2122 159 2525 223 nucum
2853 240 2861 244 _
3621 172 3708 233 εει

481 261 702 334 iit-iores
731 265 948 333 quidem
991 265 1364 334 incipientium
1401 276 1548 334 sunt,
1580 270 1908 337 posteriores
1933 287 2032 324 veri

2122 288 2243 333 ,σια
2266 285 2280 298 ·
2305 270 2372 323 τὰ
2403 271 2597 343 πρῶτα
2625 273 2744 344 μὲν,
2777 276 3080 348 ἁρχαρίων,
3111 284 3175 335 τὰ
3205 283 3286 347 δὲ,
3316 287 3708 362 ἀφικνουμέωι

479 372 670 412 eorum
700 359 791 427 qui
819 374 913 426 per
944 359 1173 428 gratiam
1197 359 1264 413 ad
1293 360 1683 428 perfectionem
1744 362 1992 416 tendunt.

2149 363 2230 426 εἰς
2255 363 2568 435 τελειότητα
2593 365 2679 418 διὰ
2709 367 2806 437 τῆς
2835 370 3080 439 χάριτος.

552 448 806 515 Quinque
836 458 956 501 sunt
989 450 1394 515 trattquiliitatis
1413 453 1595 519 opera!
1629 451 1836 519 Oratio,
1874 469 2032 515 netup

2221 455 2386 507 Πέντε
2417 457 2918 528 ὲργασίαιήσυχίας
2945 461 3052 514 εἰσί
3073 479 3086 492 ·
3117 470 3423 540 προσευχὴ,
3449 473 3564 542 ἦτοι
3592 484 3710 551 par"-

483 543 739 595 continua
808 539 1163 598 Iesu-Christi
1236 547 1518 609 memoria,
1555 563 1650 614 per
1715 547 2032 611 spirationer

2151 561 2226 614 μη
2257 545 2350 648 εἷῩῦ
2366 547 2566 648 "incau-
2590 548 2868 619 διηνεκὴς,
2895 553 3231 628 είσαγομένη
3265 539 3359 614 διὰ
3387 539 3552 636 πνοῆς
3569 539 3622 622 ἐν
3652 539 3704 648 si]

483 633 534 685 in
568 648 662 686 cor
717 633 1021 689 introducta
1070 637 1276 702 alisque
1356 638 1462 691 nl'a
1523 629 1882 705 cogitatione';
1946 653 2032 706 qu:

2147 639 2346 709 καρδίᾳ
2361 639 2484 709 δίχα
2505 640 2602 710 τῆς
2636 643 2855 697 οἱασοῦν
2884 646 3113 714 ἑννοίας,
3136 651 3262 721 ἥτις
3295 654 3366 708 δι’
3397 629 3704 731 ἐγκρατείαέ

479 741 574 794 per
616 730 1029 798 temperantiam
1081 731 1289 786 ventris
1342 732 1650 786 universam
1715 742 1769 787 ct
1807 733 1983 787 somni
2013 750 2032 789 ε

2145 731 2505 802 περιεκτικῆς
2527 735 2766 805 γαστρὸς
2795 737 2960 805 λέγω,
2987 741 3085 794 καὶ
3119 741 3323 808 ὕπνου,
3368 752 3464 802 καὶ
3489 730 3592 806 τῶν
3629 760 3708 812 ἀλ-

477 819 706 873 aliorum
726 836 984 874 sensuum
1004 823 1276 878 exercitiis
1315 823 1455 877 intra
1473 824 1717 879 cellulam
1751 839 1871 878 cum
1893 826 2032 879 humi

2143 823 2251 876 λων
2279 825 2584 894 αἰσθήσεων
2609 828 2757 883 ἔνδον
2778 830 2869 883 τοῦ
2901 833 3116 888 κελλίου
3141 839 3241 891 σὺν
3258 845 3556 899 ταπεινῶσι
3591 867 3705 904 κατ-

478 910 633 965 Ιέιεῖε
653 913 966 979 perﬁcitur:
996 915 1294 982 psalmoda
1324 932 1416 985 per
1439 927 1652 986 partes;
1688 917 1848 972 lectio
1865 917 2030 970 simili

2141 914 2429 984 ορθοῦιαι·
2456 917 2743 990 ψαλμῳδία
2781 925 2982 994 μερική
3006 941 3022 958 ο
3064 927 3380 996 ἀνάγνωσις
3416 935 3612 1004 ὁμοίως
3654 943 3708 996 ἐκ

480 1012 561 1057 ter
587 991 895 1059 divitiarum
936 1007 1355 1074 Evangeliorum
1375 1018 1427 1062 et
1452 1018 1762 1064 sanctorum
1792 1010 2013 1064 Patrum

2145 1012 2253 1061 τῶν
2275 1010 2436 1064 θείων
2472 1013 2814 1082 Εὑαγγελίων
2844 1017 2937 1068 καὶ
2967 1017 3076 1070 τῶν
3119 1019 3284 1074 θείων
3308 1025 3586 1098 Πατέρῶν,
3626 1036 3707 1090 καὶ

477 1102 529 1146 et
548 1096 908 1162 quorumdam
931 1096 998 1150 de
1017 1098 1262 1150 oratione
1303 1098 1562 1165 capitum,
1591 1097 2030 1166 prarsertimjuve

2126 1101 2262 1154 .τῶν
2308 1103 2434 1171 περὶ
2484 1108 2792 1175 προσευχῆς
2836 1109 3168 1176 κεφαλαίων,
3209 1115 3452 1181 μάλιστα
3480 1119 3568 1171 τοῦ
3604 1124 3706 1177 νέου

479 1187 564 1240 nis
608 1186 865 1255 'l‘heolngi
896 1199 949 1243 et
983 1189 1230 1260 llesyeiii
1265 1201 1318 1244 rt
1369 1191 1654 1260 Nieephori
1685 1209 1700 1257 ;
1731 1192 2032 1255 indiciorun

2153 1192 2439 1260 Θεολόγου,
2473 1195 2566 1246 καὶ
2595 1194 2869 1266 Ἡσυχίου,
2890 1202 2982 1252 καὶ
3002 1201 3049 1253 Ν
3056 1205 3322 1274 ικηφόρου
3346 1222 3360 1235 ·
3389 1207 3582 1280 μελέτη
3606 1217 3708 1282 κρξ.

479 1278 571 1332 Dei
600 1279 878 1334 meditatio
903 1291 991 1334 aut
1057 1285 1249 1336 mortis
1285 1285 1555 1336 memoriw
1599 1293 1652 1336 et
1702 1282 1960 1342 similutn,
2009 1300 2032 1330 ι·

2157 1299 2292 1348 σεως
2315 1282 2471 1346 Θεοῦ,
2502 1283 2534 1354 ἢ
2560 1286 2781 1355 μνήμης
2817 1287 3071 1355 θανάτου,
3104 1293 3200 1344 καὶ
3231 1293 3345 1346 τῶν
3378 1278 3593 1365 ὁμοίων,
3628 1278 3708 1354 καὶ

479 1371 731 1425 manuale
763 1371 1040 1439 paululum
1073 1387 1229 1440 opus;
1262 1381 1314 1425 et
1346 1387 1562 1425 rursum
1610 1371 1675 1423 ad
1752 1372 2032 1426 orationen

2153 1374 2353 1444 μικρὸν
2400 1375 2750 1444 ἐργόχειρονο
2784 1380 2880 1430 καὶ
2935 1381 3095 1434 πάλιν
3141 1384 3594 1456 ἑπανακάμπτειν
3638 1394 3704 1456 εἰς

477 1459 704 1524 reditus,
731 1459 944 1516 etiamsi
977 1461 1082 1516 vim
1133 1463 1230 1517 tibi
1286 1463 1483 1516 inferre
1512 1462 1730 1528 debeas,
1762 1463 1934 1516 donec
1966 1471 2032 1516 tu:

2151 1465 2480 1541 προσευχῂν,
2516 1467 2617 1518 κᾶν
2649 1466 2767 1537 βίαν
2796 1467 2894 1543 ἔχῃ
2946 1471 3005 1524 τὸ
3036 1475 3295 1544 πρᾶγμα,
3328 1477 3436 1540 ἕως
3463 1471 3522 1531 οὗ
3572 1482 3705 1553 ἐθίσῃ

476 1568 630 1608 mens
676 1554 976 1609 assueverit
1026 1554 1444 1608 inconstantiam
1497 1553 1766 1621 deponere
1841 1551 2032 1607 Domin

2122 1557 2176 1643 .6
2204 1555 2349 1619 νοῦς,
2385 1559 2477 1610 τὸν
2505 1561 2827 1630 ρεμϐασμὸν
2856 1564 3212 1620 ἀποτίθεσθαι
3261 1568 3460 1623 ἑαυτοῦ
3481 1574 3544 1642 τῇ
3586 1551 3702 1643 πρὸς

478 1647 741 1701 memoria
771 1656 826 1702 et
847 1647 1101 1700 continua
1117 1647 1181 1699 ad
1201 1647 1382 1700 cordis
1408 1646 1644 1700 lahorent
1685 1646 2032 1701 inclinatione

2122 1629 2352 1717 ιΚύριον
2413 1627 2626 1720 μνήμῃ,
2661 1627 2756 1704 καλ⁵
2784 1655 2850 1723 τῇ
2906 1656 2986 1718 εἰς
3014 1655 3106 1708 τὸν
3136 1657 3241 1727 τῆς
3296 1627 3544 1731 καρδίας..
3564 1627 3704 1717 πόνον

477 1738 548 1792 Ea
563 1749 646 1794 est
664 1741 1050 1793 monachorum
1070 1743 1160 1808 qui
1181 1754 1365 1806 pacem
1386 1755 1547 1807 agere
1568 1739 1837 1808 incipiunt
1873 1755 2032 1809 opera

2149 1741 2360 1806 συνεχεῖ
2379 1740 2672 1795 ἐπινεύσει.
2717 1742 2864 1811 Α’ὑτη
2902 1745 2956 1814 ’ἡ
3001 1747 3239 1817 ἐργασία
3293 1751 3404 1804 τῶν
3446 1753 3701 1824 ἀρχαρίων

473 1833 569 1886 tio.
617 1830 998 1902 linjuscemodi
1057 1833 1357 1885 manachus
1387 1846 1492 1884 non
1543 1833 1699 1885 debet
1747 1831 2028 1900 frequente

2150 1829 2399 1898 μοναχῶν
2425 1829 2534 1882 τῶν
2557 1830 2816 1886 θελόντων
2850 1836 3142 1906 ήσυχάσαι.
3180 1840 3246 1893 ’0
3267 1841 3446 1894 τοίνυν
3486 1845 3698 1908 τοιοῦτος

473 1941 536 1978 ex
557 1925 749 1980 cellula
763 1927 930 1990 exire;
957 1925 1114 1979 debet
1135 1940 1164 1978 e
1189 1925 1462 1980 contrario
1484 1927 1725 1979 omnium
1751 1925 2031 1995 frequenta

2145 1918 2346 1986 ὀφείλει
2377 1920 2450 1989 μὴ
2485 1922 2724 1992 συνεχῶς
2756 1924 3075 1996 ὲξέρχεσθαι.
3108 1929 3213 1998 τῆς
3242 1931 3466 2003 κέλλης·
3504 1934 3697 2005 ὁμιλίας

473 2017 617 2072 tione
649 2018 1180 2086 eteontemplatione
1213 2032 1272 2072 se
1324 2017 1618 2078 abstinere.
1672 2019 1776 2073 nisi
1835 2027 2027 2087 proptc

2143 2029 2203 2066 τε
2241 2014 2332 2065 καὶ
2379 2014 2608 2083 θεωρίας
2645 2016 2943 2090 ἀπέχεσθαι
2986 2019 3234 2088 πάντων,
3273 2025 3325 2076 εί
3355 2024 3430 2095 μὴ
3465 2025 3548 2078 διὰ
3580 2028 3694 2079 πο).-

472 2124 721 2178 magnam
757 2111 1159 2172 necessitatem;
1203 2116 1256 2163 et
1289 2124 1433 2162 nunc
1476 2125 1598 2162 cum
1648 2111 1950 2166 attentione
2003 2126 2031 2164 e

2143 2105 2241 2178 λὴν
2269 2107 2545 2177 ἀνάγκην·
2579 2111 2673 2161 καὶ
2725 2110 2845 2165 τότε
2893 2113 3033 2183 μετὰ
3081 2117 3367 2188 προσοχῆς
3417 2118 3508 2172 καὶ
3537 2120 3692 2187 ἀσφα-

470 2203 752 2270 vigilantia
777 2213 829 2257 et
855 2218 999 2269 raro;
1031 2217 1152 2270 quia
1182 2216 1291 2255 non
1319 2202 1482 2256 modo
1519 2201 1924 2270 incipientibus,
1957 2217 2030 2255 set

2141 2196 2306 2260 λείας,
2360 2201 2452 2250 καὶ
2489 2202 2761 2262 σπανίως·
2797 2201 2878 2254 δτι
2906 2203 2985 2274 μὴ
3035 2205 3199 2274 μόνον
3242 2210 3545 2279 ἀρχαρίοις,
3575 2211 3689 2264 sua

469 2294 632 2348 etiam
664 2294 733 2349 iis
772 2294 864 2364 qui
923 2294 1196 2365 progressi
1249 2301 1397 2358 sunt,
1453 2294 1856 2347 mundatinnem
1926 2292 2032 2345 tali:

2141 2292 2229 2342 καὶ
2263 2291 2446 2353 αὐτοῖς
2498 2293 2611 2354 τοῖς
2670 2292 3074 2362 προκόπτουσιν
3118 2297 3249 2368 ήδη,
3285 2302 3608 2371 σκορπιῖμὺν
3633 2304 3686 2355 τὰ

471 2393 750 2459 ριίνειηῐιι.

2138 2381 2356 2434 τοιαῦτα
2387 2382 2654 2452 προξενεῖ.

541 2561 673 2626 Qum
695 2579 818 2618 cum
851 2565 1153 2619 attentione
1205 2566 1261 2618 lit
1313 2567 1484 2620 oratio
1520 2567 1725 2635 absque
1786 2567 1889 2621 u'.la
1942 2565 2046 2619 afia

469 2655 799 2723 cogitatione
823 2674 916 2725 per
949 2657 1046 2710 has
1081 2673 1277 2712 voces:
1335 2676 1352 2709 ι
1385 2659 1607 2712 Do.nine
1635 2657 1762 2712 Jesu
1806 2659 2046 2723 Christe,

471 2746 571 2806 Fili
600 2747 744 2808 Dei.»
772 2757 1003 2802 mentem
1025 2749 1381 2819 spiritua-Iiter
1405 2763 1457 2805 et
1485 2751 1826 2806 ineifabiliter
1843 2751 1906 2806 ad
1935 2769 2046 2807 me-

473 2850 744 2898 moratum
779 2839 1067 2893 hominum
1097 2840 1303 2909 dirigit.
1331 2840 1433 2896 Per
1461 2843 1590 2895 iiiud
1613 2844 1793 2901 enim:
1834 2862 1852 2894 ι
1886 2843 2043 2898 Μὶεοο

468 2947 587 2987 tete
611 2933 742 3000 mei,
770 2951 790 2984 ›
826 2934 892 2988 ad
917 2933 1153 3002 seipsam
1184 2933 1557 3000 convertitur;
1597 2949 1703 2989 non
1765 2938 2042 2994 sustinens

467 3045 578 3082 non
639 3043 735 3096 pro
791 3043 848 3084 se
879 3043 1038 3082 orare
1073 3045 1088 3095 ;
1120 3029 1186 3086 ad
1214 3028 1534 3083 charitatem
1569 3044 1697 3083 vero
1723 3031 2037 3098 proficiens,

467 3135 566 3190 per
593 3120 990 3189 experientiam
1025 3120 1234 3176 unitive
1283 3121 1350 3174 ad
1385 3122 1561 3190 ipsum
1602 3121 1887 3175 Dominum
1921 3135 2041 3176 ten-

467 3214 571 3278 dit,
601 3221 890 3282 postquam
939 3213 1168 3267 secundi
1202 3217 1608 3281 persuasionem
1646 3216 1878 3282 accepit.
1915 3215 2039 3269 Ideo

469 3320 579 3359 non
606 3321 822 3374 semper
855 3307 1166 3362 universam
1197 3305 1500 3361 orationem
1545 3307 1770 3361 tradunt
1812 3307 2035 3362 Patres:

468 3399 562 3454 sed
622 3399 765 3454 alius
821 3399 1042 3468 quidem
1077 3399 1420 3462 universam,
1451 3407 1511 3455 ut
1569 3399 2032 3471 Chrysostomus:

2222 2574 2286 2628 Ἡ
2319 2575 2415 2630 σὺν
2472 2577 2712 2646 προσοχῇ
2745 2577 3005 2651 γινομένη
3042 2578 3181 2652 αὕτη
3226 2582 3500 2654 προσευχὴ
3536 2582 3681 2653 χωρὶς

2136 2666 2342 2730 ἑννοίας
2369 2667 2612 2737 δηλονότι
2639 2670 2802 2735 τινὸς,
2824 2664 2924 2722 ’διὰ
2973 2670 3072 2741 μὲν
3099 2672 3225 2736 τοῦ,
3268 2671 3471 2742 Κύριε,
3512 2673 3682 2742 Ἰησοῦ

2134 2758 2370 2826 Χριστὲ,
2386 2759 2477 2812 Υιέ
2489 2759 2593 2812 τοῦ
2610 2759 2779 2824 Θεοῦ,
2798 2761 2934 2831 πρὸς
2946 2762 3108 2815 αὐτὸν
3127 2764 3314 2828 eam;
3327 2766 3420 2818 xei.
3432 2764 3680 2826 ἀλαλύτως

2142 2850 2458 2905 παντάπασι
2493 2853 2968 2922 μνημονευόμενον
3002 2853 3210 2923 Κύριον
3244 2859 3271 2909 ὀ
3293 2855 3413 2919 νοῦς
3437 2855 3679 2909 ἀνατείνε-

2065 2985 2110 3045 C
2134 2960 2245 2998 ται.
2268 2941 2367 2994 Διὰ
2398 2942 2452 2994 δὲ
2476 2942 2592 3005 τοῦ,
2624 2941 2888 3011 ἐλέησόν
2915 2962 3011 3014 με,
3048 2946 3184 3014 πρὸς
3249 2948 3438 2999 ἑαυτόν
3457 2963 3470 2976 ο
3503 2946 3571 3016 μὴ
3593 2947 3674 2999 ἀνο

2136 3034 2395 3104 εχόμενος
2422 3034 2618 3088 ἑαυτοῦ
2653 3036 2726 3105 μὴ
2775 3037 3208 3106 ὑπερεύχεσθαιο
3243 3040 3379 3108 πρὸς
3412 3039 3613 3106 ἀγάπην
3631 3037 3676 3089 δὲ

2134 3124 2417 3195 προκόψας
2447 3123 2533 3176 διὰ
2563 3126 2754 3198 πείρας
2785 3125 3000 3192 ἑνικῶς,
3028 3128 3161 3194 πρὸς
3188 3129 3356 3186 αὐτὸν
3378 3129 3470 3183 τὸν
3498 3116 3677 3198 Κὺρίον

2132 3216 2492 3283 ἀνατείνεται,
2531 3216 2626 3270 τοῦ
2667 3197 2924 3288 δευτέρου
2965 3221 3346 3291 πληροφορίαν
3375 3197 3678 3277 λαὸὡνςΔιδ

2132 3308 2237 3363 οὐκ
2297 3307 2383 3360 ἀεὶ
2428 3307 2529 3376 τὴν
2587 3306 2753 3376 εὐχὴν
2791 3308 3083 3379 ὀλόκληρον
3113 3311 3160 3362 οί
3197 3311 3440 3380 Πατέρες
3477 3307 3679 3378 παραδι-

2130 3399 2311 3461 δόντες
2339 3398 2646 3466 φαίνονται·
2693 3398 2808 3451 ἀλλ’
2836 3402 2863 3452 ὁ
2892 3401 2991 3469 μὲν
3038 3401 3358 3473 ὁλόκληρον,
3387 3404 3457 3466 ὡς
3487 3404 3512 3454 ό
3548 3401 3675 3469 Χρυο

467 3491 609 3546 alius
628 3507 779 3552 vero.
827 3509 844 3542 ι
878 3490 1162 3545 Dominum
1190 3489 1374 3546 Iesum
1410 3509 1456 3556 ι,
1489 3501 1547 3546 ιιι
1576 3489 1801 3554 Paulus,
1833 3493 2032 3547 addens

2132 3490 2395 3558 σόστομος
2417 3505 2431 3520 ο
2463 3485 2501 3540 δ’
2533 3489 2722 3554 δὲ,τὺν
2772 3488 2974 3561 Κύριον
3034 3491 3266 3560 Ἰησοῦν,
3297 3494 3372 3558 ὡς
3411 3495 3436 3545 ὁ
3469 3490 3673 3550 Παῦλος,

469 3583 522 3636 lu
558 3581 759 3651 Spiritu
801 3593 1012 3646 sancto,
1040 3582 1090 3636 id
1123 3592 1229 3648 est,
1269 3591 1555 3655 postquam
1594 3581 1832 3653 Spiritus
1860 3584 2032 3638 sancti

2132 3579 2444 3650 προστιθεὶς
2475 3582 2532 3633 ἐν
2557 3579 2832 3649 Πνεῦματι
2861 3582 3020 3654 ἁγίῳ,
3047 3585 3352 3649 τουτέστιν,
3379 3585 3498 3638 ὅταν
3545 3581 3676 3649 ἐνέρ-

465 3673 760 3730 t-liicaciam
797 3689 891 3729 cor
917 3677 1211 3746 acceperit,
1245 3689 1339 3738 per
1367 3690 1530 3744 quam
1591 3686 1644 3730 et
1670 3682 1790 3729 orat
1821 3693 1833 3727 :
1891 3675 2032 3742 quod

2129 3689 2283 3739 γειαν
2317 3670 2637 3741 Πνεῦματος
2667 3672 2825 3740 ἁγίου
2854 3675 2887 3742 ἡ
2931 3675 3126 3744 καρδία
3156 3675 3398 3746 δέξηται,
3424 3675 3488 3728 δι’
3508 3668 3570 3744 ἦς
3593 3680 3673 3723 καὶ

466 3781 654 3819 earum
679 3776 763 3821 est
815 3766 906 3835 qui
933 3767 1306 3836 profecerunt,
1339 3767 1438 3822 etsi
1473 3783 1580 3820 non
1612 3782 1883 3821 summum
1913 3768 2032 3821 atti-

2129 3763 2522 3835 προσεύχεται’
2575 3765 2712 3838 ὅπερ
2747 3766 2860 3818 ἐστὶ
2908 3765 3016 3817 τῶν
3049 3768 3457 3836 προκοψάντων,
3504 3765 3548 3816 εί
3593 3760 3673 3813 καὶ

465 3859 664 3926 gerint.
705 3859 854 3928 quod
900 3869 983 3914 est
1020 3858 1367 3914 illuminatio.
1419 3858 1633 3913 Climax
1666 3858 1831 3913 dicit:
1878 3876 1896 3908 ι
1928 3857 2037 3911 No-

467 3955 614 4012 mine
645 3952 769 4011 Jesu
818 3954 1005 4010 hostes
1057 3955 1303 4018 verbera,
1334 3963 1389 4010 et
1448 3953 1577 4011 Jesu
1637 3955 1894 4009 memoria
1931 3964 2037 4009 ture

469 4049 814 4118 respiratiOni
861 4048 1150 4114 adunetur,
1180 4065 1199 4100 ι
1237 4056 1290 4104 et
1332 4047 1465 4102 nihil
1496 4047 1644 4102 aliud
1683 4047 1850 4102 addit.
1887 4046 2038 4102 Licet

466 4153 647 4194 autem
677 4150 730 4196 et
756 4140 1159 4208 incipientibus,
1187 4155 1331 4194 nunc
1360 4139 1580 4210 quidem
1611 4138 1879 4194 universis
1910 4154 2037 4193 ora-

466 4230 629 4285 tionis
664 4231 886 4299 voeibus
938 4245 1132 4293 orare,
1183 4244 1326 4283 nunc
1371 4243 1558 4284 earnm
1607 4239 1758 4298 parte
1802 4235 2029 4298 tantum,

2130 3857 2204 3927 μὴ
2240 3855 2460 3920 τελείως
2507 3855 2692 3926 ἀκμήν
2715 3871 2728 3885 ·
2787 3857 2926 3926 ὅπερ
2958 3857 3108 3912 ἐστὶν
3155 3860 3182 3910 ὁ
3208 3855 3504 3927 φωτισμός.
3544 3853 3597 3908 ’0
3623 3850 3670 3904 δὲ

2125 3949 2224 4017 τῆς
2256 3947 2539 4017 Κλίμακός
2581 3963 2782 4016 φησιν·
2832 3946 3004 4017 Ἰησοῦ
3041 3948 3270 4017 ὀνόματι
3324 3947 3544 4018 μάστιζε
3586 3958 3671 3994 που

2125 4038 2364 4108 λεμίους,
2394 4039 2487 4091 καὶ
2527 4038 2700 4109 Ἰησοῦ
2737 4040 2933 4113 μνήμη,
2973 4039 3309 4110 κολληθείτω
3327 4044 3391 4113 τῇ
3424 4041 3552 4109 πνοῇ
3570 4050 3666 4090 σου·

2123 4127 2391 4183 κιὶοὺδέν
2429 4127 2617 4198 ἕτερον
2667 4130 3046 4200 προστίθησιν.
3089 4133 3310 4199 Ἔξεστι
3353 4132 3409 4184 δὲ
3448 4130 3534 4184 καὶ
3574 4128 3666 4188 τοῖς
3760 4148 3766 4154 ·

2119 4223 2431 4294 ἁρχαρίοις,
2464 4223 2595 4276 ποτὲ
2632 4223 2754 4292 μὲν,
2783 4224 2925 4288 ὅλοις
2953 4228 3066 4287 τοῖς
3097 4225 3198 4295 τῆς
3240 4224 3540 4296 προσευχῆς
3579 4221 3664 4291 ῥή-

465 4321 765 4376 secundum
799 4309 1057 4387 mentem,
1093 4329 1151 4374 ut
1176 4321 1381 4376 dictum
1411 4327 1514 4376 est.
1560 4319 1675 4374 Non
1698 4319 1899 4375 debent
1942 4328 2026 4373 ta-

2125 4329 2282 4384 μασι,
2305 4313 2436 4368 ποτὲ
2467 4312 2524 4367 δὲ
2569 4313 2629 4366 ἐν
2679 4315 2836 4386 μέρει
2869 4315 3071 4386 ταύτης
3105 4316 3504 4389 προσεύχεσθαι
3542 4309 3665 4365 κατὰ

465 4429 586 4467 men
605 4413 866 4468 continuo
908 4424 1142 4474 mutare,
1174 4427 1240 4468 ne
1299 4413 1422 4466 inde
1465 4412 1876 4481 dissipationem
1944 4428 2036 4481 pa-

465 4507 691 4559 tiantur.
727 4504 784 4560 Si
814 4507 938 4574 quis
971 4506 1242 4575 praulictze
1299 4521 1448 4574 purae
1475 4507 1743 4562 orationis
1775 4506 2032 4562 methodo

463 4593 760 4658 adluereat,
811 4595 1064 4664 quamvis
1100 4611 1205 4650 non
1239 4597 1466 4651 omnino
1497 4613 1629 4668 pure
1692 4599 1808 4654 ﬂeri
1859 4600 2031 4668 possit

465 4695 688 4754 praptcr
741 4685 1028 4740 obstacula
1071 4702 1193 4754 qua!
1253 4690 1652 4757 superveniunt
1714 4701 1768 4744 et
1825 4691 2030 4746 tuentis

465 4776 879 4844 distractiones,
913 4778 1226 4849 assequitur
1277 4782 1528 4835 conando
1561 4782 1792 4836 libenter
1838 4783 2028 4838 orandi

473 4871 740 4939 habitum,
776 4888 843 4928 eo
875 4873 1020 4941 quod
1056 4889 1211 4930 mens
1239 4875 1388 4929 cordi
1425 4873 1684 4939 adhaeret,
1711 4891 1884 4944 neque
1912 4877 2029 4930 vio-

468 4964 645 5018 lenter
672 4981 769 5032 per
823 4965 1234 5036 inspirationem
1302 4966 1578 5022 inducitur
1609 4983 1786 5036 neque
1808 4983 2027 5022 rursum

457 5054 643 5108 statim
674 5055 968 5123 educitur;
1009 5057 1102 5112 sed
1137 5056 1250 5126 ipse
1270 5056 1412 5128 apud
1442 5072 1500 5112 se
1536 5056 1638 5111 hac
1666 5057 1918 5112 methodo
1941 5074 2027 5112 re-

457 5155 640 5202 manet
662 5156 716 5202 et
740 5158 880 5204 orat.
899 5150 1030 5217 Quae
1055 5151 1250 5216 oratio,
1267 5149 1449 5208 cordis
1472 5149 1645 5205 oratio
1662 5160 2022 5221 nuncupatur.

456 5237 727 5296 Praecedit
749 5249 934 5295 autem
969 5255 1090 5297 eam
1143 5241 1366 5311 quidam
1401 5243 1581 5299 fervor
1620 5243 1673 5298 in
1707 5247 1892 5308 corde.
1923 5246 2019 5317 qui

459 5331 640 5402 rejicit
665 5331 930 5401 quidquid
996 5334 1219 5405 impedit
1273 5336 1403 5406 quin
1462 5336 1562 5390 hac
1591 5336 1766 5391 oratio
1789 5339 2025 5408 perfecte

457 5441 590 5489 pma
637 5426 926 5481 elliciatur.
982 5427 1160 5497 Atque
1211 5427 1283 5483 ita
1314 5445 1466 5485 mens
1513 5430 1794 5486 adhaJI-ens
1817 5433 2023 5502 absque

454 5517 849 5585 tmpedimento
881 5519 933 5574 in
969 5523 1132 5575 corde
1161 5531 1299 5576 orat.
1335 5521 1391 5575 lu
1450 5523 1552 5576 hoc
1577 5531 1755 5576 autem
1806 5525 2021 5579 fervore

453 5616 508 5663 et
537 5610 786 5669 oratione
857 5612 981 5670 Jesu
1010 5613 1162 5682 Cujus
1220 5614 1487 5682 meminit,
1515 5614 1749 5670 charitas
1779 5616 1830 5670 in
1858 5617 2019 5673 corde

2122 4406 2266 4471 νουν,
2305 4407 2379 4470 ὡς
2423 4407 2638 4477 εῐρηται
2665 4422 2678 4436 ·
2712 4409 2786 4478 μὴ
2822 4407 2923 4477 μέν
2949 4424 3032 4461 τοι
3059 4409 3298 4479 συνεχῶς
3328 4405 3664 4463 ἐναλλάττειν,

2122 4499 2210 4555 ἴνα
2246 4499 2323 4571 μὴ
2353 4501 2416 4551 ἐκ
2462 4497 2653 4551 τούτου
2689 4498 2958 4570 μερισμὸν
2992 4500 3200 4574 πάσχῃ,
3232 4503 3297 4554 ὲκ
3323 4499 3416 4553 τοῦ
3447 4493 3664 4569 προσμέ-

2121 4608 2233 4644 νειν
2261 4593 2326 4661 τῇ
2375 4589 2644 4662 εἰρημένῃ
2685 4591 2894 4662 μεθόδῳ
2937 4591 3037 4662 τῆς
3069 4593 3315 4664 καθαρᾶς
3347 4585 3660 4662 προσευχῆς

2121 4685 2168 4734 εἰ
2197 4681 2293 4734 καὶ
2322 4683 2397 4752 μὴ
2430 4681 2689 4754 καθαρῶς
2713 4681 2911 4748 ἄλλως,
2938 4683 3175 4755 δηλονότι
3207 4684 3297 4738 διὰ
3322 4684 3418 4746 τὰς
3437 4676 3659 4750 ἐμποδὼν

2117 4774 2288 4846 ταύτῃ
2339 4775 2629 4845 γινομένας
2684 4773 3023 4845 προσλήψεις
3068 4775 3324 4838 καὶτοὺς
3371 4767 3656 4839 λογισμοὺς»

2118 4865 2334 4935 ἔρχεται
2359 4867 2388 4919 ὁ
2422 4866 2828 4936 ἀγωνιζόμενος
2857 4867 2914 4919 ὲν
2947 4865 3060 4932 ἕξει
3089 4866 3184 4920 τοῦ
3212 4867 3478 4924 ἀϐιὰστως
3504 4872 3655 4930 προσ·

2119 4957 2396 5028 εὐχεσθαι,
2426 4958 2506 5029 τῷ
2533 4959 2868 5030 προσμένειν
2893 4960 2951 5012 ὲν
2974 4961 3039 5029 τῇ
3073 4959 3267 5030 καρδίᾳ
3289 4957 3383 5010 τὸν
3412 4952 3544 5018 νοῦν,
3575 4945 3656 5001 καὶ

2121 5048 2195 5119 μὴ
2226 5048 2414 5119 βιαίως
2443 5049 2532 5102 διὰ
2582 5053 2682 5121 τῆς
2720 5050 2977 5121 είσπνοῆς
3024 5049 3361 5118 εἰσάγεσθαι,
3396 5045 3485 5100 καὶ
3516 5035 3652 5098 αὖθις

2115 5140 2275 5202 εὐθὺς
2307 5139 2591 5211 ἀποπηδᾷν
2612 5153 2626 5166 ·
2656 5139 2772 5192 ἀλλ’
2807 5140 2969 5193 αὑτὸν
2995 5141 3126 5211 παρ’
3157 5138 3333 5211 ἑαυτῷ
3358 5130 3652 5202 προσμένειν

2113 5231 2310 5302 ταύτῃ,
2342 5232 2435 5284 καὶ
2471 5230 2889 5302 προσεύχεσθαι.
2946 5232 3054 5284 Καὶ
3083 5231 3241 5285 τοῦτο
3270 5233 3382 5284 ἐστι
3421 5225 3507 5280 καὶ
3544 5221 3650 5272 dvo-

2121 5320 2353 5393 μάξεται
2381 5323 2659 5392 προσευχὴ
2695 5323 2990 5393 καρδιακή.
3033 5323 3360 5393 Προηγεῖται
3388 5317 3443 5370 δὲ
3472 5311 3646 5375 ταύτης

2116 5414 2293 5485 θέρμη
2324 5431 2405 5476 τις
2456 5415 2514 5465 ὲν
2543 5416 2609 5483 τῇ
2657 5413 2872 5484 καρδίᾳ,
2912 5413 3035 5483 ἥτις
3067 5413 3325 5467 ἀποσοϐεῖ
3349 5409 3413 5463 τὰ
3452 5399 3641 5474 ὲμποδίυ

2115 5504 2278 5568 ζοντα
2325 5504 2424 5573 τὴν
2467 5502 2739 5573 προτέραν
2780 5503 3028 5575 καθαρὰν
3081 5503 3299 5565 τελείως
3341 5489 3642 5552 ἐκτελεῖσθαι

2118 5596 2446 5666 προσευχήν.
2481 5595 2590 5648 Καὶ
2623 5592 2794 5658 οὕτως
2824 5597 2852 5649 ὁ
2877 5595 2997 5660 νοῦς
3024 5595 3362 5666 προσμένων,
3380 5581 3636 5642 ἀκωλύτως
