4032 6208
349 257 451 323 825

1413 257 1509 319 DE
1552 259 1835 331 QUlETA
1878 258 2532 358 CONl'liliSATlONE.

3500 268 3603 333 326

353 378 411 423 ἔν
445 370 644 442 καρδίᾳ
673 370 915 442 εὔχεται.
964 371 1053 424 Ἐν
1081 370 1136 425 δὲ
1178 372 1240 443 τῇ
1272 369 1499 443 τοιαύτη
1524 371 1701 445 θέρμῃ
1743 389 1802 426 τε
1834 376 1913 427 κατ

2026 386 2268 452 g'guitur
2303 428 2317 452 ,
2346 404 2406 442 ex
2448 404 2552 457 qua
2590 388 2840 459 lacryma:
2870 402 3030 456 quam
3057 384 3375 441 dulcissime
3405 384 3599 449 ﬂuunt,

354 467 655 536 προσευχῇ,
698 465 731 533 ἠ
767 463 903 534 πρὸς
932 463 1023 517 τὸν
1058 464 1531 534 μνημονευόμενον
1583 466 1786 536 Κύριον
1825 468 1928 537 Ἰη-

355 555 481 607 σοῦν
513 556 702 623 ἀγάπη
739 556 796 606 ὲν
830 554 1031 625 καρδίᾳ
1059 556 1300 629 τίκτεται
1324 571 1336 584 ·
1360 556 1419 620 ἔξ
1456 551 1521 626 ἦς
1548 557 1641 609 καὶ
1667 557 1921 627 δάκρυον,

352 645 619 714 γλυκερὸν
640 646 720 697 δτι
762 644 1013 699 πλεῖστον
1039 688 1052 712 ,
1084 647 1339 718 ἀπορρεῖ,
1394 648 1560 701 πόθον
1590 648 1683 701 τοῦ
1712 668 1815 721 μνη
1826 668 1922 721 μο-

352 735 645 803 νευομένον
683 734 877 803 Ἰησοῦ.

425 827 469 877 αι
508 826 522 845 9
590 821 614 840 τ
837 826 857 843 ο
1004 828 1015 844 ο
1164 826 1177 842 ο
1526 829 1550 840 α-
1869 829 1893 839 υ

476 844 503 876 ν
558 842 650 878 ουν
681 843 761 890 τις
795 826 1051 897 ἀςιωθειη
1087 845 1290 880 τουτων
1317 867 1331 892 ,
1369 830 1463 882 καὶ
1484 847 1593 881 των
1627 830 1763 898 μετὰ
1794 847 1923 883 ταυ-

349 934 417 970 τα
458 917 676 971 πάντων
699 947 713 958 -
739 917 774 971 ἃ
796 918 891 970 νῦν
948 920 1127 987 λέγειν
1157 922 1217 973 ού
1252 922 1443 991 καιρός
1466 938 1481 953 ’
1520 922 1770 973 σπεύδειν
1791 923 1916 992 χρὴ,

350 1009 606 1080 καθάπερ
635 1010 871 1080 εἴρηται.
906 1011 995 1064 τὸν
1028 1010 1163 1064 Θεοῦ
1194 1001 1357 1081 φόϐον
1406 1013 1549 1082 ἔχειν
1583 1013 1689 1081 πρὸ
1722 1013 1920 1080 ὀφθαλ-

352 1102 488 1173 μῶν,
526 1104 662 1173 μετὰ
690 1104 786 1172 τῆς
814 1104 1037 1173 μνήμης
1066 1102 1156 1156 τοῦ
1194 1106 1396 1173 Ἰησοῦ,
1428 1105 1571 1157 ἔνδον
1606 1107 1660 1156 ἔν
1699 1104 1917 1173 καρδίᾳ,

349 1196 444 1249 καὶ
477 1195 573 1263 οὔχ
596 1194 782 1256 ἁπλῶς
818 1194 991 1256 ἐκτὸς,
1050 1194 1115 1244 ἵν’
1143 1192 1311 1257 οὕτως
1350 1195 1569 1263 ὲκκλίνῃ
1606 1194 1802 1263 ῥᾳδίως
1847 1194 1910 1245 οὑ

347 1286 458 1339 τῶν
497 1287 676 1357 ἔργων
713 1286 816 1341 τῶν
854 1288 1103 1359 πονηρῶν
1159 1290 1338 1358 μόνον,
1386 1290 1522 1344 ἀλλὰ
1552 1292 1645 1344 καὶ
1677 1295 1782 1347 τῶν
1821 1296 1919 1365 ἔμ-

347 1376 530 1428 ποθῶν
578 1376 869 1443 λογισμῶν,
907 1379 997 1429 καὶ
1043 1381 1121 1441 εἰς
1164 1381 1439 1452 προκοκὴν
1470 1382 1615 1455 ἔλθῃ,
1647 1384 1742 1437 τοῦ
1776 1386 1917 1458 πλη-

349 1464 609 1532 ροφορίαν
630 1465 881 1517 ἐντεῦθεν
915 1469 1085 1535 σχεῖν,
1118 1469 1213 1537 τῆς
1235 1471 1370 1541 πρὸς
1397 1472 1559 1525 αὑτὸν
1589 1472 1806 1545 ἀγάπης
1822 1478 1916 1531 τοῦ

347 1550 483 1603 Θεοῦ
512 1569 525 1582 ·
553 1552 715 1621 μόνον
738 1554 898 1615 αὐτὸς
935 1555 1008 1624 μὴ
1040 1555 1267 1624 ζητείτω
1296 1559 1391 1627 τὴν
1410 1560 1709 1629 ἐμφάνειαν
1730 1563 1913 1630 αὑτοῦ,

348 1640 435 1694 ἵνα
470 1642 544 1712 μὴ
572 1643 788 1711 δέξηται
817 1645 907 1696 τὸν
938 1647 1127 1709 σκότος
1149 1648 1299 1711 ὄντα,
1331 1651 1423 1703 καὶ
1459 1652 1573 1720 φῶς
1602 1649 1742 1707 εἶναι
1781 1657 1916 1709 ὐπο-

348 1734 690 1801 κρινόμενον.
732 1735 895 1787 Ὅταν
933 1738 1041 1807 γὰρ
1075 1740 1102 1789 0
1136 1741 1259 1802 νοῦς
1289 1743 1456 1795 αὐτοῦ
1501 1744 1575 1814 μὴ
1606 1746 1916 1815 ζητοῦντος,

349 1823 464 1889 φῶς
490 1826 612 1892 δρᾷ,
669 1826 744 1895 μὴ
804 1829 1218 1897 παραδεχέσθω,
1254 1832 1389 1901 μήτε
1444 1834 1550 1905 μὴν
1580 1840 1918 1906 καταργείτω

345 1912 522 1966 τοῦτο.
544 1913 682 1967 Ἀλλ’
703 1917 959 1987 ἐρωτάτω
987 1920 1079 1971 τὸν
1096 1920 1285 1989 ἔχοντα
1314 1923 1543 1991 δύναμιν
1566 1924 1797 1991 διδάξαι,
1823 1930 1916 1981 καὶ

346 2005 406 2057 τὸ
430 2006 628 2074 ἀληθὲς
668 2009 1007 2077 μανθανέτω,
1047 2012 1140 2064 καὶ
1163 2014 1209 2064 εἰ
1234 2014 1330 2080 μὲν
1360 2012 1497 2085 εὕρῃ
1520 2015 1611 2067 τὸν
1636 2017 1918 2082 διδάξοντα

345 2098 404 2149 ού
454 2097 637 2161 καθὼς
689 2100 847 2169 μόνον
874 2100 983 2153 ἀπὸ
1026 2102 1123 2171 τῆς
1153 2102 1301 2165 Θείας
1327 2104 1549 2174 Γραφῆς
1580 2106 1721 2174 ἔγνω
1742 2122 1754 2134 °
1781 2108 1917 2162 ἀλλὰ

345 2191 440 2243 καὶ
472 2191 633 2254 αύτδς
670 2194 876 2255 ἐκεῖνος
929 2194 1214 2263 μακαρίως
1258 2194 1427 2248 ἔπαθε
1473 2196 1563 2249 τδν
1613 2198 1914 2267 φωτισμὸν,

343 2281 421 2351 τῷ
452 2281 569 2351 Θεῷ
602 2283 778 2354 χάρις.
804 2284 863 2336 Et
894 2283 939 2336 δ’
971 2280 1064 2337 οὖν
1102 2287 1356 2355 κρεῖσσον
1387 2286 1448 2340 τὸ
1491 2287 1566 2357 μὴ
1606 2288 1915 2358 παραδέξα-

345 2365 489 2432 σθαι,
516 2371 630 2424 ἀλλ’
656 2374 713 2423 ἐν
743 2372 1074 2427 ταπεινώσει
1102 2375 1236 2444 πρὸς
1268 2375 1354 2427 τὸν
1384 2374 1516 2428 Θεὸν
1549 2383 1915 2446 καταφυγεῖν,

343 2460 560 2525 ἀνάξιον
614 2462 835 2515 ἔαυτδν⁹
867 2462 1157 2518 ἀποκαλῶν
1208 2464 1302 2533 τῆς
1346 2464 1604 2535 τοιαύτης
1658 2466 1914 2537 θεωρίας,

343 2552 526 2614 καθὼς
584 2552 675 2605 καὶ
719 2552 878 2607 τοῦτο
926 2554 1079 2622 παρὰ
1123 2554 1229 2607 τῶν
1256 2556 1513 2626 Πατέρων
1555 2556 1916 2628 ἐδιδάχθημεν

343 2642 513 2712 ἔργῳ.
539 2642 602 2696 El
638 2645 745 2715 γὰρ
774 2645 869 2698 καὶ
893 2646 951 2697 ἐν
977 2646 1157 2709 ἄλλοις
1199 2646 1379 2700 αὐτῶν
1413 2648 1808 2718 συγγράμμασι
1848 2651 1916 2703 τὰ

346 2737 546 2802 σημεῖα
577 2735 668 2787 τοῦ
705 2736 1001 2799 ἀπλανοῦς,
1029 2738 1121 2789 καὶ
1151 2737 1243 2790 τοῦ
1268 2741 1367 2807 τῆς
1399 2738 1607 2809 πλάνης
1634 2740 1916 2810 φωτισμοῦ

345 2843 533 2893 φασιν,
559 2827 674 2879 ἀλλ’
699 2826 886 2899 ὥσπερ
910 2831 975 2881 τὰ
1005 2832 1382 2899 προειρημένα
1415 2832 1587 2885 πάντα
1616 2834 1705 2886 διὰ
1733 2832 1915 2901 ζώσης

346 2917 528 2984 φωνῆς
552 2918 810 2987 ἤκουσας,
847 2918 990 2971 οὕτω
1014 2921 1076 2990 δὴ
1116 2922 1207 2974 καὶ
1246 2924 1375 2993 περὶ
1406 2924 1596 2977 τούτου
1630 2923 1767 2977 κατὰ
1792 2940 1916 2977 καιο

348 3005 438 3073 ρδν
462 3007 689 3058 ἀκοῦσαι
710 3022 721 3033 ·
757 3008 851 3060 νῦν
880 3008 990 3078 γὰρ
1023 3010 1085 3062 ού
1113 3010 1325 3081 καιρός.
1363 3012 1533 3065 Τοῦτο
1563 3012 1619 3065 δὲ
1652 3012 1746 3065 νῦν
1781 3013 1916 3082 μᾶλ-

2020 480 2145 535 Ιιδιι
2188 481 2471 534 memorati
2526 481 2820 535 desiderio.

2103 822 2174 877 Ut
2209 823 2373 890 igitur
2404 824 2487 877 his
2512 822 2711 888 a‘iquis
2739 825 2935 887 dignus
2964 827 3031 879 sit
3066 837 3119 880 ct
3153 827 3271 881 aliis
3304 844 3424 895 qum
3469 828 3595 881 inde.

2027 925 2361 979 sequuntur,
2402 929 2545 965 nunc
2577 914 2864 967 dicendum
2898 927 3178 981 remanet;
3213 918 3396 970 conari
3430 933 3591 984 opor—

2020 1014 2091 1056 tet
2133 1003 2223 1056 ι)νί
2258 1004 2506 1058 timorem
2541 1014 2663 1058 ante
2726 1004 2913 1058 oculos
2946 1006 3142 1057 habere
3176 1024 3296 1060 cum
3330 1007 3590 1060 memoria

2018 1097 2142 1149 Jesu
2171 1098 2220 1149 in
2255 1098 2438 1155 corde.
2465 1113 2640 1164 neque
2666 1098 2985 1162 simpliciter
3014 1109 3164 1150 extra
3189 1115 3299 1154 σοι’.
3328 1109 3379 1151 ιιι
3405 1101 3475 1151 ita
3496 1098 3592 1151 du-

2017 1192 2181 1243 cliuct
2217 1191 2369 1243 facile
2398 1206 2502 1243 non
2539 1190 2697 1243 modo
2728 1206 2755 1243 a
2794 1190 2973 1255 pravis
3001 1190 3272 1255 operibus,
3310 1191 3401 1242 sed
3423 1192 3588 1243 etiam
3618 1246 3619 1249 η

2016 1288 2081 1337 ah
2105 1285 2195 1334 oin
2215 1284 2279 1336 iis
2307 1284 2747 1345 cogitationibus.
2768 1294 2820 1336 et
2843 1285 2906 1335 ad
2935 1283 3229 1345 profectum
3260 1283 3436 1334 veniat
3466 1298 3586 1350 per-

2014 1379 2323 1430 suasionem
2392 1376 2620 1429 habendi
2654 1377 2936 1429 citarilatis
2992 1374 3081 1428 Dei
3146 1391 3269 1445 erga
3325 1376 3585 1441 scipsum.

2017 1468 2170 1520 Modo
2196 1483 2303 1520 non
2337 1476 2548 1536 quaerat
2570 1468 2686 1543 ejus
2713 1465 3233 1529 manifestationem,
3268 1480 3335 1517 ne
3364 1464 3588 1533 recipiat

2015 1574 2139 1613 eum
2171 1560 2262 1627 qui
2284 1558 2500 1611 tenchra
2520 1569 2603 1613 est
2633 1569 2683 1612 et
2715 1573 2773 1613 se
2803 1572 2921 1611 esse
2946 1557 3119 1609 lucem
3158 1555 3328 1625 tingit.
3354 1553 3586 1620 Quando

2014 1653 2158 1705 enim
2209 1666 2363 1706 mens
2404 1651 2549 1705 illius
2602 1665 2707 1704 non
2741 1651 3032 1718 qumrentis
3088 1647 3266 1701 lucem
3298 1648 3439 1700 videt
3472 1662 3485 1709 ;
3520 1661 3585 1697 ne

2014 1762 2129 1798 eam
2162 1746 2414 1812 accipiat,
2459 1760 2633 1812 neque
2659 1759 2776 1797 eam
2835 1741 3121 1809 despiciat.
3150 1738 3242 1793 Sic
3276 1738 3442 1807 igitur
3474 1751 3585 1790 me-

2015 1838 2117 1889 lius
2174 1846 2256 1890 est
2310 1851 2427 1890 eam
2461 1851 2567 1889 non
2623 1834 2894 1902 accipere,
2934 1832 3027 1886 sed
3083 1831 3136 1884 in
3186 1830 3490 1883 humilitate
3520 1828 3583 1879 ad

2011 1929 2179 1983 Deum
2245 1927 2559 1997 confugere,
2598 1927 2838 1994 seipsum
2876 1923 3163 1991 indignum
3200 1921 3445 1976 clamans
3491 1918 3580 1972 tali

2011 2020 2495 2089 contemplatione.
2533 2016 2989 2084 quemadmodum
3033 2029 3063 2068 a
3103 2011 3357 2066 Patribus
3418 2024 3582 2077 opere

2008 2106 2317 2162 didicimus.
2352 2103 2407 2160 Si
2433 2106 2579 2161 enim
2614 2105 2664 2157 in
2689 2105 2809 2158 aliis
2840 2105 2954 2158 suis
2980 2102 3236 2169 cperihus
3296 2116 3402 2154 non
3457 2097 3578 2153 falsi

2006 2199 2231 2253 luminis
2260 2199 2415 2268 signa
2446 2208 2498 2254 et
2529 2199 2646 2253 falsi
2674 2196 2917 2260 tradunt,
2971 2198 3075 2249 sed.
3121 2193 3580 2263 quemadmodum

2006 2289 2258 2358 praedicta
2290 2289 2471 2342 omnia
2506 2287 2623 2341 viva
2642 2300 2778 2341 voce
2803 2285 3024 2347 audisti,
3050 2284 3123 2337 ita
3154 2297 3284 2337 sane
3304 2289 3357 2334 et
3380 2283 3448 2335 de
3478 2280 3579 2334 hoc

2007 2382 2221 2445 ultimo,
2270 2388 2518 2451 tempore
2551 2390 2879 2449 Opportuno,
2916 2379 3144 2431 audies:
3204 2388 3347 2429 nunc
3396 2384 3576 2428 autem

2004 2490 2109 2529 non
2141 2484 2224 2530 est
2248 2484 2478 2543 tempus.
2499 2473 2653 2527 Nunc.
2685 2481 2861 2525 autem
2884 2486 3004 2524 cum
3033 2469 3153 2523 aliis
3174 2477 3227 2522 et
3248 2477 3371 2520 ante
3394 2467 3497 2520 alia
3527 2474 3581 2519 te

2002 2566 2215 2622 discere
2243 2574 2476 2636 oportet,
2511 2564 2678 2634 quod,
2709 2560 3172 2633 quemadmodum
3204 2560 3291 2613 ille
3332 2558 3423 2628 qui
3459 2557 3573 2611 vult

2002 2662 2249 2731 sagittam
2282 2638 2531 2713 emittere
2557 2695 2572 2720 ,
2603 2655 2707 2711 nou
2744 2657 2948 2725 absque
2976 2656 3129 2721 signo
3159 2654 3329 2706 tendit
3363 2667 3575 2715 arcum,

2004 2754 2074 2806 ita
2104 2752 2195 2821 qui
2222 2752 2336 2805 vult
2370 2748 2820 2818 tranquillitatem
2886 2746 3118 2807 discere,
3144 2759 3203 2799 se
3235 2743 3350 2797 miti
3408 2742 3576 2797 corde

2000 2858 2122 2897 esse
2154 2842 2352 2896 debere
2386 2850 2640 2911 tanquam
2679 2840 2892 2909 signqu
2923 2837 3137 2898 habeat,
3172 2848 3451 2902 nunquam
3519 2833 3574 2887 in

2000 2934 2246 3003 quolibet
2326 2931 2732 3001 perturbantem
2796 2944 2971 2999 neque
3038 2926 3466 2995 perturbatum:
3528 2924 3573 2978 si

2002 3025 2242 3076 nondum
2277 3023 2342 3076 de
2377 3022 2572 3091 pietate
2603 3021 2674 3075 sit
2716 3034 2917 3073 sermo.
2950 3018 3006 3072 Id
3064 3024 3245 3069 autem
3286 3014 3442 3068 facile
3472 3014 3574 3083 ipsi

344 3095 432 3147 λον
464 3096 598 3164 μετὰ
626 3096 733 3148 τῶν
758 3098 952 3160 ἄλλων,
980 3098 1073 3151 καὶ
1101 3099 1205 3169 πρὸ
1249 3099 1357 3152 τῶν
1385 3101 1557 3154 ἄλλων
1587 3100 1666 3153 δεῖ
1699 3101 1912 3170 μαθεῖν,

2004 3115 2286 3173 succedet.
2320 3115 2387 3168 ab
2422 3113 2677 3168 omnibus
2722 3112 2883 3166 simul
2919 3108 3212 3163 dzsclinattti
3249 3118 3302 3161 et
3332 3108 3573 3174 plerum-

340 3187 442 3250 ὅτι,
473 3186 659 3256 ὥσπερ
690 3188 717 3238 0
748 3188 988 3253 τοξεύειν
1044 3190 1235 3258 μαθεῖν
1290 3189 1457 3260 θέλων
1490 3191 1588 3244 οὐκ
1641 3192 1767 3245 ἄνευ
1815 3208 1907 3261 ση-

346 3276 498 3342 μείου
528 3278 586 3327 τδ
614 3278 768 3343 τόξον
793 3278 981 3343 τείνει,
1015 3278 1186 3343 οὕτως
1218 3283 1245 3334 0
1277 3284 1546 3353 ἡσυχᾶσαι
1577 3283 1769 3353 μαθεῖν
1794 3283 1915 3336 £00-

344 3370 552 3432 λων,τδ
580 3371 675 3449 ηάει
736 3363 909 3442 πρᾶος
952 3369 1092 3428 εἶναι
1144 3377 1241 3445 τὴν
1288 3378 1535 3448 καρδίαν,
1566 3379 1639 3441 ὡς
1690 3380 1915 3449 σημεῖον

341 3464 533 3529 ἐχέτω,
562 3465 835 3534 μηδέποτε
862 3467 919 3519 ἔν
953 3468 1143 3536 μηδενὶ
1167 3471 1474 3539 ταράττων,
1507 3471 1540 3541 ἢ
1577 3471 1916 3541 ταραττόμε-

343 3574 430 3617 νος
456 3572 468 3584 ο
497 3560 543 3608 εἰ
584 3560 768 3628 μήπου
807 3561 936 3628 περὶ
960 3560 1245 3626 εὐσεϐείας
1280 3564 1307 3615 0
1337 3564 1515 3632 λόγος.
1554 3565 1725 3617 Τοῦτο
1750 3565 1805 3617 δὲ
1829 3564 1916 3617 εὑ-

345 3649 511 3709 κοῖως
544 3649 609 3701 ἂν
658 3650 1055 3720 κατορθωθείη,
1094 3653 1310 3706 πάντων
1345 3654 1609 3707 ἐκκλίνων
1650 3656 1784 3726 ἅμα,
1820 3654 1915 3708 καὶ

344 3739 413 3789 τὰ
442 3741 669 3793 πλεῖστα
708 3742 949 3795 σιωπῶν.
986 3745 1047 3796 Ei
1077 3744 1133 3796 δέ
1163 3762 1214 3797 τι
1246 3746 1339 3798 καὶ
1365 3745 1603 3816 συμϐαίη
1646 3747 1796 3811 ποτὲ,
1822 3763 1918 3816 με·

346 3834 551 3884 τανοεῖν
596 3833 775 3898 εύθῦς,
822 3836 913 3887 καὶ
940 3836 1135 3903 ἑαυτοῦ
1180 3836 1678 3906 καταμέμφεσθαι,
1714 3840 1807 3891 καὶ
1833 3840 1913 3901 είς

344 3923 404 3972 τ⁵ι
429 3923 553 3990 ἑξῆς
577 3926 882 3995 προσέχειν,
909 3925 974 3979 ἵν’
1005 3927 1221 3997 ἡσύχως
1254 3945 1312 3981 τε
1344 3930 1438 3982 καὶ
1502 3929 1640 3998 μετὰ
1666 3929 1908 3999 καθαροῦ

347 4015 642 4078 συνειδότος
688 4019 778 4070 τὸν
824 4019 1028 4088 Ἰησοῦν
1079 4020 1252 4090 ἀρχὴν
1308 4021 1482 4091 βαλὼν
1510 4022 1907 4089 ἐπικαλεῖσθαι,

344 4103 421 4163 ὡς
449 4103 680 4172 ἔφημεν,
712 4107 809 4176 τὴν
840 4107 1005 4160 αὑτοῦ
1052 4108 1204 4161 θείαν
1251 4111 1567 4181 χάρινηὸδῷ
1602 4112 1912 4182 προϐαίνων

344 4194 768 4265 ἁναπαυομένην
800 4195 899 4268 ἔξῃ
923 4200 989 4267 τῇ
1047 4199 1193 4269 ψυχῇ
1221 4215 1235 4229 ·
1291 4201 1383 4253 καὶ
1416 4201 1477 4253 ού
1533 4201 1692 4271 μόνον
1733 4201 1908 4266 τοῦτο,

342 4285 477 4337 ἀλλὰ
532 4288 624 4338 καὶ
670 4288 1057 4342 ἀναπαύουσαν
1109 4292 1210 4362 τὴν
1252 4291 1428 4363 ψυχὴν
1461 4294 1657 4357 τελέως
1696 4296 1759 4347 ἐκ
1804 4295 1910 4347 τῶν

340 4376 534 4445 πρώην
584 4377 889 4447 ὀχλούντων
922 4382 1056 4453 αὐτῇ
1094 4382 1366 4453 δαιμόνων
1404 4383 1499 4436 καὶ¹
1548 4385 1758 4448 παθῶν,
1816 4386 1910 4439 καὶ

2004 3205 2345 3274 quetacenti.
2385 3203 2441 3258 Si
2501 3204 2630 3273 quid
2663 3212 2842 3256 autem
2905 3201 3136 3265 accidat,
3193 3199 3375 3254 statim
3406 3196 3575 3266 paeni-

2004 3301 2223 3354 tentiam
2270 3308 2415 3370 agat,
2442 3309 2495 3353 et
2533 3298 2771 3367 seipsum
2812 3298 3098 3365 vituperet,
3162 3303 3216 3347 et
3264 3294 3329 3346 ad
3362 3307 3421 3345 ca
3455 3306 3574 3359 quae

2003 3400 2127 3444 ante
2155 3392 2329 3459 ipsqu
2388 3400 2519 3444 sunt
2571 3389 2772 3446 tendat.
2803 3396 2862 3441 ut
2922 3386 3146 3456 pacilice
3202 3394 3406 3437 etcum
3439 3396 3572 3449 pura

2003 3483 2338 3538 conscientia
2360 3481 2545 3536 Jcsum
2575 3482 2985 3534 fundamentum
3014 3486 3196 3547 ponat,
3222 3476 3569 3541 iuvocctque,

2004 3585 2062 3629 ιιι
2117 3576 2377 3638 diximus,
2433 3575 2670 3627 divinam
2726 3572 2871 3623 illius
2937 3570 3186 3637 gratiam,
3215 3579 3570 3633 progressus-

2001 3681 2108 3736 quc
2138 3680 2255 3717 eam
2285 3665 2335 3716 in
2367 3665 2547 3718 anima
2588 3662 2958 3732 quiescentem
3014 3660 3229 3711 habeat.
3286 3654 3470 3724 Neque
3520 3654 3571 3708 id

2000 3757 2367 3823 solum-nodo,
2401 3757 2492 3810 sed
2512 3766 2566 3810 et
2597 3754 2833 3809 autimam
2878 3753 3070 3806 habeat
3111 3748 3345 3819 perfecte
3398 3763 3427 3801 a
3459 3748 3570 3802 da:—

2001 3852 2244 3905 monibes
2265 3850 2783 3919 cupiditatibusque,
2819 3860 3072 3916 quzceam
3104 3844 3253 3913 prius
3284 3841 3568 3902 vexabant,

1999 3947 2389 4015 quiescentem,
2447 3953 2503 3998 et
2550 3941 2810 3996 ineﬂabili
2867 3940 3047 3995 laetitia
3102 3938 3448 4007 gaudentem.
3512 3932 3569 3986 Si

1997 4042 2140 4092 enim
2165 4047 2214 4089 ct
2247 4052 2465 4092 rursum
2496 4051 2614 4089 eam
2645 4033 2999 4095 conturbent,
3047 4029 3235 4084 saltem
3266 4042 3389 4080 mox
3424 4026 3476 4078 in
3505 4039 3567 4078 ca

1998 4129 2440 4187 dominabuntur,
2462 4127 2585 4196 quia
2617 4142 2723 4179 non
2776 4126 2844 4178 iis
2896 4124 3153 4186 alhmret,
3187 4135 3362 4188 neque
3420 4117 3567 4170 voluo

1998 4231 2200 4293 ptatcm
2229 4221 2354 4275 inde
2374 4219 2778 4290 provcnicntem
2811 4216 2974 4285 cupit.
2998 4216 3191 4268 Totum
3215 4213 3331 4280 ejus
3356 4213 3569 4267 deside.
3601 4261 3605 4264 .

2000 4313 2139 4366 rium
2178 4311 2243 4364 ad
2273 4309 2564 4362 Dominum
2603 4308 2773 4360 tendit
2822 4308 2911 4375 qui
2948 4306 3099 4379 dedit
3134 4304 3404 4374 gratiam:
3445 4317 3569 4370 per-

2001 4403 2167 4457 mittit
2190 4401 2405 4470 quidem
2444 4408 2502 4451 ut
2532 4398 2710 4451 adhuc
2778 4406 3039 4460 tentetur,
3072 4398 3163 4453 sed
3184 4410 3290 4449 non
3323 4410 3441 4447 eam
3477 4394 3568 4447 de-

339 4469 566 4564 dpéqtq)
598 4469 904 4564 εὐφροσύνῃ
928 4473 1325 4543 εὐφραίνουσαν
1347 4475 1538 4545 αὐτήν.
1577 4476 1638 4529 El
1663 4478 1772 4547 γὰρ
1813 4477 1907 4531 καὶ

2004 4494 2277 4564 relinquit.
2355 4491 2577 4557 Quare?
2626 4490 2703 4545 Ne
2738 4505 2893 4543 mens
2950 4489 3254 4557 superbiat,
3310 4503 3374 4540 eu
3424 4487 3566 4553 quod

338 4559 643 4627 ἐνοχλοῦσιν
667 4557 842 4624 αὖθις,
875 4564 989 4615 ἀλλ’
1017 4567 1116 4617 ούκ
1151 4568 1486 4637 ἐνεργοῦσιν,
1516 4569 1596 4622 ὅτι
1632 4568 1706 4640 μὴ
1740 4568 1908 4642 πρόσ-

339 4669 514 4705 κειται
564 4654 768 4717 αὐτοῖς,
817 4656 951 4726 μηδὲ
1003 4657 1162 4710 ποθεῖ
1188 4661 1289 4730 τὴν
1331 4662 1394 4712 ὲκ
1431 4660 1638 4713 τούτων
1666 4661 1859 4732 ἡδονήν
1887 4674 1906 4692 ⁸

335 4746 455 4807 ὅλος
492 4750 601 4815 γὰρ
627 4747 655 4798 0
687 4748 848 4810 πόθος
880 4748 971 4801 τοῦ
995 4749 1236 4803 τοιούτου
1269 4753 1404 4823 πρὸς
1438 4754 1529 4805 τὸν
1582 4753 1786 4824 Κύριον
1816 4754 1905 4807 τδν

334 4833 490 4885 δόντα
513 4834 682 4887 αὑτοῦ
738 4837 836 4906 την
870 4840 1051 4909 χάριν,
1082 4841 1447 4895 ὀινατέταται⁸
1483 4843 1795 4913 πολεμεῖται
1846 4844 1903 4898 δὲ

334 4928 523 4981 λοιπὸν
559 4935 977 5005 παραχωρήσει,
1014 4937 1129 4989 ἀλλ’
1155 4939 1253 4990 οὐκ
1279 4940 1679 5009 ἐγκαταλείψει.
1706 4940 1859 4995 Διατί
1882 4959 1899 5009 ;

336 5020 456 5073 Ἵνα
483 5022 558 5091 μὴ
592 5024 779 5096 ὑψωθῇ
810 5028 837 5080 0
869 5027 994 5089 νοῦς
1018 5028 1289 5095 αύτοῦ,δι⁹
1318 5032 1453 5101 ὅπερ
1479 5027 1635 5100 εὗρεν
1658 5034 1856 5101 ἀγαθόν
1883 5049 1898 5064 ·

331 5114 468 5167 ἀλλὰ
496 5115 928 5188 πολεμούμενος,
959 5121 1369 5192 προσλαμϐάνει
1404 5125 1729 5177 ταπείνωσιν
1768 5124 1853 5178 ἀεί
1885 5137 1894 5147 ·

1993 4594 2194 4643 bonum
2231 4584 2520 4639 invenerit.
2567 4581 2671 4637 Sed
2724 4583 2907 4636 adhuc
2985 4582 3298 4649 impugnata
3355 4592 3569 4647 semper

1992 4677 2229 4745 concipit
2264 4676 2623 4730 humilitatem
2647 4690 2740 4744 per
2768 4690 2928 4744 quam
2967 4688 3071 4727 non
3108 4672 3267 4725 modo
3298 4685 3567 4738 supernos

1995 4770 2181 4823 hostes
2215 4769 2407 4830 vincit,
2439 4768 2531 4822 sed
2575 4775 2628 4821 et
2661 4765 2961 4836 majoribus
3024 4763 3201 4817 adhuc
3220 4762 3378 4815 donis
3406 4762 3566 4830 digna

1991 4869 2094 4917 est.
2126 4858 2349 4925 Quibus
2375 4858 2585 4912 utinam
2611 4857 2761 4926 digni
2794 4857 2970 4911 simus
3039 4871 3133 4925 per
3159 4854 3438 4909 Christum
3471 4851 3564 4919 qui

1988 4951 2230 5018 seipsum
2276 4965 2373 5019 pro
2424 4950 2580 5004 nobis
2634 4947 2965 5013 humiliavit,
2994 4956 3048 4999 et
3078 4946 3144 5000 iis
3173 4944 3264 5014 qui
3294 4958 3351 4997 se
3385 4942 3563 4995 humi-

1985 5047 2122 5102 liant
2156 5048 2381 5116 gratiam
2418 5060 2572 5099 suam
2631 5045 2974 5099 abundanter
3029 5050 3284 5111 praestat,
3318 5054 3466 5093 nunc
3511 5046 3568 5093 et

1988 5152 2197 5206 semper
2218 5146 2271 5190 et
2304 5136 2358 5190 in
2392 5137 2589 5190 stecula
2642 5135 2987 5190 saeculorum.
3026 5134 3220 5188 Amen.

326 5212 396 5267 δι’
428 5210 494 5285 ἦς
526 5216 697 5282 μόνης
734 5216 1003 5299 ούνμόνον
1031 5218 1158 5285 νικᾷ
1194 5217 1320 5277 τοὺς
1353 5214 1741 5285 ὑπερηφάνους
1780 5217 2174 5286 πολεμοῦντας,
2206 5221 2341 5274 ἀλλὰ
2373 5224 2469 5277 καὶ
2502 5225 2719 5295 δωρεῶν
2749 5227 2836 5280 ἀεὶ
2883 5226 3150 5293 μειζόνων
3181 5228 3447 5292 ἀξιοῦται.
3476 5225 3580 5283 Ὧν

330 5308 703 5378 ἀξιωθείημεν
748 5313 841 5362 κιὶ
896 5313 1058 5382 ἡμεῖς
1108 5310 1252 5364 οὕτω
1287 5312 1437 5380 παρὰ
1482 5308 1744 5381 Χριστοῦ,
1796 5311 1891 5363 τοῦ
1944 5316 2388 5378 ταπεινώσαντος
2443 5320 2636 5372 ἑαυτὸν
2687 5321 2828 5390 ὑπὲρ
2863 5320 3042 5391 ἡμῶν,
3105 5322 3196 5374 καὶ
3227 5325 3337 5384 τοῖς
3366 5322 3576 5384 τούτοις

324 5404 605 5464 τιπεινῖς
657 5406 757 5473 τὴν
787 5404 948 5475 χάριν
982 5404 1149 5458 αὑτοῦ
1188 5407 1511 5475 παρέχοντο,
1552 5404 1846 5470 πλουσίως,
1896 5406 1990 5461 νῦν
2037 5410 2128 5462 καὶ
2164 5411 2270 5474 ἀεὶ,
2307 5413 2397 5465 καὶ
2429 5413 2508 5469 είς
2559 5414 2684 5477 τοὺς
2713 5416 2917 5476 αἰῶνας
2953 5416 3060 5466 τῶν
3096 5414 3326 5468 αἰώνων.
3378 5417 3575 5485 Ἀμήν.
