4032 6208
355 276 462 339 8Ξ9
1362 271 1460 331 DE
1499 269 1892 330 ORATIONE
1938 273 2030 331 ET
2071 275 2587 343 AT'I‘ENTIUNE.
3493 270 3599 336 830

363 393 705 463 ἐκπέσωμεν,
718 392 853 447 ἀλλά
868 392 962 446 καὶ
976 393 1092 455 ταῖς
1112 390 1253 445 οὕτω
1269 389 1527 459 φοϐεραῖς
1544 390 1789 453 ἀπειλαῖς
1805 389 1938 443 ὓπο-
1950 384 1997 442 Δ

2083 388 2151 451 la,
2190 403 2319 442 suas
2348 394 2716 459 cogitationes
2745 392 2799 446 in
2832 392 3069 448 animam
3111 391 3334 461 paciﬁca
3358 398 3411 445 et
3444 398 3597 445 tran-

366 482 641 555 πέσωμεν.
669 484 838 539 Ὅταν
857 485 912 537 δέ
937 484 966 535 ό
995 482 1234 545 διάόολος
1271 481 1639 535 ἐπιϐουλεύειν
1662 485 1934 551 ἐπιχειρῇ,

2083 485 2197 539 tille
2259 496 2529 553 agentem,
2584 488 2845 550 immittit,
2902 501 3134 554 eamque
3182 484 3366 539 suhito
3402 483 3590 536 incen-

367 580 459 632 καὶ
476 578 614 649 μετά
630 577 831 647 πολλῆς
845 576 942 645 τῆς
965 576 1341 645 σφοδρότητος,
1360 570 1509 626 ὥσπε
1518 589 1677 643 ρτινα
1699 572 1824 641 βέλη
1846 590 1934 625 πε-

2083 583 2135 639 it,
2169 589 2221 632 et
2248 579 2533 631 diuturnas
2562 588 2613 631 et
2636 578 3045 644 inexplicabiles
3092 575 3387 629 memorias
3407 588 3597 627 eorum

372 670 692 739 πυρωμένα,
723 670 850 733 τοὺς
880 668 1009 740 παρ’
1036 668 1227 721 ἐαυτοῦ
1255 668 1545 736 λογισμοὺς
1574 667 1778 736 ἐνίησιν
1810 668 1941 736 ήσυ-

2083 685 2152 721 ιιτι·
2187 669 2353 722 semel
2383 680 2761 728 occurrerunt.
2796 669 2842 720 ei
2872 669 3069 735 iniieit,
3099 678 3227 721 tunc
3261 667 3454 733 majori
3507 665 3591 717 vi-

370 758 611 829 χαζούσῃ
636 757 727 809 καὶ
754 756 1034 826 ὴρεμούσῃ
1064 759 1128 825 τῇ
1146 756 1310 825 ψυχῇ,
1333 756 1425 808 καὶ
1443 758 1645 825 ταύτην
1666 756 1943 822 αἰφνιδίως

2083 760 2263 813 dantia
2296 773 2356 811 ac
2390 759 2690 812 attentione.
2713 775 2849 825 onus
2878 769 3043 812 estut
3095 758 3176 810 lite
3208 757 3418 811 insidiae
3470 753 3603 821 deji-

373 848 647 917 ἐμπιπρᾷ,
686 848 779 899 καὶ
801 846 1019 916 χρονίας
1050 850 1141 898 καὶ
1182 846 1544 909 δυσεκλύτους
1595 849 1695 907 τὰς
1726 847 1945 914 μνήμας

2083 856 2292 916 iantnr,
2342 863 2597 918 tanquam
2663 851 2878 905 athletas
2936 851 3218 914 cujusdam
3260 844 3606 902 accuratiss-

373 941 483 992 τῶν
512 938 660 1003 ἀπαξ
689 938 1074 1007 ἐμὸληθέντων
1097 938 1415 1006 ἐργάζηται,
1435 937 1735 1006 τηνικαῦτα
1762 938 1943 1006 νήφει,

2083 961 2122 997 ια
2176 945 2423 998 custodia
2478 954 2534 997 et
2584 945 2833 1011 corporis
2890 944 3111 995 levitate
3169 940 3602 995 adversariorum

377 1033 472 1085 καὶ
504 1030 801 1101 προσεχιίᾳ
839 1030 1210 1099 συντονωτέρᾳ
1250 1029 1345 1092 τὰς
1378 1030 1629 1091 τοιαύτας
1657 1030 1946 1094 ἐπιϐουλὰς

2083 1037 2265 1090 tsidias
2296 1037 2637 1090 deturbante.
2671 1036 2894 1090 Summa
2921 1035 3103 1101 operis
3136 1033 3370 1087 orationi
3399 1040 3454 1085 et
3508 1046 3604 1082 su-

379 1121 773 1187 ύπεξίστασθαι
837 1122 942 1174 δεῖ’
982 1123 1235 1191 καθάπερ
1280 1120 1519 1195 ’ἀθλητοῦ
1550 1138 1692 1183 τινος
1723 1123 1947 1191 ἀκριῦε-

2083 1128 2199 1180 crni
2262 1128 2451 1181 auxilii
2486 1129 2815 1180 invocationi
2852 1128 3027 1179 danda
3051 1134 3151 1185 cst.
3188 1126 3241 1178 in
3291 1127 3431 1176 hono
3482 1122 3605 1176 belli

382 1216 553 1285 στάτῃ
580 1214 814 1283 φυλακῇ,
848 1213 943 1265 καὶ
968 1214 1123 1282 τάχει
1173 1212 1443 1282 σώματος,
1477 1214 1572 1274 τὰς
1605 1214 1798 1282 βουλὰς
1842 1215 1949 1267 τῶν

2087 1220 2212 1289 ujns
2239 1222 2386 1273 exitu
2411 1230 2463 1271 ct
2496 1221 2549 1273 in
2574 1220 2801 1273 telorum
2838 1218 3166 1286 repulsione.
3200 1217 3353 1282 Quod
3390 1216 3608 1269 nosdo-

381 1309 690 1362 ἀντιπάλων
720 1307 1120 1376 ἐκτρεπομένου
1140 1323 1153 1336 ·
1186 1308 1277 1359 καὶ
1308 1307 1367 1358 τὸ
1402 1308 1513 1358 πᾶν
1537 1309 1601 1375 τῇ
1652 1312 1948 1377 προσευχῇ,

2083 1317 2150 1370 nit
2185 1315 2382 1369 Paulus
2409 1312 2594 1367 dicens
2633 1331 2647 1364 :
2686 1332 2704 1365 ι
2739 1313 2793 1367 In
2859 1312 3115 1364 omnibus
3150 1320 3429 1363 sumentes
3484 1324 3611 1364 scn-

384 1401 478 1452 καὶ
517 1401 800 1468 ἐπικλήσει
839 1402 940 1469 τῆς
967 1398 1171 1453 ἀνωθεν
1210 1400 1527 1468 συμμαχίας
1562 1399 1790 1464 διδόναι,
1827 1400 1952 1471 ’τὴν

2083 1423 2155 1459 tm
2189 1407 2309 1458 lidei
2350 1405 2394 1437 ⁸⁷
2425 1424 2443 1455 ι
2480 1414 2534 1457 et
2575 1413 2791 1459 caetera.
2830 1403 3060 1469 Quando
3093 1404 3257 1467 igitur
3286 1400 3465 1454 anima
3519 1414 3611 1452 co-

384 1490 477 1543 τοῦ
508 1490 749 1560 πολέμου
804 1490 1161 1569 καθαίρεσιν,Δ
1187 1492 1279 1542 καὶ
1310 1491 1409 1559 τὴν
1462 1492 1571 1543 τῶν
1611 1491 1953 1560 τοξευμάτων

2083 1499 2320 1553 itationis
2357 1498 2461 1551 vim
2487 1507 2542 1552 et
2596 1499 2953 1552 attentionem
2992 1496 3224 1560 relaxat,
3293 1493 3609 1547 memorias-

386 1584 728 1655 ἀποτροπήν.
774 1582 947 1636 Τοῦτο
972 1582 1078 1653 γὰρ
1139 1559 1286 1651 tua;
1334 1583 1362 1633 ὁ
1398 1581 1605 1644 Παῦλος
1640 1581 1844 1648 ἐδίδαξε
1868 1582 1955 1634 λέ-

2087 1604 2153 1641 ue
2184 1589 2452 1658 quaslibet
2480 1589 2673 1642 ohvias
2696 1589 3103 1642 occurrentium
3137 1598 3322 1640 rerum
3353 1584 3608 1646 admittit,

387 1692 521 1739 γων·
560 1693 579 1727 ι
625 1676 747 1729 Ἐπὶ
800 1677 965 1728 πᾶσιν
995 1674 1353 1768 ἀναλαϐόντες
1390 1672 1479 1727 τὸν
1506 1673 1697 1743 θυρεὸν
1728 1674 1825 1743 τῆς
1864 1673 1999 1768 πί-ε

2083 1695 2175 1733 inc
2198 1680 2458 1748 cogitatio
2492 1680 2742 1746 imperite
2772 1689 2823 1730 et
2860 1679 3035 1731 inscie
3063 1678 3129 1731 ad
3164 1678 3263 1730 has
3282 1676 3613 1729 recordatio-

392 1782 583 1829 στεως,
622 1784 641 1817 ι
679 1765 773 1817 καὶ
808 1764 876 1817 τὰ
913 1764 1057 1833 ἑξῆς.
1090 1764 1259 1816 Ὅταν
1290 1759 1385 1817 οὖν
1433 1762 1635 1833 ήψυχὴ
1668 1764 1729 1815 τὸ
1759 1759 1999 1817 πυκνδν“

2083 1787 2146 1825 es
2178 1786 2234 1825 se
2268 1771 2467 1834 ferens,
2509 1770 2684 1839 iisque
2720 1773 3024 1834 adhaerens,
3064 1782 3278 1821 errores
3318 1782 3379 1819 ex
3404 1765 3610 1818 errori-

392 1856 487 1910 καὶ
539 1854 791 1908 σύντονον
838 1854 933 1924 τῆς
990 1854 1229 1915 διανοίας
1277 1852 1665 1922 ὑποχαλάσασα
1690 1891 1705 1913 ,
1740 1856 1960 1921 μνήμας

2085 1879 2148 1927 us
2185 1864 2375 1928 longos
2403 1862 2629 1931 patitur.
2662 1879 2723 1916 ac.
2752 1863 2949 1931 sat-pius
2974 1860 3025 1912 in
3061 1858 3425 1925 turpitudines
3466 1857 3615 1908 inde-

390 1948 492 2011 τάς
521 1945 962 2018 παρατυχούσας.
990 1946 1085 1997 καὶ
1112 1943 1219 1995 τῶν
1246 1944 1518 2012 τυχόντων
1546 1943 1792 2013 ἀναφέρῃ
1822 1957 1961 2010 πρα-

2083 1966 2342 2022 cotesque
2388 1956 2747 2021 cogitationes
2776 1955 2990 2007 demmn
3024 1951 3353 2006 devolvitur.
3398 1948 3501 2001 Sed
3534 1956 3619 2000 ta-

392 2040 639 2109 γμάτων,
676 2038 1020 2106 τηνικαῦταό
1044 2035 1302 2105 λογισμὸς
1340 2034 1699 2100 ἀπαιδεύτως,
1724 2036 1817 2087 καὶ
1866 2035 1961 2086 ἀν-

2083 2063 2151 2099 ξιιι
2186 2050 2379 2100 animm
2402 2048 2812 2114 depressioncm
2844 2057 2899 2100 et
2924 2045 3337 2113 dissipationem
3363 2040 3612 2093 vividiori

396 2130 783 2200 ἐπιστημόνως
816 2128 950 2200 πρὸς
983 2128 1052 2181 τά
1083 2127 1547 2197 ςμνημονευθέντα
1572 2126 1680 2179 τῶν
1704 2126 1962 2195 πραγμά-

2084 2148 2101 2190 ι
2134 2139 2526 2191 vehementiori
2559 2139 2908 2208 cogitationis
2940 2138 3242 2190 attentione
3304 2134 3499 2201 corrigi
3563 2146 3617 2184 et

392 2239 501 2277 των
554 2222 873 2292 φερόμενος,
920 2221 1126 2281 τούτοις
1178 2217 1434 2271 ἐπιπλέον
1485 2217 1960 2286 ἐνασχολούμενος,

2083 2230 2236 2282 etlttri
2270 2239 2506 2297 Oportet,
2541 2244 2773 2297 eamque
2801 2229 2986 2282 statim
3034 2227 3179 2281 circa
3208 2227 3410 2279 bonum
3463 2238 3617 2276 exer-

396 2316 631 2377 πλάνους
670 2316 735 2368 ἐκ
765 2314 980 2367 πλάνων
1009 2310 1327 2383 μεταμείϐει
1360 2310 1625 2380 μακροὺς,
1658 2310 1749 2361 καὶ
1784 2312 1861 2372 είς
1888 2313 1967 2362 αἰ-

2083 2322 2185 2374 eri.
2225 2321 2326 2386 Qui
2368 2322 2512 2373 enim
2567 2336 2691 2373 vere
2748 2321 2966 2389 sapiens
2997 2326 3102 2377 est.
3158 2330 3355 2384 corpus
3415 2313 3619 2367 habens

396 2423 463 2477 η
472 2408 700 2478 ρότητας
720 2406 998 2467 πολλάκις,
1016 2405 1108 2457 καὶ
1120 2404 1347 2466 ἀτοπίας
1365 2403 1581 2456 ἐννοιῶν
1599 2404 1966 2473 καταστρέφει

2083 2428 2309 2481 anquam
2341 2416 2534 2465 animae
2584 2427 2802 2466 servum
2844 2422 3209 2475 securumque
3258 2404 3619 2464 domicilium,

394 2499 808 2553 τὸτελευταῖον.
850 2496 1007 2549 Ἀλλά
1047 2495 1146 2564 τὴν
1209 2495 1309 2564 μὲν
1366 2494 1622 2563 τοιαύτην
1677 2494 1968 2563 ὀλιγωρίαν

2086 2507 2154 2560 isi
2192 2508 2245 2560 in
2284 2505 2401 2559 foro
2439 2513 2706 2567 versetur,
2736 2512 2832 2556 aut
2866 2503 2917 2554 in
2963 2500 3244 2555 hominum
3295 2496 3621 2564 frequentia.

397 2591 495 2659 τῆς
542 2589 739 2659 ψυχῆς,
793 2587 886 2640 καὶ
906 2588 1217 2649 διάστασιν,
1248 2584 1557 2654 πυκνοτέρᾳ
1584 2586 1679 2635 καὶ
1718 2586 1968 2652 ἐπιστρε-

2083 2608 2150 2652 .nt
2174 2599 2223 2651 in
2253 2608 2451 2660 monte,
2473 2605 2567 2649 aut
2596 2596 2649 2649 in
2685 2612 2837 2665 agro,
2858 2603 2948 2648 aut
2980 2594 3031 2647 in
3059 2593 3232 2647 media
3257 2589 3624 2646 multituliue.

401 2683 647 2752 φεστέρᾳ
675 2684 740 2751 τῇ
761 2682 855 2749 τῆς
879 2678 1117 2740 διανοίας
1147 2676 1392 2729 ἐπιτάσει
1415 2674 1758 2744 διορθοῦσθαι
1780 2675 1970 2727 δεῖκαὶ

2083 2708 2113 2743 ιι
2153 2691 2382 2743 naturali
2426 2690 2757 2743 monasterio
2787 2690 2960 2746 sedet.
2996 2686 3141 2739 intus
3166 2684 3431 2749 colligens
3463 2697 3620 2734 men-

402 2775 718 2842 ἐπανάγειν,
756 2772 846 2825 καὶ
885 2773 952 2841 τῇ
988 2770 1124 2841 πρὸς
1150 2769 1212 2821 τὸ
1243 2768 1415 2837 παρὸν
1438 2767 1525 2820 ἀεὶ
1554 2768 1682 2837 περὶ
1736 2769 1804 2819 τὶ
1832 2768 1971 2821 καλά

2083 2797 2190 2846 em,
2217 2792 2271 2835 et
2301 2782 2567 2834 meditans
2610 2794 2727 2847 quae
2770 2778 3010 2845 seipsum
3041 2776 3258 2830 decent.
3295 2772 3435 2827 Fieri
3482 2770 3626 2822 enim

400 2868 683 2936 διασκέψει
724 2863 1137 2935 προσασχολεῐν.
1174 2860 1231 2913 '0
1260 2859 1364 2929 γὰρ
1402 2857 1632 2930 ἀκριϐὴς
1683 2858 1971 2926 φιλόσοφος

2083 2883 2240 2929 potest
2295 2884 2349 2927 ιιι
2390 2872 2482 2941 qni
2545 2872 2686 2926 domi
2720 2870 2970 2925 indolens
2989 2869 3155 2932 sedet,
3206 2865 3448 2921 exterius
3486 2872 3629 2915 erret

405 2962 815 3032 φροντιστήριον
843 2958 981 3028 ἔχων
1024 2956 1085 3009 τὸ
1132 2954 1309 3023 σῶμα,
1357 2954 1452 3008 καὶ
1501 2952 1841 3020 καταγώγιον
1875 2955 1971 3021 τῆς

2083 2967 2411 3035 :ogitatione.
2448 2973 2503 3015 ttt
2538 2963 2583 3017 is
2621 2978 2751 3015 vero
2781 2962 2871 3030 qui
2918 2961 2972 3013 in
3029 2959 3149 3013 foro
3184 2966 3286 3018 est.
3318 2964 3371 3011 et
3404 2953 3631 3019 vigilans

408 3053 584 3122 ψυχῆς
610 3048 865 3119 ἀσφαλές,
896 3047 997 3100 κᾶν
1020 3046 1105 3099 ἐπ’
1128 3046 1332 3115 ἀγορᾶς
1354 3043 1512 3114 τύχῃ.
1532 3044 1636 3097 κᾶν
1656 3046 1714 3096 ἐν
1731 3042 1999 3126 ιιιτανηγύ-⁴

2083 3068 2169 3118 ⁵81,
2196 3068 2456 3127 tanquam
2485 3056 2536 3108 in
2566 3055 2786 3109 deserto
2812 3055 2930 3106 loco
2964 3052 3056 3112 sit.
3099 3049 3163 3103 ad
3202 3064 3259 3102 se
3290 3057 3340 3100 et
3363 3045 3429 3099 ad
3462 3047 3630 3097 Deum

409 3164 514 3217 ρει.
537 3144 641 3197 κᾶν
683 3144 740 3195 ἐν
774 3142 909 3212 δρει,
932 3140 1038 3193 κᾶν
1078 3141 1136 3192 ἐν
1162 3136 1338 3209 ἀγρῷ,
1370 3136 1471 3190 κᾶν
1506 3136 1706 3206 μεταξὺ
1738 3136 1973 3205 πλήθους

2083 3152 2237 3205 ιῡΙιιιη
2275 3164 2588 3211 conversus,
2632 3161 2803 3215 neque
2831 3144 3079 3200 sensibus
3104 3158 3203 3197 eos
3230 3142 3323 3210 qui
3354 3155 3418 3192 ex
3454 3138 3633 3191 sensi-

410 3236 629 3297 πολλοῦ.
650 3238 706 3289 ἐν
734 3235 809 3305 τῷ
834 3232 1049 3303 φυσικῷ
1082 3229 1426 3301 μονασ-τηρίῳ
1457 3228 1797 3297 καθίδρυται.
1828 3228 1975 3281 ἔνδον

2086 3244 2264 3296 ιίΙὶΙιυε
2298 3243 2547 3293 oriuntur
2583 3242 2846 3291 tumultus
2877 3236 3211 3305 percipiens.
3264 3234 3490 3300 Oportet
3532 3231 3639 3296 igi-

410 3334 655 3399 συνάγων
677 3329 768 3381 τὸν
797 3326 939 3391 νοῦν,
960 3326 1052 3379 καὶ
1076 3322 1377 3392 φιλοσοφῶν
1414 3320 1483 3374 τά
1503 3320 1649 3389 αὑτῷ
1677 3322 1975 3391 πρέποντα.

410 3421 641 3475 Δυνατδν
670 3419 777 3489 γὰρ
807 3418 900 3470 καὶ
928 3417 1063 3468 οἴκοι
1107 3412 1411 3483 καθήμενον
1439 3411 1529 3464 τὸν
1565 3408 1826 3480 ῥᾴθυμον,
1871 3409 1975 3475 ἐξω

411 3518 850 3592 περιπλανᾶσθαι
872 3518 983 3578 τοῖς
1001 3515 1304 3584 λογισμοῖς,
1325 3512 1419 3566 καὶ
1447 3512 1537 3565 τδν
1555 3513 1649 3565 ἐπὶ
1663 3512 1758 3580 τῆς
1786 3511 1994 3579 ἀγορᾶς

424 3613 573 3670 ὅντα,
601 3610 838 3679 νήφοντα
859 3606 937 3669 δέ,
964 3605 1038 3667 ὠς
1074 3603 1158 3657 ἐπ’
1181 3602 1418 3675 ἐρημίας
1453 3599 1613 3665 εῖναι,
1644 3600 1777 3668 πρὸς
1804 3600 1992 3652 ἑαυτόν

427 3719 482 3754 τε
518 3702 610 3754 καὶ
646 3700 781 3771 πρὸς
821 3699 913 3750 τὸν
941 3698 1071 3749 Θεὸν
1110 3696 1271 3766 μόνον
1299 3696 1782 3765 ἐπιστρεφόμενον,
1807 3693 1901 3744 καὶ
1929 3690 1993 3743 ού

426 3794 709 3865 δεχόμενον
751 3794 869 3852 ταῖς
911 3789 1196 3859 αἰσθήσεσι
1224 3789 1351 3850 τοὺς
1368 3788 1449 3851 ξέκ
1485 3786 1591 3837 τῶν
1613 3783 1883 3854 αἰσθητῶν

598 3883 855 3955 θορύϐους
876 3879 1339 3951 προσπίπτοντας.
1363 3880 1453 3930 Δεῖ
1475 3875 1567 3929 οὖν
1597 3875 1684 3928 τὸν
1702 3861 1993 3944 προσιόντα

428 3975 507 4044 τῷ
537 3974 747 4043 σώματι
777 3974 871 4026 καὶ
895 3971 971 4041 τῷ
1010 3970 1201 4040 αἵματι
1242 3968 1335 4020 τοῦ
1373 3965 1610 4036 Χριστοῦ
1638 3966 1719 4027 είς
1752 3964 1997 4034 ἀνάμνη-

435 4085 517 4120 σιν
548 4066 709 4119 αὑτοῦ
735 4064 828 4118 τοῦ
859 4064 999 4133 ὑπὲρ
1022 4064 1178 4132 ήμῶν
1207 4060 1589 4121 ἀποθανόντος,
1622 4058 1715 4110 καὶ
1744 4056 1995 4126 ἐγερθέν-

432 4175 543 4222 τος,
573 4158 647 4227 μὴ
676 4158 833 4228 μόνον
858 4155 1184 4226 καθαρεύειν
1210 4153 1318 4207 ἀπὸ
1342 4152 1543 4215 παντὸς
1569 4150 1840 4221 μολυσμοῦ
1872 4164 2003 4218 σαρ-

433 4251 525 4311 γὸς
549 4250 641 4301 καὶ
674 4247 1004 4318 πνεύματος,
1039 4247 1127 4299 ἵνα
1154 4245 1228 4315 μὴ
1263 4248 1342 4308 είς
1375 4247 1547 4315 κρῖμα
1580 4244 1728 4314 φάγῃ
1759 4240 1852 4294 καὶ
1878 4240 1998 4310 πίῃ.

432 4342 564 4394 ἀλλὰ
596 4342 690 4394 καὶ
737 4341 986 4410 ἐναργῶς
1041 4338 1309 4392 δεικνύειν
1354 4338 1451 4405 τὴν
1482 4335 1709 4404 γνώμην
1736 4332 1827 4385 τοῦ
1863 4332 1999 4400 ὑπὲρ

432 4434 587 4502 ἡμῶν
614 4432 979 4494 ἀποθανόντος
1006 4431 1101 4484 καλ⁵
1123 4433 1209 4497 ἐγε
1223 4430 1461 4500 ρθέντος,
1501 4426 1577 4496 τῷ
1604 4426 1677 4496 μὴ
1713 4425 1873 4494 μόνον
1903 4440 2003 4476 κα-

432 4526 687 4597 θαρεύειν
720 4525 829 4581 ἀπὸ
857 4525 1034 4592 πάσης
1058 4523 1357 4593 ἁμαρτίας,
1388 4521 1525 4574 ἀλλὰ
1559 4517 1880 4589 νεκροῦσθαι
1904 4516 2003 4587 μέν

430 4621 493 4687 τῇ
525 4618 793 4687 ἀμαρτίᾳ,
824 4618 918 4669 καὶ
967 4615 1043 4683 τῷ
1084 4616 1291 4683 κόσμῳ,
1329 4628 1421 4667 και
1456 4612 1655 4681 ἐαυτῷ,
1704 4613 1803 4679 ζῇν
1830 4610 1883 4661 δέ
1923 4606 2002 4678 τῷ

431 4709 568 4779 Θεῷ.
612 4708 733 4760 Τῶν
759 4706 1012 4778 πονηρῶν
1040 4705 1314 4774 λογισμῶν
1358 4706 1407 4757 oi
1449 4705 1548 4774 μὲν
1580 4702 1807 4765 οὐδόλως
1850 4698 2005 4771 ἡμῶν

432 4798 773 4852 ἐπιϐαίνουσι
803 4800 899 4867 τῆς
928 4799 1126 4869 ψυχῆς,
1148 4798 1212 4849 ἃν
1236 4796 1404 4865 πολλῇ
1435 4794 1860 4865 περιφράξωμεν
1883 4794 2007 4845 ἐαυ-

429 4890 555 4950 τοῦς
583 4888 885 4959 ἀσψαλείᾳ*
919 4890 967 4940 οί
996 4888 1051 4940 δὲ
1092 4888 1367 4940 τίκτονται
1410 4887 1508 4955 μὲν
1558 4885 1707 4938 ἔνδον
1751 4884 2005 4955 ρᾳθυμη-

435 4981 644 5033 σάντων
670 4980 833 5051 ήμῶν
865 4982 960 5032 καὶ
980 4979 1400 5048 βλαστάνουσιν·
1433 4976 1498 5031 ἂν
1516 4977 1571 5029 δὲ
1599 4975 2007 5047 προληφθῶσιν,

432 5071 825 5140 ἀποπνίγονται
864 5072 1074 5141 ταχέως
1095 5072 1189 5123 καὶ
1222 5069 1881 5139 καταχώννυνται.Ἀλλοι
1911 5067 2007 5121 καὶ

431 5165 706 5216 τίκτονται
750 5165 840 5217 καὶ
876 5164 1200 5229 αὑξάνονται
1235 5164 1329 5215 καὶ
1360 5163 1496 5233 πρὸς
1520 5162 1616 5224 τάς
1646 5162 1885 5233 πονηρὰς
1904 5161 2007 5232 ἐμ-

435 5255 677 5309 ϐαίνουσι
708 5255 956 5326 πράξεις,
988 5256 1082 5309 καὶ
1110 5257 1288 5309 πᾶσαν
1312 5254 1467 5325 ήμῶν
1494 5255 1682 5322 ὑγείαν
1710 5255 1807 5323 τῆς
1831 5254 2009 5324 ψυχῆς

434 5346 862 5416 διαφθείρουσιν,
913 5349 1042 5401 ὅταν
1082 5350 1140 5401 ἐν
1194 5348 1363 5418 πολλῇ
1411 5346 1696 5417 γενώμεθα
1744 5347 2007 5420 ῥαθυμίᾳ.

436 5439 509 5490 Τὸ
543 5439 644 5506 μὲν
694 5434 787 5491 οὖν
820 5440 1119 5511 μακάριον,
1152 5440 1212 5493 τὸ
1249 5440 1495 5511 μήδόλως
1529 5430 1783 5506 δέξασθαι
1838 5456 2009 5509 πονη-

438 5531 529 5600 ρὸν
552 5530 813 5602 λογισμόν
847 5533 965 5585 ἐστι
994 5548 1009 5564 ⁸
1039 5533 1099 5587 τὸ
1121 5532 1178 5587 δὲ
1205 5534 1323 5605 μετ’
1357 5533 1557 5599 ἐκεῖνο,
1598 5531 2009 5595 ἐπεισελθόντας

515 5740 562 5771 *⁷
610 5738 806 5810 Ephes.
834 5753 907 5807 vt,
943 5734 1039 5791 16..

2069 3339 2157 3382 tur
2180 3345 2302 3381 cum
2339 3330 2427 3394 qui
2453 3327 2660 3379 accedit
2696 3328 2759 3379 ad
2782 3339 2981 3393 corpus
3005 3334 3057 3377 et
3080 3322 3402 3391 sanguinem
3430 3319 3637 3374 Christi

2072 3428 2125 3481 in
2165 3426 2482 3477 memoriam
2513 3424 2685 3493 ipsius
2733 3438 2831 3491 pro
2886 3421 3044 3474 nohis
3077 3418 3274 3473 mortui
3306 3431 3369 3470 ac
3403 3413 3637 3468 resusci-

2072 3518 2169 3573 tati
2201 3533 2305 3569 non
2358 3518 2519 3569 modo
2554 3530 2675 3569 esse
2709 3516 2777 3569 ah
2800 3513 2948 3567 omni
2991 3511 3237 3580 corporis
3288 3524 3353 3562 at:
3408 3506 3636 3574 spiritus

2075 3610 2195 3663 lal‘e
2229 3624 2444 3677 purum.
2484 3622 2549 3659 ne
2619 3607 2670 3659 itt
2722 3605 2987 3673 judicium
3036 3603 3325 3654 manducet
3372 3608 3427 3652 et
3472 3597 3638 3656 bibat.

2077 3700 2171 3755 Sed
2220 3700 2552 3753 voluntatem
2591 3710 2849 3766 prtestare
2879 3692 3044 3763 hujus
3076 3693 3167 3763 ιιιιί
3193 3710 3288 3759 pro
3311 3691 3468 3742 tinhis
3498 3705 3644 3739 mnt-

2078 3804 2200 3845 ιιιιις
2233 3802 2311 3843 est
2336 3805 2397 3843 ac
2426 3788 2745 3848 resurrexit.
2782 3802 2888 3839 non
2926 3783 3086 3837 modo
3123 3798 3180 3836 se
3211 3782 3277 3834 ab
3304 3779 3453 3831 ιιιιιιιί
3483 3777 3638 3844 culpa

2078 3886 2456 3948 mundantem,
2488 3883 2581 3937 sed
2638 3891 2688 3934 et
2724 3876 3064 3933 ostendendo
3100 3892 3158 3930 se
3203 3882 3476 3927 mortuum
3523 3886 3646 3925 esse

2077 3990 2131 4034 et
2182 3989 2404 4049 peccato
2438 3986 2489 4029 et
2523 3972 2726 4027 mundo
2764 3979 2819 4025 et
2863 3971 2987 4036 sibi,
3048 3967 3155 4021 Deo
3204 3977 3383 4020 autem
3441 3964 3648 4017 vivere.

2081 4073 2377 4127 Pravarum
2418 4065 2804 4135 cogitationum
2838 4062 2957 4115 alia:
3011 4060 3231 4129 quidem
3267 4070 3546 4124 nunquam
3593 4055 3648 4106 in

2080 4163 2318 4217 animam
2354 4168 2597 4213 nostram
2636 4153 2959 4217 ascendunt,
2994 4150 3039 4204 si
3074 4165 3172 4204 nos
3226 4146 3389 4201 multa
3432 4144 3646 4205 securi-

2082 4264 2191 4309 tate
2211 4253 2553 4312 muniamus;
2586 4247 2704 4299 aliae
2733 4260 2863 4298 vero
2920 4242 3070 4296 intus
3102 4241 3396 4310 gignuntur
3454 4242 3653 4288 nostrae

2087 4346 2394 4402 indolentia:
2428 4358 2591 4395 causa
2610 4348 2660 4393 et
2692 4344 2985 4397 crescunt;
3024 4333 3069 4385 si
3090 4347 3216 4384 vero
3248 4328 3652 4398 prtecipiantur,

2086 4440 2235 4496 brevi
2285 4437 2625 4490 suﬂocantur
2663 4440 2715 4485 et
2755 4429 2809 4482 itt
2850 4424 3177 4497 profundum
3248 4424 3653 4487 demerguntur.

2081 4530 2213 4587 Alia:
2252 4541 2434 4583 autem
2472 4535 2524 4580 et
2558 4524 2857 4594 gignuntur
2896 4528 2949 4571 et
2980 4526 3247 4586 augentur
3277 4521 3333 4566 et
3387 4511 3452 4565 ad
3490 4509 3661 4561 malos

2083 4633 2237 4680 actus
2278 4619 2602 4694 procedunt,
2634 4626 2686 4671 et
2713 4627 2930 4667 omnem
2962 4610 3156 4663 anima:
3209 4615 3406 4660 nostrae
3440 4604 3653 4656 sanita-

2085 4725 2190 4771 tem
2218 4717 2603 4780 corrumpunt,
2646 4705 2865 4777 quando
2910 4704 2970 4757 in
3009 4700 3174 4755 multa
3207 4698 3500 4751 indolentia
3535 4709 3658 4748 ver-

2085 4823 2290 4866 samur.
2327 4803 2702 4858 Beatissimum
2755 4800 2915 4868 igitur
2941 4804 3043 4860 est,
3093 4793 3135 4846 si
3187 4790 3388 4843 nullam
3424 4788 3651 4841 omnino

2094 4910 2311 4968 pravam
2384 4891 2737 4946 admittamus
2800 4884 3227 4953 cogitationem;
3302 4879 3429 4932 huic
3483 4887 3664 4930 autem

2066 4984 2345 5044 'felicitati
2404 4984 2711 5053 proximum
2759 4988 2841 5032 est
2873 4976 3243 5046 ingredientes
3298 4969 3664 5035 cegitationes

2095 5081 2358 5137 citissime
2390 5076 2646 5146 repellere
2676 5086 2851 5142 neque
2885 5086 2978 5124 eas
3032 5067 3237 5121 diutius
3270 5061 3555 5117 inmorari
3590 5058 3664 5110 εί-

2098 5189 2246 5240 nere,
2284 5174 2356 5224 ita
2386 5179 2443 5223 ut
2474 5176 2657 5221 nostra
2698 5178 2900 5233 pascua
2952 5158 3095 5213 mala
3129 5172 3235 5210 non
3261 5154 3568 5207 reddamus.
3608 5147 3663 5199 Si

2096 5282 2258 5337 porro
2281 5280 2343 5319 eo
2379 5276 2551 5331 usque
2576 5258 2874 5312 indolentcs
2897 5256 3091 5316 simus,
3130 5250 3295 5317 hujus
3329 5239 3665 5302 ἰιιιιοιιιιιιίςιι,

2095 5356 2471 5413 misericordia
2520 5353 2632 5417 Dei,
2671 5351 2821 5404 adest
2848 5344 3153 5401 consolatio
3205 5348 3258 5393 et
3318 5335 3507 5395 multa,
3570 5332 3669 5384 hac

2093 5449 2353 5505 ineli‘abili
2389 5445 2648 5507 bonitate,
2682 5438 2840 5492 nobis
2896 5440 3084 5504 parata
3132 5438 3258 5483 sunt
3312 5422 3570 5477 remedia.
3596 5417 3672 5470 Te

2096 5546 2259 5617 igitur
2289 5543 2479 5596 hortor
2515 5545 2593 5602 ut,
2624 5539 2887 5602 quantum
2921 5537 3123 5593 corpus
3159 5520 3312 5582 sinit,
3367 5526 3461 5565 eor
3513 5518 3665 5577 tuum
