4032 6208
348 291 3606 337 39W

1455 469 1636 511 CIRCA
1685 470 1906 512 ANNUM
1961 470 2191 515 DONIINI
2226 473 2497 515 MCCCI.X.

848 642 1731 873 CALLISTUS
1859 642 3120 880 CATAPIIUGIO’I‘A

1680 1160 2278 1275 ΝΟΊῚΤΙΑ

1234 1383 1333 1452 (Ex
1361 1384 1687 1449 Φιιοκαλίᾳ
1721 1382 1839 1436 τῶν
1870 1380 2043 1451 ἱερῶν
2068 1384 2407 1453 Νηπτικών,
2443 1404 2491 1456 p.
2541 1389 2674 1441 1115
2708 1394 2721 1453 )

430 1627 731 1690 Κάλλιστος
766 1626 795 1679 ὁ
816 1624 1109 1688 ὁσιώτατος
1147 1628 1334 1696 Πατὴρ
1361 1626 1518 1696 ἡμῶν
1545 1627 1573 1678 ὁ
1601 1624 1696 1677 καὶ
1736 1626 1923 1677 Κατα-

2092 1645 2376 1707 Callisms,
2404 1648 2789 1704 sanctissimus
2850 1650 2977 1703 Patc

359 1719 639 1790 φυγιὼτης
669 1718 1103 1788 ἐπικαλούμενος
1131 1719 1284 1789 (ἴσως
1310 1718 1408 1786 τῆς
1448 1717 1784 1779 ἐπικλήσεως
1806 1717 1927 1767 ταύ-

356 1834 458 1883 της
521 1815 709 1883 ἔτυχεν
763 1812 869 1865 ἀπὸ
935 1811 1260 1881 Ἐκκλησίας
1299 1811 1446 1873 τινὸς
1488 1811 1584 1879 τῆς
1639 1810 1924 1871 Θεοτόκου,

358 1906 700 1974 Καταφυγῆς
728 1903 933 1957 οὑτωσὶ
966 1900 1431 1973 ὲτιικεκλημένης)
1482 1901 1567 1963 τίς
1616 1916 1675 1953 τε
1714 1894 1803 1969 ἦν,
1833 1900 1929 1952 καὶ

356 2002 477 2052 τίνα
510 1999 634 2067 ἔσχε
667 1990 925 2068 πατρίδα,
977 1996 1073 2049 καὶ
1129 1994 1231 2047 ποῦ
1275 1993 1365 2045 τὸν
1398 1992 1812 2062 ἀναχωρητικὸν
1850 1991 1929 2043 δι-

356 2094 523 2163 ήνυσε
555 2092 690 2162 βίον,
722 2089 878 2143 οὐδὲν
898 2088 1104 2142 τούτων
1136 2086 1286 2159 παρὰ
1330 2085 1438 2138 τῶν
1476 2084 1727 2154 ἱστοριῶν
1752 2101 1927 2154 μεμα-

358 2186 631 2254 θήκαμεν.
667 2184 832 2238 Ὅσον
863 2181 918 2235 δὲ
948 2180 1057 2235 ἀπὸ
1098 2179 1207 2232 τῶν
1242 2178 1527 2249 παρόντων
1558 2176 1722 2230 αὐτοῦ
1759 2193 1927 2244 κεφα-

356 2278 524 2331 λαίων
544 2273 1051 2346 τεκμηριὼσασθαι,
1084 2273 1221 2341 ἀνὴρ
1248 2267 1314 2343 ἦν
1352 2271 1429 2339 τῷ
1452 2270 1563 2323 ὄντι
1596 2270 1722 2340 περί
1742 2287 1799 2321 τε
1830 2268 1928 2338 τὴν

355 2370 461 2435 ἔξω
490 2370 583 2421 καὶ
607 2367 703 2437 τὴν
733 2366 840 2420 ἔσω
872 2365 1121 2419 παιδείαν
1152 2362 1612 2433 φιλοσοφώτατος,
1636 2365 1729 2416 καὶ
1765 2362 1927 2431 μάλιο

359 2480 460 2514 στα
505 2461 641 2529 πρὸς
681 2458 929 2527 θεωριῶν
951 2457 1103 2525 ὕψος,
1154 2456 1249 2509 καὶ
1288 2456 1467 2525 βάθος.
1509 2456 1682 2525 μῆκός
1722 2472 1782 2507 τε
1834 2455 1928 2507 καὶ

356 2554 559 2615 πλάτος
604 2548 815 2620 νοητὸν,
872 2550 1031 2618 εῐττερ
1082 2564 1164 2610 τις
1220 2546 1399 2612 ἄλλος,
1447 2544 1923 2606 διαδατικώτατος.

369 2644 495 2699 Ἐπὶ
521 2643 771 2696 τοσοῦτον
816 2641 926 2711 γὰρ
956 2643 982 2694 ὁ
1017 2641 1286 2709 μακάριος
1317 2638 1454 2706 πρὸς
1476 2637 1534 2690 τὸ
1561 2638 1928 2706 ὑπερκόσμιον

356 2736 455 2804 τῆς
498 2732 799 2804 Τριαδικῆς
846 2731 1301 2800 ὑπερουσιότητος
1338 2729 1655 2797 ἀπόκρυφον
1701 2726 1797 2779 ’Ἑν
1839 2728 1929 2779 ἁν-

357 2826 595 2880 ετείνετο
626 2825 914 2894 συνεργείᾳ
945 2823 1045 2892 τῆς
1077 2823 1319 2892 χάριτος.
1352 2820 1447 2873 καὶ
1491 2818 1663 2882 οὕτως
1692 2820 1783 2871 ἐπὶ
1830 2819 1929 2890 τὴν

356 2922 451 2974 τοῦ
506 2918 643 2972 Θεοῦ
692 2918 944 2987 ὲποψίαν.
973 2918 1066 2969 καὶ
1117 2916 1320 2984 ἆμεσον
1350 2913 1563 2979 ἕνωσιν,
1614 2913 1708 2965 καὶ
1739 2913 1929 2983 νοερὰν

310 3026 315 3029 ’
360 3016 541 3081 σιγὴν,
586 3013 676 3064 καὶ
710 3010 1127 3077 ὑπεράγνωστον
1158 3007 1430 3073 ἀγνωσίαν
1486 3005 1704 3058 πάντων
1758 3003 1993 3067 ἅπαξ-Β

359 3107 547 3167 απλὼς
569 3103 962 3172 ἀπολελυμένος
980 3098 1250 3170 ἀνηνέχθη
1282 3098 1348 3149 δι’
1363 3096 1662 3167 ὑπερϐολὴν
1690 3094 1928 3165 καθαρό-

359 3217 540 3268 τητος,
577 3196 652 3258 ὡς
691 3193 919 3261 ἄγγελον
945 3192 1101 3245 ἄλλον
1162 3189 1401 3261 ἀληθῶς,
1456 3188 1552 3242 καὶ
1601 3187 1735 3239 Θεὸν
1788 3184 1930 3239 κατὰ

362 3294 524 3360 χάριν
554 3290 645 3340 ἐπὶ
677 3288 779 3356 γῆς
810 3284 1117 3354 φαίνεσθαι.
1155 3284 1311 3346 Τινὲς
1348 3282 1445 3352 μὲν
1481 3279 1574 3335 οὖν
1601 3280 1762 3333 αὑτὸν
1790 3279 1925 3347 ἐφη-

362 3402 461 3436 σαν
494 3381 795 3434 Κάλλιστον
832 3372 969 3429 εἶναι
1006 3376 1096 3428 τὸν
1132 3374 1507 3428 Ξανθόπουλον
1536 3373 1628 3425 τὸν
1655 3372 1757 3440 τῆς
1786 3373 1932 3424 Κων-

361 3474 639 3529 σταντίνου
700 3468 1253 3540 πατριαρχεύσαντα,
1283 3468 1374 3520 τὸν
1406 3467 1473 3519 τὰ
1522 3464 1737 3528 ἑκατὸν,
1766 3464 1930 3533 φημὶ,

360 3568 524 3634 ἕτερα
582 3561 858 3630 κεφάλαια
912 3556 1405 3628 συγγραψάμενον,
1448 3554 1567 3607 δυσὶ
1613 3551 1932 3622 τεκμηρίοις

360 3657 651 3729 χρώμενοι.
720 3654 933 3707 Ἐκεῖνα
980 3652 1077 3720 μὲν
1132 3651 1264 3720 γὰρ,
1322 3648 1476 3715 φασὶ,
1509 3645 1751 3699 ταπολλὰ
1806 3644 1932 3712 περὶ

366 3750 673 3822 πρακτικῆς
696 3747 1023 3816 διειλήφασι,
1048 3744 1225 3796 ταῦτα
1252 3743 1310 3795 δὲ
1335 3741 1462 3810 περὶ
1491 3737 1727 3808 θεωρίας
1764 3735 1934 3806 μόνης

366 3845 460 3895 καὶ
490 3841 600 3909 βίον
628 3834 985 3909 θεωρητικοῦ.
1015 3834 1271 3904 Πράξεως
1318 3832 1373 3884 δὲ
1418 3831 1513 3883 καὶ
1544 3828 1777 3898 Θεωρίας
1805 3844 1931 3879 συν-

363 3935 628 4005 ημμένων
682 3931 937 4000 ἀλλήλαις
985 3927 1181 3988 οὐσῶν,
1215 3926 1319 3978 ἔδει
1381 3923 1521 3976 κατὰ
1553 3923 1614 3975 τὸ
1657 3921 1801 3983 εἰκὸς
1837 3921 1936 3973 ἕνα

364 4042 429 4092 γε
459 4019 599 4076 εἶναι
625 4022 715 4074 καὶ
746 4021 837 4074 τὸν
885 4019 1013 4089 περὶ
1042 4018 1245 4070 τούτων
1294 4013 1739 4084 διερμηνεύοντα.
1792 4012 1935 4081 Πρὸς

363 4119 440 4180 δὲ,
472 4117 554 4169 ὅτι
589 4116 681 4168 καὶ
707 4113 874 4167 πολλὰ
903 4113 1010 4165 τῶν
1037 4111 1287 4171 ἐκείνοις,
1312 4106 1483 4161 ταῦτα
1521 4106 1614 4159 καὶ
1641 4109 1751 4167 τοῖς
1785 4122 1934 4173 παρ-

363 4206 516 4259 οῦσιν
574 4203 1010 4274 ὲμφὲρεται,ὅσα
1047 4214 1110 4266 γε
1141 4199 1220 4259 είς
1250 4195 1507 4265 ἐπιϐολὴν
1547 4195 1684 4258 νοδς,
1721 4194 1816 4246 καὶ
1832 4210 1937 4246 πα-

368 4290 600 4362 ραδοχὴν
653 4291 801 4360 ἥκει,
852 4290 946 4340 καὶ
1005 4286 1154 4339 θείαν
1210 4285 1427 4343 ἕνωσιν,
1481 4283 1576 4335 καὶ
1627 4280 1934 4349 καρδιακὴν

364 4384 648 4452 ἐνέργειαν
675 4382 768 4434 καὶ
794 4377 1093 4449 φωτισμόν.
1129 4377 1191 4430 Οἱ
1233 4377 1312 4439 δὲ,
1344 4375 1531 4444 ἕτερον
1568 4372 1780 4426 ἐκείνου

365 4478 455 4530 τόν
484 4493 613 4545 φασι
636 4474 722 4527 διὰ
754 4474 813 4525 τὸ
842 4469 1293 4541 παρηλλαγμένον
1322 4466 1456 4537 ὕφος
1503 4468 1600 4533 τῆς
1662 4465 1939 4534 ἑκατέρων

370 4570 645 4639 φράσεως,
689 4564 879 4633 Ἡμεῖς
912 4563 967 4615 δὲ
1007 4563 1206 4631 μᾶλλον
1231 4563 1339 4622 τοῖς
1369 4559 1655 4628 προτέροις
1696 4557 1940 4609 συναινέσ

368 4680 457 4714 σαι
501 4660 609 4711 δεῖν
641 4658 910 4725 ἔγνωμεν,
949 4652 1117 4722 μηδὲν
1159 4652 1256 4720 τὴν
1296 4651 1390 4702 τοῦ
1449 4649 1615 4717 ὕφους
1644 4648 1940 4709 δεδοικότες

368 4750 691 4818 ἐναλλαγήν.
745 4746 982 4799 Δυνατδν
1018 4743 1126 4813 γάρ
1157 4744 1269 4794 ἐστι
1296 4744 1388 4795 καὶ
1424 4740 1547 4810 μάλ’
1578 4738 1809 4809 εὔπορον
1828 4742 1941 4802 τοῖς

368 4844 551 4910 σοφοῖς
602 4840 953 4910 καταλλήλως
996 4838 1117 4898 ταῖς
1179 4833 1501 4887 ὑποθέσεσιν
1545 4833 1806 4903 ἁρμόζειν
1847 4832 1942 4885 καὶ

365 4933 437 4985 τὰ
465 4934 563 4999 τῆς
594 4931 869 5000 φράσεως,
896 4928 988 4980 καὶ
1010 4922 1286 4985 ταπεινῶς
1320 4922 1417 4990 μὲν
1451 4920 1514 4972 τὰ
1535 4921 1785 4981 ταπεινὰ,
1810 4919 1943 4989 ὑψη-

366 5024 473 5086 λῶς
512 5023 567 5074 δὲ
598 5023 691 5073 καὶ
718 5020 1111 5090 μεγαληγόρως
1154 5013 1452 5083 ὲκιρρὰζειν
1481 5011 1549 5063 τὰ
1580 5011 1779 5080 ὑψηλά.
1803 5010 1941 5063 Τοῦ-

365 5135 427 5170 το
447 5116 502 5168 δὲ
537 5114 751 5184 ἀληθῶς
783 5112 1027 5181 ἀνιαρὸν,
1054 5110 1134 5162 ὅτι
1165 5110 1243 5171 είς
1271 5104 1605 5158 ὲκατοντὰδα
1635 5121 1756 5168 που,
1791 5104 1865 5165 ὼς
1885 5102 1944 5167 ἐξ

366 5206 657 5277 εἰκασμοῦ,
700 5204 809 5257 τῶν
849 5203 1162 5271 κεφαλαίων
1210 5197 1654 5268 πληθυνομένων,
1693 5198 1787 5249 καὶ
1833 5197 1943 5249 τῶν

365 5302 470 5353 ὅσα
499 5298 563 5367 δὴ
619 5295 839 5349 πώποτε
876 5296 1004 5362 περὶ
1048 5290 1392 5363 θεωρητικοῦ
1448 5290 1758 5359 διειλήφασι
1804 5289 1941 5359 βίου,

368 5390 719 5462 ὑψηλοτάτων
752 5404 815 5453 γε
836 5386 1023 5450 ὄντων,
1054 5385 1127 5448 ὡς
1151 5372 1248 5452 ἐμὲ
1289 5384 1509 5441 εἰδέναι.
1536 5383 1629 5435 καὶ
1674 5381 1943 5435 τελεωτά-

366 5501 477 5538 των
513 5484 623 5544 τοῖς
652 5497 712 5533 τε
747 5481 1007 5549 νοήμασι,
1029 5481 1122 5530 καὶ
1150 5477 1227 5548 τῷ
1267 5476 1633 5546 μεγαληγόρῳ
1671 5474 1771 5543 τῆς
1806 5474 1944 5543 φρά-

371 5591 537 5637 σεως,
566 5573 660 5626 καὶ
680 5574 746 5643 τῇ
775 5572 910 5641 ἄλλῃ
941 5569 1281 5639 καλλιεπεὶᾳ,
1314 5569 1403 5621 ναὶ
1438 5567 1546 5637 μὴν
1578 5566 1672 5620 καὶ
1700 5567 1820 5627 ταῖς
1837 5563 1943 5617 τῶν

2989 1668 3011 1703 r
3066 1666 3274 1715 noster.
3322 1656 3604 1727 Cataphu-

2022 1739 2195 1801 giotes
2251 1738 2415 1790 etiam
2450 1740 2868 1806 cognominatus
2904 1744 3052 1810 (hoc
3109 1744 3245 1798 forte
3297 1761 3597 1816 cognomen

2019 1828 2249 1889 adeptus
2283 1837 2365 1882 est
2426 1844 2495 1883 ex
2526 1832 2759 1900 quadam
2803 1834 3036 1889 ecclesia
3071 1833 3332 1901 Dripar'tt,
3367 1855 3488 1907 quae
3532 1856 3597 1895 ex

2018 1920 2136 1989 ipsa
2182 1920 2494 1994 Catapbyga
2550 1926 2935 1994 cognominata
2982 1928 3176 1997 erat).’
3204 1929 3305 1985 Ubi
3357 1935 3601 1986 anacho-

2022 2000 2247 2067 reticatn
2278 2016 2446 2069 vitam
2479 2018 2671 2085 egerit,
2701 2031 2766 2070 ex
2809 2017 3089 2073 historicis
3109 2036 3217 2076 non
3272 2022 3598 2079 didicimus.

2020 2103 2297 2169 Quantum
2330 2114 2513 2161 autem
2538 2123 2606 2162 ex
2637 2109 2769 2178 ipsis
2801 2114 2922 2178 ejus
2953 2112 3227 2182 capitibus
3274 2114 3399 2170 licet
3430 2119 3604 2186 conji-

2022 2212 2167 2262 cere,
2200 2200 2281 2252 vir
2315 2210 2437 2254 erat
2462 2200 2639 2270 reipsa
2673 2203 2725 2256 in
2750 2204 2998 2272 profanis
3068 2206 3351 2278 sacrisque
3409 2211 3604 2265 litteris

2023 2291 2537 2355 exercitatissimus,
2622 2308 2687 2347 ac
2756 2297 3054 2363 praesertim
3126 2302 3603 2368 contemplationis

2025 2381 2335 2447 altitudine,
2392 2383 2762 2453 profunditate
2789 2426 2806 2452 ,
2843 2386 3180 2456 longitudine
3216 2405 3280 2445 ac
3319 2391 3605 2448 latitudine

2027 2474 2359 2538 intellectus,
2394 2477 2438 2531 si
2495 2475 2620 2547 quis
2675 2478 2836 2542 alius,
2895 2481 3151 2537 eximius.
3214 2483 3362 2538 Adeo
3423 2496 3602 2540 autent

2026 2567 2215 2623 beatus
2277 2570 2368 2624 ille
2423 2570 2509 2623 vir
2549 2571 2614 2624 ad
2685 2574 3100 2639 snperuaturale
3164 2576 3446 2634 Trinitatis
3502 2597 3602 2635 su-

2024 2661 2503 2730 persubstantialis
2558 2663 2935 2719 absconditum
2976 2684 3158 2732 unum,
3190 2671 3377 2738 gratiae
3426 2671 3606 2727 efﬁca-

2026 2756 2133 2817 cia,
2181 2756 2454 2819 tendebat,
2488 2765 2541 2809 et
2574 2757 2710 2811 adeo
2744 2759 2807 2811 ad
2847 2757 2942 2813 Dei
2983 2763 3497 2831 contemplationem
3549 2777 3603 2821 et

2028 2846 2399 2900 immediatam
2458 2847 2713 2903 unionem
2773 2859 2828 2903 et
2886 2852 3174 2918 spirituale
3221 2854 3494 2910 silentium
3550 2870 3606 2911 et

2027 2940 2538 3009 superignoratttent
2600 2941 2994 3011 ignorantiam.
3050 2946 3307 3002 omnibus
3378 2948 3603 3002 omnino

2028 3032 2242 3086 solutus
2297 3033 2550 3103 puritatis
2588 3036 2911 3090 excellentia
2973 3036 3269 3102 ferebatur,
3299 3051 3354 3094 ut
3384 3043 3605 3110 angelus

2030 3139 2158 3179 vere
2190 3134 2242 3178 et
2270 3126 2406 3181 deus
2464 3129 2767 3181 secundum
2798 3130 3029 3197 gratiam
3064 3131 3115 3184 in
3154 3141 3297 3187 terra
3340 3134 3486 3188 risus
3509 3136 3603 3189 sit.

2027 3215 2281 3273 Nonnulli
2306 3220 2526 3290 quidem
2561 3234 2685 3274 eum
2719 3203 2906 3277 dixere
2955 3240 3079 3280 esse
3121 3224 3406 3281 Callistum
3454 3227 3605 3282 Xan-

2024 3309 2331 3380 thopulum,
2358 3311 3022 3383 Cottstautinotioiitanuttt
3052 3320 3441 3387 patriarcltatu.
3475 3337 3604 3377 eum

2027 3409 2149 3464 dico
2180 3414 2535 3489 quiccntutu
2588 3410 2695 3464 alia
2750 3412 2927 3481 capita
2979 3417 3328 3486 conscripsit,
3388 3420 3604 3476 duobus

2028 3502 2357 3555 testimoniis
2393 3501 2533 3555 fulti.
2591 3502 2682 3557 llla
2735 3500 2907 3569 enim,
2942 3514 3000 3559 ttt
3057 3507 3231 3573 aiunt,
3267 3510 3331 3562 ad
3370 3512 3602 3563 activam

2030 3591 2193 3645 vitam
2227 3594 2518 3662 pertinent,
2549 3595 2662 3650 hac
2695 3612 2820 3650 vero
2855 3600 2920 3650 ad
2979 3598 3150 3653 solam
3182 3603 3603 3670 contemplatio-

2030 3700 2154 3738 nem
2218 3693 2272 3739 et
2319 3687 2486 3739 vitam
2517 3690 3033 3763 contemplativaut.
3057 3689 3194 3746 Cum
3234 3703 3412 3746 autem
3462 3698 3606 3749 actio

2026 3784 2083 3831 et
2105 3778 2497 3848 contemplatio
2526 3780 2668 3834 inter
2723 3797 2783 3836 se
2843 3782 3131 3849 uitiantur,
3187 3787 3494 3854 oportebat,
3546 3799 3607 3842 ut

2031 3886 2335 3940 congruum
2385 3874 2476 3937 sit,
2510 3873 2765 3928 eumdem
2829 3874 2896 3929 de
2964 3884 3196 3947 utraque
3250 3877 3602 3934 disseruisse.

2034 3964 2184 4018 Adde
2222 3966 2386 4019 etiam
2415 3967 2559 4035 quod
2594 3967 2760 4020 multa
2794 3984 2857 4022 ex
2886 3968 3017 4034 illis,
3042 3970 3230 4024 eadem
3264 3978 3317 4023 et
3355 3970 3411 4024 in
3461 3987 3605 4040 pra--

2034 4057 2207 4111 seutia
2241 4058 2415 4127 capita
2449 4060 2711 4113 translata
2740 4047 2887 4123 sunt.
2918 4076 3039 4130 quae
3073 4061 3139 4115 ad
3178 4060 3379 4115 mentis
3436 4063 3611 4132 impn-

2035 4159 2149 4203 tutn
2180 4160 2231 4203 et
2268 4153 2633 4219 receptionem
2669 4162 2941 4222 spectant,
2972 4165 3027 4207 et
3054 4154 3121 4207 ad
3154 4153 3395 4207 divinam
3453 4157 3611 4207 unio-

2037 4259 2158 4296 neut
2192 4256 2247 4297 et
2285 4245 2468 4298 cordis
2500 4247 2877 4311 operationem
2902 4261 2965 4299 ac
2997 4246 3476 4300 illuminationem.
3503 4249 3609 4301 Alii

1815 4336 1995 4424 uner
2035 4351 2163 4389 vero
2197 4352 2303 4390 non
2346 4338 2595 4390 eumdem
2642 4352 2766 4391 esse
2797 4337 2987 4390 dicunt
3035 4337 3104 4391 ob
3159 4336 3445 4406 utriusque
3486 4340 3610 4408 styli

2036 4436 2215 4484 textus
2241 4428 2731 4497 comparationem.
2786 4426 2898 4482 Nos
2931 4442 3063 4483 vero
3105 4428 3383 4496 prioribus
3423 4445 3612 4482 assen-

2033 4521 2274 4575 tiendum
2306 4536 2425 4575 esse
2457 4535 2768 4583 t'eltsellllh‘,
2794 4530 2974 4574 tellus
3029 4520 3351 4574 mutationis
3407 4522 3608 4573 nullam

2031 4616 2299 4668 rationem
2368 4615 2653 4668 habentes.
2718 4612 2861 4667 Fieri
2922 4613 3069 4669 enim
3135 4623 3311 4682 potest
3354 4614 3612 4667 facillime

2033 4718 2091 4762 ut
2138 4708 2423 4774 sapientes
2478 4705 2718 4775 pltrasim
2773 4707 3015 4760 materia:
3067 4704 3170 4775 ipsi
3223 4706 3505 4775 adaptent,
3559 4718 3615 4759 et

2037 4801 2259 4856 humilia
2301 4800 2608 4860 humiliter,
2654 4800 2873 4853 excelsa
2926 4798 3140 4852 excelse
3193 4806 3247 4851 et
3299 4798 3611 4854 sublimiter

2033 4897 2378 4966 eloquantur.
2420 4895 2716 4948 Dolendutn
2763 4908 2893 4946 vero
2952 4901 3033 4946 est
3066 4891 3211 4959 quod
3245 4905 3309 4944 ex
3368 4899 3613 4953 centum,

2035 4986 2552 5058 utconjicerelicet,
2587 4986 2879 5055 capitibus.
2916 5000 3036 5053 qua:
3064 4982 3168 5037 alia
3227 4982 3488 5050 quaelibet
3546 4979 3614 5033 de

2036 5084 2145 5136 vita
2182 5079 2601 5148 contemplativa
2662 5077 2950 5132 tractantia
3005 5084 3290 5143 superant,
3341 5082 3610 5141 quantum

2035 5176 2178 5229 scire
2233 5174 2463 5242 possint,
2521 5184 2752 5242 quisque
2802 5178 2915 5223 tum
2993 5165 3442 5236 cogitationibus,
3496 5173 3609 5217 tum

2032 5269 2156 5339 διγιὶ
2200 5267 2538 5321 sublimitate
2585 5276 2637 5319 et
2702 5265 2825 5317 aliis
2879 5260 3102 5315 dotibus
3166 5259 3404 5328 perfecta
3463 5264 3609 5317 sunt,

2038 5360 2121 5413 vel
2155 5358 2319 5411 etiam
2379 5356 2819 5427 syllogismorum
2873 5352 3120 5413 ratione,
3165 5349 3281 5403 sola
3324 5357 3609 5416 prtesenua
3691 5406 3697 5416 1

2041 5451 2092 5505 iu
2162 5452 2265 5504 hoc
2323 5449 2575 5520 originali
2634 5450 2687 5502 in
2759 5452 2978 5501 nostras
3038 5455 3232 5497 manus
3288 5435 3613 5493 transmisso

2038 5543 2331 5615 supersint.

371 5666 1082 5738 συλλογισμῶν.ἀνὰγκαις,
1140 5665 1280 5737 μόνα
1325 5665 1393 5723 τὰ
1456 5665 1698 5739 παρόντα
1756 5668 1900 5724 κατά
1947 5670 2010 5726 τδ
2068 5671 2175 5737 είςκ
2214 5670 2493 5745 ἡμετέρας
2553 5669 2745 5745 χεῖρας
2794 5672 2947 5730 ἐλθὸν
3009 5671 3367 5743 πρωτὸτυπον
3433 5669 3627 5730 διεσώ-

373 5765 547 5828 ζοντο.

999 5910 1051 5919 ...ης
