4032 6208
350 308 455 371 837

1464 310 1561 369 DE
1604 309 1780 371 VITA
1819 307 2126 370 CONTEM
2138 309 2487 375 PLATIVA.

3496 317 3603 381 8’8

427 428 499 500 Υ.
532 430 718 483 Πάντα
751 429 819 482 τὰ
858 429 985 482 ὄντα
1019 430 1083 482 ἐκ
1111 428 1205 483 τοῦ
1239 428 1605 500 πεποιηκότος
1636 431 1774 484 αὐτὰ
1796 426 1939 485 κατᾶ

2086 422 2143 478 3.
2160 421 2506 492 Quacumque
2528 432 2653 479 sunt
2675 438 2739 477 ex
2757 437 2857 478 suo
2871 422 3139 495 principle
3158 426 3455 483 secundum
3476 443 3606 513 pro-

355 523 514 591 λόγον
571 524 669 593 τὴν
710 522 862 589 σφῶν
889 522 1069 576 αὐτῶν
1110 523 1297 593 εἴληφε
1346 523 1580 595 κίνησιν,
1630 527 1721 578 καὶ
1754 526 1813 578 τὸ
1841 544 1941 595 φυ-

358 615 507 667 σικὸν
547 614 697 677 ἴδιον,
731 613 852 667 ὅθεν
905 613 1214 677 ἀκολούθως
1285 615 1381 667 καὶ
1430 617 1458 669 6
1519 615 1664 679 νοῦς.
1707 616 1848 669 Ἀλλ’
1902 616 1937 685 ἡ

356 705 447 757 τοῦ
479 705 569 758 νοῦ
604 706 816 773 κίνησις
867 704 980 775 ἔχει
1031 705 1092 757 τὸ
1133 704 1240 769 ἀεὶ,
1272 706 1331 760 τὸ
1365 706 1411 760 δ’
1453 708 1538 760 ἀεὶ
1576 710 1800 777 ἄπειρον
1846 706 1940 761 καὶ

358 796 631 861 ἀόριστον.
684 794 840 863 Παρὰ
884 793 981 863 τὴν
1023 794 1157 847 ίδίαν
1189 796 1297 865 ἄρα
1348 795 1504 860 ἀξίαν
1556 798 1650 851 καὶ
1677 796 1738 850 τὸ
1768 815 1939 865 πεφυκ-

358 886 454 948 κὸς
495 887 699 954 κυρίως
751 885 919 953 αὐτῷ,
946 885 1096 938 ἔσται
1146 888 1449 959 κινουμένῳ
1486 891 1935 960 πεπερασμένως,

358 978 389 1046 ἢ
424 977 765 1046 ὡρισμένως.
817 977 991 1029 Τοῦτο
1034 978 1090 1029 δὲ
1122 978 1394 1043 πείσεται,
1427 981 1586 1051 εἴπερ
1618 983 1674 1033 ἐν
1705 999 1940 1049 πεπερα-

361 1068 579 1136 σμένοις
614 1071 833 1133 κινοῖτο,
866 1070 958 1121 καὶ
988 1069 1339 1139 ὡρισμένοις·
1368 1072 1428 1127 οὐ
1465 1072 1572 1143 γὸρ
1603 1074 1768 1136 ἔστιν,
1798 1069 1938 1125 εἶναι

362 1162 461 1229 μὲν
502 1160 564 1211 τὸ
590 1162 824 1229 πρᾶγμα
880 1162 1301 1231 πεπερασμένον
1352 1165 1446 1217 καὶ
1477 1165 1801 1235 ὡρισμένον,
1835 1167 1936 1235 ἠδ’

362 1253 449 1305 ἐπ’
480 1250 591 1323 [Ian
647 1253 746 1320 τὴν
791 1252 839 1304 δ’
892 1254 977 1304 ἐπ’
1018 1254 1371 1326 (ὀρθότερονη
1404 1256 1557 1318 αὐτὸ,
1594 1256 1777 1326 ἤπερὶ
1807 1258 1940 1309 αὐτὸ

360 1344 576 1415 κίνησις
604 1343 697 1396 τοῦ
728 1344 819 1397 νοῦ
852 1346 1103 1414 προϊέναι
1146 1346 1231 1399 ἐπ’
1253 1348 1501 1416 ἄπειρον.
1536 1350 1714 1400 Δετται
1741 1348 1803 1419 δὴ
1834 1348 1939 1419 ἄρα

358 1437 419 1490 τὸ
472 1437 566 1489 τοῦ
626 1437 745 1500 νοὸς
788 1438 1097 1506 ἀεικίνητον
1156 1440 1496 1507 γιγνομένως
1556 1441 1782 1510 ἀπείρου
1841 1442 1938 1493 καὶ

361 1530 615 1600 ἀορίστου
646 1530 809 1595 τινὸς,
842 1530 980 1599 πρὸς
1028 1530 1056 1583 ὅ
1101 1532 1241 1584 κατὰ
1269 1530 1426 1597 λόγον
1464 1532 1642 1584 καὶτὸ
1676 1533 1937 1601 σφέτερον

363 1620 630 1687 πεφυκὸς,
668 1622 752 1690 εἴη
782 1621 831 1690 γ’
871 1621 938 1675 ἂν
968 1621 1311 1691 κινούμενον.
1352 1623 1512 1677 Ἀλλὰ
1548 1623 1653 1693 μὴν
1686 1624 1934 1692 ἄπειρον,

362 1715 456 1767 καὶ
504 1713 580 1783 τῷ
613 1714 728 1766 δντι
773 1713 1028 1784 ἀόριστόν
1072 1715 1218 1769 ἐστιν
1266 1714 1437 1778 οὐδὲν,
1474 1715 1611 1784 πλὴν
1640 1715 1732 1773 τοῦ
1778 1715 1935 1781 Θεοῦ,

2029 515 2204 583 priam
2240 514 2739 577 rationem,motum
2764 530 3024 584 accepere
3076 525 3131 572 et
3186 522 3461 588 prepriam
3508 537 3608 576 na-

2032 612 2233 667 turam;
2257 603 2398 657 unde
2423 613 2827 673 consequenter
2845 612 2896 659 et
2921 592 3096 661 mens.
3118 604 3223 661 Sed
3254 618 3434 663 motus
3456 624 3609 664 men-
3706 592 3711 605 ι

2027 693 2094 747 tis
2118 694 2526 763 perpetuitatem
2547 695 2729 758 habet,
2763 711 2884 765 qua:
2931 707 3015 751 est
3053 698 3262 753 inﬁnita
3294 701 3606 755 etindeter-
3650 680 3663 695 ’

2032 784 2254 838 minata.
2276 783 2583 838 Secundum
2602 785 2875 853 propriam
2893 787 3054 855 igitur
3074 786 3384 856 dignitatem
3414 798 3461 843 et
3486 804 3607 857 pre-

2024 875 2197 945 priam
2234 883 2485 930 naturam
2517 877 2635 928 sine
2666 875 2769 929 ﬁne
2799 891 2863 929 ae
2900 877 3133 930 termino
3164 889 3433 932 movetur.
3466 878 3603 933 Illud

2024 974 2205 1020 autem
2242 968 2503 1036 patietur,
2530 967 2575 1020 si
2613 968 2665 1019 in
2708 966 2933 1021 inﬁnitis
2971 975 3026 1021 et
3066 968 3431 1025 lutet-minatis
3488 985 3605 1022 mo-

2023 1057 2256 1112 vebitur.
2322 1056 2440 1112 Non
2503 1059 2647 1113 enim
2708 1058 2821 1112 ﬁeri
2873 1068 3051 1127 poteSt
3106 1069 3166 1115 ut
3227 1075 3314 1115 res
3380 1061 3600 1131 quidem

2028 1148 2188 1203 finem
2251 1149 2447 1204 habent
2484 1165 2545 1203 ac
2578 1154 2865 1204 terminum
2894 1188 2908 1212 ,
2940 1152 3139 1205 mentis
3182 1166 3308 1206 vero
3356 1153 3420 1205 ad
3449 1153 3599 1206 illam

2025 1252 2116 1295 aut
2166 1241 2309 1295 circa
2355 1242 2498 1294 illum
2538 1252 2716 1295 motus
2763 1242 2817 1295 in
2864 1242 3129 1297 inﬁnitqu
3181 1243 3456 1311 procedat.
3485 1242 3605 1295 Mo-

2022 1334 2102 1389 tui
2127 1336 2290 1404 igitur
2314 1337 2509 1389 mentis
2543 1334 2754 1387 inliuito
2795 1349 2932 1402 opus
2961 1344 3043 1388 est
3094 1350 3154 1389 re
3183 1334 3417 1403 qundam
3479 1336 3604 1389 inﬁ-

2024 1427 2133 1481 nita
2172 1444 2236 1482 ac
2290 1428 2406 1481 sine
2452 1428 2705 1489 termino,
2748 1424 2815 1479 ad
2873 1441 3037 1495 quam
3090 1425 3391 1481 secundum
3441 1426 3607 1477 ratio—

2025 1537 2145 1576 nent
2183 1535 2247 1574 ac
2294 1531 2531 1574 00511⁸2111
2586 1531 2832 1571 naturam
2898 1534 3050 1573 mens
3110 1533 3325 1586 semper
3386 1532 3605 1570 movea-

2024 1622 2141 1666 tur.
2171 1615 2423 1665 Attamen
2467 1611 2595 1666 nihil
2626 1619 2704 1664 esl
2741 1610 3009 1664 inﬁnitum
3042 1618 3094 1662 et
3135 1610 3310 1679 reipsa
3345 1610 3462 1663 sine
3492 1617 3605 1662 ter-

2026 1705 2192 1767 mino,
2218 1714 2443 1772 exccpto
2477 1702 2605 1763 Deo.
2637 1704 2728 1770 qni
2760 1710 2948 1755 natura
2974 1710 3027 1755 et
3059 1711 3275 1770 proprie
3296 1718 3435 1756 unus
3466 1713 3547 1757 est
3580 1743 3599 1766 ,

362 1807 519 1876 φύσει
545 1777 637 1859 καὶ
656 1777 857 1877 κυρίως
872 1806 1019 1870 ὄντος
1044 1806 1179 1869 ἑνός·
1199 1807 1331 1876 πρὸς
1352 1807 1534 1876 ἄρατὸ
1558 1777 1758 1879 κυρίως
1780 1777 1938 1863 artat;

2028 1803 2239 1863 oportet
2278 1795 2442 1863 igitur
2471 1803 2700 1847 mentem
2739 1791 2804 1845 ad
2836 1792 2961 1844 illud
3006 1808 3172 1846 unum
3235 1807 3361 1847 vere
3427 1792 3605 1846 inlini-

362 1917 454 1969 ρον
485 1897 564 1961 ἒν,
587 1897 677 1951 τὸν
704 1898 858 1963 Θεὸν,
894 1897 1274 1960 ἀνατετᾶσθαι,
1307 1898 1640 1968 καὶάφορᾷν,
1660 1898 1753 1953 καὶ
1770 1901 1939 1952 κινεῖ-

362 1992 485 2045 σθαι
515 1991 605 2044 τὸν
638 1990 761 2044 νοῦν
801 1990 928 2061 χρὴ,
952 1990 1107 2044 τοῦτο
1133 1990 1240 2060 γὰρ
1264 1990 1465 2062 κυρίως
1498 1992 1741 2059 πέφυκεν
1765 1990 1935 2061 αὐτῷ.

429 2082 492 2137 δ’.
533 2083 772 2152 Ἀπειρά
808 2084 925 2135 ἐστι
974 2084 1067 2136 καὶ
1101 2083 1327 2152 ἀόριστα
1378 2083 1444 2138 τὰ
1480 2085 1607 2154 περὶ
1640 2084 1772 2137 Θεὸν
1800 2082 1937 2137 θεω-

364 2172 623 2243 ρούμενα.
673 2172 789 2225 ἀλλ’
838 2173 987 2241 ὅμως
1035 2172 1144 2225 οὐδ’
1175 2174 1233 2224 ἐν
1263 2172 1472 2233 τούτοις
1514 2173 1696 2228 τέλεον
1726 2174 1938 2243 χαίρειν

361 2266 471 2335 ἔχει
501 2266 528 2317 6
569 2264 690 2328 νοῦς
722 2264 899 2333 ζητῶν
927 2266 1017 2317 τὸν
1054 2265 1111 2330 ἐξ
1142 2259 1225 2326 οὗ,
1255 2266 1376 2317 ἐπεὶ
1409 2267 1500 2319 καὶ
1526 2265 1633 2337 γὰρ
1662 2267 1738 2334 τῷ
1767 2267 1937 2335 ὁμοίῳ

361 2355 555 2409 ἑαυτοῦ
608 2356 838 2409 ἕκαστον
886 2357 1205 2424 πεφυκότως
1269 2357 1471 2426 χαῖρεν
1515 2354 1595 2421 εἷς
1651 2357 1725 2411 ὢν
1754 2360 1783 2411 6
1812 2358 1937 2420 νοῦς

360 2448 455 2520 τὴν
487 2448 669 2517 φύσιν,
712 2448 759 2500 εί
806 2449 900 2501 καὶ
935 2448 1106 2501 πολλὰ
1143 2450 1262 2509 ταῖς
1297 2450 1564 2518 νοήσεσιν,
1592 2451 1939 2519 ἀνατεινόμε-

361 2560 470 2605 νος,
516 2541 625 2595 »καὶ
680 2537 795 2594 οἷον
839 2540 1154 2610 κινούμενος
1188 2541 1319 2609 πρὸς
1358 2543 1511 2604 Θεὸν.
1567 2543 1658 2596 τὸν
1706 2542 1803 2596 ἕνα
1834 2543 1935 2611 τὴν

361 2634 544 2703 φύσιν,
588 2632 873 2685 καὶπολλὰ
895 2633 994 2701 τὴν
1029 2632 1327 2702 ἐνέργειαν,
1372 2634 1688 2689 ἁνὲνδεκτον
1724 2635 1937 2704 χαίρειν

363 2725 691 2794 ὁλοσχερῶς,
732 2724 863 2793 πρὶν
904 2723 970 2777 ἂν
1024 2726 1083 2777 ἐν
1129 2724 1205 2790 τῷ
1239 2727 1556 2793 πεφυκότως
1586 2726 1821 2797 ἀορίστῳ
1856 2728 1938 2781 ἑνὶ

361 2815 449 2868 διὰ
482 2814 791 2883 πνεύματος
824 2814 1052 2880 γένοιτο,
1092 2814 1199 2867 ἀπὸ
1230 2815 1337 2867 τῶν
1361 2816 1569 2872 πολλῶν
1599 2817 1786 2889 ὥσπερ
1814 2818 1933 2871 δια-

360 2909 484 2970 ϐάς.
503 2908 593 2960 Ἐν
623 2906 769 2976 μόνῳ
804 2907 910 2975 ἄρα
944 2907 971 2957 6
998 2906 1121 2969 νοῦς
1138 2906 1213 2975 τῷ
1231 2906 1348 2976 Θεῷ
1379 2909 1699 2975 πεφυκότως
1730 2911 1937 2982 χαίρειν

362 2999 475 3068 ἔχει
501 2998 823 3067 ὁλοσχερῶς.
863 2996 1018 3049 ’Λλλὰ
1047 2997 1154 3066 μὴν
1177 2997 1286 3050 τῶν
1306 2998 1492 3064 ὄντων,
1515 3000 1745 3054 ἕκαστον
1775 3003 1935 3073 μάλι-

363 3105 462 3139 στα
483 3087 559 3156 τῷ
585 3085 886 3156 ίδίῳχαίρει
904 3087 1137 3156 φυσικῷ·
1157 3088 1383 3156 φυσικόν
1404 3090 1549 3143 ἐστιν
1579 3090 1708 3144 ίδιον
1724 3092 1831 3164 ἄρα
1855 3095 1986 3179 nec

362 3178 439 3247 νῷ
475 3179 570 3230 καὶ
603 3177 837 3247 μάλιστα
864 3193 948 3245 γε,
984 3176 1044 3229 τὸ
1084 3178 1141 3230 ὲν
1176 3177 1253 3248 τῷ
1304 3180 1424 3251 Θεῷ
1460 3182 1607 3253 μόνῳ
1643 3182 1720 3254 τῷ
1745 3183 1931 3247 ἁπλῶς

358 3289 452 3341 καὶ
484 3289 753 3358 ἀορίστως
804 3289 904 3353 svi,
938 3290 1031 3342 καὶ
1083 3287 1370 3351 κινεῖσθαι,
1405 3289 1500 3341 καὶ
1529 3288 1931 3355 ἀνατείνεσθαι,

358 3380 453 3433 καὶ
486 3379 751 3449 γίνεσθαι,
786 3381 880 3434 καὶ
927 3380 1138 3450 χαίρειν
1164 3381 1487 3451 ὁλοσχερῶς.

430 3475 496 3526 ε’.
534 3472 691 3525 Πᾶσα
734 3473 1065 3544 οίουδήτινος
1104 3473 1324 3527 κτιστοῦ
1367 3474 1586 3543 κίνησις
1618 3472 1712 3526 καὶ
1742 3473 1804 3543 δὴ
1843 3473 1939 3526 καὶ

358 3559 522 3611 αὑτοῦ
566 3560 694 3627 νοῦ,
734 3562 871 3631 πρὸς
925 3562 1112 3615 στάσιν
1161 3562 1256 3615 καὶ
1308 3562 1542 3630 ἠρεμίαν
1600 3561 1939 3629 γιγνομένως

362 3653 601 3716 σπεύδει,
636 3655 730 3707 καὶ
765 3656 962 3726 ἀφορῷ
1015 3657 1108 3709 καὶ
1151 3656 1213 3708 τὸ
1259 3656 1448 3725 στῆναι
1505 3654 1779 3723 γενέσθαι,
1843 3656 1940 3708 καὶ

360 3744 637 3815 ἠρεμῆσαι
675 3747 794 3800 κατ’
826 3747 1017 3817 αὐτὴν,
1052 3748 1147 3799 καὶ
1195 3747 1367 3810 τέλος,
1411 3746 1506 3800 καὶ
1557 3745 1615 3811 ἐξ
1645 3747 1939 3817 ἐφαμίλλου

363 3837 668 3899 ἀνάπαυσις
721 3836 799 3907 τῷ
856 3837 1078 3908 κτιστῷ.
1130 3838 1288 3892 Ἀλλὰ
1324 3838 1430 3907 μὴν
1462 3839 1553 3905 ὅγε
1603 3838 1725 3898 νοῦς
1758 3832 1835 3900 εἷς
1865 3835 1941 3889 ὢν

363 3928 472 3981 τῶν
524 3929 776 3994 κτιστῶν,
832 3931 890 3982 ἐν
941 3932 1182 3994 κτιστοῖς
1236 3932 1502 3994 στάσεως,
1566 3931 1660 3983 καὶ
1703 3930 1941 4001 ἠρεμίας

366 4015 741 4086 μετειληχέναι
795 4019 1113 4089 κινούμενος
1151 4020 1211 4074 οὐ
1258 4020 1566 4091 δεδύνηται,
1601 4018 1695 4073 τοῦ
1724 4022 1830 4091 γάρ
1858 4038 1939 4073 τοι

363 4107 585 4161 κτιστοῦ
646 4110 955 4181 κατάλληλα
982 4112 1306 4181 δεδεγμένον
1348 4112 1410 4165 τὸ
1448 4111 1813 4181 πεπεράνθαι,
1845 4110 1941 4163 ἆτε

360 4200 662 4271 ὴργμένου,
688 4202 747 4256 τὸ
781 4203 874 4257 τοῦ
904 4205 1023 4269 νοὸς
1071 4205 1168 4257 σὺν
1218 4205 1341 4276 δίκῃ
1383 4204 1692 4274 ἀεικίνητον
1724 4203 1945 4258 ἀπολειὲ

359 4295 520 4367 φθείη
548 4298 601 4365 γ’
633 4296 722 4366 ἂν,
752 4299 847 4351 καὶ
892 4298 1248 4363 ἑξακολούθου
1280 4299 1514 4369 ζητήσῃ,
1556 4290 1618 4351 οὗ
1651 4297 1947 4368 κινηθήσεέ

2025 1897 2161 1949 tum,
2197 1886 2386 1949 Deum,
2406 1885 2626 1939 tendere
2653 1894 2706 1938 et
2725 1883 2970 1952 aspicere
2985 1892 3038 1936 et
3056 1881 3280 1937 moveri:
3302 1882 3431 1935 illud
3454 1882 3599 1935 enim

2024 1980 2122 2049 ipsi
2166 1994 2292 2033 vere
2322 1980 2600 2048 proprium
2632 1988 2737 2033 est.

2095 2069 2149 2122 ι.
2192 2068 2408 2122 Inﬁnita
2432 2081 2560 2124 sunt
2585 2085 2648 2124 ac
2683 2070 2801 2124 sine
2823 2070 3077 2133 termino,
3098 2085 3217 2139 quae
3247 2064 3408 2124 circa
3434 2071 3596 2124 Deum

2024 2160 2484 2225 considerantur;
2529 2162 2618 2214 sed
2672 2172 2851 2215 tamen
2887 2177 3059 2229 neque
3131 2163 3183 2216 in
3239 2161 3305 2215 iis
3363 2162 3600 2228 perfecte

2024 2251 2189 2308 laetari
2228 2268 2377 2307 mens
2412 2258 2587 2318 potest
2643 2252 2923 2319 inquirens
2966 2271 2985 2302 ι
3026 2266 3150 2306 eum
3194 2266 3258 2305 ex
3299 2266 3408 2319 quo
3435 2261 3541 2313 est,
3576 2267 3595 2300 ι

2023 2344 2280 2411 quoniam
2311 2343 2489 2397 simile
2518 2344 2622 2398 sibi
2670 2347 3093 2412 unumquodque
3129 2352 3321 2398 natura
3383 2345 3600 2413 gaudet.

2022 2436 2155 2490 Cum
2196 2450 2350 2490 tuens
2385 2446 2579 2489 natura
2610 2449 2716 2489 una
2751 2443 2844 2497 sit,
2869 2435 2969 2489 etsi
3031 2435 3204 2488 multa
3262 2434 3601 2500 cogitationi-

2021 2529 2140 2592 bus,
2175 2530 2404 2585 tendens
2432 2542 2517 2593 ac,
2551 2536 2611 2580 ut
2643 2526 2713 2580 ita
2749 2526 2954 2591 dicam,
3025 2537 3170 2581 mota
3207 2527 3269 2579 ad
3308 2525 3471 2579 Deum
3505 2526 3597 2590 qui

2021 2630 2211 2677 natura
2241 2635 2382 2678 unus
2411 2628 2493 2675 est
2525 2626 2578 2676 et
2614 2619 2816 2675 multus
2846 2634 2939 2688 per
2968 2619 3220 2675 virtutem
3243 2619 3390 2683 ,ﬁeri
3418 2620 3606 2688 nequit

2021 2724 2080 2771 ut
2108 2716 2265 2783 plene
2325 2712 2558 2777 laetetur,
2611 2712 2926 2783 priusquam
2976 2712 3028 2768 in
3087 2714 3178 2767 illo
3227 2728 3353 2767 vere
3393 2712 3605 2766 inﬁnito

2023 2823 2129 2862 uno
2157 2822 2257 2875 per
2284 2806 2545 2877 Spiritum
2566 2816 2815 2860 sanctum
2846 2805 2989 2861 facta
3011 2806 3099 2869 sit,
3125 2820 3221 2875 per
3268 2803 3436 2858 multa
3495 2804 3598 2858 alia

2020 2909 2277 2969 tanquam
2312 2899 2605 2955 transiens.
2653 2898 2732 2953 Ex
2787 2898 2856 2952 iis
2907 2913 3027 2966 qua:
3082 2909 3209 2952 sunt
3259 2898 3606 2964 unumquod-

2020 3008 2126 3061 que
2159 2992 2459 3061 prassertint
2497 2991 2716 3060 proprio
2743 2989 2973 3045 naturali
3003 2990 3217 3056 gaudet;
3255 2988 3384 3041 illud
3421 2998 3598 3040 autem

2020 3086 2295 3154 proprium
2323 3084 2489 3137 tuenti
2538 3082 2781 3137 naturale
2808 3090 2914 3146 est,
2953 3080 3006 3135 iu
3046 3079 3152 3134 Deo
3216 3080 3331 3134 solo
3391 3079 3604 3146 simpli-

2021 3180 2153 3232 citer
2182 3187 2235 3231 et
2261 3177 2470 3230 inﬁnite
2499 3192 2608 3230 uno
2635 3186 2687 3231 et
2721 3174 2926 3228 moveri
2953 3181 3007 3227 et
3032 3172 3252 3228 tendere
3279 3181 3333 3228 et
3379 3171 3495 3225 ﬁeri
3544 3182 3603 3225 et

2022 3270 2251 3324 omnino
2268 3270 2455 3323 laetari.

2096 3471 2147 3525 5.
2181 3469 2371 3525 Omnis
2392 3469 2681 3536 Clljlhllllt‘l
2715 3478 2917 3521 natnrre
2937 3477 3115 3522 motus
3154 3477 3208 3522 et
3258 3482 3390 3522 sane
3434 3468 3602 3535 ipsius

2025 3569 2223 3621 mentis
2286 3566 2349 3613 ad
2413 3574 2612 3614 statum
2680 3560 3238 3627 tranquillitatemque
3313 3561 3602 3614 elli-aciter

2027 3659 2197 3725 [endit
2229 3667 2280 3711 et
2315 3655 2532 3710 festinat
2558 3654 2893 3723 etpruspicit
2928 3671 2943 3718 ;
2974 3661 3027 3705 et
3056 3654 3138 3707 ltic
3169 3664 3343 3707 status
3377 3664 3426 3707 cl
3456 3666 3603 3708 tran-

2024 3752 2265 3822 quillitas
2293 3749 2343 3802 in
2365 3749 2538 3816 seipse
2567 3757 2618 3802 ct
2642 3746 2763 3800 ﬁnis
2795 3757 2847 3801 et
2891 3756 3013 3816 post
3066 3756 3341 3802 certamen
3387 3749 3602 3817 requies

2023 3854 2105 3898 est
2130 3851 2413 3898 creatum.
2445 3842 2693 3894 Attamen
2741 3839 2859 3907 ipsa
2890 3853 3068 3900 mens,
3093 3854 3213 3892 cum
3265 3842 3335 3893 sit
3391 3856 3493 3893 una
3531 3857 3599 3894 ex

2025 3935 2312 3998 creaturis,
2346 3934 2396 3988 in
2417 3933 2684 3987 creaturis
2719 3940 2861 3985 mota
2896 3948 3001 3986 non
3025 3940 3200 4001 potest
3226 3948 3409 4001 pacem
3453 3935 3605 3987 inve-

2025 4029 2142 4083 nire
2183 4044 2197 4082 :
2228 4044 2350 4080 cum
2385 4036 2635 4081 creatura
2672 4025 2984 4078 neceSsario
3036 4026 3378 4089 tt-rtuinetur,
3410 4028 3606 4097 quippe

2025 4136 2145 4190 quae
2178 4119 2409 4174 coercita
2440 4119 2529 4179 sit,
2581 4116 2943 4185 sempiternus
2968 4118 3165 4173 mentis
3194 4130 3368 4175 motus
3414 4121 3607 4174 merito

2024 4213 2302 4275 deﬁceret,
2321 4219 2373 4266 et
2400 4220 2798 4279 consequenter
2819 4225 2972 4264 mens
2994 4222 3261 4278 quaereret
3285 4212 3373 4265 ubi
3397 4227 3454 4266 se
3482 4228 3606 4283 agi--

2025 4315 2127 4368 ret,
2153 4319 2332 4373 neque
2356 4317 2592 4374 unquam
2624 4303 2963 4371 requiescere
2988 4313 3194 4373 posset,
3213 4314 3306 4357 aut
3328 4305 3603 4373 proprium

355 4409 467 4453 ται,
506 4393 600 4447 καὶ
624 4394 829 4464 ἥκιστα
872 4396 1195 4463 τοπαράπαν
1224 4395 1334 4459 ἔξει
1380 4395 1441 4448 τὸ
1484 4396 1732 4469 ἠρεμεῖν,
1770 4395 1803 4465 ἢ
1840 4395 1939 4455 τοῦ

2027 4397 2185 4451 linem
2222 4394 2510 4459 inveniret,
2542 4409 2717 4464 neque
2754 4410 2966 4461 semper
3036 4396 3237 4448 moveri
3300 4404 3504 4464 posset.
3549 4405 3609 4449 ut

361 4483 492 4535 [δίου
522 4484 710 4549 τέλους
742 4485 1021 4555 ἐπιτυχεῖν
1051 4486 1084 4555 ἢ
1114 4486 1176 4539 τὸ
1210 4488 1518 4557 ἀεικίνητον
1541 4488 1639 4558 οὑχ
1668 4488 1778 4553 ἔξει
1823 4488 1947 4559 μεθ’

358 4574 554 4628 ἑαυτοῦ
606 4578 748 4631 κατὰ
801 4578 869 4630 τὰ
914 4578 1290 4648 προκείμενα,
1330 4581 1443 4644 τοῖς
1488 4581 1813 4651 ὡρισμένοις
1847 4583 1947 4636 καὶ

355 4670 796 4739 πεπερασμένοις
852 4672 1345 4743 συμπεριληφθεὶς,
1392 4675 1530 4743 ὅπερ
1589 4675 1778 4745 πόρρω
1841 4673 1944 4727 τοῦ

355 4760 496 4813 κατὰ
533 4760 660 4814 νοῦν
690 4763 948 4831 φυσικοῦ,
1006 4764 1321 4833 περιφανῶς
1377 4767 1688 4837 ἀεικινήτου
1737 4767 1945 4838 τυγχάο

354 4866 560 4913 νοντος.
594 4853 709 4906 Οὐκ
762 4854 869 4923 ἄρα
903 4854 1050 4908 ἐστὶν
1098 4856 1247 4917 εἰκὸς
1282 4855 1574 4926 εὑρηκέναι
1603 4857 1664 4909 τὸ
1707 4858 1940 4928 ἤρεμον,

351 4942 383 5011 ἦ
415 4943 606 5011 στῆναι
633 4945 758 4999 νοῦν
783 4950 840 5000 ἐν
864 4948 1036 5019 δήπου
1070 4952 1310 5012 κτιστοῖς
1341 4951 1648 5019 γινόμενον.
1686 4950 1795 5003 Ποῦ
1830 4953 1943 5005 τοί-

352 5051 448 5086 νυν
474 5037 728 5105 χρήσαιτ’
761 5038 828 5092 ἂν
870 5040 897 5093 6
953 5039 1078 5103 νοῦς
1124 5040 1203 5110 τῷ
1254 5040 1449 5093 ἑαυτοῦ
1503 5040 1677 5109 temp,
1724 5040 1805 5109 τῷ
1853 5041 1942 5096 διὰ

350 5128 619 5195 κινήσεως
657 5129 911 5186 ἵστασθαι
951 5132 1151 5205 δηλαδὴ
1185 5173 1199 5197 ,
1238 5134 1330 5187 καὶ
1363 5132 1536 5195 οὕτως
1568 5135 1801 5203 ἠρεμεῖν
1847 5135 1942 5187 καὶ

349 5219 577 5290 είρήνην
639 5221 816 5291 ἄγειν,
870 5228 963 5279 καὶ
1006 5226 1325 5297 ἀναπαύλης
1376 5226 1620 5297 δεδέχθαι
1681 5226 1942 5294 αἴσθησιν

349 5310 642 5379 ἀσφαλῶς,
682 5314 733 5367 εί
763 5315 839 5385 μὴ
894 5317 949 5369 εν
1000 5336 1062 5385 γε
1123 5319 1383 5389 ἁκτίστῳ,
1433 5320 1528 5373 καὶ
1568 5321 1940 5391 ἀπεμγράφῳ

349 5400 588 5467 γένοιτο;
627 5404 786 5460 τοῦτο
814 5408 869 5459 δέ
918 5408 1065 5461 ἐστιν
1091 5410 1119 5460 6
1149 5409 1281 5472 Θεὸς
1312 5411 1541 5481 κυρίως,
1570 5412 1665 5464 καὶ
1696 5413 1936 5483 ὑπερκο-

352 5495 526 5560 σμίως
557 5494 617 5548 ἓν
647 5495 741 5552 ὢν.
796 5498 885 5552 Ἐν
932 5500 1039 5569 ἄρα
1094 5500 1290 5572 τουτῳῒ
1319 5501 1396 5571 τῷ
1443 5502 1541 5565 ἑνὶ,
1595 5504 1694 5557 καὶ
1742 5504 1939 5575 ἀπερι-

349 5585 580 5657 γράπτῳ
617 5589 863 5656 γίνεσθαι
908 5591 997 5645 διὰ
1024 5597 1290 5663 κινήσεως
1320 5597 1412 5648 τὶν
1442 5596 1565 5648 νοῦν
1605 5598 1705 5662 δεῖ,
1746 5597 1821 5660 ὡς
1870 5598 1939 5653 ἂν

348 5678 448 5748 τὴν
485 5682 755 5753 σφετέραν
788 5686 1027 5756 φυσικὴν
1063 5687 1299 5757 ⁴Ιιρεμίαν
1334 5690 1692 5759 ἐξευρηκότα,
1722 5692 1781 5744 ὲν
1808 5692 1940 5746 ἀνα-

351 5771 550 5825 παύσει
588 5778 684 5849 στῇ
720 5774 881 5851 νοερᾷ
936 5780 1074 5833 κατὰ
1127 5780 1187 5834 τὸ
1230 5782 1400 5844 εἰκός
1463 5784 1653 5847 στάσις
1703 5783 1813 5856 γὰρ
1848 5785 1935 5839 διὰ

2028 4489 2285 4551 diximus,
2307 4487 2610 4543 terminatis
2638 4501 2702 4541 ac
2734 4487 2898 4539 ﬁnitis
2927 4485 3283 4553 circumdata,
3314 4488 3457 4556 quod
3492 4489 3608 4541 lon-

2031 4596 2097 4650 ge
2127 4583 2284 4634 abest
2312 4595 2343 4633 a
2381 4580 2594 4648 propria
2632 4578 2828 4631 utentis
2853 4587 3068 4642 natura,
3108 4593 3231 4645 quae
3278 4592 3490 4647 semper
3552 4580 3603 4633 iu

2032 4682 2176 4726 metu
2209 4685 2329 4725 esse
2350 4671 2532 4724 debet.
2562 4667 2702 4722 Fieri
2738 4669 2901 4737 igitur
2931 4669 3119 4737 nequit
3146 4677 3204 4721 ut
3248 4684 3399 4723 tuens
3464 4678 3610 4724 tran-

2028 4764 2351 4832 quillitatem
2410 4762 2650 4816 inveniat
2675 4771 2770 4815 aut
2825 4762 2875 4814 in
2936 4761 3203 4817 creaturis
3273 4762 3607 4831 requiescat.

2032 4852 2266 4910 Ubinam
2295 4853 2461 4924 igitur
2494 4869 2645 4907 tuens
2697 4852 2913 4923 propria
2972 4863 3163 4907 natura
3203 4868 3299 4907 sua
3342 4862 3608 4920 uteretur,

2029 4958 2324 5019 possetque
2349 4950 2436 5004 vel
2498 4959 2642 5005 mota
2664 4959 2834 5015 stare,
2871 4959 3032 5020 atque
3063 4950 3135 5004 ita
3158 4951 3607 5022 tranquillitatem

2030 5053 2088 5098 et
2116 5058 2301 5113 pacem
2326 5057 2507 5112 agere,
2530 5052 2583 5097 et
2603 5043 2801 5113 quietis
2827 5058 3047 5097 sensum
3092 5057 3284 5098 secure
3339 5044 3606 5111 accipere,

2031 5138 2130 5191 Illai
2164 5135 2217 5191 in
2241 5136 2483 5190 increato
2520 5146 2574 5188 et
2604 5135 3073 5204 incircumscripto
3097 5132 3298 5186 ﬁeret?
3333 5132 3485 5198 Quod
3522 5140 3606 5186 est

2032 5230 2170 5283 Deus
2199 5229 2338 5301 ipse,
2397 5228 2489 5297 qui
2538 5228 2950 5297 supernaturale
2999 5241 3166 5281 unum
3219 5236 3327 5281 est.
3384 5224 3608 5294 Oportet

2029 5325 2195 5395 igitur
2227 5332 2462 5377 mentem
2498 5321 2551 5375 in
2586 5320 2677 5389 illo
2726 5334 2836 5375 uno
2884 5328 2939 5373 et
2986 5317 3608 5386 incircumscriptoi-sse

2029 5426 2383 5487 permotum,
2415 5424 2469 5469 et
2497 5422 2785 5483 postquam
2840 5426 2994 5469 suam
3064 5408 3367 5465 naturalem
3420 5421 3605 5475 pasem

2032 5509 2323 5567 iuveni-rit.
2360 5506 2557 5560 merito
2622 5505 2676 5559 in
2703 5518 2833 5574 pace
2864 5502 3129 5573 spirituali
3162 5510 3325 5555 stare.
3356 5498 3433 5554 lbi
3464 5498 3609 5552 enim

2031 5617 2128 5671 per
2145 5598 2394 5668 spiritum
2421 5596 2687 5652 stabilias
2715 5604 2766 5651 et
2799 5606 3019 5664 accepta
3034 5591 3268 5662 requies,
3288 5598 3342 5645 et
3364 5587 3609 5645 omnium

2031 5692 2325 5755 terminus,
2363 5690 2456 5758 qui
2490 5696 2573 5743 est
2602 5688 2722 5742 sine
2753 5685 3008 5752 termino,
3062 5693 3117 5739 et
3169 5694 3349 5745 motus
3412 5683 3465 5739 in
3516 5680 3613 5734 illo

2034 5798 2144 5839 uno
2166 5795 2442 5852 nunquam
2473 5778 2639 5837 menti
2659 5778 2860 5845 deﬁcit,
2887 5792 3006 5832 cum
3040 5776 3104 5831 ad
3123 5774 3395 5831 infinitum
3430 5784 3611 5829 etnon
