  <div class='ocr_page' id='page_1' title='image "/cluster/home/n/w/nwhite01/storage/ocr_20150623/147/hvd.32044073502619/431.png"; bbox 0 0 4032 6208; ppageno 0'>
   <div class='ocr_carea' id='block_1_1' title="bbox 452 339 559 401">
    <p class='ocr_par' dir='ltr' id='par_1_1' title="bbox 452 339 559 401">
     <span class='ocr_line' id='line_1_1' title="bbox 452 339 559 401; baseline 0.019 -3"><span class='ocrx_word' id='word_1_1' title='bbox 452 339 559 401; x_wconf 68' lang='lat'><strong>839</strong></span> 
     </span>
    </p>
   </div>
   <div class='ocr_carea' id='block_1_2' title="bbox 1569 320 2603 386">
    <p class='ocr_par' dir='ltr' id='par_1_2' title="bbox 1569 320 2603 386">
     <span class='ocr_line' id='line_1_2' title="bbox 1569 320 2603 386; baseline 0.004 -4"><span class='ocrx_word' id='word_1_2' title='bbox 1569 320 1924 382; x_wconf 79' lang='lat' dir='ltr'><strong>CALLISTI</strong></span> <span class='ocrx_word' id='word_1_3' title='bbox 1981 322 2603 386; x_wconf 75' lang='lat' dir='ltr'><strong>CATAPHUGIOT/E</strong></span> 
     </span>
    </p>
   </div>
   <div class='ocr_carea' id='block_1_3' title="bbox 3633 334 3747 390">
    <p class='ocr_par' dir='ltr' id='par_1_3' title="bbox 3633 334 3747 390">
     <span class='ocr_line' id='line_1_3' title="bbox 3633 334 3747 390; baseline 0.009 -1"><span class='ocrx_word' id='word_1_4' title='bbox 3633 334 3747 390; x_wconf 69' lang='lat' dir='ltr'><strong>Sil</strong></span> 
     </span>
    </p>
   </div>
   <div class='ocr_carea' id='block_1_4' title="bbox 458 434 2040 525">
    <p class='ocr_par' dir='ltr' id='par_1_4' title="bbox 458 434 2030 525">
     <span class='ocr_line' id='line_1_4' title="bbox 458 434 2030 525; baseline -0.007 -26"><span class='ocrx_word' id='word_1_5' title='bbox 458 450 807 501; x_wconf 76' lang='lat' dir='ltr'><strong>terminatum</strong></span> <span class='ocrx_word' id='word_1_6' title='bbox 850 441 1158 513; x_wconf 84' lang='lat' dir='ltr'><strong>pervenerit</strong></span> <span class='ocrx_word' id='word_1_7' title='bbox 1197 450 1257 525; x_wconf 50' lang='lat' dir='ltr'><strong>.et</strong></span> <span class='ocrx_word' id='word_1_8' title='bbox 1316 436 1850 504; x_wconf 79' lang='lat' dir='ltr'><strong>incirCumscriptum</strong></span> <span class='ocrx_word' id='word_1_9' title='bbox 1880 444 1933 490; x_wconf 79' lang='lat' dir='ltr'><strong>et</strong></span> <span class='ocrx_word' id='word_1_10' title='bbox 1963 434 2030 488; x_wconf 79' lang='lat' dir='ltr'><strong>ad</strong></span> 
     </span>
    </p>
   </div>
   <div class='ocr_carea' id='block_1_5' title="bbox 2136 434 3751 525">
    <p class='ocr_par' dir='ltr' id='par_1_5' title="bbox 2136 438 3751 512">
     <span class='ocr_line' id='line_1_5' title="bbox 2136 438 3751 512; baseline -0.001 -21"><span class='ocrx_word' id='word_1_11' title='bbox 2136 438 2441 509; x_wconf 81' lang='grc' dir='ltr'>πνεύματος</span> <span class='ocrx_word' id='word_1_12' title='bbox 2475 441 2613 507; x_wconf 80' lang='grc' dir='ltr'>ἐκεῖ,</span> <span class='ocrx_word' id='word_1_13' title='bbox 2639 441 2735 495; x_wconf 76' lang='grc' dir='ltr'>καὶ</span> <span class='ocrx_word' id='word_1_14' title='bbox 2763 440 3085 512; x_wconf 78' lang='grc' dir='ltr'>ξενότροπος</span> <span class='ocrx_word' id='word_1_15' title='bbox 3111 440 3432 503; x_wconf 81' lang='grc' dir='ltr'>ἀνάπαυσις.</span> <span class='ocrx_word' id='word_1_16' title='bbox 3460 442 3570 493; x_wconf 75' lang='grc' dir='ltr'><strong>καὶ</strong></span> <span class='ocrx_word' id='word_1_17' title='bbox 3601 457 3751 491; x_wconf 61' lang='grc' dir='ltr'>παν-</span> 
     </span>
    </p>
   </div>
   <div class='ocr_carea' id='block_1_6' title="bbox 455 529 2029 608">
    <p class='ocr_par' dir='ltr' id='par_1_6' title="bbox 455 529 2029 608">
     <span class='ocr_line' id='line_1_6' title="bbox 455 529 2029 608; baseline -0.008 -14"><span class='ocrx_word' id='word_1_18' title='bbox 455 542 586 595; x_wconf 84' lang='lat' dir='ltr'><strong>illud</strong></span> <span class='ocrx_word' id='word_1_19' title='bbox 625 539 769 608; x_wconf 78' lang='lat' dir='ltr'><strong>quod</strong></span> <span class='ocrx_word' id='word_1_20' title='bbox 805 540 921 593; x_wconf 86' lang='lat' dir='ltr'><strong>sine</strong></span> <span class='ocrx_word' id='word_1_21' title='bbox 950 536 1142 598; x_wconf 82' lang='lat' dir='ltr'><strong>forma,</strong></span> <span class='ocrx_word' id='word_1_22' title='bbox 1176 535 1294 587; x_wconf 85' lang='lat' dir='ltr'><strong>sine</strong></span> <span class='ocrx_word' id='word_1_23' title='bbox 1328 532 1498 603; x_wconf 82' lang='lat' dir='ltr'><strong>ﬁgura</strong></span> <span class='ocrx_word' id='word_1_24' title='bbox 1548 537 1635 584; x_wconf 87' lang='lat' dir='ltr'><strong>est</strong></span> <span class='ocrx_word' id='word_1_25' title='bbox 1692 535 1746 583; x_wconf 89' lang='lat' dir='ltr'><strong>et</strong></span> <span class='ocrx_word' id='word_1_26' title='bbox 1802 529 2029 583; x_wconf 86' lang='lat' dir='ltr'><strong>omnino</strong></span> 
     </span>
    </p>
   </div>
   <div class='ocr_carea' id='block_1_7' title="bbox 456 621 2034 702">
    <p class='ocr_par' dir='ltr' id='par_1_7' title="bbox 456 621 2034 702">
     <span class='ocr_line' id='line_1_7' title="bbox 456 621 2034 702; baseline -0.009 -14"><span class='ocrx_word' id='word_1_27' title='bbox 456 632 945 702; x_wconf 72' lang='lat' dir='ltr'><strong>simplicissimum.</strong></span> <span class='ocrx_word' id='word_1_28' title='bbox 998 628 1125 681; x_wconf 84' lang='lat' dir='ltr'><strong>Tale</strong></span> <span class='ocrx_word' id='word_1_29' title='bbox 1164 626 1307 680; x_wconf 89' lang='lat' dir='ltr'><strong>enim</strong></span> <span class='ocrx_word' id='word_1_30' title='bbox 1358 632 1441 678; x_wconf 89' lang='lat' dir='ltr'><strong>est</strong></span> <span class='ocrx_word' id='word_1_31' title='bbox 1492 621 1638 691; x_wconf 87' lang='lat' dir='ltr'><strong>quod</strong></span> <span class='ocrx_word' id='word_1_32' title='bbox 1691 621 1896 677; x_wconf 88' lang='lat' dir='ltr'><strong>dictum</strong></span> <span class='ocrx_word' id='word_1_33' title='bbox 1950 629 2034 675; x_wconf 86' lang='lat' dir='ltr'><strong>est</strong></span> 
     </span>
    </p>
   </div>
   <div class='ocr_carea' id='block_1_8' title="bbox 457 723 1043 785">
    <p class='ocr_par' dir='ltr' id='par_1_8' title="bbox 457 723 1043 785">
     <span class='ocr_line' id='line_1_8' title="bbox 457 723 1043 785; baseline -0.01 -6"><span class='ocrx_word' id='word_1_34' title='bbox 457 740 646 785; x_wconf 87' lang='lat' dir='ltr'><strong>unum,</strong></span> <span class='ocrx_word' id='word_1_35' title='bbox 684 723 735 777; x_wconf 93' lang='lat' dir='ltr'><strong>id</strong></span> <span class='ocrx_word' id='word_1_36' title='bbox 765 731 846 776; x_wconf 88' lang='lat' dir='ltr'><strong>est</strong></span> <span class='ocrx_word' id='word_1_37' title='bbox 880 723 1043 775; x_wconf 88' lang='lat' dir='ltr'><strong>Deus.</strong></span> 
     </span>
    </p>
   </div>
   <div class='ocr_carea' id='block_1_9' title="bbox 535 986 2035 1060">
    <p class='ocr_par' dir='ltr' id='par_1_9' title="bbox 535 986 2035 1060">
     <span class='ocr_line' id='line_1_9' title="bbox 535 986 2035 1060; baseline -0.007 -8"><span class='ocrx_word' id='word_1_38' title='bbox 535 999 587 1052; x_wconf 91' lang='lat'><strong>6.</strong></span> <span class='ocrx_word' id='word_1_39' title='bbox 626 994 682 1048; x_wconf 89' lang='lat' dir='ltr'><strong>Si</strong></span> <span class='ocrx_word' id='word_1_40' title='bbox 708 994 857 1060; x_wconf 77' lang='lat' dir='ltr'><strong>facit,</strong></span> <span class='ocrx_word' id='word_1_41' title='bbox 890 992 1192 1048; x_wconf 85' lang='lat' dir='ltr'><strong>secundum</strong></span> <span class='ocrx_word' id='word_1_42' title='bbox 1258 990 1538 1053; x_wconf 85' lang='lat' dir='ltr'><strong>Davidem,</strong></span> <span class='ocrx_word' id='word_1_43' title='bbox 1611 987 1751 1043; x_wconf 82' lang='lat' dir='ltr'><strong>Deus</strong></span> <span class='ocrx_word' id='word_1_44' title='bbox 1809 986 2035 1055; x_wconf 78' lang='lat' dir='ltr'><strong>angelos</strong></span> 
     </span>
    </p>
   </div>
   <div class='ocr_carea' id='block_1_10' title="bbox 455 1080 2024 1159">
    <p class='ocr_par' dir='ltr' id='par_1_10' title="bbox 455 1080 2024 1159">
     <span class='ocr_line' id='line_1_10' title="bbox 455 1080 2024 1159; baseline -0.009 -12"><span class='ocrx_word' id='word_1_45' title='bbox 455 1107 585 1147; x_wconf 90' lang='lat' dir='ltr'><strong>suos</strong></span> <span class='ocrx_word' id='word_1_46' title='bbox 614 1091 861 1159; x_wconf 89' lang='lat' dir='ltr'><strong>spiritus,</strong></span> <span class='ocrx_word' id='word_1_47' title='bbox 926 1087 1000 1139; x_wconf 89' lang='lat' dir='ltr'><strong>ita</strong></span> <span class='ocrx_word' id='word_1_48' title='bbox 1059 1098 1113 1139; x_wconf 90' lang='lat' dir='ltr'><strong>et</strong></span> <span class='ocrx_word' id='word_1_49' title='bbox 1154 1099 1250 1138; x_wconf 85' lang='lat' dir='ltr'><strong>eos</strong></span> <span class='ocrx_word' id='word_1_50' title='bbox 1307 1084 1557 1137; x_wconf 83' lang='lat' dir='ltr'><strong>homines</strong></span> <span class='ocrx_word' id='word_1_51' title='bbox 1588 1096 1728 1151; x_wconf 88' lang='lat' dir='ltr'><strong>quos</strong></span> <span class='ocrx_word' id='word_1_52' title='bbox 1786 1080 2024 1146; x_wconf 74' lang='lat' dir='ltr'><strong>Spiritus</strong></span> 
     </span>
    </p>
   </div>
   <div class='ocr_carea' id='block_1_11' title="bbox 458 1172 2034 1251">
    <p class='ocr_par' dir='ltr' id='par_1_11' title="bbox 458 1172 2034 1251">
     <span class='ocr_line' id='line_1_11' title="bbox 458 1172 2034 1251; baseline -0.011 -12"><span class='ocrx_word' id='word_1_53' title='bbox 458 1195 682 1239; x_wconf 88' lang='lat' dir='ltr'><strong>sanctus</strong></span> <span class='ocrx_word' id='word_1_54' title='bbox 710 1180 901 1251; x_wconf 71' lang='lat' dir='ltr'><strong>gignit,</strong></span> <span class='ocrx_word' id='word_1_55' title='bbox 932 1179 1156 1248; x_wconf 75' lang='lat' dir='ltr'><strong>spiritus</strong></span> <span class='ocrx_word' id='word_1_56' title='bbox 1182 1176 1365 1240; x_wconf 86' lang='lat' dir='ltr'><strong>etlicit,</strong></span> <span class='ocrx_word' id='word_1_57' title='bbox 1401 1186 1457 1227; x_wconf 90' lang='lat' dir='ltr'><strong>ut</strong></span> <span class='ocrx_word' id='word_1_58' title='bbox 1510 1174 1771 1228; x_wconf 83' lang='lat' dir='ltr'><strong>DOminus</strong></span> <span class='ocrx_word' id='word_1_59' title='bbox 1822 1172 1960 1225; x_wconf 78' lang='lat' dir='ltr'><strong>dixit</strong></span> <span class='ocrx_word' id='word_1_60' title='bbox 2019 1184 2034 1222; x_wconf 91' lang='lat'><strong>:</strong></span> 
     </span>
    </p>
   </div>
   <div class='ocr_carea' id='block_1_12' title="bbox 460 1262 2038 1343">
    <p class='ocr_par' dir='ltr' id='par_1_12' title="bbox 460 1262 2038 1343">
     <span class='ocr_line' id='line_1_12' title="bbox 460 1262 2038 1343; baseline -0.01 -16"><span class='ocrx_word' id='word_1_61' title='bbox 460 1277 685 1343; x_wconf 78' lang='lat' dir='ltr'><strong>angelus</strong></span> <span class='ocrx_word' id='word_1_62' title='bbox 707 1273 851 1326; x_wconf 86' lang='lat' dir='ltr'><strong>enim</strong></span> <span class='ocrx_word' id='word_1_63' title='bbox 890 1270 1029 1323; x_wconf 88' lang='lat' dir='ltr'><strong>alius</strong></span> <span class='ocrx_word' id='word_1_64' title='bbox 1080 1277 1162 1321; x_wconf 73' lang='lat' dir='ltr'><strong>est</strong></span> <span class='ocrx_word' id='word_1_65' title='bbox 1198 1268 1360 1319; x_wconf 90' lang='lat' dir='ltr'><strong>homo</strong></span> <span class='ocrx_word' id='word_1_66' title='bbox 1407 1265 1499 1335; x_wconf 82' lang='lat' dir='ltr'><strong>qui</strong></span> <span class='ocrx_word' id='word_1_67' title='bbox 1557 1279 1624 1317; x_wconf 76' lang='lat' dir='ltr'><strong>ex</strong></span> <span class='ocrx_word' id='word_1_68' title='bbox 1672 1262 1863 1330; x_wconf 85' lang='lat' dir='ltr'><strong>spiritu</strong></span> <span class='ocrx_word' id='word_1_69' title='bbox 1928 1274 2038 1312; x_wconf 88' lang='lat' dir='ltr'><strong>ma-</strong></span> 
     </span>
    </p>
   </div>
   <div class='ocr_carea' id='block_1_13' title="bbox 464 1354 2041 1432">
    <p class='ocr_par' dir='ltr' id='par_1_13' title="bbox 464 1354 2041 1432">
     <span class='ocr_line' id='line_1_13' title="bbox 464 1354 2041 1432; baseline -0.01 -13"><span class='ocrx_word' id='word_1_70' title='bbox 464 1367 656 1421; x_wconf 77' lang='lat' dir='ltr'><strong>nifesta</strong></span> <span class='ocrx_word' id='word_1_71' title='bbox 690 1363 851 1432; x_wconf 87' lang='lat' dir='ltr'><strong>hujus</strong></span> <span class='ocrx_word' id='word_1_72' title='bbox 880 1362 1295 1431; x_wconf 71' lang='lat' dir='ltr'><strong>participatione</strong></span> <span class='ocrx_word' id='word_1_73' title='bbox 1341 1367 1631 1426; x_wconf 80' lang='lat' dir='ltr'><strong>generatus</strong></span> <span class='ocrx_word' id='word_1_74' title='bbox 1660 1364 1778 1418; x_wconf 84' lang='lat' dir='ltr'><strong>est;</strong></span> <span class='ocrx_word' id='word_1_75' title='bbox 1815 1354 1907 1406; x_wconf 87' lang='lat' dir='ltr'><strong>scd</strong></span> <span class='ocrx_word' id='word_1_76' title='bbox 1944 1366 2041 1404; x_wconf 91' lang='lat' dir='ltr'><strong>an-</strong></span> 
     </span>
    </p>
   </div>
   <div class='ocr_carea' id='block_1_14' title="bbox 464 1444 2041 1526">
    <p class='ocr_par' dir='ltr' id='par_1_14' title="bbox 464 1444 2041 1526">
     <span class='ocr_line' id='line_1_14' title="bbox 464 1444 2041 1526; baseline -0.008 -17"><span class='ocrx_word' id='word_1_77' title='bbox 464 1460 705 1526; x_wconf 73' lang='lat' dir='ltr'><strong>gelorum</strong></span> <span class='ocrx_word' id='word_1_78' title='bbox 729 1470 876 1524; x_wconf 72' lang='lat' dir='ltr'><strong>opus</strong></span> <span class='ocrx_word' id='word_1_79' title='bbox 904 1466 980 1506; x_wconf 88' lang='lat' dir='ltr'><strong>est</strong></span> <span class='ocrx_word' id='word_1_80' title='bbox 1010 1460 1271 1520; x_wconf 84' lang='lat' dir='ltr'><strong>perpetuo</strong></span> <span class='ocrx_word' id='word_1_81' title='bbox 1300 1449 1467 1517; x_wconf 83' lang='lat' dir='ltr'><strong>hujus</strong></span> <span class='ocrx_word' id='word_1_82' title='bbox 1530 1448 1620 1515; x_wconf 90' lang='lat' dir='ltr'><strong>qui</strong></span> <span class='ocrx_word' id='word_1_83' title='bbox 1688 1446 1739 1499; x_wconf 92' lang='lat' dir='ltr'><strong>in</strong></span> <span class='ocrx_word' id='word_1_84' title='bbox 1766 1444 1919 1497; x_wconf 72' lang='lat' dir='ltr'><strong>cmlis</strong></span> <span class='ocrx_word' id='word_1_85' title='bbox 1955 1452 2041 1497; x_wconf 88' lang='lat' dir='ltr'><strong>est</strong></span> 
     </span>
    </p>
   </div>
   <div class='ocr_carea' id='block_1_15' title="bbox 460 1536 2033 1613">
    <p class='ocr_par' dir='ltr' id='par_1_15' title="bbox 460 1536 2033 1613">
     <span class='ocr_line' id='line_1_15' title="bbox 460 1536 2033 1613; baseline -0.008 -11"><span class='ocrx_word' id='word_1_86' title='bbox 460 1551 672 1602; x_wconf 85' lang='lat' dir='ltr'><strong>vultum</strong></span> <span class='ocrx_word' id='word_1_87' title='bbox 720 1545 1105 1613; x_wconf 88' lang='lat' dir='ltr'><strong>contemplari,</strong></span> <span class='ocrx_word' id='word_1_88' title='bbox 1170 1537 1631 1611; x_wconf 72' lang='lat' dir='ltr'><strong>qni-maduiodum</strong></span> <span class='ocrx_word' id='word_1_89' title='bbox 1686 1547 1739 1589; x_wconf 90' lang='lat' dir='ltr'><strong>et</strong></span> <span class='ocrx_word' id='word_1_90' title='bbox 1772 1536 2033 1589; x_wconf 87' lang='lat' dir='ltr'><strong>Domith</strong></span> 
     </span>
    </p>
   </div>
   <div class='ocr_carea' id='block_1_16' title="bbox 457 1628 2042 1708">
    <p class='ocr_par' dir='ltr' id='par_1_16' title="bbox 457 1628 2042 1708">
     <span class='ocr_line' id='line_1_16' title="bbox 457 1628 2042 1708; baseline -0.008 -13"><span class='ocrx_word' id='word_1_91' title='bbox 457 1636 967 1708; x_wconf 73' lang='lat' dir='ltr'><strong>dixit:igitur,q‘ui</strong></span> <span class='ocrx_word' id='word_1_92' title='bbox 1026 1636 1307 1689; x_wconf 84' lang='lat' dir='ltr'><strong>manifeste</strong></span> <span class='ocrx_word' id='word_1_93' title='bbox 1341 1633 1575 1701; x_wconf 80' lang='lat' dir='ltr'><strong>Spiritus</strong></span> <span class='ocrx_word' id='word_1_94' title='bbox 1635 1631 1808 1684; x_wconf 80' lang='lat' dir='ltr'><strong>sancti</strong></span> <span class='ocrx_word' id='word_1_95' title='bbox 1868 1628 2042 1682; x_wconf 79' lang='lat' dir='ltr'><strong>factus</strong></span> 
     </span>
    </p>
   </div>
   <div class='ocr_carea' id='block_1_17' title="bbox 458 1718 2041 1799">
    <p class='ocr_par' dir='ltr' id='par_1_17' title="bbox 458 1718 2041 1799">
     <span class='ocr_line' id='line_1_17' title="bbox 458 1718 2041 1799; baseline -0.011 -16"><span class='ocrx_word' id='word_1_96' title='bbox 458 1742 542 1785; x_wconf 88' lang='lat' dir='ltr'><strong>est</strong></span> <span class='ocrx_word' id='word_1_97' title='bbox 619 1729 929 1799; x_wconf 80' lang='lat' dir='ltr'><strong>particeps,</strong></span> <span class='ocrx_word' id='word_1_98' title='bbox 982 1734 1199 1795; x_wconf 78' lang='lat' dir='ltr'><strong>oportet</strong></span> <span class='ocrx_word' id='word_1_99' title='bbox 1278 1734 1336 1775; x_wconf 87' lang='grc' dir='ltr'><strong>ιιι</strong></span> <span class='ocrx_word' id='word_1_100' title='bbox 1398 1721 1487 1774; x_wconf 92' lang='lat' dir='ltr'><strong>Dei</strong></span> <span class='ocrx_word' id='word_1_101' title='bbox 1567 1718 1775 1771; x_wconf 78' lang='lat' dir='ltr'><strong>vultum</strong></span> <span class='ocrx_word' id='word_1_102' title='bbox 1838 1724 2041 1768; x_wconf 85' lang='lat' dir='ltr'><strong>attente</strong></span> 
     </span>
    </p>
   </div>
   <div class='ocr_carea' id='block_1_18' title="bbox 458 1809 2034 1889">
    <p class='ocr_par' dir='ltr' id='par_1_18' title="bbox 458 1809 2034 1889">
     <span class='ocr_line' id='line_1_18' title="bbox 458 1809 2034 1889; baseline -0.012 -12"><span class='ocrx_word' id='word_1_103' title='bbox 458 1822 877 1889; x_wconf 80' lang='lat' dir='ltr'><strong>contempletur,</strong></span> <span class='ocrx_word' id='word_1_104' title='bbox 912 1830 971 1872; x_wconf 90' lang='lat' dir='ltr'><strong>ut</strong></span> <span class='ocrx_word' id='word_1_105' title='bbox 1006 1820 1215 1886; x_wconf 89' lang='lat' dir='ltr'><strong>justum</strong></span> <span class='ocrx_word' id='word_1_106' title='bbox 1252 1826 1351 1869; x_wconf 87' lang='lat' dir='ltr'><strong>est.</strong></span> <span class='ocrx_word' id='word_1_107' title='bbox 1383 1814 1507 1867; x_wconf 87' lang='lat' dir='ltr'><strong>Ideo</strong></span> <span class='ocrx_word' id='word_1_108' title='bbox 1545 1824 1595 1865; x_wconf 90' lang='lat' dir='ltr'><strong>et</strong></span> <span class='ocrx_word' id='word_1_109' title='bbox 1641 1813 1798 1865; x_wconf 84' lang='lat' dir='ltr'><strong>docet</strong></span> <span class='ocrx_word' id='word_1_110' title='bbox 1843 1809 2034 1871; x_wconf 78' lang='lat' dir='ltr'><strong>David,</strong></span> 
     </span>
    </p>
   </div>
   <div class='ocr_carea' id='block_1_19' title="bbox 466 1902 2033 1979">
    <p class='ocr_par' dir='ltr' id='par_1_19' title="bbox 466 1902 2033 1979">
     <span class='ocr_line' id='line_1_19' title="bbox 466 1902 2033 1979; baseline -0.007 -13"><span class='ocrx_word' id='word_1_111' title='bbox 466 1934 483 1966; x_wconf 81' lang='grc' dir='ltr'><strong>ι</strong></span> <span class='ocrx_word' id='word_1_112' title='bbox 530 1914 765 1979; x_wconf 76' lang='lat' dir='ltr'><strong>Quaerite</strong></span> <span class='ocrx_word' id='word_1_113' title='bbox 806 1912 1115 1972; x_wconf 80' lang='lat' dir='ltr'><strong>Dominum,</strong></span> <span class='ocrx_word' id='word_1_114' title='bbox 1175 1908 1365 1961; x_wconf 88' lang='lat' dir='ltr'><strong>dicens</strong></span> <span class='ocrx_word' id='word_1_115' title='bbox 1396 1946 1411 1969; x_wconf 88' lang='lat'><strong>,</strong></span> <span class='ocrx_word' id='word_1_116' title='bbox 1468 1914 1524 1957; x_wconf 80' lang='lat' dir='ltr'><strong>et</strong></span> <span class='ocrx_word' id='word_1_117' title='bbox 1577 1902 1979 1958; x_wconf 83' lang='lat' dir='ltr'><strong>ctmiirmemini</strong></span> <span class='ocrx_word' id='word_1_118' title='bbox 2020 1919 2033 1955; x_wconf 92' lang='lat'><strong>:</strong></span> 
     </span>
    </p>
   </div>
   <div class='ocr_carea' id='block_1_20' title="bbox 457 1988 2039 2074">
    <p class='ocr_par' dir='ltr' id='par_1_20' title="bbox 457 1988 2039 2074">
     <span class='ocr_line' id='line_1_20' title="bbox 457 1988 2039 2074; baseline -0.006 -18"><span class='ocrx_word' id='word_1_119' title='bbox 457 2008 685 2074; x_wconf 65' lang='lat' dir='ltr'><strong>quaerite</strong></span> <span class='ocrx_word' id='word_1_120' title='bbox 746 1988 952 2058; x_wconf 23' lang='lat' dir='ltr'><strong>faciem.</strong></span> <span class='ocrx_word' id='word_1_121' title='bbox 995 2002 1116 2071; x_wconf 80' lang='lat' dir='ltr'><strong>eius</strong></span> <span class='ocrx_word' id='word_1_122' title='bbox 1173 2015 1386 2067; x_wconf 78' lang='lat' dir='ltr'><strong>semper</strong></span> <span class='ocrx_word' id='word_1_123' title='bbox 1410 1999 1479 2051; x_wconf 81' lang='lat'><strong>”.</strong></span> <span class='ocrx_word' id='word_1_124' title='bbox 1525 2017 1543 2048; x_wconf 72' lang='grc' dir='ltr'><strong>ι</strong></span> <span class='ocrx_word' id='word_1_125' title='bbox 1602 1994 1718 2050; x_wconf 86' lang='lat' dir='ltr'><strong>Non</strong></span> <span class='ocrx_word' id='word_1_126' title='bbox 1759 1996 1923 2063; x_wconf 88' lang='lat' dir='ltr'><strong>igitur</strong></span> <span class='ocrx_word' id='word_1_127' title='bbox 1953 2011 2039 2047; x_wconf 87' lang='lat' dir='ltr'><strong>ra-</strong></span> 
     </span>
    </p>
   </div>
   <div class='ocr_carea' id='block_1_21' title="bbox 460 2089 2039 2169">
    <p class='ocr_par' dir='ltr' id='par_1_21' title="bbox 460 2089 2039 2169">
     <span class='ocr_line' id='line_1_21' title="bbox 460 2089 2039 2169; baseline -0.009 -15"><span class='ocrx_word' id='word_1_128' title='bbox 460 2103 660 2154; x_wconf 74' lang='lat' dir='ltr'><strong>ii&#39;lllCltl</strong></span> <span class='ocrx_word' id='word_1_129' title='bbox 718 2098 986 2169; x_wconf 82' lang='lat' dir='ltr'><strong>sequitur,</strong></span> <span class='ocrx_word' id='word_1_130' title='bbox 1056 2094 1150 2164; x_wconf 90' lang='lat' dir='ltr'><strong>qui</strong></span> <span class='ocrx_word' id='word_1_131' title='bbox 1213 2094 1486 2161; x_wconf 76' lang='lat' dir='ltr'><strong>particeps</strong></span> <span class='ocrx_word' id='word_1_132' title='bbox 1539 2092 1719 2143; x_wconf 88' lang='lat' dir='ltr'><strong>lactus</strong></span> <span class='ocrx_word' id='word_1_133' title='bbox 1773 2089 1946 2142; x_wconf 87' lang='lat' dir='ltr'><strong>sancti</strong></span> <span class='ocrx_word' id='word_1_134' title='bbox 1975 2103 2039 2140; x_wconf 89' lang='lat' dir='ltr'><strong>ac</strong></span> 
     </span>
    </p>
   </div>
   <div class='ocr_carea' id='block_1_22' title="bbox 460 2181 2041 2249">
    <p class='ocr_par' dir='ltr' id='par_1_22' title="bbox 460 2181 2041 2249">
     <span class='ocr_line' id='line_1_22' title="bbox 460 2181 2041 2249; baseline -0.004 -9"><span class='ocrx_word' id='word_1_135' title='bbox 460 2191 660 2243; x_wconf 76' lang='lat' dir='ltr'><strong>vivifici</strong></span> <span class='ocrx_word' id='word_1_136' title='bbox 713 2199 761 2242; x_wconf 83' lang='lat' dir='ltr'><strong>et</strong></span> <span class='ocrx_word' id='word_1_137' title='bbox 818 2187 1184 2241; x_wconf 84' lang='lat' dir='ltr'><strong>illuminantis</strong></span> <span class='ocrx_word' id='word_1_138' title='bbox 1238 2193 1295 2239; x_wconf 88' lang='lat' dir='ltr'><strong>ct</strong></span> <span class='ocrx_word' id='word_1_139' title='bbox 1352 2182 1701 2236; x_wconf 85' lang='lat' dir='ltr'><strong>dilectiOnent</strong></span> <span class='ocrx_word' id='word_1_140' title='bbox 1760 2181 2041 2249; x_wconf 71' lang='lat' dir='ltr'><strong>onerantis</strong></span> 
     </span>
    </p>
   </div>
   <div class='ocr_carea' id='block_1_23' title="bbox 464 2272 2037 2350">
    <p class='ocr_par' dir='ltr' id='par_1_23' title="bbox 464 2272 2037 2350">
     <span class='ocr_line' id='line_1_23' title="bbox 464 2272 2037 2350; baseline -0.005 -16"><span class='ocrx_word' id='word_1_141' title='bbox 464 2281 727 2350; x_wconf 83' lang='lat' dir='ltr'><strong>Spiritus,</strong></span> <span class='ocrx_word' id='word_1_142' title='bbox 753 2289 808 2333; x_wconf 90' lang='lat' dir='ltr'><strong>et</strong></span> <span class='ocrx_word' id='word_1_143' title='bbox 856 2276 1154 2332; x_wconf 72' lang='lat' dir='ltr'><strong>inéﬂ‘ahilis</strong></span> <span class='ocrx_word' id='word_1_144' title='bbox 1183 2275 1553 2345; x_wconf 76' lang='lat' dir='ltr'><strong>generationis</strong></span> <span class='ocrx_word' id='word_1_145' title='bbox 1582 2290 1702 2343; x_wconf 66' lang='lat' dir='ltr'><strong>quae</strong></span> <span class='ocrx_word' id='word_1_146' title='bbox 1727 2288 1789 2326; x_wconf 79' lang='lat' dir='ltr'><strong>ex</strong></span> <span class='ocrx_word' id='word_1_147' title='bbox 1828 2272 2037 2340; x_wconf 85' lang='lat' dir='ltr'><strong>Spiritu</strong></span> 
     </span>
    </p>
   </div>
   <div class='ocr_carea' id='block_1_24' title="bbox 459 2363 2036 2434">
    <p class='ocr_par' dir='ltr' id='par_1_24' title="bbox 459 2363 2036 2434">
     <span class='ocr_line' id='line_1_24' title="bbox 459 2363 2036 2434; baseline -0.006 -9"><span class='ocrx_word' id='word_1_148' title='bbox 459 2374 692 2425; x_wconf 85' lang='lat' dir='ltr'><strong>ellicitnr</strong></span> <span class='ocrx_word' id='word_1_149' title='bbox 728 2372 779 2424; x_wconf 91' lang='lat' dir='ltr'><strong>in</strong></span> <span class='ocrx_word' id='word_1_150' title='bbox 816 2378 1016 2425; x_wconf 79' lang='lat' dir='ltr'><strong>sortem</strong></span> <span class='ocrx_word' id='word_1_151' title='bbox 1043 2369 1191 2421; x_wconf 83' lang='lat' dir='ltr'><strong>venit</strong></span> <span class='ocrx_word' id='word_1_152' title='bbox 1216 2376 1271 2421; x_wconf 91' lang='lat' dir='ltr'><strong>et</strong></span> <span class='ocrx_word' id='word_1_153' title='bbox 1305 2368 1356 2418; x_wconf 91' lang='lat' dir='ltr'><strong>in</strong></span> <span class='ocrx_word' id='word_1_154' title='bbox 1386 2367 1686 2434; x_wconf 78' lang='lat' dir='ltr'><strong>angelicam</strong></span> <span class='ocrx_word' id='word_1_155' title='bbox 1717 2363 2036 2432; x_wconf 82' lang='lat' dir='ltr'><strong>dignitatem</strong></span> 
     </span>
    </p>
   </div>
   <div class='ocr_carea' id='block_1_25' title="bbox 462 2457 2035 2529">
    <p class='ocr_par' dir='ltr' id='par_1_25' title="bbox 462 2457 2035 2529">
     <span class='ocr_line' id='line_1_25' title="bbox 462 2457 2035 2529; baseline -0.003 -14"><span class='ocrx_word' id='word_1_156' title='bbox 462 2464 767 2525; x_wconf 75' lang='lat' dir='ltr'><strong>festinavit,</strong></span> <span class='ocrx_word' id='word_1_157' title='bbox 818 2478 883 2515; x_wconf 94' lang='lat' dir='ltr'><strong>ac</strong></span> <span class='ocrx_word' id='word_1_158' title='bbox 934 2461 1133 2514; x_wconf 71' lang='lat' dir='ltr'><strong>deinde</strong></span> <span class='ocrx_word' id='word_1_159' title='bbox 1185 2476 1279 2529; x_wconf 86' lang='lat' dir='ltr'><strong>per</strong></span> <span class='ocrx_word' id='word_1_160' title='bbox 1332 2461 1551 2512; x_wconf 88' lang='lat' dir='ltr'><strong>nimiam</strong></span> <span class='ocrx_word' id='word_1_161' title='bbox 1618 2457 2035 2512; x_wconf 85' lang='lat' dir='ltr'><strong>sollicitudinem</strong></span> 
     </span>
    </p>
   </div>
   <div class='ocr_carea' id='block_1_26' title="bbox 462 2550 2036 2622">
    <p class='ocr_par' dir='ltr' id='par_1_26' title="bbox 462 2550 2036 2622">
     <span class='ocr_line' id='line_1_26' title="bbox 462 2550 2036 2622; baseline -0.005 -13"><span class='ocrx_word' id='word_1_162' title='bbox 462 2555 775 2622; x_wconf 78' lang='lat' dir='ltr'><strong>comprimit</strong></span> <span class='ocrx_word' id='word_1_163' title='bbox 823 2571 981 2608; x_wconf 90' lang='lat' dir='ltr'><strong>suum</strong></span> <span class='ocrx_word' id='word_1_164' title='bbox 1026 2554 1365 2622; x_wconf 83' lang='lat' dir='ltr'><strong>spiritualetn</strong></span> <span class='ocrx_word' id='word_1_165' title='bbox 1421 2554 1485 2605; x_wconf 88' lang='lat' dir='ltr'><strong>ad</strong></span> <span class='ocrx_word' id='word_1_166' title='bbox 1550 2550 1717 2605; x_wconf 88' lang='lat' dir='ltr'><strong>Deum</strong></span> <span class='ocrx_word' id='word_1_167' title='bbox 1774 2566 2036 2615; x_wconf 76' lang='lat' dir='ltr'><strong>sensum,</strong></span> 
     </span>
    </p>
   </div>
   <div class='ocr_carea' id='block_1_27' title="bbox 463 2644 2042 2718">
    <p class='ocr_par' dir='ltr' id='par_1_27' title="bbox 463 2644 2042 2718">
     <span class='ocr_line' id='line_1_27' title="bbox 463 2644 2042 2718; baseline -0.002 -17"><span class='ocrx_word' id='word_1_168' title='bbox 463 2665 638 2718; x_wconf 87' lang='lat' dir='ltr'><strong>neque</strong></span> <span class='ocrx_word' id='word_1_169' title='bbox 703 2647 817 2701; x_wconf 89' lang='lat' dir='ltr'><strong>vult</strong></span> <span class='ocrx_word' id='word_1_170' title='bbox 867 2648 932 2701; x_wconf 86' lang='lat' dir='ltr'><strong>ad</strong></span> <span class='ocrx_word' id='word_1_171' title='bbox 995 2644 1165 2699; x_wconf 85' lang='lat' dir='ltr'><strong>Deum</strong></span> <span class='ocrx_word' id='word_1_172' title='bbox 1222 2648 1443 2699; x_wconf 80' lang='lat' dir='ltr'><strong>tendere</strong></span> <span class='ocrx_word' id='word_1_173' title='bbox 1501 2660 1563 2699; x_wconf 90' lang='lat' dir='ltr'><strong>ac</strong></span> <span class='ocrx_word' id='word_1_174' title='bbox 1614 2644 1829 2707; x_wconf 78' lang='lat' dir='ltr'><strong>divina;</strong></span> <span class='ocrx_word' id='word_1_175' title='bbox 1878 2645 2042 2712; x_wconf 88' lang='lat' dir='ltr'><strong>idque</strong></span> 
     </span>
    </p>
   </div>
   <div class='ocr_carea' id='block_1_28' title="bbox 464 2737 2038 2808">
    <p class='ocr_par' dir='ltr' id='par_1_28' title="bbox 464 2737 2038 2808">
     <span class='ocr_line' id='line_1_28' title="bbox 464 2737 2038 2808; baseline -0.004 -12"><span class='ocrx_word' id='word_1_176' title='bbox 464 2740 745 2796; x_wconf 68' lang='lat' dir='ltr'><strong>Salvatnre</strong></span> <span class='ocrx_word' id='word_1_177' title='bbox 798 2739 1026 2808; x_wconf 87' lang='lat' dir='ltr'><strong>jubente</strong></span> <span class='ocrx_word' id='word_1_178' title='bbox 1074 2755 1174 2791; x_wconf 86' lang='lat' dir='ltr'><strong>nos</strong></span> <span class='ocrx_word' id='word_1_179' title='bbox 1220 2739 1273 2791; x_wconf 93' lang='lat' dir='ltr'><strong>in</strong></span> <span class='ocrx_word' id='word_1_180' title='bbox 1310 2738 1429 2807; x_wconf 90' lang='lat' dir='ltr'><strong>ipso</strong></span> <span class='ocrx_word' id='word_1_181' title='bbox 1488 2750 1741 2799; x_wconf 83' lang='lat' dir='ltr'><strong>manere,</strong></span> <span class='ocrx_word' id='word_1_182' title='bbox 1777 2737 2038 2805; x_wconf 89' lang='lat' dir='ltr'><strong>quoniam</strong></span> 
     </span>
    </p>
   </div>
   <div class='ocr_carea' id='block_1_29' title="bbox 460 2824 2041 2901">
    <p class='ocr_par' dir='ltr' id='par_1_29' title="bbox 460 2824 2041 2901">
     <span class='ocr_line' id='line_1_29' title="bbox 460 2824 2041 2901; baseline -0.005 -15"><span class='ocrx_word' id='word_1_183' title='bbox 460 2843 517 2886; x_wconf 91' lang='lat' dir='ltr'><strong>et</strong></span> <span class='ocrx_word' id='word_1_184' title='bbox 549 2837 665 2901; x_wconf 82' lang='lat' dir='ltr'><strong>ipse</strong></span> <span class='ocrx_word' id='word_1_185' title='bbox 699 2832 750 2884; x_wconf 91' lang='lat' dir='ltr'><strong>in</strong></span> <span class='ocrx_word' id='word_1_186' title='bbox 785 2829 942 2883; x_wconf 78' lang='lat' dir='ltr'><strong>nobis</strong></span> <span class='ocrx_word' id='word_1_187' title='bbox 973 2836 1154 2881; x_wconf 88' lang='lat' dir='ltr'><strong>manet</strong></span> <span class='ocrx_word' id='word_1_188' title='bbox 1184 2845 1199 2893; x_wconf 89' lang='lat'><strong>;</strong></span> <span class='ocrx_word' id='word_1_189' title='bbox 1238 2838 1405 2896; x_wconf 83' lang='lat' dir='ltr'><strong>atque</strong></span> <span class='ocrx_word' id='word_1_190' title='bbox 1452 2826 1565 2879; x_wconf 50' lang='lat' dir='ltr'><strong>haec</strong></span> <span class='ocrx_word' id='word_1_191' title='bbox 1598 2824 1799 2878; x_wconf 82' lang='lat' dir='ltr'><strong>Davide</strong></span> <span class='ocrx_word' id='word_1_192' title='bbox 1855 2824 2041 2878; x_wconf 86' lang='lat' dir='ltr'><strong>dicen-</strong></span> 
     </span>
    </p>
   </div>
   <div class='ocr_carea' id='block_1_30' title="bbox 462 2916 2042 2983">
    <p class='ocr_par' dir='ltr' id='par_1_30' title="bbox 462 2916 2042 2983">
     <span class='ocr_line' id='line_1_30' title="bbox 462 2916 2042 2983; baseline -0.006 -4"><span class='ocrx_word' id='word_1_193' title='bbox 462 2936 561 2979; x_wconf 91' lang='lat' dir='ltr'><strong>te:</strong></span> <span class='ocrx_word' id='word_1_194' title='bbox 610 2942 629 2975; x_wconf 85' lang='grc' dir='ltr'><strong>ι</strong></span> <span class='ocrx_word' id='word_1_195' title='bbox 666 2923 923 2977; x_wconf 78' lang='lat' dir='ltr'><strong>Accedite</strong></span> <span class='ocrx_word' id='word_1_196' title='bbox 962 2923 1027 2975; x_wconf 88' lang='lat' dir='ltr'><strong>ad</strong></span> <span class='ocrx_word' id='word_1_197' title='bbox 1071 2935 1229 2983; x_wconf 87' lang='lat' dir='ltr'><strong>eum,</strong></span> <span class='ocrx_word' id='word_1_198' title='bbox 1267 2929 1320 2972; x_wconf 86' lang='lat' dir='ltr'><strong>ct</strong></span> <span class='ocrx_word' id='word_1_199' title='bbox 1385 2919 1768 2972; x_wconf 85' lang='lat' dir='ltr'><strong>illuminemini</strong></span> <span class='ocrx_word' id='word_1_200' title='bbox 1808 2917 1876 2973; x_wconf 82' lang='lat'><strong>’°.</strong></span> <span class='ocrx_word' id='word_1_201' title='bbox 1925 2934 1943 2967; x_wconf 74' lang='grc' dir='ltr'><strong>ι</strong></span> <span class='ocrx_word' id='word_1_202' title='bbox 1975 2916 2042 2971; x_wconf 84' lang='grc' dir='ltr'><strong>Ει</strong></span> 
     </span>
    </p>
   </div>
   <div class='ocr_carea' id='block_1_31' title="bbox 464 3009 2032 3089">
    <p class='ocr_par' dir='ltr' id='par_1_31' title="bbox 464 3009 2032 3089">
     <span class='ocr_line' id='line_1_31' title="bbox 464 3009 2032 3089; baseline -0.006 -20"><span class='ocrx_word' id='word_1_203' title='bbox 464 3032 592 3071; x_wconf 84' lang='lat' dir='ltr'><strong>vere</strong></span> <span class='ocrx_word' id='word_1_204' title='bbox 624 3018 665 3069; x_wconf 87' lang='lat' dir='ltr'><strong>si</strong></span> <span class='ocrx_word' id='word_1_205' title='bbox 716 3032 779 3089; x_wconf 61' lang='lat' dir='ltr'><strong>t-a</strong></span> <span class='ocrx_word' id='word_1_206' title='bbox 820 3031 943 3085; x_wconf 68' lang='lat' dir='ltr'><strong>qua:</strong></span> <span class='ocrx_word' id='word_1_207' title='bbox 976 3012 1285 3066; x_wconf 87' lang='lat' dir='ltr'><strong>necessaria</strong></span> <span class='ocrx_word' id='word_1_208' title='bbox 1314 3020 1442 3064; x_wconf 90' lang='lat' dir='ltr'><strong>sunt</strong></span> <span class='ocrx_word' id='word_1_209' title='bbox 1476 3020 1526 3062; x_wconf 90' lang='lat' dir='ltr'><strong>et</strong></span> <span class='ocrx_word' id='word_1_210' title='bbox 1556 3024 1799 3077; x_wconf 77' lang='lat' dir='ltr'><strong>congrua</strong></span> <span class='ocrx_word' id='word_1_211' title='bbox 1835 3009 2032 3061; x_wconf 79' lang='lat' dir='ltr'><strong>facturi</strong></span> 
     </span>
    </p>
   </div>
   <div class='ocr_carea' id='block_1_32' title="bbox 2125 531 3721 605">
    <p class='ocr_par' dir='ltr' id='par_1_32' title="bbox 2125 531 3721 605">
     <span class='ocr_line' id='line_1_32' title="bbox 2125 531 3721 605; baseline 0.001 -24"><span class='ocrx_word' id='word_1_212' title='bbox 2125 546 2234 582; x_wconf 87' lang='grc' dir='ltr'>των</span> <span class='ocrx_word' id='word_1_213' title='bbox 2273 531 2444 600; x_wconf 82' lang='grc' dir='ltr'>πέρας</span> <span class='ocrx_word' id='word_1_214' title='bbox 2472 532 2532 585; x_wconf 71' lang='lat'><strong>:6</strong></span> <span class='ocrx_word' id='word_1_215' title='bbox 2561 533 2807 603; x_wconf 72' lang='grc' dir='ltr'>ἄπειρον,</span> <span class='ocrx_word' id='word_1_216' title='bbox 2846 534 2940 587; x_wconf 75' lang='grc' dir='ltr'>καὶ</span> <span class='ocrx_word' id='word_1_217' title='bbox 2974 534 3187 604; x_wconf 77' lang='grc' dir='ltr'>κίνησις</span> <span class='ocrx_word' id='word_1_218' title='bbox 3222 536 3281 587; x_wconf 85' lang='grc' dir='ltr'><strong>ὲν</strong></span> <span class='ocrx_word' id='word_1_219' title='bbox 3314 536 3392 605; x_wconf 84' lang='grc' dir='ltr'>τῷ</span> <span class='ocrx_word' id='word_1_220' title='bbox 3435 538 3517 588; x_wconf 73' lang='grc' dir='ltr'><strong>ἐνὶ</strong></span> <span class='ocrx_word' id='word_1_221' title='bbox 3579 553 3721 601; x_wconf 73' lang='grc' dir='ltr'>γινο</span> 
     </span>
    </p>
   </div>
   <div class='ocr_carea' id='block_1_33' title="bbox 2132 620 3751 695">
    <p class='ocr_par' dir='ltr' id='par_1_33' title="bbox 2132 620 3751 695">
     <span class='ocr_line' id='line_1_33' title="bbox 2132 620 3751 695; baseline 0.002 -24"><span class='ocrx_word' id='word_1_222' title='bbox 2132 620 2277 690; x_wconf 82' lang='grc' dir='ltr'>μένῳ</span> <span class='ocrx_word' id='word_1_223' title='bbox 2314 622 2510 691; x_wconf 80' lang='grc' dir='ltr'>ἐκείνῳ</span> <span class='ocrx_word' id='word_1_224' title='bbox 2542 623 2643 676; x_wconf 79' lang='grc' dir='ltr'>οὐκ</span> <span class='ocrx_word' id='word_1_225' title='bbox 2679 623 3038 677; x_wconf 85' lang='grc' dir='ltr'>ἀπολείπεται</span> <span class='ocrx_word' id='word_1_226' title='bbox 3062 624 3316 695; x_wconf 78' lang='grc' dir='ltr'><strong>οὐδαμῶς</strong></span> <span class='ocrx_word' id='word_1_227' title='bbox 3339 629 3498 679; x_wconf 76' lang='grc' dir='ltr'>παντὶ</span> <span class='ocrx_word' id='word_1_228' title='bbox 3533 626 3653 695; x_wconf 81' lang='grc' dir='ltr'>νῷ,</span> <span class='ocrx_word' id='word_1_229' title='bbox 3687 627 3751 676; x_wconf 56' lang='grc' dir='ltr'>τι</span> 
     </span>
    </p>
   </div>
   <div class='ocr_carea' id='block_1_34' title="bbox 2128 713 3752 789">
    <p class='ocr_par' dir='ltr' id='par_1_34' title="bbox 2128 713 3752 789">
     <span class='ocr_line' id='line_1_34' title="bbox 2128 713 3752 789; baseline 0.003 -24"><span class='ocrx_word' id='word_1_230' title='bbox 2128 713 2380 783; x_wconf 80' lang='grc' dir='ltr'>ἀόριστον</span> <span class='ocrx_word' id='word_1_231' title='bbox 2407 716 2501 768; x_wconf 76' lang='grc' dir='ltr'><strong>καὶ</strong></span> <span class='ocrx_word' id='word_1_232' title='bbox 2540 716 2846 785; x_wconf 84' lang='grc' dir='ltr'>ἀπέραντον</span> <span class='ocrx_word' id='word_1_233' title='bbox 2880 717 3207 786; x_wconf 80' lang='grc' dir='ltr'>πεφθακότι,</span> <span class='ocrx_word' id='word_1_234' title='bbox 3236 718 3297 770; x_wconf 89' lang='grc' dir='ltr'>τό</span> <span class='ocrx_word' id='word_1_235' title='bbox 3320 736 3376 770; x_wconf 84' lang='grc' dir='ltr'><strong>τε</strong></span> <span class='ocrx_word' id='word_1_236' title='bbox 3407 719 3509 771; x_wconf 86' lang='grc' dir='ltr'><strong>ἀπε</strong></span> <span class='ocrx_word' id='word_1_237' title='bbox 3523 720 3752 789; x_wconf 78' lang='grc' dir='ltr'>ρίγρα-</span> 
     </span>
    </p>
   </div>
   <div class='ocr_carea' id='block_1_35' title="bbox 2130 806 3754 879">
    <p class='ocr_par' dir='ltr' id='par_1_35' title="bbox 2130 806 3754 879">
     <span class='ocr_line' id='line_1_35' title="bbox 2130 806 3754 879; baseline 0.001 -23"><span class='ocrx_word' id='word_1_238' title='bbox 2130 820 2287 867; x_wconf 84' lang='grc' dir='ltr'>πτον,</span> <span class='ocrx_word' id='word_1_239' title='bbox 2348 806 2610 873; x_wconf 80' lang='grc' dir='ltr'>ἀνείδεον,</span> <span class='ocrx_word' id='word_1_240' title='bbox 2651 808 2747 862; x_wconf 80' lang='grc' dir='ltr'>καὶ</span> <span class='ocrx_word' id='word_1_241' title='bbox 2796 809 3230 879; x_wconf 82' lang='grc' dir='ltr'><strong>ἀσχημάτιστον,</strong></span> <span class='ocrx_word' id='word_1_242' title='bbox 3281 811 3375 863; x_wconf 71' lang='grc' dir='ltr'><strong>καὶ</strong></span> <span class='ocrx_word' id='word_1_243' title='bbox 3429 812 3572 864; x_wconf 70' lang='grc' dir='ltr'>ἀπο)</span> <span class='ocrx_word' id='word_1_244' title='bbox 3592 810 3754 871; x_wconf 74' lang='grc' dir='ltr'>ὑτως</span> 
     </span>
    </p>
   </div>
   <div class='ocr_carea' id='block_1_36' title="bbox 2130 896 3753 973">
    <p class='ocr_par' dir='ltr' id='par_1_36' title="bbox 2130 896 3753 973">
     <span class='ocr_line' id='line_1_36' title="bbox 2130 896 3753 973; baseline 0.005 -24"><span class='ocrx_word' id='word_1_245' title='bbox 2130 896 2352 950; x_wconf 67' lang='grc' dir='ltr'>άπλοῦεν</span> <span class='ocrx_word' id='word_1_246' title='bbox 2377 899 2703 971; x_wconf 74' lang='grc' dir='ltr'>τοιοῦτογάρ</span> <span class='ocrx_word' id='word_1_247' title='bbox 2726 906 2786 954; x_wconf 86' lang='grc' dir='ltr'><strong>τὸ</strong></span> <span class='ocrx_word' id='word_1_248' title='bbox 2806 902 3095 973; x_wconf 78' lang='grc' dir='ltr'>εἰρημένον</span> <span class='ocrx_word' id='word_1_249' title='bbox 3117 902 3195 967; x_wconf 83' lang='grc' dir='ltr'><strong>ἓν,</strong></span> <span class='ocrx_word' id='word_1_250' title='bbox 3215 904 3546 957; x_wconf 88' lang='grc' dir='ltr'>τουτέστινό</span> <span class='ocrx_word' id='word_1_251' title='bbox 3575 905 3753 963; x_wconf 70' lang='grc' dir='ltr'>Θεὸς.</span> 
     </span>
    </p>
   </div>
   <div class='ocr_carea' id='block_1_37' title="bbox 2206 989 3755 1065">
    <p class='ocr_par' dir='ltr' id='par_1_37' title="bbox 2206 989 3755 1065">
     <span class='ocr_line' id='line_1_37' title="bbox 2206 989 3755 1065; baseline 0.001 -20"><span class='ocrx_word' id='word_1_252' title='bbox 2206 989 2281 1054; x_wconf 81' lang='grc' dir='ltr'><strong>ς’.</strong></span> <span class='ocrx_word' id='word_1_253' title='bbox 2318 992 2377 1044; x_wconf 83' lang='grc' dir='ltr'><strong>Εἰ</strong></span> <span class='ocrx_word' id='word_1_254' title='bbox 2426 994 2589 1055; x_wconf 83' lang='grc' dir='ltr'>ποιεῖ,</span> <span class='ocrx_word' id='word_1_255' title='bbox 2626 994 2769 1047; x_wconf 86' lang='grc' dir='ltr'><strong>κατά</strong></span> <span class='ocrx_word' id='word_1_256' title='bbox 2818 994 2910 1047; x_wconf 81' lang='grc' dir='ltr'><strong>τὸν</strong></span> <span class='ocrx_word' id='word_1_257' title='bbox 2945 995 3133 1058; x_wconf 80' lang='grc' dir='ltr'>Δαϐἰδ,</span> <span class='ocrx_word' id='word_1_258' title='bbox 3160 998 3291 1059; x_wconf 82' lang='grc' dir='ltr'>τοὺς</span> <span class='ocrx_word' id='word_1_259' title='bbox 3324 998 3609 1065; x_wconf 76' lang='grc' dir='ltr'><strong>ἀγγέλους</strong></span> <span class='ocrx_word' id='word_1_260' title='bbox 3644 998 3755 1049; x_wconf 75' lang='grc' dir='ltr'><strong>αὑ-</strong></span> 
     </span>
    </p>
   </div>
   <div class='ocr_carea' id='block_1_38' title="bbox 2130 1080 3752 1158">
    <p class='ocr_par' dir='ltr' id='par_1_38' title="bbox 2130 1080 3752 1158">
     <span class='ocr_line' id='line_1_38' title="bbox 2130 1080 3752 1158; baseline 0.004 -25"><span class='ocrx_word' id='word_1_261' title='bbox 2130 1080 2223 1134; x_wconf 78' lang='grc' dir='ltr'><strong>τοῦ</strong></span> <span class='ocrx_word' id='word_1_262' title='bbox 2248 1084 2275 1134; x_wconf 96' lang='lat'><strong>6</strong></span> <span class='ocrx_word' id='word_1_263' title='bbox 2306 1082 2437 1145; x_wconf 85' lang='grc' dir='ltr'>Θεὸς</span> <span class='ocrx_word' id='word_1_264' title='bbox 2468 1083 2777 1154; x_wconf 83' lang='grc' dir='ltr'>πνεύματα,</span> <span class='ocrx_word' id='word_1_265' title='bbox 2803 1087 2898 1138; x_wconf 71' lang='grc' dir='ltr'><strong>καὶ</strong></span> <span class='ocrx_word' id='word_1_266' title='bbox 2926 1084 3021 1149; x_wconf 81' lang='grc' dir='ltr'><strong>οὓς</strong></span> <span class='ocrx_word' id='word_1_267' title='bbox 3044 1086 3103 1139; x_wconf 83' lang='grc' dir='ltr'><strong>δὲ</strong></span> <span class='ocrx_word' id='word_1_268' title='bbox 3125 1085 3230 1140; x_wconf 86' lang='grc' dir='ltr'><strong>τῶν</strong></span> <span class='ocrx_word' id='word_1_269' title='bbox 3263 1086 3580 1158; x_wconf 82' lang='grc' dir='ltr'>ἀνθρώπων</span> <span class='ocrx_word' id='word_1_270' title='bbox 3607 1105 3752 1155; x_wconf 72' lang='grc' dir='ltr'>γενο</span> 
     </span>
    </p>
   </div>
   <div class='ocr_carea' id='block_1_39' title="bbox 2132 1172 3754 1250">
    <p class='ocr_par' dir='ltr' id='par_1_39' title="bbox 2132 1172 3754 1250">
     <span class='ocr_line' id='line_1_39' title="bbox 2132 1172 3754 1250; baseline 0.004 -25"><span class='ocrx_word' id='word_1_271' title='bbox 2132 1174 2198 1244; x_wconf 84' lang='grc' dir='ltr'><strong>νᾷ</strong></span> <span class='ocrx_word' id='word_1_272' title='bbox 2225 1172 2285 1225; x_wconf 82' lang='grc' dir='ltr'>τδ</span> <span class='ocrx_word' id='word_1_273' title='bbox 2315 1174 2562 1245; x_wconf 78' lang='grc' dir='ltr'>Πνεῦμα,</span> <span class='ocrx_word' id='word_1_274' title='bbox 2606 1175 2827 1246; x_wconf 80' lang='grc' dir='ltr'>πνεῦμα</span> <span class='ocrx_word' id='word_1_275' title='bbox 2885 1177 3087 1241; x_wconf 81' lang='grc' dir='ltr'>αὐτοὺς</span> <span class='ocrx_word' id='word_1_276' title='bbox 3141 1182 3305 1243; x_wconf 86' lang='grc' dir='ltr'>ποιεῖ,</span> <span class='ocrx_word' id='word_1_277' title='bbox 3332 1180 3407 1243; x_wconf 81' lang='grc' dir='ltr'>ὡς</span> <span class='ocrx_word' id='word_1_278' title='bbox 3453 1182 3482 1232; x_wconf 89' lang='lat'><strong>6</strong></span> <span class='ocrx_word' id='word_1_279' title='bbox 3512 1180 3754 1250; x_wconf 75' lang='grc' dir='ltr'>Κύριος</span> 
     </span>
    </p>
   </div>
   <div class='ocr_carea' id='block_1_40' title="bbox 2134 1268 3751 1341">
    <p class='ocr_par' dir='ltr' id='par_1_40' title="bbox 2134 1268 3751 1341">
     <span class='ocr_line' id='line_1_40' title="bbox 2134 1268 3751 1341; baseline 0.006 -24"><span class='ocrx_word' id='word_1_280' title='bbox 2134 1269 2388 1336; x_wconf 75' lang='grc' dir='ltr'>εἴρηκεν·</span> <span class='ocrx_word' id='word_1_281' title='bbox 2422 1268 2653 1336; x_wconf 82' lang='grc' dir='ltr'>ἄγγελος</span> <span class='ocrx_word' id='word_1_282' title='bbox 2686 1271 2792 1341; x_wconf 83' lang='grc' dir='ltr'>ἄρα</span> <span class='ocrx_word' id='word_1_283' title='bbox 2823 1269 2983 1334; x_wconf 80' lang='grc' dir='ltr'>ἄλλος</span> <span class='ocrx_word' id='word_1_284' title='bbox 3020 1272 3349 1341; x_wconf 75' lang='grc' dir='ltr'><strong>χρηματίζει</strong></span> <span class='ocrx_word' id='word_1_285' title='bbox 3397 1274 3425 1325; x_wconf 97' lang='lat'><strong>6</strong></span> <span class='ocrx_word' id='word_1_286' title='bbox 3461 1289 3751 1341; x_wconf 75' lang='grc' dir='ltr'>γεγεννη-</span> 
     </span>
    </p>
   </div>
   <div class='ocr_carea' id='block_1_41' title="bbox 2137 1358 3748 1435">
    <p class='ocr_par' dir='ltr' id='par_1_41' title="bbox 2137 1358 3748 1435">
     <span class='ocr_line' id='line_1_41' title="bbox 2137 1358 3748 1435; baseline 0.006 -26"><span class='ocrx_word' id='word_1_287' title='bbox 2137 1358 2298 1427; x_wconf 82' lang='grc' dir='ltr'>μένος</span> <span class='ocrx_word' id='word_1_288' title='bbox 2326 1359 2611 1429; x_wconf 70' lang='grc' dir='ltr'>ἀνορωπσς</span> <span class='ocrx_word' id='word_1_289' title='bbox 2667 1363 2731 1413; x_wconf 83' lang='grc' dir='ltr'>ὲκ</span> <span class='ocrx_word' id='word_1_290' title='bbox 2776 1362 2871 1416; x_wconf 82' lang='grc' dir='ltr'><strong>τοῦ</strong></span> <span class='ocrx_word' id='word_1_291' title='bbox 2912 1364 3144 1434; x_wconf 84' lang='grc' dir='ltr'>ὲναργεῖ</span> <span class='ocrx_word' id='word_1_292' title='bbox 3170 1363 3479 1433; x_wconf 84' lang='grc' dir='ltr'>πνεύματος</span> <span class='ocrx_word' id='word_1_293' title='bbox 3508 1370 3748 1435; x_wconf 76' lang='grc' dir='ltr'>μετοχῇ</span> 
     </span>
    </p>
   </div>
   <div class='ocr_carea' id='block_1_42' title="bbox 2135 1451 3751 1525">
    <p class='ocr_par' dir='ltr' id='par_1_42' title="bbox 2135 1451 3751 1525">
     <span class='ocr_line' id='line_1_42' title="bbox 2135 1451 3751 1525; baseline 0.006 -22"><span class='ocrx_word' id='word_1_294' title='bbox 2135 1451 2301 1503; x_wconf 79' lang='grc' dir='ltr'>αὑτοῦ</span> <span class='ocrx_word' id='word_1_295' title='bbox 2332 1468 2344 1479; x_wconf 90' lang='grc'><strong>·</strong></span> <span class='ocrx_word' id='word_1_296' title='bbox 2373 1452 2507 1505; x_wconf 74' lang='grc' dir='ltr'>ἀλλὰ</span> <span class='ocrx_word' id='word_1_297' title='bbox 2542 1454 2650 1525; x_wconf 75' lang='grc' dir='ltr'><strong>μὴν</strong></span> <span class='ocrx_word' id='word_1_298' title='bbox 2680 1454 2927 1521; x_wconf 86' lang='grc' dir='ltr'>ἀγγέλων</span> <span class='ocrx_word' id='word_1_299' title='bbox 2956 1455 3116 1524; x_wconf 79' lang='grc' dir='ltr'>ἔργον</span> <span class='ocrx_word' id='word_1_300' title='bbox 3155 1456 3216 1509; x_wconf 81' lang='grc' dir='ltr'>τὸ</span> <span class='ocrx_word' id='word_1_301' title='bbox 3241 1457 3331 1511; x_wconf 81' lang='grc' dir='ltr'><strong>διὰ</strong></span> <span class='ocrx_word' id='word_1_302' title='bbox 3352 1459 3559 1522; x_wconf 79' lang='grc' dir='ltr'>παντὸς</span> <span class='ocrx_word' id='word_1_303' title='bbox 3606 1459 3751 1512; x_wconf 70' lang='lat' dir='ltr'><strong>02w-</strong></span> 
     </span>
    </p>
   </div>
   <div class='ocr_carea' id='block_1_43' title="bbox 2139 1545 3747 1619">
    <p class='ocr_par' dir='ltr' id='par_1_43' title="bbox 2139 1545 3747 1619">
     <span class='ocr_line' id='line_1_43' title="bbox 2139 1545 3747 1619; baseline 0.006 -25"><span class='ocrx_word' id='word_1_304' title='bbox 2139 1545 2252 1612; x_wconf 85' lang='grc' dir='ltr'>ρείν</span> <span class='ocrx_word' id='word_1_305' title='bbox 2281 1545 2343 1596; x_wconf 81' lang='grc' dir='ltr'><strong>τὸ</strong></span> <span class='ocrx_word' id='word_1_306' title='bbox 2391 1545 2683 1616; x_wconf 79' lang='grc' dir='ltr'>πρόσωπον</span> <span class='ocrx_word' id='word_1_307' title='bbox 2717 1545 2811 1599; x_wconf 80' lang='grc' dir='ltr'><strong>τοῦ</strong></span> <span class='ocrx_word' id='word_1_308' title='bbox 2848 1549 2905 1600; x_wconf 83' lang='grc' dir='ltr'>ἐν</span> <span class='ocrx_word' id='word_1_309' title='bbox 2963 1548 3233 1619; x_wconf 80' lang='grc' dir='ltr'><strong>οὐρανοῖς,</strong></span> <span class='ocrx_word' id='word_1_310' title='bbox 3289 1549 3365 1613; x_wconf 84' lang='grc' dir='ltr'>ὡς</span> <span class='ocrx_word' id='word_1_311' title='bbox 3414 1552 3509 1603; x_wconf 80' lang='grc' dir='ltr'>καὶ</span> <span class='ocrx_word' id='word_1_312' title='bbox 3566 1552 3747 1604; x_wconf 82' lang='grc' dir='ltr'>τοῦτο</span> 
     </span>
    </p>
   </div>
   <div class='ocr_carea' id='block_1_44' title="bbox 2135 1630 3742 1711">
    <p class='ocr_par' dir='ltr' id='par_1_44' title="bbox 2135 1630 3742 1711">
     <span class='ocr_line' id='line_1_44' title="bbox 2135 1630 3742 1711; baseline 0.005 -24"><span class='ocrx_word' id='word_1_313' title='bbox 2135 1630 2287 1689; x_wconf 75' lang='grc' dir='ltr'>εἶπεν</span> <span class='ocrx_word' id='word_1_314' title='bbox 2329 1638 2357 1689; x_wconf 90' lang='lat'><strong>6</strong></span> <span class='ocrx_word' id='word_1_315' title='bbox 2410 1637 2634 1706; x_wconf 76' lang='grc' dir='ltr'>Κύριοςο</span> <span class='ocrx_word' id='word_1_316' title='bbox 2659 1638 2854 1692; x_wconf 77' lang='grc' dir='ltr'>οὐκοῦν</span> <span class='ocrx_word' id='word_1_317' title='bbox 2889 1638 2985 1693; x_wconf 76' lang='grc' dir='ltr'>καὶ</span> <span class='ocrx_word' id='word_1_318' title='bbox 3015 1642 3044 1693; x_wconf 88' lang='lat'><strong>6</strong></span> <span class='ocrx_word' id='word_1_319' title='bbox 3076 1640 3390 1711; x_wconf 83' lang='grc' dir='ltr'>Πνεὺματος</span> <span class='ocrx_word' id='word_1_320' title='bbox 3420 1642 3585 1710; x_wconf 80' lang='grc' dir='ltr'>ἁγίου</span> <span class='ocrx_word' id='word_1_321' title='bbox 3638 1661 3742 1695; x_wconf 81' lang='grc' dir='ltr'>πε·-</span> 
     </span>
    </p>
   </div>
   <div class='ocr_carea' id='block_1_45' title="bbox 2140 1728 3738 1804">
    <p class='ocr_par' dir='ltr' id='par_1_45' title="bbox 2140 1728 3738 1804">
     <span class='ocr_line' id='line_1_45' title="bbox 2140 1728 3738 1804; baseline 0.004 -24"><span class='ocrx_word' id='word_1_322' title='bbox 2140 1728 2369 1799; x_wconf 82' lang='grc' dir='ltr'>ριφανὴς</span> <span class='ocrx_word' id='word_1_323' title='bbox 2406 1729 2630 1799; x_wconf 83' lang='grc' dir='ltr'><strong>μέτοχος</strong></span> <span class='ocrx_word' id='word_1_324' title='bbox 2659 1728 2771 1801; x_wconf 76' lang='grc' dir='ltr'><strong>[Ζσ.</strong></span> <span class='ocrx_word' id='word_1_325' title='bbox 2802 1731 2893 1786; x_wconf 75' lang='grc' dir='ltr'><strong>τὸν</strong></span> <span class='ocrx_word' id='word_1_326' title='bbox 2919 1732 3235 1800; x_wconf 86' lang='grc' dir='ltr'>Πνεύματος</span> <span class='ocrx_word' id='word_1_327' title='bbox 3264 1733 3423 1801; x_wconf 84' lang='grc' dir='ltr'>ἀγίου</span> <span class='ocrx_word' id='word_1_328' title='bbox 3440 1738 3738 1804; x_wconf 72' lang='grc' dir='ltr'>περιφανῆ</span> 
     </span>
    </p>
   </div>
   <div class='ocr_carea' id='block_1_46' title="bbox 2140 1820 3739 1894">
    <p class='ocr_par' dir='ltr' id='par_1_46' title="bbox 2140 1820 3739 1894">
     <span class='ocr_line' id='line_1_46' title="bbox 2140 1820 3739 1894; baseline 0.004 -23"><span class='ocrx_word' id='word_1_329' title='bbox 2140 1820 2389 1893; x_wconf 85' lang='grc' dir='ltr'><strong>μέτοχον]</strong></span> <span class='ocrx_word' id='word_1_330' title='bbox 2432 1821 2537 1891; x_wconf 83' lang='grc' dir='ltr'><strong>χρὴ</strong></span> <span class='ocrx_word' id='word_1_331' title='bbox 2582 1822 2809 1893; x_wconf 88' lang='grc' dir='ltr'>θεωρεῖν</span> <span class='ocrx_word' id='word_1_332' title='bbox 2856 1824 3295 1894; x_wconf 82' lang='grc' dir='ltr'>ἀνατεινόμενος,</span> <span class='ocrx_word' id='word_1_333' title='bbox 3324 1825 3400 1889; x_wconf 85' lang='grc' dir='ltr'>ὠς</span> <span class='ocrx_word' id='word_1_334' title='bbox 3435 1827 3592 1889; x_wconf 77' lang='grc' dir='ltr'>είκὸς</span> <span class='ocrx_word' id='word_1_335' title='bbox 3619 1867 3635 1887; x_wconf 82' lang='grc'><strong>,</strong></span> <span class='ocrx_word' id='word_1_336' title='bbox 3677 1829 3739 1879; x_wconf 66' lang='grc' dir='ltr'>τὸ</span> 
     </span>
    </p>
   </div>
   <div class='ocr_carea' id='block_1_47' title="bbox 2137 1914 3738 1987">
    <p class='ocr_par' dir='ltr' id='par_1_47' title="bbox 2137 1914 3738 1987">
     <span class='ocr_line' id='line_1_47' title="bbox 2137 1914 3738 1987; baseline 0.005 -22"><span class='ocrx_word' id='word_1_337' title='bbox 2137 1914 2428 1983; x_wconf 85' lang='grc' dir='ltr'>πρόσωπον</span> <span class='ocrx_word' id='word_1_338' title='bbox 2466 1915 2559 1967; x_wconf 80' lang='grc' dir='ltr'><strong>τοῦ</strong></span> <span class='ocrx_word' id='word_1_339' title='bbox 2604 1914 2760 1969; x_wconf 77' lang='grc' dir='ltr'>Θεοῦ.</span> <span class='ocrx_word' id='word_1_340' title='bbox 2820 1916 2910 1969; x_wconf 78' lang='grc' dir='ltr'>Διὸ</span> <span class='ocrx_word' id='word_1_341' title='bbox 2950 1914 3190 1970; x_wconf 77' lang='grc' dir='ltr'><strong>διδάσκει</strong></span> <span class='ocrx_word' id='word_1_342' title='bbox 3231 1917 3502 1987; x_wconf 85' lang='grc' dir='ltr'>δήπουθεν</span> <span class='ocrx_word' id='word_1_343' title='bbox 3558 1922 3666 1973; x_wconf 74' lang='grc' dir='ltr'><strong>καὶ</strong></span> <span class='ocrx_word' id='word_1_344' title='bbox 3710 1926 3738 1973; x_wconf 86' lang='grc' dir='ltr'><strong>ὁ</strong></span> 
     </span>
    </p>
   </div>
   <div class='ocr_carea' id='block_1_48' title="bbox 2137 2001 3736 2079">
    <p class='ocr_par' dir='ltr' id='par_1_48' title="bbox 2137 2001 3736 2079">
     <span class='ocr_line' id='line_1_48' title="bbox 2137 2001 3736 2079; baseline 0.006 -27"><span class='ocrx_word' id='word_1_345' title='bbox 2137 2001 2321 2054; x_wconf 81' lang='grc' dir='ltr'><strong>Δαὸίδ·</strong></span> <span class='ocrx_word' id='word_1_346' title='bbox 2379 2020 2397 2052; x_wconf 81' lang='grc' dir='ltr'><strong>ι</strong></span> <span class='ocrx_word' id='word_1_347' title='bbox 2450 2005 2729 2074; x_wconf 75' lang='grc' dir='ltr'>Ζητήσατε</span> <span class='ocrx_word' id='word_1_348' title='bbox 2780 2004 2871 2058; x_wconf 73' lang='grc' dir='ltr'><strong>τὸν</strong></span> <span class='ocrx_word' id='word_1_349' title='bbox 2916 2005 3155 2075; x_wconf 79' lang='grc' dir='ltr'><strong>Κύριον,</strong></span> <span class='ocrx_word' id='word_1_350' title='bbox 3208 2006 3407 2074; x_wconf 90' lang='grc' dir='ltr'>λέγων,</span> <span class='ocrx_word' id='word_1_351' title='bbox 3443 2010 3538 2061; x_wconf 73' lang='grc' dir='ltr'><strong>καὶ</strong></span> <span class='ocrx_word' id='word_1_352' title='bbox 3592 2027 3736 2079; x_wconf 74' lang='grc' dir='ltr'>κρα-</span> 
     </span>
    </p>
   </div>
   <div class='ocr_carea' id='block_1_49' title="bbox 2136 2091 3727 2167">
    <p class='ocr_par' dir='ltr' id='par_1_49' title="bbox 2136 2091 3727 2167">
     <span class='ocr_line' id='line_1_49' title="bbox 2136 2091 3727 2167; baseline 0.004 -23"><span class='ocrx_word' id='word_1_353' title='bbox 2136 2091 2425 2163; x_wconf 73' lang='grc' dir='ltr'>ταιὼθητε,</span> <span class='ocrx_word' id='word_1_354' title='bbox 2457 2093 2729 2166; x_wconf 74' lang='grc' dir='ltr'>ζητήσατε</span> <span class='ocrx_word' id='word_1_355' title='bbox 2756 2098 2816 2149; x_wconf 76' lang='grc' dir='ltr'><strong>τὸ</strong></span> <span class='ocrx_word' id='word_1_356' title='bbox 2845 2098 3134 2167; x_wconf 84' lang='grc' dir='ltr'>πρόσωπον</span> <span class='ocrx_word' id='word_1_357' title='bbox 3160 2098 3328 2151; x_wconf 76' lang='grc' dir='ltr'>αὐτοῦ</span> <span class='ocrx_word' id='word_1_358' title='bbox 3353 2100 3441 2153; x_wconf 76' lang='grc' dir='ltr'>διὰ</span> <span class='ocrx_word' id='word_1_359' title='bbox 3460 2103 3693 2164; x_wconf 75' lang='grc' dir='ltr'>παντός.</span> <span class='ocrx_word' id='word_1_360' title='bbox 3710 2122 3727 2151; x_wconf 76' lang='grc' dir='ltr'><strong>ι</strong></span> 
     </span>
    </p>
   </div>
   <div class='ocr_carea' id='block_1_50' title="bbox 2137 2184 3737 2261">
    <p class='ocr_par' dir='ltr' id='par_1_50' title="bbox 2137 2184 3737 2261">
     <span class='ocr_line' id='line_1_50' title="bbox 2137 2184 3737 2261; baseline 0.005 -26"><span class='ocrx_word' id='word_1_361' title='bbox 2137 2184 2250 2235; x_wconf 84' lang='grc' dir='ltr'>Οὐκ</span> <span class='ocrx_word' id='word_1_362' title='bbox 2282 2184 2389 2255; x_wconf 80' lang='grc' dir='ltr'>ἄρα</span> <span class='ocrx_word' id='word_1_363' title='bbox 2436 2188 2596 2256; x_wconf 82' lang='grc' dir='ltr'><strong>τηρεί</strong></span> <span class='ocrx_word' id='word_1_364' title='bbox 2637 2187 2698 2239; x_wconf 75' lang='grc' dir='ltr'>τὸ</span> <span class='ocrx_word' id='word_1_365' title='bbox 2724 2186 2871 2250; x_wconf 84' lang='grc' dir='ltr'>είκὺς</span> <span class='ocrx_word' id='word_1_366' title='bbox 2924 2189 3016 2241; x_wconf 79' lang='grc' dir='ltr'>καὶ</span> <span class='ocrx_word' id='word_1_367' title='bbox 3041 2190 3362 2258; x_wconf 84' lang='grc' dir='ltr'>γιγνόμενον</span> <span class='ocrx_word' id='word_1_368' title='bbox 3386 2231 3401 2254; x_wconf 93' lang='grc'><strong>,</strong></span> <span class='ocrx_word' id='word_1_369' title='bbox 3433 2192 3461 2244; x_wconf 89' lang='lat'><strong>6</strong></span> <span class='ocrx_word' id='word_1_370' title='bbox 3492 2192 3737 2261; x_wconf 77' lang='grc' dir='ltr'><strong>μέτοχος</strong></span> 
     </span>
    </p>
   </div>
   <div class='ocr_carea' id='block_1_51' title="bbox 2135 2276 3729 2350">
    <p class='ocr_par' dir='ltr' id='par_1_51' title="bbox 2135 2276 3729 2350">
     <span class='ocr_line' id='line_1_51' title="bbox 2135 2276 3729 2350; baseline 0.004 -23"><span class='ocrx_word' id='word_1_371' title='bbox 2135 2276 2377 2343; x_wconf 84' lang='grc' dir='ltr'>γεγονὼς</span> <span class='ocrx_word' id='word_1_372' title='bbox 2412 2278 2504 2330; x_wconf 83' lang='grc' dir='ltr'><strong>τοῦ</strong></span> <span class='ocrx_word' id='word_1_373' title='bbox 2538 2279 2711 2346; x_wconf 82' lang='grc' dir='ltr'><strong>ἁγίου,</strong></span> <span class='ocrx_word' id='word_1_374' title='bbox 2744 2280 2838 2333; x_wconf 75' lang='grc' dir='ltr'><strong>καὶ</strong></span> <span class='ocrx_word' id='word_1_375' title='bbox 2896 2280 3182 2346; x_wconf 77' lang='grc' dir='ltr'>ξωοποιοῦ,</span> <span class='ocrx_word' id='word_1_376' title='bbox 3233 2282 3328 2334; x_wconf 75' lang='grc' dir='ltr'>καὶ</span> <span class='ocrx_word' id='word_1_377' title='bbox 3363 2284 3729 2350; x_wconf 71' lang='grc' dir='ltr'>φωτιστικοῦ,</span> 
     </span>
    </p>
   </div>
   <div class='ocr_carea' id='block_1_52' title="bbox 2136 2366 3728 2445">
    <p class='ocr_par' dir='ltr' id='par_1_52' title="bbox 2136 2366 3728 2445">
     <span class='ocr_line' id='line_1_52' title="bbox 2136 2366 3728 2445; baseline 0.005 -26"><span class='ocrx_word' id='word_1_378' title='bbox 2136 2366 2232 2421; x_wconf 73' lang='grc' dir='ltr'>καὶ</span> <span class='ocrx_word' id='word_1_379' title='bbox 2258 2369 2597 2439; x_wconf 81' lang='grc' dir='ltr'>ὲρωτοεργοῦ</span> <span class='ocrx_word' id='word_1_380' title='bbox 2628 2371 2966 2441; x_wconf 82' lang='grc' dir='ltr'>Πνεύματος,</span> <span class='ocrx_word' id='word_1_381' title='bbox 2984 2372 3077 2424; x_wconf 74' lang='grc' dir='ltr'><strong>καὶ</strong></span> <span class='ocrx_word' id='word_1_382' title='bbox 3097 2372 3179 2434; x_wconf 88' lang='grc' dir='ltr'><strong>είς</strong></span> <span class='ocrx_word' id='word_1_383' title='bbox 3206 2374 3403 2443; x_wconf 82' lang='grc' dir='ltr'>πεῖραν</span> <span class='ocrx_word' id='word_1_384' title='bbox 3420 2371 3515 2443; x_wconf 77' lang='grc' dir='ltr'><strong>τῆς</strong></span> <span class='ocrx_word' id='word_1_385' title='bbox 3535 2375 3569 2426; x_wconf 85' lang='grc' dir='ltr'><strong>ἀ</strong></span> <span class='ocrx_word' id='word_1_386' title='bbox 3578 2376 3728 2445; x_wconf 63' lang='lat'><em>991&#39;;-</em></span> 
     </span>
    </p>
   </div>
   <div class='ocr_carea' id='block_1_53' title="bbox 2136 2450 3729 2534">
    <p class='ocr_par' dir='ltr' id='par_1_53' title="bbox 2136 2450 3729 2534">
     <span class='ocr_line' id='line_1_53' title="bbox 2136 2450 3729 2534; baseline 0.003 -23"><span class='ocrx_word' id='word_1_387' title='bbox 2136 2477 2228 2512; x_wconf 88' lang='grc' dir='ltr'>του</span> <span class='ocrx_word' id='word_1_388' title='bbox 2278 2462 2427 2531; x_wconf 77' lang='grc' dir='ltr'>ἥκων</span> <span class='ocrx_word' id='word_1_389' title='bbox 2460 2463 2767 2531; x_wconf 79' lang='grc' dir='ltr'>γεννήσεως</span> <span class='ocrx_word' id='word_1_390' title='bbox 2793 2463 2894 2532; x_wconf 80' lang='grc' dir='ltr'><strong>τῆς</strong></span> <span class='ocrx_word' id='word_1_391' title='bbox 2935 2465 2999 2516; x_wconf 76' lang='grc' dir='ltr'>ἐκ</span> <span class='ocrx_word' id='word_1_392' title='bbox 3027 2462 3118 2516; x_wconf 78' lang='grc' dir='ltr'><strong>τοῦ</strong></span> <span class='ocrx_word' id='word_1_393' title='bbox 3153 2450 3494 2534; x_wconf 80' lang='grc' dir='ltr'>Πνεύματος,</span> <span class='ocrx_word' id='word_1_394' title='bbox 3522 2466 3622 2518; x_wconf 79' lang='grc' dir='ltr'>καὶ</span> <span class='ocrx_word' id='word_1_395' title='bbox 3645 2468 3729 2527; x_wconf 80' lang='grc' dir='ltr'>εἰς</span> 
     </span>
    </p>
   </div>
   <div class='ocr_carea' id='block_1_54' title="bbox 2138 2551 3725 2626">
    <p class='ocr_par' dir='ltr' id='par_1_54' title="bbox 2138 2551 3725 2626">
     <span class='ocr_line' id='line_1_54' title="bbox 2138 2551 3725 2626; baseline 0.005 -22"><span class='ocrx_word' id='word_1_396' title='bbox 2138 2551 2296 2616; x_wconf 80' lang='grc' dir='ltr'>ἀξίαν</span> <span class='ocrx_word' id='word_1_397' title='bbox 2356 2554 2591 2622; x_wconf 81' lang='grc' dir='ltr'><strong>ἀγγέλου</strong></span> <span class='ocrx_word' id='word_1_398' title='bbox 2652 2556 3119 2626; x_wconf 84' lang='grc' dir='ltr'>ἀναδεδραμηκὼς</span> <span class='ocrx_word' id='word_1_399' title='bbox 3148 2597 3163 2621; x_wconf 92' lang='grc'><strong>,</strong></span> <span class='ocrx_word' id='word_1_400' title='bbox 3209 2557 3385 2610; x_wconf 76' lang='grc' dir='ltr'>ἔπειθ’</span> <span class='ocrx_word' id='word_1_401' title='bbox 3431 2558 3574 2612; x_wconf 81' lang='grc' dir='ltr'>οὕτω</span> <span class='ocrx_word' id='word_1_402' title='bbox 3630 2560 3725 2612; x_wconf 67' lang='grc' dir='ltr'><strong>διὰ</strong></span> 
     </span>
    </p>
   </div>
   <div class='ocr_carea' id='block_1_55' title="bbox 2141 2644 3723 2720">
    <p class='ocr_par' dir='ltr' id='par_1_55' title="bbox 2141 2644 3723 2720">
     <span class='ocr_line' id='line_1_55' title="bbox 2141 2644 3723 2720; baseline 0.004 -24"><span class='ocrx_word' id='word_1_403' title='bbox 2141 2644 2399 2715; x_wconf 77' lang='grc' dir='ltr'>περιττὴν</span> <span class='ocrx_word' id='word_1_404' title='bbox 2423 2645 2711 2701; x_wconf 76' lang='grc' dir='ltr'>εὐλάϐειαν</span> <span class='ocrx_word' id='word_1_405' title='bbox 2755 2647 2912 2718; x_wconf 84' lang='grc' dir='ltr'>μύειν</span> <span class='ocrx_word' id='word_1_406' title='bbox 2946 2648 3116 2701; x_wconf 86' lang='grc' dir='ltr'>ποιῶν</span> <span class='ocrx_word' id='word_1_407' title='bbox 3143 2649 3242 2720; x_wconf 80' lang='grc' dir='ltr'><strong>τὴν</strong></span> <span class='ocrx_word' id='word_1_408' title='bbox 3272 2650 3410 2719; x_wconf 82' lang='lat'><em>1:96;</em></span> <span class='ocrx_word' id='word_1_409' title='bbox 3441 2651 3571 2702; x_wconf 76' lang='grc' dir='ltr'>Θεὸν</span> <span class='ocrx_word' id='word_1_410' title='bbox 3602 2665 3723 2702; x_wconf 79' lang='grc' dir='ltr'>νοε-</span> 
     </span>
    </p>
   </div>
   <div class='ocr_carea' id='block_1_56' title="bbox 2142 2734 3718 2809">
    <p class='ocr_par' dir='ltr' id='par_1_56' title="bbox 2142 2734 3718 2809">
     <span class='ocr_line' id='line_1_56' title="bbox 2142 2734 3718 2809; baseline 0.004 -22"><span class='ocrx_word' id='word_1_411' title='bbox 2142 2734 2240 2804; x_wconf 87' lang='grc' dir='ltr'>ράν</span> <span class='ocrx_word' id='word_1_412' title='bbox 2270 2737 2521 2804; x_wconf 66' lang='grc' dir='ltr'>αἴσθησιν</span> <span class='ocrx_word' id='word_1_413' title='bbox 2558 2739 2747 2803; x_wconf 68' lang='grc' dir='ltr'>αὐτοῦ,</span> <span class='ocrx_word' id='word_1_414' title='bbox 2781 2741 2875 2793; x_wconf 68' lang='grc' dir='ltr'>καὶ</span> <span class='ocrx_word' id='word_1_415' title='bbox 2908 2741 2981 2809; x_wconf 85' lang='grc' dir='ltr'><strong>μὴ</strong></span> <span class='ocrx_word' id='word_1_416' title='bbox 3013 2741 3219 2793; x_wconf 82' lang='grc' dir='ltr'>ἐθέλειν</span> <span class='ocrx_word' id='word_1_417' title='bbox 3254 2741 3391 2809; x_wconf 81' lang='lat'><em>1:96;</em></span> <span class='ocrx_word' id='word_1_418' title='bbox 3430 2741 3561 2794; x_wconf 69' lang='grc' dir='ltr'>Θεὸν</span> <span class='ocrx_word' id='word_1_419' title='bbox 3589 2742 3718 2794; x_wconf 67' lang='grc' dir='ltr'>ἀνα-</span> 
     </span>
    </p>
   </div>
   <div class='ocr_carea' id='block_1_57' title="bbox 2137 2825 3720 2903">
    <p class='ocr_par' dir='ltr' id='par_1_57' title="bbox 2137 2825 3720 2903">
     <span class='ocr_line' id='line_1_57' title="bbox 2137 2825 3720 2903; baseline 0.005 -26"><span class='ocrx_word' id='word_1_420' title='bbox 2137 2825 2428 2896; x_wconf 84' lang='grc' dir='ltr'>τείνεσθαι,</span> <span class='ocrx_word' id='word_1_421' title='bbox 2462 2832 2554 2882; x_wconf 67' lang='grc' dir='ltr'><strong>καὶ</strong></span> <span class='ocrx_word' id='word_1_422' title='bbox 2577 2830 2645 2883; x_wconf 79' lang='grc' dir='ltr'><strong>τὰ</strong></span> <span class='ocrx_word' id='word_1_423' title='bbox 2675 2831 2816 2891; x_wconf 78' lang='grc' dir='ltr'>θεῖα,</span> <span class='ocrx_word' id='word_1_424' title='bbox 2846 2833 2940 2885; x_wconf 76' lang='grc' dir='ltr'><strong>καὶ</strong></span> <span class='ocrx_word' id='word_1_425' title='bbox 2979 2832 3150 2885; x_wconf 76' lang='grc' dir='ltr'>ταῦτα</span> <span class='ocrx_word' id='word_1_426' title='bbox 3184 2832 3276 2885; x_wconf 79' lang='grc' dir='ltr'><strong>τοῦ</strong></span> <span class='ocrx_word' id='word_1_427' title='bbox 3316 2833 3565 2903; x_wconf 75' lang='grc' dir='ltr'>Σωτῆρος</span> <span class='ocrx_word' id='word_1_428' title='bbox 3596 2834 3720 2885; x_wconf 78' lang='grc' dir='ltr'>ἐπι-</span> 
     </span>
    </p>
   </div>
   <div class='ocr_carea' id='block_1_58' title="bbox 2136 2919 3719 2994">
    <p class='ocr_par' dir='ltr' id='par_1_58' title="bbox 2136 2919 3719 2994">
     <span class='ocr_line' id='line_1_58' title="bbox 2136 2919 3719 2994; baseline 0.003 -24"><span class='ocrx_word' id='word_1_429' title='bbox 2136 2919 2420 2984; x_wconf 82' lang='grc' dir='ltr'><strong>τάττοντος</strong></span> <span class='ocrx_word' id='word_1_430' title='bbox 2455 2924 2636 2989; x_wconf 82' lang='grc' dir='ltr'>μεῖναι</span> <span class='ocrx_word' id='word_1_431' title='bbox 2671 2925 2729 2975; x_wconf 80' lang='grc' dir='ltr'><strong>ἐν</strong></span> <span class='ocrx_word' id='word_1_432' title='bbox 2773 2923 2943 2993; x_wconf 65' lang='grc' dir='ltr'>αὐτῷ,</span> <span class='ocrx_word' id='word_1_433' title='bbox 2980 2925 3101 2976; x_wconf 76' lang='grc' dir='ltr'>ἐπεὶ</span> <span class='ocrx_word' id='word_1_434' title='bbox 3137 2926 3229 2976; x_wconf 72' lang='grc' dir='ltr'><strong>καὶ</strong></span> <span class='ocrx_word' id='word_1_435' title='bbox 3268 2925 3430 2988; x_wconf 72' lang='grc' dir='ltr'>αὐτὸς</span> <span class='ocrx_word' id='word_1_436' title='bbox 3474 2926 3627 2994; x_wconf 84' lang='grc' dir='ltr'>μένει</span> <span class='ocrx_word' id='word_1_437' title='bbox 3662 2927 3719 2976; x_wconf 82' lang='grc' dir='ltr'><strong>ἐν</strong></span> 
     </span>
    </p>
   </div>
   <div class='ocr_carea' id='block_1_59' title="bbox 2137 3012 3717 3087">
    <p class='ocr_par' dir='ltr' id='par_1_59' title="bbox 2137 3012 3717 3087">
     <span class='ocr_line' id='line_1_59' title="bbox 2137 3012 3717 3087; baseline 0.003 -25"><span class='ocrx_word' id='word_1_438' title='bbox 2137 3012 2272 3080; x_wconf 74' lang='grc' dir='ltr'><strong>ἡμῖν</strong></span> <span class='ocrx_word' id='word_1_439' title='bbox 2297 3029 2308 3040; x_wconf 86' lang='grc'><strong>·</strong></span> <span class='ocrx_word' id='word_1_440' title='bbox 2346 3013 2443 3065; x_wconf 78' lang='grc' dir='ltr'><strong>καὶ</strong></span> <span class='ocrx_word' id='word_1_441' title='bbox 2472 3013 2565 3065; x_wconf 82' lang='grc' dir='ltr'><strong>τοῦ</strong></span> <span class='ocrx_word' id='word_1_442' title='bbox 2609 3014 2770 3068; x_wconf 69' lang='grc' dir='ltr'><strong>Δαόἶδ</strong></span> <span class='ocrx_word' id='word_1_443' title='bbox 2802 3015 3122 3082; x_wconf 81' lang='grc' dir='ltr'>φάσκοντος·</span> <span class='ocrx_word' id='word_1_444' title='bbox 3161 3034 3179 3067; x_wconf 81' lang='grc' dir='ltr'><strong>ι</strong></span> <span class='ocrx_word' id='word_1_445' title='bbox 3219 3015 3548 3085; x_wconf 81' lang='grc' dir='ltr'>Προσέλθετε</span> <span class='ocrx_word' id='word_1_446' title='bbox 3579 3017 3717 3087; x_wconf 84' lang='lat'><em>1:96;</em></span> 
     </span>
    </p>
   </div>
   <div class='ocr_carea' id='block_1_60' title="bbox 468 3100 2040 3179">
    <p class='ocr_par' dir='ltr' id='par_1_60' title="bbox 468 3100 2040 3175">
     <span class='ocr_line' id='line_1_60' title="bbox 468 3100 2040 3175; baseline -0.006 -13"><span class='ocrx_word' id='word_1_447' title='bbox 468 3124 737 3170; x_wconf 83' lang='lat' dir='ltr'><strong>essemus,</strong></span> <span class='ocrx_word' id='word_1_448' title='bbox 769 3110 820 3160; x_wconf 91' lang='lat' dir='ltr'><strong>in</strong></span> <span class='ocrx_word' id='word_1_449' title='bbox 853 3108 970 3175; x_wconf 91' lang='lat' dir='ltr'><strong>ipso</strong></span> <span class='ocrx_word' id='word_1_450' title='bbox 1007 3104 1098 3158; x_wconf 86' lang='lat' dir='ltr'><strong>Dei</strong></span> <span class='ocrx_word' id='word_1_451' title='bbox 1132 3102 1309 3156; x_wconf 87' lang='lat' dir='ltr'><strong>Patris</strong></span> <span class='ocrx_word' id='word_1_452' title='bbox 1340 3101 1566 3165; x_wconf 81' lang='lat' dir='ltr'><strong>lumine,</strong></span> <span class='ocrx_word' id='word_1_453' title='bbox 1593 3100 1799 3153; x_wconf 88' lang='lat' dir='ltr'><strong>scilicet</strong></span> <span class='ocrx_word' id='word_1_454' title='bbox 1831 3100 1884 3152; x_wconf 92' lang='lat' dir='ltr'><strong>in</strong></span> <span class='ocrx_word' id='word_1_455' title='bbox 1918 3101 2040 3169; x_wconf 84' lang='lat' dir='ltr'><strong>Spi-</strong></span> 
     </span>
    </p>
   </div>
   <div class='ocr_carea' id='block_1_61' title="bbox 2136 3100 3716 3179">
    <p class='ocr_par' dir='ltr' id='par_1_61' title="bbox 2140 3103 3716 3179">
     <span class='ocr_line' id='line_1_61' title="bbox 2140 3103 3716 3179; baseline 0.001 -22"><span class='ocrx_word' id='word_1_456' title='bbox 2140 3103 2299 3157; x_wconf 74' lang='grc' dir='ltr'>αὐτὸν</span> <span class='ocrx_word' id='word_1_457' title='bbox 2322 3106 2414 3158; x_wconf 78' lang='grc' dir='ltr'>καὶ</span> <span class='ocrx_word' id='word_1_458' title='bbox 2440 3106 2765 3173; x_wconf 63' lang='lat' dir='ltr'><strong>(putt-3300,13.</strong></span> <span class='ocrx_word' id='word_1_459' title='bbox 2803 3128 2819 3160; x_wconf 76' lang='grc' dir='ltr'><strong>ι</strong></span> <span class='ocrx_word' id='word_1_460' title='bbox 2862 3108 2969 3161; x_wconf 71' lang='grc' dir='ltr'>Καὶ</span> <span class='ocrx_word' id='word_1_461' title='bbox 2996 3107 3211 3178; x_wconf 76' lang='grc' dir='ltr'>ἀληθῶς</span> <span class='ocrx_word' id='word_1_462' title='bbox 3252 3108 3307 3161; x_wconf 76' lang='grc' dir='ltr'>εἴ</span> <span class='ocrx_word' id='word_1_463' title='bbox 3330 3126 3393 3175; x_wconf 82' lang='grc' dir='ltr'><strong>γε</strong></span> <span class='ocrx_word' id='word_1_464' title='bbox 3428 3109 3716 3179; x_wconf 73' lang='grc' dir='ltr'>μέλλοιμεν</span> 
     </span>
    </p>
   </div>
   <div class='ocr_carea' id='block_1_62' title="bbox 472 3191 2042 3263">
    <p class='ocr_par' dir='ltr' id='par_1_62' title="bbox 472 3191 2042 3263">
     <span class='ocr_line' id='line_1_62' title="bbox 472 3191 2042 3263; baseline -0.006 -10"><span class='ocrx_word' id='word_1_465' title='bbox 472 3203 577 3253; x_wconf 87' lang='lat' dir='ltr'><strong>ritu</strong></span> <span class='ocrx_word' id='word_1_466' title='bbox 626 3209 840 3261; x_wconf 77' lang='lat' dir='ltr'><strong>satu-to,</strong></span> <span class='ocrx_word' id='word_1_467' title='bbox 869 3200 1179 3253; x_wconf 83' lang='lat' dir='ltr'><strong>videremus</strong></span> <span class='ocrx_word' id='word_1_468' title='bbox 1208 3197 1387 3249; x_wconf 87' lang='lat' dir='ltr'><strong>lumen</strong></span> <span class='ocrx_word' id='word_1_469' title='bbox 1420 3195 1563 3263; x_wconf 85' lang='lat' dir='ltr'><strong>quod</strong></span> <span class='ocrx_word' id='word_1_470' title='bbox 1582 3202 1666 3246; x_wconf 83' lang='lat' dir='ltr'><strong>est</strong></span> <span class='ocrx_word' id='word_1_471' title='bbox 1681 3194 1824 3246; x_wconf 81' lang='lat' dir='ltr'><strong>circa</strong></span> <span class='ocrx_word' id='word_1_472' title='bbox 1849 3191 2042 3259; x_wconf 85' lang='lat' dir='ltr'><strong>Deum,</strong></span> 
     </span>
    </p>
   </div>
   <div class='ocr_carea' id='block_1_63' title="bbox 466 3285 2044 3355">
    <p class='ocr_par' dir='ltr' id='par_1_63' title="bbox 466 3285 2044 3355">
     <span class='ocr_line' id='line_1_63' title="bbox 466 3285 2044 3355; baseline -0.004 -8"><span class='ocrx_word' id='word_1_473' title='bbox 466 3296 517 3347; x_wconf 93' lang='lat' dir='ltr'><strong>id</strong></span> <span class='ocrx_word' id='word_1_474' title='bbox 548 3300 631 3346; x_wconf 74' lang='lat' dir='ltr'><strong>est</strong></span> <span class='ocrx_word' id='word_1_475' title='bbox 660 3293 895 3345; x_wconf 83' lang='lat' dir='ltr'><strong>divinam</strong></span> <span class='ocrx_word' id='word_1_476' title='bbox 936 3291 1222 3344; x_wconf 80' lang='lat' dir='ltr'><strong>veritatem</strong></span> <span class='ocrx_word' id='word_1_477' title='bbox 1251 3328 1264 3347; x_wconf 91' lang='lat'><strong>.</strong></span> <span class='ocrx_word' id='word_1_478' title='bbox 1297 3287 1398 3341; x_wconf 71' lang='lat' dir='ltr'><strong>nisi</strong></span> <span class='ocrx_word' id='word_1_479' title='bbox 1446 3286 1695 3355; x_wconf 88' lang='lat' dir='ltr'><strong>imperite</strong></span> <span class='ocrx_word' id='word_1_480' title='bbox 1722 3285 1788 3340; x_wconf 90' lang='lat' dir='ltr'><strong>ad</strong></span> <span class='ocrx_word' id='word_1_481' title='bbox 1823 3286 2044 3341; x_wconf 87' lang='lat' dir='ltr'><strong>divinos</strong></span> 
     </span>
    </p>
   </div>
   <div class='ocr_carea' id='block_1_64' title="bbox 466 3383 1243 3441">
    <p class='ocr_par' dir='ltr' id='par_1_64' title="bbox 466 3383 1243 3441">
     <span class='ocr_line' id='line_1_64' title="bbox 466 3383 1243 3441; baseline -0.009 0"><span class='ocrx_word' id='word_1_482' title='bbox 466 3388 648 3441; x_wconf 72' lang='lat' dir='ltr'><strong>rad;us</strong></span> <span class='ocrx_word' id='word_1_483' title='bbox 677 3384 919 3439; x_wconf 83' lang='lat' dir='ltr'><strong>converti</strong></span> <span class='ocrx_word' id='word_1_484' title='bbox 956 3383 1243 3438; x_wconf 84' lang='lat' dir='ltr'><strong>nollemus.</strong></span> 
     </span>
    </p>
   </div>
   <div class='ocr_carea' id='block_1_65' title="bbox 544 3675 2043 3747">
    <p class='ocr_par' dir='ltr' id='par_1_65' title="bbox 544 3675 2043 3747">
     <span class='ocr_line' id='line_1_65' title="bbox 544 3675 2043 3747; baseline 0.001 -17"><span class='ocrx_word' id='word_1_485' title='bbox 544 3677 595 3730; x_wconf 83' lang='lat'><strong>7.</strong></span> <span class='ocrx_word' id='word_1_486' title='bbox 625 3675 825 3732; x_wconf 80' lang='lat' dir='ltr'><strong>Tribus</strong></span> <span class='ocrx_word' id='word_1_487' title='bbox 875 3676 1052 3731; x_wconf 88' lang='lat' dir='ltr'><strong>modis</strong></span> <span class='ocrx_word' id='word_1_488' title='bbox 1106 3691 1261 3728; x_wconf 79' lang='lat' dir='ltr'><strong>mens</strong></span> <span class='ocrx_word' id='word_1_489' title='bbox 1301 3676 1366 3729; x_wconf 88' lang='lat' dir='ltr'><strong>ad</strong></span> <span class='ocrx_word' id='word_1_490' title='bbox 1401 3675 1491 3731; x_wconf 81' lang='lat' dir='ltr'><strong>Dei</strong></span> <span class='ocrx_word' id='word_1_491' title='bbox 1535 3679 2043 3747; x_wconf 85' lang='lat' dir='ltr'><strong>tonlemplationem</strong></span> 
     </span>
    </p>
   </div>
   <div class='ocr_carea' id='block_1_66' title="bbox 466 3767 2041 3838">
    <p class='ocr_par' dir='ltr' id='par_1_66' title="bbox 466 3767 2041 3838">
     <span class='ocr_line' id='line_1_66' title="bbox 466 3767 2041 3838; baseline 0.001 -15"><span class='ocrx_word' id='word_1_492' title='bbox 466 3769 736 3829; x_wconf 86' lang='lat' dir='ltr'><strong>ascendit,</strong></span> <span class='ocrx_word' id='word_1_493' title='bbox 794 3767 1015 3836; x_wconf 87' lang='lat' dir='ltr'><strong>proprio</strong></span> <span class='ocrx_word' id='word_1_494' title='bbox 1058 3776 1230 3829; x_wconf 91' lang='lat' dir='ltr'><strong>motu,</strong></span> <span class='ocrx_word' id='word_1_495' title='bbox 1270 3768 1495 3822; x_wconf 81' lang='lat' dir='ltr'><strong>alterius</strong></span> <span class='ocrx_word' id='word_1_496' title='bbox 1522 3779 1693 3832; x_wconf 91' lang='lat' dir='ltr'><strong>motu,</strong></span> <span class='ocrx_word' id='word_1_497' title='bbox 1722 3780 1776 3822; x_wconf 90' lang='lat' dir='ltr'><strong>et</strong></span> <span class='ocrx_word' id='word_1_498' title='bbox 1806 3773 2041 3838; x_wconf 85' lang='lat' dir='ltr'><strong>quodam</strong></span> 
     </span>
    </p>
   </div>
   <div class='ocr_carea' id='block_1_67' title="bbox 469 3858 2047 3928">
    <p class='ocr_par' dir='ltr' id='par_1_67' title="bbox 469 3858 2047 3928">
     <span class='ocr_line' id='line_1_67' title="bbox 469 3858 2047 3928; baseline 0.001 -14"><span class='ocrx_word' id='word_1_499' title='bbox 469 3862 609 3914; x_wconf 90' lang='lat' dir='ltr'><strong>inter</strong></span> <span class='ocrx_word' id='word_1_500' title='bbox 659 3859 846 3911; x_wconf 88' lang='lat' dir='ltr'><strong>amhos</strong></span> <span class='ocrx_word' id='word_1_501' title='bbox 887 3868 1054 3911; x_wconf 84' lang='lat' dir='ltr'><strong>tnotu.</strong></span> <span class='ocrx_word' id='word_1_502' title='bbox 1099 3858 1173 3911; x_wconf 84' lang='lat' dir='ltr'><strong>Ac</strong></span> <span class='ocrx_word' id='word_1_503' title='bbox 1223 3858 1399 3925; x_wconf 83' lang='lat' dir='ltr'><strong>primo</strong></span> <span class='ocrx_word' id='word_1_504' title='bbox 1448 3861 1651 3928; x_wconf 85' lang='lat' dir='ltr'><strong>proprii</strong></span> <span class='ocrx_word' id='word_1_505' title='bbox 1708 3869 1892 3915; x_wconf 83' lang='lat' dir='ltr'><strong>motus</strong></span> <span class='ocrx_word' id='word_1_506' title='bbox 1929 3877 2047 3915; x_wconf 87' lang='lat' dir='ltr'><strong>mo-</strong></span> 
     </span>
    </p>
   </div>
   <div class='ocr_carea' id='block_1_68' title="bbox 466 3949 2046 4024">
    <p class='ocr_par' dir='ltr' id='par_1_68' title="bbox 466 3949 2046 4024">
     <span class='ocr_line' id='line_1_68' title="bbox 466 3949 2046 4024; baseline 0.002 -17"><span class='ocrx_word' id='word_1_507' title='bbox 466 3954 571 4008; x_wconf 83' lang='lat' dir='ltr'><strong>dus</strong></span> <span class='ocrx_word' id='word_1_508' title='bbox 622 3951 821 4006; x_wconf 87' lang='lat' dir='ltr'><strong>mentis</strong></span> <span class='ocrx_word' id='word_1_509' title='bbox 877 3959 1070 4003; x_wconf 89' lang='lat' dir='ltr'><strong>natura</strong></span> <span class='ocrx_word' id='word_1_510' title='bbox 1135 3949 1481 4004; x_wconf 88' lang='lat' dir='ltr'><strong>solummodo</strong></span> <span class='ocrx_word' id='word_1_511' title='bbox 1546 3952 1864 4019; x_wconf 78' lang='lat' dir='ltr'><strong>perﬁcitur,</strong></span> <span class='ocrx_word' id='word_1_512' title='bbox 1923 3971 2046 4024; x_wconf 77' lang='lat' dir='ltr'><strong>qua:</strong></span> 
     </span>
    </p>
   </div>
   <div class='ocr_carea' id='block_1_69' title="bbox 467 4041 2042 4114">
    <p class='ocr_par' dir='ltr' id='par_1_69' title="bbox 467 4041 2042 4114">
     <span class='ocr_line' id='line_1_69' title="bbox 467 4041 2042 4114; baseline 0 -13"><span class='ocrx_word' id='word_1_513' title='bbox 467 4062 568 4101; x_wconf 86' lang='lat' dir='ltr'><strong>sua</strong></span> <span class='ocrx_word' id='word_1_514' title='bbox 619 4046 896 4099; x_wconf 86' lang='lat' dir='ltr'><strong>voluntate</strong></span> <span class='ocrx_word' id='word_1_515' title='bbox 956 4057 1051 4111; x_wconf 90' lang='lat' dir='ltr'><strong>per</strong></span> <span class='ocrx_word' id='word_1_516' title='bbox 1104 4042 1449 4112; x_wconf 83' lang='lat' dir='ltr'><strong>phantasiam</strong></span> <span class='ocrx_word' id='word_1_517' title='bbox 1483 4041 1697 4107; x_wconf 75' lang='lat' dir='ltr'><strong>utitur;</strong></span> <span class='ocrx_word' id='word_1_518' title='bbox 1732 4044 2042 4114; x_wconf 87' lang='lat' dir='ltr'><strong>cujusmodi</strong></span> 
     </span>
    </p>
   </div>
   <div class='ocr_carea' id='block_1_70' title="bbox 468 4136 2045 4208">
    <p class='ocr_par' dir='ltr' id='par_1_70' title="bbox 468 4136 2045 4208">
     <span class='ocr_line' id='line_1_70' title="bbox 468 4136 2045 4208; baseline -0.001 -16"><span class='ocrx_word' id='word_1_519' title='bbox 468 4138 731 4194; x_wconf 86' lang='lat' dir='ltr'><strong>terminus</strong></span> <span class='ocrx_word' id='word_1_520' title='bbox 753 4148 835 4192; x_wconf 91' lang='lat' dir='ltr'><strong>est</strong></span> <span class='ocrx_word' id='word_1_521' title='bbox 862 4136 1174 4190; x_wconf 87' lang='lat' dir='ltr'><strong>divinarum</strong></span> <span class='ocrx_word' id='word_1_522' title='bbox 1230 4150 1411 4188; x_wconf 69' lang='lat' dir='ltr'><strong>rerum</strong></span> <span class='ocrx_word' id='word_1_523' title='bbox 1465 4137 1888 4206; x_wconf 83' lang='lat' dir='ltr'><strong>contemplatio;</strong></span> <span class='ocrx_word' id='word_1_524' title='bbox 1924 4155 2045 4208; x_wconf 64' lang='lat' dir='ltr'><strong>quae</strong></span> 
     </span>
    </p>
   </div>
   <div class='ocr_carea' id='block_1_71' title="bbox 466 4227 2045 4297">
    <p class='ocr_par' dir='ltr' id='par_1_71' title="bbox 466 4227 2045 4297">
     <span class='ocr_line' id='line_1_71' title="bbox 466 4227 2045 4297; baseline 0.002 -14"><span class='ocrx_word' id='word_1_525' title='bbox 466 4238 520 4283; x_wconf 89' lang='lat' dir='ltr'><strong>et</strong></span> <span class='ocrx_word' id='word_1_526' title='bbox 550 4230 776 4297; x_wconf 81' lang='lat' dir='ltr'><strong>gentiles</strong></span> <span class='ocrx_word' id='word_1_527' title='bbox 821 4228 921 4295; x_wconf 80' lang='lat' dir='ltr'><strong>ipsi</strong></span> <span class='ocrx_word' id='word_1_528' title='bbox 960 4227 1237 4294; x_wconf 80' lang='lat' dir='ltr'><strong>imagiuati</strong></span> <span class='ocrx_word' id='word_1_529' title='bbox 1266 4236 1395 4279; x_wconf 88' lang='lat' dir='ltr'><strong>sunt</strong></span> <span class='ocrx_word' id='word_1_530' title='bbox 1426 4242 1442 4291; x_wconf 90' lang='lat'><strong>;</strong></span> <span class='ocrx_word' id='word_1_531' title='bbox 1496 4228 1771 4284; x_wconf 88' lang='lat' dir='ltr'><strong>secundus</strong></span> <span class='ocrx_word' id='word_1_532' title='bbox 1808 4244 1938 4283; x_wconf 83' lang='lat' dir='ltr'><strong>vero</strong></span> <span class='ocrx_word' id='word_1_533' title='bbox 1961 4241 2045 4285; x_wconf 83' lang='lat' dir='ltr'><strong>est</strong></span> 
     </span>
    </p>
   </div>
   <div class='ocr_carea' id='block_1_72' title="bbox 466 4318 2040 4392">
    <p class='ocr_par' dir='ltr' id='par_1_72' title="bbox 466 4318 2040 4392">
     <span class='ocr_line' id='line_1_72' title="bbox 466 4318 2040 4392; baseline 0.001 -15"><span class='ocrx_word' id='word_1_534' title='bbox 466 4337 632 4391; x_wconf 88' lang='lat' dir='ltr'><strong>supra</strong></span> <span class='ocrx_word' id='word_1_535' title='bbox 663 4323 1013 4382; x_wconf 84' lang='lat' dir='ltr'><strong>voluntatem,</strong></span> <span class='ocrx_word' id='word_1_536' title='bbox 1051 4332 1104 4374; x_wconf 88' lang='lat' dir='ltr'><strong>et</strong></span> <span class='ocrx_word' id='word_1_537' title='bbox 1163 4320 1337 4374; x_wconf 87' lang='lat' dir='ltr'><strong>solius</strong></span> <span class='ocrx_word' id='word_1_538' title='bbox 1369 4318 1459 4373; x_wconf 89' lang='lat' dir='ltr'><strong>Dei</strong></span> <span class='ocrx_word' id='word_1_539' title='bbox 1497 4319 1704 4376; x_wconf 88' lang='lat' dir='ltr'><strong>lumine</strong></span> <span class='ocrx_word' id='word_1_540' title='bbox 1727 4326 2040 4392; x_wconf 72' lang='lat' dir='ltr'><strong>prtcstitus;</strong></span> 
     </span>
    </p>
   </div>
   <div class='ocr_carea' id='block_1_73' title="bbox 469 4411 2042 4479">
    <p class='ocr_par' dir='ltr' id='par_1_73' title="bbox 469 4411 2042 4479">
     <span class='ocr_line' id='line_1_73' title="bbox 469 4411 2042 4479; baseline 0.004 -13"><span class='ocrx_word' id='word_1_541' title='bbox 469 4416 613 4467; x_wconf 86' lang='lat' dir='ltr'><strong>unde</strong></span> <span class='ocrx_word' id='word_1_542' title='bbox 642 4423 695 4467; x_wconf 89' lang='lat' dir='ltr'><strong>et</strong></span> <span class='ocrx_word' id='word_1_543' title='bbox 721 4414 906 4466; x_wconf 80' lang='lat' dir='ltr'><strong>divino</strong></span> <span class='ocrx_word' id='word_1_544' title='bbox 948 4411 1131 4465; x_wconf 81' lang='lat' dir='ltr'><strong>aﬂlatu</strong></span> <span class='ocrx_word' id='word_1_545' title='bbox 1176 4421 1383 4465; x_wconf 88' lang='lat' dir='ltr'><strong>tantum</strong></span> <span class='ocrx_word' id='word_1_546' title='bbox 1411 4414 1709 4479; x_wconf 87' lang='lat' dir='ltr'><strong>invenitur,</strong></span> <span class='ocrx_word' id='word_1_547' title='bbox 1734 4426 1787 4469; x_wconf 91' lang='lat' dir='ltr'><strong>et</strong></span> <span class='ocrx_word' id='word_1_548' title='bbox 1815 4416 1868 4470; x_wconf 91' lang='lat' dir='ltr'><strong>in</strong></span> <span class='ocrx_word' id='word_1_549' title='bbox 1901 4419 2042 4472; x_wconf 83' lang='lat' dir='ltr'><strong>divi-</strong></span> 
     </span>
    </p>
   </div>
   <div class='ocr_carea' id='block_1_74' title="bbox 2140 3196 3713 3271">
    <p class='ocr_par' dir='ltr' id='par_1_74' title="bbox 2140 3196 3713 3271">
     <span class='ocr_line' id='line_1_74' title="bbox 2140 3196 3713 3271; baseline 0.001 -23"><span class='ocrx_word' id='word_1_550' title='bbox 2140 3198 2314 3248; x_wconf 80' lang='grc' dir='ltr'>ποιεῖν</span> <span class='ocrx_word' id='word_1_551' title='bbox 2336 3197 2400 3249; x_wconf 72' lang='grc' dir='ltr'><strong>τὰ</strong></span> <span class='ocrx_word' id='word_1_552' title='bbox 2423 3196 2608 3250; x_wconf 87' lang='grc' dir='ltr'><strong>δέοντα</strong></span> <span class='ocrx_word' id='word_1_553' title='bbox 2633 3199 2724 3250; x_wconf 69' lang='grc' dir='ltr'><strong>καὶ</strong></span> <span class='ocrx_word' id='word_1_554' title='bbox 2750 3199 3010 3269; x_wconf 77' lang='grc' dir='ltr'>ἑπόμενα,</span> <span class='ocrx_word' id='word_1_555' title='bbox 3036 3200 3093 3250; x_wconf 77' lang='grc' dir='ltr'>ἐν</span> <span class='ocrx_word' id='word_1_556' title='bbox 3116 3199 3193 3250; x_wconf 80' lang='grc' dir='ltr'><strong>τῶ</strong></span> <span class='ocrx_word' id='word_1_557' title='bbox 3217 3198 3309 3250; x_wconf 73' lang='grc' dir='ltr'><strong>τοῦ</strong></span> <span class='ocrx_word' id='word_1_558' title='bbox 3338 3199 3469 3251; x_wconf 78' lang='grc' dir='ltr'>Θεοῦ</span> <span class='ocrx_word' id='word_1_559' title='bbox 3502 3201 3713 3271; x_wconf 75' lang='lat'><em>[11:96;</em></span> 
     </span>
    </p>
   </div>
   <div class='ocr_carea' id='block_1_75' title="bbox 2132 3287 3716 3359">
    <p class='ocr_par' dir='ltr' id='par_1_75' title="bbox 2132 3287 3716 3359">
     <span class='ocr_line' id='line_1_75' title="bbox 2132 3287 3716 3359; baseline -0.002 -15"><span class='ocrx_word' id='word_1_560' title='bbox 2132 3291 2296 3359; x_wconf 65' lang='grc' dir='ltr'>φωτὶ,</span> <span class='ocrx_word' id='word_1_561' title='bbox 2328 3289 2471 3356; x_wconf 88' lang='grc' dir='ltr'>λέγω</span> <span class='ocrx_word' id='word_1_562' title='bbox 2499 3289 2554 3342; x_wconf 80' lang='grc' dir='ltr'><strong>δὲ</strong></span> <span class='ocrx_word' id='word_1_563' title='bbox 2596 3288 2656 3340; x_wconf 73' lang='grc' dir='ltr'>τὸ</span> <span class='ocrx_word' id='word_1_564' title='bbox 2687 3287 2907 3356; x_wconf 76' lang='grc' dir='ltr'>Πνεῦμα</span> <span class='ocrx_word' id='word_1_565' title='bbox 2940 3288 3001 3339; x_wconf 83' lang='lat'><em>1:6</em></span> <span class='ocrx_word' id='word_1_566' title='bbox 3029 3287 3205 3354; x_wconf 80' lang='grc' dir='ltr'>ἆγιον,</span> <span class='ocrx_word' id='word_1_567' title='bbox 3232 3287 3473 3357; x_wconf 76' lang='grc' dir='ltr'>ὀψόμεθα</span> <span class='ocrx_word' id='word_1_568' title='bbox 3505 3306 3622 3358; x_wconf 78' lang='grc' dir='ltr'>φως</span> <span class='ocrx_word' id='word_1_569' title='bbox 3659 3288 3716 3341; x_wconf 82' lang='grc' dir='ltr'><strong>τδ</strong></span> 
     </span>
    </p>
   </div>
   <div class='ocr_carea' id='block_1_76' title="bbox 2132 3378 3711 3453">
    <p class='ocr_par' dir='ltr' id='par_1_76' title="bbox 2132 3378 3711 3453">
     <span class='ocr_line' id='line_1_76' title="bbox 2132 3378 3711 3453; baseline -0.001 -18"><span class='ocrx_word' id='word_1_570' title='bbox 2132 3383 2266 3453; x_wconf 75' lang='grc' dir='ltr'>περὶ</span> <span class='ocrx_word' id='word_1_571' title='bbox 2300 3382 2389 3435; x_wconf 68' lang='grc' dir='ltr'><strong>τὸν</strong></span> <span class='ocrx_word' id='word_1_572' title='bbox 2422 3381 2571 3440; x_wconf 78' lang='grc' dir='ltr'>Θεὸν,</span> <span class='ocrx_word' id='word_1_573' title='bbox 2607 3380 2856 3433; x_wconf 84' lang='grc' dir='ltr'>τουτέστι</span> <span class='ocrx_word' id='word_1_574' title='bbox 2908 3379 3007 3448; x_wconf 78' lang='grc' dir='ltr'>τὴν</span> <span class='ocrx_word' id='word_1_575' title='bbox 3033 3378 3182 3431; x_wconf 78' lang='grc' dir='ltr'>θείαν</span> <span class='ocrx_word' id='word_1_576' title='bbox 3208 3380 3491 3451; x_wconf 84' lang='grc' dir='ltr'>ἀλήθειαν,</span> <span class='ocrx_word' id='word_1_577' title='bbox 3532 3382 3580 3433; x_wconf 84' lang='grc' dir='ltr'><strong>εί</strong></span> <span class='ocrx_word' id='word_1_578' title='bbox 3639 3380 3711 3451; x_wconf 70' lang='grc' dir='ltr'><strong>μή</strong></span> 
     </span>
    </p>
   </div>
   <div class='ocr_carea' id='block_1_77' title="bbox 2138 3470 3716 3543">
    <p class='ocr_par' dir='ltr' id='par_1_77' title="bbox 2138 3470 3716 3543">
     <span class='ocr_line' id='line_1_77' title="bbox 2138 3470 3716 3543; baseline -0.002 -16"><span class='ocrx_word' id='word_1_579' title='bbox 2138 3492 2255 3533; x_wconf 77' lang='grc' dir='ltr'><strong>πως</strong></span> <span class='ocrx_word' id='word_1_580' title='bbox 2310 3472 2759 3540; x_wconf 72' lang='grc' dir='ltr'>ἀνεπιστημόνως</span> <span class='ocrx_word' id='word_1_581' title='bbox 2803 3470 2939 3539; x_wconf 70' lang='grc' dir='ltr'>πρὸς</span> <span class='ocrx_word' id='word_1_582' title='bbox 2990 3470 3090 3534; x_wconf 81' lang='grc' dir='ltr'><strong>τὰς</strong></span> <span class='ocrx_word' id='word_1_583' title='bbox 3148 3470 3299 3536; x_wconf 74' lang='grc' dir='ltr'>θείας</span> <span class='ocrx_word' id='word_1_584' title='bbox 3352 3473 3574 3537; x_wconf 83' lang='grc' dir='ltr'>ἀκτῖνας</span> <span class='ocrx_word' id='word_1_585' title='bbox 3642 3473 3716 3543; x_wconf 79' lang='grc' dir='ltr'><strong>μὴ</strong></span> 
     </span>
    </p>
   </div>
   <div class='ocr_carea' id='block_1_78' title="bbox 2134 3562 2839 3633">
    <p class='ocr_par' dir='ltr' id='par_1_78' title="bbox 2134 3562 2839 3633">
     <span class='ocr_line' id='line_1_78' title="bbox 2134 3562 2839 3633; baseline 0.003 -18"><span class='ocrx_word' id='word_1_586' title='bbox 2134 3564 2488 3633; x_wconf 64' lang='grc' dir='ltr'>ἐπιστρέφειν</span> <span class='ocrx_word' id='word_1_587' title='bbox 2515 3562 2839 3633; x_wconf 76' lang='grc' dir='ltr'>αἱρούμεθα.</span> 
     </span>
    </p>
   </div>
   <div class='ocr_carea' id='block_1_79' title="bbox 2205 3654 3713 3726">
    <p class='ocr_par' dir='ltr' id='par_1_79' title="bbox 2205 3654 3713 3726">
     <span class='ocr_line' id='line_1_79' title="bbox 2205 3654 3713 3726; baseline -0.003 -15"><span class='ocrx_word' id='word_1_588' title='bbox 2205 3656 2268 3721; x_wconf 79' lang='grc' dir='ltr'><strong>ζ’.</strong></span> <span class='ocrx_word' id='word_1_589' title='bbox 2306 3656 2465 3726; x_wconf 76' lang='grc' dir='ltr'>Τρισὶ</span> <span class='ocrx_word' id='word_1_590' title='bbox 2516 3656 2736 3726; x_wconf 68' lang='grc' dir='ltr'>τρόποις</span> <span class='ocrx_word' id='word_1_591' title='bbox 2784 3654 3054 3709; x_wconf 75' lang='grc' dir='ltr'>ἐπιϐαίνει</span> <span class='ocrx_word' id='word_1_592' title='bbox 3102 3656 3129 3706; x_wconf 90' lang='lat'><strong>6</strong></span> <span class='ocrx_word' id='word_1_593' title='bbox 3172 3656 3296 3718; x_wconf 80' lang='grc' dir='ltr'>νοῦς</span> <span class='ocrx_word' id='word_1_594' title='bbox 3323 3660 3386 3726; x_wconf 79' lang='grc' dir='ltr'>τῇ</span> <span class='ocrx_word' id='word_1_595' title='bbox 3434 3656 3529 3709; x_wconf 75' lang='grc' dir='ltr'><strong>τοῦ</strong></span> <span class='ocrx_word' id='word_1_596' title='bbox 3581 3654 3713 3710; x_wconf 76' lang='grc' dir='ltr'>Θεοῦ</span> 
     </span>
    </p>
   </div>
   <div class='ocr_carea' id='block_1_80' title="bbox 2137 3747 3710 3828">
    <p class='ocr_par' dir='ltr' id='par_1_80' title="bbox 2137 3747 3710 3828">
     <span class='ocr_line' id='line_1_80' title="bbox 2137 3747 3710 3828; baseline -0.001 -27"><span class='ocrx_word' id='word_1_597' title='bbox 2137 3749 2361 3821; x_wconf 73' lang='grc' dir='ltr'>θεωρίᾳ,</span> <span class='ocrx_word' id='word_1_598' title='bbox 2411 3749 2805 3817; x_wconf 80' lang='grc' dir='ltr'>αὑτοκινήτως,</span> <span class='ocrx_word' id='word_1_599' title='bbox 2862 3750 3293 3819; x_wconf 81' lang='grc' dir='ltr'>ὲτεροκινήτως,</span> <span class='ocrx_word' id='word_1_600' title='bbox 3344 3751 3471 3828; x_wconf 48' lang='grc' dir='ltr'>καὶ.</span> <span class='ocrx_word' id='word_1_601' title='bbox 3511 3747 3710 3818; x_wconf 75' lang='grc' dir='ltr'>μεταξῦ</span> 
     </span>
    </p>
   </div>
   <div class='ocr_carea' id='block_1_81' title="bbox 2135 3840 3713 3910">
    <p class='ocr_par' dir='ltr' id='par_1_81' title="bbox 2135 3840 3713 3910">
     <span class='ocr_line' id='line_1_81' title="bbox 2135 3840 3713 3910; baseline -0.001 -17"><span class='ocrx_word' id='word_1_602' title='bbox 2135 3840 2357 3894; x_wconf 80' lang='grc' dir='ltr'>τούτων.</span> <span class='ocrx_word' id='word_1_603' title='bbox 2388 3841 2545 3893; x_wconf 80' lang='grc' dir='ltr'><strong>Καὶὸ</strong></span> <span class='ocrx_word' id='word_1_604' title='bbox 2575 3840 2673 3909; x_wconf 86' lang='grc' dir='ltr'>μὲν</span> <span class='ocrx_word' id='word_1_605' title='bbox 2702 3840 3053 3909; x_wconf 81' lang='grc' dir='ltr'>αὐτοκίνητος</span> <span class='ocrx_word' id='word_1_606' title='bbox 3102 3841 3303 3910; x_wconf 74' lang='grc' dir='ltr'>τρόπος</span> <span class='ocrx_word' id='word_1_607' title='bbox 3337 3842 3442 3894; x_wconf 80' lang='lat'><em>61:6</em></span> <span class='ocrx_word' id='word_1_608' title='bbox 3475 3842 3577 3910; x_wconf 82' lang='grc' dir='ltr'>τῆς</span> <span class='ocrx_word' id='word_1_609' title='bbox 3617 3842 3713 3909; x_wconf 67' lang='grc' dir='ltr'><strong>φύ-</strong></span> 
     </span>
    </p>
   </div>
   <div class='ocr_carea' id='block_1_82' title="bbox 2138 3932 3710 4003">
    <p class='ocr_par' dir='ltr' id='par_1_82' title="bbox 2138 3932 3710 4003">
     <span class='ocr_line' id='line_1_82' title="bbox 2138 3932 3710 4003; baseline -0.001 -18"><span class='ocrx_word' id='word_1_610' title='bbox 2138 3950 2275 3996; x_wconf 85' lang='grc' dir='ltr'>σεως</span> <span class='ocrx_word' id='word_1_611' title='bbox 2302 3932 2397 3985; x_wconf 77' lang='grc' dir='ltr'><strong>τοῦ</strong></span> <span class='ocrx_word' id='word_1_612' title='bbox 2428 3932 2522 3986; x_wconf 73' lang='grc' dir='ltr'><strong>νοῦ</strong></span> <span class='ocrx_word' id='word_1_613' title='bbox 2558 3934 2718 4001; x_wconf 80' lang='grc' dir='ltr'>μόνον</span> <span class='ocrx_word' id='word_1_614' title='bbox 2768 3933 3028 3995; x_wconf 84' lang='grc' dir='ltr'>τελεῖται,</span> <span class='ocrx_word' id='word_1_615' title='bbox 3065 3932 3283 4002; x_wconf 83' lang='grc' dir='ltr'>θελήσει</span> <span class='ocrx_word' id='word_1_616' title='bbox 3306 3936 3370 4003; x_wconf 83' lang='grc' dir='ltr'>τῇ</span> <span class='ocrx_word' id='word_1_617' title='bbox 3406 3934 3601 3986; x_wconf 77' lang='grc' dir='ltr'>ἑαυτοῦ</span> <span class='ocrx_word' id='word_1_618' title='bbox 3632 3935 3710 3986; x_wconf 64' lang='grc' dir='ltr'><strong>διὰ</strong></span> 
     </span>
    </p>
   </div>
   <div class='ocr_carea' id='block_1_83' title="bbox 2137 4017 3713 4097">
    <p class='ocr_par' dir='ltr' id='par_1_83' title="bbox 2137 4017 3713 4097">
     <span class='ocr_line' id='line_1_83' title="bbox 2137 4017 3713 4097; baseline -0.001 -20"><span class='ocrx_word' id='word_1_619' title='bbox 2137 4023 2436 4090; x_wconf 81' lang='grc' dir='ltr'>φαντασίας</span> <span class='ocrx_word' id='word_1_620' title='bbox 2494 4023 2797 4093; x_wconf 84' lang='grc' dir='ltr'>χρώμενος,</span> <span class='ocrx_word' id='word_1_621' title='bbox 2857 4017 2918 4076; x_wconf 73' lang='grc' dir='ltr'>οὗ</span> <span class='ocrx_word' id='word_1_622' title='bbox 2962 4027 3135 4094; x_wconf 82' lang='grc' dir='ltr'>πέρας</span> <span class='ocrx_word' id='word_1_623' title='bbox 3185 4027 3217 4094; x_wconf 80' lang='grc' dir='ltr'>ἡ</span> <span class='ocrx_word' id='word_1_624' title='bbox 3271 4026 3378 4078; x_wconf 79' lang='grc' dir='ltr'>τῶν</span> <span class='ocrx_word' id='word_1_625' title='bbox 3427 4027 3557 4097; x_wconf 71' lang='grc' dir='ltr'>περὶ</span> <span class='ocrx_word' id='word_1_626' title='bbox 3586 4027 3713 4079; x_wconf 70' lang='grc' dir='ltr'>Θεδν</span> 
     </span>
    </p>
   </div>
   <div class='ocr_carea' id='block_1_84' title="bbox 2137 4117 3711 4189">
    <p class='ocr_par' dir='ltr' id='par_1_84' title="bbox 2137 4117 3711 4189">
     <span class='ocr_line' id='line_1_84' title="bbox 2137 4117 3711 4189; baseline 0.002 -20"><span class='ocrx_word' id='word_1_627' title='bbox 2137 4117 2377 4189; x_wconf 79' lang='grc' dir='ltr'>θεωρία’</span> <span class='ocrx_word' id='word_1_628' title='bbox 2430 4118 2465 4172; x_wconf 76' lang='grc' dir='ltr'>ἃ</span> <span class='ocrx_word' id='word_1_629' title='bbox 2519 4118 2615 4171; x_wconf 78' lang='grc' dir='ltr'>καὶ</span> <span class='ocrx_word' id='word_1_630' title='bbox 2655 4118 2931 4186; x_wconf 81' lang='grc' dir='ltr'>Ἑλλήνων</span> <span class='ocrx_word' id='word_1_631' title='bbox 2988 4119 3251 4187; x_wconf 77' lang='grc' dir='ltr'>ἀμηγέπη</span> <span class='ocrx_word' id='word_1_632' title='bbox 3299 4120 3711 4189; x_wconf 73' lang='grc' dir='ltr'>ὲφαντάσθησαν</span> 
     </span>
    </p>
   </div>
   <div class='ocr_carea' id='block_1_85' title="bbox 2136 4210 3713 4280">
    <p class='ocr_par' dir='ltr' id='par_1_85' title="bbox 2136 4210 3713 4280">
     <span class='ocr_line' id='line_1_85' title="bbox 2136 4210 3713 4280; baseline -0.002 -18"><span class='ocrx_word' id='word_1_633' title='bbox 2136 4211 2325 4272; x_wconf 83' lang='grc' dir='ltr'>παῖδες</span> <span class='ocrx_word' id='word_1_634' title='bbox 2352 4226 2365 4240; x_wconf 76' lang='grc'><strong>⁸</strong></span> <span class='ocrx_word' id='word_1_635' title='bbox 2420 4213 2447 4263; x_wconf 89' lang='lat'><strong>6</strong></span> <span class='ocrx_word' id='word_1_636' title='bbox 2488 4210 2532 4262; x_wconf 78' lang='grc' dir='ltr'><strong>δ’</strong></span> <span class='ocrx_word' id='word_1_637' title='bbox 2572 4210 2758 4280; x_wconf 74' lang='grc' dir='ltr'>ἕτερός</span> <span class='ocrx_word' id='word_1_638' title='bbox 2807 4210 2954 4262; x_wconf 79' lang='grc' dir='ltr'>ἐστιν</span> <span class='ocrx_word' id='word_1_639' title='bbox 3014 4210 3296 4280; x_wconf 67' lang='grc' dir='ltr'>ὑπερφυὴς</span> <span class='ocrx_word' id='word_1_640' title='bbox 3333 4211 3571 4278; x_wconf 72' lang='grc' dir='ltr'>θελήσει,</span> <span class='ocrx_word' id='word_1_641' title='bbox 3626 4212 3713 4264; x_wconf 75' lang='grc' dir='ltr'><strong>καὶ</strong></span> 
     </span>
    </p>
   </div>
   <div class='ocr_carea' id='block_1_86' title="bbox 2137 4301 3711 4372">
    <p class='ocr_par' dir='ltr' id='par_1_86' title="bbox 2137 4301 3711 4372">
     <span class='ocr_line' id='line_1_86' title="bbox 2137 4301 3711 4372; baseline -0.002 -17"><span class='ocrx_word' id='word_1_642' title='bbox 2137 4302 2400 4372; x_wconf 80' lang='grc' dir='ltr'>φωτισμῷ</span> <span class='ocrx_word' id='word_1_643' title='bbox 2436 4303 2600 4371; x_wconf 86' lang='grc' dir='ltr'><strong>μόνου</strong></span> <span class='ocrx_word' id='word_1_644' title='bbox 2646 4301 2780 4357; x_wconf 76' lang='grc' dir='ltr'>Θεοῦ</span> <span class='ocrx_word' id='word_1_645' title='bbox 2816 4302 3161 4371; x_wconf 81' lang='grc' dir='ltr'>γιγνόμενος·</span> <span class='ocrx_word' id='word_1_646' title='bbox 3193 4301 3314 4355; x_wconf 83' lang='grc' dir='ltr'>ὅθεν</span> <span class='ocrx_word' id='word_1_647' title='bbox 3350 4304 3445 4355; x_wconf 67' lang='grc' dir='ltr'><strong>καὶ</strong></span> <span class='ocrx_word' id='word_1_648' title='bbox 3480 4304 3583 4355; x_wconf 77' lang='grc' dir='ltr'>ὑπὸ</span> <span class='ocrx_word' id='word_1_649' title='bbox 3622 4304 3711 4371; x_wconf 70' lang='grc' dir='ltr'>τὴν</span> 
     </span>
    </p>
   </div>
   <div class='ocr_carea' id='block_1_87' title="bbox 2138 4376 3712 4464">
    <p class='ocr_par' dir='ltr' id='par_1_87' title="bbox 2138 4393 3712 4464">
     <span class='ocr_line' id='line_1_87' title="bbox 2138 4393 3712 4464; baseline 0.001 -19"><span class='ocrx_word' id='word_1_650' title='bbox 2138 4394 2288 4447; x_wconf 88' lang='grc' dir='ltr'>θείαν</span> <span class='ocrx_word' id='word_1_651' title='bbox 2323 4394 2559 4464; x_wconf 74' lang='grc' dir='ltr'>κατοχὴν</span> <span class='ocrx_word' id='word_1_652' title='bbox 2606 4394 2726 4449; x_wconf 82' lang='grc' dir='ltr'>τότε</span> <span class='ocrx_word' id='word_1_653' title='bbox 2776 4393 2912 4455; x_wconf 82' lang='grc' dir='ltr'>ὅλως</span> <span class='ocrx_word' id='word_1_654' title='bbox 2964 4393 3299 4463; x_wconf 80' lang='grc' dir='ltr'>εὑρίσκεται,</span> <span class='ocrx_word' id='word_1_655' title='bbox 3334 4394 3427 4446; x_wconf 75' lang='grc' dir='ltr'>καὶ</span> <span class='ocrx_word' id='word_1_656' title='bbox 3463 4395 3543 4457; x_wconf 81' lang='grc' dir='ltr'><strong>είς</strong></span> <span class='ocrx_word' id='word_1_657' title='bbox 3567 4394 3712 4453; x_wconf 79' lang='grc' dir='ltr'>θείας</span> 
     </span>
    </p>
   </div>
   <div class='ocr_carea' id='block_1_88' title="bbox 471 4476 2040 4578">
    <p class='ocr_par' dir='ltr' id='par_1_88' title="bbox 471 4505 2040 4578">
     <span class='ocr_line' id='line_1_88' title="bbox 471 4505 2040 4578; baseline 0.004 -19"><span class='ocrx_word' id='word_1_658' title='bbox 471 4520 569 4559; x_wconf 92' lang='lat' dir='ltr'><strong>nas</strong></span> <span class='ocrx_word' id='word_1_659' title='bbox 593 4505 955 4559; x_wconf 80' lang='lat' dir='ltr'><strong>revelationes</strong></span> <span class='ocrx_word' id='word_1_660' title='bbox 972 4505 1268 4574; x_wconf 84' lang='lat' dir='ltr'><strong>abripitur,</strong></span> <span class='ocrx_word' id='word_1_661' title='bbox 1303 4517 1359 4558; x_wconf 93' lang='lat' dir='ltr'><strong>et</strong></span> <span class='ocrx_word' id='word_1_662' title='bbox 1407 4520 1609 4561; x_wconf 87' lang='lat' dir='ltr'><strong>arcana</strong></span> <span class='ocrx_word' id='word_1_663' title='bbox 1645 4507 1740 4563; x_wconf 87' lang='lat' dir='ltr'><strong>Dei</strong></span> <span class='ocrx_word' id='word_1_664' title='bbox 1781 4512 2040 4578; x_wconf 86' lang='lat' dir='ltr'><strong>mysteria</strong></span> 
     </span>
    </p>
   </div>
   <div class='ocr_carea' id='block_1_89' title="bbox 2136 4476 3712 4578">
    <p class='ocr_par' dir='ltr' id='par_1_89' title="bbox 2138 4478 3712 4556">
     <span class='ocr_line' id='line_1_89' title="bbox 2138 4478 3712 4556; baseline -0.002 -17"><span class='ocrx_word' id='word_1_665' title='bbox 2138 4478 2505 4554; x_wconf 70' lang='grc' dir='ltr'>ἀποκαλύψεις</span> <span class='ocrx_word' id='word_1_666' title='bbox 2536 4486 2855 4554; x_wconf 68' lang='grc' dir='ltr'>ἀρπάζεται,</span> <span class='ocrx_word' id='word_1_667' title='bbox 2896 4485 2990 4537; x_wconf 77' lang='grc' dir='ltr'><strong>καὶ</strong></span> <span class='ocrx_word' id='word_1_668' title='bbox 3024 4486 3352 4556; x_wconf 67' lang='grc' dir='ltr'>ἀπορρήτων</span> <span class='ocrx_word' id='word_1_669' title='bbox 3378 4486 3596 4553; x_wconf 80' lang='grc' dir='ltr'>γεύεται</span> <span class='ocrx_word' id='word_1_670' title='bbox 3625 4485 3712 4539; x_wconf 75' lang='grc' dir='ltr'><strong>τοῦ</strong></span> 
     </span>
    </p>
   </div>
   <div class='ocr_carea' id='block_1_90' title="bbox 474 4595 2050 4666">
    <p class='ocr_par' dir='ltr' id='par_1_90' title="bbox 474 4595 2050 4666">
     <span class='ocr_line' id='line_1_90' title="bbox 474 4595 2050 4666; baseline 0.004 -17"><span class='ocrx_word' id='word_1_671' title='bbox 474 4606 678 4666; x_wconf 79' lang='lat' dir='ltr'><strong>gustat,</strong></span> <span class='ocrx_word' id='word_1_672' title='bbox 698 4605 752 4649; x_wconf 91' lang='lat' dir='ltr'><strong>et</strong></span> <span class='ocrx_word' id='word_1_673' title='bbox 797 4595 1108 4648; x_wconf 79' lang='lat' dir='ltr'><strong>futurorum</strong></span> <span class='ocrx_word' id='word_1_674' title='bbox 1134 4606 1359 4649; x_wconf 80' lang='lat' dir='ltr'><strong>eventus</strong></span> <span class='ocrx_word' id='word_1_675' title='bbox 1386 4596 1550 4649; x_wconf 86' lang='lat' dir='ltr'><strong>videt.</strong></span> <span class='ocrx_word' id='word_1_676' title='bbox 1576 4597 1681 4663; x_wconf 84' lang='lat' dir='ltr'><strong>Qui</strong></span> <span class='ocrx_word' id='word_1_677' title='bbox 1704 4610 1886 4653; x_wconf 87' lang='lat' dir='ltr'><strong>autem</strong></span> <span class='ocrx_word' id='word_1_678' title='bbox 1908 4602 2050 4655; x_wconf 84' lang='lat' dir='ltr'><strong>inter</strong></span> 
     </span>
    </p>
   </div>
   <div class='ocr_carea' id='block_1_91' title="bbox 474 4689 2050 4762">
    <p class='ocr_par' dir='ltr' id='par_1_91' title="bbox 474 4689 2050 4762">
     <span class='ocr_line' id='line_1_91' title="bbox 474 4689 2050 4762; baseline 0.002 -18"><span class='ocrx_word' id='word_1_679' title='bbox 474 4691 666 4744; x_wconf 87' lang='lat' dir='ltr'><strong>ambos</strong></span> <span class='ocrx_word' id='word_1_680' title='bbox 684 4689 874 4742; x_wconf 81' lang='lat' dir='ltr'><strong>modus</strong></span> <span class='ocrx_word' id='word_1_681' title='bbox 895 4698 997 4751; x_wconf 87' lang='lat' dir='ltr'><strong>est,</strong></span> <span class='ocrx_word' id='word_1_682' title='bbox 1025 4689 1293 4743; x_wconf 85' lang='lat' dir='ltr'><strong>ambobus</strong></span> <span class='ocrx_word' id='word_1_683' title='bbox 1311 4705 1529 4757; x_wconf 84' lang='lat' dir='ltr'><strong>quoque</strong></span> <span class='ocrx_word' id='word_1_684' title='bbox 1550 4707 1616 4744; x_wconf 78' lang='lat' dir='ltr'><strong>ex</strong></span> <span class='ocrx_word' id='word_1_685' title='bbox 1641 4703 1792 4761; x_wconf 87' lang='lat' dir='ltr'><strong>parte</strong></span> <span class='ocrx_word' id='word_1_686' title='bbox 1816 4695 2050 4762; x_wconf 88' lang='lat' dir='ltr'><strong>conjun-</strong></span> 
     </span>
    </p>
   </div>
   <div class='ocr_carea' id='block_1_92' title="bbox 469 4779 2050 4854">
    <p class='ocr_par' dir='ltr' id='par_1_92' title="bbox 469 4779 2050 4854">
     <span class='ocr_line' id='line_1_92' title="bbox 469 4779 2050 4854; baseline 0.003 -19"><span class='ocrx_word' id='word_1_687' title='bbox 469 4783 635 4852; x_wconf 88' lang='lat' dir='ltr'><strong>gitur.</strong></span> <span class='ocrx_word' id='word_1_688' title='bbox 661 4779 947 4834; x_wconf 83' lang='lat' dir='ltr'><strong>Voluntate</strong></span> <span class='ocrx_word' id='word_1_689' title='bbox 972 4781 1191 4849; x_wconf 83' lang='lat' dir='ltr'><strong>quidem</strong></span> <span class='ocrx_word' id='word_1_690' title='bbox 1216 4790 1269 4833; x_wconf 86' lang='lat' dir='ltr'><strong>et</strong></span> <span class='ocrx_word' id='word_1_691' title='bbox 1292 4781 1580 4849; x_wconf 86' lang='lat' dir='ltr'><strong>phantasia</strong></span> <span class='ocrx_word' id='word_1_692' title='bbox 1609 4787 1826 4853; x_wconf 87' lang='lat' dir='ltr'><strong>propria</strong></span> <span class='ocrx_word' id='word_1_693' title='bbox 1856 4800 2050 4854; x_wconf 75' lang='lat' dir='ltr'><strong>apera-</strong></span> 
     </span>
    </p>
   </div>
   <div class='ocr_carea' id='block_1_93' title="bbox 474 4871 2048 4941">
    <p class='ocr_par' dir='ltr' id='par_1_93' title="bbox 474 4871 2048 4941">
     <span class='ocr_line' id='line_1_93' title="bbox 474 4871 2048 4941; baseline -0.011 0"><span class='ocrx_word' id='word_1_694' title='bbox 474 4883 598 4938; x_wconf 72' lang='grc' dir='ltr'><strong>ῑυτί</strong></span> <span class='ocrx_word' id='word_1_695' title='bbox 627 4871 858 4940; x_wconf 62' lang='grc' dir='ltr'>ιποιπίειξ</span> <span class='ocrx_word' id='word_1_696' title='bbox 880 4872 1142 4923; x_wconf 72' lang='lat' dir='ltr'><strong>Voluntati</strong></span> <span class='ocrx_word' id='word_1_697' title='bbox 1173 4888 1452 4941; x_wconf 74' lang='lat' dir='ltr'><strong>congruos</strong></span> <span class='ocrx_word' id='word_1_698' title='bbox 1468 4875 1795 4939; x_wconf 80' lang='lat' dir='ltr'><strong>ostenditur,</strong></span> <span class='ocrx_word' id='word_1_699' title='bbox 1820 4877 2048 4931; x_wconf 73' lang='lat' dir='ltr'><strong>alterius</strong></span> 
     </span>
    </p>
   </div>
   <div class='ocr_carea' id='block_1_94' title="bbox 472 4964 2045 5037">
    <p class='ocr_par' dir='ltr' id='par_1_94' title="bbox 472 4964 2045 5037">
     <span class='ocr_line' id='line_1_94' title="bbox 472 4964 2045 5037; baseline 0.003 -18"><span class='ocrx_word' id='word_1_700' title='bbox 472 4974 654 5020; x_wconf 88' lang='lat' dir='ltr'><strong>autem</strong></span> <span class='ocrx_word' id='word_1_701' title='bbox 751 4964 1046 5018; x_wconf 86' lang='lat' dir='ltr'><strong>voluntatis</strong></span> <span class='ocrx_word' id='word_1_702' title='bbox 1126 4974 1209 5019; x_wconf 88' lang='lat' dir='ltr'><strong>est</strong></span> <span class='ocrx_word' id='word_1_703' title='bbox 1276 4966 1596 5035; x_wconf 87' lang='lat' dir='ltr'><strong>particeps,</strong></span> <span class='ocrx_word' id='word_1_704' title='bbox 1659 4968 1712 5020; x_wconf 91' lang='lat' dir='ltr'><strong>in</strong></span> <span class='ocrx_word' id='word_1_705' title='bbox 1776 4979 2045 5037; x_wconf 85' lang='lat' dir='ltr'><strong>quantum</strong></span> 
     </span>
    </p>
   </div>
   <div class='ocr_carea' id='block_1_95' title="bbox 471 5059 2051 5127">
    <p class='ocr_par' dir='ltr' id='par_1_95' title="bbox 471 5059 2051 5127">
     <span class='ocr_line' id='line_1_95' title="bbox 471 5059 2051 5127; baseline 0.002 -13"><span class='ocrx_word' id='word_1_706' title='bbox 471 5059 652 5115; x_wconf 87' lang='lat' dir='ltr'><strong>divina</strong></span> <span class='ocrx_word' id='word_1_707' title='bbox 686 5059 1082 5112; x_wconf 86' lang='lat' dir='ltr'><strong>illutuinatione</strong></span> <span class='ocrx_word' id='word_1_708' title='bbox 1120 5059 1187 5111; x_wconf 89' lang='lat' dir='ltr'><strong>ad</strong></span> <span class='ocrx_word' id='word_1_709' title='bbox 1210 5060 1445 5127; x_wconf 86' lang='lat' dir='ltr'><strong>seipsam</strong></span> <span class='ocrx_word' id='word_1_710' title='bbox 1471 5060 1680 5124; x_wconf 90' lang='lat' dir='ltr'><strong>uuitur,</strong></span> <span class='ocrx_word' id='word_1_711' title='bbox 1750 5071 1805 5115; x_wconf 88' lang='lat' dir='ltr'><strong>et</strong></span> <span class='ocrx_word' id='word_1_712' title='bbox 1860 5063 2051 5120; x_wconf 76' lang='lat' dir='ltr'><strong>itu-ﬂa-</strong></span> 
     </span>
    </p>
   </div>
   <div class='ocr_carea' id='block_1_96' title="bbox 472 5150 2050 5220">
    <p class='ocr_par' dir='ltr' id='par_1_96' title="bbox 472 5150 2050 5220">
     <span class='ocr_line' id='line_1_96' title="bbox 472 5150 2050 5220; baseline 0.003 -13"><span class='ocrx_word' id='word_1_713' title='bbox 472 5154 655 5208; x_wconf 85' lang='lat' dir='ltr'><strong>biliter</strong></span> <span class='ocrx_word' id='word_1_714' title='bbox 681 5153 851 5206; x_wconf 88' lang='lat' dir='ltr'><strong>Deum</strong></span> <span class='ocrx_word' id='word_1_715' title='bbox 887 5151 1032 5205; x_wconf 82' lang='lat' dir='ltr'><strong>videt</strong></span> <span class='ocrx_word' id='word_1_716' title='bbox 1065 5150 1203 5203; x_wconf 89' lang='lat' dir='ltr'><strong>ultra</strong></span> <span class='ocrx_word' id='word_1_717' title='bbox 1238 5151 1513 5220; x_wconf 89' lang='lat' dir='ltr'><strong>propriam</strong></span> <span class='ocrx_word' id='word_1_718' title='bbox 1540 5152 2050 5220; x_wconf 78' lang='lat' dir='ltr'><strong>Spiritualemunio-</strong></span> 
     </span>
    </p>
   </div>
   <div class='ocr_carea' id='block_1_97' title="bbox 473 5242 2046 5311">
    <p class='ocr_par' dir='ltr' id='par_1_97' title="bbox 473 5242 2046 5311">
     <span class='ocr_line' id='line_1_97' title="bbox 473 5242 2046 5311; baseline 0.002 -12"><span class='ocrx_word' id='word_1_719' title='bbox 473 5260 617 5300; x_wconf 86' lang='lat' dir='ltr'><strong>nem.</strong></span> <span class='ocrx_word' id='word_1_720' title='bbox 650 5242 904 5297; x_wconf 81' lang='lat' dir='ltr'><strong>Omnium</strong></span> <span class='ocrx_word' id='word_1_721' title='bbox 928 5244 1072 5295; x_wconf 87' lang='lat' dir='ltr'><strong>enim</strong></span> <span class='ocrx_word' id='word_1_722' title='bbox 1105 5258 1228 5311; x_wconf 65' lang='lat' dir='ltr'><strong>qua:</strong></span> <span class='ocrx_word' id='word_1_723' title='bbox 1259 5244 1405 5297; x_wconf 85' lang='lat' dir='ltr'><strong>circa</strong></span> <span class='ocrx_word' id='word_1_724' title='bbox 1446 5244 1614 5297; x_wconf 87' lang='lat' dir='ltr'><strong>Deutn</strong></span> <span class='ocrx_word' id='word_1_725' title='bbox 1684 5247 1938 5302; x_wconf 83' lang='lat' dir='ltr'><strong>videnlur</strong></span> <span class='ocrx_word' id='word_1_726' title='bbox 1992 5262 2046 5305; x_wconf 87' lang='lat' dir='ltr'><strong>et</strong></span> 
     </span>
    </p>
   </div>
   <div class='ocr_carea' id='block_1_98' title="bbox 469 5334 2043 5405">
    <p class='ocr_par' dir='ltr' id='par_1_98' title="bbox 469 5334 2043 5405">
     <span class='ocr_line' id='line_1_98' title="bbox 469 5334 2043 5405; baseline -0.002 -14"><span class='ocrx_word' id='word_1_727' title='bbox 469 5338 725 5391; x_wconf 89' lang='lat' dir='ltr'><strong>dicuntur</strong></span> <span class='ocrx_word' id='word_1_728' title='bbox 749 5342 903 5388; x_wconf 82' lang='lat' dir='ltr'><strong>extra</strong></span> <span class='ocrx_word' id='word_1_729' title='bbox 926 5334 1060 5387; x_wconf 89' lang='lat' dir='ltr'><strong>lines</strong></span> <span class='ocrx_word' id='word_1_730' title='bbox 1094 5338 1223 5397; x_wconf 82' lang='lat' dir='ltr'><strong>exit,</strong></span> <span class='ocrx_word' id='word_1_731' title='bbox 1253 5349 1433 5404; x_wconf 64' lang='lat' dir='ltr'><strong>neque</strong></span> <span class='ocrx_word' id='word_1_732' title='bbox 1478 5334 1899 5405; x_wconf 80' lang='lat' dir='ltr'><strong>providentiam,</strong></span> <span class='ocrx_word' id='word_1_733' title='bbox 1946 5358 2043 5397; x_wconf 86' lang='lat' dir='ltr'><strong>ne-</strong></span> 
     </span>
    </p>
   </div>
   <div class='ocr_carea' id='block_1_99' title="bbox 469 5426 2040 5498">
    <p class='ocr_par' dir='ltr' id='par_1_99' title="bbox 469 5426 2040 5498">
     <span class='ocr_line' id='line_1_99' title="bbox 469 5426 2040 5498; baseline 0.004 -16"><span class='ocrx_word' id='word_1_734' title='bbox 469 5445 576 5498; x_wconf 88' lang='lat' dir='ltr'><strong>que</strong></span> <span class='ocrx_word' id='word_1_735' title='bbox 617 5428 937 5498; x_wconf 89' lang='lat' dir='ltr'><strong>potentiam,</strong></span> <span class='ocrx_word' id='word_1_736' title='bbox 981 5444 1155 5495; x_wconf 76' lang='lat' dir='ltr'><strong>neque</strong></span> <span class='ocrx_word' id='word_1_737' title='bbox 1180 5426 1524 5497; x_wconf 86' lang='lat' dir='ltr'><strong>prudentiam</strong></span> <span class='ocrx_word' id='word_1_738' title='bbox 1586 5445 1762 5498; x_wconf 87' lang='lat' dir='ltr'><strong>neque</strong></span> <span class='ocrx_word' id='word_1_739' title='bbox 1806 5433 2040 5489; x_wconf 83' lang='lat' dir='ltr'><strong>aliorum</strong></span> 
     </span>
    </p>
   </div>
   <div class='ocr_carea' id='block_1_100' title="bbox 466 5520 2034 5593">
    <p class='ocr_par' dir='ltr' id='par_1_100' title="bbox 466 5520 2034 5593">
     <span class='ocr_line' id='line_1_100' title="bbox 466 5520 2034 5593; baseline 0.005 -20"><span class='ocrx_word' id='word_1_740' title='bbox 466 5521 775 5575; x_wconf 85' lang='lat' dir='ltr'><strong>divinorum</strong></span> <span class='ocrx_word' id='word_1_741' title='bbox 832 5520 1129 5590; x_wconf 87' lang='lat' dir='ltr'><strong>quidquam</strong></span> <span class='ocrx_word' id='word_1_742' title='bbox 1191 5520 1378 5584; x_wconf 84' lang='lat' dir='ltr'><strong>videt;</strong></span> <span class='ocrx_word' id='word_1_743' title='bbox 1428 5522 1669 5590; x_wconf 84' lang='lat' dir='ltr'><strong>repletus</strong></span> <span class='ocrx_word' id='word_1_744' title='bbox 1734 5528 2034 5593; x_wconf 65' lang='lat' dir='ltr'><strong>praesertim</strong></span> 
     </span>
    </p>
   </div>
   <div class='ocr_carea' id='block_1_101' title="bbox 466 5614 2041 5685">
    <p class='ocr_par' dir='ltr' id='par_1_101' title="bbox 466 5614 2041 5685">
     <span class='ocr_line' id='line_1_101' title="bbox 466 5614 2041 5685; baseline 0.007 -16"><span class='ocrx_word' id='word_1_745' title='bbox 466 5614 737 5685; x_wconf 72' lang='lat' dir='ltr'><strong>Spirituali</strong></span> <span class='ocrx_word' id='word_1_746' title='bbox 770 5614 995 5678; x_wconf 92' lang='lat' dir='ltr'><strong>lumine,</strong></span> <span class='ocrx_word' id='word_1_747' title='bbox 1030 5622 1083 5670; x_wconf 90' lang='lat' dir='ltr'><strong>et</strong></span> <span class='ocrx_word' id='word_1_748' title='bbox 1112 5615 1292 5670; x_wconf 65' lang='lat' dir='ltr'><strong>laetitia</strong></span> <span class='ocrx_word' id='word_1_749' title='bbox 1324 5618 1605 5672; x_wconf 81' lang='lat' dir='ltr'><strong>exsultans</strong></span> <span class='ocrx_word' id='word_1_750' title='bbox 1639 5619 1836 5677; x_wconf 72' lang='lat' dir='ltr'><strong>divina:</strong></span> <span class='ocrx_word' id='word_1_751' title='bbox 1863 5626 2041 5679; x_wconf 86' lang='lat' dir='ltr'><strong>chari-</strong></span> 
     </span>
    </p>
   </div>
   <div class='ocr_carea' id='block_1_102' title="bbox 467 5707 1077 5777">
    <p class='ocr_par' dir='ltr' id='par_1_102' title="bbox 467 5707 1077 5777">
     <span class='ocr_line' id='line_1_102' title="bbox 467 5707 1077 5777; baseline 0.003 -17"><span class='ocrx_word' id='word_1_752' title='bbox 467 5709 600 5761; x_wconf 85' lang='lat' dir='ltr'><strong>tatis</strong></span> <span class='ocrx_word' id='word_1_753' title='bbox 644 5709 766 5777; x_wconf 89' lang='lat' dir='ltr'><strong>igne</strong></span> <span class='ocrx_word' id='word_1_754' title='bbox 792 5707 1077 5776; x_wconf 85' lang='lat' dir='ltr'><strong>producta.</strong></span> 
     </span>
    </p>
   </div>
   <div class='ocr_carea' id='block_1_103' title="bbox 537 5820 1633 5901">
    <p class='ocr_par' dir='ltr' id='par_1_103' title="bbox 537 5820 1633 5901">
     <span class='ocr_line' id='line_1_103' title="bbox 537 5820 1633 5901; baseline 0.013 -27"><span class='ocrx_word' id='word_1_755' title='bbox 537 5822 585 5854; x_wconf 84' lang='grc'><strong><em>⁸⁹</em></strong></span> <span class='ocrx_word' id='word_1_756' title='bbox 617 5820 764 5879; x_wconf 79' lang='lat' dir='ltr'><strong>Psal.</strong></span> <span class='ocrx_word' id='word_1_757' title='bbox 795 5838 905 5894; x_wconf 82' lang='lat' dir='ltr'><strong>CIV,</strong></span> <span class='ocrx_word' id='word_1_758' title='bbox 948 5826 1001 5881; x_wconf 75' lang='grc'><strong>4.</strong></span> <span class='ocrx_word' id='word_1_759' title='bbox 1102 5828 1147 5863; x_wconf 78' lang='grc'><strong><em>⁸⁸</em></strong></span> <span class='ocrx_word' id='word_1_760' title='bbox 1179 5825 1323 5885; x_wconf 77' lang='lat' dir='ltr'><strong>Psal.</strong></span> <span class='ocrx_word' id='word_1_761' title='bbox 1358 5842 1547 5901; x_wconf 75' lang='lat' dir='ltr'><strong>xxxttt,</strong></span> <span class='ocrx_word' id='word_1_762' title='bbox 1579 5831 1633 5888; x_wconf 85' lang='lat'><em>6.</em></span> 
     </span>
    </p>
   </div>
   <div class='ocr_carea' id='block_1_104' title="bbox 2136 4577 3712 4649">
    <p class='ocr_par' dir='ltr' id='par_1_104' title="bbox 2136 4577 3712 4649">
     <span class='ocr_line' id='line_1_104' title="bbox 2136 4577 3712 4649; baseline -0.002 -19"><span class='ocrx_word' id='word_1_763' title='bbox 2136 4578 2267 4630; x_wconf 75' lang='grc' dir='ltr'>Θεοῦ</span> <span class='ocrx_word' id='word_1_764' title='bbox 2291 4579 2625 4649; x_wconf 85' lang='grc' dir='ltr'>μυστηρίων,</span> <span class='ocrx_word' id='word_1_765' title='bbox 2652 4580 2745 4632; x_wconf 79' lang='grc' dir='ltr'><strong>καὶ</strong></span> <span class='ocrx_word' id='word_1_766' title='bbox 2780 4577 3083 4645; x_wconf 80' lang='grc' dir='ltr'>μελλόντων</span> <span class='ocrx_word' id='word_1_767' title='bbox 3112 4577 3366 4637; x_wconf 63' lang='grc' dir='ltr'>ἐκϐάσεις</span> <span class='ocrx_word' id='word_1_768' title='bbox 3402 4578 3524 4647; x_wconf 80' lang='grc' dir='ltr'>ὁρᾷ.</span> <span class='ocrx_word' id='word_1_769' title='bbox 3576 4579 3633 4630; x_wconf 84' lang='grc' dir='ltr'>Ὀ</span> <span class='ocrx_word' id='word_1_770' title='bbox 3663 4577 3712 4630; x_wconf 74' lang='grc' dir='ltr'><strong>δὲ</strong></span> 
     </span>
    </p>
   </div>
   <div class='ocr_carea' id='block_1_105' title="bbox 2139 4667 3713 4739">
    <p class='ocr_par' dir='ltr' id='par_1_105' title="bbox 2139 4667 3713 4739">
     <span class='ocr_line' id='line_1_105' title="bbox 2139 4667 3713 4739; baseline -0.001 -19"><span class='ocrx_word' id='word_1_771' title='bbox 2139 4667 2343 4737; x_wconf 82' lang='grc' dir='ltr'>μεταξὺ</span> <span class='ocrx_word' id='word_1_772' title='bbox 2392 4670 2620 4722; x_wconf 74' lang='grc' dir='ltr'>τουτωνὶ</span> <span class='ocrx_word' id='word_1_773' title='bbox 2669 4668 2891 4735; x_wconf 79' lang='grc' dir='ltr'>τρόπος,</span> <span class='ocrx_word' id='word_1_774' title='bbox 2937 4671 3051 4731; x_wconf 77' lang='grc' dir='ltr'>τοῖς</span> <span class='ocrx_word' id='word_1_775' title='bbox 3100 4668 3252 4721; x_wconf 79' lang='grc' dir='ltr'>δυσὶν</span> <span class='ocrx_word' id='word_1_776' title='bbox 3290 4670 3345 4721; x_wconf 76' lang='grc' dir='ltr'><strong>ἐν</strong></span> <span class='ocrx_word' id='word_1_777' title='bbox 3384 4670 3541 4739; x_wconf 80' lang='grc' dir='ltr'>μέρει</span> <span class='ocrx_word' id='word_1_778' title='bbox 3593 4686 3713 4721; x_wconf 83' lang='grc' dir='ltr'>συν-</span> 
     </span>
    </p>
   </div>
   <div class='ocr_carea' id='block_1_106' title="bbox 2135 4755 3712 4834">
    <p class='ocr_par' dir='ltr' id='par_1_106' title="bbox 2135 4755 3712 4834">
     <span class='ocr_line' id='line_1_106' title="bbox 2135 4755 3712 4834; baseline 0.001 -21"><span class='ocrx_word' id='word_1_779' title='bbox 2135 4762 2385 4813; x_wconf 84' lang='grc' dir='ltr'>άπτεται·</span> <span class='ocrx_word' id='word_1_780' title='bbox 2498 4762 2594 4828; x_wconf 81' lang='grc' dir='ltr'>μὲν</span> <span class='ocrx_word' id='word_1_781' title='bbox 2625 4760 2734 4831; x_wconf 75' lang='grc' dir='ltr'><strong>γάρ</strong></span> <span class='ocrx_word' id='word_1_782' title='bbox 2771 4760 2990 4830; x_wconf 81' lang='grc' dir='ltr'>θελήσει</span> <span class='ocrx_word' id='word_1_783' title='bbox 3037 4762 3131 4813; x_wconf 78' lang='grc' dir='ltr'>καὶ</span> <span class='ocrx_word' id='word_1_784' title='bbox 3175 4762 3449 4833; x_wconf 72' lang='grc' dir='ltr'>φαντασίᾳ</span> <span class='ocrx_word' id='word_1_785' title='bbox 3492 4763 3599 4831; x_wconf 62' lang='lat' dir='ltr'><strong>liii}</strong></span> <span class='ocrx_word' id='word_1_786' title='bbox 3626 4764 3712 4831; x_wconf 65' lang='grc' dir='ltr'><strong>ἐρα</strong></span> 
     </span>
    </p>
   </div>
   <div class='ocr_carea' id='block_1_107' title="bbox 2135 4851 3711 4925">
    <p class='ocr_par' dir='ltr' id='par_1_107' title="bbox 2135 4851 3711 4925">
     <span class='ocr_line' id='line_1_107' title="bbox 2135 4851 3711 4925; baseline 0.003 -22"><span class='ocrx_word' id='word_1_787' title='bbox 2135 4851 2380 4918; x_wconf 79' lang='grc' dir='ltr'>γάζεται,</span> <span class='ocrx_word' id='word_1_788' title='bbox 2436 4852 2513 4922; x_wconf 82' lang='grc' dir='ltr'><strong>τῷ</strong></span> <span class='ocrx_word' id='word_1_789' title='bbox 2560 4853 2899 4925; x_wconf 72' lang='grc' dir='ltr'>αὐτοκινήτῳ</span> <span class='ocrx_word' id='word_1_790' title='bbox 2928 4854 3218 4925; x_wconf 82' lang='grc' dir='ltr'>σύμφωνος</span> <span class='ocrx_word' id='word_1_791' title='bbox 3279 4856 3576 4918; x_wconf 82' lang='grc' dir='ltr'>δείκνυται,</span> <span class='ocrx_word' id='word_1_792' title='bbox 3639 4858 3711 4924; x_wconf 76' lang='grc' dir='ltr'>τῷ</span> 
     </span>
    </p>
   </div>
   <div class='ocr_carea' id='block_1_108' title="bbox 2135 4945 3711 5019">
    <p class='ocr_par' dir='ltr' id='par_1_108' title="bbox 2135 4945 3711 5019">
     <span class='ocr_line' id='line_1_108' title="bbox 2135 4945 3711 5019; baseline 0.005 -24"><span class='ocrx_word' id='word_1_793' title='bbox 2135 4945 2494 5015; x_wconf 81' lang='grc' dir='ltr'>ἐτεροκινήτῳ</span> <span class='ocrx_word' id='word_1_794' title='bbox 2548 4947 2602 5000; x_wconf 79' lang='grc' dir='ltr'><strong>δὲ</strong></span> <span class='ocrx_word' id='word_1_795' title='bbox 2650 4950 2916 5010; x_wconf 86' lang='grc' dir='ltr'>κοινωνεῖ,</span> <span class='ocrx_word' id='word_1_796' title='bbox 2970 4948 3057 5017; x_wconf 77' lang='grc' dir='ltr'><strong>ἐφ’</strong></span> <span class='ocrx_word' id='word_1_797' title='bbox 3087 4950 3212 5002; x_wconf 79' lang='grc' dir='ltr'>ὅσον</span> <span class='ocrx_word' id='word_1_798' title='bbox 3257 4950 3363 5002; x_wconf 74' lang='grc' dir='ltr'><strong>ὑπὸ</strong></span> <span class='ocrx_word' id='word_1_799' title='bbox 3412 4950 3513 5019; x_wconf 83' lang='grc' dir='ltr'>τῆς</span> <span class='ocrx_word' id='word_1_800' title='bbox 3566 4951 3711 5011; x_wconf 77' lang='grc' dir='ltr'>Οεέας</span> 
     </span>
    </p>
   </div>
   <div class='ocr_carea' id='block_1_109' title="bbox 2135 5036 3711 5113">
    <p class='ocr_par' dir='ltr' id='par_1_109' title="bbox 2135 5036 3711 5113">
     <span class='ocr_line' id='line_1_109' title="bbox 2135 5036 3711 5113; baseline 0.004 -24"><span class='ocrx_word' id='word_1_801' title='bbox 2135 5036 2347 5091; x_wconf 71' lang='grc' dir='ltr'>ἑνοῦται</span> <span class='ocrx_word' id='word_1_802' title='bbox 2389 5038 2524 5109; x_wconf 80' lang='grc' dir='ltr'>πρὸς</span> <span class='ocrx_word' id='word_1_803' title='bbox 2559 5039 2749 5091; x_wconf 76' lang='grc' dir='ltr'>ἑαυτὸν</span> <span class='ocrx_word' id='word_1_804' title='bbox 2783 5040 3122 5110; x_wconf 72' lang='grc' dir='ltr'>ἐλλάμψεως,</span> <span class='ocrx_word' id='word_1_805' title='bbox 3163 5042 3256 5094; x_wconf 74' lang='grc' dir='ltr'>καὶ</span> <span class='ocrx_word' id='word_1_806' title='bbox 3307 5043 3563 5113; x_wconf 64' lang='grc' dir='ltr'>ἀρρήτως</span> <span class='ocrx_word' id='word_1_807' title='bbox 3614 5041 3711 5110; x_wconf 67' lang='grc' dir='ltr'><strong>ὁρᾷ</strong></span> 
     </span>
    </p>
   </div>
   <div class='ocr_carea' id='block_1_110' title="bbox 2132 5129 3706 5205">
    <p class='ocr_par' dir='ltr' id='par_1_110' title="bbox 2132 5129 3706 5205">
     <span class='ocr_line' id='line_1_110' title="bbox 2132 5129 3706 5205; baseline 0.003 -23"><span class='ocrx_word' id='word_1_808' title='bbox 2132 5131 2222 5185; x_wconf 75' lang='grc' dir='ltr'><strong>τὸν</strong></span> <span class='ocrx_word' id='word_1_809' title='bbox 2280 5129 2432 5195; x_wconf 78' lang='grc' dir='ltr'>Θεὸν,</span> <span class='ocrx_word' id='word_1_810' title='bbox 2492 5131 2751 5185; x_wconf 78' lang='grc' dir='ltr'>ἐπέκεινα</span> <span class='ocrx_word' id='word_1_811' title='bbox 2806 5132 2904 5202; x_wconf 81' lang='grc' dir='ltr'><strong>τῆς</strong></span> <span class='ocrx_word' id='word_1_812' title='bbox 2962 5133 3157 5186; x_wconf 81' lang='grc' dir='ltr'>ἑαυτοῦ</span> <span class='ocrx_word' id='word_1_813' title='bbox 3205 5138 3396 5205; x_wconf 82' lang='grc' dir='ltr'>νοερᾶς</span> <span class='ocrx_word' id='word_1_814' title='bbox 3445 5137 3706 5197; x_wconf 76' lang='grc' dir='ltr'>ὲνὼσεως.</span> 
     </span>
    </p>
   </div>
   <div class='ocr_carea' id='block_1_111' title="bbox 2133 5223 3709 5296">
    <p class='ocr_par' dir='ltr' id='par_1_111' title="bbox 2133 5223 3709 5296">
     <span class='ocr_line' id='line_1_111' title="bbox 2133 5223 3709 5296; baseline 0.002 -21"><span class='ocrx_word' id='word_1_815' title='bbox 2133 5223 2357 5277; x_wconf 78' lang='grc' dir='ltr'>Πάντων</span> <span class='ocrx_word' id='word_1_816' title='bbox 2389 5223 2497 5296; x_wconf 76' lang='grc' dir='ltr'><strong>γάρ</strong></span> <span class='ocrx_word' id='word_1_817' title='bbox 2519 5224 2629 5276; x_wconf 83' lang='grc' dir='ltr'>τῶν</span> <span class='ocrx_word' id='word_1_818' title='bbox 2670 5225 2798 5294; x_wconf 78' lang='grc' dir='ltr'>περὶ</span> <span class='ocrx_word' id='word_1_819' title='bbox 2838 5224 2971 5278; x_wconf 80' lang='grc' dir='ltr'>Θεὸν</span> <span class='ocrx_word' id='word_1_820' title='bbox 3005 5226 3319 5295; x_wconf 76' lang='grc' dir='ltr'>ὁρωμένων.</span> <span class='ocrx_word' id='word_1_821' title='bbox 3362 5227 3459 5280; x_wconf 75' lang='grc' dir='ltr'>καὶ</span> <span class='ocrx_word' id='word_1_822' title='bbox 3489 5227 3709 5295; x_wconf 66' lang='grc' dir='ltr'>λεγομέο</span> 
     </span>
    </p>
   </div>
   <div class='ocr_carea' id='block_1_112' title="bbox 2130 5316 3705 5388">
    <p class='ocr_par' dir='ltr' id='par_1_112' title="bbox 2130 5316 3705 5388">
     <span class='ocr_line' id='line_1_112' title="bbox 2130 5316 3705 5388; baseline 0.001 -19"><span class='ocrx_word' id='word_1_823' title='bbox 2130 5336 2235 5371; x_wconf 88' lang='grc' dir='ltr'>νων</span> <span class='ocrx_word' id='word_1_824' title='bbox 2274 5317 2379 5382; x_wconf 80' lang='grc' dir='ltr'>ἔξω</span> <span class='ocrx_word' id='word_1_825' title='bbox 2410 5318 2622 5385; x_wconf 85' lang='grc' dir='ltr'>γίνεται</span> <span class='ocrx_word' id='word_1_826' title='bbox 2652 5317 2932 5388; x_wconf 81' lang='grc' dir='ltr'>τηνικάδε,</span> <span class='ocrx_word' id='word_1_827' title='bbox 2971 5316 3093 5369; x_wconf 74' lang='grc' dir='ltr'>οὔτε</span> <span class='ocrx_word' id='word_1_828' title='bbox 3122 5318 3485 5387; x_wconf 83' lang='grc' dir='ltr'>ἀγαθαρχίαν,</span> <span class='ocrx_word' id='word_1_829' title='bbox 3520 5318 3552 5388; x_wconf 75' lang='grc' dir='ltr'><strong>ἢ</strong></span> <span class='ocrx_word' id='word_1_830' title='bbox 3582 5319 3705 5371; x_wconf 79' lang='grc' dir='ltr'>θέω-</span> 
     </span>
    </p>
   </div>
   <div class='ocr_carea' id='block_1_113' title="bbox 2132 5408 3703 5481">
    <p class='ocr_par' dir='ltr' id='par_1_113' title="bbox 2132 5408 3703 5481">
     <span class='ocr_line' id='line_1_113' title="bbox 2132 5408 3703 5481; baseline -0.001 -19"><span class='ocrx_word' id='word_1_831' title='bbox 2132 5428 2234 5469; x_wconf 83' lang='grc' dir='ltr'>σιν,</span> <span class='ocrx_word' id='word_1_832' title='bbox 2267 5409 2389 5462; x_wconf 72' lang='grc' dir='ltr'>οὔτε</span> <span class='ocrx_word' id='word_1_833' title='bbox 2429 5409 2641 5473; x_wconf 69' lang='grc' dir='ltr'>σοφίαν,</span> <span class='ocrx_word' id='word_1_834' title='bbox 2670 5410 2703 5481; x_wconf 75' lang='grc' dir='ltr'>ἢ</span> <span class='ocrx_word' id='word_1_835' title='bbox 2734 5408 3098 5480; x_wconf 77' lang='grc' dir='ltr'>δυναμοποιὸν</span> <span class='ocrx_word' id='word_1_836' title='bbox 3121 5412 3341 5481; x_wconf 84' lang='grc' dir='ltr'>κράτος,</span> <span class='ocrx_word' id='word_1_837' title='bbox 3368 5412 3399 5479; x_wconf 76' lang='grc' dir='ltr'>ἢ</span> <span class='ocrx_word' id='word_1_838' title='bbox 3433 5411 3703 5481; x_wconf 78' lang='grc' dir='ltr'>πρόνοιαν,</span> 
     </span>
    </p>
   </div>
   <div class='ocr_carea' id='block_1_114' title="bbox 2132 5502 3705 5575">
    <p class='ocr_par' dir='ltr' id='par_1_114' title="bbox 2132 5502 3705 5575">
     <span class='ocr_line' id='line_1_114' title="bbox 2132 5502 3705 5575; baseline 0.001 -20"><span class='ocrx_word' id='word_1_839' title='bbox 2132 5505 2164 5575; x_wconf 84' lang='grc' dir='ltr'>ἢ</span> <span class='ocrx_word' id='word_1_840' title='bbox 2194 5502 2320 5555; x_wconf 81' lang='grc' dir='ltr'>ἄλλο</span> <span class='ocrx_word' id='word_1_841' title='bbox 2338 5520 2392 5553; x_wconf 87' lang='grc' dir='ltr'><strong>τι</strong></span> <span class='ocrx_word' id='word_1_842' title='bbox 2418 5503 2527 5554; x_wconf 82' lang='grc' dir='ltr'>τῶν</span> <span class='ocrx_word' id='word_1_843' title='bbox 2557 5503 2716 5555; x_wconf 84' lang='grc' dir='ltr'>Οείων</span> <span class='ocrx_word' id='word_1_844' title='bbox 2748 5503 2909 5572; x_wconf 79' lang='grc' dir='ltr'><strong>ὁρῶν·</strong></span> <span class='ocrx_word' id='word_1_845' title='bbox 2942 5503 3191 5571; x_wconf 78' lang='grc' dir='ltr'>ἔμπλεως</span> <span class='ocrx_word' id='word_1_846' title='bbox 3228 5503 3627 5572; x_wconf 75' lang='grc' dir='ltr'>καθιστάμενος</span> <span class='ocrx_word' id='word_1_847' title='bbox 3654 5505 3705 5564; x_wconf 79' lang='grc' dir='ltr'>ἐς</span> 
     </span>
    </p>
   </div>
   <div class='ocr_carea' id='block_1_115' title="bbox 2129 5594 3707 5667">
    <p class='ocr_par' dir='ltr' id='par_1_115' title="bbox 2129 5594 3707 5667">
     <span class='ocr_line' id='line_1_115' title="bbox 2129 5594 3707 5667; baseline 0.001 -20"><span class='ocrx_word' id='word_1_848' title='bbox 2129 5595 2437 5665; x_wconf 86' lang='grc' dir='ltr'>ταμάλιστα</span> <span class='ocrx_word' id='word_1_849' title='bbox 2463 5594 2649 5663; x_wconf 80' lang='grc' dir='ltr'>νοεροῦ</span> <span class='ocrx_word' id='word_1_850' title='bbox 2678 5595 2878 5663; x_wconf 73' lang='grc' dir='ltr'>φωτὸς,</span> <span class='ocrx_word' id='word_1_851' title='bbox 2910 5594 3006 5648; x_wconf 78' lang='grc' dir='ltr'>καὶ</span> <span class='ocrx_word' id='word_1_852' title='bbox 3030 5597 3130 5665; x_wconf 88' lang='grc' dir='ltr'>μέν</span> <span class='ocrx_word' id='word_1_853' title='bbox 3166 5612 3226 5663; x_wconf 88' lang='grc' dir='ltr'><strong>γε</strong></span> <span class='ocrx_word' id='word_1_854' title='bbox 3254 5597 3426 5665; x_wconf 77' lang='grc' dir='ltr'>χαρᾶς</span> <span class='ocrx_word' id='word_1_855' title='bbox 3462 5598 3707 5667; x_wconf 79' lang='grc' dir='ltr'>ὲνεργου·</span> 
     </span>
    </p>
   </div>
   <div class='ocr_carea' id='block_1_116' title="bbox 2133 5687 3569 5759">
    <p class='ocr_par' dir='ltr' id='par_1_116' title="bbox 2133 5687 3569 5759">
     <span class='ocr_line' id='line_1_116' title="bbox 2133 5687 3569 5759; baseline 0.001 -19"><span class='ocrx_word' id='word_1_856' title='bbox 2133 5687 2303 5759; x_wconf 83' lang='grc' dir='ltr'>μένης</span> <span class='ocrx_word' id='word_1_857' title='bbox 2344 5687 2450 5741; x_wconf 82' lang='grc' dir='ltr'><strong>ὑπὸ</strong></span> <span class='ocrx_word' id='word_1_858' title='bbox 2485 5687 2631 5741; x_wconf 87' lang='grc' dir='ltr'>θείου</span> <span class='ocrx_word' id='word_1_859' title='bbox 2662 5688 2834 5758; x_wconf 73' lang='grc' dir='ltr'>πυρὸς</span> <span class='ocrx_word' id='word_1_860' title='bbox 2881 5689 3072 5759; x_wconf 80' lang='grc' dir='ltr'>ἀγάπῃ</span> <span class='ocrx_word' id='word_1_861' title='bbox 3107 5687 3569 5758; x_wconf 83' lang='grc' dir='ltr'>συγκιρναμένου.</span> 
     </span>
    </p>
   </div>
  </div>
