4032 6208
275 314 375 380 8L1

274 527 489 597 ἀόρατα
537 520 841 593 χρώμενος,
894 518 1076 571 πίστει
1123 516 1417 587 ὁδηγεῖται·
1449 515 1862 586 ιλλαμπὸμενος

275 620 322 673 δ’
351 617 455 673 ὑπὸ
506 616 609 685 τῆς
650 614 899 687 χάριτος,
931 613 996 682 τῇ
1032 609 1206 664 ἐλπίδι
1282 607 1616 680 βεϐαιοῦται,
1657 609 1763 663 ὑπὸ
1805 607 1863 662 δὲ

277 712 371 766 τοῦ
406 709 552 764 θείου
578 706 765 781 φωτὸς
806 703 1210 777 ἁρπαζόμενος,
1241 704 1489 771 ταμιεῖον
1524 702 1747 770 ἀγάπης
1778 699 1860 768 γί-

277 821 430 857 νεται
462 798 767 871 ἀνθρώπων
794 839 807 863 ,
857 797 955 851 καὶ
990 794 1172 863 πολλῷ
1223 810 1288 863 γε
1326 793 1528 864 μᾶλλον
1575 791 1670 846 τοῦ
1702 789 1862 844 Θεοῦ.

278 895 466 957 Οὕτως
490 893 522 962 ή
554 891 751 963 τρισσὴ
771 887 864 942 τοῦ
885 886 977 941 νοῦ
1009 886 1164 951 τάξις
1194 886 1285 940 καὶ
1311 885 1549 955 κίνησις,
1575 885 1632 937 ὲν
1655 882 1861 944 πίστει,

280 987 375 1042 καὶ
406 986 604 1049 ἐλπίδι,
640 984 736 1037 καὶ
770 981 983 1051 ἀγάπῃ,
1016 978 1197 1033 τελεία
1219 978 1316 1032 καὶ
1343 977 1608 1040 θεοποιὸς,
1649 974 1865 1045 βέϐαιός

278 1095 340 1130 τε
370 1077 465 1131 καὶ
502 1074 728 1145 ἀκλινὴς
766 1072 974 1142 γίνεται
1002 1112 1018 1134 ,
1067 1070 1162 1123 καὶ
1192 1068 1395 1138 ταύτην
1442 1067 1737 1138 πεφθακὼς
1764 1066 1865 1136 τὴν

280 1168 624 1240 εὐρυχωρίαν
652 1166 752 1235 τῆς
781 1163 1152 1234 ἀκροπόλεως,
1183 1162 1259 1226 ὡς
1286 1161 1351 1215 ἀν
1395 1178 1479 1225 τις
1505 1161 1670 1224 εῐποι,
1695 1162 1774 1223 είς
1803 1157 1865 1213 16

280 1262 383 1331 τῆς
441 1258 670 1329 ἀγάπης
722 1254 981 1328 φρούριον
1039 1254 1233 1308 ἑαυτὸν
1287 1253 1642 1323 ἠσφαλίσατο.
1702 1251 1864 1307 Ὅθεν

282 1352 452 1417 ἐστὶν,
475 1352 503 1405 6
521 1351 744 1420 λέγεται
772 1347 926 1419 παρά
949 1346 1042 1401 τοῦ
1071 1342 1304 1400 Παύλου·
1345 1362 1364 1397 ι
1386 1347 1447 1399 Ἥ
1474 1345 1660 1415 ἀγάπη
1687 1345 1863 1399 πάντα

284 1448 489 1516 στέγει,
526 1445 706 1499 πάντα
746 1440 1031 1511 ὑπομένει,
1068 1455 1088 1493 ι
1117 1439 1206 1492 διὰ
1254 1438 1318 1491 16
1348 1438 1447 1509 τῆς
1482 1438 1721 1499 πίστεως
1768 1439 1864 1493 καὶ

283 1537 500 1600 ἐλπίδος
523 1532 752 1603 ἀγαθόν·
793 1548 813 1583 ι
862 1529 925 1584 Ἥ
956 1531 1167 1600 ἀγάπη,
1201 1530 1389 1599 φησιν,
1424 1529 1681 1582 οὐδέποτε
1709 1530 1861 1582 hmi-

284 1648 433 1694 πτει,
484 1647 503 1680 ι
545 1626 635 1680 διὰ
687 1624 789 1696 τὴν
822 1623 958 1696 πρὸς
991 1622 1123 1676 Θεὸν
1153 1622 1323 1692 αὐτῆς
1351 1622 1599 1693 ἔμπυρον
1646 1621 1861 1687 ἕνωσιν,

282 1724 377 1778 καὶ
411 1719 710 1787 συνάφειαν
738 1717 996 1790 ἄρρητον.

356 1820 424 1873 θ’.
470 1819 559 1870 Ἐν
585 1814 759 1869 οὐδενὶ
788 1811 992 1882 κτιστῷ
1017 1811 1292 1883 ἐξαίρετόν
1325 1811 1439 1864 ἐστι
1468 1811 1526 1863 16
1558 1811 1638 1864 ἓν.
1673 1811 1864 1880 Διενη-

283 1911 517 1983 νοχέναι’
535 1907 635 1979 μὲν
662 1906 771 1977 γὰρ
799 1903 1032 1958 ἕκαστον
1077 1904 1307 1957 ἑκάστου
1335 1904 1479 1957 κατά
1523 1921 1643 1958 τινα
1666 1904 1866 1975 τρόπον

288 2005 573 2075 ἰδιότητος,
608 2002 709 2055 οὐκ
739 1999 969 2054 ἄπεστιν
998 1998 1216 2052 εἰδέναι’
1309 1998 1365 2051 δὲ
1395 1999 1608 2062 κτιστὰ,
1632 2000 1865 2054 ἕκαστον

284 2098 518 2153 ἑκάστου
552 2097 611 2148 οὐ
648 2092 953 2163 διενήνοχεν
998 2091 1272 2161 ἠργμένον
1310 2108 1367 2144 τε
1392 2090 1485 2144 καὶ
1512 2091 1866 2162 πεπερασμέ-

285 2207 398 2252 νον,
463 2189 557 2241 καὶ
616 2184 720 2239 ὑπὸ
772 2182 933 2253 φύσιν
971 2183 1202 2245 τελοῦν,
1253 2181 1349 2236 καὶ
1403 2182 1503 2235 οὐκ
1561 2182 1620 2235 ὃν
1660 2183 1866 2254 κυρίως

287 2279 492 2335 ἁπλοῦν
523 2279 581 2332 ἓν
611 2293 627 2309 ο
674 2276 836 2347 μόνον
863 2275 972 2346 γὰρ
1001 2273 1058 2327 ἓν
1088 2274 1167 2345 τῷ
1195 2273 1327 2337 ιντι,
1364 2274 1479 2327 ἐστί
1504 2274 1562 2328 16
1587 2275 1862 2341 ἀκτιστον,

286 2372 359 2434 ὡς
391 2367 619 2432 ἁπλοῦν,
668 2365 744 2430 ὡς
789 2364 1048 2434 ἄναρχον,
1088 2362 1163 2426 ὡς
1199 2360 1688 2432 ἀτελεύτητον,καὶ
1708 2360 1862 2431 ἀόριδ

290 2481 435 2527 στον,
486 2458 583 2515 καὶ
631 2457 720 2512 διὰ
763 2456 922 2510 τοῦτο
971 2454 1217 2525 ἄπειρον,
1253 2454 1389 2525 ὅπερ
1438 2458 1584 2508 ἐστιν
1642 2455 1671 2508 6
1706 2455 1860 2518 Θεός.

290 2555 431 2623 Πρὸς
458 2552 507 2616 6,
540 2551 595 2604 εί
625 2566 690 2619 γε
737 2550 766 2602 6
816 2546 941 2611 νοῦς
969 2546 1120 2619 ὀρώῃ
1146 2545 1287 2615 μετὰ
1320 2548 1552 2618 μετοχῆς
1575 2548 1667 2602 τοῦ
1697 2549 1863 2602 πνεύ-

289 2660 478 2714 ματος,
513 2641 610 2699 καὶ
656 2639 828 2712 ῥοπῆς
862 2635 957 2690 τοῦ
1011 2635 1278 2700 ζωοποιοῠ
1302 2676 1318 2702 ,
1362 2637 1483 2691 ὅσαι
1515 2637 1721 2709 ἡμέραι
1760 2639 1863 2711 τὴν

285 2733 435 2804 αὑτῷ
487 2731 875 2804 προσήκουσαν
929 2726 1103 2797 αΰξην
1139 2727 1374 2797 δέχεται,
1417 2730 1734 2800 ἡνωμένος,
1768 2730 1863 2787 καὶ

283 2824 630 2895 ήπλωμένος,
664 2821 757 2874 καὶ
783 2817 1112 2889 θεουργιιιῆς
1145 2818 1403 2890 ἐχόμενος
1448 2822 1859 2885 καταστάσεως.

283 2916 397 2971 Καί
450 2931 514 2983 γε
552 2912 756 2982 σφόδρα
789 2911 991 2979 συνῆκε
1042 2909 1250 2979 σαφῶς,
1285 2911 1367 2964 ὅτι
1413 2911 1504 2965 τοῦ
1552 2912 1670 2976 ἐνὸς
1699 2912 1858 2984 πλὴν,

283 3006 384 3062 καὶ
422 3006 522 3076 τῆς
552 3003 690 3074 πρὸς
731 3000 865 3057 αὐτὸ
912 3002 971 3053 ὲν
1006 2999 1280 3071 πνεύματι
1318 3000 1692 3071 ἀποδλέψεως,
1735 3002 1863 3058 νοῦν

286 3101 496 3172 βέλτιον
525 3096 671 3162 ἕξειν
704 3095 1008 3166 ἀμήχανονο
1041 3091 1200 3147 τοῦτο
1230 3093 1351 3165 μὲν,
1383 3095 1465 3148 ὃτι
1491 3096 1519 3148 6
1547 3095 1671 3158 νοῦς
1700 3095 1859 3149 ἐσκέ-

1384 305 1482 367 DE
1523 303 1695 365 \'IT.\
1739 294 2397 358 COXFEMPLATIVA.

351 435 421 500 η’.
456 427 599 493 Νοῦς
652 427 720 498 τῇ
755 425 861 497 ἰδίᾳ
903 422 1176 496 φαντασίᾳ
1237 419 1374 494 πρὸς
1423 422 1485 475 16
1530 421 1754 493 θεωρεῖν
1790 419 1914 491 τὰΑ
2006 409 2060 465 8.
2107 408 2286 500 Mens,

3411 264 3520 340 sua

2331 403 2552 474 propria
2606 397 2989 470 imaginatione
3036 394 3102 449 ad
3164 391 3342 447 divina
3390 398 3523 445 (ore

1940 499 2249 571 templanda
2294 505 2472 559 utens,
2525 493 2628 547 lide
2672 490 2954 560 dirigitur;
3000 482 3174 555 gratia
3223 496 3354 539 vero
3396 480 3521 534 illu-

1941 603 2132 654 strata,
2155 605 2250 659 spe
2271 587 2562 651 solidatur;
2580 582 2762 639 divino
2788 580 2995 635 lumine
3011 579 3251 646 abrepta,
3269 575 3522 629 humanze

1944 684 2227 741 charitatis
2275 679 2332 735 lit
2378 680 2667 734 thesaurus
2696 714 2711 739 ,
2756 681 2811 729 et
2850 671 3022 727 multo
3066 669 3239 737 magis
3287 664 3381 720 Dei
3439 666 3519 731 ip-

1948 777 2086 834 sius.
2124 776 2203 831 Ita
2239 773 2436 843 triplex
2473 768 2669 825 mentis
2696 768 2831 821 ordo
2862 774 2917 819 et
2944 769 3144 825 motus,
3182 760 3235 813 in
3270 756 3395 820 lide,
3430 770 3526 823 spe

1942 878 1999 927 et
2024 870 2316 930 charitate,
2339 862 2608 935 perfectus
2627 876 2691 916 ac
2710 857 2955 917 deiﬁcns,
2986 853 3193 909 sdlidbs
3219 858 3270 904 et
3301 846 3525 902 indecli-

1944 961 2143 1018 nabilis
2164 956 2241 1024 ﬁt,
2277 965 2327 1012 et
2360 953 2645 1027 postquam
2679 958 2833 1004 meus
2862 946 3100 1001 adhunc
3122 950 3333 995 vastum
3368 951 3525 991 acro-

1944 1055 2085 1127 polis
2113 1054 2313 1115 locum,
2343 1058 2401 1104 ut
2427 1049 2499 1103 ita
2527 1046 2729 1107 dicam,
2754 1040 3077 1112 pervenerit,
3109 1036 3181 1090 ibi
3202 1034 3256 1127 in
3289 1031 3524 1127 charita-
3592 1048 3605 1065 η·

1946 1119 2013 1203 iis
2046 1145 2262 1201 civitate
2287 1126 2525 1211 seipsam
2560 1138 2809 1192 munivit.
2849 1129 3000 1186 Unde
3032 1128 3084 1183 id
3117 1124 3259 1195 quod
3292 1138 3321 1176 a
3351 1119 3521 1174 Paulo

1945 1240 2149 1295 dicitur
2178 1256 2193 1291 :
2235 1253 2253 1287 ι
2290 1233 2543 1290 Charitas
2566 1227 2749 1284 omnia
2783 1223 2934 1294 tegit,
2965 1220 3149 1275 omnia
3184 1216 3444 1275 sustinet,
3485 1231 3502 1262 I

1947 1340 2172 1404 propter
2205 1326 2325 1383 lldei
2373 1332 2427 1379 et
2473 1322 2588 1393 spei
2642 1320 2844 1373 bonum
2875 1331 2890 1368 :
2927 1331 2948 1365 ι
2984 1308 3237 1367 Charitas
3266 1346 3282 1372 ,
3316 1303 3519 1373 inquii,

1946 1435 2226 1493 nunquam
2274 1417 2476 1473 excidit
2503 1415 2570 1477 ”,
2625 1430 2645 1464 ι
2685 1417 2905 1481 propter
2930 1404 3161 1475 ignitam
3199 1413 3354 1455 suam
3388 1408 3515 1450 cum

1948 1516 2058 1572 Deo
2095 1512 2349 1568 unionem
2381 1516 2435 1563 et
2462 1504 2788 1560 ineffabilem
2819 1494 3279 1569 coniunctionem.

2027 1791 2079 1845 9.
2114 1790 2172 1845 ln
2221 1789 2368 1843 nulla
2420 1791 2670 1840 creatura
2721 1782 2980 1838 eximium
3030 1788 3113 1836 est
3159 1793 3346 1834 unum.
3408 1775 3527 1830 Non

1889 1855 1929 1913 Β
1958 1882 2176 1939 diﬂicile
2224 1882 2364 1937 scitu
2415 1889 2499 1934 est
2550 1875 2976 1946 unumquodque
3018 1873 3087 1927 ab
3138 1872 3247 1927 alio
3287 1870 3525 1941 quodam

1956 1976 2299 2047 proprietatis
2334 1974 2493 2029 modo
2521 1972 2758 2027 differre.
2790 1954 2848 2025 Ιιι
2874 1979 3138 2041 quantum
3168 1975 3348 2021 autem
3379 1979 3534 2018 crea-

1954 2077 2008 2123 ta
2049 2077 2193 2133 sunt,
2249 2067 2676 2138 unumquodque
2708 2066 2776 2119 ab
2808 2078 3136 2133 unoquoque
3186 2075 3293 2116 nou
3352 2058 3529 2112 diil‘ert

1953 2162 2252 2218 coercitum
2287 2169 2342 2214 et
2386 2161 2676 2215 [imitatum
2723 2167 2778 2213 et
2815 2166 3011 2212 natura
3060 2156 3312 2219 ﬁnitum,
3356 2169 3529 2224 nrque

1953 2254 2171 2329 proprie
2226 2254 2545 2322 simpliciter
2593 2268 2782 2306 unum.
2841 2250 3028 2305 Solum
3089 2249 3266 2318 rcipsa
3323 2258 3408 2303 est
3444 2248 3531 2302 in-

1955 2360 2201 2405 creatum
2227 2390 2242 2415 ,
2280 2358 2337 2402 ut
2369 2348 2597 2418 simplex
2634 2354 2688 2401 ct
2721 2347 2924 2416 absque
2969 2345 3238 2416 principio
3271 2356 3325 2399 et
3369 2357 3526 2400 acter-

1955 2457 2083 2497 num
2114 2451 2166 2496 et
2195 2439 2467 2496 inlinitum
2492 2482 2505 2504 ,
2534 2439 2678 2509 quod
2703 2448 2784 2493 cst
2821 2438 2983 2493 Deus.
3014 2438 3093 2490 Αιι
3126 2438 3271 2508 quod
3300 2438 3344 2492 si
3373 2455 3527 2492 meus

1953 2550 2077 2590 cum
2108 2533 2344 2603 Spiritus
2376 2532 2786 2603 participatione
2812 2530 3081 2597 aspexerit
3107 2539 3163 2584 et
3194 2530 3523 2585 vivilii-anlis

1955 2628 2101 2683 illius
2133 2635 2305 2694 motu,
2338 2626 2567 2695 singulis
2597 2626 2789 2679 diebus
2834 2624 2933 2695 ipsi
2966 2624 3295 2679 conveniens
3347 2624 3523 2677 incre-

1955 2730 2197 2775 mentum
2228 2718 2424 2788 accipit
2445 2759 2460 2785 ,
2497 2717 2650 2773 unita
2691 2730 2755 2771 ac
2791 2716 3018 2786 simplex
3053 2715 3239 2770 eﬂ'ecta
3265 2758 3278 2781 ,
3308 2726 3361 2771 ct
3389 2732 3529 2773 cou-

1954 2812 2291 2866 Stitutionem
2335 2809 2572 2865 divinam
2612 2817 2884 2865 assecuta.
2930 2807 2997 2862 Et
3027 2824 3160 2863 sane
3192 2808 3521 2864 niﬁdissime

1954 2902 2219 2957 intellexit
2260 2900 2597 2971 impossibile
2630 2916 2751 2957 esse
2792 2910 3025 2955 mentem
3061 2902 3252 2955 melius
3285 2902 3520 2971 scipsam

1954 2994 2154 3050 habere
2179 3034 2193 3059 ,
2228 2993 2330 3048 nisi
2364 3008 2458 3063 per
2504 2993 2636 3049 illud
2681 3004 2846 3047 unum
2885 3003 2939 3048 et
2984 3008 3145 3048 suum
3182 2993 3249 3048 ad
3291 2994 3423 3049 illud
3469 2994 3524 3047 in

1956 3086 2159 3158 Spiritu
2203 3095 2531 3157 respectum.
2579 3084 2742 3155 quue
2770 3128 2782 3150 ,
2834 3088 3093 3157 quoniam
3136 3103 3288 3143 mens
3351 3088 3524 3143 divisa

281 3196 513 3258 δασται,
551 3189 629 3259 τῷ
696 3187 1010 3258 πολυσχιδεϊ
1055 3188 1269 3257 κόσμῳ,
1325 3185 1420 3241 καὶ
1473 3188 1585 3250 τοῖς
1629 3185 1858 3240 πάθεσιν

1956 3187 2038 3237 est
2070 3180 2271 3235 mundo
2313 3180 2406 3234 illo
2449 3178 2698 3245 discisso,
2747 3190 2799 3234 et
2838 3179 3226 3251 cupiditatibus
3278 3180 3522 3247 subjecta

284 3284 567 3346 ὑπενδοὺς.
608 3281 707 3337 καὶ
737 3281 906 3333 δεῖται
937 3278 1247 3343 ἀκολούθως
1291 3277 1666 3349 ὑπερκοσμίου
1706 3277 1862 3335 δυνά-

288 3377 457 3433 μεως,
490 3365 583 3416 καὶ
624 3362 907 3434 ἑπομένως
933 3364 1245 3435 ὑπερφυοῦς
1274 3366 1392 3428 ἑνὸς
1431 3366 1508 3429 είς
1540 3364 1859 3434 ἀπόϐλειμν,

284 3452 353 3506 ἶν’
382 3452 524 3507 οὕτω
568 3454 678 3508 τῶν
729 3456 1001 3527 μεριστῶν
1040 3458 1331 3530 ἁρπαγεὶς,
1376 3456 1479 3523 ἔξω
1511 3457 1734 3527 γένηται
1756 3456 1864 3508 τῶν

289 3547 502 3613 παθῶν,
552 3549 645 3602 καὶ¹
674 3550 772 3618 τῆς
813 3549 1151 3621 διαιρέσεως,
1180 3549 1275 3605 καὶ
1306 3549 1448 3603 οὕτω
1479 3549 1631 3620 τύχοι
1674 3550 1739 3603 ἂν
1768 3548 1862 3602 τοῦ

288 3638 579 3703 θεοειδοῦς.
612 3639 713 3695 Διά
748 3659 831 3695 τοι
871 3642 1031 3696 τοῦτο
1067 3643 1159 3696 καὶ
1206 3645 1234 3695 6
1272 3642 1477 3715 Κύριος
1517 3641 1863 3713 παράκλησιν

288 3732 523 3783 ποιεῖται
566 3733 701 3803 πρὸς
735 3733 826 3786 τὸν
859 3734 1100 3805 Πατέρα,
1129 3736 1195 3788 ἶν’
1219 3729 1370 3806 ὦμεν
1401 3734 1460 3788 ἓν
1499 3736 1548 3787 οί
1597 3734 1779 3787 πιστοὶ
1806 3734 1861 3783 ἑν

286 3821 366 3887 τῷ
389 3822 581 3892 Πατρὶ,
615 3825 709 3879 καὶ
741 3824 891 3896 αὑτῷ
918 3825 1051 3895 Υίῷ,
1075 3825 1164 3880 διὰ
1192 3825 1532 3896 Πνεῦματος,
1564 3825 1659 3879 καὶ
1690 3822 1863 3885 οὕτως

285 3912 365 3975 ἓν,
395 3913 471 3975 ὼς
522 3915 673 3968 αὐτοί
716 3918 854 3970 εἰσιν
887 3916 945 3969 ἓν
978 3933 993 3948 ⁸
1027 3916 1126 3989 (μὴ
1169 3916 1474 3984 κακοδὸξως
1516 3915 1757 3987 δηλονότι
1786 3914 1861 3978 ὡς

287 4006 579 4070 Σαδέλλιος
608 4004 727 4062 εἶπε
750 4008 811 4062 τὸ
835 4006 936 4080 ἓν.)
958 4009 1034 4073 ὡς
1062 4008 1127 4063 ἂν
1161 4003 1332 4080 ὦμεν,
1428 4008 1554 4081 χρὴ,
1578 4007 1863 4062 τετελειω-

286 4099 461 4167 μένοι,
499 4100 596 4154 καὶ
632 4102 812 4172 χάριτι
861 4104 1128 4167 ἑνίζοντος
1163 4102 1500 4173 Πνεύματος,
1530 4102 1625 4157 καὶ
1659 4099 1863 4171 θεωρίᾳ

282 4193 527 4257 ὲνοειδεῖ,
561 4194 620 4246 ἐν
645 4194 724 4247 ἑνὶ
762 4194 841 4266 τῷ
886 4196 1024 4266 Θεῷ.
1059 4196 1229 4250 Τοῦτο
1253 4197 1385 4267 ἡμῖν
1414 4194 1665 4263 ἐκφανῶς
1705 4193 1737 4262 ή
1770 4192 1862 4245 ὅν-

281 4300 393 4346 τως
422 4283 728 4353 βελτίωσις,
770 4286 863 4341 καὶ
908 4287 1067 4341 τοῦτο
1116 4287 1290 4352 τέλος,
1328 4286 1424 4340 καὶ
1475 4284 1717 4356 ἀληθὴς,
1768 4282 1864 4337 καὶ

285 4378 420 4449 μονή
454 4377 784 4444 ἀνάπαυσις.
816 4380 914 4434 Διὰ
939 4377 1097 4434 τοῦτο
1125 4380 1276 4452 καὶὴ
1318 4378 1574 4451 φθονερὰ,
1607 4380 1702 4432 καὶ
1734 4395 1854 4448 μισ-

280 4470 569 4543 άνθρωπος
603 4472 893 4543 δαιμονικὴ
937 4473 1254 4545 συμμορία,
1296 4474 1377 4536 είς
1440 4472 1653 4526 πολλῶν
1698 4470 1857 4535 θεῶν,

279 4562 355 4625 ὼς
384 4564 482 4616 οὐκ
515 4562 697 4632 ὄφελε,
750 4564 915 4625 σέϐας
943 4564 1383 4635 διασκορπίσασα
1405 4604 1420 4628 ,
1454 4565 1511 4617 ὲν
1544 4562 1721 4634 πλάνῃ
1755 4561 1859 4614 ὑπ-

280 4653 504 4726 έσπειρε
550 4655 614 4707 16
666 4655 763 4709 τοῦ
807 4657 923 4719 νοὸς
955 4656 1177 4721 ἐνιαῖον,
1224 4656 1320 4710 καλ⁵
1348 4656 1448 4709 οὐκ
1496 4655 1677 4724 ἀφῆκε
1715 4654 1857 4707 τοῦτ’

278 4744 421 4812 ἔχειν
470 4744 569 4816 τὴν
622 4745 715 4798 τοῦ
758 4745 1128 4818 ὑπερκοτμίου
1185 4747 1486 4815 φαντασίαν
1519 4746 1673 4809 ἑνός·
1710 4746 1859 4808 ὅπως

278 4836 347 4887 ἂν
392 4838 457 4907 τῇ
494 4838 553 4889 ὲν
588 4836 805 4899 πολλοῖς
834 4830 1081 4907 λατρεία,
1134 4836 1430 4906 ἁποϐλέψει
1461 4853 1519 4889 τε
1551 4835 1641 4889 καὶ
1662 4832 1858 4904 διαιρέ·

279 4947 387 4998 σει,
440 4931 592 5003 παρά
636 4931 734 5003 τὴν
777 4930 972 4986 ἑαυτοῦ
1012 4931 1175 5001 φύσιν
1204 4930 1547 4984 ἀναπείσασα
1591 4929 1857 4981 κινεῖσθαι

277 5023 370 5074 16v
389 5021 536 5088 νοῦν,
568 5022 839 5076 παντοίων
866 5021 1058 5077 παθῶν
1087 5020 1433 5093 ἐπιθυμητὴν
1473 5019 1724 5089 ἀναδείξῃ
1764 5019 1859 5070 καὶ

274 5112 525 5181 ψεύδους,
575 5112 698 5167 ἀντὶ
746 5113 844 5184 τῆς
887 5113 1144 5185 ἀληθείας
1200 5114 1294 5165 καὶ
1349 5113 1446 5179 τῆς
1487 5111 1705 5180 ἀρετῆς,
1745 5110 1860 5162 Ἐν·-

273 5204 466 5259 τεῦθεν
499 5206 561 5259 16
606 5205 833 5277 Πνεῦμα
886 5210 1142 5275 παραινεί
1193 5206 1279 5258 διὰ
1327 5204 1420 5258 τοῦ
1463 5204 1751 5275 Προφήτου
1797 5201 1859 5253 τὸ

273 5297 453 5363 ἀγιονο
510 5316 526 5349 ι
571 5298 906 5369 Προσέλθετε
964 5298 1101 5369 πρὸς
1148 5298 1331 5362 αὑτὸν,
1385 5296 1578 5365 λέγον,
1616 5294 1707 5348 τὸν
1760 5293 1857 5345 ἕνα.

271 5390 502 5462 δηλαδὴ,
536 5393 632 5446 καὶ
661 5392 996 5463 φωτίοθητε.
1036 5411 1053 5444 ι
1093 5392 1203 5446 Καὶ
1244 5390 1325 5444 ἔτι
1366 5388 1622 5459 ἀλλαχοῦ·
1647 5406 1665 5439 ι
1715 5384 1856 5453 Ἐγὼ

272 5484 405 5546 Θεὸς
435 5484 669 5553 πρῶτος.
703 5486 796 5539 καὶ
845 5484 956 5554 ἐγὼ
1001 5486 1139 5556 μετὰ
1183 5484 1376 5546 ταῦτα,
1407 5483 1502 5537 καὶ
1532 5482 1669 5552 πλὴν
1721 5480 1855 5550 ἐμοῦ

271 5578 373 5631 οὐκ
402 5578 549 5631 ἐστιν
572 5577 727 5640 ἄλλος
745 5577 901 5641 Θεός⁶
932 5598 951 5630 ι
988 5579 1080 5633 καὶ
1102 5578 1284 5632 πάλιν’
1310 5596 1328 5630 ι
1357 5576 1578 5640 Ἄκουε,
1621 5574 1856 5645 Ἰσραὴλ,

273 5670 479 5741 Κύριος
516 5672 544 5724 6
583 5670 715 5733 6:6;
752 5687 869 5733 σου,
905 5668 1104 5739 Κύριος
1140 5665 1218 5733 εἷς
1247 5670 1417 5723 ἐστιν.
1462 5685 1481 5719 ι
1520 5666 1593 5721 Οὐ
1628 5666 1734 5736 γάρ
1776 5682 1856 5717 τοι

392 5819 438 5850 ⁹¹
505 5814 519 5867 Ι
574 5814 703 5866 (lor.
746 5827 864 5875 xiii,
917 5813 1110 5875 lseqq.
1203 5807 1376 5860 "lsa.
1413 5801 1639 5865 x1.rv,6.

566 5916 807 5970 Parnm.
883 5913 994 5967 (ἒιι.
1045 5904 1325 5965 tXLl'll.

1954 3288 2058 3336 εει,
2088 3280 2142 3328 et
2169 3282 2569 3343 consequenter
2597 3282 2715 3342 eget
2748 3273 3150 3341 supernatnrali
3186 3272 3454 3342 polentia,
3476 3281 3533 3327 et

1950 3365 2385 3436 supernatnralis
2432 3363 2598 3419 Unius
2664 3373 2905 3433 aspectu,
2954 3374 3012 3417 ιιι
3066 3364 3141 3420 ita
3184 3363 3268 3419 his
3325 3363 3529 3421 distra-

1949 3457 2223 3514 ctionibus
2257 3458 2496 3527 abrepta,
2529 3465 2680 3511 extra
2710 3455 3037 3526 cupiditates
3068 3455 3158 3510 ﬁat
3200 3440 3253 3511 et
3292 3458 3527 3527 dissipa-

1951 3549 2153 3603 tionem
2183 3558 2236 3603 et
2259 3549 2336 3603 sic
2357 3546 2585 3602 formam
2624 3546 2862 3602 divinam
2913 3556 3261 3618 assequatur.
3291 3548 3527 3619 Ideoque

1950 3640 2212 3695 Dominus
2250 3643 2462 3695 Patrem
2506 3648 2644 3703 orat,
2688 3650 2747 3694 ut
2784 3654 2885 3696 nos
2922 3640 3105 3696 ﬁdeles
3135 3656 3302 3696 unum
3344 3643 3521 3697 simus
3574 3686 3575 3689 η

1951 3732 2004 3787 in
2038 3731 2197 3786 Patre
2225 3740 2279 3786 et
2313 3729 2450 3785 Filio
2488 3746 2581 3801 per
2636 3730 2920 3800 Spiritum,
2951 3740 3006 3786 et
3039 3733 3110 3787 ita
3143 3749 3334 3798 unum,
3372 3743 3430 3788 ut
3474 3748 3529 3789 et

1951 3826 2051 3896 ipsi
2078 3842 2245 3881 unum
2289 3833 2411 3882 sunt
2445 3827 2591 3898 (non
2620 3825 2713 3880 illo
2740 3841 2995 3895 perverso
3023 3830 3186 3883 modo
3229 3838 3290 3883 ut
3326 3825 3523 3883 Sabel-

1950 3919 2056 3973 lius
2094 3934 2255 3971 unum
2287 3917 2492 3987 dixit);
2524 3929 2583 3972 ut
2607 3918 2783 3973 simus
2808 3957 2822 3980 ,
2859 3928 2920 3973 ut
2966 3928 3219 3989 oportet,
3271 3921 3521 3990 perfecti,

1950 4010 2188 4066 uuienlis
2215 4009 2451 4080 Spiritus
2481 4010 2672 4082 gratia,
2703 4019 2756 4065 et
2792 4011 2994 4065 unitiva
3028 4014 3516 4082 contemplatione,

1947 4104 2000 4159 in
2037 4119 2145 4160 uno
2174 4103 2263 4159 illo
2289 4104 2416 4159 Deo.
2460 4102 2518 4158 Id
2547 4120 2644 4159 nos
2677 4119 2802 4158 vere
2823 4105 3076 4160 meliores
3105 4106 3253 4172 facit,
3283 4107 3328 4162 is
3366 4107 3521 4162 nobis

1949 4198 2069 4281 ﬁnis
2094 4205 2149 4253 et
2176 4212 2301 4251 vera
2330 4206 2386 4253 et
2407 4196 2521 4252 sola
2555 4197 3153 4267 requies.Quapr0pter
3187 4199 3515 4253 invidiosum

1945 4302 1997 4347 et
2042 4291 2327 4346 hominum
2359 4288 2486 4344 odio
2529 4290 2748 4359 plenum
2793 4288 3099 4343 dmmonum
3143 4291 3429 4360 collegium
3464 4292 3517 4345 iu

1946 4381 2239 4437 multorum
2268 4381 2519 4447 deorum,
2549 4389 2608 4434 ut
2643 4380 2759 4435 ﬁeri
2794 4396 2899 4433 non
2936 4391 3071 4446 erat,
3114 4384 3514 4437 venerationem

1947 4472 2227 4541 abripiens
2248 4511 2263 4537 ,
2288 4472 2487 4527 mentis
2524 4472 2780 4527 unionem
2817 4472 3034 4527 subruit
3068 4488 3244 4538 neque
3268 4476 3519 4543 permisit

1949 4574 2007 4621 ut
2034 4565 2182 4621 illius
2206 4566 2641 4635 supernaturalis
2667 4563 2837 4621 Unius
2872 4565 3320 4637 imaginationem
3355 4567 3516 4623 habe-

1942 4666 2063 4724 ret;
2092 4658 2165 4713 ita
2203 4666 2264 4713 ut
2295 4658 2591 4714 multorum
2635 4658 2853 4713 illorum
2900 4659 3081 4714 cultus
3118 4658 3407 4715 iutuitioue
3450 4675 3515 4715 a.:

1942 4752 2315 4816 distinctione,
2354 4752 2519 4807 menti
2550 4752 2882 4822 persuaserit
2911 4761 2967 4806 ut
3003 4760 3197 4807 contra
3230 4767 3387 4808 suam
3422 4770 3517 4807 na-

1941 4854 2117 4901 turam
2154 4854 2465 4901 moveretur
2490 4846 2845 4916 omniumque
2892 4846 3249 4916 cupiditatum
3278 4857 3332 4901 et
3362 4862 3515 4902 meu-

1940 4942 2219 4995 daeiorum
2249 4952 2308 4994 se
2351 4937 2652 4993 studiosam
2681 4938 3012 5004 ostenderet,
3042 4940 3239 4994 nedum
3271 4941 3513 4995 veritatis

1939 5043 1993 5088 et
2014 5031 2250 5087 virtutis.
2298 5027 2454 5085 Unde
2504 5029 2743 5100 Spiritus
2787 5041 3008 5087 sanctus
3056 5046 3150 5101 per
3193 5032 3511 5102 prephetam
3574 5072 3576 5075 τ

1940 5123 2191 5176 hortatur
2232 5121 2470 5176 dicens:
2524 5138 2542 5171 ι
2574 5121 2830 5174 Accedite
2876 5123 2942 5175 ad
2997 5136 3146 5185 eum,
3196 5135 3390 5191 nempe
3444 5124 3512 5176 ad

1940 5209 2144 5277 Unum,
2180 5221 2234 5265 et
2277 5210 2683 5266 illuminemini.
2722 5231 2741 5263 ι
2788 5213 2853 5267 Ει
2900 5212 3079 5268 adhuc
3122 5213 3228 5267 alio
3257 5213 3312 5268 in
3348 5214 3466 5269 loco
3498 5233 3511 5267 :

1947 5325 1963 5356 ι
2002 5304 2117 5376 Ego
2152 5303 2295 5357 Deus
2327 5304 2556 5374 primus,
2586 5313 2641 5359 et
2669 5320 2767 5374 ego
2804 5317 2926 5375 post
2955 5320 3017 5359 ea
3043 5346 3059 5370 ,
3104 5314 3158 5360 et
3190 5314 3389 5375 praster
3426 5322 3514 5362 me

1946 5412 2052 5452 non
2082 5404 2167 5452 est
2199 5395 2339 5450 alius
2374 5396 2512 5451 Deus
2539 5398 2605 5450 ".
2638 5415 2658 5449 ι
2688 5396 2751 5451 Ει
2779 5413 2996 5452 rursum
3032 5415 3046 5452 :
3078 5416 3096 5446 ι
3128 5397 3295 5462 Audi,
3325 5396 3515 5461 Israel,

1947 5487 2209 5543 Dominus
2262 5487 2400 5541 Deus
2446 5495 2596 5552 tuus,
2636 5487 2903 5541 Dominus
2946 5502 3085 5541 unus
3123 5495 3206 5541 est
3231 5488 3297 5540 ".
3334 5506 3352 5538 ι
3394 5486 3512 5542 Non

1944 5579 2087 5633 enim
2122 5577 2317 5647 triplex
2354 5577 2517 5632 unius
2545 5577 2770 5631 Deitatis
2795 5577 3104 5648 hypostasis
3136 5577 3351 5633 unicam
3379 5580 3517 5633 divi-

1942 5669 2021 5724 dit
2046 5668 2409 5724 substantiam
2434 5685 2449 5735 ;
2476 5668 2571 5723 sed
2605 5678 2658 5721 et
2686 5675 2795 5723 tres
2826 5676 2955 5723 sunt
2984 5668 3200 5737 quidem
3246 5684 3515 5756 personas.

1736 5798 1966 5851 “Deut.
2037 5812 2107 5862 vr,
2174 5797 2218 5851 ί.

3079 5878 3150 5938 9.7
