4032 6208
309 360 414 424 8ὶῖ

1397 375 1490 435 DE
1540 379 1712 438 VITA
1751 380 2399 448 (ΖΟΝἸἘΜΡΙΑἸἪἈ.

3439 369 3541 474 διὸ

300 495 433 564 πρὸς
490 495 550 548 τὸ
585 496 758 550 αἴτιον
787 496 1170 560 ἁνατετᾶσοαι,
1218 498 1313 552 καὶ
1369 500 1578 570 ἁφορᾷν
1627 501 1833 572 ἐπιστρε

1922 497 1942 552 ι
1975 505 2090 546 tura
2115 506 2212 558 est.
2252 508 2310 551 ut
2332 499 2398 553 ad
2448 517 2668 557 causam
2699 505 2945 572 tendant,
2975 511 3040 563 ad
3071 525 3302 583 eamque
3333 527 3537 573 attente

296 589 529 653 πτικῶς,
564 589 624 654 ἐξ
660 591 840 651 αἰτίας
885 591 941 643 δὲ
978 592 1157 644 πάντα
1187 591 1471 663 παρῆκται
1505 591 1598 644 τοῦ
1630 591 1787 655 Θεοῦ,
1819 592 1833 642 ἐ

1971 595 2237 656 spectent.
2266 591 2310 644 si
2335 605 2499 659 porro
2532 596 2714 650 omnia
2737 613 2800 652 ex
2837 597 2943 653 Deo
2978 610 3235 673 tanquam
3267 621 3333 660 ex
3368 623 3533 665 causa

293 673 356 732 οῦ
390 681 485 735 καὶ
534 681 562 733 6
593 681 736 747 νοῦς,
773 684 800 735 6
850 682 907 736 δὲ
961 682 1093 746 Θεὸς
1122 685 1239 736 ἐστι
1293 682 1356 736 1:6
1407 685 1726 753 κορυφαῖον,
1783 699 1833 736 κε

1967 678 2261 746 pendeant,
2284 698 2347 737 ex
2383 696 2490 749 quo
2521 702 2675 742 mens
2708 690 2820 757 ipsa
2848 707 2863 755 ;
2899 690 3042 748 Deus
3068 703 3248 749 autem
3279 710 3360 752 est
3384 716 3528 754 sum-

296 773 481 833 ἁπλῶς
523 774 603 824 ἓν·
638 774 800 842 φύσις
827 773 932 844 ἄρα
957 774 1035 845 τῷ
1071 774 1146 846 νῷ
1178 777 1316 846 πρὸς
1345 778 1405 832 τὺ
1452 783 1747 849 κορυφαῖον
1783 798 1833 834 κε

1965 785 2114 824 mum
2171 787 2236 826 ac
2295 773 2616 843 simpliciter
2676 795 2884 848 unum;
2938 787 3105 839 menti
3141 788 3303 858 igitur
3333 801 3528 846 natura

295 863 481 925 ἁπλῶς
517 861 599 926 ἒν,
650 863 726 926 ὡς
782 863 920 933 πρδς
972 865 1146 918 αἴτιον
1180 867 1647 941 ἐπιστρεφομένῳ,
1682 872 1876 925 ἀνατε-

222 967 229 976 “
292 958 506 1015 τᾶσοαι,
546 957 639 1009 καὶ
667 958 898 1026 ἀφορᾷν.
1718 1017 1720 1020 τ

365 1045 453 1113 ιγ’.
504 1049 567 1100 Ei
622 1047 680 1112 ἐξ
715 1047 905 1113 αὑτοῦ,
947 1051 1042 1103 καὶ
1095 1051 1163 1104 δι’
1220 1053 1408 1116 αὐτοῦ,
1443 1056 1537 1107 καὶ
1587 1056 1668 1119 εἰς
1711 1055 1876 1109 αὐτὸν

292 1140 359 1191 τὶ
393 1139 592 1200 πάντα,
626 1141 738 1192 ἔστι
774 1141 830 1192 δὲ
871 1142 966 1195 καὶ
1004 1145 1032 1196 6
1062 1144 1183 1206 νοῦς
1218 1147 1325 1197 τῶν
1367 1147 1621 1200 ἁπάντων
1654 1146 1730 1211 ἒν,
1764 1148 1874 1218 ἄρα

291 1227 350 1292 ἐξ
390 1227 579 1291 αὑτοῦ,
615 1229 709 1281 καὶ
744 1229 810 1282 δι’
844 1230 1009 1283 αὐτοῦ
1061 1234 1157 1285 καὶ
1208 1234 1395 1288 οὑτοσὶ
1421 1278 1433 1296 ,
1485 1236 1581 1290 καὶ
1638 1237 1874 1306 μάλιστα

292 1320 721 1391 προσεχέστερόν
748 1338 810 1388 γε
842 1322 900 1387 ἐξ
929 1322 1116 1387 αὐτοῦ,
1164 1325 1259 1378 καὶ
1288 1326 1354 1378 δι’
1384 1327 1549 1400 αὐτοῦ
1585 1331 1746 1395 αὐτὸς
1781 1332 1870 1386 διὰ

288 1413 348 1484 τ)
384 1409 706 1464 θεοείκελον·
739 1411 936 1466 οὐκοῦν
955 1417 1051 1467 καὶ
1085 1416 1286 1484 μᾶλλον
1310 1409 1465 1482 οὗτος
1486 1420 1696 1492 ἀφορᾷν
1723 1423 1872 1490 ὀφεί-

285 1504 368 1558 λει
405 1504 456 1574 γ’
483 1503 564 1568 είς
592 1504 779 1559 αὐτόν.
811 1505 886 1559 Τὸ
923 1506 980 1560 δὲ
1016 1508 1097 1571 είς
1131 1508 1295 1562 αὑτὸν
1323 1508 1636 1581 λεγόμενον,
1666 1515 1744 1576 είς
1771 1516 1872 1585 τὴν

284 1596 380 1650 τοῦ
406 1596 778 1667 ὑπερκοσμίου
806 1597 924 1661 ἑνὸς
941 1597 1138 1670 χρῆναι
1171 1599 1408 1671 ἔμφασιν
1429 1603 1868 1674 ὲπιστρεπτικῶς

284 1690 496 1760 ἀφορᾷν
536 1688 706 1760 δηλοῖ·
735 1689 818 1752 είς
857 1687 918 1744 τὸ
937 1688 1001 1743 ἓν
1029 1688 1138 1762 ἄρα
1172 1691 1202 1745 6
1240 1689 1367 1756 νοῦς
1396 1690 1600 1762 ὀφείλει
1630 1695 1862 1769 ἁφορᾷν.

360 1859 441 1914 ιδ’.
481 1862 571 1928 Ἐξ
599 1863 718 1929 ἑνὸς
767 1867 989 1936 προΐασι
1029 1868 1100 1924 τὰ
1123 1871 1314 1932 πολλὰ.
1345 1875 1444 1929 οῦκ
1470 1877 1550 1930 ἔτι
1583 1879 1639 1933 δὲ
1665 1881 1728 1937 ἐκ
1759 1884 1869 1939 τῶν

287 1951 498 2004 πολλῶν
523 1954 584 2007 :6
605 1953 682 2009 ἓν.
703 1956 1026 2032 ’Λλλαμὴνὴ
1047 1963 1224 2028 κτίσις
1247 1964 1448 2024 ἐστιτὰ
1463 1969 1653 2035 πολλὰ.
1670 1975 1866 2030 οὐκοῦν

283 2044 342 2107 ἐξ
375 2044 494 2109 ἐνὸς
536 2049 568 2116 ἠ
620 2049 798 2113 κτίσις
854 2053 1123 2124 ἐναργῶς.
1179 2059 1334 2112 Ἔστι
1373 2061 1430 2114 δὲ
1475 2064 1566 2117 καὶ
1597 2067 1736 2141 ὑπὲρ
1763 2068 1864 2141 τὴν

282 2135 483 2201 κτίσιν,
519 2137 594 2201 ὡς
626 2140 865 2209 Κτίστης
897 2144 990 2195 καὶ
1024 2146 1369 2220 Δημιουργὸς
1397 2153 1574 2208 ἐκεῖνο
1611 2156 1670 2208 τὸ
1703 2135 1791 2211 ⁷ἓν·
1817 2135 1861 2214 ’ὁ

247 2227 385 2296 λᾶρα
418 2228 517 2299 τὴν
557 2229 736 2283 κτίσιν
769 2232 844 2297 ὡς
869 2233 950 2286 δεῖ
975 2234 1217 2308 θεωρῶν,
1254 2238 1315 2307 ἐξ
1351 2243 1596 2315 ἀνάγκης
1636 2248 1772 2318 πρὸς
1797 2251 1860 2304 τὸ

278 2319 650 2392 ὕπερκόσμιον
683 2323 741 2376 ἓν
771 2323 882 2390 ἕξει
907 2326 968 2380 τὸ
992 2328 1189 2384 ἑαυτοῦ
1239 2332 1342 2403 τῆς
1381 2334 1614 2407 θεωρίας
1642 2332 1856 2412 συμπέὲ

275 2432 480 2485 ρασμα,
516 2418 749 2488 ἐπείπερ
796 2421 889 2475 καὶ
930 2423 1105 2477 ἔνεστι
1135 2427 1246 2489 τοῖς
1273 2429 1534 2496 αἰτιατοίς
1559 2435 1855 2504 πάμπολλα

271 2504 364 2558 τοῦ
399 2507 572 2562 αἰτίου
607 2509 808 2564 ὡσανεὶ
839 2513 1203 2586 ἀπηχήματα,
1235 2518 1303 2572 δι’
1349 2513 1425 2575 ὧν
1471 2526 1796 2597 γνωρίζεται
1825 2532 1855 2584 6

267 2595 452 2667 τέχνῃ,
485 2598 580 2651 καὶ
605 2600 788 2672 σοφίᾳ,
811 2601 1038 2673 δυνάμει
1071 2623 1131 2659 τε
1175 2609 1269 2662 καὶ
1293 2595 1596 2688 ἁγαθότητι
1614 2633 1849 2692 προνοη-

264 2687 432 2750 τικῶς
461 2688 530 2741 τὰ
585 2690 762 2746 πάντα
810 2697 1148 2766 παραγαγὼν
1181 2699 1257 2762 ὡς
1283 2701 1535 2775 ἠθέλησε.
1567 2687 1670 2763 Διᾶ
1689 2687 1849 2766 τοῦτο

261 2779 357 2832 καὶ
393 2780 638 2846 Ἡσαΐας,
662 2785 720 2836 ἐν
748 2785 826 2856 τῷ
863 2787 1193 2859 Πνεῦματι,‹
1217 2791 1510 2866 Ἐπάρατε,
1545 2803 1700 2870 φησι,
1721 2805 1848 2870 τοὺς

258 2871 576 2944 ὀφθαλμοὺς
632 2876 807 2946 ὑμῶν,
864 2881 958 2934 καὶ
1001 2883 1139 2938 ἴδετε
1198 2887 1283 2951 τίς
1343 2891 1620 2957 κατέδειξε
1671 2895 1845 2952 ταῦτα

255 2964 459 3021 πάντα.
499 2985 517 3017 ι
549 2967 628 3020 Τὰ
659 2969 757 3038 μὲν
781 2971 954 3026 ταῦτα
983 2974 1161 3029 πάντα
1202 2977 1290 3032 διὰ
1313 2979 1381 3033 τὰ
1411 2981 1578 3036 πολλὰ
1601 2985 1842 3058 εἰρηκὼς

254 3053 498 3119 αίτιατὰ,
528 3055 589 3109 :6
613 3057 674 3109 δὲ
704 3059 807 3123 τίς,
845 3062 978 3131 πρὸς
1003 3064 1094 3117 τὸν
1124 3066 1182 3132 ἐξ
1214 3061 1274 3121 οῦ
1302 3069 1475 3125 ταῦτα
1501 3073 1659 3147 (ὅπερ
1690 3077 1840 3132 ἐστὶν

252 3145 441 3209 ἁπλῶς
470 3148 612 3203 κατᾶ
649 3150 810 3218 φύσιν
844 3152 924 3212 ἓν)
953 3157 1172 3225 ἀνάγων
1211 3161 1303 3214 τὸν
1334 3163 1478 3221 νοῦν.

325 3436 405 3490 ιε’.
440 3433 742 3506 Συνάγεται
776 3441 870 3494 καὶ
900 3443 934 3512 ἡ
972 3445 1150 3508 κτίσις
1183 3447 1263 3510 είς
1296 3447 1376 3511 ἓν,
1404 3447 1541 3503 ἀλλὰ
1572 3451 1826 3506 σύνθετον

239 3525 334 3577 καὶ
381 3526 709 3602 πολυμερὲς,
761 3533 856 3586 καὶ
902 3537 1004 3589 οὐκ
1039 3536 1294 3610 ἄναρχον,
1329 3541 1425 3595 ἅτε
1465 3543 1703 3598 κτιστύν.
1739 3545 1813 3598 T6

235 3614 292 3668 δὲ
335 3618 516 3683 κτίζον
561 3622 638 3690 ἓν,
670 3624 734 3677 οῦ
778 3625 937 3695 μόνον
969 3629 1030 3680 ἓν
1076 3629 1152 3692 ὡς
1184 3632 1395 3686 πολλῶν
1424 3629 1518 3688 καὶ
1546 3635 1822 3707 διαφόρων

239 3711 558 3788 συμφωνίας
614 3717 692 3777 είς
748 3717 877 3786 μίαν
936 3719 1241 3790 σῦμπνιιαν
1293 3725 1390 3779 τοῦ
1449 3728 1670 3791 παντὸς,
1725 3729 1819 3781 καὶ

236 3801 440 3853 σκοπὸν
485 3809 785 3876 ποιητικὸν,
813 3812 929 3866 ἀλλ’
954 3813 1060 3887 ἤδη
1089 3816 1185 3870 καὶ
1223 3818 1477 3872 ἄκτιστον
1501 3821 1576 3883 ὼς
1608 3839 1816 3892 προκαο

233 3891 535 3959 ταρκτικδν
585 3897 796 3964 αἴσιον,
843 3905 1010 3959 ἀνιὼν
1061 3909 1154 3962 ἐπὶ
1190 3908 1252 3962 τὺ
1307 3911 1538 3965 κατόπιν
1586 3912 1814 3992 οινοῦκς,

232 3982 452 4052 ἀνάγκη
483 3989 810 4060 καταντῆσαι
841 3989 933 4043 ἐπί
960 3991 1092 4044 τιέν
1121 3993 1382 4062 ἀρκτικόν
1406 4010 1464 4046 τε
1494 3996 1590 4048 καὶ
1621 3982 1808 4048 τακτιο

229 4074 327 4128 κδν
364 4075 527 4144 τῆσδε
558 4080 655 4147 τῆς
704 4081 1036 4151 φαινομένης
1080 4082 1188 4145 τῶν
1249 4083 1423 4138 ὄντων
1452 4086 1677 4152 τάξεως,
1713 4087 1808 4141 καὶ

1876 1831 1918 1886 Β

1961 866 2047 912 est
2073 858 2137 913 ad
2168 875 2440 917 summum
2471 879 2534 920 ac
2568 868 2888 937 simpliciter
2916 890 3082 928 unum
3113 916 3127 934 .
3167 888 3423 947 tanquam
3459 883 3526 936 ad

1962 963 2178 1004 causam
2212 967 2507 1021 conversae,
2533 959 2753 1014 tendere
2783 970 2838 1016 et
2872 977 3141 1032 spectare.

2033 1040 2121 1096 15.
2159 1041 2215 1096 Si
2249 1034 2486 1115 ex'ipso,
2529 1059 2584 1104 et
2632 1051 2684 1104 in
2727 1052 2846 1121 ipso
2879 1069 2943 1109 ac
2984 1072 3078 1125 per
3109 1057 3289 1128 ipsum
3317 1068 3521 1130 omnia,

1960 1131 2005 1186 si
2039 1149 2200 1200 porro
2239 1153 2392 1195 mens
2422 1140 2615 1196 horum
2665 1145 2910 1199 omnium
2958 1163 3123 1201 imum
3185 1151 3392 1220 aliquid
3429 1156 3522 1220 sit,

1959 1223 2131 1293 igitur
2191 1243 2253 1282 ex
2297 1231 2415 1298 ipso
2448 1241 2501 1286 et
2533 1248 2627 1300 per
2653 1234 2828 1305 ipsum
2859 1252 3012 1292 mens
3047 1254 3111 1294 ac
3142 1244 3416 1311 praecipue
3457 1262 3522 1300 cx
3569 1252 3574 1256 ’

1954 1315 2080 1382 ipso
2123 1321 2319 1388 pendet
2361 1331 2416 1376 et
2458 1339 2551 1391 per
2578 1330 2754 1396 ipsum
2783 1337 2866 1382 est
2901 1341 3122 1402 propter
3154 1349 3280 1389 cum
3315 1336 3423 1392 Deo
3451 1341 3522 1392 si-

1955 1411 2359 1478 militudinem;
2397 1415 2560 1484 igitur
2605 1427 2659 1472 et
2707 1420 2879 1473 multo
2934 1424 3106 1492 magis
3158 1425 3242 1480 illa
3291 1427 3357 1480 ad
3392 1444 3518 1483 cum

1951 1501 2195 1568 aspicere
2228 1503 2418 1560 debet.
2444 1505 2598 1572 Quod
2629 1521 2808 1563 autem
2843 1512 3045 1566 dicitur
3075 1515 3145 1567 ad
3177 1532 3317 1583 eum,
3347 1518 3521 1579 signi-

1951 1593 2074 1646 ticat
2102 1609 2220 1649 eam
2248 1606 2496 1666 oportere
2541 1600 2607 1654 ad
2650 1605 3086 1671 supernaturalis
3140 1605 3315 1663 Unius
3348 1613 3518 1664 mani-

1949 1683 2290 1742 festationem
2317 1673 2489 1746 vivide
2535 1693 2796 1763 aspicere.
2849 1695 2906 1751 lu
2959 1713 3126 1753 unum
3162 1699 3323 1769 igitur
3363 1717 3516 1758 meus

1949 1777 2110 1832 debet
2140 1781 2406 1850 aspicere.

2021 1869 2107 1923 14.
2149 1869 2226 1925 Ex
2287 1889 2400 1928 uno.
2437 1878 2618 1932 omnia
2668 1881 2993 1948 procedunt,
3053 1899 3159 1940 non
3214 1895 3395 1942 autem
3444 1903 3512 1944 ex

1946 1961 2131 2017 multis
2185 1980 2376 2021 unum.
2408 1965 2512 2022 Sed
2543 1972 2746 2025 creatio
2779 1973 2942 2028 multa
2969 1983 3050 2028 est
3082 1993 3096 2042 ;
3123 1993 3231 2031 non
3258 1979 3420 2050 igitur
3442 1995 3510 2033 ex

1946 2067 2056 2106 uno
2110 2064 2358 2110 creatura
2396 2061 2661 2127 procedit.
2709 2065 2853 2132 quod
2898 2066 3246 2123 manifestum
3283 2082 3386 2124 est.
3417 2070 3510 2125 Est

1943 2155 2122 2200 autem
2154 2162 2318 2217 supra
2349 2151 2706 2218 creationem,
2744 2165 3002 2226 tanquam
3030 2158 3266 2215 Creator
3293 2171 3346 2215 et
3378 2178 3511 2217 con-

1943 2237 2088 2293 ditor
2139 2240 2300 2304 Deus,
2335 2241 2514 2297 Unum
2540 2244 2694 2300 illud.
2728 2246 2832 2313 Qui
2857 2249 3024 2319 igitur
3053 2255 3410 2320 cveationem,
3449 2267 3510 2310 ut

1941 2336 2174 2398 oportet,
2223 2331 2507 2398 intuetur,
2555 2349 2621 2390 ex
2657 2341 2984 2395 necessitate
3033 2345 3100 2398 ad
3160 2345 3288 2400 illud
3331 2346 3505 2403 Unum

1939 2423 2354 2489 supernatat-ale
2382 2438 2494 2479 sua:
2523 2428 3306 2498 contemplationisterminum
3342 2439 3509 2495 liabe-

1939 2510 2020 2567 bit
2058 2551 2073 2576 ,
2101 2516 2380 2584 ‘quoniam
2432 2525 2486 2571 et
2517 2517 2706 2575 insunt
2747 2526 2990 2579 eausatis
3025 2535 3284 2597 tanquam
3323 2532 3506 2586 multa:

1889 2608 1906 2626 '
1938 2619 2000 2658 ex
2039 2621 2204 2662 causa
2259 2611 2728 2679 repercussiones,
2763 2631 2859 2684 per
2894 2633 3013 2686 qua:
3045 2622 3394 2690 cognoscitur
3417 2625 3505 2680 ille

1938 2697 2030 2766 qui
2062 2709 2178 2753 arte
2204 2707 2258 2753 et
2282 2701 2551 2769 sapientia
2575 2713 2629 2758 et
2653 2707 2894 2774 potentia
2922 2719 2976 2762 et
3001 2709 3244 2766 bonitate
3277 2714 3502 2778 provide

1937 2795 2159 2852 cuncta,
2194 2798 2253 2843 ut
2286 2791 2478 2859 voluit,
2518 2794 2795 2862 produxit.
2844 2796 2972 2852 Ideo
3004 2809 3057 2852 ct
3089 2800 3257 2855 Isaias
3295 2802 3346 2855 in
3385 2803 3500 2872 spi-

1934 2878 2079 2933 ritu:
2116 2898 2135 2930 ι
2177 2879 2480 2949 Sustollite,
2519 2884 2715 2956 inquit,
2744 2890 2932 2946 oculos
2959 2902 3193 2958 vestros,
3231 2901 3286 2947 et
3313 2895 3494 2947 videte

1933 2972 2058 3041 quis
2119 2974 2302 3027 omnia
2352 2975 2467 3031 haec
2517 2979 2821 3035 ostenderit
2884 2984 2975 3038 ".
3015 3005 3033 3036 ι
3091 2987 3319 3052 Quando
3368 2987 3502 3042 dicit

1932 3064 2128 3126 omnia,
2183 3080 2245 3119 ca
2308 3069 2471 3121 multa
2542 3085 2662 3138 qua:
2726 3085 2947 3130 causata
3002 3087 3148 3144 sunt,
3182 3079 3494 3150 significat;

1848 3172 1896 3236 ρ
1929 3156 2149 3226 quando
2187 3168 2368 3214 autem
2413 3161 2488 3216 ait
2535 3165 2675 3232 quis,
2711 3176 2944 3223 mentem
2981 3170 3046 3224 ad
3085 3186 3208 3225 eum
3243 3165 3396 3228 ducit
3428 3189 3495 3228 cx

1927 3262 2038 3318 quo
2062 3263 2124 3304 ca
2154 3259 2281 3304 sunt
2310 3268 2325 3318 ;
2353 3256 2496 3321 qucd
2525 3262 2612 3309 est
2635 3257 2958 3327 simpliciter
2986 3270 3042 3316 et
3065 3265 3363 3319 secundum
3401 3282 3501 3320 na-

1925 3348 2101 3394 turam
2130 3338 2327 3397 Unum.

1994 3431 2081 3487 15.
2105 3432 2395 3505 Colligitur
2419 3436 2470 3490 in
2509 3454 2674 3492 unum
2714 3444 2956 3509 creatio,
2989 3445 3085 3499 sed
3126 3449 3488 3516 compositum

1921 3539 1986 3578 ac
2017 3525 2318 3596 multiplex,
2349 3543 2457 3582 non
2487 3538 2666 3584 autem
2698 3533 2904 3603 absque
2930 3537 3199 3606 principio
3232 3579 3247 3604 ,
3303 3550 3490 3610 utpote

1917 3616 2328 3674 creatum.Cum
2348 3619 2512 3688 igitur
2539 3624 2760 3677 mensin
2789 3625 2917 3680 illud
2943 3625 3266 3698 Unumquod
3285 3632 3488 3685 creavit

1918 3715 1973 3762 et
2001 3709 2146 3778 quod
2180 3719 2264 3764 est
2297 3725 2490 3777 unum,
2521 3727 2629 3766 non
2649 3715 2834 3791 imodo
2863 3732 2958 3786 per
2986 3734 3314 3776 concursum
3349 3725 3486 3776 inul-

1917 3809 2096 3856 torum
2126 3817 2188 3857 ac
2225 3803 2571 3860 diversorum
2603 3807 2658 3861 iu
2695 3823 2859 3863 unam
2903 3811 3074 3867 totius
3102 3813 3335 3884 alicujus
3375 3815 3485 3869 τοι*-

1919 3907 2064 3947 mam
2097 3908 2161 3949 ae
2187 3894 2435 3951 clientum
2466 3898 2785 3966 terminum,
2815 3902 2910 3957 sed
2941 3904 3248 3960 increatum
3281 3923 3344 3960 ac
3371 3908 3507 3976 pri--

1914 4003 2058 4042 mam
2090 4005 2310 4047 causam
2339 3981 2589 4048 ascendit
2611 4003 2670 4050 ut
2699 3999 3114 4069 contempletur,
3153 4018 3374 4059 necesse
3399 4013 3482 4056 cst

1914 4089 1971 4133 ιιι
2005 4080 2071 4134 ad
2107 4081 2310 4151 aliquid
2342 4099 2509 4138 unum
2554 4086 2697 4155 quod
2743 4089 3012 4144 creaverit
3051 4106 3115 4146 ac
3147 4092 3480 4146 ordinaverit

1907 4173 2177 4229 visibilem
2231 4174 2379 4231 hunc
2414 4193 2594 4232 rerum
2651 4180 2897 4236 ordinem
2947 4197 3012 4236 ac
3050 4183 3475 4252 generationem,

1909 4261 2250 4319 harmoniam
2289 4274 2343 4321 et
2382 4270 2840 4339 conspirationem
2889 4272 2944 4327 in
3006 4274 3176 4328 totius
3243 4276 3477 4346 alicujus

1905 4355 2137 4412 formam
2165 4360 2310 4426 ;vel,
2336 4361 2382 4417 si
2407 4361 2480 4416 ita
2505 4378 2613 4419 non
2643 4373 2808 4429 esset,
2827 4364 2886 4420 in
2913 4365 3186 4421 inﬁnitum
3213 4371 3476 4438 procede-

1894 4457 1977 4504 ret
2012 4465 2027 4503 :
2061 4448 2207 4518 quod
2243 4459 2327 4505 est
2355 4451 2653 4507 absurdum
2703 4453 2982 4526 Quidquid
3016 4465 3197 4514 autem
3231 4470 3482 4519 movetur

1887 4553 1940 4597 et
1968 4541 2171 4596 factum
2199 4552 2302 4608 est,
2326 4543 2624 4614 aliquando
2650 4561 2757 4600 non
2788 4558 2924 4614 erat,
2947 4556 3148 4604 et'cum
3173 4568 3282 4608 non
3306 4567 3475 4625 esset,

1889 4635 2055 4702 cmpit
2099 4649 2223 4690 esse
2259 4645 2314 4691 et
2344 4645 2550 4692 motum
2585 4636 2710 4692 fuit.
2745 4637 2890 4705 Quid
2933 4656 3074 4712 opus
3105 4654 3208 4710 est,
3240 4645 3292 4701 id
3325 4651 3472 4718 quod

1888 4726 2058 4780 movit
2079 4735 2133 4782 et
2161 4727 2226 4782 ad
2259 4733 2673 4800 generationem
2703 4734 2947 4802 adducit,
2976 4737 3256 4807 inquirere
3274 4741 3298 4795 ?
3316 4741 3471 4810 Quod

1886 4824 1970 4870 est
1999 4824 2152 4872 certo
2184 4816 2486 4879 immobile.
2521 4835 2648 4875 cum
2705 4832 2944 4878 moveat.
2982 4825 3093 4881 Nisi
3144 4828 3288 4882 enim
3325 4840 3474 4886 esset

1886 4908 2189 4976 immobile,
2217 4910 2351 4981 quid
2388 4910 2555 4983 igitur
2589 4923 2830 4970 moveret
2867 4916 3000 4972 illud
3051 4921 3198 4989 quod
3231 4921 3298 4976 ad
3333 4923 3472 4977 alte-

1885 5017 2009 5056 rum
2041 5004 2370 5073 principium
2401 5022 2508 5060 non
2544 5019 2781 5078 spectat,
2816 5025 2941 5065 cum
2973 5013 3046 5067 sit
3075 5013 3284 5085 absque
3317 5017 3470 5086 priu-

1884 5098 2068 5168 eipio?
2101 5099 2157 5157 Si
2187 5112 2368 5158 autem
2402 5103 2684 5162 immobile
2707 5119 2812 5175 est,
2841 5122 2974 5182 ergo
3003 5120 3058 5165 et
3086 5109 3469 5180 immutabile;

1883 5194 1929 5248 si
1960 5193 2129 5266 igitur
2157 5205 2212 5252 et
2256 5196 2412 5264 illud,
2449 5199 2674 5253 omnino
2703 5216 2920 5272 quoque
2952 5202 3182 5274 simplex
3230 5214 3336 5273 est,
3373 5221 3466 5269 ne.

1883 5285 1926 5340 si
1953 5290 2316 5356 compositum
2357 5292 2452 5358 sit,
2483 5302 2860 5360 convertatur,
2890 5296 3034 5365 quod
3079 5297 3238 5353 nobis
3275 5306 3334 5352 ut
3365 5299 3468 5353 im-

1884 5381 2147 5435 mutabile
2177 5393 2426 5452 apparet.
2457 5383 2795 5454 Compositio
2828 5387 2973 5442 enim
3015 5389 3348 5460 principium
3385 5402 3471 5446 est

218 5447 305 5519 τδι]
340 5449 613 5520 ἄτρεπτον
666 5456 1005 5530 ἀποφανοείη
1035 5461 1128 5514 καὶ
1156 5461 1430 5533 ἀκίνητον,
1454 5462 1529 5525 ὡς
1598 5463 1802 5527 κινοῦν,

1922 5471 2204 5539 iscordize;
2255 5477 2371 5531 haec
2418 5491 2600 5533 autem
2650 5480 3063 5549 dissolutionis;
3110 5500 3226 5552 quae
3275 5484 3464 5541 ultima

219 5541 282 5592 οὐ
315 5541 658 5613 κινούμενον.
691 5548 784 5600 καὶ
814 5549 897 5612 είς
918 5551 1130 5617 γένεσιν
1158 5554 1311 5622 ἄγον,
1333 5556 1452 5624 οὐχὶ
1491 5555 1800 5624 γενόμενον,

1922 5569 2061 5618 lotus
2093 5565 2237 5619 linea
2274 5578 2378 5623 est.
2414 5569 2532 5624 Non
2565 5559 2645 5627 est
2679 5573 2844 5644 igitur
2885 5575 2939 5631 in
2974 5576 3064 5630 illo
3108 5578 3461 5647 compositio,

222 5630 254 5706 ἦ
284 5633 587 5704 γινόμενον.
615 5637 678 5690 ΕΞ
701 5638 808 5708 ἄρα
839 5639 1105 5711 ἄτρεπτον
1134 5644 1530 5715 καὶτάκίνητον,
1553 5646 1612 5712 ἐξ
1637 5646 1804 5716 ἀνάγ-

1922 5671 1953 5713 e
1988 5655 2151 5713 simul
2184 5658 2317 5718 insit
2358 5663 2668 5734 discordia;
2697 5630 2898 5738 Ἰιρψιε
2941 5630 3341 5736 ἀίετοτάίδίίιε
3370 5630 3463 5731 ιιιὶ

228 4165 521 4232 γενέσεως,
553 4167 812 4238 ἁρμονίας
847 4190 905 4225 τε
935 4175 1030 4226 καὶ
1067 4176 1366 4244 συμπνοίας
1394 4179 1492 4248 τῆς
1522 4179 1602 4241 είς
1633 4180 1694 4231 τὸ
1725 4178 1804 4245 ἓν,

226 4257 286 4324 ἧ.
317 4259 365 4310 εί
402 4257 478 4327 μὴ
507 4259 684 4323 τοῦτο,
708 4263 793 4316 ἐπ’
822 4264 1050 4336 ἄπειρον
1090 4268 1256 4339 προΐῃ
1285 4267 1371 4332 ἂν,
1411 4269 1549 4340 ὅπερ
1583 4270 1804 4326 ἄτοπον.

227 4350 344 4403 Πᾶν
371 4349 482 4421 γὰρ
517 4352 578 4405 τὸ
607 4353 925 4424 κινούμενον
946 4396 960 4420 ,
1012 4359 1109 4412 καί⁸
1160 4360 1507 4427 γιγνόμενον,
1544 4364 1694 4417 ἐστιν
1728 4365 1807 4417 ὅτ’

227 4442 330 4493 οὐκ
378 4437 467 4513 ἦν,
498 4444 592 4497 καὶ
623 4444 699 4516 μὴ
741 4445 820 4512 ὃν,
849 4448 1050 4519 ἤρξατο
1071 4489 1085 4513 ,
1119 4451 1244 4503 εἶδ’
1274 4453 1499 4523 ἧρξατο,
1532 4456 1626 4508 καὶ
1658 4457 1799 4509 κεκί-

225 4549 412 4599 νηται.
443 4535 508 4586 Τί
538 4536 599 4587 τὸ
626 4538 854 4606 κινῆσαν
882 4538 1064 4609 ζητεῖν
1093 4540 1282 4595 δεῖκαὶ
1310 4543 1390 4605 εἰς
1423 4544 1638 4611 γένεσιν
1668 4546 1806 4613 ἁγα-

225 4624 347 4690 γὸν,
408 4626 542 4695 ὅπερ
598 4626 755 4682 ἔσται
813 4628 882 4682 ἂν
935 4629 1032 4683 καὶ
1075 4631 1353 4702 ἀκίνητον,
1389 4634 1478 4704 ἐφ’
1527 4637 1651 4689 ὅσον
1687 4637 1806 4690 ἐστὶ

225 4715 430 4769 κινοῦν·
463 4721 511 4770 εί
537 4719 648 4788 γὰρ
674 4717 757 4782 οὒ,
793 4719 844 4773 τί
874 4720 935 4774 τὸ
959 4721 1145 4776 κινοῦν
1168 4723 1228 4776 τὸ
1251 4725 1326 4794 μὴ
1354 4726 1458 4779 61:6
1489 4727 1680 4798 ἑτέραν
1707 4729 1805 4799 ἀρ-

224 4807 328 4877 χὴν
346 4808 555 4873 τελοῦν,
578 4810 782 4863 ὲπείτοι
807 4830 868 4878 γε
898 4813 995 4867 ἄνα
1009 4831 1164 4884 ρχον;
1197 4817 1244 4868 εί
1266 4816 1308 4868 δ’
1335 4816 1610 4889 ἀκίνητον,
1641 4819 1802 4892 ἄτρε-

224 4916 380 4952 πτον·
439 4903 487 4954 εἰ
523 4903 566 4954 δ’
617 4905 725 4975 ἄρα
753 4905 933 4969 τοῦτο,
985 4907 1201 4970 πάντως
1232 4909 1322 4962 καὶ
1354 4911 1576 4978 ἁπλοῦν,
1613 4913 1696 4966 ἵνα
1729 4914 1802 4984 μὴ

225 4991 482 5046 σύνθετον
506 4992 566 5046 6v
589 4996 848 5066 τραπείη,
881 4997 972 5066 ὅγε
999 4998 1266 5069 ἄτρεπτον
1289 5001 1421 5070 ἡμῖν
1444 5003 1800 5072 ὲκπέφανται·

223 5080 477 5145 σύνθεσις
505 5084 632 5153 γὰρ,
668 5087 811 5157 ἀρχὴ
849 5089 1109 5152 στάσεως.
1154 5090 1216 5143 Ἥ
1250 5090 1329 5155 δὲ,
1353 5091 1580 5156 λύσεως,
1601 5093 1678 5146 ’τὸ
1705 5095 1804 5164 τῆς

219 5178 492 5247 κινήσεως
519 5179 764 5251 ἔσχατον.
801 5183 1010 5238 Οῦκουν
1041 5185 1218 5239 τοίνυν
1270 5187 1387 5240 ἐκεῖ
1420 5186 1690 5251 σύνθεσις,
1715 5190 1804 5243 ἵνα

222 5265 300 5333 μὴ
337 5266 430 5318 καὶ
456 5267 800 5331 στάσις,οῦδέ
824 5273 1032 5342 στάσις,
1059 5274 1152 5328 ἶνα
1188 5275 1262 5346 μὴ
1282 5278 1373 5330 καὶ
1399 5277 1574 5342 λύσις,
1593 5279 1712 5332 οῦδέ
1739 5296 1803 5348 γε

219 5355 397 5420 λύσις,
435 5359 522 5413 ἵνα
556 5361 630 5431 μὴ
652 5363 746 5414 καί⁵
774 5365 971 5436 τροπὴ,
1016 5367 1110 5421 καὶ
1141 5368 1353 5438 κίνησις
1385 5370 1513 5439 περὶ
1568 5370 1660 5424 τὸν
1689 5369 1798 5442 [Ion

305 5805 348 5835 "
371 5802 470 5857 ιςςι.
510 5820 595 5868 τι..
644 5804 732 5860 ‘26.
