4058 6204
410 258 415 265 .
477 217 577 284 851
1598 223 1937 283 CALLISTI
1982 223 2596 289 CA'I‘M’I]UGIOT.E
3617 244 3735 309 852

475 355 585 397 nou
624 356 766 397 nunc
811 342 1031 411 quidem
1082 343 1325 398 hebescit
1377 357 1551 401 mens.
1584 357 1731 397 nunc
1775 357 1906 397 vero
1953 349 2077 403 est,

2143 351 2305 391 τινων
2341 341 2753 412 συνιστάμενος,
2788 343 2979 416 ὥσπερ
3007 347 3355 418 συμϐήσεται
3377 391 3393 416 ,
3427 354 3523 407 καὶ
3570 356 3619 408 εί
3675 356 3745 409 τὸ

477 435 691 505 rapida.
723 461 791 475 -
818 431 914 489 Vel
946 434 1112 490 etiam
1148 434 1252 489 hoc
1305 434 1487 489 modo.
1541 434 1857 505 Composita
1900 442 2046 490 esset

2143 425 2244 496 μὲν
2277 429 2370 483 τοῦ
2423 431 2649 496 σκέλους
2673 434 2800 505 ὁρᾷ.
2836 434 2899 488 τὸ
2934 435 2991 489 δὲ
3035 437 3173 509 πρὸς
3204 438 3332 494 ἄλλο
3355 459 3409 495 τι
3446 444 3744 512 ἐνεργεία-

477 537 531 582 et
583 542 690 581 non
743 526 971 596 simplex
1021 525 1381 584 dissimilibus
1430 527 1676 599 partibus
1724 526 2042 590 constituta.

2140 514 2284 584 εἶδος
2310 521 2589 577 τέτακταιο
2638 525 2943 590 συνθέσεως
2995 527 3103 600 γὰρ
3141 531 3236 584 καὶ
3276 532 3436 587 τοῦτο
3485 537 3711 607 κατηγὸ

476 633 697 689 quoquo
726 620 884 674 modo
918 620 1213 687 acciderit;
1244 629 1294 675 cl
1326 620 1371 675 si
1403 635 1509 675 una
1542 633 1669 689 pars
1701 618 1907 683 videat,
1936 618 2044 672 alia

2144 627 2315 682 ρημα,
2360 612 2390 666 ὃ
2423 614 2549 683 περὶ
2572 615 2633 667 τὸ
2671 616 2765 669 τοῦ
2815 616 2933 681 νοὸς
2959 619 3163 675 ἁπλοῦν
3182 624 3373 689 εἰπεῖν,
3401 624 3542 679 πάνυ
3568 629 3724 682 ἀνένο

475 727 606 766 Vero
642 712 707 765 ad
742 713 903 767 aliam
939 713 1228 782 quamdam
1259 712 1595 782 operationis
1626 714 1863 782 speciem
1890 714 2042 767 ordi-

2140 701 2348 758 δεκτον.
2384 704 2463 758 Δι’
2488 704 2598 777 ἄρα
2644 707 2824 766 ταῦτα,
2863 710 2924 762 τὸ
2970 713 3190 779 ἐνιαῖον,
3243 716 3338 770 καὶ
3394 717 3607 771 ἁπλοῦν
3635 720 3724 773 τοί

476 816 671 872 netur;
720 820 839 861 eam
884 807 1028 861 enim
1081 806 1491 875 compositionis
1527 805 1941 876 appellationem
1977 805 2044 860 de

2139 793 2279 857 ναὶς,
2307 796 2355 848 εί
2383 796 2445 849 τὸ
2473 797 2659 861 ἅπλῶς
2690 798 2749 851 ἓν
2775 803 3194 873 κατασκέψοιτο,
3220 806 3277 858 ἒν
3304 809 3395 860 καὶ
3412 811 3544 862 αὐτὸ
3580 812 3734 880 ἐνερο

477 902 676 953 mentis
694 898 1042 970 simplicitate
1066 900 1172 956 dici
1195 897 1755 969 nequit.Quapropter
1784 896 1964 950 unitas
1988 904 2047 950 et

2136 884 2263 955 γείᾳ
2288 885 2427 952 ἐστὶ,
2470 889 2567 940 καὶ
2605 893 2654 943 εί
2714 891 2774 942 ἓν
2807 891 2894 961 εἴη
2923 893 3129 960 ἁπλῶς,
3158 896 3221 948 τὸ
3255 897 3462 951 ἁπλοῦν
3505 899 3566 952 ἓν
3606 904 3738 973 ὁρᾷ.

475 992 1038 1063 simplicitas'mentis.
1063 994 1106 1048 si
1138 992 1268 1048 illud
1302 1006 1467 1047 unum
1501 989 1826 1063 simpliciter
1852 987 2041 1044 consi-

2138 976 2344 1046 Πρᾶξις
2360 979 2654 1049 τοιγαροῦν
2682 983 3055 1051 ὁποιατισοῦν,
3087 985 3120 1057 ἢ
3147 985 3372 1057 θεωρία,
3397 989 3458 1054 ἐξ
3480 992 3738 1062 ἀνάγκης

474 1083 648 1148 deret,
691 1097 798 1137 una
839 1098 1059 1155 quoque
1104 1085 1220 1152 ipsa
1254 1082 1494 1139 eliieacia
1527 1090 1632 1145 est,
1679 1091 1735 1137 et
1780 1084 1822 1138 si
1865 1096 2036 1136 unmu

2140 1069 2405 1140 φέρεσθαι
2437 1071 2647 1140 ὀφείλει
2684 1074 2820 1146 πρὸς
2853 1075 2914 1129 τὸ
2937 1076 3076 1148 ὑπὲρ
3103 1080 3228 1132 νοῦν
3256 1079 3334 1147 ἓν,
3365 1085 3414 1135 εί
3447 1083 3494 1136 δ’
3517 1083 3607 1152 οῦ,
3628 1086 3735 1138 οὐκ

472 1186 612 1231 esset
642 1175 984 1246 simpliciter,
1023 1176 1254 1245 simplex
1286 1190 1451 1229 unum
1481 1174 1648 1252 videt.
1685 1175 1842 1231 Actio
1879 1174 2044 1245 igitur

2135 1159 2323 1214 ἀνύσει
2351 1162 2535 1228 οὐδὲν,
2587 1163 2724 1218 ἀλλὰ
2778 1165 2957 1236 μάτην
3014 1170 3317 1240 ὀφθήσεται
3378 1176 3728 1245 πράττων,ἥ

473 1281 815 1337 quaecunque
857 1267 929 1322 sit
977 1280 1072 1320 aut
1126 1265 1516 1334 contemplatio
1563 1250 1633 1321 ex
1694 1266 2045 1321 necessittate

2137 1250 2358 1322 θεωρῶν
2397 1254 2426 1307 ὁ
2466 1254 2612 1317 νοῦςο
2648 1255 2804 1310 ἔσται
2834 1257 2942 1328 γὰρ
2975 1258 3164 1313 παθῶν
3191 1262 3411 1333 ἐνεργὸς
3442 1266 3548 1318 ὑπὸ
3587 1266 3733 1321 διαξ-

478 1358 606 1413 ferri
635 1359 797 1414 debet
817 1357 883 1412 ad
916 1358 1051 1413 illud
1091 1373 1259 1413 unum
1287 1357 1431 1428 quod
1462 1373 1627 1429 supra
1657 1366 1901 1413 mentem
1923 1365 2040 1424 est;

2139 1356 2290 1411 ρεσιν
2324 1342 2596 1410 κείμενος,
2655 1346 2729 1414 μὴ
2771 1347 3071 1417 φερόμενος
3133 1353 3387 1423 αἰσθήσει
3435 1354 3619 1427 ψυχῆς
3650 1362 3739 1423 εἰς·

476 1453 523 1505 si
554 1451 755 1518 minus,
789 1450 923 1505 nihil
957 1460 1306 1519 assequetur,
1341 1450 1438 1506 sed
1470 1448 1677 1505 frustra
1708 1463 1864 1504 mens
1896 1448 2043 1503 vide-

2140 1433 2240 1503 τὴν
2267 1433 2358 1486 τοῦ
2384 1434 2525 1505 ὑπ’-ρ
2551 1436 2673 1488 νοῦν
2703 1438 2820 1499 ἑνὸς
2842 1438 3091 1504 ἑνοειδῶς
3112 1441 3322 1505 ἕνωσιν,
3348 1445 3470 1515 ἥτις
3495 1448 3560 1517 δὴ
3595 1450 3729 1503 ἔνω-

478 1544 624 1598 bitur
655 1558 822 1613 agens
866 1552 956 1597 aut
987 1544 1384 1612 contemplans.
1436 1541 1550 1597 Erit
1571 1543 1736 1612 igitur
1771 1541 2045 1610 cupidita-

2139 1541 2224 1588 οις
2274 1525 2533 1591 διυλίζειν
2566 1524 2697 1592 οἶδε,
2757 1529 2851 1582 καὶ
2902 1531 3190 1602 καθαίρειν
3230 1534 3292 1587 τὸ
3335 1534 3575 1606 θεωροῦν
3632 1542 3734 1596 τοῦ

477 1645 592 1692 tum
623 1635 892 1700 ell'ectrix,
937 1636 982 1690 si
1029 1634 1284 1690 divisioni
1335 1632 1632 1701 subiaceat,
1669 1649 1774 1687 non
1825 1634 2079 1703 sublatal

2133 1616 2275 1681 νοὸς,
2304 1618 2442 1689 πρὸς
2473 1620 2649 1673 ἐκεῖνο
2677 1621 2738 1673 τὸ
2768 1620 2826 1674 ἓν
2863 1623 3334 1694 μετεωριζόμενον
3362 1631 3453 1681 καὶ
3479 1632 3734 1703 ἀφορῶν,

476 1730 671 1784 animae
695 1745 857 1785 sensu
887 1729 953 1784 ad
987 1729 1239 1784 unionem
1276 1744 1399 1784 cum
1431 1729 1521 1783 illo
1557 1743 1663 1784 uno
1693 1729 1837 1798 quod
1872 1743 2037 1798 supra
2074 1692 2078 1746 1

2134 1705 2372 1778 κάκείνῳ
2424 1712 2781 1780 προσπασχον
2822 1689 2901 1782 τῷ
2933 1713 3027 1781 ἀφ’
3050 1689 3120 1769 τοῦ
3162 1689 3233 1769 τὰ
3270 1717 3483 1786 πάντα,
3657 1689 3736 1777 διζ

477 1822 710 1879 mentem
756 1832 874 1891 est;
909 1837 1032 1892 quae
1077 1823 1208 1877 unio
1248 1822 1575 1892 despumare
1607 1823 1749 1880 valet
1777 1831 1833 1879 et
1881 1837 2043 1877 mun-

2132 1796 2216 1870 οῦ,
2240 1806 2334 1860 καὶ
2363 1808 2420 1860 ὲν
2451 1801 2496 1875 ᾧ
2528 1810 2598 1862 τὰ
2636 1813 2832 1878 πάντα,
2883 1813 2978 1867 καὶ
3011 1816 3091 1879 είς
3119 1814 3148 1867 ὃ
3190 1817 3283 1871 καὶ
3311 1817 3582 1887 γίγνεται,
3626 1818 3731 1872 καὶ

474 1918 605 1971 dare
633 1918 739 1970 vim
777 1915 973 1971 mentis
1010 1914 1490 1986 coutetnplativam
1520 1913 1650 1969 illud
1696 1929 1861 1968 ttnum
1896 1915 2046 1984 aspi-

1153 1914 1490 1986 amplativam
1520 1913 1650 1969 illud
1696 1929 1861 1968 ttnum
1896 1915 2046 1984 aspi-
2133 1897 2274 1965 ἔστιν
2302 1898 2398 1954 καὶ
2429 1900 2755 1973 ὑφέστηκεν.

473 2011 707 2065 cientem
739 2010 1182 2079 intuentemque,
1224 2023 1279 2063 et
1306 2006 1385 2062 illi
1429 2007 1795 2063 adhaerentem
1830 2020 1895 2062 ex
1932 2023 2041 2079 quo

473 2104 658 2158 omnia
693 2108 749 2156 ct
782 2103 835 2157 in
867 2100 1011 2172 quod
1044 2101 1291 2171 pervenit
1317 2108 1487 2156 etest
1515 2108 1570 2156 et
1599 2098 1870 2156 Subsistit.

556 2194 643 2249 l9.
674 2193 930 2248 Omnium
965 2191 1412 2247 d’esiderabilium
1441 2206 1713 2247 summum
1744 2200 1828 2247 est
1854 2191 2040 2246 divina

2201 2199 2287 2257 ιθ’.
2316 2202 2438 2260 Τῶν
2467 2202 2684 2258 πάντων
2728 2204 2939 2274 ἐφετῶν
2971 2205 3163 2278 ἄκρον,
3200 2209 3233 2278 ἡ
3280 2209 3419 2278 μετὰ
3468 2208 3567 2277 τῆς
3623 2209 3718 2278 ,ιυ-

475 2299 599 2339 cum
633 2286 813 2337 anima
842 2292 898 2337 et
946 2296 1112 2351 supra
1163 2290 1401 2337 mentem
1455 2282 1605 2335 uuio.
1655 2280 1759 2337 Per
1799 2281 2038 2337 divinam

2124 2292 2226 2364 χῆς
2257 2292 2395 2358 θεία.
2428 2294 2524 2348 καὶ
2554 2295 2695 2365 ὑπὲρ
2729 2294 2853 2350 νοῦν
2898 2295 3112 2361 ἓνωσις·
3142 2298 3233 2352 διὰ
3272 2298 3371 2371 τὴν
3396 2298 3717 2370 θείανιένω·

472 2376 615 2432 banc
667 2376 923 2430 unionem
981 2373 1292 2430 necessaria
1340 2383 1426 2430 est
1472 2372 1655 2429 divina
1705 2373 2040 2442 similitudo;

2125 2382 2237 2446 σιν,
2263 2383 2537 2452 ἀναγκαία
2566 2386 2601 2456 ἡ
2626 2383 2747 2440 θεία
2776 2378 3057 2457 ὁμοίωσις,
3092 2387 3181 2442 διὰ
3204 2388 3302 2460 τὴν
3334 2378 3486 2446 θείαν
3514 2392 3720 2462 ὁμοίωο

473 2483 569 2538 per
596 2467 835 2522 divinam
863 2466 1001 2522 hanc
1026 2464 1461 2533 similitudinem,
1478 2478 1709 2521 necesse
1737 2472 1823 2521 est
1843 2478 2047 2520 secuti-

2128 2489 2233 2538 σιν,
2261 2474 2560 2544 ἀναγκαῖον
2588 2477 2651 2529 τὸ
2678 2479 2824 2531 κατὰ
2855 2475 2980 2529 νοῦν
3015 2479 3281 2550 ἐνεργεῖν,
3314 2480 3433 2553 ἦτοι
3461 2482 3712 2553 θεωρεῖν.

472 2562 600 2616 dttm
649 2567 882 2615 mentem
930 2561 1166 2630 operari,
1216 2558 1425 2613 scilicet
1480 2545 1861 2629 contemplati.
1909 2555 2041 2612 Tale

2130 2566 2355 2622 Τοιοῦτο
2385 2569 2490 2639 γάρ
2523 2587 2602 2622 τοι
2634 2572 2727 2624 καὶ
2776 2573 2837 2625 τὸ
2906 2573 3048 2626 θεῖόν
3090 2575 3258 2636 ἔστιν.
3310 2576 3371 2640 ἐξ
3409 2572 3470 2630 οῦ
3505 2576 3708 2639 καὶτὸ,

469 2650 616 2708 enini
667 2663 751 2709 est
797 2652 1069 2717 divinum,
1108 2668 1175 2707 ex
1209 2667 1321 2723 quo
1349 2661 1404 2708 et
1450 2651 1584 2708 illud
1630 2652 1794 2722 Deus,
1840 2669 2037 2709 nomen

2125 2658 2281 2728 Θεὸς,
2304 2662 2475 2731 ὄνομα
2498 2663 2672 2734 τούτῳ
2707 2666 3131 2735 ἀπονενέμηται.
3184 2665 3456 2738 ’Δλλαμὴν
3484 2669 3544 2721 τὸ
3572 2670 3716 2721 θεω·

473 2746 577 2815 ipsi
610 2744 841 2799 inditum
882 2754 985 2800 est.
1028 2746 1400 2815 Contemplari
1444 2760 1572 2802 vero
1611 2747 1799 2816 rapide
1831 2748 1897 2800 ad
1943 2745 2040 2802 Dei

2130 2755 2264 2824 ρεῖν,
2290 2752 2453 2816 εὐθὺς
2494 2756 2576 2819 εἰς
2616 2755 2715 2827 τὴν
2742 2756 2837 2810 τοῦ
2868 2757 3005 2811 Θεοῦ
3038 2758 3247 2812 ἔννοιαν
3279 2759 3475 2812 ἄνεισι·
3511 2776 3718 2812 πανταο

476 2838 865 2908 cogitationem
908 2837 1187 2906 pertingit.
1234 2833 1491 2906 Undique
1516 2837 1663 2892 enim
1696 2846 1750 2892 et
1780 2838 1833 2892 in
1863 2840 2042 2894 omni-

2124 2844 2222 2915 χοῦ
2254 2845 2361 2917 γὰρ
2394 2847 2486 2899 καὶ
2512 2849 2570 2900 ἐν
2604 2849 2792 2915 πᾶσιν,
2831 2850 3056 2913 ἀκτῖνας
3078 2848 3274 2922 ὥσπερ
3314 2850 3473 2915 τινὰς
3500 2852 3713 2920 ἐνίησιν

471 2928 598 2992 bus.
633 2928 893 2997 quosdam
940 2936 1195 2996 tanquam
1241 2928 1424 2982 radios
1454 2929 1511 2983 in
1560 2930 2043 2998 contemplativam

2126 2937 2156 2989 ὸ
2187 2934 2321 3003 Θεὸς
2360 2939 2439 3009 τῷ
2467 2938 2791 3011 θεωρητικῷ
2824 2940 2920 3010 νῷ,
2954 2941 3051 2996 καὶ
3080 2941 3205 3006 νοῦς
3241 2943 3441 3013 θεωρὸς
3471 2942 3715 2996 ἀντικεί-

471 3028 707 3076 tuentem
753 3020 941 3085 tuittit,
989 3028 1047 3074 et
1096 3034 1249 3075 utens
1297 3020 1679 3092 Contemplans
1737 3036 1768 3077 e
1821 3024 2073 3093 regionet

2109 3036 2292 3097 [μενον
2323 3028 2439 3100 εχει
2469 3031 2563 3084 τὸν
2583 3032 2740 3098 Θεὸν,
2773 3030 2906 3096 Θεὸς
2932 3032 2993 3086 ’δέ
3024 3034 3174 3086 ἐστιν
3215 3033 3274 3087 ἒν
3319 3034 3711 3104 ὑπερκόσμιον.

470 3113 707 3183 positum
728 3110 895 3167 Deum
922 3111 1118 3177 habet;
1151 3109 1293 3168 Deus
1324 3120 1506 3182 autem
1531 3122 1614 3168 est
1643 3130 1811 3169 unum
1842 3129 2036 3184 super-

2130 3121 2289 3176 Ἔστι
2314 3122 2371 3177 δὲ
2402 3122 2564 3192 φύσις
2589 3122 2685 3177 τοῦ
2714 3125 2832 3187 νοὸς
2864 3124 3116 3193 γίνεσθαι
3157 3125 3399 3190 τοιοῦτος
3431 3128 3710 3196 ἐνεργείᾳ,

474 3203 743 3259 naturale.
804 3200 901 3258 Est
932 3212 1110 3258 autem
1141 3202 1339 3258 mentis
1372 3211 1568 3259 natura
1611 3204 1768 3260 talem
1799 3206 2036 3262 ellicac’a

2124 3210 2212 3270 οἷα
2234 3216 2361 3286 ὁρᾷ,
2391 3217 2466 3280 ὡς
2495 3217 2591 3270 καὶ
2621 3218 2655 3288 ἡ
2686 3216 2934 3285 θεολόγος
2967 3213 3064 3287 τοῦ
3093 3217 3373 3272 θειοτάτου
3407 3218 3712 3289 Γρηγορίου

473 3296 610 3362 lieri,
643 3292 825 3363 qualia
873 3302 1004 3349 stunt
1048 3308 1115 3349 ea
1148 3308 1269 3364 quae
1313 3294 1478 3362 videt,
1545 3303 1687 3351 utet
1733 3297 2037 3368 theologica

2125 3308 2277 3378 φωνὴ
2329 3307 2503 3377 δηλοῖ,
2533 3308 2899 3381 λαμπρότητα
2948 3309 3109 3375 Θεοῦ,
3157 3310 3415 3378 λέγουσα,
3449 3310 3546 3363 καὶ
3582 3311 3714 3365 ἰδεῖν

472 3388 583 3442 divi
622 3385 870 3455 Gregorii
905 3400 1009 3440 vox
1054 3387 1314 3452 ostendit,
1348 3386 1540 3442 dicens
1581 3397 1817 3444 mentem
1850 3392 2038 3459 splen-

2124 3399 2223 3454 καὶ
2245 3399 2535 3456 παθεῖν.⁶0
2562 3402 2672 3471 γὰρ
2701 3401 2824 3466 νοῦς
2849 3401 3083 3473 ἑώρακε,
3116 3401 3275 3455 τοῦτο
3295 3401 3387 3455 καὶ
3416 3401 3711 3468 πέπονθεν,

469 3480 658 3533 dorem
692 3477 782 3533 Dei
805 3487 859 3533 et
884 3476 1069 3531 videre
1096 3486 1148 3532 et
1178 3477 1307 3545 pati.
1338 3477 1490 3542 Quod
1521 3478 1669 3533 enim
1690 3494 1844 3535 mens
1871 3480 2039 3549 videt,

2125 3493 2162 3565 ἢ
2185 3493 2250 3562 δὴ
2278 3494 2517 3557 τοιοῦτος
2546 3495 2641 3547 καλ⁸
2667 3493 2878 3563 γέγονν
2912 3493 3146 3563 βαφεται
3175 3493 3285 3564 γὰρ
3316 3496 3344 3547 ὀ
3371 3492 3517 3557 νοῦς,
3546 3496 3713 3565 φησὶν

452 3567 525 3620 .id
580 3575 635 3621 ct
692 3570 917 3636 patitur,
975 3576 1030 3620 et
1092 3568 1220 3621 talis
1267 3566 1520 3623 ellicitnr.
1576 3564 1829 3637 Tingitur
1889 3572 2035 3625 enim

2127 3564 2288 3641 δὰπὸ
2312 3586 2609 3656 Δαμασκοῦ
2641 3586 2849 3657 Πέτρος
2875 3586 3018 3647 κατὰ
3054 3587 3122 3639 τὰ
3148 3586 3297 3655 αὑτῴ
3330 3564 3708 3658 θεωρούμενα,

472 3674 647 3721 mens,
675 3668 734 3714 ttt
764 3658 957 3715 l’etrus
979 3658 1350 3715 Damascenus
1376 3658 1474 3724 ait,
1500 3660 1802 3716 secundum
1823 3677 1884 3716 ea
1917 3678 2037 3732 qua:

2125 3675 2317 3740 κα“ιὼς
2353 3678 2410 3729 ὲν
2439 3676 2784 3749 διῃρημένοις
2839 3675 2982 3746 ὁρῶν
3036 3676 3128 3729 καὶ
3174 3675 3461 3739 ποικίλοις,
3506 3676 3715 3729 ποικίλ-

470 3751 909 3821 wuteutplatur;
962 3760 1017 3807 et
1066 3752 1215 3805 sicut
1278 3751 1499 3820 quando
1551 3752 1727 3806 divisa
1776 3769 1839 3809 ac
1882 3755 2039 3809 varia.

2129 3767 2303 3833 λεται,
2344 3772 2445 3822 καὶ⁸
2487 3768 2799 3840 διαιρεῖται,
2832 3767 2973 3822 οὓτω
3000 3785 3085 3822 τοι
3121 3767 3256 3837 πρὸς
3283 3767 3381 3835 τὴν
3416 3767 3714 3836 nudatae?»

472 3847 636 3910 videt,
674 3845 914 3899 variatur
962 3859 1028 3899 ac
1075 3844 1359 3911 dividitur,
1406 3846 1502 3910 ita,
1534 3844 1656 3899 cuni
1698 3846 1942 3900 ascendit
1971 3849 2037 3901 ad

2116 3851 2226 3914 τοῦ
2258 3861 2633 3933 ὕπερκοσμίου
2663 3860 2761 3914 καὶ
2786 3850 2979 3923 ’ἁπλῶς
3004 3861 3123 3923 ἑνὸς
3155 3858 3535 3929 ἀναϐεϐηκὼς,
3579 3861 3716 3912 ἀκο-

469 3934 984 4004 Contemplationem
1047 3933 1479 4002 snpernaturalis
1564 3949 1627 3988 ac
1717 3934 2035 3999 simpliciter

2132 3952 2337 4017 λούθως
2378 3952 2438 4007 ἓν
2459 3951 2687 4021 γίνεται,
2710 3952 2786 4016 ὥς
2816 3969 2906 4023 μοι
2937 3951 3190 4005 λέλεκται
3226 3951 3486 4021 πρόσθεν,
3513 3953 3639 4005 ἐπεὶ
3655 3953 3712 4006 δὲ

473 4024 659 4093 unius,
685 4034 1084 4096 consequenter
1126 4040 1294 4080 unum
1342 4025 1547 4097 aliquid
1594 4025 1853 4095 elil.itur,
1902 4037 1961 4083 ut
2006 4040 2039 4083 a

2133 4046 2192 4099 ὲν
2215 4044 2293 4116 τῷ
2322 4045 2403 4098 ἐνὶ
2428 4047 2659 4114 γένοιτο,
2697 4044 2759 4097 τὸ
2798 4042 3055 4115 ἄναρχον,
3085 4045 3179 4098 καὶ
3205 4044 3432 4114 ἄπειρον
3460 4044 3587 4114 ὁρᾷ,
3617 4045 3712 4096 καὶ

462 4132 561 4176 ,ιιιθ
621 4119 773 4188 prius
830 4117 1035 4172 dictqu
1104 4125 1227 4184 est;
1268 4124 1562 4188 postquam
1611 4126 1801 4174 autem
1866 4135 2034 4175 unum

2125 4136 2551 4209 ἀσχημάτιστον,
2571 4134 2679 4190 ’καῖ
2701 4126 2905 4191 ἁπλοῦν
2935 4151 2950 4167 ·
2984 4135 3195 4189 τοιοῦτο
3221 4134 3331 4205 γὰρ
3367 4135 3432 4189 τὸ
3461 4134 3520 4189 ἓν
3545 4151 3561 4167 ο
3587 4135 3712 4188 ὅθεν

471 4209 658 4265 cﬂ'eeta
683 4220 788 4275 est,
816 4209 1117 4280 ingenitum
1147 4223 1203 4266 et
1231 4210 1507 4266 inﬁnitum
1526 4218 1709 4267 etnon
1743 4209 2036 4283 ﬁguratum

2129 4229 2269 4300 δῆτα
2297 4230 2392 4283 καὶ
2424 4229 2587 4294 αὐτὸς
2617 4228 2873 4300 ἄναρχος,
2897 4229 3124 4298 ἀπειρος
3146 4226 3241 4281 καὶ
3282 4227 3709 4297 ἀσχημάτιστος,

471 4318 525 4360 et
558 4305 787 4375 simplex
817 4306 983 4359 videt.
1014 4302 1148 4362 Tale
1167 4305 1313 4361 enim
1347 4315 1427 4360 est
1460 4318 1655 4360 unum.
1713 4305 1870 4363 Unde
1903 4321 2037 4365 sane

2130 4322 2229 4377 καὶ
2263 4320 2466 4385 ἁπλοῦς
2498 4321 2621 4375 κατ’
2656 4320 2937 4392 ἐνέργειαν
2984 4319 3437 4372 ἁποκαθίσταται’
3469 4317 3630 4371 τοῦτο
3656 4317 3712 4369 δὲ

470 4408 528 4453 et
575 4401 692 4468 ipsa
730 4413 885 4453 meus
937 4397 1340 4488 quasi.aeterna
1382 4404 1438 4451 et
1481 4396 1691 4452 inﬁnita
1741 4405 1795 4452 et
1833 4398 2042 4469 absque

2100 4408 2436 4476 Ιπεπονθὼς,
2472 4412 2567 4466 καῖ
2592 4411 2764 4475 οὕτως
2789 4410 3119 4475 ἁλλοιωθεὶς,
3150 4411 3230 4474 είς
3255 4409 3355 4482 τὴν
3379 4407 3702 4477 ὲξομοίωσίν

474 4491 645 4558 risura
678 4502 732 4546 et
760 4491 988 4560 simpiex
1037 4505 1135 4559 per
1168 4490 1421 4544 virtutem
1449 4490 1705 4547 emt-itur.
1762 4488 1897 4546 Illud
1942 4507 2041 4546 au-

2134 4524 2238 4561 που
2259 4503 2358 4561 τοῦ
2399 4504 2548 4559 θείου
2591 4504 2733 4558 κατὰ
2763 4502 2826 4557 τὸ
2855 4502 2976 4556 ἐνὸν
3026 4501 3341 4572 εὑρίσκεται
3365 4539 3380 4563 ,
3413 4497 3708 4553 κάντεῦθεν

474 4592 583 4636 tem
630 4594 756 4635 eum
804 4595 970 4650 passa
996 4589 1080 4636 est
1125 4589 1290 4650 atque
1342 4581 1424 4636 sic
1480 4590 1709 4645 mutata,
1756 4582 1811 4635 in
1871 4582 2041 4636 divini

2124 4588 2409 4661 ἀνατρέχει
2438 4588 2574 4660 πρὸς
2602 4586 2664 4641 τὸ
2694 4585 2909 4641 πάντων
2941 4586 3145 4654 ἐφετῶν
3177 4585 3368 4656 ἀκρον.
3386 4586 3485 4654 τὴν
3520 4585 3700 4649 θείαν,

473 4672 892 4729 similitudinem
975 4672 1276 4728 secundum
1335 4673 1601 4729 unitatem
1668 4673 1930 4741 edicitur;
1989 4681 2046 4727 et

2123 4683 2218 4736 acati.
2251 4682 2392 4751 ὑπὲρ
2426 4679 2571 4744 νοῦν,
2624 4678 2717 4731 καὶ
2761 4677 2999 4749 ἄρρητον
3056 4677 3270 4741 ἕνωσιν,
3318 4676 3457 4746 ὅπερ
3487 4675 3636 4728 ἐστὶν
3666 4675 3696 4729 ὁ

474 4763 604 4818 inde
632 4762 870 4818 accurrit
900 4762 965 4817 ad
989 4764 1232 4818 omnium
1264 4764 1709 4819 desiderabilium
1737 4779 2041 4829 summum,

2125 4775 2293 4844 ἄκρος
2331 4773 2472 4829 κατὰ
2514 4773 2645 4826 Θεὸν
2670 4770 2891 4834 σκοπόςε
2923 4772 3015 4823 Δεῖ
3042 4769 3104 4840 δὴ
3141 4768 3230 4823 διὰ
3269 4768 3421 4822 ταῦτ’
3456 4768 3567 4839 ἄρα
3602 4768 3693 4821 τὸν

475 4856 719 4910 divinam
741 4866 792 4910 et
827 4870 993 4927 supra
1027 4866 1266 4912 mentem
1302 4865 1356 4912 et
1388 4855 1719 4912 ineffabilem
1741 4858 2027 4920 unionem,

2126 4865 2252 4919 νοῦν
2308 4862 2690 4929 ἁνατετᾶσθαι,
2745 4863 2959 4933 μηχανῇ
3007 4861 3153 4931 πάσῃ
3211 4859 3549 4928 ἐπείγεσθαι,
3574 4874 3577 4879 ‘
3601 4858 3695 4913 καὶ

429 4943 433 4948 ’
474 4949 566 5018 qui
601 4956 686 5003 est
720 4963 972 5005 summus
1008 4949 1308 5004 secundum
1343 4948 1508 5003 Deum
1546 4948 1838 5004 terminus.
1868 4945 2031 5018 Opor-

2130 4954 2341 5025 ἀφορᾷν
2369 4951 2644 5022 Πνεῦματι
2693 4950 2828 5023 πρὸς
2890 4950 2987 5022 τὴν
3037 4948 3136 5003 τοῦ
3176 4948 3550 5020 ὐπιρκοσμίου
3579 4948 3696 5010 ἑνὸς

476 5049 555 5096 tet
590 5041 760 5111 igitur
806 5052 1040 5096 mentem
1077 5042 1309 5108 intendi,
1352 5040 1617 5111 omnique
1648 5041 1811 5096 modo
1850 5042 2041 5096 conari

1211 5042 1309 5108 ιιΙί,
1352 5040 1617 5111 omnique
1648 5041 1811 5096 modo
1850 5042 2041 5096 conari
2130 5046 2363 5118 θεωρίαν
2385 5044 2478 5097 καὶ
2497 5041 2813 5112 ἀπόϐλεψιν.

472 5144 530 5191 et
579 5132 785 5205 Spiritu
854 5142 1050 5192 sancto
1123 5134 1325 5190 intueri
1391 5133 1822 5205 superuaturalis
1879 5133 2048 5189 unius

474 5227 985 5297 contemplationem
1012 5238 1064 5283 et
1091 5235 1393 5298 aspectum.

451 5381 455 5389 ‘
543 5319 635 5376 ΞΟ.
665 5294 896 5387 ῥιιαιιιίο
921 5336 1076 5376 utens
1105 5294 1371 5376 intutultis
1400 5328 1494 5374 aut
1519 5320 1708 5377 saltem
1738 5322 1790 5377 in
1823 5321 2038 5378 duobus

2200 5319 2269 5375 κ’.
2308 5318 2475 5371 Ὀταν
2499 5314 2528 5369 ὁ
2557 5312 2679 5378 νοῦς
2725 5313 2784 5366 ὲν
2825 5307 3058 5373 πολλοῖς,
3092 5307 3127 5380 ἦ
3156 5294 3561 5391 τούλάχιστονῇ
3596 5298 3700 5391 κᾶν

473 5423 578 5479 est,
623 5413 971 5468 manifestum
1023 5422 1108 5470 est
1165 5429 1286 5468 eam
1340 5429 1447 5469 non
1502 5414 1823 5485 simpliciter
1872 5431 2044 5469 unum

2128 5414 2187 5467 ὲν
2215 5410 2357 5476 δυσὶ,
2405 5407 2564 5479 δῆλον
2596 5406 2678 5460 ὅτι
2715 5402 2835 5474 οὐχὶ
2875 5401 2937 5455 τὸ
2967 5399 3154 5461 ἁπλῶς
3179 5397 3238 5450 ἓν
3260 5392 3512 5485 ὁρᾷςΔῂιὰ
3543 5389 3696 5485 τοῦ-το

473 5506 683 5562 videre.
716 5505 844 5562 ideo
875 5506 1026 5561 [inita
1053 5515 1136 5562 est
1160 5514 1214 5561 et
1250 5508 1547 5563 terminata
1577 5481 1633 5562 et
1666 5507 1882 5575 tenuis;
1921 5524 2044 5578 qua:

2131 5499 2433 5572 ὡρισμένος
2458 5497 2518 5549 τέ
2549 5496 2685 5558 ἐστι,
2714 5493 2809 5547 καὶ
2831 5488 3270 5578 πεπερασμένος,
3312 5483 3410 5537 καὶ

474 5599 615 5653 enim
641 5615 744 5653 non
766 5598 992 5654 omnino
1016 5598 1283 5671 simplicia
1308 5607 1458 5665 sunt,
1479 5599 1604 5655 talia
1634 5610 1784 5656 sunt.
1811 5578 2061 5666 Quando

2131 5569 2203 5647 τά
2231 5569 2332 5662 γὰρ
2373 5589 2448 5661 μὴ
2480 5585 2759 5648 ἀπολύτως
2783 5583 2951 5647 ἁπλᾶ,
2984 5577 3205 5635 τοιαῦτα
3237 5578 3395 5630 εἰσιν.
3432 5572 3620 5628 Ἠνίκα
3646 5569 3698 5671 δε

477 5704 625 5747 nens
653 5692 823 5763 rcipsa
844 5700 927 5748 est
952 5692 1004 5747 in
1037 5691 1198 5764 hujus
1225 5692 1385 5749 unius
1416 5695 1791 5769 contractione
1818 5694 2041 5761 intacta,

2136 5685 2226 5739 τοῦ
2266 5684 2338 5755 τῷ
2368 5682 2477 5735 ὄντι
2523 5680 2637 5744 ἑνὸς
2672 5681 2726 5733 ἐν
2762 5677 2943 5747 ἐπαφῇ
2994 5674 3213 5740 γένηται
3245 5668 3529 5738 diverti-pm,
3563 5662 3698 5717 κατὰ
