4032 6208
339 265 448 327 8ῖὸ

1484 274 1579 336 DE
1618 276 1656 336 ν
1669 274 1792 334 ΙΤΑ
1833 275 2467 340 CONTEMPLATIVA
2482 326 2494 339 .

3476 282 3581 345 εει

349 397 543 467 νοερὰν
579 397 754 469 τούτῳ
808 399 866 451 ἐν
918 399 1200 470 Πνεύματι
1243 397 1542 468 summa:
1597 401 1926 471 ἁνομμάτως

2027 407 2113 462 per
2171 395 2510 464 spiritualcm
2557 394 2614 448 in
2680 395 2784 449 hoc
2844 396 3036 464 spiritu
3097 402 3401 463 respectum
3462 395 3583 450 sine

349 489 646 557 ἐπιϐαλὼν,
679 490 934 559 ἄναρχος,
963 491 1208 562 ἄπειρος,
1237 493 1506 562 ἀόριστος,
1524 491 1928 562 ἀσχημάτιστός

348 599 406 634 τε
439 582 534 635 καὶ
574 583 816 646 ἀνείδεος
855 584 1086 651 γίνεται,
1118 583 1214 636 καὶ
1257 585 1356 652 τὴν
1387 584 1627 653 ἀφασίαν
1658 583 1924 649 ἐνδύεται,

351 675 444 727 καὶ
470 675 530 727 τὸ
562 677 772 745 σιωπᾷν
806 676 966 728 ἀσκεί
1014 678 1130 745 μετ’
1161 673 1496 746 ἐκπλήξεως,
1527 676 1620 729 καὶ
1655 675 1928 744 ἐμπίπλαο

351 783 438 818 ται
469 767 775 835 τερπωλῆς,
801 765 896 818 καὶ
929 766 1126 836 πάσχει
1150 767 1219 821 τὰ
1247 768 1604 838 ἁνεκλάλητα.
1635 769 1768 820 "Avo
1780 783 1925 838 ρχον,

354 857 447 909 καὶ
495 856 722 925 ἄπειρον
767 858 846 921 δὲ,
895 859 990 913 καὶ
1043 859 1319 930 ἀόριστον,
1358 860 1431 930 μὴ
1462 860 1586 912 κατ’
1618 859 1807 912 οὐσίαν
1860 877 1926 930 με

352 947 512 1016 εἴπῃς
569 946 800 1012 λέγοντα
859 946 1184 1014 γίγνεσθαι,
1251 948 1385 1002 ἀλλὰ
1445 948 1565 1002 κατ’
1623 949 1924 1018 ἐνέργειαν.

365 1038 599 1092 Ἐπεέτοι
651 1054 714 1105 γε
776 1037 873 1090 καὶ
915 1037 945 1090 ὃ
986 1039 1312 1108 μεταϐάλλει
1357 1041 1502 1106 νοῦς,
1546 1041 1645 1110 οὐχ
1681 1041 1715 1110 ἡ
1771 1039 1929 1092 οὐσία

353 1127 499 1180 ἐστὶν
523 1127 708 1190 αὐτοῦ,
740 1127 909 1197 ἀλλ’ἢ
941 1128 1215 1199 ἐνέργεια.
1263 1131 1323 1183 El
1350 1131 1458 1200 γάρ
1485 1147 1566 1182 τοι
1596 1130 1715 1182 κατ’
1741 1128 1930 1181 οὐσίαν

352 1219 632 1288 ἠλλοίωτο,
669 1218 793 1274 ίδὼν
832 1220 929 1273 καὶ
959 1221 1145 1275 παθὼν
1169 1222 1266 1291 τὴν
1298 1221 1510 1284 θέωσιν,
1542 1221 1659 1292 ἦτοι
1683 1219 1929 1284 θεωθεὶς,

353 1312 418 1363 ἐκ
446 1311 540 1365 τοῦ
577 1312 671 1365 τὸν
717 1311 851 1366 Θεὸν
904 1312 1152 1383 θεωρεῖν,
1195 1309 1263 1382 ἦν
1291 1312 1356 1366 ἂν
1397 1314 1517 1366 κατ’
1551 1313 1740 1367 οὐσίαν
1773 1313 1930 1376 Θεὸς.

367 1402 642 1473 Ἀλλαμὴν
685 1403 784 1456 οὐκ
814 1404 927 1458 ἔστι
955 1403 1136 1469 τοῦτο,
1171 1405 1279 1460 οὐδ’
1311 1405 1378 1460 ἂν
1422 1404 1536 1459 τῶν
1564 1405 1813 1474 ἀγγέλων
1841 1406 1932 1458 οὑ-

349 1492 482 1558 δεὶς,
533 1492 671 1564 πλὴν
715 1494 808 1546 τοῦ
843 1495 1030 1565 μόνον,
1057 1495 1152 1550 καὶ
1183 1496 1374 1566 ἄκρου,
1401 1496 1497 1550 καὶ
1529 1496 1649 1560 ἐνὸς
1682 1495 1841 1561 Θεοῦ,
1870 1494 1932 1548 τὸ

353 1583 476 1636 κατ’
511 1583 700 1636 οὐσίαν
737 1580 875 1638 εἶναι
901 1584 1056 1649 Θεός.
1106 1587 1167 1639 El
1195 1587 1376 1639 τοίνυν
1405 1587 1527 1639 κατ’
1559 1586 1749 1640 οὐσίαν
1780 1585 1933 1638 θεοῦ-

356 1673 480 1726 σθαι
512 1675 606 1728 τὸν
635 1675 760 1727 νοῦν
813 1677 990 1729 εἰπεῖν
1037 1677 1258 1742 ἄτοπον,
1289 1677 1534 1731 λείπεται
1561 1677 1740 1745 λέγειν
1773 1678 1931 1730 τοῦτο

2017 487 2194 540 oculis
2226 502 2542 557 assurgens,
2599 499 2729 542 tunc
2778 497 3002 552 mterna,
3049 488 3283 553 inﬁnita,
3336 490 3585 543 intermi-

2019 589 2174 643 nata,
2233 580 2353 634 sine
2408 580 2582 632 forma
2635 589 2689 634 et
2739 579 2908 649 ﬁgura
2958 579 3036 642 lit,
3093 580 3580 649 impotentiamque

2018 669 2278 737 loquendi
2319 669 2514 734 induit,
2551 672 2712 724 silere
2736 687 2858 725 cum
2879 681 3101 741 stupore
3131 673 3310 736 discit,
3350 683 3404 728 et
3438 673 3581 728 inef-

2019 758 2201 813 fabilia
2242 760 2463 828 patitur.
2503 758 2580 814 Ne
2617 760 2771 814 dicas
2801 775 2886 815 me
2911 763 3119 816 dixisse
3142 777 3261 816 eam
3305 763 3418 817 ﬁeri
3455 765 3587 818 sub-

2014 851 2350 908 stantialiter
2370 862 2624 907 aeternam
2644 864 2698 908 et
2717 853 2982 907 inﬁnitam
3009 864 3060 908 et
3083 869 3190 908 non
3213 857 3583 918 terminatam,

1984 945 2110 997 .sed
2163 942 2505 998 solummodo
2564 959 2661 1013 per
2693 945 3090 1013 operationem.
3146 946 3300 1012 Quod
3349 949 3492 1005 enim
3529 950 3582 1002 in

2017 1044 2203 1090 mente
2227 1043 2497 1098 mutatur,
2531 1051 2638 1090 non
2673 1051 2807 1092 sane
2836 1047 2920 1092 est
2945 1038 3275 1104 subetanlia,
3319 1039 3412 1092 sed
3449 1056 3583 1106 ope-

2019 1129 2179 1183 ratio.
2227 1127 2284 1183 Si
2325 1129 2471 1183 enim
2520 1127 2950 1183 substantialiter
2993 1137 3314 1195 mutaretur,
3365 1133 3586 1200 quando

1987 1219 2280 1275 .Deitatem
2321 1219 2470 1273 videt
2515 1229 2566 1273 et
2601 1219 2827 1288 patitur,
2887 1219 3140 1273 deiﬁcata
3188 1235 3402 1288 nempe,
3444 1229 3577 1274 tunc

2016 1327 2080 1366 ex
2117 1310 2208 1365 Dei
2246 1311 2728 1380 contemplatione,
2767 1311 2913 1367 Deus
2961 1310 3077 1380 ipsa
3113 1326 3208 1380 per
3241 1312 3584 1380 contempla-

2016 1401 2220 1456 tionem
2257 1402 2428 1457 ﬁeret.
2486 1401 2593 1456 Sed
2645 1417 2752 1458 non
2785 1402 2859 1456 ita
2895 1411 3002 1463 est,
3056 1417 3236 1472 neque
3273 1403 3323 1455 id
3379 1404 3586 1472 angelis

2017 1498 2310 1566 contingit,
2348 1511 2448 1551 nec
2475 1506 2558 1551 est
2607 1495 2716 1551 nisi
2751 1496 2902 1551 solus
2953 1502 3008 1551 et
3055 1510 3305 1550 summus
3335 1505 3387 1548 et
3445 1511 3587 1547 unus

2020 1589 2456 1644 Substantialiter
2496 1588 2658 1642 Deus.
2689 1586 2748 1641 Si
2775 1588 2938 1657 igitur
2959 1586 3258 1640 absurdum
3296 1586 3586 1641 estdicere

2021 1691 2256 1734 mentem
2284 1681 2720 1735 subSIantialiter
2747 1680 3008 1741 deiﬁcari,
3041 1677 3330 1734 dicendum
3353 1687 3436 1732 est
3465 1693 3584 1731 eam

358 1766 587 1836 πάσχειν
636 1768 818 1833 αὑτὸν,
855 1768 1004 1839 αὐτῷ
1037 1770 1114 1839 τῷ
1144 1770 1298 1839 ὁρᾷν.
1332 1770 1445 1823 Οὐκ
1475 1770 1582 1841 ἄρα
1613 1770 1775 1838 φύσιν
1819 1770 1931 1840 ἕχει

2027 1773 2072 1826 id
2119 1775 2226 1842 pati
2278 1774 2397 1842 ipso
2428 1783 2676 1842 aspectu.
2731 1770 2850 1826 Non
2910 1771 3076 1841 igitur
3136 1781 3336 1824 natura
3394 1770 3592 1823 tuentis

362 1857 698 1914 ἀλλοιοῦσθαι
737 1860 836 1930 τὴν
882 1861 1071 1914 οὐσίαν
1103 1863 1288 1926 αὐτὸν,
1320 1863 1457 1916 ἀλλὰ
1499 1863 1597 1933 τὴν
1626 1863 1949 1934 ἐνέργειαν,-

364 1949 531 2013 illo);
559 1968 640 2014 τε,
667 1954 712 2004 εἰ
745 1952 1138 2020 μεταϐάλλεται
1178 1955 1498 2022 πεφυκότως
1537 1957 1565 2008 ὁ
1607 1955 1751 2018 νοῦς,
1787 1951 1934 2028 ᾗπερ

365 2043 588 2111 εἴρηται,
619 2043 756 2096 κατὰ
778 2043 847 2097 τὰ
869 2045 1016 2114 αὐτῷ
1041 2046 1411 2117 θεωρούμενα,
1432 2049 1628 2119 θεωρεῖ
1652 2049 1709 2101 δὲ
1730 2048 1933 2120 ἥκιστα

367 2133 575 2184 πάντων
603 2135 702 2204 τὴν
747 2134 898 2189 θείαν
947 2135 1156 2201 οὐσίαν,
1190 2137 1327 2192 ἀλλὰ
1361 2137 1458 2207 τὴν
1486 2139 1788 2208 ἐνέργειαν,
1821 2138 1932 2191 οὐδ’

370 2221 521 2284 αὐτὸς
567 2221 676 2291 ἄρα
705 2223 826 2276 κατ’
883 2223 1073 2277 οὐσίαν
1108 2223 1557 2294 ἅλλοιωθήσεται,
1615 2223 1753 2278 ἀλλὰ
1809 2223 1931 2277 κατ’

372 2312 444 2364 ὲιέ
455 2330 546 2384 ργε
557 2331 662 2368 ιαν.

432 2413 538 2461 κα’.
571 2406 652 2458 Τὰ
698 2407 874 2460 πάντα
921 2410 984 2462 ἐκ
1025 2408 1118 2461 τοῦ
1172 2407 1546 2479 ὕπερκοσμίου
1587 2409 1704 2472 ἐνὸς
1744 2407 1934 2480 ὥσπερ

367 2497 735 2567 ,ὲκιάειψαντα,
762 2501 862 2552 οὐκ
885 2500 1226 2570 ἀπέστησαν,
1256 2501 1380 2554 ὃθεν
1414 2501 1572 2571 ἔσχον
1593 2501 1694 2572 τὴν
1720 2502 1934 2570 γένεσιν

379 2603 546 2658 τροπῳ
575 2592 756 2652 παντὶ,
789 2590 904 2642 ἀλλ’
939 2593 1011 2653 ⁹ὲν
1038 2591 1234 2662 ἐκείνῳ
1282 2591 1472 2662 ὥσπερ
1501 2593 1767 2660 ἐγένοντο,
1793 2590 1937 2646 οὕτω

381 2679 816 2750 καὶσυνέχονται,
863 2683 956 2736 καὶ
994 2681 1346 2756 τελειονῦνται.
1392 2684 1501 2736 Καὶ
1529 2684 1678 2736 οὐδέν
1710 2685 1856 2737 ἐστιν
1880 2685 1938 2738 ὲν

379 2771 533 2839 οῦᾷειὶ
565 2774 672 2826 τῶν
707 2774 979 2836 ἁπάντων,
1033 2775 1091 2826 ὲν
1135 2767 1178 2842 ᾧ
1221 2775 1320 2828 οὐκ
1347 2775 1492 2828 ἐστιν
1523 2776 1811 2846 ἀπόρῤοια,
1844 2779 1938 2831 καὶ

385 2865 563 2919 ὠσαεεί
616 2884 699 2929 τις
734 2866 877 2936 ὀσμὴ
923 2867 1132 2920 ἐκείνου
1166 2867 1259 2920 τοῦ
1321 2868 1626 2939 ποιητικοῦ,
1665 2873 1757 2924 καὶ
1786 2872 1936 2936 ὄντος

321 3034 325 3038 .
387 2957 502 3019 ἑνός
525 2960 645 3012 ’καὶ
677 2960 852 3012 πάντα
884 2959 952 3010 τὰ
997 2958 1144 3020 ὄντος
1175 2961 1465 3029 μετέχοντα
1502 2965 1783 3033 μονονουχὶ
1821 2982 1933 3033 φω-

387 3052 484 3117 νὴν
509 3049 694 3116 ἀοιᾶσι,
743 3050 1176 3120 παραδεικνύντα
1219 3053 1339 3121 οὐχὶ
1384 3053 1443 3104 τὸ
1471 3054 1838 3124 ὑπερκόσμιον
1879 3055 1936 3107 ἓν

391 3140 567 3203 (τοῦτο
586 3143 693 3214 γὰρ
745 3142 1096 3212 ὑπερίδρυται
1147 3142 1324 3212 πάσης
1353 3143 1454 3214 τῆς
1500 3146 1790 3198 ὁποιασοῦν
1825 3147 1935 3200 εἴτε

389 3233 618 3304 θεωρίαι,
652 3237 761 3288 εἴτε
791 3233 1073 3305 νοήσεως),
1102 3236 1234 3288 ἀλλά
1274 3253 1394 3290 τινα
1423 3237 1615 3290 ἀκτῖνα
1647 3237 1738 3290 τοῦ
1766 3239 1934 3309 ὑπερ-

391 3320 612 3390 κοσμίοις
643 3325 776 3386 ἑνός.
820 3324 981 3377 Ὅθεν
1009 3325 1131 3377 ἐπεὶ
1170 3324 1258 3377 διὰ
1289 3325 1504 3399 πάντων
1553 3327 1839 3380 ἐπιϐοᾶται
1870 3330 1936 3383 τὺ

391 3409 474 3470 ἓν,
510 3405 604 3456 καὶ
622 3411 785 3463 τάντα
825 3410 968 3463 νεύει
1015 3413 1151 3481 πρὸς
1193 3411 1273 3475 ἓν,
1301 3412 1396 3466 καὶ
1421 3415 1552 3468 αὐτὸ
1604 3417 1668 3468 τὸ
1700 3417 1936 3487 ὑπερκό-

397 3516 556 3566 σμιον
585 3496 734 3556 ἓνδιὰ
762 3503 981 3557 πάντων
1026 3503 1133 3556 τῶν
1162 3503 1330 3557 ὄντων
1363 3506 1652 3574 προφαίνει
1681 3509 1839 3562 ἑαυτὸ
1861 3509 1938 3579 τῷ

397 3589 479 3644 νοῒ
502 3605 515 3618 ·
559 3586 738 3666 ἁνάκη
783 3596 1262 3663 χειραγωγεῖσθαι,
1314 3596 1404 3648 καὶ
1435 3596 1808 3667 πώηγείσθαι,
1841 3602 1939 3656 καὶ

404 3681 629 3748 ἄγεσθαι
683 3686 785 3755 pb;
843 3686 905 3739 τὸ
949 3686 1325 3756 ὑπερκόσμιον
1369 3687 1425 3740 ἓν
1470 3689 1562 3742 τὸν
1591 3691 1749 3743 νοῦν’
1779 3693 1938 3747 τοῦτο

411 3775 532 3844 μὲν.
561 3775 626 3840 τῇ
653 3772 723 3826 τίν
753 3778 958 3831 πολλῶν
991 3780 1158 3832 ὄντων
1206 3781 1381 3832 πειθοῖ
1412 3781 1752 3851 βιαζόμενον,
1783 3785 1938 3838 τοῦτο

396 3867 465 3920 ,δὲ
492 3863 584 3917 καὶ
621 3863 700 3915 ὅτι
726 3869 752 3921 δ
795 3867 980 3933 κτίζον
1020 3869 1099 3935 ἓν,
1137 3873 1263 3941 περὶ
1306 3866 1378 3925 οἶν
1401 3889 1463 3940 γε
1499 3875 1632 3943 ἡμῖν
1667 3877 1765 3946 ἤδη
1795 3878 1822 3929 ὁ
1853 3876 1940 3931 id-

410 3975 504 4025 γος
533 3954 666 4014 ἐστὶ,
713 3953 921 4024 βύλεται
974 3962 1206 4032 ὁρᾶσθαι
1247 3963 1350 4016 ὑπὸ
1381 3965 1474 4016 τοῦ
1505 3965 1622 4028 νοὸς
1651 3968 1939 4038 περιουσίᾳ

412 4047 842 4120 χρηστότητοςῖω
868 4055 896 4106 ὁ
927 4053 1049 4117 νοῦς
1078 4057 1133 4107 ἐν
1183 4055 1360 4124 τούτῳ
1391 4056 1575 4126 πάσχῃ
1626 4057 1687 4110 τὸ
1717 4057 1835 4128 ζῇν,
1862 4057 1938 4122 ὡς

413 4137 547 4193 αὑτό
579 4152 708 4204 φησι
747 4151 770 4185 ἰ
794 4145 1032 4214 ἄρρητον
1059 4145 1121 4198 ἓν
1147 4162 1162 4177 ο
1200 4144 1370 4213 «Ἐγώ
1423 4147 1537 4216 είμι
1565 4149 1598 4218 ἡ
1646 4148 1788 4217 ζωή·
1842 4148 1940 4201 καὶ

414 4230 552 4298 αὕτη
578 4227 725 4280 ἐστὶν
751 4228 985 4300 ἠιίὼνιος
1010 4237 1144 4307 ζωὴ,
1179 4238 1266 4292 ῐνα
1294 4237 1602 4305 γινώσκωσὶ
1628 4256 1686 4292 σε
1727 4239 1819 4292 τὸν
1842 4240 1940 4309 μό-

413 4342 502 4378 νον
528 4317 776 4392 ἀληθινὸν
798 4328 936 4381 ιιόν.»
967 4330 1075 4383 Καὶ
1101 4329 1336 4400 ἀλλαχοῦ
1359 4347 1372 4360 ·
1410 4350 1428 4382 ι
1451 4330 1820 4400 Ἐκζητήσατε
1850 4331 1940 4384 τὸν

2023 1881 2054 1917 n
2080 1873 2307 1926 utatur,
2329 1864 2421 1918 sed
2450 1864 2570 1932 ejus
2601 1863 2868 1931 operatio.
2893 1861 2948 1916 Si
2980 1862 3121 1915 enim
3147 1876 3300 1915 mens
3323 1868 3589 1919 mutatur,

2022 1966 2083 2012 ut
2120 1956 2324 2010 dictum
2379 1963 2482 2016 est,
2533 1954 2834 2009 secundum
2889 1969 2950 2007 ea
2987 1969 3109 2020 quae
3165 1952 3588 2018 contemplatur,

2023 2053 2250 2106 minimc
2281 2050 2424 2104 videt
2463 2049 2702 2103 divinam
2735 2048 3049 2112 essentiam,
3082 2046 3174 2101 scd
3216 2044 3586 2114 operationem

2023 2143 2304 2208 divinam;
2343 2157 2519 2211 neque
2551 2143 2666 2211 ipsa
2699 2140 2867 2210 igitur
2886 2137 3324 2192 suhSIantialiter
3354 2135 3591 2192 mutabi-

2025 2243 2136 2298 tur,
2169 2232 2263 2289 sed
2307 2234 2608 2290 secundum
2643 2232 3039 2302 operationem.

2094 2413 2185 2468 2i.
2211 2411 2408 2465 Omnia
2447 2426 2510 2465 ex
2545 2407 2948 2480 supernaturali
2983 2421 3093 2461 uno
3117 2415 3374 2476 tanquam
3407 2405 3592 2473 splen-

2027 2506 2233 2573 dentia,
2261 2519 2368 2559 non
2403 2511 2747 2558 recesserunt
2783 2503 2855 2554 ab
2893 2517 2958 2554 eo
2992 2499 3138 2554 unde
3171 2499 3594 2570 generationem

2026 2598 2343 2655 omnimodo
2399 2597 2660 2657 habuere.
2724 2595 2819 2649 sed
2877 2594 2929 2647 in
2992 2593 3085 2647 illo
3135 2591 3591 2661 quemadmodum

2027 2701 2148 2743 acta
2210 2697 2358 2748 sn:.t,
2395 2686 2469 2740 ita
2525 2697 2580 2741 et
2649 2685 2939 2739 adhaerent
2983 2691 3037 2738 et
3091 2683 3470 2752 perﬁciuntur.
3529 2681 3594 2734 Et

2030 2782 2166 2835 nihil
2200 2791 2282 2834 est
2319 2782 2369 2834 in
2403 2794 2512 2848 quo
2561 2794 2668 2832 non
2700 2779 2772 2833 sit
2795 2775 3048 2844 eminus.
3081 2784 3135 2830 et
3169 2784 3426 2844 tanquam
3463 2777 3596 2830 odor

2031 2873 2228 2941 aliquis
2254 2872 2416 2938 hujus
2459 2869 2739 2925 Creatoris
2781 2876 2834 2922 et
2866 2869 3048 2922 unius.
3105 2868 3174 2922 Et
3231 2867 3413 2920 omnia
3474 2882 3598 2935 (μιαι

2029 2964 2300 3018 exsistunt
2331 2962 2619 3016 manifeste
2648 2961 2946 3016 ostendunt
2977 2975 3084 3014 non
3116 2961 3295 3029 ipsum
3328 2974 3564 3029 superna
3590 2989 3598 2999 -

2031 3056 2206 3108 turale
2239 3070 2404 3108 unum
2460 3053 2615 3122 (illud
2646 3053 2790 3107 enim
2848 3058 2934 3107 est
2993 3065 3159 3120 supra
3197 3065 3413 3104 omnem
3463 3066 3594 3104 con-

2035 3142 2440 3210 templationem
2500 3151 2595 3196 aut
2652 3140 3115 3211 cegitationem),
3181 3141 3273 3194 sed
3328 3141 3594 3209 quasdam

2033 3234 2183 3291 illius
2212 3234 2414 3288 radios.
2447 3234 2625 3301 Unde,
2662 3248 2787 3288 cum
2813 3234 3070 3288 omnibus
3101 3233 3428 3288 inclametur
3464 3231 3597 3285 illuzl

2035 3344 2200 3382 unum
2233 3337 2287 3382 ct
2315 3327 2497 3382 omnia
2527 3326 2592 3380 ad
2628 3341 2795 3379 unum
2840 3325 3086 3389 tendant,
3124 3333 3178 3377 et
3201 3324 3375 3393 ipsum
3409 3339 3600 3389 super-

2029 3419 2279 3474 aaturale
2335 3433 2502 3473 unum
2535 3419 2778 3486 seipsum
2816 3415 2981 3468 merui
3014 3431 3109 3484 per
3137 3416 3319 3469 omnia
3373 3414 3602 3470 manife-

2034 3521 2165 3576 stet,
2204 3526 2424 3566 necesse
2468 3517 2559 3564 est
2590 3519 2647 3562 ut
2688 3523 2842 3561 mens
2869 3507 3023 3576 quasi
3066 3521 3228 3560 manu
3273 3506 3507 3559 ducatur
3543 3518 3601 3562 et

2034 3607 2168 3676 pede
2230 3603 2295 3656 ad
2363 3602 2495 3658 illud
2547 3600 2968 3671 supernaturale
3031 3612 3246 3662 unum;
3305 3605 3418 3649 tum
3470 3597 3599 3665 quia

2032 3699 2278 3754 omnium
2339 3697 2693 3768 persuasione
2738 3695 2971 3764 cogitur,
3034 3704 3146 3746 tum
3213 3702 3268 3745 et
3327 3705 3392 3744 eo
3456 3693 3598 3759 quod

2034 3793 2208 3862 ipsqu
2250 3791 2378 3844 illud
2413 3805 2600 3852 unum,
2652 3787 2817 3840 nimia
2876 3801 2975 3840 sua
3028 3784 3290 3850 bonitate,
3344 3797 3373 3836 a
3423 3793 3602 3835 mente

2037 3888 2150 3937 vult
2173 3901 2318 3951 aspet
2339 3883 2463 3946 tari,
2491 3890 2546 3934 ut
2577 3895 2730 3964 ruens
2759 3881 2815 3933 in
2850 3893 2915 3932 eo
2953 3888 3181 3946 aspectu
3224 3877 3388 3929 vitam
3433 3875 3604 3944 patia-

2035 3985 2147 4038 tur,
2212 3975 2664 4045 quemadmodum
2727 3971 2859 4025 dicit
2915 3970 3046 4023 illud
3098 3967 3372 4023 ineffabile
3408 3983 3600 4029 unum,

2041 4087 2060 4120 ι
2089 4068 2202 4136 Ego
2247 4083 2368 4121 sum
2403 4067 2549 4131 vita;
2599 4082 2617 4109 ι
2653 4072 2707 4118 et
2743 4082 2758 4118 :
2802 4062 2971 4116 (11ωο
3001 4069 3089 4115 est
3138 4060 3249 4114 vita
3303 4069 3504 4114 aeterna
3541 4067 3602 4112 ut

2033 4172 2368 4232 cognoscant
2426 4169 2479 4215 te
2531 4160 2708 4215 solum
2770 4156 2936 4209 Deum
2971 4168 3197 4221 verum;
3231 4173 3250 4204 ι
3304 4164 3357 4208 et
3423 4153 3600 4206 alibi:

2041 4271 2059 4304 ι
2091 4254 2322 4317 Qmerite
2369 4251 2660 4304 Dominum
2702 4257 2756 4302 ct
2789 4250 2929 4300 νίνυι
2975 4245 3153 4298 anima
3210 4255 3418 4298 vestra.
3456 4262 3473 4295 ι
3519 4242 3596 4299 Ex

2038 4343 2392 4410 inquisitione
2440 4341 2584 4395 enim
2623 4339 2807 4406 visio;
2847 4355 2911 4391 ex
2942 4352 3003 4391 ea
3059 4347 3243 4391 autem
3303 4338 3434 4392 vita.
3499 4337 3599 4389 Et:

415 4414 639 4482 Κύριον,
675 4408 770 4462 καὶ
803 4405 980 4471 ἔσεται
1013 4419 1046 4487 ἡ
1095 4419 1240 4489 ψυχὴ
1267 4417 1424 4488 ἡμῶν
1446 4435 1458 4449 ο
1511 4419 1574 4471 ἐκ
1628 4418 1735 4487 γὰρ
1780 4417 1936 4487 ζητή-

2043 4405 2444 4495 ιιέκιιὶιενθιυτ,
2504 4441 2557 4485 ιιι
2597 4405 2960 4493 illutuiiu-tur,
3023 4437 3078 4483 et
3115 4429 3352 4494 laetetur,
3412 4437 3470 4481 ut
3522 4430 3601 4480 ait

417 4521 578 4569 σεως,
631 4503 665 4572 ἡ
720 4501 876 4570 ὅρασ.
939 4510 1033 4563 Ἐκ
1093 4511 1298 4580 ταύτης
1349 4509 1426 4573 δὲ,
1492 4510 1524 4577 ἡ
1586 4507 1717 4578 ζωή.
1758 4527 1776 4559 ι
1809 4509 1940 4574 Καὶ,

428 4596 646 4656 «Ὅπως
680 4590 880 4659 γάννυτ
937 4599 1033 4654 καὶ
1081 4600 1390 4668 φωτίζοιτο,
1437 4601 1533 4654 καὶ
1571 4599 1939 4670 εὐφραίνοιτο,

415 4687 493 4749 ὡς
526 4687 552 4738 ὁ
581 4681 744 4736 Ααδίδ
799 4696 927 4758 φηο,
960 4692 1042 4744 ὅτι
1087 4691 1196 4744 τῶν
1238 4689 1680 4762 εὐφραινομένων
1723 4690 1941 4744 πάντων

417 4789 452 4859 ἡ
482 4782 738 4844 multa
767 4781 825 4833 ὲν
848 4780 944 4838 coit
981 4790 1089 4844 Καί
1115 4806 1129 4821 ·
1174 4807 1192 4840 ι
1217 4790 1305 4842 Ἐν
1332 4791 1409 4861 τῷ
1447 4791 1586 4859 φωτί
1618 4807 1714 4844 σου
1749 4792 1949 4863 ὀψόμε-

421 4881 490 4934 θα
521 4878 656 4948 φῶς.
687 4892 706 4926 ι
765 4871 838 4924 Ἦ
885 4869 1060 4935 πάτὺν
1097 4882 1197 4951 μὲν
1247 4880 1373 4935 νοῦν
1417 4881 1601 4936 ἔκτισε
1625 4882 1854 4954 θεωρὸν,
1881 4885 1952 4940 τὰ

426 4966 618 5023 ἑαυτοῦ
648 4965 703 5018 δὲ
734 4963 792 5014 ἐν
820 4961 1056 5035 ἅπασιοῖς
1083 4965 1202 5025 οὖσι
1229 4970 1527 5042 διέσπειρε,
1553 4973 1620 5025 δι’
1646 4967 1742 5036 ὧν,
1760 4973 1950 5045 ὥσπερ

427 5062 516 5116 διὰ
542 5075 701 5114 τινων
733 5053 962 5143 θνρίδων
987 5051 1337 5134 ὲδιαυγασμῷ
1365 5063 1538 5134 νοερῷ
1559 5064 1636 5133 τῷ
1661 5065 1744 5118 νοῒ
1773 5083 1951 5137 παρα-

430 5152 780 5218 δεικνύμενον
808 5143 989 5211 θέλγει
1020 5155 1137 5209 δοῦν
1169 5153 1358 5208 τοῦτον
1390 5156 1528 5226 πρὸς
1562 5155 1722 5209 ἑαυτὸ
1747 5155 1949 5229 ἐλλαμ-

433 5245 667 5315 πόμενον
694 5257 710 5305 ;

505 5334 611 5407 xﬁ'.
650 5333 709 5385 '0
739 5328 891 5390 Θεὸς,
925 5325 1058 5394 ὅπερ
1076 5337 1130 5392 τὶ
1155 5341 1216 5393 τὸ
1256 5339 1546 5414 Τριαδικὺν
1579 5341 1783 5408 ἀγαθὸν
1813 5340 1891 5406 ἓν,
1921 5341 1951 5395 ὃ

438 5423 730 5492 πεποίηκε,
780 5415 949 5469 θέλων
987 5430 1246 5500 πετιικεν.
1279 5429 1531 5501 ἀλλαμὴν
1575 5430 1604 5485 δ
1631 5431 1660 5483 ὁ
1703 5430 1836 5494 Θεὸς
1865 5431 1952 5485 ei-

439 5521 542 5581 iet,
577 5516 747 5584 ἄκρον
774 5509 923 5565 ἐστὶν
952 5505 1121 5574 ἀγαθεν
1152 5523 1314 5592 φύσις
1347 5524 1458 5597 γάρ
1497 5525 1646 5579 ἐστιν
1670 5526 1703 5594 ή
1743 5525 1948 5594 ἀγαθό-

440 5627 538 5678 της
567 5603 738 5682 αὐτῷ)
768 5597 1044 5668 Πεποίηκε
1085 5613 1289 5685 “ipso:
1325 5614 1419 5667 τὸν
1467 5614 1614 5678 νοῦν,
1665 5614 1885 5680 ἑαυτοῦ,
1917 5615 1950 5685 ἢ

443 5704 552 5758 τῶν
601 5698 796 5755 ἑαυτοῦ
830 5693 1062 5764 θεωρῶν
1105 5690 1132 5745 δ
1169 5711 1341 5780 θάγειν
1371 5705 1481 5766 οἶδε
1505 5709 1594 5765 τὸν
1642 5707 1952 5780 θεωροῦντι

2027 4800 2267 4864 creavit,

2038 4525 2228 4588 David,
2265 4525 2406 4592 quod
2460 4524 2758 4578 la3tautium
2811 4522 3050 4575 omnium
3092 4521 3356 4575 habitatio
3407 4530 3492 4574 est
3549 4521 3602 4571 in

2027 4625 2126 4682 .te;
2153 4632 2172 4665 ι
2210 4624 2297 4669 et:
2332 4631 2350 4663 ι
2399 4613 2456 4667 ln
2496 4611 2699 4666 lumine
2728 4620 2819 4665 tuo
2851 4611 3158 4665 videbimus
3194 4611 3436 4665 lumen.»
3493 4608 3596 4662 Aut

2041 4705 2312 4775 quomodo
2343 4713 2574 4759 mentem
2609 4703 2836 4773 quidem
2884 4703 3285 4771 contemplandi
3345 4715 3601 4771 capacem

2332 4812 2428 4852 sua
2462 4811 2590 4851 vero
2642 4798 2695 4850 iu
2747 4795 3003 4850 omnibus
3066 4810 3403 4864 quaecunque
3456 4805 3604 4856 sunt,

2037 4892 2317 4960 dispv'rsil,
2357 4905 2450 4960 per
2495 4905 2616 4959 quae
2655 4899 2911 4955 tanquam
2948 4903 3044 4957 per
3093 4888 3355 4957 quasdam
3412 4889 3606 4955 jaunas

2041 4983 2418 5052 insidendum
2483 4980 2748 5049 spirituali
2805 4981 2970 5034 menti
3038 4981 3277 5048 scipsum
3345 4979 3606 5042 ostendd,

2040 5099 2156 5133 cum
2192 5079 2547 5132 illuminatam
2577 5078 2642 5130 ad
2669 5090 2728 5130 se
2768 5075 3088 5129 attrahens?

2111 5353 2201 5414 92.
2246 5349 2408 5406 Deus,
2438 5361 2636 5415 nempe
2671 5359 2838 5396 unum
2873 5343 3074 5395 bonum
3109 5340 3163 5393 in
3186 5336 3364 5391 tribus
3415 5347 3608 5404 perso-

2041 5447 2124 5500 nis
2156 5445 2342 5495 vulcns
2383 5438 2509 5493 fecit
2529 5434 2789 5506 quidquid
2827 5429 3085 5497 fceit;sed
3126 5428 3270 5499 quod
3302 5425 3445 5479 Deus
3468 5424 3609 5488 vult,

2042 5535 2172 5590 illud
2213 5545 2488 5584 summum
2526 5529 2729 5582 bonum
2761 5531 2868 5584 est;
2900 5530 3096 5577 natura
3139 5519 3284 5572 enim
3338 5514 3456 5580 eius
3523 5525 3608 5566 est

2040 5624 2276 5680 bonitas.
2310 5619 2462 5676 Fecit
2486 5634 2617 5674 vero
2649 5624 2882 5672 mentem
2911 5611 3020 5677 sui,
3067 5617 3162 5664 aut
3194 5619 3416 5661 suorum
3472 5618 3608 5656 enn-

2039 5717 2206 5774 tcmul
2229 5714 2340 5768 audi
2367 5726 2618 5775 capacem
2650 5725 2666 5774 ;
2704 5706 2846 5778 quod
2874 5701 3326 5770 contemplantem
3382 5695 3445 5748 ad
3477 5694 3612 5751 illud
