4058 6204
454 288 561 349 δῖε9
1393 275 1399 282 ’
1582 275 1925 337 CALLlSTI
1958 273 2015 331 C.

2115 268 2569 329 \PllUGlOT/E
3432 272 3437 275 “
3601 272 3715 336 ὃῗθ

451 400 679 469 simplex
717 408 770 454 ιι
800 398 1068 454 inﬁnitum
1094 406 1150 454 et
1204 412 1392 453 revera
1459 412 1623 450 unum
1683 394 1929 462 aspicere
1972 400 2016 441 et

2115 392 2228 444 τος,
2250 379 2521 449 ἀοριστία,
2556 380 2653 434 καὶ
2684 380 2946 455 ἁπλότης,
2986 383 3080 440 καὶ
3098 385 3162 441 τδ
3212 384 3389 449 ἀειδὲς
3452 388 3702 452 ἐνοειδῶς

455 496 700 560 tendere,
748 503 799 548 et
854 494 979 547 inde
1033 492 1315 554 illustrari,
1352 499 1405 544 et
1448 505 1569 543 cum
1608 488 1695 541 illa
1746 485 2016 539 collectiva

2116 471 2438 542 γιγνομένη,
2469 474 2760 545 ἐστέρηται
2796 493 2809 506 ·
2838 476 2933 529 καὶ
2990 476 3086 530 τοῦ
3115 479 3433 548 ὑπερφυοῦς
3463 482 3559 533 καὶ
3598 484 3701 552 ἁρ-

455 587 663 640 nuitate
722 585 977 649 adunati,
1006 594 1060 637 et
1087 584 1209 638 ideo
1245 598 1431 638 secum
1468 601 1482 647 ;
1544 591 1603 635 ιιι
1662 597 1767 633 non
1802 577 1964 633 modo
1999 592 2016 629 ι

2118 564 2418 633 ρητοτατου
2470 565 2698 629 κάλλους
2751 567 2853 620 οὑκ
2890 569 3195 638 ἐφικνεῖται
3256 572 3356 640 τὴν
3391 576 3703 640 φαντασίαν

452 678 677 732 meliore
703 678 976 745 diligatur,
1013 684 1068 730 ut
1124 676 1451 736 consimilis,
1494 684 1758 744 quantum
1803 672 1904 742 ipsi
1961 670 2028 725 li-

451 778 557 829 cet,
587 780 637 821 et
668 768 1033 833 inliuiludine,
1058 779 1110 822 et
1142 768 1489 836 simplicitate
1519 778 1571 821 et
1602 766 2025 834 spiritttalitate;

451 860 548 913 sed
580 868 636 913 et
667 859 782 926 ipsa
809 860 1046 913 divinam
1084 868 1137 914 et
1177 874 1442 913 summam
1476 857 1933 927 pulchritudinem
1976 863 2030 909 et

453 953 928 1018 supernaturalem
965 949 1381 1019 possitdiligere
1406 965 1421 1012 ;
1451 949 1652 1017 quippe
1677 964 1799 1016 quae
1835 962 2028 1001 cucur-

452 1044 586 1096 rerit
610 1043 905 1096 secundum
929 1058 990 1096 ea
1014 1058 1134 1111 quae
1166 1044 1308 1097 dicta
1335 1050 1485 1108 sunt,
1505 1042 1572 1095 ad
1595 1040 2023 1094 similitudinem.

453 1131 723 1197 QuOniam
758 1134 901 1185 enim
945 1134 1215 1188 similibus
1270 1134 1465 1187 similia
1510 1132 1829 1186 naturaliter
1887 1130 2028 1184 solet

455 1237 576 1277 esse
605 1223 865 1293 diligendi
918 1223 1227 1293 dispositio,
1291 1233 1439 1294 patet
1502 1231 1737 1277 mentem
1786 1236 2023 1291 quoque,

454 1313 910 1381 quemadmodum
948 1329 977 1367 a
1016 1314 1126 1370 Deo
1174 1316 1453 1386 diligetur,
1494 1316 1665 1381 ipsam
1699 1316 1862 1367 Deum
1888 1312 2025 1366 dile-

452 1413 662 1459 ctttram
694 1420 853 1473 esse;
912 1406 1090 1462 simile
1151 1408 1295 1461 enim
1354 1407 1519 1461 simili
1571 1405 1925 1460 assimilatur.
1962 1403 2026 1456 Et

452 1496 909 1563 quemadmodum
980 1498 1281 1553 similitudo
1347 1498 1755 1553 conversionem
1822 1496 2019 1561 habet.

453 1583 525 1635 ita
547 1584 765 1639 habebit
783 1589 1004 1641 οιιιιιίιιο
1023 1604 1259 1642 amorem
1280 1590 1370 1643 Dei
1394 1589 1561 1641 amori
1581 1587 2020 1655 respondentem;

453 1690 562 1741 quo
594 1678 775 1733 nullus
804 1681 974 1748 major
1002 1689 1086 1735 est
1113 1680 1347 1735 allectus
1409 1680 1547 1733 inter
1603 1680 1771 1734 Deum
1815 1687 1869 1733 et
1901 1679 2020 1731 ani-

457 1784 601 1821 lnam

2120 656 2327 710 παθεῖν.
2370 660 2463 710 Δεῖ
2510 658 2572 727 δὴ
2608 660 2716 729 ἄρα
2772 659 2865 713 τὸν
2930 662 3055 715 νοῦν
3115 664 3251 735 πρὸς
3311 666 3374 717 τὸ
3440 668 3705 736 ἄναρχον,

2118 748 2343 811 ἁπλοῦν,
2386 750 2479 803 καὶ
2517 752 2791 819 ἀόριστον.
2827 754 2921 808 καὶ
2964 756 3157 826 τῳὸντι
3213 758 3269 810 ἐν
3323 760 3555 827 ἀφορᾷν.
3608 761 3707 813 καὶ

2116 837 2493 895 ἀνατείνεσθαι
2524 859 2537 872 ·
2562 846 2818 899 κάκεῖθεν
2868 848 3185 913 ἐπείγεσθαι
3220 852 3705 919 καταλάμπεσθαι,

2120 930 2213 982 καὶ
2239 931 2305 1001 τῇ
2341 932 2778 1005 ἀρχισυναγώγῳ
2802 939 2949 991 ἐνάδι
2974 940 3248 1004 ἐνοῦσθαι,
3295 944 3388 996 καὶ
3422 944 3515 995 διὰ
3548 944 3710 997 τοῦτο

2118 1019 2296 1089 ἑαυτῷ
2322 1039 2335 1053 ⁸
2368 1025 2434 1076 ἵν’
2464 1026 2525 1077 ού
2571 1028 2732 1096 μόνον
2766 1031 3079 1101 ἀγαπηθείη
3143 1034 3292 1101 παρὰ
3323 1034 3417 1086 τοῦ
3458 1036 3709 1103 κρείττο-

2118 1129 2227 1175 νος,
2248 1112 2322 1177 ὡς
2349 1115 2661 1184 ὀμοιωθείς,
2760 1122 2967 1175 ἔνεστιν
2994 1123 3164 1193 αὑτῷ,
3211 1128 3275 1195 τῇ
3322 1143 3379 1178 τε
3425 1127 3707 1196 ἀοριστία,

2120 1202 2215 1255 καὶ
2258 1204 2544 1278 ἁπλότητι,
2593 1211 2671 1281 τῷ
2729 1212 2951 1283 ἀνειδέῳ
3004 1231 3063 1267 τε
3133 1215 3229 1267 καὶ
3280 1217 3712 1286 ἀσχηματίστῳ,

2117 1292 2253 1349 ἀλλὰ
2322 1298 2416 1351 καὶ
2460 1299 2623 1362 αὐτὸς
2678 1300 2739 1354 τδ
2788 1301 2930 1355 θεῖον
2976 1304 3070 1356 καὶ
3112 1304 3420 1375 ὑπέρκαλον
3487 1310 3715 1370 κάλλος,

2121 1386 2214 1438 καὶ
2242 1387 2519 1456 ὑπερφυὲς
2572 1392 2855 1461 ἀγαπῆσαι
2884 1395 3160 1467 δυνηθείη,
3194 1397 3269 1460 ὡς
3325 1398 3719 1468 ἀναδεδραμη-

2121 1476 2233 1535 κὼς
2281 1479 2420 1530 κατὰ
2478 1481 2546 1532 τὰ
2575 1484 2843 1551 εἰρημένα
2890 1486 3027 1553 πρὸς
3056 1487 3155 1555 τὴν
3199 1488 3481 1555 ὁμοίωσιν.
3554 1494 3755 1543 “Erat.

2121 1568 2230 1637 γὰρ
2266 1571 2378 1631 τοῖς
2408 1572 2615 1638 ὁμοίοις
2639 1572 2923 1641 γίγνεσθαι
2964 1577 3209 1643 φυσικῶς
3242 1576 3434 1630 εἴωθεν
3484 1581 3716 1649 ἀγαπη-

2120 1659 2246 1727 τικὴ
2271 1660 2511 1724 διάθεσις
2536 1663 2674 1735 πρὸς
2726 1666 2793 1717 τὰ
2834 1666 3016 1735 ὅμοια,
3054 1667 3285 1737 φανερὸν
3330 1669 3604 1739 δήπουθεν
3637 1674 3719 1736 ὡς

2123 1752 2557 1827 ἀγαπηθήσεται,
2604 1762 2696 1814 καὶ
2742 1763 3117 1826 ἁνταγαπῆσει
3161 1762 3189 1813 ὁ
3237 1761 3361 1825 νοῦς
3414 1766 3505 1818 τὸν
3551 1767 3716 1818 Θεὸν.

459 1852 533 1903 Τδ
560 1853 667 1922 γάρ
700 1869 779 1903 τοι
835 1852 1020 1921 ὅμοιον
1067 1850 1237 1919 ὁμοίῳ
1298 1849 1449 1901 ἐστιν
1491 1850 1695 1919 ὅμοιον.
1750 1849 1858 1901 Καὶ
1906 1850 1979 1910 ὡς
2039 1848 2072 1917 ἡ
2127 1849 2383 1919 ὁμοιότης
2437 1853 2553 1922 ἔχει
2601 1852 2663 1906 τδ
2712 1854 3118 1921 ἁντιστρέφειν,
3151 1852 3263 1917 ἕξει
3314 1856 3530 1917 πάντως
3559 1853 3714 1906 οῦτω

455 1951 551 1999 καὶ
608 1948 741 2013 πρὸ;
797 1946 873 2017 τῷ
913 1950 1145 2018 ἀγαπᾷν,
1176 1945 1236 1998 τὸ
1266 1946 1685 2011 ἁνταγαπᾶσθαι
1707 1962 1719 1975 ⁸
1747 1944 1807 1996 οὑ
1842 1944 2027 2012 μεῖζον
2060 1943 2292 2015 πάθημα
2328 1951 2531 2031 μεταξὺ
2562 1949 2700 2001 Θεοῦ
2738 1950 2833 2001 καὶ
2861 1949 3040 2015 ψυχῆς
3075 1949 3221 2000 ἔστιν
3252 1948 3423 2001 οὐδέν.

525 2037 615 2092 26.
677 2039 848 2108 Supra
912 2043 1191 2111 propriam
1256 2054 1508 2099 naturam
1559 2060 1715 2100 mens
1764 2045 2027 2114 assurgit,

458 2130 679 2197 quando
704 2132 770 2185 ad
810 2132 941 2186 illud
972 2136 1234 2205 assurgit,
1260 2136 1401 2203 quod
1431 2144 1515 2192 est
1544 2150 1708 2205 supra
1744 2146 1978 2193 mentem
2007 2152 2025 2204 ;

456 2222 624 2289 litqne
655 2224 880 2292 simplex
911 2233 961 2289 et
993 2224 1202 2294 absque
1227 2225 1428 2289 forma,
1461 2234 1515 2281 et
1536 2226 1720 2281 divine
1751 2228 1871 2283 sine
1894 2228 2028 2297 ligu-

455 2328 508 2363 l'a
536 2316 831 2368 constituta
850 2326 955 2376 est.
984 2325 1181 2370 aeterna
1208 2317 1517 2384 acinlinlta,
1547 2328 1623 2380 et.
1648 2328 1707 2373 ttt
1731 2319 1803 2373 ita
1822 2318 2023 2385 dicam,

452 2416 621 2469 supra
656 2404 929 2473 propriam
969 2406 1251 2462 unitatem.
1288 2408 1515 2475 Quando
1549 2424 1676 2462 vero
1712 2410 1763 2463 id
1812 2411 1880 2464 de
1918 2423 2027 2478 quo

404 2515 415 2521 ·
460 2495 664 2565 Cogitat
697 2512 880 2551 secum
916 2498 1095 2561 liabet.
1135 2510 1210 2566 et,
1244 2501 1289 2555 si
1323 2501 1375 2554 in
1408 2501 1607 2555 divinis
1629 2511 1683 2555 et
1709 2501 2029 2573 iutelligibi-

454 2588 601 2643 libus
630 2599 894 2659 et-cupata
922 2591 1027 2659 sit,
1051 2600 1178 2647 tunc
1221 2594 1549 2650 naturaliter
1589 2595 1790 2651 dicitur
1816 2598 2024 2653 moveri

448 2691 505 2735 et
533 2687 747 2751 operari
780 2692 832 2737 et
859 2685 913 2737 in
953 2686 1226 2755 propriam
1266 2697 1515 2741 naturam
1544 2690 1707 2743 statui
1740 2706 1755 2756 ;
1791 2691 2023 2745 multum

451 2784 630 2826 autem
662 2784 881 2842 pra-stat
904 2777 1135 2837 naturali
1166 2784 1605 2848 supernaturale,
1639 2792 1692 2836 et
1728 2785 1899 2837 multo
1923 2801 2026 2839 et-

436 2866 650 2921 ‘celsius
682 2877 801 2922 est:
836 2879 1047 2937 Oportet
1081 2881 1261 2925 autem
1316 2853 1730 2942 snpernatur'ale
1796 2878 2023 2946 assequi

451 2955 661 3021 conari,
716 2966 897 3026 utpote
930 2959 1147 3022 melius,
1170 2962 1471 3015 secundum
1511 2964 1823 3017 mandatum
1888 2967 2021 3019 cha-

2200 2056 2313 2105 κς.
2359 2041 2535 2110 Ὑπὲρ
2560 2042 2657 2109 τὴν
2688 2041 2881 2094 ἐαυτοῦ
2915 2041 3076 2108 φύσιν
3103 2042 3222 2092 τότε
3254 2042 3283 2093 ὁ
3310 2040 3432 2102 νοῦς
3463 2042 3702 2106 γίνεται.

2124 2133 2257 2188 ὅταν
2300 2135 2382 2196 εἰς
2429 2134 2490 2187 τὸ
2543 2135 2685 2203 ὑπὲρ
2713 2133 2838 2187 νοῦν
2873 2134 3091 2203 γίνηται
3123 2132 3427 2197 παντελῶς,
3459 2134 3707 2194 ἀνείδεὸς

2125 2242 2183 2278 τε
2212 2226 2305 2279 καὶ
2336 2226 2767 2296 ἀσχημάτιστος,
2796 2226 2891 2279 καὶ
2914 2228 2973 2277 τὸ
3004 2226 3126 2278 ὅλον
3143 2225 3339 2287 ἐνθέως
3363 2227 3696 2295 ἀμόρφωτος

2126 2319 2430 2383 καταστάς,
2487 2318 2722 2387 ἄνσρχός
2773 2336 2832 2372 τε
2896 2318 2989 2371 καὶ
3035 2320 3281 2387 ἄπειρος,
3317 2322 3411 2371 καὶ
3443 2316 3520 2379 ὡς
3568 2317 3705 2380 ἔπος

2123 2409 2321 2472 εἰπεῖν,
2348 2408 2490 2479 ὑπὲρ
2515 2409 2613 2480 τὴν
2642 2410 2779 2463 ἰδίαν
2810 2410 3027 2462 ἕνωσιν.
3057 2410 3227 2464 Ὀταν
3264 2407 3320 2461 δὲ
3345 2408 3405 2459 τὸ
3434 2407 3705 2475 σφέτερον

2123 2497 2505 2568 διανοούμενον
2565 2500 2663 2571 ἐχῃ
2703 2500 2825 2569 μεθ’
2853 2500 3045 2553 ἐαυτοῦ
3072 2539 3088 2564 ,
3127 2500 3231 2554 κᾶν
3265 2503 3377 2562 τοῖς
3414 2499 3578 2560 θείοις
3611 2500 3698 2567 εἴη

2123 2590 2219 2641 καὶ
2273 2591 2482 2659 νοητοῖς
2527 2591 2923 2659 ἀσχολούμενον
2950 2632 2966 2656 ,
3003 2593 3125 2644 τότε
3181 2590 3425 2658 φυσικῶς
3474 2589 3699 2656 λέγεται

2123 2682 2415 2745 κινεῖσθαι,
2455 2684 2550 2734 καὶ
2584 2684 2848 2752 ἐνεργεῖν,
2882 2684 2978 2736 καὶ
3036 2686 3116 2742 εἰς
3159 2684 3255 2753 τὴν
3287 2679 3481 2735 ἐαυτοῦ
3530 2682 3698 2748 φύσιν

2126 2770 2375 2824 ἵστασθαι
2403 2786 2417 2801 ·
2460 2773 2604 2825 κατὰ
2651 2774 2784 2827 πολὺ
2818 2774 2874 2827 δὲ
2909 2774 3232 2842 ὑπέρκειται
3263 2774 3321 2826 τὸ
3361 2775 3501 2841 ὑπὲρ
3533 2774 3699 2840 φύσιν

2121 2862 2218 2914 τοῦ
2252 2863 2390 2917 κατά
2425 2865 2591 2932 φύσιν
2614 2904 2628 2928 ,
2663 2865 2760 2918 καὶ
2810 2866 2925 2919 ἐστι
2986 2866 3127 2919 πάνυ
3183 2866 3476 2935 ἀνώτερον.
3505 2869 3595 2918 Δεῖ
3628 2866 3695 2935 δὴ

2122 2952 2295 3021 φιλεῖν
2324 2955 2416 3008 τοῦ
2446 2957 2584 3024 ὑπὲρ
2618 2956 2777 3022 φύσιν
2810 2958 3062 3024 γενέσθαι
3087 2960 3427 3027 ἐπείγεσθαι,
3449 2958 3524 3021 ὡς
3553 2959 3701 3025 μᾶ).-

451 3046 678 3103 rismata
718 3049 942 3103 meliora
994 3066 1091 3105 nos
1147 3052 1389 3107 aemulari
1442 3055 1660 3123 jubens.
1718 3056 1821 3111 Sed
1879 3069 2016 3127 patet

2123 3044 2213 3097 λόν
2248 3060 2313 3110 γε
2363 3048 2670 3114 κρείττονος
2728 3049 2870 3101 κατὰ
2930 3048 3029 3118 τὴν
3076 3051 3393 3118 φάσκουσαν
3445 3050 3694 3116 ἐντολὴν,

451 3151 688 3194 mentem
714 3141 765 3194 in
788 3144 1186 3212 supernalurali
1220 3148 1599 3210 constitutam.
1634 3149 1685 3203 in
1720 3151 1827 3205 Deo
1859 3166 2013 3207 esse:

453 3230 595 3284 Deus
652 3232 795 3286 enim
855 3244 937 3287 est
963 3244 1114 3287 extra
1154 3250 1368 3290 omnem
1431 3246 1724 3306 naturam,
1794 3243 1885 3311 qui
1935 3254 2020 3299 est

450 3334 706 3377 a-tcrnuut
768 3338 842 3397 ac
871 3325 1191 3396 simpliciter
1236 3343 1422 3382 unum.
1488 3329 1713 3399 Oportet
1749 3333 1916 3403 igitur
1948 3336 2014 3388 ad

450 3422 713 3469 aeternum
770 3427 825 3471 et
894 3420 1215 3488 simpliciter
1267 3436 1433 3475 unum
1470 3434 1703 3480 mentem
1756 3429 2013 3493 extendi,

452 3508 691 3579 illudque
725 3513 1079 3582 contemplari
1122 3524 1176 3569 et
1227 3516 1289 3570 ad
1324 3518 1452 3573 illud
1502 3520 1647 3583 duci,
1714 3532 1775 3575 ut
1828 3522 1893 3576 ad
1925 3538 2019 3576 su-

452 3604 797 3674 pernatnrale
872 3620 1040 3660 unum
1071 3646 1086 3669 .
1132 3623 1426 3678 assurgens
1493 3611 1592 3666 hoc
1643 3612 1799 3668 modo
1850 3628 2017 3684 supra

453 3699 727 3766 propriam
764 3713 827 3753 ac
864 3701 1159 3767 naturalem
1189 3703 1442 3781 virtutem
1469 3742 1484 3768 ,
1552 3705 1747 3760 melius
1799 3708 2015 3769 habeat,

452 3802 712 3857 tanquam
751 3792 801 3844 in
842 3792 1077 3861 prOpriis
1128 3796 1427 3849 secundum
1491 3809 1745 3851 naturam
1806 3801 2017 3854 constio

448 3891 589 3936 tnta.

518 3972 606 4025 9.7.
643 3970 989 4042 Unaqttteque
1026 3989 1113 4028 res
1149 3977 1381 4045 propriis
1448 3978 1669 4034 dntibus
1725 3979 1937 4037 laetatur
1964 3993 2044 4038 et‘

447 4064 499 4117 i'n
529 4063 593 4116 iis
624 4064 945 4118 naturaliter
975 4067 1311 4135 requiescit;
1337 4084 1458 4138 quze
1484 4072 1669 4125 omnia
1712 4072 1763 4125 in
1807 4083 2015 4128 aeterno

444 4168 689 4213 creatore
723 4158 1022 4213 secundum
1059 4159 1385 4215 uniformetn
1414 4178 1631 4216 causam
1666 4168 2009 4231 praeexstite.

446 4264 594 4305 runt.
624 4250 775 4305 Tunc
807 4253 972 4321 igitur
1000 4255 1050 4306 iu
1086 4270 1266 4308 veram
1302 4255 1541 4310 laetitiam
1578 4273 1734 4312 tuens
1793 4248 2017 4313 natura?

442 4345 571 4399 liter
590 4346 766 4400 veniet
788 4356 840 4400 et
869 4346 1123 4415 gaudium
1157 4348 1379 4403 habebit
1413 4366 1760 4419 nequaquam
1803 4352 1967 4408 breve
1995 4396 2011 4420 ,

2123 3132 2317 3203 ζηλοῦν
2347 3152 2410 3204 γε
2439 3136 2507 3189 τὰ
2539 3139 2821 3204 κρείττονα
2840 3139 2946 3192 τῶν
2982 3141 3343 3210 χαρισμάτων
3372 3158 3386 3172 ·
3417 3141 3551 3193 ἀλλὰ
3582 3139 3696 3208 μὴν

2122 3229 2363 3296 δηλονότι
2398 3232 2425 3283 ὁ
2463 3232 2585 3294 νοῦς
2621 3235 2700 3294 εἰς
2732 3232 2795 3286 τὸ
2842 3234 2983 3304 ὑπὲρ
3033 3234 3194 3303 φύσιν
3217 3234 3313 3299 ὢν,
3350 3233 3494 3286 ἐστιν
3525 3234 3582 3284 ἐν
3611 3232 3691 3300 τῷ

2121 3319 2240 3387 Θεῷ
2260 3339 2273 3351 ·
2307 3319 2567 3390 ἐξώτερος
2597 3322 2707 3391 γάρ
2736 3338 2817 3374 τοι
2864 3324 3204 3392 γιγνομένως
3260 3323 3471 3389 φύσεως
3498 3325 3527 3373 ὁ
3560 3324 3696 3383 θεὸς

2118 3413 2362 3479 ἀπάσης,
2412 3414 2469 3477 ὃς
2518 3413 2654 3483 δῆτά
2710 3417 2827 3467 ἐστι
2882 3414 2942 3466 τὸ
2970 3416 3321 3484 άρχαίτατον,
3355 3415 3447 3466 καὶ
3505 3415 3696 3475 ἁπλῆ-ς

2116 3505 2196 3557 ἐν.
2230 3507 2319 3556 Δεῖ
2369 3506 2470 3573 ὅρα
2521 3508 2657 3575 πρὸς
2714 3507 2773 3559 τὸ
2808 3505 3149 3577 άρχαίτατον
3180 3510 3273 3559 καὶ
3301 3506 3484 3567 ἁπλῶς
3509 3506 3571 3558 ἓν
3600 3508 3695 3559 τὸν

2113 3595 2236 3649 νοῦν
2294 3598 2707 3663 ἀνατείνεσθαι,
2770 3600 2864 3651 καὶ
2921 3599 3238 3667 ἐπείγεσθαι
3297 3600 3555 3668 ἀφορᾷν,
3594 3601 3695 3651 καὶ

2112 3690 2415 3754 ἀνάγεσθαι
2450 3729 2463 3754 ,
2530 3691 2603 3752 ὡς
2666 3691 2734 3744 ἂν
2778 3692 2857 3753 είς
2910 3691 2972 3743 τδ
3043 3693 3323 3760 ὑπερφυὲς
3380 3693 3478 3755 ἐν,
3537 3692 3681 3759 ὑπὲρ

2109 3780 2207 3847 τὴν
2242 3782 2509 3848 σφετέραν
2543 3784 2780 3852 φυσικὴν
2827 3785 3113 3852 ἐνέργειαν
3140 3784 3516 3851 άναὸεὸηκὼς,
3555 3784 3678 3852 βέλ-

2110 3887 2221 3925 τιον
2257 3873 2369 3943 ἔξῃ.
2401 3874 2541 3942 ἥπερ
2572 3878 2649 3937 είς
2676 3877 2735 3927 τὸ
2769 3875 2962 3928 ἑαυτοῦ
2994 3878 3133 3929 κατὰ
3166 3876 3327 3944 φύσιν
3360 3877 3677 3943 ἱστάμενος,

2183 3960 2285 4025 κζ’.
2316 3964 2585 4017 Ἕκαστον
2618 3966 2727 4018 τῶν
2757 3967 2928 4019 ὅντων
2958 3970 3064 4028 τοῖς
3098 3968 3292 4019 ἐαυτοῦ
3327 3968 3511 4028 ίδικοῖς
3542 3968 3676 4033 γάν-

2109 4058 2265 4108 νυταί
2319 4074 2377 4109 τε
2430 4061 2521 4110 καὶ
2577 4060 2960 4112 ἀναπέπαυται
3018 4060 3259 4127 φυσικῶς
3288 4076 3301 4089 ’
3340 4058 3376 4112 ἃ
3407 4060 3586 4111 πάντα
3620 4062 3681 4110 ἐν

2106 4148 2184 4215 τῷ
2216 4150 2526 4219 ἁρχαιτάτῳ
2554 4150 2712 4219 αἰτίῳ
2742 4154 3128 4220 προῦφέστηκε
3155 4152 3275 4202 κατ’
3300 4152 3479 4203 αἰτίαν
3510 4151 3692 4201 ἐνοει-

2107 4240 2193 4308 δῆ.
2236 4240 2371 4293 Τότε
2413 4240 2596 4293 τοίνυν
2640 4243 2722 4304 είς
2780 4242 3039 4309 ἀληθινάς
3092 4242 3433 4312 εὐφροσύνας
3482 4244 3509 4293 ὁ
3562 4240 3693 4303 νοῦς

2109 4340 2387 4393 ἐλεύσεται
2431 4338 2697 4407 φυσικῶς,
2752 4339 2845 4391 καὶ
2890 4337 3085 4405 γάννος
3134 4338 3245 4402 ἕξει
3290 4338 3436 4392 οὗτοι
3486 4347 3693 4409 βραχύ,

437 4444 497 4488 et
532 4439 837 4506 requiescet
870 4450 1143 4506 potenter,
1222 4440 1440 4509 quando
1474 4448 1656 4495 omnia
1700 4456 2015 4512 praetercur-

2115 4432 2200 4483 καὶ
2228 4428 2602 4483 ἀναπαύσεται
2647 4429 2787 4482 κατὰ
2839 4432 3059 4499 κράτος,
3093 4431 3225 4483 ὅταν
3268 4432 3448 4484 πάντα
3492 4434 3696 4497 διαόάς

439 4541 570 4580 rens
607 4536 662 4581 et
692 4528 1021 4597 relinquens,
1054 4530 1104 4584 in
1139 4531 1490 4600 principalem
1528 4533 1673 4586 illam
1699 4549 1760 4587 ac
1780 4534 2006 4604 primam

437 4631 659 4672 causam
684 4630 907 4675 extensa
941 4624 1045 4676 erit
1073 4630 1126 4676 et
1172 4624 1244 4677 ibi
1284 4640 1377 4692 per
1404 4626 1742 4694 spiritualem
1777 4643 2010 4682 conver-

447 4711 657 4765 sionem
715 4712 827 4774 liet,
859 4729 977 4767 eam
1035 4730 1065 4769 a
1120 4730 1224 4784 qua
1257 4718 1439 4770 omnia
1474 4727 1528 4771 et
1576 4719 1821 4773 omnium
1848 4720 2005 4775 dotes

437 4804 580 4859 facta
607 4812 756 4865 sunt.
787 4806 1052 4876 principia
1077 4817 1131 4861 et
1154 4809 1331 4862 media
1361 4820 1415 4863 et
1461 4810 1644 4864 ultima
1670 4827 1686 4877 ;
1728 4821 1785 4865 et
1818 4811 1872 4863 in
1893 4828 2001 4880 qua

433 4894 619 4949 omnia
646 4896 952 4950 subsistunt
988 4905 1042 4950 et
1071 4899 1457 4964 continentur;
1496 4908 1549 4953 et
1597 4915 1691 4968 per
1730 4914 1893 4968 quam
1933 4902 2001 4954 ad

434 4989 718 5057 proprium
764 4986 920 5042 linem
954 4989 1274 5058 perveniunt
1307 4991 1538 5058 perlecta
1569 5007 1584 5055 ;
1625 5001 1675 5044 et
1709 5007 1804 5059 per
1839 5007 2001 5060 quam

433 5078 572 5134 bene
600 5094 660 5135 se
696 5080 893 5134 habent
924 5095 986 5134 ea
1018 5095 1138 5148 qua:
1170 5080 1223 5133 in
1259 5080 1529 5135 hoehono
1583 5089 1728 5135 statu
1779 5096 2005 5135 versan-

437 5178 562 5233 tur;
627 5184 721 5236 per
772 5184 932 5237 quam
986 5182 1038 5224 et
1082 5170 1197 5238 ipsa
1230 5185 1407 5235 tuens,
1445 5170 1621 5238 qualis
1650 5180 1754 5236 est,
1787 5186 2003 5225 creator

431 5259 559 5314 fuit.
600 5259 845 5326 Quodam
867 5261 1013 5315 enim
1043 5261 1205 5315 modo
1229 5262 1294 5315 ad
1326 5261 1562 5330 seipsam
1597 5275 1830 5317 mentem
1873 5279 2003 5317 cou-

422 5350 597 5413 Averti,
645 5359 727 5405 est
761 5350 828 5405 ad
870 5350 1017 5404 illam
1070 5367 1341 5406 summam
1382 5365 1430 5407 et
1498 5356 1746 5408 omnium
1781 5371 2000 5409 causam

427 5445 702 5512 converti,
732 5456 949 5515 quaeest
983 5459 1168 5500 verum
1196 5446 1398 5500 mentis
1423 5447 1706 5515 originale.
1734 5448 2001 5513 Quoniam

430 5551 564 5591 vero
595 5551 934 5608 unaquaeque
960 5552 1047 5593 res
1076 5538 1311 5609 seipsam
1364 5540 1681 5595 naturaliter
1722 5540 1914 5610 diligit,
1952 5550 2005 5593 et

435 5630 734 5696 prmsertim
762 5631 815 5684 id
862 5646 1019 5686 mens
1050 5631 1421 5704 patiturncum
1478 5633 1549 5687 sit
1582 5631 1835 5687 increatm
1869 5633 1992 5701 pul-

430 5717 766 5773 chritudinis
821 5729 874 5773 et
939 5734 1103 5786 supra
1161 5719 1545 5790 COgitationem
1601 5721 1765 5775 unius
1821 5720 1999 5789 imago

2108 4526 2202 4577 καὶ
2225 4521 2564 4586 καταλιπὼν,
2596 4525 2676 4587 εἰς
2704 4523 2804 4587 τὴν
2835 4521 3131 4593 ἐναρχικὴν
3161 4524 3376 4592 ἐκείνην
3408 4526 3503 4577 καὶ
3529 4542 3692 4596 πρωο

2105 4612 2296 4681 τίστην
2328 4612 2507 4664 αἰτίαν
2544 4611 2857 4681 ἀναταθείη,
2894 4613 3057 4664 κάκεῖ
3083 4612 3293 4679 γένοιτο
3320 4612 3387 4665 δι’
3426 4614 3691 4686 ἐπιστρο-

2106 4705 2214 4773 φῆς
2243 4706 2455 4774 νοερᾶς,
2504 4704 2601 4774 τὴν
2641 4702 2701 4768 ἐξ
2742 4698 2809 4775 ἦς
2862 4705 3041 4758 πάντα
3082 4722 3141 4757 τε
3212 4706 3307 4758 καὶ
3353 4706 3420 4758 τά
3470 4706 3696 4758 πάντων

2107 4798 2418 4864 γεγόνασιν,
2452 4797 2619 4867 ἀρχαί
2668 4814 2725 4849 τε
2787 4798 2881 4850 καὶ
2934 4798 3099 4867 μέσα,
3146 4798 3239 4850 καὶ
3282 4798 3351 4851 τὰ
3380 4799 3549 4868 τέληυ
3598 4801 3697 4852 καὶ

2107 4888 2166 4941 ἐν
2262 4890 2436 4943 πάντα
2468 4891 2766 4961 ὑφέστηκε,
2812 4892 2906 4944 καὶ
2938 4891 3338 4960 διακρατεῖται,
3366 4892 3461 4944 καὶ
3505 4893 3572 4945 δι’
3622 4886 3695 4964 ἧς

2110 4981 2244 5050 πρὸς
2270 4982 2422 5045 τέλος
2452 4983 2583 5035 ἴδιον
2625 4983 2817 5049 ἄγεται
2848 4984 2916 5036 τά
2947 4983 3320 5053 τελειούμενα.
3376 4987 3471 5037 καὶ
3512 4986 3580 5037 δι’
3625 4988 3695 5057 ἦν

2109 5075 2341 5128 εύπαθεῖ
2371 5077 2438 5129 τὰ
2471 5075 2529 5128 εὖ
2567 5078 2844 5144 πάσχοντα
2872 5093 2885 5106 ·
2926 5078 3017 5146 ὑφ’
3064 5072 3131 5147 ἧς
3180 5079 3274 5131 καὶ
3314 5078 3478 5141 αὑτὸς
3525 5078 3627 5149 ἤδη
3663 5080 3694 5131 ὁ

2108 5166 2256 5230 νοῦς,
2292 5161 2401 5229 οἶός
2448 5169 2619 5232 ἐστιν,
2675 5168 2942 5221 ἔκτισται.
2976 5169 3191 5239 Τρόπον
3230 5171 3341 5241 γάρ
3380 5189 3503 5223 τινα
3554 5171 3694 5240 πρὸς

2109 5257 2303 5309 ἑαυτὸν
2328 5256 2443 5309 ἔστι
2476 5258 2566 5311 τὸν
2594 5257 2718 5311 νοῦν
2740 5261 3117 5329 ἐπιστρέφειν,
3159 5261 3295 5331 πρὸς
3328 5263 3545 5331 ἐκείνην
3592 5263 3694 5331 τὴν

2112 5348 2307 5416 κυρίαν
2356 5349 2449 5401 καὶ
2500 5351 2718 5403 πάντων
2761 5352 2944 5403 αἰτίαν
2995 5353 3480 5423 ἐπιστρεφόμενον,
3527 5349 3694 5407 οὖσαν

2110 5437 2278 5490 αὑτοῦ
2349 5439 2549 5507 ἀληθὲς
2616 5442 2998 5509 πρωτότυπον.
3060 5443 3279 5513 Ἐπειδὴ
3340 5443 3397 5495 δὲ
3459 5444 3693 5496 ἕκαστον

2111 5528 2275 5581 ἑαυτὸ
2300 5529 2444 5598 φιλεῖ
2471 5533 2738 5598 φυσικῶς,
2784 5534 2878 5587 καὶ
2914 5534 3150 5603 μάλιστά
3189 5551 3251 5601 γε
3297 5535 3455 5587 τοῦτο
3492 5536 3693 5605 πάσχει

2111 5622 2139 5673 ὁ
2166 5620 2311 5683 νοῦς,
2345 5617 2432 5674 οἷα
2466 5622 2558 5674 τοῦ
2582 5624 2869 5694 ἀμηχάνου
2900 5625 3132 5689 κάλλους
3160 5624 3253 5678 τοῦ
3285 5626 3425 5693 ὑπὲρ
3454 5626 3692 5679 διάνοιαν

2115 5714 2231 5773 ἐνὸς
2265 5712 2427 5767 εἰκὼν
2474 5716 2800 5785 ὑπέρκαλος,
2845 5717 2963 5771 λίαν
3020 5720 3206 5789 ἀγαπᾷ
3242 5719 3306 5771 δι’
3359 5720 3424 5771 ἐπ
3454 5718 3687 5788 στροφῆς
