4032 6208
374 280 473 343 851

1502 271 1601 330 DE
1636 268 1809 329 VITA
1850 267 1909 324 Ct
1926 264 2430 325 INTEMPLATH‘
2446 266 2513 328 Α.

3512 258 3615 322 ετξ

367 380 577 434 ἀπδὼν
610 380 744 452 πρὸς
775 380 834 433 rb
893 378 1092 434 ἑαυτοῦ
1129 380 1322 442 αἰτιον,
1357 381 1570 451 ὅτιπερ,
1624 382 1766 435 καθά
1796 382 1947 453 εἴρη-

2046 376 2435 445 pttlcltcrritua,
2463 373 2636 441 diligit
2674 373 2904 427 multum
2951 387 3050 441 per
3073 372 3487 428 conversionem
3546 374 3612 425 ad

368 489 479 534 ται,
506 471 701 524 ἑαυτὸν
748 472 851 542 ὁρᾷ
897 473 1074 524 ἐκεῖσε
1108 472 1271 542 ὁρῶν,
1311 474 1408 525 καὶ
1440 475 1777 545 ύπεραγαπᾷ
1802 494 1813 505 ·
1857 477 1952 527 καὶ

368 564 547 627 ἄλλως
582 564 659 628 δὲ,
698 564 791 617 καὶ
824 564 983 617 τοῦτο
1024 567 1227 635 στοργή
1278 584 1363 629 τις
1395 568 1606 637 πέφυκε
1641 571 1752 631 τοῖς
1799 570 1859 631 ἐξ
1891 564 1952 621 οὗ

370 658 510 727 πρὸς
568 657 629 709 τὸ
658 659 754 725 ἀφ’
785 652 847 711 οὗ
878 658 1125 727 φυσικῶς
1155 661 1495 729 ἀγαπητικὴ,
1544 660 1733 730 ὥσπερ
1764 660 1826 730 δὴ
1860 662 1953 712 καὶ

371 748 664 811 ἀνάπαλιν,
716 748 861 819 ἔρως
914 750 1139 819 κατέχει
1184 752 1296 813 τοῖς
1349 751 1671 821 γεννήτορσι
1721 751 1856 821 πρὸς
1885 752 1954 804 τὰ

370 840 644 908 γεννητάο
695 841 784 894 διὰ
836 840 997 894 τοῦτο
1052 842 1223 911 πολλή
1266 859 1348 904 τις
1380 843 1952 913 ἀνακύπτειᾰρῤητος

372 933 534 1001 ἡδονὴ
561 934 697 1003 πρὸς
732 933 792 986 τὸ
823 933 1042 988 πάντων
1072 936 1247 987 αἴτιον
1282 936 1671 1004 ἐπιστρέφοντι
1704 936 1781 989 ἓν.
1810 935 1953 1006 Πρὸς

375 1025 483 1094 γάρ
516 1042 594 1077 τοι
639 1025 700 1077 τὸ
738 1025 794 1091 ἐξ
824 1021 885 1078 οὗ
927 1027 1272 1107 ἐπιστρέφει,
1312 1028 1407 1079 καὶ
1457 1026 1595 1096 πρὸς
1631 1026 1849 1092 ἑαυτὸν,
1879 1026 1975 1089 ὼςη

375 1116 623 1185 εἴρηταιο
680 1119 798 1169 ἐκεῖ
851 1118 960 1188 γάρ
1012 1119 1416 1187 προῦφεστῶτα
1474 1118 1616 1187 λόγῳ
1661 1119 1842 1182 αἰτίας
1882 1118 1954 1171 τὰ

375 1208 577 1269 πάντα,
611 1210 705 1261 καὶ
740 1211 802 1277 δη
826 1211 920 1261 καὶ
950 1211 979 1262 ὁ
1008 1210 1133 1272 νοῦς
1172 1211 1249 1273 ὼς
1297 1211 1407 1264 τῶν
1460 1212 1716 1264 ἁπάντων
1749 1212 1829 1277 ἓν,
1870 1213 1959 1263 ὲν·

360 1298 616 1368 νυπάρχει
643 1299 719 1368 τῷ
750 1300 889 1369 ὑπὲρ
911 1300 1153 1353 διάνοιαν
1183 1302 1261 1354 ἐνὶ
1285 1301 1358 1365 ὼς
1381 1304 1437 1353 ἐν
1455 1303 1611 1373 αἰτίῳ
1638 1302 1716 1372 τῷ
1746 1318 1958 1373 πρωτο-

372 1389 551 1461 τύπῳ.

436 1554 545 1626 κη’.
584 1557 797 1628 Ὥσπερ
840 1560 903 1611 ὲκ
953 1560 1048 1614 τοῦ
1080 1560 1222 1632 ὑπὲρ
1268 1563 1459 1616 οὐσίαν
1494 1564 1648 1628 ὄντος
1682 1569 1833 1621 πᾶσα
1859 1567 1949 1623 08-

368 1647 480 1710 σία,
530 1648 623 1699 καὶ
659 1647 823 1717 φύσις
867 1652 1017 1703 πᾶσα
1066 1654 1131 1704 ὲκ
1176 1652 1272 1705 τοῦ
1324 1654 1465 1722 ὑπὲρ
1513 1655 1696 1724 φύσιν,
1746 1659 1810 1710 ἐκ
1851 1657 1946 1711 τοῦ

366 1742 599 1812 ἀχρόνου
625 1758 685 1794 τε
716 1741 810 1794 καὶ
843 1742 1140 1797 ἀσυκθέτιυ
1172 1745 1240 1798 τὰ
1287 1745 1523 1816 ἔγχρονά
1561 1764 1620 1799 τε
1671 1748 1765 1799 καὶ
1814 1748 1944 1801 σύν-

370 1834 519 1892 θετα,
568 1834 649 1885 ἔτι
689 1850 750 1901 γε
788 1836 896 1905 μὴν
944 1837 1009 1888 ὲκ
1051 1836 1144 1888 τοῦ
1190 1837 1451 1890 ἀκτίστου
1485 1838 1551 1890 τὰ
1583 1842 1776 1892 κτιστὰ
1808 1838 1948 1895 εἶναι

370 1924 683 1992 πεφύκασιν
712 1943 726 1958 ο
757 1925 901 1979 οὕτω
926 1929 1017 1979 καὶ
1048 1930 1157 1980 πᾶν
1192 1923 1332 1991 εἶδος
1363 1931 1426 1982 ἐκ
1451 1931 1545 1982 τοῦ
1574 1932 1817 1985 ἀνειδέου
1853 1951 1949 2000 γε-

369 2019 616 2088 γένηται,
681 2022 774 2073 καὶ
822 2024 885 2074 ὲκ
941 2022 1037 2075 τοῦ
1098 2024 1474 2094 ύπερκοσμίου
1527 2028 1643 2090 ἐνὸς
1685 2029 1748 2081 τὰ
1779 2028 1949 2083 πολλὰ

371 2112 697 2179 ᾳτινόμενα.
745 2114 804 2165 Ὀ
849 2113 1028 2165 τοίνυν
1077 2114 1150 2183 μὴ
1180 2115 1317 2185 πρὸς
1346 2116 1405 2168 τὸ
1427 2117 1667 2169 ἀνείδεον
1696 2118 1753 2170 ἓν
1781 2121 1947 2190 ἀσχο⁶

369 2200 650 2269 λούμενος.
705 2204 798 2255 καὶ
848 2203 1093 2271 ἀφορῶν,
1131 2204 1224 2257 καὶ
1272 2204 1463 2277 ῶσπερ
1496 2209 1705 2261 ἐκείνου
1752 2212 1949 2281 ἐκκρε-

372 2293 731 2362 μαννύμενος,
763 2295 899 2347 ἀλλὰ
951 2297 1088 2366 προς
1144 2297 1273 2350 ἄλλο
1304 2314 1357 2351 τι
1402 2299 1512 2351 τῶν
1558 2302 1616 2351 ὲν
1651 2302 1802 2365 εἴδει,
1851 2302 1948 2357 καὶ

369 2384 546 2436 κτίσει
576 2383 986 2454 θεωρουμένων,
1016 2382 1183 2450 οὗτος
1219 2388 1280 2440 τὸ
1323 2389 1463 2441 κατά
1498 2390 1828 2462 ἀσύγκριτον
1858 2391 1947 2446 λύε

370 2492 465 2541 γον
500 2476 811 2544 ὑφειμένον,
848 2477 942 2529 τοῦ
978 2479 1378 2551 ὑπερκειμένου
1411 2483 1677 2551 πρότερον
1711 2484 1947 2553 τέθεικα,

370 2568 464 2618 καὶ
494 2568 603 2619 τῶν
650 2570 1057 2640 εἰδωλολατρῶν
1099 2573 1236 2642 τάχα
1282 2574 1447 2641 ἐγγὺς
1494 2574 1745 2643 ἕστηκεν.
1782 2579 1874 2639 Εἰς
1918 2576 1949 2631 8

382 2658 478 2729 ,ῖάρ
521 2660 819 2728 ἠσχόληταί
868 2679 972 2726 τις,
1027 2664 1282 2734 καὶπρὸς
1322 2664 1349 2716 8
1390 2667 1591 2737 ἀφορᾷ,
1628 2667 1814 2720 τούτου
1856 2669 1950 2723 καὶ

370 2751 620 2818 ἐφίεται·
658 2748 718 2806 οὗ
755 2753 810 2806 δὲ
849 2755 1081 2821 ἐφίεται,
1133 2756 1309 2827 τούτῳ
1355 2759 1449 2810 καὶ
1480 2758 1747 2828 ἥττηται·
1797 2753 1841 2827 ᾧ
1892 2760 1950 2814 δὲ

375 2844 621 2911 ἡττηται,
649 2845 949 2919 τούτῳκαὶ
980 2845 1301 2900 δεδούλωται
1325 2866 1338 2878 ο
1374 2850 1467 2901 καὶ
1495 2850 1664 2912 ὅντως
1696 2852 1949 2919 λατρεύει

370 2950 431 3000 γε
459 2931 612 2999 οὗτος
664 2940 728 3006 τῇ
762 2938 934 2990 κτίσει
967 2940 1119 3007 παρὰ
1168 2940 1257 2991 τὸν
1290 2940 1552 2994 κτίσαντα
1573 2958 1584 2971 ·
1617 2943 1793 3012 τούτῳ
1836 2944 1947 3014 γὰρ

2048 482 2202 521 suam
2233 481 2455 521 causam
2484 465 2783 531 aSpiciens,
2816 464 2964 533 quia,
2994 473 3051 518 ut
3091 464 3297 518 dictum
3326 475 3427 527 est,
3465 464 3613 531 δεῖρ-

2040 573 2155 612 sam
2189 558 2348 622 videt,
2376 558 2447 610 ibi
2472 557 2762 625 aspiciens,
2786 567 2841 610 et
2880 556 3357 610 vehementissime
3394 556 3567 624 diligit
3596 573 3611 618 ;

2039 659 2094 699 et
2165 647 2385 701 aliunde
2418 663 2543 701 vero
2596 648 2793 715 aliquis
2861 661 3014 701 amor
3042 648 3181 703 solet
3237 663 3359 704 esse
3418 648 3613 718 geni-is

2038 753 2168 805 erga
2224 739 2553 804 genitorem,
2615 739 3078 808 quemadmodum
3153 749 3207 793 et
3261 741 3609 809 genitoribus

2036 844 2165 897 erga
2192 831 2372 897 genita
2402 848 2416 895 ;
2450 830 2571 883 ideo
2603 830 2767 884 multa
2794 833 3043 900 qutedam
3090 830 3383 886 inell‘abilis
3423 833 3610 885 laetitia

2038 927 2287 987 penetrat
2315 934 2433 973 eam
2466 929 2700 973 mentem
2733 936 2852 989 qua:
2886 921 2951 973 ad
2986 921 3117 975 illud
3145 936 3335 986 unum,
3363 922 3607 981 omnium

2037 1027 2257 1066 causam
2301 1027 2361 1065 se
2413 1013 2717 1079 convertit;
2777 1015 2840 1065 ad
2888 1014 3015 1073 hoc.
3061 1021 3249 1067 creata
3310 1030 3485 1074 mens.
3546 1023 3604 1068 ut

2042 1102 2246 1155 dictum
2284 1109 2393 1165 est,
2441 1106 2508 1156 ad
2563 1104 2797 1172 seipsam
2849 1104 3205 1158 convertitur.
3264 1103 3612 1173 Quaecunque

2037 1194 2181 1246 enim
2221 1194 2432 1247 ratione
2460 1209 2637 1246 causa:
2661 1196 3041 1263 prteexsistunt
3072 1204 3125 1249 et
3170 1209 3324 1251 meus
3356 1197 3472 1265 ipsa
3525 1206 3612 1249 ut-

2037 1296 2159 1354 pote
2224 1285 2415 1338 horum
2510 1287 2750 1337 omnium
2821 1302 3012 1350 unum,
3070 1289 3343 1341 exsistunt
3402 1288 3453 1341 in
3518 1290 3612 1344 illo

2036 1392 2197 1445 supra
2266 1377 2653 1446 cogitationem
2713 1393 2823 1431 uno
2883 1386 3141 1447 tanquam
3220 1380 3271 1431 iu
3351 1381 3605 1449 originali

2035 1483 2222 1523 causa.

2106 1559 2199 1614 28.
2235 1560 2703 1625 Quemadmodqu
2742 1577 2806 1614 ex
2848 1562 2939 1615 illo
2964 1562 3106 1630 quod
3141 1576 3309 1630 supra
3344 1561 3603 1615 substan-

2036 1652 2164 1705 tiam
2215 1663 2319 1715 est,
2381 1655 2563 1707 onmis
2620 1652 2967 1720 substantia;
2996 1664 3050 1708 et
3082 1654 3266 1709 omnis
3310 1664 3503 1708 natura
3538 1669 3603 1707 ex

2037 1745 2129 1799 illo
2164 1745 2306 1815 quod
2336 1761 2499 1815 supra
2532 1755 2784 1801 naturam
2815 1755 2920 1809 est,
2952 1762 3019 1801 ex
3050 1754 3253 1800 aeterno
3306 1757 3362 1800 et
3394 1747 3607 1800 incom-

2039 1838 2216 1904 posito
2250 1838 2572 1907 temporalia
2608 1848 2657 1892 et
2686 1841 3006 1908 composita,
3029 1839 3288 1907 etfadhuc
3308 1854 3370 1890 ex
3398 1840 3608 1891 int-rea-

2038 1939 2091 1992 to
2154 1938 2333 1982 creata
2368 1931 2679 1993 exsistunt;
2712 1933 2783 1984 ita
2840 1938 2895 1983 et
2937 1929 3119 1983 omnis
3180 1929 3392 1997 species
3421 1944 3485 1981 ex
3541 1945 3607 1981 eo

2034 2021 2181 2089 quod
2205 2021 2440 2086 speciem
2474 2038 2580 2075 non
2619 2023 2800 2086 habet,
2861 2031 2915 2076 et
2954 2036 3017 2075 ex
3068 2020 3467 2091 supernaturali
3499 2033 3608 2072 uno
3648 2086 3651 2089 δ

2034 2128 2099 2169 ea
2128 2114 2310 2166 omnia
2341 2128 2461 2182 qua:
2490 2114 2765 2168 videntur.
2787 2112 2888 2178 Qui
2926 2114 3089 2183 igitur
3120 2113 3261 2167 circa
3298 2112 3429 2165 illud
3458 2112 3601 2180 quod

2036 2204 2154 2259 sine
2188 2203 2358 2258 forma
2399 2212 2482 2258 est
2508 2218 2613 2257 non
2646 2213 2947 2272 occupatur
2991 2220 3093 2273 neq
3109 2219 3177 2257 ue
3209 2203 3339 2257 illud
3386 2204 3601 2272 aspicit,

2034 2305 2108 2355 et.
2147 2302 2204 2348 ut
2231 2295 2304 2348 ita
2331 2295 2531 2353 dicam,
2563 2294 2631 2347 ab
2660 2293 2754 2347 illo
2790 2294 3006 2362 pendet,
3040 2294 3132 2347 sed
3157 2291 3222 2345 ad
3250 2292 3393 2346 aliud
3426 2293 3601 2361 quod-

2033 2386 2157 2440 dam
2188 2400 2377 2441 eorum
2410 2400 2532 2454 quae
2564 2385 2819 2439 videntur
2847 2393 2901 2438 et
2932 2395 3112 2438 creata
3134 2394 3285 2449 sunt,
3312 2384 3421 2443 hic,
3455 2383 3602 2452 quod

2032 2477 2253 2531 oumiuo
2285 2475 2587 2543 subjectum
2621 2483 2702 2529 est
2730 2475 2777 2527 ei
2812 2475 2954 2541 quod
2986 2475 3239 2543 Superius
3262 2482 3345 2527 est
3379 2484 3599 2526 antetu-

2037 2567 2119 2632 lit,
2144 2576 2199 2621 et
2238 2566 2383 2621 brevi
2418 2565 2722 2620 idololatris
2744 2580 2910 2635 prepe
2934 2572 3063 2621 stat.
3096 2564 3227 2618 Illud
3268 2564 3410 2618 enim
3452 2564 3597 2618 circa

2030 2660 2176 2729 quod
2226 2660 2424 2728 aliquis
2478 2666 2775 2727 occupatur
2838 2667 2893 2712 et
2947 2659 3013 2711 ad
3046 2658 3189 2727 quod
3226 2657 3438 2727 aspicit,
3472 2658 3521 2709 id
3549 2666 3604 2710 et

2031 2750 2345 2815 desiderat;
2374 2749 2464 2803 illo
2491 2758 2671 2801 autem
2703 2748 2845 2817 quod
2872 2747 3045 2815 cupit,
3087 2747 3328 2800 vincitur
3356 2762 3370 2810 ;
3396 2746 3443 2798 ei
3476 2759 3602 2797 vero

2031 2844 2171 2911 quod
2200 2844 2453 2903 vincitur,
2479 2840 2757 2910 subjectus
2775 2851 2853 2892 est
2881 2855 2897 2905 ;
2922 2847 2975 2891 et
3004 2854 3125 2891 Vere
3152 2837 3319 2891 servit
3344 2838 3429 2890 ille
3452 2852 3607 2889 crea-

2036 2943 2191 2995 tum,
2255 2932 2455 2985 nedum
2511 2932 2801 2985 Creatori:
2856 2932 2903 2983 ei
2960 2930 3104 2982 enim
3168 2928 3603 2997 uniusrujusque

370 3028 396 3078 ὁ
431 3027 661 3079 ἑκάστου
722 3030 846 3091 νοῦς
902 3032 994 3082 καὶ
1042 3030 1385 3094 δεδούλωται,
1426 3033 1516 3085 καὶ
1567 3033 1819 3102 λατρεύει
1852 3035 1947 3089 καὶ

2041 3040 2195 3078 mens
2220 3022 2388 3078 servit
2430 3022 2593 3092 idque
2614 3023 2805 3090 diligit,
2836 3023 2981 3076 circa
3012 3020 3153 3091 quod
3188 3031 3505 3087 occupatur.
3541 3020 3598 3074 Si

370 3120 581 3191 ἀγαπᾷ,
614 3121 640 3174 ὃ
663 3123 860 3190 ἀφορᾷ.
890 3124 980 3175 καὶ
1008 3125 1135 3192 περὶ
1166 3122 1194 3175 8
1220 3124 1517 3195 ¹ὴσχόληται
1536 3141 1550 3154 ⁸
1587 3128 1635 3179 εἰ
1664 3127 1707 3178 δ’
1741 3129 1773 3195 ἠ
1796 3128 1949 3199 παρὰ

2036 3130 2202 3185 porro
2237 3122 2388 3167 extra
2422 3113 2472 3167 id
2499 3114 2640 3183 quod
2672 3113 2901 3181 simplex
2934 3122 3020 3167 est
3046 3121 3099 3166 et
3129 3130 3241 3166 sine
3270 3112 3470 3181 speciei
3507 3130 3601 3168 oc-

369 3211 429 3263 τδ
461 3211 664 3263 ἁπλοῦν
716 3213 773 3263 ἒν
814 3214 904 3264 καὶ
947 3212 1183 3265 ἀνείδεον
1215 3214 1463 3285 ἀσχολία,
1524 3218 1617 3270 καὶ
1651 3218 1951 3288 ἀπόδλεψις

368 3302 621 3353 τοσοῦτον
668 3302 1073 3356 ἀπολισθαίνειν
1106 3308 1286 3357 ποιεῖ’
1340 3307 1477 3377 πρὸς
1507 3308 1569 3359 τὸ
1621 3309 1858 3361 ἀνείδεον
1885 3306 1948 3364 ἓν

369 3394 574 3447 ἁπλοῦν
632 3395 787 3465 ἡμῶν
841 3398 873 3466 ἡ
921 3398 1146 3467 σπουδὴ,
1207 3399 1300 3451 καὶ
1343 3400 1376 3467 ἠ
1409 3399 1704 3467 ἐπίγνωσις
1728 3402 1948 3454 δι’ἐπι-

371 3487 609 3555 στροξῆς
640 3488 731 3538 καὶ
766 3488 1077 3551 ἀνατάσεως
1126 3492 1340 3559 νοερᾶς,
1376 3490 1572 3561 ἵναπερ
1598 3493 1647 3544 οί
1683 3492 1951 3564 θησαυροὶ

372 3578 550 3644 πάσης
607 3576 711 3628 εἰσὶ
776 3576 1053 3643 γνώσεως,
1110 3582 1203 3631 καὶ
1260 3574 1321 3633 οὗ
1367 3581 1705 3650 γενομένοις,
1763 3584 1944 3651 πάσης

373 3666 601 3734 θεωρίας
646 3667 976 3728 ἀνάπαυσις,
1014 3665 1046 3736 ἦ
1094 3668 1430 3732 ἁπόπαυσις,
1480 3670 1575 3721 καὶ
1626 3670 1781 3739 ἡτοῦ
1806 3674 1947 3723 νοεῖν

372 3757 580 3820 στάσις,
612 3759 704 3810 καὶ
734 3758 872 3827 ὑπὲρ
900 3757 1022 3810 νοῦν
1055 3759 1202 3829 σιγὴ,
1236 3761 1330 3814 καὶ
1356 3761 1749 3831 ἀνεκδιήγητον
1776 3763 1945 3831 ἀγαλ-

375 3848 536 3916 λίαμα
564 3849 622 3899 ὲν
658 3849 839 3916 πολλῷ
870 3848 1201 3920 θαυμασμῷ.
1360 3917 1365 3925 .

440 3936 542 3992 κθ’.
580 3940 644 3991 Et
675 3939 852 3993 πάντα
880 3940 975 3993 τοῦ
1020 3937 1161 3993 εἶναι
1192 3941 1259 3995 τὰ
1291 3942 1419 3996 ὄντα
1454 3943 1666 4013 ἐφίεται
1696 3961 1709 3974 ·
1748 3945 1947 3999 ἔστιδὲ

367 4030 585 4083 πάντων
616 4032 677 4084 τὸ
724 4028 866 4085 εἶναι
920 4033 1042 4086 κατ’
1095 4034 1277 4088 αἰτίαν
1312 4036 1369 4087 ὲν
1417 4035 1493 4104 τῷ
1536 4036 1677 4105 ὑπὲρ
1715 4038 1775 4089 τὸ
1806 4034 1945 4090 εἶναι

367 4122 479 4173 ὲνί’
517 4123 694 4175 πάντα
738 4124 846 4195 ἄρα
896 4126 991 4177 καὶ
1029 4123 1229 4194 μᾶλλον
1275 4126 1344 4179 τά
1373 4125 1567 4194 λογικά
1615 4127 1720 4181 τῶν
1752 4129 1937 4187 ὅντων.

366 4213 542 4282 ὀρθῶς
571 4216 664 4268 καὶ
696 4215 773 4278 ὡς
803 4216 909 4287 χρὴ
932 4216 1251 4285 κινούμενα,
1274 4218 1366 4270 τοῦ
1399 4218 1541 4288 ὑπὲρ
1565 4218 1625 4271 τδ
1652 4215 1789 4273 εἶναι
1827 4223 1941 4285 ἑνος

369 4306 580 4373 ἔιιίεται
616 4305 709 4359 τοῦ
739 4302 879 4361 εἶναι
907 4309 1171 4378 ἐφιέμενα
1192 4326 1204 4339 ο
1235 4308 1264 4361 ὃ
1302 4308 1411 4381 ἄρα
1449 4310 1525 4382 μὴ
1552 4310 1687 4383 πρὸς
1712 4313 1774 4367 τι
1803 4315 1943 4383 ὑπεὶρ

2034 3205 2249 3274 cupatin
2290 3214 2345 3257 et
2372 3203 2761 3271 contemplatio
2799 3218 2897 3256 nos
2921 3204 3173 3258 ili-cidere
3232 3206 3397 3267 facit,
3434 3206 3499 3259 ad
3534 3207 3601 3258 il-

2037 3299 2127 3353 lutl
2177 3298 2339 3366 igitur
2366 3295 2509 3365 quod
2544 3295 2662 3349 sine
2695 3297 2867 3348 forma
2929 3308 2982 3349 et
3015 3295 3243 3364 simplex
3278 3306 3361 3351 est
3396 3313 3587 3360 unum,

2037 3396 2221 3443 noster
2270 3388 2435 3441 ardor
2460 3386 2649 3440 tendat
2684 3395 2733 3440 ct
2766 3402 2858 3454 per
2896 3387 3307 3442 conversionem
3341 3391 3601 3456 spiritua-

2034 3482 2246 3548 lemque
2277 3487 2529 3533 conatum
2558 3480 2819 3549 cognitio,
2856 3480 2944 3533 ubi
2972 3481 3152 3533 omnis
3192 3480 3443 3534 scientiae
3475 3493 3602 3536 sunt

2037 3573 2304 3631 thesauri.
2331 3580 2385 3625 et
2414 3571 2530 3637 ubi,
2562 3586 2684 3625 cum
2717 3586 2784 3624 ee
2810 3573 3240 3639 pervenerimus,
3265 3578 3604 3645 contempla-

2038 3661 2197 3714 tionis
2218 3670 2301 3715 est
2333 3662 2549 3730 requies
2582 3670 2634 3715 et
2660 3662 2804 3725 linis,
2837 3671 2892 3717 et
2929 3664 3279 3733 cogitationis
3309 3668 3598 3728 terminus.

2034 3760 2091 3807 et
2124 3767 2286 3821 supra
2344 3760 2587 3806 mentem
2654 3753 2928 3808 silentium
2997 3765 3050 3811 et
3103 3756 3484 3813 inenarrabilis
3544 3761 3598 3813 in

2034 3845 2202 3898 multa
2233 3845 2591 3897 admiratione
2619 3846 2938 3900 exsultatio.

2102 3940 2193 3993 2‘).
2240 3938 2294 3991 Si
2337 3954 2679 4007 qumcunque
2751 3949 2895 4001 sunt,
2931 3955 3058 3995 esse
3105 3942 3366 4011 cupiunt;
3424 3944 3467 3996 si
3504 3959 3601 3997 au-

2033 4038 2143 4086 tem
2205 4032 2448 4085 onmium
2503 4045 2626 4085 esse
2661 4032 2963 4085 secundum
3007 4048 3229 4088 causam
3270 4044 3357 4089 est
3413 4036 3466 4088 in
3501 4037 3602 4088 illo

2034 4140 2145 4178 uno
2175 4122 2318 4192 quod
2350 4137 2515 4191 supra
2569 4138 2783 4175 onmem
2816 4123 3190 4179 cxsistentiam
3242 4134 3363 4193 est;
3412 4128 3602 4179 omnia

2034 4216 2218 4283 igitur,
2279 4207 2577 4283 praesertim
2631 4229 2757 4268 vero
2820 4216 3184 4282 rationabilia,
3242 4233 3371 4272 vere
3423 4228 3479 4273 et
3535 4226 3595 4270 ut

2036 4316 2247 4375 oportet
2296 4321 2354 4360 se
2379 4306 2669 4369 tumentia,
2692 4304 2823 4359 illud
2855 4322 3022 4361 unum
3048 4306 3192 4376 qttud
3225 4323 3389 4377 supra
3413 4309 3607 4362 Omnia

374 4405 437 4459 τὸ
479 4400 618 4457 εἶναι
651 4404 708 4457 ἐν
739 4404 1150 4475 ἀνατεινόμενος
1195 4404 1338 4468 νοῦς,
1370 4405 1507 4475 μηδὲ
1555 4406 1742 4459 τούτου
1796 4407 1947 4475 ὲφιέα

2036 4408 2137 4461 cst,
2190 4398 2418 4465 cupiunt
2440 4435 2457 4457 ,
2501 4411 2621 4450 esse
2653 4396 2949 4465 rapientia.
2983 4397 3133 4453 Meus
3166 4400 3331 4467 igitur
3361 4416 3482 4469 qua:
3531 4400 3609 4454 ad

381 4511 560 4563 μενος,
598 4492 946 4563 διαστρόφῳ,
998 4493 1093 4545 καὶ
1142 4494 1506 4563 ήμαρτημένῃ
1559 4494 1825 4563 κέχρηται
1882 4495 1950 4563 τῇ

381 4584 618 4653 κινήσει,
652 4585 748 4635 καὶ
786 4582 879 4635 τοῦ
901 4583 1105 4634 οἰκείου
1142 4582 1423 4635 διαπίπτει
1448 4582 1779 4653 ἀξιώματος,
1814 4586 1952 4655 ὅπερ

380 4676 497 4727 ἐστὶ
534 4676 626 4728 τοῦ
655 4676 794 4745 ὑπὲρ
819 4675 878 4727 τὸ
920 4671 1059 4728 εἶναι
1088 4677 1203 4737 ἑνὸς
1233 4678 1265 4745 ἡ
1300 4678 1612 4742 ἐπίγνωσις,
1648 4678 1737 4728 καὶ
1771 4679 1802 4747 ή
1832 4676 1953 4730 κατ’

378 4768 509 4820 αὐτὸ
544 4768 796 4837 θειοτάτη
845 4768 981 4837 ὑπὲρ
1014 4768 1137 4821 νοῦν
1169 4769 1401 4837 ὲνοειδὴς
1437 4767 1648 4831 ἓνωσις,
1693 4772 1787 4822 καὶ
1812 4770 1949 4836 ἀγά-

380 4873 565 4923 πησις.

450 4946 513 5000 λ’.
548 4948 628 5001 Τὰ
671 4948 819 5001 αῐτια
868 4949 1143 5019 περισσῶς
1171 4949 1353 5019 ἔχουσι
1394 4949 1493 5013 τὰς
1538 4951 1647 5003 τῶν
1698 4951 1957 5003 αἱτιατῶν

382 5039 665 5102 καλλονάς.
698 5040 881 5093 Αἴτιον
930 5041 986 5094 δὲ
1018 5041 1126 5094 τῶν
1158 5042 1375 5093 πάντων
1400 5042 1595 5104 κοινῶς
1634 5041 1695 5094 τὸ
1726 5043 1957 5114 ὑπερού·

381 5148 496 5184 σιον
530 5131 614 5187 ἓν.
646 5134 707 5185 Et
751 5132 928 5186 τοίνυν
950 5134 979 5186 ὀ
1004 5134 1127 5195 νοῦς
1158 5134 1507 5203 προσίσχοιτό
1545 5152 1649 5187 τινι
1680 5135 1789 5188 τῶν
1821 5137 1958 5205 μετὰ

378 5224 440 5276 τὸ
476 5224 800 5296 ύπερούσιον
843 5226 923 5289 ἓν,
963 5224 1039 5287 ὡς
1072 5225 1242 5295 καλῷ,
1294 5224 1326 5295 ἢ
1357 5224 1433 5287 ὡς
1471 5228 1553 5279 ὃτι
1585 5228 1647 5298 δή
1683 5243 1813 5280 ποτε
1843 5245 1960 5281 νοε-

383 5320 484 5388 ρᾶς
528 5318 678 5384 ἀξιον
730 5317 949 5383 ἕλξεως,
1003 5319 1249 5387 ἐναργῶς
1300 5320 1618 5389 ἡμάρτηται
1673 5322 1700 5372 ὁ
1757 5320 1958 5381 σκοπὸς

382 5408 572 5474 αὐτοῦ,
606 5408 895 5477 φιλόκαλος
932 5412 1030 5479 μὲν
1062 5407 1160 5475 ὢν,
1192 5411 1313 5480 οὐχὶ
1350 5410 1406 5463 δὲ
1446 5418 1579 5482 πρὸς
1618 5410 1680 5463 τὸ
1721 5411 1959 5481 πρῶτον,

384 5499 478 5552 καὶ
530 5499 739 5569 κύριον,
781 5498 872 5550 καὶ
906 5498 966 5562 ἐξ
1011 5492 1184 5569 οὗπερ
1234 5502 1414 5552 πάντα
1446 5502 1515 5553 τὰ
1552 5501 1713 5565 καλὰ,
1753 5504 1956 5572 μετοχῇ

384 5591 447 5657 γέ
479 5590 585 5643 εἰσι
609 5588 772 5653 καλὰ,
810 5588 1134 5659 ύπερούσιον
1174 5588 1251 5652 ἓν,
1286 5590 1422 5641 ἀλλὰ
1454 5591 1585 5659 πρὸς
1618 5591 1682 5643 τὰ
1711 5592 1768 5657 ἐξ
1805 5591 1961 5647 ,ὲκεί-

388 5702 475 5739 sou
512 5684 811 5754 μετέχοντα
845 5684 943 5755 τῆς
977 5684 1257 5765 καλλονῆς,
1293 5684 1556 5754 ῥᾳθυμίᾳ,
1599 5684 1631 5751 ἢ
1664 5688 1957 5757 ἀνεπιστη-

2032 4491 2163 4546 illud
2192 4506 2355 4544 unum
2380 4504 2484 4543 non
2517 4488 2687 4543 tendit
2719 4503 2893 4558 neque
2926 4488 3057 4542 illud
3109 4492 3284 4559 cupit,
3343 4506 3599 4560 perverso

2032 4595 2083 4637 et
2118 4590 2333 4638 errante
2377 4589 2526 4635 motu
2560 4584 2749 4641 utitur,
2781 4589 2834 4633 et
2887 4581 3105 4649 propria
3152 4580 3415 4650 dignitate
3449 4584 3603 4636 ἀει..-

2032 4676 2201 4739 bitur,
2231 4689 2352 4744 qua:
2396 4683 2481 4728 est
2539 4674 2699 4742 hujus
2737 4689 2900 4737 supra
2950 4688 3165 4727 onmem
3215 4674 3597 4730 exsistenttam

2033 4768 2198 4823 unius
2259 4768 2518 4837 cngnitio,
2584 4775 2640 4821 et
2676 4766 3015 4821 divinissima
3064 4768 3363 4821 secundum
3418 4769 3605 4836 ipsum

2035 4878 2198 4931 supra
2237 4871 2469 4915 mentem
2497 4860 2786 4914 uniformis
2834 4860 2963 4911 uuio
2998 4869 3049 4910 et
3080 4860 3314 4912 dilectio.

2105 4956 2194 5009 30.
2260 4953 2453 5009 Causte
2526 4953 2830 5006 eminentes
2908 4953 3181 5020 possident
3251 4963 3611 5004 causatorum

2037 5044 2494 5114 pulchritudines.
2576 5044 2752 5096 Causa
2815 5055 2993 5095 autem
3068 5045 3310 5095 ninnium
3362 5058 3613 5096 commuo

2039 5141 2279 5191 niterest
2316 5134 2838 5200 supersuhstantialc
2890 5151 3078 5187 unmu.
3135 5136 3190 5187 Si
3246 5136 3409 5204 igitur
3450 5150 3616 5188 mons

2039 5232 2308 5282 adiat-rent
2365 5228 2522 5280 alicui
2558 5242 2744 5280 eorum
2781 5242 2901 5295 qua:
2954 5239 3081 5279 sunt
3134 5236 3253 5293 post
3309 5227 3605 5293 supersub-

2039 5320 2295 5374 Stantiale
2316 5335 2502 5381 unum,
2540 5329 2594 5369 ut
2627 5319 2882 5385 pulchro,
2917 5326 3005 5369 aut
3047 5329 3296 5385 tauquam
3331 5316 3609 5385 spirituali

2039 5411 2357 5465 attractione
2376 5412 2561 5476 digno,
2589 5408 2870 5462 manifeste
2892 5409 3055 5461 falsus
3073 5418 3154 5463 est
3174 5410 3289 5475 ejus
3310 5412 3613 5473 terminus;

2044 5518 2171 5557 tunc
2217 5502 2361 5555 enim
2389 5502 2603 5571 pulchri
2644 5500 2848 5571 aliquid
2878 5508 3079 5569 aequat,
3115 5515 3221 5552 non
3254 5508 3429 5550 autem
3463 5500 3609 5565 quod

2044 5596 2123 5663 pii
2153 5616 2161 5643 l
2190 5610 2277 5646 um
2304 5602 2358 5647 ct
2392 5594 2688 5665 priuripale
2724 5592 3006 5660 pulchrum
3039 5601 3143 5651 est,
3168 5598 3221 5642 et
3247 5604 3311 5641 ex
3344 5604 3451 5657 quo
3485 5605 3603 5639 om-

2047 5690 2128 5741 uia
2164 5689 2388 5755 pufe'ura
2426 5699 2573 5751 sunt,
2635 5682 3151 5754 supersubst..nti.tl~
3184 5696 3375 5748 llt'lttpc
3414 5694 3608 5743 unum,
