4032 6208
298 296 404 360 ΕΜ

1431 293 1526 353 DE
1569 294 1740 353 VITA
1786 295 2445 369 CONTEMPLATIVA.

3432 311 3535 374 8⁸70

297 424 517 490 ὸύνηται
550 417 675 480 νοῦς
734 416 795 470 τί»
825 415 1195 486 ὕπερκόσμιον
1224 412 1282 465 ἓν
1316 411 1647 482 ποιήσασθαι
1693 408 1899 480 ἀρχὴν..

1986 417 2094 472 lere
2125 436 2140 487 ;
2172 422 2263 477 scd
2294 439 2324 479 e
2374 426 2648 481 contrario
2691 441 2720 480 a
2772 427 2979 483 caeteris
3011 427 3075 481 ad
3121 426 3248 480 illud
3299 427 3443 482 vadit
3475 440 3539 478 ac

300 515 392 567 καὶ
418 512 528 566 ἀπὸ
558 509 713 563 τοῦδε
750 508 1004 579 προϊέναι
1035 506 1128 558 ἐπὶ
1170 504 1240 557 τά
1266 504 1467 559 πολλά’
1508 502 1644 555 ἀλλά
1667 502 1889 553 τούναν-

304 603 434 663 τίον,
478 600 585 654 ἀπὸ
640 600 751 651 τῶν
814 596 1027 650 πολλῶν
1083 598 1162 659 είς
1193 597 1368 648 ἐκεῖνο
1398 594 1576 648 ἄνεισι
1621 592 1716 645 καὶ
1745 608 1889 659 ,συν-

300 700 515 762 ἀγεται.
555 692 735 744 Κάκεῖ
761 688 861 759 μὲν
884 688 1187 756 ἀναγκαῖον
1216 688 1282 756 τῇ
1302 685 1551 755 αἰσθήσει
1570 683 1627 735 τὸ
1649 680 1891 753 ἀριθμη-

301 788 391 841 τὸν
426 786 507 848 ἓν,
538 785 624 837 διά
648 784 746 851 τὴν
774 784 853 845 είς
879 781 950 834 τὰ
1000 780 1171 833 πολλὰ
1216 778 1463 850 πρόοδον,
1502 776 1677 839 ἄλλως
1714 777 1788 846 μὴ
1832 772 1895 827 6v

304 877 527 931 δυνατὸν
572 874 851 947 ἀριθμεῖν,
905 874 938 945 ἢ
995 872 1313 944 προϐαίνειν
1452 869 1735 941 βούλεται·
1789 860 1893 921 ὧδε

302 972 356 1024 δὲ
389 972 664 1038 ἀναγκαῖα
699 968 775 1038 τῷ
819 968 894 1037 νῷ
938 966 1007 1018 τά
1044 965 1234 1030 πολλὰ,
1265 965 1353 1018 διὰ
1385 963 1485 1035 τὴν
1516 966 1595 1026 είς
1633 962 1691 1015 τὸ
1719 962 1892 1031 ὑπερο

302 1064 530 1133 κόσμιον
561 1062 619 1114 ἓν
638 1062 726 1116 διὰ
756 1061 964 1115 τούτων
992 1058 1310 1128 ἀναγωγὴν,
1328 1058 1423 1111 καὶ
1452 1056 1760 1127 σύμπτυξιν
1781 1050 1894 1109 οἷον

311 1155 530 1220 ἑαυτοῦ,
562 1153 830 1224 ἑτέρωθεν
867 1152 1134 1216 ἀνελθεῖν,
1274 1149 1620 1220 βεϐούληται,
1654 1148 1747 1200 ἐπὶ
1795 1146 1895 1217 τὴν

302 1248 400 1303 τοῦ
450 1246 832 1320 ὑπερκοσμίου
882 1244 1188 1315 φαντασίαν
1244 1242 1363 1305 ἑνὸς
1394 1241 1696 1311 οὐδαμόθεν
1732 1239 1895 1293 δυνά-

308 1356 471 1410 μενος
505 1336 723 1409 [ὁρθότ.
768 1335 1096 1406 δυναμένου,
1142 1334 1180 1401 ἢ
1211 1328 1733 1403 δυναμένῳ]..υῦτω
1782 1345 1897 1383 τοι·

308 1429 512 1499 γαροῦν
542 1429 570 1480 6
593 1427 719 1490 νοῦς
766 1427 921 1493 τάξει
946 1425 1041 1479 καὶ
1062 1423 1165 1494 ὁδῷ
1185 1422 1366 1493 ἑαυτῷ
1386 1422 1563 1492 οἰκεία
1588 1421 1894 1492 χρώμενος,

306 1524 544 1593 ἄρχεται
590 1521 690 1592 μὲν
742 1520 854 1573 ἀπὸ
881 1520 990 1572 τῶν
1023 1517 1258 1582 πολλῶν,
1287 1516 1443 1579 τέλος
1476 1514 1534 1567 δὲ
1566 1516 1806 1567 ποιεῖται
1834 1510 1899 1567 τδ

308 1615 681 1686 ὑπερκόσμιον
734 1614 829 1666 καὶ⁹
875 1612 1306 1682 κορυφαιότατον
1369 1608 1459 1662 ἐν·
1495 1606 1620 1661 ἐπεὶ
1651 1608 1762 1679 γὰρ
1808 1604 1898 1660 :5-

308 1706 514 1775 ληπτόν
551 1708 670 1756 ἐστι
714 1703 811 1757 καὶ
836 1702 1119 1773 εὑόριστον
1152 1698 1214 1752 τὸ
1242 1697 1363 1752 κατ’
1386 1696 1638 1767 αἴσθησιν
1662 1696 1897 1767 ἀριθμηο

1965 512 2206 567 ducitur.
2236 514 2299 568 Et
2329 516 2401 571 ibi
2440 518 2658 585 quidem
2701 519 3066 572 necessarium
3098 527 3178 572 est
3214 520 3398 574 sensui
3434 534 3533 571 nu-

1965 605 2226 657 merabile
2270 622 2434 658 unum
2497 608 2565 659 oh
2624 624 2969 676 progressum
3022 609 3087 663 ad
3118 609 3243 673 alia,
3268 625 3390 663 rum
3430 625 3537 662 non

1966 696 2121 749 aliter
2140 699 2307 766 possit
2332 714 2640 764 numerare,
2661 702 2785 764 nisi,
2807 717 2916 770 quo
2934 702 3078 765 velit,
3097 699 3534 770 progrediendo;

1970 787 2040 839 ita
2070 803 2197 842 vero
2224 791 2405 842 omnia
2433 793 2599 845 menti
2625 792 2929 845 necessaria
2956 802 3105 856 sunt,
3129 801 3354 860 propter
3378 804 3531 845 suam

1968 894 2062 946 per
2106 894 2167 933 ea
2196 880 2259 932 ad
2293 882 2706 949 supernaturale
2746 899 2911 936 unum
2942 884 3333 948 reductionem,
3364 892 3440 947 et,
3478 890 3537 935 nt

1972 972 2041 1022 ita
2063 970 2260 1035 dicam,
2288 972 2782 1041 co-npliCationem,
2812 984 2867 1027 ιιι
2900 973 3115 1027 aliunde
3137 989 3246 1041 quo
3272 972 3396 1027 velit
3418 987 3543 1041 pro-

1972 1061 2163 1115 cedere
2208 1074 2460 1131 nequeat,
2494 1064 2559 1117 ad
2616 1065 3117 1118 manifestalionem
3151 1065 3313 1117 unius
3348 1078 3541 1131 super-

1974 1154 2257 1208 naturalis.
2309 1154 2399 1209 Sic
2436 1154 2600 1222 igitur
2634 1170 2793 1209 meus
2822 1155 3011 1209 ordine
3048 1166 3101 1207 et
3152 1156 3237 1207 via
3279 1156 3380 1207 sibi
3416 1170 3538 1221 pro-

1975 1248 2088 1313 pria
2129 1254 2312 1308 utens,
2355 1244 2545 1314 incipit
2579 1246 2796 1314 quidem
2837 1262 2865 1299 a
2912 1247 3117 1309 multis,
3151 1245 3309 1298 ﬁnem
3360 1254 3540 1297 autem

1975 1351 2139 1392 suum
2172 1336 2321 1391 sistit
2373 1337 2427 1390 in
2459 1338 2858 1405 supernaturali
2890 1353 2953 1391 ac
2985 1351 3199 1392 summo
3229 1351 3369 1401 uno;
3402 1350 3545 1405 quo-

1975 1430 2121 1484 niam
2146 1431 2292 1484 enim
2346 1438 2506 1498 captu
2566 1429 2720 1483 facile
2783 1439 2867 1485 est
2895 1440 2947 1484 et
2976 1430 3113 1483 bene
3159 1428 3371 1482 ﬁnitum
3412 1426 3542 1479 illud
3596 1412 3599 1415 ’

1976 1523 2273 1577 secundum
2325 1536 2518 1577 sensus
2579 1538 2767 1588 unum,
2824 1522 3141 1576 naturaliter
3192 1535 3385 1575 sensus
3413 1520 3542 1577 illud

1979 1616 2151 1683 ponit,
2181 1614 2421 1685 utexigit
2452 1615 2570 1681 ejus
2593 1625 2807 1680 natura,
2861 1625 2916 1670 et
2958 1616 3110 1683 prius
3140 1614 3408 1684 positione
3444 1622 3549 1666 est.

1985 1709 2173 1767 Unitas
2205 1725 2330 1762 vero
2361 1708 2792 1776 supernaturalis
2822 1707 3077 1776 quaesita,
3102 1721 3225 1760 cum
3255 1707 3326 1757 sit
3361 1718 3547 1773 super-

308 1800 402 1853 τὸν
419 1799 496 1861 ἓν,
533 1797 781 1867 φυσικῶς
822 1799 856 1867 ἡ
886 1796 1138 1864 αἴσθησις
1176 1792 1336 1847 τοῦτο
1360 1791 1598 1862 τίθησιν,
1649 1788 1723 1853 ὡς
1752 1790 1835 1842 ἄν’
1862 1790 1895 1858 ἡ

1986 1800 2268 1867 naturalis,
2301 1809 2354 1853 et
2378 1775 2764 1868 cogitationem
2794 1775 2981 1867 fugiat,
3012 1797 3225 1865 longius
3246 1804 3329 1850 est
3361 1794 3430 1849 ab
3453 1810 3550 1848 sua

311 1892 474 1960 φύσις
496 1890 661 1944 αὑτοῦ
684 1892 913 1958 ἀπαιτῇ,
967 1888 1063 1941 καὶ
1100 1889 1168 1956 τῇ
1221 1884 1370 1938 θέσει
1415 1884 1708 1954 πρότερον.
1751 1882 1815 1934 Ἡ
1840 1880 1897 1934 δὲ

311 1983 455 2037 κατά
487 1982 610 2035 νοῦν
640 1980 949 2050 ζητουμένη
994 1978 1163 2049 μονάς
1180 1976 1574 2047 ὑπερκόσμιος,
1606 1974 1901 2045 ὑπερφυής

309 2093 370 2130 τε
412 2075 569 2142 οὖσα,
620 2076 715 2128 καὶ
766 2072 827 2127 τὸ
884 2070 1126 2126 νοεῖσθαι
1185 2068 1550 2138 ὲκφεύγουσα,
1576 2068 1766 2139 πόρρω
1796 2065 1897 2120 πού

312 2173 431 2224 ἐστι
476 2169 572 2221 καὶ
626 2169 725 2237 τῆς
765 2164 910 2220 κατά
950 2163 1114 2233 φύσιν
1134 2164 1335 2232 ἑαυτῆς
1369 2161 1591 2225 θέσεως,
1622 2160 1762 2213 ὥστε
1804 2160 1899 2213 ἀπ’

313 2262 533 2330 ἐκείνης
556 2259 648 2313 τὸν
692 2258 819 2312 νοῦν
869 2257 1155 2329 ἄρχεσθαι,
1187 2254 1323 2307 ἀλλὰ
1368 2253 1573 2324 μᾶλλον
1612 2248 1698 2306 οἷα
1732 2253 1901 2324 ὕπερ-

316 2354 448 2423 φυῆ,
480 2350 777 2422 ὑπερφυῶς
829 2351 930 2403 οὐκ
978 2348 1176 2419 ἀρχὴν,
1205 2346 1340 2401 ἀλλά
1373 2346 1525 2409 τέλος
1556 2346 1725 2415 αὐτὴν
1754 2345 1899 2416 εὑρί-

314 2460 433 2497 σκει
460 2444 487 2495 6
516 2442 639 2504 νοῦς
673 2440 813 2511 μετά
863 2439 963 2510 τὴν
1000 2439 1273 2500 διάϐασιν,
1302 2437 1395 2490 καὶ
1422 2437 1489 2491 ἶν’
1527 2436 1700 2499 οὕτως
1734 2436 1895 2501 είπω,

313 2536 677 2607 ἐξαρίθμησιν
728 2533 841 2587 τῶν
899 2532 1134 2585 πολλῶν.
1174 2531 1331 2585 Ἐπεὶ
1368 2532 1477 2601 γάρ
1515 2532 1543 2583 6
1572 2529 1699 2593 νοῦς
1734 2529 1897 2599 φύσιν

313 2630 374 2684 τὸ
399 2630 539 2683 νοεῖν
576 2626 711 2698 ἔχει,
765 2627 825 2680 τὸ
852 2626 909 2680 δὲ
958 2624 1332 2696 ῦπερκόσμιον
1371 2624 1429 2677 ἐν
1463 2625 1580 2677 ἐστι
1616 2623 1737 2676 καθ’
1767 2622 1899 2676 αὐτὸ

314 2724 555 2793 ἄληπτον
590 2722 685 2774 καὶ
728 2718 1046 2789 ἀπρόσιτον,
1074 2716 1210 2790 πρὸς
1243 2717 1313 2769 τά
1348 2716 1520 2769 πολλά
1568 2716 1661 2769 καὶ
1690 2716 1899 2769 ἄκουσα

314 2818 348 2885 ἠ
392 2814 555 2884 τριϐὴ
590 2812 759 2866 κλίνει
805 2810 901 2865 τοῦ
931 2811 1080 2873 νοός³
1121 2811 1260 2881 μήτε
1296 2809 1466 2879 ἀργὸς
1507 2802 1646 2869 εἶναι
1672 2808 1781 2862 ἀπδ
1803 2806 1897 2860 τοῦ

313 2908 459 2960 νοεῖν
486 2904 782 2974 δυνάμενος
810 2905 839 2957 6
866 2903 1012 2968 νοῦς,
1042 2902 1177 2973 μήτε
1194 2902 1253 2953 τὸ
1279 2902 1595 2971 κορυφαῖον,
1614 2899 1708 2953 καὶ
1726 2900 1897 2970 ὑπερ-

316 2999 544 3067 κόσμιον
574 2996 633 3049 ἓν
661 2996 797 3066 ἔχων
829 2996 980 3065 ἰσχὺν
1021 2993 1468 3065 περιδράξασθαι.
1521 2992 1756 3044 Ἀπιδὼν
1790 2991 1898 3044 τοί·-

316 3111 409 3145 νυν
440 3094 518 3154 είς
550 3092 620 3144 τὰ
675 3090 867 3154 πολλὰ,
907 3092 963 3143 ὲν
994 3090 1212 3158 ἑκάστῳ
1237 3088 1345 3140 τῶν
1392 3086 1603 3140 πολλῶν
1642 3086 1897 3139 ἁπάντων

317 3186 479 3255 ἐνορᾷ
511 3183 723 3252 νοητὸν,
747 3184 845 3253 οὐχ
881 3184 1017 3253 ὅπερ
1051 3180 1170 3233 ὲστί
1192 3198 1243 3233 τι
1268 3175 1430 3243 εἶναι,
1449 3180 1564 3233 ἀλλ’
1594 3182 1732 3250 ὅπερ
1754 3182 1896 3245 τινζς

317 3278 464 3339 ἑνός·
496 3277 730 3329 κᾶπειτα
788 3275 1126 3345 συναγείρων
1178 3273 1237 3342 ὲξ
1288 3273 1518 3327 ἑκάστου
1567 3274 1895 3344 φαινομένου

317 3369 549 3421 ἕκαστον
607 3366 799 3436 νοητὸν
851 3366 1303 3436 προφαινόμενον,
1368 3366 1463 3419 καὶ
1510 3366 1643 3437 πρὸς
1691 3366 1896 3436 ἄλληλα

316 3462 492 3514 ταῦτα
517 3461 756 3529 ὁμόλογα
803 3460 952 3525 ὄντα,
1012 3459 1107 3511 καὶ
1136 3458 1234 3511 οὐκ
1261 3457 1480 3522 ἀντίξοα
1536 3458 1777 3527 θεωρῶν,
1802 3459 1897 3512 καὶ

319 3554 501 3605 πάντα
529 3553 655 3621 μιᾶς
682 3550 867 3621 ὥσπερ
896 3551 1052 3622 ῥίζης
1080 3549 1240 3621 ἄνθη,
1271 3550 1363 3603 καὶ
1393 3550 1552 3619 φυῆς,
1589 3548 1894 3613 ἀκολούθως

323 3643 570 3712 πρόεισιν
602 3644 711 3696 ἀπὸ
735 3643 841 3695 τῶν
882 3642 1117 3707 πολλῶν,
1144 3644 1237 3694 ἐπὶ
1264 3642 1325 3694 τὸ
1360 3642 1785 3712 κορυφαιότατον
1815 3641 1893 3707 ἓν,

325 3737 385 3799 ἐξ
406 3729 467 3787 οῦ
486 3737 551 3787 τὰ
583 3736 768 3800 πολλὰ,
810 3736 904 3788 καὶ
938 3734 1137 3797 πάντα,
1171 3733 1269 3786 καὶ
1313 3733 1557 3801 φυσικῶς
1609 3734 1897 3800 συνάγεται

324 3827 431 3879 ἀπὸ
458 3825 565 3877 τῶν
594 3826 836 3892 φυσικῶν
867 3825 1032 3877 όντων
1062 3827 1140 3886 εἰς
1167 3823 1318 3886 τάξιν
1340 3823 1615 3892 ὑπερφυᾶ,
1644 3824 1701 3875 τὸ
1728 3825 1895 3893 ὑπερ-

323 3917 457 3985 φυὲς
484 3918 573 3968 καὶ
599 3916 919 3985 ὑπερούσιον
950 3914 1401 3984 ἐνοπτριζὸμενος
1436 3914 1511 3977 ἓν,
1541 3914 1615 3975 ὡς
1645 3914 1757 3983 ἔχει
1798 3914 1898 3981 φῦ·

322 4028 458 4073 σεως
511 4010 569 4062 τὸ
605 4011 741 4080 ὑπὲρ
790 4009 973 4077 φύσιν,
1006 4007 1114 4061 ἀπὸ
1145 4006 1253 4060 τῶν
1306 4006 1446 4060 κατά
1482 4006 1640 4075 φύσιν
1666 4007 1895 4075 ὁρᾶσθαι

321 4105 346 4156 ὲ
364 4102 584 4165 .οειδιῖ)ς.
616 4102 749 4155 Τότε
769 4103 945 4154 τοίνυν
962 4103 989 4153 6
1014 4100 1137 4162 νοῦς
1164 4100 1261 4169 τὴν
1294 4100 1532 4167 πηγαίαν
1557 4099 1666 4152 τῶν
1700 4098 1899 4162 ἀγαθο-

319 4198 520 4265 τὴτων,
548 4196 643 4248 καὶ
674 4194 946 4248 καλλονῶν
969 4194 1226 4247 ἁπάντων
1258 4192 1575 4263 πρόϐλυσιν,
1616 4192 1709 4242 καὶ
1742 4194 1897 4261 ποιή-

317 4303 476 4355 τριαν
500 4286 754 4356 ἀρρήτως
788 4286 1021 4339 κατιίὼν
1064 4286 1157 4338 καὶ
1180 4286 1459 4355 τρυφήσας
1492 4284 1552 4336 τὸ
1574 4283 1895 4354 ὑπερούσιον

318 4379 398 4431 ἓν.
472 4376 572 4428 οὐκ
632 4376 913 4446 ἐθελοντὴς
964 4376 1353 4446 ἐπιστρέφεται
1408 4375 1544 4445 πρὸς
1581 4376 1649 4429 τὰ
1700 4376 1901 4446 πολλὰ,

1979 1895 2277 1947 secundum
2310 1902 2557 1944 naturam
2584 1891 2851 1959 positione
2884 1904 3042 1959 quam
3081 1897 3140 1941 ut
3173 1902 3327 1940 mens
3360 1887 3425 1938 ah
3462 1885 3553 1937 illa

1980 1984 2221 2053 incipiat,
2251 1983 2343 2038 sed
2380 1998 2498 2037 eam
2530 1994 2589 2037 ut
2616 1982 2772 2037 ﬁnem
2808 1997 2959 2036 mens
2988 1980 3218 2044 invenit,
3252 1988 3546 2047 postquam

1980 2092 2273 2145 progressa
2301 2084 2417 2140 est;
2453 2085 2528 2140 et,
2558 2086 2616 2131 ut
2645 2076 2718 2129 ita
2744 2076 2942 2137 dicam,
2968 2074 3195 2144 plurima
3218 2072 3545 2127 numeravit.

1981 2170 2247 2234 Quoniam
2303 2169 2447 2224 enim
2499 2185 2651 2224 mens
2683 2179 2884 2223 natura
2950 2177 3173 2237 cogitat,
3222 2174 3549 2235 supernatu-

1981 2262 2093 2317 rale
2126 2276 2255 2315 vero
2310 2276 2404 2329 per
2455 2276 2511 2316 se
2561 2276 2668 2315 non
2721 2261 2934 2329 capitur
2979 2243 3153 2329 neqtte
3207 2260 3423 2321 aditur,
3483 2257 3549 2310 al

1981 2353 2150 2406 multa
2203 2352 2287 2407 vel
2332 2351 2499 2406 invita
2546 2367 2698 2405 mens
2746 2350 3006 2415 inclinat;
3059 2359 3113 2404 et
3172 2363 3345 2417 neque
3402 2360 3555 2400 meus

1982 2454 2164 2515 potest
2230 2443 2522 2514 cogitando
2552 2458 2786 2510 cessare,
2838 2457 3015 2511 neque
3062 2456 3333 2495 suunnum
3371 2447 3424 2493 et
3461 2454 3557 2493 sn-

1987 2537 2329 2611 pernaturale
2378 2537 2581 2591 bonum
2644 2536 2787 2590 valet
2851 2533 3341 2603 comprehendere.
3396 2531 3555 2600 Aspi-

1985 2634 2134 2687 ciens
2166 2630 2328 2698 igitur
2349 2629 2414 2683 ad
2459 2628 2649 2692 multa,
2716 2628 2769 2681 in
2828 2641 3159 2695 unoquoque
3194 2639 3382 2678 eorum
3420 2622 3558 2674 mul-

1987 2733 2167 2779 torum
2218 2720 2502 2792 spirituale
2554 2721 2816 2787 intuetur,
2868 2736 2975 2773 non
3036 2719 3180 2788 quod
3218 2727 3300 2772 est
3354 2716 3556 2785 aliquid

1985 2832 2128 2881 esse,
2166 2815 2259 2870 sed
2293 2815 2435 2885 quod
2471 2812 2751 2883 enjtisdam
2790 2813 2985 2877 unius;
3024 2820 3078 2865 et
3110 2810 3306 2864 deinde
3340 2826 3403 2863 ex
3441 2809 3556 2861 sin-

1991 2912 2133 2981 gulis
2171 2909 2550 2982 pluenomenis
2586 2907 2796 2977 singula
2829 2905 3182 2975 intelligihilia
3216 2904 3477 2971 colligens
3505 2911 3559 2953 et

1989 3004 2095 3057 alia
2126 3017 2248 3056 cum
2291 3003 2413 3057 aliis
2447 3002 2646 3055 similia
2687 3016 2785 3054 nec
2835 2999 3080 3068 Opposita
3120 2997 3557 3050 animadvertetis

1991 3106 2044 3151 et
2080 3095 2262 3149 omnia
2294 3104 2549 3161 tanquam
2586 3093 2746 3147 unius
2782 3092 2980 3145 radicis
3011 3089 3190 3151 ﬂores,
3224 3099 3559 3153 consequen-

1996 3198 2081 3241 ter
2115 3186 2359 3256 procedit
2399 3200 2429 3239 a
2474 3184 2658 3237 multis
2697 3185 2802 3238 illis
2840 3182 2903 3237 ad
2956 3195 3227 3237 summum
3270 3194 3460 3240 unum,
3492 3191 3560 3229 ex

1989 3293 2099 3347 quo
2135 3277 2223 3330 illa
2262 3276 2427 3329 multa
2461 3284 2513 3329 et
2532 3274 2737 3339 omnia,
2761 3282 2816 3328 et
2844 3271 3163 3327 naturaliter
3192 3285 3259 3324 ex
3289 3266 3555 3323 naturali-

1989 3371 2092 3423 bus
2124 3368 2398 3436 colligitur
2425 3367 2477 3419 in
2535 3366 2781 3420 ordinem
2840 3362 3339 3433 supernaturalem,
3370 3374 3559 3427 super-

1987 3459 2237 3513 naturale
2269 3458 2396 3511 illud
2423 3465 2477 3509 et
2502 3455 3035 3525 supersuhslantiale
3062 3468 3229 3506 unum
3256 3454 3308 3505 in
3340 3449 3561 3520 speculo

1988 3550 2387 3617 contemplans,
2420 3564 2577 3616 quam
2618 3556 2867 3599 naturam
2901 3545 3100 3598 habeat
3132 3541 3263 3596 illud
3290 3556 3560 3605 superna-

1989 3640 2157 3695 tnrale
2181 3654 2246 3692 ex
2276 3637 2343 3691 iis
2375 3653 2496 3703 quae
2542 3637 2840 3690 secundum
2879 3642 3129 3687 naturam
3176 3640 3304 3686 sunt
3349 3630 3562 3698 simpli-

1989 3732 2126 3786 citer
2150 3731 2361 3784 videns.
2397 3729 2554 3782 Tunc
2604 3728 2769 3798 igitur
2811 3741 2965 3781 mens
3005 3725 3371 3779 abundantem
3409 3722 3554 3776 illan

1990 3824 2298 3878 bonitatum
2340 3830 2394 3876 et
2448 3822 2913 3890 pulchritudinum
2952 3818 3191 3872 omnium
3236 3814 3555 3868 cﬂ'usionem

1992 3928 2041 3972 et
2070 3916 2514 3970 conSIitntionetn
2544 3913 2892 3968 ineliahiliter
2914 3912 3118 3975 videns,
3150 3918 3203 3963 et
3238 3918 3563 3977 supernam-

1991 4007 2088 4059 rali
2121 4022 2229 4059 uno
2261 4008 2528 4075 gaudens.
2557 4020 2665 4058 non
2709 4005 2881 4057 libens
2908 4002 3241 4056 convertitur
3271 4001 3335 4053 ad
3369 3999 3559 4060 multa,

1992 4098 2208 4151 etiamsi
2254 4098 2479 4165 pulchra
2505 4098 2617 4149 sint
2652 4104 2704 4149 et
2738 4105 2942 4163 partem
2986 4094 3180 4145 bonam
3217 4090 3560 4160 participi-nl.

1994 4188 2191 4241 Eorum
2219 4188 2363 4240 enim
2393 4187 2626 4241 amatrix
2655 4203 2774 4255 qua:
2813 4185 3135 4239 naturaliter
3167 4182 3389 4252 pulchra
3413 4188 3562 4237 sunt,

1992 4294 2099 4332 non
2135 4279 2309 4332 libens
2339 4280 2407 4332 ab
2441 4278 2536 4331 illo
2592 4279 2732 4345 quod
2788 4293 2951 4344 supra
2998 4275 3177 4330 omnia
3216 4281 3299 4327 est
3337 4270 3559 4331 recedit,

1995 4370 2098 4425 nisi
2152 4370 2202 4423 id
2256 4370 2331 4423 illi
2385 4385 2513 4423 casn
2567 4370 2802 4438 quodam
2867 4368 3097 4419 accidat.
3137 4365 3240 4419 Sed
3301 4363 3558 4432 quoniam

321 4456 567 4527 καίτοιγε
600 4457 731 4511 θντα
761 4459 854 4513 καὶ
890 4458 1052 4523 καλὰ,
1088 4458 1181 4511 καὶ
1207 4458 1425 4529 μερίδος
1447 4459 1659 4529 ἀγαθῆς
1678 4461 1899 4531 μέτοχα.

1995 4482 2173 4520 rerum
2232 4464 2377 4518 modi
2434 4466 2575 4516 inter
2633 4479 2691 4517 se
2745 4461 3045 4525 diﬂerunt,
3108 4474 3170 4512 ac
3219 4456 3558 4512 differcnlcm

321 4548 611 4611 Φιλὸκαλος
634 4550 745 4621 γὰρ
782 4549 857 4603 ὣν
883 4552 941 4614 ὲς
987 4551 1054 4604 τά
1082 4551 1317 4621 μάλιστα
1350 4552 1620 4620 φυσικῶς,
1638 4553 1737 4625 οὐχ
1765 4555 1906 4610 ἑκὼν

319 4636 602 4700 ἐξίσταται
634 4638 726 4691 τοῦ
754 4640 896 4710 ὑπὲρ
930 4640 1129 4705 πάντα,
1156 4643 1205 4693 εί
1238 4642 1311 4712 μή
1334 4660 1448 4705 πως
1479 4645 1619 4697 κατὰ
1642 4645 1907 4715 περίστα-

321 4730 406 4783 σίν
457 4748 580 4784 τινα
634 4733 877 4802 συμϐαίη
931 4733 1092 4786 τοῦτο
1130 4734 1302 4805 αὐτῷ.
1352 4735 1497 4789 Ἀλλ’
1556 4738 1907 4809 ὲπειδήπερό

318 4824 429 4876 τῶν
468 4825 637 4877 ὄντων
663 4826 864 4896 τρόπος
915 4826 1193 4897 διάφορος,
1242 4828 1337 4881 καὶ
1367 4829 1622 4898 διάφορον
1660 4830 1773 4900 ἔχει
1807 4831 1907 4902 τὴν

318 4917 514 4987 νοεράν
544 4918 869 4988 ἀπόϐλεψιν,
923 4920 1020 4971 καὶ
1053 4921 1329 4991 διαφόρως
1360 4923 1388 4973 6
1416 4922 1539 4985 νοῦς
1573 4924 1661 4976 διὰ
1699 4922 1908 4977 τούτων

317 5011 399 5072 είς
424 5010 486 5062 τὸ
515 5010 886 5081 ὑπερκὸσμιον
910 5012 988 5079 ἓν,
1013 5014 1107 5067 καὶ
1138 5014 1417 5084 ὑπερφυὲς
1440 5016 1750 5085 ἀνατρέχει,
1778 5018 1904 5085 χρὴ,

318 5102 574 5173 καθάπερ
625 5098 863 5173 ἐγῷμαι,
902 5106 1098 5177 μικρόν
1144 5124 1267 5159 τινα
1320 5106 1757 5174 διαμεθοδεῦσαι,
1808 5109 1905 5179 τῆς

318 5194 406 5247 6Ἰὰ
434 5194 543 5246 τῶν
582 5195 798 5249 πολλῶν
861 5200 955 5251 ἐπὶ
986 5198 1047 5250 τὸ
1073 5197 1413 5265 ὑπερουσίως
1444 5198 1812 5269 ὑπερκόσμιον
1846 5200 1906 5255 ἓν

318 5286 461 5348 ὁδοῦ,
490 5288 763 5357 πορισμόν
784 5306 797 5320 ·
831 5289 980 5353 ὅπως
1015 5289 1103 5352 ἂν,
1136 5290 1335 5341 ὡσανεὶ
1364 5290 1701 5360 κλιμακηδδν
1723 5294 1750 5345 6
1783 5291 1909 5356 νοῦς

320 5378 511 5441 ἀνιὼν,
552 5381 975 5450 ἀσφαλεστάτην
992 5380 1091 5455 τὴν
1122 5384 1392 5453 σφετέραν
1416 5385 1641 5453 ποιῆται
1671 5386 1906 5455 κίνησιν,

320 5472 416 5525 καλ⁸
445 5473 602 5544 γνοίη
636 5476 688 5526 εἴ
719 5492 769 5527 τι
795 5475 861 5529 ἀν
883 5493 1013 5528 ποτε
1047 5475 1169 5528 κατ’
1206 5476 1375 5545 αὐτὴν
1419 5476 1673 5543 ἐλλείποι,
1699 5477 1731 5548 ἦ
1768 5480 1813 5530 εί
1843 5478 1906 5549 δή

320 5563 441 5616 ποτ’
509 5564 659 5617 ἔστιν
717 5568 773 5618 ὲν
816 5558 860 5633 ᾧ
924 5562 1066 5620 εἶναι
1093 5566 1221 5637 χρὴ,
1261 5569 1364 5621 κάν
1395 5567 1573 5639 τούτῳ
1618 5570 1711 5622 ἐπὶ
1746 5569 1911 5624 πόσον

319 5656 521 5727 τρυφᾷ,
549 5656 648 5709 καὶ
668 5657 721 5709 τί
746 5658 806 5710 τὸ
829 5658 1085 5726 σφάλλον,
1103 5660 1196 5711 καὶ
1213 5660 1456 5728 ἀφιστῶν
1476 5662 1637 5715 αὑτὸν
1658 5662 1754 5732 τῆς
1777 5664 1913 5718 καλ-

320 5748 477 5819 ληνῆς
533 5751 772 5822 ἐκείνης,
822 5752 912 5805 καὶ
946 5752 1353 5823 ἀναϐάσεως,ἧ
1396 5754 1541 5820 θείας
1595 5758 1910 5822 ἑστιάσει-ις,

1997 4560 2196 4612 habent
2234 4558 2571 4625 spiritnah-tn
2609 4566 2796 4622 πενίη-ι
2819 4570 2912 4617 im,
2939 4563 2989 4606 ct
3020 4553 3165 4605 varie
3195 4566 3345 4605 mens
3376 4564 3470 4617 per
3495 4562 3557 4601 ca

1996 4649 2060 4701 ad
2113 4648 2527 4717 supernaturale
2580 4662 2641 4699 ac
2696 4643 3220 4711 supersuhsmntiale
3259 4656 3425 4695 unum
3472 4646 3577 4692 as-'

1995 4741 2195 4802 ceudit,
2238 4749 2473 4805 oportet,
2526 4746 2581 4787 ut
2618 4752 2717 4806 ego
2757 4737 2989 4804 Opinor,
3054 4734 3366 4787 methodnm
3410 4732 3563 4792 dare,

1997 4847 2102 4899 qua
2146 4844 2239 4895 per
2278 4828 2443 4882 multa
2479 4828 2543 4880 ad
2585 4827 2713 4880 illud
2761 4824 3360 4895 Supersubstantialiter
3398 4836 3564 4895 unum

1999 4918 2411 4989 perveniamus;
2441 4918 2511 4969 ita
2545 4926 2622 4978 ut,
2671 4926 2926 4984 tanquam
2981 4931 3073 4985 per
3123 4913 3327 4967 scalam
3376 4925 3568 4965 ascen-

1997 5009 2154 5070 dens,
2194 5020 2348 5059 mens
2400 5005 2816 5059 serurissimum
2862 5004 3024 5057 faciat
3067 5016 3227 5055 suum
3271 5009 3475 5053 motum
3507 5006 3565 5051 ct

1998 5099 2137 5152 sciat
2189 5109 2371 5150 utrum
2426 5098 2551 5175 quid
2617 5097 2743 5149 huic
2798 5096 2967 5148 motui
3020 5095 3180 5157 desit,
3221 5108 3288 5145 an
3330 5107 3459 5145 vero
3496 5092 3570 5144 sit

2000 5189 2092 5244 ιιιιί
2123 5207 2243 5242 eum
2282 5204 2415 5247 esse
2436 5200 2670 5257 oportet,
2695 5198 2748 5243 et
2784 5189 2837 5241 in
2894 5190 2995 5241 hoc
3034 5196 3296 5255 quantum
3336 5186 3567 5241 Ia-tutur.

1998 5293 2050 5333 ct
2076 5280 2204 5349 quid
2240 5279 2702 5349 fallatipsamque
2753 5287 2965 5332 avertat
3013 5279 3082 5330 ah
3134 5276 3221 5329 illa
3269 5275 3574 5344 pulchritu-

1998 5375 2126 5427 dine
2152 5383 2205 5427 et
2242 5375 2562 5428 ascensione
2611 5382 2665 5426 et
2718 5372 3027 5440 epulatione
3060 5370 3267 5429 divina,
3321 5377 3377 5421 et
3430 5381 3572 5433 qun-

2003 5468 2165 5521 modo
2208 5481 2425 5519 rursum
2482 5468 2654 5535 possit
2689 5467 2882 5518 reverti
2920 5462 3063 5517 unde
3111 5460 3392 5514 deciderit.
3440 5460 3574 5511 Inde

2000 5574 2132 5613 sane
2157 5556 2357 5611 videbit
2374 5565 2428 5611 et
2445 5558 2798 5626 cupiditatum
2818 5555 3101 5623 caliginem
3118 5563 3172 5607 et
3193 5551 3373 5603 mundi
3392 5549 3574 5604 νινε-διε

2001 5648 2376 5719 Splendorcm,
2404 5648 2757 5716 veritatisque
2800 5643 3167 5713 cognitionem
3197 5654 3316 5710 qua:
3348 5651 3575 5710 apparet

2005 5752 2261 5810 tmquaut
2293 5741 2346 5793 in
2384 5740 2604 5809 speculo
2636 5737 2813 5807 qualis
2848 5749 2955 5800 cat,
3001 5733 3305 5790 cmlestiutn
3361 5743 3576 5801 specu-
