4032 6208
290 293 400 358 873

1423 261 1516 353 DIE
1558 280 1727 352 VITA
1773 289 2423 358 CONTEMPLATIVA.

3417 291 3522 365 874

350 403 675 476 Παχυτέρας
721 401 780 455 δέ
823 398 1193 468 ἐπιπεσούσης
1233 400 1460 471 ἀχλύος,
1508 405 1600 456 καί
1634 403 1692 456 τὸ
1721 402 1862 455 νοεῖν

2013 404 2304 476 Postquam
2353 426 2480 466 vero
2511 411 2772 469 deciderit
2800 414 3038 470 crassior
3075 412 3247 483 caligo
3289 424 3522 469 mentem

276 499 767 564 ὲπισκοτιζούσης,
815 496 910 548 καὶ
958 495 1189 566 ἁκηδίαν
1240 496 1567 565 ἐπιχεούσης
1620 496 1756 563 πρός
1799 511 1864 563 γε

273 594 336 646 τὸ
373 593 602 661 θῖωρείν
643 589 722 657 τῷ
762 588 874 658 νῷ,
907 588 984 650 εἰς
1029 587 1197 657 εὐχὰς
1227 585 1546 657 πρακτικῶς
1579 587 1636 637 ἐν
1672 587 1868 658 καρδίᾳ

275 687 508 753 ταπεινῇ
561 681 824 752 τρεπτέον
851 682 996 750 ἡμᾶς
1027 681 1247 742 αὐτοὺς,
1285 679 1379 732 καὶ
1409 678 1503 731 τοῦ
1545 678 1768 740 σκότους
1797 681 1863 748 τῇ

273 780 373 848 τῆς
419 775 731 846 προσευχῆς
771 773 998 840 δυνάμει
1040 771 1132 824 καὶ
1171 773 1280 834 τοῖς
1334 770 1565 840 δάκρυσι
1616 787 1868 840 μεταχω-

278 873 568 941 ρήσαντος,
602 865 921 936 ὑποϐάθραν
949 863 1111 917 πάλιν
1144 862 1301 924 αὖθις
1335 862 1522 932 ὥσπερ
1549 862 1670 915 τινὰ
1701 863 1870 914 ποιεῖ-

275 964 426 1029 σθαι,
460 959 696 1029 αἰσθητᾶ
726 958 942 1019 κτιστὰ,
976 957 1425 1028 προεεθοικοῦντος
1459 958 1523 1026 τῇ
1556 957 1776 1025 καρδίᾳ,
1811 957 1868 1009 ἐν

275 1058 532 1128 ἐνεργείᾳ.
572 1053 919 1123 πνευματικῇ
984 1051 1373 1118 ἐνυποστάτῳ,
1431 1048 1610 1117 ςωτδς
1642 1046 1867 1120 νοεροῦ,

279 1150 371 1200 καὶ
404 1143 840 1216 προκατέχοντος
872 1139 969 1193 τοῦ
992 1138 1085 1192 νοῦ
1124 1139 1393 1207 δηλονότι,
1421 1138 1484 1191 τὸ
1510 1138 1610 1208 τῆς
1638 1155 1871 1208 πρακτι-

278 1243 380 1306 κῆς
415 1237 800 1307 ἐπιστημόνως
837 1250 900 1303 γε
931 1234 1053 1287 λίαν
1081 1232 1306 1304 κράτος,
1346 1231 1482 1284 καθὸ
1510 1229 1811 1284 ἐπιϐαίνειν
1840 1231 1869 1282 ό

280 1333 402 1396 νοῦς
444 1333 688 1401 πέφυκεν
723 1329 912 1400 ὥσπερ
947 1327 1040 1380 ἐπί
1091 1343 1234 1389 τινος
1284 1324 1630 1395 ἀκρωρείας,
1673 1324 1705 1394 ἢ
1747 1341 1872 1376 σκο-

278 1429 415 1489 πιᾶς
449 1423 756 1494 δήπουθεν,
798 1421 894 1474 καὶ
940 1418 1168 1490 θεωρεῖν
1215 1416 1284 1469 τὰ
1337 1415 1553 1478 πολλοῖς
1603 1415 1665 1468 ού
1712 1416 1872 1484 μόνον

279 1518 518 1578 ἀθέατα,
554 1514 690 1568 ἀλλὰ
724 1514 819 1566 καὶ
846 1510 1116 1581 ἀζήτητα,
1155 1511 1250 1562 καὶ
1288 1507 1641 1577 ἀνεπινόητα,
1677 1509 1768 1560 καὶ
1809 1501 1870 1563 οὗ

279 1611 451 1680 χωρὶς
487 1607 663 1670 οὐδεὶς
703 1588 928 1674 ὄψεται,
974 1601 1097 1655 οὔτε
1133 1601 1347 1666 ἑαυτὸν,
1384 1598 1509 1652 οὔτε
1543 1602 1638 1652 καὶ
1672 1600 1873 1670 μᾶλλον

277 1720 370 1754 τ>ν
403 1701 556 1753 Θεόν.
611 1697 744 1767 Περὶ
779 1691 847 1767 ἦς
885 1693 1198 1764 πρακτικῆς
1231 1691 1600 1762 ἐπιδρομάδην
1636 1690 1730 1743 νῦν
1769 1691 1869 1761 ἤδη

281 1794 457 1844 εἰπεῖν
479 1831 494 1855 ,
527 1790 666 1860 τάχα
694 1805 756 1855 γε
790 1788 851 1841 ού
885 1787 1074 1858 τιόρρω
1107 1781 1336 1836 σκοποῦ.

353 1881 461 1952 λς’.
506 1883 644 1953 Τρία
678 1883 711 1950 ἡ
747 1878 892 1950 ψυχὴ
935 1877 1139 1931 ἔσωθεν
1169 1876 1283 1945 ἔχει
1309 1874 1868 1946 δεόμεναῧπράξεως,

285 1974 628 2042 λογιστικὸν,
677 1969 1111 2040 ἐπινουμητικδν,
1147 1971 1242 2022 καὶ
1290 1967 1520 2036 θυμικόν
1546 1984 1560 1999 ο
1605 1967 1700 2020 καὶ
1743 1962 1872 2036 τρία

283 2065 524 2130 ἔξωθεν,
577 2064 760 2131 ἔφεσιν
814 2061 1006 2131 δόξης,
1049 2058 1264 2128 ἡδονῆς,
1318 2059 1412 2110 καὶ
1465 2055 1557 2109 τοῦ
1604 2055 1869 2116 πλείονος.

281 2158 501 2220 Ταύτας
550 2157 613 2226 δὴ
659 2155 755 2218 τὰς
795 2153 888 2207 δύο
942 2152 1168 2222 τριάδας
1223 2149 1606 2218 ἐπιστημόνως
1650 2149 1683 2219 ὴ
1725 2146 1872 2218 ψυχὴ

280 2249 544 2321 ἀφορῶσα
585 2251 641 2300 ἐν
675 2250 740 2317 τῇ
783 2246 876 2300 τοῦ
936 2242 1111 2310 Ίησοῦ
1141 2240 1379 2312 Χριστοῦ
1425 2239 1680 2310 ἐνσάρκῳ
1720 2237 1872 2290 πολι-

279 2343 434 2413 τείᾳ,
485 2341 573 2395 διὰ
626 2341 734 2413 τῶν
777 2337 948 2405 αὐτῆς
1000 2335 1281 2406 τεσσάρων
1325 2332 1561 2401 γενικῶν
1614 2331 1866 2402 ἀρετῶν,

283 2435 596 2503 φρονήσεως
651 2429 884 2500 δηλαδὴ,
915 2426 1300 2496 δικαιοσύνης,
1337 2423 1726 2496 σωφροσύνης,
1775 2421 1872 2475 καὶ

284 2525 556 2596 ἀνδρείας,
591 2525 648 2575 ἐν
681 2524 748 2590 τῇ
787 2521 971 2591 χάριτι
1013 2519 1227 2582 ἐξιᾶται
1267 2514 1362 2568 τοῦ
1412 2513 1618 2584 Κυρίου
1671 2509 1868 2580 Ἰησοῦν

283 2619 378 2670 καὶ
424 2615 604 2668 δὶδωσι
639 2611 715 2682 τῷ
763 2612 962 2680 ἑαυτῆς
1002 2609 1076 2680 νῷ
1108 2607 1558 2679 ἀπερισκοτήτως
1603 2603 1869 2675 μετεωρί-

283 2708 507 2771 ζεσθαι,
559 2707 655 2760 καὶ
695 2705 767 2758 τὰ
827 2705 948 2757 θεῖα
985 2701 1341 2772 περιαθρεῖν,
1390 2699 1483 2752 καὶ
1526 2696 1751 2765 θεωρεῖν
1780 2695 1874 2749 τὸν

281 2799 434 2851 Θεόν.
469 2799 598 2849 Ὂτε
633 2797 744 2866 γάρ
781 2796 809 2847 ὁ
835 2792 1038 2863 Κύριος
1077 2790 1285 2861 Ἰησοῦς
1317 2789 1460 2859 ἢχθη
1496 2787 1554 2840 ἐν
1586 2788 1651 2856 τῇ
1679 2785 1872 2856 ἐρήμῳ

282 2890 387 2943 ὑπὸ
437 2887 530 2941 τοῦ
587 2886 907 2956 Πνεύματος
961 2881 1388 2937 καταπαλαίσων
1447 2881 1541 2934 τὸν
1588 2877 1868 2943 διάϐολον,

282 2980 511 3050 νηστείᾳ
552 2978 652 3048 μὲν
702 2978 762 3030 τὸ
805 2974 1202 3046 ἐπιθυμητικὸν
1259 2972 1626 3044 ἐθεράπευσεν
1655 2987 1668 3001 ·
1701 2971 1873 3039 ἀγρυ-

1943 496 2325 564 obtenebrans,
2345 508 2398 554 et
2419 501 2657 556 acediam
2684 505 2850 556 menti
2880 502 3169 558 infundens
3192 503 3256 558 ad
3280 513 3521 558 contem‘

1944 586 2224 651 piandum,
2273 603 2376 643 nos
2406 599 2619 658 oportet
2664 592 2728 646 ad
2767 608 2956 662 preces
2999 593 3240 662 practice
3272 589 3519 647 converti

1945 678 1995 730 itt
2025 681 2215 734 humili
2247 683 2434 745 corde,
2463 693 2516 738 et
2546 695 2830 754 postquam
2866 686 2920 741 vi
2955 687 3219 741 orationis
3255 692 3310 740 et
3341 685 3523 753 lacry-

1945 772 2045 824 tnis
2069 772 2302 825 tenebrat
2342 776 2688 841 recesserint,
2723 777 2893 830 basim
2931 778 3165 847 aliquam
3199 783 3419 832 rursum
3448 776 3526 830 fas

1945 878 2069 918 cere
2130 865 2409 919 sensibilia
2461 877 2665 934 creata,
2703 870 3094 934 praeliabitante
3140 870 3194 923 in
3231 869 3395 924 corde
3429 881 3527 939 per

1942 955 2280 1019 Spiritualeni
2322 955 2640 1020 ellicaciam,
2690 961 2908 1014 mentali
2955 961 3156 1014 lumine
3187 961 3331 1030 quod
3369 977 3527 1016 men-

1946 1055 2048 1099 tem
2081 1046 2358 1114 possideat
2383 1051 2616 1106 actionis
2645 1053 2865 1114 virtute,
2897 1068 3005 1122 qua
3040 1068 3193 1108 mens
3227 1054 3520 1107 ascendere

1945 1146 2126 1205 potest
2151 1148 2405 1208 tanquam
2433 1141 2485 1194 in
2505 1142 2795 1210 quamdam
2821 1145 3188 1198 summitatem
3211 1145 3304 1196 aut
3333 1157 3525 1215 Specu-
3551 1124 3554 1127 ’

1945 1230 2050 1282 lant
2079 1240 2131 1283 et
2157 1231 2282 1286 inde
2309 1234 2662 1302 contemplari
2691 1250 2810 1304 qua:
2837 1236 3018 1291 multis
3035 1253 3140 1290 non
3171 1240 3297 1292 sunt
3335 1238 3524 1292 visibi-

1947 1322 2040 1388 lia,
2076 1337 2173 1376 nec
2207 1337 2235 1376 a
2267 1325 2450 1378 multis
2477 1326 2785 1395 cogitantur
2833 1337 2928 1383 aut
2951 1339 3295 1396 quzeruntur,
3331 1338 3382 1383 ct
3404 1331 3524 1383 sine

1947 1427 2055 1481 qro
2083 1428 2245 1471 nemo
2274 1415 2473 1470 videbit
2510 1431 2688 1488 neque
2717 1418 2982 1488 seipsum,
3028 1436 3204 1490 neque
3234 1437 3262 1474 a
3313 1421 3523 1474 fortiori

1951 1504 2141 1558 Deum.
2174 1505 2247 1560 De
2279 1523 2384 1576 qua
2413 1510 2624 1565 actione
2670 1527 2811 1567 nunc
2843 1514 3047 1570 cursim
3095 1523 3180 1570 est
3212 1514 3521 1586 dicendum,

1949 1597 2136 1654 forsan
2162 1615 2268 1654 non
2296 1602 2482 1669 procul
2512 1617 2542 1657 a
2564 1617 2754 1674 scopo.

2026 1867 2115 1922 36.
2154 1864 2281 1924 Tria
2340 1870 2391 1922 in
2428 1885 2487 1926 se
2522 1860 2682 1926 habet
2719 1871 2898 1927 anima
2949 1888 3072 1943 quae
3119 1875 3334 1932 actione
3380 1864 3524 1930 indi-

1955 1967 2102 2029 gent,
2139 1959 2423 2025 rationem,
2453 1963 2751 2032 appetitum
2778 1964 3102 2020 irascibilem
3136 1973 3189 2019 et
3217 1967 3519 2035 appetitum

1956 2052 2471 2122 concttpiscibilem;
2503 2064 2552 2108 et
2578 2057 2676 2109 tria
2707 2064 2860 2111 extra
2888 2069 2966 2120 se,
2996 2057 3181 2126 gloriae
3201 2061 3523 2127 appetitum,

1957 2134 2270 2212 voluptatis.
2321 2157 2374 2200 et
2404 2145 2736 2200 divitiarum.
2774 2146 2923 2202 Hanc
2970 2149 3235 2216 duplicem
3293 2145 3520 2204 triadem'

1961 2251 2138 2301 mens,
2172 2231 2381 2291 Domini
2400 2235 2525 2293 Jesu
2552 2239 2814 2293 inearnati
2841 2240 3003 2293 vitam
3025 2237 3241 2294 intuens
3265 2245 3363 2311 per
3389 2258 3523 2311 qua;

1961 2340 2083 2384 tuor
2141 2331 2241 2400 ipsi
2295 2331 2561 2401 ingenitas
2601 2331 2849 2396 virtutes,
2899 2329 3239 2397 prudentiam
3307 2347 3521 2400 nempe,

1956 2421 2246 2492 justitiam,
2272 2422 2684 2490 temperantiam
2708 2431 2760 2476 et
2782 2411 3174 2487 fortitudinem.
3210 2425 3380 2492 gratia
3411 2425 3522 2478 Dos

1963 2514 2092 2568 mitti
2144 2511 2268 2569 Jesu
2317 2519 2474 2568 sanat
2519 2525 2574 2569 et
2623 2528 2735 2568 suae
2789 2513 2954 2567 menti
2995 2523 3088 2568 eas
3133 2510 3225 2568 dat
3277 2524 3526 2568 contem-

1965 2605 2206 2673 plandas.
2228 2612 2280 2658 ct
2301 2604 2481 2658 divina
2503 2604 2892 2660 consideranda
2917 2612 2970 2657 et
2993 2595 3158 2658 Deum
3183 2606 3523 2657 intuentum.

1965 2696 2193 2761 Quando
2223 2695 2365 2749 enim
2400 2693 2656 2748 Dominus
2683 2693 2840 2749 Jesus
2871 2695 2922 2746 in
2953 2694 3228 2748 desertum
3258 2709 3286 2747 a
3320 2694 3525 2761 Spirittt

1964 2789 2162 2843 ductus
2207 2797 2290 2842 est
2343 2794 2530 2840 contra
2579 2786 2854 2842 diabolum
2908 2795 3264 2857 pugnaturus,
3313 2785 3524 2854 jejunio

1963 2876 2180 2948 quidem
2219 2876 2699 2946 concupiscibilem
2733 2875 3026 2945 appetitum
3062 2878 3308 2944 sanavit;
3346 2875 3525 2942 vigilia

1965 2981 2019 3026 et
2046 2969 2333 3038 tranquilla
2367 2968 2634 3034 oratione,
2675 2969 2975 3032 rationem;
3019 2960 3342 3022 irascibiietn
3372 2982 3526 3029 vero,

287 3072 418 3141 πνὶα
447 3087 506 3122 τε
568 3069 661 3122 καὶ
688 3067 874 3138 ἡσύχῳ
923 3069 1224 3136 προσευχῇ,
1254 3066 1314 3118 τὸ
1342 3064 1649 3133 λογιστικόν
1673 3079 1686 3092 ·
1727 3062 1789 3115 τὸ
1815 3062 1869 3115 δὲ

1960 3063 2420 3127 Contradictione;
2459 3060 2751 3130 voluptatis
2783 3058 3116 3115 desiderium
3144 3067 3197 3112 et
3228 3074 3381 3114 vanae
3406 3059 3526 3131 gloé

283 3161 536 3230 θυμικὸν,
576 3160 895 3230 ἀντιρῥήσει
921 3176 933 3189 ·
968 3157 1282 3228 φιληδονίαν
1309 3173 1370 3209 τε
1405 3156 1499 3209 καὶ
1545 3152 1868 3224 φιλοδοξίαν,

283 3254 376 3306 καὶ
407 3251 794 3321 φιλαργυρίαν,
828 3251 886 3303 ἐν
924 3244 1006 3312 οἷς
1047 3248 1248 3300 πεινῶν
1284 3249 1380 3299 ούκ
1402 3245 1698 3316 ἐζήτησεν,
1737 3245 1812 3307 ὡς
1842 3246 1870 3298 ὁ

281 3347 526 3408 διάϐολος
561 3344 826 3404 ὑπετίθει.
862 3343 949 3396 ἵνα
977 3344 1026 3395 οἱ
1057 3342 1195 3394 λίθοι
1224 3342 1376 3411 ἄρτοι
1408 3339 1705 3407 γένωνται·
1745 3340 1869 3392 ούδέ

284 3438 432 3489 κάτω
481 3433 673 3488 ἑαυτὸν
716 3433 908 3486 ἔϐαλεν
952 3431 1062 3485 ἀπὸ
1101 3431 1196 3484 τοῦ
1248 3430 1395 3501 ἱεροῦ
1436 3429 1759 3500 πτερυγίου,
1801 3430 1868 3482 ἵν’

283 3530 388 3582 ὑπὸ
429 3529 522 3581 τοῦ
563 3529 723 3598 ὄχλου
770 3528 845 3592 ὡς
885 3527 1057 3598 μηδὲν
1097 3524 1382 3589 πεπονθὼς
1412 3527 1478 3595 τῇ
1521 3523 1870 3594 καταπτώσει

281 3620 548 3691 δοξασθῇ,
585 3619 705 3673 ούδέ
747 3617 1130 3688 προσκυνῆσαι
1175 3616 1404 3685 ἐπείσθη
1451 3616 1543 3668 ἐπὶ
1579 3615 1870 3684 ὑποσχέσει

283 3711 494 3780 λήψεως
528 3710 625 3764 τοῦ
673 3710 909 3764 πλούτου
948 3709 1177 3763 ἁπασῶν
1216 3708 1324 3760 τῶν
1373 3705 1700 3778 βασιλειῶν,
1752 3703 1868 3759 ἀλλ’

282 3802 600 3874 ἀντιρῤήσει
641 3801 919 3870 θυμοειδεῖ
965 3801 1217 3871 φρονίμῳ
1241 3839 1255 3864 ,
1293 3800 1387 3853 καὶ
1417 3798 1610 3866 δικαίῳ
1650 3796 1760 3869 [ῑσ.
1791 3797 1869 3850 δι-

283 3890 472 3963 καίᾳ],
508 3890 746 3962 σώφρονι
791 3909 852 3945 τε
897 3893 992 3946 καὶ
1044 3891 1266 3961 ἀνδρείᾳ
1316 3890 1405 3943 τδν
1461 3889 1711 3942 Σατανᾶν
1751 3889 1866 3942 ἀπ-

286 3980 618 4050 εκρούσατο,
666 3981 763 4034 καὶ
815 3983 964 4052 ἡμᾶς
1001 3982 1060 4035 ἐν
1095 3981 1270 4051 τούτῳ
1305 3980 1573 4034 διδάσκων
1598 3978 1696 4049 τὴν
1728 3977 1869 4032 κατὰ

281 4073 382 4144 τῆς
419 4074 607 4142 ἐφόδου
657 4075 839 4142 πάσης
865 4070 1036 4147 ἧτταν
1081 4074 1264 4128 αὐτοῦ.
1308 4071 1478 4126 Τοῦτο
1521 4071 1584 4143 δή
1613 4088 1696 4126 τοι
1736 4071 1868 4126 αὐτό

282 4185 366 4230 τις
400 4167 501 4220 κάν
531 4166 607 4237 τῷ
642 4166 860 4238 σταυρῷ
900 4167 994 4220 τοῦ
1035 4167 1288 4238 Σωτῆρος
1335 4166 1532 4234 ὄψεται
1585 4163 1682 4217 καὶ
1709 4163 1864 4235 γνοίη

281 4260 368 4313 ἄν.
425 4261 795 4331 Προσεύχεται
830 4262 924 4316 καὶ
955 4260 1064 4332 γάρ
1102 4259 1180 4330 τῷ
1220 4258 1343 4314 τότε
1384 4257 1576 4330 καιροῦ
1607 4259 1635 4311 ὁ
1673 4256 1866 4329 Σωτὴρ

284 4344 396 4396 τῶν
445 4343 704 4412 μαθητῶν
739 4345 931 4399 ἑαυτὸν
963 4348 1228 4416 ἀφιστὰς·
1278 4347 1437 4403 τοῦτο
1469 4351 1605 4422 ἴαμα
1653 4351 1749 4405 τοῦ
1779 4349 1869 4403 λο-

1958 3155 2050 3209 riae
2077 3164 2128 3209 et
2159 3153 2465 3215 avaritiam,
2489 3150 2616 3206 dum
2641 3151 2890 3207 esuriens
2913 3149 3091 3204 cibum
3121 3154 3226 3203 non
3251 3150 3522 3216 qtizeswit.

1957 3253 2015 3298 ut
2044 3243 2288 3299 diabolus
2324 3243 2427 3313 ipsi
2472 3241 2807 3312 proponebat
2840 3257 2855 3295 :
2896 3251 2916 3291 ι
2955 3239 3053 3294 Dic
3081 3248 3139 3293 ut
3190 3238 3397 3308 lapides
3429 3230 3520 3294 isti

1954 3351 2119 3407 panes
2154 3336 2311 3401 iiant;
2351 3354 2369 3387 ι
2404 3349 2578 3402 neque
2607 3334 2845 3402 seipsum
2876 3329 3018 3385 infra
3046 3329 3239 3401 dejecit
3270 3347 3299 3386 a
3334 3332 3525 3400 pinna-

1953 3429 2077 3482 culo
2104 3427 2314 3496 templi,
2339 3435 2398 3480 ut
2433 3441 2462 3480 a
2487 3424 2829 3478 multitudine
2867 3422 3004 3476 nilill
3032 3423 3103 3476 ab
3135 3427 3294 3476 suum
3324 3437 3515 3476 casum

1954 3518 2077 3570 mali
2104 3531 2298 3585 passus
2328 3515 2660 3575 laudaretur,
2687 3517 2863 3581 neque
2885 3521 2944 3565 ιιι
2968 3511 3238 3566 diabolum
3267 3514 3523 3567 adoraret

1952 3610 2220 3664 adductus
2267 3608 2390 3671 fuit,
2421 3607 2520 3662 etsi
2553 3600 2796 3661 omnium
2843 3613 3131 3674 regnOru‘m
3165 3607 3370 3661 divitiae
3413 3607 3516 3674 ipsi

1950 3702 2310 3767 offerrentur;
2337 3701 2428 3756 sed
2464 3698 2900 3755 contradictione
2923 3699 3060 3752 irata
3091 3711 3156 3753 ac
3184 3700 3434 3768 prudenti
3463 3709 3519 3754 et

1944 3794 2113 3863 justa.
2146 3802 2200 3847 ct
2231 3793 2461 3860 sapienti
2489 3790 2805 3846 fortitudine
2828 3790 3085 3846 Satanam
3119 3791 3319 3859 repulit
3340 3799 3394 3844 et
3414 3805 3515 3844 nos

1949 3889 2000 3941 in
2035 3887 2136 3941 hoc
2161 3887 2363 3941 docens
2399 3887 2615 3940 Satanae
2646 3895 2835 3939 contra
2867 3899 3083 3938 omnem
3118 3882 3375 3952 impetum
3407 3884 3518 3937 cla-

1947 3979 2092 4033 dem.
2127 3974 2263 4029 Illud
2292 3991 2423 4032 sane
2457 3977 2594 4032 idem
2631 3985 2685 4030 et
2714 3978 2767 4031 in
2791 3981 2952 4032 cruc’e
2982 3975 3195 4030 Domini
3220 3975 3422 4029 videbit
3453 3986 3518 4029 ac

1949 4079 2155 4128 noscet.
2187 4067 2319 4127 Orat
2340 4071 2482 4125 enim
2519 4077 2652 4124 tunc
2675 4071 2935 4139 temporis
2966 4065 3248 4133 Salvator;
3288 4083 3318 4122 a
3350 4067 3520 4122 disci-

1947 4164 2088 4234 pulis
2112 4167 2372 4218 recedens
2403 4182 2418 4217 :
2457 4159 2578 4216 Hth
2602 4161 2827 4216 rationis
2856 4167 2941 4218 est
2969 4162 3179 4216 sanatio
3203 4178 3216 4227 ;
3249 4161 3436 4230 Vigilat
3464 4168 3517 4213 et

1946 4252 2294 4316 nondortnit,
2321 4261 2375 4308 et
2396 4250 2477 4306 sic
2500 4253 2552 4305 in
2576 4265 2735 4306 cruce
2759 4251 2961 4320 patitur
2986 4253 3000 4304 ἑ
3028 4251 3079 4304 id
3105 4259 3207 4314 est,
3239 4252 3514 4319 appetitus

1945 4345 2388 4413 concupiScibilis
2429 4344 2760 4410 remedium;
2795 4359 2903 4397 non
2943 4343 3289 4406 contradicit,
3336 4357 3514 4410 neque

293 4409 533 4500 γιστικοϋ
563 4409 890 4504 ίγρηγορεῖ,
917 4409 1384 4509 καὶΠδιαγρυπνεῖ,
1418 4441 1512 4502 καὶ
1529 4409 1702 4512 ’δίψαν
1735 4443 1868 4496 ὐπο-

1951 4439 2203 4492 irascitur
2261 4446 2356 4491 aut
2400 4439 2632 4502 clamat;
2681 4409 3034 4504 etqu‘amvis
3101 4434 3176 4488 ita
3225 4433 3364 4488 male
3417 4409 3516 4488 lia-

291 4524 441 4588 μένει
469 4525 527 4576 ἐν
563 4525 642 4594 τῷ
676 4527 896 4597 σταυρῷ
915 4543 928 4557 ·
957 4528 1114 4582 τοῦτο
1151 4531 1442 4601 φάρμακον
1466 4533 1560 4586 τοῦ
1586 4532 1866 4605 ἐπιθυμη-

1951 4531 2202 4593 beretur,
2251 4529 2416 4583 etiam
2471 4541 2568 4598 pro
2618 4526 3064 4596 persecutoribus
3135 4535 3426 4595 precatur;
3467 4525 3515 4578 is
3611 4560 3613 4562 -

287 4613 442 4667 τικοῢ
468 4631 480 4644 ·
514 4615 614 4668 οὐκ
645 4617 936 4684 ἀντιλέγει,
967 4619 1088 4672 οὕτε
1124 4621 1231 4692 μὴν
1256 4621 1450 4692 ἐρίζει,
1480 4623 1866 4695 ῆκραυγάξει,

1951 4623 2123 4678 bonus
2170 4632 2255 4676 est
2319 4617 2614 4674 irascibilis
2673 4617 2950 4688 appetitus
3002 4626 3178 4681 tenor,
3236 4617 3512 4673 diabolum

289 4705 383 4754 καὶ
419 4703 593 4755 ταῦτα
629 4704 1072 4775 διαϐαλλόμενος,
1110 4710 1204 4761 καὶ
1227 4710 1368 4780 ὑπὲρ
1398 4712 1506 4763 τῶν
1533 4713 1869 4783 ἐπηρεαζόν-

288 4811 394 4846 των
428 4796 828 4864 προσεύχεται·
867 4799 1027 4851 τοῦτο
1062 4801 1160 4869 τῆς
1189 4802 1442 4866 εὐταξίας
1465 4805 1560 4856 τοῦ
1609 4805 1865 4876 θυμικοῢ,

290 4882 378 4936 τὸν
421 4884 519 4953 μὲν
575 4886 821 4940 διάϐολον
877 4889 1194 4961 ἀντιρῤήσει
1248 4891 1491 4960 βάλλειν,
1557 4897 1867 4968 ἀνθρώποις

289 4979 345 5031 δὲ
368 4981 480 5041 τοῖς
509 4980 929 5053 ἐπηρεάζουσιν,
959 4984 1033 5046 ὡς
1063 4985 1159 5038 καὶ
1192 4986 1374 5049 αὐτοῖς
1408 4987 1871 5061 ἐπηρεαζομένοις

290 5073 397 5125 ὑπὸ
451 5073 547 5125 τοῦ
598 5075 852 5140 Σατανᾶ,
901 5081 1114 5148 σιωπῇ,
1164 5079 1552 5151 μακροθυμίᾳ,
1589 5085 1684 5136 καὶ¹
1730 5085 1870 5155 ὑπὲρ

289 5164 472 5218 αὐτῶν
517 5166 845 5234 ἀμείϐεσθαι
897 5174 1208 5240 προσευχῇο
1238 5173 1579 5239 ἐμπτύεται,
1618 5174 1870 5246 ῥάπισμα

288 5255 526 5325 δέχεται,
558 5258 818 5326 ὑπομένει
850 5261 1132 5332 εἰρωνείας
1187 5261 1280 5316 καὶ
1319 5264 1636 5334 ἐμπαιγμόν
1660 5283 1672 5296 ·
1715 5267 1872 5321 τοῦτο

291 5347 557 5417 θεραπεία
603 5351 908 5418 φιλοδοξίας
937 5370 948 5381 ο
991 5353 1110 5417 ὅξος
1159 5355 1483 5422 ποτίζεται,
1523 5358 1685 5427 χολὴν
1727 5359 1870 5428 βρω-

294 5439 618 5507 ματίζεται,
695 5445 1056 5514 σταυροῦται,
1112 5446 1282 5519 λόγχῃ
1348 5450 1644 5501 κεντᾶται’
1713 5450 1872 5503 τοῦτο

295 5529 506 5600 ἰατρεία
553 5531 863 5600 φιληδονίας
890 5549 903 5562 ⁶
941 5535 1144 5603 γυμνὸς
1199 5537 1599 5606 κρεμαννύεται
1635 5581 1650 5604 ,
1707 5539 1870 5592 ὕπαι-

294 5619 443 5689 θρος,
474 5622 718 5686 ἀνέσπος
749 5625 841 5676 ἐπὶ
862 5625 954 5677 τὸν
986 5627 1237 5695 σταυρὸν,
1266 5631 1698 5700 παρεωραμένος
1731 5632 1871 5685 ἃπα-

295 5727 400 5773 σιν,
431 5711 505 5776 ὠς
535 5714 600 5767 ἄν
632 5733 714 5776 τις
757 5717 969 5784 πτωχὸς
1002 5719 1095 5769 καὶ
1123 5719 1293 5785 πένης
1315 5736 1330 5751 ο
1361 5720 1516 5775 τοῦτο
1548 5723 1646 5794 τῆς
1680 5725 1870 5794 φιλαρ-

618 5825 882 5882 ΡΛτιιοι.
915 5825 1028 5882 Gtt.
1067 5819 1361 5882 CXLVII.

1947 4708 2378 4766 contradictione
2407 4707 2593 4768 ferire.
2637 4705 2884 4760 homines
2917 4721 3047 4760 vero
3103 4705 3512 4772 maledicentes,

1947 4800 2116 4875 quiet
2147 4802 2248 4872 ipsi
2294 4815 2322 4853 a
2352 4798 2550 4853 Satana
2595 4804 2938 4866 tarqucntur,
2991 4797 3228 4862 silentio,
3291 4812 3512 4866 inagna-

1947 4895 2193 4951 nimitate
2224 4903 2275 4946 et
2304 4906 2402 4959 pro
2429 4889 2559 4958 ipsis
2590 4887 2796 4941 orando
2843 4895 3210 4940 remunerare.
3248 4886 3514 4955 Conspui-

1950 4997 2059 5051 tur,
2114 4986 2423 5047 laceratur,
2489 4979 2644 5034 subit
2697 4979 2807 5032 imo
2885 4977 3368 5045 interrogationum
3437 4977 3518 5028 lu-

1948 5076 2205 5143 dibrium,
2265 5076 2316 5130 id
2348 5086 2430 5129 est
2461 5072 2647 5142 gloriae
2677 5071 2881 5125 amoris
2927 5070 3265 5134 remedium;
3300 5077 3512 5124 acetum

1947 5181 2112 5241 potus
2160 5169 2264 5237 ipsi
2317 5167 2632 5237 porrigitur,
2675 5163 2749 5218 Iel
2797 5171 2858 5216 ιιι
2911 5162 3089 5226 cibus,
3147 5160 3514 5229 cruciﬁgitur,

1949 5266 2134 5319 lancea
2170 5260 2512 5331 perforatur;
2546 5257 2844 5327 voluptatis
2899 5255 3104 5309 amoris
3150 5255 3264 5308 haec
3295 5261 3375 5306 est
3422 5267 3515 5306 sa-

1949 5355 2136 5421 natio;
2170 5353 2346 5407 nudus
2379 5349 2730 5419 suspenditur
2773 5359 2829 5402 et
2876 5346 3094 5399 sub'dio
3127 5345 3287 5398 domo
3319 5356 3512 5394 carens

1948 5461 2112 5515 super
2170 5458 2410 5510 crucem,
2459 5443 2526 5496 ab
2555 5442 2808 5496 omnibus
2849 5438 3163 5508 despectus,
3208 5443 3264 5488 ut
3315 5433 3515 5500 aliquis

1951 5538 2230 5595 mendicus
2265 5545 2318 5592 et
2379 5551 2584 5606 pauper
2618 5551 2633 5589 :
2675 5549 2850 5588 avara:
2899 5531 3277 5601 dispositionis
3327 5543 3390 5581 ea
3425 5536 3512 5582 est

1951 5630 2193 5684 abolitio.
2219 5626 2502 5688 Patiendo.
2526 5636 2637 5680 tum
2669 5627 2834 5687 intus,
2869 5634 2980 5677 tum
3005 5632 3178 5689 extra,
3206 5619 3510 5673 remedium

1955 5722 2200 5778 Salvator
2231 5718 2490 5788 ostendit,
2522 5719 2736 5789 quando
2787 5716 2989 5770 mundo
3019 5715 3189 5766 videri
3239 5725 3361 5765 cum
3393 5723 3514 5762 cor-

3097 5805 3174 5867 23
