4032 6208
578 298 690 363 875
1715 288 2057 348 CALLIST!
2093 287 2158 343 (Σ)

2241 286 2280 342 Α
2290 284 2500 349 PIlUG
2517 284 2711 346 lOT.E
3670 292 3749 359 876

577 427 710 484 pore
772 410 960 481 capit,
1020 415 1075 461 et
1119 405 1334 475 quando
1379 420 1410 461 e
1462 404 1668 457 mnndo
1723 402 1827 456 fuit
1877 403 2150 455 exiturus.

2247 387 2416 456 γὺρου
2485 388 2784 454 διαθέσεως
2845 392 3208 465 κατάργησις.
3275 395 3392 449 Τῶν
3447 398 3543 469 ἀρα
3593 401 3748 459 ἔσωθεν

588 479 741 561 llnde
768 511 823 558 et
851 479 915 556 ad
967 514 1089 555 eum
1112 510 1164 552 et
1198 499 1262 551 ad
1292 498 1412 568 ejus
1463 496 1772 550 doctrinam
1821 505 1876 549 et
1927 508 2145 548 crucem

2247 479 2465 545 παθῶν,
2515 483 2611 534 καὶ
2649 482 2758 535 τῶν
2801 482 3002 549 ἔξωθεν
3033 490 3061 540 ὁ
3104 488 3299 560 Σωτὴρ
3345 489 3422 554 δὶς
3468 492 3644 564 δέδειχε
3676 499 3750 566 τὴν

582 596 896 666 aspiciens,
962 606 1063 662 pro
1117 605 1282 661 posse
1334 604 1472 651 suo,
1535 588 1655 657 ejus
1709 602 1768 641 se
1820 586 2147 640 imitatorem

584 689 811 749 faciens,
871 684 1170 756 prudenter
1219 692 1274 738 et
1318 680 1464 748 iuste
1510 680 1890 749 sapienterque
1918 692 1983 731 ac
2038 677 2150 729 ror-

586 781 735 845 liter,
767 774 1231 845 quemadmodum
1267 781 1322 827 et
1359 772 1472 837 ille,
1523 770 1759 825 abolebit
1788 783 1907 824 eam
1937 766 2153 835 cupidi-

585 881 759 926 tatum
807 867 873 923 ad
903 867 1107 921 malmn
1151 863 1469 927 eﬂicaciam,
1500 870 1558 916 et
1609 876 1798 916 eorum
1843 866 1963 928 Quae
2008 861 2154 925 ipsas

585 971 1021 1032 consequuntur.
1052 958 1247 1013 Utetur
1276 966 1456 1011 autem
1486 956 1578 1019 iis,
1606 963 1664 1007 ut
1694 962 1928 1021 oportet,
1957 962 2006 1005 et
2037 960 2155 1021 post

589 1056 704 1110 haec
741 1052 1023 1117 omnibus,
1055 1058 1111 1105 et
1145 1047 1423 1118 practicus
1448 1045 1645 1100 vixerit
1679 1043 1978 1099 secundum
2013 1042 2159 1096 veri-

589 1156 754 1203 tatem
785 1152 841 1199 et
866 1151 1098 1214 paratus
1130 1136 1489 1209 contemplari
1526 1147 1577 1193 et
1610 1151 1861 1206 quaerere
1913 1133 2079 1190 Deum
2104 1141 2159 1186 et

590 1236 863 1309 spirituali
911 1232 1199 1290 directioni
1248 1246 1467 1287 vacare.
1516 1217 1585 1284 Et
1622 1230 1707 1283 ita
1738 1229 1808 1282 ab
1852 1228 1919 1281 iis
1972 1226 2157 1295 multis

590 1329 971 1393 sensibilibus,
1019 1326 1223 1381 creatis
1271 1324 1504 1388 scilicet,
1561 1329 1616 1376 et
1668 1336 1858 1375 eorum
1910 1319 2160 1390 pulcher-

590 1424 728 1476 rime
777 1420 1042 1475 factorum
1083 1418 1277 1472 bonam
1324 1416 1620 1479 actionem,
1665 1423 1720 1469 et
1772 1422 1953 1467 creata
1989 1412 2163 1465 sensi-

593 1513 722 1568 bilia
769 1510 1125 1580 intelligibilia
1200 1507 1482 1578 cogitans,
1538 1516 1592 1560 ct
1661 1506 1728 1558 ad
1798 1502 2160 1573 intelligibilia

593 1607 835 1662 increata
860 1603 1153 1666 transiens,
1173 1610 1428 1670 tanquam
1452 1607 1688 1668 quatuor
1711 1598 1762 1652 in
1793 1597 1937 1650 scala
1961 1596 2163 1666 gradus

593 1696 858 1753 ascendit.
890 1694 1023 1749 Post
1054 1694 1167 1748 hac
1190 1700 1370 1748 autem
1422 1690 1606 1746 divina
1645 1698 1698 1743 et
1732 1704 1898 1756 super
1927 1697 2160 1741 mcntcm

2250 572 2524 643 ἰατρείαν,
2572 574 2810 644 ὁπηνίκα
2857 577 2935 647 τῷ
2968 579 3160 650 κόσμῳ
3210 581 3484 649 φαίνεσθαι
3530 587 3646 653 μετὰ
3683 588 3750 641 τοῦ

2250 663 2501 731 σώματος
2552 665 2776 736 ἤρξατο,
2833 668 2930 721 καὶ
2978 669 3068 722 ὅτε
3117 671 3215 723 τοῦ
3272 671 3468 742 κόσμου
3512 674 3753 747 ἀποδημεῖν

2247 754 2474 823 ἔμελλεν
2493 772 2508 786 ο
2539 758 2662 811 ὅθεν
2693 759 2789 811 καὶ
2828 760 2966 831 πρὸς
3004 762 3191 827 αὐτὸν,
3228 764 3323 816 καὶ
3350 764 3446 833 τὴν
3471 765 3754 823 διδασκαλίαν

2249 846 2437 909 αὑτοῦ,
2470 848 2565 901 καὶ
2591 849 2682 902 τὸν
2713 851 2947 919 σταυρὸν
2965 853 2993 903 ό
3018 852 3185 922 ὁρῶν,
3221 854 3362 907 κατά
3395 854 3455 908 τὸ
3483 856 3587 909 ἐνὸν
3610 858 3753 913 ἐαυτὸν

2248 937 2414 989 αὐτοῦ
2455 938 2780 1009 ποιούμενος
2812 943 3067 1013 μίμημα,
3100 945 3406 1015 φρονίμως,
3442 949 3530 1000 καὶ
3550 947 3752 1017 δικαίως,

2250 1029 2544 1099 σωφρόνως
2572 1047 2632 1083 τε
2674 1032 2768 1084 καὶ
2810 1034 3092 1103 ἀνδρείως,
3135 1037 3328 1107 ὥσπερ
3357 1038 3570 1105 ἐκεῖνος,
3592 1024 3757 1113 samp-

2248 1122 2430 1190 γήσει
2456 1121 2554 1190 μὲν
2583 1121 2680 1193 τὴν
2712 1123 2807 1175 ἐπὶ
2845 1126 3004 1195 κακῷ
3037 1127 3146 1180 τῶν
3178 1127 3363 1182 παθῶν
3392 1130 3644 1201 ἐνέργειαν
3665 1153 3757 1186 του-

2247 1210 2398 1270 τωνὶ,
2431 1208 2529 1263 καὶ
2566 1212 2784 1265 πάντων
2820 1230 2883 1282 γε
2915 1215 3005 1269 διά
3049 1217 3282 1271 τούτων.
3319 1219 3581 1290 Χρήσεται
3603 1222 3650 1276 δὲ
3688 1226 3760 1276 αὺ-

2248 1300 2359 1360 τοῖς
2386 1298 2460 1360 ὡς
2490 1299 2602 1362 δεῖ,
2637 1304 2735 1355 καὶ
2782 1303 2924 1371 μετά
2951 1303 3127 1359 ταῦτα
3170 1307 3365 1373 ἅπασι,
3400 1308 3491 1362 καὶ
3518 1312 3758 1380 πρακτικὸς

2247 1388 2387 1458 ἀνὴρ
2416 1388 2567 1443 ἔσται
2594 1392 2737 1445 κατὰ
2755 1394 3156 1463 ἀλήθειαν,καὶ
3181 1398 3319 1469 πρὸς
3351 1398 3410 1452 τὸ
3441 1399 3667 1471 θεωρεῖν,
3693 1406 3762 1456 καὶ

2249 1480 2386 1551 πρὸς
2419 1480 2552 1533 Θεὸν
2600 1484 3016 1550 ἀνατείνεσθαι,
3052 1488 3150 1542 καὶ
3202 1490 3481 1562 σχολάζειν
3523 1492 3592 1562 τῷ
3630 1494 3763 1563 νοερῷ

2248 1572 2584 1643 ἐνατενισμῷ
2631 1575 3020 1646 ἑτοιμότατος·
3086 1581 3183 1635 καὶ
3243 1581 3387 1636 οὔτω
3434 1600 3495 1651 γε
3549 1585 3640 1638 ἀπὸ
3679 1587 3761 1639 τῶν

2250 1664 2458 1717 πολλῶν
2496 1666 2662 1720 αὑτοῦ
2706 1671 2733 1722 ό
2766 1670 2894 1733 νοῦς
2934 1673 3237 1743 αἰσθητῶν,
3273 1676 3504 1730 κτιστῶν
3527 1678 3763 1747 τοιγαροῦν

593 1807 719 1848 omn
754 1799 1014 1861 sequetur
1047 1788 1197 1844 vocis
1250 1785 1520 1850 carentia,
1555 1795 1610 1840 et
1657 1784 1933 1838 silentium
1981 1790 2034 1834 ct
2066 1781 2158 1835 ad-

2250 1754 2634 1861 ἐναρξάμενος.
2664 1760 2757 1811 καὶ
2786 1761 3021 1815 κατιδὼν
3053 1764 3156 1833 τῆς
3190 1762 3343 1833 σςοῶν
3371 1766 3539 1821 αὐτῶν
3564 1767 3761 1839 καλλιερ-

598 1884 838 1948 miratio,
866 1891 921 1938 et
952 1892 1009 1936 ut
1062 1894 1233 1951 pauca
1279 1878 1483 1945 dicam,
1519 1876 1951 1944 supernaturalis
2000 1873 2162 1926 unius

598 1985 852 2046 aspectus
884 1983 941 2029 et
987 1972 1401 2043 contemplatio,
1458 1979 1513 2026 et
1562 1984 1726 2039 super
1777 1968 2161 2037 cogitationem

594 2068 748 2131 unio,
780 2075 833 2121 et
861 2064 1275 2134 tranquillitatis
1313 2062 1614 2133 fastigium,
1654 2075 1925 2117 summum
1956 2074 2019 2114 ac
2043 2074 2165 2129 per-

596 2161 798 2215 fectum
860 2156 1244 2219 desiderabile,
1299 2167 1565 2224 quantum
1620 2158 1678 2209 in
1742 2154 1990 2222 praesenti
2056 2152 2164 2205 vita

595 2246 852 2319 possibile
902 2253 1021 2309 est,
1081 2245 1335 2300 veritatis
1383 2245 1692 2307 terminus,
1758 2242 1877 2296 tidei
1931 2241 2161 2304 fructus,

595 2339 835 2395 eximius
884 2337 1142 2408 splendor
1178 2346 1409 2406 speratae
1457 2334 1661 2404 gloriae,
1718 2335 1995 2388 cliaritatis
2041 2331 2164 2385 fun-

596 2430 933 2490 damentum,
984 2428 1188 2483 mentis
1255 2429 1464 2498 regula,
1514 2427 1681 2482 statio
1739 2426 1982 2495 perpetui
2045 2426 2164 2492 ejus

598 2531 799 2586 monts,
836 2518 1131 2575 ineﬂ‘abilis
1160 2520 1405 2589 requies,
1435 2525 1490 2572 et
1520 2516 1810 2572 uniformis
1868 2519 2158 2584 stabilitas,

596 2615 843 2683 operatio
893 2620 1153 2682 tanquam
1202 2612 1257 2665 in
1284 2611 1525 2681 'pignore
1569 2609 1736 2664 futuri
1784 2610 1988 2671 smculi,
2017 2624 2164 2678 pura:

595 2705 799 2759 laetitia:
832 2718 1020 2768 causa,
1045 2703 1196 2773 pacis
1219 2702 1534 2765 thesaurus,
1566 2702 1747 2757 carnis
1770 2701 2159 2771 cogitationum

594 2796 890 2853 exstinctio
920 2837 935 2861 ,
988 2796 1275 2865 praesentis
1322 2795 1508 2849 sa‘culi
1558 2803 1936 2864 contemptus,
1995 2792 2161 2846 futuri

595 2903 773 2952 amor,
830 2888 1041 2957 cupida:
1089 2886 1215 2942 vita:
1266 2887 1513 2956 reiectio,
1572 2888 1808 2956 apathiae
1860 2889 2160 2951 concretio,

594 2982 792 3038 anima:
843 2979 964 3034 laeta
1010 2978 1325 3043 exsultatio,
1365 2988 1421 3033 et
1450 2978 1568 3047 ejus
1619 2991 1866 3033 motuum
1893 2989 1946 3034 et
1978 2990 2163 3048 puten-

596 3076 796 3131 tiarum
832 3074 1105 3139 collectio,
1134 3072 1349 3143 requies
1367 3084 1422 3128 et
1448 3073 1720 3134 custodia,
1749 3084 1804 3126 ct
1834 3078 1944 3127 uno
1973 3074 2163 3138 verbo,
2188 3103 2233 3164 ο

611 3168 717 3187 νμι
749 3183 769 3187 _
813 3166 1032 3187 --:c_.:-
1075 3174 1118 3187 ,ι
1159 3166 1369 3187 --_.|-:-
1449 3165 1756 3187 n___-__.a-__..
1805 3180 1929 3187 __-_-
1968 3174 2039 3187 --.
2107 3175 2156 3187 _-.
2450 3156 2474 3181 9

594 3168 776 3223 divina
808 3166 1036 3222 scientia
1070 3174 1125 3220 et
1157 3166 1394 3235 apathia.
1449 3165 1759 3221 Curandum
1805 3180 1934 3219 vero
1962 3174 2066 3229 est,
2106 3175 2162 3217 ut

595 3275 750 3317 utens
782 3258 998 3329 propria
1047 3258 1344 3313 indolentia
1393 3264 1488 3312 aut
1531 3266 1755 3313 externa
1789 3258 2021 3327 quadam
2055 3257 2161 3311 cir-

594 3350 918 3405 cumstantia
947 3347 1156 3402 turbata
1187 3363 1406 3403 rursum
1435 3347 1503 3401 ad
1536 3348 1818 3418 praprium
1868 3349 2157 3417 pulchrum

594 3441 1079 3513 contemplandum
1111 3442 1408 3497 reducatur
1445 3456 1538 3511 per
1576 3438 1965 3510 dcpositionem
1998 3439 2159 3508 hujus

593 3535 912 3605 cupiditatis
971 3548 1094 3604 qua;
1164 3531 1449 3589 obstaculo
1506 3538 1619 3595 est,
1661 3546 1889 3600 eamque
1938 3545 1966 3583 a
2035 3544 2159 3600 pro-

597 3628 714 3698 prio
771 3641 939 3696 scopo
1017 3633 1294 3689 removet;
1345 3635 1398 3678 et
1442 3623 1735 3679 videndum
1784 3638 1945 3693 quam
2005 3623 2162 3694 longe

597 3731 751 3771 mens
777 3730 805 3769 a
824 3730 1039 3770 summo
1062 3714 1413 3769 desiderabili
1436 3714 1525 3781 sit,
1550 3698 1603 3769 et
1630 3728 1801 3784 quare
1825 3730 1839 3777 ;
1864 3722 1940 3776 et,
1957 3714 2155 3768 etenim

596 3810 650 3863 in
692 3807 1046 3862 sensibililius
1080 3807 1285 3861 creatis
1340 3814 1431 3859 aut
1484 3808 1684 3860 creatis
1724 3804 2158 3875 iutelligibilibus

595 3905 687 3951 aut
718 3896 1147 3967 intelligibilibus
1191 3894 1472 3962 inci-eatis,
1525 3911 1595 3950 an
1627 3897 1683 3950 in
1717 3896 1901 3949 vernis
1934 3894 2160 3950 ratioci-

595 3988 722 4053 niis,
754 4003 821 4041 an
852 3987 1148 4043 secundum
1192 3986 1482 4056 quamdam
1538 3987 1915 4041 necessitatem
1964 4002 1994 4041 a
2030 4002 2158 4056 pro-

598 4080 777 4151 posito
817 4088 1117 4147 scparetur,
1153 4078 1297 4145 quod
1344 4076 1521 4131 solum
1554 4078 1731 4145 reipsa
1777 4086 1859 4130 est
1905 4086 1960 4131 et
1993 4091 2158 4130 unum

593 4187 759 4242 super
789 4171 970 4225 omnia
1007 4170 1453 4241 supernaturale;
1504 4178 1827 4240 oportetque
1871 4169 1943 4223 ita
1990 4169 2162 4238 impc-

591 4266 830 4318 dimenta
868 4262 1147 4333 repellere,
1195 4272 1251 4316 ut
1304 4277 1522 4317 rursum
1579 4261 1899 4332 simpliciter
1945 4262 2152 4329 redeat,

593 4365 650 4410 ut
678 4357 854 4411 bonus
880 4356 1016 4411 ordo
1050 4355 1217 4426 exigit
1239 4356 1305 4409 ad
1350 4356 1783 4425 supernaturalis
1811 4355 1974 4410 unius
2018 4368 2154 4409 con-

592 4451 995 4515 templationem
1048 4458 1103 4504 et
1147 4461 1449 4518 aspecuam.
1488 4447 1652 4502 Extra
1686 4448 1830 4503 enim
1886 4463 2152 4518 superna-
2178 4460 2233 4521 ι)

590 4542 766 4594 turale
821 4540 1121 4594 iucreatum
1168 4538 1314 4610 quod
1369 4554 1530 4608 supra
1580 4551 1814 4596 mentem
1865 4550 1951 4596 est
1985 4555 2152 4595 unum

591 4647 744 4686 utens
774 4642 1009 4695 Versata,
1034 4631 1287 4686 divisioni
1318 4632 1585 4701 subiacet,
1634 4648 1807 4701 neque
1838 4642 1921 4687 est.
1950 4633 2001 4685 in
2026 4647 2156 4687 vero

594 4724 840 4791 pulchro,
896 4723 996 4777 etsi
1048 4722 1103 4776 in
1133 4720 1366 4791 quodam
1411 4723 1640 4792 pulchro
1687 4725 1777 4777 sit.
1827 4723 1964 4777 Illud
2010 4724 2152 4777 enin

590 4827 864 4866 sumntum
908 4813 1192 4882 pulchrum
1232 4823 1336 4877 est,
1390 4812 1538 4883 quod
1584 4823 1666 4867 est
1718 4828 1880 4882 supra
1920 4822 2155 4868 mentem

588 4902 1002 4972 supernaturale
1028 4918 1224 4970 unum,
1260 4904 1567 4958 iucreatum
1591 4913 1644 4957 et
1662 4903 1914 4973 simplex,
1944 4910 1998 4958 et
2022 4903 2153 4958 illud

587 5007 668 5051 (ἐι
705 4996 879 5066 reipsa
914 5011 1164 5051 summus
1212 4999 1377 5051 menti
1415 5000 1726 5067 propositus
1774 4999 2058 5053 terminus.
2088 4996 2155 5055 Et

587 5091 752 5159 igitur
790 5102 922 5143 sane
973 5098 1117 5141 mota
1153 5104 1306 5143 mens
1359 5089 1487 5142 illuc
1517 5105 1611 5159 per
1652 5091 1910 5159 pradicta
1957 5106 2151 5145 ascen-

585 5185 723 5234 dens
748 5179 1043 5243 invenitur,
1072 5188 1125 5233 et
1155 5194 1319 5249 supra
1353 5191 1586 5234 mentem
1615 5182 1873 5235 unionem
1925 5182 2149 5252 patitur.

584 5271 1025 5341 Persequendum
1083 5272 1247 5341 igitur
1278 5280 1363 5331 est
1401 5288 1499 5343 pro
1528 5274 1735 5328 viribus
1763 5274 2061 5343 inﬁnitum,
2096 5284 2152 5330 et

584 5362 1020 5434 investigandum
1077 5364 1208 5418 il'lud
1254 5365 1397 5435 quod
1460 5381 1621 5434 supra
1680 5377 1914 5421 mentem
1964 5376 2048 5421 est
2096 5379 2153 5423 et

584 5456 1063 5525 contemplandum
1097 5457 1222 5511 illud
1251 5460 1478 5527 simplex
1506 5474 1673 5513 unum
1705 5470 1757 5514 et
1782 5460 2150 5529 comprehen-

584 5546 822 5600 dendum
872 5563 938 5601 ex
987 5549 1189 5617 impetu
1253 5551 1385 5605 illud
1446 5550 2040 5621 incomprehensibtle,
2093 5562 2152 5608 ut

582 5651 944 5706 assequamur
978 5654 1139 5693 unam
1172 5640 1316 5694 illam
1346 5643 1510 5697 unius
1543 5643 1915 5697 ltmreditatem
1944 5647 2147 5698 summi

586 5726 703 5790 Dei,
737 5729 906 5796 gratia
942 5726 1152 5785 Domini
1182 5734 1352 5787 nostri
1381 5732 1512 5788 Jesu
1553 5736 1756 5790 Christi
1790 5747 1844 5789 et
1870 5736 2146 5790 viviﬁcan-

2247 1844 2374 1913 γίας
2406 1846 2504 1917 τὴν
2534 1848 2871 1919 εὐπραγίαν,
2908 1854 3003 1908 καὶ
3034 1856 3239 1925 νοήσας
3283 1857 3352 1910 τὰ
3393 1859 3572 1912 κτιστά
3609 1862 3758 1928 νοητὰ,

2247 1937 2340 1990 καὶ
2361 1938 2441 2000 είς
2478 1938 2545 1990 τά
2587 1940 2755 2009 νοητά
2803 1943 3039 1999 ἀκτιστα
3073 1946 3375 2015 μετελθὼν,
3405 1947 3477 2012 ὡς
3508 1950 3560 2002 ἐν
3586 1948 3761 2019 κλίμακι

2249 2027 2515 2097 βαθμίδας
2553 2030 2657 2100 ήδη
2684 2031 2966 2104 διελήλυθε
3000 2037 3303 2110 τέσσαρας.
3328 2041 3478 2094 Μετά
3499 2041 3551 2094 δέ
3573 2041 3713 2094 ταῦτα
3736 2042 3760 2111 ἡ

2249 2119 2367 2172 θεία
2401 2120 2498 2173 καὶ
2519 2121 2661 2192 ὑπὲρ
2691 2124 2815 2177 νοῦν
2838 2126 2989 2197 αὑτῷ
3017 2126 3214 2184 ἐπεται
3243 2132 3524 2202 ἀφθεγξία,
3547 2135 3628 2186 καὶ
3651 2131 3759 2204 σιγή,

2247 2211 2341 2264 καὶ
2363 2211 2640 2281 ἔκπληξις,
2673 2216 2767 2268 καὶ
2796 2219 3085 2273 συνελόντα
3110 2223 3307 2290 φάναι,
3337 2222 3429 2276 τοῦ
3455 2224 3761 2294 ὐπερκοσμίου

2242 2301 2364 2363 ἒνὲς
2419 2302 2452 2371 ή
2494 2302 2830 2373 ἀπόδλεψις,
2881 2309 2978 2362 καὶ
3033 2308 3273 2382 θεωρία,
3318 2313 3412 2366 καὶ
3462 2313 3589 2384 ὑπὲρ
3621 2314 3762 2383 νόησιν

2247 2391 2461 2457 ἓνωσις,
2493 2394 2526 2464 ἠ
2548 2394 2650 2465 τῆς
2678 2397 2908 2467 ἡσυχίας
2932 2401 3187 2469 κορωνὶς,
3215 2403 3279 2456 τὸ
3305 2403 3469 2474 ἄκρον
3497 2407 3581 2457 καὶ
3604 2405 3761 2456 τέλειον

2248 2482 2460 2548 ἐφετὸν,
2496 2484 2620 2538 ὅσον
2654 2488 2713 2539 ἐν
2743 2490 2809 2559 τῇ
2844 2490 3094 2563 παρούσῃ
3135 2492 3277 2565 ζωῇ,
3331 2496 3429 2565 τῆς
3464 2495 3686 2565 ἀληθείας
3716 2494 3760 2548 τὸ

2249 2573 2442 2641 πέρας,
2475 2575 2574 2641 τῆς
2608 2576 2846 2642 πίστεως
2869 2581 2903 2649 ἡ
2932 2581 3269 2651 ἐπικαρπία,
3299 2586 3333 2655 ή
3362 2585 3574 2656 διαυγὴς
3605 2584 3761 2653 ἐλλαμ-

2247 2661 2341 2729 ψις
2376 2664 2481 2731 τῆς
2517 2663 2885 2739 ἐλπιζομένης
2902 2669 3081 2740 δόξης,
3119 2674 3151 2725 ὁ
3180 2676 3280 2745 τῆς
3310 2675 3521 2746 ἀγάπης
3548 2674 3760 2745 θεμέλιος.

2248 2752 2281 2820 ὴ
2310 2751 2402 2804 τοῦ
2434 2753 2553 2816 νοὸς
2581 2756 2823 2828 στάθμη,
2870 2761 2903 2829 ἡ
2933 2762 3124 2827 στάσις
3161 2766 3265 2833 τῆς
3310 2768 3427 2819 κατ’
3451 2768 3597 2820 αὐτὸν
3629 2768 3765 2819 aaut:-

2248 2842 2460 2909 νησίας,
2497 2846 2594 2899 καὶ
2643 2848 2964 2920 ἀνεννόητος
3007 2852 3221 2920 παῦλα,
3258 2857 3353 2910 καὶ
3396 2856 3611 2925 ἐνοειδὴς
3644 2856 3764 2909 κατὰ·

2250 2950 2459 2999 στασις,
2500 2938 2534 3007 ἡ
2558 2937 2639 3002 ’ὡς
2676 2941 2736 2994 ἐν
2769 2942 3050 3013 ἀῤῥασῶνι
3082 2947 3326 3017 ἐργασία
3368 2948 3461 3002 τοῦ
3496 2949 3664 3011 αἰῶνος
3692 2945 3761 3000 τοῦ

2255 3025 2558 3093 μέλλοντος,
2592 3029 2652 3082 τὸ
2689 3032 2864 3086 αῖτιον
2892 3035 2993 3105 τῆς
3020 3038 3369 3106 ἀφαντάστου
3402 3044 3582 3112 χαρᾶς,
3616 3041 3665 3092 τὸ
3687 3040 3760 3108 τῆς

2561 3125 2769 3192 αμείον,
2822 3126 2857 3195 ἡ
2902 3126 3087 3191 σὸέσις
3122 3131 3238 3184 τῶν
3275 3133 3375 3202 τῆς
3403 3134 3588 3205 σαρκὸς
3612 3148 3763 3203 φρονητ

2255 3206 2461 3277 μάτων,
2502 3212 2535 3280 ἡ
2564 3212 2881 3288 ἀποστροφὴ
2919 3219 3011 3273 τοῦ
3040 3224 3313 3294 παρόντος
3346 3226 3551 3290 αἰῶνος,
3575 3229 3603 3296 ἡ
3632 3242 3760 3294 προσο

2254 3297 2452 3388 adﬂata.
2495 3302 2590 3355 τοῦ
2622 3305 2927 3373 μέλλοντος.
2957 3312 3019 3363 τὸ
3057 3313 3394 3371 ἀποστάσιον
3416 3318 3511 3387 τῆς
3537 3316 3762 3388 ἑμπαθοῦς

2253 3385 2434 3457 ζωῆς,
2487 3391 2521 3460 ἠ
2560 3396 2810 3463 συμφυΐα
2841 3400 2935 3469 τῆς
2970 3401 3277 3472 ἀπαθείας,
3303 3408 3403 3478 τῆς
3627 3409 3675 3459 τὸ
3697 3407 3762 3458 εὑ-

2253 3480 2518 3571 φρόσυνον
2543 3485 2885 3560 ἀγαλλίαμα,
2913 3494 3008 3547 καὶ
3048 3496 3157 3550 τῶν
3197 3500 3401 3571 ἐαυτῆς
3433 3502 3669 3571 κινήσεων
3695 3498 3760 3551 καὶ

2251 3569 2530 3644 δυνάμεων
2566 3579 2598 3647 ἡ
2650 3585 2961 3657 συναγωγὴ,
3014 3588 3326 3657 ἀνάπαυσις
3358 3569 3414 3646 τε
3460 3569 3547 3648 καί
3578 3591 3759 3663 φρουράν

2252 3665 2346 3717 καὶ
2380 3667 2576 3733 δλικῶς
2620 3673 2825 3745 εἰπεῖν,
2875 3679 2909 3749 ἡ
2946 3678 3068 3734 θεία
3095 3682 3335 3750 γνῶσις,
3376 3687 3467 3740 καὶ
3494 3687 3524 3754 ἡ
3556 3684 3758 3738 ἀπάθεια.

2254 3758 2347 3809 Δεῖ
2385 3759 2449 3830 δὴ
2494 3767 2718 3819 σκοπεῖν
2747 3769 2925 3841 οἰκείᾳ
2975 3773 3231 3847 ῥαστώνῃ
3254 3816 3267 3838 ,
3306 3777 3338 3846 ἢ
3375 3777 3646 3846 ἐξωτερικῇ
3683 3788 3761 3825 τινι

2252 3853 2574 3918 περιστάσει
2611 3859 2941 3928 συσχεθέντα
2962 3862 3051 3915 τὸν
3070 3864 3220 3929 νοῦν,
3252 3866 3408 3931 αὖθις
3432 3868 3517 3921 ἐπὶ
3535 3866 3589 3920 τδ
3610 3865 3761 3919 οἰκεῖον

2255 3939 2617 4028 ἔπαναφέρειν
2653 3947 2753 4018 τῆς
2784 3948 3016 4023 θεωρίας
3041 3955 3239 4022 καλὸν,
3272 3958 3363 4012 διὰ
3394 3959 3486 4028 τῆς
3524 3956 3607 4010 τοῦ
3631 3956 3763 4025 ἐμπο-

2253 4025 2357 4082 δὼν
2378 4030 2671 4103 ἱσταμένου
2698 4038 2923 4107 πάθους,
2953 4046 3045 4097 καὶ
3071 4048 3135 4099 ἐκ
3156 4047 3338 4102 ποδὼν
3359 4025 3619 4109 ποιοῦντος
3637 4043 3762 4099 αὐτὸν

2253 4118 2349 4175 τοῦ
2387 4122 2517 4176 ἰδίου
2553 4129 2779 4193 σκοποῦ,
2813 4132 3146 4200 ἀποθέσεως,
3175 4141 3273 4191 καὶ
3303 4139 3469 4192 πόσον
3500 4137 3670 4192 ἄπεστι
3692 4129 3761 4185 τοῦ

2254 4209 2425 4282 ἄκρου
2468 4216 2659 4284 ἐφετοῦ
2682 4259 2696 4283 ,
2724 4224 2817 4275 καὶ
2860 4224 3037 4278 δ.ατί·
3081 4227 3178 4280 καὶ
3204 4231 3257 4282 εί
3305 4230 3364 4281 ἐν
3400 4228 3652 4296 αίσθητοῖς
3676 4236 3763 4296 κτίέ

2243 4300 2409 4364 στοῖς,
2440 4300 2474 4372 ἦ
2506 4305 2741 4367 κτιστοῖς
2766 4306 2998 4375 νοητοῖς,
3027 4304 3059 4376 ἢ
3094 4307 3307 4375 νοητοῖς
3332 4295 3593 4367 ἁκτίστοις
3623 4301 3696 4369 ειη
3716 4295 3761 4351 τὸ

2241 4390 2439 4445 ἐαυτοῦ
2496 4391 2771 4469 θεωροῦν,
2830 4395 2862 4463 ἦ
2915 4395 3211 4469 λογισμοῖς.
3236 4397 3520 4468 ματαίοις,
3575 4394 3758 4466 ﬂama

2240 4480 2429 4551 χρείαν
2455 4484 2578 4536 τινὰ
2601 4466 2862 4556 διαιροῖτο
2890 4485 2984 4539 τοῦ
3018 4466 3407 4558 προκειμένου,
3432 4487 3522 4542 καὶ
3552 4484 3690 4553 μόνου
3712 4478 3759 4546 τῇ

2238 4572 2491 4645 ἀληθεία,
2522 4576 2617 4627 καὶ
2657 4576 2775 4641 ἐνὸς
2822 4576 2960 4646 ὑπὲρ
3008 4578 3117 4632 πᾶν
3160 4576 3221 4630 ἓν
3274 4575 3652 4648 ὑπερκοσμίου·
3687 4583 3758 4621 και

2237 4664 2491 4735 ἀφαιρεῖν
2512 4665 2652 4719 οὕτω
2678 4666 2745 4719 τὰ
2777 4668 2980 4736 μεταξὺ
3008 4667 3329 4739 κωλύματα,
3354 4668 3421 4722 ἶν’
3454 4666 3597 4727 αὖθις
3619 4665 3756 4715 ἐπαν⁴

2236 4754 2364 4827 έλθίὶ
2390 4758 2658 4822 ένοειδῶς.
2689 4758 2763 4822 ὦς
2818 4776 2881 4827 γε
2912 4760 2944 4829 ἡ
2974 4759 3129 4824 τάξις
3157 4762 3294 4826 αὑτὴ
3323 4760 3555 4821 ἁπιιτεί,
3581 4751 3757 4818 ἐπὶτὴν

2236 4846 2330 4900 τοῦ
2392 4848 2767 4918 ὑπερκοσμίου
2847 4850 2985 4914 ἐνὸς
3025 4850 3263 4920 θεωρίαν
3337 4850 3431 4905 καὶ
3484 4842 3753 4910 ἀπόθλιψιν-

2239 4936 2385 5001 Ἕξω
2424 4956 2525 4991 που
2554 4940 2663 5009 γὰρ
2702 4940 2796 4993 τοῦ
2825 4941 3198 5012 ὑπερκοσμίου
3237 4941 3486 4995 ἀκτίστου
3512 4937 3634 5003 ὑπὲρ
3660 4927 3755 4982 νοῦν

2234 5029 2352 5093 ἐνὸς
2384 5034 2411 5082 ὁ
2438 5030 2561 5095 νοῦς
2600 5033 3025 5102 εὑρισκόμενος,
3065 5034 3171 5085 ὑπὸ
3220 5033 3479 5103 διαίρεσίν
3527 5031 3652 5086 ἐστι.
3679 5016 3753 5073 καὶ

2230 5122 2331 5174 οὐκ
2360 5122 2441 5184 εἰς
2469 5123 2528 5175 τὸ
2559 5123 2761 5192 κυρίως
2805 5124 2992 5187 καλὸν,
3023 5125 3127 5178 κᾶν
3171 5127 3370 5177 κινοῖτο
3393 5120 3580 5180 καλῶς.
3617 5110 3753 5168 Τοῦτο

2232 5211 2342 5282 γάρ
2380 5212 2495 5264 ἐστι
2522 5212 2583 5265 τὸ
2613 5215 2907 5283 κορυφαῖον
2941 5213 3126 5278 καλὸν,
3162 5212 3221 5266 τι
3252 5212 3390 5282 ὑπὲρ
3419 5208 3535 5263 νοῦν
3560 5198 3751 5271 ὑπερθύ-

2235 5318 2368 5366 σιον,
2405 5304 2678 5369 ἀκτιστον,
2718 5305 2812 5357 καὶ
2841 5305 3047 5358 ἁπλοῦν
3076 5305 3155 5369 ἓν,
3191 5306 3283 5359 καὶ
3309 5301 3457 5356 τοῦτό
3480 5303 3584 5355 ἐστι
3613 5295 3665 5347 τὸ
3690 5286 3750 5356 τῷ

2235 5392 2349 5446 ὄντι
2395 5394 2490 5447 τοῦ
2527 5394 2620 5448 νοῦ
2664 5394 2833 5466 ἄκρον
2874 5397 3255 5466 ἀντικείμενον
3300 5396 3486 5466 πέρας.
3518 5390 3613 5444 Καὶ
3645 5378 3747 5450 γοῦν

2229 5486 2398 5553 ὑγιῶς
2431 5487 2749 5557 κινούμενος
2772 5492 2800 5542 ὁ
2826 5488 2949 5552 νοῦς
2966 5531 2980 5553 ,
3006 5489 3203 5542 αὐτόσε
3229 5488 3317 5541 διὰ
3353 5486 3456 5541 τῶν
3485 5478 3745 5552 εἰρημένων

2229 5578 2541 5648 εὑρίσκεται
2572 5579 2759 5644 ἀνιὼν,
2795 5582 2887 5633 καὶ
2916 5582 3015 5652 τὴν
3038 5582 3179 5652 ὑπὲρ
3207 5569 3333 5635 νοῦν
3356 5580 3539 5645 πάσχει
3565 5572 3741 5624 ἕνωσιν.

2228 5670 2492 5723 Διωκτέον
2529 5670 2593 5741 δὴ
2631 5674 2728 5743 ὅση
2765 5672 2997 5743 δύναμις
3048 5677 3110 5728 τὸ
3146 5677 3386 5745 ἄπειρον,
3431 5667 3516 5722 καὶ
3553 5666 3736 5745 ἐρευνηέ

2229 5763 2347 5814 τέον
2376 5762 2433 5813 τὸ
2470 5762 2607 5832 ὑπὲρ
2640 5763 2763 5816 νοῦν
2791 5766 2883 5819 καὶ
2917 5767 3222 5836 Θεωρητέον
3247 5767 3303 5820 τὸ
3330 5760 3548 5819 ἀνείδεον
3572 5752 3643 5817 ἓν»
3666 5743 3739 5799 καὶ
