4058 6204
390 330 493 395 877

1505 341 1602 401 DE
1630 341 1799 401 VITA
1834 344 2487 411 CONTEMPLATIVA-

3505 365 3601 428 8’73

390 447 764 519 καταληπτέον
794 449 851 514 ἐξ
881 450 1067 519 ἐφόδου
1110 451 1167 503 τὸ
1198 453 1607 524 ἀκατάληπτον,
1652 457 1723 517 ὡς
1755 458 1819 510 ἂν
1858 458 1935 511 τύ‹

2060 465 2125 516 tis
2175 462 2431 531 Spiritus,
2490 478 2585 533 per
2637 480 2770 534 quos
2829 466 3123 523 illumiuati
3188 476 3602 543 contemplativa

388 560 578 613 χοιμεν
612 544 704 612 τῆς
727 544 934 606 ὲ-,ιιαέας
980 543 1073 597 τοῦ
1108 545 1226 608 ἐνὸς
1259 547 1623 627 κληρονομίας
1651 550 1742 602 τοῦ
1778 552 1944 616 ἄκρου

386 635 447 687 Θς
462 635 545 699 οῦ,
570 636 752 705 χάριτι
796 635 888 687 τοῦ
938 636 1141 706 Κυρίου
1166 638 1322 706 ἡμῶν
1355 640 1531 709 Ἰησοῦ
1556 641 1812 709 Χριστοῦ,
1849 645 1941 695 καὶ

2056 551 2225 617 gratia
2249 549 2393 618 digni
2437 550 2757 617 babeamur,
2793 564 2846 609 et
2888 556 3030 611 dono
3067 558 3158 614 Dei
3191 576 3290 616 nos
3317 566 3607 632 adoptione

2050 643 2122 695 dii
2157 640 2472 696 efﬁciamur.

387 730 654 794 ζωοποιοῦ
692 731 1025 800 Πνεύματος,
1072 734 1139 787 δι’
1172 731 1247 788 ὧν
1283 735 1687 805 ὲλλαμπόμενοι
1712 740 1808 805 τῆς
1862 741 2204 807 θεωρητικῆς
2258 738 2555 805 ἀξιούμεοα
2588 743 2830 808 χάριτος,
2883 746 2971 795 καὶ
3014 743 3126 797 Θεοὶ
3158 746 3301 800 θέσει
3335 748 3603 819 θεουργη-

387 822 570 882 θέντες
618 822 878 890 γινόμεθα
914 826 977 891 τῇ
1012 825 1188 896 δωρεᾷ
1219 826 1311 879 τοῦ
1345 828 1501 881 Θεοῦ.

455 916 552 980 λζ’.
598 918 685 969 Ἐν
716 921 782 987 τῇ
823 919 921 987 τῆς
959 917 1109 981 θείας
1143 922 1609 991 ἀποκρυφιότητος
1644 923 1794 992 χώρᾳ
1820 924 1952 975 ἁνα-

385 1008 632 1077 6εϐηκὼς
661 1011 688 1061 6
724 1009 866 1072 νοῦς,
903 1011 1145 1077 φυσικῶς
1185 1013 1392 1080 σιωπὴν
1425 1013 1584 1064 ἀσκεῖ
1620 1013 1850 1076 ἑνισϐεὶς
1883 1016 1948 1085 τῇ

388 1099 673 1169 ἁπλότητι,
716 1101 808 1152 καὶ
845 1100 901 1165 ἐξ
931 1102 1192 1169 ἑπομένου
1224 1103 1436 1165 ὲνιαίως
1467 1102 1544 1171 τῷ
1570 1102 1709 1174 ὑπὲρ
1743 1105 1948 1157 ἔννοιαν

386 1191 466 1242 ἑνὶ
495 1191 901 1258 ὲλλαμπόμενος
932 1194 997 1261 τῇ
1039 1194 1239 1262 μετοχῇ
1267 1191 1358 1243 τοῦ
1388 1192 1717 1260 Πνεύματος.
1750 1194 1814 1246 Τί
1842 1195 1948 1264 γὰρ

385 1279 450 1333 ἂν
479 1279 575 1330 καὶ
606 1278 734 1350 λέξῃ
759 1280 1010 1347 ὑπεράνω
1042 1282 1138 1348 τῆς
1174 1282 1365 1334 ἑαυτοῦ
1396 1284 1708 1353 νοερότητος
1738 1287 1946 1353 πεφοα-

387 1370 519 1428 κὼς,
553 1368 649 1420 καὶ
669 1369 865 1430 παντὸς
898 1368 1001 1432 ἔξω
1022 1371 1289 1439 νοήματος
1316 1373 1605 1435 καταστὰς,
1634 1375 1723 1425 καὶ
1744 1375 1946 1443 γυμνὸς

383 1460 442 1512 τό
473 1460 750 1528 παράπαν,
784 1458 858 1521 ὡς
888 1459 1028 1529 ὑπὲρ
1057 1460 1116 1512 τὸ
1151 1464 1323 1525 νοεῖν;
1360 1463 1407 1514 εί
1440 1463 1548 1531 γάρ
1584 1480 1663 1514 τοι
1692 1464 1843 1532 λόγος
1871 1465 1945 1529 ὥς

382 1551 428 1601 τ’
468 1552 640 1601 εἰπεῖν
666 1549 743 1600 ἔτι
776 1549 924 1618 αὐτῷ
953 1550 1219 1613 λείπεται,
1247 1551 1401 1620 δῆλον
1432 1554 1511 1604 ὅτι
1542 1553 1635 1605 καὶ
1662 1557 1772 1607 νοεῖ
1796 1572 1810 1585 ·
1839 1557 1946 1619 πᾶς

382 1642 488 1710 γὰρ
525 1640 685 1708 λόγος
728 1640 864 1708 μετά
896 1641 955 1692 τὺ
1009 1642 1205 1709 νόημα.
1254 1641 1361 1694 Καὶ
1399 1642 1451 1693 εἴ
1487 1661 1539 1695 τι
1570 1648 1711 1710 νοεῖ,
1749 1646 1863 1709 πῶς
1887 1648 1945 1699 ὲν

380 1737 447 1803 τῇ
484 1733 580 1802 τῆς
611 1733 1080 1805 ἀποικρυῳιότητος
1110 1734 1262 1803 χώρᾳ
1297 1733 1564 1803 ἓστηκενς
1599 1737 1658 1787 ού
1698 1736 1804 1806 γάρ
1830 1739 1944 1791 ἐστι

381 1825 610 1895 κρύςιον
658 1823 859 1892 κυρίως
883 1864 896 1885 ,
943 1823 971 1874 ὅ
998 1825 1094 1892 μὴ,
1128 1825 1312 1893 ἑτέρου
1349 1827 1599 1894 ὁρῶντος,
1634 1828 1793 1889 αὐτός
1825 1846 1885 1895 γε
1916 1832 1942 1881 6

380 1916 501 1977 νοῦς
529 1917 648 1985 ὁρᾷ.
703 1916 857 1968 Ἐπεὶ
889 1913 1029 1967 οὕτω
1056 1917 1106 1982 γ’
1144 1917 1209 1967 ἂν
1243 1918 1409 1968 πολλά
1443 1918 1680 1985 λέγοιντο
1716 1920 1938 1987 κρύφια,

378 2006 461 2058 ὅτι
519 2005 844 2074 παμπολλα,
899 2006 967 2074 ἢ,
1019 2006 1083 2057 ἵν’
1120 2006 1289 2068 οὕτως
1335 2007 1505 2073 εἴπω,
1539 2010 1712 2062 πάντα
1748 2013 1776 2063 6
1823 2012 1943 2074 νοῦς

377 2096 475 2144 ὅσα
508 2094 630 2162 ὁρᾷ,
680 2093 756 2161 μὴ
798 2095 1155 2159 γινώσκοντος
1194 2097 1379 2164 ἑτέρου
1414 2097 1440 2149 ὃ
1463 2098 1583 2168 ὁρᾷ,
1616 2099 1770 2151 τοῦτο
1805 2101 1941 2168 ὁρᾷ·

378 2184 531 2236 ἔσται
572 2184 661 2253 ἄρ’
702 2182 844 2235 οὕτω
875 2183 945 2236 τὰ
974 2185 1178 2253 κρύφια
1217 2188 1312 2239 καὶ
1343 2188 1435 2239 τοῦ
1481 2189 1709 2258 ἀπείρου
1742 2190 1903 2256 ἐγγύς
1924 2206 1941 2221 ο

378 2275 512 2344 ὅπερ
562 2275 793 2328 ἄτοπον·
827 2272 883 2325 ἓν
928 2275 1035 2343 γάρ
1078 2277 1194 2330 ἐστι
1240 2278 1301 2330 τὸ
1327 2279 1527 2347 κυρίως
1556 2280 1813 2349 κρύφιον,
1863 2283 1941 2343 εἰς

376 2368 510 2431 ὅπερ
538 2369 563 2417 6
596 2366 718 2426 νοῦς
776 2368 913 2434 μετά
967 2367 1142 2420 πάντα
1174 2367 1399 2431 ἄνεισιν,
1441 2370 1516 2432 ὡς
1555 2372 1633 2431 εἰς
1673 2370 1735 2423 τὸ
1779 2372 1835 2436 ἐξ
1879 2369 1938 2426 οῦ

377 2461 504 2520 πᾶν,
558 2462 666 2511 εἴτε
715 2460 1058 2527 φαινόμενον,
1106 2463 1212 2512 εἴτε
1246 2463 1552 2531 νοούμενον.
1596 2465 1812 2533 Ἀμέλει
1850 2467 1939 2517 καὶ

375 2550 532 2610 αὐτὸς
556 2548 630 2611 ὡς
662 2551 740 2610 είς
773 2551 834 2601 τὸ
865 2550 1003 2619 ὑπὲρ
1037 2551 1211 2602 πάντα
1238 2552 1583 2622 ἀναδραμὼν,
1627 2557 1720 2607 καὶ
1755 2560 1937 2623 ῳαινόο

380 2661 548 2713 μενα,
605 2644 698 2695 καὶ
740 2644 1003 2712 λεγόμενα
1029 2684 1041 2704 ,
1096 2645 1191 2696 καὶ
1228 2645 1489 2714 νοούμενα
1518 2687 1531 2709 ,
1586 2648 1688 2710 ἔξω
1722 2650 1813 2701 καὶ
1847 2650 1937 2703 τοῦ

374 2736 536 2799 νοεῖν,
570 2736 662 2785 καί
689 2736 841 2804 ὁρᾷν,
875 2736 969 2786 καὶ
989 2734 1165 2801 λέγειν
1196 2736 1644 2800 ἀποκαθίσταται,
1679 2741 1769 2791 καὶ
1792 2740 1937 2792 οὔπω

381 2826 459 2887 είς
490 2824 742 2876 τοσοῦτον
780 2824 1127 2892 ἀναϐεϐήκει,
1160 2827 1279 2877 οὐδὲ
1312 2827 1366 2877 ὲν
1392 2830 1457 2896 τῇ
1493 2827 1611 2897 Θεία
1650 2829 1937 2897 γεγένηται

380 2916 719 2984 κρυφιότητι,
752 2916 855 2977 ἓως
897 2915 962 2967 ἂν
996 2916 1170 2983 λέγειν
1192 2916 1475 2979 δεδύνοιτο,
1503 2919 1613 2969 νοεῖ
1633 2919 1766 2987 γάρ·
1804 2919 1936 2973 ἀλλὰ

379 3008 486 3076 μὴν
533 3007 594 3058 1:6
639 3006 903 3075 κρύφιον,
946 3008 1282 3076 ἀνεννόητον,
1331 3007 1437 3077 ἄρα
1472 3008 1565 3062 καὶ
1603 3009 1741 3077 ὑπὲρ
1782 3010 1937 3078 λόγον

2106 932 2192 985 57.
2234 930 2289 983 lu
2346 933 2536 984 divinze
2576 933 2903 986 summitatis
2953 934 3124 988 locum
3187 938 3401 1004 quando
3457 951 3605 992 mens

2037 1022 2365 1085 ascenderit,
2398 1025 2714 1076 naturaliter
2737 1024 2859 1079 silet
2888 1041 3012 1079 cum
3066 1027 3295 1095 simplici
3356 1031 3524 1092 unita,
3553 1044 3607 1088 et

2035 1123 2432 1182 consequenter
2464 1116 2515 1167 in
2549 1130 2653 1168 uno
2703 1130 2869 1183 supra
2904 1118 3282 1187 cogitationem
3331 1122 3607 1176 illumina-

2040 1214 2127 1260 tur
2161 1205 2431 1275 spirituali
2464 1205 2898 1273 participatione.
2941 1209 3081 1273 Quid
3114 1211 3256 1262 enim
3290 1211 3454 1278 dicat,
3480 1228 3602 1265 cum

2047 1314 2212 1367 supra
2253 1313 2405 1350 suam
2438 1299 2843 1365 intelligentiam
2885 1302 3191 1368 pervenerit
3220 1312 3274 1356 ct
3307 1312 3457 1356 extra
3488 1318 3606 1356 om-

2042 1405 2163 1443 neut
2221 1390 2605 1457 cogitationem
2658 1391 2952 1443 constituta
3018 1391 3127 1449 sit,
3170 1401 3223 1443 ct
3270 1394 3490 1445 omnino
3538 1395 3607 1447 sit

2035 1483 2214 1545 nuda,
2255 1496 2375 1533 cum
2432 1494 2593 1544 supra
2625 1479 3008 1548 cogitationem
3052 1481 3154 1531 lata
3201 1480 3294 1534 sit.
3345 1481 3401 1531 Si
3457 1480 3601 1532 enim

2038 1576 2193 1637 ratio,
2225 1584 2277 1625 ut
2313 1575 2383 1625 ita
2414 1571 2609 1632 dicam,
2648 1571 2813 1623 menti
2851 1570 2982 1623 rclin
3008 1580 3223 1639 quatur,
3259 1571 3602 1624 manifestum

2034 1677 2115 1719 cst
2144 1666 2286 1733 quod
2318 1673 2372 1718 et
2419 1664 2667 1731 cogitat;
2703 1662 2882 1716 omnis
2943 1662 3085 1714 enin
3147 1664 3283 1715 ratio
3342 1671 3461 1731 post
3516 1678 3606 1717 cu-

1972 1798 2006 1848 n
2039 1757 2355 1825 gitationetn
2398 1765 2500 1807 est.
2562 1751 2667 1813 Et,
2706 1754 2749 1805 si
2798 1752 2925 1817 quid
2969 1754 3207 1822 cogitat,
3246 1756 3517 1821 quomodo
3548 1756 3602 1809 in

2039 1847 2187 1901 illius
2242 1842 2913 1912 incompreltensibilitatis
2952 1844 3071 1897 loco
3122 1853 3229 1897 stat
3258 1846 3280 1897 ?
3311 1845 3424 1897 Non
3456 1849 3599 1899 enim

2038 1954 2164 1992 vere
2196 1946 2275 1991 est
2308 1934 2875 2004 iucomprehensibile,
2906 1934 3067 2002 quod,
3092 1935 3197 1987 alio
3220 1922 3334 1988 non
3368 1937 3598 1997 videnze.

2040 2032 2155 2098 ipsa
2188 2045 2344 2082 mens
2369 2028 2535 2083 videt.
2557 2026 2716 2080 Multa
2753 2026 2895 2079 enim
2928 2027 3006 2078 sic
3039 2026 3346 2081 dicerentur
3375 2027 3602 2081 abscon-

2036 2122 2169 2184 dita,
2200 2118 2466 2186 siquidem
2498 2119 2699 2181 omnia,
2725 2128 2836 2181 aut,
2860 2126 2916 2171 ut
2942 2117 3011 2171 ita
3053 2118 3247 2179 dicam,
3270 2134 3602 2187 quaecunque

2036 2229 2189 2267 utens
2216 2211 2401 2275 videt,
2444 2210 2577 2263 illud
2604 2210 2775 2271 videt,
2813 2209 2922 2262 alio
2948 2209 3223 2263 nesciente
3250 2210 3392 2277 quod
3434 2208 3597 2261 videt.

2037 2306 2213 2371 Atque
2250 2302 2325 2355 ita
2356 2300 2671 2355 abscondita
2708 2301 2954 2370 proxima
2988 2299 3192 2351 inﬁnita
3220 2306 3418 2364 erunt;
3453 2302 3592 2368 quoi

2037 2404 2120 2448 cst
2148 2394 2463 2447 abSttrduul.
2498 2390 2675 2445 Unum
2730 2391 2872 2443 cuitu
2926 2399 3009 2442 est
3056 2388 3270 2458 proprie
3319 2391 3604 2443 ahgcomtg-

2038 2496 2176 2552 tum,
2208 2486 2265 2539 in
2309 2485 2451 2554 quod
2488 2499 2639 2537 mcns
2674 2492 2789 2551 post
2818 2481 2993 2536 Omnia
3036 2481 3203 2545 vadit,
3249 2490 3505 2549 tanquam
3548 2484 3600 2534 in

2038 2578 2167 2632 illud
2199 2583 2375 2644 etquo
2408 2574 2605 2637 omnia,
2638 2574 2749 2627 sive
2779 2571 3157 2629 visibilia.sivc
3178 2572 3428 2639 Cogitata.
3460 2571 3602 2623 Swue

2038 2681 2089 2723 et.
2123 2671 2235 2735 ipsa
2264 2668 2329 2721 ad
2367 2667 2496 2720 illud
2522 2667 2661 2734 quod
2694 2679 2778 2718 est
2821 2680 2982 2730 super
3008 2664 3186 2717 omnia
3225 2663 3517 2716 ascendens
3550 2677 3603 2711 ιιι

2038 2760 2307 2821 visibilia,
2342 2764 2395 2811 ct
2451 2756 2592 2809 dicta
2634 2767 2685 2807 et
2738 2753 2995 2821 cogitata,
3034 2760 3183 2805 extra
3220 2750 3598 2818 cogitationem

2040 2856 2094 2900 t-t
2124 2848 2296 2900 visunt
2347 2856 2399 2900 et
2447 2846 2651 2899 dictum
2714 2844 2990 2904 statuitur,
3054 2852 3107 2897 et
3157 2845 3392 2896 nondum
3447 2844 3510 2893 ad
3551 2843 3600 2895 id

2041 2939 2340 2995 assurrexit
2381 2954 2559 3006 neque
2611 2936 2660 2988 in
2712 2936 2894 2989 divina
2943 2934 3277 2989 obscuritate
3309 2933 3445 2988 facta
3492 2945 3594 2997 est,

2040 3031 2276 3099 quandiu
2328 3031 2506 3083 dicere
2541 3036 2763 3096 potest;
2810 3035 2938 3080 tunc.
2992 3026 3189 3080 etenim
3238 3026 3471 3093 cogitat;
3506 3030 3598 3078 sint

377 3097 522 3147 ἐστίν
547 3113 561 3125 ο
596 3097 680 3164 ἄρ’
720 3097 748 3147 6
776 3096 897 3156 νοῦς
946 3097 1002 3147 ἐν
1031 3098 1096 3166 τῇ
1141 3099 1237 3166 τῆς
1281 3097 1429 3160 Θείας
1469 3092 1935 3170 ἀποκρυφιότητος

2045 3121 2422 3176 absconditum
2488 3127 2538 3171 et
2581 3118 2926 3186 incogitabile
2964 3131 3123 3184 supra
3201 3116 3462 3170 rationem
3496 3126 3600 3169 est.

376 3185 529 3255 χώρᾳ
569 3185 921 3254 ἀναϐεϐηκὼς
979 3188 1072 3238 καὶ
1111 3187 1361 3251 ὲνισθεὶς,
1394 3189 1674 3258 ἑπομένως
1727 3193 1935 3259 σιωπὴν

374 3279 551 3337 ἀσκεῖ,
598 3278 695 3346 οὐχ
730 3277 889 3339 ἑκὼν,
945 3278 1078 3330 ἀλλὰ
1112 3280 1385 3346 φυσικῶς,
1430 3280 1645 3345 ὲνιαίως
1681 3283 1756 3351 τῷ
1795 3283 1934 3351 ὑπὲρ

376 3366 581 3421 ἔννοιαν
612 3369 690 3419 ἐνί
721 3368 1149 3438 ὲλλαμπόμενος.

446 3567 545 3635 λη’.
580 3568 641 3619 Ei
691 3568 874 3636 πρόσω
920 3569 1231 3636 προϐαίνειν
1265 3572 1357 3624 καὶ
1394 3571 1721 3640 προκόπτειν
1769 3575 1938 3625 ποιεῖν

379 3659 467 3710 τὸν
511 3657 631 3709 νοῦν
680 3661 727 3710 οί
778 3659 925 3725 λόγοι
972 3660 1309 3727 πεφύκασιν,
1362 3661 1468 3731 ἄρα
1516 3663 1934 3726 ἀναϐιϐάζουσιν

376 3748 533 3799 αὑτὸν
573 3748 950 3816 προκόψαντα,
991 3751 1121 3802 ὅπου
1164 3750 1319 3818 λόγος
1363 3752 1462 3805 οὐκ
1509 3755 1840 3820 ἐφικνεῖται,
1876 3757 1934 3810 ἐν

376 3839 659 3906 πράγματι
686 3837 923 3907 δηλονότι
949 3841 1255 3911 τελουμένῳ
1293 3845 1490 3911 σιωπῇ.
1523 3845 1584 3895 El
1612 3845 1654 3896 δ’
1676 3848 1762 3898 ἀεὶ
1788 3847 1932 3914 λόγιι

376 3929 485 3981 εἷεν
512 3930 588 3997 τῷ
627 3930 727 3994 νοῒ,
760 3932 853 3983 καὶ
891 3933 978 3985 ἀεὶ
1018 3934 1186 3984 δεῖται
1217 3934 1393 3985 αὐτῶν
1421 3937 1453 4003 ἡ
1500 3934 1666 4007 ψυχὴ,
1701 3938 1808 4005 ἐγὼ
1834 3940 1934 4011 οὐχ

374 4020 484 4087 6ρῶ
520 4021 601 4083 τίς
635 4024 778 4073 ἐστιν
806 4024 839 4089 ἡ
888 4024 1047 4091 νοερὰ
1073 4025 1135 4075 ἐκ
1174 4025 1269 4077 τοῦ
1309 4026 1488 4093 λέγειν
1533 4031 1780 4099 προκοπή
1808 4047 1824 4063 '
1866 4032 1928 4082 οὐ

374 4110 480 4177 γάρ
506 4127 586 4162 τοι
616 4111 677 4162 τδ
722 4112 900 4179 λέγειν
933 4114 1092 4181 μόνον
1118 4116 1263 4167 ἐστὶν
1303 4119 1381 4179 είς
1409 4119 1468 4171 τὸ
1500 4124 1756 4187 πράττειν
1804 4122 1928 4189 ὀνή-

377 4212 569 4265 σιμον,
600 4198 713 4251 ἀλλ’
751 4200 902 4254 οὐδὲν
941 4196 1101 4272 ἧττον
1144 4203 1236 4254 καὶ
1281 4206 1359 4267 είς
1399 4205 1458 4258 τὸ
1491 4208 1729 4279 θεωρεῖν.
1770 4209 1855 4265 Ἐν

373 4304 437 4357 γε
489 4292 518 4343 6
576 4293 696 4355 νοῦς
737 4308 890 4362 μερει
931 4292 1135 4346 ἄνεισιν
1164 4294 1270 4349 ἀπὸ
1311 4296 1418 4348 τῶν
1460 4299 1518 4351 ὲν
1557 4302 1797 4370 σχήματι
1830 4304 1936 4358 τῶν

376 4380 545 4433 ὄντων
575 4384 775 4449 Λόγων,
824 4384 918 4436 ἐπὶ
955 4384 1016 4437 τὸ
1071 4386 1257 4449 ἁπλῶς
1287 4388 1426 4458 ὑπὲρ
1471 4389 1626 4456 λόγον
1679 4393 1933 4458 ἀσχημά-

2038 3214 2335 3279 Postquam
2368 3210 2529 3275 igitur
2566 3225 2720 3263 mens
2753 3210 2803 3262 in
2855 3209 3003 3261 illum
3040 3207 3391 3261 obscuritatis
3418 3206 3598 3260 locum

2037 3302 2319 3363 ascendit,
2352 3311 2403 3353 et
2437 3314 2557 3352 cum
2617 3298 2826 3352 iuliuilo
2862 3300 3007 3351 unita
3061 3305 3177 3360 cst,
3209 3303 3603 3365 consequenter

2038 3392 2316 3446 silentium
2342 3400 2544 3452 servm,
2579 3404 2682 3439 non
2714 3388 2909 3448 libens,
2946 3388 3037 3440 sed
3070 3387 3411 3449 naturaliter;
3446 3384 3602 3438 unice

2038 3487 2105 3539 ab
2135 3486 2224 3535 illo
2261 3496 2422 3549 supra
2458 3480 2839 3548 c0gitationem
2875 3494 2981 3532 uno
3016 3478 3336 3531 illuminata.

2112 3572 2199 3626 58.
2243 3573 2299 3623 Si
2333 3568 2596 3638 proﬁcere
2652 3578 2704 3621 et
2742 3567 2990 3637 progredi
3032 3567 3315 3620 ratiocinia
3357 3578 3591 3622 mentem

2039 3663 2267 3727 faciunt,
2306 3662 2473 3731 igitur
2501 3674 2620 3713 eam
2654 3672 2996 3727 prOgressam
3030 3657 3299 3719 attollunt,
3325 3673 3431 3725 quo
3463 3658 3603 3712 ratio

2042 3774 2148 3812 non
2174 3755 2439 3825 pervenit,
2465 3752 2520 3805 in
2550 3764 2661 3805 rem
2689 3764 2808 3818 qua:
2833 3748 3050 3803 silentio
3074 3749 3366 3817 perficitur.
3392 3747 3447 3801 Si
3474 3764 3602 3803 vero

2041 3863 2256 3916 semper
2297 3845 2463 3898 menti
2498 3842 2781 3897 ratiocinia
2824 3849 3024 3905 esseut,
3073 3849 3234 3908 atque
3268 3841 3333 3895 iis
3385 3856 3602 3908 semper

2040 3950 2223 4008 egeret
2254 3938 2432 3989 anima
2459 3976 2474 4001 ,
2508 3938 2617 4004 ‘ego
2660 3947 2763 3986 non
2788 3931 2948 3986 video
2974 3930 3149 3999 qualis
3183 3932 3252 3985 sit
3299 3931 3598 3999 spiritualis

2041 4046 2103 4083 ex
2130 4026 2359 4082 dicendo
2388 4038 2727 4094 progressus.
2761 4022 2947 4075 Dicere
2973 4022 3114 4075 enim
3144 4036 3249 4075 non
3282 4024 3436 4075 modo
3468 4024 3600 4075 utile

2043 4127 2128 4173 cst
2159 4118 2223 4171 ad
2258 4115 2549 4185 agendum,
2589 4113 2683 4167 scd
2711 4120 2767 4166 et
2795 4111 2861 4164 ad
2886 4112 3382 4179 contemplandum.
3416 4112 3470 4166 itt
3498 4129 3597 4177 qua

2044 4209 2260 4278 quidem
2302 4216 2451 4275 parte
2485 4218 2639 4257 mens
2670 4200 2919 4255 ascendit
2944 4216 2969 4249 a
3001 4200 3301 4254 ratiociniis
3337 4217 3458 4269 qua:
3490 4201 3603 4255 for-

2046 4316 2188 4357 mam
2223 4300 2441 4358 habent,
2477 4295 2539 4346 ad
2576 4292 2711 4345 illud
2752 4292 2895 4361 quod
2944 4292 3060 4344 sine
3090 4290 3257 4344 forma
3288 4300 3370 4344 est
3408 4307 3470 4345 ac
3502 4307 3601 4345 su-

2047 4405 2139 4460 pra
2175 4400 2390 4440 omnem
2447 4383 2735 4445 rationem,
2766 4388 2819 4435 et
2857 4380 3073 4449 proprie
3103 4394 3165 4433 ac
3194 4380 3598 4448 incomparabi-

374 4488 572 4533 τιστον,
619 4475 711 4524 καὶ
748 4474 1051 4541 ἀπολύτως,
1088 4478 1181 4529 καὶ
1220 4479 1419 4545 κυρίως
1449 4478 1542 4543 ἓν,
1576 4482 1811 4548 ὁπηνίκα
1843 4484 1933 4532 καὶ

2049 4479 2169 4532 liter
2201 4490 2387 4537 unum,
2417 4472 2633 4543 quando
2667 4479 2719 4525 et
2750 4470 2928 4525 omnis
2965 4470 3099 4523 ratio
3132 4470 3339 4523 videtur
3369 4471 3596 4536 inutilis,

375 4564 481 4616 πᾶς
536 4564 691 4629 λόγος
735 4562 880 4617 δοκεῖ
932 4566 1226 4635 πάρεργον,
1276 4567 1307 4636 ἦ
1351 4568 1411 4619 τό
1463 4585 1523 4636 γε
1574 4570 1933 4639 ἀληθέστερον

375 4653 567 4712 εἰπεῖν,
609 4654 752 4706 ἔστιν
782 4656 1031 4723 ἐμποδών
1057 4673 1071 4686 ο
1100 4658 1147 4709 0i
1191 4658 1337 4725 λόγοι
1373 4658 1501 4728 γὰρ,
1535 4660 1592 4713 ἐν
1634 4660 1929 4730 μεταϐάσει

372 4740 431 4790 τὸ
467 4739 694 4792 καθόλου
729 4742 886 4805 εἰσὶν,
936 4743 1043 4795 ἀπὸ
1087 4747 1357 4814 νοήματος
1399 4748 1578 4816 τυχὸν,
1628 4751 1708 4810 είς
1747 4748 1930 4819 ἕτερον

373 4830 570 4897 νόημα.
600 4832 641 4883 Τ
644 4832 671 4882 6
704 4832 747 4883 δ’
787 4833 1009 4897 ἁπλοῦν,
1048 4836 1138 4886 καὶ
1193 4837 1480 4897 ἀπόλυτον,
1524 4839 1617 4890 καὶ
1659 4840 1926 4909 ἀόριστον,

372 4922 462 4971 καὶ
508 4923 930 4990 ἀσχημάτιστον,
979 4927 1069 4976 καὶ
1103 4927 1436 4990 ἁπαξαπλῶς
1475 4928 1533 4982 ἒν
1574 4932 1795 4999 κυρίως,
1837 4937 1929 4986 καὶ

371 5010 510 5079 ὑπὲρ
543 5012 696 5076 λόγον
723 5014 991 5081 κείμενον,
1036 5017 1149 5078 πῶς
1178 5018 1349 5084 λόγων
1395 5020 1641 5089 δεήσεται
1667 5040 1681 5085 ;
1711 5024 1797 5075 ἵνα
1828 5024 1925 5077 ποῦ

370 5102 616 5172 μεταϐῇ;
655 5105 687 5172 ἢ
720 5104 831 5165 πῶς
864 5106 1218 5177 περιληφθείη
1254 5110 1355 5175 av;
1390 5113 1679 5181 περίληψιν
1716 5115 1820 5182 γάρ
1851 5132 1923 5184 πη

365 5195 393 5245 6
424 5194 578 5261 λόγος
608 5202 778 5248 ποιεῖν
818 5198 995 5250 εἴωθε.
1030 5200 1101 5251 Τὸ
1131 5201 1205 5261 δὲ,
1242 5204 1627 5272 ἀπερίληπτον,
1660 5206 1733 5268 ὠς
1776 5209 1923 5275 ἀόρι-

367 5300 510 5347 στον,
545 5287 636 5337 καὶ
678 5287 1081 5363 ἀσχημάτιστον
1105 5307 1119 5321 °
1163 5294 1211 5343 εἰ
1240 5292 1296 5344 δὲ
1330 5293 1483 5360 λόγος
1524 5297 1622 5347 οὐκ
1658 5296 1723 5349 ἂν
1754 5298 1923 5367 ἁρμό-

366 5385 477 5422 σειε
512 5371 588 5441 τῷ
618 5373 758 5443 ὑπὲρ
799 5375 921 5429 νοῦν
948 5377 1159 5445 κρυφίῳ
1184 5381 1282 5441 tu,
1316 5383 1672 5453 ἀπεριλήπτῳ
1700 5401 1758 5450 γε
1787 5386 1919 5451 ὄντι,

363 5458 457 5509 καὶ
496 5460 913 5531 ἀσχηματίστῳ,
966 5466 1072 5533 ἄρα
1123 5467 1351 5535 ἁρμόσει
1412 5474 1607 5541 σιωπῇ.
1674 5474 1810 5541 "ripa
1860 5475 1921 5526 τὸ

363 5544 473 5616 [Ῐσ.
515 5549 630 5619 τοῦ]
682 5550 858 5619 λέγειν
888 5555 1185 5624 καταλῆξαι
1224 5560 1597 5628 προκόψαντας
1628 5563 1705 5614 δεῖ
1736 5567 1813 5626 εἰς
1858 5567 1917 5618 τὸ

364 5638 594 5705 σιωπᾷν,
622 5639 707 5707 ἐφ’
747 5642 869 5693 ὅσον
902 5644 1035 5711 πρὸς
1074 5645 1131 5697 τὸ
1172 5647 1356 5709 ἁπλῶς
1388 5649 1628 5718 Θεωρείν,
1662 5655 1752 5704 καὶ
1784 5657 1915 5707 ἀτυ-

362 5724 557 5791 πώτως
592 5732 681 5782 καὶ
713 5733 1129 5801 ἀσχηματίστως
1166 5739 1494 5807 προέϐησαν.

2044 4576 2158 4631 aut,
2208 4575 2265 4622 ut
2312 4566 2491 4619 verius
2518 4564 2692 4617 dicam
2717 4603 2732 4626 ,
2759 4562 3096 4616 obstaculum
3123 4576 3139 4627 ;
3186 4550 3422 4617 rationes
3454 4563 3597 4616 enim

2044 4664 2096 4717 in
2126 4660 2358 4715 transitu
2379 4665 2505 4711 sunt
2528 4671 2555 4707 a
2584 4655 2906 4723 cogitatione
2932 4653 2999 4707 ad
3031 4655 3438 4722 cogitationem.
3460 4653 3596 4707 ltlud

2043 4766 2224 4810 autem
2261 4750 2488 4820 simplex
2549 4759 2604 4802 et
2648 4748 2877 4801 liberum
2930 4756 2981 4801 et
3038 4747 3307 4799 inﬁnitum
3368 4754 3421 4801 et
3481 4746 3599 4799 sine

2045 4849 2241 4909 forma,
2269 4850 2323 4897 et
2346 4839 2664 4909 simpliciter
2709 4854 2873 4891 ttnum
2905 4847 2959 4889 et
2993 4852 3158 4905 supra
3209 4836 3471 4891 rationem
3504 4852 3597 4904 po-

2043 4938 2231 4997 situm,
2266 4932 2539 5003 quomodo
2567 4929 2869 4983 rationibus
2899 4928 3156 4996 indigebit
3194 4939 3251 4982 ut
3280 4929 3463 4998 aliquo
3508 4944 3597 4984 as-

2042 5030 2270 5093 cendat;
2305 5036 2398 5079 aut
2450 5024 2720 5092 quomodo
2755 5020 3321 5086 circumscriberetur;
3363 5020 3597 5074 circum-

2044 5120 2398 5188 scriptionem
2450 5116 2590 5168 enim
2652 5114 2791 5165 ratio
2852 5110 3063 5179 Operari
3106 5110 3409 5164 consuevit.
3443 5106 3595 5174 Quod

2044 5219 2222 5260 autem
2257 5200 2784 5269 iurircumscriplum
2820 5210 2923 5264 est,
2979 5211 3034 5253 ut
3069 5200 3493 5260 interminatum,
3543 5206 3596 5249 ct

2044 5300 2162 5354 sine
2199 5297 2369 5349 forma
2396 5303 2448 5346 et
2485 5293 2801 5360 simpliciter
2835 5306 3001 5344 unum
3030 5298 3149 5353 est;
3184 5305 3226 5343 St
3253 5297 3428 5341 autem
3459 5290 3595 5339 ratio

2044 5406 2149 5442 non
2186 5386 2261 5439 illi
2281 5400 2447 5454 supra
2482 5394 2714 5437 tuentem
2746 5381 3085 5442 abscondito,
3126 5378 3596 5443 incircumscripto

2044 5496 2107 5533 ac
2138 5478 2253 5531 sine
2292 5474 2459 5528 forma
2496 5488 2599 5525 non
2652 5472 2960 5534 conveniat,
2996 5485 3126 5538 ergo
3161 5468 3376 5522 silentio
3407 5481 3599 5519 conve—

2046 5571 2179 5623 niet.
2240 5567 2410 5636 Igitur
2468 5580 2560 5617 eos
2597 5574 2808 5631 oportet
2843 5564 2933 5630 qui
2988 5560 3283 5629 profecere,
3320 5559 3595 5611 silentium

2042 5674 2283 5722 servare,
2314 5658 2366 5709 in
2393 5663 2656 5723 quantum
2675 5654 2740 5707 ad
2762 5653 3059 5721 simplicem
3089 5647 3596 5717 contemplationem

2042 5755 2160 5807 sine
2185 5749 2358 5804 forma
2391 5762 2452 5801 ac
2486 5746 2654 5814 Iigura
2685 5758 3019 5813 processere.
