4032 6208
558 288 664 355 879

1688 294 2027 371 CALLISTI
2067 292 2327 350 CATAZ‘.
2368 291 2693 351 UG.OT.E'

3631 288 3711 351 8:0

631 408 719 463 59.
757 406 812 461 Si
847 405 1182 476 cognitorum
1219 403 1456 460 rationes
1487 412 1634 467 sunt,
1682 404 1922 476 ignounn
1954 411 2116 476 igitur

2230 460 2237 461 ,
2282 404 2385 461 λθ’.
2430 406 2492 460 Ei
2529 404 2639 459 τῶν
2690 404 3073 475 ἐγνωσμένων,
3104 404 3152 456 οἱ
3181 403 3347 471 λόγοι,
3389 405 3628 474 ἄγνωστον
3655 410 3713 474 δὲ,

560 497 942 553 absconditum
999 505 1101 556 est.
1161 504 1214 550 et
1268 502 1420 550 extra
1471 494 1733 550 rationem
1771 494 2027 565 positum.
2061 493 2117 549 Si

559 589 704 644 enim
730 603 892 657 supra
925 588 1308 655 cognitionem,
1337 586 1642 642 absconditi
1686 586 1985 656 ignorantia
2013 594 2118 653 est,

561 680 705 751 quod
747 695 910 750 supra
942 679 1307 749 cognitionem
1348 689 1432 735 est
1463 720 1479 745 ,
1531 679 1754 734 minime
1810 678 2124 747 cognitione

562 771 802 842 indiget;
829 772 997 824 multo
1029 771 1210 826 minus
1240 770 1405 839 igitur
1429 770 1635 824 ratione
1667 770 1945 839 indigebit.
1975 768 2124 824 Mens

562 864 727 932 igitur
766 850 1069 930 postquam
1107 862 1172 915 ad
1204 860 1580 922 absconditum
1611 861 1911 930 perveniat,
1950 860 2127 914 silen-

563 948 698 1007 tium
754 952 1079 1006 naturaliter
1113 961 1343 1007 exercet.
1390 950 1456 1005 Et
1493 950 1594 1005 nisi
1650 959 1843 1021 natura
1896 959 1950 1004 et
2010 951 2127 1005 sine

560 1043 745 1098 labore
792 1042 968 1106 sileat,
1003 1041 1242 1096 nondum
1281 1041 1348 1096 ad
1384 1042 1513 1096 illud
1541 1056 1705 1096 unum
1746 1041 2123 1098 absconditqu

560 1142 614 1187 et
644 1134 871 1203 simplex
912 1135 1175 1203 pervenit.
2118 1192 2121 1199 ,

631 1225 721 1280 40.
762 1223 1227 1288 Quemadmodum
1260 1221 1513 1278 homines
1568 1239 1625 1278 se
1658 1223 1723 1277 ad
1756 1224 2122 1294 tranquillita-

562 1326 668 1372 tem
710 1326 1051 1379 exercentes,
1095 1314 1314 1383 quando
1346 1329 1375 1368 e
1406 1314 1538 1371 cella
1584 1322 1805 1376 exeunt,
1841 1315 2127 1384 experien-

564 1410 635 1462 tia
691 1408 908 1461 discunt
938 1406 1067 1476 quid
1099 1405 1312 1460 intersit
1337 1405 1481 1460 inter
1506 1406 1697 1460 sedere
1722 1413 1775 1460 et
1802 1409 2121 1475 procedere,

558 1500 640 1554 sic
671 1499 760 1568 qui
794 1497 1071 1552 silentium
1104 1504 1344 1564 servant,
1369 1504 1421 1549 et
1456 1496 1523 1550 ad
1551 1494 1842 1550 dicendum
1876 1496 2125 1561 redeunt,

560 1591 654 1658 qui
688 1587 1150 1658 contemplatione
1189 1586 1256 1641 ad
1311 1585 1407 1642 Dei
1442 1586 1670 1658 gloriam
1704 1587 1993 1654 accedunt,
2023 1602 2126 1642 no-

2211 499 2274 553 τὸ
2302 497 2553 571 κρύφιον,
2586 496 2691 563 ἔξω
2720 496 2828 564 ἄρα
2862 496 3019 563 λόγου
3059 495 3408 566 ἰδ-κρύφιον·
3438 500 3483 551 εί
3506 499 3599 568 γάρ
3615 501 3718 554 ἀνω-

2211 592 2353 662 τέρω
2393 588 2647 658 γνώσεως
2685 589 2719 661 ἡ
2765 586 2859 640 τοῦ
2894 586 3119 656 κρυφίου
3155 588 3393 651 ἀγνωσία
3437 588 3561 652 ἐστὶ,
3596 590 3645 642 τὸ
3675 591 3715 642 δὲ

2213 680 2490 752 ἀνώτερον
2524 677 2778 748 γνώσεως
2798 719 2813 744 ,
2852 678 3054 748 ἥκιστα
3081 676 3252 729 δεῖται
3293 676 3555 747 γνώσεως,
3579 680 3718 750 πολλῷ

2212 773 2432 827 ἔλαττον
2458 772 2617 840 λόγου
2646 771 2917 841 δεήσεται.
2966 768 3024 821 '0
3055 771 3133 832 εἰς
3153 768 3216 820 τὸ
3247 768 3467 837 κρύφιον
3493 770 3651 830 ἁπλῶς
3675 770 3717 822 ἒν

2213 864 2323 934 ἄρα
2352 861 2709 930 ἀναϐεϐηκὼς
2748 857 2893 921 νοῦς,
2942 858 3154 929 σιωπήν
3189 858 3349 912 ἀσκεῖ
3387 858 3625 926 φυσικῶς,
3651 862 3719 912 καὶ

2212 955 2356 1021 εἴγε
2391 952 2467 1022 μὴ
2496 951 2656 1020 φύσει
2695 951 2789 1004 καὶ
2822 947 3259 1019 ἀνεπιτηδεύτως
3297 947 3487 1019 σιγῴη,
3524 948 3651 1002 οὔπω
3680 953 3719 1002 ἐν

2210 1044 2290 1113 τῷ
2340 1044 2554 1114 κρυφίῳ
2588 1042 2684 1097 καὶ
2728 1040 3182 1113 ύπερηπλωμένῳ
3215 1040 3303 1119 ἐνὶ⁵
3337 1040 3545 1110 γέγονεν
3572 1042 3721 1094 ἀναδεο

2213 1134 2417 1205 ϐιγκώς.
3721 1114 3732 1223 ζ

2287 1235 2359 1299 μ’.
2397 1230 2607 1298 Ὠσπερ
2634 1228 2865 1299 ἡσυχίαν
2895 1227 3193 1289 ἀσκοῦντες
3233 1226 3531 1299 ἄνθρωποι,
3556 1226 3634 1279 καὶ
3649 1227 3722 1295 τῆς

2214 1320 2410 1389 κέλλης
2462 1320 2575 1372 ἔσθ’
2616 1320 2704 1373 ὅτε
2737 1320 3121 1389 προϐαίνουσι,
3172 1318 3269 1373 καὶ
3300 1319 3436 1389 αὐτῇ
3485 1319 3629 1388 πείρα
3652 1320 3725 1388 τὴν

2212 1409 2309 1464 τοῦ
2363 1409 2633 1479 καθῆσθαι
2683 1410 2778 1461 καὶ
2831 1410 3080 1479 προϊέναι
3129 1408 3491 1480 διαφορότητα
3525 1408 3727 1478 διαγινώ-

2215 1516 2458 1563 σκουσιν,
2492 1496 2635 1551 οὕτω
2667 1498 2817 1569 δήτοι
2852 1498 2946 1552 καὶ
2973 1498 3036 1552 τὸ
3077 1501 3294 1569 σιωπᾷν
3339 1499 3628 1571 πάσχοντες,
3655 1501 3727 1552 καὶ

2213 1592 2309 1646 τοῦ
2337 1592 2515 1660 λέγειν
2541 1593 2597 1655 ἐς
2623 1585 2778 1653 αὖθις
2807 1592 3101 1661 γινόμενοι,
3127 1591 3179 1645 οί
3211 1590 3543 1665 θεωρητικῶς
3570 1593 3626 1661 τῇ
3655 1591 3725 1644 τοῦ

563 1689 762 1737 verunt
790 1695 900 1750 quo
945 1680 999 1734 in
1031 1686 1174 1734 statu
1216 1679 1320 1749 ipsi
1351 1679 1462 1736 sint
1488 1678 1707 1748 quando
1745 1687 1957 1747 natura,
2016 1695 2123 1735 non

2214 1680 2349 1734 Θεοῦ
2380 1680 2510 1752 δόξῃ
2540 1681 2975 1750 προσιζάνοντες,
3006 1681 3183 1736 οἴδασι
3211 1683 3350 1751 σφᾶς
3373 1681 3556 1745 αὐτοὺς
3568 1683 3613 1734 τί
3629 1699 3727 1734 ποτε

561 1748 844 1829 voluntate
882 1781 1107 1840 tacent,
1144 1781 1197 1827 et
1231 1748 1358 1842 quid
1395 1773 1530 1838 sint,
1577 1771 1796 1842 quando
1832 1772 1896 1827 ad
1939 1772 2125 1826 dicen-

2216 1748 2601 1837 καταστάσεως
2656 1773 2808 1836 ὅντες
2860 1772 2968 1845 [Ισ.
3026 1771 3196 1846 abut],
3359 1776 3552 1846 σιωπᾷν
3585 1774 3727 1836 αὐτοῖς

560 1867 688 1920 dum
718 1865 969 1919 redeunt.
1001 1862 1211 1919 Etenim
1241 1862 1464 1934 quando
1498 1865 1564 1918 iis
1594 1862 1911 1932 supervenit
1950 1863 2122 1918 silen-

560 1958 717 2021 tium,
752 1964 1044 2026 precantur
1077 1970 1146 2010 ne
1189 1970 1427 2025 unquam
1462 1955 1688 2010 omnino
1735 1954 1871 2024 ipsis
1917 1954 2127 2010 accidat

554 2063 623 2103 os
655 2050 869 2118 aperire
895 2048 946 2101 in
981 2046 1088 2102 hoc
1126 2055 1275 2101 statu
1316 2046 1679 2103 versantibus.
1710 2046 1990 2115 Tanquam
2029 2061 2126 2100 an-

560 2136 666 2208 geli
695 2144 824 2192 suut
859 2150 1027 2206 super
1085 2145 1307 2190 terram.
1360 2135 1715 2206 Simpliciter,
1749 2136 1867 2191 sine
1908 2133 2080 2189 forma
2107 2174 2123 2200 ,

562 2227 932 2292 invisibiliter,
985 2227 1191 2297 absque
1260 2225 1473 2296 ﬁgura,
1538 2226 1789 2281 absolute
1840 2226 1895 2281 in
1954 2226 2125 2283 ﬁrmis

565 2319 758 2374 ruentis
789 2317 1097 2387 aspectibus
1122 2318 1335 2373 veritati
1381 2318 1744 2383 adhaerentes,
1784 2319 2125 2373 solummodo

562 2424 747 2467 secum
803 2408 1217 2463 admirationem
1261 2407 1521 2464 habentes
1549 2418 1604 2463 et
1643 2419 1955 2479 stuporem,
1989 2410 2120 2463 nihil

564 2498 789 2552 omnino
836 2498 1170 2568 cogitantes,
1211 2498 1323 2553 imo
1361 2513 1491 2554 vero
1533 2513 1642 2553 non
1694 2500 1941 2555 videntes
1972 2516 2030 2554 se
2060 2500 2126 2555 ad

562 2589 779 2643 divinas
834 2597 890 2644 et
969 2598 1204 2646 aeternas
1273 2590 1705 2647 illuminationes
1759 2591 2123 2648 conferentes.

563 2682 691 2736 Inde
726 2682 870 2735 enim
899 2680 1264 2739 descendente
1296 2691 1478 2739 mente
1501 2683 2156 2753 utpoteinconstantiam.

561 2772 818 2837 habente,
849 2756 938 2827 ad,
961 2772 1254 2830 dicendum
1287 2782 1586 2828 occurrunt
1606 2782 1659 2829 et
1698 2772 1885 2830 multis
1926 2775 2123 2830 variis-

561 2879 670 2933 que
696 2863 1149 2919 conversionibus
1176 2872 1603 2919 commutantur.
1633 2865 1700 2919 Et
1730 2874 1790 2919 ut
1815 2866 1881 2920 iis
1906 2880 2125 2921 rursum

561 2953 754 3009 silendi
787 2961 965 3009 status
988 2954 1193 3018 redeat,
1214 2954 1309 3023 qui
1332 2954 1487 3011 valde
1504 2955 1697 3011 melior
1717 2965 1802 3011 est
1830 2956 2125 3024 locutione,

2214 1863 2498 1918 ἐπιπίπτει
2537 1867 2733 1934 φύσει.
2781 1866 2852 1918 ού
2877 1865 3215 1936 προαιρέσει,
3264 1866 3360 1920 καὶ
3395 1866 3446 1923 τί
3475 1882 3587 1919 ποτε
3610 1865 3727 1927 ὄντες

2217 1955 2378 2021 εἰσὶν,
2414 1956 2537 2009 ὅθεν
2570 1955 2706 2027 πρὸς
2737 1956 2798 2009 τὸ
2846 1956 3023 2025 λέγειν
3066 1957 3331 2011 κλίνουσι.
3365 1956 3469 2011 Καί
3512 1973 3568 2027 γε
3589 1958 3638 2009 ἐν
3666 1950 3727 2019 ο’ς

2219 2048 2401 2116 σφίσιν
2452 2048 2639 2110 αὐτοῖς
2676 2048 2877 2120 ἐπέλθῃ
2920 2048 2983 2101 τὸ
3018 2050 3271 2121 σιωπᾷν,
3320 2048 3555 2121 εὔχονταί
3587 2066 3666 2117 γε,
3691 2052 3727 2100 ει

2222 2137 2357 2208 μηδέ
2378 2137 2437 2191 τὸ
2460 2138 2688 2193 καθόλου
2721 2140 2896 2210 στόμα
2928 2140 3118 2212 διᾶραι
3149 2139 3390 2211 ὑπῆρξεν
3418 2141 3582 2203 αὐτοῖς
3611 2155 3726 2205 ποτε,

2221 2228 2531 2299 ἱσταμένοις
2568 2229 2627 2282 ἐν
2683 2230 2878 2303 ἐκείνῳ
2917 2233 3015 2301 τῆς
3068 2234 3471 2296 καταστάσεως.
3520 2230 3727 2299 Ἄγγελοι

2216 2318 2323 2388 γάρ
2349 2321 2487 2373 εἰσιν
2513 2319 2607 2373 ἐπὶ
2638 2321 2740 2391 γῆς
2770 2320 2982 2391 ἕτεροι·
3006 2322 3280 2386 ἐνοειδῶς,
3310 2322 3570 2385 ἀνειδέως.
3597 2322 3727 2391 ἀνομο

2221 2410 2404 2480 μάτως
2426 2448 2442 2475 ν
2474 2411 2927 2481 ἁσχηματίστως,
2960 2413 3057 2466 καὶ
3106 2396 3297 2477 ἀπλῶς
3339 2414 3395 2467 ἐν
3423 2412 3727 2482 ἀμεταϐάτοις

2217 2501 2335 2563 νοὸς
2385 2502 2716 2573 ἀποϐλέψεσι
2759 2506 2827 2575 τῇ
2869 2504 3101 2575 ἀληθεία
3150 2507 3563 2576 συναπτόμενοι,
3604 2503 3728 2574 μόνον

2218 2594 2338 2664 μεθ’
2380 2593 2587 2648 ἑαυτῶν
2632 2594 2848 2665 ἔχοντες
2873 2595 2971 2667 τὴν
2998 2596 3263 2668 ἔκπληξιν
3311 2598 3404 2652 καὶ
3441 2598 3523 2650 τὸν
3552 2595 3724 2663 θαυμα-

2220 2681 2357 2752 σμὸν
2399 2683 2568 2754 χωρὶς
2609 2683 2703 2737 τοῦ
2737 2687 2877 2738 νοεῖν
2902 2702 2973 2752 τι,
3012 2687 3217 2757 μᾶλλον
3242 2687 3301 2741 δὲ
3332 2687 3464 2757 μετά
3479 2684 3561 2740 τοῦ
3594 2686 3721 2752 evap-

2221 2776 2405 2844 μάτοις
2434 2773 2746 2829 ἐπιϐάλλειν
2786 2778 2906 2839 ταῖς
2938 2777 3203 2849 ἁνάρχοις
3245 2779 3340 2833 καὶ
3390 2778 3545 2840 θείαις
3572 2776 3726 2843 susp.

2216 2864 2394 2935 ψεσιν.
2441 2864 2680 2920 Ἐκεῖθεν
2711 2883 2770 2921 τε
2797 2867 3076 2931 κατιόντος
3097 2865 3195 2922 τοῦ
3227 2868 3320 2922 νοῦ
3343 2869 3416 2932 ὡς
3443 2867 3630 2938 ἔχοντος
3651 2865 3726 2933 τὴν

2215 2957 2578 3028 τρεπτότητα,
2614 2958 2956 3016 καταντῶσιν
2997 2959 3093 3014 ἐπὶ
3125 2961 3188 3014 τὸ
3231 2961 3427 3031 λέγειν,
3479 2962 3564 3014 καὶ
3592 2974 3722 3028 μετα·

563 3044 1013 3115 tranquillitatem
1046 3044 1468 3114 amplectuntur,
1498 3054 1554 3100 et
1589 3046 1905 3102 custodiunt
1931 3060 2126 3102 sensus

2218 3050 2422 3104 ϐαίνειν
2448 3051 2650 3123 νοερῶς
2676 3051 2897 3115 πολλαῖς
2930 3053 3023 3107 καὶ
3058 3054 3340 3121 ποικίλαις
3392 3056 3506 3117 ταῖς
3538 3050 3723 3122 μεταϐά-

561 3153 686 3192 eum
732 3135 1110 3204 sensibilibus,
1166 3147 1222 3191 et
1256 3137 1404 3191 omni
1455 3148 1572 3194 arte
1612 3147 1844 3194 utuntur
1887 3147 1944 3194 ut
1999 3153 2123 3194 cum

2220 3155 2337 3193 σεσι
2357 3155 2371 3168 ·
2408 3140 2501 3192 καὶ
2528 3140 2595 3194 ἵν’
2616 3140 2771 3204 αὖθις
2804 3140 2988 3204 αὐτοῖς
3020 3143 3054 3213 ἡ
3082 3142 3177 3196 τοῦ
3211 3144 3420 3216 σιωπᾷν
3450 3143 3725 3200 κατάστασις

561 3228 837 3283 locutione
892 3234 948 3282 et
1000 3228 1172 3298 ipsum
1227 3231 1470 3298 cogitare
1528 3229 1777 3300 fugiant,
1812 3239 1872 3285 ut
1915 3231 2126 3300 possint

2218 3230 2509 3304 ἐπανέλθῃ,
2538 3231 2612 3295 ὡς
2639 3231 2895 3302 κρείττων
2917 3231 3098 3303 πολλῷ
3123 3233 3222 3287 τοῦ
3248 3234 3425 3303 λέγειν
3444 3233 3726 3303 ὑπάρχουσα,

560 3334 685 3377 cum
733 3319 932 3374 Davide
961 3318 1182 3377 dicere:
1215 3338 1236 3374 ι
1274 3320 1533 3378 Obmutui
1569 3333 1624 3379 et
1652 3324 1971 3381 humiliatus
1994 3340 2117 3381 sum

2217 3320 2315 3390 τὴν
2347 3321 2576 3391 ἡσυχίαν
2606 3319 2959 3389 ἀσπάζονται,
2989 3324 3079 3391 καὶ
3113 3325 3473 3392 φυλάσσονται
3508 3324 3623 3396 μετά
3644 3320 3726 3373 τῶν

559 3421 615 3466 et
657 3410 782 3466 silui
818 3410 886 3491 de
916 3412 1097 3467 bonis.
1135 3433 1154 3465 ι
1192 3414 1403 3469 Etenim
1450 3417 1617 3486 igitur
1661 3427 1718 3473 et
1766 3418 1907 3474 bona
1940 3418 2124 3474 dicere

2218 3413 2490 3483 αἰσθητῶν
2516 3414 2614 3480 τὰς
2646 3413 2949 3485 αἰσθήσεις,
2980 3418 3075 3470 καί
3098 3418 3252 3489 πάσῃ
3287 3420 3492 3489 μηχανῇ
3516 3417 3725 3487 χρῶνται,

560 3510 643 3581 est
674 3500 813 3581 infra
845 3501 1121 3579 silentium
1157 3519 1279 3559 cum
1321 3507 1554 3562 ratione.

2218 3505 2335 3569 πῶς
2366 3505 2432 3561 ἂν
2479 3505 2702 3575 φύγοιεν
2740 3506 2881 3577 μετά
2908 3507 3001 3561 τοῦ
3041 3507 3224 3577 λέγειν
3252 3512 3344 3563 καὶ
3371 3510 3493 3562 αὐτὸ
3526 3508 3580 3560 τὸ
3603 3508 3725 3564 νοεῖν.

550 3580 619 3661 (ν’
646 3580 814 3668 ἐξίωσι
858 3597 1039 3664 λέγειν
1069 3600 1164 3650 καὶ
1194 3599 1351 3652 αὐτοὶ
1385 3600 1525 3670 μετὰ
1570 3600 1668 3655 τοῦ
1712 3600 1878 3654 Δαϐίδ
1900 3617 1915 3633 ο
1957 3621 1977 3656 ι
2023 3598 2389 3673 Ἐκωφώθην,
2420 3600 2516 3654 καὶ
2562 3601 2959 3672 ἐταπεινώθην,
3008 3602 3102 3656 καὶ
3130 3606 3365 3677 ἐσίγησα
3390 3607 3449 3673 ἐξ
3476 3604 3683 3672 ἀγαθῶν.
3714 3619 3728 3651 ι

550 3689 655 3760 Καὶ
683 3691 793 3759 γὰρ
823 3682 917 3741 οὖν
956 3688 1134 3741 καὶτὸ
1157 3689 1341 3759 ἀγαθά
1369 3690 1551 3761 λέγειν
1583 3695 1881 3769 κατωτέρω
1912 3695 2027 3747 ἐστὶ
2066 3693 2168 3765 τῆς
2199 3696 2337 3763 μετά
2372 3696 2531 3763 λόγου
2566 3684 2749 3763 σιγῆς.
2854 3678 2859 3683 .

560 3834 563 3837 η
626 3792 930 3862 4LNeque
963 3792 1188 3847 omnino
1218 3791 1465 3848 divinum
1502 3803 1585 3849 est
1617 3797 1990 3862 manilestum,
2024 3812 2125 3853 ne-

557 3901 665 3957 que
688 3899 902 3951 rursum
947 3883 1366 3951 absconditum;
1400 3886 1544 3957 quod
1577 3886 1825 3942 divinum
1872 3869 2119 3962 exsistat,

561 3978 754 4049 utique
782 3976 1125 4032 manifestum
1149 3985 1270 4041 est;
1304 3978 1430 4047 quid
1466 3989 1647 4033 autem
1682 3981 1753 4035 sit
1780 3981 1956 4052 ipsum
1978 3998 2121 4048 esse,

558 4079 642 4125 est
664 4067 1073 4124 absconditum.
1106 4067 1405 4122 Plurimum
1444 4084 1572 4123 vero
1596 4070 1773 4125 diﬂert
1817 4072 1959 4129 scire
1990 4075 2121 4144 quid

558 4163 667 4226 sit,
719 4168 776 4216 et
811 4161 955 4216 scire
1005 4162 1149 4231 quod
1180 4160 1430 4216 exsistat.
1466 4163 1601 4216 Illud
1638 4164 1779 4217 enim
1812 4181 1879 4220 ex
1927 4181 2122 4236 opera-

561 4256 806 4311 tionibus
833 4262 1049 4310 constat
1076 4271 1091 4315 ;
1126 4254 1231 4309 hoc
1253 4266 1461 4319 autem,
1491 4257 1617 4323 quid
1648 4265 1753 4321 est,
1776 4272 1841 4313 ex
1870 4259 2123 4315 substan-

560 4351 634 4402 tia
676 4357 791 4413 est,
843 4348 987 4418 quod
1044 4364 1220 4419 neque
1272 4349 1481 4417 angelis
1535 4351 1600 4404 de
1636 4350 1749 4405 Deo
1805 4352 1945 4408 scire
1974 4354 2123 4409 licet.

564 4442 708 4497 Deus
742 4442 888 4496 enim
921 4450 1004 4495 est
1025 4455 1193 4511 super
1230 4442 1412 4496 omnia
1435 4442 1707 4510 inﬁnitum
1733 4451 1786 4498 et
1824 4459 1988 4515 super
2011 4462 2129 4501 om-

566 4545 691 4583 nem
721 4538 951 4584 mentem
981 4531 1499 4599 cogitationemque.
1532 4530 1760 4598 Quando
1782 4533 1949 4604 igitur
1976 4551 2131 4591 mens

564 4636 619 4674 tn
661 4632 725 4675 ea
748 4634 869 4690 qure
900 4619 1070 4675 Deum
1114 4635 1237 4677 esse
1262 4622 1642 4680 demonstrant
1683 4628 1970 4694 ascendit,
2002 4636 2133 4685 tunc

568 4710 733 4764 multa
766 4720 942 4780 potest
999 4711 1181 4766 dicere
1218 4720 1275 4767 et
1322 4728 1511 4783 sapere
1561 4716 1809 4789 optima;
1846 4726 2135 4789 potestque

566 4802 670 4857 dici
720 4802 1079 4872 philosophus
1133 4818 1198 4859 ac
1260 4805 1586 4876 theologus;
1635 4816 1919 4877 postquam
1950 4822 2132 4864 autem

569 4910 920 4965 supergressa
965 4905 1051 4952 est
1091 4905 1145 4952 et
1192 4897 1438 4952 ascendit
1462 4913 1525 4952 ex
1561 4898 1667 4955 hoc
1698 4903 1865 4969 gradu
1913 4903 1966 4957 in
2026 4919 2136 4974 quo

569 4986 719 5039 novit
739 4998 797 5039 se
816 4997 938 5039 esse
955 4984 1136 5039 divina
1164 4985 1494 5040 obscuritate
1512 4987 1927 5055 circumdatam,
1952 4991 2133 5059 hujus,

569 5074 696 5145 quid
731 5078 844 5141 sit,
888 5075 1278 5146 imaginatione
1323 5087 1443 5133 acta
1485 5089 1538 5133 et
1574 5079 1797 5135 omnino
1822 5083 1942 5139 sine
1966 5084 2134 5154 ﬁgura

2294 3799 2407 3862 μα’.
2455 3792 2583 3847 Οῦθ’
2624 3794 2821 3858 ὁλικῶς
2859 3795 2920 3849 τὸ
2952 3797 3103 3851 Θεῑον
3151 3798 3554 3869 ἐκπεφασμένον
3587 3789 3727 3851 ἐστὶν,

2221 3883 2335 3941 οὔτ’
2366 3884 2462 3940 οῦν
2482 3880 2639 3949 αὖθις
2662 3885 2914 3956 κρύφιον,
2943 3889 3060 3943 ἀλλ’
3091 3891 3173 3944 ὅτι
3204 3893 3309 3963 μὲν
3337 3891 3477 3944 ἐστιν
3506 3885 3725 3952 ἑκπέφανο

2219 3994 2311 4031 ται
2358 3978 2455 4031 καὶ
2497 3974 2619 4029 λίαν
2646 3976 2859 4048 τρανῶς
2882 3993 2899 4008 ο
2943 3979 2996 4032 τί
3023 3980 3080 4034 δέ
3123 3982 3274 4037 ἐστιν
3303 3977 3465 4046 εἶναι,
3495 3980 3596 4032 ἔστι
3622 3970 3730 4043 spti-

2218 4095 2361 4147 φιον.
2423 4076 2511 4140 Ἐς
2561 4075 2630 4129 τά
2671 4074 2905 4145 μάλιστα
2949 4075 3007 4129 δέ
3039 4075 3349 4146 διενήνοχεν
3396 4075 3576 4129 ειδέναι
3604 4071 3660 4125 Δτί)
3684 4063 3727 4122 τί

2219 4170 2363 4231 ἐστι,
2413 4166 2506 4220 τοῦ
2548 4154 2631 4219 ὅτι
2680 4164 2796 4219 ἐστι
2823 4183 2838 4197 ο
2873 4165 2933 4218 τὸ
2970 4165 3068 4235 μὲν
3118 4166 3227 4237 γὰρ
3259 4169 3324 4221 ἐκ
3364 4166 3458 4235 τῆς
3500 4158 3727 4232 ἐνεργείας

2217 4259 2512 4323 δείκνυται,
2537 4257 2597 4309 τὸ
2625 4257 2702 4323 δὲ,
2734 4256 2788 4309 τί
2817 4257 2990 4322 ἐστιν,
3013 4256 3078 4310 ἐκ
3101 4256 3201 4326 τῆς
3230 4257 3417 4319 οὐσίας
3444 4253 3594 4313 ἐστὶν,
3622 4250 3726 4315 ὅπερ

2217 4351 2281 4421 δὴ
2305 4352 2398 4403 καὶ
2449 4349 2701 4417 ἀγγέλοις
2755 4348 2851 4401 ἐπὶ
2872 4347 3007 4402 Θεοῦ
3037 4348 3236 4403 ειδέναι
3264 4349 3589 4413 ἀπέγνωσται
3608 4357 3621 4371 ·
3639 4339 3725 4391 ἐστι

2163 4411 2327 4510 θγέιρ
2353 4441 2382 4493 ὁ
2419 4411 2548 4502 θεδέ
2584 4439 2725 4510 ὑπὲρ
2756 4441 2864 4492 πᾶν
2890 4433 3030 4493 εἶναι
3063 4439 3356 4508 ἀπειράκις
3383 4411 3633 4506 ἀπείρως,
3658 4428 3728 4480 καὶ

2219 4532 2358 4601 ὑπὲρ
2386 4531 2509 4584 νοῦν
2541 4530 2740 4593 πάντα,
2774 4530 2870 4583 καὶ
2900 4530 2962 4583 τὺ
2998 4529 3253 4584 νοεῖσθαι.
3298 4528 3553 4597 Ὀπηνίκα
3585 4521 3727 4574 τοίων

2219 4624 2249 4677 ὁ
2298 4620 2423 4685 νοῦς
2452 4622 2531 4684 είς
2567 4621 2636 4675 τὰ
2663 4621 2745 4675 ὅτι
2773 4621 2922 4675 ἐστιν
2955 4623 2983 4675 ὁ
3015 4621 3147 4689 Θεὸς
3185 4621 3489 4675 δεικνύοντα
3529 4614 3727 4684 γένοιτο.

2219 4712 2342 4767 τότε
2366 4711 2536 4765 πολλὰ
2560 4711 2675 4783 ἔχει
2697 4710 2895 4780 λέγειν,
2926 4712 3020 4765 καὶ
3044 4711 3353 4781 φιλοσοφεῖν
3378 4711 3560 4779 ἄριστα
3575 4717 3588 4731 ·
3613 4697 3730 4769 φιὶόε

2224 4806 2386 4875 σοφός
2417 4822 2477 4857 τε
2514 4803 2739 4857 δύναται
2772 4802 3057 4872 λέγεσθαι,
3090 4803 3187 4857 καὶ
3224 4786 3482 4871 θεολόγος.
3527 4787 3728 4849 Ὀτανδδ

2222 4894 2563 4969 ὑπερκύψας,
2598 4896 2692 4949 καὶ
2736 4894 3235 4965 ὑπεραναϐεϐηκὼς
3286 4893 3391 4949 ἀπὸ
3424 4889 3512 4944 τοῦ
3542 4888 3614 4940 ὅτι
3641 4879 3728 4936 ἐστὶ

2220 4991 2286 5061 τῇ
2313 4986 2434 5058 θείᾳ
2461 4986 2817 5057 περιληφθεὶς
2842 4986 3192 5054 κρυφιότητι,
3223 4989 3288 5057 τῇ
3317 4981 3569 5055 φαντασίᾳ
3589 4972 3667 5028 τοῦ
3689 4984 3726 5019 τι

2221 5079 2368 5132 ἐστιν
2403 5078 2814 5148 ἐνεργούμενος,
2847 5077 2943 5130 καὶ
2976 5077 3212 5146 πάμπαν
3269 5075 3509 5136 ἀνείδεος,
3551 5067 3633 5122 καὶ
3653 5063 3725 5115 ἀνι

569 5179 623 5224 et
652 5160 879 5233 intacta,
913 5184 978 5224 ac
1005 5184 1112 5222 non
1157 5169 1371 5236 videns,
1402 5179 1462 5224 ut
1494 5169 1716 5240 dignum
1758 5181 1860 5238 est,
1891 5190 1985 5244 per
2005 5148 2126 5246 gra-

2223 5172 2454 5239 ἐπαφος,
2478 5171 2574 5224 καὶ
2622 5170 2938 5239 ἀνόμματος
2969 5170 3112 5222 κατά
3139 5168 3202 5221 τὸ
3243 5167 3385 5228 είκδς
3424 5164 3635 5246 γένηται
3661 5148 3727 5203 δι(ὶ

572 5264 700 5316 tiam
740 5259 931 5316 eﬁecta
959 5271 1060 5329 est,
1100 5270 1228 5315 tunc
1257 5264 1436 5317 omnis
1465 5262 1603 5316 ratio
1638 5279 1760 5334 quae
1790 5267 1858 5320 de
1901 5245 2126 5324 Deoiali-

2219 5262 2319 5331 τῆς
2356 5262 2601 5333 χάριτοςν
2630 5263 2737 5324 πᾶς
2766 5260 2923 5329 λόγος
2951 5260 3131 5330 λέγειν
3159 5262 3287 5330 περὶ
3310 5256 3440 5312 Θεοῦ
3466 5271 3514 5307 τι
3533 5245 3722 5314 δυνάμει

569 5352 701 5424 quid
736 5359 911 5422 potest
938 5350 1142 5414 dicere,
1180 5354 1356 5408 otiosa
1405 5363 1673 5423 remanet,
1707 5365 1760 5411 et
1800 5372 1957 5414 meus
1987 5361 2126 5416 unita

2221 5370 2308 5416 νος
2338 5354 2489 5424 μένει
2522 5354 2690 5424 ἀργὸς
2714 5393 2730 5417 ,
2757 5354 2853 5406 καὶ
2881 5352 3185 5424 ἀκινητίζει
3228 5355 3258 5406 ό
3294 5339 3413 5413 νοῦς
3445 5342 3722 5409 ὲνιζόμενῡςν

557 5446 802 5498 immota
830 5451 933 5508 est,
975 5451 1029 5497 et
1071 5443 1125 5497 in
1159 5459 1263 5497 non
1296 5445 1569 5516 cogitabili
1597 5447 1865 5517 ingressa.
1904 5449 1969 5504 Et
2008 5461 2126 5509 tum

2221 5447 2403 5511 εἰσδὺς
2429 5449 2510 5512 είς
2538 5448 2599 5501 τὸ
2628 5448 2966 5517 ἀνεννόητον.
2999 5447 3110 5499 Καὶ
3152 5447 3273 5500 τότε
3311 5444 3417 5505 πᾶς
3442 5438 3526 5492 τοῦ
3551 5432 3722 5517 "dm?"

577 5542 690 5589 tota
730 5534 788 5588 ﬁt
812 5534 973 5603 hujus
1002 5537 1145 5605 quod
1177 5551 1341 5603 supra
1365 5539 1547 5592 omnia
1579 5549 1680 5603 est,
1710 5540 1799 5594 ubi
1837 5555 1945 5595 non
1976 5543 2126 5607 ratio,

2222 5536 2482 5591 ἐπέκεινα
2513 5538 2757 5607 γίνεται,
2774 5537 2907 5590 ὅπου
2933 5538 2993 5588 ού
3019 5535 3195 5604 λόγος,
3224 5535 3282 5588 ού
3311 5534 3495 5602 νόημα,
3520 5526 3604 5578 οὐκ
3631 5515 3721 5608 stti-

571 5643 680 5683 non
726 5630 1007 5699 cogitatio,
1063 5647 1168 5685 non
1207 5634 1480 5702 reputatio
1520 5634 1586 5688 ad
1623 5635 1834 5690 diversa
1871 5637 2126 5705 procedit,

2223 5631 2340 5686 νοιά
2370 5647 2454 5693 τις
2500 5633 2777 5701 προχωρεῖ
2826 5628 3198 5693 ποικίλλουσα,
3246 5625 3358 5682 ἀλλ’
3393 5618 3619 5683 ἁπλότης,
3650 5607 3718 5705 κῗῖ

574 5722 666 5775 sed
699 5724 852 5777 adest
910 5726 1251 5795 simplicitas,
1283 5736 1335 5781 et
1363 5728 1725 5798 perceptiouis
1776 5730 2126 5799 impossibili-

2223 5697 2843 5790 dxatalrgiaiotpoupaoia
2880 5737 2941 5773 τε
2979 5718 3073 5773 καὶ
3120 5717 3389 5787 ἔκπληξις.
3422 5710 3488 5764 Τὸ
3514 5697 3718 5773 ἀσχημάο
