4032 6208
338 347 436 410 831

1487 345 1583 406 DE
1616 345 1794 406 VITA
1829 345 2481 412 CONTEMPLATIVA.

3468 357 3576 418 881’.

332 493 548 542 τιστον,
591 475 687 529 καὶ
730 473 991 543 άπειρον,
1051 468 1144 522 καὶ
1201 467 1481 536 ἀόριστον,
1538 466 1632 519 καὶ
1677 467 1773 536 τὴν
1810 482 1901 517 του

2010 476 2112 532 tas,
2145 468 2423 524 silentium
2460 479 2513 524 ct
2536 478 2744 540 stupor.
2779 470 2987 526 Formae
3019 472 3336 532 carentiaru,
3363 480 3415 524 et
3450 469 3574 520 iuti-

335 570 570 639 ἀοράτου
619 567 752 635 ξένῳ
804 563 990 633 τρόπῳ
1029 562 1132 631 ὁρᾷ
1165 559 1382 628 ὅρασινο
1434 557 1529 609 καὶ
1558 558 1618 608 τὸ
1667 555 1903 610 ἀνείδεον

336 660 496 724 εἶδος,
530 658 795 718 ἀπόλυτος
828 656 918 707 καὶ
948 653 1126 714 αὐτος,
1162 649 1254 702 καὶ
1286 647 1523 710 άνείδεος
1553 648 1609 700 ἐν
1654 645 1907 715 εὐθύτητι

337 752 598 822 γεγονὼς,
630 751 724 802 καὶ
755 747 893 799 κατᾶ
925 745 991 798 τὰ
1038 742 1280 811 ἀοράτως
1329 738 1477 808 αὖτῷ
1504 737 1904 808 τεθεωρημένα,

339 847 430 898 καὶ
484 842 814 910 άνομμάτως
869 833 1292 902 ἐπιϐεϐλημένα,
1331 832 1387 882 ἐν
1435 832 1666 900 ἐπιτομῇ
1720 829 1906 896 φάναι,

341 936 416 996 εἰς
452 932 642 985 ἑαυτὸν
671 929 732 981 τὸ
760 927 934 988 Θεῖον,
970 925 1060 976 καὶ
1101 923 1376 992 ὑπερφυὲς
1406 921 1598 983 κάλλος
1635 923 1910 988 άναχρωνο

340 1024 592 1093 νύμενος,
622 1020 714 1073 καὶ
742 1019 832 1072 τὸν
863 1016 1051 1068 τοῦτον
1075 1013 1312 1067 τοιοῦτον
1343 1012 1606 1064 κτίσαντα
1636 1010 1910 1080 γεραίρων

342 1117 494 1170 Θεόν.

410 1301 514 1373 μβ’.
559 1302 669 1371 Οὐχ
711 1301 792 1352 ὅτι
840 1301 998 1370 μόνον
1032 1296 1236 1360 ἁπλοῦς
1275 1298 1530 1366 τυγχάνει
1561 1297 1636 1348 ῶν
1680 1299 1706 1349 ό
1752 1297 1901 1364 Θεδς,

337 1395 479 1462 ὑπὲρ
512 1394 691 1446 πᾶσαν
721 1393 969 1460 κείμενος
1002 1388 1272 1454 σύνθεσιν,
1306 1389 1524 1456 λέγεται
1551 1387 1632 1453 ἒν,
1681 1389 1794 1442 ἀλλ’
1825 1392 1906 1443 ὃτι

337 1489 430 1541 καὶ
457 1485 658 1550 κυρίως
689 1483 763 1535 ῶν
789 1525 802 1548 ,
839 1483 994 1553 μόνος
1029 1483 1190 1547 αὐτὸς
1223 1483 1280 1536 ὲν
1309 1481 1510 1535 ἅπασιν
1535 1476 1653 1534 οὖσι
1680 1481 1909 1552 λεγομέ-

336 1595 468 1640 νοις,
496 1575 674 1645 ἔχουσί
704 1591 767 1642 γε
798 1575 856 1627 τὸ
889 1569 1026 1626 εἶναι
1051 1572 1325 1638 ἐξηαὺτρῦ.
1359 1571 1431 1625 Τὸ
1458 1573 1566 1643 γάρ
1594 1572 1669 1644 μὴ
1700 1575 1905 1645 κυρίως

337 1670 431 1721 καὶ
465 1665 650 1728 ἁπλῶς
681 1665 759 1729 ὂν,
788 1664 908 1716 οὐδὲ
943 1663 1145 1733 κυρίως
1175 1665 1269 1716 καὶ
1301 1661 1484 1724 ἁπλῶς
1519 1663 1665 1714 ἐστιν
1692 1660 1752 1714 ἓν
1779 1681 1788 1692 ’
1815 1664 1906 1714 κει).

337 1759 411 1820 ὼς
462 1758 723 1817 ὡσαύτως
770 1753 845 1806 ῶν
895 1753 1170 1823 πανταχοῦ
1207 1753 1632 1826 ἀπεριλήπτως,
1682 1753 1776 1806 καὶ
1833 1752 1973 1854 ωςΒ

341 1852 498 1922 μόνος
551 1851 714 1902 πᾶσιν
745 1849 1018 1918 ἀνόμοιος,
1050 1849 1142 1899 καὶ
1171 1846 1426 1917 καθαρῶς
1476 1847 1695 1900 πάντων
1729 1846 1904 1910 ἐκτὸς,

335 1943 532 2004 καὶώς
575 1942 761 2004 ἀΐδιος,
822 1941 956 2010 μήτε
1010 1939 1313 2010 ἀρξάμενος
1366 1939 1504 2008 μήτε
1543 1937 1904 2006 παυσάμενος,

339 2037 431 2088 καὶ
449 2035 522 2098 ὡς
550 2035 606 2086 ἐν
628 2033 798 2086 ἅπασι
818 2033 914 2102 τὴν
944 2031 1092 2084 θείαν
1117 2031 1215 2100 τῆς
1242 2031 1500 2101 προνοίας
1521 2031 1687 2083 αὐτοῦ
1716 2031 1908 2083 ἀκτῖνα

339 2127 622 2197 ἀχράντως
681 2123 1002 2192 ἐπιλάμπων
1053 2123 1270 2192 ἐπίσης.
1329 2123 1376 2175 εί
1431 2123 1524 2175 καὶ
1577 2122 1652 2192 μὴ
1708 2119 1907 2191 ὁμοίως

337 2219 550 2271 ἅπαντα
589 2215 793 2283 ταύτην
823 2212 1117 2281 δεδεγμένα
1160 2211 1314 2264 είσίν·
1352 2211 1430 2263 ἔτι
1460 2227 1522 2279 γε
1555 2211 1681 2282 μὴν,
1715 2210 1804 2262 καὶ
1832 2208 1906 2270 ὡς

337 2311 504 2362 πᾶσιν
525 2307 766 2377 ἀσχέτως
809 2304 1230 2376 γνωριζόμενος,
1275 2301 1397 2356 νοῦν
1427 2301 1727 2365 ἀποίκιλον,
1761 2299 1903 2352 ἀνεί-

323 2403 454 2454 ’δεον
475 2441 488 2460 ,
522 2399 966 2469 ἀσχημάτιστον,
999 2397 1216 2467 άχροον,
1267 2395 1485 2448 πάντων
1517 2393 1622 2447 τῶν
1660 2392 1906 2447 ὁπωσοῦν

336 2494 504 2545 ὄντων
533 2491 828 2557 ἀνέπαφον,
862 2488 954 2540 καὶ
976 2486 1307 2551 ἁπαξαπλῶς
1331 2486 1618 2552 ἀπόλυτον,
1644 2486 1724 2547 είς
1747 2486 1875 2538 άπει
1891 2517 1904 2528 -

339 2584 461 2652 ρίαν
495 2581 795 2652 ἀοριστίας,
836 2579 1030 2649 χρόνου
1074 2596 1132 2632 τε
1175 2581 1269 2632 καὶ
1301 2579 1490 2643 τόπου,
1536 2579 1630 2632 καὶ
1672 2577 1905 2648 φύσεως,
1951 2595 1958 2601 ·

337 2675 431 2727 καὶ
480 2672 587 2725 τῶν
619 2673 746 2742 περὶ
801 2671 962 2739 φύσιν
1002 2669 1505 2736 ὑπεραναὸαίνοντα
1533 2668 1780 2722 ἀπαιτῶν
1826 2672 1906 2732 είς

336 2768 396 2818 τὸ
455 2765 717 2836 ἀμηγέπη
783 2762 1115 2817 ὁπτάνεσθαι
1181 2761 1425 2823 ένοειδῶς
1495 2762 1635 2831 ὑπὲρ
1711 2761 1906 2814 ἕνωσιν

338 2876 420 2911 νοε
429 2859 550 2929 ράν.

414 2949 523 3020 μγ’.
559 2951 723 3004 Ὅσον
749 2950 829 3002 ὃτι
861 2948 1000 3018 ὑπὲρ
1048 2947 1110 3000 τὸ
1137 2946 1377 3000 νοεῖσθαι
1427 2947 1460 3016 ἡ
1507 2944 1709 3014 μεταξὺ
1739 2941 1899 3007 Θεοῦ,

342 3045 435 3094 καὶ
463 3043 554 3094 τοῦ
587 3042 678 3096 νοῦ
707 3041 966 3112 γινομένη
997 3040 1343 3110 πνευματικὴ
1381 3038 1591 3110 συναφὴ
1635 3037 1902 3106 γίγνεται,

2005 561 2333 627 nitudin'em,
2363 575 2417 618 et
2447 563 2662 618 termini
2694 565 2991 619 carcntiam
3016 574 3067 618 et
3096 563 3289 619 inﬁniti
3313 563 3572 616 visionem

2001 652 2141 705 miro
2175 653 2336 707 modo
2371 654 2536 709 videt.
2588 671 2644 709 ct
2691 656 2864 709 idcam
2916 657 3034 709 sine
3063 657 3204 709 idea.
3237 654 3492 708 Absoluta
3525 659 3577 704 et

2008 743 2122 810 ipsa
2157 752 2208 795 et
2239 746 2468 813 simplex
2501 746 2552 799 in
2591 746 2917 800 rectitudine
2940 748 3170 811 effecta;
3203 755 3254 799 et
3277 744 3573 800 secundum

2001 850 2065 886 ca
2117 851 2237 902 quze
2269 836 2337 888 ab
2398 836 2512 904 ipsa
2569 845 2802 904 aspecta:
2834 849 2962 892 sunt
2995 836 3340 891 invisibiliter
3367 845 3423 889 et
3457 833 3575 887 sine

1999 927 2173 982 oculis
2203 929 2584 993 considerata,
2613 939 2690 993 ct,
2726 940 2780 983 ut
2817 932 3006 998 paucis
3065 931 3262 986 dicam.
3299 929 3351 982 in
3395 927 3570 996 seipsa

2001 1015 2245 1070 divinam
2304 1032 2366 1071 ac
2434 1020 2904 1087 supernaturalent
2965 1019 3422 1087 pulchritudinem
3483 1034 3571 1072 as-

2003 1120 2236 1174 pcrgens
2266 1149 2280 1173 ,
2315 1119 2366 1162 et
2399 1124 2521 1163 eum
2573 1110 2764 1176 Deum,
2809 1111 2899 1180 qui
2936 1111 3108 1180 ipsam
3139 1112 3362 1175 creavit,
3398 1111 3571 1166 hono-

2002 1211 2153 1251 runs.
2997 1205 3000 1216 '
3251 1243 3254 1248 .

2071 1286 2304 1342 42.Nou
2351 1289 2528 1344 solum
2591 1293 2714 1358 quia
2771 1292 2994 1361 simplex
3041 1301 3125 1347 est
3184 1291 3344 1356 Deus,
3407 1305 3570 1360 supra

1997 1395 2214 1434 onmem
2243 1383 2695 1451 compositionem
2739 1384 2974 1452 positus,
3008 1399 3176 1438 unum
3212 1383 3448 1448 dicitur;
3479 1383 3571 1436 srd

1998 1470 2123 1537 quia
2162 1485 2256 1539 per
2295 1487 2353 1527 se
2384 1473 2621 1536 exsistit,
2666 1474 2818 1529 solus
2867 1474 2984 1544 ipse
3034 1474 3087 1527 in
3141 1474 3398 1528 omnibus
3453 1487 3574 1539 quae

1998 1576 2120 1615 esse
2156 1563 2435 1629 dicuntur,
2469 1571 2523 1618 et
2579 1564 2779 1619 habent
2823 1580 2921 1634 per
2944 1566 3117 1633 ipsum
3171 1565 3569 1620 exsistentiam.

2000 1651 2155 1718 Quod
2181 1653 2327 1707 enim
2362 1670 2469 1708 non
2502 1656 2715 1710 exsistit
2747 1671 2846 1727 per
2874 1671 2932 1711 se
2965 1667 3020 1711 et
3067 1655 3410 1725 simpliciter,
3463 1670 3572 1708 non

1999 1755 2083 1801 est
2113 1761 2242 1801 vere
2271 1761 2334 1800 ac
2357 1748 2673 1815 simpliciter
2704 1765 2893 1804 unum.
2923 1747 2989 1802 Et
3014 1749 3086 1802 ita
3113 1749 3252 1804 Deus
3279 1757 3358 1804 est
3409 1749 3576 1816 incir;

2003 1838 2377 1906 cumscriptus
2405 1846 2458 1891 et
2493 1839 2644 1893 solus
2669 1839 2924 1894 omnibus
2967 1840 3274 1903 dissimilis,
3328 1848 3377 1892 et
3441 1855 3574 1908 pure

2001 1939 2154 1982 extra
2182 1930 2363 1983 omnia
2397 1929 2556 1995 situs,
2607 1939 2661 1984 et
2691 1939 2950 1994 aeternus,
3009 1931 3212 1999 quippe
3255 1931 3345 2000 qui
3398 1945 3574 1999 neque

2001 2020 2212 2075 initium
2245 2019 2490 2075 habuerit
2519 2036 2693 2091 neque
2726 2023 3008 2078 habiturus
3035 2024 3106 2078 sit
3138 2025 3316 2087 linem,
3345 2033 3574 2088 etsuper

2000 2113 2182 2166 omnia
2207 2113 2452 2166 divinum
2490 2113 2843 2182 providentiae
2873 2130 2986 2169 suae
3037 2115 3247 2168 radium
3276 2114 3573 2168 immittens

2001 2203 2302 2272 a'qnaliter,
2329 2207 2430 2259 etsi
2455 2219 2559 2258 non
2586 2203 2837 2260 similiter
2867 2207 3045 2258 uutnia
3086 2221 3207 2258 cum
3261 2204 3525 2272 recipiant
3556 2218 3573 2270 ;

2001 2305 2056 2351 ct
2083 2298 2340 2352 omnibus
2357 2298 2672 2352 necessario
2697 2306 2876 2360 notus,
2898 2304 3128 2349 mentem
3159 2295 3572 2358 immutabilem,

1955 2402 1958 2406 '
2001 2391 2118 2444 sine
2171 2390 2370 2454 forma,
2424 2389 2682 2445 omnibus
2736 2389 3070 2458 quibuslibet
3128 2390 3408 2450 intactam,
3457 2388 3578 2442 sine

2001 2483 2172 2552 ﬁgura
2210 2491 2303 2536 aut
2329 2482 2535 2548 colore,
2572 2482 2794 2538 omnino
2846 2482 3143 2551 simplicem
3193 2491 3245 2534 et
3269 2481 3570 2535 absolutam

2009 2575 2061 2630 in
2101 2575 2639 2630 indeterminationis
2669 2575 3068 2629 inilnitudinem
3116 2582 3169 2628 et
3230 2583 3471 2643 tempore
3521 2583 3576 2625 «τι

2001 2666 2123 2718 loco
2156 2679 2218 2719 ac
2249 2674 2463 2730 natura,
2501 2677 2552 2720 et
2583 2668 2636 2721 in
2667 2679 2730 2720 ea
2761 2681 2880 2733 qua
2911 2676 3158 2718 naturain
3185 2666 3578 2718 transcendunt

2002 2758 2246 2822 attrahit,
2267 2759 2330 2811 ad
2363 2759 2684 2828 simpliciter
2701 2773 2864 2828 supra
2889 2757 3143 2812 unionem
3186 2755 3575 2825 intelligibilem

2002 2857 2212 2902 contem
2222 2848 2499 2918 plandam.

2079 2941 2163 2996 65.
2186 2941 2457 3008 Quantum
2491 2959 2653 3013 supra
2684 2943 3062 3014 cogitationem
3113 2953 3197 2999 est
3219 2959 3279 2999 ea
3305 2959 3427 3012 quae
3499 2941 3581 2996 in—

2003 3042 2084 3090 ter
2105 3033 2276 3090 Deum
2305 3051 2369 3090 ac
2398 3046 2634 3092 mentem
2670 3036 2727 3090 ﬁt
2765 3037 3066 3107 spiritualis
3099 3036 3412 3106 conjunctio
3443 3036 3579 3090 dici-

337 3133 554 3202 λέγεται
606 3130 744 3187 εῖναι
779 3135 839 3186 τὸ
884 3130 1136 3202 τηνικάδε
1184 3132 1264 3193 είς
1293 3129 1356 3182 τὸ
1391 3131 1529 3198 ὑπὲρ
1576 3128 1673 3199 τὴν
1713 3125 1904 3180 ἑαυτοῦ

2003 3137 2090 3181 tur
2117 3143 2278 3185 mens
2317 3144 2436 3198 qua:
2459 3132 2711 3186 absolute
2766 3147 2929 3185 sensu
2994 3133 3262 3202 Spirituali
3316 3148 3578 3198 superna-

337 3227 498 3297 φύσιν
545 3228 573 3279 ὁ
603 3225 724 3288 νοῦς
757 3225 815 3277 τὸ
863 3224 1138 3292 ὑπερφυὲς
1179 3221 1497 3292 ἀπόκρυφον
1545 3219 1602 3272 ἓν
1653 3220 1905 3291 αἰσθήσει

335 3321 496 3389 νοερᾷ
546 3318 827 3379 ἀπολύτως
885 3314 1327 3384 φανταζόμενος·
1370 3311 1532 3374 αὐτὸς
1581 3311 1831 3381 μέντοιγε
1876 3315 1906 3366 ὁ

335 3411 461 3473 νοῦς
495 3409 634 3463 κατά
665 3408 826 3476 φύσιν
870 3407 896 3458 ὁ
926 3407 1123 3475 πάσχει
1154 3405 1270 3456 ἐστὶ
1303 3402 1400 3474 τὴν
1447 3403 1660 3468 ἑαυτοῦ,
1698 3394 1902 3473 καθαῤ-

337 3501 520 3554 θεῖσαν
547 3503 616 3570 τῇ
654 3501 854 3570 χάριτι.
890 3496 1062 3550 Τοῦτο
1105 3495 1214 3566 γάρ
1249 3497 1364 3547 ἐστι
1395 3493 1454 3545 τδ
1506 3495 1645 3546 νοεῖν
1683 3493 1761 3563 τῷ
1802 3493 1898 3563 νῷ,

336 3591 471 3660 ὅπερ
499 3587 760 3657 ὀφθαλμῷ
794 3587 852 3639 τὸ
874 3588 1026 3656 ὁρᾷν.
1058 3585 1266 3654 Ὠσπερ
1295 3578 1387 3636 οῦν
1411 3585 1438 3636 ὁ
1468 3584 1523 3634 ὲν
1551 3583 1739 3654 σκοτίᾳ
1773 3583 1902 3636 εἴσω

339 3681 500 3750 ὁρῶν,
533 3681 634 3750 ὁρᾷ
683 3679 779 3747 μὲν
810 3679 980 3739 οὐδὲν,
1021 3678 1162 3746 πλὴν
1187 3677 1287 3746 ὁρᾷ
1320 3676 1393 3738 ὡς
1436 3674 1501 3727 ἂν
1534 3673 1591 3726 ἓν
1636 3677 1810 3728 ἐκεῖνο
1841 3675 1902 3729 τὸ

343 3771 552 3831 σκότος,
583 3771 675 3821 καὶ
699 3770 796 3838 ὁρᾷ
828 3769 908 3821 ὅτι
938 3769 1036 3837 οὐχ
1063 3769 1165 3839 ὁρᾷ
1191 3785 1204 3799 ο
1238 3767 1285 3820 εί
1307 3767 1414 3836 γὰρ
1442 3766 1751 3819 κεκάλυπτο
1779 3769 1902 3830 τοὺς

339 3862 672 3931 ὀφθαλμοὺς,
708 3862 846 3931 τάχα
897 3861 962 3915 ἂν
1011 3862 1103 3914 καὶ
1151 3861 1266 3930 φῶς
1320 3857 1462 3914 εἶναι
1515 3862 1734 3932 ἐνόμισε
1776 3863 1903 3934 περὶ

339 3954 522 4016 αὑτὸν,
548 3955 640 4006 καὶ
668 3953 1006 4024 πραγμάτων
1035 3951 1170 4006 ἄττα
1194 3953 1336 4005 τινάο
1361 3952 1453 4005 νῦν
1479 3953 1536 4006 δὲ
1560 3953 1722 4023 ὁρῶν,
1746 3954 1904 4024 ὲναρ·

341 4045 452 4113 γῶς
481 4047 600 4115 ὁρᾷ,
632 4046 712 4098 ὅτι
739 4046 835 4114 οὐχ
866 4045 966 4115 ὁρᾷ
989 4061 1001 4075 ’
1034 4044 1130 4098 καὶ
1165 4044 1225 4096 τὸ
1275 4044 1371 4114 μὲν
1400 4043 1530 4096 εῐσω
1561 4043 1654 4096 τοῦ
1684 4043 1906 4109 σκότους

345 4136 444 4205 τὴν
491 4137 722 4204 ὀπτικήν
770 4135 1021 4204 διαϐῆναι
1053 4134 1304 4203 δύναμιν,
1343 4135 1436 4186 καὶ
1469 4132 1665 4186 είδέναι
1714 4138 1782 4187 τὰ
1817 4149 1911 4190 κε-

341 4224 655 4296 κρυμμὲνα,
706 4226 846 4296 ὑπὲρ
899 4225 998 4296 τὴν
1058 4224 1150 4278 τοῦ
1191 4225 1471 4296 ὀφθαλμοῦ
1521 4226 1684 4297 φύσιν
1736 4229 1907 4294 ἐστὶν,

335 4319 531 4369 οἰκουν
565 4317 628 4386 γέ
651 4334 732 4369 τοι
763 4317 820 4369 τὸ
845 4317 996 4388 aps»),
1027 4319 1105 4370 ὅτι
1140 4318 1236 4388 οὐχ
1255 4320 1357 4389 ὁρᾷ
1379 4335 1392 4348 ’
1416 4317 1576 4373 ὀὕτω
1610 4320 1743 4392 δῆτα
1774 4320 1911 4374 κάπὶ

337 4409 431 4462 τοῦ
487 4407 623 4475 νοὸς,
661 4411 719 4462 ὲν
750 4411 817 4480 τῇ
869 4409 989 4479 θεία
1023 4410 1534 4481 ἀναδεδραμηκότος
1571 4413 1912 4484 ἀποκρυφιό-

2008 3223 2182 3276 turale
2204 3237 2370 3276 unum
2411 3223 2638 3293 cogitat,
2674 3239 2795 3278 esse
2827 3225 2879 3279 in
2911 3226 3001 3280 illo
3026 3226 3166 3294 quod
3200 3241 3363 3294 supra
3406 3226 3579 3294 ipsius

2003 3319 2252 3366 naturam
2271 3324 2354 3368 est
2380 3330 2394 3380 ;
2425 3313 2541 3383 ipsa
2576 3324 2754 3368 tamen
2790 3331 2964 3380 mens,
2988 3316 3132 3386 quod
3154 3317 3359 3385 patitur
3387 3333 3579 3371 secun-

2006 3403 2134 3457 dum
2169 3404 2369 3458 mentis
2391 3415 2641 3459 naturam
2677 3390 2851 3475 gratia
2875 3408 3188 3462 mundatam
3213 3406 3314 3462 est.
3345 3408 3399 3462 Id
3433 3408 3576 3461 cnim

2005 3495 2171 3549 menti
2210 3497 2450 3564 cogitare
2482 3505 2586 3561 est,
2623 3497 2764 3567 quod
2826 3499 2996 3552 oculis
3054 3499 3258 3553 videre.
3310 3498 3582 3564 QuemaJ-

2002 3586 2225 3640 modum
2279 3587 2442 3656 igitur
2495 3589 2543 3642 is
2601 3588 2691 3658 qui
2757 3588 2811 3642 in
2877 3591 3116 3644 tenebris
3183 3590 3332 3644 cintus
3411 3591 3576 3654 videt,

2004 3675 2138 3730 nihil
2202 3678 2422 3748 quidem
2495 3679 2660 3742 videt,
2720 3681 2820 3735 nisi
2882 3680 3224 3734 solummodo
3280 3680 3378 3734 has
3433 3690 3582 3734 tene-

2003 3770 2152 3834 bras,
2197 3777 2250 3824 et
2309 3770 2454 3825 videt
2503 3786 2563 3825 se
2615 3786 2720 3825 non
2779 3772 2999 3838 videre;
3054 3773 3103 3826 si
3181 3773 3325 3827 enim
3392 3775 3582 3826 oculos

2003 3859 2222 3916 clausos
2281 3860 2520 3927 haberet,
2554 3859 2740 3915 forsan
2795 3871 3006 3930 putaret
3074 3864 3254 3918 lumen
3291 3863 3492 3918 circum
3522 3878 3583 3919 se

2005 3968 2124 4007 esse
2185 3961 2242 4007 et
2307 3968 2396 4008 res
2458 3953 2720 4022 quasdam
2778 3971 2794 4015 :
2872 3971 3016 4010 nunc
3063 3967 3241 4010 autem
3307 3956 3575 4025 aspiciens

2004 4043 2149 4097 videt
2181 4060 2238 4099 se
2265 4060 2372 4100 non
2396 4047 2604 4100 videre.
2639 4047 2792 4111 Quod
2822 4047 2901 4101 vis
2931 4048 3106 4116 cptica
3135 4049 3273 4103 intra
3331 4049 3584 4103 tenebras

2004 4143 2272 4201 penetret,
2338 4145 2392 4190 et
2457 4138 2768 4191 absCondita
2833 4149 3127 4206 cognoscat
3198 4154 3360 4208 supra
3436 4139 3581 4192 oculi

2005 4236 2253 4282 naturam
2287 4239 2394 4292 est,
2430 4244 2537 4282 non
2570 4238 2752 4283 autem
2823 4229 3006 4283 videre
3062 4245 3121 4284 se
3178 4247 3285 4285 non
3354 4231 3580 4296 videre;

2007 4319 2078 4370 ita
2135 4325 2220 4374 est
2270 4327 2326 4373 et
2409 4319 2478 4373 de
2527 4331 2706 4374 mente
2769 4321 2821 4373 in
2885 4320 3126 4375 divinam
3190 4323 3581 4377 obscuritatem

2006 4410 2349 4481 confugiente
2379 4420 2434 4465 et
2479 4411 2616 4465 ultra
2661 4411 3044 4482 cogitationem
3075 4415 3410 4477 constituta;
3449 4414 3582 4466 nihil

336 4518 480 4570 τητι,
521 4502 615 4554 καὶ¹
647 4501 740 4554 τοῦ
790 4502 1026 4554 νοεῖσθαι
1065 4503 1322 4555 ἐπέκεινα
1356 4502 1676 4572 γενομένου,
1720 4504 1910 4573 θεωρεῖ

2003 4503 2142 4556 enim
2178 4503 2359 4568 videt;
2397 4503 2671 4572 quomodo
2703 4508 2848 4556 enim
2886 4504 3117 4572 possetii
3147 4505 3397 4558 Attamen
3429 4503 3581 4557 videt

342 4593 438 4660 μὲν
470 4594 623 4648 οὐδέν
651 4611 664 4624 ·
698 4593 860 4647 πόθεν
886 4594 1025 4665 γάρ;
1055 4594 1306 4664 μέντοιγε
1329 4594 1546 4666 θεωρεῖ,
1576 4595 1656 4648 ὅτι
1685 4595 1746 4647 οὑ
1779 4593 1912 4646 θεω-

340 4685 458 4751 ρείο
491 4687 584 4748 καὶ
620 4685 702 4737 ὅτι
732 4684 760 4736 ὃ
806 4685 866 4737 οὐ
899 4685 1114 4754 θεωρεῖ,
1152 4685 1209 4737 ἓν
1250 4688 1417 4748 ἐστιν,
1471 4687 1546 4749 ὡς
1588 4687 1770 4758 γνόφῳ
1807 4687 1914 4740 τινὶ

336 4779 672 4846 ἀπόκρυφον,
711 4777 769 4843 ἐξ
821 4769 880 4828 οὗ
934 4780 1216 4846 προχεῖται
1270 4781 1376 4831 πᾶν
1421 4769 1732 4849 ὁπηδήποτέ
1767 4779 1912 4849 δν,ἢ

335 4868 633 4937 ὁρώμενον,
687 4867 719 4938 ἢ
755 4867 1068 4936 νοούμενον,
1098 4869 1206 4920 εἴτε
1237 4871 1301 4938 τῇ
1336 4869 1510 4920 κτίσει
1551 4869 1915 4940 συναριθμου-

338 4973 519 5025 μενον,
547 4956 655 5008 εἴτε
691 4956 872 5019 άῖδίως
905 4955 962 5008 ὃν
990 4956 1264 5009 άκτιστον.
1302 4957 1412 5008 Καὶ
1437 4957 1593 5026 εἴπερ
1639 4960 1711 5027 μὴ
1750 4958 1912 5010 ἐθεώ-

341 5065 447 5116 ρει,
489 5048 590 5098 οὑκ
643 5046 708 5099 ἂν
755 5047 951 5100 ἑαυτοῦ
983 5049 1239 5099 ἐπέκεινα
1273 5047 1466 5099 ἑαυτὸν
1491 5047 1638 5117 ἑώρα
1678 5049 1913 5118 ὑπερεκ-

333 5137 646 5206 τεινόμενον
674 5153 688 5167 ⁶
747 5137 840 5189 νῦν
897 5138 955 5190 δὲ
993 5136 1244 5205 θεωρῶν,
1279 5133 1672 5204 ἐκφανέστατα
1700 5138 1912 5207 θεωρεῖ,

334 5229 415 5279 ὅτι
451 5227 512 5278 οὐ
548 5225 784 5296 θεωρεῖ,
835 5227 910 5280 ὢν
951 5229 1088 5298 ὑπὲρ
1143 5228 1203 5280 τὸ
1243 5227 1492 5296 θεωρεῖν,
1529 5230 1622 5281 καὶ
1672 5230 1754 5281 ὅτι
1790 5231 1916 5282 θεω-

341 5319 552 5386 ρεῖσθαι
609 5317 870 5371 ἀδύνατον
921 5318 1043 5380 δοῦ
1090 5318 1319 5388 θεωρεῖ·
1374 5321 1465 5371 καί
1505 5321 1637 5374 εῐσω
1672 5322 1770 5390 μὲν
1816 5322 1915 5390 τῆς

338 5410 490 5471 θείας
521 5409 616 5461 καὶ
647 5409 788 5480 ὑπὲρ
818 5410 942 5462 νοῦν
971 5411 1152 5480 ἐνικῆς
1185 5412 1661 5482 άποκρυφιότητος
1687 5416 1914 5467 εἰσιέναι

337 5505 431 5554 καὶ
469 5500 788 5570 θεωρῆσαι,
846 5502 984 5572 ὑπὲρ
1020 5503 1118 5570 τὴν
1169 5505 1262 5555 τοῦ
1313 5504 1430 5567 νοὸς
1465 5504 1627 5572 φύσιν
1676 5505 1821 5558 ἐστί’
1859 5506 1918 5559 τὸ

337 5593 394 5644 δὲ
425 5592 730 5661 ἀποϐλέψαι
761 5595 840 5656 εἰς
872 5593 959 5645 τὸν
991 5583 1133 5644 θεῖόν
1176 5595 1374 5663 γνόφον
1405 5595 1618 5666 ἐκείνης
1646 5597 1744 5666 τῆς
1783 5597 1919 5648 ἀπο-

283 5713 286 5716 -
339 5683 722 5754 κρυφιότητος,
755 5685 848 5736 καὶ
873 5683 1318 5752 φαντασιωθῆναι
1341 5685 1438 5755 τὴν
1469 5687 1708 5757 ἄρρητον
1734 5688 1914 5751 ένάδα,

342 5775 437 5844 τὴν
486 5778 544 5828 ὲν
591 5767 955 5844 ἀνεκλα>.ἦτ;›’
996 5777 1283 5846 μυστηρίῳ
1317 5777 1723 5850 ὑπερκειμένην
1776 5782 1915 5847 ὑπὲρ

2004 4611 2062 4650 sc
2092 4611 2202 4649 non
2235 4596 2452 4662 videre;
2480 4605 2534 4649 et
2560 4597 2703 4650 videt
2734 4612 2954 4666 quoque
2984 4596 3036 4650 id
3094 4598 3238 4666 quod
3277 4614 3381 4651 non
3439 4598 3582 4651 videt

2005 4704 2124 4742 csse
2157 4703 2324 4741 unum
2354 4695 2612 4755 tanquam
2649 4689 2888 4743 tenebris
2925 4687 3249 4757 quibusdam
3284 4690 3580 4743 abscondi-

2007 4790 2144 4847 tum,
2178 4797 2241 4834 ex
2307 4795 2412 4849 qua
2443 4781 2720 4850 proﬂuunt
2747 4798 3088 4852 qumcunque
3145 4785 3417 4838 exsistunt
3468 4783 3584 4838 sive

2007 4872 2260 4937 visibilia,
2294 4872 2407 4927 sive
2434 4873 2693 4942 cogitata,
2729 4877 2844 4928 sive
2877 4876 2929 4927 in
2963 4877 3234 4931 creaturis
3268 4888 3580 4940 numerata,

2008 4966 2122 5019 sive
2150 4975 2352 5018 aeterna
2383 4968 2718 5020 etincreata.
2766 4966 2826 5020 Et
2874 4968 2974 5022 nisi
3021 4969 3072 5021 id
3125 4969 3586 5038 contemplaretur

2009 5072 2116 5109 non
2144 5070 2203 5109 se
2231 5055 2440 5110 videret
2469 5072 2635 5126 supra
2669 5058 2905 5126 seipsam
2933 5069 3234 5114 extensam.
3296 5059 3452 5114 Nunc
3485 5035 3609 5156 ειη-ί

2013 5156 2115 5200 tem
2141 5149 2540 5218 contemplans,
2599 5150 3045 5204 manifestissime
3085 5155 3491 5222 contemplatur
3529 5149 3614 5206 se}

2012 5253 2120 5291 non
2150 5239 2357 5305 videre,
2419 5256 2542 5294 cum
2602 5255 2771 5308 supra
2836 5245 3354 5313 contemplationem
3412 5245 3502 5307 sit,
3536 5254 3590 5299 ct

2013 5329 2347 5399 impossibile
2379 5348 2502 5388 esse
2529 5337 2884 5405 contemplari
2917 5337 3062 5405 quod
3097 5352 3202 5389 non
3257 5337 3590 5402 contempla-

2013 5430 2142 5488 tur;
2184 5432 2238 5476 et
2304 5425 2444 5478 intra
2498 5425 2736 5480 divinam
2797 5426 2941 5480 illam
2989 5442 3070 5481 ac
3129 5443 3291 5496 supra
3351 5435 3585 5482 mentem

2012 5512 2402 5568 obscuritatem
2470 5517 2677 5571 intrare
2729 5525 2781 5570 et
2831 5532 2948 5570 eam
3001 5518 3590 5585 contcn'tplari,,snpra

2013 5607 2214 5661 mentis
2251 5615 2500 5660 naturam
2536 5618 2663 5675 est;
2711 5609 2956 5678 aspicere
3011 5619 3189 5662 autem
3252 5608 3316 5660 ad
3374 5607 3590 5663 divinas

2015 5695 2176 5764 hujus
2231 5695 2588 5752 obscuritatis
2640 5698 2892 5752 tenebras
2951 5708 3003 5752 ct
3055 5697 3382 5753 ineliuliilem
3442 5699 3591 5754 illam

2017 5787 2276 5840 unitatem
2309 5784 2592 5860 imaginari
2628 5788 2683 5843 in
2743 5789 2999 5846 im-ﬂ'abili
3067 5790 3326 5862 mysterio
3358 5791 3590 5862 positam
