4032 6208
604 296 713 359 883

1758 293 2105 353 CALLlSTl
2154 290 2764 353 CATAPliUGiOTE
3680 299 3749 360 Μ

606 421 774 473 super
812 404 1016 468 omnia,
1045 413 1099 460 et
1120 404 1304 459 videre
1340 418 1399 460 se
1430 404 1563 459 nihil
1589 404 1729 459 intra
1759 405 1972 459 divinas
2031 412 2184 457 tene-

2161 432 2184 442 -
2214 406 2257 458 Α
2279 399 2515 465 ἅπαντα,
2552 402 2645 453 καὶ
2691 403 2771 454 ὅτι
2797 402 2860 456 οὐ
2890 401 3086 475 θεωρεῖ
3109 404 3375 478 θεωρῆσαι
3401 412 3515 466 είσω
3544 416 3625 469 τοῦ
3649 418 3750 475 θείω

606 499 731 553 bras
762 496 966 563 videre,
1012 507 1094 553 est
1159 496 1355 551 divina:
1402 498 1598 552 mentis
1667 495 1944 566 proprium
2014 501 2069 549 et
2124 493 2176 546 in

611 593 815 659 Spiritu
869 592 1314 661 contemplantis.
1373 591 1489 645 Non
1574 592 1718 644 enim
1774 589 2055 645 occlusmn
2126 598 2180 643 et

601 686 937 739 destructum
966 683 1305 752 spiritualem
1348 692 1624 753 aspectum
1675 691 1729 735 et
1760 680 1897 735 nihil
1950 694 2181 749 operan-

602 787 707 829 tem
734 791 887 832 mens
924 776 1101 840 habet,
1131 774 1350 843 quando
1368 770 1770 843 contemplatur
1792 788 1849 827 se
1874 788 1978 825 non
2000 771 2180 825 videre

605 864 711 918 nisi
732 864 974 917 divinum
1004 864 1400 934 ctsimplititer
1447 880 1611 917 unum
1670 864 1722 917 in
1792 862 2173 918 obscuritate:

600 956 813 1010 i-lenim
840 967 925 1013 est
950 956 1270 1027 ignorantia:
1305 956 1592 1010 indicium.
1624 954 1727 1009 Sed
1753 955 1972 1025 quando
2006 954 2179 1008 mani-

599 1049 793 1102 festius
845 1049 1263 1117 contemplatur,
1300 1058 1427 1103 tunc
1459 1048 1522 1101 ad
1559 1047 1692 1102 illud
1718 1047 1869 1117 quod
1900 1057 1983 1102 est
2010 1061 2173 1116 supra

600 1147 837 1192 mentem
863 1139 1118 1203 accurrit,
1144 1146 1197 1191 et
1234 1138 1375 1193 videt
1408 1140 1681 1209 prepriam
1728 1140 2087 1207 ignorantiam
2119 1140 2171 1190 in

600 1231 782 1283 divina
860 1228 1247 1297 simplicissimi
1311 1229 1471 1282 unius
1529 1230 1864 1285 obscuritate
1924 1230 2173 1285 conside-

601 1334 729 1373 rans
755 1336 771 1385 ;
793 1319 884 1372 sed
909 1328 1087 1372 tamen
1115 1334 1279 1371 unum
1308 1335 1429 1373 esse
1463 1320 1591 1373 illud
1615 1337 1678 1375 ex
1713 1335 1822 1389 quo
1885 1320 2064 1373 omnia
2119 1326 2174 1372 et

596 1424 719 1463 esse
749 1409 1127 1462 absconditum
1156 1408 1441 1464 manifeste
1479 1411 1641 1465 videt.
1675 1409 1814 1475 Quid
1881 1418 2063 1464 autem
2101 1410 2173 1463 sit

597 1513 704 1552 non
731 1498 896 1563 videt,
925 1507 976 1551 et
997 1498 1197 1554 dicitur
1225 1509 1459 1555 mentem
1527 1515 1649 1555 esse
1671 1515 1836 1570 supra
1895 1500 2167 1569 propriam

594 1606 749 1643 suam
784 1602 1032 1645 naturam
1065 1606 1160 1659 per
1183 1591 1337 1655 illud,
1362 1593 1412 1645 in
1437 1600 1720 1669 quantum,
1749 1594 1801 1647 in
1830 1591 2171 1661 simplicissi-

595 1696 683 1737 ma
744 1681 839 1737 Dei
897 1682 1232 1738 obscuritate
1283 1685 1737 1754 contemplatur;
1796 1685 1923 1739 illud
1981 1694 2164 1739 autem

591 1786 713 1827 csse
766 1773 933 1827 menti
1005 1773 1153 1839 licet,
1231 1785 1520 1845 postquam
1580 1779 1775 1831 munda
1854 1777 1993 1831 facta
2069 1777 2164 1832 sit.

592 1864 656 1918 lit
694 1873 751 1918 ut
778 1865 851 1918 ita
872 1864 1069 1929 dicam,
1109 1866 1209 1935 ipsi
1237 1869 1553 1921 naturaliter
1586 1868 1727 1923 inest
1758 1871 1809 1923 in
1838 1870 2165 1938 supernam;

592 1956 691 2009 rali
725 1955 863 2020 ﬁeri,
896 1971 1019 2011 cum
1048 1957 1221 2012 tendit
1248 1961 1313 2013 ad
1347 1960 1585 2013 divinam
1615 1960 1758 2014 illam
1788 1969 1841 2014 et
1872 1960 2163 2029 simplicis-

589 2048 781 2101 simam
811 2064 975 2118 supra
1012 2060 1249 2105 mentem
1313 2067 1473 2104 unam
1532 2052 1974 2108 occultationem.
2045 2052 2160 2107 Non

589 2142 1082 2211 rnimcoguitivam
1146 2143 1548 2211 perceptiOncm
1611 2145 1789 2207 habet,
1846 2146 1947 2200 nisi
1998 2146 2160 2201 lllllllS

592 2231 1195 2296 lujusinaccessibilis.
1256 2232 1316 2287 Et
1355 2250 1486 2287 sane
1548 2235 1677 2288 illuc
1726 2251 1819 2303 per
1878 2238 2157 2304 proprium

587 2333 792 2377 umtum
817 2324 1101 2389 accedens,
1131 2325 1181 2378 in
1211 2337 1350 2379 statu
1377 2340 1425 2378 et
1450 2329 1628 2395 quiete
1660 2340 1859 2396 cessat;
1879 2344 1983 2383 non
2014 2328 2156 2382 enim

589 2424 789 2469 statum
810 2416 935 2470 dico
954 2419 1046 2487 qui
1072 2418 1279 2486 absque
1296 2419 1750 2486 contemplatione
1777 2432 1894 2489 est;
1926 2422 1973 2475 id
2011 2422 2155 2475 enim

585 2506 963 2562 i'ssetinsauia
994 2524 1008 2574 ;
1045 2509 1137 2562 sed
1162 2518 1358 2562 statum
1399 2520 1450 2563 et
1502 2513 1736 2577 quietem
1764 2528 1885 2582 qum
1937 2514 1992 2566 lit
2029 2528 2152 2566 cum

581 2596 691 2664 jam
724 2613 830 2653 non
855 2615 919 2654 ex
944 2600 1271 2669 cogitatione
1290 2603 1354 2656 ad
1377 2606 1756 2672 cogitationem
1789 2616 1879 2663 aut
1911 2617 2153 2660 contetn~

586 2691 875 2756 plationem
915 2697 1127 2749 transit.
1161 2693 1313 2750 Meus
1353 2712 1495 2762 cuin,
1531 2712 1651 2750 cum
1686 2698 1812 2751 illuc
1851 2698 2154 2752 assurrexit

584 2793 867 2859 postquam
934 2785 985 2837 in
1052 2786 1411 2842 inlinitudinis
1477 2800 1530 2841 et
1605 2790 2148 2851 indetcrminationis,

582 2875 834 2943 abyssum
897 2875 1162 2944 spirituali
1229 2879 1431 2932 lumine
1479 2882 1694 2943 cecidit,
1756 2881 1952 2935 divina:
2007 2882 2150 2935 illius

584 2965 873 3019 invisibilis
920 2967 1270 3022 obscuritatis
1319 2968 1976 3038 incomprehensibililate
2037 2971 2148 3022 cir-

582 3057 857 3119 onnulata,
890 3066 946 3111 ut
976 3058 1068 3123 ita,
1094 3058 1293 3120 dicam,
1323 3058 1523 3122 deficit,
1580 3069 1633 3113 et
1699 3071 1963 3125 moratur,
2016 3063 2147 3115 nihil
2176 3079 2220 3135 ο

582 3154 725 3207 aliud
757 3155 972 3221 patiens
1002 3170 1165 3224 quam
1223 3162 1499 3223 stuporem
1542 3156 1592 3207 in
1631 3156 1897 3223 spirituali
1964 3157 2148 3225 splen-

580 3249 730 3299 dore.
761 3246 824 3300 Et
876 3262 1006 3301 sane
1071 3262 1334 3301 conversa
1382 3247 1651 3315 spirituali
1714 3257 1890 3302 tamen
1944 3250 2150 3303 lumine

579 3336 813 3391 aliieitur
872 3337 1229 3393 itnmobiliter
1288 3338 1560 3407 aspiciens
1612 3338 1665 3391 in
1748 3340 2145 3409 snpernaturati

578 3430 935 3493 obscuritate,
999 3430 1205 3484 unitive
1288 3446 1351 3484 ac
1434 3430 1756 3498 simpliciter
1806 3430 2143 3487 inaccessum

578 3517 880 3587 splendoris
926 3518 1091 3588 hujus
1143 3518 1291 3573 foras
1343 3534 1448 3573 non
1508 3519 1827 3589 prodeuntis
1872 3524 2143 3575 internum

576 3627 865 3678 permeans
886 3620 940 3667 et
970 3612 1093 3666 inde
1116 3622 1328 3667 ornata.
1360 3612 1414 3665 Si
1468 3629 1594 3667 vero
1646 3630 1673 3667 a
1726 3614 2145 3684 contemplando

575 3706 900 3766 abstineret,
987 3704 1263 3774 quomodo
1320 3713 1593 3773 stuporem
1654 3716 1708 3760 et
1798 3708 2141 3776 splendorem

578 3796 888 3859 pateretur?
937 3794 1041 3849 Sed
1096 3797 1197 3849 hoc
1257 3797 1419 3848 modo
1447 3805 1589 3850 stare
1652 3808 1886 3850 mentem
1945 3798 2145 3851 dicitur

576 3887 706 3938 illuc
739 3882 1061 3952 profectam,
1111 3881 1239 3949 quia
1277 3882 1567 3937 immobilis
1589 3894 1669 3937 est
1698 3900 1863 3937 unum
1900 3895 2143 3937 contem-

582 3978 734 4040 ..lans
765 3986 819 4031 et
854 3977 1018 4032 unius
1046 3976 1331 4045 splendore
1349 3974 1536 4029 alTecta
1554 3985 1605 4029 et
1623 3977 1858 4045 gaudens
1883 3985 1935 4030 et
1962 3978 2143 4044 splen-

577 4074 606 4121 d
648 4085 746 4135 ns;
780 4077 834 4122 et
878 4076 1023 4122 stare
1084 4081 1191 4120 non
1244 4078 1466 4125 motam.
1532 4081 1639 4121 non
1690 4067 2137 4136 comprimentem

576 4177 730 4213 suam
756 4158 1234 4229 contemplationis
1260 4158 1567 4213 l’ruitionem
1589 4175 1603 4225 ;
1628 4174 1691 4214 ea
1720 4160 1863 4214 enim
1888 4161 2138 4230 fugienda

576 4276 589 4302 ρ
611 4263 661 4305 st
696 4252 932 4315 all'ectio,
958 4266 1138 4320 neque
1167 4249 1435 4304 laudanda
1462 4260 1514 4305 et
1548 4251 1865 4321 ignorantiae
1900 4254 2141 4308 tenebris

573 4350 754 4413 plena.
814 4360 1094 4413 nunquam
1162 4343 1273 4397 ullo
1325 4342 1487 4397 lllOdO
1533 4343 1908 4413 contemplari.
1957 4345 2136 4398 Dictus

2278 493 2475 560 γνόφου
2504 491 2676 556 οὐδὲν,
2709 497 2801 546 καὶ
2834 495 2977 548 πάνυ
3010 513 3093 549 τοι
3121 498 3359 569 καθαροῦ
3386 502 3491 567 νοὸς
3516 505 3637 572 ἴδιον,
3658 510 3751 565 θεω-

2278 580 2499 650 ροῦντος
2533 583 2590 635 ἐν
2618 582 2915 654 ιίνεὺματι.
2952 587 3027 639 Οὐ
3051 588 3162 659 γάρ
3190 590 3555 665 κεκλεισμένην
3578 600 3666 667 ἔχει
3691 607 3752 655 ut

2277 673 2518 743 μύου-σαν
2548 675 2647 746 τὴν
2676 677 2871 746 νοεράν
2904 678 3225 749 ἀπόϐλεψιν,
3252 684 3344 737 καὶ
3364 685 3607 756 ἀργοῦσαν
3629 694 3651 743 ὀ
3670 694 3752 756 ’.οῦς

2274 764 2363 816 ὅτε
2402 764 2631 835 θεωρεῖ,
2688 767 2769 819 ὅτι
2814 768 2874 819 οὑ
2934 768 3151 839 θεωρεῖ,
3188 774 3233 824 εί
3292 774 3363 843 μὴ
3400 777 3453 829 τὸ
3497 778 3650 843 Θείον,
3689 785 3754 835 καὶ

2275 855 2460 918 ἁπλῶς
2495 859 2552 909 ἐν
2592 858 3027 931 ἀποκρυφιότητι
3065 863 3160 914 ἐν’
3215 864 3369 919 τοῦτο
3411 868 3508 939 γὰρ
3554 872 3753 941 ἁμαθείις

2276 945 2562 1015 σύμϐολον.
2614 948 2749 1001 Ἀλλ’
2788 951 2876 1002 ὅτε
2907 952 3108 1021 μᾶλλον
3142 955 3387 1024 ἐκφανῶς
3418 959 3651 1034 θεωρήσῃ,
3675 968 3752 1019 τότε

2274 1040 2354 1101 είς
2399 1039 2461 1093 τὸ
2504 1041 2641 1111 ὑπὲρ
2688 1042 2814 1096 νοῦν
2864 1045 3186 1115 ἀνατρέχει,
3236 1049 3327 1101 καὶ
3355 1050 3466 1103 τότε
3515 1052 3673 1124 θεωρεῖ
3691 1058 3754 1126 τὴν

2274 1127 2466 1180 ἑαυτοῦ
2518 1128 2779 1199 ἀϐλεψίαν
2818 1133 2877 1184 ἐν
2916 1136 2983 1204 τῇ
3027 1134 3121 1187 τοῦ
3157 1136 3515 1192 ἁπλουστάτου
3543 1142 3638 1205 ἑνὸς
3663 1145 3753 1196 ἀπο-

2272 1221 2594 1291 κρυφιότητι
2640 1222 2863 1293 θεωρῶν
2886 1240 2898 1254 ·
2937 1225 3185 1295 καίτοιγε
3250 1229 3331 1282 δτι
3360 1230 3415 1282 ἓν
3446 1233 3549 1284 ἐστι
3574 1235 3621 1286 τὸ
3653 1236 3695 1299 ἐξ
3715 1230 3754 1289 οὗ

2270 1309 2340 1363 τά
2368 1311 2563 1375 πάντα,
2593 1314 2687 1366 καὶ
2714 1315 2795 1367 ὃτι
2820 1314 3072 1384 κρύφιον,
3108 1320 3202 1371 καὶ
3232 1321 3375 1389 μάλα
3404 1325 3569 1392 caci);
3599 1325 3752 1394 θεωρεῖ.

2272 1398 2336 1453 Τί
2362 1400 2421 1454 δέ
2451 1403 2597 1455 ἐστιν
2630 1404 2691 1456 οὐ
2725 1404 2941 1475 θεωρεῖ,
2974 1410 3067 1460 καὶ
3096 1407 3316 1477 λέγεται
3344 1406 3474 1466 εἶναι
3500 1416 3567 1478 εἰς
3586 1416 3638 1467 τὰ
3659 1417 3753 1487 ὑπὲρ

2270 1493 2432 1560 φύσιν
2472 1496 2500 1546 ὁ
2541 1494 2665 1558 νοῦς
2701 1496 2789 1549 διὰ
2829 1497 3000 1551 ταῦτα
3037 1501 3137 1570 τὴν
3181 1502 3392 1571 ἑαυτοῦ,
3420 1506 3495 1574 ἐφ’
3524 1508 3625 1559 ὅσον
3648 1510 3690 1560 ἐν
3712 1514 3755 1579 τῇ

2267 1585 2360 1636 τοῦ
2417 1585 2552 1637 Θεοῦ
2611 1588 2957 1661 ἁπλουστάτη
3005 1592 3309 1647 ἀποϐλέπει
3365 1598 3753 1669 ἀποκρυφιότητι·

2269 1672 2407 1728 εἶναι
2431 1675 2487 1729 δὲ
2517 1678 2672 1731 τοῦτο
2713 1680 2860 1751 αὑτῷ
2894 1682 3034 1736 κατά
3082 1684 3246 1752 φύσιν
3285 1687 3398 1740 ἐστὶ
3428 1689 3620 1758 καθαρῷ
3642 1708 3754 1757 7270-

2269 1766 2379 1819 νότι
2402 1783 2416 1797 ⁸
2455 1769 2549 1820 καὶ
2586 1764 2697 1821 οἷον
2733 1772 2906 1823 εἰπεῖν
2944 1775 3086 1828 κατά
3123 1776 3287 1843 φύσιν
3315 1780 3450 1832 ἐστὶν
3477 1781 3602 1851 αὐτῷ
3637 1785 3679 1834 ἐν
3704 1783 3755 1852 τῷ

2268 1858 2409 1931 ὑπὲρ
2444 1862 2605 1931 (etiam
2650 1863 2919 1930 γίνεσθαι,
2952 1867 3307 1938 ἀνομμάτως,
3338 1873 3582 1925 τουτέστιν
3620 1878 3754 1928 ἀνεπι-

2268 1956 2469 2019 νοήτως
2524 1952 2831 2006 ἐπιϐάλλων
2876 1954 2984 2026 [10.
3051 1959 3412 2033 ἐπιϐάλλοντι]
3456 1966 3515 2034 τῇ
3558 1963 3652 2033 θείᾳ
3690 1971 3752 2018 καὶ

2268 2044 2711 2117 ῦπερηπὶωμένῃ
2745 2049 2883 2119 ὑπὲρ
2917 2048 3040 2103 νοῦν
3085 2054 3239 2123 ἑνικῇ
3275 2055 3683 2125 ἀποκρυφιότητν
3712 2059 3751 2109 οὐ

2266 2138 2373 2210 γὰρ
2407 2140 2518 2208 ἔχει
2558 2141 2678 2191 τότε
2729 2152 2825 2211 την
2873 2144 3159 2197 ὁποιανοῦν
3190 2150 3483 2217 γνωστικὴν
3509 2150 3749 2219 hanc”,

2265 2229 2347 2283 ὅτι
2378 2230 2452 2299 μὴ
2487 2232 2583 2301 τὴν
2621 2232 2716 2285 τοῦ
2768 2237 3163 2307 ἀνεκφοιτήτου
3194 2240 3330 2303 ἑνός.
3376 2242 3474 2292 Καὶ
3512 2243 3750 2311 μηνὲκείιε

2265 2323 2553 2390 γενόμενος
2602 2323 2668 2375 δι’
2713 2325 2919 2387 οίκείας
2975 2328 3130 2397 αὐτῷ
3172 2331 3457 2401 κινήσεως,
3505 2334 3571 2393 είς
3617 2332 3750 2383 στάσιν

2263 2409 2417 2480 λήγει
2470 2414 2560 2464 καὶ
2614 2414 2863 2467 παῦλανο
2914 2419 3037 2488 οῦχὶ
3086 2421 3274 2473 στάσιν
3304 2422 3437 2483 λέγω
3479 2424 3571 2475 ἀπό
3597 2439 3646 2489 γε
3682 2420 3745 2474 τοῦ

2265 2497 2487 2567 θεωρεῖν
2513 2514 2525 2526 ·
2558 2499 2713 2552 τοῦτο
2745 2503 2851 2571 γὰρ
2893 2509 3123 2573 μανικὸν
3151 2508 3212 2560 τὸ
3248 2510 3407 2572 πάθος
3428 2525 3441 2539 ‘
3472 2510 3585 2564 ἀλλά
3618 2511 3747 2562 στάσιν

2266 2595 2357 2644 καὶ
2420 2592 2663 2654 παῦλαν,
2722 2596 2814 2647 τοῦ
2871 2599 3222 2666 μεταϐαίνειν
3276 2603 3380 2655 ἀπὸ
3424 2604 3650 2672 νοήματος
3692 2603 3747 2663 εἰς

2264 2684 2462 2751 νόημα,
2504 2684 2535 2754 ἢ
2572 2684 2851 2755 θεώρημα.
2895 2690 2955 2741 Ὀ
2999 2692 3109 2762 γάρ
3138 2710 3220 2745 τοι
3261 2694 3379 2757 νοῦς
3406 2696 3559 2747 ἐκεῖσε
3596 2696 3746 2746 ἀναπεο

2263 2776 2557 2846 πηδηκὼς,
2596 2779 2781 2849 ἐπειδὴ
2814 2781 2959 2851 βυθῷ
3005 2786 3263 2856 ἀπειρίας
3295 2789 3383 2840 καὶ
3419 2788 3651 2859 ἀοριστίας
3678 2802 3744 2837 πε-

2264 2869 2507 2936 ριπίπτει
2552 2869 2608 2920 ἐν
2636 2873 2774 2938 φωτὶ
2800 2875 2969 2943 νοερῷ
2989 2915 3003 2939 ,
3033 2876 3113 2946 τῷ
3146 2880 3483 2950 ἁπεριλήπτῳ
3509 2876 3745 2949 περιτυχὼν

2260 2959 2361 3027 τῆς
2404 2959 2557 3023 θείας
2583 2961 2791 3031 ἐκείνης
2828 2965 3161 3036 ἀπεριόπτου
3202 2971 3640 3040 ἀποκρυφιότητος,
3666 2962 3743 3018 οἷον

2261 3052 2457 3116 εἰπεῖν,
2502 3051 2766 3119 ἐκλείπει,
2810 3058 2905 3107 καὶ
2946 3058 3180 3123 ἵσταται,
3226 3064 3387 3133 μηδὲν
3418 3063 3594 3133 ἕτερον,
3619 3062 3645 3130 ἢ
3675 3059 3743 3126 τὴν

2263 3140 2527 3209 ἔκπληξιν
2578 3144 2635 3195 ἐν
2680 3144 2989 3216 φαιδρότητι
3031 3151 3259 3221 πάσχων
3291 3154 3467 3223 νεερᾷ·
3510 3152 3587 3205 καί
3609 3167 3657 3218 γε
3690 3148 3741 3217 μὴ

2266 3234 2635 3302 μεταίέαίνων,
2680 3237 2826 3305 ὅμως
2876 3238 2951 3308 τῷ
2994 3244 3168 3312 νοερῷ
3215 3245 3466 3313 φωτισμῴ
3511 3242 3743 3311 ἐνεργεῖται

2260 3325 2479 3395 ἀφορῶν
2517 3327 2785 3397 ἀκινήτως
2816 3330 2874 3380 ἐν
2918 3333 2980 3399 τῇ
3013 3333 3320 3404 ὑπερουσίῳ
3360 3331 3737 3403 ἀποκρυφιότητιν

2258 3416 2453 3481 ἑνικῶς
2488 3434 2545 3469 τε
2576 3418 2671 3470 καὶ
2722 3422 3006 3486 μονοειδῶς
3046 3427 3109 3495 τῇ
3150 3426 3420 3497 ἀπροσίτῳ
3459 3420 3739 3491 ἐνδότητιτῆς

2257 3512 2648 3577 ανεκφοιτήτου
2675 3510 3000 3578 τηλαυγείας
3034 3514 3469 3588 διαπορούμενος,
3499 3517 3575 3567 καί
3599 3510 3739 3564 καλλυο

2255 3600 2500 3669 νόμενος.
2534 3602 2595 3653 Εἰ
2633 3601 2676 3653 δ’
2710 3598 2778 3672 ἦν
2819 3604 2926 3656 ἀπὸ
2966 3607 3058 3658 τοῦ
3102 3608 3324 3678 θεωρεῖν
3369 3611 3551 3680 ἀργὸς,
3580 3605 3669 3663 πῶς
3695 3602 3736 3653 ἆν

2253 3694 2459 3762 ἔπασχε
2508 3694 2569 3745 τὸ
2618 3695 3013 3765 ἐκπλήττεσθαι
3065 3701 3163 3755 καὶ
3212 3702 3597 3772 φαιδρύνεσθαι;
3627 3692 3736 3749 ’Δὶλά

2253 3784 2440 3839 τοῦτον
2471 3786 2561 3838 τξιν
2605 3786 2803 3855 τρόπον
2832 3786 3048 3855 λέγεται
3088 3792 3360 3855 ἵστασθαι,
3412 3791 3581 3845 αὐτόσε
3622 3802 3732 3853 γεγο-

2253 3875 2381 3927 νότα
2408 3876 2499 3928 τὸν
2525 3876 2648 3928 νοῦν
2672 3917 2684 3941 ,
2715 3878 2795 3928 ὃτι
2834 3878 3192 3946 ἁμεταϐάτως
3222 3882 3331 3952 ἔχει
3370 3883 3425 3933 τὸ
3472 3881 3522 3933 ἓν
3546 3876 3733 3945 θεωρῶν.

2254 3965 2349 4019 καὶ
2390 3969 2458 4039 τῇ
2491 3966 2585 4019 τοῦ
2617 3967 2733 4029 ἑνὸς
2780 3967 2978 4039 ἀγλαΐᾳ
3007 3972 3101 4023 καὶ
3139 3974 3506 4043 προσπάσχων,
3541 3970 3616 4022 καὶ
3651 3963 3734 4033 χαί·

2252 4071 2386 4127 ρων,
2415 4056 2512 4111 καὶ
2548 4057 3018 4128 λαμπρυνόμενος,
3050 4062 3143 4113 καὶ
3173 4062 3413 4115 ἵστασθαι
3448 4062 3513 4129 μὴ
3540 4053 3731 4121 κινούμε-

2246 4173 2357 4222 νος.
2404 4155 2468 4209 οὗ
2521 4156 2629 4227 μὴν
2661 4158 2813 4229 μύων
2845 4160 2944 4232 τὴν
2974 4163 3248 4233 σφετέραν
3283 4164 3377 4233 τῆς
3406 4156 3606 4228 θεωρίας
3636 4146 3731 4204 ἅτθ’

2244 4248 2435 4302 λαυσιν
2450 4265 2465 4280 ·
2496 4248 2653 4301 τοῦτο
2674 4251 2781 4320 γὰρ
2801 4252 3032 4319 φευκτὸν
3056 4254 3118 4307 τὸ
3138 4255 3329 4319 πάθος,
3360 4252 3444 4305 καὶ
3467 4250 3551 4303 οὐκ
3568 4248 3728 4298 mw

2243 4341 2354 4403 τὸν,
2386 4340 2479 4395 καὶ
2510 4342 2731 4407 σκότους
2755 4344 2977 4411 ἀγνοίας
3006 4344 3265 4416 ἔμπλεον,
3304 4342 3507 4416 μηδαμῆ
3530 4330 3728 4409 μηδαμῶς

572 4459 580 4485 ι
607 4446 751 4492 ntem
785 4438 984 4490 mentis
1005 4444 1182 4490 status
1212 4452 1305 4499 per
1331 4436 1667 4491 inaccessum
1701 4436 2137 4505 lnuninissplcn-

2132 4468 2137 4477 .
2171 4428 2215 4481 ι)
2244 4430 2487 4499 θεωρεῖν.
2506 4432 2570 4485 Ἦ
2598 4433 2643 4486 δ’
2669 4435 2934 4505 είρημένη
2958 4437 3149 4501 στάσις
3178 4438 3272 4491 τοῦ
3302 4436 3406 4499 νοῦ,
3430 4431 3551 4486 κατὰ
3569 4422 3724 4491 ἀπρόσ·

566 4531 753 4581 «iorem
787 4528 866 4593 lit,
891 4538 945 4581 et
973 4528 1367 4595 conremplatio
1396 4537 1479 4581 est
1514 4543 1618 4581 non
1666 4544 1915 4596 quaerens
1969 4538 2141 4583 trans-

567 4620 952 4686 n.utationein,
1010 4618 1103 4673 sed
1157 4618 1399 4687 requiem
1469 4635 1530 4673 ac
1580 4631 1808 4675 statum.
1863 4620 2137 4675 Inﬁnitum

565 4712 710 4764 «nim
738 4721 821 4765 est
856 4710 990 4764 illud
1041 4715 1590 4781 supersubstantiale,
1638 4722 1690 4768 et
1758 4716 2135 4768 absconditum

567 4803 980 4873 super-naturale
1002 4820 1192 4870 unum,
1228 4814 1281 4858 et
1307 4805 1526 4859 cuilibet
1557 4806 1720 4859 menti
1757 4805 2091 4858 inaccessum
2120 4820 2136 4869 ;

566 4910 739 4964 neque
756 4893 881 4950 licet
895 4903 1129 4949 mentem
1147 4910 1267 4963 quae
1294 4896 1691 4965 contemplatur
1705 4897 1809 4949 alio
1832 4896 1990 4949 modo
2010 4913 2139 4951 con-

566 4986 1025 5054 templarimisiin
1045 4995 1304 5050 Quantum
1330 4996 1475 5041 esset
1500 4988 1599 5040 sibi
1631 4990 2006 5042 convenientis
2036 5006 2137 5057 pu-

567 5078 743 5134 nitatis
758 5088 811 5132 et
832 5076 1032 5132 divina:
1056 5076 1273 5129 unionis
1300 5079 1589 5145 particeps.
1614 5076 1677 5129 Et
1694 5092 1798 5129 nou
1820 5079 1979 5132 aliter
2002 5081 2137 5135 divi-

559 5187 640 5224 ne
662 5168 1238 5235 huiccOntemplationi
1264 5183 1327 5221 ac
1352 5169 1649 5236 splendenti
1670 5170 2057 5238 pulchritudini
2079 5185 2133 5226 ct

556 5262 879 5318 inlinitudiui
897 5261 1155 5327 adhaeret,
1169 5278 1327 5333 quam
1347 5271 1571 5318 attracta
1584 5264 1836 5320 etall'ccta
1856 5266 1921 5320 ab
1940 5269 2027 5321 illa
2040 5278 2134 5324 aut

556 5353 926 5422 assumptione
954 5361 1048 5406 aut
1073 5355 1308 5407 naturali
1328 5368 1487 5423 quam
1524 5357 1727 5423 patitur
1748 5363 2124 5415 conversione.

624 5514 714 5569 44.
756 5513 919 5567 Menti
954 5514 1201 5567 naturale
1230 5524 1309 5569 est
1352 5520 1591 5585 cogitare
1623 5536 1641 5587 ς
1676 5520 1729 5573 in
1756 5534 1903 5576 motu
1942 5534 2123 5581 autent

554 5616 601 5654 rt
637 5606 932 5659 nitttationc
957 5608 1233 5676 cogitatio.
1271 5608 1559 5677 Postquam
1611 5625 1792 5665 autem
1850 5633 2004 5671 n-ens
2071 5619 2124 5674 in

560 5696 664 5747 beo
695 5701 968 5758 versatur,
1000 5710 1165 5765 supra
1210 5699 1592 5768 cogitationem
1625 5704 1898 5759 invenitur
1936 5719 1989 5761 et
2027 5724 2121 5762 Su-

555 5798 651 5849 pra
702 5794 903 5835 mowm
942 5797 959 5851 ς
994 5795 1120 5846 tunc
1183 5787 1376 5842 merito
1432 5786 1703 5844 diceretur
1750 5806 1902 5848 mens
1959 5810 2123 5865 supra

2242 4539 2352 4574 ιτον
2390 4523 2566 4590 φωτὸς
2596 4523 2863 4595 ἔλλαμψιν
2900 4528 3128 4595 γίνεται,
3190 4522 3284 4585 καὶ
3327 4526 3509 4598 θεωρία
3532 4518 3643 4579 ἐστὶ,
3673 4509 3723 4581 μθ

2240 4615 2479 4680 ζητοῦσα
2539 4617 2875 4687 μετάϐασιν,
2957 4622 3092 4676 ἀλλά
3164 4625 3371 4679 παῦλαν
3435 4621 3516 4671 καὶ
3570 4611 3722 4665 στάσιν,

2244 4709 2508 4778 Ἄπειρον
2534 4711 2639 4782 γάρ
2670 4712 2817 4765 ἐστιν
2838 4714 3015 4767 ἐκεῖνο
3036 4716 3097 4768 τὸ
3134 4716 3418 4788 ὑπερφυὲς,
3448 4710 3530 4763 καὶ
3557 4694 3723 4773 κρυξιθ

2242 4815 2442 4866 μυστον
2486 4802 2808 4872 ὑπεροὺσιον
2854 4805 2912 4857 ἓν
2939 4845 2952 4868 ,
2995 4807 3090 4859 καὶ
3136 4808 3423 4861 ἀνέκϐατον
3472 4800 3537 4868 νῷ
3580 4788 3719 4845 παντὶ.

2239 4890 2329 4940 καὶ
2362 4890 2556 4945 ἄλλοσέ
2589 4910 2665 4963 πη
2711 4894 2938 4965 θεωρεῖν
2969 4897 3029 4949 οὐ
3066 4900 3333 4970 συγχωρεί
3364 4896 3448 4948 τὸν
3485 4881 3719 4970 θεωροῦντα

2237 4969 2402 5033 α’)τδθ
2430 4982 2575 5046 νοῧν,
2645 4985 2873 5038 καθόσον
2903 4987 2969 5040 ἂν
3004 4990 3089 5059 εἴη
3128 4986 3449 5059 μετειληφὼς
3473 4982 3498 5033 ὁ
3532 4974 3630 5033 νοῦς
3651 4969 3718 5059 ﬁ"?

2235 5074 2475 5135 ηκούσης
2500 5075 2647 5143 αὐτῷ
2679 5078 3019 5148 καθάρσεως,
3041 5083 3135 5134 καὶ
3167 5082 3309 5142 θείας
3338 5076 3619 5141 συνάρσεως·
3642 5055 3718 5112 Καὶ

2234 5162 2335 5211 οὐκ
2371 5161 2547 5225 ἄλλως
2589 5168 2919 5234 μεταπίπτει
2963 5187 3027 5238 γε
3070 5173 3168 5242 τῆς
3201 5173 3339 5233 θείας
3381 5158 3581 5229 ταυτησὶ
3617 5152 3715 5242 05w:

2238 5255 2393 5321 ρίας,
2453 5258 2549 5310 καὶ
2604 5260 2916 5329 ὑπερκάλου
2972 5233 3231 5334 ἀγλαίας,
3286 5263 3372 5316 καὶ
3417 5233 3712 5334 ἀπειρίαςιθ

2233 5346 2629 5419 ἀνθελκόμενος
2681 5325 2788 5406 ὑπό
2816 5372 2911 5408 του
2957 5325 3359 5426 προσπαθίυν,ἢ
3398 5325 3709 5420 προσλήψειιῆ

2231 5439 2333 5490 ὑπὸ
2359 5439 2459 5510 τῆς
2490 5444 2728 5515 φυσικῆς
2750 5485 2763 5508 ,
2796 5449 2863 5518 ἢν
2895 5449 3091 5520 πάσχει
3121 5450 3473 5520 τρεπτότητθςο
3548 5527 3557 5531 _
3656 5518 3671 5531 .

2301 5530 2404 5601 μδὀ
2431 5534 2521 5604 Τῷ
2549 5537 2625 5605 νῷ
2675 5540 2836 5607 φύσις
2864 5542 2923 5594 τὸ
2946 5547 3086 5595 νοεῖν
3112 5560 3127 5575 ο
3157 5544 3212 5597 ἐν
3238 5540 3429 5609 κινήσει
3449 5533 3496 5586 δι
3519 5527 3568 5581 τὸ
3590 5527 3705 5575 νοεῐνι

2228 5626 2319 5677 καὶ
2371 5630 2687 5694 μεταϐάσει.
2739 5634 2890 5686 Ἐπεὶ
2923 5636 2977 5687 δὲ
3016 5637 3045 5689 ὁ
3078 5636 3199 5699 νοῦς
3230 5638 3280 5688 ἐν
3322 5628 3426 5696 Θεῷ
3452 5620 3699 5689 γενόμενος’

2230 5720 2484 5789 ὑπεράνω
2510 5727 2746 5794 νοήσεως
2778 5729 3114 5796 εὑρίσκεται,
3148 5738 3236 5785 καὶ
3265 5729 3510 5795 κινήσεως.
3535 5706 3701 5796 είκδτθξί

2226 5809 2367 5861 οὕτω
2397 5812 2593 5877 λέγοιτ’
2632 5815 2745 5871 Ξινὸ
2783 5821 2903 5883 νοῦς
2932 5823 3006 5885 εἰς
3042 5824 3098 5875 τὸ
3131 5825 3262 5890 ὑπὲρ
3296 5818 3433 5889 φύσιν
3466 5812 3617 5863 ἑαυτου
3639 5790 3696 5858 τί·
