4032 6208
305 301 410 360 885

1443 300 1537 360 DE
1564 301 1740 360 VlTA
1779 303 2436 365 CONTEMPLATWA.

3452 296 3556 360 836

300 442 490 497 νεσθαι
529 438 816 502 ἀπολὺτως
849 438 941 490 τὸν
989 435 1121 491 Θεὸν
1154 434 1590 505 φανταζόμενοςο
1639 434 1746 485 πᾶν
1774 433 1883 501 γὰρ

1991 441 2129 477 suam
2165 434 2410 478 naturam
2461 423 2794 493 pervenisse,
2829 420 2994 474 Deum
3051 417 3300 474 absolute
3366 415 3558 479 inungi-

302 539 502 606 νόημα,
544 533 706 604 δῆλον
738 532 821 584 ὅτι
866 532 931 583 ἐκ
970 529 1295 598 πράγματος
1327 526 1571 596 γίνεσθαι
1607 525 1847 594 πέφυκεν
1869 541 1881 554 °

302 632 436 683 ὅπου
491 629 546 680 δὲ
587 627 821 698 πρᾶγμα
856 624 918 676 οὑ
951 625 1258 692 θεωρεῖται,
1300 622 1480 690 νόημα
1522 618 1645 672 οὔτε
1691 617 1884 685 γεννᾶ-

303 738 416 780 -ται,
462 718 586 771 οὔτε
642 718 749 789 μὴν
778 715 1114 786 εὑρίσκεται.
1153 714 1212 766 ’0
1240 713 1414 766 τοίνυν
1444 713 1576 776 Θεὸς
1601 711 1888 782 μηδοπωσ-

305 809 455 862 τιοῦν
529 809 668 877 ἔχων
738 805 969 876 ὁρᾶσθαι
1030 801 1433 874 πραγματικῶς
1490 799 1748 869 φαντάζει
1796 799 1888 851 τον

310 899 434 954 νοῦν
465 899 790 967 πεφυκότως
815 899 880 950 ὲκ
908 896 1018 948 τῶν
1041 895 1169 965 περὶ
1197 893 1381 957 αὑτὸν,
1407 889 1481 947 ὧν
1508 891 1707 962 δηλαδὴ
1733 893 1888 960 ἐνερ-

309 995 396 1060 γεῖ
423 1009 436 1022 ο
484 991 520 1045 δι
553 990 715 1042 τόπον
759 988 942 1057 ἐπέχει
974 987 1275 1056 δυνάμεως,
1312 984 1376 1037 ἔκ
1413 1000 1556 1044 τινος
1596 981 1890 1051 προϊούσης

311 1083 561 1138 δυνατοῦ.
595 1081 717 1151 Ἐφ’
743 1081 867 1134 ὅσον
890 1078 983 1131 οῦν
1013 1080 1040 1131 ὁ
1065 1077 1188 1140 νοῦς
1217 1079 1275 1130 ὲν
1305 1075 1485 1136 ἄλλοις
1509 1075 1710 1129 ἅπασιν
1733 1073 1890 1126 εἴωθε

316 1179 414 1240 τὰς
462 1177 721 1245 δυνάμεις
777 1173 915 1243 μετὰ
968 1171 1074 1223 τῶν
1127 1168 1369 1222 δυνατῶν
1426 1167 1682 1238 θεωρεῖν,
1736 1165 1892 1218 τοῦτο

318 1271 473 1339 ζητεῖ
502 1268 638 1321 κάπὶ
661 1266 795 1320 Θεοῦ
822 1263 1015 1318 παθεῖν
1039 1279 1052 1292 ·
1089 1263 1183 1315 καὶ
1207 1257 1481 1313 ἀδυνατῶν
1510 1256 1850 1326 γιγνομένως
1875 1269 1890 1285 °

320 1363 461 1432 ὑπὲρ
491 1361 599 1429 γὰρ
636 1359 734 1429 τὴν
765 1358 926 1424 φύσιν
960 1354 1122 1407 τοῦτο
1155 1353 1354 1416 παντὸς
1408 1349 1628 1404 κτιστοῦ
1662 1348 1754 1401 νοῦ
1781 1364 1794 1378 ·
1825 1346 1894 1401 τὰ

322 1454 448 1524 περὶ
478 1453 610 1505 Θεὸν
663 1450 876 1520 θεωρεῖ.
913 1446 1022 1508 Καὶ
1055 1445 1145 1500 τὸν
1173 1444 1308 1498 Θεὸν
1356 1443 1711 1514 ἁνομμάτως,
1752 1442 1780 1494 ὃ
1810 1443 1897 1496 λέρ

322 1563 499 1613 γεται,
538 1543 682 1613 ἁπλῇ
719 1539 1070 1608 φαντάζεται,
1108 1538 1202 1590 καὶ
1237 1536 1410 1608 ἀθρόᾳ
1444 1535 1690 1605 ἐπιϐολῇ.
1731 1534 1898 1589 Ἥσύ-

323 1651 419 1706 χου
445 1635 501 1686 δὲ
539 1633 698 1702 ἀέρος
728 1629 1087 1701 δραξάμενος,
1121 1628 1216 1681 καὶ
1242 1626 1392 1690 θείας
1419 1627 1706 1696 εὐμενείας
1743 1628 1898 1694 γενό-

328 1743 487 1797 μενος
513 1725 790 1792 ἐπιτυχὴς,
826 1723 918 1772 καὶ
951 1719 1296 1789 ἐνεργοῦντος
1327 1719 1385 1772 ὲν
1414 1717 1591 1787 ἐαυτῷ
1630 1718 1721 1771 τοῦ
1755 1717 1898 1771 θείου

1983 531 2157 582 nans;
2194 531 2406 569 omnem
2448 517 2589 569 enim
2612 516 2994 586 cogitationem
3020 529 3082 568 ex
3109 528 3169 567 re
3215 511 3329 564 fieri
3387 510 3559 562 mani-

1982 606 2178 661 festum
2207 617 2311 661 est.
2345 606 2445 662 Ubi
2480 615 2661 662 autem
2705 622 2794 661 res
2823 621 2930 660 non
2962 604 3322 674 conspicitur,
3375 617 3552 669 neque

1981 699 2243 766 ουὲίίίηίο
2293 710 2603 764 generatur,
2637 715 2812 768 neque
2844 699 3145 752 invenitur.
3207 695 3342 750 Cum
3390 694 3554 761 igitur

1982 787 2125 842 Deus
2164 789 2333 843 videri
2365 800 2596 858 nequeat
2652 790 2902 852 realiter,
2939 789 3108 842 menti
3174 802 3240 841 ex
3299 785 3368 839 iis
3434 798 3556 848 qua!

1982 878 2124 930 circa
2162 877 2332 947 ipsam
2369 890 2517 943 sunt,
2543 881 2780 949 seipsum
2815 886 3193 948 repraesentat,
3218 892 3340 946 quae
3361 869 3558 944 nempe

1985 976 2418 1040 operatur;qu:e
2468 973 2644 1024 locum
2680 972 2935 1039 potentize
2969 977 3151 1024 tenent
3205 984 3271 1022 ex
3320 966 3556 1036 quodam

1983 1059 2228 1128 possibili
2258 1061 2622 1129 procedentis.
2659 1062 2713 1114 In
2756 1069 3022 1131 quantum
3079 1075 3224 1114 enun
3289 1050 3446 1112 mens
3504 1058 3557 1110 in

1985 1153 2107 1208 aliis
2141 1153 2397 1208 omnibus
2427 1154 2695 1220 potentias
2729 1170 2852 1206 cum
2916 1149 3275 1221 possibilibus
3321 1159 3561 1202 contem-

1985 1245 2121 1314 plari
2153 1247 2312 1306 solet.
2348 1247 2398 1300 id
2424 1255 2478 1298 et
2501 1247 2564 1298 de
2605 1246 2712 1298 Deo
2737 1247 2844 1313 pati
2890 1244 3120 1313 inquirit
3151 1260 3166 1306 ;
3209 1251 3262 1296 et
3296 1258 3420 1295 cum
3452 1255 3558 1293 non

1987 1336 2163 1404 possit
2197 1351 2280 1391 res
2300 1338 2443 1404 ipsas
2481 1337 2870 1404 contemplari,
2902 1335 2950 1388 id
2985 1335 3128 1389 enim
3167 1348 3334 1402 supra
3387 1331 3562 1385 omnis

1987 1435 2183 1480 creatae
2249 1427 2448 1480 mentis
2531 1435 2782 1478 naturam
2839 1435 2942 1488 est,
3005 1438 3125 1493 qua:
3186 1421 3333 1475 circa
3391 1420 3561 1473 Deum

1988 1531 2114 1573 sum
2139 1519 2556 1588 contemplatur.
2589 1518 2652 1571 Et
2685 1517 2877 1582 Deum,
2911 1518 3196 1570 oculorum
3223 1529 3441 1582 expers,
3503 1523 3562 1565 ut

1989 1611 2190 1664 dictum
2241 1619 2349 1673 est,
2386 1622 2439 1666 et
2517 1610 2782 1681 frequenti
2852 1620 3072 1678 aspectu
3129 1607 3457 1676 imaginatur
3510 1613 3564 1658 et

1994 1703 2345 1770 tranquillum
2402 1717 2525 1756 acra
2588 1703 2926 1770 prehendens
2977 1708 3030 1754 et
3083 1699 3281 1754 divinae
3332 1698 3566 1752 benevo-

329 1819 423 1870 καὶ
470 1811 843 1885 προσκυνητοῦ
893 1811 1226 1879 Πνεῦματος,
1267 1810 1331 1862 ὲκ
1362 1811 1454 1862 τοῦ
1493 1811 1633 1862 νοεῖν
1675 1812 1898 1880 συνεχέ-

1991 1793 2168 1846 lentiae
2201 1795 2475 1863 particeps
2513 1792 2726 1855 effecta,
2763 1795 2896 1846 etin
2933 1793 3045 1860 ipsa
3079 1799 3338 1860 operante
3375 1789 3564 1843 divino

330 1923 518 1975 στερον
537 1902 839 1974 ἁρπάζεται
863 1902 942 1964 είς
968 1902 1226 1964 ἀνείδεον,
1255 1899 1348 1952 καὶ
1374 1899 1583 1964 ἄποιον,
1607 1901 1701 1952 καὶ
1725 1900 1902 1970 ἁπλῆν

329 1998 683 2058 κατάστασιν,
711 1994 842 2046 εἵσω
885 1993 1111 2063 καρδίας
1140 1992 1214 2054 ὼς
1246 1991 1410 2060 τάχος
1434 1991 1711 2058 είσδὺνων,
1741 1992 1901 2046 δυνά-

332 2107 422 2161 μει
473 2088 566 2141 τοῦ
623 2087 938 2156 ῐίνεύματος
997 2087 1285 2156 ὑπερφυεῖ.
1346 2085 1454 2136 Καὶ
1514 2084 1796 2154 ἱστάμενος
1844 2087 1901 2140 ἐν

332 2180 604 2250 φαντασίᾳ
633 2178 789 2242 Θεοῦ,
827 2180 918 2231 καὶ
966 2177 1130 2246 μηίὲν
1167 2176 1320 2237 νοῶν,
1347 2175 1461 2227 ἀλλ’
1490 2176 1628 2246 ὑπὲρ
1659 2177 1718 2230 τὸ
1764 2179 1903 2230 νοεῖν

333 2275 682 2343 γιγνόμενος,
733 2272 791 2336 ἐξ
841 2265 1012 2341 οὗπερ
1070 2271 1151 2322 ὅτι
1199 2269 1305 2322 ἀπὸ
1347 2267 1440 2321 τοῦ
1488 2269 1554 2322 τὰ
1605 2271 1730 2340 περὶ
1771 2271 1902 2324 Θεὸν

335 2368 501 2429 νοεῖν,
563 2363 769 2417 ἄνεισιν
821 2364 899 2423 είς
964 2360 1114 2412 Θείαν
1179 2359 1518 2429 φαντασίαν,
1580 2354 1898 2434 ᾖείρηται,

335 2455 539 2516 ἁπλοῦς
570 2453 976 2517 ἁποκαταστάς,
1005 2452 1220 2520 λέγεται
1249 2454 1329 2505 ὅτι
1361 2455 1440 2515 είς
1485 2452 1546 2504 τὸ
1577 2453 1714 2524 ὑπὲρ
1744 2454 1902 2524 φύσιν

327 2546 519 2601 ἑαυτοῦ
543 2546 710 2610 τελεῖ,
743 2546 822 2598 ότι
858 2545 1100 2612 γίγνεται
1134 2546 1270 2614 ὑπὲρ
1301 2545 1359 2596 τὸ
1390 2548 1550 2598 νοεῖν.

395 2703 497 2774 με’.
531 2704 646 2755 [Ιᾶν
671 2702 698 2754 ὃ
718 2719 770 2754 τι
802 2700 896 2756 οὖν
920 2703 1210 2772 λεγόμενον
1233 2705 1486 2774 κρύφιον,
1520 2707 1662 2776 ἔχειν
1687 2707 1897 2776 ἀνάγκη

329 2814 380 2849 τι
413 2796 868 2864 προφαινόμενον,
907 2797 1029 2848 ὅθεν
1060 2799 1138 2849 ὅτι
1163 2797 1319 2849 τοῦτο
1343 2797 1571 2867 κρύφιον
1598 2800 1895 2867 ὑφορᾶται·

327 2889 377 2938 εἰ
413 2889 520 2956 γὰρ
558 2887 654 2956 μὴ,
685 2887 761 2957 τῷ
795 2888 868 2957 μὴ
900 2887 1014 2939 δντι
1068 2889 1350 2958 προσέοικε
1391 2889 1642 2958 μάλιστα.
1678 2891 1750 2941 Τὸ
1793 2892 1900 2961 γὰρ

328 2979 524 3040 ὑλικῶς
542 2979 615 3048 μὴ
639 2979 777 3031 διδόν
798 2979 1033 3048 ἔμφασιν
1064 2982 1368 3050 γνωστικὴν
1396 2981 1678 3052 όντότητος
1719 2983 1901 3034 ὁπωσ-

327 3070 438 3134 οῦν,
495 3071 608 3123 ῑσον
663 3071 941 3141 νομισθείη
1011 3072 1076 3122 ἂν
1118 3072 1195 3140 τῷ
1249 3072 1426 3140 πάντη
1471 3073 1733 3142 μηδαμῶς
1767 3073 1901 3126 δντι.

341 3165 556 3234 Ἀμέλει
586 3165 720 3232 δῆτα
750 3165 842 3216 καὶ
893 3165 969 3233 τῷ
1004 3163 1096 3216 τοῦ
1133 3164 1269 3216 Θεοῦ
1315 3167 1532 3234 κρυφίῳ
1570 3165 1902 3235 συνυπάρχει

326 3257 447 3308 τινὰ
483 3256 927 3326 προφαινόμενα,
963 3251 1043 3318 οἷς
1085 3253 1174 3309 οἷα
1225 3257 1526 3327 ίχνηλατῶν
1557 3260 1584 3310 ό
1631 3258 1755 3319 νοῦς
1803 3258 1905 3326 τῆς

328 3347 476 3411 θείας
525 3348 999 3418 ἀποκρυφιότητος
1033 3349 1286 3419 αἴσθησιν
1337 3350 1575 3420 δέχεται,
1612 3348 1688 3420 τῷ
1732 3367 1906 3403 κατα-

327 3439 514 3508 ληπτῴ
546 3438 638 3490 τοῦ
673 3437 806 3490 Θεοῦ
853 3438 1018 3492 ἀνιὼν
1050 3440 1186 3508 πρὸς
1214 3440 1274 3492 τὸ
1305 3441 1691 3512 ἀκατάληπτον
1718 3456 1732 3469 ⁸
1774 3443 1832 3495 ἐν
1862 3435 1906 3508 ᾧ

325 3531 620 3599 -γενόμενες
647 3530 958 3595 ἐπίσταται,
996 3532 1076 3583 ὅτι
1105 3531 1218 3583 ἐστι
1245 3549 1296 3585 τι
1339 3532 1601 3604 ἀκριϐῶς,
1629 3533 1657 3585 ὃ
1687 3533 1907 3602 διαφεύ-

333 3638 418 3687 γει
450 3625 548 3691 τὴν
591 3622 785 3675 ἑαυτοῦ
815 3623 1053 3694 φυσικὴν
1107 3625 1433 3694 κατάληψιν,
1485 3627 1741 3695 ὑπεράνω
1799 3626 1908 3678 κείν

340 3729 499 3779 μενον
555 3713 733 3781 πάσης
785 3716 976 3785 νοερᾶς
1036 3716 1429 3785 καταλήψεως,
1470 3717 1565 3768 καὶ
1612 3717 1908 3786 ἀγγελικῆς

338 3800 673 3870 ἡστινοσοῦν,
696 3802 769 3865 ὡς
801 3803 1078 3874 ὑπερφαές
1109 3803 1220 3875 [ἷσ.
1245 3805 1545 3878 ὑπερφυές]
1572 3822 1585 3836 °
1610 3807 1704 3858 καὶ
1729 3804 1908 3877 πάσης

339 3894 438 3961 μὲν
485 3892 718 3961 φύσεως,
771 3896 864 3946 καὶ
897 3897 1104 3959 οὐσίας,
1155 3898 1246 3949 καὶ
1296 3897 1446 3960 ὄντος
1482 3898 1682 3961 παντὸς
1717 3898 1904 3962 αἴτιον,

336 3985 430 4036 καὶ
461 3985 624 4056 ἀρχὴ,
656 3988 751 4040 καὶ
786 3989 977 4056 πέρας,
1029 3990 1160 4041 αὐτὸ
1193 3989 1249 4041 δὲ
1272 3990 1568 4060 ὑπερφυὲς,
1607 3991 1702 4043 καὶ
1735 3990 1909 4056 ὑπερ-

333 4075 536 4140 ούσιον,
589 4077 810 4146 ἁπάσης
867 4079 1386 4142 ὑπερανιρκισαένον
1461 4080 1708 4143 ἀπείρως
1759 4079 1910 4132 οντο-

329 4185 491 4238 τητος
510 4185 524 4198 ·
553 4169 848 4240 ἀγέννητον
879 4187 939 4223 τε
968 4171 1061 4224 καὶ
1091 4171 1349 4242 ἄναρχον,
1379 4174 1476 4227 καὶ
1501 4173 1770 4244 ἀόριστον,
1803 4171 1902 4225 καὶ⁹

1987 1895 2042 1938 et
2072 1885 2349 1938 adorando
2377 1885 2595 1953 Spiritu,
2625 1899 2690 1939 ex
2726 1884 3013 1951 cogitando
3047 1881 3391 1951 frequentius
3431 1880 3563 1933 sim-

1990 1976 2178 2046 pliccm
2220 1985 2271 2032 et
2305 1979 2420 2031 sine
2453 1975 2625 2030 forma
2661 1991 2722 2027 ac
2757 1976 2925 2044 figura
2959 1983 3160 2029 statuat
3193 1972 3562 2042 amplectitur,

1988 2066 2132 2122 intra
2163 2083 2258 2121 cor
2294 2068 2637 2138 rapidissime
2676 2070 2911 2131 intrans,
2949 2064 3352 2135 supernaturali
3399 2062 3565 2132 spiri-

1991 2168 2076 2213 tus
2122 2160 2341 2215 virtute.
2376 2161 2441 2215 Et
2486 2163 2539 2214 in
2585 2160 2676 2215 Dei
2748 2160 3137 2229 imaginatione
3187 2166 3341 2212 stans
3387 2169 3566 2224 neque

1989 2253 2284 2321 quidqttam
2321 2253 2594 2322 COgitans,
2627 2254 2721 2307 sed
2751 2266 2915 2320 supra
2946 2250 3334 2319 cogitationem
3354 2246 3566 2309 effecta,

1989 2345 2114 2414 quia
2139 2360 2203 2397 ex
2227 2359 2416 2399 eorum
2449 2360 2570 2414 qua:
2599 2344 2741 2397 circa
2787 2343 2954 2396 Deum
3020 2350 3148 2395 sunt
3215 2338 3565 2410 cogitatione,

1992 2434 2055 2487 ad
2093 2433 2795 2503 divinamimaginationcm
2824 2433 3093 2497 ascendit,
3130 2441 3189 2486 nt
3218 2431 3423 2485 dictum
3458 2435 3566 2493 est,

1991 2524 2216 2593 simplex
2249 2527 2566 2591 constituta,
2593 2535 2643 2580 et
2702 2508 2904 2579 dicitur
2937 2538 2998 2578 ea
3052 2538 3216 2592 supra
3262 2535 3414 2577 suam
3468 2534 3566 2591 na-

1993 2625 2166 2669 turam
2209 2618 2536 2685 pervenisse,
2570 2616 2692 2684 quia
2731 2615 2786 2669 fit
2821 2629 2984 2684 supra
3016 2612 3425 2682 cogitationem.

2064 2705 2152 2759 45.
2204 2705 2578 2776 Quodcunque
2637 2704 2839 2758 dicitur
2896 2703 3300 2766 absconditum,
3344 2711 3572 2754 necesse

1991 2809 2163 2854 estut
2213 2799 2419 2868 aliquid
2485 2797 2888 2852 manifestatum
2949 2798 3144 2851 haheat
3176 2835 3191 2860 ,
3253 2793 3395 2848 unde.
3435 2791 3569 2845 illud

1992 2893 2364 2946 absconditum
2418 2891 3054 2953 auinuulrertatnr;ni~i
3086 2890 3230 2942 enim
3280 2887 3332 2942 id
3399 2895 3566 2946 esset,

1994 2984 2165 3036 nihilo
2209 2999 2434 3054 prorsus
2476 2985 2653 3036 simile
2696 2991 2861 3036 esset.
2921 2979 3077 3046 Quod
3145 2978 3290 3032 enim
3343 2976 3568 3030 omnino

1993 3090 2099 3128 non
2133 3077 2225 3129 dat
2262 3076 2597 3129 exsistcntiae
2629 3074 3040 3142 apparitionem.
3070 3069 3203 3124 illud
3230 3069 3448 3122 minime
3475 3084 3570 3120 ex-

1989 3166 2184 3220 sistere
2207 3169 2541 3220 crederetur.
2565 3165 2695 3219 Sine
2731 3165 2894 3218 dubio
2923 3165 3084 3232 igitur
3117 3162 3207 3216 Dei
3245 3160 3568 3214 abscondito

1989 3260 2329 3314 coexsistunt
2362 3259 2605 3329 qtm-dam
2642 3259 2817 3327 signa,
2851 3258 3047 3325 quibus
3093 3264 3353 3322 tanquam
3409 3250 3571 3304 vesti-

1991 3352 2096 3422 giis
2131 3367 2286 3405 mens
2319 3352 2543 3405 inhaeret
2579 3360 2632 3403 et
2691 3351 2887 3402 divina:
2935 3345 3288 3400 obscuritatis
3344 3357 3567 3398 sensum

1991 3442 2215 3510 accipit,
2253 3457 2346 3511 per
2380 3443 2430 3494 id
2458 3443 2600 3511 quod
2639 3451 2815 3509 potest
2847 3438 3236 3508 comprehendi
3263 3435 3569 3491 ascendens

1990 3535 2058 3588 ad
2100 3531 2230 3584 illud
2259 3531 2402 3600 quod
2431 3532 2551 3598 capi
2603 3531 2812 3596 nequit.
2837 3529 2955 3592 Quo
2981 3535 3265 3594 postquam
3296 3525 3566 3592 pervenit,

1991 3626 2238 3695 apprime
2282 3626 2432 3678 novit
2459 3640 2580 3678 esse
2620 3621 2826 3689 aliquid
2864 3622 3004 3690 quod
3061 3634 3212 3674 suam
3267 3619 3570 3671 naturalem

1993 3718 2532 3784 comprehensinnem
2556 3714 2726 3782 fugiat
2756 3728 2920 3781 supra
2946 3711 3244 3779 quamlibet
3266 3707 3568 3763 naturalem

1995 3818 2046 3864 et
2080 3808 2401 3878 angelicam,
2427 3805 2967 3873 cttmprehensionem
3015 3801 3203 3862 silum,
3237 3808 3422 3868 utpote
3479 3814 3570 3852 su-

1996 3902 2377 3972 pernaturale;
2405 3909 2453 3952 et
2487 3899 2628 3967 quod
2656 3907 2739 3950 est
2768 3895 2946 3950 omnis
2969 3904 3177 3947 natura:
3212 3907 3275 3946 ac
3316 3891 3568 3946 substan-

1997 3998 2082 4049 tia:
2120 4000 2174 4047 et
2229 4002 2497 4046 creaturae
2530 4004 2697 4044 causa
2754 3999 2806 4041 et
2850 3987 3172 4056 principium
3222 3992 3273 4036 ct
3311 3981 3456 4045 linis,
3504 3995 3568 4033 ac

1995 4084 2548 4156 supersubstantiale,
2607 4081 2861 4134 habitans
2909 4078 3123 4132 infinito
3185 4075 3343 4129 modo
3403 4088 3571 4142 supra

1992 4183 2174 4238 omnia
2201 4193 2428 4249 quaeque
2454 4175 2728 4230 exsistunt
2765 4173 3098 4242 ;ingenitnm
3131 4186 3194 4225 ac
3221 4169 3338 4224 sine
3369 4167 3572 4237 princi--

331 4261 514 4327 φύσει,
548 4263 641 4314 καὶ
687 4264 860 4333 τόπῳ,
909 4264 1004 4318 καὶ
1036 4266 1212 4336 χρόνῳ
1258 4266 1446 4330 ἁπλῶς
1489 4269 1901 4339 ἀπερίληπτον]

1991 4276 2101 4346 pio,
2139 4281 2190 4326 et
2244 4270 2536 4332 inﬁnitum,
2595 4274 2648 4322 et
2691 4275 2888 4334 natura
2946 4278 3008 4316 ac
3059 4260 3176 4316 loco
3229 4269 3284 4314 ct
3330 4267 3571 4320 tempore

330 4354 426 4405 καὶ
483 4353 642 4407 τοῦτό
682 4357 803 4409 ἐστι
858 4357 920 4409 τὸ
957 4359 1277 4429 ἀπόκρυφον
1311 4359 1368 4412 ἓν
1401 4360 1540 4430 ὑπὲρ
1593 4361 1739 4414 νοῦν.
1800 4363 1901 4414 Καὶ

1991 4363 2304 4431 simpliciter
2334 4358 2867 4425 incircumscriptum
2903 4373 2918 4416 ;
2947 4363 2999 4410 et
3033 4353 3160 4408 illud
3203 4361 3287 4406 est
3339 4351 3572 4404 abscon-

329 4445 476 4497 ἑστιν
505 4445 538 4516 ἡ
569 4446 689 4499 θεία
716 4449 1017 4520 κατάληψις
1055 4451 1300 4518 φυσικῶς
1334 4452 1393 4515 ἐξ
1427 4452 1591 4505 αὑτοῦ
1624 4452 1901 4521 προϊοῦσα,

1997 4459 2169 4513 ditum
2211 4467 2378 4508 unum
2415 4466 2576 4519 supra
2607 4461 2864 4505 mentem.
2900 4447 2962 4501 Et
2993 4455 3078 4501 est
3109 4445 3290 4499 divina
3319 4456 3572 4510 compre-

329 4535 622 4608 παμπόλλη
658 4555 741 4599 τις
771 4538 926 4600 οὖσα,
961 4540 1057 4591 καὶ
1089 4541 1235 4610 ἡμᾶς
1269 4538 1427 4604 αὖθις
1453 4543 1540 4594 ἐπ’
1574 4542 1746 4611 αὑτῆς
1803 4545 1909 4595 ἐπ-

330 4629 820 4693 ανατείνουσα,καὶ
836 4626 946 4683 οἷον
979 4633 1360 4685 ἁνακυκλοῦσοι
1389 4637 1605 4704 νοεραῖς
1635 4651 1908 4705 χειραγω-

329 4723 506 4786 γίαις,
547 4722 643 4773 καὶ
698 4723 1095 4792 ἐπιστροφαῖς,
1149 4725 1246 4777 καὶ
1298 4727 1648 4788 ἀνατάσεσιν,
1695 4727 1817 4779 ἐπεὶ
1850 4727 1910 4780 τὸ

327 4810 551 4878 ἀρχικὸν
599 4810 918 4880 ἀπόκρυφον
960 4812 1239 4882 ὑπερφυὲς
1271 4813 1330 4866 ἓν
1357 4828 1370 4841 ⁶
1421 4814 1678 4868 τοσοῦτον
1714 4815 1911 4869 ἐνοῦσα

326 4901 476 4969 ἡμᾶς
504 4899 704 4969 τούτῳ,
729 4901 852 4952 ὅσον
884 4902 1078 4970 νοῆσαι
1106 4903 1189 4954 ὅτι
1222 4901 1360 4968 ἔστι,
1393 4905 1488 4955 καὶ
1513 4905 1595 4957 ὅτι
1631 4903 1690 4956 ἓν
1719 4907 1866 4958 ἐστιν
1890 4921 1904 4934 ·

327 4991 410 5042 ἔτι
441 5007 506 5058 γε
544 4991 650 5061 μὴν
682 4991 776 5044 καὶ
801 4993 883 5045 ὅτι
914 4993 1103 5062 τρόπῳ
1131 4993 1296 5046 παντὶ
1337 4993 1650 5063 ἀδιανόητόν
1679 4995 1818 5058 ἐστι,
1849 4994 1908 5047 τὸ

324 5081 376 5133 τί
403 5084 551 5135 ἐστιν
580 5079 720 5136 εἶναι
755 5083 953 5137 εἰδέναι
999 5085 1157 5138 τοῦτο
1181 5085 1243 5138 τὸ
1272 5085 1590 5156 ἀπόκρυφον
1626 5085 1705 5140 ἓν.
1739 5087 1812 5138 Τὸ
1851 5087 1909 5139 δὲ

326 5173 586 5242 ὑπεράνω
613 5175 706 5227 νοῦ
739 5177 1040 5246 εὑρημένον
1076 5177 1171 5228 καί¹
1197 5176 1465 5245 ὲκφεῦγον
1493 5176 1752 5243 διάνοιαν,
1794 5177 1910 5241 πῶς

324 5267 391 5318 ἂν
427 5267 586 5334 λόγος
633 5267 954 5333 διεξοδεύειν
1012 5269 1332 5339 δεδύνηται;
1369 5268 1396 5320 ὃ
1445 5269 1503 5322 δὲ
1543 5269 1700 5336 λόγος
1737 5270 1908 5333 διεξο-

321 5357 501 5411 δεύειν
545 5358 606 5409 οὑ
656 5358 938 5428 δεδύνηται
970 5361 1184 5430 νοητὸν,
1219 5360 1564 5430 ἁφθέγκτως,
1613 5363 1706 5413 καὶ
1738 5362 1910 5431 ἀρρή-

323 5465 454 5511 τως,
508 5452 604 5500 καὶ
643 5452 701 5502 ὲν
751 5454 928 5522 σιωπῇ
969 5453 998 5502 ὁ
1051 5452 1177 5515 νοῦς
1215 5453 1356 5525 ὑπὲρ
1391 5453 1599 5507 ἔννοιαν
1660 5454 1905 5515 ἑνοειδώς

323 5537 537 5608 ἀφορᾷν
583 5539 659 5601 ὡς
713 5539 1048 5611 ἀπόκρυφον,
1095 5543 1188 5594 καὶ
1231 5543 1442 5612 χαίρειν
1489 5543 1562 5604 ὡς
1594 5544 1774 5612 αίτῖῳ,
1812 5545 1906 5594 καὶ

329 5630 641 5700 προμηθείο
705 5633 798 5684 καὶ
837 5632 1236 5704 ἐκπλήττεσθαι
1294 5633 1369 5697 ὡς
1421 5635 1756 5705 ὑπερφώτῳ,
1813 5636 1906 5686 καὶ

330 5722 679 5797 ὑπεραγάθῳ,
705 5727 999 5797 ὑπερσόφω
1023 5748 1074 5781 τε
1107 5733 1199 5782 καὶ
1228 5730 1327 5782 ὑπε
1340 5730 1610 5799 ρδυνάτεῳ,
1644 5733 1732 5784 καὶ
1759 5733 1903 5793 θείας

1997 4550 2190 4608 hensio
2216 4543 2537 4601 naturaliter
2568 4557 2636 4598 ex
2657 4542 2774 4611 ipso
2793 4538 3112 4610 procedens.
3139 4537 3307 4590 multa
3327 4533 3570 4602 quidem,

1997 4656 2052 4699 et
2085 4654 2185 4695 nos
2212 4653 2430 4693 rursum
2462 4649 2627 4698 super
2655 4635 2889 4702 seipsam
2919 4627 3566 4694 extendens,etcircum-

1997 4749 2163 4805 agens
2189 4730 2458 4801 spirituali
2483 4729 2648 4783 ductu
2683 4735 2734 4780 et
2761 4738 3118 4779 conversione
3140 4730 3194 4775 et
3223 4720 3572 4779 extensione,

1997 4841 2120 4884 cum
2153 4824 2284 4878 illud
2313 4821 2520 4876 initiale
2537 4814 3224 4886 arcanumsnpernaturale
3251 4827 3418 4866 unum
3456 4811 3569 4879 sit;

1999 4929 2210 4974 tantum
2245 4931 2345 4970 nos
2384 4929 2506 4969 cum
2541 4913 2660 4980 ipso
2703 4911 2989 4974 unilieans,
3037 4917 3299 4977 quantum
3349 4919 3576 4960 necesse

1999 5023 2079 5066 est
2117 5020 2175 5062 ut
2200 5009 2436 5062 sciamus
2466 5005 2592 5057 illud
2620 5017 2741 5057 esse
2775 5013 2828 5055 et
2859 5015 2982 5056 esse
3026 5014 3234 5065 unum;
3282 5005 3336 5050 et
3393 4979 3600 5064 adhucL

1998 5103 2131 5159 illud
2159 5116 2280 5156 esse
2308 5098 2532 5153 omnino
2571 5095 2941 5165 incngitahile,
2977 5102 3025 5146 el
3060 5090 3398 5161 impossibile
3450 5071 3603 5163 esse:

2001 5208 2056 5249 ιιι
2091 5195 2453 5265 perpiciamus
2474 5187 2604 5258 quid
2648 5189 2719 5242 sit
2749 5187 2877 5239 illud
2946 5185 3324 5240 absconditum
3379 5196 3568 5234 unum.

1999 5288 2154 5355 Quod
2187 5300 2349 5354 supra
2384 5290 2622 5336 mentum
2643 5281 2809 5334 εἰμι-η
2841 5287 2985 5332 estet
3007 5279 3140 5345 fugit
3168 5273 3572 5344 cogitationem,

1999 5377 2268 5451 quomodo
2299 5376 2425 5428 illud
2453 5373 2588 5426 ratio
2623 5373 2796 5441 possit
2826 5381 3113 5439 penetrare
3147 5367 3170 5420 ?
3198 5364 3353 5430 Quod
3389 5370 3570 5416 autem

2001 5470 2140 5524 ratio
2175 5483 2278 5519 non
2316 5472 2490 5533 potest
2547 5463 2842 5530 cogitatum
2892 5465 3194 5527 penetrare,
3236 5469 3393 5507 mens
3449 5453 3574 5506 abs-

2001 5579 2106 5629 que
2134 5573 2262 5611 \‘eCe.
2301 5567 2352 5605 et
2394 5553 2559 5605 verbo
2590 5562 2641 5606 et
2667 5555 2717 5604 in
2753 5550 2970 5604 silentio
2996 5560 3158 5612 supra
3185 5541 3571 5612 cogitationem

2002 5652 2317 5720 Sitnplit'il'T
2351 5646 2594 5717 aspicere
2635 5661 2664 5710 p
2703 5652 2806 5696 test
2852 5650 2909 5693 ut
2966 5635 3344 5708 abseomhtuzn
3401 5642 3455 5685 et
3507 5646 3575 5685 eo

2006 5744 2171 5798 lmt‘ui
2216 5748 2469 5808 tanquam
2505 5734 2769 5805 priuripie
2801 5740 2850 5784 et
2887 5725 3326 5798 p:oridenlia,.ct
3353 5733 3573 5790 smpere
