4058 6204
507 314 617 379 εδει

1646 301 1990 365 CALLlSTl
2027 293 2646 358 CATAPHUGIOTEE

3664 291 3764 354 883

509 444 767 503 tanquam
809 427 1257 500 supersplendido
1284 437 1336 480 et
1370 414 1746 496 superoptimo
1797 433 1848 476 et
1882 434 2087 490 prmpo-

2191 411 2479 465 ὶπολαύειν
2512 414 2576 467 ἐκ
2605 415 2796 470 τούτου
2827 416 3234 485 ἀγαλλιάσεως,
3273 419 3346 482 ὡς
3396 415 3552 473 οὖσιν
3603 420 3760 474 ἀπεί.

509 525 639 581 tenti
675 533 728 580 et
757 522 935 578 divina
971 537 1034 576 ex
1081 520 1198 589 ipso
1243 518 1602 573 exsultatione
1643 517 1770 580 frui,
1828 523 2086 582 tanquam

509 617 735 670 inﬁnitis
782 622 836 668 et
879 613 1252 668 interminatis
1310 610 1566 665 omnibus
1618 609 1816 678 quibus
1873 607 2088 662 videtur

506 707 1006 779 supersubtantiale
1061 720 1229 758 untnn
1309 702 1725 767 absconditum;
1762 709 1815 755 et
1867 700 2089 753 omnino

509 798 792 852 rationalis
841 808 1048 850 natura:
1079 795 1472 864 consequentia
1522 802 1625 847 est.
1685 791 2089 860 lnconseqnens

507 893 673 962 igitur
705 898 789 945 est
833 901 1065 942 mentem
1114 904 1235 958 qua:
1270 890 1322 942 in
1361 888 1428 942 iis
1479 896 1752 951 versatur,
1789 885 2090 938 ratiunibns

513 986 614 1047 uti,
664 997 835 1052 caque
869 989 1159 1052 penetrare
1217 989 1610 1034 transeuntem.
1646 977 1746 1043 Qui
1797 977 1964 1048 igitur
2013 976 2084 1030 si-

507 1074 672 1141 l-ntio
703 1090 810 1126 nun
848 1074 1039 1132 utitur,
1068 1071 1162 1126 sed
1211 1085 1361 1135 voce,
1389 1085 1419 1123 a
1451 1084 1666 1122 summo
1713 1070 1909 1121 mentis
1943 1076 2087 1120 statu

506 1169 722 1221 deﬁcit:
753 1168 798 1221 is
868 1167 1014 1221 enim
1051 1180 1301 1220 summus
1333 1164 1451 1232 ejus
1487 1171 1665 1217 status
1693 1171 1797 1223 est,
1825 1170 1883 1213 ut
1910 1161 1944 1214 ii
1987 1161 2087 1230 ipsi

507 1262 598 1327 qui
635 1259 765 1312 nihil
810 1261 1060 1312 veritatis
1093 1272 1200 1323 pra:
1239 1274 1299 1310 se
1338 1257 1540 1318 ferunt,
1573 1253 1982 1320 conﬁterentur,
2034 1253 2088 1305 in

507 1371 725 1424 summo
754 1371 873 1410 eam
916 1370 1028 1409 sua:
1072 1353 1291 1407 virtutis
1317 1354 1487 1421 gradu
1520 1349 1800 1405 constitui.
1833 1348 2090 1423 Summps

511 1467 673 1523 porro
705 1450 793 1503 ille
822 1448 1024 1520 gradus
1057 1457 1140 1501 est
1172 1447 1238 1500 ad
1269 1445 1400 1502 illud
1432 1444 1578 1514 quod
1605 1459 1876 1498 summum
1899 1450 1984 1497 est
2005 1457 2089 1496 as-

513 1550 721 1605 pectus,
755 1541 849 1612 qui
876 1550 930 1596 et
953 1542 1071 1596 sine
1101 1539 1276 1594 oculis
1301 1537 1486 1608 perﬁci
1519 1537 1716 1591 dicitur
1747 1552 1762 1603 ;
1797 1535 1970 1590 multo
1993 1535 2091 1606 igi-

511 1647 597 1703 tur
624 1636 822 1701 minus;
857 1646 909 1690 et
939 1635 1055 1699 sine
1080 1649 1212 1695 voce
1245 1647 1308 1686 ac
1339 1631 1537 1688 verbis.

580 1728 670 1782 46.
712 1728 940 1794 Quando
973 1742 1128 1788 mens
1166 1724 1282 1780 sine
1307 1723 1483 1782 oculis
1518 1723 1728 1779 accedit
1774 1722 1841 1777 ad
1866 1723 2091 1778 divinis~

511 1816 728 1881 simam,
792 1824 1251 1880 unam,aaternam
1285 1827 1347 1866 ac
1376 1826 1642 1867 summam
1672 1811 2085 1873 obscuritatmu,

511 1924 796 1972 assensus,
822 1918 876 1962 et
913 1909 998 1962 hic
1023 1908 1143 1962 sine
1173 1907 1348 1962 oculis
1382 1905 1509 1962 inde
1544 1905 1610 1961 ad
1664 1915 1896 1960 mentem
1954 1905 2089 1958 sim-
2111 1936 2125 1950 ο

514 2003 706 2071 plicem
748 1999 1051 2066 descendit,
1080 1997 1312 2068 simplex
1343 2012 1561 2067 quoque
1589 2005 1644 2050 et
1682 1995 2090 2067 pulchritudine

510 2109 573 2146 ac
615 2092 732 2147 luce
783 2091 982 2146 (ιιίιιιὶα
1017 2102 1069 2144 et
1101 2089 1357 2143 ineﬂ‘ablli
1413 2087 1701 2157 Splendore
1762 2088 1989 2156 plenus;
2037 2097 2091 2142 et

509 2189 564 2254 iu
596 2172 974 2238 admirationis
1001 2181 1250 2252 abyssum
1285 2192 1339 2234 et
1372 2182 1611 2248 Stuporis
1641 2191 1874 2234 mentem
1929 2180 1982 2234 in
2015 2181 2090 2233 si-

513 2281 680 2342 lentio
705 2278 983 2342 inritans;
1017 2273 1487 2344 comprebetnlens
1520 2288 1615 2327 cor
1656 2272 1927 2341 spirituali
1971 2271 2088 2323 elli—

513 2368 665 2434 cacia
692 2377 745 2423 ct
770 2367 914 2422 dulci
941 2366 1159 2437 gaudio.
1204 2365 1286 2419 Fit
1323 2365 1490 2421 menti
1545 2363 1722 2418 dulcis
1761 2364 2086 2418 illuminatio

513 2477 575 2531 ac
602 2461 880 2530 splendor,
907 2469 961 2514 et
1007 2459 1260 2513 divinans
1305 2457 1606 2512 secundum
1673 2454 2085 2511 similitudinem

511 2567 684 2620 arnor,
721 2563 774 2610 et
809 2542 943 2624 pura
964 2552 1276 2622 exsultatio.
1311 2549 1644 2620 Principium
1669 2559 1847 2604 autem
1882 2564 1948 2604 ex
1978 2549 2088 2602 Deo

517 2649 696 2717 habet,
742 2646 885 2702 unde
936 2661 1099 2702 omne
1168 2647 1370 2702 donum
1424 2645 1689 2714 Optimum
1741 2657 1838 2713 per
1895 2642 2089 2696 tuentis

512 2739 834 2807 munditiam
867 2757 882 2806 ;
919 2748 971 2794 et
1005 2739 1185 2805 habet,
1211 2749 1268 2793 ut
1302 2741 1375 2792 ita
1421 2737 1623 2801 dicam,
1677 2735 1962 2790 materiam
2022 2749 2086 2787 ex

509 2834 713 2895 divinis
742 2830 1180 2900 apparitionibus
1213 2845 1310 2899 per
1343 2829 1664 2898 scripturas,
1713 2837 1768 2881 et
1810 2838 2089 2880 creaturas

511 2924 882 2994 iutelligentcr
919 2938 1044 2978 cum
1080 2932 1224 2976 recto
1283 2922 1448 2976 corde
1474 2922 1526 2975 in
1583 2919 1981 2984 tranquillitate
2033 2926 2088 2972 et

512 3018 760 3074 oratione
812 3015 1198 3086 consideratis.
1257 3012 1373 3069 Non
1430 3016 1576 3070 enim
1623 3014 1868 3084 quolibet
1926 3012 2088 3064 modo

511 3110 779 3180 aspicitur
843 3109 1224 3173 absconditum
1284 3117 1340 3164 et
1438 3107 1691 3165 intimttm

512 3219 681 3268 unum
733 3218 896 3273 supra
931 3203 1340 3277 cogitationem,
1373 3201 1468 3256 sed
1502 3202 1555 3262 in
1595 3197 1923 3270 praeedente
1965 3196 2092 3251 inde

509 3296 802 3366 splendore
847 3296 1084 3366 simplici
1147 3306 1426 3366 aspectum
1481 3305 1535 3350 et
1580 3293 2088 3362 contemplationem

511 3389 854 3459 spirituaiem
885 3389 1150 3459 replente.
1186 3388 1343 3456 Quod
1374 3389 1466 3459 qui
1497 3403 1606 3443 non
1647 3387 1873 3456 patitur,
1927 3383 2090 3448 ratio-

512 3483 879 3552 nabiliterque
944 3492 998 3547 et
1031 3484 1268 3538 scienter
1298 3481 1543 3540 exterius
1576 3479 1826 3535 ascendit
1877 3479 1942 3533 ad
2000 3493 2090 3544 su-

514 3578 862 3646 pernaturale
895 3577 1278 3636 absconditum
1315 3585 1369 3633 et
1395 3575 1622 3644 simplex
1650 3590 1844 3640 unum,
1877 3586 1984 3627 non
2034 3571 2089 3624 in

515 3671 682 3727 corde
712 3679 915 3738 motus,
940 3687 1116 3743 neque
1147 3670 1502 3742 spiritualiter
1529 3669 1893 3730 illuminatus.

598 3851 684 3907 ιτ.
715 3850 1194 3921 Splendidissima,
1227 3850 1458 3919 simplex
1497 3857 1552 3904 et
1576 3847 1868 3904 uniformis
1889 3847 2089 3912 mentis

511 3944 568 4000 in
600 3943 710 3999 Deo
739 3945 1130 4014 contemplatio
1159 3957 1218 3998 se
1240 3941 1306 3997 ad
1337 3959 1500 3996 unam
1525 3942 1671 3997 illam
1703 3941 1937 3995 divinam
1964 3939 2092 3994 οδες

511 4038 800 4092 caritatem
833 4035 1014 4092 ferens
1059 4045 1116 4091 et
1140 4035 1208 4090 ad
1256 4035 1601 4106 splendorem
1638 4034 1762 4089 inde
1798 4033 2087 4092 micantem

511 4143 730 4190 acterna:
764 4142 817 4188 et
843 4133 1068 4188 inﬁnitae
1095 4132 1256 4196 lucis,
1294 4146 1401 4185 non
1436 4131 1594 4184 modo
1647 4130 1760 4182 oris
1808 4128 2086 4186 silentium

515 4228 704 4296 exigit.
736 4228 830 4282 sed
853 4236 908 4282 et
941 4227 1165 4282 mentis.
1195 4224 1350 4308 Licet
1371 4224 1542 4288 enim,
1571 4223 1652 4277 vel
1678 4235 1775 4276 ore
1807 4220 2085 4274 silentium

519 4331 734 4389 agente,
769 4320 909 4374 intra
945 4330 1180 4374 mentem
1233 4319 1308 4372 ita
1342 4316 1560 4387 disponi
1607 4325 1666 4370 ut
1713 4323 1766 4368 et
1806 4311 2089 4364 ratiocinia

515 4423 569 4465 ιι
616 4413 974 4480 cogitationes
1011 4425 1416 4482 percurramus,
1473 4419 1526 4462 et
1573 4419 1872 4462 mutemur.

511 4515 659 4558 esset
685 4503 918 4572 alicujus
946 4503 1030 4557 rei
1050 4512 1230 4556 mente
1258 4512 1531 4570 conceptae
1565 4515 1593 4553 a
1625 4515 1728 4569 qua
1754 4513 1910 4552 mens
1938 4494 2086 4550 relu-

513 4598 669 4660 git-ns
717 4597 872 4665 longe
919 4595 985 4648 ad
1021 4594 1394 4664 plenissimam
1439 4592 1643 4654 Divina:
1694 4591 1918 4645 unitatis
1982 4605 2088 4644 non

516 4694 800 4760 ﬁguratam
851 4688 1241 4742 obscuritatem
1289 4685 1561 4742 ascendit.
1603 4685 1763 4737 Aliud
1813 4682 1956 4736 enim
2006 4692 2092 4736 est

515 4781 718 4835 Illt‘lllls
762 4779 1150 4848 contemplatio
1176 4787 1233 4832 et
1265 4776 1579 4846 dispositio,
1608 4788 1661 4828 et
1693 4774 1842 4827 aliud
1889 4773 2093 4843 cogita-

517 4887 593 4928 tm
626 4891 745 4943 quae
776 4883 862 4929 est
899 4881 1174 4942 concepta:
1205 4872 1452 4932 rationis.
1500 4869 1654 4924 Unde
1694 4870 1745 4922 in
1781 4868 1976 4922 creatis
2030 4881 2094 4922 ac

515 4966 781 5036 oppositis
838 4974 932 5018 aut
961 4964 1118 5019 aliter
1176 4963 1341 5020 variis
1405 4963 1573 5016 rebus
1640 4970 1854 5016 versata
1915 4974 2091 5026 mens,

517 5063 750 5129 primum
807 5057 1231 5126 contemplatur.
1264 5071 1328 5110 ac
1355 5055 1554 5110 deinde
1592 5055 1664 5108 ita
1718 5054 1923 5122 cogitat
1975 5067 2095 5105 tnu-

517 5162 649 5204 tata.
687 5149 751 5204 Et
783 5166 914 5205 sane
947 5151 999 5202 in
1042 5165 1100 5204 re
1131 5163 1275 5216 saepe
1306 5160 1413 5203 una
1455 5145 1725 5203 ἱιινιιηὶι·ιοι
1758 5161 1863 5198 non
1895 5158 2097 5213 paucas

518 5244 907 5313 cogitationes.
941 5241 1044 5295 Sed
1083 5241 1136 5295 in
1164 5240 1254 5295 illa
1294 5254 1402 5293 una
1433 5247 1485 5293 et
1513 5236 1748 5306 simplici
1806 5244 1860 5289 et
1901 5236 2092 5289 intima

519 5341 814 5407 divinaque
840 5335 1198 5399 obscuritate,
1230 5332 1461 5388 intendit
1492 5332 1710 5400 quidem
1742 5339 1796 5382 et
1837 5326 2098 5396 expandit

519 5431 798 5502 proprium
849 5430 1091 5488 oculum.
1123 5436 1176 5480 et
1199 5425 1364 5481 divini
1390 5423 1695 5493 splendoris
1744 5419 2098 5488 simplicitate

517 5533 846 5586 illustratur.
877 5526 1104 5580 Minime
1126 5530 1305 5576 autem
1342 5528 1516 5590 potest
1549 5519 1786 5588 cegitar'e
1813 5517 1894 5569 sic
1915 5515 2124 5597 ἀξειιυη

520 5623 646 5682 sita.
677 5621 794 5677 Una
823 5619 970 5674 enim
1005 5617 1092 5672 illa
1126 5613 1449 5685 simplicitas
1494 5621 1548 5665 et
1576 5610 1882 5664 obscuritas
1932 5607 2099 5676 spini-

523 5718 720 5784 tuaicm
772 5711 1188 5768 conversionem
1259 5716 1352 5760 aut
1410 5706 1613 5759 variam
1684 5700 2099 5774 disponitionent

523 5808 680 5899 (υῇίι,
709 5816 762 5863 et
795 5823 900 5863 non
926 5815 1106 5894 potest
1132 5801 1368 5875 cogitata
1401 5797 1644 5854 describi
1672 5806 1764 5851 aut
1812 5810 1908 5849 ore
1964 5792 2095 5863 diei.

2181 519 2318 574 ροις,
2356 508 2452 561 καὶ
2503 509 2771 577 ἀορίστοις
2815 509 3036 575 ἆπασ.ν,
3069 512 3148 574 οἷς
3196 513 3390 581 ὁρᾶται
3422 514 3481 564 τὸ
3531 513 3761 584 ὑπερθύ-

2182 612 2296 649 σιον
2352 599 2668 669 ἀπόκρυφον
2700 600 2759 653 ἒν
2787 642 2801 665 ,
2835 605 2926 655 καὶ
2974 604 3114 657 πάνυ
3152 621 3232 656 τοι
3282 605 3499 676 φύσεως
3538 606 3763 674 λογικῆς

2181 691 2552 760 ἀκολούθημα.
2613 693 2996 748 Ἀνακόλουθον
3023 695 3099 760 δέ,
3132 698 3189 748 ἐν
3223 697 3486 760 τοιούτοις
3516 697 3650 751 ὄντα
3676 699 3764 750 τὸν

2181 785 2326 846 νοῦν,
2359 784 2538 852 λόγοις
2565 786 2821 856 χρῆσθαι,
2854 790 2946 839 καὶ
2977 787 3299 852 διεξοδεὺειν
3341 789 3761 858 μεταϐαίνοντα.

2193 877 2252 929 Ὀ
2301 876 2408 942 ἀρα
2454 875 2738 947 χρώμενος
2783 879 2904 948 οὐχὶ
2933 879 2995 931 τὸ
3036 882 3267 950 σιωπᾷν,
3301 875 3530 934 ἀλλάτὺ
3560 883 3760 950 λέγειν,

2179 967 2280 1036 τῆς
2309 968 2485 1036 ἄκρας
2516 967 2750 1020 ἐλλείπει
2779 967 2871 1020 τοῦ
2903 968 2995 1021 νοῦ
3028 973 3418 1035 καταστάσεως
3437 989 3450 1001 ⁵
3479 972 3624 1042 αὕτη
3662 978 3764 1042 γὰρ

2181 1061 2329 1112 ἐστιν
2370 1061 2403 1128 ἡ
2443 1059 2590 1130 ἄκρα
2616 1060 2807 1113 τούτου
2843 1062 3202 1127 κατάστασις,
3231 1063 3305 1128 ὡς
3341 1065 3435 1117 καὶ
3471 1068 3624 1136 παρὰ
3661 1069 3765 1120 τῶν

2184 1152 2350 1221 μηδὲν
2384 1151 2640 1223 ἀληθείας
2680 1153 3046 1222 προτιθέντων
3081 1155 3442 1226 ὁμολογηθείη
3482 1159 3582 1211 ἄν·
3617 1159 3680 1211 τὸ
3714 1164 3768 1210 έν

2177 1244 2255 1312 τῷ
2311 1243 2597 1314 ἀκροτάτῳ
2654 1244 2752 1313 τῆς
2821 1244 2986 1298 αὑτοῦ
3063 1248 3345 1318 ἐνεργείας
3405 1248 3764 1318 γεγενῆσθαι,

2192 1334 2520 1406 Ἀκρότατον
2571 1335 2630 1388 δέ
2663 1337 2845 1402 ἐστιν,
2893 1337 2926 1407 η
2982 1336 3119 1407 πρὸς
3150 1338 3210 1389 τὸ
3244 1339 3549 1407 ἀκρότατον
3597 1340 3766 1392 αὐτοῦ

2177 1428 2496 1498 ἀπόϐλεψις,
2527 1429 2650 1499 ἥτις
2695 1430 2794 1482 καὶ
2838 1431 3171 1500 ἀνομμάτως
3201 1431 3473 1486 τελεῖσθαι
3497 1432 3724 1502 λέγεται
3750 1448 3763 1460 ·

2180 1520 2362 1592 πολλῷ
2392 1523 2499 1591 ἀρα
2528 1521 2771 1590 ἔλαττον,
2803 1525 2894 1576 καὶ
2924 1524 3228 1594 ἀλαλήτως.

2125 1759 2164 1816 Β
2254 1706 2374 1782 μς’.
2429 1708 2841 1772 Ἐπιὸάλλοντος
2873 1707 2968 1761 τοῦ
3007 1707 3099 1761 νοῦ
3133 1707 3460 1777 ἀνομμάτως
3497 1709 3566 1778 τῇ
3621 1707 3765 1760 θειο-

2182 1806 2322 1874 τάτῃ
2347 1805 2524 1873 ἐνικῇ,
2551 1805 2646 1855 καὶ
2673 1802 3042 1872 ὑπεραρχικῇ,
3074 1817 3168 1853 και
3195 1803 3605 1873 κορυφαιοτάτῃ
3634 1802 3773 1852 ἀπο-

2183 1895 2530 1965 κρυιριότητι,
2575 1893 2880 1964 παραδοχὴ,
2931 1894 3026 1944 καὶ
3064 1889 3202 1960 αὕτη
3244 1893 3580 1961 ἀνόμματος,
3628 1894 3773 1944 ἐκεῖ·

2186 1987 2277 2041 θεν
2335 1987 2544 2040 ἔπεισιν
2582 1986 2679 2039 ἐπὶ
2724 1987 2815 2038 τὸν
2853 1985 2976 2039 νοῦν
3031 1984 3262 2056 ἐνοειδὴν
3289 2023 3304 2049 ,
3353 1985 3448 2036 καὶ
3486 1983 3772 2053 μονοειδὴς

2187 2080 2498 2149 ὑπερκάλου
2557 2077 2656 2131 καὶ
2708 2077 3065 2147 ὑπερφαοῦς,
3113 2077 3207 2130 καὶ
3259 2077 3500 2146 ἀρρήτου
3537 2075 3773 2143 ἀγλαίας

2187 2173 2631 2243 πεπληρωμένηο
2690 2171 2786 2224 καὶ
2815 2174 2894 2234 εἰς
2945 2171 3104 2240 βυθὸν
3139 2168 3490 2239 θαυμασμοῦ,
3527 2169 3622 2220 καὶ
3674 2170 3768 2219 ἐκ·

2185 2265 2434 2334 πλήξεως
2471 2261 2890 2333 προκαλουμένη
2919 2262 3008 2314 τὸν
3067 2260 3192 2313 νοῦν
3238 2262 3295 2312 ἐν
3332 2262 3456 2330 σιγῇ
3479 2275 3493 2288 ο
3529 2275 3770 2328 προκατ-

2161 2354 2387 2430 ,ἐχουσά
2434 2371 2494 2406 τε
2528 2353 2626 2422 τὴν
2674 2352 2902 2423 καρδίαν
2942 2352 3194 2420 ἐνεργείᾳ
3251 2350 3635 2418 πνευματικῇ,
3678 2349 3774 2400 καὶ

2185 2448 2333 2518 χαρᾷ
2372 2445 2649 2516 γλυκερᾷ·
2685 2444 2868 2512 ἐκείνη
2899 2444 3112 2511 γίνεται
3155 2446 3232 2511 τῷ
3272 2439 3354 2493 νοῒ
3383 2441 3566 2509 νοερὸς
3608 2457 3776 2509 (pm-tt-

2189 2539 2345 2604 σμὸς,
2389 2535 2679 2606 ἔλλαμψις,
2729 2535 2825 2587 καὶ
2877 2533 3018 2596 θεῖος
3054 2534 3196 2586 κατά
3225 2532 3287 2585 τὸ
3319 2532 3582 2599 ἀνάλογον
3631 2532 3774 2601 ἔρως

2188 2627 2285 2680 καὶ
2336 2626 2562 2696 φαιδρὸν
2607 2624 2943 2694 ἀγαλλίαμα.
3005 2624 3159 2692 Ἔχει
3204 2621 3387 2692 δὲτὴν
3416 2622 3675 2692 ἀφορμὴν
3706 2624 3773 2673 ἐκ

2187 2722 2347 2790 Θεοῦ,
2379 2721 2502 2775 ὅθεν
2530 2722 2680 2774 πᾶσα
2708 2720 2855 2783 δόσις
2899 2717 3080 2789 ἀγαθὴ
3107 2719 3194 2770 διὰ
3232 2719 3330 2788 τῆς
3355 2717 3449 2770 τοῦ
3481 2717 3574 2770 νοῦ
3609 2718 3775 2769 καθα-

2189 2817 2437 2887 ρότητος,
2465 2816 2558 2868 καὶ
2595 2814 2713 2884 τὴν,
2738 2813 2812 2875 ὡς
2844 2812 2910 2866 ἂν
2943 2811 3089 2866 εἴποι
3120 2828 3226 2874 τις,
3257 2810 3389 2879 ὓλην
3427 2812 3492 2862 ὲκ
3518 2811 3629 2862 τῶν
3668 2812 3774 2863 ὁ.νά

2191 2910 2356 2978 μέρος
2387 2907 2546 2960 θείων
2574 2907 2866 2978 ἐμφάσεων
2898 2904 3007 2957 τῶν
3043 2903 3298 2972 Γραφῶν,
3329 2905 3421 2955 καὶ
3453 2902 3564 2954 τῶν
3597 2901 3772 2955 όντων

2186 3001 2616 3073 τεθεωρημένων
2668 3000 2905 3062 συνετῶς
2965 3000 3082 3069 μετ’
3121 2997 3416 3066 εὐθύτητος
3463 2998 3521 3049 ἐν
3569 2997 3777 3068 ἡσυχίᾳ⁸

1786 3104 2091 3166 Divinitalis

2191 3095 2282 3147 καὶ
2312 3096 2613 3163 προσευχῇ.
2646 3092 2722 3146 Οὐ
2757 3094 2866 3163 γὰρ
2895 3094 2969 3155 ὼς
3004 3093 3196 3164 ἔτυχεν
3224 3096 3494 3166 ἀφορᾶται
3539 3097 3599 3146 τὸ
3630 3095 3774 3147 ἀπόο

2189 3200 2399 3254 κρυερον
2440 3183 2715 3235 ἐνδότατον
2761 3181 2856 3234 τοῦ
2891 3183 3049 3235 Θείου
3093 3183 3150 3235 ἓν
3205 3183 3344 3254 ὑπὲρ
3391 3183 3622 3244 ἔννοιαν,
3659 3182 3775 3234 ἀλλ’

2189 3277 2247 3328 ἐν
2300 3275 2564 3346 προῖούσῃ
2604 3274 2814 3327 ἐκεῖθεν
2849 3275 3011 3347 αἴγλῃ
3048 3277 3271 3328 ἐνοειδεῖ
3316 3274 3414 3346 τὴν
3444 3274 3772 3344 ἀπόϐλεψιν,

2190 3368 2286 3430 καὶ
2337 3353 2574 3436 θεωρίαν
2625 3365 3123 3439 ὑπερεκπληρούσῃ
3161 3368 3260 3434 τὴν
3295 3365 3522 3434 νοεράνο
3563 3366 3707 3434 ὅπερ
3747 3368 3776 3418 ὁ

2194 3461 2268 3529 μὴ
2303 3457 2511 3521 παθὼν,
2553 3459 2792 3527 λογικῶς
2819 3477 2877 3511 τε
2913 3461 3006 3512 καὶ
3035 3457 3354 3527 γνωστικῶς
3389 3457 3588 3522 ἔξωθεν
3623 3459 3775 3511 ἄνει-

2193 3567 2277 3603 σιν
2345 3550 2424 3612 είς
2473 3551 2534 3604 τὸ
2593 3551 2871 3621 ὑπερφυὲς
2923 3538 3274 3621 ἀπόκρυφον
3306 3549 3513 3603 ἁπλοῦν
3569 3548 3660 3615 ἓν,
3716 3551 3777 3602 οὐ

2191 3644 2504 3718 καρδιακῶς
2535 3642 2928 3714 ἐνεργούμενος
2953 3682 2968 3708 ,
3001 3640 3124 3695 οὔτε
3160 3642 3224 3712 δὴ
3259 3641 3461 3714 νοερῶς
3494 3640 3775 3712 ἐλλαμπόο

2196 3756 2376 3810 μενος.
2462 3727 2474 3738 ’

2266 3829 2373 3900 ρξ’.
2422 3829 2486 3882 Ἠ
2539 3828 2899 3896 διαυγεστάτη
2957 3825 3194 3894 ένοειδής
3232 3841 3293 3877 τε
3339 3826 3432 3877 καὶ
3488 3824 3777 3894 μονοειδὴς

2191 3926 2286 3979 τοῦ
2313 3926 2430 3989 νοὸς
2460 3927 2520 3978 ἐν
2549 3925 2627 3996 τῷ
2681 3924 2800 3993 Θεῷ
2842 3923 3063 3992 θεωρία,
3096 3921 3465 3974 ἐπιϐάλλουσα
3510 3925 3578 3990 τῇ
3616 3921 3777 3990 ἑνικῇ

2193 4017 2310 4089 θείᾳ
2340 4016 2797 4087 ἀποκρυφιότητι,
2823 4017 2915 4068 καὶ
2943 4019 3009 4084 τῇ
3035 4014 3094 4084 ἐξ
3115 4013 3284 4083 αὐτῆς
3316 4012 3785 4084 ἐξαστραπτούσῃ

2195 4110 2357 4181 αἴγλῃ
2384 4109 2531 4163 θείαν
2561 4107 2892 4177 τηλαύγειαν
2921 4104 3369 4174 παραδεδεγμένη
3405 4105 3646 4172 ἀνάρχου
3682 4106 3778 4155 καὶ

2197 4201 2426 4273 ἀπείρου
2477 4197 2839 4270 φωτοϐολίας,
2892 4198 2952 4248 οῦ
3019 4197 3177 4266 μόνον
3237 4197 3501 4264 στόματος
3559 4195 3778 4265 σιωπὴν

2195 4302 2440 4363 ἀπαιτεῖ,
2487 4293 2624 4351 ἀλλά
2655 4296 2748 4348 καὶ
2784 4293 2923 4356 νοός.
2953 4291 3194 4361 ,Ἔξεστι
3232 4290 3340 4359 γὰρ
3375 4287 3470 4340 καὶ
3504 4285 3781 4354 στόματος

1933 4403 2093 4458 Ratio
2130 4367 2175 4424 θ
2197 4394 2406 4464 σιωπὴν
2445 4392 2691 4459 ἄγοντος,
2724 4389 2852 4441 εἴσω
2881 4386 2972 4439 τὸν
3003 4385 3128 4436 νοῦν
3167 4379 3527 4442 διατίθεσθαι,
3567 4378 3668 4429 καὶ
3705 4378 3787 4432 εἰς

2195 4485 2491 4553 λογισμοὺς
2531 4483 2624 4535 καὶ
2673 4481 2921 4550 νοήματα
2955 4474 3304 4546 μεταϐαίνειν
3329 4512 3344 4539 ,
3375 4473 3470 4524 καὶ
3500 4469 3784 4522 ποικίλλε-

2200 4577 2325 4630 σθαι
2347 4593 2360 4607 ο
2393 4577 2420 4629 ὃ
2449 4576 2605 4644 λόγος
2637 4573 2702 4627 ἂν
2730 4573 2816 4643 εἴη
2848 4569 2941 4623 τοῦ
2974 4567 3302 4633 ἐνδιαθέτου,
3334 4560 3396 4618 οῦ
3439 4563 3632 4634 πόρρω
3660 4561 3789 4621 νοῦς

2199 4667 2659 4738 ἀναδεδραμηκὼς
2699 4668 2777 4727 εἰς
2825 4665 2924 4734 τὴν
2965 4659 3440 4732 ὑπερηπλωμένην
3478 4657 3580 4725 τῆς
3632 4655 3790 4715 θείας

2201 4764 2382 4826 ἐνάὃος
2416 4762 2694 4814 ἀτύπωτον
2724 4757 3193 4827 ἀποκρυφίοτητα,
3234 4751 3396 4804 Ἄλλο
3433 4751 3542 4821 γάρ
3575 4751 3694 4801 ἐστι
3726 4749 3792 4798 τὸ

2203 4855 2444 4928 θεωροῦν
2477 4853 2571 4906 τοῦ
2625 4851 2763 4916 νοὸς,
2798 4850 2892 4904 καὶ
2925 4849 2984 4900 τὸ
3013 4845 3380 4911 διατίθεσθαι,
3414 4843 3509 4894 καὶ
3555 4841 3790 4892 διανοεί-

2207 4951 2351 5012 σθαι,
2401 4948 2539 5016 ὅπερ
2575 4945 2691 4998 ἐστὶ
2726 4941 2820 4996 τοῦ
2862 4939 3167 4993 ἐνδιαθέτου
3207 4937 3390 5006 λόγου,
3421 4933 3630 5001 ἕτερον.
3675 4931 3796 4982 Ἐν-

2204 5040 2396 5094 τεῦθεν
2450 5043 2508 5093 ἐν
2567 5039 2806 5098 κτιοτοῖς
2833 5075 2844 5097 ,
2883 5034 2978 5086 καὶ
3013 5032 3317 5092 συνθέτοις,
3358 5029 3390 5099 ἢ
3445 5027 3620 5089 ἄλλως
3675 5040 3797 5086 πως

2209 5136 2477 5196 ποικίλοις
2519 5129 2756 5201 γεγονὼς
2805 5128 2856 5178 ό
2883 5125 3007 5188 νοῦς
3052 5124 3366 5193 πράγμασι,
3403 5120 3622 5188 πρῶτον
3660 5117 3802 5168 θεω-

2214 5227 2316 5296 pst,
2373 5221 2590 5277 κᾶπειθ’
2642 5219 2783 5274 οὕτω
2818 5217 3108 5271 διανοεῖται
3167 5211 3600 5278 ποικιλλόμενος.
3658 5209 3803 5259 Καί-

2213 5335 2404 5371 πουτοι
2429 5319 2486 5368 ἐν
2517 5318 2805 5384 πράγματι
2835 5309 3092 5369 πολλάκις
3117 5307 3218 5366 ἐνὶ,
3246 5304 3397 5373 εὖροι
3425 5303 3488 5354 ἂν
3517 5301 3615 5352 οὐκ
3635 5298 3802 5364 ὀλίγα.

2213 5409 2484 5478 νοήματα.
2517 5407 2604 5458 Ἐν
2627 5405 2684 5456 δέ
2700 5420 2762 5470 γε
2785 5406 2850 5472 τῇ
2881 5402 3054 5469 ἑνικῇ,
3077 5400 3168 5451 καὶ
3197 5393 3461 5466 μονοειδεί
3485 5393 3672 5462 ἐκείνῃ
3703 5391 3803 5441 καὶ

2216 5499 2486 5568 ἐνδοτάτῳ
2546 5496 2665 5566 θείᾳ
2720 5493 3178 5562 ἁποκρυφιότητι,
3236 5485 3508 5542 ἀνατείνει
3550 5483 3647 5552 μὲ]
3704 5482 3804 5532 καὶ

2216 5593 2448 5647 ἀναπλοί
2475 5591 2536 5644 τὸ
2567 5587 2900 5659 θεωρητικὸν
2930 5585 3190 5654 σφέτερον
3217 5582 3394 5650 δμμα,
3422 5581 3516 5631 καὶ
3542 5579 3606 5645 τῇ
3635 5574 3804 5627 ἁπλό-

2217 5704 2340 5756 τητι
2392 5686 2489 5754 τῆς
2532 5682 2684 5743 θείας
2734 5681 2906 5748 αὐγῆς
2961 5677 3398 5744 καταλάμπεται.
3447 5673 3683 5724 "limata
3737 5667 3799 5718 δὲ

2221 5780 2333 5848 ἔχει
2356 5774 2684 5829 διανοεῖσθαι
2711 5771 3114 5842 διατιθέμενος·
3141 5766 3396 5838 ἐκφεύγει
3425 5765 3583 5836 γὰρ
3615 5759 3794 5827 ἑνιαίᾳ
