3996 6202
357 222 464 285 889

1491 234 1584 292 DE
1628 235 1798 294 Vl'l‘A
1842 235 2502 308 CONTEMPI..-\'f‘l\':l.

3493 258 3606 320 830

351 346 592 415 ἁπλότης
625 343 723 415 τὴν
757 343 950 415 νοεράν
983 343 1197 398 οίανοῦν
1247 343 1566 413 μετάϐασιν,
1615 344 1645 414 ἥ
1684 347 1952 419 ποικίληνέ

2042 357 2120 408 'er
2159 375 2278 426 qua:
2322 361 2603 417 silentium
2635 372 2850 420 exercet
2881 381 3033 422 meus
3066 369 3385 450 naturaliter
3417 382 3468 425 et
3503 390 3602 428 ore

349 439 614 498 διάθεσιν,
671 438 760 490 καὶ
800 439 832 508 ἡ
883 440 1203 508 κρυφιότης,
1253 435 1313 488 τὺ
1357 438 1404 490 τί
1434 456 1560 491 ποτε
1587 441 1938 510 διανοηθέντα

355 532 529 582 εἰπεῖν
561 531 802 583 διαθέσει
841 534 935 583 καὶ
971 532 1219 601 στόματι.
1257 535 1337 584 Δι’
1375 533 1410 586 ἃ
1441 533 1503 601 δὴ
1538 534 1747 604 σιωπὴν
1777 535 1941 586 ἀσκεῖ

356 622 608 689 φυσικῶς
639 621 734 673 καὶ
770 622 1024 690 στόματι,
1059 624 1150 674 καὶ
1185 621 1286 688 νοῒ,
1328 623 1384 675 ὲν
1417 626 1482 692 τῇ
1531 625 1682 694 ἐνικῇ
1729 625 1938 690 ἐνδοξο-

354 708 501 778 τάτῳ
534 707 655 779 θείᾳ
700 709 1137 781 ἀποκρυφιότητι
1191 710 1394 782 νοερῶς
1421 712 1708 783 ἄνθρωπος
1749 715 1938 768 ἀναδε-

355 800 676 870 δραμηκώς.

431 890 543 959 μη’.
589 890 857 959 ὐπηνίκα
915 893 946 962 ἠ
1001 894 1210 966 στροφὴ
1243 894 1337 947 τοῦ
1378 895 1497 960 νοὸς
1547 897 1710 968 νεύσῃ
1745 898 1944 962 ὑλικῶς

358 983 449 1034 ἐπὶ
476 983 568 1034 τον
595 982 750 1046 Θεὸν,
782 987 873 1036 καὶ
909 986 1192 1057 καταποθῇ
1223 986 1282 1039 τὸ
1318 986 1556 1056 θεωροῦν
1608 988 1772 1041 αὐτοῦ
1823 993 1945 1053 ταῖς

269 1141 280 1145 ,
359 1072 451 1124 τοῦ
486 1073 630 1126 θείου
656 1075 886 1139 κάλλους
915 1078 1372 1146 παμφαεστάταις
1398 1081 1602 1142 ἀκτῖσι,
1643 1082 1739 1134 καὶ
1772 1082 1946 1150 ἀσχη-

364 1164 641 1234 ματίστως
702 1168 783 1229 είς
832 1166 930 1238 τὴν
989 1166 1084 1220 τοῦ
1147 1167 1470 1238 ἀποκρύφου
1529 1171 1647 1234 ἐνὸς
1702 1163 1945 1226 ἀνειδέου

361 1258 560 1329 ἀνέλθῃ
589 1259 870 1328 ἁπλότητα
913 1261 1004 1312 καὶ
1036 1261 1338 1330 ἀοριστίαν,
1371 1263 1466 1315 καὶ
1524 1263 1749 1334 γένηται
1779 1265 1942 1328 αὐτὸς

362 1350 538 1419 ἐαυτῷ
571 1349 652 1411 ἓν,
693 1353 757 1420 τῇ
787 1351 922 1420 πρὸς
952 1350 1009 1403 τὸ
1043 1349 1100 1402 ἓν
1129 1350 1324 1404 ἑαυτοῦ
1371 1352 1654 1414 ἀνατάσει,
1688 1353 1780 1405 καὶ
1811 1355 1948 1406 ἀποο

364 1441 551 1510 ϐλέψει
582 1445 638 1495 ὲν
671 1444 926 1514 ἐπιπνοίᾳ
969 1443 1063 1496 τοῦ
1099 1444 1435 1512 Πνεῦματος,
1473 1443 1533 1496 τὸ
1557 1445 1811 1514 τηνικάδε
1847 1446 1950 1514 τῆς

364 1533 673 1604 νηπιώδους
705 1533 954 1602 γίγνεται
1005 1535 1220 1606 τρανῶς
1271 1535 1690 1600 καταστάσεως,
1726 1535 1859 1587 αὑτὸ
1887 1537 1949 1588 τὸ

366 1631 620 1696 φρονεῖν,
657 1627 752 1680 καὶ
792 1627 890 1697 τῆς
931 1627 1025 1680 τοῦ
1075 1627 1211 1680 Θεοῦ
1259 1627 1536 1698 βασιλείας
1568 1627 1662 1681 τοῦ
1705 1629 1946 1699 ἀρρήτου

365 1721 458 1771 καὶ
495 1716 809 1788 ὑπερφυοῦς
835 1718 1082 1786 γεύεται,
1111 1720 1250 1771 κατά
1280 1719 1371 1772 τὸν
1398 1718 1492 1772 τοῦ
1534 1719 1736 1790 Κυρίου
1767 1721 1942 1788 λόγον,

372 1828 390 1858 ι
442 1809 572 1862 Ἐὰν
620 1809 694 1878 μὴ
727 1809 1028 1878 στραφῆτε,
1066 1809 1311 1875 λέγοντα,
1356 1811 1450 1862 καὶ
1493 1810 1722 1880 γένησθε
1768 1811 1842 1874 ὡς
1881 1813 1950 1866 τά

369 1901 576 1966 παιδία,
611 1901 670 1952 οὐ
707 1903 780 1969 μὴ
814 1900 1094 1968 εἰσέλθητε
1127 1903 1205 1963 είς
1235 1901 1334 1970 τὴν
1375 1901 1654 1968 βασιλείαν
1699 1904 1809 1954 τῶν
1858 1905 1950 1956 οὐ·

374 1993 571 2063 ρανῶν.
631 2011 649 2044 ι
700 1993 990 2055 Ἀπόλυτος
1033 1992 1142 2063 γάρ
1173 1994 1328 2058 τότε,
1365 1993 1460 2046 καὶ
1510 1994 1736 2064 ἄσχετος
1772 1999 1948 2068 πάντη

371 2088 435 2139 ἐκ
489 2087 705 2140 πάντων
739 2089 766 2139 δ
823 2086 945 2148 νοῦς
976 2085 1404 2138 ἀποκαθίσταται
1451 2087 1632 2154 πάσης
1672 2086 1948 2154 γνώσεως,

373 2179 734 2233 παντοιασοῦν
788 2180 1049 2249 νοήσεως,
1102 2181 1195 2232 καὶ
1247 2179 1427 2246 πάσης
1479 2177 1812 2242 συνθέσεως,
1854 2181 1950 2233 καὶ

375 2271 656 2333 π’)ικιλίας
709 2272 834 2333 τοὺς
883 2272 1042 2340 ὅρους
1104 2269 1636 2340 ὑπεραναϐεόηκὼς,
1673 2271 1767 2324 καὶ
1819 2274 1953 2326 ἀνα-

373 2365 684 2434 τεινόμενος
728 2366 806 2426 είς
838 2365 898 2416 τὸ
927 2362 1268 2431 ἄφθεγκτον,
1305 2364 1396 2414 καὶ
1427 2363 1568 2433 ὑπὲρ
1617 2364 1742 2416 νοῦν
1777 2366 1954 2432 ἀγνω-

375 2476 499 2510 στον
526 2475 538 2487 ³
571 2458 693 2510 ὅθεν
723 2458 860 2525 δῆτα
889 2458 983 2510 καὶ
1020 2457 1227 2526 σιωπὴν
1260 2456 1383 2522 ἄγει
1424 2455 1809 2524 φυσικῶς,’διὰ
1852 2457 1952 2526 τὴν

373 2548 434 2598 οὐ
462 2547 620 2617 μόνον
645 2546 786 2616 ὑπὲρ
811 2546 988 2613 λόγον,
1019 2545 1154 2598 ἀλλά
1176 2547 1268 2598 καὶ
1293 2546 1433 2616 ὑπὲρ
1456 2546 1648 2617 νοεράν
1672 2547 1952 2617 ἐνέργειαν

377 2641 648 2710 σφετέραν
697 2639 1052 2701 κατάστασιν,
1098 2639 1328 2708 ἔχουσαν
1367 2637 1506 2708 μετά
1555 2637 1648 2690 τοῦ
1696 2640 1952 2708 κρυφίου,

375 2734 467 2787 καὶ
497 2732 760 2796 ἀνειδέου,
808 2732 866 2783 τὸ
896 2733 1191 2800 ὑπερφυὲς,
1225 2730 1319 2783 καὶ
1371 2730 1584 2801 χαρίεν,
1628 2731 1720 2782 καὶ
1756 2731 1951 2800 γλυκὺ,

373 2826 496 2878 ὅσον
534 2825 613 2886 είς
648 2823 840 2892 νοεράν
874 2823 1192 2875 ἀπόλαυσιν.

450 2916 556 2988 μθ’.
623 2919 712 2970 Ἐν
771 2917 899 2969 εῖδει
946 2915 1023 2985 τῷ
1063 2915 1309 2984 ἀνειδέῳ,
1371 2914 1465 2967 καὶ
1520 2915 1954 2987 ὑπερφαεστάτῳ

2031 458 2084 502 et
2115 462 2322 518 mente;
2353 465 2404 507 et
2439 456 2492 507 in
2543 455 2986 525 gloriosissimam
3045 475 3207 514 unam
3257 473 3308 515 et
3358 465 3596 520 divinam

2033 541 2420 600 obscuritatem
2449 557 2735 618 postquam
2773 550 2932 606 homo
2998 553 3350 622 spiritualitcr
3406 560 3598 613 confu¢

2031 636 2127 704 git.

2103 881 2192 935 48.
2232 881 2462 947 Quando
2499 888 2694 941 mentis
2727 893 3009 946 conversio
3055 909 3279 961 prorsus
3327 898 3391 950 ad
3433 901 3598 953 Deum
3632 941 3635 962 ρ

2037 974 2228 1037 tendit,
2257 984 2311 1027 et
2339 976 2488 1044 cupit
2525 993 2647 1030 eum
2681 985 3036 1052 contemplari
3075 986 3270 1040 divina:
3301 992 3598 1056 pulcbritu-
3630 995 3633 1032 ἶ
3696 1023 3703 1028 -

2035 1065 2178 1117 diuis
2209 1067 2614 1133 splendentibus
2637 1072 2804 1126 radiis
2828 1073 3096 1130 illustrata
3129 1088 3179 1131 et
3210 1079 3259 1130 in
3291 1081 3598 1136 absconditi

2035 1168 2098 1208 ac
2144 1156 2408 1223 simplicis
2441 1158 2604 1211 unius
2654 1159 3052 1225 simplicitatem
3107 1175 3158 1220 ct
3202 1167 3599 1224 inlinitudinem

2035 1249 2368 1312 pervenerit,
2395 1258 2449 1303 et
2472 1252 2586 1319 ipsa
2616 1253 2720 1306 sibi
2752 1254 2852 1322 ipsi
2889 1272 3056 1310 unum
3086 1257 3277 1312 effecta
3313 1261 3474 1316 fuerit
3499 1280 3596 1317 sua

2036 1338 2100 1392 ad
2129 1339 2255 1392 illud
2280 1356 2444 1395 unum
2465 1343 2742 1397 tendentia
2765 1355 2818 1399 et
2836 1358 3052 1415 aspectu
3079 1350 3131 1404 in
3156 1351 3382 1419 spiritus
3404 1356 3577 1424 cogita
3599 1386 3606 1396 ν

2040 1431 2207 1496 tione,
2243 1440 2374 1488 tunc
2404 1435 2692 1491 manifeste
2725 1439 2972 1493 silentem
3026 1442 3172 1496 hunc
3216 1453 3417 1499 statum
3452 1462 3606 1501 asse-

2037 1533 2159 1576 cuta
2191 1533 2297 1587 est,
2349 1542 2540 1594 nempe
2581 1528 2758 1597 ipsum
2793 1532 3101 1598 concipere,
3138 1545 3189 1587 et
3233 1551 3456 1606 regnum
3510 1538 3604 1594 Dei

2039 1615 2312 1671 ineffabile
2363 1633 2428 1673 ac
2465 1623 2877 1688 supernaturalc
2925 1634 3131 1694 gustat,
3180 1627 3334 1693 juxta
3387 1631 3600 1684 Domini

2039 1709 2299 1764 verbum:
2339 1729 2358 1762 ι
2402 1712 2506 1766 nisi
2541 1718 2786 1771 conversi
2815 1716 3024 1772 fueritis
3052 1727 3105 1773 et
3130 1720 3434 1775 efficiamitti
3463 1723 3606 1778 sicut

2037 1801 2271 1868 parvuli,
2325 1817 2433 1857 non
2492 1805 2769 1862 intrabitis
2840 1809 2890 1862 itt
2952 1826 3177 1880 regnum
3249 1814 3534 1869 caelorum.
3579 1834 3598 1868 ι

2035 1893 2300 1948 Absoluta
2337 1897 2481 1949 enim
2509 1905 2638 1952 tunc
2665 1909 2847 1953 etnon
2872 1904 3112 1957 cohibita
3146 1905 3214 1957 ab
3241 1906 3386 1959 omni
3419 1909 3604 1974 cogni-

2036 1991 2179 2044 tione
2198 2002 2256 2046 se
2277 1999 2539 2053 removet,
2556 2000 2611 2044 et
2633 2006 2660 2043 a
2681 1994 2918 2061 qualibet
2941 1996 3290 2063 cogitatione.
3309 2007 3360 2050 et
3378 1999 3574 2053 diversi
3588 2031 3603 2042 ο

2037 2081 2167 2136 tatis
2199 2084 2461 2135 terminos
2509 2084 2904 2141 transcendens
2930 2098 2981 2141 et
3012 2090 3078 2142 ad
3113 2089 3387 2144 ineffabile
3429 2107 3605 2161 neque

2037 2172 2301 2226 noscibile
2331 2187 2389 2226 se
2423 2172 2602 2226 ferens
2646 2179 2790 2242 quod
2835 2186 2918 2229 est
2949 2193 3111 2246 supra
3161 2191 3418 2241 tuentem,
3463 2184 3606 2235 unde

2035 2277 2168 2317 sane
2198 2272 2250 2316 et
2280 2263 2559 2318 silentium
2611 2269 2932 2322 naturaliter
2967 2272 3077 2339 agit
3123 2288 3218 2339 per
3242 2289 3364 2326 eum
3398 2275 3487 2340 qui
3524 2282 3607 2327 est

2038 2369 2144 2408 non
2178 2357 2336 2410 modo
2365 2371 2530 2425 supra
2556 2359 2846 2426 rationem,
2873 2364 2963 2418 sed
2988 2374 3041 2420 et
3073 2382 3237 2436 super
3268 2366 3603 2433 spiritualem

2036 2447 2354 2514 efﬁcaciam,
2383 2457 2584 2504 statum
2621 2451 2928 2516 habentem,
2963 2473 3066 2510 una
3099 2472 3222 2510 cum
3248 2458 3340 2511 illo
3375 2460 3609 2512 abscon-

2037 2538 2152 2592 dito
2178 2553 2242 2594 ac
2270 2540 2538 2610 simplice,
2571 2548 2985 2613 supernaturale
3019 2559 3072 2603 et.
3099 2560 3311 2618 gratum
3346 2558 3399 2603 et
3429 2551 3606 2618 dulce,

2036 2639 2298 2698 quantum
2329 2648 2554 2690 necesse
2579 2646 2661 2690 est
2693 2639 2757 2692 ad
2788 2641 3120 2710 spiritualem
3154 2642 3479 2706 fruitinnem.

2107 2910 2199 2965 49.
2242 2910 2299 2964 1η
2331 2910 2508 2966 forma
2545 2913 2664 2967 sine
2691 2911 2862 2967 [arma
2892 2925 2943 2969 et
2975 2930 3142 2985 super
3167 2916 3611 2984 splendidissimo

376 3013 545 3083 ἀῢλῳ,
607 3014 702 3064 κα)⁵
741 3009 1020 3079 ἀσυνθέτῳ
1059 3007 1266 3068 κάλλει,
1301 3011 1394 3060 καὶ
1431 3009 1710 3080 προσώπῳ
1756 3010 1952 3063 ἁπλου-

2042 3003 2384 3058 immateriali
2417 3011 2470 3059 et
2497 3004 2904 3074 simplicissime
2950 3009 3102 3062 vultu
3145 3007 3312 3062 Deum
3361 3020 3610 3064 contem-

379 3106 557 3174 στάτῳ
583 3104 673 3157 τὸν
696 3104 828 3155 Θεὸν
852 3100 1147 3172 θεωροῦσιν
1168 3101 1215 3152 οἱ
1251 3100 1577 3171 θεωρητικοὶ
1605 3102 1849 3164 ὲνοειδῶς
1874 3102 1953 3168 ἓν,

378 3197 626 3267 ἀπείροις
683 3194 928 3264 ἀγαθοῖς,
995 3196 1494 3264 περιεστεμμένον,
1563 3195 1955 3265 ἀναριθμήτοις

378 3287 562 3348 καλοῖς
595 3283 1090 3356 κατηγλαῖσμένον,
1127 3283 1443 3352 φωτοειδέσι
1483 3283 1768 3348 καλλοναῖς
1803 3287 1956 3338 ἀκτι-

378 3379 593 3440 νοειδῶς
637 3378 825 3447 ὥσπερ
875 3377 1316 3448 περιαυγάζοντα
1370 3377 1493 3431 νοῦν
1531 3375 1742 3442 πάντα,
1800 3376 1956 3430 ὄλϐον

329 3463 340 3482 “’
381 3469 617 3538 ἄρρητον
672 3469 764 3522 καὶ
800 3468 1219 3537 ἀνεκδιήγητον·
1260 3468 1481 3536 ἀγαθῶν
1511 3470 1604 3523 καὶ
1633 3467 1813 3520 καλῶν
1850 3484 1958 3538 πη-

384 3557 566 3623 γαίαν,
606 3557 867 3625 ἀφθονίαν
898 3557 1308 3627 ἀπειρόϐλυτον,
1358 3557 1451 3609 καὶ
1503 3557 1753 3621 ἀένναον,
1797 3555 1956 3625 δόξης

385 3649 656 3717 θησαυρὸν
687 3649 1041 3715 ὑπέραντλον,
1069 3646 1443 3716 ἀπύθμαντον,
1477 3647 1747 3700 ἀκένωτον
1773 3664 1786 3677 ⁸
1821 3647 1953 3701 πολ-

391 3739 483 3807 ιῆς
543 3739 626 3791 ὅτι
685 3740 918 3809 μάλιστα
987 3738 1273 3809 τερπωλῆς
1328 3738 1782 3810 ὑπερπληροῦντα
1830 3738 1956 3800 τοὺς

397 3831 734 3900 ινομμάτους
790 3832 960 3892 νόας·
1001 3831 1176 3901 χαρᾶς
1233 3847 1292 3882 τε
1350 3831 1446 3881 καὶ
1510 3829 1780 3899 θυμηδίας
1835 3829 1954 3898 μετ’

385 3923 722 3994 εὐφροσύνης
755 3924 1032 3993 ἀκηράτου
1078 3924 1220 3978 κατά
1249 3923 1375 3994 ῥοῦν
1406 3923 1693 3994 ἀείρρυτον
1740 3921 1958 3992 προϊού-

383 4031 481 4085 σης
514 4015 787 4085 μυστικῶς
818 4017 882 4066 ἐκ
912 4015 1008 4083 τῆς
1040 4015 1190 4077 θείας
1233 4016 1446 4085 ἐκείνης
1473 4013 1589 4068 ’καὶ
1648 4013 1952 4082 ὑπερφυοῦς

381 4108 584 4170 ὲνάδος,
619 4109 717 4175 τῆς
753 4110 810 4160 ὲν
840 4107 1018 4177 ἀδύτῳ
1051 4109 1452 4178 ὑπερκειμένης
1485 4107 1918 4177 ἀποκρυφιότητι
1938 4114 1954 4132 ⁸

381 4203 461 4257 ῑτι
493 4218 549 4254 τε
582 4200 766 4270 ἡλίκον
802 4199 897 4251 καὶ
941 4201 1064 4251 ὅσον
1101 4196 1506 4267 ἀνεξιχνίαστον
1539 4199 1824 4266 προχεῖται
1857 4196 1958 4249 πέ-

378 4295 542 4361 λαγος
568 4292 628 4356 ἐξ
657 4290 872 4361 ἐκείνης
904 4291 1297 4361 ἀπερίληπτον,
1328 4289 1694 4360 χρηστότητος
1726 4289 1954 4357 ἀφάτου,

2039 3094 2257 3160 piantur
2304 3097 2711 3165 contemplativi
2755 3097 3102 3155 unifortuiter
3151 3117 3339 3163 unum,
3380 3103 3610 3155 infinitis

2040 3184 2198 3239 bonis
2251 3186 2676 3252 circumdatum,
2734 3188 3032 3244 innumeris
3113 3192 3612 3260 pulcltriludinibtts

2041 3276 2396 3341 illustratum,
2440 3278 2632 3333 lucidis
2680 3280 2846 3336 radiis
2905 3282 3247 3350 splendidum
3296 3293 3350 3337 et
3392 3299 3610 3337 omnem

2042 3378 2278 3424 mentem
2326 3370 2449 3425 luce
2493 3369 2853 3440 perfundens,
2903 3372 3203 3427 ineffabiles
3249 3383 3300 3427 et
3333 3375 3614 3428 inenarra-

2041 3460 2175 3515 biles
2227 3461 2487 3528 divitias;
2539 3463 2808 3517 bonorum
2865 3471 2917 3518 et
2967 3464 3322 3531 pulcbromm
3383 3465 3612 3531 fontem,

2041 3553 2309 3610 infinitam
2340 3555 2725 3610 abundantiam
2771 3566 3036 3626 perpetuo
3069 3559 3327 3611 liuentem
3374 3567 3427 3612 et
3456 3567 3616 3612 teter-

2039 3660 2186 3709 nam,
2204 3629 2386 3714 gloriae
2406 3645 2716 3700 thesaurum
2738 3647 3111 3716 plenissimum
3131 3656 3185 3702 et
3202 3649 3609 3713 inexhaustum,

2041 3738 2276 3806 plurimo
2305 3737 2501 3808 gaudio
2531 3738 2824 3807 replentem
2860 3749 3070 3793 mentes
3101 3740 3219 3793 sine
3245 3740 3441 3804 oculis,
3479 3741 3612 3794 beti-

2042 3831 2115 3884 tia
2150 3839 2203 3884 et
2233 3830 2599 3884 exsultatione
2631 3846 2752 3884 cum
2794 3832 3035 3887 immisto
3067 3848 3232 3888 sensu
3282 3834 3380 3887 hac
3429 3834 3614 3886 divina

2040 3932 2090 3976 et
2122 3921 2522 3990 supernaturali
2556 3923 2767 3976 unitate
2795 3912 3028 3977 libenter
3052 3939 3111 3978 se
3134 3922 3465 3983 ef'fundente,
3499 3925 3614 3987 illa.

2040 4029 2162 4082 quae
2195 4015 2246 4067 in
2279 4015 2562 4070 inaccessa
2592 4015 2922 4068 obscuritate
2953 4014 3117 4082 jacet.
3153 4015 3346 4069 Vialcnt
3399 4033 3618 4086 quoque

2039 4115 2303 4173 quantum
2345 4114 2464 4174 post
2515 4107 2989 4177 investigationem
3052 4106 3413 4172 proI‘uutlatur
3464 4125 3617 4164 utare

2039 4212 2104 4251 ex
2133 4198 2222 4250 illa
2249 4198 2546 4260 infinitum,
2571 4213 2634 4252 ex
2662 4197 2776 4259 illa,
2803 4197 3046 4266 inquam,
3074 4197 3331 4253 ineﬂabili
3372 4200 3616 4256 bonitate

2041 4303 2095 4345 ct
2124 4290 2495 4359 inexplicabili
2526 4290 2794 4344 charitate
2822 4300 2876 4344 et
2901 4291 3246 4359 providentia
3273 4293 3615 4347 insrrutabili

334 4410 338 4414 -
380 4385 475 4437 καὶ
508 4384 729 4452 ἀγάπης
765 4382 1174 4450 ἀνερμηνεῦτου
1200 4423 1214 4446 ,
1244 4382 1340 4433 καὶ
1374 4379 1714 4449 προμηθείας
1769 4381 1952 4431 ἀνεπι-

2045 4383 2097 4436 ἰη
2143 4383 2355 4436 infinita
2408 4383 2672 4453 potentia,
2723 4390 2776 4435 et
2827 4382 3085 4436 ineffabili
3139 4385 3445 4452 sapientia;
3496 4401 3617 4453 quae

381 4476 570 4545 νοήτου
607 4475 662 4527 ὲν
691 4474 916 4542 δυνάμει
945 4474 1203 4543 ἀορίετῳ,
1236 4474 1329 4525 καὶ
1358 4473 1520 4541 σοφίᾳ
1545 4473 1830 4542 ἀφράστῳ,
1863 4471 1959 4523 καὶ

381 4567 636 4632 ἀγγέλοις
707 4567 802 4616 καὶ
833 4565 1016 4626 αὐτοῖς
1049 4564 1301 4632 Σεραφὶμ
1333 4565 1682 4632 ρξιττερινόηιιςα,⁹
1718 4563 1792 4624 ὡς
1820 4562 1958 4640 ,ῃπὲρ

383 4658 559 4709 πάντα
609 4657 735 4710 νοῦν
775 4656 1130 4708 καθεστῶτα·
1182 4656 1276 4708 καὶ
1326 4656 1432 4725 μὴν
1467 4657 1559 4708 καὶ
1596 4655 1664 4706 τὰ
1710 4655 1819 4709 ἀπὸ
1863 4654 1957 4708 τοῦ

384 4751 648 4818 παρόντος
682 4751 740 4801 ἐν
769 4751 899 4818 ἡμῖν
925 4743 1011 4801 οἷα
1039 4747 1522 4817 συλλαμϐανόμενα
1545 4748 1769 4819 ἀρρήτῳ
1791 4747 1954 4816 λόγῳ,

382 4842 522 4894 κατὰ
557 4841 611 4892 δὲ
653 4841 709 4892 τὸ
744 4840 936 4910 μέλλον
988 4837 1496 4907 ἀποκαθιστάμενα,
1549 4841 1643 4890 καὶ
1680 4833 1794 4890 οἷον.
1823 4841 1959 4892 ἀπο-

381 4931 719 5001 γεννώμενα,
753 4934 844 4984 καὶ
871 4931 1226 5000 τελειούμενα
1248 4947 1260 4959 ·
1287 4929 1321 4982 ἃ
1344 4930 1436 4982 καὶ
1463 4931 1797 5000 Χερουόικὸν
1833 4932 1958 4985 νοῦν

379 5027 586 5096 ἐξιστᾷ,
626 5027 720 5078 καὶ
773 5027 932 5095 μόνον
973 5041 1089 5087 πως
1129 5023 1388 5094 ἀμυδρῶς
1431 5025 1558 5094 περὶ
1599 5023 1790 5076 τούτου
1842 5024 1959 5079 δια-

378 5117 642 5187 νοηθῆναι
695 5117 1050 5187 προθέμενον.
1109 5117 1172 5167 Ὢ
1206 5115 1546 5185 ἀγαθότητος
1571 5155 1586 5179 ,
1632 5116 1727 5169 κα)⁵
1762 5116 1959 5187 βουλῆς

378 5208 536 5273 Θεοῦ,
584 5208 679 5259 καὶ
727 5210 966 5278 ἀγάπης,
1006 5207 1100 5260 καὶ
1131 5208 1523 5278 χρηστότητος,
1559 5207 1843 5278 δυνάμεώς
1897 5206 1979 5260 τε

382 5299 476 5352 καὶ
508 5297 724 5366 σοφίας,
759 5301 853 5351 καὶ
882 5299 1224 5368 προμηθείας
1261 5298 1446 5362 θείαςί
1483 5299 1650 5362 ὅντως
1700 5298 1958 5370 μακάριοι

379 5386 454 5443 ὧν
481 5391 788 5461 ἀφείθησαν
814 5393 868 5444 αἱ
900 5393 1140 5460 ἀνομίαι,
1173 5393 1267 5443 καὶ
1301 5387 1376 5443 ὧν
1408 5391 1970 5462 ἀπεκαλύφθησαναί

381 5483 675 5552 ἀμαρτίαιῑ
722 5484 828 5534 Καὶ
866 5484 1133 5551 μακάριος
1165 5481 1472 5552 ἄνθρωπος,
1505 5483 1562 5534 ὃν
1592 5483 1657 5534 ἂν
1691 5482 1954 5554 παιδεύσῃ

378 5576 606 5646 Κύριος,
646 5577 739 5628 καὶ
770 5577 833 5628 ἐκ
864 5573 956 5627 τοῦ
988 5575 1152 5643 νόμον
1191 5573 1354 5627 αὐτοῦ
1384 5577 1479 5628 καὶ
1523 5575 1613 5628 τοῦ
1643 5575 1955 5652 Πνεῦματος

378 5669 579 5734 διδάξᾷι
609 5668 792 5734 ain/n1

2048 4475 2228 4529 omnia
2261 4483 2386 4529 sunt
2421 4474 2625 4543 angelis
2649 4483 2701 4529 et
2732 4474 2864 4543 ipsis
2888 4473 3171 4542 Set'apltitn
3201 4476 3618 4545 iucotnprehtm-

2048 4567 2253 4630 sibilia,
2291 4573 2478 4635 utpote
2508 4547 2671 4634 supra
2734 4565 3032 4634 quamlibet
3081 4577 3312 4621 mentem
3359 4569 3615 4634 excelsa;

2047 4677 2166 4730 qua:
2194 4660 2413 4730 quidem
2443 4675 2507 4714 ex
2530 4675 2595 4714 eo
2620 4669 2860 4729 tempore
2886 4659 2938 4712 in
2965 4661 3122 4715 nobis
3148 4670 3401 4730 tanquam
3431 4647 3618 4716 iucfl'a-

2047 4753 2138 4807 bili
2197 4753 2406 4808 ratione
2469 4752 2822 4820 colliguntur,
2891 4753 3076 4806 futuro
3135 4765 3316 4807 autem
3378 4763 3617 4824 tempore

2048 4844 2295 4895 restituta
2330 4849 2385 4896 et
2421 4852 2735 4912 regenerata
2767 4849 2820 4896 et
2852 4839 3126 4910 perfecta;
3179 4855 3302 4909 qua:
3331 4840 3612 4894 cherubim

2049 4945 2282 4986 mentem
2314 4927 2601 4995 extollunt,
2653 4930 2851 5000 quibus
2907 4939 3088 4984 tamen
3138 4932 3205 4984 de
3253 4930 3342 4985 illo
3383 4931 3615 4984 obscure

2047 5033 2255 5079 tantum
2307 5023 2529 5094 cogitari
2581 5025 2766 5079 datum
2822 5031 2926 5078 est.
2981 5025 3022 5076 Ο
3069 5024 3401 5078 bonitatem!
3454 5038 3486 5078 ο
3521 5024 3611 5078 Dei

2045 5117 2329 5172 consilium
2364 5125 2418 5170 et
2447 5117 2768 5170 cbaritatem
2796 5100 2820 5167 ι’
2856 5117 2889 5170 ὂ
2937 5115 3370 5178 beneficentiam,
3421 5124 3610 5178 puten-

2029 5209 2286 5284 tiamtu
2336 5216 2391 5261 et
2423 5206 2772 5274 sapientiam,
2803 5215 2858 5261 et
2901 5207 3290 5276 providentiam
3342 5205 3608 5260 divinam!

2044 5301 2180 5355 Vere
2231 5300 2371 5354 beati
2421 5313 2656 5367 quorum
2707 5299 2954 5353 remissae
3007 5309 3135 5353 sunt
3194 5298 3526 5365 iniquitates,
3559 5306 3611 5349 et

2041 5405 2272 5461 quorum
2305 5398 2442 5444 tecta
2474 5399 2599 5444 sunt
2634 5397 2890 5457 peccata;
2919 5399 2994 5456 et,
3029 5389 3220 5443 beatus
3254 5387 3416 5440 homo
3447 5400 3607 5454 quem

2044 5484 2186 5539 Deus
2231 5483 2495 5539 erudierit
2525 5491 2581 5538 et
2611 5481 2681 5538 de
2715 5482 2830 5555 lege
2871 5497 2968 5538 sua
3011 5494 3076 5536 ac
3121 5479 3317 5550 spiritu
3360 5477 3613 5534 docuerit

2039 5574 2195 5630 euut!
2509 5587 2516 5594 ’
