3996 6202
286 235 392 300 8ἿΊ

1428 237 1527 297 DE
1565 234 1744 296 VITA
1785 235 2438 308 COXTEMPLATIVA.

3431 253 3536 318 8%

285 362 384 412 καὶ
434 357 546 413 τῶν
589 358 750 412 Θείων
797 357 991 412 ἑαυτὸν
1025 357 1266 432 Θεωρῶν,
1317 362 1570 432 τηνικάδε
1598 363 1795 422 ἔδεται,
1832 354 1866 435 ᾖ

1979 363 2374 431 contemplans,
2405 374 2538 421 tunc
2573 364 2830 435 comedit,
2886 377 3150 438 quantum
3183 370 3327 436 licet,
3356 373 3536 427 scien-

286 456 484 525 θέμις,
545 455 644 522 τῆς
705 453 1086 522 πνευματικῆς
1138 452 1394 520 γνώσεως
1448 457 1576 520 τοὺς
1638 455 1858 527 ἀληθεῖς

286 549 559 617 καρποὺς,
582 547 676 598 καὶ
713 544 1078 614 οεουργεῖται,
1111 547 1204 598 καὶ
1234 547 1439 617 χαίρει,
1469 549 1557 601 καὶ
1585 549 1664 612 εἰς
1690 549 1868 613 Θείους

289 643 595 712 προκόπτει
623 640 854 709 ἔρωτας,
885 638 1064 692 λαλῶν
1093 639 1195 710 μὲν
1233 641 1481 710 οὐδαμῶς
1523 641 1699 707 οὐδὲν,
1743 641 1867 696 οὔτε

291 735 404 803 μήν
435 750 550 795 πως
589 730 932 796 διεξοδεύων,
977 730 1100 784 οὔτε
1126 733 1270 787 ἔνδον
1304 732 1416 786 οὔτ’
1447 734 1552 786 ἔσω
1581 735 1721 788 κατὰ
1750 735 1868 789 διά-

288 825 462 886 Θεσιν,
518 823 633 874 ἀλλ’
691 821 812 874 οὐδὲ
863 821 1268 892 διανοούμενος,
1301 823 1416 878 ἀλλ’
1475 824 1616 893 ὁρῶν
1667 825 1867 894 νοερῶς

291 915 490 978 ἑνικῶς
525 916 583 966 ὲν
617 918 758 981 φωτὶ
781 913 1041 983 ἀληθείας
1079 916 1174 968 καὶ
1204 914 1514 985 πνεύματος
1541 956 1556 979 ,
1607 919 1701 971 καὶ
1733 934 1868 987 τρυ-

291 1007 398 1078 φὴν
425 1005 772 1074 ἀμετάϐατον
799 1005 1121 1075 ποιούμενος
1143 1006 1209 1060 τὰ
1232 1007 1503 1078 ὁρώμενα.

363 1096 464 1166 νγ’.
502 1096 676 1152 Ὅταν
706 1097 766 1150 τὸ
792 1096 888 1150 τοῦ
931 1097 1048 1161 νοὸς
1079 1099 1374 1169 πρόσωπον
1401 1100 1552 1153 νεῦον
1576 1101 1706 1153 εἴσω
1736 1118 1872 1170 καρ-

290 1191 432 1253 δίας,
489 1190 590 1260 ὁρᾷ
637 1187 736 1258 τὴν
767 1188 860 1243 τοῦ
907 1189 1225 1258 Πνεύματος
1277 1189 1541 1260 ἐλλαμψιν
1593 1191 1652 1255 ἐξ
1698 1193 1871 1259 αὐτῆς

293 1283 556 1337 ἀείϐλυτα
598 1280 979 1350 πηγάζουσαν,
1015 1281 1136 1334 τότε
1171 1283 1312 1336 πάνυ
1348 1283 1537 1354 καιρὸς
1569 1283 1662 1336 τοῦ
1688 1285 1867 1354 σιγᾷν,

370 1374 464 1429 νδ’.
507 1375 678 1427 Ὅταν
703 1374 822 1426 ὅλον
851 1373 910 1426 τὸ
940 1374 1125 1444 νοερὸν
1169 1375 1462 1445 πρόσωπον
1493 1376 1576 1448 ῐδῃ
1598 1375 1688 1428 τὸν
1715 1376 1868 1445 θεὸν,

300 1465 500 1535 μᾶλλον
557 1464 655 1534 μὲν
701 1458 793 1516 οῦν
825 1464 954 1516 ὅταν
987 1465 1106 1527 ὅλος
1137 1467 1164 1516 ὁ
1191 1464 1315 1527 νοῦς
1354 1466 1486 1518 εἵσω
1524 1466 1747 1535 γένηται
1777 1465 1870 1518 τοῦ

297 1556 456 1619 Θεοῦ,
487 1553 546 1622 ἢ,
587 1553 654 1607 ἵν’
689 1553 860 1616 οὓτως
891 1553 1050 1614 εἴπω,
1080 1552 1208 1606 ὅταν
1228 1555 1254 1606 ὀ
1285 1552 1418 1616 Θεὸς
1459 1554 1518 1606 ἐν
1555 1555 1660 1624 ὅλῳ
1685 1554 1762 1624 τῷ
1793 1553 1872 1606 vol.

299 1651 546 1718 γένηται,
569 1647 691 1700 τὸτε
719 1646 860 1699 πάνυ
889 1663 939 1699 τι
967 1645 1060 1698 καὶ
1091 1643 1353 1715 μειζόνως
1399 1647 1716 1715 πεφυκότως
1746 1663 1874 1700 και-

302 1742 396 1812 ρὸς
418 1739 512 1794 τοῦ
541 1741 721 1810 σιγᾷν.

373 1841 469 1890 νε’.
507 1836 675 1888 Ὅταν
706 1835 734 1886 ὁ
770 1833 895 1897 νοῦς
947 1835 1004 1886 ὲν
1033 1838 1099 1903 τῇ
1153 1833 1244 1886 τοῦ
1296 1834 1609 1904 Πνεύματος
1673 1839 1872 1906 μετοχῇ

263 1955 276 1960 -
303 1928 653 1999 Θεωρητικῶς
703 1926 845 1979 κατὰ
885 1927 954 1979 τά
985 1927 1244 1995 γινόμενα
1285 1928 1405 1997 Θεῷ
1446 1930 1870 1996 παριστάμενος,

301 2021 462 2090 δόξης
510 2036 570 2072 τε
627 2021 691 2070 ἐκ
723 2017 1015 2088 προσώπου
1069 2017 1224 2082 Θεοῦ,
1275 2019 1368 2070 καὶ
1404 2018 1632 2085 ἀγλαΐας
1675 2019 1875 2090 τρόπον

303 2109 526 2178 (ιεμιτὸν
577 2107 848 2178 ἀπολαύῃ,
904 2108 1008 2177 χρὴ
1064 2108 1158 2160 καὶ
1214 2107 1357 2177 μάλα
1406 2109 1630 2170 εἰκότως
1693 2109 1874 2178 σιγᾷν,

303 2204 476 2270 ἡσυχῇ
496 2217 553 2251 τε
586 2199 681 2252 καὶ
710 2199 1176 2268 ἀπερικτυπήτως
1207 2200 1359 2269 ὁρᾷν.
1395 2199 1454 2250 Εἰ
1485 2199 1541 2250 62'
1566 2217 1616 2250 τι
1649 2200 1876 2263 σκότους

301 2291 656 2361 ὁπωσδήποτε
715 2290 984 2359 ἀχλυῶδες
1020 2291 1226 2359 μεταξὺ
1262 2291 1352 2343 νοῦ
1411 2292 1508 2344 καὶ
1544 2290 1678 2344 Θεοῦ
1741 2309 1875 2362 παρ-

305 2385 541 2456 εμπέσῃ,
602 2383 797 2454 ἀθρόον
823 2381 1013 2453 ὥσπερ
1071 2399 1124 2436 τι
1176 2384 1465 2452 φωτοειδὲς
1486 2423 1500 2447 ,
1533 2385 1624 2437 καὶ
1651 2385 1876 2450 διακαὲς

305 2479 572 2546 πεφυκότι
626 2476 768 2545 λόγῳ
813 2476 946 2546 πῦρ,
999 2475 1210 2544 βάλλειν
1251 2477 1414 2546 ὁμόσε
1445 2478 1666 2540 σκύτους
1696 2479 1876 2545 λόγον,

308 2569 683 2638 ξὲραχύλεκτον
738 2567 858 2635 μὲν,
921 2568 1070 2637 ὅμως
1097 2567 1244 2628 Θείας
1279 2569 1604 2638 ἐμφάσεως,
1636 2569 1704 2623 ἵν’
1734 2571 1876 2624 οὕτω

306 2659 497 2712 Οἰττον
527 2659 584 2710 τὸ
612 2658 800 2720 σκότος
833 2658 1163 2726 ἐξαφανίσας
1189 2660 1267 2730 τῷ
1297 2663 1455 2728 φωτὶ,
1481 2663 1574 2714 καὶ
1598 2667 1660 2732 τῇ
1696 2663 1878 2735 θέρμῃ

303 2754 402 2820 τήν
433 2769 496 2818 γε
533 2753 722 2821 ἀχλὺν,
758 2751 850 2806 καὶ
879 2751 939 2816 ἐξ
971 2753 1267 2822 ἐφαμίλλου
1317 2755 1410 2807 τὸν
1454 2756 1577 2807 νοῦν
1636 2759 1877 2824 ctu-citra;

304 2861 362 2894 τε
403 2844 497 2896 καὶ
557 2845 832 2914 Θερμάνας
873 2844 1048 2915 τούτῳ
1098 2847 1266 2916 αὐτῷ,
1325 2847 1545 2909 ἐσαῦθις
1577 2849 1718 2919 ἴσχει
1751 2867 1879 2902 συν-

1969 456 2056 509 1Ῐὶῐὲ
2091 456 2394 524 spiritualis
2423 459 2631 515 fructus
2667 476 2849 526 veros,
2879 469 2933 516 et
2960 462 3264 529 deificatur,
3300 472 3355 518 et
3377 465 3535 539 ‘lteta-

1965 557 2088 610 tur;
2149 559 2202 602 et
2254 549 2306 603 in
2350 550 2535 605 divino
2588 566 2775 608 amore
2822 554 3080 623 proficit,
3145 555 3280 610 nihil
3315 557 3533 624 quidem

1964 642 2191 694 omnino
2231 643 2461 710 loquens
2493 682 2507 703 .
2564 659 2740 711 neque
2784 656 3100 714 penetrans.
3142 662 3316 714 neque
3347 648 3536 702 intime

1969 747 2147 802 neque
2173 735 2311 787 intra
2349 750 2443 802 per
2474 735 2894 804 descriptionem
2921 777 2936 802 ,
2971 739 3065 793 sed
3099 753 3275 808 neque
3313 739 3532 792 ratioci-

1965 841 2124 889 nans.
2154 826 2248 880 sed
2297 826 2486 880 videns
2513 827 2868 895 spiritualiter
2897 845 2960 885 ac
2987 831 3192 887 unitive
3216 832 3266 884 in
3295 829 3538 885 veritatis

1965 933 2028 972 ac
2060 919 2284 987 spiritus
2321 919 2548 986 lumine,
2582 921 2686 976 sibi
2732 935 2794 977 ea
2826 937 2948 992 quae
2975 924 3120 979 videt
3165 923 3538 979 indelicientes

1965 1009 2183 1065 lmtitias
2204 1010 2433 1066 faciens.
3568 1009 3576 1080 !

2039 1103 2131 1157 5'5.
2181 1104 2409 1170 Quando
2437 1107 2638 1161 mentis
2671 1107 2854 1162 vultus
2890 1107 3031 1162 intra
3061 1120 3159 1160 cor
3184 1113 3482 1174 penetrans
3515 1141 3534 1168 ,
3570 1087 3579 1166 ι

1965 1195 2115 1251 videt
2159 1196 2398 1266 Spiritus
2453 1198 2904 1254 illnminationem
2947 1214 3014 1254 ex
3061 1198 3227 1253 corde
3278 1205 3537 1266 perpetuo

1965 1287 2377 1350 seaturientem,
2410 1299 2538 1343 tunc
2576 1289 2769 1344 silendi
2812 1298 3043 1356 tempus.

2043 1377 2130 1433 δι.
2164 1377 2396 1444 Quando
2426 1381 2727 1449 spiritualis
2756 1381 2936 1435 nullus
2974 1387 3146 1434 totum
3180 1379 3346 1434 Deum
3369 1379 3536 1443 videt,

1967 1473 2077 1527 imo
2106 1488 2240 1528 vero
2265 1473 2482 1542 quando
2513 1488 2672 1528 mens
2701 1481 2808 1528 tota
2842 1472 2978 1528 intra
3005 1472 3169 1527 Deum
3209 1478 3319 1535 est,
3340 1481 3457 1538 aut,
3480 1481 3542 1527 ut

1967 1561 2040 1616 ita
2083 1562 2284 1630 dicam,
2326 1564 2542 1632 quando
2611 1563 2752 1620 Deus
2813 1563 2866 1618 in
2913 1571 3026 1618 tota
3081 1571 3261 1618 mente
3309 1563 3541 1619 diﬂ‘usus

1969 1663 2073 1719 est,
2106 1663 2236 1709 tunc
2290 1655 2516 1709 omnino
2569 1665 2624 1710 et
2678 1656 2915 1710 maxime
2971 1655 3291 1710 naturaliter
3342 1653 3540 1711 silendi

1965 1756 2181 1812 tempus
2212 1755 2314 1801 est.

2040 1839 2126 1892 55.
2157 1838 2386 1906 Quando
2417 1854 2571 1892 mens
2612 1838 2666 1892 in
2701 1838 2930 1907 Spiritus
2967 1839 3383 1906 participatione
3409 1855 3544 1896 cono

1967 1929 2276 1994 templative
2309 1943 2406 1998 pro
2438 1929 2870 1984 circumstantiis
2915 1929 3020 1982 Deo
3047 1940 3213 1995 astat,
3275 1940 3327 1985 et
3356 1931 3542 1999 splen-

1966 2021 2100 2073 dore
2123 2018 2309 2072 debito
2350 2018 2509 2072 modo
2541 2017 2760 2080 fruitur,
2793 2017 3072 2087 gloriaque
3101 2033 3168 2072 ex
3212 2019 3361 2072 vultu
3406 2018 3537 2085 Dei,

1967 2119 2183 2176 oportet
2232 2120 2361 2164 tunc
2411 2111 2710 2179 ptzesertim
2743 2111 2906 2166 silere
2939 2151 2954 2174 ,
2994 2120 3046 2165 et
3082 2111 3373 2178 tranquille
3405 2121 3459 2166 et
3483 2110 3540 2166 in

1968 2201 2184 2253 :«ilcntio
2236 2201 2443 2254 videre.
2496 2199 2551 2254 Si
2585 2211 2766 2255 autem
2813 2201 3160 2255 tenebrarum
3198 2200 3368 2267 caligo
3397 2199 3542 2254 intra

1978 2309 2006 2341 n
2031 2305 2210 2344 cn'rm
2246 2306 2308 2344 ae
2351 2293 2517 2345 Deum
2573 2292 2841 2346 deciderit
2873 2333 2886 2357 ,
2923 2292 3235 2361 frequ'enter
3284 2301 3542 2358 tanquam

1969 2383 2174 2449 aliquid
2237 2382 2403 2437 luridi
2445 2393 2514 2437 .et
2551 2383 2728 2450 ignem
2761 2383 2993 2438 naturali
3041 2382 3254 2435 ratione
3297 2393 3540 2435 urentem

1971 2484 2161 2527 contra
2199 2474 2298 2530 bas
2330 2477 2579 2528 tenebras
2599 2474 2849 2528 emittere
2873 2482 3106 2540 Oportet,
3129 2472 3351 2526 verbum
3381 2472 3544 2526 breve

1973 2566 2194 2630 quidem
2245 2566 2445 2620 divinae
2483 2566 2858 2628 revelationis,
2899 2576 2957 2618 ιιι
2991 2567 3063 2619 ita
3091 2565 3256 2618 citius
3287 2563 3544 2619 tenebras

1974 2655 2179 2709 lumine
2207 2657 2488 2726 dissipans
2524 2667 2580 2711 et
2620 2659 2793 2726 frigus
2833 2660 3012 2712 calore
3051 2657 3292 2719 solvens,
3322 2665 3374 2710 et
3399 2669 3546 2709 con-

1973 2747 2175 2801 trarius
2209 2759 2444 2804 utentem
2481 2751 2794 2804 illuminans
2829 2749 3288 2818 calefaciensqne,
3323 2762 3545 2802 rursum

1977 2853 2102 2890 cum
2141 2839 2266 2898 Deo.
2301 2851 2357 2891 ut
2389 2840 2540 2904 prius
2586 2840 2900 2893 conversari
2937 2839 3129 2906 possit,
3167 2837 3394 2905 ejusque
3427 2836 3544 2905 pul-

306 2939 442 2987 εῖναι
464 2936 539 2997 ὡς
562 2938 692 3007 πρὶν
726 2938 800 3006 τῷ
824 2938 962 3007 Θεῷ,
994 2938 1091 2992 καὶ
1128 2942 1353 3010 θεωρεῖν
1380 2940 1440 2992 τὸ
1466 2940 1661 3003 κάλλος
1685 2941 1873 3006 αὑτοῦ,

1979 2931 2339 2986 ehritudincm
2410 2931 2763 2999 contemplari
2788 2970 2803 2994 ,
2840 2946 3017 3000 eaque
3067 2931 3194 2997 frui,
3224 2940 3280 2984 ut
3307 2931 3463 2984 decet
3491 2939 3546 2986 et

307 3024 398 3077 καὶ
423 3025 497 3088 ὡς
527 3027 671 3088 εἰκὸς
701 3028 997 3082 ἀπολαύειν
1024 3029 1213 3094 αὑτοῦ,
1253 3031 1345 3082 καὶ
1372 3031 1752 3095 καλλύνεσοαι,
1784 3034 1878 3086 καὶ

306 3118 560 3189 πάσχειν,
594 3120 896 3190 συλλήϐδην
922 3121 1088 3188 φάναι
1128 3122 1194 3174 τά
1227 3123 1368 3177 κατὰ
1399 3123 1591 3194 νοερὶςν
1620 3123 1878 3194 ἐπιϐολὴν

303 3213 392 3265 διὰ
433 3212 745 3282 παραδοχῆς
789 3213 884 3266 τοῦ
932 3213 1196 3278 ζωοποιοῦ
1253 3215 1568 3284 Πνεῦματος
1613 3217 1676 3269 ἐκ
1720 3216 1877 3283 Θεοῦ,

307 3306 400 3357 καὶ
435 3307 534 3374 μέν
565 3323 628 3374 γε
658 3306 927 3376 δήπουθεν
973 3306 1280 3376 ήπλῶσοαι,
1331 3308 1425 3360 καὶ
1455 3308 1788 3361 ἀπολύεσθαι
1819 3311 1877 3361 ἐν

243 3451 246 3454 ,
305 3402 410 3466 ἄρα
445 3398 671 3468 ἀληθείᾳ
701 3402 794 3450 καὶ
819 3398 1094 3466 πνεύματι
1130 3401 1187 3450 ἐν
1209 3399 1286 3469 τῷ
1321 3399 1460 3467 Θεῷ,
1492 3399 1600 3452 ἀπὸ
1634 3399 1876 3462 πάντων,

306 3493 398 3542 καὶ
428 3491 738 3543 αὐτῶντῶν
770 3492 897 3560 περὶ
925 3491 1079 3545 Θεόν.
1124 3490 1294 3544 Τοῦτο
1350 3493 1449 3560 μὲν
1499 3491 1725 3552 εἲκὸτως
1786 3489 1880 3542 καὶ

309 3581 688 3647 προσηκόντως
720 3580 1142 3650 ὀθεωρητικ6ς⁶
1201 3584 1230 3634 ὁ
1277 3583 1461 3650 μέντοι
1525 3579 1658 3652 μόνῃ
1708 3597 1879 3650 προσ-

307 3669 521 3738 ανέχων
576 3671 795 3740 πράξει,
858 3672 1054 3724 πολλοῦ
1088 3673 1172 3725 δεῖ
1209 3673 1308 3743 τῆς
1355 3674 1612 3742 τοιαύτης
1660 3673 1881 3742 ἔχεσθαι

311 3763 718 3829 καταστάσεως,
779 3763 1004 3833 μηδέπω
1034 3765 1274 3834 δηλονότι
1323 3767 1402 3826 εἰς
1435 3765 1645 3828 ἑαυτὸν,
1679 3766 1768 3818 καὶ
1812 3761 1882 3818 δι’

312 3851 507 3905 ἑαυτοῦ
534 3853 613 3911 εἰς
636 3853 725 3904 τὸν
745 3853 876 3905 Θεὸν
909 3853 1149 3917 ἐνωοείς.
1171 3856 1244 3907 Οὐ
1270 3855 1448 3908 τοίνυν
1480 3855 1663 3925 θαῦμα
1695 3855 1882 3909 τοῦτον

310 3944 376 3994 ἐκ
400 3942 509 3996 τῶν
548 3944 706 3996 Οείων
734 3945 878 4014 ᾄδειν
899 3985 913 4011 ,
959 3946 990 4017 ἢ
1027 3944 1209 3998 λαλεῖν
1239 3948 1587 4017 ἁμωσγέπως
1619 3948 1790 4000 πολλά.
1823 3964 1880 4001 τε

307 4033 372 4102 δὴ
401 4033 495 4086 καὶ
520 4035 760 4098 πυκνῶς,
798 4039 915 4099 ταῖς
947 4036 1196 4107 συνεχέσι
1237 4038 1454 4098 πάντως
1494 4038 1744 4091 ἐντεῦθεν
1767 4036 1880 4092 οἷόν

309 4141 422 4178 τισι
478 4124 679 4194 βολαῖς,
737 4128 832 4183 καὶ
890 4129 1092 4196 φοϐῶν,
1138 4131 1226 4182 καὶ
1258 4130 1544 4182 ἀποσοϐῶν
1598 4131 1691 4185 τὸν
1747 4133 1882 4200 ήμῐν

310 4214 729 4283 δυσμεναίνοντα
760 4214 830 4266 τὰ
854 4214 1045 4276 πολλὰ,
1094 4216 1187 4268 καὶ
1219 4216 1559 4286 πολεμοῦντα
1587 4221 1843 4292 ἐκθύμως
1863 4240 1879 4256 ·

312 4303 434 4368 ἥξει
460 4303 567 4373 γὰρ
593 4305 684 4356 καὶ
717 4305 891 4374 τούτῳ
915 4305 1103 4374 καιρὸς
1134 4306 1479 4374 ὑπομένοντι,
1515 4309 1574 4375 ἐξ
1604 4312 1712 4383 ἄρα
1750 4313 1883 4382 δῆτα

1976 3024 2247 3087 decorari,
2304 3033 2394 3087 et,
2450 3035 2505 3078 ut
2544 3024 2776 3077 breviter
2839 3024 3040 3088 dicam,
3073 3037 3192 3091 quae
3241 3023 3544 3076 secundum

1972 3117 2315 3184 Spiritualem
2395 3117 2657 3186 impetum
2721 3126 2848 3170 sunt
2901 3116 3047 3184 pali,
3084 3132 3176 3184 per
3222 3115 3548 3170 viviﬁcautis

1975 3211 2207 3278 spiritus
2234 3226 2299 3263 ex
2331 3208 2439 3262 Deo
2466 3209 2832 3277 receptioncm
2863 3247 2876 3270 ,
2915 3218 2970 3262 et
3000 3208 3226 3273 simplex
3258 3208 3368 3262 lieri
3403 3215 3458 3262 et
3492 3206 3546 3260 in

1974 3303 2202 3356 veritate
2225 3317 2288 3355 ac
2321 3301 2514 3368 spiritu
2547 3301 2599 3354 in
2644 3300 2752 3354 Deo
2780 3299 3001 3353 di~5olvi
3027 3301 3094 3354 ab
3124 3298 3378 3352 omnibus
3405 3307 3459 3352 et
3481 3295 3549 3351 iis

1977 3392 2231 3459 ipsisqua:
2261 3393 2404 3445 circa
2456 3391 2619 3443 Deum
2647 3397 2795 3442 sunt.
2822 3389 2877 3442 ιιι
2912 3391 3221 3458 assequitur
3250 3387 3444 3442 merito
3482 3401 3548 3441 ac

1977 3482 2235 3534 decenter
2315 3480 2788 3551 contemplativns.
2844 3479 2944 3544 Qui
3005 3494 3140 3532 vero
3193 3479 3293 3533 soli
3342 3477 3546 3533 actioni

1976 3575 2265 3635 incumbit,
2302 3573 2527 3626 multum
2560 3573 2628 3625 ab
2663 3573 2763 3626 bac
2793 3572 3149 3625 restitutione
3187 3571 3379 3634 distat,
3406 3585 3548 3624 non-

1981 3662 2108 3713 dum
2151 3662 2204 3713 in
2237 3661 2420 3728 seipso
2453 3676 2517 3714 ac
2546 3675 2642 3729 per
2672 3661 2908 3730 seipsum
2945 3661 2998 3712 in
3047 3660 3157 3714 Deo
3186 3661 3390 3714 unitus.
3427 3658 3546 3714 Non

1979 3752 2144 3820 igitur
2173 3753 2370 3805 mirmn
2405 3763 2488 3806 est
2524 3752 2672 3805 illum
2702 3761 2756 3806 et
2796 3750 2998 3805 divinis
3027 3765 3224 3805 canere
3261 3758 3354 3804 aut
3400 3749 3546 3818 loqui

1979 3845 2385 3914 quodammodo
2449 3845 2616 3899 multa
2671 3859 2737 3900 ac
2800 3843 3115 3912 frequmtter
3177 3841 3550 3909 frequentibus

1979 3939 2204 3992 omnino
2247 3938 2578 4008 quibusdam
2616 3938 2931 4006 impetibus,
2955 3951 3018 3990 ac
3047 3936 3282 3989 fremens
3301 3942 3356 3988 et
3395 3948 3551 3987 reve-

1981 4048 2110 4086 rens
2141 4049 2264 4086 eum
2300 4032 2388 4101 qui
2428 4033 2480 4085 in
2513 4033 2671 4087 nobis
2707 4031 3024 4101 plerumque
3057 4036 3112 4082 et
3139 4027 3396 4081 ardenter
3444 4041 3549 4097 pu-

1980 4129 2130 4191 gnat.

2062 4212 2252 4266 Veniet
2285 4213 2432 4266 enim
2470 4212 2544 4266 illi
2583 4221 2794 4278 tempus
2839 4209 3146 4274 sutl'erenti,
3183 4224 3247 4263 ex
3280 4206 3550 4277 spirituali

1988 4305 2370 4374 inSpiratione,
2404 4302 2623 4373 quando
2654 4304 2947 4356 multorum
2988 4311 3245 4357 cantuum
3288 4309 3342 4354 et
3379 4299 3553 4356 ratio-

311 4393 597 4456 ὲ-ειπνοὶας
636 4398 1037 4464 πνευματικῆς,
1091 4398 1327 4465 ὁπηνίκα
1384 4399 1453 4452 τὰ
1499 4401 1608 4455 τῶν
1671 4402 1877 4455 πολλῶν

1982 4411 2108 4450 num
2133 4395 2490 4451 scintillantes
2518 4394 2754 4462 fulgores
2817 4394 2867 4445 in
2903 4407 3063 4446 unam
3097 4393 3265 4445 facem
3290 4392 3552 4460 colligen-

314 4485 473 4537 Οεῖων
504 4485 679 4555 ᾠδῶν,
731 4486 826 4538 καὶ
860 4486 1143 4556 ᾀσμάτων,
1173 4489 1266 4542 καὶ
1301 4488 1472 4556 λόγων
1503 4492 1882 4565 σπινθηροειδῆ

312 4575 474 4628 οἱονεὶ
503 4576 896 4645 ἐναυγάσματα
920 4577 1262 4645 συναφθῶσιν
1306 4583 1382 4644 είς
1415 4581 1509 4634 ἕνα
1535 4583 1705 4652 δήπου
1747 4602 1885 4656 πυρ-

317 4668 428 4732 σὸν,
483 4667 571 4720 ὅτε
624 4669 716 4720 καὶ
762 4669 853 4720 τὸν
880 4669 1074 4741 ὲχΟρὸν
1106 4673 1234 4742 ῥᾷον
1266 4673 1360 4724 καὶ
1399 4679 1622 4744 καιρίαν
1679 4677 1882 4746 βάλλει,

317 4759 484 4811 καίων
514 4759 736 4829 δηλαδὴ.
765 4760 856 4813 καὶ
878 4760 1122 4831 διαιρῶν,
1165 4761 1196 4832 ἢ
1237 4764 1434 4832 μᾶλλον
1467 4767 1802 4834 ἐξαφανίζων
1826 4771 1885 4823 τὸ

316 4851 506 4914 σκότος
540 4852 768 4916 ἐκείνου,
803 4853 994 4906 ἑαυτὸν
1032 4855 1088 4908 δὲ
1122 4855 1198 4925 τῷ
1224 4857 1415 4926 πυρσῷ
1445 4861 1718 4927 φωτίζων,
1755 4863 1884 4931 Οερ-

318 4941 526 5010 μαίνων
583 4961 641 4996 τε
677 4945 768 5013 καὶ
826 4945 962 5015 πρὸς
1005 4945 1145 4999 θεῖον
1199 4947 1264 5000 τά
1324 4949 1556 5016 μάλιστα
1619 4953 1888 5007 ἀνακινῶν

280 5066 282 5069 -
314 5033 514 5097 ἔρωτα,
549 5035 685 5102 πρός
711 5052 772 5086 τε
801 5034 932 5088 Θεὸν
959 5035 1118 5089 αὐτὸν
1142 5036 1428 5106 ἐγκάρδιον
1453 5042 1510 5092 ἐν
1536 5043 1660 5111 σιγῇ
1691 5043 1884 5110 ὕμνον,

315 5123 411 5175 καὶ
449 5122 714 5192 ἔκπληξιν
761 5126 1074 5194 ἀναφέρων,
1127 5128 1223 5180 καὶ
1265 5132 1585 5200 μυστηρίων
1621 5135 1888 5202 παραδει-

320 5213 496 5267 κνύων
520 5215 732 5279 ἐξαίσια
754 5217 933 5286 ἐαυτῷ
962 5219 1027 5271 τὰ
1057 5219 1293 5289 μάλιστα
1319 5221 1593 5291 θαύματα.
1636 5226 1749 5278 Οὐκ
1781 5229 1887 5280 ἀπ⁸

319 5305 544 5368 εικότως
572 5304 682 5376 γὰρ
703 5306 752 5358 οἱ
790 5307 1154 5378 ὑπομένοντες
1183 5311 1278 5364 τὸν
1318 5313 1518 5384 Κύριον
1561 5317 1892 5386 μακαρίζον·

319 5411 440 5448 ται·
470 5395 502 5466 ῆ
529 5397 634 5458 ὅτι,
659 5399 938 5467 προϊόντος
964 5401 1180 5469 χρόνου,
1212 5403 1656 5474 κληρονομοῦσιν,
1691 5403 1890 5480 οἷάπερ

319 5491 516 5558 πραεῖς
557 5489 658 5560 τὴν
688 5491 890 5560 νοητὴν
941 5494 1040 5558 τῆς
1073 5496 1404 5565 ἐπαγγελίας
1431 5499 1554 5568 γῆν,
1583 5501 1642 5552 ὲν
1669 5502 1890 5573 Χριστῷ

318 5581 394 5652 τῷ
419 5583 608 5654 Κυρίῳ
638 5585 818 5654 ἡμῶν.

390 5679 498 5738 νς’,
536 5675 706 5727 Ὂταν
751 5677 776 5730 ὁ
822 5675 967 5744 νοῦς,
997 5675 1200 5747 ἑκάστῃ
1261 5678 1367 5732 τῶν
1396 5683 1746 5750 φωτοχυπιῶν
1797 5683 1887 5737 τοῦ

1984 4499 2093 4552 tur,
2131 4488 2355 4556 quando
2387 4479 2670 4540 inimicum
2725 4483 2886 4538 facile
2926 4494 2979 4538 et
3021 4491 3327 4554 opportune
3361 4481 3552 4542 feriet.

1984 4584 2285 4637 incendens
2318 4595 2378 4633 ac
2441 4577 2713 4643 dividens,
2767 4577 2877 4630 imo
2932 4591 3062 4630 vero
3113 4575 3388 4644 dissipans
3433 4573 3559 4642 ejus

1985 4675 2265 4736 tenebras,
2295 4671 2538 4741 seipsum
2569 4683 2698 4723 vero
2732 4669 2852 4738 igne
2884 4667 2978 4721 illo
3015 4665 3331 4720 illuminaus
3356 4662 3558 4718 calefa~

1984 4767 2245 4832 riensque
2282 4771 2337 4817 et
2396 4762 2461 4816 ad
2515 4761 2756 4815 divinum
2815 4773 3055 4821 amorem
3117 4773 3278 4826 quam
3325 4753 3560 4808 maxime

1985 4871 2238 4921 movens,
2271 4854 2531 4925 hymnum
2561 4859 2616 4906 et
2646 4850 3064 4904 admirationem
3113 4848 3177 4900 ad
3214 4846 3380 4899 Deum
3425 4839 3560 4896 diri-

1980 4964 2114 5019 gens
2150 4949 2202 5000 in
2252 4946 2510 5008 silentio,
2569 4959 2632 4997 ac
2682 4943 2784 4996 sibi
2835 4941 3213 5012 mysteriorum
3259 4937 3558 4990 ostendens

1982 5041 2246 5110 stupenda
2288 5038 2576 5092 miracula.
2621 5035 2735 5088 Non
2769 5037 2913 5088 enim
2949 5029 3221 5086 immerito
3254 5026 3342 5095 qui
3373 5023 3558 5078 Dom:-

1985 5151 2113 5186 nutn
2179 5131 2451 5186 suSIinent
2512 5127 2923 5188 beatiticantur;
2954 5122 3036 5176 vel
3079 5121 3279 5191 potius,
3312 5126 3558 5185 tempore

1985 5225 2337 5296 procedente,
2399 5218 2817 5279 ltmt'cditubttnt,
2852 5226 3106 5283 tanquam
3157 5213 3352 5271 mites,
3398 5207 3558 5276 spiri-

1984 5321 2183 5376 lll'dit'lll
2238 5313 2621 5386 promissionis
2664 5321 2891 5373 terram,
2948 5309 3004 5362 in
3053 5305 3273 5362 Christo
3327 5301 3559 5355 Domino

1985 5422 2193 5465 llOSll’O.

2056 5679 2142 5735 ὅθ.
2186 5673 2415 5744 Quando
2458 5688 2610 5729 tuens
2664 5667 2891 5739 singulis
2941 5661 3166 5732 luminis
3199 5653 3566 5717 effusionibus
