4058 6204
472 247 578 326 8'5

1623 265 1972 328 CALL!STl
2016 261 2632 323 CATAPUUGlOT/E

3637 260 3739 321 896

472 366 716 446 Spiritus
758 379 1056 450 illustrata,
1094 390 1276 453 stupet
1316 398 1380 438 ac
1411 391 1747 452 penetratur,
1787 394 1838 436 et
1868 384 1932 437 ad
1967 382 2058 436 in-

2157 368 2470 438 Ιινεύματος
2502 375 3017 445 καταλαμπόμενος,
3055 376 3282 452 ίλιγγιᾷ,
3326 383 3421 437 καὶ
3453 384 3732 457 διαπορεῖ-

477 471 688 527 ﬁnitum
721 484 773 529 et
803 474 1212 530 interminatum
1245 476 1479 544 seipsam
1510 479 1713 546 cogitat
1765 486 2047 532 extensum

472 573 524 617 et
556 575 842 632 mutatam,
877 578 990 623 tum
1018 570 1211 626 silendi
1251 579 1482 641 tempus.

563 730 651 784 57.
687 727 918 797 Quando
952 741 1083 781 vero
1133 735 1450 793 aspectttnm
1490 713 1955 774 lt'altlfPSllSSlllliS
1996 724 2057 765 se

488 823 739 875 lat-orare
789 820 1179 874 animadvertit
1232 817 1314 871 vel
1349 825 1632 881 penetrare
1672 809 1967 870 valentem,
1996 811 2057 858 ut

487 894 718 964 rimatur
762 912 963 965 cedens
1003 907 1406 978 quodammodo
1452 904 1685 974 quietem
1721 897 2055 969 experiatur,

492 1016 619 1054 tunc
657 1003 855 1055 merito
918 1001 1174 1067 loquendi
1204 980 1415 1067 tempus
1443 1037 1457 1061 ,
1499 996 1737 1051 breviter
1794 1003 1972 1046 tamen
2004 998 2062 1045 et

490 1097 693 1147 lhvinm
732 1095 1117 1149 illntninatinni
1151 1093 1393 1162 propria.

558 1188 644 1242 58.
692 1187 921 1253 Quando
953 1201 1107 1240 mens
1138 1200 1234 1253 per
1262 1184 1469 1237 medias
1494 1195 1662 1250 aquas
1720 1178 2058 1248 spiritttalem

488 1278 851 1344 Pharaonem,
881 1278 1039 1349 fugit,
1073 1279 1332 1348 fugatque
1361 1272 1637 1345 propriam
1672 1280 1885 1326 noctem
1920 1269 2058 1341 ignis

490 1373 886 1426 itlnminatione
903 1381 957 1427 et
983 1388 1138 1427 suam
1164 1372 1308 1425 diem
1340 1370 1535 1423 transit
1571 1381 1694 1420 eum
1737 1366 1899 1418 nubis
1930 1378 2058 1432 pro-

488 1465 763 1528 lectione,
798 1474 930 1519 tunc
994 1480 1217 1519 rursum
1265 1463 1535 1520 benedicti
1594 1461 1792 1513 silentii
1848 1469 2060 1526 tempus

489 1555 643 1610 adest
686 1569 739 1611 et
770 1560 957 1625 pacis,
1009 1569 1062 1613 et
1115 1559 1330 1613 initium
1389 1561 1584 1613 animae
1640 1557 2058 1627 puriﬁcationis.

488 1646 717 1711 Quando
751 1657 933 1702 autem
964 1650 1228 1704 terribilis
1256 1650 1558 1719 spiritualis
1587 1650 1825 1730 Amalec,
1860 1660 1913 1702 et
1941 1664 2061 1717 quae

490 1739 636 1791 illum
671 1751 997 1809 sequuntur,
1032 1752 1219 1812 gentes
1242 1743 1897 1813 resistunt,prohibentes
1927 1758 2063 1811 quu-

494 1830 674 1895 minus
712 1847 865 1887 mens
900 1834 1280 1909 promissionis
1317 1847 1515 1890 terram
1554 1836 1870 1906 possideat,
1935 1842 2064 1889 tunc

493 1931 703 1990 tempus
758 1933 840 1978 est
871 1926 919 1978 ei
953 1925 1235 1995 loquendi,
1270 1927 1363 1981 sed
1397 1928 1463 1980 ad
1506 1927 1671 1981 Deum
1709 1929 1758 1980 itt
1793 1924 2060 1995 spiritttali

489 2015 703 2070 actione
732 2027 786 2071 et
824 2020 1165 2074 convenienti
1203 2020 1667 2087 contemplatione
1688 2036 1745 2074 se
1768 2019 2062 2089 dirigendi,

487 2117 546 2159 ιιι
587 2106 799 2179 Moyses
836 2110 964 2164 olim
1007 2113 1076 2165 ab
1131 2116 1346 2167 Aarone
1394 2122 1448 2165 et
1483 2110 1755 2169 Ormanus
1806 2115 2063 2169 extende-

486 2198 597 2253 bat.
1540 2214 1547 2220 ‘

558 2292 645 2347 59.
689 2292 918 2358 Quando
949 2311 1013 2350 ex
1042 2298 1215 2366 divini
1260 2298 1425 2355 fontis
1447 2300 1645 2370 abysso
1687 2310 1742 2355 et
1780 2315 1845 2353 cx
1901 2300 2066 2369 spiri-

489 2386 618 2439 tuali
669 2387 852 2442 cordis
902 2402 1122 2457 aspectu
1174 2394 1404 2447 scaturit
1458 2395 1764 2465 spiritualis
1803 2397 2063 2465 potentia,

489 2484 623 2528 tunc
698 2479 890 2535 silendi
940 2489 1155 2552 tempus
1211 2496 1314 2541 est.
1345 2487 1497 2542 'l‘ttnc
1536 2489 1683 2543 enim
1722 2489 2067 2545 inetl'abiliter

413 2580 425 2591 ’
492 2567 775 2636 perﬁcitur
806 2571 975 2625 menti
1004 2573 1179 2627 cultus
1216 2585 1269 2628 et
1301 2576 1549 2632 adoratio
1599 2576 1691 2631 Dei
1748 2577 1801 2632 in
1836 2577 2067 2633 veritate

490 2666 542 2711 et
574 2660 626 2711 in
661 2661 854 2729 spiritu
894 2662 950 2719 et
976 2664 1053 2729 id,
1085 2681 1213 2721 vero
1233 2667 1615 2739 spiritualiqtte
1641 2685 1831 2726 sensu.

561 2838 651 2894 60.
695 2841 926 2907 Quando
955 2859 1018 2898 ex
1046 2845 1314 2914 spiritttali
1341 2847 1408 2902 ad
1440 2848 1608 2903 Deum
1635 2857 1853 2918 aspectu
1889 2849 2068 2905 omnis

490 2934 686 2988 animae
741 2935 883 2990 ratio
938 2936 1124 3010 divino
1169 2950 1395 3009 stupore
1444 2942 1807 3011 atlimpletur.
1842 2943 2066 3012 spiritus

491 3033 671 3080 autem
702 3028 934 3093 visione,
962 3038 1016 3082 et
1043 3030 1239 3086 anima:
1267 3032 1651 3098 exsitltatione,
1694 3035 2066 3090 indubitanter

488 3119 645 3173 adest
685 3118 877 3174 silendi
924 3130 1160 3189 tempus.
1195 3122 1253 3177 In
1289 3123 1486 3193 spiritu
1536 3124 1682 3179 enim
1734 3127 2066 3182 sensibiliter

490 3212 775 3266 veritatem
808 3213 1067 3283 explicito
1101 3230 1256 3269 mens
1296 3218 1721 3286 contemplatur,
1754 3228 1810 3274 et
1841 3236 2065 3276 venera-

495 3307 583 3353 tur
603 3298 656 3353 in
690 3309 916 3370 stupore
941 3302 1182 3359 adorans
1210 3306 1381 3360 Deum
1430 3308 1522 3377 qui
1554 3309 1607 3364 in
1642 3310 1760 3380 ipsa
1794 3312 2064 3381 splendet.

560 3486 650 3543 6|.
689 3486 792 3555 Qui
819 3488 872 3543 in
906 3489 1099 3559 spiritu
1133 3499 1186 3545 et
1209 3492 1442 3549 veritate
1476 3492 1643 3548 Deum
1675 3498 2067 3553 convenienter

493 3581 725 3636 adorant
753 3590 806 3637 et
856 3583 959 3652 ipsi
989 3584 1259 3650 sertiunt,
1312 3595 1372 3641 ut
1406 3587 1584 3657 decet,
1620 3604 1728 3643 non
1763 3590 1926 3643 modo
1956 3605 2065 3644 non

487 3675 541 3727 iu
567 3675 688 3728 loco
710 3690 834 3729 eum
868 3676 1097 3731 adorant
1120 3679 1279 3747 eique
1299 3682 1566 3744 serviunt,
1594 3683 1686 3735 sed
1709 3681 2067 3739 nihilominus

488 3769 759 3832 ardenter,
789 3782 964 3836 neque
985 3771 1038 3824 in
1062 3770 1351 3827 ratiocinio
1376 3779 1447 3833 et.
1475 3773 1766 3830 locutione.
1794 3774 2067 3840 Quemad-

493 3860 714 3915 modum
764 3861 909 3915 enim
963 3863 1171 3918 directe
1196 3865 1448 3919 “emissus
1504 3866 1807 3930 spiritnalis
1846 3883 2064 3936 sensus,

471 3953 550 4019 in
588 3953 1062 4023 circumscriptum
1108 3963 1164 4010 et
1224 3957 1384 4027 cujus
1424 3959 1604 4013 nullus
1666 3969 1751 4013 est
1805 3962 2067 4029 requietis

493 4043 668 4112 locus,
704 4060 813 4100 non
848 4045 960 4099 vult
992 4046 1043 4100 in
1080 4047 1199 4103 loco
1228 4048 1493 4118 adorare;
1536 4050 1608 4104 ita
1634 4065 1764 4104 sane
1793 4049 1869 4114 id,
1917 4051 2067 4119 quod

490 4137 666 4208 decet,
699 4139 1017 4207 observans,
1054 4156 1209 4197 mens
1261 4143 1478 4196 veritati
1528 4143 1843 4213 conjuncta,
1883 4143 2067 4200 inlini-

485 4242 598 4288 tum
669 4242 724 4289 et
790 4235 1236 4303 intertuinatum,
1274 4244 1538 4292 mtcrnum
1596 4249 1649 4292 et
1710 4237 1828 4292 sine
1892 4236 2065 4293 forma

486 4337 540 4382 et
571 4326 810 4397 perfecte
840 4330 1143 4399 simplicem
1165 4326 1243 4392 et.
1282 4339 1337 4384 ut
1365 4344 1474 4385 uno
1499 4332 1668 4385 verbo
1698 4331 1898 4394 dicam,
1929 4331 2063 4387 Eum

485 4421 685 4488 quiest
722 4434 883 4490 supra
917 4430 1174 4485 mentem,
1198 4419 1501 4475 verborum
1538 4423 1799 4476 varietate
1828 4431 1880 4476 et
1914 4423 2068 4475 lucu-

2095 1800 2190 1855 Β-

2157 476 2269 524 ται,
2328 463 2424 516 καὶ
2454 465 2590 535 πρός
2616 484 2678 532 γε
2738 469 2798 522 τὸ
2849 470 3096 540 ἄπειρον,
3133 474 3225 524 καὶ
3253 474 3507 545 ἀόριστον
3539 480 3733 532 ἑαυτὸν

2164 554 2263 603 νοεῖ
2290 553 2755 626 ἐπεκτεινόμενον,
2808 562 2901 613 καὶ
2937 560 3336 632 ἀλλοιούμενον,
3379 566 3505 620 τότε
3539 571 3730 639 καιρὸς

2154 640 2246 693 τοῦ
2280 643 2459 712 σιγᾷν.

2231 728 2323 794 νς.
2357 734 2525 786 Ὅταν
2553 734 2607 787 δὲ
2637 730 2747 789 οἷον
2799 740 3293 817 ταῖς-φανωτάταις
3345 746 3453 798 τῶν
3489 748 3729 817 ἐποψιῶν

2155 822 2512 891 ἀποκαμόντα
2558 826 2901 897 αἰσθάνηται,
2928 813 3043 884 ’καὶ
3090 831 3409 899 διεξοδεύειν
3452 838 3728 905 ἐθέλοντα,

2156 910 2244 965 ἵνα
2285 914 2380 966 τοῦ
2409 915 2562 969 τόνου
2616 919 2898 988 καθυφεὶς,
2942 926 3129 995 τρόπῳ
3180 927 3243 993 γέ
3270 943 3348 997 τῳ
3374 927 3510 999 τύχῃ
3558 931 3734 983 διαναο

2159 1003 2437 1068 παύσεως,
2463 1005 2586 1058 τότε
2616 1010 2936 1077 πεφυκότως
2968 1014 3155 1081 καιρὸς
3188 1015 3281 1068 τοῦ
3308 1016 3511 1083 λαλεῖν,
3544 1020 3730 1089 μέντοι

2159 1092 2526 1174 βραχύλεκτα,
2565 1098 2659 1149 καὶ
2695 1101 2873 1152 οίκεῖα
2904 1099 3053 1164 θείας
3085 1102 3421 1174 ἐλλάμψεως.

2235 1184 2338 1255 νη’.
2388 1169 2656 1257 ’ὁπηνίκα
2706 1190 2734 1241 ὁ
2778 1191 2903 1254 νοῦς
2946 1193 3034 1245 διὰ
3064 1195 3246 1262 μέσων
3271 1169 3483 1252 ῦδάτων
3514 1201 3736 1269 διαφεύ-

2162 1290 2276 1341 γων
2324 1277 2413 1330 τὸν
2468 1280 2658 1347 νοητὸν
2708 1280 2929 1350 Φαραὼ,
2955 1283 3114 1337 δίεισι
3154 1287 3253 1355 τὴν
3284 1289 3419 1342 ίδίαν
3475 1292 3651 1345 νύκτα
3680 1296 3736 1347 ἐν

2159 1370 2428 1439 φωτισμῷ
2457 1377 2649 1441 πυρὸς.
2694 1377 2786 1428 καὶ
2837 1378 2896 1428 ἐν
2947 1379 3122 1449 σκέπῃ
3158 1382 3389 1453 νεφέλης
3411 1384 3511 1455 τὴν
3540 1389 3735 1441 ἑαυτοῦ

2161 1461 2393 1532 ἡμέραν,
2446 1468 2700 1534 τηνικάδε
2752 1468 2810 1535 ἐξ
2860 1471 2948 1540 ἄρ’
3002 1472 3228 1540 εὐλόγου
3282 1478 3493 1546 σιωπῆς
3544 1483 3736 1549 καιῴς

2162 1553 2392 1622 πάρεστι
2422 1558 2515 1609 καὶ
2563 1559 2823 1629 ἡσυχίαςο
2885 1562 2978 1614 καὶ
3024 1563 3166 1633 ἀρχὴ
3209 1564 3286 1635 τῷ
3321 1566 3434 1620 ὄντι
3472 1573 3537 1639 τῇ
3590 1572 3736 1641 ψυχῇ

2162 1644 2506 1716 καθάρσεως.
2540 1649 2708 1703 Ὅταν
2745 1650 2800 1704 δὲ
2824 1653 2999 1723 τούτῳ
3023 1656 3051 1708 ό
3079 1655 3250 1719 δεινὸς
3280 1658 3468 1728 νοητὸς
3486 1662 3738 1731 Ἀμαλὴκ

2164 1734 2483 1799 ἀντιϐαίνει,
2530 1738 2623 1790 καὶ
2678 1739 2746 1792 τὰ
2774 1741 3019 1811 ἑπόμενα
3072 1744 3222 1814 αύτῷ
3275 1747 3425 1818 ἔθνη,
3458 1750 3738 1804 κωλύοντα

2174 1825 2264 1895 τὴν
2313 1827 2449 1896 πρὸς
2493 1829 2598 1898 γῆν
2628 1831 2726 1898 τῆς
2775 1833 3105 1900 ἐπαγγελίας
3137 1834 3329 1902 δίοδον,
3384 1838 3505 1892 τότε
3544 1841 3739 1917 καιρὸς

2166 1914 2460 1982 προσήκων
2509 1916 2605 1969 τοῦ
2654 1917 2857 1986 λαλεῖν,
2906 1922 3044 1975 ἀλλά
3086 1925 3221 1994 πρὸς
3259 1926 3390 1981 Θεὸν
3435 1930 3491 1979 ἐν
3539 1914 3738 1999 πράξει

2165 2007 2329 2075 νοερᾷ
2395 2008 2490 2060 καὶ
2556 2012 2768 2082 ἐοικυία
2818 2012 3019 2085 θεωρία
3073 2016 3587 2090 ὑποϐασταζομένῳ,
3651 2020 3739 2077 οἷα

2166 2098 2374 2169 Μωσῆς
2402 2102 2481 2172 τῷ
2509 2102 2675 2157 πάλαι
2712 2106 2818 2158 ὑπὸ
2858 2109 3066 2180 Ἀαρὼν
3092 2108 3170 2162 τὼ
3192 2114 3361 2180 χεῖρε,
3393 2116 3488 2165 καὶ
3519 2117 3644 2185 Ὠρ.

2230 2304 2329 2400 νθς..
2377 2307 2547 2400 Ὲπάν
2576 2312 2636 2377 ἐξ
2668 2314 2907 2370 ἀϐύσσου
2950 2320 3189 2389 πηγαίας
3215 2322 3384 2390 θείας,
3417 2327 3512 2379 καὶ
3537 2330 3734 2400 νοητῆς

2160 2395 2512 2492 ἀποόλέψεως
2547 2405 2833 2474 καρδιόθεν
2868 2409 3108 2479 πηγάζει
3133 2411 3363 2483 δύναμις
3387 2395 3729 2492 πνευματικὴ

2161 2486 2449 2556 βλύζουσα,
2519 2494 2753 2564 πάρεστι
2805 2503 3128 2567 πεφυκότως
3172 2505 3362 2573 καιρὸς
3400 2508 3494 2560 τοῦ
3547 2514 3728 2582 σιγᾷν.

2161 2580 2492 2652 Τοτηνικάδε
2525 2586 2633 2658 γὰρ
2662 2588 2923 2661 ἀρρήτως
2963 2593 3196 2648 τελεῖται
3228 2597 3473 2668 λατρεία,
3508 2603 3602 2654 καὶ
3630 2580 3729 2671 μέν

2160 2687 2224 2739 γε
2255 2676 2624 2746 προσκύνησις
2673 2680 2750 2751 τῷ
2800 2681 2892 2751 νῷ,
2950 2684 3086 2737 Θεοῦ
3143 2688 3200 2739 ἐν
3253 2688 3481 2760 ἀληθείᾳ
3529 2696 3622 2746 καὶ
3673 2697 3729 2749 ἐν

2160 2764 2455 2835 πνεύματι,
2487 2770 2765 2826 καὶτοῦτο
2802 2773 3028 2846 ἀληθινῇ
3061 2778 3312 2848 αἰσθήσει
3341 2783 3526 2853 νοερᾷ.

2231 2854 2296 2921 ξ’.
2346 2858 2594 2913 Ἐπειδὰν
2645 2862 2706 2927 ἐξ
2757 2864 3113 2936 ἀποὸλέψεως
3146 2869 3282 2939 πρὸς
3323 2870 3457 2923 Θεὸν
3512 2878 3729 2945 νοερίςν

2159 2947 2344 3014 ἐξόλου
2381 2951 2443 3004 τὸ
2475 2953 2576 3020 μὲν
2624 2953 2933 3023 λογιστικὸν
2974 2959 3076 3026 τῆς
3112 2961 3292 3030 ψυχῆς
3342 2965 3731 3036 ἐμπέπλησται

2159 3038 2311 3105 θείας
2348 3044 2683 3115 ἐκπλήξεως.
2713 3047 2773 3100 τὸ
2799 3048 2855 3100 δὲ
2879 3051 3062 3120 νοερὸν
3087 3053 3352 3123 ὁράσεως,
3377 3056 3472 3107 καὶ
3497 3058 3596 3125 μέν
3624 3075 3729 3111 που

2092 3171 2133 3223 C
2158 3133 2531 3200 ἀγαλλιάσεως
2553 3139 2585 3206 ἠ
2615 3139 2782 3209 ψυχὴ,
2811 3141 3239 3214 ἀναμφηρίστως
3271 3146 3392 3203 τότε
3418 3149 3611 3217 καιρὸς
3634 3151 3729 3202 τοῦ

2160 3227 2336 3296 σιγᾷν.
2382 3226 2470 3280 Ἐν
2493 3230 2772 3300 Πνεύματι
2799 3233 2905 3304 γὰρ
2944 3234 3283 3305 εὐαισθήτως
3325 3238 3427 3309 τὴν
3472 3239 3731 3309 ἀλήθειαν

2162 3318 2622 3387 συνεπτυγμένως
2648 3323 2677 3374 ὁ
2701 3321 2825 3385 νοῦς
2851 3324 3049 3393 ἀφορᾷ,
3080 3328 3173 3378 καὶ
3206 3326 3459 3396 γεραίρει
3486 3344 3731 3397 προσκυο

2161 3405 2270 3460 νῶν
2306 3408 2367 3461 ἐν
2401 3408 2661 3477 ἐκπλήξει
2708 3411 2799 3465 τὸν
2832 3412 3243 3483 ἐλλαμπόμενον
3293 3417 3349 3468 ἐν
3383 3416 3533 3491 αὐτῷ
3572 3418 3728 3471 Θεὸν.

2231 3497 2333 3565 ξα’.
2385 3502 2448 3553 Οί
2495 3499 2769 3571 πνεύματι
2824 3506 2915 3557 καὶ
2972 3505 3201 3577 ἀληθείᾳ
3237 3508 3596 3578 καταλλήλως
3639 3512 3730 3562 τὸν

2159 3590 2292 3645 Θεὸν
2343 3595 2793 3662 προσκυνοῦντες,
2847 3597 2941 3651 καὶ
2972 3598 3120 3668 αὐτῷ
3163 3600 3514 3669 λατρεύοντες
3546 3602 3623 3666 ὡς
3655 3607 3731 3655 εξ-

2161 3682 2277 3747 κὸς,
2299 3682 2361 3734 οὐ
2400 3683 2556 3751 μόνον
2586 3685 2685 3736 οὐκ
2712 3687 2770 3737 ἐν
2795 3686 2945 3755 τόπῳ
2973 3687 3338 3758 προσκυνοῦσι
3374 3690 3470 3742 καὶ
3496 3690 3729 3760 λατρεύ-

2160 3786 2301 3833 ουσι,
2333 3772 2448 3825 ἀλλ’
2479 3769 2824 3847 οὐδὲν.ἦττον
2864 3776 2924 3841 ἐξ
2965 3778 3283 3848 ἐφαμίλλου,
3343 3781 3454 3833 οὐδ’
3497 3784 3556 3834 ἐν
3588 3783 3732 3853 λόγῳ

2147 3859 2239 3954 ,τῷ
2268 3863 2407 3916 κατά
2440 3853 2742 3935 προφορὰν.
2767 3867 2977 3939 Ὥσπερ
3010 3871 3120 3940 γὰρ
3147 3873 3178 3940 ή
3231 3870 3290 3935 ἐξ
3314 3871 3403 3941 ἄρ’
3435 3874 3734 3941 εὐθύτητος

2161 3954 2446 4024 ἀνηγμένη
2478 3972 2562 4007 νοε
2574 3956 2641 4026 ρὰ
2665 3958 2941 4027 αἷσθησις.
2973 3959 3063 4012 τὸν
3085 3961 3518 4032 ἀπερίγραπτον,
3546 3968 3642 4017 καὶ
3671 3962 3729 4021 οὗ

2161 4042 2337 4105 οὐδεὶς
2372 4042 2535 4107 τόπος
2562 4043 2664 4113 τῆς
2697 4045 3098 4110 καταπαύσεως
3119 4086 3132 4109 ,
3184 4047 3382 4102 οὔκουν
3435 4051 3613 4105 ἐθέλει
3654 4057 3729 4121 Ἲέν

2160 4136 2310 4204 τόπῳ
2335 4138 2692 4205 προσκυνεῐν’
2723 4136 2867 4190 οὕτω
2913 4138 3184 4207 δήπουθεν
3231 4141 3291 4194 τὸ
3329 4139 3450 4193 δέον
3489 4143 3732 4212 τηροῦσα

2161 4227 2260 4294 τῆς
2312 4225 2571 4294 ἀληθείας
2620 4228 2864 4298 ἡμμένη,
2894 4229 2985 4281 τὸν
3019 4229 3273 4301 ἄπειρον,
3308 4230 3402 4282 καὶ
3456 4232 3731 4301 ἀόριστον,

2157 4321 2391 4392 ἄναρχόν
2432 4339 2492 4375 τε
2548 4322 2641 4375 καὶ
2693 4323 2947 4389 ἀνείδεον,
2986 4324 3081 4378 καὶ
3120 4326 3320 4391 τελέως
3372 4328 3605 4395 ἁπλοῦν,
3633 4332 3726 4384 καὶ

2156 4412 2350 4475 όλικῶς
2378 4414 2554 4465 εἰπεῖν
2574 4413 2714 4483 ὑπὲρ
2744 4416 2886 4479 νοῦν,
2917 4414 3088 4482 λόγων
3118 4418 3380 4489 ποικιλίᾳ,
3401 4421 3494 4473 κα)⁸
3519 4422 3732 4494 όρὶσμῷ

485 4515 651 4571 t’onis
711 4515 1088 4571 enun'iatione
1156 4515 1406 4581 adorare,
1461 4515 1625 4585 eique
1673 4524 2063 4584 consequenter

2159 4502 2436 4570 προφορᾶς
2499 4507 2863 4574 προσκυνεῖν,
2921 4507 3013 4560 καὶ
3071 4507 3355 4577 ἑπομένως
3406 4511 3730 4580 λατρεύειν,

484 4614 691 4668 servire
722 4611 944 4665 minitne
974 4609 1244 4676 sustinet;
1277 4623 1400 4663 cum
1426 4615 1641 4677 tempus
1661 4609 1872 4662 venerit
1894 4607 2061 4661 menti

483 4722 549 4761 ev
583 4705 943 4772 inspiratione
967 4703 1225 4771 Spiritus,
1258 4702 1457 4756 divinae
1480 4701 1726 4756 veritatis
1756 4700 2065 4771 cognitione

486 4796 810 4866 simpliciter
870 4795 1174 4862 illustrari;
1228 4809 1339 4864 quo
1390 4804 1650 4862 tempore,
1698 4793 1767 4846 ab
1810 4792 2065 4847 omnibus

484 4894 737 4949 absoluta
779 4904 933 4944 mens
978 4899 1034 4942 et
1073 4887 1307 4956 seipsam
1362 4888 1680 4952 extrahens,
1732 4900 1845 4960 non
1906 4887 2066 4940 modo

486 4986 857 5060 phantasiam,
896 4985 989 5039 sed
1022 4993 1077 5039 et
1105 4983 1490 5053 cogitationem
1522 4982 1914 5051 exuit,quippe
1945 4996 2065 5048 qua:

485 5084 552 5137 iis
576 5096 693 5151 quae
725 5094 888 5149 supra
931 5079 1193 5131 rationem
1229 5090 1294 5130 ac
1327 5083 1565 5128 mentem
1606 5083 1757 5139 sunt,
1791 5074 2064 5143 sttiritttali

485 5176 692 5232 lumine
755 5188 876 5226 eum
925 5171 1110 5225 lu-titia
1175 5180 1499 5239 etestupore
1530 5168 1841 5232 adhmserit,
1890 5182 2065 5236 eaque

484 5265 848 5337 rontemplata
886 5264 975 5324 sit.
1012 5261 1329 5326 immobilis,
1364 5262 1718 5316 immutabilis
1753 5261 1890 5316 facta
1921 5277 2061 5331 quo-

484 5362 775 5417 dammodo
822 5350 1090 5429 spirituali
1144 5354 1238 5409 illo
1285 5362 1486 5409 conatu
1527 5363 1582 5410 ct
1626 5370 1789 5425 supra
1826 5355 2061 5425 seipsztm

486 5455 708 5513 unione.

554 5729 644 5784 62.
687 5726 911 5797 Oportet
948 5732 1182 5780 mentem
1225 5722 1327 5778 sibi
1365 5720 1465 5792 ipsi
1508 5721 1874 5775 adltterentem
1906 5735 2063 5772 avru-

490 5831 605 5882 rate
656 5819 993 5887 spiritttalcm
1030 5832 1186 5873 suam
1234 5814 1630 5876 restitutionem
1676 5812 1972 5884 prudenter
2004 5828 2063 5867 ac

2154 4594 2353 4663 ἣκιστα
2409 4596 2625 4651 πάντων
2690 4598 3012 4663 πεφυκότως
3055 4600 3336 4670 ἀνέχεται·
3365 4604 3496 4657 ὃταν
3526 4605 3729 4676 δηλαδὴ

2159 4687 2351 4756 καιρὸς
2379 4686 2579 4760 ἐπέλθῃ
2610 4689 2687 4757 τῷ
2718 4689 2794 4758 νῷ
2826 4691 2889 4742 ἐκ
2929 4691 3029 4760 τῆς
3063 4692 3238 4762 ῥοπῆς
3291 4695 3386 4746 καὶ
3442 4696 3733 4760 ἐπιπνοίας

2155 4778 2250 4830 τοῦ
2283 4779 2622 4848 Πνεύματος,
2655 4782 2755 4849 τὴν
2803 4782 3098 4847 ἐπίγνωσιν
3143 4786 3244 4854 τῆς
3273 4784 3422 4848 θείας
3469 4787 3729 4855 ἀληθείας

2157 4871 2400 4934 ένοειδῶς
2456 4873 2887 4941 ἐναυγάζεσθαι’
2951 4876 3087 4929 καθὸ
3147 4876 3366 4948 καιροῦ.
3412 4881 3729 4933 παντάπασι

2158 4953 2386 5015 καθόλου
2413 4963 2630 5018 πάντων
2662 4966 2928 5030 ἀπόλυτος
2950 4967 2978 5019 ὁ
3007 4968 3134 5032 νοῦς
3162 4971 3441 5032 καταστὰς
3460 5010 3475 5033 ,
3500 4972 3597 5024 καὶ
3633 4972 3728 5040 μὲν

2157 5053 2220 5125 δὴ
2272 5056 2365 5108 καὶ
2413 5056 2603 5108 ἑαυτὸν
2637 5056 2803 5120 ἐκϐὰς
2837 5059 3125 5129 ἀμηγέπη,
3160 5060 3220 5112 οὐ
3252 5061 3410 5130 μόνον
3468 5064 3725 5129 ἀφασίαν,

2158 5142 2293 5196 ἀλλὰ
2338 5144 2434 5197 καὶ¹
2484 5146 2745 5214 ἀνοησίαν
2798 5148 3035 5215 εὐλόγως
3066 5148 3199 5218 δῆτα
3236 5152 3426 5215 ἀσκεῖ,
3453 5150 3530 5213 ὡς
3556 5155 3636 5214 είς
3664 5151 3729 5204 τὰ

2160 5234 2393 5305 κρείττω
2422 5238 2515 5289 καὶ
2551 5238 2730 5305 λόγου,
2770 5241 2864 5293 καὶ
2895 5238 2987 5293 νοῦ
3014 5240 3091 5310 τῷ
3115 5241 3285 5312 νοερῷ
3317 5246 3457 5310 φωτὶ
3497 5245 3614 5311 μετ’
3636 5246 3727 5296 εὕ-

2160 5328 2430 5397 φροσύνης
2466 5330 2562 5381 καὶ
2588 5330 2902 5400 ἐκπλήξεως
2924 5333 3318 5403 ἀσχολούμενος
3349 5335 3445 5388 καὶ
3485 5335 3723 5403 θεωρῶν,

2136 5420 2435 5491 ἀκίνητος,
2475 5424 2567 5475 καὶ
2598 5424 2941 5493 ἀμετάὅατος
2988 5426 3228 5495 ἀτεχνῶς
3277 5428 3342 5494 τῇ
3405 5426 3722 5495 ἀνομμάτῳ.

2161 5517 2385 5589 ἐπισολῇ
2434 5519 2621 5589 τρόπῳ
2680 5519 2743 5589 γέ
2771 5537 2849 5590 τῳ
2892 5520 3134 5589 γεγονὼς
3199 5520 3390 5574 ἐνώςει
3445 5525 3512 5592 τῇ
3591 5521 3727 5590 ὑπὲρ

2160 5609 2369 5664 ἑαυτόν.

2238 5702 2332 5772 ξβν.
2360 5703 2480 5776 Χρὴ
2507 5704 2598 5757 τὸν
2631 5704 2755 5758 νοῦν
2787 5705 2966 5776 ἐαυτῷ
3025 5707 3363 5776 προσέχοντα
3418 5722 3724 5774 παρατετηο

2168 5798 2421 5870 ρημένως
2475 5798 2730 5855 δηθύνειν
2795 5800 2892 5872 τὴν
2951 5799 3087 5863 ἰδίαν
3139 5799 3332 5867 νοεράν
3396 5800 3722 5855 κατάστασιν
